  <div class='ocr_page' id='page_1' title='image "/cluster/home/n/w/nwhite01/storage/ocr_20150623/106/hvd.32044073502346/509.png"; bbox 0 0 4038 6194; ppageno 0'>
   <div class='ocr_carea' id='block_1_1' title="bbox 485 293 625 359">
    <p class='ocr_par' dir='ltr' id='par_1_1' title="bbox 485 293 625 359">
     <span class='ocr_line' id='line_1_1' title="bbox 485 293 625 359; baseline -0.007 0"><span class='ocrx_word' id='word_1_1' title='bbox 485 293 625 359; x_wconf 76' lang='grc' dir='ltr'><strong>ῒθοῖ</strong></span> 
     </span>
    </p>
   </div>
   <div class='ocr_carea' id='block_1_2' title="bbox 1746 289 2497 354">
    <p class='ocr_par' dir='ltr' id='par_1_2' title="bbox 1746 289 2497 354">
     <span class='ocr_line' id='line_1_2' title="bbox 1746 289 2497 354; baseline 0.001 -4"><span class='ocrx_word' id='word_1_2' title='bbox 1746 290 2009 351; x_wconf 63' lang='grc' dir='ltr'><strong>(ῙΟΞΜΕ</strong></span> <span class='ocrx_word' id='word_1_3' title='bbox 2047 289 2497 354; x_wconf 77' lang='lat' dir='ltr'><strong>VESI&#39;ITORIS</strong></span> 
     </span>
    </p>
   </div>
   <div class='ocr_carea' id='block_1_3' title="bbox 3616 294 3760 360">
    <p class='ocr_par' dir='ltr' id='par_1_3' title="bbox 3616 294 3760 360">
     <span class='ocr_line' id='line_1_3' title="bbox 3616 294 3760 360; baseline 0.007 -1"><span class='ocrx_word' id='word_1_4' title='bbox 3616 294 3760 360; x_wconf 71' lang='lat'><strong>1008</strong></span> 
     </span>
    </p>
   </div>
   <div class='ocr_carea' id='block_1_4' title="bbox 486 399 2055 477">
    <p class='ocr_par' dir='ltr' id='par_1_4' title="bbox 486 399 2055 471">
     <span class='ocr_line' id='line_1_4' title="bbox 486 399 2055 471; baseline -0.004 -10"><span class='ocrx_word' id='word_1_5' title='bbox 486 408 579 461; x_wconf 84' lang='lat' dir='ltr'><strong>Det</strong></span> <span class='ocrx_word' id='word_1_6' title='bbox 608 405 869 471; x_wconf 89' lang='lat' dir='ltr'><strong>assidua;</strong></span> <span class='ocrx_word' id='word_1_7' title='bbox 904 402 1121 468; x_wconf 84' lang='lat' dir='ltr'><strong>mulier,</strong></span> <span class='ocrx_word' id='word_1_8' title='bbox 1176 415 1297 471; x_wconf 66' lang='lat' dir='ltr'><strong>qum</strong></span> <span class='ocrx_word' id='word_1_9' title='bbox 1353 414 1447 469; x_wconf 88' lang='lat' dir='ltr'><strong>per</strong></span> <span class='ocrx_word' id='word_1_10' title='bbox 1495 399 1843 454; x_wconf 77' lang='lat' dir='ltr'><strong>concordiam</strong></span> <span class='ocrx_word' id='word_1_11' title='bbox 1888 401 2055 455; x_wconf 86' lang='lat' dir='ltr'><strong>animi</strong></span> 
     </span>
    </p>
   </div>
   <div class='ocr_carea' id='block_1_5' title="bbox 2159 399 3757 477">
    <p class='ocr_par' dir='ltr' id='par_1_5' title="bbox 2162 400 3757 477">
     <span class='ocr_line' id='line_1_5' title="bbox 2162 400 3757 477; baseline -0.001 -23"><span class='ocrx_word' id='word_1_12' title='bbox 2162 400 2255 455; x_wconf 80' lang='grc' dir='ltr'><strong>τοῦ</strong></span> <span class='ocrx_word' id='word_1_13' title='bbox 2288 401 2447 455; x_wconf 44' lang='grc' dir='ltr'><strong>Θεοῦν</strong></span> <span class='ocrx_word' id='word_1_14' title='bbox 2473 403 2983 474; x_wconf 78' lang='grc' dir='ltr'>προσκαρτεροῦσαο</span> <span class='ocrx_word' id='word_1_15' title='bbox 3034 402 3175 473; x_wconf 79' lang='grc' dir='ltr'>γυνὴ</span> <span class='ocrx_word' id='word_1_16' title='bbox 3214 404 3273 457; x_wconf 79' lang='grc' dir='ltr'>ἐν</span> <span class='ocrx_word' id='word_1_17' title='bbox 3310 403 3541 477; x_wconf 65' lang='grc' dir='ltr'>ὁμονοία</span> <span class='ocrx_word' id='word_1_18' title='bbox 3568 406 3757 477; x_wconf 73' lang='grc' dir='ltr'>ψυχῆς</span> 
     </span>
    </p>
   </div>
   <div class='ocr_carea' id='block_1_6' title="bbox 483 491 2059 568">
    <p class='ocr_par' dir='ltr' id='par_1_6' title="bbox 483 491 2059 568">
     <span class='ocr_line' id='line_1_6' title="bbox 483 491 2059 568; baseline -0.003 -16"><span class='ocrx_word' id='word_1_19' title='bbox 483 498 849 568; x_wconf 72' lang='lat' dir='ltr'><strong>corporisque</strong></span> <span class='ocrx_word' id='word_1_20' title='bbox 903 493 1319 563; x_wconf 88' lang='lat' dir='ltr'><strong>temperantiam</strong></span> <span class='ocrx_word' id='word_1_21' title='bbox 1366 491 1481 560; x_wconf 88' lang='lat' dir='ltr'><strong>pari</strong></span> <span class='ocrx_word' id='word_1_22' title='bbox 1519 506 1737 561; x_wconf 85' lang='lat' dir='ltr'><strong>semper</strong></span> <span class='ocrx_word' id='word_1_23' title='bbox 1765 508 1889 547; x_wconf 85' lang='lat' dir='ltr'><strong>cum</strong></span> <span class='ocrx_word' id='word_1_24' title='bbox 1941 492 2059 547; x_wconf 85' lang='lat' dir='ltr'><strong>viro</strong></span> 
     </span>
    </p>
   </div>
   <div class='ocr_carea' id='block_1_7' title="bbox 484 580 2055 655">
    <p class='ocr_par' dir='ltr' id='par_1_7' title="bbox 484 580 2055 655">
     <span class='ocr_line' id='line_1_7' title="bbox 484 580 2055 655; baseline -0.003 -16"><span class='ocrx_word' id='word_1_25' title='bbox 484 602 586 639; x_wconf 92' lang='lat' dir='ltr'><strong>suo</strong></span> <span class='ocrx_word' id='word_1_26' title='bbox 643 585 907 655; x_wconf 76' lang='lat' dir='ltr'><strong>Sapientia</strong></span> <span class='ocrx_word' id='word_1_27' title='bbox 939 582 1199 637; x_wconf 84' lang='lat' dir='ltr'><strong>enitebat.</strong></span> <span class='ocrx_word' id='word_1_28' title='bbox 1239 580 1552 635; x_wconf 88' lang='lat' dir='ltr'><strong>Secundum</strong></span> <span class='ocrx_word' id='word_1_29' title='bbox 1614 580 1759 635; x_wconf 89' lang='lat' dir='ltr'><strong>enim</strong></span> <span class='ocrx_word' id='word_1_30' title='bbox 1805 580 2055 650; x_wconf 83' lang='lat' dir='ltr'><strong>(primam</strong></span> 
     </span>
    </p>
   </div>
   <div class='ocr_carea' id='block_1_8' title="bbox 487 670 2055 744">
    <p class='ocr_par' dir='ltr' id='par_1_8' title="bbox 487 670 2055 744">
     <span class='ocr_line' id='line_1_8' title="bbox 487 670 2055 744; baseline -0.004 -15"><span class='ocrx_word' id='word_1_31' title='bbox 487 677 633 729; x_wconf 87' lang='lat' dir='ltr'><strong>illam</strong></span> <span class='ocrx_word' id='word_1_32' title='bbox 671 674 937 744; x_wconf 91' lang='lat' dir='ltr'><strong>mulieris)</strong></span> <span class='ocrx_word' id='word_1_33' title='bbox 972 672 1354 726; x_wconf 80' lang='lat' dir='ltr'><strong>formationem</strong></span> <span class='ocrx_word' id='word_1_34' title='bbox 1390 686 1454 726; x_wconf 79' lang='lat' dir='ltr'><strong>ex</strong></span> <span class='ocrx_word' id='word_1_35' title='bbox 1499 685 1586 736; x_wconf 80' lang='lat' dir='ltr'><strong>eo,</strong></span> <span class='ocrx_word' id='word_1_36' title='bbox 1621 670 1713 739; x_wconf 85' lang='lat' dir='ltr'><strong>qui</strong></span> <span class='ocrx_word' id='word_1_37' title='bbox 1752 671 1913 725; x_wconf 89' lang='lat' dir='ltr'><strong>datus</strong></span> <span class='ocrx_word' id='word_1_38' title='bbox 1952 670 2055 738; x_wconf 90' lang='lat' dir='ltr'><strong>ipsi</strong></span> 
     </span>
    </p>
   </div>
   <div class='ocr_carea' id='block_1_9' title="bbox 484 763 2043 832">
    <p class='ocr_par' dir='ltr' id='par_1_9' title="bbox 484 763 2043 832">
     <span class='ocr_line' id='line_1_9' title="bbox 484 763 2043 832; baseline -0.002 -12"><span class='ocrx_word' id='word_1_39' title='bbox 484 767 684 832; x_wconf 81' lang='lat' dir='ltr'><strong>conjux</strong></span> <span class='ocrx_word' id='word_1_40' title='bbox 711 781 738 817; x_wconf 89' lang='lat' dir='ltr'><strong>a</strong></span> <span class='ocrx_word' id='word_1_41' title='bbox 772 766 879 818; x_wconf 83' lang='lat' dir='ltr'><strong>Deo</strong></span> <span class='ocrx_word' id='word_1_42' title='bbox 912 764 1032 827; x_wconf 83' lang='lat' dir='ltr'><strong>fuit,</strong></span> <span class='ocrx_word' id='word_1_43' title='bbox 1062 778 1124 817; x_wconf 89' lang='lat' dir='ltr'><strong>os</strong></span> <span class='ocrx_word' id='word_1_44' title='bbox 1158 764 1287 817; x_wconf 87' lang='lat' dir='ltr'><strong>illud</strong></span> <span class='ocrx_word' id='word_1_45' title='bbox 1316 763 1413 816; x_wconf 81' lang='lat' dir='ltr'><strong>viri</strong></span> <span class='ocrx_word' id='word_1_46' title='bbox 1447 763 1515 816; x_wconf 89' lang='lat' dir='ltr'><strong>ab</strong></span> <span class='ocrx_word' id='word_1_47' title='bbox 1539 764 1687 818; x_wconf 89' lang='lat' dir='ltr'><strong>omni</strong></span> <span class='ocrx_word' id='word_1_48' title='bbox 1715 764 2043 817; x_wconf 87' lang='lat' dir='ltr'><strong>detrimento</strong></span> 
     </span>
    </p>
   </div>
   <div class='ocr_carea' id='block_1_10' title="bbox 484 855 2056 927">
    <p class='ocr_par' dir='ltr' id='par_1_10' title="bbox 484 855 2056 927">
     <span class='ocr_line' id='line_1_10' title="bbox 484 855 2056 927; baseline -0.002 -16"><span class='ocrx_word' id='word_1_49' title='bbox 484 858 719 911; x_wconf 77' lang='lat' dir='ltr'><strong>servavit</strong></span> <span class='ocrx_word' id='word_1_50' title='bbox 780 858 1071 927; x_wconf 80' lang='lat' dir='ltr'><strong>integrum.</strong></span> <span class='ocrx_word' id='word_1_51' title='bbox 1132 856 1473 926; x_wconf 76' lang='lat' dir='ltr'><strong>coniugalem</strong></span> <span class='ocrx_word' id='word_1_52' title='bbox 1546 870 1739 925; x_wconf 80' lang='lat' dir='ltr'><strong>nempe</strong></span> <span class='ocrx_word' id='word_1_53' title='bbox 1789 855 1862 909; x_wconf 92' lang='lat' dir='ltr'><strong>illi</strong></span> <span class='ocrx_word' id='word_1_54' title='bbox 1925 856 2056 909; x_wconf 74' lang='lat' dir='ltr'><strong>affe-</strong></span> 
     </span>
    </p>
   </div>
   <div class='ocr_carea' id='block_1_11' title="bbox 481 942 2050 1016">
    <p class='ocr_par' dir='ltr' id='par_1_11' title="bbox 481 942 2050 1016">
     <span class='ocr_line' id='line_1_11' title="bbox 481 942 2050 1016; baseline -0.001 -18"><span class='ocrx_word' id='word_1_55' title='bbox 481 955 629 999; x_wconf 90' lang='lat' dir='ltr'><strong>ctum</strong></span> <span class='ocrx_word' id='word_1_56' title='bbox 655 955 871 1016; x_wconf 87' lang='lat' dir='ltr'><strong>pr0pter</strong></span> <span class='ocrx_word' id='word_1_57' title='bbox 894 959 1138 1000; x_wconf 90' lang='lat' dir='ltr'><strong>amorem</strong></span> <span class='ocrx_word' id='word_1_58' title='bbox 1172 942 1263 998; x_wconf 95' lang='lat' dir='ltr'><strong>Dei</strong></span> <span class='ocrx_word' id='word_1_59' title='bbox 1287 953 1496 998; x_wconf 85' lang='lat' dir='ltr'><strong>sartum</strong></span> <span class='ocrx_word' id='word_1_60' title='bbox 1525 952 1837 1014; x_wconf 88' lang='lat' dir='ltr'><strong>tectumque</strong></span> <span class='ocrx_word' id='word_1_61' title='bbox 1859 952 2050 999; x_wconf 87' lang='lat' dir='ltr'><strong>custo-</strong></span> 
     </span>
    </p>
   </div>
   <div class='ocr_carea' id='block_1_12' title="bbox 481 1040 659 1094">
    <p class='ocr_par' dir='ltr' id='par_1_12' title="bbox 481 1040 659 1094">
     <span class='ocr_line' id='line_1_12' title="bbox 481 1040 659 1094; baseline -0.006 0"><span class='ocrx_word' id='word_1_62' title='bbox 481 1040 659 1094; x_wconf 89' lang='lat' dir='ltr'><strong>diens.</strong></span> 
     </span>
    </p>
   </div>
   <div class='ocr_carea' id='block_1_13' title="bbox 553 1128 2054 1198">
    <p class='ocr_par' dir='ltr' id='par_1_13' title="bbox 553 1128 2054 1198">
     <span class='ocr_line' id='line_1_13' title="bbox 553 1128 2054 1198; baseline 0.001 -14"><span class='ocrx_word' id='word_1_63' title='bbox 553 1130 636 1184; x_wconf 85' lang='lat' dir='ltr'><strong>IV.</strong></span> <span class='ocrx_word' id='word_1_64' title='bbox 666 1129 784 1185; x_wconf 89' lang='lat' dir='ltr'><strong>Non</strong></span> <span class='ocrx_word' id='word_1_65' title='bbox 841 1131 985 1184; x_wconf 86' lang='lat' dir='ltr'><strong>enim</strong></span> <span class='ocrx_word' id='word_1_66' title='bbox 1028 1130 1082 1183; x_wconf 93' lang='lat' dir='ltr'><strong>in</strong></span> <span class='ocrx_word' id='word_1_67' title='bbox 1135 1129 1429 1198; x_wconf 87' lang='lat' dir='ltr'><strong>perniciem</strong></span> <span class='ocrx_word' id='word_1_68' title='bbox 1482 1129 1606 1193; x_wconf 83' lang='lat' dir='ltr'><strong>viri,</strong></span> <span class='ocrx_word' id='word_1_69' title='bbox 1638 1138 1697 1182; x_wconf 91' lang='lat' dir='ltr'><strong>ut</strong></span> <span class='ocrx_word' id='word_1_70' title='bbox 1747 1129 1875 1183; x_wconf 90' lang='lat' dir='ltr'><strong>olim</strong></span> <span class='ocrx_word' id='word_1_71' title='bbox 1924 1128 2054 1186; x_wconf 83' lang='lat' dir='ltr'><strong>Eva.</strong></span> 
     </span>
    </p>
   </div>
   <div class='ocr_carea' id='block_1_14' title="bbox 480 1220 2058 1291">
    <p class='ocr_par' dir='ltr' id='par_1_14' title="bbox 480 1220 2058 1291">
     <span class='ocr_line' id='line_1_14' title="bbox 480 1220 2058 1291; baseline 0.001 -19"><span class='ocrx_word' id='word_1_72' title='bbox 480 1236 635 1275; x_wconf 85' lang='lat' dir='ltr'><strong>versa</strong></span> <span class='ocrx_word' id='word_1_73' title='bbox 667 1233 784 1288; x_wconf 90' lang='lat' dir='ltr'><strong>est;</strong></span> <span class='ocrx_word' id='word_1_74' title='bbox 818 1221 911 1275; x_wconf 90' lang='lat' dir='ltr'><strong>sed</strong></span> <span class='ocrx_word' id='word_1_75' title='bbox 963 1220 1286 1290; x_wconf 86' lang='lat' dir='ltr'><strong>adjulriccm</strong></span> <span class='ocrx_word' id='word_1_76' title='bbox 1330 1235 1389 1275; x_wconf 91' lang='lat' dir='ltr'><strong>se</strong></span> <span class='ocrx_word' id='word_1_77' title='bbox 1420 1220 1497 1273; x_wconf 91' lang='lat' dir='ltr'><strong>illi</strong></span> <span class='ocrx_word' id='word_1_78' title='bbox 1530 1221 1770 1291; x_wconf 39' lang='lat' dir='ltr'><strong>.prmbuit</strong></span> <span class='ocrx_word' id='word_1_79' title='bbox 1815 1230 1927 1274; x_wconf 93' lang='lat' dir='ltr'><strong>tum</strong></span> <span class='ocrx_word' id='word_1_80' title='bbox 1964 1236 2058 1288; x_wconf 88' lang='lat' dir='ltr'><strong>per</strong></span> 
     </span>
    </p>
   </div>
   <div class='ocr_carea' id='block_1_15' title="bbox 476 1312 2057 1382">
    <p class='ocr_par' dir='ltr' id='par_1_15' title="bbox 476 1312 2057 1382">
     <span class='ocr_line' id='line_1_15' title="bbox 476 1312 2057 1382; baseline -0.001 -17"><span class='ocrx_word' id='word_1_81' title='bbox 476 1313 661 1382; x_wconf 88' lang='lat' dir='ltr'><strong>jngem</strong></span> <span class='ocrx_word' id='word_1_82' title='bbox 718 1313 980 1366; x_wconf 83' lang='lat' dir='ltr'><strong>virtutum</strong></span> <span class='ocrx_word' id='word_1_83' title='bbox 1038 1312 1518 1377; x_wconf 82' lang='lat' dir='ltr'><strong>exercitationem,</strong></span> <span class='ocrx_word' id='word_1_84' title='bbox 1554 1322 1666 1366; x_wconf 83' lang='lat' dir='ltr'><strong>tum</strong></span> <span class='ocrx_word' id='word_1_85' title='bbox 1727 1328 1820 1381; x_wconf 83' lang='lat' dir='ltr'><strong>p-r</strong></span> <span class='ocrx_word' id='word_1_86' title='bbox 1871 1326 2057 1380; x_wconf 83' lang='lat' dir='ltr'><strong>preces</strong></span> 
     </span>
    </p>
   </div>
   <div class='ocr_carea' id='block_1_16' title="bbox 482 1400 2057 1473">
    <p class='ocr_par' dir='ltr' id='par_1_16' title="bbox 482 1400 2057 1473">
     <span class='ocr_line' id='line_1_16' title="bbox 482 1400 2057 1473; baseline -0.004 -15"><span class='ocrx_word' id='word_1_87' title='bbox 482 1403 730 1473; x_wconf 88' lang='lat' dir='ltr'><strong>quotidie</strong></span> <span class='ocrx_word' id='word_1_88' title='bbox 774 1400 840 1456; x_wconf 89' lang='lat' dir='ltr'><strong>ad</strong></span> <span class='ocrx_word' id='word_1_89' title='bbox 889 1400 1057 1455; x_wconf 91' lang='lat' dir='ltr'><strong>Deum</strong></span> <span class='ocrx_word' id='word_1_90' title='bbox 1108 1401 1326 1456; x_wconf 72' lang='lat' dir='ltr'><strong>ellusas.</strong></span> <span class='ocrx_word' id='word_1_91' title='bbox 1364 1400 1496 1454; x_wconf 78' lang='lat' dir='ltr'><strong>Nam</strong></span> <span class='ocrx_word' id='word_1_92' title='bbox 1541 1403 1653 1471; x_wconf 86' lang='lat' dir='ltr'><strong>pari</strong></span> <span class='ocrx_word' id='word_1_93' title='bbox 1686 1400 1866 1455; x_wconf 88' lang='lat' dir='ltr'><strong>studio</strong></span> <span class='ocrx_word' id='word_1_94' title='bbox 1894 1400 2057 1453; x_wconf 90' lang='lat' dir='ltr'><strong>ambo</strong></span> 
     </span>
    </p>
   </div>
   <div class='ocr_carea' id='block_1_17' title="bbox 484 1492 2057 1564">
    <p class='ocr_par' dir='ltr' id='par_1_17' title="bbox 484 1492 2057 1564">
     <span class='ocr_line' id='line_1_17' title="bbox 484 1492 2057 1564; baseline -0.003 -15"><span class='ocrx_word' id='word_1_95' title='bbox 484 1496 557 1549; x_wconf 93' lang='lat' dir='ltr'><strong>illi</strong></span> <span class='ocrx_word' id='word_1_96' title='bbox 586 1494 846 1564; x_wconf 74' lang='lat' dir='ltr'><strong>coniuges</strong></span> <span class='ocrx_word' id='word_1_97' title='bbox 903 1493 1156 1564; x_wconf 89' lang='lat' dir='ltr'><strong>precibus</strong></span> <span class='ocrx_word' id='word_1_98' title='bbox 1214 1508 1245 1547; x_wconf 91' lang='lat' dir='ltr'><strong>e</strong></span> <span class='ocrx_word' id='word_1_99' title='bbox 1296 1493 1567 1547; x_wconf 86' lang='lat' dir='ltr'><strong>desiderio</strong></span> <span class='ocrx_word' id='word_1_100' title='bbox 1618 1493 1785 1563; x_wconf 88' lang='lat' dir='ltr'><strong>prolis</strong></span> <span class='ocrx_word' id='word_1_101' title='bbox 1836 1492 2057 1546; x_wconf 88' lang='lat' dir='ltr'><strong>insiste-</strong></span> 
     </span>
    </p>
   </div>
   <div class='ocr_carea' id='block_1_18' title="bbox 2161 494 3759 568">
    <p class='ocr_par' dir='ltr' id='par_1_18' title="bbox 2161 494 3759 568">
     <span class='ocr_line' id='line_1_18' title="bbox 2161 494 3759 568; baseline 0.002 -22"><span class='ocrx_word' id='word_1_102' title='bbox 2161 494 2256 546; x_wconf 71' lang='grc' dir='ltr'><strong>καὶ</strong></span> <span class='ocrx_word' id='word_1_103' title='bbox 2302 494 2654 565; x_wconf 78' lang='grc' dir='ltr'><strong>σωφροσύνης</strong></span> <span class='ocrx_word' id='word_1_104' title='bbox 2698 494 2952 565; x_wconf 81' lang='grc' dir='ltr'>σώματος</span> <span class='ocrx_word' id='word_1_105' title='bbox 2998 496 3059 549; x_wconf 83' lang='grc' dir='ltr'><strong>τὸ</strong></span> <span class='ocrx_word' id='word_1_106' title='bbox 3102 498 3442 567; x_wconf 82' lang='grc' dir='ltr'>μονότροπον</span> <span class='ocrx_word' id='word_1_107' title='bbox 3501 499 3593 551; x_wconf 69' lang='grc' dir='ltr'><strong>ἀεὶ</strong></span> <span class='ocrx_word' id='word_1_108' title='bbox 3654 501 3759 568; x_wconf 70' lang='grc' dir='ltr'>τῆς</span> 
     </span>
    </p>
   </div>
   <div class='ocr_carea' id='block_1_19' title="bbox 2160 584 3758 660">
    <p class='ocr_par' dir='ltr' id='par_1_19' title="bbox 2160 584 3758 660">
     <span class='ocr_line' id='line_1_19' title="bbox 2160 584 3758 660; baseline 0.003 -23"><span class='ocrx_word' id='word_1_109' title='bbox 2160 584 2417 653; x_wconf 82' lang='grc' dir='ltr'>γνώσεως</span> <span class='ocrx_word' id='word_1_110' title='bbox 2450 586 2587 657; x_wconf 81' lang='grc' dir='ltr'>μετὰ</span> <span class='ocrx_word' id='word_1_111' title='bbox 2608 586 2699 639; x_wconf 83' lang='grc' dir='ltr'>τοῦ</span> <span class='ocrx_word' id='word_1_112' title='bbox 2726 588 2918 657; x_wconf 81' lang='grc' dir='ltr'>ἀνδρὸς</span> <span class='ocrx_word' id='word_1_113' title='bbox 2942 591 3286 659; x_wconf 83' lang='grc' dir='ltr'><strong>κτησαμένη.</strong></span> <span class='ocrx_word' id='word_1_114' title='bbox 3319 591 3475 643; x_wconf 81' lang='grc' dir='ltr'>Κατά</span> <span class='ocrx_word' id='word_1_115' title='bbox 3506 592 3621 659; x_wconf 81' lang='grc' dir='ltr'>γὰρ</span> <span class='ocrx_word' id='word_1_116' title='bbox 3653 592 3758 660; x_wconf 73' lang='grc' dir='ltr'>τὴν</span> 
     </span>
    </p>
   </div>
   <div class='ocr_carea' id='block_1_20' title="bbox 2161 672 3759 748">
    <p class='ocr_par' dir='ltr' id='par_1_20' title="bbox 2161 672 3759 748">
     <span class='ocr_line' id='line_1_20' title="bbox 2161 672 3759 748; baseline 0.005 -25"><span class='ocrx_word' id='word_1_117' title='bbox 2161 672 2359 725; x_wconf 81' lang='grc' dir='ltr'><strong>πλάσιν</strong></span> <span class='ocrx_word' id='word_1_118' title='bbox 2386 674 2479 727; x_wconf 76' lang='grc' dir='ltr'>τοῦ</span> <span class='ocrx_word' id='word_1_119' title='bbox 2528 675 2917 745; x_wconf 73' lang='grc' dir='ltr'>συζευχθέντος</span> <span class='ocrx_word' id='word_1_120' title='bbox 2966 679 3105 747; x_wconf 85' lang='grc' dir='ltr'><strong>αὐτῇ</strong></span> <span class='ocrx_word' id='word_1_121' title='bbox 3152 680 3305 748; x_wconf 86' lang='grc' dir='ltr'>παρὰ</span> <span class='ocrx_word' id='word_1_122' title='bbox 3351 680 3447 732; x_wconf 81' lang='grc' dir='ltr'>τοῦ</span> <span class='ocrx_word' id='word_1_123' title='bbox 3476 680 3643 742; x_wconf 76' lang='grc' dir='ltr'>Θεοῦ,</span> <span class='ocrx_word' id='word_1_124' title='bbox 3694 682 3759 732; x_wconf 81' lang='grc' dir='ltr'><strong>τὸ</strong></span> 
     </span>
    </p>
   </div>
   <div class='ocr_carea' id='block_1_21' title="bbox 2158 764 3757 840">
    <p class='ocr_par' dir='ltr' id='par_1_21' title="bbox 2158 764 3757 840">
     <span class='ocr_line' id='line_1_21' title="bbox 2158 764 3757 840; baseline 0.004 -25"><span class='ocrx_word' id='word_1_125' title='bbox 2158 764 2350 817; x_wconf 78' lang='grc' dir='ltr'><strong>ὀστοῦν</strong></span> <span class='ocrx_word' id='word_1_126' title='bbox 2374 766 2632 819; x_wconf 83' lang='grc' dir='ltr'>διέσωσεν</span> <span class='ocrx_word' id='word_1_127' title='bbox 2657 769 3038 840; x_wconf 86' lang='grc' dir='ltr'>ἀσυντρίπτως</span> <span class='ocrx_word' id='word_1_128' title='bbox 3062 771 3157 823; x_wconf 80' lang='grc' dir='ltr'>τοῦ</span> <span class='ocrx_word' id='word_1_129' title='bbox 3192 770 3407 840; x_wconf 79' lang='grc' dir='ltr'>ἀνδρὸς,</span> <span class='ocrx_word' id='word_1_130' title='bbox 3442 771 3535 824; x_wconf 79' lang='grc' dir='ltr'>διὰ</span> <span class='ocrx_word' id='word_1_131' title='bbox 3567 772 3631 823; x_wconf 83' lang='grc' dir='ltr'><strong>τὸ</strong></span> <span class='ocrx_word' id='word_1_132' title='bbox 3660 790 3757 840; x_wconf 78' lang='grc' dir='ltr'><strong>φι-</strong></span> 
     </span>
    </p>
   </div>
   <div class='ocr_carea' id='block_1_22' title="bbox 2160 856 3755 933">
    <p class='ocr_par' dir='ltr' id='par_1_22' title="bbox 2160 856 3755 933">
     <span class='ocr_line' id='line_1_22' title="bbox 2160 856 3755 933; baseline 0.005 -25"><span class='ocrx_word' id='word_1_133' title='bbox 2160 856 2342 910; x_wconf 88' lang='grc' dir='ltr'>λόθεον</span> <span class='ocrx_word' id='word_1_134' title='bbox 2376 858 2435 912; x_wconf 90' lang='grc' dir='ltr'><strong>τὸ</strong></span> <span class='ocrx_word' id='word_1_135' title='bbox 2488 859 2868 931; x_wconf 83' lang='grc' dir='ltr'>φιλάνθρωπον</span> <span class='ocrx_word' id='word_1_136' title='bbox 2898 863 3048 933; x_wconf 86' lang='grc' dir='ltr'><strong>αὐτῷ</strong></span> <span class='ocrx_word' id='word_1_137' title='bbox 3096 864 3605 933; x_wconf 76' lang='grc' dir='ltr'>παραφυλάττουσα</span> <span class='ocrx_word' id='word_1_138' title='bbox 3655 864 3755 932; x_wconf 80' lang='grc' dir='ltr'>τῆς</span> 
     </span>
    </p>
   </div>
   <div class='ocr_carea' id='block_1_23' title="bbox 2161 948 2467 1020">
    <p class='ocr_par' dir='ltr' id='par_1_23' title="bbox 2161 948 2467 1020">
     <span class='ocr_line' id='line_1_23' title="bbox 2161 948 2467 1020; baseline 0.01 -19"><span class='ocrx_word' id='word_1_139' title='bbox 2161 948 2467 1020; x_wconf 74' lang='grc' dir='ltr'>ξυνωρίδος.</span> 
     </span>
    </p>
   </div>
   <div class='ocr_carea' id='block_1_24' title="bbox 2227 1125 3755 1201">
    <p class='ocr_par' dir='ltr' id='par_1_24' title="bbox 2227 1125 3755 1201">
     <span class='ocr_line' id='line_1_24' title="bbox 2227 1125 3755 1201; baseline 0.003 -23"><span class='ocrx_word' id='word_1_140' title='bbox 2227 1127 2301 1179; x_wconf 69' lang='grc' dir='ltr'><strong>Δν.</strong></span> <span class='ocrx_word' id='word_1_141' title='bbox 2337 1126 2413 1179; x_wconf 88' lang='grc' dir='ltr'>Οὐ</span> <span class='ocrx_word' id='word_1_142' title='bbox 2458 1126 2567 1199; x_wconf 79' lang='grc' dir='ltr'><strong>γὰρ</strong></span> <span class='ocrx_word' id='word_1_143' title='bbox 2617 1127 2951 1198; x_wconf 77' lang='grc' dir='ltr'>βλαπτικῶς,</span> <span class='ocrx_word' id='word_1_144' title='bbox 2996 1128 3071 1192; x_wconf 81' lang='grc' dir='ltr'>ὡς</span> <span class='ocrx_word' id='word_1_145' title='bbox 3119 1129 3151 1197; x_wconf 80' lang='grc' dir='ltr'><strong>ἡ</strong></span> <span class='ocrx_word' id='word_1_146' title='bbox 3200 1125 3331 1193; x_wconf 71' lang='grc' dir='ltr'>Εὕα,</span> <span class='ocrx_word' id='word_1_147' title='bbox 3378 1131 3755 1201; x_wconf 79' lang='grc' dir='ltr'>μετεποιήθη.</span> 
     </span>
    </p>
   </div>
   <div class='ocr_carea' id='block_1_25' title="bbox 2158 1216 3750 1291">
    <p class='ocr_par' dir='ltr' id='par_1_25' title="bbox 2158 1216 3750 1291">
     <span class='ocr_line' id='line_1_25' title="bbox 2158 1216 3750 1291; baseline 0.003 -21"><span class='ocrx_word' id='word_1_148' title='bbox 2158 1216 2291 1270; x_wconf 77' lang='grc' dir='ltr'>ἀλλὰ</span> <span class='ocrx_word' id='word_1_149' title='bbox 2326 1218 2517 1289; x_wconf 86' lang='grc' dir='ltr'>βοηθὸς</span> <span class='ocrx_word' id='word_1_150' title='bbox 2559 1219 2637 1289; x_wconf 84' lang='grc' dir='ltr'><strong>τῷ</strong></span> <span class='ocrx_word' id='word_1_151' title='bbox 2677 1220 2832 1291; x_wconf 72' lang='grc' dir='ltr'>ἀνδρὶ</span> <span class='ocrx_word' id='word_1_152' title='bbox 2862 1220 3215 1291; x_wconf 86' lang='grc' dir='ltr'>συνηρμόσθη</span> <span class='ocrx_word' id='word_1_153' title='bbox 3253 1222 3344 1273; x_wconf 77' lang='grc' dir='ltr'>ἐπί</span> <span class='ocrx_word' id='word_1_154' title='bbox 3392 1239 3449 1275; x_wconf 86' lang='grc' dir='ltr'><strong>τε</strong></span> <span class='ocrx_word' id='word_1_155' title='bbox 3479 1226 3594 1283; x_wconf 79' lang='grc' dir='ltr'>τοῖς</span> <span class='ocrx_word' id='word_1_156' title='bbox 3639 1223 3750 1274; x_wconf 82' lang='grc' dir='ltr'><strong>τῶν</strong></span> 
     </span>
    </p>
   </div>
   <div class='ocr_carea' id='block_1_26' title="bbox 2157 1308 3748 1380">
    <p class='ocr_par' dir='ltr' id='par_1_26' title="bbox 2157 1308 3748 1380">
     <span class='ocr_line' id='line_1_26' title="bbox 2157 1308 3748 1380; baseline 0.001 -18"><span class='ocrx_word' id='word_1_157' title='bbox 2157 1308 2366 1380; x_wconf 88' lang='grc' dir='ltr'>ἀρετῶν</span> <span class='ocrx_word' id='word_1_158' title='bbox 2394 1309 2807 1379; x_wconf 76' lang='grc' dir='ltr'>πολιτεύμασιν,</span> <span class='ocrx_word' id='word_1_159' title='bbox 2836 1310 2929 1362; x_wconf 79' lang='grc' dir='ltr'>ἐπί</span> <span class='ocrx_word' id='word_1_160' title='bbox 2959 1327 3018 1362; x_wconf 87' lang='grc' dir='ltr'><strong>τε</strong></span> <span class='ocrx_word' id='word_1_161' title='bbox 3043 1313 3161 1372; x_wconf 83' lang='grc' dir='ltr'>ταῖς</span> <span class='ocrx_word' id='word_1_162' title='bbox 3191 1311 3278 1362; x_wconf 73' lang='grc' dir='ltr'><strong>διὰ</strong></span> <span class='ocrx_word' id='word_1_163' title='bbox 3301 1312 3403 1380; x_wconf 84' lang='grc' dir='ltr'>τὴν</span> <span class='ocrx_word' id='word_1_164' title='bbox 3436 1312 3576 1379; x_wconf 78' lang='grc' dir='ltr'>πρὸς</span> <span class='ocrx_word' id='word_1_165' title='bbox 3607 1311 3748 1363; x_wconf 84' lang='grc' dir='ltr'>Θεὸν</span> 
     </span>
    </p>
   </div>
   <div class='ocr_carea' id='block_1_27' title="bbox 2160 1400 3751 1471">
    <p class='ocr_par' dir='ltr' id='par_1_27' title="bbox 2160 1400 3751 1471">
     <span class='ocr_line' id='line_1_27' title="bbox 2160 1400 3751 1471; baseline 0.003 -20"><span class='ocrx_word' id='word_1_166' title='bbox 2160 1400 2411 1463; x_wconf 76' lang='grc' dir='ltr'>ἱκεσίαις.</span> <span class='ocrx_word' id='word_1_167' title='bbox 2447 1401 2605 1464; x_wconf 87' lang='grc' dir='ltr'>Ἴσως</span> <span class='ocrx_word' id='word_1_168' title='bbox 2636 1400 2743 1471; x_wconf 86' lang='grc' dir='ltr'><strong>γὰρ</strong></span> <span class='ocrx_word' id='word_1_169' title='bbox 2771 1404 2821 1453; x_wconf 91' lang='grc' dir='ltr'><strong>οί</strong></span> <span class='ocrx_word' id='word_1_170' title='bbox 2866 1400 2961 1453; x_wconf 83' lang='grc' dir='ltr'>δύο</span> <span class='ocrx_word' id='word_1_171' title='bbox 2985 1402 3113 1470; x_wconf 72' lang='grc' dir='ltr'>περὶ</span> <span class='ocrx_word' id='word_1_172' title='bbox 3143 1402 3243 1469; x_wconf 82' lang='grc' dir='ltr'>τὴν</span> <span class='ocrx_word' id='word_1_173' title='bbox 3282 1402 3468 1470; x_wconf 81' lang='grc' dir='ltr'>δέησιν</span> <span class='ocrx_word' id='word_1_174' title='bbox 3492 1402 3594 1471; x_wconf 74' lang='grc' dir='ltr'>τῆς</span> <span class='ocrx_word' id='word_1_175' title='bbox 3624 1405 3751 1455; x_wconf 76' lang='grc' dir='ltr'>ἐπι·</span> 
     </span>
    </p>
   </div>
   <div class='ocr_carea' id='block_1_28' title="bbox 2159 1490 3750 1564">
    <p class='ocr_par' dir='ltr' id='par_1_28' title="bbox 2159 1490 3750 1564">
     <span class='ocr_line' id='line_1_28' title="bbox 2159 1490 3750 1564; baseline 0.002 -21"><span class='ocrx_word' id='word_1_176' title='bbox 2159 1490 2357 1560; x_wconf 91' lang='grc' dir='ltr'>θυμίας</span> <span class='ocrx_word' id='word_1_177' title='bbox 2383 1491 2667 1562; x_wconf 82' lang='grc' dir='ltr'>ἀπέκαμον</span> <span class='ocrx_word' id='word_1_178' title='bbox 2693 1491 2787 1545; x_wconf 78' lang='grc' dir='ltr'>τοῦ</span> <span class='ocrx_word' id='word_1_179' title='bbox 2828 1492 3043 1545; x_wconf 79' lang='grc' dir='ltr'>τέκνου·</span> <span class='ocrx_word' id='word_1_180' title='bbox 3070 1493 3192 1546; x_wconf 75' lang='grc' dir='ltr'>καθ’</span> <span class='ocrx_word' id='word_1_181' title='bbox 3219 1493 3279 1546; x_wconf 80' lang='grc' dir='ltr'>ὃν</span> <span class='ocrx_word' id='word_1_182' title='bbox 3319 1495 3522 1562; x_wconf 85' lang='grc' dir='ltr'>τρόπον</span> <span class='ocrx_word' id='word_1_183' title='bbox 3566 1510 3750 1564; x_wconf 82' lang='grc' dir='ltr'>γεωρ-</span> 
     </span>
    </p>
   </div>
   <div class='ocr_carea' id='block_1_29' title="bbox 2156 1583 3755 1657">
    <p class='ocr_par' dir='ltr' id='par_1_29' title="bbox 2156 1583 3755 1657">
     <span class='ocr_line' id='line_1_29' title="bbox 2156 1583 3755 1657; baseline 0.004 -25"><span class='ocrx_word' id='word_1_184' title='bbox 2156 1584 2251 1651; x_wconf 69' lang='grc' dir='ltr'>γὲς</span> <span class='ocrx_word' id='word_1_185' title='bbox 2281 1584 2395 1653; x_wconf 72' lang='grc' dir='ltr'>ἅμα</span> <span class='ocrx_word' id='word_1_186' title='bbox 2426 1584 2523 1653; x_wconf 81' lang='grc' dir='ltr'>τῆς</span> <span class='ocrx_word' id='word_1_187' title='bbox 2560 1583 2725 1637; x_wconf 79' lang='grc' dir='ltr'>αὐτοῦ</span> <span class='ocrx_word' id='word_1_188' title='bbox 2757 1585 3038 1652; x_wconf 83' lang='grc' dir='ltr'>γυναικὸς.</span> <span class='ocrx_word' id='word_1_189' title='bbox 3075 1586 3261 1657; x_wconf 82' lang='grc' dir='ltr'>χώραν</span> <span class='ocrx_word' id='word_1_190' title='bbox 3305 1585 3755 1654; x_wconf 71' lang='grc' dir='ltr'>καλλιεργήσαν-</span> 
     </span>
    </p>
   </div>
   <div class='ocr_carea' id='block_1_30' title="bbox 482 1584 2057 1655">
    <p class='ocr_par' dir='ltr' id='par_1_30' title="bbox 482 1584 2057 1655">
     <span class='ocr_line' id='line_1_30' title="bbox 482 1584 2057 1655; baseline -0.002 -13"><span class='ocrx_word' id='word_1_191' title='bbox 482 1588 633 1653; x_wconf 83' lang='lat' dir='ltr'><strong>bant,</strong></span> <span class='ocrx_word' id='word_1_192' title='bbox 662 1603 768 1641; x_wconf 94' lang='lat' dir='ltr'><strong>non</strong></span> <span class='ocrx_word' id='word_1_193' title='bbox 801 1601 959 1642; x_wconf 89' lang='lat' dir='ltr'><strong>secus</strong></span> <span class='ocrx_word' id='word_1_194' title='bbox 999 1595 1164 1653; x_wconf 90' lang='lat' dir='ltr'><strong>atque</strong></span> <span class='ocrx_word' id='word_1_195' title='bbox 1216 1585 1452 1655; x_wconf 82' lang='lat' dir='ltr'><strong>agricola</strong></span> <span class='ocrx_word' id='word_1_196' title='bbox 1501 1584 1663 1639; x_wconf 89' lang='lat' dir='ltr'><strong>simul</strong></span> <span class='ocrx_word' id='word_1_197' title='bbox 1713 1600 1837 1639; x_wconf 91' lang='lat' dir='ltr'><strong>cum</strong></span> <span class='ocrx_word' id='word_1_198' title='bbox 1888 1600 2057 1639; x_wconf 83' lang='lat' dir='ltr'><strong>uxore</strong></span> 
     </span>
    </p>
   </div>
   <div class='ocr_carea' id='block_1_31' title="bbox 483 1676 2055 1792">
    <p class='ocr_par' dir='ltr' id='par_1_31' title="bbox 483 1676 2055 1792">
     <span class='ocr_line' id='line_1_31' title="bbox 483 1676 2055 1748; baseline -0.003 -15"><span class='ocrx_word' id='word_1_199' title='bbox 483 1694 580 1733; x_wconf 89' lang='lat' dir='ltr'><strong>sua</strong></span> <span class='ocrx_word' id='word_1_200' title='bbox 604 1693 855 1748; x_wconf 89' lang='lat' dir='ltr'><strong>asperam</strong></span> <span class='ocrx_word' id='word_1_201' title='bbox 887 1685 1083 1731; x_wconf 87' lang='lat' dir='ltr'><strong>terram</strong></span> <span class='ocrx_word' id='word_1_202' title='bbox 1114 1676 1400 1746; x_wconf 76' lang='lat' dir='ltr'><strong>diligenter</strong></span> <span class='ocrx_word' id='word_1_203' title='bbox 1442 1676 1909 1740; x_wconf 78' lang='lat' dir='ltr'><strong>escolentes,tlum</strong></span> <span class='ocrx_word' id='word_1_204' title='bbox 1929 1691 2055 1745; x_wconf 86' lang='lat' dir='ltr'><strong>pro-</strong></span> 
     </span>
     <span class='ocr_line' id='line_1_32' title="bbox 484 1766 2055 1792; baseline 0 0"><span class='ocrx_word' id='word_1_205' title='bbox 484 1771 675 1792; x_wconf 47' lang='lat' dir='ltr'><strong>!!Ae----.</strong></span> <span class='ocrx_word' id='word_1_206' title='bbox 710 1784 887 1792; x_wconf 62' lang='lat'><strong>--_.-_</strong></span> <span class='ocrx_word' id='word_1_207' title='bbox 942 1769 1158 1792; x_wconf 65' lang='lat' dir='ltr'><strong>--L-_-....</strong></span> <span class='ocrx_word' id='word_1_208' title='bbox 1193 1766 1424 1792; x_wconf 46' lang='lat' dir='ltr'><strong>l‘-.-ns-...‘</strong></span> <span class='ocrx_word' id='word_1_209' title='bbox 1462 1776 1849 1792; x_wconf 63' lang='lat' dir='ltr'><strong>--..-......s.-_--</strong></span> <span class='ocrx_word' id='word_1_210' title='bbox 1880 1783 1936 1792; x_wconf 61' lang='grc' dir='ltr'>...ε</span> <span class='ocrx_word' id='word_1_211' title='bbox 1965 1782 2055 1792; x_wconf 65' lang='grc' dir='ltr'>...Α-</span> 
     </span>
    </p>
   </div>
   <div class='ocr_carea' id='block_1_32' title="bbox 2159 1676 3755 1792">
    <p class='ocr_par' dir='ltr' id='par_1_32' title="bbox 2159 1676 3755 1792">
     <span class='ocr_line' id='line_1_33' title="bbox 2159 1676 3755 1747; baseline 0 -18"><span class='ocrx_word' id='word_1_212' title='bbox 2159 1692 2248 1739; x_wconf 87' lang='grc' dir='ltr'><strong>τος</strong></span> <span class='ocrx_word' id='word_1_213' title='bbox 2276 1678 2491 1747; x_wconf 80' lang='grc' dir='ltr'><strong>χέρσον,</strong></span> <span class='ocrx_word' id='word_1_214' title='bbox 2523 1676 2615 1728; x_wconf 88' lang='grc' dir='ltr'><strong>τὸν</strong></span> <span class='ocrx_word' id='word_1_215' title='bbox 2660 1676 2863 1746; x_wconf 85' lang='grc' dir='ltr'>σπόρον</span> <span class='ocrx_word' id='word_1_216' title='bbox 2910 1676 3405 1747; x_wconf 87' lang='grc' dir='ltr'>καταϐαλλόμενοι,</span> <span class='ocrx_word' id='word_1_217' title='bbox 3442 1678 3545 1745; x_wconf 74' lang='grc' dir='ltr'>τὴν</span> <span class='ocrx_word' id='word_1_218' title='bbox 3588 1679 3755 1745; x_wconf 68' lang='grc' dir='ltr'>εὐφοο</span> 
     </span>
     <span class='ocr_line' id='line_1_34' title="bbox 2167 1765 3724 1792; baseline 0 0"><span class='ocrx_word' id='word_1_219' title='bbox 2167 1766 2285 1792; x_wconf 59' lang='grc' dir='ltr'>ΑΙ-..</span> <span class='ocrx_word' id='word_1_220' title='bbox 2311 1765 2419 1792; x_wconf 65' lang='grc' dir='ltr'><strong>-..ιιι</strong></span> <span class='ocrx_word' id='word_1_221' title='bbox 2444 1766 2672 1792; x_wconf 64' lang='lat'><strong>.._-_.&quot;...</strong></span> <span class='ocrx_word' id='word_1_222' title='bbox 2705 1769 2984 1792; x_wconf 69' lang='grc' dir='ltr'><strong>ι-.-..---ς-.</strong></span> <span class='ocrx_word' id='word_1_223' title='bbox 3017 1768 3081 1792; x_wconf 55' lang='grc'><strong>2.,</strong></span> <span class='ocrx_word' id='word_1_224' title='bbox 3137 1768 3299 1792; x_wconf 67' lang='lat'><strong>-.&#39;--:_</strong></span> <span class='ocrx_word' id='word_1_225' title='bbox 3327 1769 3724 1792; x_wconf 35' lang='grc' dir='ltr'><strong>ι----9ι-.,----μ</strong></span> 
     </span>
    </p>
   </div>
   <div class='ocr_carea' id='block_1_33' title="bbox 478 1765 2055 1842">
    <p class='ocr_par' dir='ltr' id='par_1_33' title="bbox 478 1766 2055 1842">
     <span class='ocr_line' id='line_1_35' title="bbox 478 1766 2055 1842; baseline -0.003 -17"><span class='ocrx_word' id='word_1_226' title='bbox 478 1771 680 1842; x_wconf 86' lang='lat' dir='ltr'><strong>jiciunt</strong></span> <span class='ocrx_word' id='word_1_227' title='bbox 708 1784 915 1837; x_wconf 82' lang='lat' dir='ltr'><strong>semen,</strong></span> <span class='ocrx_word' id='word_1_228' title='bbox 942 1769 1161 1823; x_wconf 87' lang='lat' dir='ltr'><strong>uberem</strong></span> <span class='ocrx_word' id='word_1_229' title='bbox 1193 1766 1425 1823; x_wconf 82' lang='lat' dir='ltr'><strong>fructum</strong></span> <span class='ocrx_word' id='word_1_230' title='bbox 1458 1776 1852 1823; x_wconf 88' lang='lat' dir='ltr'><strong>consecuturos</strong></span> <span class='ocrx_word' id='word_1_231' title='bbox 1879 1783 1938 1821; x_wconf 87' lang='lat' dir='ltr'><strong>se</strong></span> <span class='ocrx_word' id='word_1_232' title='bbox 1965 1782 2055 1836; x_wconf 87' lang='lat' dir='ltr'><strong>per</strong></span> 
     </span>
    </p>
   </div>
   <div class='ocr_carea' id='block_1_34' title="bbox 2159 1765 3751 1842">
    <p class='ocr_par' dir='ltr' id='par_1_34' title="bbox 2164 1765 3751 1838">
     <span class='ocr_line' id='line_1_36' title="bbox 2164 1765 3751 1838; baseline 0.002 -20"><span class='ocrx_word' id='word_1_233' title='bbox 2164 1766 2285 1835; x_wconf 85' lang='grc' dir='ltr'>ρίαν</span> <span class='ocrx_word' id='word_1_234' title='bbox 2311 1765 2419 1818; x_wconf 88' lang='grc' dir='ltr'><strong>τῶν</strong></span> <span class='ocrx_word' id='word_1_235' title='bbox 2444 1766 2672 1837; x_wconf 86' lang='grc' dir='ltr'>καρπῶν</span> <span class='ocrx_word' id='word_1_236' title='bbox 2704 1769 2984 1838; x_wconf 76' lang='grc' dir='ltr'><strong>ἐπιτυχεῖν</strong></span> <span class='ocrx_word' id='word_1_237' title='bbox 3013 1768 3081 1820; x_wconf 87' lang='grc' dir='ltr'>δι’</span> <span class='ocrx_word' id='word_1_238' title='bbox 3134 1768 3299 1838; x_wconf 80' lang='grc' dir='ltr'>εὐχῆς</span> <span class='ocrx_word' id='word_1_239' title='bbox 3323 1769 3751 1838; x_wconf 83' lang='grc' dir='ltr'>ἀπεκδέχονται.</span> 
     </span>
    </p>
   </div>
   <div class='ocr_carea' id='block_1_35' title="bbox 484 1855 2055 1934">
    <p class='ocr_par' dir='ltr' id='par_1_35' title="bbox 484 1860 2055 1934">
     <span class='ocr_line' id='line_1_37' title="bbox 484 1860 2055 1934; baseline -0.003 -16"><span class='ocrx_word' id='word_1_240' title='bbox 484 1865 825 1934; x_wconf 76' lang='lat' dir='ltr'><strong>precationes</strong></span> <span class='ocrx_word' id='word_1_241' title='bbox 844 1870 1186 1932; x_wconf 73' lang='lat' dir='ltr'><strong>exspectant.</strong></span> <span class='ocrx_word' id='word_1_242' title='bbox 1214 1861 1330 1915; x_wconf 87' lang='lat' dir='ltr'><strong>Non</strong></span> <span class='ocrx_word' id='word_1_243' title='bbox 1362 1862 1533 1915; x_wconf 89' lang='lat' dir='ltr'><strong>instar</strong></span> <span class='ocrx_word' id='word_1_244' title='bbox 1564 1863 1685 1916; x_wconf 77' lang='lat' dir='ltr'><strong>Erae</strong></span> <span class='ocrx_word' id='word_1_245' title='bbox 1715 1876 1840 1915; x_wconf 85' lang='lat' dir='ltr'><strong>cum</strong></span> <span class='ocrx_word' id='word_1_246' title='bbox 1865 1860 2055 1924; x_wconf 83' lang='lat' dir='ltr'><strong>Adam,</strong></span> 
     </span>
    </p>
   </div>
   <div class='ocr_carea' id='block_1_36' title="bbox 2159 1855 3753 1934">
    <p class='ocr_par' dir='ltr' id='par_1_36' title="bbox 2161 1855 3753 1930">
     <span class='ocr_line' id='line_1_38' title="bbox 2161 1855 3753 1930; baseline 0.001 -20"><span class='ocrx_word' id='word_1_247' title='bbox 2161 1856 2274 1926; x_wconf 85' lang='grc' dir='ltr'><strong>Οὐχ</strong></span> <span class='ocrx_word' id='word_1_248' title='bbox 2305 1856 2379 1920; x_wconf 83' lang='grc' dir='ltr'>ὡς</span> <span class='ocrx_word' id='word_1_249' title='bbox 2409 1858 2443 1925; x_wconf 85' lang='grc' dir='ltr'><strong>ἡ</strong></span> <span class='ocrx_word' id='word_1_250' title='bbox 2476 1855 2587 1909; x_wconf 78' lang='grc' dir='ltr'><strong>Εὕα</strong></span> <span class='ocrx_word' id='word_1_251' title='bbox 2622 1856 2905 1925; x_wconf 75' lang='grc' dir='ltr'>συζήσασα</span> <span class='ocrx_word' id='word_1_252' title='bbox 2946 1858 3028 1927; x_wconf 83' lang='grc' dir='ltr'>τῷ</span> <span class='ocrx_word' id='word_1_253' title='bbox 3073 1859 3268 1928; x_wconf 71' lang='grc' dir='ltr'>Ἀδὰμ,</span> <span class='ocrx_word' id='word_1_254' title='bbox 3300 1859 3417 1911; x_wconf 77' lang='grc' dir='ltr'>ἀλλ’</span> <span class='ocrx_word' id='word_1_255' title='bbox 3444 1861 3523 1922; x_wconf 83' lang='grc' dir='ltr'>ὡς</span> <span class='ocrx_word' id='word_1_256' title='bbox 3553 1876 3753 1930; x_wconf 86' lang='grc' dir='ltr'>συνερ-</span> 
     </span>
    </p>
   </div>
   <div class='ocr_carea' id='block_1_37' title="bbox 484 1948 2055 2022">
    <p class='ocr_par' dir='ltr' id='par_1_37' title="bbox 484 1952 2055 2022">
     <span class='ocr_line' id='line_1_39' title="bbox 484 1952 2055 2022; baseline -0.003 -12"><span class='ocrx_word' id='word_1_257' title='bbox 484 1956 808 2013; x_wconf 85' lang='lat' dir='ltr'><strong>versabatur</strong></span> <span class='ocrx_word' id='word_1_258' title='bbox 836 1970 959 2010; x_wconf 89' lang='lat' dir='ltr'><strong>cum</strong></span> <span class='ocrx_word' id='word_1_259' title='bbox 996 1955 1113 2007; x_wconf 91' lang='lat' dir='ltr'><strong>viro</strong></span> <span class='ocrx_word' id='word_1_260' title='bbox 1144 1968 1267 2017; x_wconf 88' lang='lat' dir='ltr'><strong>suo,</strong></span> <span class='ocrx_word' id='word_1_261' title='bbox 1299 1952 1391 2007; x_wconf 87' lang='lat' dir='ltr'><strong>sed</strong></span> <span class='ocrx_word' id='word_1_262' title='bbox 1430 1953 1593 2007; x_wconf 82' lang='lat' dir='ltr'><strong>veluti</strong></span> <span class='ocrx_word' id='word_1_263' title='bbox 1637 1952 1735 2022; x_wconf 86' lang='lat' dir='ltr'><strong>ipsi</strong></span> <span class='ocrx_word' id='word_1_264' title='bbox 1781 1967 1965 2006; x_wconf 89' lang='lat' dir='ltr'><strong>comes</strong></span> <span class='ocrx_word' id='word_1_265' title='bbox 2006 1952 2055 2005; x_wconf 91' lang='lat' dir='ltr'><strong>in</strong></span> 
     </span>
    </p>
   </div>
   <div class='ocr_carea' id='block_1_38' title="bbox 2159 1948 3754 2022">
    <p class='ocr_par' dir='ltr' id='par_1_38' title="bbox 2160 1948 3754 2021">
     <span class='ocr_line' id='line_1_40' title="bbox 2160 1948 3754 2021; baseline 0.002 -21"><span class='ocrx_word' id='word_1_266' title='bbox 2160 1950 2256 2018; x_wconf 90' lang='grc' dir='ltr'><strong>γὸς</strong></span> <span class='ocrx_word' id='word_1_267' title='bbox 2296 1948 2680 2018; x_wconf 72' lang='grc' dir='ltr'>εὐχαριστίας,</span> <span class='ocrx_word' id='word_1_268' title='bbox 2723 1951 2817 2003; x_wconf 57' lang='grc' dir='ltr'><strong>καὶ⁵</strong></span> <span class='ocrx_word' id='word_1_269' title='bbox 2855 1950 3214 2020; x_wconf 83' lang='grc' dir='ltr'>συμπονοῦσα</span> <span class='ocrx_word' id='word_1_270' title='bbox 3267 1952 3385 2021; x_wconf 79' lang='grc' dir='ltr'>μετ’</span> <span class='ocrx_word' id='word_1_271' title='bbox 3420 1951 3589 2004; x_wconf 75' lang='grc' dir='ltr'>αὐτοῦ</span> <span class='ocrx_word' id='word_1_272' title='bbox 3630 1955 3754 2015; x_wconf 81' lang='grc' dir='ltr'>ταῖς</span> 
     </span>
    </p>
   </div>
   <div class='ocr_carea' id='block_1_39' title="bbox 483 2041 2055 2119">
    <p class='ocr_par' dir='ltr' id='par_1_39' title="bbox 483 2044 2055 2119">
     <span class='ocr_line' id='line_1_41' title="bbox 483 2044 2055 2119; baseline -0.004 -16"><span class='ocrx_word' id='word_1_273' title='bbox 483 2049 742 2119; x_wconf 87' lang='lat' dir='ltr'><strong>operibus</strong></span> <span class='ocrx_word' id='word_1_274' title='bbox 796 2047 902 2102; x_wconf 91' lang='lat' dir='ltr'><strong>Deo</strong></span> <span class='ocrx_word' id='word_1_275' title='bbox 936 2046 1195 2116; x_wconf 84' lang='lat' dir='ltr'><strong>acceptis,</strong></span> <span class='ocrx_word' id='word_1_276' title='bbox 1231 2062 1293 2101; x_wconf 88' lang='lat' dir='ltr'><strong>ac</strong></span> <span class='ocrx_word' id='word_1_277' title='bbox 1343 2046 1505 2099; x_wconf 91' lang='lat' dir='ltr'><strong>simul</strong></span> <span class='ocrx_word' id='word_1_278' title='bbox 1540 2060 1665 2100; x_wconf 91' lang='lat' dir='ltr'><strong>cum</strong></span> <span class='ocrx_word' id='word_1_279' title='bbox 1698 2060 1763 2099; x_wconf 92' lang='lat' dir='ltr'><strong>eo</strong></span> <span class='ocrx_word' id='word_1_280' title='bbox 1814 2044 1867 2098; x_wconf 93' lang='lat' dir='ltr'><strong>in</strong></span> <span class='ocrx_word' id='word_1_281' title='bbox 1900 2044 2055 2098; x_wconf 85' lang='lat' dir='ltr'><strong>bene-</strong></span> 
     </span>
    </p>
   </div>
   <div class='ocr_carea' id='block_1_40' title="bbox 2159 2041 3755 2119">
    <p class='ocr_par' dir='ltr' id='par_1_40' title="bbox 2159 2041 3755 2115">
     <span class='ocr_line' id='line_1_42' title="bbox 2159 2041 3755 2115; baseline 0.003 -22"><span class='ocrx_word' id='word_1_282' title='bbox 2159 2041 2417 2111; x_wconf 74' lang='grc' dir='ltr'>ψυχικαῖς</span> <span class='ocrx_word' id='word_1_283' title='bbox 2460 2042 2828 2112; x_wconf 72' lang='grc' dir='ltr'><strong>εὐεργεσίαις*</strong></span> <span class='ocrx_word' id='word_1_284' title='bbox 2861 2045 2958 2096; x_wconf 77' lang='grc' dir='ltr'>καὶ</span> <span class='ocrx_word' id='word_1_285' title='bbox 2998 2042 3073 2106; x_wconf 81' lang='grc' dir='ltr'><strong>ὡς</strong></span> <span class='ocrx_word' id='word_1_286' title='bbox 3109 2043 3337 2115; x_wconf 88' lang='grc' dir='ltr'>ἀληθῶς</span> <span class='ocrx_word' id='word_1_287' title='bbox 3370 2044 3552 2113; x_wconf 78' lang='grc' dir='ltr'>ἀγαθὴ</span> <span class='ocrx_word' id='word_1_288' title='bbox 3587 2063 3656 2115; x_wconf 90' lang='grc' dir='ltr'><strong>με</strong></span> <span class='ocrx_word' id='word_1_289' title='bbox 3669 2046 3755 2113; x_wconf 68' lang='lat' dir='ltr'><strong>pi;</strong></span> 
     </span>
    </p>
   </div>
   <div class='ocr_carea' id='block_1_41' title="bbox 484 2134 2055 2209">
    <p class='ocr_par' dir='ltr' id='par_1_41' title="bbox 484 2134 2055 2209">
     <span class='ocr_line' id='line_1_43' title="bbox 484 2134 2055 2209; baseline -0.004 -16"><span class='ocrx_word' id='word_1_290' title='bbox 484 2139 643 2194; x_wconf 79' lang='lat' dir='ltr'><strong>factis</strong></span> <span class='ocrx_word' id='word_1_291' title='bbox 674 2137 1050 2209; x_wconf 89' lang='lat' dir='ltr'><strong>spiritualibus</strong></span> <span class='ocrx_word' id='word_1_292' title='bbox 1076 2136 1420 2189; x_wconf 79' lang='lat' dir='ltr'><strong>collaborans</strong></span> <span class='ocrx_word' id='word_1_293' title='bbox 1445 2153 1459 2201; x_wconf 92' lang='lat'>;</span> <span class='ocrx_word' id='word_1_294' title='bbox 1484 2148 1647 2204; x_wconf 88' lang='lat' dir='ltr'><strong>atque</strong></span> <span class='ocrx_word' id='word_1_295' title='bbox 1671 2145 1728 2188; x_wconf 91' lang='lat' dir='ltr'><strong>nt</strong></span> <span class='ocrx_word' id='word_1_296' title='bbox 1751 2136 1931 2205; x_wconf 89' lang='lat' dir='ltr'><strong>portio</strong></span> <span class='ocrx_word' id='word_1_297' title='bbox 1960 2134 2055 2187; x_wconf 85' lang='lat' dir='ltr'><strong>viri</strong></span> 
     </span>
    </p>
   </div>
   <div class='ocr_carea' id='block_1_42' title="bbox 2159 2134 3749 2209">
    <p class='ocr_par' dir='ltr' id='par_1_42' title="bbox 2160 2134 3749 2205">
     <span class='ocr_line' id='line_1_44' title="bbox 2160 2134 3749 2205; baseline 0.001 -20"><span class='ocrx_word' id='word_1_298' title='bbox 2160 2134 2610 2203; x_wconf 85' lang='grc' dir='ltr'>τελεσφορήσασα</span> <span class='ocrx_word' id='word_1_299' title='bbox 2650 2134 2748 2205; x_wconf 77' lang='grc' dir='ltr'>τὴν</span> <span class='ocrx_word' id='word_1_300' title='bbox 2793 2134 2980 2205; x_wconf 79' lang='grc' dir='ltr'>κοίτην</span> <span class='ocrx_word' id='word_1_301' title='bbox 3023 2135 3103 2205; x_wconf 83' lang='grc' dir='ltr'>τῷ</span> <span class='ocrx_word' id='word_1_302' title='bbox 3149 2135 3327 2203; x_wconf 83' lang='grc' dir='ltr'>ἀνδρί.</span> <span class='ocrx_word' id='word_1_303' title='bbox 3385 2134 3448 2187; x_wconf 83' lang='grc' dir='ltr'><em>Ἦ</em></span> <span class='ocrx_word' id='word_1_304' title='bbox 3497 2137 3597 2205; x_wconf 81' lang='grc' dir='ltr'>μὲν</span> <span class='ocrx_word' id='word_1_305' title='bbox 3639 2136 3749 2203; x_wconf 73' lang='grc' dir='ltr'>γὰρ</span> 
     </span>
    </p>
   </div>
   <div class='ocr_carea' id='block_1_43' title="bbox 484 2218 2055 2302">
    <p class='ocr_par' dir='ltr' id='par_1_43' title="bbox 484 2228 2055 2302">
     <span class='ocr_line' id='line_1_45' title="bbox 484 2228 2055 2302; baseline -0.003 -17"><span class='ocrx_word' id='word_1_306' title='bbox 484 2247 716 2302; x_wconf 88' lang='lat' dir='ltr'><strong>prorsus</strong></span> <span class='ocrx_word' id='word_1_307' title='bbox 749 2232 913 2297; x_wconf 87' lang='lat' dir='ltr'><strong>bona,</strong></span> <span class='ocrx_word' id='word_1_308' title='bbox 942 2230 1196 2285; x_wconf 85' lang='lat' dir='ltr'><strong>connubii</strong></span> <span class='ocrx_word' id='word_1_309' title='bbox 1233 2229 1468 2283; x_wconf 81' lang='lat' dir='ltr'><strong>fructum</strong></span> <span class='ocrx_word' id='word_1_310' title='bbox 1499 2229 1603 2297; x_wconf 90' lang='lat' dir='ltr'><strong>ipsi</strong></span> <span class='ocrx_word' id='word_1_311' title='bbox 1636 2228 1897 2282; x_wconf 81' lang='lat' dir='ltr'><strong>eximium</strong></span> <span class='ocrx_word' id='word_1_312' title='bbox 1933 2242 2055 2296; x_wconf 92' lang='lat' dir='ltr'><strong>pro-</strong></span> 
     </span>
    </p>
   </div>
   <div class='ocr_carea' id='block_1_44' title="bbox 2159 2218 3751 2302">
    <p class='ocr_par' dir='ltr' id='par_1_44' title="bbox 2162 2218 3751 2296">
     <span class='ocr_line' id='line_1_46' title="bbox 2162 2218 3751 2296; baseline 0.001 -20"><span class='ocrx_word' id='word_1_313' title='bbox 2162 2218 2276 2278; x_wconf 83' lang='grc' dir='ltr'>Εὗα</span> <span class='ocrx_word' id='word_1_314' title='bbox 2297 2224 2383 2276; x_wconf 85' lang='grc' dir='ltr'><strong>διὰ</strong></span> <span class='ocrx_word' id='word_1_315' title='bbox 2411 2224 2625 2293; x_wconf 88' lang='grc' dir='ltr'>καρπὸν</span> <span class='ocrx_word' id='word_1_316' title='bbox 2654 2223 2821 2294; x_wconf 78' lang='grc' dir='ltr'>φυτοῦ</span> <span class='ocrx_word' id='word_1_317' title='bbox 2843 2225 2921 2294; x_wconf 82' lang='grc' dir='ltr'><strong>τῷ</strong></span> <span class='ocrx_word' id='word_1_318' title='bbox 2944 2226 3135 2296; x_wconf 83' lang='grc' dir='ltr'>κόσμῳ</span> <span class='ocrx_word' id='word_1_319' title='bbox 3157 2226 3337 2296; x_wconf 80' lang='grc' dir='ltr'>λύπης</span> <span class='ocrx_word' id='word_1_320' title='bbox 3369 2226 3589 2293; x_wconf 72' lang='grc' dir='ltr'>ἐγένετο</span> <span class='ocrx_word' id='word_1_321' title='bbox 3618 2227 3751 2295; x_wconf 84' lang='grc' dir='ltr'>πρό-</span> 
     </span>
    </p>
   </div>
   <div class='ocr_carea' id='block_1_45' title="bbox 485 2312 2055 2390">
    <p class='ocr_par' dir='ltr' id='par_1_45' title="bbox 485 2316 2055 2390">
     <span class='ocr_line' id='line_1_47' title="bbox 485 2316 2055 2390; baseline -0.004 -15"><span class='ocrx_word' id='word_1_322' title='bbox 485 2321 629 2376; x_wconf 91' lang='lat' dir='ltr'><strong>tulit.</strong></span> <span class='ocrx_word' id='word_1_323' title='bbox 666 2320 732 2375; x_wconf 84' lang='lat' dir='ltr'><strong>Et</strong></span> <span class='ocrx_word' id='word_1_324' title='bbox 772 2319 1016 2390; x_wconf 83' lang='lat' dir='ltr'><strong>profecto</strong></span> <span class='ocrx_word' id='word_1_325' title='bbox 1040 2319 1148 2372; x_wconf 85' lang='lat' dir='ltr'><strong>Eva</strong></span> <span class='ocrx_word' id='word_1_326' title='bbox 1179 2320 1397 2387; x_wconf 79' lang='lat' dir='ltr'><strong>quidem</strong></span> <span class='ocrx_word' id='word_1_327' title='bbox 1442 2329 1661 2386; x_wconf 86' lang='lat' dir='ltr'><strong>propter</strong></span> <span class='ocrx_word' id='word_1_328' title='bbox 1702 2318 1915 2372; x_wconf 88' lang='lat' dir='ltr'><strong>arboris</strong></span> <span class='ocrx_word' id='word_1_329' title='bbox 1948 2316 2055 2370; x_wconf 82' lang='lat' dir='ltr'><strong>l‘rtt-</strong></span> 
     </span>
    </p>
   </div>
   <div class='ocr_carea' id='block_1_46' title="bbox 2159 2312 3749 2390">
    <p class='ocr_par' dir='ltr' id='par_1_46' title="bbox 2164 2312 3749 2390">
     <span class='ocr_line' id='line_1_48' title="bbox 2164 2312 3749 2390; baseline 0.003 -25"><span class='ocrx_word' id='word_1_330' title='bbox 2164 2314 2334 2390; x_wconf 80' lang='grc' dir='ltr'>ξενος’</span> <span class='ocrx_word' id='word_1_331' title='bbox 2367 2316 2400 2385; x_wconf 76' lang='grc' dir='ltr'>ἡ</span> <span class='ocrx_word' id='word_1_332' title='bbox 2430 2314 2487 2366; x_wconf 83' lang='grc' dir='ltr'><strong>δὲ</strong></span> <span class='ocrx_word' id='word_1_333' title='bbox 2525 2312 2620 2366; x_wconf 76' lang='grc' dir='ltr'><strong>τοῦ</strong></span> <span class='ocrx_word' id='word_1_334' title='bbox 2662 2313 2918 2385; x_wconf 71' lang='grc' dir='ltr'>Ἰωακεὶμ</span> <span class='ocrx_word' id='word_1_335' title='bbox 2962 2317 3130 2368; x_wconf 77' lang='grc' dir='ltr'>Ἄννα</span> <span class='ocrx_word' id='word_1_336' title='bbox 3169 2315 3256 2369; x_wconf 83' lang='grc' dir='ltr'>διὰ</span> <span class='ocrx_word' id='word_1_337' title='bbox 3298 2316 3512 2388; x_wconf 84' lang='grc' dir='ltr'>καρπὸν</span> <span class='ocrx_word' id='word_1_338' title='bbox 3540 2316 3749 2377; x_wconf 80' lang='grc' dir='ltr'>κοιλίας</span> 
     </span>
    </p>
   </div>
   <div class='ocr_carea' id='block_1_47' title="bbox 485 2388 2055 2480">
    <p class='ocr_par' dir='ltr' id='par_1_47' title="bbox 485 2388 2055 2472">
     <span class='ocr_line' id='line_1_49' title="bbox 485 2388 2055 2472; baseline -0.008 -5"><span class='ocrx_word' id='word_1_339' title='bbox 485 2422 634 2467; x_wconf 91' lang='lat' dir='ltr'><strong>ctum</strong></span> <span class='ocrx_word' id='word_1_340' title='bbox 663 2388 921 2464; x_wconf 75' lang='lat' dir='ltr'><strong>universo</strong></span> <span class='ocrx_word' id='word_1_341' title='bbox 947 2407 1153 2462; x_wconf 88' lang='lat' dir='ltr'><strong>mundo</strong></span> <span class='ocrx_word' id='word_1_342' title='bbox 1182 2421 1405 2460; x_wconf 87' lang='lat' dir='ltr'><strong>causam</strong></span> <span class='ocrx_word' id='word_1_343' title='bbox 1439 2420 1496 2459; x_wconf 89' lang='lat' dir='ltr'><strong>se</strong></span> <span class='ocrx_word' id='word_1_344' title='bbox 1520 2404 1773 2459; x_wconf 76' lang='lat' dir='ltr'><strong>mrcroris</strong></span> <span class='ocrx_word' id='word_1_345' title='bbox 1799 2402 2055 2472; x_wconf 63' lang='lat' dir='ltr'><strong>prmbuit;</strong></span> 
     </span>
    </p>
   </div>
   <div class='ocr_carea' id='block_1_48' title="bbox 2159 2388 3105 2480">
    <p class='ocr_par' dir='ltr' id='par_1_48' title="bbox 2162 2388 3105 2480">
     <span class='ocr_line' id='line_1_50' title="bbox 2162 2388 3105 2480; baseline 0.004 -21"><span class='ocrx_word' id='word_1_346' title='bbox 2162 2406 2241 2478; x_wconf 82' lang='grc' dir='ltr'>τῷ</span> <span class='ocrx_word' id='word_1_347' title='bbox 2259 2388 2478 2480; x_wconf 50' lang='grc' dir='ltr'>’κτίστῃ</span> <span class='ocrx_word' id='word_1_348' title='bbox 2502 2407 2913 2478; x_wconf 80' lang='grc' dir='ltr'>κεχρημάτικεν</span> <span class='ocrx_word' id='word_1_349' title='bbox 2939 2408 3105 2480; x_wconf 80' lang='grc' dir='ltr'>χαρά.</span> 
     </span>
    </p>
   </div>
   <div class='ocr_carea' id='block_1_49' title="bbox 487 2495 2063 2571">
    <p class='ocr_par' dir='ltr' id='par_1_49' title="bbox 487 2495 2063 2571">
     <span class='ocr_line' id='line_1_51' title="bbox 487 2495 2063 2571; baseline -0.005 -14"><span class='ocrx_word' id='word_1_350' title='bbox 487 2512 543 2557; x_wconf 91' lang='lat' dir='ltr'><strong>at</strong></span> <span class='ocrx_word' id='word_1_351' title='bbox 575 2503 776 2571; x_wconf 81' lang='lat' dir='ltr'><strong>conjtts</strong></span> <span class='ocrx_word' id='word_1_352' title='bbox 804 2500 1075 2556; x_wconf 84' lang='lat' dir='ltr'><strong>Joachimi</strong></span> <span class='ocrx_word' id='word_1_353' title='bbox 1104 2500 1258 2553; x_wconf 84' lang='lat' dir='ltr'><strong>Anna</strong></span> <span class='ocrx_word' id='word_1_354' title='bbox 1288 2514 1381 2568; x_wconf 89' lang='lat' dir='ltr'><strong>per</strong></span> <span class='ocrx_word' id='word_1_355' title='bbox 1417 2497 1655 2553; x_wconf 82' lang='lat' dir='ltr'><strong>fructum</strong></span> <span class='ocrx_word' id='word_1_356' title='bbox 1694 2496 1831 2552; x_wconf 91' lang='lat' dir='ltr'><strong>uteri</strong></span> <span class='ocrx_word' id='word_1_357' title='bbox 1866 2495 2063 2568; x_wconf 82' lang='lat' dir='ltr'><strong>gaudio</strong></span> 
     </span>
    </p>
   </div>
   <div class='ocr_carea' id='block_1_50' title="bbox 484 2591 884 2647">
    <p class='ocr_par' dir='ltr' id='par_1_50' title="bbox 484 2591 884 2647">
     <span class='ocr_line' id='line_1_52' title="bbox 484 2591 884 2647; baseline 0 -2"><span class='ocrx_word' id='word_1_358' title='bbox 484 2592 729 2647; x_wconf 87' lang='lat' dir='ltr'><strong>Creatori</strong></span> <span class='ocrx_word' id='word_1_359' title='bbox 759 2591 884 2646; x_wconf 79' lang='lat' dir='ltr'><strong>fuit.</strong></span> 
     </span>
    </p>
   </div>
   <div class='ocr_carea' id='block_1_51' title="bbox 556 2677 2055 2753">
    <p class='ocr_par' dir='ltr' id='par_1_51' title="bbox 556 2682 2055 2753">
     <span class='ocr_line' id='line_1_53' title="bbox 556 2682 2055 2753; baseline 0.001 -14"><span class='ocrx_word' id='word_1_360' title='bbox 556 2683 622 2740; x_wconf 75' lang='grc' dir='ltr'><strong>ν.</strong></span> <span class='ocrx_word' id='word_1_361' title='bbox 653 2683 921 2739; x_wconf 90' lang='lat' dir='ltr'><strong>Omnibus</strong></span> <span class='ocrx_word' id='word_1_362' title='bbox 977 2696 1144 2753; x_wconf 85' lang='lat' dir='ltr'><strong>porro</strong></span> <span class='ocrx_word' id='word_1_363' title='bbox 1200 2682 1536 2753; x_wconf 80' lang='lat' dir='ltr'><strong>exploratum</strong></span> <span class='ocrx_word' id='word_1_364' title='bbox 1583 2692 1684 2749; x_wconf 88' lang='lat' dir='ltr'><strong>est,</strong></span> <span class='ocrx_word' id='word_1_365' title='bbox 1722 2683 1904 2740; x_wconf 68' lang='lat' dir='ltr'><strong>Mariae</strong></span> <span class='ocrx_word' id='word_1_366' title='bbox 1960 2683 2055 2740; x_wconf 95' lang='lat' dir='ltr'><strong>Dei</strong></span> 
     </span>
    </p>
   </div>
   <div class='ocr_carea' id='block_1_52' title="bbox 2159 2677 3751 2753">
    <p class='ocr_par' dir='ltr' id='par_1_52' title="bbox 2236 2677 3751 2750">
     <span class='ocr_line' id='line_1_54' title="bbox 2236 2677 3751 2750; baseline -0.002 -17"><span class='ocrx_word' id='word_1_367' title='bbox 2236 2680 2308 2733; x_wconf 86' lang='lat' dir='ltr'><strong>E&#39;.</strong></span> <span class='ocrx_word' id='word_1_368' title='bbox 2344 2680 2519 2734; x_wconf 80' lang='grc' dir='ltr'>Πᾶσιν</span> <span class='ocrx_word' id='word_1_369' title='bbox 2558 2678 2740 2748; x_wconf 80' lang='grc' dir='ltr'>μέντοι</span> <span class='ocrx_word' id='word_1_370' title='bbox 2782 2677 3046 2748; x_wconf 78' lang='grc' dir='ltr'>γνωστὸν,</span> <span class='ocrx_word' id='word_1_371' title='bbox 3072 2677 3149 2741; x_wconf 85' lang='grc' dir='ltr'><strong>ὡς</strong></span> <span class='ocrx_word' id='word_1_372' title='bbox 3174 2678 3234 2732; x_wconf 79' lang='grc' dir='ltr'>ὲν</span> <span class='ocrx_word' id='word_1_373' title='bbox 3258 2679 3327 2749; x_wconf 77' lang='grc' dir='ltr'><strong>τῇ</strong></span> <span class='ocrx_word' id='word_1_374' title='bbox 3354 2677 3619 2750; x_wconf 77' lang='grc' dir='ltr'>Γαλιλαίᾳ</span> <span class='ocrx_word' id='word_1_375' title='bbox 3642 2679 3751 2731; x_wconf 84' lang='grc' dir='ltr'><strong>τῶν</strong></span> 
     </span>
    </p>
   </div>
   <div class='ocr_carea' id='block_1_53' title="bbox 488 2769 2055 2842">
    <p class='ocr_par' dir='ltr' id='par_1_53' title="bbox 488 2775 2055 2836">
     <span class='ocr_line' id='line_1_55' title="bbox 488 2775 2055 2836; baseline -0.003 -1"><span class='ocrx_word' id='word_1_376' title='bbox 488 2778 751 2836; x_wconf 76' lang='lat' dir='ltr'><strong>Grnitrici</strong></span> <span class='ocrx_word' id='word_1_377' title='bbox 775 2777 1014 2832; x_wconf 81' lang='lat' dir='ltr'><strong>faustum</strong></span> <span class='ocrx_word' id='word_1_378' title='bbox 1072 2775 1203 2829; x_wconf 87' lang='lat' dir='ltr'><strong>illud</strong></span> <span class='ocrx_word' id='word_1_379' title='bbox 1239 2775 1490 2829; x_wconf 89' lang='lat' dir='ltr'><strong>nuntium</strong></span> <span class='ocrx_word' id='word_1_380' title='bbox 1532 2775 1771 2830; x_wconf 90' lang='lat' dir='ltr'><strong>delatum</strong></span> <span class='ocrx_word' id='word_1_381' title='bbox 1809 2775 1977 2832; x_wconf 80' lang='lat' dir='ltr'><strong>fuisse</strong></span> <span class='ocrx_word' id='word_1_382' title='bbox 2008 2777 2055 2831; x_wconf 91' lang='lat' dir='ltr'><strong>in</strong></span> 
     </span>
    </p>
   </div>
   <div class='ocr_carea' id='block_1_54' title="bbox 2159 2769 3751 2842">
    <p class='ocr_par' dir='ltr' id='par_1_54' title="bbox 2162 2769 3751 2842">
     <span class='ocr_line' id='line_1_56' title="bbox 2162 2769 3751 2842; baseline -0.003 -18"><span class='ocrx_word' id='word_1_383' title='bbox 2162 2771 2331 2825; x_wconf 77' lang='grc' dir='ltr'>ἐθνῶν</span> <span class='ocrx_word' id='word_1_384' title='bbox 2378 2771 2412 2842; x_wconf 82' lang='grc' dir='ltr'><strong>ή</strong></span> <span class='ocrx_word' id='word_1_385' title='bbox 2450 2770 2714 2832; x_wconf 85' lang='grc' dir='ltr'>Θεοτόκος</span> <span class='ocrx_word' id='word_1_386' title='bbox 2748 2769 3113 2841; x_wconf 77' lang='grc' dir='ltr'><strong>εὐηγγελίσθη</strong></span> <span class='ocrx_word' id='word_1_387' title='bbox 3160 2770 3350 2839; x_wconf 88' lang='grc' dir='ltr'>Μαρία</span> <span class='ocrx_word' id='word_1_388' title='bbox 3382 2772 3443 2823; x_wconf 82' lang='grc' dir='ltr'>ὲν</span> <span class='ocrx_word' id='word_1_389' title='bbox 3492 2770 3570 2840; x_wconf 79' lang='grc' dir='ltr'><strong>τῷ</strong></span> <span class='ocrx_word' id='word_1_390' title='bbox 3614 2769 3751 2839; x_wconf 75' lang='grc' dir='ltr'>οἴκῳ</span> 
     </span>
    </p>
   </div>
   <div class='ocr_carea' id='block_1_55' title="bbox 481 2862 2055 2937">
    <p class='ocr_par' dir='ltr' id='par_1_55' title="bbox 481 2864 2055 2937">
     <span class='ocr_line' id='line_1_57' title="bbox 481 2864 2055 2937; baseline -0.003 -12"><span class='ocrx_word' id='word_1_391' title='bbox 481 2870 704 2926; x_wconf 78' lang='lat' dir='ltr'><strong>Galilaea</strong></span> <span class='ocrx_word' id='word_1_392' title='bbox 748 2868 1011 2937; x_wconf 81' lang='lat' dir='ltr'><strong>gentium,</strong></span> <span class='ocrx_word' id='word_1_393' title='bbox 1044 2866 1097 2921; x_wconf 92' lang='lat' dir='ltr'><strong>in</strong></span> <span class='ocrx_word' id='word_1_394' title='bbox 1157 2865 1321 2921; x_wconf 88' lang='lat' dir='ltr'><strong>domo</strong></span> <span class='ocrx_word' id='word_1_395' title='bbox 1351 2864 1574 2937; x_wconf 73' lang='lat' dir='ltr'><strong>Iosephi</strong></span> <span class='ocrx_word' id='word_1_396' title='bbox 1605 2867 1786 2928; x_wconf 84' lang='lat' dir='ltr'><strong>Fabri,</strong></span> <span class='ocrx_word' id='word_1_397' title='bbox 1828 2867 1923 2937; x_wconf 92' lang='lat' dir='ltr'><strong>qui</strong></span> <span class='ocrx_word' id='word_1_398' title='bbox 1990 2868 2055 2921; x_wconf 90' lang='lat' dir='ltr'><strong>ad</strong></span> 
     </span>
    </p>
   </div>
   <div class='ocr_carea' id='block_1_56' title="bbox 2159 2862 3753 2937">
    <p class='ocr_par' dir='ltr' id='par_1_56' title="bbox 2161 2862 3753 2934">
     <span class='ocr_line' id='line_1_58' title="bbox 2161 2862 3753 2934; baseline -0.003 -15"><span class='ocrx_word' id='word_1_399' title='bbox 2161 2863 2255 2919; x_wconf 80' lang='grc' dir='ltr'><strong>τοῦ</strong></span> <span class='ocrx_word' id='word_1_400' title='bbox 2290 2864 2539 2927; x_wconf 84' lang='grc' dir='ltr'>τέκτονος</span> <span class='ocrx_word' id='word_1_401' title='bbox 2585 2862 2806 2933; x_wconf 73' lang='grc' dir='ltr'>Ἰωσὴφ,</span> <span class='ocrx_word' id='word_1_402' title='bbox 2837 2862 2930 2915; x_wconf 79' lang='grc' dir='ltr'><strong>τοῦ</strong></span> <span class='ocrx_word' id='word_1_403' title='bbox 2960 2862 3053 2915; x_wconf 76' lang='grc' dir='ltr'>καὶ</span> <span class='ocrx_word' id='word_1_404' title='bbox 3093 2864 3544 2934; x_wconf 85' lang='grc' dir='ltr'>χρηματίσαντος</span> <span class='ocrx_word' id='word_1_405' title='bbox 3564 2902 3579 2924; x_wconf 86' lang='grc'><strong>.</strong></span> <span class='ocrx_word' id='word_1_406' title='bbox 3610 2865 3753 2915; x_wconf 68' lang='grc' dir='ltr'>κατὰ</span> 
     </span>
    </p>
   </div>
   <div class='ocr_carea' id='block_1_57' title="bbox 480 2954 2055 3033">
    <p class='ocr_par' dir='ltr' id='par_1_57' title="bbox 480 2962 2055 3033">
     <span class='ocr_line' id='line_1_59' title="bbox 480 2962 2055 3033; baseline -0.002 -12"><span class='ocrx_word' id='word_1_407' title='bbox 480 2966 780 3021; x_wconf 88' lang='lat' dir='ltr'><strong>eludendas</strong></span> <span class='ocrx_word' id='word_1_408' title='bbox 804 2964 1008 3019; x_wconf 84' lang='lat' dir='ltr'><strong>diaboli</strong></span> <span class='ocrx_word' id='word_1_409' title='bbox 1035 2962 1467 3017; x_wconf 83' lang='lat' dir='ltr'><strong>machinationes</strong></span> <span class='ocrx_word' id='word_1_410' title='bbox 1489 2962 1649 3016; x_wconf 89' lang='lat' dir='ltr'><strong>datus</strong></span> <span class='ocrx_word' id='word_1_411' title='bbox 1663 2963 1829 3017; x_wconf 88' lang='lat' dir='ltr'><strong>etiam</strong></span> <span class='ocrx_word' id='word_1_412' title='bbox 1852 2962 2055 3033; x_wconf 83' lang='lat' dir='ltr'><strong>Virgini</strong></span> 
     </span>
    </p>
   </div>
   <div class='ocr_carea' id='block_1_58' title="bbox 2159 2954 3751 3033">
    <p class='ocr_par' dir='ltr' id='par_1_58' title="bbox 2164 2954 3751 3027">
     <span class='ocr_line' id='line_1_60' title="bbox 2164 2954 3751 3027; baseline 0.001 -18"><span class='ocrx_word' id='word_1_413' title='bbox 2164 2955 2522 3027; x_wconf 79' lang='grc' dir='ltr'>συναρπαγὴν</span> <span class='ocrx_word' id='word_1_414' title='bbox 2566 2954 2659 3008; x_wconf 76' lang='grc' dir='ltr'>τοῦ</span> <span class='ocrx_word' id='word_1_415' title='bbox 2702 2954 2952 3009; x_wconf 88' lang='grc' dir='ltr'>διαϐόλου</span> <span class='ocrx_word' id='word_1_416' title='bbox 3024 2955 3260 3023; x_wconf 74' lang='grc' dir='ltr'>συζύγου</span> <span class='ocrx_word' id='word_1_417' title='bbox 3309 2956 3408 3024; x_wconf 80' lang='grc' dir='ltr'>τῆς</span> <span class='ocrx_word' id='word_1_418' title='bbox 3440 2956 3751 3026; x_wconf 78' lang='grc' dir='ltr'>Παρθένου.</span> 
     </span>
    </p>
   </div>
   <div class='ocr_carea' id='block_1_59' title="bbox 481 3047 2055 3134">
    <p class='ocr_par' dir='ltr' id='par_1_59' title="bbox 481 3053 2055 3126">
     <span class='ocr_line' id='line_1_61' title="bbox 481 3053 2055 3126; baseline -0.001 -15"><span class='ocrx_word' id='word_1_419' title='bbox 481 3056 681 3126; x_wconf 82' lang='lat' dir='ltr'><strong>eouqu</strong></span> <span class='ocrx_word' id='word_1_420' title='bbox 741 3055 941 3110; x_wconf 78' lang='lat' dir='ltr'><strong>fuerat.</strong></span> <span class='ocrx_word' id='word_1_421' title='bbox 977 3053 1047 3107; x_wconf 80' lang='lat' dir='ltr'><strong>At</strong></span> <span class='ocrx_word' id='word_1_422' title='bbox 1104 3069 1297 3109; x_wconf 87' lang='lat' dir='ltr'><strong>rursus</strong></span> <span class='ocrx_word' id='word_1_423' title='bbox 1352 3062 1690 3123; x_wconf 87' lang='lat' dir='ltr'><strong>compertum</strong></span> <span class='ocrx_word' id='word_1_424' title='bbox 1747 3063 1853 3118; x_wconf 90' lang='lat' dir='ltr'><strong>est,</strong></span> <span class='ocrx_word' id='word_1_425' title='bbox 1884 3054 2055 3124; x_wconf 87' lang='lat' dir='ltr'><strong>ipsam</strong></span> 
     </span>
    </p>
   </div>
   <div class='ocr_carea' id='block_1_60' title="bbox 2159 3047 3753 3134">
    <p class='ocr_par' dir='ltr' id='par_1_60' title="bbox 2162 3047 3753 3119">
     <span class='ocr_line' id='line_1_62' title="bbox 2162 3047 3753 3119; baseline -0.001 -17"><span class='ocrx_word' id='word_1_426' title='bbox 2162 3048 2397 3117; x_wconf 76' lang='grc' dir='ltr'>Εὔδηλον</span> <span class='ocrx_word' id='word_1_427' title='bbox 2445 3049 2503 3102; x_wconf 78' lang='grc' dir='ltr'><strong>δὲ</strong></span> <span class='ocrx_word' id='word_1_428' title='bbox 2550 3048 2733 3108; x_wconf 80' lang='grc' dir='ltr'>πάλιν.</span> <span class='ocrx_word' id='word_1_429' title='bbox 2784 3049 2866 3102; x_wconf 81' lang='grc' dir='ltr'>ὃτι</span> <span class='ocrx_word' id='word_1_430' title='bbox 2896 3049 2954 3102; x_wconf 83' lang='grc' dir='ltr'>ἐν</span> <span class='ocrx_word' id='word_1_431' title='bbox 2997 3047 3249 3118; x_wconf 83' lang='grc' dir='ltr'>Βηθλεὲμ</span> <span class='ocrx_word' id='word_1_432' title='bbox 3279 3049 3618 3119; x_wconf 80' lang='grc' dir='ltr'>γεγέννηκεν</span> <span class='ocrx_word' id='word_1_433' title='bbox 3660 3050 3753 3101; x_wconf 79' lang='grc' dir='ltr'><strong>τὸν</strong></span> 
     </span>
    </p>
   </div>
   <div class='ocr_carea' id='block_1_61' title="bbox 480 3144 2055 3217">
    <p class='ocr_par' dir='ltr' id='par_1_61' title="bbox 480 3146 2055 3217">
     <span class='ocr_line' id='line_1_63' title="bbox 480 3146 2055 3217; baseline -0.003 -13"><span class='ocrx_word' id='word_1_434' title='bbox 480 3148 759 3204; x_wconf 81' lang='lat' dir='ltr'><strong>Christum</strong></span> <span class='ocrx_word' id='word_1_435' title='bbox 822 3147 1095 3217; x_wconf 89' lang='lat' dir='ltr'><strong>peperisse</strong></span> <span class='ocrx_word' id='word_1_436' title='bbox 1152 3147 1206 3201; x_wconf 90' lang='lat' dir='ltr'><strong>in</strong></span> <span class='ocrx_word' id='word_1_437' title='bbox 1266 3146 2055 3216; x_wconf 82' lang='lat' dir='ltr'><strong>Betltleem;quandoquidem</strong></span> 
     </span>
    </p>
   </div>
   <div class='ocr_carea' id='block_1_62' title="bbox 2159 3144 3753 3217">
    <p class='ocr_par' dir='ltr' id='par_1_62' title="bbox 2164 3144 3753 3214">
     <span class='ocr_line' id='line_1_64' title="bbox 2164 3144 3753 3214; baseline 0 -19"><span class='ocrx_word' id='word_1_438' title='bbox 2164 3144 2419 3212; x_wconf 82' lang='grc' dir='ltr'>Χριστόν·</span> <span class='ocrx_word' id='word_1_439' title='bbox 2447 3144 2529 3197; x_wconf 84' lang='grc' dir='ltr'>ὅτι</span> <span class='ocrx_word' id='word_1_440' title='bbox 2562 3145 2657 3197; x_wconf 75' lang='grc' dir='ltr'>καὶ</span> <span class='ocrx_word' id='word_1_441' title='bbox 2700 3144 2903 3214; x_wconf 72' lang='grc' dir='ltr'>πατρὶς</span> <span class='ocrx_word' id='word_1_442' title='bbox 2936 3144 3107 3213; x_wconf 85' lang='grc' dir='ltr'>αὐτῆς</span> <span class='ocrx_word' id='word_1_443' title='bbox 3148 3144 3287 3214; x_wconf 80' lang='grc' dir='ltr'>αὐτὴ</span> <span class='ocrx_word' id='word_1_444' title='bbox 3319 3145 3351 3214; x_wconf 82' lang='grc' dir='ltr'>ἡ</span> <span class='ocrx_word' id='word_1_445' title='bbox 3393 3144 3551 3205; x_wconf 84' lang='grc' dir='ltr'>πόλις</span> <span class='ocrx_word' id='word_1_446' title='bbox 3589 3144 3753 3210; x_wconf 80' lang='grc' dir='ltr'>ὲτύγο</span> 
     </span>
    </p>
   </div>
   <div class='ocr_carea' id='block_1_63' title="bbox 485 3234 2055 3312">
    <p class='ocr_par' dir='ltr' id='par_1_63' title="bbox 485 3238 2055 3312">
     <span class='ocr_line' id='line_1_65' title="bbox 485 3238 2055 3312; baseline -0.003 -15"><span class='ocrx_word' id='word_1_447' title='bbox 485 3246 601 3297; x_wconf 75' lang='lat' dir='ltr'><strong>luec</strong></span> <span class='ocrx_word' id='word_1_448' title='bbox 638 3242 753 3312; x_wconf 91' lang='lat' dir='ltr'><strong>ipsa</strong></span> <span class='ocrx_word' id='word_1_449' title='bbox 792 3240 947 3304; x_wconf 83' lang='lat' dir='ltr'><strong>urbs,</strong></span> <span class='ocrx_word' id='word_1_450' title='bbox 971 3240 1157 3293; x_wconf 85' lang='lat' dir='ltr'><strong>habita</strong></span> <span class='ocrx_word' id='word_1_451' title='bbox 1193 3239 1384 3293; x_wconf 80' lang='lat' dir='ltr'><strong>matris</strong></span> <span class='ocrx_word' id='word_1_452' title='bbox 1420 3238 1651 3303; x_wconf 89' lang='lat' dir='ltr'><strong>ratione,</strong></span> <span class='ocrx_word' id='word_1_453' title='bbox 1678 3240 1839 3293; x_wconf 84' lang='lat' dir='ltr'><strong>etiam</strong></span> <span class='ocrx_word' id='word_1_454' title='bbox 1881 3240 2055 3309; x_wconf 90' lang='lat' dir='ltr'><strong>patria</strong></span> 
     </span>
    </p>
   </div>
   <div class='ocr_carea' id='block_1_64' title="bbox 2159 3234 3754 3312">
    <p class='ocr_par' dir='ltr' id='par_1_64' title="bbox 2162 3234 3754 3306">
     <span class='ocr_line' id='line_1_66' title="bbox 2162 3234 3754 3306; baseline 0.001 -19"><span class='ocrx_word' id='word_1_455' title='bbox 2162 3252 2325 3305; x_wconf 91' lang='grc' dir='ltr'>χανεν</span> <span class='ocrx_word' id='word_1_456' title='bbox 2357 3235 2433 3298; x_wconf 85' lang='grc' dir='ltr'>ὼς</span> <span class='ocrx_word' id='word_1_457' title='bbox 2479 3235 2587 3288; x_wconf 80' lang='grc' dir='ltr'><strong>ἀπὸ</strong></span> <span class='ocrx_word' id='word_1_458' title='bbox 2638 3236 2866 3306; x_wconf 85' lang='grc' dir='ltr'>μητρὸς.</span> <span class='ocrx_word' id='word_1_459' title='bbox 2920 3236 3067 3289; x_wconf 86' lang='grc' dir='ltr'><strong>καθά</strong></span> <span class='ocrx_word' id='word_1_460' title='bbox 3117 3234 3477 3305; x_wconf 80' lang='grc' dir='ltr'>παρακατιὼν</span> <span class='ocrx_word' id='word_1_461' title='bbox 3518 3237 3549 3288; x_wconf 88' lang='lat'><strong>6</strong></span> <span class='ocrx_word' id='word_1_462' title='bbox 3593 3236 3754 3302; x_wconf 81' lang='grc' dir='ltr'>λόγος</span> 
     </span>
    </p>
   </div>
   <div class='ocr_carea' id='block_1_65' title="bbox 482 3322 2055 3407">
    <p class='ocr_par' dir='ltr' id='par_1_65' title="bbox 482 3330 2055 3407">
     <span class='ocr_line' id='line_1_67' title="bbox 482 3330 2055 3407; baseline -0.003 -17"><span class='ocrx_word' id='word_1_463' title='bbox 482 3337 656 3407; x_wconf 82' lang='lat' dir='ltr'><strong>ipsius</strong></span> <span class='ocrx_word' id='word_1_464' title='bbox 689 3345 823 3398; x_wconf 75' lang='lat' dir='ltr'><strong>erat,</strong></span> <span class='ocrx_word' id='word_1_465' title='bbox 860 3332 1036 3404; x_wconf 91' lang='lat' dir='ltr'><strong>prouti</strong></span> <span class='ocrx_word' id='word_1_466' title='bbox 1090 3346 1274 3385; x_wconf 87' lang='lat' dir='ltr'><strong>sermo</strong></span> <span class='ocrx_word' id='word_1_467' title='bbox 1333 3330 1562 3385; x_wconf 71' lang='lat' dir='ltr'><strong>inii-rius</strong></span> <span class='ocrx_word' id='word_1_468' title='bbox 1620 3331 2055 3398; x_wconf 87' lang='lat' dir='ltr'><strong>demonstrabit;</strong></span> 
     </span>
    </p>
   </div>
   <div class='ocr_carea' id='block_1_66' title="bbox 2159 3322 3754 3407">
    <p class='ocr_par' dir='ltr' id='par_1_66' title="bbox 2165 3322 3754 3397">
     <span class='ocr_line' id='line_1_68' title="bbox 2165 3322 3754 3397; baseline -0.002 -17"><span class='ocrx_word' id='word_1_469' title='bbox 2165 3327 2527 3395; x_wconf 80' lang='grc' dir='ltr'>παραστήσει.</span> <span class='ocrx_word' id='word_1_470' title='bbox 2584 3327 2646 3380; x_wconf 88' lang='lat'><strong>&#39;0</strong></span> <span class='ocrx_word' id='word_1_471' title='bbox 2672 3326 2782 3397; x_wconf 83' lang='grc' dir='ltr'><strong>γὰρ</strong></span> <span class='ocrx_word' id='word_1_472' title='bbox 2827 3326 3094 3395; x_wconf 80' lang='grc' dir='ltr'>πατρικὸς</span> <span class='ocrx_word' id='word_1_473' title='bbox 3140 3327 3311 3396; x_wconf 76' lang='grc' dir='ltr'>αὐτῆς</span> <span class='ocrx_word' id='word_1_474' title='bbox 3360 3322 3535 3389; x_wconf 73' lang='grc' dir='ltr'>οἶκος,</span> <span class='ocrx_word' id='word_1_475' title='bbox 3582 3328 3612 3379; x_wconf 98' lang='lat'><strong>6</strong></span> <span class='ocrx_word' id='word_1_476' title='bbox 3653 3326 3754 3396; x_wconf 80' lang='grc' dir='ltr'>τὴν</span> 
     </span>
    </p>
   </div>
   <div class='ocr_carea' id='block_1_67' title="bbox 480 3416 2055 3498">
    <p class='ocr_par' dir='ltr' id='par_1_67' title="bbox 480 3422 2055 3498">
     <span class='ocr_line' id='line_1_69' title="bbox 480 3422 2055 3498; baseline -0.003 -14"><span class='ocrx_word' id='word_1_477' title='bbox 480 3444 608 3484; x_wconf 88' lang='lat' dir='ltr'><strong>nam</strong></span> <span class='ocrx_word' id='word_1_478' title='bbox 664 3436 884 3498; x_wconf 87' lang='lat' dir='ltr'><strong>paterna</strong></span> <span class='ocrx_word' id='word_1_479' title='bbox 926 3426 1046 3496; x_wconf 87' lang='lat' dir='ltr'><strong>ejus</strong></span> <span class='ocrx_word' id='word_1_480' title='bbox 1090 3424 1287 3480; x_wconf 88' lang='lat' dir='ltr'><strong>domus</strong></span> <span class='ocrx_word' id='word_1_481' title='bbox 1314 3422 1708 3494; x_wconf 84' lang='lat' dir='ltr'><strong>Hierosolymis</strong></span> <span class='ocrx_word' id='word_1_482' title='bbox 1758 3432 1904 3488; x_wconf 87' lang='lat' dir='ltr'><strong>erat,</strong></span> <span class='ocrx_word' id='word_1_483' title='bbox 1938 3439 2055 3493; x_wconf 75' lang='lat' dir='ltr'><strong>qua:</strong></span> 
     </span>
    </p>
   </div>
   <div class='ocr_carea' id='block_1_68' title="bbox 2159 3416 3753 3498">
    <p class='ocr_par' dir='ltr' id='par_1_68' title="bbox 2162 3416 3753 3488">
     <span class='ocr_line' id='line_1_70' title="bbox 2162 3416 3753 3488; baseline 0.001 -20"><span class='ocrx_word' id='word_1_484' title='bbox 2162 3416 2501 3487; x_wconf 73' lang='grc' dir='ltr'>προϐατικὴν</span> <span class='ocrx_word' id='word_1_485' title='bbox 2525 3417 2853 3487; x_wconf 88' lang='grc' dir='ltr'>περικλείων</span> <span class='ocrx_word' id='word_1_486' title='bbox 2886 3420 2944 3470; x_wconf 67' lang='lat' dir='ltr'><strong>tv</strong></span> <span class='ocrx_word' id='word_1_487' title='bbox 2984 3417 3346 3488; x_wconf 73' lang='grc' dir='ltr'>Ἰερουσαλὴμ</span> <span class='ocrx_word' id='word_1_488' title='bbox 3377 3417 3656 3486; x_wconf 79' lang='grc' dir='ltr'>ὑπῆρχεν,</span> <span class='ocrx_word' id='word_1_489' title='bbox 3678 3416 3753 3479; x_wconf 85' lang='grc' dir='ltr'>ὡς</span> 
     </span>
    </p>
   </div>
   <div class='ocr_carea' id='block_1_69' title="bbox 478 3516 2055 3589">
    <p class='ocr_par' dir='ltr' id='par_1_69' title="bbox 478 3516 2055 3589">
     <span class='ocr_line' id='line_1_71' title="bbox 478 3516 2055 3589; baseline -0.004 -12"><span class='ocrx_word' id='word_1_490' title='bbox 478 3520 946 3589; x_wconf 76' lang='lat' dir='ltr'><strong>circumcingebat</strong></span> <span class='ocrx_word' id='word_1_491' title='bbox 991 3518 1345 3588; x_wconf 89' lang='lat' dir='ltr'><strong>probaticam,</strong></span> <span class='ocrx_word' id='word_1_492' title='bbox 1373 3524 1432 3570; x_wconf 93' lang='lat' dir='ltr'><strong>ut</strong></span> <span class='ocrx_word' id='word_1_493' title='bbox 1464 3516 1626 3585; x_wconf 93' lang='lat' dir='ltr'><strong>vulgo</strong></span> <span class='ocrx_word' id='word_1_494' title='bbox 1658 3517 2055 3586; x_wconf 86' lang='lat' dir='ltr'><strong>appellabatur,</strong></span> 
     </span>
    </p>
   </div>
   <div class='ocr_carea' id='block_1_70' title="bbox 480 3606 2058 3683">
    <p class='ocr_par' dir='ltr' id='par_1_70' title="bbox 480 3606 2058 3683">
     <span class='ocr_line' id='line_1_72' title="bbox 480 3606 2058 3683; baseline -0.006 -15"><span class='ocrx_word' id='word_1_495' title='bbox 480 3613 750 3683; x_wconf 63' lang='lat' dir='ltr'><strong>piscinam</strong></span> <span class='ocrx_word' id='word_1_496' title='bbox 776 3612 875 3680; x_wconf 80' lang='lat' dir='ltr'><strong>(l),</strong></span> <span class='ocrx_word' id='word_1_497' title='bbox 908 3610 961 3664; x_wconf 88' lang='lat' dir='ltr'><strong>in</strong></span> <span class='ocrx_word' id='word_1_498' title='bbox 989 3624 1096 3679; x_wconf 85' lang='lat' dir='ltr'><strong>qua</strong></span> <span class='ocrx_word' id='word_1_499' title='bbox 1136 3608 1390 3662; x_wconf 87' lang='lat' dir='ltr'><strong>Christus</strong></span> <span class='ocrx_word' id='word_1_500' title='bbox 1418 3623 1482 3661; x_wconf 90' lang='lat' dir='ltr'><strong>ac</strong></span> <span class='ocrx_word' id='word_1_501' title='bbox 1506 3606 1650 3662; x_wconf 83' lang='lat' dir='ltr'><strong>Deus</strong></span> <span class='ocrx_word' id='word_1_502' title='bbox 1679 3616 1860 3663; x_wconf 86' lang='lat' dir='ltr'><strong>noster</strong></span> <span class='ocrx_word' id='word_1_503' title='bbox 1896 3622 2058 3676; x_wconf 86' lang='lat' dir='ltr'><strong>para-</strong></span> 
     </span>
    </p>
   </div>
   <div class='ocr_carea' id='block_1_71' title="bbox 482 3694 2057 3771">
    <p class='ocr_par' dir='ltr' id='par_1_71' title="bbox 482 3694 2057 3771">
     <span class='ocr_line' id='line_1_73' title="bbox 482 3694 2057 3771; baseline -0.008 -14"><span class='ocrx_word' id='word_1_504' title='bbox 482 3702 707 3771; x_wconf 86' lang='lat' dir='ltr'><strong>lyticum</strong></span> <span class='ocrx_word' id='word_1_505' title='bbox 735 3716 766 3754; x_wconf 89' lang='lat' dir='ltr'><strong>a</strong></span> <span class='ocrx_word' id='word_1_506' title='bbox 802 3698 1022 3769; x_wconf 79' lang='lat' dir='ltr'><strong>triginta</strong></span> <span class='ocrx_word' id='word_1_507' title='bbox 1065 3703 1123 3751; x_wconf 90' lang='lat' dir='ltr'><strong>et</strong></span> <span class='ocrx_word' id='word_1_508' title='bbox 1164 3704 1287 3750; x_wconf 86' lang='lat' dir='ltr'><strong>octo</strong></span> <span class='ocrx_word' id='word_1_509' title='bbox 1316 3695 1476 3749; x_wconf 88' lang='lat' dir='ltr'><strong>annis</strong></span> <span class='ocrx_word' id='word_1_510' title='bbox 1532 3694 1605 3747; x_wconf 88' lang='lat' dir='ltr'><strong>ibi</strong></span> <span class='ocrx_word' id='word_1_511' title='bbox 1633 3694 1903 3762; x_wconf 76' lang='lat' dir='ltr'><strong>iacentem</strong></span> <span class='ocrx_word' id='word_1_512' title='bbox 1935 3708 2057 3747; x_wconf 88' lang='lat' dir='ltr'><strong>snr-</strong></span> 
     </span>
    </p>
   </div>
   <div class='ocr_carea' id='block_1_72' title="bbox 485 3782 2061 3864">
    <p class='ocr_par' dir='ltr' id='par_1_72' title="bbox 485 3782 2061 3864">
     <span class='ocr_line' id='line_1_74' title="bbox 485 3782 2061 3864; baseline -0.005 -18"><span class='ocrx_word' id='word_1_513' title='bbox 485 3806 611 3864; x_wconf 77' lang='lat' dir='ltr'><strong>gere</strong></span> <span class='ocrx_word' id='word_1_514' title='bbox 653 3791 853 3862; x_wconf 76' lang='lat' dir='ltr'><strong>iubens</strong></span> <span class='ocrx_word' id='word_1_515' title='bbox 896 3790 1148 3853; x_wconf 83' lang='lat' dir='ltr'><strong>sanavit;</strong></span> <span class='ocrx_word' id='word_1_516' title='bbox 1178 3784 1319 3839; x_wconf 81' lang='lat' dir='ltr'><strong>velut</strong></span> <span class='ocrx_word' id='word_1_517' title='bbox 1355 3783 1450 3853; x_wconf 87' lang='lat' dir='ltr'><strong>qui</strong></span> <span class='ocrx_word' id='word_1_518' title='bbox 1504 3797 1569 3837; x_wconf 77' lang='lat' dir='ltr'><strong>ex</strong></span> <span class='ocrx_word' id='word_1_519' title='bbox 1600 3782 1689 3837; x_wconf 89' lang='lat' dir='ltr'><strong>illa</strong></span> <span class='ocrx_word' id='word_1_520' title='bbox 1741 3782 1904 3837; x_wconf 89' lang='lat' dir='ltr'><strong>domo</strong></span> <span class='ocrx_word' id='word_1_521' title='bbox 1929 3783 2061 3838; x_wconf 85' lang='lat' dir='ltr'><strong>alle—</strong></span> 
     </span>
    </p>
   </div>
   <div class='ocr_carea' id='block_1_73' title="bbox 484 3873 2057 3954">
    <p class='ocr_par' dir='ltr' id='par_1_73' title="bbox 484 3873 2057 3954">
     <span class='ocr_line' id='line_1_75' title="bbox 484 3873 2057 3954; baseline -0.008 -16"><span class='ocrx_word' id='word_1_522' title='bbox 484 3884 667 3954; x_wconf 86' lang='lat' dir='ltr'><strong>gorice</strong></span> <span class='ocrx_word' id='word_1_523' title='bbox 704 3895 1024 3951; x_wconf 81' lang='lat' dir='ltr'><strong>egressurus</strong></span> <span class='ocrx_word' id='word_1_524' title='bbox 1062 3885 1181 3932; x_wconf 86' lang='lat' dir='ltr'><strong>erat</strong></span> <span class='ocrx_word' id='word_1_525' title='bbox 1235 3886 1421 3946; x_wconf 89' lang='lat' dir='ltr'><strong>pastor</strong></span> <span class='ocrx_word' id='word_1_526' title='bbox 1457 3873 1640 3927; x_wconf 83' lang='lat' dir='ltr'><strong>ovium</strong></span> <span class='ocrx_word' id='word_1_527' title='bbox 1686 3873 2057 3932; x_wconf 67' lang='lat' dir='ltr'><strong>rationaliuns.</strong></span> 
     </span>
    </p>
   </div>
   <div class='ocr_carea' id='block_1_74' title="bbox 482 3965 2058 4038">
    <p class='ocr_par' dir='ltr' id='par_1_74' title="bbox 482 3965 2058 4038">
     <span class='ocr_line' id='line_1_76' title="bbox 482 3965 2058 4038; baseline -0.006 -9"><span class='ocrx_word' id='word_1_528' title='bbox 482 3974 687 4029; x_wconf 81' lang='lat' dir='ltr'><strong>Deinde</strong></span> <span class='ocrx_word' id='word_1_529' title='bbox 713 3980 767 4026; x_wconf 88' lang='lat' dir='ltr'><strong>et</strong></span> <span class='ocrx_word' id='word_1_530' title='bbox 815 3972 871 4025; x_wconf 91' lang='lat' dir='ltr'><strong>in</strong></span> <span class='ocrx_word' id='word_1_531' title='bbox 903 3970 1047 4025; x_wconf 90' lang='lat' dir='ltr'><strong>illius</strong></span> <span class='ocrx_word' id='word_1_532' title='bbox 1074 3983 1229 4038; x_wconf 74' lang='lat' dir='ltr'><strong>aqua:</strong></span> <span class='ocrx_word' id='word_1_533' title='bbox 1259 3966 1467 4038; x_wconf 82' lang='lat' dir='ltr'><strong>piscina</strong></span> <span class='ocrx_word' id='word_1_534' title='bbox 1502 3965 1800 4036; x_wconf 87' lang='lat' dir='ltr'><strong>symbolice</strong></span> <span class='ocrx_word' id='word_1_535' title='bbox 1835 3980 2058 4035; x_wconf 81' lang='lat' dir='ltr'><strong>expres-</strong></span> 
     </span>
    </p>
   </div>
   <div class='ocr_carea' id='block_1_75' title="bbox 482 4056 2060 4131">
    <p class='ocr_par' dir='ltr' id='par_1_75' title="bbox 482 4056 2060 4131">
     <span class='ocr_line' id='line_1_77' title="bbox 482 4056 2060 4131; baseline -0.007 -10"><span class='ocrx_word' id='word_1_536' title='bbox 482 4080 600 4121; x_wconf 89' lang='lat' dir='ltr'><strong>sam</strong></span> <span class='ocrx_word' id='word_1_537' title='bbox 646 4062 898 4119; x_wconf 82' lang='lat' dir='ltr'><strong>novimus</strong></span> <span class='ocrx_word' id='word_1_538' title='bbox 929 4061 1181 4131; x_wconf 86' lang='lat' dir='ltr'><strong>baptismi</strong></span> <span class='ocrx_word' id='word_1_539' title='bbox 1234 4057 1495 4129; x_wconf 81' lang='lat' dir='ltr'><strong>gratiam;</strong></span> <span class='ocrx_word' id='word_1_540' title='bbox 1534 4072 1657 4111; x_wconf 80' lang='lat' dir='ltr'><strong>Itam</strong></span> <span class='ocrx_word' id='word_1_541' title='bbox 1706 4066 1761 4111; x_wconf 90' lang='lat' dir='ltr'><strong>et</strong></span> <span class='ocrx_word' id='word_1_542' title='bbox 1815 4056 2060 4112; x_wconf 80' lang='lat' dir='ltr'><strong>diuturni</strong></span> 
     </span>
    </p>
   </div>
   <div class='ocr_carea' id='block_1_76' title="bbox 482 4152 2060 4226">
    <p class='ocr_par' dir='ltr' id='par_1_76' title="bbox 482 4152 2060 4226">
     <span class='ocr_line' id='line_1_78' title="bbox 482 4152 2060 4226; baseline -0.006 -11"><span class='ocrx_word' id='word_1_543' title='bbox 482 4160 693 4216; x_wconf 89' lang='lat' dir='ltr'><strong>erroris</strong></span> <span class='ocrx_word' id='word_1_544' title='bbox 744 4157 1031 4226; x_wconf 73' lang='lat' dir='ltr'><strong>aegritudo,</strong></span> <span class='ocrx_word' id='word_1_545' title='bbox 1062 4169 1205 4225; x_wconf 66' lang='lat' dir='ltr'><strong>quae,</strong></span> <span class='ocrx_word' id='word_1_546' title='bbox 1237 4168 1347 4208; x_wconf 91' lang='lat' dir='ltr'><strong>non</strong></span> <span class='ocrx_word' id='word_1_547' title='bbox 1401 4168 1559 4208; x_wconf 90' lang='lat' dir='ltr'><strong>secus</strong></span> <span class='ocrx_word' id='word_1_548' title='bbox 1594 4167 1659 4207; x_wconf 88' lang='lat' dir='ltr'><strong>ac</strong></span> <span class='ocrx_word' id='word_1_549' title='bbox 1712 4152 1766 4206; x_wconf 91' lang='lat' dir='ltr'><strong>iu</strong></span> <span class='ocrx_word' id='word_1_550' title='bbox 1816 4152 2060 4219; x_wconf 88' lang='lat' dir='ltr'><strong>corporis</strong></span> 
     </span>
    </p>
   </div>
   <div class='ocr_carea' id='block_1_77' title="bbox 481 4242 2058 4314">
    <p class='ocr_par' dir='ltr' id='par_1_77' title="bbox 481 4242 2058 4314">
     <span class='ocr_line' id='line_1_79' title="bbox 481 4242 2058 4314; baseline -0.007 -7"><span class='ocrx_word' id='word_1_551' title='bbox 481 4252 742 4308; x_wconf 84' lang='lat' dir='ltr'><strong>membris</strong></span> <span class='ocrx_word' id='word_1_552' title='bbox 765 4250 879 4305; x_wconf 85' lang='lat' dir='ltr'><strong>ﬁeri</strong></span> <span class='ocrx_word' id='word_1_553' title='bbox 902 4249 1062 4312; x_wconf 86' lang='lat' dir='ltr'><strong>solet,</strong></span> <span class='ocrx_word' id='word_1_554' title='bbox 1087 4248 1299 4300; x_wconf 87' lang='lat' dir='ltr'><strong>animas</strong></span> <span class='ocrx_word' id='word_1_555' title='bbox 1329 4246 1609 4299; x_wconf 90' lang='lat' dir='ltr'><strong>hominum</strong></span> <span class='ocrx_word' id='word_1_556' title='bbox 1636 4243 1870 4314; x_wconf 84' lang='lat' dir='ltr'><strong>quadam</strong></span> <span class='ocrx_word' id='word_1_557' title='bbox 1892 4242 2058 4297; x_wconf 86' lang='lat' dir='ltr'><strong>veluti</strong></span> 
     </span>
    </p>
   </div>
   <div class='ocr_carea' id='block_1_78' title="bbox 479 4333 2057 4409">
    <p class='ocr_par' dir='ltr' id='par_1_78' title="bbox 479 4333 2057 4409">
     <span class='ocr_line' id='line_1_80' title="bbox 479 4333 2057 4409; baseline -0.006 -16"><span class='ocrx_word' id='word_1_558' title='bbox 479 4338 713 4409; x_wconf 84' lang='lat' dir='ltr'><strong>paralysi</strong></span> <span class='ocrx_word' id='word_1_559' title='bbox 739 4337 1142 4399; x_wconf 77' lang='lat' dir='ltr'><strong>debilitaverat,</strong></span> <span class='ocrx_word' id='word_1_560' title='bbox 1166 4334 1491 4403; x_wconf 90' lang='lat' dir='ltr'><strong>purilicantc</strong></span> <span class='ocrx_word' id='word_1_561' title='bbox 1515 4333 1719 4403; x_wconf 87' lang='lat' dir='ltr'><strong>Spiritu</strong></span> <span class='ocrx_word' id='word_1_562' title='bbox 1745 4346 1839 4401; x_wconf 87' lang='lat' dir='ltr'><strong>per</strong></span> <span class='ocrx_word' id='word_1_563' title='bbox 1859 4347 2057 4398; x_wconf 87' lang='lat' dir='ltr'><strong>aquam</strong></span> 
     </span>
    </p>
   </div>
   <div class='ocr_carea' id='block_1_79' title="bbox 481 4424 2058 4499">
    <p class='ocr_par' dir='ltr' id='par_1_79' title="bbox 481 4424 2058 4499">
     <span class='ocr_line' id='line_1_81' title="bbox 481 4424 2058 4499; baseline -0.005 -12"><span class='ocrx_word' id='word_1_564' title='bbox 481 4440 670 4487; x_wconf 83' lang='lat' dir='ltr'><strong>sanata</strong></span> <span class='ocrx_word' id='word_1_565' title='bbox 691 4438 776 4485; x_wconf 70' lang='lat' dir='ltr'><strong>est</strong></span> <span class='ocrx_word' id='word_1_566' title='bbox 796 4446 810 4495; x_wconf 88' lang='lat'><strong>;</strong></span> <span class='ocrx_word' id='word_1_567' title='bbox 831 4428 1290 4499; x_wconf 86' lang='lat' dir='ltr'><strong>quemadmodum</strong></span> <span class='ocrx_word' id='word_1_568' title='bbox 1311 4427 1475 4481; x_wconf 90' lang='lat' dir='ltr'><strong>etiam</strong></span> <span class='ocrx_word' id='word_1_569' title='bbox 1506 4426 1559 4479; x_wconf 94' lang='lat' dir='ltr'><strong>in</strong></span> <span class='ocrx_word' id='word_1_570' title='bbox 1590 4424 1759 4495; x_wconf 81' lang='lat' dir='ltr'><strong>ﬁgura</strong></span> <span class='ocrx_word' id='word_1_571' title='bbox 1784 4424 2058 4480; x_wconf 86' lang='lat' dir='ltr'><strong>Bethleem</strong></span> 
     </span>
    </p>
   </div>
   <div class='ocr_carea' id='block_1_80' title="bbox 479 4514 2060 4588">
    <p class='ocr_par' dir='ltr' id='par_1_80' title="bbox 479 4514 2060 4588">
     <span class='ocr_line' id='line_1_82' title="bbox 479 4514 2060 4588; baseline -0.004 -11"><span class='ocrx_word' id='word_1_572' title='bbox 479 4536 607 4577; x_wconf 89' lang='lat' dir='ltr'><strong>eum</strong></span> <span class='ocrx_word' id='word_1_573' title='bbox 633 4520 932 4585; x_wconf 87' lang='lat' dir='ltr'><strong>cernimus,</strong></span> <span class='ocrx_word' id='word_1_574' title='bbox 957 4518 1052 4588; x_wconf 89' lang='lat' dir='ltr'><strong>qui</strong></span> <span class='ocrx_word' id='word_1_575' title='bbox 1078 4517 1436 4571; x_wconf 73' lang='lat' dir='ltr'><strong>fermentatus</strong></span> <span class='ocrx_word' id='word_1_576' title='bbox 1458 4524 1542 4570; x_wconf 86' lang='lat' dir='ltr'><strong>est</strong></span> <span class='ocrx_word' id='word_1_577' title='bbox 1568 4514 1871 4584; x_wconf 88' lang='lat' dir='ltr'><strong>spiritualis</strong></span> <span class='ocrx_word' id='word_1_578' title='bbox 1901 4514 2060 4583; x_wconf 82' lang='lat' dir='ltr'><strong>panis</strong></span> 
     </span>
    </p>
   </div>
   <div class='ocr_carea' id='block_1_81' title="bbox 479 4605 2059 4677">
    <p class='ocr_par' dir='ltr' id='par_1_81' title="bbox 479 4605 2059 4677">
     <span class='ocr_line' id='line_1_83' title="bbox 479 4605 2059 4677; baseline -0.004 -12"><span class='ocrx_word' id='word_1_579' title='bbox 479 4612 624 4666; x_wconf 63' lang='lat' dir='ltr'><strong>vita.</strong></span> <span class='ocrx_word' id='word_1_580' title='bbox 660 4610 737 4666; x_wconf 85' lang='lat' dir='ltr'><strong>lbi</strong></span> <span class='ocrx_word' id='word_1_581' title='bbox 785 4609 1037 4665; x_wconf 89' lang='lat' dir='ltr'><strong>Christus</strong></span> <span class='ocrx_word' id='word_1_582' title='bbox 1084 4617 1139 4664; x_wconf 82' lang='lat' dir='ltr'><strong>et</strong></span> <span class='ocrx_word' id='word_1_583' title='bbox 1185 4608 1287 4664; x_wconf 86' lang='lat' dir='ltr'><strong>sub</strong></span> <span class='ocrx_word' id='word_1_584' title='bbox 1341 4606 1519 4677; x_wconf 79' lang='lat' dir='ltr'><strong>angeli</strong></span> <span class='ocrx_word' id='word_1_585' title='bbox 1551 4605 1736 4675; x_wconf 86' lang='lat' dir='ltr'><strong>specie</strong></span> <span class='ocrx_word' id='word_1_586' title='bbox 1766 4605 1918 4661; x_wconf 79' lang='lat' dir='ltr'><strong>visus</strong></span> <span class='ocrx_word' id='word_1_587' title='bbox 1974 4615 2059 4660; x_wconf 86' lang='lat' dir='ltr'><strong>est</strong></span> 
     </span>
    </p>
   </div>
   <div class='ocr_carea' id='block_1_82' title="bbox 481 4694 2058 4771">
    <p class='ocr_par' dir='ltr' id='par_1_82' title="bbox 481 4694 2058 4771">
     <span class='ocr_line' id='line_1_84' title="bbox 481 4694 2058 4771; baseline -0.003 -13"><span class='ocrx_word' id='word_1_588' title='bbox 481 4704 736 4767; x_wconf 69' lang='lat' dir='ltr'><strong>Abrahm,</strong></span> <span class='ocrx_word' id='word_1_589' title='bbox 773 4702 866 4771; x_wconf 92' lang='lat' dir='ltr'><strong>qui</strong></span> <span class='ocrx_word' id='word_1_590' title='bbox 925 4702 1127 4770; x_wconf 88' lang='lat' dir='ltr'><strong>pariter</strong></span> <span class='ocrx_word' id='word_1_591' title='bbox 1156 4700 1211 4753; x_wconf 94' lang='lat' dir='ltr'><strong>in</strong></span> <span class='ocrx_word' id='word_1_592' title='bbox 1264 4698 1439 4753; x_wconf 82' lang='lat' dir='ltr'><strong>forma</strong></span> <span class='ocrx_word' id='word_1_593' title='bbox 1474 4696 1650 4765; x_wconf 86' lang='lat' dir='ltr'><strong>angeli</strong></span> <span class='ocrx_word' id='word_1_594' title='bbox 1698 4711 1822 4751; x_wconf 87' lang='lat' dir='ltr'><strong>cum</strong></span> <span class='ocrx_word' id='word_1_595' title='bbox 1852 4694 2058 4753; x_wconf 85' lang='lat' dir='ltr'><strong>Jacobo</strong></span> 
     </span>
    </p>
   </div>
   <div class='ocr_carea' id='block_1_83' title="bbox 482 4788 2055 4862">
    <p class='ocr_par' dir='ltr' id='par_1_83' title="bbox 482 4788 2055 4862">
     <span class='ocr_line' id='line_1_85' title="bbox 482 4788 2055 4862; baseline -0.005 -11"><span class='ocrx_word' id='word_1_596' title='bbox 482 4799 723 4851; x_wconf 86' lang='lat' dir='ltr'><strong>luctatus</strong></span> <span class='ocrx_word' id='word_1_597' title='bbox 747 4804 848 4848; x_wconf 79' lang='lat' dir='ltr'><strong>est.</strong></span> <span class='ocrx_word' id='word_1_598' title='bbox 886 4792 1006 4862; x_wconf 87' lang='lat' dir='ltr'><strong>Ipse</strong></span> <span class='ocrx_word' id='word_1_599' title='bbox 1031 4800 1113 4845; x_wconf 86' lang='lat' dir='ltr'><strong>est</strong></span> <span class='ocrx_word' id='word_1_600' title='bbox 1144 4790 1311 4854; x_wconf 89' lang='lat' dir='ltr'><strong>enim,</strong></span> <span class='ocrx_word' id='word_1_601' title='bbox 1345 4789 1436 4857; x_wconf 81' lang='lat' dir='ltr'><strong>qui</strong></span> <span class='ocrx_word' id='word_1_602' title='bbox 1464 4789 1529 4842; x_wconf 85' lang='lat' dir='ltr'><strong>ad</strong></span> <span class='ocrx_word' id='word_1_603' title='bbox 1569 4788 2055 4856; x_wconf 85' lang='lat' dir='ltr'><strong>evangelizandum</strong></span> 
     </span>
    </p>
   </div>
   <div class='ocr_carea' id='block_1_84' title="bbox 554 4992 2051 5066">
    <p class='ocr_par' dir='ltr' id='par_1_84' title="bbox 554 4992 2051 5066">
     <span class='ocr_line' id='line_1_86' title="bbox 554 4992 2051 5066; baseline 0.001 -16"><span class='ocrx_word' id='word_1_604' title='bbox 554 4997 630 5066; x_wconf 85' lang='grc' dir='ltr'><strong>(ι)</strong></span> <span class='ocrx_word' id='word_1_605' title='bbox 666 4998 956 5050; x_wconf 88' lang='lat' dir='ltr'><strong>Paternam</strong></span> <span class='ocrx_word' id='word_1_606' title='bbox 992 4994 1232 5066; x_wconf 72' lang='lat' dir='ltr'><strong>Deipara:</strong></span> <span class='ocrx_word' id='word_1_607' title='bbox 1280 4992 1499 5066; x_wconf 74' lang='lat' dir='ltr'><strong>domum</strong></span> <span class='ocrx_word' id='word_1_608' title='bbox 1530 4993 1719 5046; x_wconf 84' lang='lat' dir='ltr'><strong>eodem</strong></span> <span class='ocrx_word' id='word_1_609' title='bbox 1764 4993 1925 5066; x_wconf 85' lang='lat' dir='ltr'><strong>modo</strong></span> <span class='ocrx_word' id='word_1_610' title='bbox 1956 4995 2051 5051; x_wconf 87' lang='lat' dir='ltr'><strong>de-</strong></span> 
     </span>
    </p>
   </div>
   <div class='ocr_carea' id='block_1_85' title="bbox 481 5063 2051 5134">
    <p class='ocr_par' dir='ltr' id='par_1_85' title="bbox 481 5063 2051 5134">
     <span class='ocr_line' id='line_1_87' title="bbox 481 5063 2051 5134; baseline -0.002 -11"><span class='ocrx_word' id='word_1_611' title='bbox 481 5063 661 5134; x_wconf 78' lang='lat' dir='ltr'><strong>signat</strong></span> <span class='ocrx_word' id='word_1_612' title='bbox 716 5066 879 5120; x_wconf 86' lang='lat' dir='ltr'><strong>etiam</strong></span> <span class='ocrx_word' id='word_1_613' title='bbox 944 5066 1006 5120; x_wconf 90' lang='lat' dir='ltr'><strong>S.</strong></span> <span class='ocrx_word' id='word_1_614' title='bbox 1058 5063 1294 5120; x_wconf 84' lang='lat' dir='ltr'><strong>Joannes</strong></span> <span class='ocrx_word' id='word_1_615' title='bbox 1364 5063 1755 5134; x_wconf 77' lang='lat' dir='ltr'><strong>Damascenus,</strong></span> <span class='ocrx_word' id='word_1_616' title='bbox 1797 5065 2051 5134; x_wconf 88' lang='lat' dir='ltr'><strong>inquiens</strong></span> 
     </span>
    </p>
   </div>
   <div class='ocr_carea' id='block_1_86' title="bbox 506 5132 2050 5205">
    <p class='ocr_par' dir='ltr' id='par_1_86' title="bbox 506 5132 2050 5205">
     <span class='ocr_line' id='line_1_88' title="bbox 506 5132 2050 5205; baseline -0.003 -12"><span class='ocrx_word' id='word_1_617' title='bbox 506 5132 581 5193; x_wconf 87' lang='lat' dir='ltr'><strong>De</strong></span> <span class='ocrx_word' id='word_1_618' title='bbox 638 5137 758 5192; x_wconf 88' lang='lat' dir='ltr'><strong>Fid.</strong></span> <span class='ocrx_word' id='word_1_619' title='bbox 787 5136 1016 5192; x_wconf 89' lang='lat' dir='ltr'><strong>Orthod.</strong></span> <span class='ocrx_word' id='word_1_620' title='bbox 1062 5137 1157 5189; x_wconf 89' lang='lat' dir='ltr'><strong>lib.</strong></span> <span class='ocrx_word' id='word_1_621' title='bbox 1183 5150 1253 5194; x_wconf 87' lang='lat' dir='ltr'><strong>tv.</strong></span> <span class='ocrx_word' id='word_1_622' title='bbox 1297 5149 1422 5205; x_wconf 68' lang='lat' dir='ltr'><strong>cap.</strong></span> <span class='ocrx_word' id='word_1_623' title='bbox 1458 5134 1543 5198; x_wconf 77' lang='grc'><strong>14)</strong></span> <span class='ocrx_word' id='word_1_624' title='bbox 1576 5153 1613 5205; x_wconf 30' lang='grc' dir='ltr'><strong>εᾉ</strong></span> <span class='ocrx_word' id='word_1_625' title='bbox 1640 5132 1826 5204; x_wconf 79' lang='lat' dir='ltr'><strong>Itaque</strong></span> <span class='ocrx_word' id='word_1_626' title='bbox 1875 5132 2050 5205; x_wconf 60' lang='lat' dir='ltr'><strong>gratia</strong></span> 
     </span>
    </p>
   </div>
   <div class='ocr_carea' id='block_1_87' title="bbox 478 5140 2050 5276">
    <p class='ocr_par' dir='ltr' id='par_1_87' title="bbox 478 5140 2050 5276">
     <span class='ocr_line' id='line_1_89' title="bbox 506 5140 2050 5205; baseline -0.003 -12"><span class='ocrx_word' id='word_1_627' title='bbox 506 5140 581 5193; x_wconf 91' lang='lat' dir='ltr'><strong>De</strong></span> <span class='ocrx_word' id='word_1_628' title='bbox 638 5140 758 5192; x_wconf 88' lang='lat' dir='ltr'><strong>Fid.</strong></span> <span class='ocrx_word' id='word_1_629' title='bbox 787 5140 1016 5192; x_wconf 89' lang='lat' dir='ltr'><strong>Orthod.</strong></span> <span class='ocrx_word' id='word_1_630' title='bbox 1062 5140 1157 5189; x_wconf 87' lang='lat' dir='ltr'><strong>lib.</strong></span> <span class='ocrx_word' id='word_1_631' title='bbox 1183 5150 1253 5194; x_wconf 87' lang='lat' dir='ltr'><strong>tv.</strong></span> <span class='ocrx_word' id='word_1_632' title='bbox 1297 5149 1418 5203; x_wconf 88' lang='lat' dir='ltr'><strong>cap.</strong></span> <span class='ocrx_word' id='word_1_633' title='bbox 1458 5140 1588 5198; x_wconf 77' lang='lat' dir='ltr'><strong>H):</strong></span> <span class='ocrx_word' id='word_1_634' title='bbox 1640 5140 1826 5204; x_wconf 79' lang='lat' dir='ltr'><strong>Itaque</strong></span> <span class='ocrx_word' id='word_1_635' title='bbox 1876 5140 2050 5205; x_wconf 86' lang='lat' dir='ltr'><strong>gratia</strong></span> 
     </span>
     <span class='ocr_line' id='line_1_90' title="bbox 478 5140 2050 5276; baseline -0.002 -14"><span class='ocrx_word' id='word_1_636' title='bbox 478 5140 626 5276; x_wconf 60' lang='lat' dir='ltr'><strong>lnam</strong></span> <span class='ocrx_word' id='word_1_637' title='bbox 663 5208 758 5261; x_wconf 82' lang='lat' dir='ltr'><strong>hoc</strong></span> <span class='ocrx_word' id='word_1_638' title='bbox 808 5214 963 5262; x_wconf 83' lang='lat' dir='ltr'><strong>sonat</strong></span> <span class='ocrx_word' id='word_1_639' title='bbox 998 5205 1165 5260; x_wconf 76' lang='lat' dir='ltr'><strong>Anna:</strong></span> <span class='ocrx_word' id='word_1_640' title='bbox 1204 5203 1534 5269; x_wconf 75' lang='lat' dir='ltr'><strong>vocabulum)</strong></span> <span class='ocrx_word' id='word_1_641' title='bbox 1581 5203 1859 5259; x_wconf 84' lang='lat' dir='ltr'><strong>Dominam</strong></span> <span class='ocrx_word' id='word_1_642' title='bbox 1909 5207 2050 5273; x_wconf 83' lang='lat' dir='ltr'><strong>parit</strong></span> 
     </span>
    </p>
   </div>
   <div class='ocr_carea' id='block_1_88' title="bbox 478 5276 2050 5348">
    <p class='ocr_par' dir='ltr' id='par_1_88' title="bbox 478 5276 2050 5348">
     <span class='ocr_line' id='line_1_91' title="bbox 478 5276 2050 5348; baseline -0.002 -15"><span class='ocrx_word' id='word_1_643' title='bbox 478 5281 558 5348; x_wconf 86' lang='lat' dir='ltr'><strong>(id</strong></span> <span class='ocrx_word' id='word_1_644' title='bbox 583 5281 721 5333; x_wconf 79' lang='lat' dir='ltr'><strong>enim</strong></span> <span class='ocrx_word' id='word_1_645' title='bbox 749 5277 937 5332; x_wconf 76' lang='lat' dir='ltr'><strong>Maria:</strong></span> <span class='ocrx_word' id='word_1_646' title='bbox 967 5277 1174 5331; x_wconf 84' lang='lat' dir='ltr'><strong>nomine</strong></span> <span class='ocrx_word' id='word_1_647' title='bbox 1204 5276 1558 5345; x_wconf 78' lang='lat' dir='ltr'><strong>signiﬁcatur,</strong></span> <span class='ocrx_word' id='word_1_648' title='bbox 1594 5290 1709 5348; x_wconf 59' lang='lat' dir='ltr'><strong>quer</strong></span> <span class='ocrx_word' id='word_1_649' title='bbox 1737 5291 1851 5329; x_wconf 84' lang='lat' dir='ltr'><strong>vere</strong></span> <span class='ocrx_word' id='word_1_650' title='bbox 1879 5279 2050 5330; x_wconf 86' lang='lat' dir='ltr'><strong>omnis</strong></span> 
     </span>
    </p>
   </div>
   <div class='ocr_carea' id='block_1_89' title="bbox 478 5344 2049 5415">
    <p class='ocr_par' dir='ltr' id='par_1_89' title="bbox 478 5344 2049 5415">
     <span class='ocr_line' id='line_1_92' title="bbox 478 5344 2049 5415; baseline -0.003 -12"><span class='ocrx_word' id='word_1_651' title='bbox 478 5344 741 5403; x_wconf 73' lang='lat' dir='ltr'><strong>creatura:</strong></span> <span class='ocrx_word' id='word_1_652' title='bbox 776 5349 992 5401; x_wconf 74' lang='lat' dir='ltr'><strong>domina</strong></span> <span class='ocrx_word' id='word_1_653' title='bbox 1017 5348 1161 5415; x_wconf 83' lang='lat' dir='ltr'><strong>facta</strong></span> <span class='ocrx_word' id='word_1_654' title='bbox 1186 5344 1275 5409; x_wconf 85' lang='lat' dir='ltr'><strong>sit,</strong></span> <span class='ocrx_word' id='word_1_655' title='bbox 1298 5361 1417 5397; x_wconf 90' lang='lat' dir='ltr'><strong>cum</strong></span> <span class='ocrx_word' id='word_1_656' title='bbox 1465 5356 1631 5399; x_wconf 81' lang='lat' dir='ltr'><strong>mater</strong></span> <span class='ocrx_word' id='word_1_657' title='bbox 1660 5344 1929 5415; x_wconf 77' lang='lat' dir='ltr'><strong>Creatoris</strong></span> <span class='ocrx_word' id='word_1_658' title='bbox 1956 5363 2049 5399; x_wconf 77' lang='lat' dir='ltr'><strong>ea:-</strong></span> 
     </span>
    </p>
   </div>
   <div class='ocr_carea' id='block_1_90' title="bbox 478 5414 2048 5485">
    <p class='ocr_par' dir='ltr' id='par_1_90' title="bbox 478 5414 2048 5485">
     <span class='ocr_line' id='line_1_93' title="bbox 478 5414 2048 5485; baseline -0.004 -12"><span class='ocrx_word' id='word_1_659' title='bbox 478 5422 679 5485; x_wconf 86' lang='lat' dir='ltr'><strong>stitit);</strong></span> <span class='ocrx_word' id='word_1_660' title='bbox 711 5419 951 5472; x_wconf 84' lang='lat' dir='ltr'><strong>nascitur</strong></span> <span class='ocrx_word' id='word_1_661' title='bbox 979 5414 1151 5471; x_wconf 83' lang='lat' dir='ltr'><strong>autem</strong></span> <span class='ocrx_word' id='word_1_662' title='bbox 1181 5418 1236 5469; x_wconf 87' lang='lat' dir='ltr'><strong>in</strong></span> <span class='ocrx_word' id='word_1_663' title='bbox 1270 5416 1425 5468; x_wconf 84' lang='lat' dir='ltr'><strong>domo</strong></span> <span class='ocrx_word' id='word_1_664' title='bbox 1453 5415 1739 5483; x_wconf 73' lang='lat' dir='ltr'><strong>probaticae</strong></span> <span class='ocrx_word' id='word_1_665' title='bbox 1782 5414 2048 5479; x_wconf 77' lang='lat' dir='ltr'><strong>.loacltim,</strong></span> 
     </span>
    </p>
   </div>
   <div class='ocr_carea' id='block_1_91' title="bbox 481 5485 2051 5557">
    <p class='ocr_par' dir='ltr' id='par_1_91' title="bbox 481 5485 2051 5557">
     <span class='ocr_line' id='line_1_94' title="bbox 481 5485 2051 5557; baseline -0.003 -16"><span class='ocrx_word' id='word_1_666' title='bbox 481 5499 638 5557; x_wconf 86' lang='lat' dir='ltr'><strong>atque</strong></span> <span class='ocrx_word' id='word_1_667' title='bbox 664 5490 732 5542; x_wconf 85' lang='lat' dir='ltr'><strong>ad</strong></span> <span class='ocrx_word' id='word_1_668' title='bbox 759 5487 1005 5554; x_wconf 81' lang='lat' dir='ltr'><strong>templum</strong></span> <span class='ocrx_word' id='word_1_669' title='bbox 1039 5485 1324 5539; x_wconf 80' lang='lat' dir='ltr'><strong>adducitur</strong></span> <span class='ocrx_word' id='word_1_670' title='bbox 1342 5485 1632 5557; x_wconf 56' lang='grc' dir='ltr'>(Τίκτεται</span> <span class='ocrx_word' id='word_1_671' title='bbox 1658 5485 1732 5557; x_wconf 13' lang='grc' dir='ltr'><strong>Ῠ-δὲ</strong></span> <span class='ocrx_word' id='word_1_672' title='bbox 1765 5485 1924 5557; x_wconf 22' lang='grc' dir='ltr'>ἐνύτῷ</span> <span class='ocrx_word' id='word_1_673' title='bbox 1951 5487 2051 5554; x_wconf 76' lang='grc' dir='ltr'>τῆς</span> 
     </span>
    </p>
   </div>
   <div class='ocr_carea' id='block_1_92' title="bbox 481 5554 2051 5624">
    <p class='ocr_par' dir='ltr' id='par_1_92' title="bbox 481 5554 2051 5624">
     <span class='ocr_line' id='line_1_95' title="bbox 481 5554 2051 5624; baseline 0 -17"><span class='ocrx_word' id='word_1_674' title='bbox 481 5554 819 5624; x_wconf 52' lang='grc' dir='ltr'>πρθιϐατικῆς</span> <span class='ocrx_word' id='word_1_675' title='bbox 867 5558 960 5610; x_wconf 84' lang='grc' dir='ltr'>τοῦ</span> <span class='ocrx_word' id='word_1_676' title='bbox 1000 5558 1256 5619; x_wconf 84' lang='grc' dir='ltr'>Ἰωακε“ιμ</span> <span class='ocrx_word' id='word_1_677' title='bbox 1297 5556 1450 5623; x_wconf 71' lang='grc' dir='ltr'>οἴκῳ,</span> <span class='ocrx_word' id='word_1_678' title='bbox 1488 5557 1580 5607; x_wconf 70' lang='grc' dir='ltr'>καὶ</span> <span class='ocrx_word' id='word_1_679' title='bbox 1612 5555 1689 5624; x_wconf 74' lang='grc' dir='ltr'>τῷ</span> <span class='ocrx_word' id='word_1_680' title='bbox 1721 5554 1851 5624; x_wconf 77' lang='grc' dir='ltr'><strong>ἱερῷ</strong></span> <span class='ocrx_word' id='word_1_681' title='bbox 1879 5572 2051 5624; x_wconf 84' lang='grc' dir='ltr'>προσ-</span> 
     </span>
    </p>
   </div>
   <div class='ocr_carea' id='block_1_93' title="bbox 482 5626 2053 5694">
    <p class='ocr_par' dir='ltr' id='par_1_93' title="bbox 482 5626 2053 5694">
     <span class='ocr_line' id='line_1_96' title="bbox 482 5626 2053 5694; baseline 0.001 -17"><span class='ocrx_word' id='word_1_682' title='bbox 482 5626 728 5691; x_wconf 72' lang='grc' dir='ltr'>άγεται).</span> <span class='ocrx_word' id='word_1_683' title='bbox 775 5628 853 5679; x_wconf 85' lang='lat' dir='ltr'><strong>Ad</strong></span> <span class='ocrx_word' id='word_1_684' title='bbox 895 5642 1057 5694; x_wconf 82' lang='lat' dir='ltr'><strong>quem</strong></span> <span class='ocrx_word' id='word_1_685' title='bbox 1096 5626 1414 5679; x_wconf 88' lang='lat' dir='ltr'><strong>Damasccni</strong></span> <span class='ocrx_word' id='word_1_686' title='bbox 1451 5626 1626 5694; x_wconf 79' lang='lat' dir='ltr'><strong>locum</strong></span> <span class='ocrx_word' id='word_1_687' title='bbox 1664 5627 1777 5679; x_wconf 64' lang='lat' dir='ltr'><strong>hate</strong></span> <span class='ocrx_word' id='word_1_688' title='bbox 1824 5626 2053 5679; x_wconf 88' lang='lat' dir='ltr'><strong>adnotat</strong></span> 
     </span>
    </p>
   </div>
   <div class='ocr_carea' id='block_1_94' title="bbox 487 5692 2051 5763">
    <p class='ocr_par' dir='ltr' id='par_1_94' title="bbox 487 5692 2051 5763">
     <span class='ocr_line' id='line_1_97' title="bbox 487 5692 2051 5763; baseline 0 -16"><span class='ocrx_word' id='word_1_689' title='bbox 487 5694 785 5763; x_wconf 81' lang='lat' dir='ltr'><strong>Lequinius</strong></span> <span class='ocrx_word' id='word_1_690' title='bbox 833 5692 925 5763; x_wconf 72' lang='lat' dir='ltr'><strong>(itr</strong></span> <span class='ocrx_word' id='word_1_691' title='bbox 953 5706 1065 5750; x_wconf 86' lang='lat' dir='ltr'><strong>not.</strong></span> <span class='ocrx_word' id='word_1_692' title='bbox 1101 5694 1166 5749; x_wconf 85' lang='lat' dir='ltr'><strong>ad</strong></span> <span class='ocrx_word' id='word_1_693' title='bbox 1212 5694 1266 5750; x_wconf 92' lang='lat' dir='ltr'><strong>h.</strong></span> <span class='ocrx_word' id='word_1_694' title='bbox 1308 5694 1407 5757; x_wconf 85' lang='lat' dir='ltr'><strong>l.):</strong></span> <span class='ocrx_word' id='word_1_695' title='bbox 1451 5692 1707 5746; x_wconf 77' lang='lat' dir='ltr'><strong>Nascitur</strong></span> <span class='ocrx_word' id='word_1_696' title='bbox 1764 5706 1941 5748; x_wconf 83' lang='lat' dir='ltr'><strong>autem</strong></span> <span class='ocrx_word' id='word_1_697' title='bbox 1998 5696 2051 5747; x_wconf 85' lang='lat' dir='ltr'><strong>in</strong></span> 
     </span>
    </p>
   </div>
   <div class='ocr_carea' id='block_1_95' title="bbox 2160 3504 3752 3584">
    <p class='ocr_par' dir='ltr' id='par_1_95' title="bbox 2160 3504 3752 3584">
     <span class='ocr_line' id='line_1_98' title="bbox 2160 3504 3752 3584; baseline -0.001 -21"><span class='ocrx_word' id='word_1_698' title='bbox 2160 3510 2318 3577; x_wconf 85' lang='grc' dir='ltr'>λόγος</span> <span class='ocrx_word' id='word_1_699' title='bbox 2346 3512 2542 3575; x_wconf 83' lang='grc' dir='ltr'>είπεῑν,</span> <span class='ocrx_word' id='word_1_700' title='bbox 2596 3510 3007 3583; x_wconf 84' lang='grc' dir='ltr'>κολυμϐήθραν,</span> <span class='ocrx_word' id='word_1_701' title='bbox 3060 3510 3120 3564; x_wconf 78' lang='grc' dir='ltr'>ὲν</span> <span class='ocrx_word' id='word_1_702' title='bbox 3233 3511 3322 3563; x_wconf 84' lang='grc' dir='ltr'><strong>τὸν</strong></span> <span class='ocrx_word' id='word_1_703' title='bbox 3356 3512 3415 3562; x_wconf 82' lang='grc' dir='ltr'>ὲν</span> <span class='ocrx_word' id='word_1_704' title='bbox 3454 3512 3752 3579; x_wconf 78' lang='grc' dir='ltr'>τριάκοντα</span> 
     </span>
    </p>
   </div>
   <div class='ocr_carea' id='block_1_96' title="bbox 2161 3603 3755 3673">
    <p class='ocr_par' dir='ltr' id='par_1_96' title="bbox 2161 3603 3755 3673">
     <span class='ocr_line' id='line_1_99' title="bbox 2161 3603 3755 3673; baseline -0.001 -18"><span class='ocrx_word' id='word_1_705' title='bbox 2161 3603 2257 3655; x_wconf 71' lang='grc' dir='ltr'>καὶ</span> <span class='ocrx_word' id='word_1_706' title='bbox 2283 3603 2429 3655; x_wconf 84' lang='grc' dir='ltr'>ὀκτὼ</span> <span class='ocrx_word' id='word_1_707' title='bbox 2468 3604 2682 3672; x_wconf 84' lang='grc' dir='ltr'>χρόνοις</span> <span class='ocrx_word' id='word_1_708' title='bbox 2724 3604 3123 3673; x_wconf 83' lang='grc' dir='ltr'>κατακείμενον</span> <span class='ocrx_word' id='word_1_709' title='bbox 3159 3604 3538 3672; x_wconf 75' lang='grc' dir='ltr'>παραλυτικὸν</span> <span class='ocrx_word' id='word_1_710' title='bbox 3562 3604 3591 3655; x_wconf 88' lang='lat'><strong>6</strong></span> <span class='ocrx_word' id='word_1_711' title='bbox 3622 3605 3755 3672; x_wconf 82' lang='grc' dir='ltr'>Χρι-</span> 
     </span>
    </p>
   </div>
   <div class='ocr_carea' id='block_1_97' title="bbox 2164 3694 3752 3766">
    <p class='ocr_par' dir='ltr' id='par_1_97' title="bbox 2164 3694 3752 3766">
     <span class='ocr_line' id='line_1_100' title="bbox 2164 3694 3752 3766; baseline -0.003 -16"><span class='ocrx_word' id='word_1_712' title='bbox 2164 3696 2287 3759; x_wconf 80' lang='grc' dir='ltr'>στὸς</span> <span class='ocrx_word' id='word_1_713' title='bbox 2326 3696 2421 3749; x_wconf 77' lang='grc' dir='ltr'>καὶ</span> <span class='ocrx_word' id='word_1_714' title='bbox 2454 3695 2585 3759; x_wconf 84' lang='grc' dir='ltr'>Θεὸς</span> <span class='ocrx_word' id='word_1_715' title='bbox 2620 3696 2776 3765; x_wconf 82' lang='grc' dir='ltr'>ήμῶν</span> <span class='ocrx_word' id='word_1_716' title='bbox 2805 3695 3177 3766; x_wconf 75' lang='grc' dir='ltr'>ἐθεράπευσεν</span> <span class='ocrx_word' id='word_1_717' title='bbox 3225 3695 3545 3764; x_wconf 71' lang='grc' dir='ltr'>ἐξεγείρας,</span> <span class='ocrx_word' id='word_1_718' title='bbox 3580 3696 3660 3755; x_wconf 83' lang='grc' dir='ltr'>ὡς</span> <span class='ocrx_word' id='word_1_719' title='bbox 3696 3694 3752 3757; x_wconf 79' lang='grc' dir='ltr'>ἐξ</span> 
     </span>
    </p>
   </div>
   <div class='ocr_carea' id='block_1_98' title="bbox 2163 3784 3750 3857">
    <p class='ocr_par' dir='ltr' id='par_1_98' title="bbox 2163 3784 3750 3857">
     <span class='ocr_line' id='line_1_101' title="bbox 2163 3784 3750 3857; baseline -0.001 -18"><span class='ocrx_word' id='word_1_720' title='bbox 2163 3787 2375 3841; x_wconf 81' lang='grc' dir='ltr'>ἐκείνου</span> <span class='ocrx_word' id='word_1_721' title='bbox 2414 3786 2623 3855; x_wconf 81' lang='grc' dir='ltr'>μέλλων</span> <span class='ocrx_word' id='word_1_722' title='bbox 2653 3784 2748 3838; x_wconf 77' lang='grc' dir='ltr'>τοῦ</span> <span class='ocrx_word' id='word_1_723' title='bbox 2784 3787 2936 3839; x_wconf 82' lang='grc' dir='ltr'>οῐκου</span> <span class='ocrx_word' id='word_1_724' title='bbox 2967 3785 3366 3857; x_wconf 66' lang='grc' dir='ltr'>ἐκπορεύεσθαι</span> <span class='ocrx_word' id='word_1_725' title='bbox 3398 3786 3750 3856; x_wconf 42' lang='grc' dir='ltr'>συμϐολικιξ</span> 
     </span>
    </p>
   </div>
   <div class='ocr_carea' id='block_1_99' title="bbox 2164 3873 3751 3949">
    <p class='ocr_par' dir='ltr' id='par_1_99' title="bbox 2164 3873 3751 3949">
     <span class='ocr_line' id='line_1_102' title="bbox 2164 3873 3751 3949; baseline 0 -18"><span class='ocrx_word' id='word_1_726' title='bbox 2164 3878 2366 3949; x_wconf 75' lang='grc' dir='ltr'>ποιμὴν</span> <span class='ocrx_word' id='word_1_727' title='bbox 2406 3878 2515 3931; x_wconf 87' lang='grc' dir='ltr'><strong>τῶν</strong></span> <span class='ocrx_word' id='word_1_728' title='bbox 2562 3878 2799 3947; x_wconf 87' lang='grc' dir='ltr'>λογικῶν</span> <span class='ocrx_word' id='word_1_729' title='bbox 2841 3877 3153 3947; x_wconf 82' lang='grc' dir='ltr'>προϐάτων.</span> <span class='ocrx_word' id='word_1_730' title='bbox 3204 3873 3338 3930; x_wconf 74' lang='grc' dir='ltr'>Εἶτα</span> <span class='ocrx_word' id='word_1_731' title='bbox 3379 3878 3477 3931; x_wconf 77' lang='grc' dir='ltr'><strong>καὶ</strong></span> <span class='ocrx_word' id='word_1_732' title='bbox 3526 3878 3615 3930; x_wconf 71' lang='grc' dir='ltr'>διὰ</span> <span class='ocrx_word' id='word_1_733' title='bbox 3654 3878 3751 3946; x_wconf 82' lang='grc' dir='ltr'>τῆς</span> 
     </span>
    </p>
   </div>
   <div class='ocr_carea' id='block_1_100' title="bbox 2163 3968 3749 4041">
    <p class='ocr_par' dir='ltr' id='par_1_100' title="bbox 2163 3968 3749 4041">
     <span class='ocr_line' id='line_1_103' title="bbox 2163 3968 3749 4041; baseline -0.001 -19"><span class='ocrx_word' id='word_1_734' title='bbox 2163 3972 2341 4023; x_wconf 68' lang='grc' dir='ltr'>ἐκεῖσε</span> <span class='ocrx_word' id='word_1_735' title='bbox 2398 3969 2493 4022; x_wconf 79' lang='grc' dir='ltr'>τοῦ</span> <span class='ocrx_word' id='word_1_736' title='bbox 2542 3969 2736 4033; x_wconf 77' lang='grc' dir='ltr'>ὓδατος</span> <span class='ocrx_word' id='word_1_737' title='bbox 2775 3969 3166 4041; x_wconf 84' lang='grc' dir='ltr'>κολυμϐήθρας</span> <span class='ocrx_word' id='word_1_738' title='bbox 3219 3968 3317 4023; x_wconf 81' lang='grc' dir='ltr'>τοῦ</span> <span class='ocrx_word' id='word_1_739' title='bbox 3368 3968 3749 4037; x_wconf 84' lang='grc' dir='ltr'>βαπτίσματος</span> 
     </span>
    </p>
   </div>
   <div class='ocr_carea' id='block_1_101' title="bbox 2164 4062 3749 4135">
    <p class='ocr_par' dir='ltr' id='par_1_101' title="bbox 2164 4062 3749 4135">
     <span class='ocr_line' id='line_1_104' title="bbox 2164 4062 3749 4135; baseline -0.003 -19"><span class='ocrx_word' id='word_1_740' title='bbox 2164 4063 2591 4134; x_wconf 83' lang='grc' dir='ltr'>προτυπωθῆναι</span> <span class='ocrx_word' id='word_1_741' title='bbox 2624 4064 2687 4116; x_wconf 85' lang='grc' dir='ltr'><strong>τὸ</strong></span> <span class='ocrx_word' id='word_1_742' title='bbox 2714 4065 2981 4134; x_wconf 84' lang='grc' dir='ltr'>χάρισμα·</span> <span class='ocrx_word' id='word_1_743' title='bbox 3016 4064 3109 4117; x_wconf 79' lang='grc' dir='ltr'>καὶ</span> <span class='ocrx_word' id='word_1_744' title='bbox 3138 4062 3247 4134; x_wconf 79' lang='grc' dir='ltr'><strong>γὰρ</strong></span> <span class='ocrx_word' id='word_1_745' title='bbox 3274 4064 3496 4135; x_wconf 81' lang='grc' dir='ltr'>χρονίας</span> <span class='ocrx_word' id='word_1_746' title='bbox 3540 4062 3749 4129; x_wconf 74' lang='grc' dir='ltr'>πλάνης</span> 
     </span>
    </p>
   </div>
   <div class='ocr_carea' id='block_1_102' title="bbox 2164 4152 3742 4226">
    <p class='ocr_par' dir='ltr' id='par_1_102' title="bbox 2164 4152 3742 4226">
     <span class='ocr_line' id='line_1_105' title="bbox 2164 4152 3742 4226; baseline -0.002 -19"><span class='ocrx_word' id='word_1_747' title='bbox 2164 4156 2197 4225; x_wconf 84' lang='grc' dir='ltr'><strong>ἡ</strong></span> <span class='ocrx_word' id='word_1_748' title='bbox 2245 4155 2401 4217; x_wconf 86' lang='grc' dir='ltr'>νόσος</span> <span class='ocrx_word' id='word_1_749' title='bbox 2445 4154 2545 4217; x_wconf 84' lang='grc' dir='ltr'>τὰς</span> <span class='ocrx_word' id='word_1_750' title='bbox 2582 4154 2694 4207; x_wconf 91' lang='grc' dir='ltr'><strong>τῶν</strong></span> <span class='ocrx_word' id='word_1_751' title='bbox 2744 4154 3073 4226; x_wconf 82' lang='grc' dir='ltr'>ἀνθρώπων,</span> <span class='ocrx_word' id='word_1_752' title='bbox 3105 4155 3181 4217; x_wconf 87' lang='grc' dir='ltr'>ὼς</span> <span class='ocrx_word' id='word_1_753' title='bbox 3230 4157 3289 4207; x_wconf 80' lang='grc' dir='ltr'>ὲν</span> <span class='ocrx_word' id='word_1_754' title='bbox 3334 4154 3488 4219; x_wconf 78' lang='grc' dir='ltr'>τάξει</span> <span class='ocrx_word' id='word_1_755' title='bbox 3542 4152 3742 4223; x_wconf 79' lang='grc' dir='ltr'>μελῶν,</span> 
     </span>
    </p>
   </div>
   <div class='ocr_carea' id='block_1_103' title="bbox 2166 4244 3746 4317">
    <p class='ocr_par' dir='ltr' id='par_1_103' title="bbox 2166 4244 3746 4317">
     <span class='ocr_line' id='line_1_106' title="bbox 2166 4244 3746 4317; baseline -0.003 -17"><span class='ocrx_word' id='word_1_756' title='bbox 2166 4245 2533 4317; x_wconf 88' lang='grc' dir='ltr'>παραλύσασα</span> <span class='ocrx_word' id='word_1_757' title='bbox 2576 4245 2796 4315; x_wconf 79' lang='grc' dir='ltr'>ψυχὰς,</span> <span class='ocrx_word' id='word_1_758' title='bbox 2847 4246 3117 4316; x_wconf 79' lang='grc' dir='ltr'>καθάρσει</span> <span class='ocrx_word' id='word_1_759' title='bbox 3167 4245 3263 4299; x_wconf 77' lang='grc' dir='ltr'>τοῦ</span> <span class='ocrx_word' id='word_1_760' title='bbox 3310 4245 3627 4315; x_wconf 87' lang='grc' dir='ltr'>πνεύματος</span> <span class='ocrx_word' id='word_1_761' title='bbox 3679 4244 3746 4297; x_wconf 77' lang='grc' dir='ltr'><strong>δι’</strong></span> 
     </span>
    </p>
   </div>
   <div class='ocr_carea' id='block_1_104' title="bbox 2165 4335 3746 4408">
    <p class='ocr_par' dir='ltr' id='par_1_104' title="bbox 2165 4335 3746 4408">
     <span class='ocr_line' id='line_1_107' title="bbox 2165 4335 3746 4408; baseline 0 -19"><span class='ocrx_word' id='word_1_762' title='bbox 2165 4335 2358 4399; x_wconf 81' lang='grc' dir='ltr'>ὓδατος</span> <span class='ocrx_word' id='word_1_763' title='bbox 2390 4335 2616 4406; x_wconf 83' lang='grc' dir='ltr'>ὐγιώθη·</span> <span class='ocrx_word' id='word_1_764' title='bbox 2646 4336 2835 4408; x_wconf 88' lang='grc' dir='ltr'>ῶσπερ</span> <span class='ocrx_word' id='word_1_765' title='bbox 2865 4338 2960 4391; x_wconf 74' lang='grc' dir='ltr'>καὶ</span> <span class='ocrx_word' id='word_1_766' title='bbox 2985 4340 3041 4391; x_wconf 69' lang='grc' dir='ltr'>ιν</span> <span class='ocrx_word' id='word_1_767' title='bbox 3070 4338 3348 4408; x_wconf 82' lang='grc' dir='ltr'>προσώπῳ</span> <span class='ocrx_word' id='word_1_768' title='bbox 3372 4338 3473 4407; x_wconf 77' lang='grc' dir='ltr'>τῆς</span> <span class='ocrx_word' id='word_1_769' title='bbox 3502 4337 3746 4407; x_wconf 67' lang='grc' dir='ltr'>Βηθλεὲμ</span> 
     </span>
    </p>
   </div>
   <div class='ocr_carea' id='block_1_105' title="bbox 2086 4397 3744 4500">
    <p class='ocr_par' dir='ltr' id='par_1_105' title="bbox 2086 4397 3744 4500">
     <span class='ocr_line' id='line_1_108' title="bbox 2086 4397 3744 4500; baseline -0.001 -19"><span class='ocrx_word' id='word_1_770' title='bbox 2086 4397 2139 4457; x_wconf 79' lang='lat' dir='ltr'><strong>D</strong></span> <span class='ocrx_word' id='word_1_771' title='bbox 2164 4429 2193 4481; x_wconf 87' lang='lat'><strong>6</strong></span> <span class='ocrx_word' id='word_1_772' title='bbox 2230 4397 2392 4498; x_wconf 72' lang='grc' dir='ltr'>ἄρτος</span> <span class='ocrx_word' id='word_1_773' title='bbox 2424 4397 2681 4500; x_wconf 59' lang='grc' dir='ltr'>ίζυμῶθη</span> <span class='ocrx_word' id='word_1_774' title='bbox 2724 4430 2753 4483; x_wconf 89' lang='lat'><strong>6</strong></span> <span class='ocrx_word' id='word_1_775' title='bbox 2795 4397 2986 4500; x_wconf 76' lang='grc' dir='ltr'>νοητὸς</span> <span class='ocrx_word' id='word_1_776' title='bbox 3023 4397 3126 4499; x_wconf 71' lang='grc' dir='ltr'>τῆς</span> <span class='ocrx_word' id='word_1_777' title='bbox 3162 4397 3331 4497; x_wconf 54' lang='grc' dir='ltr'>ζωῆςί</span> <span class='ocrx_word' id='word_1_778' title='bbox 3368 4397 3540 4482; x_wconf 68' lang='grc' dir='ltr'>Ἱένθα</span> <span class='ocrx_word' id='word_1_779' title='bbox 3565 4397 3683 4481; x_wconf 41' lang='grc' dir='ltr'>’καὶ</span> <span class='ocrx_word' id='word_1_780' title='bbox 3708 4397 3744 4479; x_wconf 42' lang='grc' dir='ltr'><strong>-ὁ</strong></span> 
     </span>
    </p>
   </div>
   <div class='ocr_carea' id='block_1_106' title="bbox 2165 4520 3741 4593">
    <p class='ocr_par' dir='ltr' id='par_1_106' title="bbox 2165 4520 3741 4593">
     <span class='ocr_line' id='line_1_109' title="bbox 2165 4520 3741 4593; baseline -0.002 -19"><span class='ocrx_word' id='word_1_781' title='bbox 2165 4520 2401 4592; x_wconf 85' lang='grc' dir='ltr'>Χριστὸς</span> <span class='ocrx_word' id='word_1_782' title='bbox 2439 4520 2816 4591; x_wconf 75' lang='grc' dir='ltr'>ἀγγελοφανὴς</span> <span class='ocrx_word' id='word_1_783' title='bbox 2848 4521 3140 4592; x_wconf 81' lang='grc' dir='ltr'>ὐπεδείχθη</span> <span class='ocrx_word' id='word_1_784' title='bbox 3163 4521 3244 4593; x_wconf 84' lang='grc' dir='ltr'>τῷ</span> <span class='ocrx_word' id='word_1_785' title='bbox 3284 4520 3564 4590; x_wconf 73' lang='grc' dir='ltr'>Ἀϐραὰμ,</span> <span class='ocrx_word' id='word_1_786' title='bbox 3596 4520 3626 4572; x_wconf 90' lang='lat'><strong>6</strong></span> <span class='ocrx_word' id='word_1_787' title='bbox 3651 4521 3741 4571; x_wconf 77' lang='grc' dir='ltr'>καὶ</span> 
     </span>
    </p>
   </div>
   <div class='ocr_carea' id='block_1_107' title="bbox 2164 4610 3741 4683">
    <p class='ocr_par' dir='ltr' id='par_1_107' title="bbox 2164 4610 3741 4683">
     <span class='ocr_line' id='line_1_110' title="bbox 2164 4610 3741 4683; baseline -0.001 -17"><span class='ocrx_word' id='word_1_788' title='bbox 2164 4612 2243 4681; x_wconf 85' lang='grc' dir='ltr'><strong>τῷ</strong></span> <span class='ocrx_word' id='word_1_789' title='bbox 2278 4612 2477 4666; x_wconf 80' lang='grc' dir='ltr'>Ἰακὼϐ</span> <span class='ocrx_word' id='word_1_790' title='bbox 2517 4614 2929 4683; x_wconf 83' lang='grc' dir='ltr'>προσπαλαίσας</span> <span class='ocrx_word' id='word_1_791' title='bbox 2976 4614 3036 4665; x_wconf 80' lang='grc' dir='ltr'>ἐν</span> <span class='ocrx_word' id='word_1_792' title='bbox 3066 4612 3300 4681; x_wconf 81' lang='grc' dir='ltr'>ἀγγέλου</span> <span class='ocrx_word' id='word_1_793' title='bbox 3332 4615 3541 4683; x_wconf 79' lang='grc' dir='ltr'>μορφῇ.</span> <span class='ocrx_word' id='word_1_794' title='bbox 3572 4610 3741 4672; x_wconf 69' lang='grc' dir='ltr'>Αὐτὸς</span> 
     </span>
    </p>
   </div>
   <div class='ocr_carea' id='block_1_108' title="bbox 2165 4701 3742 4775">
    <p class='ocr_par' dir='ltr' id='par_1_108' title="bbox 2165 4701 3742 4775">
     <span class='ocr_line' id='line_1_111' title="bbox 2165 4701 3742 4775; baseline -0.001 -19"><span class='ocrx_word' id='word_1_795' title='bbox 2165 4702 2275 4773; x_wconf 83' lang='grc' dir='ltr'>γάρ</span> <span class='ocrx_word' id='word_1_796' title='bbox 2302 4704 2449 4755; x_wconf 69' lang='grc' dir='ltr'>ἔστιν</span> <span class='ocrx_word' id='word_1_797' title='bbox 2488 4704 2517 4757; x_wconf 90' lang='lat'><strong>6</strong></span> <span class='ocrx_word' id='word_1_798' title='bbox 2558 4703 2727 4756; x_wconf 74' lang='grc' dir='ltr'>ἐλθὼν</span> <span class='ocrx_word' id='word_1_799' title='bbox 2758 4703 3218 4773; x_wconf 85' lang='grc' dir='ltr'>εὐαγγελίσασθαι</span> <span class='ocrx_word' id='word_1_800' title='bbox 3247 4705 3359 4768; x_wconf 83' lang='grc' dir='ltr'>τοῖς</span> <span class='ocrx_word' id='word_1_801' title='bbox 3401 4703 3623 4775; x_wconf 66' lang='grc' dir='ltr'>μακρὰν</span> <span class='ocrx_word' id='word_1_802' title='bbox 3649 4701 3742 4757; x_wconf 77' lang='grc' dir='ltr'>καὶ</span> 
     </span>
    </p>
   </div>
   <div class='ocr_carea' id='block_1_109' title="bbox 2163 4793 3744 4866">
    <p class='ocr_par' dir='ltr' id='par_1_109' title="bbox 2163 4793 3744 4866">
     <span class='ocr_line' id='line_1_112' title="bbox 2163 4793 3744 4866; baseline 0 -17"><span class='ocrx_word' id='word_1_803' title='bbox 2163 4798 2277 4861; x_wconf 85' lang='grc' dir='ltr'>τοῖς</span> <span class='ocrx_word' id='word_1_804' title='bbox 2303 4794 2490 4864; x_wconf 76' lang='grc' dir='ltr'>ἐγγύςο</span> <span class='ocrx_word' id='word_1_805' title='bbox 2520 4796 2680 4860; x_wconf 88' lang='grc' dir='ltr'>αὐτός</span> <span class='ocrx_word' id='word_1_806' title='bbox 2710 4798 2859 4851; x_wconf 73' lang='grc' dir='ltr'>ἐστιν</span> <span class='ocrx_word' id='word_1_807' title='bbox 2901 4798 2963 4851; x_wconf 89' lang='grc' dir='ltr'><strong>τὸ</strong></span> <span class='ocrx_word' id='word_1_808' title='bbox 2995 4797 3311 4866; x_wconf 82' lang='grc' dir='ltr'>εὐαγγέλιον</span> <span class='ocrx_word' id='word_1_809' title='bbox 3333 4798 3435 4866; x_wconf 77' lang='grc' dir='ltr'>τῆς</span> <span class='ocrx_word' id='word_1_810' title='bbox 3470 4793 3744 4850; x_wconf 84' lang='grc' dir='ltr'>δικαιοσύ-</span> 
     </span>
    </p>
   </div>
   <div class='ocr_carea' id='block_1_110' title="bbox 2159 4996 3739 5068">
    <p class='ocr_par' dir='ltr' id='par_1_110' title="bbox 2159 4996 3739 5068">
     <span class='ocr_line' id='line_1_113' title="bbox 2159 4996 3739 5068; baseline 0.001 -18"><span class='ocrx_word' id='word_1_811' title='bbox 2159 5000 2313 5051; x_wconf 83' lang='lat' dir='ltr'><strong>domo</strong></span> <span class='ocrx_word' id='word_1_812' title='bbox 2344 4996 2627 5063; x_wconf 64' lang='lat' dir='ltr'><strong>probarim:</strong></span> <span class='ocrx_word' id='word_1_813' title='bbox 2658 5014 2669 5049; x_wconf 88' lang='lat'><strong>:</strong></span> <span class='ocrx_word' id='word_1_814' title='bbox 2708 4996 2807 5051; x_wconf 80' lang='lat' dir='ltr'><strong>hoc</strong></span> <span class='ocrx_word' id='word_1_815' title='bbox 2835 5009 2913 5053; x_wconf 85' lang='lat' dir='ltr'><strong>est</strong></span> <span class='ocrx_word' id='word_1_816' title='bbox 2945 4998 3000 5053; x_wconf 85' lang='lat' dir='ltr'><strong>in</strong></span> <span class='ocrx_word' id='word_1_817' title='bbox 3026 4998 3227 5053; x_wconf 68' lang='lat' dir='ltr'><strong>(edibus</strong></span> <span class='ocrx_word' id='word_1_818' title='bbox 3281 5000 3568 5068; x_wconf 75' lang='lat' dir='ltr'><strong>pecuariis.</strong></span> <span class='ocrx_word' id='word_1_819' title='bbox 3608 4996 3739 5051; x_wconf 83' lang='lat' dir='ltr'><strong>Pro-</strong></span> 
     </span>
    </p>
   </div>
   <div class='ocr_carea' id='block_1_111' title="bbox 2158 5068 3739 5137">
    <p class='ocr_par' dir='ltr' id='par_1_111' title="bbox 2158 5068 3739 5137">
     <span class='ocr_line' id='line_1_114' title="bbox 2158 5068 3739 5137; baseline 0 -16"><span class='ocrx_word' id='word_1_820' title='bbox 2158 5068 2347 5121; x_wconf 77' lang='lat' dir='ltr'><strong>batica:</strong></span> <span class='ocrx_word' id='word_1_821' title='bbox 2380 5084 2566 5121; x_wconf 84' lang='lat' dir='ltr'><strong>nomen</strong></span> <span class='ocrx_word' id='word_1_822' title='bbox 2596 5084 2826 5136; x_wconf 71' lang='lat' dir='ltr'><strong>gra&#39;cum</strong></span> <span class='ocrx_word' id='word_1_823' title='bbox 2870 5072 3073 5124; x_wconf 77' lang='lat' dir='ltr'><strong>servavi</strong></span> <span class='ocrx_word' id='word_1_824' title='bbox 3100 5080 3312 5137; x_wconf 81' lang='lat' dir='ltr'><strong>propter</strong></span> <span class='ocrx_word' id='word_1_825' title='bbox 3365 5070 3565 5123; x_wconf 78' lang='lat' dir='ltr'><strong>celebre</strong></span> <span class='ocrx_word' id='word_1_826' title='bbox 3611 5081 3739 5123; x_wconf 79' lang='lat' dir='ltr'><strong>tent-</strong></span> 
     </span>
    </p>
   </div>
   <div class='ocr_carea' id='block_1_112' title="bbox 2156 5138 3739 5208">
    <p class='ocr_par' dir='ltr' id='par_1_112' title="bbox 2156 5138 3739 5208">
     <span class='ocr_line' id='line_1_115' title="bbox 2156 5138 3739 5208; baseline 0.001 -17"><span class='ocrx_word' id='word_1_827' title='bbox 2156 5140 2318 5208; x_wconf 18' lang='lat' dir='ltr'><strong>plumi</strong></span> <span class='ocrx_word' id='word_1_828' title='bbox 2338 5150 2538 5191; x_wconf 74' lang='lat' dir='ltr'><strong>sancta:</strong></span> <span class='ocrx_word' id='word_1_829' title='bbox 2568 5139 2818 5200; x_wconf 81' lang='lat' dir='ltr'><strong>ciuitatis,</strong></span> <span class='ocrx_word' id='word_1_830' title='bbox 2849 5140 2988 5208; x_wconf 87' lang='lat' dir='ltr'><strong>quod</strong></span> <span class='ocrx_word' id='word_1_831' title='bbox 3013 5138 3304 5193; x_wconf 80' lang='lat' dir='ltr'><strong>Probatica</strong></span> <span class='ocrx_word' id='word_1_832' title='bbox 3339 5149 3668 5207; x_wconf 78' lang='lat' dir='ltr'><strong>nuncupant,</strong></span> <span class='ocrx_word' id='word_1_833' title='bbox 3688 5141 3739 5193; x_wconf 81' lang='lat' dir='ltr'><strong>in</strong></span> 
     </span>
    </p>
   </div>
   <div class='ocr_carea' id='block_1_113' title="bbox 2156 5207 3739 5278">
    <p class='ocr_par' dir='ltr' id='par_1_113' title="bbox 2156 5207 3739 5278">
     <span class='ocr_line' id='line_1_116' title="bbox 2156 5207 3739 5278; baseline -0.001 -17"><span class='ocrx_word' id='word_1_834' title='bbox 2156 5224 2258 5278; x_wconf 86' lang='lat' dir='ltr'><strong>quo</strong></span> <span class='ocrx_word' id='word_1_835' title='bbox 2294 5207 2651 5263; x_wconf 84' lang='lat' dir='ltr'><strong>Damascentts</strong></span> <span class='ocrx_word' id='word_1_836' title='bbox 2683 5207 2947 5262; x_wconf 74' lang='lat' dir='ltr'><strong>sermones</strong></span> <span class='ocrx_word' id='word_1_837' title='bbox 2983 5210 3166 5263; x_wconf 83' lang='lat' dir='ltr'><strong>habuit</strong></span> <span class='ocrx_word' id='word_1_838' title='bbox 3213 5211 3266 5262; x_wconf 86' lang='lat' dir='ltr'><strong>in</strong></span> <span class='ocrx_word' id='word_1_839' title='bbox 3304 5210 3493 5263; x_wconf 83' lang='lat' dir='ltr'><strong>Natali</strong></span> <span class='ocrx_word' id='word_1_840' title='bbox 3518 5209 3585 5263; x_wconf 83' lang='grc' dir='ltr'>Β.</span> <span class='ocrx_word' id='word_1_841' title='bbox 3624 5209 3739 5261; x_wconf 80' lang='lat' dir='ltr'><strong>Vir-</strong></span> 
     </span>
    </p>
   </div>
   <div class='ocr_carea' id='block_1_114' title="bbox 2156 5278 3735 5349">
    <p class='ocr_par' dir='ltr' id='par_1_114' title="bbox 2156 5278 3735 5349">
     <span class='ocr_line' id='line_1_117' title="bbox 2156 5278 3735 5349; baseline 0.001 -18"><span class='ocrx_word' id='word_1_842' title='bbox 2156 5280 2311 5348; x_wconf 85' lang='lat' dir='ltr'><strong>ginis.</strong></span> <span class='ocrx_word' id='word_1_843' title='bbox 2333 5278 2535 5349; x_wconf 83' lang='lat' dir='ltr'><strong>Ibidem</strong></span> <span class='ocrx_word' id='word_1_844' title='bbox 2562 5281 2734 5341; x_wconf 75' lang='lat' dir='ltr'><strong>aiunt,</strong></span> <span class='ocrx_word' id='word_1_845' title='bbox 2751 5280 3079 5346; x_wconf 87' lang='lat' dir='ltr'><strong>probaticam</strong></span> <span class='ocrx_word' id='word_1_846' title='bbox 3100 5280 3251 5333; x_wconf 84' lang='lat' dir='ltr'><strong>illam</strong></span> <span class='ocrx_word' id='word_1_847' title='bbox 3272 5282 3531 5345; x_wconf 75' lang='lat' dir='ltr'><strong>piscinam</strong></span> <span class='ocrx_word' id='word_1_848' title='bbox 3554 5282 3735 5349; x_wconf 73' lang='lat' dir='ltr'><strong>fuisse.</strong></span> 
     </span>
    </p>
   </div>
   <div class='ocr_carea' id='block_1_115' title="bbox 2156 5348 3742 5421">
    <p class='ocr_par' dir='ltr' id='par_1_115' title="bbox 2156 5348 3742 5421">
     <span class='ocr_line' id='line_1_118' title="bbox 2156 5348 3742 5421; baseline 0.001 -20"><span class='ocrx_word' id='word_1_849' title='bbox 2156 5349 2225 5421; x_wconf 76' lang='lat' dir='ltr'><strong>At</strong></span> <span class='ocrx_word' id='word_1_850' title='bbox 2272 5348 2475 5421; x_wconf 82' lang='lat' dir='ltr'><strong>nullam</strong></span> <span class='ocrx_word' id='word_1_851' title='bbox 2502 5350 2962 5421; x_wconf 84' lang='lat' dir='ltr'><strong>prorsusdomum</strong></span> <span class='ocrx_word' id='word_1_852' title='bbox 3013 5349 3399 5419; x_wconf 79' lang='lat' dir='ltr'><strong>Hierosolymis</strong></span> <span class='ocrx_word' id='word_1_853' title='bbox 3428 5361 3547 5421; x_wconf 85' lang='lat' dir='ltr'><strong>post</strong></span> <span class='ocrx_word' id='word_1_854' title='bbox 3597 5353 3742 5405; x_wconf 69' lang='lat' dir='ltr'><strong>exci—</strong></span> 
     </span>
    </p>
   </div>
   <div class='ocr_carea' id='block_1_116' title="bbox 2154 5419 3737 5486">
    <p class='ocr_par' dir='ltr' id='par_1_116' title="bbox 2154 5419 3737 5486">
     <span class='ocr_line' id='line_1_119' title="bbox 2154 5419 3737 5486; baseline 0.004 -16"><span class='ocrx_word' id='word_1_855' title='bbox 2154 5420 2301 5471; x_wconf 85' lang='lat' dir='ltr'><strong>dium</strong></span> <span class='ocrx_word' id='word_1_856' title='bbox 2328 5420 2536 5473; x_wconf 85' lang='lat' dir='ltr'><strong>stetisse</strong></span> <span class='ocrx_word' id='word_1_857' title='bbox 2566 5419 3010 5486; x_wconf 78' lang='lat' dir='ltr'><strong>locupletissimus</strong></span> <span class='ocrx_word' id='word_1_858' title='bbox 3035 5431 3110 5473; x_wconf 87' lang='lat' dir='ltr'><strong>est</strong></span> <span class='ocrx_word' id='word_1_859' title='bbox 3133 5422 3283 5474; x_wconf 82' lang='lat' dir='ltr'><strong>testis</strong></span> <span class='ocrx_word' id='word_1_860' title='bbox 3314 5419 3599 5486; x_wconf 76' lang='lat' dir='ltr'><strong>Iosephus,</strong></span> <span class='ocrx_word' id='word_1_861' title='bbox 3633 5432 3737 5476; x_wconf 85' lang='lat' dir='ltr'><strong>etc.</strong></span> 
     </span>
    </p>
   </div>
   <div class='ocr_carea' id='block_1_117' title="bbox 2160 5486 3737 5560">
    <p class='ocr_par' dir='ltr' id='par_1_117' title="bbox 2160 5486 3737 5560">
     <span class='ocr_line' id='line_1_120' title="bbox 2160 5486 3737 5560; baseline 0 -19"><span class='ocrx_word' id='word_1_862' title='bbox 2160 5486 2353 5560; x_wconf 55' lang='lat' dir='ltr'><strong>Verum</strong></span> <span class='ocrx_word' id='word_1_863' title='bbox 2388 5505 2509 5560; x_wconf 71' lang='lat' dir='ltr'><strong>quae</strong></span> <span class='ocrx_word' id='word_1_864' title='bbox 2553 5491 2715 5543; x_wconf 84' lang='lat' dir='ltr'><strong>habet</strong></span> <span class='ocrx_word' id='word_1_865' title='bbox 2743 5491 2994 5553; x_wconf 84' lang='lat' dir='ltr'><strong>Cosmas,</strong></span> <span class='ocrx_word' id='word_1_866' title='bbox 3031 5491 3283 5551; x_wconf 88' lang='lat' dir='ltr'><strong>suadent,</strong></span> <span class='ocrx_word' id='word_1_867' title='bbox 3316 5492 3737 5560; x_wconf 86' lang='lat' dir='ltr'><strong>appellationem</strong></span> 
     </span>
    </p>
   </div>
   <div class='ocr_carea' id='block_1_118' title="bbox 2152 5558 3741 5629">
    <p class='ocr_par' dir='ltr' id='par_1_118' title="bbox 2152 5558 3741 5629">
     <span class='ocr_line' id='line_1_121' title="bbox 2152 5558 3741 5629; baseline -0.01 0"><span class='ocrx_word' id='word_1_868' title='bbox 2152 5558 2250 5629; x_wconf 69' lang='grc' dir='ltr'><strong>’ἳῆς</strong></span> <span class='ocrx_word' id='word_1_869' title='bbox 2279 5559 2613 5627; x_wconf 81' lang='grc' dir='ltr'>προϐατικῆς</span> <span class='ocrx_word' id='word_1_870' title='bbox 2646 5560 2781 5612; x_wconf 88' lang='lat' dir='ltr'><strong>nihil</strong></span> <span class='ocrx_word' id='word_1_871' title='bbox 2835 5562 2900 5614; x_wconf 88' lang='lat' dir='ltr'><strong>ad</strong></span> <span class='ocrx_word' id='word_1_872' title='bbox 2959 5563 3220 5629; x_wconf 87' lang='lat' dir='ltr'><strong>templum</strong></span> <span class='ocrx_word' id='word_1_873' title='bbox 3260 5558 3497 5628; x_wconf 76' lang='lat' dir='ltr'><strong>Virginis</strong></span> <span class='ocrx_word' id='word_1_874' title='bbox 3528 5572 3621 5615; x_wconf 89' lang='lat' dir='ltr'><strong>aut</strong></span> <span class='ocrx_word' id='word_1_875' title='bbox 3676 5561 3741 5613; x_wconf 83' lang='lat' dir='ltr'><strong>ad</strong></span> 
     </span>
    </p>
   </div>
   <div class='ocr_carea' id='block_1_119' title="bbox 2151 5626 3744 5710">
    <p class='ocr_par' dir='ltr' id='par_1_119' title="bbox 2151 5626 3744 5710">
     <span class='ocr_line' id='line_1_122' title="bbox 2151 5626 3744 5710; baseline 0.002 -30"><span class='ocrx_word' id='word_1_876' title='bbox 2151 5626 2397 5710; x_wconf 76' lang='lat' dir='ltr'><strong>domum,</strong></span> <span class='ocrx_word' id='word_1_877' title='bbox 2428 5645 2557 5710; x_wconf 42' lang='lat' dir='ltr'><strong>quze&#39;</strong></span> <span class='ocrx_word' id='word_1_878' title='bbox 2574 5626 2863 5697; x_wconf 69' lang='lat' dir='ltr'><strong>Superstes</strong></span> <span class='ocrx_word' id='word_1_879' title='bbox 2890 5626 3154 5687; x_wconf 82' lang='lat' dir='ltr'><strong>manserit</strong></span> <span class='ocrx_word' id='word_1_880' title='bbox 3176 5626 3392 5687; x_wconf 77' lang='lat' dir='ltr'><strong>excidio</strong></span> <span class='ocrx_word' id='word_1_881' title='bbox 3430 5630 3744 5701; x_wconf 71' lang='lat' dir='ltr'><strong>Biemsoly-</strong></span> 
     </span>
    </p>
   </div>
   <div class='ocr_carea' id='block_1_120' title="bbox 2152 5700 2716 5768">
    <p class='ocr_par' dir='ltr' id='par_1_120' title="bbox 2152 5700 2716 5768">
     <span class='ocr_line' id='line_1_123' title="bbox 2152 5700 2716 5768; baseline 0.005 -17"><span class='ocrx_word' id='word_1_882' title='bbox 2152 5700 2380 5763; x_wconf 83' lang='lat' dir='ltr'><strong>ntitano,</strong></span> <span class='ocrx_word' id='word_1_883' title='bbox 2427 5700 2716 5768; x_wconf 81' lang='lat' dir='ltr'><strong>pertinere.</strong></span> 
     </span>
    </p>
   </div>
  </div>
