4038 6194
313 262 446 326 1009

1263 255 1519 317 SEBMO
1559 256 1639 316 IN
1679 256 1784 316 SS.
1825 253 2156 316 JOACIIIM
2192 255 2287 314 ET
2320 255 2602 317 ΑΝΝΛΜ.

3418 264 3556 330 1⁸0Ιο

308 395 429 447 νης·
457 377 620 438 αὑτός
666 378 814 429 ἐστιν
860 374 889 426 ό
929 373 998 427 δι’
1029 372 1282 444 ἀγγέλων
1323 375 1387 428 τὸ
1433 375 1768 444 πρόσταγμα
1802 371 1898 425 τοῦ

2011 373 2156 427 venit
2185 382 2297 428 tum
2336 375 2403 430 iis
2431 375 2523 444 qui
2559 374 2776 444 procul,
2802 384 2914 430 tum
2949 376 3016 432 iis
3055 377 3154 448 qui
3181 394 3351 451 prope
3387 398 3579 454 erant;

309 470 447 523 Θεοῦ
470 469 566 522 καὶ
593 466 830 538 Πατρός·
859 465 1023 531 αὑτός
1053 467 1226 520 ἐστιν
1253 468 1287 521 ὁ
1316 467 1423 535 τῆς
1448 466 1716 536 μεγάλης
1739 466 1897 530 ﬂou-

313 561 435 629 λῆς
485 563 546 615 Ἀ
559 563 774 630 msulae
794 598 810 620 ,
841 550 995 626 ᾧτινι
1031 560 1061 613 ὁ
1094 559 1288 630 Πατὴρ
1333 559 1635 629 σὺμὸουλος
1660 556 1900 628 γεγονὼς

312 654 549 723 εἰρήκει·
599 651 953 718 Ποιήσωμεν
983 649 1302 718 ἄνθρωπον
1350 651 1482 703 κατ’
1537 652 1746 704 εἰκόνα
1798 647 1898 702 καί

315 745 603 812 ὁμοίωσιν
635 741 949 810 ἡμετέραν.
990 734 1162 804 Οὗτός
1188 742 1340 794 ἐστιν
1366 741 1579 809 καὶτῆς
1625 739 1892 810 ἀληθινῆς

315 837 461 904 ζωῆς
493 836 521 887 ό
550 834 734 905 ἄρτος,
766 833 826 885 ὲν
855 832 933 902 τῷ
960 833 1060 904 τῆς
1083 831 1332 903 Βηθλεὲμ
1361 831 1586 902 ὀνόματι
1617 848 1898 902 προκηρυο

315 925 484 997 χθείς·
515 924 712 995 Βηθλεὲ
724 942 764 993 μ
789 923 900 993 γὰρ
929 922 1290 993 ἑρμηνεύεται
1337 919 1498 984 υἷκος
1527 921 1716 992 ἄρτου·
1766 924 1795 975 ὁ
1839 923 1897 974 ὲν

313 1019 380 1086 τῇ
415 1018 588 1086 σκηνῇ
637 1013 732 1066 τοῦ
783 1012 1036 1082 Ἀϐραὰμ
1075 1011 1384 1082 ἐγκρυφίας
1430 1011 1683 1082 πεφθεὶς,
1728 1013 1897 1083 ἧγουν

314 1108 372 1160 ὲν
405 1105 693 1178 μυστηρίῳ
729 1104 1007 1174 ζυμωθεὶς
1036 1103 1224 1174 ἄρτος,
1255 1103 1402 1157 τοῦτ’
1433 1103 1583 1158 ἐστιν
1624 1105 1658 1176 ἡ
1703 1123 1898 1177 γεννη-

313 1200 441 1269 τικὴ
474 1195 612 1269 σὰρξ
643 1197 737 1250 τοὺ
782 1197 1036 1268 Σωτῆρος
1075 1195 1142 1250 ἐκ
1180 1196 1283 1264 τῆς
1326 1197 1610 1268 Παρθένου
1643 1199 1737 1251 καὶ
1763 1198 1895 1252 Θεο-

311 1294 472 1345 τόκου
492 1289 730 1360 Μαρίας.

385 1384 475 1448 (Γ.
523 1380 840 1452 Πρόσφορον
881 1375 974 1434 οὑν
1017 1381 1192 1434 είπεῖν
1232 1381 1321 1436 διὰ
1367 1380 1560 1435 ταῦτα·
1589 1382 1900 1454 Εὑλόγησεν

315 1475 522 1544 Κύριος
551 1473 643 1526 τὸν
671 1469 820 1526 οἷκον
849 1472 1013 1526 Δαυῒδ
1037 1474 1130 1528 τοῦ
1157 1474 1422 1543 βασιλέως
1455 1475 1544 1529 διὰ
1568 1476 1669 1546 τὴν
1692 1477 1895 1548 προέγ-

312 1583 469 1635 γονον
501 1564 668 1619 αὑτοῦ
712 1565 807 1618 καὶ
846 1563 1115 1628 ζωοτὸκον
1155 1567 1396 1636 Μαρίαν.
1448 1567 1760 1639 Εὑλόγησεν
1805 1568 1900 1623 τὸν

312 1655 465 1714 οἷκον
524 1659 784 1727 Ἰωακεὶμ
823 1658 919 1711 καὶ
981 1659 1184 1726 Ἀννης
1224 1660 1335 1712 τῶν
1389 1659 1615 1714 δικαίων
1656 1661 1748 1715 διὰ
1799 1663 1899 1734 τὴν

311 1750 519 1804 τούτων
565 1748 907 1820 ἡγιασμένην
942 1747 1242 1820 θυγατέρα.
1285 1749 1598 1821 Εὑλόγησεν
1638 1751 1730 1804 τὸν
1750 1748 1896 1806 οἶκον
1934 1734 1973 1788 Β

328 1841 527 1911 Ἰωσὴφ
552 1840 640 1894 διὰ
661 1840 760 1910 τὴν
789 1839 1150 1910 χρηματικῶς
1173 1839 1271 1894 καὶ
1298 1840 1460 1910 μόνον
1499 1842 1900 1913 παραδοθεῖσαν

314 1930 555 2000 νύμφην,
588 1930 688 2000 τὴν
716 1930 887 1993 όντως
915 1929 1086 2000 ἁγνὴν
1127 1930 1222 1984 καλ⁸
1251 1931 1614 2003 ἀειπάρθενον
1635 1932 1730 1988 τοῦ
1765 1936 1903 2007 Χρι-

316 2023 446 2078 στοῦ
470 2023 705 2094 Μητέρα
731 2023 827 2076 καὶ
867 2023 1132 2076 Θεοτόκον
1153 2024 1400 2094 Μαρίαν.

388 2116 550 2169 Ὅθεν
573 2115 662 2168 διὰ
697 2114 871 2168 ταῦτα
892 2116 1286 2187 τρισμακάριοι
1317 2118 1416 2189 τῆς
1465 2117 1813 2190 Θεομήτορος
1849 2119 1901 2173 ot

315 2211 516 2275 γονεῖς,
543 2204 622 2269 οἷς
647 2209 756 2270 πᾶς
779 2209 806 2260 ό
835 2209 1040 2278 κόσμος
1065 2211 1354 2278 χρεωστεῖ·
1393 2211 1441 2262 οί
1484 2211 1583 2280 μὲν
1623 2210 1732 2283 γὰρ
1771 2227 1905 2281 προ-

316 2301 508 2369 φῆται,
541 2299 610 2353 δι’
635 2299 816 2354 αὑτῶν
861 2300 1055 2372 ὅτιπερ
1083 2301 1333 2372 ἁψευδῶς
1366 2303 1746 2374 ἐχρημάτισαν
1773 2305 1904 2373 περὶ

315 2392 416 2461 τῆς
453 2391 921 2462 ὲνανθρωπήσεως
954 2391 1049 2444 τοῦ
1092 2393 1352 2464 Χριστοὺ’
1395 2395 1446 2447 οἱ
1472 2395 1782 2458 ἀπόστολοι,
1819 2395 1902 2448 ὅτι

312 2488 405 2542 διὰ
431 2490 528 2558 τῆς
548 2487 732 2541 αὑτῶν
755 2487 1026 2560 θυγατρὸς
1054 2488 1163 2541 υἱοὶ
1205 2487 1384 2556 φωτὸς
1434 2489 1900 2561 ἁνεγεννήθησαν·

313 2582 367 2632 οί
404 2581 550 2648 ἅγιοι
585 2581 882 2651 μάρτυρες,
916 2580 999 2632 ὅτι
1027 2579 1510 2650 ἐστεφανώθησαν·
1538 2581 1588 2633 οί
1631 2583 1769 2635 ὅσιοι
1811 2582 1904 2635 καὶ⁸

315 2669 538 2736 δίκαιοι,
580 2671 656 2734 ὼς
689 2670 797 2724 τῶν
843 2669 1151 2740 μελλόντων
1195 2669 1418 2738 ἀγαθῶν
1453 2670 1815 2742 κληρονόμοι·
1853 2675 1902 2728 οί

314 2761 655 2832 ἁμαρτωλοὶ,
702 2761 778 2826 ὡς
819 2761 906 2816 διὰ
951 2761 1061 2815 τῶν
1127 2760 1438 2833 πρεσϐειῶν
1488 2761 1591 2832 τῆς
1639 2762 1903 2818 Θεοτόκου

315 2852 470 2905 ἑλεοὺ
478 2871 650 2922 μενοι.

390 2949 465 3001 Ζ’.
503 2940 598 3008 Οίς
637 2947 732 3000 καὶ
757 2945 971 3016 βοῶμεν
995 2946 1352 3018 εὑχαρίστωςυ
1387 2950 1588 3021 Χαῖρε,
1627 2951 1904 3005 πάνσεπτε

316 3038 498 3109 πάτερ
546 3038 645 3107 τῆς
693 3037 833 3109 μετὰ
888 3038 1022 3091 Θεὸν
1082 3038 1299 3104 ἐλπίδος
1362 3043 1540 3113 ἡμῶν,
1623 3044 1901 3113 Ἰωακείμ·

319 3129 482 3199 χάρις
513 3131 579 3200 τῇ
617 3129 780 3198 ὀσφύϊ
809 3146 924 3182 σου.
956 3131 1154 3200 Χαῖρε,
1185 3133 1424 3204 πάντιμε
1463 3135 1638 3207 μῆτερ
1669 3135 1768 3206 τῆς
1801 3154 1905 3207 μη-

317 3220 449 3289 τρδς
484 3221 585 3290 τῆς
639 3222 785 3291 ζωῆς
815 3222 995 3292 ἡμῶν,
1054 3224 1244 3276 Ἄννα·
1297 3225 1426 3290 δόξα
1461 3229 1528 3297 τῇ
1564 3227 1742 3299 κοιλία
1783 3245 1904 3282 σου.

319 3313 516 3383 Χαῖρε,
541 3313 717 3384 πάτερ
745 3313 1114 3384 ἁγαθοσπόρε,
1149 3316 1243 3368 καὶ
1280 3315 1375 3369 τοῦ
1402 3316 1745 3388 πολυσπόρου
1784 3338 1906 3389 γεν-

319 3406 566 3476 νήματος
606 3404 840 3474 γεωργέ.
885 3406 1078 3475 Χαῖρε,
1125 3407 1298 3477 μῆτερ
1342 3408 1765 3480 μεγαλόκαρπε,
1807 3413 1907 3481 τῆς

320 3497 602 3567 σωτηρίας
649 3498 807 3567 ἡμῶν
845 3496 994 3568 ῥίζα.
1033 3499 1230 3570 Χαῖρε,
1282 3501 1480 3572 πάτερ,
1529 3501 1621 3554 τοῦ
1672 3503 1908 3575 εὑφόρου

323 3589 557 3660 βότρυος
581 3589 956 3661 ἀμπελουργὲ·
982 3592 1159 3660 χαῖρε,
1190 3591 1386 3662 μῆτερ,
1419 3593 1518 3664 τῆς
1548 3593 1764 3665 ἀγαθῆς
1801 3597 1908 3666 γῆς

321 3682 826 3736 ἑκατονταπλάσιον
845 3682 1076 3752 ἄρουρα.
1103 3684 1300 3756 Χαῖρε,
1319 3684 1520 3756 πάτερ,
1545 3686 1639 3740 τοῦ
1659 3686 1908 3759 ἐμψύχου

320 3775 656 3846 παραδείσου
684 3777 974 3845 φυτουργέ.
1002 3775 1196 3846 Χαῖρε,
1225 3777 1418 3847 μῆτερ,
1447 3777 1540 3832 τοῦ
1571 3780 1908 3849 ἁνεγκλήτου

320 3869 524 3925 κλάδον
561 3869 802 3938 δένδρον.
855 3870 1050 3940 Χαῖρε,
1105 3871 1302 3940 πάτερ,
1348 3872 1441 3924 τοῦ
1486 3873 1716 3927 ἀσπίλου
1765 3892 1908 3945 μαρ-

323 3962 552 4031 γαρίτου
572 3961 769 4031 κόγχη.
802 3962 1002 4030 Χαῖρε,
1049 3961 1246 4031 μῆτερ,
1271 3961 1376 4021 ,τοῦ
1416 3963 1660 4033 καθαιροὺ
1700 3966 1910 4035 σμαρά-

321 4051 452 4120 γδου
495 4052 692 4121 πέτρα.
737 4053 934 4120 Χαῖρε,
977 4053 1172 4120 πάτερ,
1223 4055 1322 4123 τῆς
1363 4052 1674 4124 ζωορρύτου
1723 4055 1912 4126 πηγῆς

325 4144 489 4215 φλέψ.
515 4146 710 4216 Χαῖρε,
750 4143 962 4220 μῆτερ,
982 4143 1082 4214 τῆς
1119 4145 1435 4212 τεκνογόνου
1466 4145 1625 4217 δίψης
1657 4146 1837 4217 ὑδρία.

2002 465 2119 534 ipse
2147 473 2228 520 est
2257 466 2376 519 laeta
2395 465 2623 534 justitim
2646 467 2990 522 aummtiatio
3015 487 3029 535 ;
3060 468 3177 539 ipse
3207 487 3304 541 per
3329 477 3580 544 angelum

2001 557 2366 628 promulgatio
2394 565 2480 612 est
2532 558 2666 626 legis
2698 557 2793 613 Dei
2825 575 2890 613 ac
2934 558 3149 628 Patris;
3190 562 3305 632 ipse
3353 565 3582 636 Angelus

2000 659 2085 704 est
2109 650 2287 719 magni
2308 649 2574 715 (τοηεὶίὶίῆ
2603 653 2689 705 cui
2716 649 2876 706 Pater
2906 653 3252 709 consiliarius
3283 658 3582 724 exsislens,

1997 741 2174 797 dixit:
2213 741 2501 798 Faciamus
2533 743 2792 798 hominem
2820 745 2891 798 ad
2921 747 3203 816 imaginem
3243 757 3291 801 et
3331 749 3585 804 similitu-

1997 833 2172 887 dinem
2201 834 2505 889 nostram".
2548 835 2649 889 Hic
2699 845 2785 892 est
2830 846 2882 892 ct
2916 839 3072 907 panis
3122 855 3264 894 verae
3316 840 3462 903 vitae,
3489 857 3585 911 per

2000 939 2197 979 nomen
2229 925 2502 980 Bethleem
2539 928 2971 996 praenuntiatus;
3007 946 3131 985 nam
3177 931 3454 986 Bethleem
3489 949 3585 987 ex-

1999 1017 2234 1087 plicatur
2275 1018 2482 1073 Domus
2531 1021 2725 1088 panis;
2754 1021 3155 1080 subeinericius
3195 1033 3279 1079 est
3322 1027 3476 1095 panis
3531 1026 3585 1080 in

2001 1110 2354 1165 tabernaculo
2407 1110 2640 1166 Abrahae
2698 1123 3015 1181 apparatus,
3067 1114 3172 1170 hoc
3217 1124 3320 1183 est,
3369 1117 3422 1170 in
3471 1134 3586 1189 my-

1998 1206 2166 1260 sterio
2197 1202 2575 1267 fermentatus,
2600 1218 2730 1258 caro
2760 1204 3009 1258 videlicet
3035 1201 3337 1262 Salvatoris
3364 1223 3432 1261 cx
3467 1207 3586 1270 Vire

2000 1298 2126 1369 gine
2150 1305 2204 1352 et
2247 1295 2336 1352 Dei
2373 1295 2544 1351 Matre
2577 1295 2746 1351 Maria
2778 1296 3086 1367 progenita.

2073 1389 2160 1444 Vl.
2196 1389 2304 1445 llas
2353 1389 2518 1458 igitur
2561 1390 2632 1444 ob
2662 1405 2860 1444 causas
2894 1399 3324 1445 consentaneum
3371 1400 3455 1446 est
3484 1407 3576 1444 ex-

2001 1483 2276 1536 clamare:
2309 1480 2591 1535 Bcnedixit
2621 1480 2886 1535 Dominus
2938 1480 3125 1536 domui
3161 1480 3381 1536 Davidis
3432 1482 3574 1550 regis

2003 1582 2223 1645 propter
2281 1571 2506 1626 Mariam
2563 1571 2804 1642 ejusdem
2855 1582 3198 1642 proneptem,
3229 1588 3294 1628 ac
3350 1582 3580 1627 matrem

2005 1665 2148 1720 vitae.
2181 1663 2464 1719 Benedixit
2492 1663 2679 1718 domui
2718 1663 2996 1734 justurum
3028 1661 3297 1718 Joachimi
3334 1673 3389 1718 et
3418 1665 3590 1719 Anna:

2005 1763 2228 1825 propter
2252 1753 2645 1809 sanetilicatam
2667 1769 2858 1807 eorum
2884 1751 3071 1806 tiliam.
3098 1752 3377 1807 Benedixit
3400 1754 3586 1809 domui

2005 1846 2228 1916 Josephi
2268 1855 2492 1917 propter
2536 1845 2795 1900 traditam
2829 1845 2883 1899 in
2911 1852 3231 1915 potestatem
3266 1845 3432 1911 illius,
3465 1845 3589 1916 jure

2007 1939 2131 1994 licet
2183 1938 2470 1993 dumtaxat
2530 1937 2793 2006 sponsali,
2828 1937 2987 2007 plane
3039 1951 3232 2006 puram
3285 1950 3348 1990 ac
3376 1950 3590 2004 semper

2005 2032 2269 2102 virginem
2298 2031 2501 2086 Christi
2531 2031 2757 2085 Matrem
2800 2039 2856 2084 et
2887 2028 3174 2098 Deiparam
3213 2027 3462 2081 Mariam.

2077 2125 2384 2180 Beatissimi
2403 2125 2627 2195 proinde
2651 2125 2753 2180 hac
2782 2124 2848 2179 de
2876 2138 3039 2179 causa
3064 2121 3156 2176 Dei
3178 2121 3362 2176 Matris
3391 2137 3593 2190 paren-

2006 2230 2107 2284 tes,
2137 2217 2337 2288 quibus
2366 2218 2653 2272 universus
2676 2232 2735 2271 se
2761 2215 3000 2270 mundus
3016 2213 3340 2269 obstrictum
3378 2213 3594 2281 prolite-

2005 2322 2192 2378 tur;et
2212 2310 2490 2381 prophetae
2517 2307 2737 2378 quidem
2775 2317 3058 2377 propterea
3079 2306 3221 2374 quod
3244 2304 3595 2359 veracissima

2005 2421 2100 2461 eos
2132 2405 2200 2459 de
2256 2403 2631 2460 incarnatione
2685 2401 2889 2456 Christi
2950 2399 3176 2455 oracula
3202 2398 3456 2462 edidisse,
3494 2414 3591 2468 per

2009 2500 2158 2567 ipsos
2208 2494 2461 2564 apparuit
2493 2512 2509 2557 ;
2540 2492 2796 2561 apostoli,
2824 2492 2952 2560 quia
3009 2505 3104 2559 per
3165 2505 3354 2544 eorum
3402 2487 3593 2542 Filiam

2009 2605 2146 2644 nova
2177 2586 2525 2658 generatione
2560 2582 2690 2638 facti
2720 2591 2848 2639 sunt
2883 2581 2975 2636 lilii
3029 2581 3206 2647 lucis;
3241 2579 3415 2634 sancti
3447 2595 3596 2632 mar-

2014 2693 2181 2752 tyres,
2212 2679 2343 2751 quia
2389 2677 2637 2734 coronati
2689 2675 2951 2745 sunt;pii
3006 2690 3070 2729 ac
3115 2673 3284 2743 justi,
3332 2681 3595 2742 tanquam

2007 2775 2314 2829 futurorum
2376 2770 2621 2838 haercdes
2651 2769 2966 2835 bonorum;
3010 2775 3348 2838 peccatores,
3403 2772 3597 2834 utpote

2011 2883 2108 2938 per
2159 2867 2402 2935 Deipara:
2446 2879 2638 2935 preces
2685 2861 3119 2917 misericordiam
3175 2865 3593 2926 consequentes.

2083 2949 2195 3006 VII.
2228 2950 2293 3004 Et
2323 2965 2422 3006 nos
2456 2944 2642 3019 itaque
2668 2958 2824 3020 grato
2865 2948 3053 3001 animo
3092 2945 3285 3000 iisdem
3328 2943 3600 2998 acclame-

2012 3060 2172 3098 mus:
2208 3042 2387 3108 Salve,
2437 3039 2711 3105 Joachim,
2766 3038 3158 3108 augustissime
3212 3036 3362 3090 illius
3417 3042 3594 3103 pater.

2009 3151 2131 3205 quat
2164 3149 2288 3204 spes
2320 3142 2403 3188 est
2453 3141 2637 3186 nostra
2675 3139 2800 3201 post
2847 3129 3053 3196 Deum;
3089 3126 3295 3206 lumbis
3326 3125 3437 3180 tuis
3483 3124 3599 3178 sint

2008 3225 2215 3296 gratiae.
2249 3223 2429 3287 Salve,
2459 3223 2636 3284 Anna,
2671 3236 2882 3278 summe
2917 3218 3236 3276 honoranda
3273 3218 3421 3274 illius
3476 3232 3599 3272 ma-

2011 3328 2112 3384 ter,
2135 3333 2256 3388 quae
2283 3326 2455 3371 mater
2479 3325 2566 3371 est
2588 3316 2712 3369 vita:
2736 3323 2970 3379 nostrae;
3004 3321 3160 3368 utero
3185 3321 3279 3366 tuo
3308 3311 3379 3366 sit
3402 3311 3597 3380 gloria.

2011 3408 2190 3472 Salve,
2223 3415 2394 3476 pater,
2436 3405 2631 3475 Optimi
2695 3413 2863 3468 sator,
2899 3402 3192 3471 cultorque
3256 3398 3594 3453 uberrimam

2011 3515 2266 3570 promens
2328 3506 2588 3567 segetem.
2621 3497 2803 3560 Salve,
2853 3503 3046 3560 mater,
3079 3494 3354 3549 immenso
3412 3490 3600 3545 l’ructu

2012 3594 2132 3647 laeta
2163 3591 2322 3646 radix
2351 3589 2522 3653 illius,
2566 3603 2688 3656 qua:
2739 3587 2891 3642 salus
2933 3591 3122 3641 nostra
3172 3585 3368 3638 evasit.
3417 3581 3602 3643 Salve.

2011 3695 2186 3757 pater,
2221 3697 2285 3738 ex
2319 3681 2466 3737 culta
2505 3695 2535 3734 a
2572 3687 2622 3733 te
2649 3681 2803 3733 vinea
2840 3678 3082 3748 opimum
3140 3675 3392 3747 praebens
3449 3687 3604 3727 race-

2013 3793 2183 3832 mum.
2227 3774 2410 3838 Salve,
2456 3779 2652 3833 mater,
2676 3778 2836 3825 terra:
2885 3769 3043 3824 bona:
3093 3765 3491 3823 lertilissimum
3523 3777 3608 3816 ar-

2015 3887 2163 3927 vum.
2191 3869 2373 3931 Salve.
2391 3877 2565 3938 pater,
2593 3865 2817 3921 animati
2842 3861 3078 3935 paradisi
3107 3861 3399 3931 plantator.
3424 3857 3604 3918 Salve,

2013 3971 2206 4026 mater,
2227 3960 2389 4014 arbor
2410 3973 2623 4011 ramum
2650 3957 2766 4010 vitii
2787 3964 3062 4025 expertem
3087 3953 3293 4008 habens
3315 3949 3606 4022 (2).Salve,

2014 4063 2165 4123 pater
2187 4092 2202 4115 ,
2231 4050 2595 4105 immaculata:
2651 4048 2960 4117 margarita:
3009 4045 3239 4100 concha.
3277 4041 3457 4105 Salve,
3491 4055 3611 4094 ma-

2013 4154 2117 4208 ter,
2155 4140 2349 4208 inlegri
2401 4155 2429 4192 a
2472 4153 2628 4192 naavo
2691 4136 2965 4206 smaragdi
2998 4144 3174 4204 petra.
3209 4131 3402 4193 Salve,
3431 4138 3606 4198 pater.

2012 4243 2151 4283 vena
2200 4226 2366 4281 fontis
2430 4225 2702 4280 manantis
2738 4225 2926 4278 vitam.
2980 4224 3160 4287 Salve,
3190 4228 3382 4281 mater,
3416 4216 3608 4286 hydria

2017 4320 2160 4375 sitim
2201 4317 2556 4387 suscipienda:
2586 4317 2754 4384 prolis
2797 4314 3166 4383 exstinguens.

401 4417 714 4490 Πληροῦται
738 4417 800 4470 τὸ
824 4416 998 4487 στόμα
1019 4414 1178 4485 ἡμῶν
1191 4413 1287 4468 τοῦ
1310 4413 1550 4485 ὑμνῆσαι
1569 4415 1668 4484 τῆς
1688 4412 1906 4482 ἅγιοσὺ-

2095 4408 2356 4478 lmpletur
2385 4423 2449 4461 os
2483 4417 2730 4460 nostrum
2767 4403 3021 4457 laudibus
3054 4400 3272 4456 eximiae
3301 4397 3610 4454 sanctitatis

324 4526 428 4580 νης
447 4507 602 4578 ὑμῶν
622 4509 690 4562 τὰ
715 4507 994 4578 ἐξαίρετα·
1016 4505 1134 4558 ἀλλ’
1149 4505 1250 4558 οὑκ
1281 4503 1448 4575 ἐσμὲν
1477 4505 1651 4557 ίκανοὶ
1673 4504 1770 4574 τὴν
1800 4502 1918 4556 θεό-

327 4600 556 4664 ζευκτον
603 4598 758 4669 ὑμῶν
797 4597 1040 4668 ὑμνῆσαι
1075 4596 1274 4657 δυάδα,
1311 4597 1359 4648 εί
1403 4597 1477 4666 μή
1525 4613 1589 4662 γε
1634 4595 1776 4649 κατὰ
1817 4593 1917 4664 τὴν

330 4694 518 4761 φωνὴν
553 4689 649 4743 τοῦ
686 4690 911 4758 έγγόνου
942 4688 1098 4758 ὑμῶν
1133 4687 1274 4741 κατὰ
1317 4688 1495 4758 σάρκα
1535 4686 1773 4757 Χριστοῦ
1803 4703 1908 4756 μα·-

331 4781 560 4853 καρίσαι
593 4781 720 4846 τοὺς
757 4781 1126 4852 ἀμφοτέρους,
1157 4781 1251 4834 καὶ
1286 4783 1462 4833 εἰπεῖν
1487 4796 1502 4811 ο
1535 4780 1779 4849 Χαίρετε
1811 4781 1912 4836 καί

435 4943 455 4974 ³
490 4945 593 4999 lsa.
629 4942 742 5011 Ix,6
775 4957 887 4999 sec.
920 4938 1084 4996 LXX.
1152 4941 1172 4973 ⁸
1203 4939 1340 4997 Gen.
1376 4956 1414 5006 ι,
1449 4938 1528 4994 l6.

408 5105 810 5210 (ὴνΡοιρέ-οιηο
837 5103 1081 5174 apertius
1110 5100 1460 5157 immaculata
1493 5099 1734 5170 Virginis
1762 5099 1916 5168 origo

335 5178 666 5235 signiﬁcari?

389 5221 877 5317 riii-)ul‘lueqnaquam
900 5242 1446 5317 estobscurum,_hoc
1461 5241 1578 5317 loco
1601 5239 1766 5294 δυάδα
1790 5239 1917 5308 poni

335 5312 437 5390 pro
470 5312 835 5390 δυασμὺνέεο
867 5313 1177 5383 signiﬁcare
1223 5312 1563 5390 conjngalem
1614 5321 1816 5373 actum,
1850 5324 1916 5390 es

335 5379 450 5457 quo
489 5379 645 5441 beata
694 5383 859 5457 Virgo
914 5379 1722 5457 conceptanestiPrtrterquam
1771 5379 1915 5446 quod

334 5451 482 5515 cnim
534 5457 716 5510 nullus
769 5451 908 5508 alius
946 5451 1242 5520 probabilis
1293 5467 1486 5505 sensus
1543 5451 1596 5503 in
1628 5458 1917 5520 contextus

336 5528 613 5598 adjunctis
634 5526 896 5598 occurrit,
924 5517 1166 5598 ejusdem
1194 5531 1479 5598 contextus
1507 5520 1644 5598 ratio
1679 5517 1915 5598 idplauc

337 5589 612 5670 νοέιιιιιιις
642 5595 786 5670 unde
812 5589 1382 5670 et‘coucluditurjllis
1414 5591 1614 5670 vet-“bis,
1644 5589 1776 5641 satis
1805 5604 1914 5667 esse

338 5658 411 5724 iul
480 5658 714 5737 ipsorum
766 5665 996 5729 latttltm,
1031 5663 1168 5731 quod
1212 5661 1434 5717 Matrem
1479 5659 1578 5715 Dei
1617 5658 1906 5731 genuerint.

2021 4513 2246 4565 vestrm;
2269 4508 2324 4553 at
2345 4509 2584 4554 vestrum
2611 4495 2721 4551 Deo
2737 4495 2960 4566 auspice
2981 4494 3174 4549 initum
3193 4492 3508 4561 conjugium
3529 4490 3608 4552 t3)

2021 4595 2300 4651 celebrare
2337 4606 2680 4662 nequaquam
2711 4605 2874 4661 pares
2900 4603 3118 4649 sumus,
3147 4586 3252 4640 uisi
3291 4583 3608 4653 usurpando

2019 4700 2180 4742 voces
2232 4682 2461 4749 Christi,
2511 4681 2677 4737 vestri
2729 4681 3032 4736 secundum
3090 4692 3310 4734 carnem
3368 4674 3606 4746 nepotis,

2021 4780 2206 4836 beatos
2229 4793 2326 4835 vos
2358 4777 2522 4834 ambo
2548 4775 2910 4848 praedicemus
2933 4788 2998 4829 ac
3028 4773 3278 4830 dicamus
3305 4791 3319 4827 :
3347 4769 3611 4835 Gaudete,

2022 5097 2167 5152 Nihil
2205 5111 2368 5165 porro
2399 5096 2667 5152 illustrius
2694 5096 2849 5165 juxta
2881 5103 2936 5151 ct
2957 5094 3138 5164 aptius
3171 5093 3239 5148 ad
3269 5090 3599 5146 laudandam

1946 5207 1963 5216 .
2027 5168 2118 5222 Dei
2152 5164 2448 5223 Genitricis
2480 5164 2893 5236 conceptionem
2913 5165 3042 5236 dici
3080 5164 3272 5233 potuit,
3302 5176 3481 5236 quam
3513 5174 3606 5236 ge:

2023 5239 2324 5294 nerationis
2353 5253 2492 5304 opus
2528 5237 2634 5291 Deo
2655 5229 2878 5306 auspice
2903 5229 3425 5306 fuissesusceptum.
3447 5229 3602 5306 Quod

2024 5323 2156 5362 sane
2184 5299 2440 5377 congruit
2474 5322 2599 5360 cum
2627 5306 2715 5368 iis,
2747 5299 3040 5377 quala-pud
3071 5302 3340 5377 Isidorum
3372 5299 3604 5377 legimus

2027 5377 2204 5449 (Hom.
2229 5369 2588 5431 in'Prwsent.
2618 5369 2832 5449 Πείρίᾷ
2857 5369 2996 5449 Xlll,
3023 5373 3316 5449 oportuisse
3369 5369 3599 5449 scilicet,

2027 5441 2082 5500 ιιι
2117 5450 2185 5518 ad
2219 5463 2575 5518 congressum,
2597 5441 2734 5499 unde
2777 5441 3598 5518 Virginisprocessitconceptio,

2024 5517 2276 5641 nilllaliud
2302 5511 2460 5587 tinam
2493 5532 2804 5588 congressus
2849 5511 2963 5570 citur
2989 5513 3095 5567 Deo
3120 5511 3404 5579 impelleret
3445 5520 3604 5582 atque

2024 5607 2052 5641 ο
2095 5599 2323 5641 taceret.

2022 5599 2323 5643 adduceret.
