4020 6194
233 276 367 341 Iul?

1529 274 1674 338 LEO
1714 271 2015 333 PATllICl
2028 271 2142 333 US.

3334 274 3473 341 1018

224 403 335 449 τον,
366 384 575 454 κάρφος
608 386 879 457 φέρουσαν
913 389 1147 461 Χριστὸν
1179 390 1386 457 ἐλαίας,
1420 392 1611 454 Ἄννα,
1644 388 1790 458 ἡμᾶς

1906 391 2144 438 assecuta
2194 395 2255 437 es
2303 381 2636 449 columbam,
2670 399 2791 454 qum
2840 400 3052 440 ramum
3096 384 3276 451 olivae,
3310 384 3468 442 Chri-

226 476 612 548 κατακλυσμοῦ
642 479 833 549 νοητοῦ
851 479 1262 551 ἐλευθεροῦντα.

882 712 1013 786 ῼΔΗ
1045 717 1128 770 tr.

297 843 363 897 Τί
409 861 502 915 μοι
542 843 758 916 μήτραν
796 844 1119 915 ἀπειργάσω
1157 843 1511 912 ἁτεκνοῦσαν,
1555 843 1649 898 καὶ
1694 860 1798 913 μα-

226 938 383 999 στοὺς
433 934 642 1006 ξεροὺς,
692 934 875 1000 καθὼς
924 936 1173 1007 προέφης
1218 939 1275 991 ὲν
1312 937 1646 1007 προφήταις,
1696 935 1796 987 Δέ-

226 1046 432 1095 σποτα;
463 1027 660 1080 ἀνεϐόα
682 1028 850 1080 Ἀννα
879 1028 1032 1081 ποτέ.
1071 1028 1351 1091 Ἀτεκνίας
1377 1044 1477 1097 μου
1504 1030 1565 1080 τὸ
1595 1028 1795 1092 ὄνειδος

223 1118 497 1184 διάλυσον,
544 1122 638 1172 καὶ
686 1120 773 1182 δός
811 1136 902 1190 μοι
956 1119 1189 1190 καρπὸν,
1246 1119 1364 1189 μεθ’
1394 1111 1455 1171 οὗ
1488 1119 1754 1190 βοήσομαι
1781 1136 1792 1148 ·

225 1212 532 1279 Εὐλογείτω
576 1211 610 1281 ἡ
653 1212 829 1274 κτίσις
867 1212 1016 1264 πᾶσα
1065 1210 1156 1264 τὸν
1205 1211 1433 1284 Κύριον,
1479 1212 1573 1265 καὶ
1620 1212 1793 1282 ὑπερ-

227 1303 423 1372 υψοῦτε
449 1305 529 1367 εἰς
560 1304 766 1367 πάντας
791 1305 917 1368 τοὺς
949 1305 1176 1369 αἰῶνας.

305 1485 548 1555 ’Υπῆλθε
580 1486 678 1555 τήν
705 1484 823 1558 σήν,
857 1486 1051 1551 Ἅννα,
1088 1488 1301 1559 μήτραν
1327 1485 1540 1558 λυχνία,
1570 1487 1632 1541 τὸ
1657 1488 1799 1557 λαμ-

224 1577 436 1641 πάδιον,
468 1577 591 1647 ἣτις
616 1577 677 1631 τὸ
709 1577 851 1631 θεῖον
877 1578 1157 1648 μυστικῶς
1186 1577 1433 1650 ἐχώρησε
1463 1578 1524 1632 τὸ
1553 1580 1798 1649 φωτίσαν

223 1671 403 1723 πᾶσαν
428 1669 595 1738 πνοὴν
625 1668 1001 1739 φρυκτωρίαις
1034 1670 1324 1739 μυστικαῖς
1352 1669 1452 1739 τῆς
1480 1668 1632 1733 θείας
1659 1668 1799 1738 γνὼ-

1901 486 2044 530 stum
2074 488 2266 545 nempe
2294 490 2324 529 e
2348 474 2617 545 spirituali
2644 478 2973 548 cataelysmo
3003 492 3101 533 nos
3130 477 3472 546 liberantem,

1897 568 2054 639 gerit.

2532 715 2667 772 ODE
2701 712 2841 772 Vill.

1969 847 2253 903 Clamabat
2300 847 2596 919 aliquando
2626 848 2781 901 Anna
2815 864 2827 901 :
2861 846 3002 915 Quid
3037 846 3189 912 mihi,
3219 846 3471 913 Domine,

1900 946 2115 994 uterum
2169 939 2375 993 sobolis
2429 937 2804 1001 infecundum,
2834 947 2994 1007 atque
3038 937 3248 992 arentia
3296 937 3473 992 fecisti

1899 1031 2089 1095 ubera,
2137 1030 2598 1099 quemadmodum
2666 1030 2720 1084 in
2795 1029 3072 1099 prephetis
3136 1029 3474 1098 praedia-isti?

1901 1121 2064 1178 Solve
2118 1121 2425 1176 sterilitatis
2502 1136 2637 1176 meae
2697 1121 3075 1190 opprobrium,
3117 1129 3173 1174 et
3235 1119 3472 1175 fructum

1899 1213 2037 1267 mihi
2065 1213 2264 1277 tribue,
2287 1228 2411 1267 cum
2434 1227 2543 1282 quo
2571 1212 2859 1267 clamabo:
2891 1212 3218 1267 Benedicant
3247 1212 3475 1266 Domino

1898 1313 2166 1360 creaturae
2219 1319 2434 1373 onmes,
2476 1314 2531 1360 et
2575 1303 2946 1375 superexaltat
3005 1318 3130 1358 eum
3177 1303 3231 1357 in
3285 1302 3469 1358 omnia

1902 1396 2127 1450 saaeula.

1971 1485 2161 1541 Sinum
2192 1496 2368 1551 tuum,
2396 1502 2430 1542 ο
2472 1487 2650 1553 Anna,
2684 1486 3075 1542 candelabrum
3112 1487 3298 1552 subiit,
3325 1486 3475 1558 quod

1914 1578 2146 1649 mystice
2190 1577 2429 1632 divinam
2467 1576 2795 1647 lampadem,
2829 1578 2979 1631 onmi
3011 1576 3228 1647 spiritui
3278 1575 3478 1631 divina:

1901 1670 2146 1727 scientiae
2172 1669 2356 1723 lumen
2392 1667 2636 1739 mysticis
2672 1668 2886 1723 facibus
2910 1668 3301 1733 affundentem,
3334 1668 3386 1722 in
3417 1684 3478 1724 se

225 1776 384 1822 σεως’
431 1758 513 1811 διὸ
558 1756 878 1828 γηθοσύνως
924 1758 1360 1829 ἀνεκραύγαζεςο
1412 1759 1721 1828 Εὑλογείτω
1762 1761 1795 1829 ή

1906 1763 2147 1834 excepit;
2191 1770 2481 1833 propterea
2530 1776 2655 1817 cum
2702 1760 2902 1831 gaudio
2951 1760 3271 1817 clamabas:
3308 1759 3478 1815 Bene-

224 1851 399 1913 κτίσις
431 1851 581 1903 πᾶσα
613 1849 704 1902 τὸν
731 1849 957 1921 Κύριον,
990 1852 1083 1903 καὶ
1114 1847 1457 1920 ὐπερυψούτε
1491 1850 1570 1913 εἰς
1591 1850 1800 1915 πάντας

223 1943 350 2005 τοὺς
374 1941 601 2004 αἰῶνας.

292 2035 553 2105 Φέρουσιν
580 2033 656 2098 ὡς
700 2034 1032 2106 ὡραιότατον
1066 2034 1163 2089 νῦν
1202 2033 1400 2104 ζεῦγος
1433 2033 1585 2090 θείαν
1621 2035 1800 2105 δάμα-

221 2124 325 2191 λιν,
369 2124 429 2189 ἐξ
454 2120 522 2196 ἧς
566 2123 595 2176 ὁ
626 2124 826 2195 μόσχος
868 2124 1068 2196 ὡραῖος
1097 2126 1364 2196 ἔλαμψεν,
1398 2126 1542 2195 ὑπὲρ
1578 2126 1799 2179 πάντων

226 2216 601 2286 σφαγιασθεὶς,
635 2218 665 2270 ό
687 2216 897 2281 κλεινὸς
940 2217 1199 2285 Ἰωακεὶμ
1233 2218 1329 2270 καὶ
1358 2218 1527 2271 Ἀννα
1563 2218 1799 2287 μέλπον-

224 2326 331 2372 τες·
365 2308 675 2378 Εὑλογείτω
696 2309 730 2379 ἠ
752 2307 926 2372 κτίσις
950 2309 1103 2363 πᾶσα
1129 2309 1221 2362 τὸν
1253 2311 1478 2380 Κύριον,
1508 2308 1603 2363 καὶ
1632 2308 1801 2380 ὑπερ-

225 2400 421 2471 υψοῦτε
450 2402 530 2464 εἰς
559 2400 770 2463 πάντας
793 2400 923 2464 τοὺς
945 2400 1170 2463 αἰῶνας.

892 2603 1024 2676 om
1056 2604 1135 2659 0.

294 2732 629 2805 Χορεύσατε,
658 2731 830 2785 πᾶσαι
863 2729 1055 2801 ψυχαὶ,
1086 2728 1180 2785 καὶ
1208 2730 1536 2802 σκιρτήσατε
1557 2746 1570 2760 ·
1605 2731 1677 2801 γῆ
1706 2728 1802 2784 νῦν

226 2824 765 2896 πεπλαστούργηται,
794 2822 917 2893 ἥτις
947 2822 1279 2892 καρπογονεῖ
1297 2821 1576 2892 ἀνηρότως
1601 2821 1802 2890 στάχυν

226 2909 532 2983 ζωηφόρον,
581 2910 643 2976 ἐξ
692 2904 754 2964 οὗ
813 2912 1081 2980 φαγόντες
1130 2910 1190 2963 ού
1261 2910 1578 2965 πεινάσουσί
1632 2925 1797 2974 ποτε,

231 3002 629 3073 μεγαλύνοντες
661 2999 829 3057 αὑτοῦ
854 3002 952 3071 τὴν
981 3001 1318 3072 ἁγαθότητα.

1916 1855 2104 1910 dicant
2149 1853 2384 1908 Domino
2439 1863 2702 1909 creaturae
2756 1868 2970 1920 omnes,
3016 1861 3070 1908 et
3106 1852 3479 1923 superexalta-

1904 1954 1955 2000 te
1975 1959 2101 2000 eum
2128 1946 2182 1998 in
2204 1944 2390 1999 omnia
2430 1944 2656 1999 stecula.

1973 2036 2209 2108 luelytus
2234 2035 2554 2093 Joaebimus
2584 2050 2707 2090 cum
2743 2035 2921 2099 Anna,
2954 2034 3155 2102 quippe
3180 2032 3474 2103 coniugum

1901 2145 2000 2199 par
2031 2128 2461 2193 nobilissimum,
2497 2126 2737 2182 divinam
2772 2139 2921 2178 nunc
2958 2125 3183 2195 giguupt
3214 2124 3476 2194 iuvencu-

1902 2220 2032 2285 lam,
2065 2234 2097 2274 e
2136 2234 2241 2289 qua
2289 2230 2444 2275 ortus
2482 2226 2566 2272 est
2612 2218 2784 2272 Filius
2840 2216 2895 2269 in
2951 2217 3194 2269 omnimn
3244 2216 3472 2269 salutem

1901 2319 2210 2377 mactatus;
2238 2320 2403 2380 atque
2458 2309 2595 2364 adeo
2639 2308 2936 2364 conciuunt
2965 2325 2977 2359 :
3011 2306 3338 2361 Benedicant
3368 2306 3477 2358 υυ-

1901 2405 2053 2460 mino
2109 2414 2375 2461 creatura:
2416 2416 2632 2468 omnes,
2686 2409 2741 2457 et
2788 2396 3197 2470 superexaltate
3235 2413 3361 2452 eum
3424 2398 3478 2453 in

1902 2498 2091 2553 omnia
2125 2498 2352 2553 saecula.

2559 2602 2695 2660 ODE
2723 2601 2816 2659 IX.

1974 2731 2279 2798 Laetamini,
2312 2746 2502 2788 omnes
2525 2730 2741 2795 animae,
2761 2739 2814 2786 et
2842 2728 3153 2798 exsultate;
3185 2743 3331 2783 nunc
3356 2744 3483 2783 cou-

1902 2826 2013 2881 dita
2063 2824 2151 2879 illa
2198 2834 2281 2879 est
2326 2833 2491 2889 terra,
2524 2839 2647 2895 qua:
2703 2823 2887 2879 nescia
2936 2822 3101 2876 aratri
3134 2820 3238 2874 fert
3275 2820 3481 2889 spicam

1905 2915 2025 2968 vitae
2048 2930 2062 2978 ;
2085 2929 2114 2968 e
2136 2929 2243 2983 qua
2273 2922 2535 2983 quotquot
2568 2913 3043 2977 manducaveriut,
3067 2911 3481 2982 magnificantes

1907 3006 2205 3060 bonitatem
2239 3006 2359 3075 ejus
2389 3021 2496 3060 non
2530 2986 2776 3061 esu'rient
2801 3003 3056 3074 amplius.

294 3094 606 3165 Ψαλτήριον
655 3092 795 3164 μετὰ
846 3091 1080 3163 κιθάρας
1120 3091 1379 3159 ἀνάλαόε,
1412 3090 1611 3156 Δαυϊδ,
1663 3091 1792 3163 μελ-

1982 3098 2170 3163 Sume,
2195 3113 2228 3152 ο
2262 3096 2449 3162 David,
2486 3096 2801 3168 psalterium
2834 3111 2959 3150 eum
2996 3095 3228 3161 cithara,
3259 3103 3313 3149 et
3351 3109 3485 3149 con-

227 3186 458 3259 ᾡδησον·
480 3186 588 3240 ἰδοὺ
617 3185 847 3249 κιϐωτὸς
877 3185 1119 3256 ἀνεφάνη
1139 3184 1296 3248 Θεοῦ,
1326 3184 1393 3253 ἢν
1425 3184 1669 3255 προέφης
1704 3201 1801 3237 σα-

1902 3192 2223 3248 cinezecce
2274 3190 2528 3260 apparuit
2573 3205 2697 3244 area
2750 3189 2866 3252 Dei,
2902 3203 3071 3257 quam
3130 3189 3367 3242 futuram
3427 3188 3480 3240 in

229 3279 343 3348 φῶς
386 3279 658 3351 ⁴ἐσομένην
702 3280 780 3342 εἰς
835 3277 1165 3346 ἀνάπλασιν,
1217 3276 1287 3331 δι’
1329 3273 1398 3349 ἧς
1437 3277 1798 3347 ὲξανέστημεν

1906 3281 2356 3339 restaurationem
2383 3281 2670 3352 perspicue
2696 3280 3024 3352 praidixisti,
3059 3295 3153 3351 per
3185 3295 3350 3351 quam
3382 3296 3483 3335 nos

229 3377 388 3446 ἡμεῖς
411 3374 503 3428 τοῦ
534 3374 1008 3445 παραπτώματος.

309 3466 395 3529 Ὠς
425 3467 671 3536 μέγιστοι
702 3465 796 3519 δύο
820 3465 1045 3534 ἀστέρες
1070 3464 1342 3536 ἠνέγκατε
1371 3462 1470 3535 τήν
1500 3463 1676 3535 αὐγήν
1704 3462 1805 3532 τήν

229 3555 549 3625 πάμφωτον·
602 3558 725 3627 ἥτις
768 3557 1086 3631 ὲξανατείλῃ
1131 3556 1225 3609 τὸν
1287 3555 1460 3626 μέγαν
1511 3554 1663 3625 ἥλιον
1724 3555 1801 3626 τῷ

230 3646 436 3717 κόσμῳ·
463 3646 543 3699 διὸ
581 3644 939 3716 εὐφημοῦμεν
973 3647 1069 3699 καὶ
1094 3645 1391 3718 δοξάζομεν
1436 3645 1603 3714 ὑμᾶς,
1647 3645 1798 3699 Ἰωαο

229 3734 361 3805 κεἰμ
385 3734 479 3787 καὶ
517 3735 707 3800 Ἀννα,
737 3734 812 3798 ὼς
842 3734 1158 3806 θεόφρονας.

1902 3388 1933 3429 e
1962 3374 2116 3443 lapsu
2144 3375 2575 3428 resurreximus.

1974 3460 2135 3516 Velut
2160 3461 2289 3515 bina
2320 3461 2555 3515 maxima
2577 3469 2725 3515 astra
2759 3476 3013 3515 auroram
3042 3469 3210 3515 totam
3243 3460 3479 3515 lucidam

1903 3555 2185 3619 attulistis,
2220 3569 2341 3624 qua:
2369 3570 2626 3625 magnum
2663 3552 2867 3607 mundo
2897 3553 3067 3607 solem
3103 3552 3326 3618 afferat;
3355 3567 3482 3621 pro~

1911 3654 2092 3713 pterea
2120 3660 2233 3705 vos.
2251 3643 2497 3700 Joachim
2520 3654 2575 3700 et
2594 3645 2772 3708 Anna,
2789 3652 3067 3713 tamquam
3096 3643 3279 3697 divina
3306 3651 3483 3697 mente

1908 3735 2163 3807 praeditos
2196 3738 2533 3793 celebramus
2561 3747 2613 3792 et
2640 3736 3032 3809 glorificamus.

235 3935 3475 3989 Μ

1524 4134 1699 4181 ANNO
1753 4133 1981 4181 DOMINI
2030 4134 2180 4180 CMX.

984 4317 1409 4494 [ΕΟ
1545 4243 2710 4494 PATRICIUS

1631 4777 2142 4871 NOTI’I‘IA

1227 4996 1342 5057 (MAI
1370 4992 1596 5046 Biblioth.
1632 5006 1743 5046 nov.
1770 4995 1934 5059 Patr.,
1971 5001 2087 5046 tom.
2112 4994 2195 5057 Vl,
2234 5009 2343 5059 pag.
2368 4995 2504 5056 5H.)

328 5169 528 5227 Leonis
560 5168 778 5225 Patricii
803 5177 983 5223 exstat
1003 5169 1055 5222 in
1080 5168 1412 5223 bibliotheca
1431 5166 1689 5222 Vaticana
1711 5166 1877 5222 codex
1902 5167 2176 5223 maximus
2203 5165 2499 5221 Bibliorum
2529 5167 2864 5236 Graecorum,
2881 5169 3134 5240 plurimis
3157 5170 3488 5240 splendidis-

241 5280 350 5333 que
385 5262 451 5315 ad
484 5258 808 5313 mirarulum
840 5256 1133 5310 decoratus
1161 5256 1556 5325 picturis,cum
1582 5255 1752 5324 ipsius
1780 5253 1980 5309 Leonis
1996 5253 2290 5324 fratrisque
2311 5253 2653 5310 Constantini
2684 5257 2941 5327 imagine.
2973 5256 3070 5311 llic
3093 5257 3353 5311 nimirum
3377 5258 3488 5312 Leo

243 5361 439 5406 auctor
463 5358 547 5403 est
576 5346 888 5414 eclogarum
911 5357 1067 5398 sacra
1098 5342 1267 5396 Biblia
1301 5343 1722 5406 illustrautium,
1754 5342 1900 5411 quod
1932 5356 2033 5396 nos
2058 5355 2199 5409 opus
2233 5341 2287 5395 in
2318 5342 2425 5397 alio
2457 5343 2579 5397 cod.
2608 5342 2729 5398 Vat.
2760 5345 3198 5400 observavimus.
3234 5344 3490 5399 Suntau-

244 5450 354 5493 tem
374 5438 575 5505 ecloga:
604 5430 1138 5487 Cenintentariorum
1173 5430 1227 5483 in
1264 5428 1687 5493 Oetoteucbum,
1727 5429 1778 5481 in
1813 5428 1981 5483 libros
2013 5438 2251 5497 quatuor
2280 5425 2489 5497 Regum
2519 5429 2648 5485 etin
2678 5430 2817 5486 duos
2836 5429 3328 5501 Paralipomenon;
3361 5432 3487 5485 item

244 5531 300 5583 in
326 5528 660 5587 lllattltaaum,
696 5523 924 5584 Lucam,
943 5519 1208 5575 Joannem
1233 5529 1287 5574 et
1311 5520 1481 5573 Actus
1503 5517 1910 5588 apostolorum;
1935 5515 2169 5585 denique
2194 5516 2247 5570 in
2268 5515 2559 5586 Epistolas,
2590 5534 2753 5573 unam
2782 5518 2999 5582 Jacobi,
3027 5520 3165 5575 duas
3187 5518 3352 5586 Petri,
3375 5530 3485 5575 tres

244 5613 473 5667 Joannis
502 5614 520 5679 (
547 5624 778 5680 quarum
812 5609 863 5661 in
899 5607 1071 5677 prima
1096 5608 1248 5661 deest
1282 5604 1655 5660 testimonium
1687 5601 1961 5672 cmlcste),
1990 5618 2154 5658 unam
2198 5600 2367 5659 Iudae.
2400 5603 2507 5659 Nos
2530 5606 2692 5677 bujus
2718 5607 2926 5682 copiosi
2960 5607 3145 5677 operis
3185 5608 3488 5678 specimen,

246 5702 556 5772 eclogarum
586 5714 778 5768 nempe
813 5698 879 5753 ad
910 5697 1146 5767 primum
1174 5696 1451 5751 Genescos
1479 5693 1800 5764 capitulum,
1835 5708 1982 5747 nunc
2014 5692 2068 5747 iu
2097 5691 2272 5750 lucem
2297 5692 2606 5751 cﬂ‘eremus.
