4038 6194
236 253 368 323 1021

1276 253 1755 318 ATHANASIUS
1794 256 2153 318 CORINTH.
2194 258 2424 321 EPISC.

3350 264 3483 327 1022

306 380 426 430 Ὀτι
459 374 572 437 πῶς
605 374 697 427 καὶ
726 372 869 442 μίαή
899 370 1105 424 ὑδάτων
1129 371 1419 447 συναγωγή
1447 373 1538 425 καὶ
1578 372 1806 440 πολλαί;

1982 376 2268 441 Quomoao
2300 376 2596 446 singularis
2617 392 2887 445 aquarum
2918 378 3171 433 collectio
3192 389 3241 432 et
3265 382 3485 448 plures?

232 470 309 521 Τὸ
339 467 459 538 μὲν,
491 467 574 519 ὅτι
605 464 863 531 ἤνωνται
890 477 904 491 ’
930 461 990 514 τὸ
1016 460 1094 526 δὲ,
1128 461 1210 513 ὅτι
1238 460 1434 515 κοῖται
1469 464 1562 515 καὶ
1587 464 1803 535 πελάγη

235 558 619 629 κεχωρισμένα
659 555 817 609 εἰσιν.

308 630 674 714 Ὀτιὲὰςόὺκ
700 645 993 719 ὲδωδέμους
1037 648 1266 717 βοτάνας
1293 648 1595 719 βλαστῆσαι
1639 665 1809 718 προσ-

236 743 425 808 ἔταξεν
449 742 478 794 ὸ
505 741 661 805 Θεὸς,
690 740 787 795 καὶ
809 740 878 793 τὰ
897 740 1077 793 ἰοϐόλα
1098 740 1187 793 διά
1205 757 1261 792 τε
1288 740 1388 803 τὰς
1413 738 1713 806 μελλούσας
1744 741 1807 791 ἐκ

235 835 335 904 τῆς
375 833 649 903 ἁμαρτίας
664 831 974 903 ἀῤῥωστίας
1003 831 1338 900 ἐγγίνεσθαι,
1367 832 1462 884 καὶ
1482 832 1568 885 διὰ
1598 831 1659 883 τὸ
1682 832 1807 883 ὲπι-

238 926 435 994 φόϐους
469 925 615 995 ἡμᾶς
648 917 787 975 εἶναι
838 923 897 974 ὲν
934 923 1097 975 παντὶ
1144 923 1239 975 καὶ
1273 922 1426 991 τύπῳ
1451 924 1547 974 καὶ
1599 922 1800 992 χρόνῳ,

238 1016 332 1068 καὶ
391 1012 791 1076 συστέλλεσθαι,
810 1012 903 1066 καὶ
930 1012 1020 1065 τὸν
1043 1010 1175 1065 Θεὸν
1210 1011 1395 1082 ζητεῖν
1418 1013 1482 1066 ὲκ
1507 1012 1725 1067 τούτου.

309 1108 432 1159 Ὅτι
458 1106 523 1159 ἐκ
540 1104 634 1159 τοῦ
664 1105 885 1175 πρώτου
915 1104 1091 1173 φωτὸς
1114 1106 1306 1174 ὀῆλιος
1328 1103 1511 1169 ἔλαϐε,
1545 1104 1637 1157 καὶ
1666 1105 1697 1175 ή
1718 1121 1805 1157 σε·

237 1199 394 1269 λήνη,
414 1197 510 1251 καὶ
528 1198 575 1250 οἱ
593 1197 841 1269 ἀστέρες,
857 1198 949 1251 καὶ
968 1195 1019 1249 εἴ
1037 1196 1138 1250 πού
1169 1197 1288 1250 ἐστι
1310 1196 1380 1249 πῦ
1388 1216 1419 1267 ρ
1441 1196 1587 1249 ἄλλο’
1617 1196 1805 1268 ὥσπερ

238 1289 405 1344 καὶτὸ
434 1288 579 1359 ὕδωρ
606 1287 684 1353 εἷς
708 1306 768 1341 τε
798 1289 926 1352 τοὺς
964 1290 1263 1359 ποταμοὺς,
1296 1289 1393 1341 καὶ
1451 1288 1550 1349 τὰς
1594 1287 1801 1359 πηγὰς,

238 1379 443 1444 καὶτὰς
470 1380 685 1449 λίμνας,
709 1380 804 1433 καὶ
829 1380 928 1443 τὰς
948 1379 1225 1444 θαλάσσας
1253 1381 1333 1444 είς
1364 1379 1433 1433 τὰ
1454 1379 1680 1451 ὑπερῷα
1708 1379 1803 1433 τοῦ

237 1470 486 1542 δευτέρου
514 1471 745 1541 οὐρανοῦ
772 1472 1087 1542 διενεμήθη.

307 1564 429 1615 Ὅτι
460 1563 528 1615 τὰ
562 1561 703 1640 φυτὰ
748 1561 853 1631 πρὸ
880 1562 992 1614 τῶν
1035 1563 1340 1633 φωστήρων
1393 1563 1639 1635 ἐποίησε,
1689 1562 1800 1615 δει-

237 1652 415 1707 κνύων
440 1654 521 1706 ὅτι
548 1653 648 1722 τὴν
686 1651 951 1721 ζωογόνον
980 1652 1211 1723 δύναμιν
1251 1654 1356 1724 πρὸ
1388 1654 1537 1724 ήλίου
1563 1653 1800 1724 ἔχουσιν.

1906 463 2068 519 Juxua
2086 467 2238 529 illud,
2263 465 2674 537 Congregentur,
2705 476 2779 535 et,
2801 467 3049 523 Flumina
3075 485 3102 523 a
3139 470 3382 527 maribus
3405 474 3480 526 di-

1906 557 2181 613 videntur.

1977 647 2130 714 Quod
2160 648 2373 717 plantas
2395 663 2501 703 non
2537 647 2761 704 esibiles
2788 649 3099 717 germinare
3122 651 3287 720 jussit
3313 652 3475 715 Deus,

1903 748 1960 794 et
1980 754 2284 795 venenosae
2310 740 2483 804 nasci,
2517 740 2620 795 hoc
2643 750 2862 811 propter
2895 742 3116 798 morbos
3155 758 3220 797 ex
3268 759 3477 813 przeva-

1908 831 2647 901 ricationesuperventuros,
2682 840 2736 886 et
2774 846 2870 900 per
2903 831 3008 886 hoc
3038 835 3181 903 quod
3231 836 3283 888 in
3328 835 3477 889 omni

1905 921 2026 975 loco
2047 929 2361 992 ettempore
2383 924 2436 976 in
2474 922 2669 977 timore
2710 934 2765 978 et
2805 924 3009 993 gemitu
3042 925 3297 992 vivimus,
3352 927 3478 982 hinc

1904 1011 2073 1067 Deum
2099 1013 2373 1082 quaarendi
2407 1013 2561 1068 locus
2586 1023 2750 1070 esset.

1975 1103 2129 1169 Quod
2155 1118 2220 1156 ex
2242 1102 2362 1157 luce
2390 1104 2710 1173 primigenia
2747 1106 2849 1171 sol,
2880 1107 3253 1173 luna,astraet
3274 1107 3413 1177 ignis
3429 1108 3474 1161 si

1902 1194 2209 1264 quisalius,
2245 1194 2425 1250 lucem
2471 1206 2834 1264 acceperunt;
2872 1208 2931 1253 ut
2979 1215 3117 1267 aqua
3149 1202 3213 1254 ad
3260 1200 3474 1261 ﬂuvios,

1904 1285 2102 1354 fontes,
2153 1284 2377 1356 paludes
2399 1295 2452 1343 et
2482 1288 2655 1343 maria
2688 1289 2740 1343 in
2797 1290 3175 1359 superioribus
3242 1292 3471 1346 secundi

1902 1379 2024 1435 coeli
2056 1380 2429 1450 permanebat.

1973 1560 2129 1629 Quod
2160 1560 2371 1631 plantas
2399 1569 2523 1616 ante
2548 1561 2837 1618 luminaria
2879 1563 3029 1630 fecit,
3087 1564 3189 1619 hoc
3246 1565 3474 1619 demon-

1903 1666 2056 1720 strat,
2085 1671 2147 1710 ea
2193 1655 2443 1708 virtutem
2476 1654 2746 1709 vivitieam
2786 1667 2911 1711 ante
2963 1656 3131 1711 solem
3197 1657 3473 1712 habuisse.

310 1746 428 1800 Ὀτι
451 1745 518 1798 τὰ
537 1745 700 1817 θηρία
729 1745 951 1815 ἔσχατον
965 1744 1056 1797 τοῦ
1078 1745 1255 1814 φωτὸς
1282 1746 1535 1815 ἐποίησεν
1561 1762 1573 1775 ·
1602 1745 1664 1798 οὐ
1700 1744 1806 1814 γὰρ

1980 1747 2133 1813 Quod
2156 1746 2454 1800 animantia
2486 1754 2609 1815 post
2646 1746 2819 1801 lucem
2879 1748 3125 1803 creavit:
3160 1764 3268 1803 non
3330 1749 3474 1804 enim

241 1840 305 1893 ἂν
326 1839 558 1910 ήνεγκεν
591 1836 805 1905 ἀθρόως
838 1836 933 1889 τοῦ
954 1836 1130 1905 φωτὸς
1155 1836 1255 1908 τὴν
1282 1836 1572 1907 ἐλλαμψιν.

308 1927 430 1979 ὀτι
454 1925 521 1978 τὰ
553 1925 651 1995 μὲν
696 1924 843 1993 φυτὰ
871 1923 976 1978 οὐκ
1033 1925 1354 1995 εὐλόγησεν,
1400 1927 1584 1996 ἐπειδὴ
1642 1924 1805 1991 εὐθὺς

240 2015 335 2085 τὴν
359 2014 464 2083 γῆν
488 2014 692 2067 τούτων
716 2015 1004 2085 ἐπλήρωσε
1058 2015 1277 2068 πάντων
1321 2015 1678 2086 κατακύρως’
1737 2017 1806 2067 τὰ

237 2110 293 2163 δὲ
324 2108 491 2179 θηρία
506 2110 605 2163 καὶ
630 2110 697 2161 τὰ
728 2110 899 2180 κτήνη
914 2109 1019 2163 ἀνὰ
1044 2109 1141 2164 δύο
1164 2111 1489 2182 παρήγαγεν
1519 2126 1534 2143 θ
1578 2112 1806 2176 εἰκότως

238 2198 328 2256 οὖν
345 2203 405 2254 τὸ
428 2201 777 2267 Αὐξάνεσθε
812 2198 984 2257 εἶπεν.

308 2292 428 2345 Ὅτι
453 2292 533 2357 sb,
562 2292 909 2361 Ποιήσωμεν
926 2293 1240 2361 ἄνθρωπον
1260 2294 1387 2348 κατ’
1414 2295 1619 2350 εἰκόνα
1673 2296 1805 2365 rips-

236 2381 434 2450 tlpar,
456 2383 615 2453 ἡμεῖς
642 2383 740 2452 μὲν
767 2382 861 2437 τὸν
893 2384 1043 2451 Υίὸν,
1094 2385 1145 2439 οἱ
1172 2384 1231 2437 δὲ
1296 2384 1537 2441 Ἰουδαῖοι
1578 2389 1633 2441 oi
1684 2389 1802 2459 μὲν,

234 2473 359 2537 τοὺς
398 2474 666 2544 ἀγγέλους
692 2514 709 2542 ,
742 2478 792 2529 oi
822 2475 903 2541 δὲ,
936 2474 1075 2545 πρὸς
1099 2477 1295 2532 ἑαυτόν
1320 2494 1335 2510 ν
1373 2480 1521 2534 ἄλλοι
1557 2482 1616 2535 δέ
1661 2499 1807 2545 τινες

234 2565 341 2618 τῶν
358 2566 757 2636 αἱρετιζόντων,
796 2568 1049 2639 Ἀττικὴν
1070 2567 1222 2624 εἶπον
1248 2571 1353 2643 τὴν
1383 2573 1635 2639 σύνταξιν
1659 2592 1675 2606 ο
1712 2575 1805 2628 καὶ

236 2652 345 2725 γὰρ
364 2654 415 2706 οι
444 2654 543 2717 τὰς
589 2655 851 2725 μεγίστας
890 2659 1314 2730 πεπιστευμένοι
1365 2662 1561 2733 ἀρχὰς,
1591 2663 1806 2734 Γράψο-

238 2760 357 2813 μεν,
415 2746 650 2813 λέγουσι,
689 2747 806 2812 καὶ,
840 2748 1285 2821 Προστὰττομενο
1318 2754 1367 2806 οε
1406 2753 1462 2806 δὲ
1511 2753 1777 2823 ἆπολογού

236 2851 387 2908 μενοι
432 2836 702 2905 λέγουσιν,
756 2840 839 2894 ὅτι
893 2842 962 2896 τὰ
1003 2842 1236 2899 πλεῖστα
1266 2844 1296 2897 ὀ
1338 2845 1473 2907 Θεὸς
1508 2863 1809 2919 μονοπροσ-

232 2927 398 2992 ώπως
432 2929 580 2997 λέγει
615 2932 673 2984 ἐν
720 2932 869 3003 πάσῃ
908 2936 973 3003 τῇ
1008 2933 1197 3006 Γραφῇ
1233 2951 1247 2967 ’
1294 2928 1396 2989 ὦδε
1441 2937 1522 3002 δὲ,
1579 2940 1673 2991 καὶ
1724 2940 1807 3003 εἰς

1908 1839 2047 1894 lucis
2078 1836 2344 1906 fulgorem
2374 1836 2718 1907 repentinum
2757 1837 3032 1893 tulissent.

1976 1929 2129 1997 Quod
2161 1930 2370 1999 plantas
2418 1928 2637 1998 quidem
2674 1943 2780 1983 non
2820 1928 3083 1996 laudavit,
3113 1930 3240 2000 quia
3292 1929 3474 1985 statim

1906 2036 2000 2077 eas
2025 2036 2120 2090 per
2141 2030 2310 2075 totam
2330 2030 2529 2075 terram
2555 2019 2861 2088 germinare
2889 2019 3046 2085 fecit;
3068 2020 3267 2076 beSIias
3293 2031 3473 2077 autem

1906 2122 1959 2168 et
1988 2128 2183 2183 pecora
2219 2111 2536 2183 conjunxit:
2583 2111 2975 2165 convenienter
3022 2120 3202 2167 autem
3242 2111 3480 2167 Crescite

1907 2205 2063 2259 dixit.

1975 2295 2129 2362 Quod
2146 2308 2242 2365 per
2276 2294 2400 2358 lioc,
2437 2292 2723 2349 Faciamus
2773 2296 3032 2351 hominem
3066 2294 3135 2348 ad
3195 2292 3476 2363 imaginem

1907 2395 2275 2449 nostram,nos
2300 2384 2496 2439 Filium
2520 2386 2737 2455 quidem
2764 2403 2780 2445 :
2806 2402 2870 2442 ex
2900 2384 3104 2442 Judreis
3133 2391 3315 2438 autem
3351 2384 3475 2451 qui-

1908 2480 2032 2533 dam
2063 2478 2195 2532 illud
2226 2477 2295 2531 ad
2330 2477 2572 2546 angelos,
2623 2478 2713 2531 alii
2758 2478 2823 2533 ad
2861 2477 3029 2533 Deum
3078 2475 3341 2532 referunt.
3400 2473 3477 2526 Ex

1910 2569 2177 2624 hareticis
2215 2568 2436 2634 quidam
2460 2568 2703 2622 Atticum
2726 2567 2916 2622 dicunt
2944 2566 3198 2637 loquendi
3222 2566 3475 2631 modum;

1909 2659 1943 2713 ii
1960 2658 2103 2713 enim
2133 2673 2300 2728 penes
2322 2673 2460 2727 quos
2484 2666 2568 2713 est
2602 2674 2817 2713 summa
2852 2666 3116 2728 potestas,
3151 2656 3474 2717 Scribimus,

1909 2750 2081 2815 aiunt,
2105 2757 2157 2802 et
2181 2747 2541 2814 mandamus;
2575 2748 2668 2818 qui
2698 2748 2915 2802 veritati
2940 2748 3241 2811 adhmrent,
3265 2746 3475 2809 dicunt,

1909 2841 2228 2911 plerumque
2256 2841 2310 2894 in
2326 2839 2608 2910 Scriptura
2634 2840 2804 2894 Deum
2840 2840 2891 2895 in
2939 2854 3170 2910 persona
3215 2838 3475 2907 singulari

1910 2931 2099 2999 loqui;
2152 2930 2257 2985 hoc
2280 2938 2459 2984 autem
2491 2930 2630 2991 loco,
2658 2937 2711 2984 et
2733 2929 2785 2983 in
2816 2929 2947 2983 illo:
3022 2928 3217 2993 Venite,
3265 2928 3479 2981 descen-

231 3020 295 3073 τὸ
318 3060 333 3085 ,
392 3021 588 3088 Δεῦτε,
616 3022 978 3090 καταϐάντες
1021 3027 1373 3097 συγχέωμεν
1437 3028 1636 3084 αὐτῶν
1698 3032 1806 3098 τὰς

1909 3023 2085 3075 dentes
2108 3020 2495 3087 confundantus
2527 3019 2734 3090 linguas
2763 3036 2963 3085 eorum,
2991 3019 3258 3088 duplicem
3286 3032 3481 3087 perso-

232 3113 539 3185 γλώσσας,
588 3115 683 3170 δ”ο
747 3117 1056 3188 προσώπων
1103 3122 1446 3191 παράστασιν
1523 3126 1757 3179 ποιεῖται
1786 3140 1802 3155 ⁸

1910 3126 2034 3167 nam
2076 3109 2307 3175 inducit,
2338 3112 2413 3165 ita
2477 3119 2539 3164 ut
2566 3110 2840 3165 Filiumet
2910 3110 3171 3179 Spiritum
3229 3116 3478 3164 sanctum

233 3205 375 3259 ὥστε
400 3207 489 3260 τὸν
512 3207 639 3262 Υἰὸν
666 3210 759 3262 καὶ
790 3210 847 3262 τὸ
867 3210 1091 3280 Πνεῦμα
1111 3210 1193 3265 δεῖ
1222 3214 1445 3268 ἐννοεῖν.
1473 3213 1543 3266 Τί
1576 3216 1691 3267 ἐστι
1743 3215 1805 3268 τὸ

1909 3212 2155 3273 Oporteat
2184 3204 2499 3273 intelligere.
2536 3204 2681 3270 Quid
2717 3212 2822 3269 est,
2850 3204 3132 3258 secundum
3160 3201 3481 3273 imaginem?

233 3300 363 3353 κατ’
386 3302 589 3353 εἰκόνα
606 3318 626 3365 ;
644 3302 691 3354 oi
724 3302 823 3372 μὲν
864 3301 924 3356 τὸ
952 3304 1179 3374 ἀόρατον
1200 3304 1301 3374 τῆς
1326 3304 1530 3375 ψυχῆςο
1555 3307 1605 3359 οἱ
1626 3306 1683 3359 δὲ
1713 3306 1805 3361 τὸν

1909 3297 2012 3351 Aiii
2041 3297 2259 3366 quidem
2292 3298 2607 3352 interiorem
2634 3298 2871 3351 animam
2901 3315 2915 3363 ;
2974 3296 3062 3349 alii
3094 3303 3330 3350 mentem
3398 3293 3483 3347 in-

234 3388 380 3455 νοῦν,
428 3392 515 3445 διὰ
542 3390 603 3443 τὸ
631 3393 905 3463 πανταχοῦ
930 3394 1137 3464 διήκειν
1168 3411 1185 3426 ·
1217 3397 1265 3449 οἱ
1293 3395 1350 3449 δὲ
1393 3396 1453 3449 τὸ
1478 3396 1664 3467 ἄρχειν
1693 3399 1803 3451 τῶν

1914 3388 2164 3458 teiligunt
2203 3396 2423 3458 propter
2456 3389 2574 3458 ejus
2602 3404 2931 3459 quocunque
2960 3386 3286 3458 pervadendi
3313 3383 3483 3438 virtu-

234 3481 407 3545 κάτω,
425 3482 612 3554 ὥσπερ
632 3483 781 3547 Θεὸς,
810 3486 904 3538 καὶ
929 3486 1039 3539 τῶν
1074 3487 1185 3541 ἄνω
1206 3501 1223 3517 '
1252 3489 1301 3542 οί
1343 3488 1398 3541 δὲ
1430 3488 1605 3542 διὰτὸ
1635 3491 1804 3560 ἐργά-

1915 3490 2063 3547 tem;
2091 3481 2144 3535 hi
2177 3497 2341 3551 super
2370 3489 2583 3536 terrena
2611 3493 2664 3536 et
2702 3481 2943 3536 coelestia
2992 3486 3314 3549 potestatem
3362 3492 3483 3546 quae

234 3567 425 3632 ζεσθαι
450 3572 628 3636 αὑτὸν,
661 3573 752 3625 καὶ
784 3566 871 3627 οἷα
925 3573 1056 3626 Θεὸν
1102 3574 1485 3644 δημιουργεῖν·
1525 3575 1575 3626 οἱ
1633 3574 1689 3627 δὲ
1716 3574 1806 3628 διὰ

1912 3573 2009 3629 Dei
2036 3584 2153 3640 est;
2186 3574 2276 3627 alii
2302 3572 2423 3642 ejus
2465 3574 2836 3642 operationem
2890 3581 2943 3626 et
2996 3570 3349 3634 creationem,
3390 3568 3480 3620 alii

233 3662 298 3715 τὸ
324 3662 449 3715 νοῦν
470 3663 627 3730 λόγον
655 3665 748 3719 καὶ
768 3664 983 3735 πνεῦμα
1006 3666 1172 3735 ἔχειν,
1205 3660 1293 3719 οἵα
1321 3667 1350 3719 ὁ
1395 3665 1806 3737 δημιουργήσας

1914 3672 2149 3719 mentem
2177 3677 2298 3732 qua:
2320 3662 2642 3717 rationalem
2680 3663 2929 3731 spiritum
2959 3661 3118 3716 habet
3141 3670 3198 3714 ut
3222 3658 3366 3713 Deus
3390 3659 3481 3727 qui

232 3752 426 3808 τοῦτον
454 3756 607 3819 Θεός.

1915 3756 2118 3811 ereavit
2146 3771 2288 3812 eam.

242 3902 3486 3952 HM

3279 3929 3482 3940 ..ι-ἀ.

1425 4073 1598 4121 ANNO
1640 4071 1870 4119 SECULI
1917 4070 1962 4113 Χ
2005 4071 2301 4115 INCERTO.

1177 4243 2566 4430 ATHANASIUS

878 4568 1993 4688 CORINTHIORUM
2078 4561 2848 4678 EPISCOPUS

1602 4896 2144 4992 NOTITIA.

1195 5099 1443 5163 (LBoUl-BN,
1469 5092 1640 5145 Oriens
1666 5088 1983 5152 Christianus,
2007 5096 2125 5141 tom.
2159 5088 2224 5150 II,
2251 5102 2363 5152 pag.
2392 5087 2523 5150 163.)

318 5354 377 5409 In
415 5349 720 5423 Synaxario
741 5346 886 5418 quod
915 5344 1097 5401 Basilii
1135 5343 1480 5412 imperatoris
1518 5355 1714 5396 nomen
1737 5338 1954 5409 praefert
1991 5347 2045 5395 et
2066 5354 2095 5394 a
2126 5336 2504 5407 Papebrocltio
2533 5334 2738 5388 editum
2773 5340 2875 5392 est.
3028 5328 3060 5382 5
3097 5327 3219 5423 hlaii
3247 5326 3490 5423 legi-tun:

242 5412 693 5498 Comme'moratio
725 5412 780 5492 Si
812 5432 876 5490 P.
909 5432 981 5487 N.
1006 5432 1309 5492 Athanasii,
1333 5429 1562 5498 episcopi
1586 5426 2002 5491 Corinthiorum,
2026 5427 2117 5497 qui
2143 5423 2457 5480 obdormivit
2486 5423 2569 5490 pie
2599 5429 2648 5474 et
2679 5427 2857 5472 sancte
2885 5418 3067 5472 diebus
3096 5415 3301 5481 imperii
3336 5412 3491 5498 Basi-

250 5496 315 5585 iii
345 5540 395 5584 et
416 5526 775 5583 Constantini.
802 5524 948 5578 Inter
974 5520 1187 5575 codices
1212 5496 1559 5572 bibliotheca),
1576 5496 2180 5583 Augustame,quorum
2215 5507 2376 5562 index
2408 5507 2475 5560 ab
2504 5504 2740 5557 Antonio
2769 5501 3008 5585 Rainero
3036 5512 3182 5551 anno
3215 5497 3351 5551 lti'ib’
3378 5496 3493 5549 edi-

253 5583 480 5678 tuscst,
513 5632 636 5685 pag.
677 5613 746 5667 50
776 5616 1111 5666 memoratur
1135 5604 1415 5658 Athanasii
1441 5601 1720 5671 cujusdam
1746 5597 2125 5667 archiepiscopi
2146 5593 2536 5651 Corinthiorum
2564 5588 2804 5660 qttwstio,
2825 5587 2931 5641 Cur
2968 5583 3213 5641 Christus
3239 5585 3289 5637 in
3326 5597 3500 5647 crure,

252 5719 346 5761 nec
385 5706 493 5759 alio
527 5718 711 5776 genere
752 5698 999 5769 supplicii
1026 5703 1261 5751 mortuus
1291 5691 1608 5760 sit,einsque
1654 5688 1869 5742 solutio.
