4038 6194
548 248 682 312 1023

1430 249 1845 311 ATHANASII
1884 249 2291 310 CORlNTIIlI
2334 249 2887 311 FRAGMENTUM.

3671 247 3814 313 ιοει

1025 554 1663 645 ΑΘΑΝΑΣΙΟΥ
1734 555 2317 645 ΚΟΡΙΝΘΟΥ
2388 552 3326 645 ΑΡΧΙΕΠΙΣΚΟΠΟΥ

2080 753 2145 791 IK
2176 754 2267 790 τω

1566 886 2011 940 ΤΕΤΡΑΒΙΒΛΟ
2023 887 2069 939 Υ
2099 886 2331 940 ΖΩΤΟΥ
2362 885 2694 941 ιΑΚΩΒιΐῖ)
2708 888 2770 942 Υ.

984 1207 1625 1299 ATHANASII
1724 1209 2322 1301 CORINTHI
2420 1209 2777 1301 ARCHI
2802 1213 3344 1306 EPISCOPI

1373 1425 1432 1484 E
1472 1424 1853 1500 QUATUOR
1903 1425 2188 1487 LIBRIS
2229 1427 2433 1488 ΖΟΤΙ
2472 1427 2899 1491 ΙΑΟΟΒΙΤῙ.

1914 1591 2055 1655 (Luc.
2092 1592 2262 1655 xxxv,
2298 1593 2402 1658 ιδ.)

612 1898 946 1971 lnquirimus
978 1908 1160 1955 utrum
1195 1898 1442 1955 ciborum
1496 1900 1760 1955 saturatio
1800 1899 1853 1953 in
1896 1898 2113 1955 Christo

2286 1898 2566 1971 Ζητοῦμεν
2589 1899 2694 1969 είὴ
2743 1901 3027 1971 πλήρωσις
3059 1902 3170 1956 τῶν
3208 1901 3516 1973 βρωμάτων
3543 1907 3641 1959 ἐπὶ
3659 1909 3795 1978 sz-

539 1996 949 2049 evacuationem
986 1993 1319 2063 produxerit.
1362 1991 1419 2047 Si
1457 2007 1586 2061 ergo
1634 1992 1819 2047 dicitis
1874 2007 2111 2046 evacua-

540 2086 742 2139 tioncm
775 2084 1123 2153 produxisse,
1155 2082 1467 2137 Nestoriani
1507 2082 1662 2148 estis,
1701 2099 1907 2137 merum
1934 2082 2111 2136 homi-

539 2190 663 2230 nem
698 2174 978 2229 Christum
1014 2182 1405 2243 supponentes.
1436 2172 1493 2227 Si
1528 2189 1657 2228 vero
1680 2173 1932 2228 dixeritis
1980 2188 2110 2228 eva-

538 2266 848 2325 cuationem
879 2281 985 2319 non
1035 2266 1381 2333 produxisse,
1435 2265 1714 2333 quomodo
1780 2264 2112 2333 intelligatur

541 2357 821 2411 hominem
855 2356 1069 2410 admitti
1096 2364 1429 2417 saturatnm.
1493 2365 1547 2411 et
1576 2372 1685 2411 non
1739 2366 2058 2410 evacuatutn
2087 2355 2111 2409 ?

538 2448 1005 2516 —-—Responsio.—
1032 2449 1327 2517 Apostolus
1356 2462 1624 2501 summam
1660 2448 1921 2501 unitatem
1952 2462 2103 2501 mon-

541 2550 717 2594 Strare
751 2539 940 2593 volens
963 2538 1265 2593 divinitatis
1298 2547 1351 2593 et
1373 2537 1748 2603 humanitatis,
1774 2538 1827 2591 in
1855 2536 2111 2592 omnibus

540 2629 773 2683 similem
802 2628 959 2682 nobis
992 2628 1270 2682 hominem
1301 2628 1505 2683 assumi
1534 2625 1653 2681 sine
1674 2636 1863 2697 pacato
1893 2626 2109 2695 inquit;

538 2718 634 2774 sed
671 2719 759 2772 hic
784 2718 1003 2788 quidem
1033 2718 1102 2771 ob
1125 2732 1396 2772 summam
1436 2717 1699 2771 unitatem
1759 2717 1892 2770 lllud
1930 2716 2106 2783 dixit;

547 2824 647 2863 nos
678 2823 809 2862 vero
839 2823 1004 2877 supra
1026 2807 1299 2862 hominem
1324 2807 1602 2863 Christum
1618 2806 1897 2862 exstitisse
1917 2807 2113 2861 admit-

541 2901 734 2955 timus.
774 2898 910 2953 Nam
950 2899 1097 2970 quod
1141 2914 1172 2955 e
1228 2898 1449 2970 Virgine
1486 2907 1648 2955 natus
1700 2898 1885 2963 fuerit,
1940 2897 2109 2955 Deum

538 2992 690 3045 illum
708 3007 831 3047 esse
851 3000 907 3047 et
935 3006 1100 3062 supra
1126 2991 1398 3046 hominem
1426 2991 1702 3057 ostendit;
1722 3001 1776 3047 ct
1800 2994 2111 3063 oportebat,

537 3084 838 3139 secundum
863 3093 1060 3139 sancta
1084 3083 1377 3154 Scriptura
1411 3084 1674 3153 regulam,
1714 3099 1816 3140 nec
1839 3085 1905 3140 ad
1927 3084 2112 3140 dexte-

2213 1990 2340 2044 στοῦ
2381 1991 2644 2061 ἐκέκτητο
2675 1992 2770 2045 καὶ
2796 1992 3047 2049 κένωσιν.
3114 1992 3177 2047 Εί
3212 1993 3307 2048 οὖν
3363 1994 3555 2063 λέγετε
3593 2000 3795 2067 κεκτῆ-

2212 2082 2337 2135 σθαι
2368 2082 2616 2147 κένωσιν,
2678 2082 3031 2151 Νεστοριανοί
3092 2086 3242 2150 ἐστε,
3290 2086 3447 2155 ψιλὸν
3496 2089 3795 2159 ἄνθρωπ’»

2210 2172 2703 2243 ὑποτιθέμενοιτδν
2729 2173 2965 2244 Χριστόν
2994 2190 3009 2205 ·
3045 2174 3171 2230 εἰδὲ
3219 2177 3396 2245 ἐρεῖτε
3448 2178 3524 2248 μὴ
3582 2182 3794 2248 κεκτῆ-

2212 2267 2337 2322 σθαι
2366 2266 2617 2331 κένωσιν,
2645 2252 2761 2330 πῶς
2778 2265 2844 2319 ἀν
2875 2265 3095 2338 νοηθείη
3153 2267 3443 2338 ἄνθρωπον
3474 2269 3790 2340 προσλαδέ-

2212 2363 2337 2415 σθαι
2366 2360 2763 2431 πληρούμενον,
2788 2361 2885 2413 καὶ
2915 2360 2993 2431 μὴ
3012 2361 3337 2429 κενούμενον
3360 2378 3376 2425 ς
3422 2365 3792 2432 -Ἀπόκρμ

2212 2468 2334 2519 σις.
2358 2451 2502 2505 -Ὁ
2516 2450 2841 2514 ’Δπόστολος
2865 2452 2966 2521 τὴν
2988 2452 3165 2521 ἄκραν
3193 2452 3388 2505 ἕνωσιν
3413 2452 3587 2506 θέλων
3611 2455 3792 2523 δηλῶ-

2212 2557 2302 2594 σαι
2327 2540 2577 2609 θεότητος
2606 2539 2702 2593 καὶ
2730 2538 3170 2610 ἀνθρωπότητος,
3200 2542 3343 2594 κατά
3376 2542 3561 2596 πάντα
3605 2543 3794 2612 ὅμοιον

2212 2632 2343 2701 ἡμῖν
2373 2628 2736 2683 ἀναλαϐέσθαι
2761 2628 3048 2700 ἄνθρωπον
3067 2630 3236 2700 χωρὶς
3285 2630 3566 2700 ἁμαρτίας
3591 2634 3791 2701 φησίν

2211 2720 2325 2776 ἀλλ’
2350 2723 2558 2784 ἐκεῖνος
2586 2721 2683 2791 μὲν
2712 2719 2804 2774 διὰ
2827 2721 2927 2791 τὴν
2953 2720 3130 2791 ἄκραν
3160 2721 3355 2775 ἕνωσιν
3377 2720 3539 2775 τοῦτο
3594 2718 3756 2777 εἶπεν
3772 2741 3789 2755 ·

2210 2813 2369 2882 ἡμεῖς
2407 2811 2463 2864 δι
2494 2811 2591 2864 καὶ
2638 2810 2778 2882 ὑπὲρ
2809 2809 3099 2881 ἄνθρωπον
3130 2813 3464 2881 γεγενῆσθαι
3496 2814 3667 2867 αὐτὸν
3690 2832 3792 2867 κα-

2208 2901 2647 2973 ταλαμόάνομεν.
2674 2899 2749 2955 Τὸ
2774 2902 2883 2971 γὰρ
2910 2904 2974 2955 ὲκ
3005 2902 3281 2972 Παρθένου
3325 2904 3683 2975 γεννηθῆναι,
3734 2906 3796 2959 τὸ

2211 2993 2343 3048 Θεὸν
2374 2992 2536 3046 αὑτὸν
2566 2988 2727 3055 εἶναι,
2790 2992 2886 3045 καὶ
2938 2992 3079 3061 ὑπὲρ
3127 2993 3437 3063 ἄνθρωπον,
3496 2994 3751 3048 δείκνυσι
3775 3011 3792 3026 ο

2211 3087 2304 3140 καὶ
2330 3084 2436 3137 ἔδει
2463 3082 2604 3137 κατά
2624 3083 2716 3135 τὸν
2740 3081 2839 3152 τῆς
2866 3081 3025 3154 ἀγίας
3052 3083 3275 3152 Γραφῆς
3315 3084 3516 3137 κανόνα
3555 3085 3635 3154 μὴ
3682 3088 3794 3139 »ἑκ-

537 3190 653 3228 ram
687 3174 961 3230 declinare
984 3190 1084 3230 nec
1103 3175 1171 3230 ad
1196 3175 1499 3240 sinistram,
1537 3176 1631 3230 sed
1664 3186 1813 3231 stare
1869 3177 1954 3233 his
1990 3192 2118 3248 quae

2213 3177 2390 3231 κλῖναι
2416 3174 2566 3241 δεξιά
2595 3174 2629 3245 ἢ
2653 3174 2938 3245 ἀριστερὰ,
2970 3173 3106 3229 ἀλλά
3122 3176 3353 3245 στοιχεῖν
3375 3178 3488 3239 τοῖς
3540 3193 3795 3247 γεγραμρ

536 3268 737 3335 scripta
771 3276 918 3332 sunt,
956 3280 1129 3335 neque
1156 3264 1360 3335 aliquid
1395 3265 1628 3335 amplius
1645 3265 1953 3335 exquirere.
2008 3241 2103 3321 θε-

2212 3267 2414 3337 μένοις,
2452 3268 2544 3319 καὶ
2575 3241 2741 3335 μηδὲν
2760 3241 2923 3318 πλέον
2949 3241 3406 3335 περιεργάζεσθαι
3439 3280 3453 3295 ⁸
3486 3241 3666 3336 δςέωῖ
3706 3241 3795 3321 ἴνα

539 3366 848 3413 rumtamen
880 3372 949 3412 ne
978 3358 1257 3412 videamur
1286 3358 1357 3412 ob
1386 3357 1762 3427 responsionis
1808 3359 2107 3413 carentiam

537 3449 719 3513 silere,
753 3449 1020 3512 dicemus,
1059 3450 1283 3505 meliore
1308 3455 1459 3520 parte
1486 3458 1793 3516 praestante,
1820 3449 1965 3503 aliud
1989 3465 2110 3506 esse

536 3553 737 3607 corpus
766 3540 887 3609 ejus
910 3540 1153 3593 divinum
1190 3538 1388 3608 magis,
1410 3537 1553 3608 quod
1585 3554 1782 3610 nempe
1804 3539 1858 3594 in
1887 3548 2109 3595 satura-

537 3629 684 3684 tione
703 3631 1003 3685 secundum
1036 3646 1135 3684 nos
1163 3628 1347 3695 fuerit,
1392 3629 1445 3683 in
1479 3631 1831 3686 evacuatione
1858 3646 1988 3687 vero
2017 3646 2111 3686 su-

537 3737 629 3789 pra
665 3736 785 3776 nos.
810 3721 1057 3776 Ostendit
1076 3722 1126 3775 id
1156 3723 1318 3776 etiam
1340 3732 1466 3777 ante
1491 3723 1922 3777 incarnationem
1952 3723 2107 3779 beata

535 3812 775 3869 Trinitas
809 3815 949 3883 apud
984 3814 1256 3869 Abraham
1281 3815 1595 3881 comedens,
1649 3824 1706 3870 et
1739 3825 2004 3881 saturata,
2053 3824 2109 3870 et

537 3921 646 3959 non
684 3916 966 3961 evacuata.
998 3906 1261 3962 Similiter
1297 3922 1517 3977 quoque
1580 3916 1703 3977 post
1747 3906 2106 3961 resurrectio-

536 4012 658 4051 nem
685 3996 937 4053 Salvator
956 4006 1139 4052 noster
1165 4008 1282 4053 satu
1294 4009 1446 4055 ratus
1463 4008 1566 4066 est,
1597 4000 1953 4055 evacuatione
1996 4015 2104 4055 non

536 4097 879 4155 occurrente,
918 4089 1012 4144 sed
1036 4105 1131 4159 per
1161 4090 1555 4145 inhabitantcm
1585 4091 1823 4147 divinam
1854 4103 2105 4148 naturam

535 4180 872 4236 saturatione
894 4191 1238 4251 consumpta;
1258 4181 1371 4236 haec
1393 4182 1610 4253 quidem
1637 4199 1734 4240 nos
1755 4183 2106 4255 intelligimus

536 4273 834 4327 secundum
870 4283 1072 4330 nostra;
1097 4275 1427 4346 cognitionis
1456 4276 1790 4334 debilitatem
1841 4279 1972 4345 ;ille
2006 4294 2105 4334 au-

534 4372 642 4417 tem
679 4362 992 4419 incarnatus
1041 4366 1324 4436 cognoscit
1373 4366 1623 4435 proprios
1666 4367 2020 4423 saturationis
2051 4377 2106 4423 et

533 4454 908 4509 evacuationis
974 4470 1086 4509 sua:
1142 4455 1357 4521 modos,
1441 4455 1584 4510 sicut
1646 4456 1822 4511 noscit
1878 4456 2099 4511 modum

2211 3360 2287 3429 μὴ
2316 3358 2557 3427 δόξωμεν
2582 3356 2931 3428 ἀποκρίσεως
2962 3357 3294 3428 ἀποροῦντες
3324 3361 3507 3429 σιγᾷν,
3552 3359 3793 3431 ἐροῦμεν

2206 3450 2291 3503 ὅτι
2317 3448 2411 3501 τοῦ
2442 3448 2750 3518 κρείττονος
2785 3447 3194 3519 ἑκνικήσαντος,
3223 3448 3353 3502 ἀλλο
3367 3445 3508 3503 εἶναι
3542 3451 3712 3521 σῶμα
3731 3454 3792 3505 τὸ

2208 3540 2416 3596 ἐκείνου
2442 3541 2856 3611 θεοειδέστερον,
2883 3542 3022 3610 ὅπερ
3051 3542 3109 3595 ὲν
3132 3541 3233 3610 μὲν
3256 3542 3324 3612 τῇ
3350 3541 3635 3612 πληρώσει
3661 3543 3790 3595 καθ’

2206 3636 2352 3708 ἡμᾶς
2368 3631 2459 3706 ἦν,
2493 3636 2552 3688 ἐν
2578 3634 2635 3687 δὲ
2655 3637 2723 3705 τῇ
2755 3632 2980 3687 κενώσει
3007 3632 3148 3703 ὑπὲρ
3172 3634 3343 3703 ἡμᾶς.
3374 3633 3547 3703 Δηλοί
3580 3634 3639 3688 δὴ
3694 3636 3790 3688 καὶ

2207 3726 2315 3797 πρὸ
2347 3726 2448 3796 τῆς
2512 3724 2846 3796 σαρκώσεως
2898 3726 2932 3796 ή
2980 3723 3225 3794 μακαρία
3270 3722 3443 3795 Τριάς
3500 3724 3660 3795 παρά
3714 3724 3792 3793 τῷ

2206 3816 2459 3889 Ἀδραάμ
2487 3817 2762 3880 ἐσθίουσα,
2801 3816 2897 3869 καὶ
2927 3815 3210 3886 πλήρωσιν
3241 3815 3532 3886 δεχομένη,
3572 3818 3668 3869 καὶ
3699 3818 3778 3886 μὴ

2206 3908 2508 3978 κενουμένη
2536 3924 2550 3939 ·
2578 3907 2778 3977 ὁμοίως
2800 3907 2893 3961 καὶ
2918 3908 3058 3977 μετά
3084 3906 3186 3978 τὴν
3213 3907 3510 3961 ἀνάστασιν
3541 3911 3571 3962 ὁ
3594 3909 3787 3980 Σωτὴρ

2207 4001 2239 4070 ἡ
2248 3999 2363 4070 μῶν
2391 3999 2668 4071 πλήρωσιν
2680 3998 2989 4068 δεχόμενος,
3011 3997 3293 4061 κενώσεως
3313 3999 3390 4068 μὴ
3402 3999 3786 4070 ὑπαρχούσης,

2206 4091 2320 4144 ἀλλ’
2334 4090 2438 4143 ὑπὸ
2461 4090 2558 4159 τῆς
2578 4089 2889 4159 ἑνοικούσης
2910 4089 3061 4152 θείας
3080 4090 3292 4158 φύσεως
3323 4091 3421 4162 τῆς
3442 4091 3785 4161 πληρώσεως

2205 4183 2665 4254 ὲκδαπανωμένης
2683 4196 2698 4211 ⁸
2722 4182 2895 4235 ταῦτα
2934 4182 3033 4251 μὲν
3058 4184 3221 4253 ἡμεῖς
3254 4182 3398 4237 κατά
3450 4183 3553 4252 τὴν
3573 4184 3783 4254 ἡμετὲ-

2208 4289 2305 4343 ραν
2332 4273 2433 4343 τῆς
2456 4272 2712 4342 γνώσεως
2748 4272 3030 4327 ἀσθένειαν
3058 4288 3071 4301 ·
3098 4272 3262 4335 αὐτὸς
3298 4272 3357 4326 δὲ
3385 4273 3414 4325 ό
3471 4274 3785 4345 σαρκωθεὶς

2202 4364 2491 4420 ἐπίσταται
2520 4366 2647 4430 τοὺς
2669 4366 2904 4429 οἰκείους
2928 4366 3159 4435 τρόπους
3187 4366 3285 4436 τῆς
3308 4365 3643 4437 πληρώσεως
3688 4368 3787 4419 καὶ

2203 4461 2303 4529 τῆς
2331 4461 2609 4523 κενώσεως
2632 4476 2646 4492 ο
2676 4458 2857 4522 καθὼς
2876 4455 2984 4512 οἶδε
3020 4460 3113 4513 καὶ
3141 4460 3233 4513 τὸν
3264 4460 3466 4529 τρόπον
3491 4463 3590 4528 τῆς
3616 4462 3785 4529 dmp-

533 4544 824 4600 inetlabilis
848 4547 1078 4601 duarum
1120 4556 1439 4603 naturarum
1472 4548 1689 4606 unionis
1709 4557 1766 4605 et
1792 4548 2102 4606 distinctio-
2130 4596 2137 4637 ε

2208 4550 2374 4621 ῥήτου
2400 4551 2508 4601 τῶν
2539 4548 2632 4603 δύο
2655 4549 2871 4620 φύσεων
2895 4547 3097 4619 μίξεὼς
3125 4566 3185 4606 τε
3208 4550 3303 4605 καὶ
3324 4551 3578 4622 κράσεως
3606 4551 3663 4602 ἑν
3698 4551 3783 4603 ἑνὶ

533 4635 619 4690 nis
658 4636 710 4689 in
735 4652 841 4690 una
870 4652 1126 4706 persona.

2207 4641 2507 4713 προσώπῳ.
