4038 6194
527 258 656 324 1⁸131
1228 256 1622 319 OPUSCULA
1664 253 2122 315 SCRIPTURIS

2185 254 2293 314 ICA
2330 254 2679 316 INCERTA!
2716 255 3026 317 ETATIS.
3650 255 3780 318 l032

601 372 719 427 102.
764 369 839 425 De
888 368 1218 426 revelatione
1261 368 1328 421 ad
1366 367 1548 422 Laban
1605 367 1671 422 de
1720 365 1887 421 Iacob
1927 375 1984 422 et
2025 365 2094 419 de
2119 371 2170 429 Α

2269 366 2369 434 ρβῖ
2406 366 2543 436 Περὶ
2571 365 2665 419 τοῦ
2698 364 3085 436 χρηματισμοῦ
3118 364 3213 418 τοῦ
3246 364 3379 437 πρὸς
3418 364 3613 421 Λάϐιν
3651 370 3783 440 περὶ

520 462 681 517 idolis
2193 460 2290 513 τοῦ
2319 459 2535 518 Ἰακὼϐ,
2570 459 2665 512 καὶ
2695 461 2824 528 περὶ
2852 460 2961 510 τῶν
2994 458 3250 513 εἰδώλων.

592 556 717 613 105.
752 555 953 611 Fmdus
975 553 1145 609 Iacob
1171 563 1226 608 et
1253 550 1462 608 Laban.

2270 558 2372 622 ργ¹.
2403 551 2646 621 Διαθήκη
2670 550 2762 603 τοῦ
2794 550 2985 604 Ἰακὼϐ
3011 554 3103 605 καὶ
3130 552 3225 604 τοῦ
3252 552 3465 609 Δάϐαν.

594 646 715 700 104.
748 648 820 700 De
849 645 1101 699 columna
1127 652 1182 698 et
1215 643 1424 697 tumqu
1452 641 1773 696 testimonii.

2268 642 2443 710 ρδπῖε
2454 643 2507 712 ρί
2528 644 2626 709 τῆς
2647 644 2867 713 στήλης,
2896 643 2991 697 καὶ
3014 643 3109 696 τοῦ
3135 644 3327 713 βουνοῦ
3348 645 3445 698 τοῦ
3470 647 3780 716 μάρτυρος.

592 737 716 792 105.
748 736 824 791 De
855 735 1064 807 angelis
1101 736 1195 806 qui
1228 734 1445 789 obviam
1477 734 1613 788 ﬁunt
1640 731 1829 788 Iacob.

2268 742 2365 804 ρε’.
2402 734 2540 805 Περὶ⁵
2570 736 2666 804 τῆς
2694 736 3067 806 συναντήσεως
3093 735 3202 788 τῶν
3225 736 3476 804 ἀγγέλων
3509 737 3618 807 τῆς
3644 739 3784 809 πρδς

2198 826 2416 881 Ἰακώϐ.

593 916 713 971 106.
748 915 825 973 De
856 916 1000 973 Esau
1038 917 1289 972 veniente
1311 916 1525 971 obviam
1553 914 1743 969 Iacob.

2272 925 2382 990 ρς’.
2416 918 2552 990 Περὶ
2578 917 2672 972 τοῦ
2711 916 2884 972 Ἠσαῦ
2914 918 3210 989 ἐρχομένου
3240 920 3319 985 είς
3345 923 3681 995 συνάντησιν
3704 921 3783 991 τῷ

2197 1009 2414 1065 Ἰακώϐ.

590 1105 707 1160 107-
738 1104 814 1158 De
847 1102 1086 1159 luctante
1115 1118 1239 1157 cum
1263 1100 1453 1157 Iacob.

2270 1100 2371 1172 ρξ’.
2406 1102 2541 1169 Περὶ
2577 1102 2671 1155 τοῦ
2708 1101 3073 1167 παλαίσαντος
3109 1105 3249 1174 μετὰ
3276 1104 3492 1158 Ἰακώϐ.

590 1194 714 1248 108.
743 1194 817 1247 De
846 1192 1160 1248 occurentia
1191 1190 1332 1245 Esau
1364 1201 1417 1246 et
1440 1188 1633 1245 Iacob.

2270 1190 2375 1261 οη’.
2412 1193 2546 1261 Περὶ
2583 1192 2682 1261 τῆς
2706 1182 3083 1263 συναντῆσεως
3118 1194 3286 1248 Ἠσαῦ
3318 1199 3412 1247 καὶ
3439 1195 3668 1248 Ἰακώϐ.

595 1286 717 1340 109.
748 1285 879 1351 Quae
898 1284 967 1339 ad
1002 1282 1197 1339 Dinam
1231 1284 1462 1337 attinent
1502 1283 1666 1336 filiam
1693 1281 1861 1337 Iacob
1885 1290 1937 1335 et
1960 1280 2092 1342 Lire.

2270 1282 2369 1351 pd'.
2404 1283 2488 1337 Τά
2522 1284 2660 1337 κατὰ
2684 1284 2782 1352 τὴν
2811 1285 2971 1339 Δείνα
3002 1287 3101 1357 τὴν
3131 1287 3405 1358 θυγατέρα
3426 1287 3653 1353 Ἰακὼϐ,
3686 1289 3780 1341 καὶ

2196 1376 2380 1431 Λείας.

594 1466 717 1521 110.
740 1466 920 1520 Tertia
957 1465 1215 1521 revelatio
1249 1464 1315 1518 ad
1348 1462 1515 1519 Iacob
1551 1465 1603 1519 in
1648 1464 1863 1519 Sicheni
1891 1465 1956 1519 de
1994 1464 2088 1519 Be-

2196 1394 2289 1429 Λει
2336 1394 2380 1431 ς.

2268 1394 2357 1539 ρῗῖ
2383 1467 2576 1538 Τρίτος
2607 1469 2991 1538 χρηματισμὸς
3036 1469 3171 1540 πρὸς
3194 1469 3386 1523 Ἰακὼϐ
3418 1473 3476 1522 ὲν
3495 1470 3642 1555 :‘thﬁ
3653 1487 3780 1536 μοις

522 1559 654 1624 thcl,
685 1557 877 1613 etDeo
914 1558 1008 1628 qui
1062 1558 1139 1612 illi
1192 1558 1461 1627 apparuit,
1505 1559 1724 1629 quando
1773 1557 1902 1612 fodit
1963 1557 2095 1612 deos

2197 1558 2324 1629 περὶ
2355 1559 2455 1628 τῆς
2488 1558 2710 1629 Βαιθὴλ,
2758 1560 2852 1612 καὶ
2892 1557 2984 1613 τοῦ
3026 1559 3282 1628 ὀφθέντος
3315 1560 3464 1630 αὑτῷ
3489 1559 3654 1622 Θέοὗ,
3685 1561 3776 1612 ὅτε

520 1648 729 1702 alienos
758 1648 859 1702 sub
886 1647 1209 1701 terebintho.

2197 1648 2507 1719 κατέκρυψε
2531 1650 2656 1711 τοὺς
2678 1648 2991 1719 ἀλλοτρίους
3013 1649 3168 1714 θεοὺς
3186 1650 3289 1703 ὑπὸ
3306 1650 3404 1721 τὴν
3428 1650 3778 1720 τερέϐινϐον.

592 1741 715 1795 111.
744 1739 950 1808 Quarta
988 1740 1248 1795 revelatio
1281 1740 1335 1795 in
1370 1739 1712 1811 apparitione
1738 1740 1804 1795 ad
1836 1738 2027 1796 Iacob.
2123 1729 2169 1789 Β

2268 1747 2397 1811 ρια’.
2458 1741 2730 1812 Τέταρτος
2786 1742 3171 1813 χρηματισμὸς
3230 1744 3286 1796 ὲν
3339 1742 3582 1814 ὀπτασίᾳ.
3634 1744 3778 1812 πρὸς

2195 1831 2409 1887 Ἰακώϐ.

593 1928 617 1981 1
637 1927 712 1983 12.
750 1927 925 1983 Deest.

2266 1923 2396 1997 ριβ’.
2426 1925 2596 1980 Λείπ.

594 2024 719 2078 115.
745 2023 877 2090 Quae
909 2022 977 2078 ad
1011 2022 1199 2077 Ruben
1240 2031 1293 2078 et
1316 2022 1501 2077 Balam
1538 2030 1805 2092 spectant.

2267 2016 2390 2089 ριγ’.
2426 2018 2506 2070 Τὰ
2532 2017 2671 2071 κατὰ
2712 2017 2938 2089 Ῥουϐὶμ
2962 2019 3055 2072 καὶ
3094 2019 3192 2090 τὴν
3220 2019 3448 2073 Βάλλαν.

593 2116 719 2171 111.
751 2114 827 2171 De
856 2114 1169 2183 genealogia
1199 2113 1369 2169 Iacob
1399 2121 1454 2169 et
1484 2123 1658 2168 morte
1689 2112 1861 2168 Isaac.

2267 2112 2384 2181 pt6'.
2425 2113 2558 2184 Περὶ
2585 2112 2681 2183 τῆς
2709 2112 3059 2181 γενεαλογίας
3087 2110 3303 2176 Ἰακὼϐ,
3331 2112 3424 2164 καὶ
3462 2109 3564 2181 τῆς
3586 2109 3773 2162 τελευο

2192 2204 2289 2258 τῆς
2316 2206 2354 2258 'l
2363 2205 2525 2258 σαάκ.

596 2298 719 2353 115.
772 2297 847 2353 De
894 2296 1206 2368 genealogia
1254 2295 1423 2363 Esau,
1452 2296 1671 2367 quando
1711 2295 1845 2350 abiit
1874 2309 1906 2350 e
1952 2302 2093 2349 terra

2192 2222 2289 2277 της
2322 2222 2525 2258 ἰσαακ.

2267 2296 2384 2369 ριε’.
2420 2298 2553 2367 Περὶ
2598 2298 2701 2367 τῆς
2749 2298 3101 2366 γενεαλογίας
3130 2296 3329 2359 Ἠσαῦ,
3376 2296 3452 2359 ὡς
3492 2293 3770 2365 ἐπορεύθη

522 2388 784 2444 Chanaan
818 2396 943 2443 ante
978 2386 1168 2442 faciem
1192 2384 1382 2442 Iacob.

2194 2389 2258 2442 ἐκ
2290 2390 2393 2459 γῆς
2418 2388 2642 2443 Χαναὰν
2683 2389 2790 2443 ἀπὸ
2823 2388 3121 2459 προσώπου
3144 2387 3361 2441 Ἰακώϐ.

596 2480 721 2536 116.
757 2480 834 2537 De
865 2481 952 2536 bis
982 2479 1075 2550 qui
1107 2487 1469 2550 regnaverunt
1496 2478 1550 2532 in
1584 2476 1777 2533 Edam.

2268 2478 2399 2550 ρις’.
2429 2480 2565 2550 Περὶ
2599 2481 2707 2534 τῶν
2742 2479 3175 2551 βασιλευσάντων
3198 2482 3255 2532 ὲν
3281 2478 3482 2548 Ἐδώμ.

593 2575 718 2630 117.
751 2573 881 2641 Quae
918 2573 985 2628 ad
1013 2572 1212 2642 Ioseph
1249 2581 1304 2626 et
1336 2570 1533 2626 fratres
1560 2570 1678 2641 ejus
1700 2570 1952 2625 attinent.

2269 2569 2393 2640 pti'.
2424 2572 2504 2625 Τὰ
2533 2572 2676 2626 κατὰ
2713 2572 2933 2643 Ἰωσήφ,
2966 2572 3061 2626 καὶ
3086 2571 3214 2634 τοὺς
3234 2570 3492 2638 ἀδελφοὺς
3520 2568 3712 2623 αὑτοῦ.

593 2666 718 2720 118.
747 2663 821 2719 De
849 2663 1079 2719 somniis
1117 2662 1337 2733 Ioseph.

2270 2671 2397 2734 ριη’.
2431 2665 2568 2735 Περὶ
2604 2664 2713 2718 τῶν
2738 2664 3008 2717 ἐνυπνίων
3046 2664 3267 2733 Ἰωσήφ.

596 2757 720 2810 119.
754 2754 832 2810 De
867 2752 1066 2825 Ioseph
1089 2754 1293 2809 emisso
1318 2752 1385 2809 ad
1410 2751 1607 2807 fratres
1640 2766 1790 2807 suos.

2270 2755 2393 2827 ριθ¹.
2424 2757 2558 2827 Περὶ
2586 2755 2681 2810 τοῦ
2712 2756 2911 2828 Ἰωσὴφ
2953 2755 3419 2827 ἀποστελλομένου
3463 2756 3600 2828 πρὸς
3644 2757 3773 2821 τοὶς

2195 2847 2458 2917 ἀδελφοὺς
2492 2848 2678 2903 αὐτοῦ.

596 2938 718 2993 120.
748 2936 880 3005 Qua:
909 2935 977 2991 ad
1012 2935 1207 2991 Iudam
1239 2942 1296 2991 et
1323 2948 1548 2989 uxorem
1575 2932 1698 3004 ejus
1738 2929 1934 2987 Savam
1965 2932 2093 2987 atti-

2271 2938 2373 3011 ρκ’.
2405 2940 2487 2994 Τὰ
2516 2939 2659 2993 κατὰ
2698 2938 2790 2993 τὸν
2814 2938 3041 3005 Ἰούδαν,
3072 2938 3167 2993 καὶ
3195 2937 3295 3007 τὴν
3329 2940 3565 3007 γυναῖκα
3606 2937 3774 2990 αὐτοῦ

526 3038 676 3083 nent.

1808 3118 1823 3119 ἰ
1886 3118 1893 3119 7
2124 3061 2167 3119 ο
2200 3031 2400 3085 Σαυάν.

594 3124 716 3179 121.
752 3122 884 3190 Qua:
902 3122 968 3177 ad
994 3121 1234 3178 Thamar
1258 3130 1503 3193 spectant
1538 3128 1595 3176 et
1623 3120 1763 3176 filios
1796 3118 1958 3174 Iuda.
2146 3118 2153 3119 '

2275 3121 2412 3193 ρκα’.
2446 3121 2528 3176 Τὰ
2551 3121 2695 3175 κατὰ
2721 3121 2819 3192 τὴν
2839 3121 3060 3194 Θάμαρ,
3092 3122 3190 3175 καὶ
3227 3122 3353 3185 τοὺς
3398 3120 3553 3184 utsii;
3574 3119 3773 3173 Ἰούδα.

596 3215 720 3269 122.
753 3212 883 3280 Quae
912 3213 981 3268 ad
1010 3211 1217 3269 Phares
1248 3223 1303 3268 et
1326 3211 1524 3266 Zaram
1549 3211 1801 3265 attinent.

2273 3214 2412 3288 ρκβ¹.
2446 3214 2526 3269 Τὰ
2557 3215 2702 3269 κατὰ
2728 3214 2820 3268 τὸν
2849 3215 3047 3284 Φαρὲς,
3070 3215 3166 3270 καὶ
3197 3214 3288 3267 τὸν
3316 3215 3484 3285 Ζαρά.

598 3304 719 3359 125.
753 3302 888 3370 Qua:
924 3304 992 3359 ad
1023 3302 1222 3373 Ioseph
1259 3312 1493 3359 attinent
1525 3300 1808 3358 venditum
1840 3300 1893 3355 in
1926 3298 2099 3370 Egy-

2273 3306 2410 3379 ρκγ’.
2438 3308 2519 3362 Τὰ
2543 3307 2687 3362 κατὰ
2715 3308 2807 3361 τὸν
2829 3306 3027 3379 Ἰωσὴφ
3056 3306 3334 3378 πραθέντα
3363 3307 3443 3369 είς
3469 3307 3771 3373 Afrum.

523 3405 693 3465 ptum.

597 3487 719 3542 121.
752 3487 830 3542 De
855 3486 1056 3558 Ioseph
1087 3494 1143 3543 et
1167 3484 1445 3558 Egyptia.

2273 3491 2404 3566 ρκδ’.
2444 3491 2582 3561 Περὶ
2610 3490 2705 3545 τοῦ
2737 3490 2934 3561 Ἰωσὴφ
2959 3492 3054 3543 καὶ
3084 3490 3181 3559 τῆς
3205 3490 3526 3558 Αἰγυπτίας.

595 3578 717 3632 125.
746 3576 820 3632 De
843 3577 1099 3649 piucerua
1130 3588 1184 3633 et
1222 3579 1450 3647 pistore.

2273 3584 2407 3657 ρκε⁸.
2444 3584 2580 3653 Περὶ
2602 3583 2694 3635 τοῦ
2722 3581 3115 3652 ἀρχιοινοχόον,
3146 3580 3242 3634 καὶ
3277 3580 3371 3634 τοῦ
3400 3582 3703 3635 atrorum}.

596 3668 722 3721 126.
753 3666 829 3721 De
856 3667 1143 3733 natalitiis,
1172 3674 1227 3720 et
1254 3666 1485 3722 somniis
1509 3679 1632 3735 qua
1672 3663 1809 3720 vidit
1851 3663 2098 3730 Pharao;

2274 3682 2424 3748 ρκς¹.
2451 3676 2588 3746 Περὶ
2627 3673 2736 3727 τῶν
2772 3671 3079 3743 γενεθλίων,
3122 3672 3217 3725 καὶ
3246 3672 3356 3725 τῶν
3398 3673 3671 3726 ἐνυπνίων
3700 3667 3776 3725 ὧν

524 3768 581 3813 et
607 3758 673 3812 de
705 3759 793 3813 his
822 3772 945 3829 quae
966 3758 1281 3813 recordatus
1311 3766 1394 3813 est
1425 3758 1705 3827 pincerna.

2201 3762 2309 3820 εἶδε
2338 3766 2536 3833 Φαραώ
2558 3782 2574 3797 ·
2615 3765 2709 3819 καὶ
2737 3764 2866 3835 περὶ
2903 3756 2980 3818 ὧν
3012 3763 3206 3816 ἐλαϐεν
3244 3762 3413 3818 αὐτοῦ
3450 3765 3479 3817 ό
3501 3764 3778 3834 ἀρχιοινο-

2237 3860 2344 3922 όος.

604 3943 724 3999 127.
754 3942 887 4010 Quae
918 3942 984 3997 ad
1009 3942 1346 3998 Pharaonem
1383 3952 1629 4013 spectant
1656 3953 1711 4000 et
1729 3942 1928 4015 Ioseph
1957 3943 2100 4000 circa

2200 3878 2520 4022 xo;:§'.T&
2571 3948 2711 4002 κατὰ
2760 3947 2981 4018 Φαραὼ,
3032 3946 3128 4000 καὶ
3188 3945 3280 4000 τὸν
3311 3946 3513 4018 Ἰωσὴφ
3570 3947 3661 3999 διὰ
3709 3947 3777 4000 τᾶ

527 4037 737 4092 somnia
761 4033 1084 4089 Pharaonis.

2201 4045 2432 4099 ἐνύπνια
2461 4042 2530 4095 τὰ
2552 4041 2770 4112 Φαραώ.

631 4128 723 4183 28.
762 4125 839 4181 De
867 4124 1034 4196 spicis
1059 4132 1264 4192 septem
1300 4139 1570 4180 annorum
1596 4124 1963 4181 abundantiae.

2279 4134 2419 4206 ρκη’.
2456 4134 2591 4206 Περὶ
2623 4134 2732 4188 τῶν
2771 4133 3102 4205 δραγμάτων
3142 4134 3250 4187 τῶν
3278 4132 3322 4199 ζ’
3367 4135 3503 4190 ἑτῶν
3542 4135 3644 4205 τῆς
3685 4136 3777 4187 εὖ.

2204 4228 2413 4299 Θηνίας.

600 4314 722 4369 129.
760 4313 835 4369 De
887 4311 1157 4377 Manasse,
1209 4319 1264 4367 et
1314 4309 1601 4382 Ephraim,
1647 4310 1744 4383 qui
1801 4310 1913 4367 nati
1970 4320 2100 4367 sunt

2278 4319 2418 4389 ρκθ’.
2462 4317 2595 4389 Περὶ
2628 4318 2895 4389 Μανασσῆ
2926 4321 3020 4371 καὶ
3049 4316 3312 4389 Ἐφραῒμ,
3342 4319 3391 4372 οἳ
3417 4318 3669 4388 ἐγένοντο
3699 4320 3776 4389 τῷ

526 4405 725 4477 Ioseph
756 4415 886 4461 ante
910 4406 1172 4475 inopiam.

2130 4397 2174 4452 Ῑ)
2203 4411 2404 4481 Ἰωσὴφ
2434 4410 2541 4481 πρὸ
2572 4411 2667 4464 τοῦ
2692 4410 2873 4480 λιμοῦ.

602 4499 724 4553 150.
754 4497 831 4552 De
861 4496 1250 4568 incipientibus
1281 4502 1486 4566 septem
1515 4497 1676 4552 annis
1701 4495 1921 4565 inopiae.

2280 4501 2376 4572 ρλ’.
2407 4500 2542 4570 Περὶ
2570 4500 2677 4553 τῶν
2706 4500 3027 4570 ἀρξαμένων
3055 4502 3103 4566 ζ’
3136 4503 3273 4555 ἐτῶν
3299 4502 3395 4557 τοῦ
3423 4502 3604 4573 λιμοῦ.

599 4588 722 4643 151.
753 4588 884 4654 Quae
909 4588 976 4643 ad
1003 4587 1200 4644 fratres
1226 4586 1426 4659 Ioseph
1448 4588 1680 4643 attinent
1711 4585 2102 4643 descendentes

2279 4590 2414 4660 ρλα¹.
2438 4592 2521 4644 Τὰ
2550 4590 2693 4644 κατὰ
2735 4592 2862 4654 τοὺς
2897 4591 3160 4662 ἀδελφοὺς
3188 4594 3385 4664 Ἰωσὴφ
3428 4594 3778 4656 καταϐάντας

527 4678 580 4732 in
608 4676 924 4748 Egyptutn.

2204 4682 2287 4745 είς
2316 4682 2611 4750 Αῐγυπτον;

604 4771 729 4825 152.
764 4768 838 4823 De
865 4783 1118 4838 regressu
1149 4767 1382 4823 fratrum
1415 4765 1619 4837 Ioseph
1655 4776 1878 4839 propter
1903 4768 2100 4838 Benja-

2278 4771 2415 4843 ρλβ’.
2452 4774 2589 4842 Περὶ
2619 4775 2719 4844 τῆς
2754 4772 3016 4828 ἐπανόδου
3044 4774 3156 4829 τῶν
3188 4774 3432 4845 ἀδελφῶν
3462 4775 3660 4847 Ἰωσὴφ
3692 4779 3781 4831 διὰ

527 4858 664 4914 inin.

2202 4861 2297 4914 τὸν
2324 4863 2600 4931 Βενιαμίν.

600 4952 725 5009 155.
756 4950 890 5017 Qum
916 4949 984 5006 ad
1013 4950 1212 5005 fratres
1237 4945 1440 5018 Ioseph
1494 4952 1739 5017 spectant
1763 4944 2099 5003 descenden-

2279 4951 2415 5021 ρλγ⁹.
2445 4952 2530 5006 Τὰ
2557 4954 2701 5008 κατὰ,
2726 4955 2856 5019 τοὺς
2897 4956 3158 5027 ἀδελφοὺς
3187 4958 3386 5029 Ἰωσὴφ
3432 4959 3778 5022 καταϐάντας

528 5053 611 5100 tes
639 5043 694 5098 in
728 5042 1024 5114 Aigyptum
1053 5057 1176 5098 cum
1209 5039 1513 5110 Beniamin.

2202 5044 2283 5105 είς
2307 5043 2583 5111 Αἴγυπτον
2612 5045 2751 5115 μετὰ
2787 5046 2884 5100 τοῦ
2917 5047 3203 5118 Βενιαμίν.

600 5134 876 5203 134.Qna:
924 5134 990 5189 ad
1047 5134 1313 5206 scyphum
1363 5141 1682 5203 argenteum
1740 5141 2008 5204 spectant,
2046 5140 2102 5187 et

2276 5130 2406 5202 ρλδ’.
2436 5134 2519 5188 Τὰ
2574 5137 2713 5189 κατὰ
2756 5137 2817 5189 τὸ
2860 5138 3019 5192 κόνδυ
3066 5139 3129 5193 τδ
3182 5141 3481 5213 ἀργυροῦν,
3540 5145 3637 5197 καὶ⁵
3689 5145 3782 5196 τὸν

526 5228 806 5299 quomodo
832 5226 1039 5296 Ioseph
1062 5240 1123 5282 se
1154 5225 1250 5281 dat
1278 5223 1715 5296 agnoscendum.

1404 5223 1715 5281 iacendum.
2205 5224 2624 5296 ἁναγνωρισμὸν
2652 5226 2746 5281 τοῦ
2778 5228 2999 5300 Ἰωσήφ.

600 5319 723 5375 155.
758 5318 833 5374 De
878 5318 1054 5374 reditu
1101 5315 1329 5372 fratrum
1380 5315 1580 5388 Ioseph
1621 5318 1689 5372 ad
1731 5317 1948 5373 illorum
1999 5335 2099 5389 pa-

2280 5314 2405 5383 ρλε’.
2451 5316 2586 5385 Περὶ
2615 5317 2713 5387 τῆς
2751 5320 3015 5372 ἐπανόδου
3044 5322 3155 5373 τῶν
3176 5322 3424 5391 ἀδελφῶν
3454 5324 3551 5376 τοῦ
3578 5326 3775 5396 Ἰωσὴφ

528 5421 690 5467 trem.
2204 5405 2305 5475 τῆς
2339 5407 2428 5460 διὰ
2452 5409 2542 5462 τὸν
2571 5408 2784 5490 πατέρα
2814 5412 3018 5468 αὐτῶν.

601 5502 726 5556 156.
758 5501 836 5557 De
888 5501 1158 5557 descensu
1207 5500 1379 5557 Iacob
1436 5503 1491 5556 in
1539 5499 1870 5573 Egyptum;
1902 5500 1957 5555 in
1992 5515 2102 5570 quo

2278 5497 2421 5567 ρλς·’.
2454 5499 2590 5569 Περὶ
2621 5500 2720 5570 τῆς
2752 5503 2833 5564 εἰς
2870 5502 3148 5572 Αίγυπτον
3177 5505 3537 5571 καταϐάσεως
3561 5508 3654 5561 τοῦ
3680 5509 3786 5562 Ἰα-

531 5592 722 5662 quinta
746 5595 1004 5651 revelatio
1027 5594 1168 5651 facta
1202 5604 1287 5652 est
1323 5595 1389 5651 ad
1418 5609 1542 5651 eum
1588 5597 1643 5650 in
1679 5594 1887 5652 visione
1924 5594 2101 5649 noctis

2205 5588 2322 5642 κάϐ
2345 5593 2404 5642 ἐν
2498 5591 2749 5661 πέμπτος
2791 5596 3175 5665 χρηματισμὸς
3203 5598 3419 5663 ἐγένετο
3444 5601 3586 5667 πρὸς
3624 5601 3783 5651 αὐτὸν

532 5682 600 5738 ad
630 5690 853 5750 puteum
880 5684 1207 5743 Iuramenti.

2206 5684 2264 5734 ἐν
2284 5684 2525 5754 ὁράματι
2545 5686 2646 5756 τῆς
2675 5687 2867 5750 νυκτὸς
2887 5688 2945 5743 ὲν
2966 5687 3045 5758 τῷ
3069 5689 3265 5759 φρέατι
3286 5689 3379 5741 τοῦ
3404 5690 3640 5758 Ὅρκον.
