4020 6194
387 340 525 406 103⁵1

1374 342 1853 405 OCTATEUCHI
1894 338 2183 403 DIVISIO
2225 340 2306 401 IN
2346 325 2630 400 CAPITA.

3476 326 3615 409 1033

455 450 571 508 πα’.
603 452 738 522 Περὶ
764 452 863 521 τῆς
910 451 1256 521 κατασκευῆς
1301 451 1411 504 τῶν
1442 451 1655 506 σκευῶν
1694 450 1794 521 τῆς
1819 465 1951 520 τραο

2140 448 2215 503 il.
2250 448 2325 503 De
2350 447 2712 504 fabricatione
2752 462 3003 505 vasorum
3028 444 3249 513 mensa',
3282 438 3336 505 et
3362 448 3618 505 candela-

385 543 582 613 πέζης,
614 544 708 597 καὶ
743 543 841 612 τῆς
868 542 1108 613 λυχνίας.

458 634 569 703 πβθ.
602 634 736 704 Περὶ
756 633 1040 705 Βεσελεήλ.

457 720 570 788 πγ’.
604 725 828 777 Att-(1m.

365 887 373 917 ὁ
456 814 562 868 πδ’.
590 814 726 884 Περὶ
758 815 858 885 τῆς
883 814 1129 879 στάσεως
1155 815 1251 885 τῆς
1275 814 1479 885 σκηνῆς
1501 814 1591 867 τοῦ
1627 815 1951 886 μαρτυρίου.

2055 540 2159 596 bri.

2130 632 2216 687 82.
2253 632 2326 687 De
2354 631 2612 687 Beselcel.

2083 782 2089 788 ,
2127 724 2219 778 85.
2252 724 2421 779 Deest.

2130 814 2220 868 84.
2259 816 2332 870 De
2353 816 2626 870 erectione
2666 814 3002 870 tabernaculi
3031 813 3344 872 testimonii.

1480 956 1794 1018 Lesiticus
1818 957 1946 1017 haec
1984 968 2274 1020 numerat
2304 961 2515 1039 capita
2551 979 2571 1019 :

460 1079 530 1135 α’.
563 1081 699 1152 Περὶ
728 1081 1014 1152 προϐάτων
1050 1081 1143 1137 καὶ
1166 1080 1366 1154 ἀρνῶν.

464 1171 533 1241 β’.
567 1172 704 1242 Περὶ
726 1173 1010 1227 πετεινῶν.

462 1260 533 1329 γ’.
566 1263 704 1334 Περὶ
728 1263 1080 1333 σεμιδάλεως.

462 1352 526 1407 δ’.
558 1354 694 1424 Περὶ
719 1353 1041 1423 πεμμάτων.

463 1440 523 1496 ε’.
568 1442 701 1512 Περὶ
728 1442 830 1507 ὰζύ
838 1461 975 1514 μων.

400 1572 403 1575 .
468 1530 542 1594 ς’.
576 1532 711 1602 Περὶ
740 1533 932 1597 θυσίας
968 1533 1077 1588 ἀπὺ
1113 1535 1370 1607 ισχάρας.

466 1618 535 1684 ζ’.
573 1622 709 1691 Περὶ
746 1621 938 1687 θυσίας
967 1626 1526 1697 πρωτογεννημάτων.

465 1718 535 1780 η’.
566 1712 703 1781 Περὶ
736 1712 927 1773 θυσίας
961 1716 1252 1785 σωτηρίου.

466 1802 533 1855 θ’.
568 1802 703 1873 Περὶ
736 1803 958 1857 θυσιῶν.

467 1897 519 1945 ι’.
555 1892 691 1963 Περὶ
719 1893 1001 1962 ἁμαρτίας
1029 1893 1220 1963 ἱερέως
1257 1894 1353 1947 καὶ
1376 1895 1470 1949 τοῦ
1500 1896 1652 1952 λαοῦ.

470 1979 560 2035 ια’.
594 1980 732 2052 Περὶ
762 1980 963 2034 θυσιῶν
999 1982 1344 2052 συναγωγῆς,
1375 1983 1470 2039 ἐὰν
1503 1985 1750 2058 ἁμάρτῃ.

467 2072 556 2143 ιβ’.
580 2074 716 2144 Περὶ
745 2072 951 2126 θυσιῶν
976 2073 1254 2143 ἁμαρτίας
1277 2074 1559 2143 ἄρχοντος.

471 2161 562 2230 ιγ’.
598 2163 734 2234 Περὶ
762 2163 940 2233 ψυχῆς
971 2165 1100 2234 μιᾶς
1131 2165 1226 2221 ἐὰν
1255 2164 1499 2237 ἁμάρτῃ,

469 2254 550 2307 ιδ’.
577 2254 714 2324 Περὶ
745 2252 1031 2323 ὁρκισμοῦ.

471 2340 554 2396 ιε’.
592 2343 727 2412 Περὶ
756 2344 922 2412 ὅρκου
952 2343 1299 2416 παραθήκης,
1332 2346 1429 2401 καὶ
1456 2344 1566 2401 τῶν
1590 2345 1811 2400 λοιπῶν.

472 2433 569 2498 ις’.
600 2433 738 2502 Περὶ
764 2434 927 2503 ὅρκου
951 2435 1304 2505 παραθήκης,
1330 2436 1425 2490 καὶ
1445 2435 1553 2490 τῶν
1583 2435 1807 2489 λοιπῶν.

471 2526 556 2590 ιζ’.
581 2527 765 2592 Νόμος
791 2526 918 2596 περὶ
944 2525 1387 2589 ὁλοκαυτώσεως.

470 2621 561 2683 ιη’.
596 2615 780 2684 Νόμος
812 2616 939 2685 περὶ
964 2615 1061 2683 τῆς
1090 2613 1281 2677 θυσίας
1320 2613 1428 2666 τῶν
1457 2612 1669 2684 ἱερέων.

473 2703 558 2761 ιθ’.
592 2706 772 2775 Νόμος
809 2708 936 2778 περὶ
958 2705 1150 2767 θυσίας
1181 2705 1476 2776 ἁμαρτίας.

470 2793 540 2847 κ’.
572 2796 707 2864 Περὶ
734 2795 829 2847 τοῦ
868 2795 947 2866 μὴ
974 2795 1175 2849 ἐσθίειν
1201 2794 1368 2864 στέαρ
1391 2794 1425 2864 ἦ
1455 2788 1616 2865 αἷμα.

471 2976 576 3031 κα’.
609 2980 743 3048 Περὶ
776 2980 1152 3049 ἀφαιρέματος
1182 2978 1293 3032 τῶν
1324 2977 1546 3034 θυσιῶν.

471 3068 575 3137 κβ¹.
616 3070 748 3135 Περὶ
774 3069 869 3121 τοῦ
896 3068 1285 3140 ἀρχιερατικοῦ
1313 3070 1636 3139 χρίσματος.

471 3159 577 3227 κγ’,
618 3161 751 3229 Περὶ
778 3160 874 3228 τῆς
899 3160 1129 3230 χρίσεως
1175 3158 1405 3229 Ἀαρών.

470 3252 548 3305 κδ’
554 3293 569 3306 .
614 3252 825 3322 ’Λαρὼν
850 3251 1089 3317 λούεται,
1136 3251 1370 3322 χρίεται,
1409 3250 1653 3304 ἐνδύεται
1680 3249 1785 3305 ὑπὸ
1809 3251 1972 3306 Μωῦ-

402 3341 541 3403 σέως
572 3340 712 3409 μετὰ
736 3340 846 3394 τῶν
872 3340 1003 3393 υἱῶν
1029 3338 1215 3395 αὑτοῦ.

472 3428 569 3483 κε’.
609 3431 867 3500 Ἀρχεται
904 3430 1108 3499 Κύριος
1135 3429 1213 3499 τῷ
1240 3428 1449 3499 Ἀαρὼν
1480 3429 1645 3501 μόνῳ.

473 3527 586 3586 κς¹.
627 3523 761 3591 Περὶ
793 3520 1007 3590 κτηνῶν
1033 3521 1311 3591 καθαρῶν,
1341 3522 1437 3574 καὶ
1463 3522 1539 3593 μὴ
1568 3522 1843 3596 καθαρῶν.

471 3610 574 3676 κζ’.
604 3613 738 3683 Περὶ
773 3612 1121 3684 καθαρισμοῦ
1153 3614 1479 3670 τικτουσῶν.

474 3710 579 3773 κη’.
611 3704 795 3773 Νόμος
821 3705 950 3776 περὶ
981 3705 1209 3775 λέπρας.

473 3796 576 3846 κθ’.
614 3795 750 3865 Περὶ
778 3794 873 3847 τοῦ
909 3794 986 3864 μὴ
1010 3794 1446 3865 καθαριζομένου
1472 3796 1695 3868 λεπροῦ.

473 3885 539 3940 λ’.
573 3886 708 3958 Περὶ
738 3887 1087 3956 καθαρισμοῦ
1108 3888 1205 3942 τοῦ
1229 3888 1454 3960 λεπροῦ.

474 3975 577 4031 λα’.
604 3977 743 4047 Περὶ
765 3978 972 4048 λέπρας
1004 3979 1203 4047 οἱκίας,
1236 3980 1329 4033 καὶ
1358 3979 1719 4050 καθαρισμοῦ.

472 4067 572 4139 λβ’.
600 4069 736 4141 Περὶ
761 4069 967 4139 ῥύσεως
1001 4072 1183 4139 γόνου.

471 4161 573 4228 λγθ.
603 4162 738 4229 Περὶ
767 4162 864 4231 τῆς
890 4162 1119 4232 ῥεούσης
1142 4157 1285 4232 αἷμα
1312 4163 1597 4230 γυναικός.

471 4253 568 4309 λδ’.
598 4253 736 4325 Περὶ
756 4252 852 4307 τοῦ
883 4252 958 4325 μὴ
988 4254 1264 4325 διαφέρειν
1292 4254 1351 4307 ὲν
1377 4253 1455 4324 τῷ
1487 4255 1620 4323 οῖκῳ
1645 4255 1869 4324 Κυρίου.

470 4440 564 4498 λε’.
599 4440 821 4496 Λείπει.

473 4531 585 4599 λς’.
619 4530 759 4601 Περὶ
782 4528 878 4585 τοῦ
911 4527 989 4597 μὴ
1016 4526 1128 4583 δεῖν
1156 4525 1305 4582 θύειν
1332 4525 1438 4591 ἔξω
1457 4526 1557 4597 τῆς
1581 4527 1805 4596 σκηνῆς.

474 4715 573 4784 λζ’.
609 4716 747 4788 Περὶ
772 4715 869 4769 τοῦ
899 4714 974 4784 μὴ
1003 4714 1114 4768 δεῖν
1135 4712 1335 4766 ἐσθίειν
1362 4708 1522 4782 αἷμα.

473 4809 579 4878 λη’.
617 4809 750 4877 Περὶ
776 4808 870 4860 τοῦ
896 4806 970 4878 μὴ
1003 4807 1117 4859 δεῖν
1144 4805 1347 4858 ἐσθίειν
1369 4805 1708 4875 θνησιμαῖον.

478 4901 578 4954 λθ’.
612 4899 748 4971 Περὶ
804 4898 899 4953 τοῦ
957 4897 1033 4969 μὴ
1080 4897 1192 4951 δεῖν
1235 4897 1509 4958 ἀτάκτους
1561 4896 1832 4950 ποιεῖσθαι
1879 4898 1974 4961 τὰς

410 4991 693 5059 συζυγίας.
1466 5026 1473 5031 ο

482 5082 558 5151 μ’.
597 5084 719 5135 Ὅτι
748 5084 807 5135 ὲν
834 5082 912 5152 τῷ
939 5083 1126 5152 τηρεῖν
1147 5079 1247 5144 τὰς
1270 5080 1491 5143 ἐντολὰς
1517 5078 1664 5148 ἅγιοι
1709 5078 1971 5145 γίνονται.

484 5174 593 5236 μα’.
622 5168 755 5239 Περὶ
780 5168 1115 5239 τεθνηκότων
1150 5168 1236 5237 ἐφ’
1257 5163 1338 5230 οἷς
1363 5167 1666 5237 μιαίνονται
1704 5168 1753 5218 οἱ
1787 5168 1970 5237 ἱερεῖς.

484 5258 592 5328 μβ’.
625 5258 760 5327 Περὶ
782 5258 878 5326 τῆς
900 5259 1332 5328 ὲκπορνευούσης
1351 5257 1617 5328 θυγατρὸς
1637 5256 1730 5309 τοῦ
1762 5258 1970 5327 ἱερέως.

484 5348 597 5417 μγ’.
640 5351 773 5418 Περὶ
798 5349 891 5403 τοῦ
920 5351 994 5420 μὴ
1025 5350 1135 5403 δεῖν
1167 5349 1357 5418 μῶμον
1378 5348 1521 5417 ἔχειν
1544 5347 1631 5399 τὸν
1660 5348 1831 5417 ἱερέα.

482 5437 585 5507 μδ’.
600 5442 823 5493 Asiam.

483 5538 587 5600 με’.
615 5533 753 5602 Περὶ
776 5530 870 5584 τοῦ
916 5530 991 5602 μὴ
1022 5530 1131 5584 δεῖν
1174 5529 1585 5599 μεμωμημένον
1621 5526 1971 5597 προσφέρειν.

489 5622 606 5692 μς’.
634 5626 769 5695 Περὶ
809 5624 916 5681 τῶν
962 5640 1254 5695 προσφ.....
1294 5621 1457 5693 (forte
1518 5622 1975 5692 προσφερομένων

412 5714 612 5787 ζώων.)

2136 1086 2187 1138 1.
2220 1085 2293 1139 De
2326 1084 2518 1138 ovibus
2544 1092 2601 1139 et
2629 1082 2805 1155 agnis.

2134 1176 2190 1229 2.
2224 1175 2298 1231 De
2324 1175 2659 1231 volucribus.

2135 1268 2190 1321 ὃ.
2221 1264 2295 1321 De
2318 1266 2518 1321 simila.

2136 1358 2191 1414 4.
2215 1359 2289 1412 De.
2319 1360 2544 1429 laganis.

2142 1448 2195 1503 5.
2229 1447 2302 1502 De
2326 1450 2550 1519 azymis.

2148 1538 2204 1592 6.
2240 1537 2312 1594 De
2350 1538 2621 1593 sacriﬁcio
2654 1552 2751 1607 per
2799 1538 3141 1594 craticulam.

2144 1628 2197 1680 7.
2227 1626 2302 1682 De
2334 1626 2607 1682 sacriﬁcio
2625 1627 3128 1697 primogenitorum.

2142 1718 2193 1772 8.
2228 1718 2300 1772 De
2328 1718 2597 1773 sacriﬁcio
2628 1717 2841 1773 salutis.

1998 1797 2041 1852 Β
2143 1808 2196 1862 9.
2239 1805 2313 1860 De.
2341 1806 2647 1861 sacriﬁciis.

2144 1896 2231 1952 10.
2260 1896 2336 1950 De
2364 1906 2585 1965 peccato
2620 1895 2920 1950 sacerdotis
2951 1903 3004 1949 et
3029 1895 3234 1965 populi.

2132 1989 2220 2043 11.
2260 1986 2333 2041 De
2365 1987 2647 2042 sacriﬁciis
2675 1987 3131 2057 congregationis,
3161 1990 3204 2040 si
3235 1987 3559 2057 peccaverit.

2148 2076 2234 2131 12.
2265 2076 2341 2130 De
2369 2076 2653 2130 sacriﬁciis
2684 2076 2892 2145 peccati
2920 2077 3203 2145 principis.

2138 2170 2226 2225 15.
2256 2168 2330 2222 De
2362 2167 2543 2220 anima
2579 2181 2708 2229 una,
2741 2167 2787 2221 si
2821 2168 3142 2237 peccaverit.

2140 2258 2227 2310 14.
2266 2254 2339 2309 De
2356 2254 2686 2323 iuramento.
2776 2300 2779 2301 ν

2141 2346 2229 2400 15.
2258 2344 2333 2399 De
2363 2344 2676 2412 iuramento
2704 2343 2937 2413 depositi
2975 2354 3030 2399 et
3056 2347 3302 2416 reliquis.

2153 2432 2240 2485 16.
2278 2432 2352 2485 De
2377 2430 2693 2499 iuramento
2713 2432 2945 2501 depositi
2974 2442 3031 2489 et
3058 2436 3306 2506 reliquis.

2142 2526 2229 2579 17.
2262 2524 2371 2580 Lex
2400 2525 2469 2582 de
2502 2526 2840 2583 holocausto.

2142 2616 2229 2671 18.
2266 2615 2375 2671 Lex
2398 2618 2462 2671 de
2491 2616 2767 2671 sacriﬁcio
2791 2617 3158 2676 sacerdotum.

2142 2705 2229 2760 19.
2261 2704 2369 2759 Lex
2403 2706 2471 2760 de
2507 2706 2782 2763 sacriﬁcio
2808 2709 3038 2777 peccati.

2140 2795 2231 2851 20.
2260 2795 2335 2852 De
2362 2796 2734 2867 prohibitione
2764 2798 3087 2853 comedendi
3120 2799 3336 2869 adipem
3382 2809 3478 2856 aut
3504 2817 3635 2857 san-
3678 2822 3687 2829 ί

2070 2887 2311 2956 guinem.

2142 2978 2231 3033 21.
2264 2977 2339 3034 De
2369 2986 2524 3048 parte
2551 2978 2795 3047 deposita
2830 2978 3247 3037 sacriﬁciorum.

2142 3067 2235 3122 22.
2271 3067 2346 3122 De
2375 3066 2669 3138 pontiﬁcali
2707 3069 2984 3123 unctione.

2139 3156 2233 3213 25.
2260 3157 2334 3212 De
2364 3158 2621 3213 unctione
2647 3158 2849 3213 Aaron.
3564 3210 3567 3213 λ

2143 3249 2234 3303 24.
2266 3250 2450 3302 Aaron
2508 3249 2741 3312 lavatur,
2788 3248 3032 3319 ungitur,
3068 3248 3316 3305 induitur
3366 3266 3399 3306 a
3457 3251 3638 3322 Moyse

2072 3357 2196 3397 cum
2228 3341 2351 3396 ﬁliis
2379 3340 2517 3395 suis.
3552 3348 3559 3353 ‘

2142 3432 2234 3485 25.
2262 3430 2537 3487 Primitias
2566 3432 2763 3502 accipit
2790 3432 3053 3490 Dominus
3079 3436 3149 3490 ab
3174 3431 3353 3491 Aaron
3383 3437 3527 3493 solo.

2141 3520 2233 3574 26.
2265 3519 2339 3575 De
2363 3520 2652 3590 pecoribus
2678 3523 2917 3588 mundis,
2947 3533 3003 3578 et
3032 3539 3139 3579 non
3170 3528 3411 3583 mundis.

2142 3612 2234 3667 27.
2269 3611 2344 3666 De
2369 3612 2749 3680 puriﬁcatione
2781 3614 3134 3683 parientiutn.

2142 3707 2233 3761 28.
2267 3702 2373 3757 Lex
2402 3708 2467 3760 de
2496 3707 2664 3774 lepra.

2143 3797 2234 3853 29.
2281 3798 2354 3852 De
2393 3798 2611 3867 lcproso
2646 3812 2757 3852 non
2792 3796 3079 3851 mundata.

2142 3890 2233 3945 '50.
2270 3889 2343 3944 De
2366 3889 2721 3945 mundatione
2745 3888 2967 3959 leprosi.

2144 3982 2234 4036 51.
2270 3980 2343 4034 De
2376 3980 2523 4049 lepra
2564 3980 2781 4044 domus,
2811 3989 2865 4033 et
2895 3979 3271 4037 mundatione.

2144 4068 2233 4123 52.
2276 4067 2349 4123 De
2373 4068 2520 4122 ﬂuxu
2554 4070 2804 4124 seminis.

2145 4162 2236 4214 ⁸55.
2270 4162 2343 4213 De
2374 4161 2598 4215 muliere
2626 4159 2915 4229 sanguinis
2945 4159 3149 4215 ﬂuxum
3184 4161 3442 4230 patiente.

2146 4248 2235 4303 54.
2269 4248 2344 4303 De
2392 4250 2756 4317 prohibitione
2812 4251 3148 4317 ingrediendi
3170 4252 3223 4304 in
3266 4252 3485 4305 domum
3533 4249 3643 4303 Do-

2076 4352 2231 4392 1111111.

2009 4438 2057 4496 D
2151 4429 2239 4482 35.
2272 4426 2447 4482 Deest.

2145 4517 2235 4571 56.
2265 4516 2341 4571 De
2387 4513 2756 4585 prohibitione
2806 4516 3151 4571 sacriﬁcandi
3191 4524 3346 4572 extra
3390 4517 3641 4573 taberna-

2074 4608 2281 4663 culum.

2147 4700 2237 4754 57.
2270 4698 2344 4753 De
2376 4698 2743 4769 prohibitione
2774 4698 3093 4754 comedendi
3122 4701 3464 4767 sanguinem.

2144 4791 2234 4845 58.
2270 4791 2345 4846 De
2375 4791 2743 4861 prohibitione
2779 4791 3097 4846 comedendi
3127 4791 3498 4846 morticinum.

2143 4884 2232 4938 '59.
2271 4884 2343 4938 De
2370 4884 2734 4953 prohibitione
2758 4883 2989 4937 faciendi
3020 4885 3290 4939 connubia
3327 4884 3537 4941 illicita.

2145 5067 2233 5120 ευ.
2268 5064 2422 5131 Quod
2447 5066 2717 5120 servando
2758 5065 3013 5121 mandata
3040 5067 3214 5121 sancti
3247 5066 3401 5121 ﬁunt.

2146 5160 2232 5213 41.
2269 5158 2341 5213 De
2373 5158 2602 5213 mortuis
2639 5157 2691 5211 in
2720 5160 2920 5228 quibus
2962 5160 3278 5228 polluuntur
3301 5156 3635 5215 sacerdotes.

2147 5252 2234 5305 42.
2266 5252 2337 5304 De
2369 5251 2475 5304 ﬁlia
2506 5251 2806 5307 sacerdotis
2837 5251 3239 5304 meretricante.

2146 5296 2236 5395 ὶΞζ
2266 5296 3313 5405 ὸῖιςῷὶῖῖιιῖιῖ”ιῖὲῦἑέιί”εζᾷξᾱὸῗιᾷζιζὲη
3340 5296 3634 5396 maculam.

2149 5433 2234 5485 Η.
2269 5431 2443 5485 Deest.

2146 5526 2234 5578 45.
2268 5524 2424 5591 Quod
2456 5539 2565 5578 non
2589 5524 2783 5579 debeat
2812 5523 3115 5578 maculatus
3139 5521 3352 5580 oderre.

2148 5618 2236 5672 46.
2268 5616 2436 5672 De....
2468 5616 2633 5687 (forte
2664 5616 2863 5673 oblatis
2889 5616 3261 5689 animalibus).
