4020 6194
568 238 701 301 1047

630 360 719 411 50.
759 358 831 414 Dc
858 361 983 417 (iliis
1014 363 1145 419 Dan.

630 451 720 504 51.
758 450 830 506 De
858 451 1067 519 Levita,
1099 467 1151 512 et
1181 459 1301 528 ejus
1335 462 1665 517 concubina.

632 538 721 593 32.
761 542 833 596 De
866 559 996 598 sene
1024 547 1345 617 excipiente.

629 629 718 684 35.
759 630 1055 689 Consilium
1096 639 1368 695 seniorum
1400 641 1467 697 de
1506 643 1648 698 tribu
1684 642 1987 713 Benjamin.

1267 252 1654 316 OPUSCULA
1696 257 2320 323 SCRIP’I‘URISTICA
2361 265 2702 327 lNCERT/E
2740 268 3046 331 [ΕΤΑΤΙΒ.

3586 279 3683 343 1018

2158 395 2200 447 Α
2297 378 2362 431 λ’.
2392 380 2524 448 Περὶ
2552 380 2659 433 τῶν
2687 382 2821 435 υἱῶν
2850 384 2975 437 Δάν.

2304 468 2403 521 λα’.
2444 469 2578 539 Περὶ
2604 470 2698 522 τοῦ
2745 473 2992 537 Λευΐτου,
3026 476 3120 527 καὶ
3148 477 3242 541 τῆς
3281 476 3528 547 παλλακῆς
3554 484 3685 539 αὐτοῦ.

2302 558 2398 628 λβ’.
2435 562 2569 628 Περὶ
2594 560 2689 614 τοῦ
2724 563 3125 632 ὑποδεξαμένου
3164 567 3469 635 πρεσϐύτου.

2305 651 2403 719 λγ’.
2450 654 2624 725 Βουλὴ
2667 654 2776 709 τῶν
2836 657 3219 729 πρεσϐυτέρων
3270 661 3389 731 περὶ
3441 661 3524 731 τῆς
3568 665 3688 733 φυλῆς

2234 743 2511 799 Βενιαμίν.

1568 850 1717 906 Libri
1749 852 1889 907 Ruth
1918 855 2068 909 nulla
2092 856 2278 910 divino
2308 869 2540 923 capitum
2563 868 2807 928 apparet.

1147 1010 3695 1042 __________________—________

1108 1170 1205 1257 S.
1277 1170 1977 1261 SCRIPTUR/E
2053 1172 2519 1267 DIVISIO
2592 1176 2721 1266 IN
2795 1177 3255 1266 CAPITA.

1501 1358 1593 1425 (Ει
1630 1360 1739 1412 eod.
1762 1374 1855 1413 ms.
1882 1363 2050 1413 iaculi
2080 1376 2145 1427 τι,
2169 1365 2395 1427 Battum,
2417 1365 2503 1419 lib.
2536 1368 2623 1417 cit.
2647 1380 2699 1430 p.
2725 1365 2859 1431 ια.)

1155 1667 1466 1737 GENESIS,

2867 1676 3109 1731 ΓΕΝΕΣΙ
3117 1680 3177 1734 Σ.

617 1762 691 1817 De
729 1768 996 1829 serpente.
1024 1759 1097 1813 De
1128 1759 1450 1816 fratricidio.
1477 1761 1619 1815 Anni
1646 1762 1840 1817 Adam.
1871 1762 1947 1820 De
1974 1778 2126 1820 arca.

2164 1765 2205 1820 Β
2299 1762 2435 1833 Περὶ
2483 1763 2576 1817 τοῦ
2616 1764 2816 1833 ὄφεως.
2869 1768 3008 1838 Περὶ
3054 1770 3155 1839 τῆς
3193 1768 3583 1837 ἀδελφοκτονίας.
3609 1771 3703 1839 Ἕτη

564 1853 640 1908 De
668 1854 833 1907 turris
859 1852 1235 1908 mdificatione.
1274 1850 1457 1907 Tertia
1489 1853 1555 1907 ad
1597 1854 1873 1909 Abraham
1929 1856 2137 1911 revela-

563 1946 661 1999 tio.
696 1944 769 1997 De
802 1944 941 1999 bello
976 1960 1165 1999 novem
1213 1958 1421 2013 regum.
1456 1943 1531 1998 De
1559 1947 1873 2015 captivitate
1913 1946 2033 2003 Lot.
2062 1947 2136 2002 De

562 2034 941 2091 Melchisedec.
977 2034 1178 2101 Quarta
1210 2034 1280 2089 ad
1321 2037 1596 2091 Abraham
1629 2038 1907 2094 revelatio.
1935 2038 2135 2094 Fmdus

563 2142 686 2179 cum
711 2127 1007 2181 Abraham.
1023 2125 1155 2192 Quae
1177 2127 1243 2180 ad
1261 2126 1447 2181 Saram
1470 2137 1524 2182 et
1548 2128 1691 2195 Agar
1711 2137 1977 2198 spectant.
2000 2128 2135 2195 Quae

569 2216 715 2271 dicta
742 2226 869 2271 sunt
887 2217 956 2270 ab
980 2217 1174 2286 angelo
1216 2219 1380 2286 Agar.
1441 2215 1644 2273 Foedus
1687 2233 1812 2273 cum
1857 2221 2131 2274 Abraham

562 2308 630 2361 de
679 2308 1098 2362 circumcisione
1149 2316 1201 2361 et
1228 2308 1468 2364 nomine.
1525 2306 1825 2364 Promissio
1854 2309 2027 2366 Isaac.
2061 2310 2134 2365 De

563 2399 778 2454 lsmael.
830 2397 904 2453 De
947 2400 1287 2455 circumcisis
1339 2400 1409 2454 ab
1460 2400 1754 2455 Abraham.
1806 2401 1879 2456 De
1923 2400 2134 2457 visione

562 2488 702 2543 facta
733 2490 787 2543 in
818 2504 1021 2560 quercu
1088 2490 1329 2545 Mambre
1395 2490 1463 2544 ad
1518 2490 1813 2555 Abraham,
1845 2500 1899 2545 et
1927 2491 1994 2545 de
2015 2490 2133 2560 ejus

561 2581 1030 2649 hospitalitatem:
1050 2583 1205 2634 ruina
1233 2581 1498 2636 Sodomae.
1526 2582 1601 2636 De
1623 2582 1989 2651 hospitalitate
2008 2581 2129 2637 Lot.

561 2671 637 2725 De
656 2671 906 2725 incendio
922 2671 1190 2727 Sodomae.
1214 2670 1287 2725 De
1307 2672 1518 2726 ﬁliabus
1537 2670 1659 2725 Lot.
1718 2670 1846 2725 lude
1886 2671 2131 2727 Moabitae

562 2773 616 2817 et
644 2762 991 2816 Ammonitae.
1007 2760 1080 2816 De
1097 2761 1229 2815 Sara
1283 2769 1339 2815 et
1378 2761 1690 2815 Abimelech
1738 2775 1861 2829 rege
1891 2743 2127 2815 Geram.

561 2853 718 2919 Quod
741 2855 1003 2923 propheta
1028 2852 1419 2908 estAbraham.
1439 2851 1514 2907 De
1530 2852 1795 2922 ejectione
1825 2852 1970 2923 Agar
2001 2868 2127 2908 cum

560 2946 672 3000 lilio
695 2960 796 3000 suo
820 2945 1035 3001 lsmael.
1061 2944 1215 3010 Quod
1233 2944 1506 2998 Abraham
1540 2944 1765 2999 tentavit
1798 2943 1941 3000 Deus
1981 2945 2129 3001 circa

559 3037 710 3091 Isaac
746 3036 915 3091 lilium
946 3036 1413 3108 eius.AnniSar:e
1438 3035 1536 3089 107
1584 3038 1732 3105 (sic).
1782 3038 1922 3093 Anni
1953 3039 2129 3094 Abra-

557 3128 682 3182 ham
706 3129 823 3182 175.
849 3127 922 3181 De
939 3129 1109 3183 scala.
1135 3129 1208 3183 De
1236 3128 1455 3199 Joseph.
1487 3128 1627 3182 Anni
1661 3126 1848 3183 Iacob.

2250 1852 2441 1921 ’Δδάμη
2472 1854 2605 1925 Περὶ
2632 1855 2730 1925 τῆς
2769 1855 3027 1911 κιϐωτοῦ.
3072 1858 3211 1927 Περὶ
3260 1859 3354 1927 τῆς
3402 1857 3705 1925 πυργοποιίας.

2236 1941 2290 1995 Γ
2323 1946 2703 2016 χρηματισμὸς
2755 1947 3025 2018 Ἀϐραάμ.
3063 1950 3197 2019 Περὶ
3260 1949 3350 2002 τοῦ
3396 1950 3598 2018 πολέμου
3632 1949 3707 2000 τῶν

2237 2034 2280 2087 0'
2311 2034 2593 2103 βασιλέων.
2636 2038 2769 2108 Περὶ
2800 2042 2900 2109 τῆς
2937 2040 3314 2109 αἰχμαλωσίας
3345 2039 3429 2094 τοῦ
3471 2040 3588 2093 Λώτ.
3613 2039 3708 2106 Περὶ

2234 2126 2587 2195 Μελχισεδέκ.
2614 2131 2667 2179 Δ’
2688 2129 3076 2199 χρηματισμὸς
3108 2130 3369 2200 Ἀϐραάμ.
3392 2129 3594 2199 Διαθήιη
3613 2128 3708 2198 πρὸς

2247 2218 2515 2289 Ἀϐραάμ.
2554 2219 2635 2272 Τὰ
2664 2223 2803 2273 κατά
2836 2222 2928 2291 τὴν
2969 2222 3191 2293 Σάρῤαν
3242 2224 3333 2276 καὶ
3355 2222 3443 2292 τὴν
3467 2224 3629 2291 Ἅγαρ.
3652 2220 3709 2271 Τὰ

2235 2310 2340 2363 ὑπὸ
2366 2310 2458 2363 τοῦ
2487 2311 2719 2380 ἀγγέλου
2748 2312 3011 2382 λεχθέντα
3044 2316 3115 2383 τῇ
3149 2315 3345 2383 Ἀγαρ.
3377 2313 3581 2382 Διαθήκη
3614 2309 3710 2380 πρὸς

2247 2401 2496 2472 Ἀϐραὰμ
2528 2405 2657 2473 περὶ
2703 2404 3005 2474 περιτομῆς
3052 2405 3157 2459 καὶ
3208 2405 3332 2475 περὶ
3372 2402 3455 2457 τοῦ
3494 2403 3706 2471 ὀνόματοςο

2246 2491 2579 2561 Ἐπαγγελία
2602 2493 2807 2547 Ἰσαάκ.
2836 2495 2970 2565 Περὶ
2998 2494 3099 2548 τοῦ
3126 2495 3365 2566 Ἰσμαήλ.
3396 2494 3513 2563 Περὶ
3536 2490 3621 2543 τῶν
3642 2504 3709 2542 πε·

2237 2583 2607 2653 ριτμηϐέντων
2640 2584 2745 2637 ὑπὸ
2786 2585 3056 2656 Ἀϐραάμ.
3107 2588 3239 2658 Περὶ
3268 2586 3364 2656 τῆς
3397 2583 3618 2643 ὀπτασίας
3639 2580 3708 2648 τῆς

2232 2674 2529 2742 γενομένης
2560 2676 2617 2727 ὲν
2647 2679 2713 2745 τῇ
2741 2675 2859 2744 δρυῒ
2880 2678 2945 2746 τῇ
2972 2676 3222 2747 Μαμϐρῆ
3247 2676 3376 2745 πρὸς
3402 2673 3626 2743 Ἀϐραὰμ,
3646 2667 3710 2720 καὶ

2231 2765 2360 2831 περὶ
2392 2763 2492 2832 τῆς
2522 2763 2825 2833 ξενοδοχῐας
2870 2763 3058 2817 αὑτοῦ.
3107 2765 3241 2837 Περὶ
3275 2765 3367 2833 τῆς
3409 2754 3710 2829 καταστροφῆς

2232 2852 2498 2923 Σοδόμων.
2540 2854 2676 2925 Περὶ
2708 2854 2806 2923 τῆς
2859 2852 3167 2924 ξενοδοχιας
3212 2854 3302 2907 τοῦ
3337 2852 3469 2906 Λὼτ.
3498 2847 3606 2917 Περὶ
3645 2842 3711 2897 τοῦ

2231 2944 2585 3014 ἑμπυρισμοῦ
2611 2946 2879 3015 Σοδόμων.
2910 2947 2981 2998 Πε
2993 2948 3045 3016 pl.
3065 2946 3178 3000 τῶν
3207 2945 3501 3013 Θυγατέρων
3516 2939 3592 2994 τοῦ
3608 2935 3707 2990 Λώτ.

2234 3038 2425 3093 Ἔνθεν
2450 3040 2734 3094 Μωαϐῖται
2765 3041 2859 3095 καὶ
2889 3039 3251 3111 Ἀμμωνῐται.
3283 3041 3409 3110 Περὶ
3444 3040 3531 3108 τῆς
3553 3034 3711 3102 Σάρῤας

2163 3122 2207 3180 C
2242 3129 2339 3182 καὶ
2366 3129 2460 3183 τοῦ
2490 3128 2781 3200 ’Δϐιμέλεχ
2810 3129 3074 3199 βασιλέως
3111 3133 3381 3202 Γεράρων.
3409 3129 3518 3181 Ὀτι
3552 3120 3711 3193 προφή-

556 3239 655 3291 της
680 3224 707 3274 ὁ
735 3220 1007 3290 Ἀϐραάμ.
1042 3220 1178 3291 Περὶ
1219 3220 1318 3289 τῆς
1367 3219 1593 3289 ἐκϐολῆς
1629 3221 1808 3288 ’Ἅγαρ
1846 3218 1984 3288 μετὰ
2030 3218 2123 3272 τοῦ
2165 3218 2282 3272 υἱοῦ
2345 3220 2516 3289 αὐτῆς
2578 3222 2826 3292 Ἰσμαήλ.
2859 3223 2988 3275 Ὅτε
3030 3222 3126 3277 τὸν
3167 3224 3408 3295 Ἀϐραὰμ
3447 3210 3711 3284 ἐπείραζενδ

555 3316 688 3378 Θεὸς
722 3316 847 3383 περὶ
892 3314 1079 3369 Ἰσαὰκ
1102 3313 1196 3368 τοῦ
1225 3313 1344 3367 υἱοῦ
1378 3314 1563 3368 αὑτοῦ.
1605 3295 1738 3383 Ἐἶη
1786 3314 1884 3381 τῆς
1921 3312 2138 3383 saepe;
2166 3314 2245 3385 ρξ’
2295 3315 2439 3386 (sic).
2477 3316 2612 3386 Ἔτη
2648 3315 2742 3369 τοῦ
2777 3315 3027 3387 Ἀϐραὰμ
3059 3315 3190 3387 ροέ.
3221 3316 3352 3386 Περὶ
3376 3315 3465 3385 τῆς
3489 3309 3707 3379 κλίμα-και

560 3412 692 3480 Περὶ
720 3411 815 3463 τοῦ
845 3410 1065 3481 Ἰωσήφ.
1099 3410 1235 3479 Ἐτη
1270 3408 1491 3462 Ἰακώϐ.

1186 3501 1482 3558 EXODUS.

628 3593 702 3649 De
731 3594 884 3649 rubo.
920 3594 1122 3649 Nomen
1157 3593 1271 3649 Dei.
1305 3595 1376 3649 De
1396 3596 1568 3663 virga.
1601 3594 1673 3647 Dc
1704 3594 1894 3663 angelo
1915 3594 2127 3648 volente

2871 3502 3149 3558 ΕΞΟΔΟΣ.

2306 3594 2438 3663 Περὶ
2465 3596 2563 3664 τῆς
2598 3594 2781 3664 βάτου.
2819 3596 3027 3664 Ὅνομα
3060 3597 3219 3650 Θεοῦ.
3267 3596 3395 3665 Περὶ
3426 3592 3514 3660 τῆς
3546 3586 3709 3660 ῥάϐδου.

555 3685 803 3741 occidere
834 3684 1056 3754 Moysen
1092 3685 1144 3737 in
1188 3684 1399 3739 itinere.
1433 3685 1472 3738 l.
1512 3684 1583 3737 De
1611 3685 1758 3752 virga
1788 3699 2048 3739 conversa
2069 3685 2123 3738 in

2236 3685 2371 3753 Περὶ
2397 3684 2489 3738 τοῦ
2518 3686 2749 3754 ἀγγέλου
2776 3686 2872 3739 τοῦ
2912 3689 3249 3759 ζητήσαντος
3288 3687 3573 3741 ἀποκτεῖναι
3595 3678 3712 3732 Muti-

554 3779 870 3831 draconem.
894 3774 958 3830 ll.
1010 3775 1164 3843 Aqua
1184 3774 1235 3827 in
1270 3774 1611 3843 sanguinem.
1634 3774 1807 3843 prima
1831 3774 2004 3842 plaga.
2024 3771 2120 3828 Ill.

2234 3774 2333 3845 σῆν
2365 3776 2508 3847 έντῇ
2542 3775 2667 3846 ὀδῷ.
2702 3776 2781 3832 A'.
2824 3776 2961 3847 Περὶ
2990 3778 3091 3846 τῆς
3122 3778 3319 3849 ῥάϐδου
3368 3776 3458 3845 τῆς
3505 3766 3712 3841 μεταϐλη-

555 3867 632 3922 De
657 3867 823 3922 ranis.
864 3864 1063 3922 IV.De
1111 3864 1391 3934 seiniphis.
1426 3863 1489 3919 V.
1547 3865 1622 3919 De
1682 3862 1996 3919 musca.Vl.
2046 3863 2123 3919 De

2229 3866 2415 3938 Θείσης
2441 3869 2520 3932 εἰς
2549 3867 2839 3937 δράκοντα.
2884 3868 2957 3923 B'.
2989 3869 3062 3922 Τὸ
3095 3870 3241 3941 ὕδωρ
3286 3871 3362 3932 τις
3396 3864 3539 3937 αἷμα.
3568 3857 3710 3930 πρώτη

554 3966 729 4012 morte
773 3971 1049 4026 pecorum.
1078 3956 1183 4012 VII.
1220 3958 1291 4011 De
1318 3957 1613 4012 ulceribus.
1650 3956 1784 4010 VIII.
1840 3955 1912 4011 De
1961 3972 2124 4027 gran-

2227 3959 2282 4012 δὲ
2305 3959 2507 4030 πληγή.
2541 3958 2692 4019 l'.“:
2703 3960 2753 4031 ρὶ
2775 3960 2883 4014 τῶν
2906 3962 3211 4032 βατράχων.
3239 3960 3309 4016 Δ⁹.
3343 3958 3465 4027 Περὶ
3487 3956 3579 4008 τῶν
3604 3965 3711 4003 σινι-

553 4048 700 4101 diue.
725 4046 815 4100 IX.
847 4046 917 4100 De
938 4046 1165 4102 locusta.
1196 4046 1262 4101 Χ.
1288 4046 1364 4101 De
1382 4048 1615 4102 tenebris
1633 4047 2005 4115 palpabilibus.
2028 4046 2122 4102 XI.

2228 4052 2361 4119 φῶν.
2388 4051 2460 4103 E’.
2495 4052 2631 4122 Περὶ
2658 4052 2754 4119 τῆς
2776 4052 3070 4123 κυνομύης.
3099 4056 3190 4121 (ζ’.
3229 4052 3360 4123 Περὶ
3386 4051 3595 4117 θνήσεως
3614 4055 3711 4106 m-

556 4136 632 4191 De
665 4146 841 4191 morte
872 4135 1379 4206 primogenitorum.
1413 4135 1487 4189 De
1517 4135 1745 4191 Pascha.
1806 4136 2120 4192 Annicom-

2224 4144 2351 4198 νῶν.
2379 4142 2453 4198 Z'.
2498 4145 2633 4212 Περὶ
2656 4146 2755 4216 τῆς
2794 4147 3038 4216 αἰθάλης.
3076 4145 3158 4202 Η’.
3196 4146 3327 4216 Περὶ
3377 4143 3467 4212 τῆς
3506 4134 3708 4208 χαλάζης-

551 4226 877 4284 rnorationis
956 4226 1187 4282 ﬁliorum
1241 4226 1405 4282 Israel
1448 4226 1572 4281 650.
1626 4225 1701 4278 De
1745 4225 2123 4282 submersione

2222 4236 2299 4289 8'.
2334 4236 2472 4307 Περὶ
2507 4240 2605 4308 τῆς
2641 4239 2881 4307 ἁκρίδος.
2910 4238 2965 4292 l'.
3003 4239 3140 4310 Περὶ
3173 4239 3266 4291 τοῦ
3296 4229 3585 4307 ψηλαφητοῦ
3617 4221 3711 4277 σκό-

553 4320 877 4374 Pharaonis.
910 4317 983 4374 De
1032 4320 1309 4375 coturnice
1338 4328 1394 4375 et
1420 4334 1639 4374 manna.
1668 4319 1745 4375 De
1768 4319 2011 4374 Amalec.
2045 4318 2121 4373 De

2221 4344 2368 4391 τους.
2402 4327 2503 4383 IA'.
2534 4330 2668 4401 Περὶ
2691 4330 2949 4400 τελευτῆς
2976 4331 3085 4384 τῶν
3118 4330 3483 4402 πρωτοτόκων.
3518 4310 3710 4391 Περῖτοδ

551 4411 761 4466 Jothor.
796 4410 868 4466 De
884 4400 1284 4467 'distributione
1311 4411 1643 4466 tabernaculi
1673 4412 1817 4478 quod
1848 4411 2118 4465 exstruxit

2163 4424 2196 4482 D
2224 4419 2434 4488 Πάσχα.
2467 4421 2600 4488 Ἐτη
2648 4422 2939 4490 παροικίας
2968 4423 3099 4475 υἱῶν
3130 4400 3344 4492 Ἰσραὴλ
3382 4418 3472 4471 υλ’.
3500 4411 3613 4500 Περὶ
3642 4402 3709 4500 τοξ

554 4502 783 4573 Moyses.
816 4503 889 4558 De
928 4504 1198 4559 rationali.
1239 4502 1311 4557 De
1328 4512 1623 4569 unguento.
1658 4501 1731 4558 De
1760 4502 1916 4557 vituli
1959 4502 2126 4557 fabri-

2228 4509 2526 4577 ποντισμοῦ
2552 4511 2767 4580 Φαραώ.
2802 4514 2934 4582 Περὶ
2966 4513 3066 4581 τῆς
3091 4512 3512 4583 ὀρτυγομήτρας,
3546 4498 3621 4555 καὶ
3642 4498 3711 4546 τοι)

551 4594 786 4648 catioue.
816 4591 890 4648 De
919 4594 1138 4650 tabulis.
1178 4593 1254 4649 De
1299 4595 1551 4649 secundis
1607 4594 1822 4649 tabulis.
1857 4592 1929 4647 De
1983 4594 2121 4649 velo.

2231 4599 2358 4666 μάν.
2384 4598 2517 4669 Περὶ
2538 4597 2803 4669 Ἀμαλήκ.
2835 4603 2969 4673 Περὶ
2998 4602 3185 4674 Ἰοθόρ.
3215 4603 3344 4671 Περὶ
3363 4599 3454 4665 τῆς
3478 4587 3712 4651 διατάξεως

554 4684 628 4739 De
660 4685 915 4739 Beseleel.

2226 4688 2325 4756 τῆς
2349 4690 2572 4757 σκηνῆς,
2612 4685 2681 4759 ἧς
2730 4690 2898 4757 ἔπηξε
2949 4693 3209 4761 Μωῦσῆς,
3250 4690 3378 4759 Περὶ
3404 4685 3488 4740 τοῦ
3528 4674 3712 4764 λογείουὶ

552 4776 691 4843 Περὶ
713 4775 809 4828 τοῦ
850 4774 1042 4843 μύρου.
1081 4773 1218 4842 Περὶ
1271 4776 1371 4844 τῆς
1398 4771 1789 4843 ’μοσχοποιίας.
1831 4772 1965 4841 Περὶ
2006 4774 2116 4827 τῶν
2155 4774 2397 4833 πλακῶν.
2432 4778 2565 4846 Περὶ
2633 4778 2741 4831 τῶν
2786 4779 3010 4831 πλακῶν
3071 4778 3181 4832 τῶν
3214 4776 3485 4846 δευτέρων.
3509 4762 3622 4834 Περὶ
3644 4762 3713 4810 τοῦ

549 4865 687 4918 καλύ
698 4880 932 4935 μματος.
967 4864 1102 4933 Περὶ
1130 4861 1415 4931 Βεσελεήλ.

1137 4956 1526 5013 ιεγιτιουδ.
2802 4961 3197 5016 ΛΕΥΠΊΚΟΝ.

618 5067 696 5122 De
720 5066 852 5121 sale.
878 5063 1285 5120 Holocaustum.
1337 5066 1411 5121 De
1456 5064 1646 5121 Nadab
1694 5076 1747 5122 et
1778 5067 1979 5123 Abiud.
2042 5068 2118 5125 De

548 5162 667 5232 lege
699 5174 957 5231 pecorum
985 5162 1311 5214 mundorum
1331 5170 1381 5214 ct
1400 5161 1827 5216 immundorum.
1852 5161 1925 5216 De
1955 5163 2121 5234 lepra.

547 5250 621 5305 De.
650 5251 998 5321 gonorrhma.

1180 5337 1467 5395 NUMERI.

622 5444 892 5505 Numerus
921 5448 1254 5504 Levitarum.
1306 5449 1578 5510 Numerus
1635 5452 2118 5525 primogenitorum

553 5540 940 5597 masculorum.
994 5543 1068 5599 De
1103 5544 1387 5616 zelotypia.
1420 5544 1523 5600 Lex
1558 5546 1887 5601 voventium.
1922 5546 1995 5603 De
2024 5549 2118 5604 de-

2226 5074 2239 5087 '
2297 5074 2433 5144 Περὶ
2463 5073 2556 5128 τοῦ
2596 5074 2811 5137 ἆλατος.
2850 5072 3275 5141 Ὀλοκάρπωσις.
3307 5066 3435 5137 Περὶ
3460 5047 3711 5157 ΝαΔδὰθλαὶ

2223 5167 2457 5221 Ἀϐιούδ.
2492 5167 2624 5237 Περὶ
2652 5168 2818 5235 νόμου
2858 5166 3068 5236 κτηνῶν
3102 5162 3355 5230 καθαρῶν
3397 5156 3482 5213 καὶ
3521 5145 3713 5211 ἀκαθάρο

2223 5277 2351 5314 των.
2386 5261 2523 5331 Περὶ
2549 5260 2775 5330 λέπρας.
2809 5260 2944 5327 Περὶ⁸
2978 5254 3321 5328 γονορῤυοῧς.

2842 5345 3149 5399 ΔΡΙΘΜΟΙ.

2299 5456 2553 5527 ’Δριθμδς
2577 5455 2687 5509 τῶν
2716 5454 2979 5508 Λευῖτῶν.
3006 5450 3261 5524 ’Δριθμδς
3286 5448 3387 5503 τῶν
3417 5431 3707 5527 πρωτοτόκων

2216 5548 2324 5602 τῶν
2351 5523 2674 5619 ἀρσένικῶν.
2700 5547 2833 5619 Περὶ
2862 5523 3211 5616 ζηλοτυττιας.
3234 5542 3409 5611 Νόμος
3433 5523 3706 5618 εὐξαμένυξν’

558 5624 825 5686 dicatione
876 5635 1227 5694 tabernaculi.
1286 5636 1597 5695 Purilicatio
1643 5638 1972 5695 chilarum.
2029 5642 2105 5698 De

2214 5638 2349 5709 Περὶ
2494 5606 2847 5709 ὲγκαινισμοῦ
2870 5606 2983 5708 ⁷τῆς
3028 5606 3251 5709 σκηνῆς.
3294 5606 3589 5699 ’Ᾰφανισμδς
3625 5606 3705 5664 τῶν
