4038 6194
177 326 318 395 8053

1120 338 1597 402 OCTATEUCHI
1634 344 1923 407 DIVISIO
1953 348 2035 407 IN
2063 350 2351 409 CAPITA.

3271 351 3409 415 105$

170 433 391 508 λήψεως
449 439 654 493 Ἠλιοῦ.
708 443 843 512 Περὶ
891 443 1000 495 τῶν
1047 445 1310 517 ἁλμυρῶν
1341 450 1563 504 ὑδάτων.
1605 452 1740 523 Περὶ

1843 458 2024 527 ptione
2049 457 2197 511 Elite.
2239 457 2312 511 De
2335 458 2491 528 aquis
2513 458 2723 514 salinis.
2781 458 2853 513 De
2884 459 3134 524 muliere,
3171 473 3223 515 ct
3248 461 3412 515 bene-

170 528 275 599 τῆς
300 530 576 597 γυναικὸς.
618 533 708 584 καὶ
736 534 977 602 περὶτῆς
1007 536 1259 605 εὐλογίας
1278 540 1385 593 τῶν
1415 542 1622 595 σκευῶν
1646 542 1740 595 τοῦ

171 620 380 674 ἐλαίου.
411 621 546 691 Περὶ
579 620 679 692 τῆς
728 625 985 691 γυναικὸς
1013 627 1112 695 τῆς
1157 627 1559 700 Σουναμίτιδος.
1606 634 1740 703 Περὶ

171 711 274 779 τῆς
311 710 570 781 τολύπης,
626 713 720 765 καὶ
768 718 895 784 περὶ
934 716 1042 770 τῶν
1093 723 1407 790 προφητῶν.
1458 724 1593 794 Περὶ
1634 726 1742 778 τῶν

169 802 357 871 ἄρτων
385 802 616 855 καὶτῶν
660 804 928 859 καλαθῶν.
984 808 1119 877 Περὶ
1164 810 1384 879 Νεεμὰν
1418 812 1519 887 τοῦ,
1543 814 1739 883 Σύρου.

170 894 258 945 Τὰ
285 894 414 963 περὶ
441 894 608 958 Γιεζί.
638 895 772 965 Περὶ
798 896 891 949 τοῦ
922 899 1183 969 σιδηρίου.
1218 903 1351 972 Περὶ
1381 903 1474 955 τοῦ
1504 906 1741 973 πολέμου

167 986 272 1037 τοῦ
306 985 569 1055 βασιλέως
602 988 823 1057 Συρίας,
862 990 953 1042 καὶ
984 993 1114 1061 περὶ
1143 992 1241 1061 τῆς
1272 996 1553 1064 ἀορασὶας.
1610 998 1742 1068 Περὶ

166 1076 277 1144 τῆς
322 1075 482 1144 λιμοῦ
516 1078 852 1146 Σαμαρείας,
900 1080 995 1132 καὶ
1026 1082 1153 1150 περὶ
1199 1082 1306 1134 τῶν
1335 1085 1607 1150 γυναικῶν
1632 1088 1742 1139 τῶν

164 1166 243 1216 τὰ
278 1166 385 1217 ῑδια
414 1166 582 1233 νήπια
614 1167 983 1238 βεϐρωκυιῶν,
1018 1173 1112 1224 καὶ
1151 1173 1281 1244 περὶ
1326 1175 1434 1227 τῶν
1460 1177 1742 1247 τεσσάρων

165 1254 417 1326 λεπρῶν.
455 1256 590 1325 Περὶ
621 1257 714 1310 τοῦ
750 1262 1193 1330 συμπατηθέντος
1232 1265 1325 1317 καὶ
1357 1265 1739 1331 ἀποθανόντος.

166 1347 317 1415 Περὶ
341 1346 450 1399 τῶν
487 1347 626 1399 ἑπτὰ
654 1348 791 1401 ἑτῶν
815 1349 906 1402 τοῦ
932 1351 1112 1421 λιμοῦ,
1143 1354 1236 1406 καὶ
1268 1357 1394 1425 περὶ
1419 1357 1519 1425 τῆς
1544 1358 1743 1411 Σουνα-

170 1438 410 1507 μίτιδος.
441 1440 575 1507 Περὶ¹
602 1440 696 1492 τοῦ
725 1441 838 1493 υἱοῦ
871 1443 1053 1513 Ἄδερ.
1080 1446 1214 1516 Περὶ
1244 1447 1467 1517 Ἰωράμ.
1490 1450 1621 1519 Περὶ
1644 1450 1742 1519 τῆς

165 1530 458 1600 βασιλείας
508 1531 671 1601 Ἰηοῦ,
710 1540 769 1585 ιε’
796 1533 1058 1603 βασιλέως
1096 1538 1333 1609 Ἰσραήλ.
1366 1541 1499 1611 Περὶ
1528 1540 1622 1593 τοῦ
1650 1541 1742 1595 τέ-

164 1620 305 1681 λους
343 1621 597 1683 Ἰεζάϐελ.
629 1623 764 1691 Περὶ
790 1624 889 1693 τῆς
919 1629 1134 1696 σφαγῆς
1155 1628 1261 1679 τῶν
1280 1626 1319 1679 o'
1341 1630 1474 1682 υἱῶν
1515 1631 1738 1699 Ἀχαάϐ.

168 1708 317 1779 Περὶ
347 1708 447 1777 τῆς
468 1711 684 1779 σφαγῆς
708 1712 922 1765 πάντων
946 1714 1055 1768 τῶν
1081 1717 1425 1785 θεραπόντων
1450 1720 1541 1773 τοῦ
1570 1722 1736 1777 Βάαλ.

1846 548 2083 601 dictione
2122 563 2376 602 vasorum
2408 549 2532 603 olei.
2566 549 2640 603 De
2671 550 2897 604 muliere
2937 549 3300 604 Sunamitide.
3335 552 3412 604 De

1844 637 1951 693 olla
1980 646 2034 692 et
2072 640 2367 708 prophetis.
2406 638 2480 693 De
2523 641 2760 709 panibus
2799 650 2853 695 et
2890 643 3111 709 sportis.
3151 643 3222 695 De
3270 641 3411 694 Naa-

1845 745 1967 783 man
2007 728 2165 800 Syro.
2206 732 2280 784 De
2310 730 2486 787 Giezi.
2525 734 2596 785 De
2629 731 2979 785 Icrramento.
3009 731 3081 785 De
3109 732 3249 784 bello
3271 731 3412 798 regis

1847 819 2037 889 Syriae.
2069 829 2124 875 et
2140 820 2205 874 dc
2225 821 2489 874 caecitate.
2524 819 2597 873 De
2625 819 2767 873 fame
2787 820 3078 882 Samariaa,
3107 827 3157 870 et
3193 817 3258 870 de
3291 833 3410 869 mu—

1846 910 2068 965 lieribus
2114 912 2365 981 proprios
2417 912 2671 979 parvulos
2742 911 3171 972 commlentibus,
3232 917 3286 962 ct
3344 908 3412 960 dc

1843 1011 2075 1071 quatuor
2117 1002 2362 1070 leprosis.
2412 1002 2484 1055 De
2536 1002 2857 1056 conculcato
2906 1012 2959 1055 ct
3022 1010 3256 1053 mortuo.
3339 997 3412 1051 De

1844 1101 2046 1161 septem
2064 1092 2223 1146 annis
2246 1092 2424 1155 famis,
2448 1100 2500 1145 et
2521 1092 2587 1145 de
2616 1092 2980 1145 Sunamitiile.
3008 1090 3081 1144 De
3110 1091 3218 1143 ﬁlio
3247 1088 3409 1143 Ader.

1845 1183 1919 1237 De
1969 1181 2173 1238 Joram.
2227 1180 2303 1235 De
2362 1196 2527 1251 regno
2578 1179 2737 1245 Jebu,
2788 1182 2989 1237 decimi
3026 1182 3201 1250 quinti
3273 1183 3412 1250 regis

1846 1275 2031 1329 Israel.
2064 1274 2139 1328 De
2172 1274 2393 1328 interitu
2442 1272 2679 1327 Iezabel.
2749 1272 2821 1327 De
2870 1271 3015 1327 caede
3072 1272 3411 1340 septuaginta

1843 1367 2077 1421 ﬁliorum
2108 1365 2313 1419 Achab.
2347 1363 2422 1419 De
2459 1366 2604 1419 cede
2628 1364 2874 1418 omnium
2922 1378 3203 1417 servorum
3262 1362 3408 1415 Baal.

1844 1457 1918 1510 De
1951 1456 2098 1511 Joas.
2153 1458 2226 1511 De
2271 1456 2529 1519 Joachaz,
2571 1456 2785 1511 decimo
2840 1466 2993 1511 sexto
3056 1470 3183 1523 rege
3227 1454 3411 1509 Israel.

1842 1550 1917 1604 De
1940 1548 2065 1603 Joas
2094 1548 2157 1615 ll,
2178 1550 2389 1603 decimo
2408 1549 2639 1618 septimo
2664 1563 2790 1617 rege
2817 1548 3001 1602 Israel.
3027 1547 3100 1600 De
3123 1547 3313 1600 Eliszeo
3361 1554 3413 1598 ct

1842 1638 1989 1695 Joas.
2018 1641 2243 1709 Signum
2267 1640 2333 1694 de
2368 1650 2542 1694 morte
2592 1638 2795 1693 Elisaei.
2834 1638 2909 1692 De
2954 1637 3240 1691 Jeroboam
3306 1637 3414 1689 ﬁlio

1842 1728 1989 1790 Joas.
2051 1730 2265 1783 decimo
2300 1739 2493 1783 octavo
2549 1744 2674 1799 rege
2705 1728 2890 1782 Israel.
2955 1729 3027 1781 De
3074 1727 3267 1780 Azaria
3304 1726 3413 1777 lilio

166 1797 317 1889 ρερὶ
381 1797 727 1889 Ἰωάς.-Περὶ
791 1801 1038 1872 Ἰωάχαζ,
1077 1803 1149 1869 ις’
1175 1804 1439 1875 βασιλέως
1489 1811 1726 1882 Ἰσραήλ.

1842 1817 2146 1881 Ieroboain,
2195 1819 2406 1873 decimo
2453 1834 2600 1873 nono
2636 1834 2759 1889 rege
2815 1816 2997 1873 Israel.
3040 1816 3124 1871 De
3183 1816 3410 1879 Sellnm,

162 1887 315 1956 Περὶ
360 1887 511 1952 Ἰωὰς
538 1886 604 1958 β’,
636 1890 700 1954 ιζ’
727 1890 989 1961 βασιλέως
1029 1894 1263 1967 Ἰσραήλ.
1292 1900 1426 1968 Περὶ
1468 1901 1737 1955 Ἐλισσαιὶ

162 1978 273 2030 καὶ
312 1977 483 2041 Ἰωάς.
509 1979 743 2050 Σημείον
773 1984 901 2053 περὶ
929 1985 1023 2037 τοῦ
1056 1986 1242 2049 τέλους
1284 1989 1573 2046 Ἐλισσαιὲ.
1604 1992 1738 2063 Περὶ

176 2065 468 2137 Ἵεροϐυὰμ
514 2070 629 2123 υἱοῦ
687 2072 861 2137 Ἰωὰς,
930 2082 1001 2144 ιη’
1034 2075 1295 2146 βασιλέως
1339 2080 1572 2151 Ἰσραήλ.
1603 2082 1738 2153 Περὶ

179 2157 462 2228 Ἀζαρίου,
489 2160 606 2213 υἱοῦ
638 2162 938 2235 Ἰεροϐοὰμ.
960 2166 1024 2219 ιϐ’
1046 2168 1312 2236 βασιλέως
1346 2170 1579 2240 Ἰσραήλ.
1606 2173 1738 2243 Περὶ

156 2246 439 2319 Σελλοὺμ,
479 2256 529 2303 κ’
574 2251 839 2321 βασιλέως
904 2258 1141 2329 Ἰσραήλ.
1179 2262 1313 2330 Περὶ
1344 2262 1608 2332 Μαναὴμ,
1656 2263 1741 2318 κα¹

166 2339 443 2407 βασιλέως
502 2343 739 2415 Ἰσραήλ.
797 2347 933 2417 Περὶ
986 2350 1281 2416 Φακεσίου,
1335 2351 1418 2423 »ιβ’
1476 2354 1740 2422 βασιλέως

180 2431 426 2501 Ἰσραήλ.
480 2436 614 2504 Περὶ
666 2436 864 2503 Φακεὲ,
904 2446 988 2508 κγ’
1030 2440 1298 2510 βασιλέως
1334 2444 1574 2516 Ἰσραήλ.
1604 2448 1740 2517 Περὶ

180 2522 442 2592 Ἰωαθάμ.
490 2526 623 2593 Περὶ
673 2527 862 2597 Ἀχάζ.
906 2532 1042 2600 Περὶ
1101 2534 1290 2603 Ὠσηὲ,
1346 2533 1423 2588 κδ’
1476 2536 1739 2604 βασιλέως

182 2613 426 2685 Ἰσραήλ.
452 2614 510 2668 A'
532 2617 901 2687 αἰχμαλωσὶα.
931 2624 1068 2693 Περὶ
1092 2625 1200 2679 τῶν
1226 2627 1475 2683 λεόντων.
1506 2631 1736 2699 Ποιηταὶ

165 2705 403 2763 πόλεων.
457 2711 592 2778 Περὶ
638 2710 901 2780 Ἐζεχίου,
930 2715 1011 2767 ὅτι
1046 2716 1151 2779 ἕως
1206 2717 1445 2788 Ἐζεχίου
1493 2719 1736 2790 ὑπῆρχεν

160 2800 198 2851 ὀ
235 2798 466 2867 χαλκοῦς
499 2801 643 2869 ὄφις.
691 2804 825 2873 Περὶ
864 2806 1226 2878 Σενναχηρίμ.
1276 2810 1410 2879 Περὶ
1437 2812 1535 2880 τῆς
1565 2813 1737 2880 μαλα-

160 2888 299 2951 κίας
338 2888 577 2959 Ἑζεχίου
630 2891 897 2961 βασιλέως
954 2897 1142 2952 Ἰούδα.
1179 2900 1317 2971 Περὶ
1349 2901 1456 2954 τῶν
1496 2903 1739 2956 ἀποστα-

154 2977 375 3030 λέντων
422 2982 573 3050 παρὰ
599 2984 887 3054 Μαρωδεὶχ
930 2988 1067 3056 πρὸς
1119 2990 1387 3060 Ἐζεκίαν.
1436 2993 1572 3062 Περὶ
1614 2994 1738 3047 Μασ-

158 3069 369 3138 νπσσῆ.
399 3071 530 3141 Περὶ
569 3073 773 3153 Ἀμῴςο
813 3075 947 3146 Περὶ
982 3080 1206 3133 Ἰωσίου.
1250 3083 1386 3152 Περὶ
1415 3082 1508 3135 τοῦ
1534 3082 1740 3153 βιϐλίου

152 3159 263 3211 τοῦ
314 3159 497 3228 νόμου,
543 3157 604 3214 οῦ
637 3159 762 3233 εὗρε
796 3166 1032 3231 Χελκίας
1074 3171 1133 3222 ὲν
1161 3170 1293 3241 οίκῳ
1320 3172 1544 3242 Κυρίου.
1602 3174 1741 3243 Περὶ

1834 1909 2097 1979 vigesimo
2184 1924 2311 1979 rege
2393 1907 2581 1964 Israel.
2657 1908 2732 1964 De
2828 1908 3134 1971 Manabem,
3219 1908 3414 1963 vicesi-

1836 2016 1926 2054 mo
1982 2000 2156 2070 primo
2240 2015 2363 2069 rege
2424 2000 2607 2057 Israel.
2676 2000 2750 2055 De
2818 2000 3101 2064 Phacesio,
3159 2000 3413 2055 vicesimo

1836 2093 2076 2147 secundo
2137 2107 2261 2162 rege
2305 2090 2490 2146 Israel.
2538 2092 2613 2146 De
2663 2094 2893 2158 Phacee,
2955 2094 3210 2146 vicesimo
3256 2096 3413 2145 tertio

1839 2201 1961 2254 rege
1990 2186 2174 2240 Israel.
2205 2185 2278 2239 De
2300 2182 2574 2240 Joatham.
2617 2184 2688 2239 De
2713 2184 2916 2238 Achaz.
2971 2184 3043 2236 De
3074 2184 3232 2246 Osee,
3257 2184 3410 2236 vice-

1838 2278 1978 2330 simo
2005 2286 2198 2347 quarto
2228 2292 2351 2344 rege
2375 2276 2560 2330 Israel.
2607 2274 2788 2328 Prima
2845 2274 3151 2342 captivitas.
3205 2273 3411 2326 Delen-

1838 2368 2019 2421 nibus.
2082 2365 2423 2420 Fundatores
2473 2366 2709 2421 urbium.
2749 2364 2823 2419 De
2870 2363 3285 2432 Ezechia,qnod
3317 2379 3412 2415 us-

1838 2473 1947 2527 que
1976 2458 2040 2511 ad
2067 2457 2355 2513 Ezechiam
2380 2459 2578 2512 mansit
2637 2472 2862 2526 serpens
2908 2471 3113 2510 aeneus.
3155 2455 3226 2508 De
3273 2453 3410 2507 Sen-

1836 2548 2132 2601 nacherim.
2214 2547 2288 2602 De
2353 2548 2703 2617 tegrotatione
2771 2546 3019 2600 Ezechize
3092 2547 3234 2613 regis
3312 2543 3410 2598 Ju-

1834 2638 1923 2692 da.
1985 2636 2060 2691 De
2115 2638 2294 2692 missis
2345 2654 2377 2693 a
2429 2638 2677 2693 Merodac
2737 2637 2803 2691 ad
2852 2637 3163 2691 Ezechiam.
3197 2637 3269 2691 De
3298 2638 3409 2689 Illa-

1836 2742 2014 2781 nasse.
2082 2727 2159 2779 De
2210 2729 2399 2783 Amos.
2451 2730 2523 2783 De
2582 2727 2754 2783 Josia.
2786 2729 2859 2783 De
2906 2728 3045 2781 Iibro
3072 2728 3224 2797 legis.
3247 2743 3406 2797 quem

1836 2818 2042 2873 invenit
2077 2818 2327 2876 Chelcias
2366 2821 2420 2874 in
2446 2821 2607 2875 domo
2629 2819 2866 2874 Domini.
2900 2818 2973 2873 De
3014 2817 3272 2874 Joachaz.
3337 2820 3408 2873 De

1837 2908 2062 2962 Eliacim
2113 2911 2302 2963 eodem
2347 2925 2412 2965 ac
2457 2908 2694 2965 Joacim.
2744 2909 2819 2963 De
2879 2908 3405 2964 Nabuchodonosor.

1845 2997 1923 3051 De
1947 2997 2181 3064 Joacim,
2223 3000 2333 3053 ﬁlio
2383 3000 2630 3055 Eliacim.
2660 2999 2934 3068 gSecunda
2984 2999 3291 3066 captivitas.
3330 2997 3406 3051 De

1849 3087 2071 3143 Scdecia
2098 3090 2208 3142 ﬁlio
2227 3088 2459 3145 Joacim.
2490 3090 2669 3145 Tertia
2699 3089 2999 3159 captivitas.
3031 3089 3105 3143 De
3127 3087 3426 3148 Nabuzar-,

1847 3178 1975 3232 dan.
1999 3180 2201 3244 Quarta
2228 3183 2535 3250 captivitas.

180 3251 438 3319 Ἰωαχὰζ.
472 3254 606 3324 Περὶ
648 3256 901 3327 Ἐλιακὶμ
952 3258 1042 3311 τοῦ
1073 3260 1167 3313 καὶ
1208 3261 1450 3332 Ἰωακίμ.
1510 3264 1645 3333 Περὶ
1697 3262 2187 3338 Ναϐουχοδονόσορ.
2238 3271 2374 3341 Περὶ
2412 3270 2638 3341 Ἰωακὶμ
2668 3268 2787 3323 υἱοῦ
2845 3267 3115 3337 Ἐλιακίμ.
3169 3264 3426 3338 Βάίχμο,

155 3348 553 3419 αλωσία.Περὶ
583 3349 829 3403 Σεδεκίου
858 3353 997 3416 υἱοῦ,
1037 3355 1278 3422 Ἰωακίμ.
1309 3357 1348 3408 Γ
1349 3362 1362 3385 ’
1382 3358 1745 3428 αἱχμαλωσία.
1779 3362 1916 3432 Περὶ
1941 3362 2350 3436 Ναϐουζαρδάν.
2382 3362 2434 3415 Δ¹
2472 3362 2834 3433 αίχμαλωσία.

575 3461 1213 3519 ΠΔΡΔΛΕῘΠΟΜΕΝΩΝ
1249 3465 1322 3525 A'.

242 3569 516 3634 Βασιλεῖς.
576 3571 895 3642 Ἠγεμόνες.
946 3575 1141 3630 Σαούλ.
1180 3578 1316 3647 Περὶ
1372 3579 1735 3649 Σολομῶντος.

580 3662 1218 3720 ΠΔΡΔΛΕΙΠΟΜΕΝΩΝ
1254 3669 1320 3726 Β’.

194 3772 201 3779 ’
253 3770 543 3840 Ἀμασίας.
609 3771 815 3836 Ὀζίας.
856 3774 1053 3843 Ἀχαζ.
1098 3774 1363 3845 Ἐζεχίας.
1414 3778 1734 3851 Μανασσῆς.

172 3861 392 3929 Ἀμώς.
436 3863 669 3927 Ἰωσίας.
712 3864 964 3935 ἰωαχάζ.
1021 3864 1291 3935 Ἑλιακίμ.
1332 3869 1606 3940 Ἰεχονίας.
1640 3872 1737 3925 Σε-

152 3951 380 4014 δεκίας.

795 4064 1014 4119 ΕΣΔΡΛ
1053 4065 1135 4122 A'.

243 4171 381 4239 Περὶ
415 4172 515 4241 τῆς
564 4172 819 4244 τελευτῆς
877 4174 1101 4232 Ἰωσίου.
1166 4178 1302 4250 Περὶ
1358 4178 1549 4249 ’Δχάξ.
1580 4179 1737 4250 ἱΠερὶ

155 4261 439 4317 Σεδεκίου.
478 4264 616 4334 Περὶ
648 4264 744 4318 τοῦ
774 4266 1197 4337 προστάγματος
1246 4268 1453 4339 Κύρου.
1486 4270 1621 4339 Περὶ⁸
1643 4268 1735 4321 τοῦ

153 4349 405 4420 ἀριθμοῦ
452 4351 802 4407 τῶνισκευῶν
832 4354 940 4407 τῶν
986 4356 1045 4407 ὲν
1085 4357 1152 4426 τῇ
1201 4355 1571 4425 αἰχμαλωσίᾳ.
1604 4356 1739 4426 Περὶ

152 4440 279 4491 τῶν
321 4443 791 4512 καταγραψάντων
847 4443 1135 4498 Ἰουδαίων.
1174 4446 1309 4516 Περὶ
1341 4445 1593 4517 Δαρείου,
1642 4446 1736 4500 καὶ

154 4526 304 4597 περὶ
330 4528 439 4580 τῶν
466 4536 515 4599 γ’
545 4530 843 4585 νεανίσκων
868 4533 977 4587 τῶν
1003 4534 1071 4587 τὰ
1102 4535 1466 4605 προϐλήματα
1495 4535 1739 4607 γραψάν-

152 4634 302 4670 των.
356 4619 491 4690 Περὶ
538 4620 634 4673 τοῦ
684 4623 985 4692 αἰτήματος
1038 4625 1382 4696 Ζοροϐάϐελ,
1443 4626 1535 4679 καὶ
1586 4625 1737 4688 ὅπως

154 4708 381 4779 ἔγραψε
412 4712 634 4779 Δαρεῖος
660 4714 757 4784 τὴν
787 4713 1098 4784 ἐλευθερίαν
1124 4718 1205 4780 είς
1234 4717 1332 4787 τὴν
1373 4716 1735 4788 Ἰερουσαλὴμ

150 4800 283 4860 τοῖς
325 4800 613 4867 Ἰουδαίοις.
639 4805 774 4876 Περὶ
800 4807 907 4859 τῶν
933 4806 1248 4862 ἀναϐάντων
1276 4808 1383 4862 ἀπὸ
1433 4809 1532 4879 τῆς
1573 4809 1733 4879 αἱχμ-
1764 4790 1809 4844 D

154 4889 430 4956 αλωσίας.
468 4894 826 4967 Ἀντίγραφον
859 4898 1145 4969 ἐπιστολῆς
1171 4895 1235 4971 ἧς
1262 4899 1469 4969 ἔγραψε
1501 4902 1730 4970 Δαρείῳ,

2301 3474 2483 3529 PABA
2494 3473 2887 3530 LIPOMENON
2917 3474 2960 3528 ι.

1908 3578 2108 3651 Reges.
2153 3580 2349 3637 Duces.
2405 3582 2556 3636 Saul.
2590 3581 2666 3637 De
2714 3581 3026 3636 Salomone.

2284 3686 2868 3746 PARALIPOMENON
2899 3688 2965 3743 ll.

1907 3799 2176 3855 Amasias.
2194 3798 2373 3854 Ozias.
2396 3797 3190 3854 Achaz.EzechiasManasscs.
3217 3790 3425 3852 Amos.'

1838 3886 2037 3946 Josias.
2062 3888 2316 3945 Joachaz.
2347 3888 2594 3946 Eliacim.
2625 3888 2940 3967 Jecbonias.
2976 3888 3255 3943 Sedeeias.

2488 4070 2738 4128 ESDRE
2769 4073 2811 4128 I.

1898 4180 1974 4235 De
2012 4190 2187 4235 morte
2211 4178 2399 4237 Josiae.
2437 4182 2511 4237 De
2534 4183 2740 4237 Achaz.
2769 4181 2846 4238 De
2862 4182 3111 4238 Sedecia.
3137 4182 3212 4239 De
3234 4184 3412 4239 edicto

1837 4269 1982 4341 Cyri.
2004 4269 2080 4324 De
2104 4285 2332 4325 numero
2357 4286 2610 4325 vasorum
2645 4287 2767 4341 qua:
2795 4272 2979 4326 ablata
3034 4282 3192 4326 erant
3229 4273 3283 4326 in
3318 4289 3409 4327 ca-

1840 4358 2103 4429 ptivitate.
2143 4358 2217 4412 De
2262 4359 2687 4414 inscribentibus
2732 4358 2957 4414 Iudaeis.
3017 4359 3092 4414 De
3139 4359 3319 4423 Dario,
3355 4369 3411 4414 et

1840 4452 1907 4504 de
1942 4448 2115 4505 tribus
2159 4449 2453 4518 juvenibus
2508 4450 2846 4519 problemata
2894 4450 3275 4504 scribentibus.
3336 4449 3410 4504 De

1839 4537 2096 4608 petitione
2132 4536 2449 4599 Zorobabel,
2476 4547 2532 4593 et
2589 4537 2865 4608 quomodo
2916 4538 3137 4607 scripsit
3198 4536 3399 4593 Darius

1842 4629 2147 4684 libertatem
2210 4627 2414 4683 Iudaeis
2448 4630 2502 4684 in
2559 4626 2888 4684 Jerusalem.
2952 4627 3031 4684 De
3068 4629 3337 4699 regressis
3378 4645 3408 4683 a

1842 4719 2174 4790 captivitate.
2205 4718 2495 4790 Exemplar
2524 4720 2764 4790 epistola:
2813 4735 2977 4792 quam
3000 4721 3220 4792 scripsit
3246 4720 3409 4775 Dario

1836 4820 1891 4867 et
1910 4812 2057 4867 misit
2074 4812 2138 4867 ad
2162 4827 2309 4868 eum.
2340 4811 2609 4879 Sisinnes,
2642 4823 2749 4870 etc.
2773 4811 2927 4880 Quod
2946 4813 3193 4869 decimus
3222 4824 3409 4869 sextus

1844 4902 1911 4953 ah
1938 4902 2084 4955 Aron
2114 4908 2232 4956 erat
2259 4901 2484 4957 Esdras.

157 4984 265 5033 xui.
296 4984 635 5039 ἀπέστειλεν.
667 4988 933 5058 Σισίννης,
959 5007 1013 5044 κ.
1051 5009 1100 5045 τ.
1127 4990 1177 5045 λ.
1206 4992 1326 5044 Ὅτι
1354 4991 1414 5057 ἒξ
1439 4992 1532 5045 καὶ
1557 4991 1740 5045 δέκατε

1842 4992 1923 5044 ιπὸ
1972 4992 2183 5063 Ἀαρὼν
2211 4994 2240 5047 ὀ
2273 4992 2530 5064 Ἔσδρας.
2563 4992 2721 5048 Liber
2755 4994 2838 5048 hic
2870 4994 3287 5049 numerationem
3315 4994 3411 5048 lia-

158 5075 247 5129 bet
287 5074 365 5146 ρθ⁹
398 5076 615 5147 στίχων,
653 5079 753 5136 109
806 5083 1176 5137 υεηὶεαίοηιηι
1211 5084 1398 5155 quibus
1434 5096 1663 5141 constat.

1616 5177 1829 5230 ΕΣΔΡΔ
1871 5176 1946 5231 B'.

310 5286 436 5354 (Hic
467 5287 595 5344 liber
614 5289 765 5344 nulla
799 5292 950 5347 habet
999 5294 1230 5363 capitum
1288 5306 1617 5386 argumenta,
1644 5310 1885 5379 uersuum
1924 5306 2117 5436 tangi»)
2160 5298 2593 5368 numerationem,
2634 5310 2692 5355 ut
2748 5302 3008 5371 superior,
3040 5297 3265 5361 exhibet,

1463 5383 1538 5419 πα
1584 5380 1801 5436 στίχων,
1835 5381 1968 5420 vers.
2076 5407 2088 5420 .

1463 5380 1547 5419 πα
1584 5380 1801 5436 στίχων,
1835 5381 1968 5420 vers.
2002 5380 2088 5422 δι.
