4038 6194
626 309 766 372 1ὓ55

1325 314 1717 375 OPUSCULA
1757 312 2387 375 SCRIPTURISTICA
2432 312 2783 374 INCER’I‘ZE
2821 312 3129 377 IETATIS.

3762 311 3885 379 1055

1273 616 1532 701 ΠΕΡΙ
1602 613 2161 699 ΤΕΣΣΑΡΩΝ
2232 613 2460 698 ΤΟΥ
2537 612 3239 703 ΠΑΡΛΔΕΙΣΟΥ

1896 762 1897 765 ᾧ
1958 801 2544 887 ΠΟΤΑΜΩΝ.

1119 1147 1261 1232 DE
1340 1144 1909 1250 QUATUOR
1987 1146 2731 1237 FLUMINIBUS
2801 1148 3394 1239 PARADISI.

1800 1358 1965 1419 (Auct.
1995 1368 2255 1419 anonymo.
2290 1357 2494 1406 BAKDINI
2515 1356 2554 1417 1,
2579 1356 2709 1419 466,)

706 1662 843 1714 Ister
904 1661 1123 1725 llumcn,
1178 1661 1385 1715 dictum
1461 1660 1665 1724 Phison
1736 1659 1877 1730 apud
1959 1660 2278 1720 divinamA

638 1753 971 1820 Scripturam
994 1792 1008 1815 ,
1033 1764 1085 1805 et
1118 1767 1147 1805 e
1176 1751 1435 1807 Paradiso
1460 1754 1667 1818 exiens,
1699 1762 1759 1806 nt
1779 1761 1971 1805 caetera
2000 1751 2202 1819 Tigris,

635 1840 935 1907 Euphrates
986 1853 1038 1894 et
1068 1840 1215 1895 Geon
1260 1842 1501 1907 ﬂumina,
1543 1852 1595 1896 et
1635 1852 1923 1910 penetrans
1956 1840 2009 1893 in
2054 1851 2212 1894 terrae

637 1931 889 1999 abyssos,
921 1940 972 1983 ct
1004 1929 1055 1983 in
1093 1932 1434 1985 occidentem
1459 1933 1707 1993 tendens,
1735 1930 1905 1983 currit
1942 1944 2005 1982 ex
2029 1928 2210 1996 Apen-

638 2018 764 2070 nino
796 2028 975 2071 monte
1004 2020 1095 2086 qui
1130 2036 1159 2072 a
1193 2021 1324 2073 mari
1360 2019 1545 2073 Sicqu
1599 2018 1855 2087 dirigitur
1916 2033 2092 2086 usque
2141 2015 2208 2069 ad

636 2108 935 2162 Germanos
967 2110 1057 2179 qui
1090 2121 1219 2165 sunt
1264 2111 1419 2180 juxta
1475 2110 1749 2164 Borealem
1818 2124 2119 2174 oceanum;
2157 2117 2211 2162 ct

638 2198 764 2252 inde
796 2201 1019 2253 vertitur
1041 2202 1105 2254 ad
1132 2202 1423 2264 orientem,
1459 2210 1511 2254 et
1541 2199 1659 2253 ﬂuit
1689 2200 1742 2254 in
1782 2199 2012 2253 Pontum
2045 2199 2210 2252 Euxi-

642 2303 773 2339 num
838 2303 937 2356 pcr
995 2304 1090 2341 ora
1122 2298 1377 2357 quatuor.
1430 2289 1577 2344 Istud
1638 2289 1835 2341 ﬂumen
1888 2287 1942 2341 in
1991 2287 2211 2343 Oriente

640 2388 863 2433 vocatur
900 2379 1110 2443 Galles;
1151 2389 1324 2434 mutat
1354 2389 1539 2433 autem
1580 2394 1776 2433 nomen
1811 2380 1863 2433 in
1896 2379 2208 2441 Occidente,

645 2469 783 2524 Ister
826 2472 1181 2539 appellatum,
1240 2481 1292 2526 et
1322 2486 1351 2524 a
1379 2471 1684 2526 Thracibus
1716 2470 1998 2525 Danubius
2044 2470 2208 2524 etiam

644 2570 918 2613 vocatum.
972 2559 1037 2613 Et
1094 2561 1397 2613 maximum
1477 2561 1699 2630 quidem
1747 2572 1828 2615 est
1879 2560 2201 2626 ﬂuminum;

642 2668 734 2720 per
755 2668 811 2705 se
839 2652 1054 2718 quidem
1116 2652 1236 2706 Nilo
1267 2653 1466 2717 minus,
1514 2653 1604 2706 sed
1623 2652 1890 2721 recipiens
1926 2653 2211 2707 inﬂuentcs

641 2740 708 2793 ad
743 2756 802 2795 se
837 2741 1049 2803 ﬂuvios,
1073 2739 1192 2793 Nilo
1224 2741 1400 2808 majus
1427 2742 1675 2797 cﬂicilur.
1707 2742 1899 2796 Decem
1928 2751 1981 2795 et
2006 2752 2210 2809 septem

642 2833 788 2885 ﬂuvii
830 2833 883 2886 in
914 2833 1042 2885 illud
1087 2832 1338 2886 inﬂuunt.
1375 2831 1515 2885 Sunt
1542 2842 1722 2887 autem
1753 2832 1838 2886 isti
1880 2851 1893 2887 :
1921 2832 1962 2885 Ε
1991 2832 2210 2902 Scythia

641 2926 922 2994 quinque,
976 2925 1200 2979 Paratas
1244 2925 1383 2978 idem
1450 2940 1513 2978 ac
1566 2923 1826 2995 Pyretus,
1881 2924 2209 2989 Tiarantus,

2379 1660 2501 1712 Ὅτι
2529 1660 2556 1712 ὀ
2590 1660 2800 1729 Ἴστρος
2827 1661 2856 1712 6
2884 1660 3148 1729 ποταμὸς,
3170 1660 3464 1731 λεγόμενος
3508 1664 3709 1718 Φισὼν
3760 1671 3897 1739 περὶ

2310 1750 2378 1819 τῇ
2417 1749 2537 1819 θείᾳ
2566 1749 2777 1819 Γραφῇ,
2812 1749 2905 1802 καὶ
2934 1748 3029 1801 τοῦ
3073 1751 3412 1821 Παραδείσου
3448 1753 3642 1819 ἐξιὼν,
3704 1756 3897 1829 ὥσπερ

2312 1840 2406 1892 καὶ
2449 1840 2498 1892 οἱ
2538 1840 2715 1893 λοιποὶ
2766 1840 2980 1910 Τίγρις,
3038 1842 3350 1913 Εὐφράτης,
3409 1847 3504 1897 καὶ
3565 1846 3761 1917 Γηὼν,
3810 1853 3899 1900 καὶ

2312 1930 2511 1993 ὑποδὺς
2542 1930 2671 1992 τοὺς
2712 1931 2916 2000 μυχοὺς
2937 1932 3034 1999 τῆς
3068 1933 3190 2002 γῆς,
3226 1934 3319 1986 καὶ
3348 1934 3428 1996 είς
3454 1935 3619 1988 δύσιν
3650 1938 3897 2007 ἁπερχό-

2315 2038 2496 2091 μενος,
2531 2021 2727 2073 ἐκδιδοῖ
2766 2019 2860 2073 τοῦ
2919 2022 3229 2074 Ἀπεννίνου
3268 2023 3426 2093 ὅρους
3472 2026 3574 2078 τοῦ
3608 2027 3899 2096 δεήκσντος

2310 2108 2419 2161 ἀπὸ
2462 2108 2561 2178 τῆς
2604 2108 2893 2176 Σικελικῆς
2947 2109 3226 2180 θαλάσσης
3272 2111 3377 2173 ἓως
3430 2111 3541 2164 τῶν
3592 2113 3901 2184 Γερμανῶν

2310 2197 2418 2248 τῶν
2463 2196 2601 2265 πρὸς
2639 2195 2717 2265 τῷ
2750 2194 2985 2267 βορρείῳ
3023 2195 3285 2266 ὠκεανῷ·
3340 2198 3601 2252 κάκεῖθεν
3664 2202 3901 2271 σύρεται

2313 2289 2449 2356 πρὸς
2483 2286 2766 2356 ἀνατολὴν,
2796 2288 2890 2339 καὶ
2924 2288 3039 2356 χέει
3072 2289 3152 2349 είς
3180 2287 3272 2341 τὸν
3300 2287 3556 2352 Εὔξεινον
3581 2290 3799 2345 Πόντον
3818 2293 3905 2345 5:1

2316 2382 2355 2429 ε’
2386 2376 2687 2446 στομάτων.
2707 2369 2874 2439 Οὗτος
2911 2379 2967 2428 ἐν
2995 2380 3061 2447 τῇ
3103 2377 3363 2449 Ἀνατολῇ
3392 2380 3739 2449 ὀνομάζεται
3769 2384 3900 2437 Γάλ-

2313 2464 2446 2533 λης’
2499 2462 2753 2518 ἀλλάσσει
2801 2465 2858 2517 δὲ
2898 2465 2959 2517 τὸ
3003 2466 3175 2534 ὄνομα
3213 2468 3270 2518 ἐν
3316 2470 3383 2537 τῇ
3414 2467 3610 2535 Δὺσει,
3682 2472 3905 2540 Ἴστρος

2312 2553 2801 2624 προσαγορευθεὶς,
2838 2556 2930 2607 καὶ
2978 2556 3081 2608 ὑπὸ
3112 2556 3344 2627 Θρᾳκῶν
3391 2560 3701 2627 Δανούϐιος
3740 2566 3903 2619 πάλιν

2312 2644 2667 2714 καλούμενος.
2704 2646 2815 2699 Καὶ
2852 2640 3005 2709 οὗτος
3039 2648 3136 2714 μὲν
3172 2649 3429 2717 μέγιστός
3459 2652 3580 2703 ἔστι
3606 2658 3899 2724 Romi-"3’6.

2311 2736 2447 2789 ἀλλὰ
2492 2735 2616 2789 καθ’
2649 2736 2813 2790 αὐτὸν
2858 2737 2956 2807 μὲν
2994 2739 3170 2809 ἥττων
3208 2739 3303 2791 τοῦ
3352 2741 3573 2809 Νείλου,
3626 2746 3902 2816 buriser-

2316 2844 2476 2897 μενος
2506 2827 2562 2880 δὲ
2605 2828 2733 2892 τοὺς
2775 2829 3084 2897 είσρέοντας
3116 2831 3173 2882 ἐν
3212 2830 3395 2901 αὐτῷ,
3430 2833 3523 2885 καὶ
3565 2834 3669 2887 τοῦ
3704 2837 3902 2892 Νείλου

2316 2916 2517 2986 μείζων
2569 2917 2798 2984 γίνεται.
2852 2916 2920 2983 Ιζ⁹
2963 2920 3071 2991 γὰρ
3119 2921 3356 2990 ποταμοὶ
3414 2923 3814 2981 είσϐάλλουσιν
3845 2931 3902 2983 ἐν

640 3020 870 3080 Ararus,
922 3015 1489 3084 Naparis,0rdessus.
1539 3014 1611 3068 Ex
1664 3014 1978 3085 Agathyrsis
2033 3022 2209 3067 autem

2317 3006 2485 3076 αὐτῷ.
2550 3008 2670 3059 Εἰσὶ
2699 3008 2754 3060 δὲ
2798 3003 2980 3062 οὗτοιο
3010 3010 3077 3062 ἐκ
3109 3010 3208 3081 μὲν
3245 3011 3479 3076 Σκυθίας
3508 3021 3573 3079 ε’,
3608 3018 3899 3088 Παράτας,

644 3106 804 3159 Maris
995 3115 1123 3170 tres,
1156 3106 1539 3169 Atlas,Auras,
1567 3105 1805 3159 Timisis.
1840 3105 1879 3157 E
1911 3104 2213 3159 Thracibus

641 3195 905 3265 Crobyzis
939 3203 1055 3249 tres
1076 3234 1092 3259 ,
1126 3196 1289 3258 Atax,
1312 3193 1475 3259 Noes,
1501 3203 1555 3248 et
1581 3195 1831 3248 Artancs.
1863 3195 1901 3245 E
1932 3194 2140 3249 Paeanis
2162 3203 2215 3248 et

642 3296 823 3341 monte
844 3285 1283 3355 ltliodopeChius
1306 3285 1498 3339 ﬂuvius
1519 3285 1728 3339 medius
1744 3284 2210 3339 dividiturllazmo.

642 3376 719 3430 Ex
761 3376 956 3446 Illyriis
1003 3377 1280 3431 montibus
1310 3376 1375 3430 ad
1404 3376 1621 3431 boream
1653 3385 1872 3430 ventum
1905 3391 2132 3445 vergens
2157 3376 2209 3429 in

644 3469 992 3523 Triballicum
1055 3484 1268 3537 agrum,
1328 3469 1544 3538 Augrus
1620 3467 1792 3522 ﬂuens
1824 3468 1877 3521 in
1910 3466 2207 3536 Brongum,

645 3561 889 3628 Brongus
929 3572 1110 3614 autem
1148 3563 1200 3613 iu
1232 3560 1450 3613 Istrum.
1487 3559 1528 3611 E
1558 3560 1779 3627 regione
1820 3559 2206 3613 Ombricorum

642 3651 825 3718 Calpis
852 3662 905 3703 et
928 3651 1102 3719 Alpis.
1124 3650 1363 3703 Inﬂuunt
1397 3659 1578 3702 autem
1612 3650 1774 3702 etiam
1806 3647 1894 3701 alii
1921 3648 1972 3701 in
2008 3648 2209 3716 ipsum.

641 3756 673 3793 ο
699 3741 895 3808 quibus
925 3741 980 3793 Iit
1008 3741 1252 3801 omnium
1280 3738 1565 3792 ﬂuminum
1605 3738 1936 3790 maximum:
1975 3735 2209 3803 Equale

645 3843 821 3883 autem
848 3832 949 3885 sibi
974 3831 1091 3885 ﬂuit
1133 3831 1185 3883 iu
1209 3839 1395 3885 amate
1419 3840 1470 3884 et
1494 3828 1690 3893 hieme,
1722 3827 1849 3897 quia
1876 3842 2067 3895 parum
2093 3827 2209 3898 ipsa

647 3932 786 3976 terra
807 3923 1088 3994 irrigatur;
1110 3923 1324 3976 nivibus
1345 3931 1523 3975 autem
1544 3928 1713 3975 totum
1735 3920 1919 3973 alitur.
1947 3918 2003 3974 In
2024 3928 2211 3974 testate

646 4027 773 4066 vero
818 4030 937 4081 qua:
973 4014 1025 4067 in
1062 4014 1241 4066 hieme
1269 4012 1465 4065 cecidit
1514 4011 1606 4065 nix
1649 4010 1934 4065 abundans
1986 4010 2210 4065 omnino

645 4103 956 4172 liquefacta,
1017 4104 1067 4157 in
1091 4104 1287 4157 Istrum
1317 4102 1523 4158 deﬂuit.
1545 4101 1819 4167 Quantum
1848 4111 2027 4155 autem
2054 4117 2209 4171 aquae

644 4196 728 4251 sol
759 4196 993 4250 extrahit
1026 4197 1077 4249 in
1121 4206 1308 4250 aestate
1336 4196 1415 4248 vel
1440 4195 1492 4247 iu
1521 4194 1716 4258 hieme,
1742 4203 1951 4247 tantum
1985 4194 2207 4249 ﬂumina

2316 3098 2343 3149 6
2370 3097 2463 3148 καὶ
2499 3098 2761 3168 Πυρετὸς,
2791 3099 3113 3165 Τιάραντος,
3151 3102 3410 3173 ΙἌραρος,
3446 3104 3741 3175 Νάπαρις,
3782 3110 3899 3181 '09-

2313 3188 2506 3255 δησσός
2531 3206 2545 3219 ·
2573 3192 2636 3241 ἐκ
2654 3190 2710 3242 δὲ
2745 3189 3096 3261 Ἀγαθύρσων
3124 3193 3423 3264 Μάρις.....
3455 3200 3628 3266 τρεῖς,
3670 3200 3899 3266 Ἄτλας,

2313 3278 2517 3350 Αὔρας,
2554 3281 2774 3350 Τίμισις
2796 3298 2809 3310 '
2843 3283 2908 3335 ἐκ
2936 3282 2992 3336 δέ
3022 3284 3131 3336 τῶν
3164 3284 3393 3355 Θρᾳκῶν
3426 3288 3536 3339 τῶν
3564 3290 3901 3359 Κρωϐὑζων

2311 3373 2482 3438 τρεῖς.
2538 3369 2731 3435 Ἀταξ,
2765 3371 2932 3437 Νόης,
2973 3372 3068 3424 καὶ
3127 3373 3427 3444 Ἀρτάνης·
3458 3378 3524 3429 ἐκ
3552 3376 3610 3429 δὲ
3642 3378 3902 3433 Παιόνων

2313 3464 2406 3515 καὶ
2440 3462 2601 3531 ὅρους
2662 3462 2922 3534 Ῥοδόπης
2970 3463 3101 3528 Κίος
3149 3466 3392 3536 ποταμὸς
3436 3468 3604 3535 μέσος
3642 3472 3900 3539 σχίζεται

2311 3553 2403 3607 τὸν
2434 3552 2640 3626 Αἷμον·
2685 3560 2749 3611 ἐκ
2774 3559 2830 3612 δὲ
2884 3560 3161 3629 Ἰλλυριῶν
3206 3560 3351 3630 ὀρῶν
3374 3562 3464 3614 τὸν
3502 3562 3648 3633 πρὸς
3683 3564 3899 3635 βορρᾶν

2312 3644 2510 3715 ἄνεμον
2542 3646 2749 3715 βάλλων
2781 3651 2860 3712 εἰς
2907 3651 2965 3702 τὸ
2997 3650 3357 3721 Τριϐαλλικὸν
3390 3653 3596 3717 πεδίον,
3646 3657 3899 3726 ’Ἄγγρος

2313 3737 2518 3806 ἐκχέων
2539 3738 2619 3800 είς
2645 3740 2734 3791 τὸν
2756 3741 3020 3811 Βρόγγον,
3040 3744 3068 3795 6
3088 3742 3144 3795 δὲ
3164 3741 3405 3813 Βρόγγος
3425 3746 3504 3807 είς
3530 3744 3626 3799 τὸν
3652 3748 3897 3818 Ἵστρονι

2312 3826 2377 3879 ἐκ
2405 3826 2461 3880 δὲ
2497 3826 2597 3897 τῆς
2630 3826 2811 3899 χώρας
2858 3831 2965 3883 τῶν
3003 3832 3312 3903 Ὀμϐρικῶν
3364 3834 3582 3898 Κάλπις
3612 3838 3721 3889 καὶ
3772 3839 3904 3890 Ἀλ-

2312 3935 2424 3980 πις.
2470 3918 2826 3972 Είσϐάλλουσι
2892 3921 2948 3974 δὲ
2993 3922 3087 3975 καὶ
3135 3923 3312 3992 ἕτεροι
3363 3927 3444 3987 είς
3484 3926 3681 3993 αὑτὸν,
3726 3930 3789 3994 ἐξ
3826 3924 3901 3982 ὧν

2311 4007 2519 4087 γίνεται
2554 4010 2770 4064 πάντων
2803 4013 3062 4082 ποταμῶν
3094 4014 3369 4084 μέγιστος.
3410 4016 3553 4079 Ἴσος
3580 4017 3639 4070 δὲ
3678 4022 3774 4088 ρεῖ
3800 4022 3901 4073 αὖ·

2311 4099 2400 4162 τὸς
2431 4100 2608 4171 ἐαυτῷ
2632 4102 2690 4154 ἐν
2723 4102 2871 4172 θέρει
2904 4105 2998 4157 καὶ
3024 4105 3276 4174 χειμῶνι,
3306 4107 3389 4160 ὃτι
3421 4107 3602 4175 ὀλίγον
3631 4110 3901 4181 βρέχεται

2311 4192 2448 4262 αῦτη
2486 4193 2650 4263 ήγῆ·
2702 4194 2902 4263 νιφετῷ
2930 4195 2987 4248 δὲ
3028 4196 3205 4249 πάντα
3246 4198 3464 4267 χρᾶται.
3509 4200 3598 4251 Ἑν
3646 4201 3813 4272 θέρει
3845 4203 3901 4257 ἃ

644 4305 764 4359 quae
790 4290 842 4343 in
876 4289 1073 4344 Istrum
1127 4289 1407 4343 conﬂuunt
1447 4296 1726 4356 prmstant,
1788 4287 1962 4340 multo
1999 4287 2204 4354 majora

2313 4282 2346 4349 ἠ
2374 4282 2433 4332 ἐν
2457 4281 2534 4350 τῷ
2561 4282 2788 4351 χειμῶνι
2816 4283 3059 4337 πεσοῦσα
3086 4283 3218 4354 χιὼν
3251 4286 3418 4356 πολλὴ
3440 4288 3732 4360 τηκομένη
3760 4292 3901 4343 πάν-

643 4383 697 4437 in
725 4390 909 4436 testate
941 4396 1103 4450 quam
1139 4381 1191 4433 in
1224 4381 1421 4434 hieme.
1452 4378 1771 4432 Substitutis
1799 4377 1869 4430 ita
1912 4376 1996 4429 his
2026 4377 2204 4446 aquis,

643 4474 698 4527 Iit
725 4472 1122 4541 compensatio,
1158 4472 1230 4525 ita
1256 4480 1312 4524 ut
1347 4486 1563 4539 semper
1592 4468 1723 4523 illud
1756 4468 1827 4522 sit
1848 4468 1949 4524 sibi
1976 4468 2204 4537 aequale.

642 4564 777 4620 Ister
833 4566 1111 4634 proprium
1160 4578 1357 4617 nomen
1405 4569 1586 4615 servat
1634 4574 1807 4628 usque
1841 4559 1906 4612 ad
1945 4557 2206 4612 Sirmium

642 4658 924 4724 antiquam
976 4653 1346 4707 Romanorum
1415 4650 1748 4705 fortunatam
1812 4649 2024 4711 urbem,
2079 4635 2207 4702 uiti-

642 4760 733 4796 mo
783 4750 963 4797 autem
1018 4743 1120 4796 sub
1157 4740 1419 4810 Gepidum
1471 4740 1771 4806 regionem,
1818 4739 2020 4791 amittit
2060 4739 2203 4808 apud

641 4833 925 4901 indigenas
967 4832 1117 4901 prius
1146 4846 1363 4895 nomen,
1416 4829 1805 4898 Danubiusque
1850 4838 2096 4883 vocatur.
2133 4829 2207 4884 Ita

642 4940 770 4979 vero
795 4924 895 4993 ipsi
920 4923 1159 4978 Thraces
1190 4931 1539 4981 vocaverunt,
1561 4920 1687 4989 quia
1709 4921 1761 4973 in
1788 4920 2067 4974 montibus
2086 4935 2207 4974 ver-

644 5030 738 5068 sus
770 5022 978 5067 arctum
1008 5022 1061 5065 et
1081 5011 1371 5066 Thraciam
1403 5013 1700 5065 nebulosus
1731 5026 1824 5065 aer
1842 5020 2058 5081 propter
2075 5012 2209 5066 sub-

637 5106 903 5174 jacentem
930 5104 1170 5158 humoris
1191 5102 1602 5167 abundantiam,
1620 5103 1726 5159 illis
1747 5119 1911 5159 causa
1936 5112 2208 5172 perpetua!

640 5197 834 5265 pluviae
864 5195 1097 5249 videtur.
1146 5192 1451 5248 Danubium
1480 5203 1661 5250 autem
1696 5196 1852 5264 quasi
1884 5196 2206 5248 nebulosam

640 5287 905 5341 cervicem
938 5286 1027 5340 isti
1062 5287 1235 5355 patria
1272 5287 1455 5357 lingua
1481 5296 1697 5341 vocant.
1739 5286 1864 5340 Inde
1905 5283 2211 5339 immutavit

641 5379 937 5435 Istersuam
954 5379 1392 5448 appellationem,
1428 5379 1814 5447 Danubiusque
1842 5388 2070 5432 vocatus
2098 5383 2204 5432 est.

642 5466 865 5521 Minime
902 5477 1083 5522 autem
1119 5469 1319 5521 mirum
1347 5478 1430 5522 est
1478 5468 1523 5520 si
1560 5465 1692 5520 Ister
1718 5481 1749 5520 c
1780 5464 2039 5520 Paradiso
2071 5465 2209 5519 dila-

645 5556 798 5620 bcns,
831 5565 885 5610 et
915 5557 1055 5626 apud
1092 5557 1425 5627 Scripturam
1465 5556 1664 5612 Phison
1696 5566 1939 5622 vocatus,
1969 5572 2033 5610 cx
2055 5555 2205 5609 occi-

645 5644 844 5705 dentali
861 5660 1062 5716 monte,
1100 5649 1444 5721 Apeuniuum
1460 5648 1855 5717 dico,videatur
1873 5648 2202 5704 retroﬂuere.

2308 4370 2481 4436 τοθεν,
2526 4373 2797 4426 εἰσϐάλλει
2826 4374 2904 4444 τῷ
2947 4376 3165 4447 Ἴστρῳ.
3204 4378 3367 4431 Ὅσον
3419 4378 3475 4431 δὲ
3504 4377 3656 4449 ὕδωρ
3691 4384 3724 4433 6
3747 4383 3900 4452 ἥλιος

2309 4462 2593 4530 ἐφέλκεται
2624 4465 2682 4517 ἐν
2710 4464 2786 4534 τῷ
2817 4465 2983 4535 θέρει,
3008 4465 3039 4535 ἦ
3067 4467 3124 4519 ἐν
3149 4466 3225 4537 τῷ
3246 4467 3496 4538 χειμῶνι,
3526 4469 3801 4525 τοσοῦτον
3833 4474 3899 4524 τὰ

2312 4554 2696 4625 συμμιγόμενα
2736 4556 2813 4626 τῷ
2846 4558 3043 4629 Ἴστρῳ
3088 4559 3467 4614 πολλαπλάσιά
3499 4560 3619 4614 ἐστι
3649 4564 3758 4616 τοῦ
3805 4565 3893 4617 θέο

2314 4661 2440 4713 ρους
2506 4647 2539 4713 ἢ
2573 4647 2665 4700 τοῦ
2698 4648 3000 4718 χειμῶνος·
3054 4650 3438 4720 ἀντιτιθέμενα
3464 4650 3522 4704 δέ
3558 4651 3771 4719 ταῦτα,
3802 4655 3893 4706 ἀν-

2309 4739 2603 4807 τισήκωσις
2648 4740 2877 4808 γίνεται,
2907 4741 2989 4805 ὡς
3053 4742 3142 4794 ἀεὶ
3170 4742 3283 4795 ἴσον
3312 4741 3472 4794 αὐτὸν
3499 4735 3644 4795 εἶναι
3692 4744 3890 4813 ἐαυτῷ.

2310 4824 2478 4889 Οὗτος
2500 4830 2529 4881 ό
2562 4828 2770 4899 Ἴστρος
2792 4831 2890 4900 τὴν
2925 4832 3059 4883 ίδίαν
3089 4832 3461 4902 προσηγορίαν
3490 4831 3770 4899 φυλάσσει
3790 4837 3890 4895 ἕως

2312 4917 2536 4986 Σιρμίου
2580 4919 2679 4987 τῆς
2734 4919 2899 4972 πάλαι
2941 4920 3225 4990 Ῥωμαίων
3294 4920 3613 4989 εὐδαίμονος
3653 4923 3883 4984 πόλεως.

2310 5008 2536 5077 ἔσχατον
2582 5008 2638 5061 δὲ
2689 5010 2795 5062 ὑπὸ
2847 5011 3105 5081 Γηπέδων
3165 5010 3529 5081 οἰκουμένης,
3585 5012 3887 5065 ἀποϐάλλει

2314 5098 2494 5168 μέντοι
2542 5102 2691 5170 παρὰ
2728 5103 2839 5163 τοῖς
2882 5103 3198 5172 ἐπιχωρίοις
3228 5104 3288 5155 τὸ
3322 5100 3633 5171 ἔμπροσθεν
3684 5103 3883 5169 δνομα,

2311 5190 2597 5255 Δανούϐιος
2650 5193 3029 5264 μετακληθείς.
3082 5192 3238 5247 Οῦτω
3278 5193 3335 5246 δέ
3378 5193 3541 5245 αὑτὸν
3583 5194 3632 5244 ei
3669 5194 3891 5263 Θρᾷκες

2311 5282 2594 5349 ἐκάλεσαν,
2632 5284 2767 5336 διότι
2794 5286 2876 5347 είς
2926 5286 2994 5338 τὰ
3036 5284 3174 5353 πρὸς
3226 5286 3462 5355 ’Δρκτον
3496 5284 3591 5338 καὶ
3632 5284 3884 5355 Θρᾳκίαν

2311 5372 2414 5442 ὅρη
2448 5374 2711 5444 συννεφὴς
2738 5375 2767 5426 6
2800 5374 2908 5445 ἀὴρ
2944 5377 3007 5428 ἐκ
3034 5378 3133 5446 τῆς
3159 5375 3531 5444 ὑποκειμένης
3563 5375 3673 5427 τῶν
3701 5375 3882 5445 ὑγρῶν

2311 5462 2596 5534 ἀμετρίας,
2626 5464 2796 5527 αἴτιος
2824 5466 3007 5527 αὐτοῖς
3037 5452 3293 5535 συνεχοῦς
3330 5465 3640 5535 ἐπομϐρίας
3665 5466 3882 5533 νομίζει

2310 5572 2420 5608 ται.
2478 5554 2766 5608 Λανούϐιον
2813 5556 2869 5608 δὲ
2910 5556 3001 5609 τὸν
3052 5556 3409 5625 νεφελοφόρον
3438 5558 3638 5609 ἐκεῖνοι
3660 5554 3881 5609 καλοῦσι

2316 5647 2577 5717 πατρίως.
2662 5647 2939 5703 Ἐντεῦθεν
2995 5647 3396 5718 μεταϐέϐληκεν
3439 5647 3471 5699 6
3517 5648 3739 5720 Ἴστρος
