3920 6206
45 316 197 383 1357

1100 316 1197 378 DE
1228 317 1306 380 IV
1360 317 1841 381 FLUMINIBUS
1896 318 2275 380 PARADISI.

3158 320 3293 387 1058

40 431 249 487 ἑαυτοῦ
277 427 597 501 ὀνομασίαν,
626 429 918 494 Δανούϐιος
959 432 1342 501 μετακληθείς.
1378 434 1544 489 Οὐδὲν
1564 434 1620 489 δὲ

1725 434 1936 489 Etenim
1963 444 2019 491 et
2048 433 2204 489 Nilus
2218 434 2398 490 dictus
2420 433 2591 500 Geon,
2615 449 2642 490 ε
2663 435 2924 491 Paradiso
2945 434 3136 490 eodem
3161 451 3289 504 pro-

40 522 366 593 θαυμαστὸν
390 520 420 573 ὁ
457 522 672 592 Ἴστρος
722 519 1107 592 ὲξορμώμενος
1134 523 1228 576 τοῦ
1271 524 1618 595 παραδείσου,

40 615 141 667 καὶ
186 613 342 685 παρά
382 615 448 684 τῇ
489 614 678 684 Γραφῇ
730 612 1022 684 λεγόμενος
1074 616 1272 680 Φισὼν,
1305 618 1369 670 ὲκ
1396 616 1490 669 τοῦ
1521 616 1623 687 τῆς

39 702 258 765 δύσεως
311 703 492 773 ὅρους,
543 704 689 773 λέγω
733 703 798 774 δὴ
844 704 940 756 τοῦ
1001 706 1315 759 ’Λπεννίνου
1367 707 1622 775 φαίνεται

39 790 356 861 ἀναρῤέων.
391 792 499 845 Καὶ¹
543 791 652 861 γὰρ
691 793 785 845 καὶ
808 795 837 847 ὀ
863 794 1053 858 Νεῖλος
1082 797 1109 848 ὁ
1144 794 1439 866 λεγόμενος
1464 797 1622 867 Γηὼν

40 882 112 934 ἐκ
140 879 238 935 τοῦ
275 881 441 936 αὐτοῦ
504 884 835 955 παραδείσου
878 885 1103 956 προῖὼν,
1152 886 1281 956 μίαν
1319 888 1417 956 μὲν
1443 887 1623 956 πηγὴν

39 971 163 1043 ἔχει
190 973 273 1037 είς
302 972 535 1045 Λιϐύην,
584 975 777 1047 ἑτέρας
825 976 854 1029 δ
867 976 891 1029 ὲ
934 976 1026 1030 δύο
1062 979 1142 1040 είς
1169 979 1267 1047 τὴν
1300 977 1411 1031 ἀνω
1439 977 1621 1030 Λίϐιο-

40 1065 185 1119 πίαν
232 1069 375 1121 κατά
422 1067 628 1130 Νότον,
680 1059 755 1119 ὧν
810 1066 1158 1136 μισγομένων
1211 1066 1531 1136 πλημμυρεῖ
1560 1066 1622 1119 τὸ

42 1154 200 1226 ὕδωρ
233 1155 423 1221 αὐτοῦ,
468 1157 562 1209 καὶ
608 1155 818 1219 ποτίζει
857 1157 955 1225 τὴν
992 1156 1268 1223 Αἴγυπτον
1306 1156 1620 1223 Αὐγούστου

45 1245 251 1314 μηνός.
298 1244 409 1297 Καὶ
441 1246 556 1306 τοῖς
588 1244 687 1314 μὲν
716 1243 935 1307 πολλοῖς
964 1244 1114 1297 δοκεῖ
1156 1244 1391 1314 ἀπορίας
1422 1244 1623 1309 πολλάς

40 1332 283 1397 τίκτειν,
311 1334 431 1396 πῶς
462 1334 522 1386 εν
545 1333 725 1404 καιρῷ
770 1333 1049 1405 αὐχμώδει
1088 1334 1426 1406 πλημμυρεῖ,
1463 1335 1624 1407 ἡνίκα

41 1422 321 1493 λιψυδρία
352 1424 587 1495 ὑπάρχει
614 1424 692 1495 τῷ
720 1425 903 1479 παντί.
934 1425 1059 1489 Τοῖς
1088 1427 1146 1480 δὲ
1167 1428 1238 1480 τά
1262 1429 1361 1497 τῆς
1399 1429 1625 1499 Γραφῆς

42 1510 318 1566 ἀσκοῦσιν
378 1514 636 1584 οὐδεμίαν
682 1516 856 1571 τίκτει
910 1518 1263 1587 ἀμφιϐολίαν.
1314 1520 1480 1573 Ὅθεν
1530 1522 1624 1575 καὶ⁹

47 1603 211 1675 παρά
245 1605 361 1668 τοῖς
396 1605 790 1675 ίεροτελεσταῖς
830 1607 939 1660 τῶν
983 1609 1319 1676 Αἰγυπτίων,
1354 1610 1430 1673 ὡς
1471 1612 1625 1682 ἐρευο

46 1698 188 1751 νῶσι
223 1696 293 1751 τά
325 1696 563 1768 κρύφια,
630 1699 972 1761 ’Δστάσπους
1020 1699 1368 1769 ὀνομάζεται,
1399 1702 1427 1755 δ
1450 1702 1624 1773 ἑρμη-

1722 528 1898 593 dictis,
1930 542 2096 580 unum
2137 527 2353 596 quidem
2390 525 2592 581 fontem
2627 526 2785 581 habet
2811 526 2867 580 in
2918 525 3107 595 Libya,
3153 527 3289 579 alios

1722 628 1902 673 autem
1932 618 2074 672 duos
2123 616 2178 670 in
2209 618 2494 687 superiore
2528 617 2808 686 EthiOpia
2841 632 3036 671 versus
3066 616 3286 680 Notum,

1720 710 1919 779 quibus
1941 710 2196 765 immistis
2214 712 2411 765 crescit
2426 710 2544 780 eius
2565 725 2726 780 aqua,
2752 718 2805 764 et
2840 710 2978 779 rigat
2996 708 3286 778 zEgyptum

1724 815 1907 856 mense
1934 802 2199 871 Augusto.
2234 802 2416 857 Multis
2438 802 2655 872 quidem
2689 802 2900 856 videtur
2926 801 3094 853 multa
3128 801 3289 854 dubia

1722 906 1935 957 parere,
1965 890 2108 959 quod
2144 892 2196 944 in
2229 902 2473 961 tempore
2513 891 2779 946 siccitatis
2813 900 3047 953 crescat,
3071 892 3288 959 quando

1720 980 1917 1033 ardens
1943 980 2090 1033 calor
2114 982 2293 1033 omnia
2324 988 2572 1050 occupat.
2595 980 2690 1035 llis
2726 990 2904 1035 autem
2932 982 3023 1050 qui
3054 983 3291 1050 scriptu-

1722 1084 1838 1122 ram
1872 1069 2071 1123 callent
2120 1071 2323 1123 nullam
2349 1071 2492 1124 istud
2526 1071 2669 1139 parit
2713 1071 3125 1126 haesitationem.
3164 1071 3290 1126 Inde

1721 1157 1882 1211 etiam
1914 1158 2056 1226 apud
2098 1173 2284 1212 sacras
2328 1157 2704 1227 Egyptiorum
2742 1159 3038 1221 doctrinas,
3080 1166 3139 1211 ut
3199 1173 3290 1211 ar-

1723 1264 1858 1303 cana
1881 1250 2185 1318 inquirunt,
2209 1249 2825 1318 Astaspusnominalur,
2845 1247 2990 1317 quod
3023 1249 3291 1316 interpre-

1724 1352 1906 1399 tantur
1936 1342 2174 1414 Egyptii
2204 1356 2401 1413 aquam
2433 1357 2464 1396 ο
2499 1340 2756 1404 tenebris,
2787 1341 2857 1394 ob
2895 1339 3291 1394 obscuritatem

1721 1434 1842 1503 ejus
1870 1448 1901 1488 e
1933 1442 2075 1486 terra
2102 1431 2441 1486 emersionis.
2471 1428 2575 1496 Qui
2609 1430 2752 1483 enim
2788 1428 2914 1482 talia
2947 1428 3013 1481 de
3030 1425 3150 1480 Nilo
3179 1441 3287 1479 non

1722 1525 2020 1580 sentientes
2055 1524 2106 1577 in
2132 1523 2277 1576 mille
2300 1522 2464 1577 dubia
2488 1521 2710 1581 cadunt,
2726 1529 2946 1572 manent
2965 1525 3231 1587 perpetuo
3257 1534 3286 1570 ιι

1723 1614 1950 1670 veritate
1974 1622 2242 1668 errantes.
2270 1612 2335 1667 Et
2364 1611 2583 1682 quidem
2607 1610 2672 1663 de
2692 1608 2912 1677 Trigide
2936 1618 2989 1661 et
3011 1608 3291 1676 Euphrate

1725 1706 1865 1760 idem
1894 1719 2109 1774 quoque
2130 1706 2379 1759 sentitur.
2412 1704 2449 1756 E
2480 1701 2740 1756 Paradiso
2759 1700 2902 1754 enim
2928 1710 3155 1767 uterque
3183 1698 3295 1750 ori-

48 1786 273 1842 γεύεται
320 1788 445 1841 κατ’
472 1788 805 1855 Αἰγυπτίους
835 1789 899 1840 ὲκ
947 1788 1173 1852 σκότους
1222 1789 1395 1861 ῦδωρ,
1439 1791 1529 1843 διὰ
1561 1791 1622 1844 τὸ

1728 1794 1904 1863 ginem
1928 1793 2153 1855 ducens,
2180 1803 2379 1846 terram
2421 1792 2872 1858 subpeuetrantes
2900 1796 3161 1857 apparent
3184 1786 3292 1840 cir-

49 1876 251 1947 ἇδηλον
297 1878 399 1948 τῆς
428 1878 731 1942 ἀναδόσεως
782 1877 948 1931 αὐτοῦ
998 1878 1106 1931 ἀπὸ
1134 1879 1233 1948 τῆς
1265 1881 1389 1950 γῆς.
1420 1881 1481 1933 Oi
1515 1881 1621 1950 γὰρ

56 1970 137 2038 μὴ
163 1968 333 2021 ταῦτα
379 1970 509 2040 περὶ
552 1967 716 2022 αὐτοῦ
762 1967 1077 2035 δοξάζοντες
1104 1972 1184 2032 είς
1215 1971 1416 2041 μυρίας
1461 1972 1623 2024 ἐκπί-

52 2076 284 2123 πτοντες
313 2061 566 2131 ἀπορίας,
611 2060 864 2129 μένουσιν
895 2061 1001 2123 ἕως
1034 2060 1219 2122 τέλους
1245 2062 1344 2131 τῆς
1366 2060 1622 2133 ἀληθείας

50 2146 524 2219 ἀποπλανώμενοι.
560 2150 668 2203 Καὶ
704 2144 891 2218 μέντοι
919 2149 1013 2202 καὶ
1054 2142 1191 2220 ’περὶ
1241 2149 1493 2218 Τίγριδος
1528 2150 1623 2203 καὶ

54 2241 343 2312 Εὐφράτου
385 2241 447 2293 τὸ
475 2241 606 2295 αὐτὸ
643 2242 948 2306 δοξάζεται.
1005 2241 1101 2293 Ἐκ
1138 2240 1233 2293 τοῦ
1295 2241 1622 2310 παραδείσου

56 2334 173 2404 γὰρ
225 2333 475 2404 ἑκάτεροι
530 2333 631 2405 τὴν
664 2333 875 2401 γένεσιν
904 2333 1148 2403 ἔχοντες,
1196 2332 1483 2394 ὑποδύντες
1524 2333 1624 2403 τὴν

46 2423 164 2493 γῆν
194 2422 578 2490 ἀναφαίνονται
629 2423 771 2476 κατὰ
805 2422 897 2476 τὸν
938 2422 1152 2493 Ταῦρον
1209 2426 1272 2474 τὸ
1299 2422 1442 2493 δρος,
1476 2422 1571 2475 καὶ
1596 2423 1625 2474 ό

58 2516 168 2586 μὲν
212 2513 503 2583 Εὐφράτης
546 2513 711 2583 δήλην
735 2513 846 2583 ἔχει
888 2512 987 2583 τὴν
1014 2513 1269 2567 ἀνάλυσιν
1294 2527 1309 2543 ⁸
1339 2511 1543 2565 κατιὼν
1567 2511 1623 2563 δὲ

49 2608 125 2657 ὲκ
157 2604 263 2657 τῶν
301 2603 531 2673 βορείων
580 2602 764 2673 μερῶν
818 2602 957 2673 πρὸς
992 2604 1060 2656 τὰ
1113 2602 1265 2655 νότια
1312 2602 1625 2669 πλησιάζων

50 2696 141 2767 τῷ
164 2695 414 2767 Περσικῷ
460 2694 646 2765 κόλπῳ
690 2695 786 2766 ἕλη
816 2695 1037 2764 ἐμποιεῖ
1064 2695 1157 2748 καὶ
1186 2693 1481 2763 καλαμώδη
1509 2692 1628 2746 τέλ-

54 2804 232 2858 ματα,
262 2785 511 2855 καὶπερὶ
554 2784 692 2838 αὐτά
725 2785 823 2855 μὲν
874 2783 1208 2854 εἱλούμενος,
1255 2782 1464 2853 ἀδήλως
1488 2782 1627 2851 ἀφα-

53 2877 285 2941 νίζεται.
303 2877 361 2928 '0
390 2876 571 2945 μέντοι
593 2874 785 2945 Τίγρις
812 2874 919 2928 ἀπό
938 2890 1079 2937 τινος
1107 2874 1301 2944 λίμνης
1328 2872 1627 2943 λεγομένης

53 2967 348 3029 Θωνίτιδος
374 2964 586 3035 ἀδήλως
614 2963 796 3031 ἐξιὼν,
826 2965 922 3019 καὶ
954 2965 1115 3028 αὐτὸς
1152 2966 1362 3034 οίχεται
1392 2964 1529 3033 πρὸς
1558 2963 1627 3017 τά

53 3059 211 3115 νότια
264 3057 426 3128 μέρη,
461 3058 556 3111 καὶ
579 3057 883 3110 διακόπτων
906 3055 999 3109 τὸν
1028 3055 1243 3126 Ταῦρον
1269 3054 1328 3108 τὸ
1352 3055 1477 3126 δρος
1497 3056 1626 3126 περὶ

52 3147 396 3210 Μασαϐάτας
432 3145 646 3199 ἑνοῦται
668 3145 748 3215 τῷ
776 3144 1061 3215 Εὐφράτῃ,
1091 3144 1185 3196 καὶ
1203 3144 1495 3213 διασχίζων
1526 3143 1625 3214 τὴν

55 3238 377 3302 Βαδυλῶνα,
409 3237 503 3289 καὶ
522 3235 724 3290 κατιὼν
751 3234 979 3306 πλησίον
995 3234 1315 3305 Τερηδόνος,
1350 3234 1623 3289 εἰσϐάλλει

54 3334 145 3392 είς
176 3330 264 3382 τὸν
309 3329 575 3398 Περσικὸν
609 3328 829 3381 κόλπον.
883 3326 994 3397 Πρὸ
1021 3326 1078 3380 δὲ
1106 3326 1201 3380 τοῦ
1249 3325 1513 3397 ἑνωθῆναι
1543 3324 1623 3395 τῷ

53 3420 343 3491 Εὐφράτῃ,
397 3418 701 3489 ἀμφότεροι
752 3415 1003 3487 ἀλλήλων
1033 3416 1356 3490 διῃρημένοι
1412 3416 1625 3485 ῥέοντες

55 3512 277 3566 ποιοῦσι
300 3510 401 3581 τὴν
431 3509 732 3579 λεγομένην
760 3509 1187 3576 Μεσοποταμίαν
1236 3507 1466 3577 ἔχουσαν
1491 3505 1627 3561 πλά-

52 3619 156 3665 τος
209 3601 315 3655 άπὸ
344 3600 630 3672 Εὐφράτου
676 3600 837 3670 μέχρι
869 3598 1117 3667 Τίγριδος
1153 3598 1305 3668 μίλια
1353 3603 1494 3669 υκη⁹,
1533 3597 1627 3649 καὶ

56 3692 255 3746 στάδια
286 3691 327 3755 ,δ
379 3689 519 3744 κατά
546 3689 643 3759 τὴν
668 3689 1039 3759 ἀναμέτρησιν
1086 3687 1505 3758 Ἐραστοοένους
1532 3685 1624 3739 τοῦ

54 3781 429 3852 πολυμαθοῦς.
499 3781 647 3834 Ἐπεὶ
674 3781 730 3834 δὲ
777 3780 874 3850 τὴν
925 3778 1098 3850 ἀρχὴν
1150 3780 1215 3832 ὲκ
1260 3779 1355 3832 τοῦ
1409 3781 1624 3851 Ἰστρου

55 3873 423 3943 ποιησάμενοι
446 3872 829 3942 ὠλισθὴσαμεν
844 3872 937 3925 καὶ
959 3872 1087 3943 περὶ
1106 3871 1201 3925 τοῦ
1217 3872 1409 3925 Νείλου
1432 3873 1626 3939 εἰπεῖν,

54 3966 168 4018 οὐκ
195 3965 419 4033 ἄκαιρον
471 3963 752 4033 ἡγούμεθα
784 3965 879 4016 καὶ
908 3962 1094 4032 ἑτέρου
1129 3963 1430 4032 μνησθῆναι
1461 3980 1629 4032 κεφα-

54 4054 220 4109 λαίου
252 4054 586 4124 καταλλὴλου
618 4054 957 4125 ὑπάρχοντος
993 4054 1089 4106 τοῦ
1124 4054 1375 4124 περὶτῆς
1408 4052 1629 4122 ὲκροίας

53 4146 253 4202 αὐτοῦ.
286 4147 394 4200 Καὶ
429 4147 536 4217 γὰρ
571 4146 659 4198 τὸν
690 4148 880 4216 καιρὸν
926 4146 1027 4212 τῆς
1070 4145 1259 4197 ἀνόδου
1290 4144 1384 4197 τοῦ
1428 4144 1624 4197 Νείλου

1724 1899 1786 1939 ca
1806 1882 2041 1938 Taurum
2068 1892 2307 1938 montem
2332 1898 2346 1949 ;
2372 1892 2424 1937 et
2462 1882 2761 1948 Euphrates
2808 1879 3028 1949 quidem
3084 1876 3293 1947 perspi-

1721 1989 1882 2029 cuum
1917 1976 2075 2029 habet
2108 1988 2347 2037 cursum;
2373 1973 2708 2028 descendens
2726 1980 2950 2025 anteme
2983 1968 3291 2023 borealibus

1722 2065 1985 2134 partibus,
2011 2064 2076 2118 ad
2100 2066 2310 2119 noticas
2336 2064 2563 2119 tendens
2584 2077 2777 2117 versus
2806 2060 3082 2115 Persicum
3109 2059 3291 2113 sinum

1722 2155 1947 2225 paludes
1999 2163 2053 2208 et
2101 2154 2331 2209 calamis
2364 2152 2559 2206 referta
2615 2165 2770 2205 caena
2833 2149 3015 2211 eﬂicit,
3067 2155 3122 2202 et
3169 2147 3288 2201 haec

1722 2249 1869 2302 circa
1896 2247 2121 2309 ell'usus,
2149 2246 2288 2299 clam
2318 2244 2663 2299 subducitur.
2692 2241 2871 2310 Tigris
2897 2249 3076 2294 autem
3102 2254 3132 2293 e
3161 2253 3296 2308 qua-

1722 2337 1845 2391 dam
1866 2336 2061 2406 palude
2080 2334 2371 2389 Thonitide
2389 2340 2603 2396 vocata,
2623 2330 2929 2399 incognitus
2952 2329 3160 2391 exiens,
3180 2328 3295 2395 ipse

1722 2444 1938 2500 quoque
1963 2434 2210 2482 movetur
2235 2426 2301 2480 ad
2336 2426 2541 2480 noticas
2567 2433 2767 2495 partes,
2787 2429 2840 2475 et
2869 2420 3107 2475 Taurum
3138 2434 3295 2474 mon-

1729 2528 1834 2572 tem
1908 2532 2103 2573 secans
2138 2516 2291 2583 juxta
2336 2513 2645 2568 Masahatas
2702 2512 2954 2580 jungitur
3004 2510 3291 2580 Euphrati,

1724 2604 2052 2675 Babylonem
2072 2603 2287 2668 dividit,
2322 2612 2375 2657 et
2407 2602 2653 2656 dilabens
2676 2601 2822 2655 circa
2852 2598 3209 2662 Teredonem,
3237 2599 3292 2652 in

1726 2695 2002 2750 Persicum
2046 2695 2228 2749 sinum
2264 2708 2322 2749 se
2352 2693 2592 2763 conjicit.
2649 2690 2976 2760 Priusquam
3019 2698 3200 2744 autem
3234 2705 3294 2744 se

1729 2800 1855 2840 cum
1892 2783 2166 2853 Euphrate
2198 2782 2569 2852 coniunxerit.
2611 2782 2772 2836 ambo
2800 2781 2868 2835 ab
2911 2780 3140 2834 invicem
3178 2780 3293 2834 dis-

1726 2877 1894 2933 tincte
1928 2885 2211 2931 currentes
2252 2876 2491 2930 eﬂieiunt
2542 2876 2814 2943 regionem
2848 2873 3291 2942 Mesopotamiam

1727 2968 1952 3031 dictam,
1985 2966 2143 3036 cujus
2183 2964 2433 3027 latitudo,
2481 2962 2550 3016 ab
2612 2960 2887 3030 Euphrate
2937 2963 3003 3014 ad
3061 2960 3291 3031 Tigrim,

1727 3059 1897 3115 millia
1936 3058 2095 3111 habet
2121 3055 2245 3118 428,
2268 3066 2321 3110 et
2353 3054 2526 3108 stadia
2559 3052 2722 3119 4,000
2760 3052 3059 3107 secundum
3098 3051 3291 3106 Erato-

1732 3147 1944 3203 sthenis
1979 3143 2276 3215 polymathi
2309 3139 2946 3196 mensuratiouem.Cum
2972 3148 3152 3194 autem
3190 3141 3292 3193 ini-

1730 3240 1861 3295 tium
1890 3239 2110 3291 ablstro
2140 3234 2454 3297 fecerimus,
2488 3244 2540 3287 et
2559 3231 2939 3287 devene’rimus
2966 3232 3033 3286 ad
3063 3232 3292 3301 loquen-

1730 3331 1857 3385 dum
1879 3330 1945 3383 de
1974 3328 2113 3392 Nilo,
2142 3342 2248 3380 non
2273 3326 2695 3395 inopportunum
2723 3323 3035 3393 iudicamus
3063 3323 3287 3377 alterius

1733 3420 2047 3475 meminisse
2072 3417 2265 3485 capitis
2295 3416 2361 3470 ad
2396 3423 2689 3483 utrumque
2727 3413 3021 3483 spectantis
3043 3413 3109 3467 de
3135 3412 3292 3467 istius

1734 3525 1921 3564 cursu.
1968 3508 2101 3563 Nam
2158 3519 2401 3577 tempore
2441 3504 2779 3559 ascensionis
2824 3502 2928 3557 Nili
2966 3504 3287 3572 aperiebant

1732 3598 1962 3652 Romani
1992 3612 2183 3664 magna
2208 3596 2423 3665 publica
2458 3594 2672 3657 balnea,
2712 3601 2765 3647 et
2794 3592 2921 3663 quia
2954 3593 3099 3647 illius
3127 3593 3291 3648 inun-

1731 3691 1881 3746 datio
1920 3690 1978 3744 tit
2002 3689 2220 3759 quando
2260 3686 2341 3743 sol
2374 3695 2457 3741 est
2490 3686 2545 3740 in
2570 3687 2769 3749 Leone,
2802 3699 3069 3754 aquarum
3097 3684 3293 3739 ﬁstulis

1732 3782 1907 3837 leonis
1939 3783 2145 3835 vultum
2183 3780 2408 3834 dabant.
2442 3778 2573 3832 Inde
2600 3792 2665 3831 ex
2698 3777 2799 3831 hoc
2847 3791 2986 3831 usus
3019 3776 3208 3846 viguit.
3235 3786 3294 3830 ut

1729 3874 2079 3930 torcularium
2110 3873 2304 3929 fistulis
2321 3871 2496 3926 leonis
2516 3870 2721 3924 vultum
2740 3870 2902 3922 etiam
2924 3868 3292 3937 praestiterint,

1729 3966 1855 4035 quia
1881 3966 1991 4018 vini
2010 3966 2189 4019 ﬂuxus
2216 3964 2464 4017 imitatur
2490 3960 2599 4015 Nili
2629 3959 2924 4023 ﬂuentum,
2951 3958 3075 4027 quia
3107 3958 3161 4011 in
3178 3959 3295 4011 vin-

1729 4056 1921 4110 demiae
1950 4064 2192 4123 tempore
2231 4054 2312 4109 sol
2339 4067 2499 4108 suum
2524 4052 2577 4105 in
2605 4050 2786 4103 Leone
2812 4050 3099 4103 transitum
3132 4048 3296 4104 el'licit

1730 4146 1781 4200 in
1822 4147 2134 4215 temperatis
2176 4146 2330 4200 locis.

55 4237 419 4309 ἀνεῴγνυσαν
448 4239 499 4292 oi
540 4237 900 4309 Ῥωμαῖοιτά
941 4236 1151 4305 μεγάλα
1200 4236 1311 4289 τῶν
1351 4236 1626 4305 δημοσίων
1653 4236 1915 4306 λουτρῶν,
1978 4238 2071 4290 καὶ
2104 4237 2236 4290 διότι
2286 4239 2319 4307 ἡ
2372 4239 2635 4305 ἀνάχυσις
2664 4237 2829 4291 αὐτοῦ
2878 4238 3090 4306 γίνεται
3141 4232 3293 4302 ἡλίου

58 4335 220 4395 ὄντος
250 4333 306 4385 ὲν
343 4332 702 4397 Λέοντι,τούς
725 4327 986 4398 κρουνοὺς
1010 4325 1119 4377 τῶν
1148 4324 1355 4378 ὑδάτων
1396 4326 1743 4387 λεοντοειδεῑς
1785 4325 2035 4377 ἐποίουν·
2067 4325 2188 4376 ὅθεν
2244 4325 2304 4388 ἐξ
2358 4325 2565 4378 ἐκείνου
2634 4326 2995 4394 ἐπεκράτησε,
3053 4322 3148 4374 καὶ
3186 4322 3295 4372 τῶν

61 4424 371 4494 ὐποληνίων
411 4425 537 4486 τοὺς
583 4421 847 4488 κρουνοὺς
913 4416 1429 4483 λεοντοπροσώπους
1492 4417 1981 4479 κατασκευάζουσι,
2037 4416 2177 4485 ὅτιὴ
2234 4414 2329 4467 τοῦ
2388 4416 2532 4467 οίνου
2590 4414 2862 4483 ἀπόρροια
2908 4412 3154 4482 μιμεῖται
3195 4409 3295 4473 τὴν
3386 4430 3389 4437 -

57 4515 161 4569 τοῦ
197 4513 389 4568 Νείλου
422 4514 602 4583 χύσιν,
632 4512 715 4565 ὅτι
744 4512 805 4564 ιν
828 4508 908 4579 τῷ
946 4506 1125 4580 τρύγῃ
1152 4508 1180 4561 ὁ
1202 4506 1354 4578 ἥλιος
1396 4506 1494 4576 τὴν
1548 4504 1782 4575 πάροδον
1833 4503 1999 4559 αὐτοῦ
2047 4507 2103 4558 ὲν
2125 4504 2203 4575 τῷ
2256 4504 2444 4559 Λέοντι
2499 4504 2733 4556 ποιεῖται
2762 4502 2903 4557 κατά
2933 4501 3058 4565 τούς
3095 4500 3295 4571 εὐκράο

57 4621 198 4668 τους
228 4604 446 4668 τόπους.
