3920 6206
195 298 327 366 1061

1125 300 1523 361 PREFATIO
1558 303 1659 363 AD
1693 302 2041 365 CATENAM
2078 305 2158 368 IN
2186 308 2542 371 PSALMOS.

3285 320 3420 385 1062

190 409 308 469 ταῖς
330 407 370 459 Γ
376 408 573 476 ραοςαῖς
598 404 870 475 ἀσάφειαν
894 402 992 456 ἐπ’
1021 402 1259 478 ὠφελείᾳ
1290 406 1382 460 τοῦ
1413 407 1504 461 νοῦ
1556 407 1753 476 διεγεί-

1862 412 2103 480 quidem,
2142 422 2202 468 ut
2234 415 2322 470 his
2357 425 2616 486 occupata
2646 432 2799 474 mens
2838 435 2869 475 ο
2902 421 3178 493 pejoribns
3209 428 3422 485 abstra-

191 513 300 569 ρων
327 496 493 550 αὑτοῦ
523 496 622 566 τὴν
647 495 927 566 ἑνεργείαν
977 494 1297 562 ἐπετήδευσε
1321 514 1336 529 ·
1363 496 1580 566 πρῶτον
1633 498 1754 566 μὲν,

193 586 279 639 ενα
299 589 509 651 τούτοις
546 585 1005 657 ἐνασχολούμενος
1060 586 1169 640 τῶν
1207 587 1466 658 χειρόνων
1519 589 1755 660 ἀφέλκηο

191 692 303 729 ταιο
357 676 571 743 ἔπειτα,
604 678 686 730 ὅτι
722 677 792 730 τὰ
849 677 996 749 πόνῳ
1050 680 1319 749 κτηθέντα
1374 680 1575 750 μᾶλλόν
1635 697 1752 744 πως

190 768 470 835 ἀγαπᾶται
489 769 584 821 καὶ
612 768 681 821 τὰ
710 768 798 820 διὰ
830 768 1041 838 μακροῦ
1078 772 1479 839 προσγενόμενα
1513 771 1753 841 μονίμως

188 873 249 908 τε
281 859 587 929 παραμένει
614 872 629 887 ⁸
653 850 728 911 ὧν
764 857 822 910 δὲ
854 857 1015 928 ῥᾳδία
1058 859 1092 927 ἠ
1122 859 1334 928 κτῆσις,
1367 860 1425 911 ού
1458 859 1753 930 περισπού-

189 947 381 1013 δαστος
405 952 439 1021 ἠ
470 950 789 1012 ἀπόλαυσις·
806 949 1275 1019 εὐκαταφρόνητος
1310 949 1417 1020 γὰρ
1446 952 1479 1020 ἠ
1504 950 1611 1002 τῶν
1628 967 1750 1020 προσ

189 1040 388 1109 χείρων
437 1040 706 1111 παρουσία
760 1042 855 1094 καὶ
880 1040 1135 1109 οὐδεμιᾶς
1181 1039 1422 1111 φυλακῆς
1458 1040 1751 1111 ἀξιουμένη

188 1133 299 1194 τοῖς
330 1131 531 1202 έχουσι.
555 1134 652 1188 Διὰ
680 1132 840 1186 τοῦτο
872 1133 969 1186 καὶ
986 1135 1019 1201 ἡ
1049 1132 1159 1186 τῶν
1178 1131 1405 1201 ὀνείρων
1424 1134 1585 1201 φύσις
1607 1134 1747 1185 άσα-

191 1223 297 1293 φὴς
329 1226 420 1278 καὶ
441 1225 665 1292 πλαγία,
694 1226 786 1280 καὶ
814 1225 934 1277 οὐδὲ
958 1226 1167 1295 μικρᾶς
1204 1224 1430 1293 δεομένη
1460 1224 1559 1295 τῆς
1576 1223 1750 1281 ὲκτοῦ

189 1311 282 1365 νοῦ
307 1314 634 1382 έντρεχείας,
668 1314 761 1367 καὶ
795 1313 964 1384 πολλὴ
995 1313 1287 1382 συγγένεια
1312 1313 1449 1386 πρὸς
1469 1314 1537 1367 τά
1556 1313 1752 1381 ἐκτῶν

188 1401 413 1471 ὀνείρων
434 1404 768 1473 αἰνιγμάτων
792 1406 904 1469 τοῖς
930 1404 1050 1457 κατ’
1068 1404 1361 1475 ὲπίκρυψιν
1385 1406 1443 1457 ὲν
1464 1406 1529 1473 τῇ
1561 1404 1750 1475 Γραφῇ

186 1488 538 1559 δηλουμένοις
566 1506 582 1522 ’
608 1492 732 1548 ὅθεν
755 1494 848 1546 καὶ
921 1493 1116 1563 Ἰωσὴφ
1144 1495 1239 1547 καὶ
1290 1493 1486 1564 Δανιὴλ
1504 1493 1581 1563 τῷ
1619 1510 1749 1563 προ-

189 1581 404 1650 φητικῷ
430 1580 729 1653 χαρίσματι
752 1583 822 1639 τὰ
850 1584 1103 1655 ὀνείρατα
1133 1584 1500 1652 διεγίνωσκον,
1563 1583 1751 1655 ἐπειδὴ

189 1671 289 1725 οὐκ
316 1672 564 1743 αὐτάρκη
615 1676 685 1729 τά
716 1674 826 1727 τῶν
861 1675 1079 1728 ἐννοιῶν
1124 1676 1259 1745 πρὸς
1284 1675 1383 1743 τὴν
1437 1676 1607 1745 θήραν
1652 1677 1750 1745 τῆς

1860 500 2022 553 liatur
2049 517 2064 566 ;
2089 501 2307 567 deinde,
2337 503 2465 574 quia
2495 505 2679 559 labore
2704 508 2927 575 quaesita
2956 514 3125 584 magis
3147 517 3417 585 quodam—
3507 574 3515 587 ,

1857 589 2021 643 modo
2054 603 2325 657 amamus,
2353 601 2406 647 et
2429 609 2550 662 quae
2579 594 2725 650 lente
2749 599 2973 656 veniunt
3014 613 3272 672 perpetuo
3326 607 3423 659 du-
3503 600 3509 615 ’

1857 691 1981 735 rant
2010 698 2024 735 :
2060 698 2292 753 quorum
2346 696 2525 741 autem
2560 687 2735 741 facilis
2764 700 2848 743 est
2878 694 3184 761 arquisitio,
3211 696 3420 753 finitio-

1857 788 1980 827 nem
2028 790 2136 829 non
2172 777 2511 833 aemulamur.
2550 779 2981 851 Contemptiliilis
3038 787 3182 841 enim
3236 803 3419 845 rerum

1853 878 1974 932 quae
2002 874 2131 919 sunt
2157 864 2224 918 ad
2252 882 2470 921 manum
2496 871 2794 936 possessio,
2828 882 2881 927 et
2904 874 3107 930 nullius
3150 880 3415 935 custodiae

1854 954 2014 1023 digna
2036 954 2249 1010 videtur
2271 956 2617 1014 habentibus.
2638 959 2764 1015 Ideo
2781 971 2834 1017 et
2856 966 3412 1034 somniorum;natura

1853 1043 2085 1101 obscura
2120 1054 2174 1099 et
2198 1047 2477 1118 ambigua,
2536 1066 2714 1119 neque
2754 1068 2917 1121 parva
2966 1055 3168 1125 indiget
3224 1062 3420 1114 mentis

1851 1133 2150 1205 diligentia.
2210 1135 2277 1189 Et
2328 1152 2582 1207 magnam
2626 1141 3006 1208 cognationem
3065 1146 3261 1201 habent
3296 1163 3418 1202 cum

1851 1223 2191 1279 somniorum
2224 1225 2625 1296 aznigmatibus,
2659 1244 2780 1299 qua:
2806 1245 2901 1298 per
2923 1230 3160 1288 latebras
3190 1235 3242 1289 in
3279 1236 3422 1290 Scri-

1850 1322 2009 1385 ptura
2036 1316 2401 1370 ostenduntur
2430 1334 2443 1370 :
2482 1317 2608 1372 inde
2630 1316 2829 1387 Josepli
2861 1330 2913 1375 et
2954 1320 3140 1377 Daniel
3188 1329 3421 1395 prophe-

1852 1403 1954 1458 tica
2014 1403 2184 1470 gratia
2250 1403 2463 1459 somnia
2516 1405 2934 1474 perspiciebant,
3006 1410 3262 1478 quoniam
3310 1428 3418 1467 non

1850 1492 2127 1548 sulliciunt
2155 1494 2500 1564 cogitationis
2530 1496 2675 1549 vires
2708 1480 3227 1566 ad'acquisitionem
3282 1503 3422 1556 veri-

1852 1579 2119 1636 tatis.'Ad
2158 1580 2271 1635 hare
2301 1581 2508 1636 utilitas
2545 1591 2629 1639 est
2655 1585 2780 1638 vita:
2824 1587 3102 1654 puritatis,
3132 1589 3205 1643 ita
3254 1600 3311 1643 ut
3354 1593 3420 1644 ad

1850 1671 2071 1725 moralis
2098 1672 2317 1727 virtutis
2335 1674 2655 1733 exercitium
2687 1677 2833 1746 quod
2877 1678 2932 1733 in
2982 1676 3260 1748 Scriptura
3296 1682 3424 1737 latet

190 1737 624 1834 ﬂowing-[100;
648 1764 707 1818 δὲ
736 1765 945 1828 τούτοις
986 1766 1144 1834 χρεία
1171 1737 1273 1835 τῆς
1299 1737 1359 1820 ἐν
1384 1766 1462 1837 τῷ
1490 1737 1601 1835 ’ῥίῳ
1648 1737 1749 1819 καέ

1856 1761 2224 1830 dignoscatnr.
2257 1762 2472 1820 Utilitas
2504 1766 2607 1819 alia
2631 1737 2720 1820 est
2739 1778 2933 1836 praeter
2960 1769 3080 1823 vitre
3103 1737 3415 1839 puritatem,

192 1852 667 1924 θαρότητος,ὦστε
712 1856 807 1909 καὶ
845 1856 981 1925 πρὸς
1002 1855 1099 1926 τὴν
1151 1855 1249 1927 τῆς
1293 1857 1491 1927 ἠθικῆς
1551 1859 1751 1928 ἀρετῆς

192 1943 533 2013 επιτήδευσιν
554 1946 615 1998 τὸ
643 1947 701 1999 ὲν
726 1947 847 2011 ταῖς
876 1945 1123 2015 Γραφαῖς
1174 1945 1593 2015 κεκαλυμμένον
1630 1946 1747 1998 δια-

192 2034 498 2104 γνωσθῆναι
527 2050 541 2064 ⁸
569 2036 727 2106 χρεία
748 2035 805 2088 δὲ
839 2037 974 2107 πρὸς
1002 2040 1069 2107 τῇ
1119 2035 1449 2107 καθαρότητι
1498 2037 1592 2089 τοῦ
1633 2035 1753 2107 βίου

191 2124 405 2194 καὶτῆς
433 2127 492 2178 ιν
534 2128 654 2189 ταῖς
695 2126 935 2196 Γραφαίς
980 2126 1284 2197 διατριϐῆς,
1330 2128 1418 2181 ἵνα
1440 2128 1500 2181 τὸ
1548 2142 1749 2196 σεμνοο

194 2216 396 2285 πρεπὲς
415 2217 508 2269 καὶ
536 2233 701 2285 μυστι
719 2216 812 2269 κδν
833 2216 942 2268 τῶν
973 2216 1133 2270 θείων
1162 2216 1359 2285 λογίων
1397 2217 1461 2268 ἐκ
1490 2215 1588 2284 τῆς
1627 2231 1750 2268 συν-

193 2306 348 2375 εχοῦς
381 2307 611 2377 μελέτης
641 2307 945 2360 immo»
973 2310 1036 2379 τῇ
1058 2308 1225 2378 ψυχῇ.
1247 2308 1367 2360 Ὀτι
1396 2305 1452 2359 δὲ
1484 2305 1597 2374 βίου
1627 2305 1749 2358 ὅλου

189 2396 356 2450 δεῖται
380 2399 412 2467 ἡ
438 2398 545 2451 τῶν
577 2398 735 2453 θείων
760 2398 969 2468 Λογίων
991 2399 1213 2469 μελέτη,
1238 2398 1543 2466 συνίστησιν
1572 2398 1598 2449 ό
1622 2397 1750 2449 Μω-

198 2486 336 2550 σέως
368 2488 502 2557 βίος,
529 2490 589 2552 ὃς
644 2492 702 2542 έν
731 2491 829 2560 μὲν
853 2493 923 2560 τῇ
977 2488 1171 2559 πρώτῃ
1217 2504 1752 2557 τεσσαρακονταετη-

192 2577 295 2649 ρίδι
334 2578 626 2648 ἐπαιδεύθη
655 2581 724 2632 τὰ
776 2578 1114 2646 Αἰγυπτίων.
1156 2579 1281 2630 Ἐπὶ
1321 2578 1378 2631 δὲ
1413 2580 1481 2647 τῇ
1525 2577 1755 2646 δευτέρᾳ

190 2670 801 2740 τεσσαρακονταετηρίδι
821 2671 914 2723 ἐπὶ
929 2669 1197 2739 προφάσει
1222 2667 1314 2721 τοῦ
1348 2668 1653 2737 ποιμαίνειν
1673 2669 1753 2728 είς

189 2756 287 2818 τὰς
304 2758 541 2826 ἐρημίας
552 2760 912 2829 ἀναχωρήσας
932 2762 998 2829 τῇ
1014 2759 1213 2829 θεωρία
1231 2757 1336 2812 τῶν
1352 2757 1520 2810 ὅντων
1533 2758 1754 2825 ὲπεσχό-

190 2848 278 2915 λα,
296 2851 389 2903 καὶ
402 2848 546 2904 οὕτω
560 2849 743 2905 λοιπὸν
756 2852 853 2920 τῆς
883 2852 976 2904 τοῦ
1009 2850 1144 2907 Θεοῦ
1166 2850 1481 2920 ἐπιφανείας
1504 2848 1753 2915 ἀξιωθεὶς

136 2954 137 2957 ‘
192 2943 332 3012 μετὰ
354 2941 453 3011 τὴν
480 2942 1112 3012 τεσσαρακονταετηρίδα
1142 2942 1289 2996 άκων
1336 2941 1439 2995 ὑπὸ
1498 2941 1597 3010 τῆς
1633 2940 1754 3011 φιλ-

1852 1851 2284 1908 conversalionis
2351 1854 2405 1906 in
2448 1853 2765 1924 Scripturis,
2816 1867 2875 1911 ut
2911 1858 3147 1928 dignitas
3202 1869 3256 1916 et
3293 1875 3420 1917 san-

1850 1941 2015 1994 ctitas
2042 1941 2355 1995 divinorum
2388 1943 2678 1998 verborum
2700 1948 2895 2005 anima:
2915 1964 2978 2005 ex
3005 1951 3225 2005 assiduo
3242 1954 3421 2008 studio

1852 2031 2221 2101 imprimatur.
2281 2031 2437 2097 Quod
2516 2044 2697 2091 autem
2766 2049 2877 2092 tota
2943 2040 3051 2095 vita
3114 2052 3270 2111 egeat
3336 2044 3421 2098 di-

1850 2122 2099 2177 vinorum
2134 2123 2421 2178 verborum
2458 2126 2723 2190 studium,
2763 2137 2995 2183 testatur
3023 2128 3220 2200 Moysis
3268 2132 3417 2198 vita;

1850 2214 1945 2284 qui
1970 2216 2024 2269 in
2057 2216 2233 2284 primo
2267 2232 2535 2273 annorum
2561 2233 2786 2275 suorum
2847 2221 3282 2292 quadragenario
3339 2225 3424 2278 di-

1851 2306 2059 2360 dicerat
2085 2304 2462 2378 Egyptiorum
2499 2307 2816 2375 doctrinas;
2848 2310 2902 2363 in
2934 2312 3177 2366 secundo
3235 2322 3419 2367 autem

1851 2397 2307 2467 quadragenario,
2347 2398 2450 2453 sub
2472 2407 2731 2467 praetextu
2762 2401 3017 2468 pascendi
3059 2416 3189 2457 oves
3224 2403 3276 2456 in
3328 2403 3422 2457 de-

1852 2496 1996 2543 serta
2014 2488 2297 2552 secedens,
2318 2488 2761 2558 contemplationi
2795 2490 3003 2545 entium
3066 2492 3315 2560 vacabat,
3370 2504 3423 2549 et

1853 2579 1924 2633 ita
1956 2579 2103 2634 brevi
2156 2579 2252 2634 Dei
2313 2578 2753 2637 manifestatione
2798 2582 2998 2651 dignus
3031 2583 3271 2650 habitus,
3301 2594 3425 2654 post

1854 2682 2123 2723 annorum
2182 2669 2674 2740 qpadragenarium
2718 2670 2813 2726 Dei
2844 2671 3179 2742 benignitate
3210 2676 3278 2730 ad
3324 2674 3425 2729 lio-

1854 2759 2063 2814 minum
2118 2774 2303 2815 curam
2370 2762 2773 2831 suscipiendam
2826 2763 3029 2819 imitus
3083 2763 3320 2831 devenit,
3370 2774 3427 2821 et

1854 2864 1964 2904 non
1995 2860 2257 2921 perpetuo
2280 2860 2391 2905 tum
2424 2853 2477 2919 ip
2502 2853 2738 2922 practica
2799 2853 2908 2908 vita
2960 2857 3287 2923 permansit.
3328 2856 3427 2912 sed

1854 2944 2017 2997 etiam
2047 2942 2115 2997 ad
2153 2942 2637 3010 contemplativam
2693 2944 2897 3012 saepius
2947 2959 3007 2999 se
3078 2946 3426 3011 remittebat;

190 3031 502 3103 ανθρωπίας
530 3032 625 3086 τοῦ
662 3032 796 3085 Θεοῦ
814 3032 907 3086 ἐπὶ
938 3032 1037 3102 τὴν
1066 3032 1174 3085 τῶν
1194 3030 1497 3102 ἀνθρώπων
1555 3028 1750 3099 ἐπιμέ-

1856 3030 2000 3086 undc
2024 3040 2077 3087 et
2104 3032 2160 3086 in
2190 3030 2565 3101 .‘Egyptiornm
2601 3031 2962 3087 idololatriam
3025 3033 3215 3090 incidit
3240 3036 3428 3089 multi-

190 3122 340 3177 λειαν
370 3123 699 3193 κατηνέχθη,
733 3124 827 3177 καὶ
860 3123 981 3176 οὐδὲ
1017 3123 1138 3176 τότε
1191 3122 1453 3192 διηνεκῶς
1486 3121 1562 3191 τῷ
1605 3137 1751 3193 πρα-

192 3213 369 3282 κτικῷ
393 3214 668 3285 παρέμενε
697 3213 817 3285 βίῳ,
856 3213 991 3268 ἀλλὰ
1037 3215 1130 3267 καὶ⁸
1180 3214 1315 3285 πρὸς
1335 3213 1426 3268 τὸν
1464 3211 1757 3267 ἐποπτικὸν

190 3304 403 3363 ἐπανίει
463 3304 762 3371 πολλάκις,
843 3305 966 3359 ὅθεν
1014 3306 1106 3361 καὶ
1145 3307 1223 3371 είς
1267 3305 1366 3375 τὴν
1413 3305 1756 3374 Αίγυπτικὴν

189 3395 580 3465 εἰδωλομανίαν
608 3398 743 3461 ὅλως
799 3396 1075 3467 ὑπηνέχθη
1124 3398 1195 3450 τὰ
1248 3397 1451 3468 πλήθη,
1524 3397 1607 3465 τῷ
1633 3395 1755 3465 Θεῷ

190 3486 442 3550 συνόντος
470 3488 565 3541 τοῦ
583 3488 770 3558 ἀνδρὸς
819 3491 876 3542 έν
901 3489 978 3558 τῷ
1035 3488 1150 3560 ὄρει
1176 3503 1188 3516 ³
1239 3488 1445 3545 τοιοῦτο
1477 3489 1534 3542 δέ
1583 3506 1636 3541 τι
1666 3488 1759 3541 καὶ

191 3576 223 3627 ὁ
260 3573 467 3642 Ἠλίας,
492 3576 587 3631 τὸν
624 3578 734 3630 τῶν
772 3577 1074 3647 ἀνθρώπιον
1127 3578 1282 3649 όχλον
1340 3579 1753 3648 διαδιδράσκων,

192 3667 290 3719 καὶ
314 3668 407 3720 ὲπὶ
464 3668 563 3731 τὰς
634 3668 867 3739 ἐρημίας
934 3669 1271 3743 φιλοχωρῶν.
1324 3670 1390 3725 Εἰ
1428 3670 1607 3725 τοίνυν
1646 3672 1759 3734 τοῖς

194 3757 376 3823 ἁγίοις
412 3761 550 3833 μετὰ
578 3760 759 3829 πάσης
787 3761 1105 3825 εὐσταθείας
1127 3762 1222 3816 τοῦ
1247 3762 1574 3835 ἡγεμονικοῦ
1625 3765 1751 3816 ὲποο

194 3846 338 3898 νεῖτο
367 3846 468 3917 τῆς
506 3847 765 3919 ἀληθείας
791 3851 823 3919 ἡ
851 3848 1098 3923 ζήτησις,
1126 3848 1240 3913 πῶς
1263 3850 1361 3904 οὐκ
1389 3850 1596 3917 ἀλόγως
1632 3850 1758 3912 τοὺς

1868 3123 2020 3188 tudo,
2051 3122 2271 3192 quando
2299 3122 2512 3191 Moyses
2547 3122 2602 3177 in
2630 3133 2813 3179 monte
2847 3139 2969 3179 cum
3008 3124 3120 3180 Deo
3136 3140 3429 3181 conversa-

1858 3215 2039 3270 batnr.
2085 3215 2228 3269 idem
2266 3214 2333 3270 de
2360 3213 2477 3268 Elia
2505 3214 2819 3282 dicendum,
2852 3216 3132 3271 hominum
3157 3216 3425 3273 tumulum

1857 3304 2099 3376 fugiente
2122 3315 2176 3359 et
2209 3304 2261 3359 in
2292 3304 2507 3360 deserta
2556 3305 2858 3360 secedente.
2907 3306 2963 3359 Si
3012 3307 3175 3377 igitur
3223 3309 3429 3365 sanctis

1858 3412 1981 3451 cum
2022 3395 2190 3451 multa
2228 3396 2534 3451 constantia
2560 3395 2714 3449 ducis
2741 3395 2913 3450 nostri
2966 3397 3210 3451 veritatis
3256 3412 3425 3469 expe-

1862 3486 1959 3540 tita
2005 3499 2087 3540 est
2147 3486 2465 3554 exquisitio,
2515 3486 2788 3559 quomodo
2824 3502 2933 3541 non
2976 3486 3227 3542 insanum
3288 3488 3429 3541 loret

1858 3577 2071 3634 fructus
2095 3586 2365 3632 tantorum
2397 3575 2645 3649 laborum
2678 3578 2795 3635 sine
2822 3578 2925 3633 ulla
2986 3578 3200 3633 actione
3249 3577 3429 3646 inqui-

1858 3668 2015 3721 rere?
2037 3666 2273 3720 Observa
2299 3666 2468 3728 enim,
2495 3666 2642 3721 Elias
2675 3676 2936 3735 quantum
2964 3682 3157 3735 passus
3188 3665 3258 3720 sit
3296 3666 3430 3719 s:.li-

1857 3757 2064 3818 tudine,
2088 3756 2416 3821 calamitate,
2441 3754 2644 3819 labore,
2680 3764 2739 3809 ut
2784 3756 2950 3810 Deum
2985 3755 3200 3809 videndi
3231 3754 3428 3825 dignus

1866 3848 2180 3903 haberetur.

198 3941 451 4009 καρποὺς
481 3941 592 3996 τῶν
640 3943 863 4014 μυρίων
904 3945 1169 4015 καμάτων
1203 3945 1330 4001 ἄνευ
1371 3944 1515 4008 τινὸς
1543 3942 1928 4017 πραγματείας
1980 3940 2306 4013 ἐπιζητεῖν;
2342 3940 2510 4013 Τήρει
2568 3939 2698 4011 γάρ,
2736 3940 2830 3995 καὶ
2894 3940 3081 4004 Ἠλίας
3147 3939 3264 4011 μεθ’
3306 3940 3429 3994 ὅσον

196 4032 563 4103 ἀναχωρήσας
609 4035 706 4089 καὶ
755 4036 1007 4109 ἀτυχίας,
1039 4037 1134 4091 καὶ
1193 4036 1495 4106 καμάτους,
1553 4035 1678 4089 ίδεῖν
1694 4034 1824 4088 Θεὸν
1849 4032 2077 4104 ⁴ἠξιώθη.

646 4411 1284 4503 PIUEFATIO
1355 4410 1502 4498 AD
1574 4408 2122 4497 CATENAM
2205 4409 2325 4494 ΙΝ

2424 4403 2985 4493 l’SALMOS.

996 4619 1235 4683 (Catalog.
1271 4633 1388 4671 mss.
1420 4617 1736 4670 bibiiothece
1761 4619 1995 4671 Cothona
2013 4620 2083 4677 4⁸,
2108 4632 2159 4680 p.
2188 4618 2268 4677 25,
2296 4614 2492 4678 Lipsia,
2513 4615 2675 4678 17H.)

286 4928 352 4982 'H
386 4928 617 4995 ἔκδοσις,
640 4929 673 4998 ἡ
708 4926 804 4998 μὲν
835 4926 929 4980 ἐπὶ
956 4923 1338 4996 Καρακάλλου,
1363 4921 1458 4977 τοῦ
1483 4920 1753 4992 Ῥωμαίωι

1952 4919 2160 4982 Vel-sio.
2216 4920 2305 4973 illa
2348 4920 2564 4985 quidem
2612 4919 2940 4990 imperatore
2984 4918 3282 4987 Caraealla,
3321 4922 3434 4978 lucc

204 5017 705 5087 ἠγεμονεύσαντος’
747 5019 781 5086 ἡ
832 5016 888 5069 δὲ
944 5016 1038 5069 ἐπὶ
1100 5013 1473 5085 Ἀλεξάνδρου,
1528 5011 1621 5065 τοῦ
1670 5011 1753 5080 τῆς

1877 5020 2054 5063 autem
2092 5009 2401 5063 Alexandro
2424 5009 2715 5064 Manimrea:
2742 5009 2850 5063 lilio
2875 5027 2889 5076 ;
2921 5009 3170 5064 obscura:
3200 5021 3435 5080 utraque

205 5106 471 5175 Μαμαίας
498 5121 514 5135 ο
551 5105 824 5176 ἀπάτορες
861 5105 959 5176 μὲν
991 5105 1310 5177 ἀμφότεροι,
1343 5102 1437 5155 καὶ
1466 5098 1764 5171 ἀνώνυμοι,

1875 5100 2110 5170 originis
2140 5110 2191 5154 et
2222 5100 2460 5154 nominis
2484 5100 2673 5171 ignoti,
2706 5109 3063 5171 przeterquam
3108 5102 3248 5169 quod
3303 5117 3429 5154 nen-

201 5197 341 5263 πλὴν
383 5197 639 5268 οὐδετέρα
664 5196 913 5266 ἀσφαλής
944 5213 958 5226 ·
991 5198 1083 5248 ἐπὶ
1126 5196 1183 5251 δὲ
1255 5193 1633 5259 Διοκλητιανοῦ
1674 5191 1753 5245 xui

1878 5202 1958 5244 tra
2012 5190 2147 5244 satis
2182 5200 2351 5244 certa.
2382 5188 2781 5259 lmperantibus
2809 5201 2989 5245 autem
3024 5191 3357 5245 Diocletiano
3384 5202 3436 5245 et

202 5286 549 5357 Μαξιμιανοῦ
587 5287 694 5341 τῶν
714 5286 1012 5358 τυράννων,
1039 5288 1067 5343 ό
1094 5286 1421 5359 ίερομάρτυς
1451 5284 1763 5347 Λουκιανὸς,

204 5378 344 5451 ἀνὴρ
371 5380 470 5449 οὐχ
501 5374 663 5450 ἦττον
689 5377 759 5432 τὰ
788 5376 898 5430 τῶν
939 5375 1205 5431 Ἰουδαίων
1243 5374 1687 5446 ἁκριδωσάμενος
1712 5374 1763 5443 ⁴ἦ

1875 5282 2204 5338 Maximiano
2260 5283 2526 5353 tyrannis,
2578 5281 2853 5339 Lueianus
2901 5296 3105 5356 martyr
3160 5300 3256 5353 pro
3313 5285 3432 5350 fide,

1883 5377 1963 5429 \ir
1996 5378 2086 5445 qui
2123 5390 2228 5431 non
2264 5374 2451 5429 minus
2475 5373 2789 5429 Graacorum
2824 5391 2986 5445 quam
3020 5373 3326 5428 Jndzeorum
3356 5376 3437 5426 lit-

204 5471 274 5523 τὰ
323 5469 615 5543 Ἑλλήνων,
636 5471 737 5535 τὰς
756 5470 977 5525 ἐκείνων
1011 5470 1224 5541 βίϐλους
1254 5472 1333 5537 εἰς
1367 5470 1465 5529 τὴν
1492 5468 1753 5539 ήμετέραι

1872 5478 2014 5520 teras
2044 5466 2425 5536 percalluerat,
2460 5467 2672 5520 illarum
2706 5467 2875 5521 libros
2903 5467 2957 5520 in
2984 5473 3232 5520 nostrum
3263 5475 3437 5519 trans-

205 5562 483 5616 διάλεκτον
532 5562 886 5635 μετατίθησιν
924 5561 1123 5633 ἄριστά
1155 5579 1212 5616 τε
1240 5561 1334 5617 καὶ
1361 5560 1767 5629 ἀσφαλέστατα,

1872 5556 1995 5609 tulit
2028 5572 2337 5611 sermonem
2361 5558 2563 5626 optime
2593 5570 2645 5613 et
2679 5556 3033 5628 peritissime.
3054 5554 3164 5610 Nos
3198 5572 3323 5610 vero
3346 5558 3433 5625 qui

218 5649 405 5722 Ἷιμεῖς
435 5654 491 5708 δὲ
520 5657 612 5708 καὶ
640 5655 736 5724 τὴν
768 5654 1020 5725 τοιαύτην
1060 5654 1269 5708 ἔκδοσιν
1295 5651 1667 5723 σεεαξόμενοι,
1704 5654 1753 5721 τῇ

1876 5648 2055 5719 magni
2087 5648 2423 5705 aestimamus
2456 5649 2657 5705 habere
2690 5648 2850 5718 hujus
2877 5648 3088 5720 generis
3114 5648 3435 5710 versionem,
