3920 6206
638 282 774 350 1063

1341 290 1732 352 OPUSCULA
1776 292 2401 354 SLRIPTURISTICA
2444 292 2792 354 INCERTIE
2834 294 3136 357 ZETA'IIS.
3622 305 3699 369 lilii

633 397 780 449 illam
827 395 947 450 ideo
999 396 1341 467 septuaginta
1390 399 1621 451 duorum
1676 400 2032 468 interpretum
2088 401 2181 453 im-

2150 416 2193 453 ι-
2229 413 2272 464 Λ
2300 403 2408 455 τῶν
2451 402 2854 473 Ἐδδομήκοντα
2884 404 2972 457 δύο
3018 404 3392 475 προσκείμεθα,
3425 410 3599 478 μάλιστα
3632 418 3698 471 ἐπεὶ

634 487 825 555 primis
858 488 1161 556 sequimur,
1196 489 1340 557 quod
1374 490 1661 557 insigniter
1688 489 1966 545 llebraicze
2000 493 2195 559 lingua:

632 579 1014 646 proprietatem
1060 589 1249 633 nostro
1288 594 1545 635 sermone
1588 584 1997 651 expresserim;
2044 593 2196 638 tanto

635 667 849 735 quidem
881 668 1082 732 studio,
1113 678 1172 720 ut
1203 669 1335 721 dum
1373 670 1499 723 huic
1524 670 1683 725 unice
1712 673 1787 725 rei
1823 672 2016 725 intenti
2049 684 2191 733 Sunt.

634 754 927 819 aliquando
960 769 1058 807 nec
1085 770 1307 808 sensum
1344 771 1444 809 nec
1478 756 1769 811 dictionem
1794 759 2041 813 eamdem
2071 762 2189 812 red-

632 842 783 897 dant.
817 843 1007 908 Iidem,
1067 845 1195 898 dum
1238 845 1481 901 Psalmos
1515 857 1813 917 exponunt,
1839 850 2074 918 primum
2116 858 2196 903 at-

632 950 737 1002 que
767 938 1069 990 secundum
1098 938 1304 1006 absque
1350 938 1510 992 titulo
1538 938 1801 994 exhibent
1846 941 2037 1009 utique
2088 939 2190 995 Es-

630 1026 743 1080 drae
769 1029 1037 1096 exemplo.
1060 1027 1192 1081 Nam
1228 1027 1425 1084 Esdras
1454 1030 1720 1099 imprimis
1753 1031 1984 1101 diligens
2012 1041 2067 1086 et
2099 1033 2197 1086 ho-

634 1125 822 1171 nestus
883 1119 987 1181 vir,
1026 1118 1226 1187 illaque
1273 1121 1617 1190 septuaginta
1666 1121 1899 1175 duorum
1945 1123 2196 1177 versione

633 1218 851 1262 centum
880 1220 931 1263 et
958 1210 1353 1280 quinquaginta
1372 1216 1530 1266 annis
1562 1214 1831 1282 superior,
1870 1226 2062 1285 praater
2090 1218 2193 1270 alia

634 1302 802 1352 multa
833 1302 1176 1354 oraculorum
1196 1315 1474 1355 sacrorum
1492 1303 1667 1358 lacera
1692 1314 1745 1359 et
1768 1306 2053 1375 dissipata,
2072 1322 2198 1375 par-

636 1389 732 1441 tim
758 1389 971 1455 inertia,
993 1391 1188 1459 partim
1223 1391 1600 1461 I’requeutibus
1620 1396 1829 1451 exsiliis
1860 1395 2193 1463 Judzeorum,

633 1477 794 1529 etiam
832 1486 914 1533 ter
956 1480 1103 1532 mille
1144 1480 1383 1549 psalmos
1446 1482 1679 1558 collegit,
1724 1485 1921 1553 quibus
1970 1487 2196 1557 singulis

634 1581 765 1619 suos
789 1568 981 1622 titulos
999 1572 1181 1638 posuit
1205 1609 1219 1632 ,
1243 1587 1365 1639 qua:
1393 1573 1691 1628 etiamnum
1736 1577 2048 1645 prtel'erunt.
2076 1579 2194 1633 Ca:-

2296 494 2639 567 διῃρημένως
2677 494 2775 564 τὴν
2823 496 2921 564 τῆς
2973 496 3251 548 διαλέκτου
3293 499 3699 575 μεταδολὴνποιηςί.

2299 600 2469 652 μενοι,
2508 584 2642 653 μηδέ
2686 585 2743 635 ἐν
2781 583 3028 648 ἑκάστοις
3080 585 3281 639 ἔννοιαν
3322 591 3403 641 καὶ
3438 590 3551 656 λέξιν
3586 597 3702 650 tua.

2295 675 2551 728 δὼκασιν.
2572 669 2731 728 Οὗτοι
2778 676 2873 730 καὶ
2921 678 3045 739 τοὺς
3080 677 3318 747 ψαλμοὺς
3352 684 3628 753 μεταθέμενοι
3653 690 3702 739 τὸν

2296 762 2512 831 πρῶτον
2562 763 2657 816 καὶ
2697 764 2789 815 τὸν
2834 763 3085 835 δεύτερον
3127 769 3497 838 ἀνεπιγράφους
3535 774 3702 838 titiam-

2295 851 2373 919 τῷ
2410 852 2614 923 Ἕσδρᾳ
2658 854 2875 916 πάντως
2931 855 3397 926 ἀκολουθήσαντες.
3444 860 3619 930 Ἔσδρας
3634 867 3705 935 γὰρ,

2308 941 2557 1006 Ἰουδαῖος
2595 944 2897 1014 φιλομαθὴς
2926 946 3020 998 καί⁹
3072 948 3345 1010 σπουδαῖος
3386 950 3519 1020 ἀνὴρ,
3544 956 3708 1022 apum.

2295 1033 2387 1085 τὸν
2452 1034 2546 1087 καὶ
2598 1037 2934 1105 πεντήκοντα
2987 1036 3248 1090 ἐνιαυτῶν
3276 1038 3373 1107 τῆς
3407 1040 3498 1093 τῶν
3540 1041 3710 1113 Ἐὕδομξο

2296 1142 2459 1177 κοντα
2486 1125 2578 1179 δύο
2598 1126 2860 1190 ἐκδόσεως
2886 1127 3059 1181 πολλά
3084 1146 3146 1181 τε
3188 1129 3318 1184 ἄλλα
3344 1130 3439 1184 τῶν
3477 1137 3711 1202 προφητικῶν

2298 1214 2514 1284 βιϐλίων
2542 1216 2867 1287 διαρῤυέντα
2898 1219 2958 1270 τὸ
2991 1219 3093 1287 μὲν
3138 1219 3225 1272 διὰ
3276 1220 3514 1291 ρᾳθυμίαν
3533 1224 3611 1276 τῶν
3640 1227 3713 1277 Ἰν).

2295 1308 2483 1373 δαίων,
2515 1308 2576 1362 τὸ
2605 1310 2662 1362 δὲ
2702 1312 2797 1363 καὶ
2821 1310 2909 1364 διὰ
2930 1311 3031 1374 τὰς
3057 1312 3252 1382 συχνὰς
3278 1314 3595 1383 αἰχμαλωσίας
3617 1317 3711 1369 πάλιν

2300 1399 2594 1468 συνήγαγε,
2638 1399 2733 1452 καὶ
2768 1400 2951 1469 μέντοι
2973 1402 3069 1453 καὶ
3106 1401 3345 1472 ψαλμοὺς
3370 1402 3713 1475 τρισχιλίους·οῇ

2298 1489 2393 1541 καὶ
2435 1490 2831 1559 ἐπιγράμματα
2892 1489 3138 1545 τέθεικεν
3186 1494 3221 1545 ἂ
3264 1492 3352 1545 νῦν
3398 1494 3589 1563 ἔχουσιν.
3632 1496 3713 1547 Ἀλλ’

2301 1578 2527 1649 ὕστερον
2571 1580 2814 1643 Ἐζεκίας
2842 1584 2870 1633 ὁ
2898 1581 3158 1650 θεοσεϐὴς
3203 1582 3461 1652 βασιλεὺς,
3483 1584 3581 1648 τοὺς
3602 1586 3718 1637 trarii

636 1668 809 1712 terum
864 1661 1130 1716 Ezechias
1182 1678 1274 1717 rex
1320 1666 1608 1736 religiosus
1673 1668 1930 1739 deinceps
1977 1679 2184 1725 centum

2169 1688 2193 1725 ιι
2229 1740 2257 1743 ζ
2304 1671 2497 1741 μόνους
2539 1672 2632 1724 καὶ
2661 1674 2996 1742 πεντήκοντα
3026 1672 3273 1741 ψαλμοὺς
3302 1672 3613 1743 ἐκλεξάμενος,
3648 1677 3717 1735 τώς

632 1750 795 1803 modo
824 1761 877 1804 et
919 1753 1315 1823 quinquaginta
1341 1757 1529 1811 electis
1558 1758 1798 1828 reliquos
1827 1761 2180 1829 rejecit.,ldetr

2170 1776 2194 1815 η
2229 1740 2268 1794 Β
2298 1740 2491 1823 ἄλλους
2539 1760 2775 1831 ήθὲτησε
2812 1740 2829 1792 λ
2868 1762 2928 1813 τὸ
2980 1761 3027 1814 δ’
3057 1740 3189 1815 αὐτὸ
3216 1764 3307 1815 καὶ
3355 1740 3718 1834 napi-r1108?)-

633 1839 781 1894 circa
811 1841 1123 1899 Salomonis
1152 1846 1319 1902 libros
1364 1849 1626 1912 instituit,
1665 1866 1902 1921 quorum
1949 1853 2095 1907 omni
2131 1868 2198 1907 ex

633 1942 861 1985 numero
897 1933 1070 1988 tribus
1105 1938 1297 1990 saltem
1328 1938 1505 1992 locum
1550 1938 1701 1993 dedit
1740 1942 1887 1995 inter
1940 1943 2195 2010 oracula;

633 2019 952 2079 Proverbiis
982 2025 1213 2092 scilicet,
1249 2027 1592 2083 Ecclesiaste
1620 2038 1675 2083 et
1701 2029 1964 2097 Cautico;
1990 2034 2199 2087 caeteris

630 2112 899 2168 damnatis
928 2117 1184 2172 Omnibus
1210 2133 1550 2188 quacunque
1596 2122 1799 2177 nimius
1862 2125 2195 2193 intelligendi

630 2204 811 2259 factus
863 2204 1122 2260 Salomon
1159 2210 1239 2261 vel
1262 2209 1328 2261 de
1363 2210 1502 2263 cmlo
1550 2219 1603 2264 et
1655 2212 1957 2279 elementis,
1995 2217 2075 2268 vel
2132 2215 2199 2270 de

631 2295 834 2364 plantis
872 2311 1169 2366 earumque
1208 2299 1505 2353 virtutibus
1557 2312 1961 2358 commentatus
1995 2304 2192 2360 fuerat.

630 2388 781 2454 Quod
816 2396 997 2443 tamen
1034 2405 1127 2443 rex
1146 2390 1409 2445 Ezechias
1431 2393 1673 2462 suscepit
1706 2395 1963 2465 religione
1997 2409 2195 2463 motus,

630 2489 692 2533 ut
720 2480 971 2534 mortales
1001 2495 1190 2535 omnes
1225 2482 1291 2535 ad
1319 2481 1487 2537 Deum
1519 2484 1869 2555 confugerent
1901 2488 2097 2554 solum,
2132 2490 2199 2545 ab

627 2582 693 2624 eo
735 2570 1104 2639 cujuscunque
1148 2571 1486 2641 mgritudinis
1524 2581 1618 2627 aut
1668 2574 1845 2629 morbi
1899 2578 2197 2633 remedium

629 2665 891 2727 peterent,
917 2676 1090 2729 neque
1109 2662 1375 2731 lapidibus
1399 2673 1450 2717 et
1469 2663 1627 2734 lignis
1652 2666 1879 2720 salutem
1899 2682 2053 2722 suam
2073 2684 2197 2724 cum

628 2756 969 2817 contemptu
1008 2752 1250 2806 numinis
1328 2756 1754 2810 committerent.
1832 2754 1897 2812 Et
1966 2760 2034 2813 de
2114 2760 2202 2815 his

629 2837 913 2892 hactenus.
950 2837 1093 2894 Duas
1122 2851 1302 2895 autem
1329 2843 1683 2901 obscuritatis
1714 2847 1976 2904 librorum
2008 2866 2197 2908 sacro-

627 2941 747 2979 rum
780 2929 1022 2984 rationes
1072 2932 1320 3000 proferre
1369 2950 1695 3005 possumus;
1757 2941 2006 3011 alteram,
2053 2947 2196 3014 quod

626 3033 693 3073 ex
728 3017 953 3075 Hebraeo
984 3022 1036 3076 in
1073 3023 1247 3079 Graeci
1296 3030 1568 3084 sermonis
1620 3034 1862 3088 translati
1892 3046 2023 3090 sunt
2068 3054 2195 3107 pro-
2220 3062 2264 3121 ο

625 3108 935 3177 prietatem.
970 3110 1240 3177 Quantam
1274 3131 1403 3170 vero
1430 3118 1801 3176 dillicultatem
1860 3125 2057 3182 habeat
2088 3130 2192 3182 ali-

624 3213 787 3269 quam
821 3200 1060 3273 linguam
1109 3207 1174 3258 ad
1214 3207 1440 3264 alterius
1470 3210 1666 3281 lingua:
1716 3215 1984 3271 rationem
2024 3224 2193 3275 inter-

625 3290 848 3360 pretari,
903 3307 1094 3349 omnes
1164 3309 1383 3363 norunt,
1431 3310 1700 3372 quotquot
1755 3306 2043 3363 multarum
2088 3310 2195 3365 lin-

624 3397 848 3452 guarum
883 3386 1368 3444 notitianthabent.
1389 3391 1626 3448 Alteram
1660 3411 1810 3462 vero,
1846 3400 1991 3469 quod
2022 3403 2190 3457 multa

622 3469 822 3528 Judaeis
848 3475 1073 3530 adversa
1101 3480 1516 3538 vaticinationes
1548 3486 1874 3554 pmdicunt,
1918 3493 2192 3558 quomodo

623 3564 700 3618 illi
743 3568 1171 3632 exterminaudi,
1202 3586 1300 3626 nos
1348 3574 1645 3643 recipiendi
1692 3578 1886 3634 simus.
1918 3580 1996 3635 Ne
2027 3581 2193 3652 igitur

622 3654 718 3709 sia
752 3656 927 3724 primo
962 3660 1144 3711 statim
1177 3662 1366 3715 auditu
1405 3678 1517 3717 rem
1567 3681 1808 3734 omnem,
1859 3679 1914 3723 ut
1940 3684 2039 3737 est,
2098 3674 2192 3729 de-

621 3746 977 3815 prehendant,
1007 3761 1257 3805 auctores
1288 3764 1396 3807 tam
1429 3756 1599 3811 tristis
1632 3761 1875 3828 responsi
1933 3773 2080 3820 vates
2110 3766 2193 3820 iu-

622 3836 912 3901 terllciant,
952 3839 1232 3910 librosque
1261 3844 1471 3904 tollant,
1500 3846 1618 3901 ideo
1641 3850 1974 3906 obscuritate
2023 3854 2191 3910 inter-

621 3926 942 3994 pretationis
981 3931 1357 3997 praedictiones
1385 3933 1742 3991 involverunt.
1774 3937 2011 3995 Tertimn
2046 3945 2187 4012 quod

620 4015 1099 4073 destinaveramus
1154 4031 1273 4075 erat
1316 4026 1637 4094 exquirere,
1674 4029 1803 4098 quid
1849 4034 2185 4099 psalterium,

618 4113 673 4158 et
697 4114 913 4160 caetera.
943 4106 1075 4162 Dico
1102 4109 1264 4178 igitur
1293 4114 1607 4182 psalterium
1630 4118 2048 4176 instrumentum
2068 4140 2189 4177 tnu-

618 4194 761 4250 sices
792 4210 913 4252 esse
939 4198 1125 4253 decem
1159 4201 1513 4272 chordarum,
1542 4222 1921 4278 supremarum
1948 4216 2186 4283 partium

614 4296 886 4341 ειτυειυτιι
912 4298 968 4344 et
994 4299 1422 4361 temperamento
1452 4313 1646 4354 sonum
1678 4302 1934 4370 efﬁciens,
1965 4322 2181 4362 vocem-

2300 1851 2574 1921 λομῶντος
2619 1852 3027 1922 συγγράμματα
3081 1854 3362 1923 πεποίηκε,
3390 1853 3498 1923 τρία
3537 1854 3634 1921 μόνα
3669 1855 3721 1917 ἐγ-

2299 1941 2488 2011 κρίνας
2509 1958 2523 1974 ·
2554 1943 2652 2005 τὰς
2686 1943 3011 2012 Παροιμίας,
3049 1948 3142 1997 τὸν
3183 1944 3577 2013 Ἐκκλησιαστήν,
3602 1943 3665 1995 καὶ
3689 1944 3724 1993 τὸ

2297 2028 2588 2102 ᾎσμαέΓὰ
2615 2032 2660 2085 δ’
2680 2032 2815 2087 ἄλλα
2836 2033 3010 2087 πάντα
3029 2035 3436 2105 ἀποδοκιμάσας,
3463 2036 3542 2087 ὅσα
3565 2034 3723 2103 περιττὸς

2299 2126 2395 2194 τὴν
2430 2126 2620 2194 σοφίαν
2645 2126 2936 2194 γενόμενος
2955 2127 2983 2178 ὁ
3024 2128 3275 2196 Σολομῶν
3305 2129 3421 2197 περὶ
3462 2126 3652 2197 ούρανοῦ,
3671 2126 3723 2175 ul.

2300 2216 2605 2285 στοιχείων,
2632 2218 2727 2271 καὶ
2773 2217 2974 2286 φυτῶν,
3012 2220 3109 2270 καὶ
3152 2220 3248 2288 τῆς
3288 2219 3493 2271 ἑκάστου
3539 2217 3723 2282 δυνάμεως

2300 2305 2694 2377 συνεγράψατο.
2727 2308 2900 2360 Τοῦτο
2935 2308 2993 2360 δὲ
3040 2308 3184 2361 κατὰ
3215 2308 3424 2377 γνώμην
3458 2305 3611 2372 εὐσεϐῆ
3638 2304 3723 2368 Ἐζε-

2298 2395 2422 2458 κίας
2474 2396 2728 2466 ἐποίησε,
2781 2396 3108 2467 βουλόμενος
3161 2401 3359 2461 πάντας
3408 2397 3652 2467 ἀνθρώπους
3680 2398 3724 2453 εἰς

2297 2486 2429 2538 Θεὸν
2480 2487 2637 2556 μόνον
2689 2489 3083 2557 καταφεύγειν,
3129 2492 3222 2544 καὶ
3270 2490 3391 2560 παρ’
3434 2487 3568 2541 αὐτοῦ
3610 2485 3724 2553 ζητεῖν

2297 2575 2496 2638 παντὸς
2522 2576 2727 2639 πάθους
2760 2578 2856 2632 καὶ
2884 2578 3196 2649 νοσήματος
3233 2579 3501 2649 θεραπείαν
3518 2594 3530 2608 ’
3557 2574 3651 2629 ἀλλὰ
3682 2573 3724 2640 μὴ

2299 2666 2473 2733 ξύλοις
2502 2670 2598 2722 καὶ
2634 2668 2802 2734 λίθοις
2831 2672 3063 2735 ἑαυτοὺς
3084 2673 3405 2735 ἀνατιθέναι,
3429 2666 3651 2723 κάντεῦθεν
3668 2680 3725 2716 κι-

2295 2762 2580 2830 ταφρονεῑν
2602 2763 2701 2831 τῆς
2728 2761 2821 2815 τοῦ
2845 2762 2979 2815 Θεοῦ
3004 2764 3175 2833 τιμῆς
3204 2778 3221 2793 θ
3256 2762 3345 2816 καὶ
3372 2762 3482 2831 περὶ
3507 2759 3584 2829 μὲν
3600 2754 3723 2807 ariam

2295 2848 2551 2904 τοσαῦτα.
2592 2849 2696 2903 Δύο
2728 2850 2785 2903 δέ
2829 2852 3010 2915 αίτίας
3046 2852 3151 2922 τῆς
3186 2852 3291 2904 τῶν
3325 2850 3526 2921 Γραφῶν
3556 2844 3725 2907 dracti:

2295 2940 2469 2991 εἰπεῖν
2497 2938 2690 3008 ἔχομεν
2714 2954 2730 2971 ⁸
2752 2939 2880 3009 μίαν
2902 2940 3026 3010 μὲν,
3046 2941 3129 2994 ὅτι
3144 2939 3250 2993 ἀπὸ
3274 2940 3367 3009 τῆς
3384 2932 3724 3008 Ἐσραῖδοςδιαὶέο

2297 3047 2423 3083 κτου
2443 3031 2518 3093 είς
2536 3030 2633 3100 τὴν
2649 3030 2925 3101 Ἑλληνίδα
2950 3032 3372 3102 μετεϐλήθησαν.
3391 3026 3727 3094 Ὀτανδὲγλὶττι

2296 3123 2374 3185 είς
2393 3122 2584 3192 ἑτέραν
2599 3122 2931 3194 ἐρμηνευθῇ,
2950 3123 3156 3192 πολλὴν
3175 3124 3286 3194 ἔχει
3306 3120 3567 3181 δυσκολίαν,
3583 3115 3649 3168 καὶ
3664 3115 3728 3165 in-

2297 3231 2400 3279 σιν,
2422 3214 2534 3267 ὅσοι
2557 3214 2765 3267 πολλῶν
2795 3214 3059 3283 γλωσσῶν
3085 3216 3353 3287 ἔμπειροι.
3382 3212 3601 3280 Δευτέραν
3612 3207 3663 3268 δὲ.
3682 3206 3728 3254 ὅτι

2296 3306 2466 3360 πολλὰ
2483 3307 2839 3377 προλέγουσιν
2860 3309 2972 3370 τοῖς
2987 3309 3263 3372 Ἰουδαίοις
3280 3309 3334 3361 αἱ
3350 3298 3726 3397 amsancti-attigi.

2295 3400 2389 3451 καὶ
2422 3397 2495 3460 ὡς
2542 3398 2699 3452 αὐτοὶ
2747 3398 2846 3469 μὲν
2897 3398 3347 3470 ἐκϐληθήσονται⁹
3376 3399 3515 3467 ἡμεῖς
3550 3392 3593 3443 δὲ
3628 3389 3729 3488 ειξνςε.

2293 3488 2635 3559 χθησόμεθα.
2663 3489 2756 3542 'lv‘
2784 3488 2876 3542 οὖν
2912 3490 2986 3559 μὴ
3019 3490 3209 3559 σαφῶς
3235 3489 3530 3579 ἀκούσαντες
3555 3476 3661 3549 παρά
3676 3476 3729 3579 τῂν

2294 3578 2468 3650 ἀρχὴν
2500 3580 2935 3651 διαχειρίσωνται
2976 3582 3109 3645 τοὺς
3136 3581 3384 3643 λέγοντας
3419 3575 3726 3671 ’ταῦταΔ

2294 3691 2409 3739 τας,
2439 3676 2533 3728 καὶ
2558 3675 2625 3727 τὰ
2648 3675 2826 3745 βισλία
2852 3676 3183 3744 ἀφανίσωσι,
3211 3676 3297 3729 διὰ
3322 3673 3464 3728 τοῦτο
3488 3672 3541 3740 τῇ
3562 3668 3730 3725 δυσκολίὲ

2292 3770 2391 3835 τῆς
2417 3767 2709 3837 ἑρμηνείας
2760 3767 2861 3832 τὰς
2909 3769 3249 3839 προρρήσεις
3290 3754 3729 3859 ἀπέκρυψανξτξξῗν

2294 3857 2581 3926 προέκειτο
2624 3858 2878 3929 ζητῆσαι,
2905 3859 2960 3912 τί
3007 3858 3069 3911 τδ
3109 3859 3415 3930 ψαλτήριον*
3452 3854 3530 3908 καὶ
3566 3848 3616 3943 ﬁ

2296 3946 2449 4000 Ἔστι
2496 3947 2674 4001 τοίνυν
2708 3949 2768 4001 τὸ
2793 3948 3090 4019 ψαλτήριον
3136 3951 3361 4020 ὄργανον
3405 3942 3618 4017 μουσικὸν
3632 3937 3729 3987 δεκάο

2292 4038 2501 4107 χορδον,
2536 4040 2599 4092 ἐκ
2629 4038 2737 4092 τῶν
2760 4039 2968 4092 ἄνωθεν
3006 4058 3073 4111 με
3085 4042 3194 4111 ρῶν
3217 4041 3316 4105 τῆς
3336 4031 3625 4100 κατασκευῆς
3647 4029 3729 4079 datr

2290 4127 2478 4181 τελοῦν
2522 4129 2614 4183 τὸν
2651 4124 2807 4200 ἦχον,
2832 4132 3191 4201 ἐναρμονίους
3232 4134 3353 4195 τοὺς
3399 4128 3623 4199 φθόγγους
3648 4115 3730 4185 πίθλῖ

2288 4218 2386 4286 τὴν
2439 4220 2504 4272 ἐκ
2554 4220 2652 4290 τῆς
2686 4221 2868 4291 φωνῆς
2918 4221 3188 4293 μελῳδίαν
3217 4219 3495 4276 ἀποδιδοῦν.
3528 4204 3729 4309 [lupi-lli“

2303 4311 2576 4382 Ἑϐραίοις
2610 4312 2779 4366 ναύλα
2808 4312 3118 4384 λεγόμενον,
3156 4316 3284 4384 παρ’
3307 4313 3510 4379 Ἕλλησι
3533 4306 3577 4359 δὲ
3602 4300 3730 4363 ιιιθιὶρ³

613 4393 720 4448 que
750 4382 1085 4438 modulatum
1124 4385 1189 4440 ad
1220 4386 1472 4444 humana:
1503 4392 1652 4445 vocis
1701 4405 2023 4452 concentum
2087 4415 2161 4454 ac-

2216 4382 2261 4437 θ
2290 4402 2707 4473 ὀνομαζόμενον.
2722 4382 3178 4460 Κατεσκευάσατο
3189 4382 3297 4477 γὰρ
3323 4405 3488 4464 αὐτοῖς
3500 4396 3625 4468 ὀρθὸν
3635 4389 3729 4455 ξύλον

611 4472 972 4528 commodam.
998 4472 1237 4531 Hebraeis
1262 4479 1481 4547 quidem
1512 4483 1752 4539 nablium
1788 4486 2009 4553 dicitur,
2034 4490 2179 4545 Crte-

611 4559 690 4613 cis
719 4563 928 4618 cithara
982 4568 1153 4622 audit.
1217 4569 1446 4626 Rectum
1501 4573 1577 4627 illi
1613 4575 1815 4644 lignum
1872 4588 2067 4649 parant
2126 4592 2181 4636 et

610 4650 925 4708 alterutram
958 4655 1015 4708 in
1054 4667 1262 4726 partem
1299 4662 1555 4716 inﬂexum
1584 4664 1710 4720 huic
1740 4668 1973 4725 chordas
2022 4672 2180 4725 indu-

611 4746 743 4791 cunt
768 4738 1015 4795 intensas
1046 4745 1254 4798 decem.
1291 4748 1535 4813 Quarum
1570 4767 1912 4823 unaquaque
1963 4759 2031 4812 ad
2060 4774 2179 4814 ver-

611 4824 770 4879 ticem
821 4830 1048 4884 seorsim
1082 4832 1285 4903 illigata
1323 4848 1425 4904 est,
1457 4840 1579 4895 inde
1625 4847 1800 4913 capita
1847 4847 2173 4907 chordarum

607 4913 930 4982 dependent.
969 4916 1165 4975 Decem
1219 4926 1361 4979 enim
1399 4929 1580 4996 paxilli
1605 4943 1700 4986 aut
1749 4936 1997 4993 verticilli
2028 4942 2175 4997 circa

606 5005 847 5060 cubitum
889 5023 1050 5078 quem
1084 5012 1271 5070 dicunt
1319 5018 1560 5086 citharae,
1594 5030 1938 5095 torquentur,
1977 5032 2174 5099 quibus

605 5095 873 5154 chordzeis
907 5101 1202 5172 aliquando
1229 5106 1601 5180 intenduntur,
1629 5114 1897 5173 interdum
1924 5095 2175 5178 laxantur

604 5190 671 5245 ad
706 5192 925 5251 modqu
957 5208 1256 5255 concentus
1293 5212 1386 5256 aut
1421 5203 1630 5259 libitum
1660 5207 1975 5267 citharista.
1998 5216 2173 5285 Atque

604 5280 705 5335 hoc
728 5291 811 5337 est
835 5284 978 5353 quod
1004 5302 1233 5358 magnus
1254 5289 1487 5350 Basilius
1506 5297 1656 5361 dicit,
1675 5300 1989 5368 psalterium
2017 5280 2171 5363 initia

602 5388 794 5429 vocum
818 5375 1015 5433 habere
1040 5379 1091 5433 in
1117 5395 1351 5440 summo.
1369 5385 1550 5455 Neque
1577 5391 1741 5459 enim,
1764 5401 1824 5448 ut
1845 5394 1897 5448 in
1929 5396 2050 5453 aliis
2077 5414 2171 5453 vo-

600 5478 721 5518 cum
780 5471 1019 5540 organis,
1069 5484 1259 5531 cantor
1304 5483 1674 5550 attemperalis
1737 5488 1903 5542 semel
1951 5490 2170 5547 chordis

604 5554 776 5611 otiose
802 5564 957 5629 quasi
992 5566 1234 5622 abutitur
1258 5568 1505 5639 pulsibus
1532 5589 1547 5638 ;
1580 5574 1672 5629 sed
1725 5587 1849 5646 post
1898 5588 2168 5650 tempera-

605 5655 843 5703 mentum
897 5671 1092 5713 vocum
1125 5659 1317 5717 dextra
1374 5662 1598 5734 quidem
1638 5668 1909 5737 plectrum
1968 5680 2167 5728 tractat

2290 4494 2385 4547 καὶ
2430 4494 2851 4565 άπαρέγκλιτον,
2884 4496 3075 4567 χορδαὶ
3107 4498 3165 4551 δέ
3205 4499 3261 4550 ἐν
3308 4493 3468 4563 τούτῳ
3501 4489 3605 4583 δέκα

2286 4600 2459 4637 νοντο.
2504 4583 2740 4655 Ἐκάστη
2785 4584 2842 4638 δὲ
2871 4585 2981 4638 τῶν
3009 4586 3217 4657 χορδῶν
3238 4587 3314 4648 εἰς
3337 4584 3394 4637 τδ
3422 4575 3727 4667 ἀκροτελεύῖιῗ

2282 4674 2378 4727 τοῦ
2427 4674 2724 4745 ψαλτηρίου
2772 4675 3120 4747 διῃρημένως
3169 4657 3728 4760 ἐναιιιιεσφίγγειτοίίιῖξἑ

2285 4765 2455 4835 ἀρχαὶ
2484 4766 2591 4819 τῶν
2620 4765 2823 4837 χορδῶν
2854 4769 3105 4822 καθίεντο
3150 4768 3373 4824 ἄνωθεν.
3405 4764 3529 4817 Δίκα
3565 4757 3646 4826 γὰρ
3672 4757 3727 4846 κθξ

2282 4856 2456 4921 λαόοι,
2510 4858 2608 4912 εἶτ’
2664 4856 2757 4913 οὖν
2808 4860 3172 4915 πασσαλίσκοι
3220 4860 3344 4932 περὶ
3374 4858 3456 4911 τὸν
3501 4853 3638 4921 πῆχυν
3672 4856 3727 4932 τθῗ

2280 4946 2582 5018 ψαλτηρίου
2632 4948 2992 5018 στρεφόμενοι
3046 4926 3309 5002 ἐτείνοντο
3356 4946 3446 5016 τήν
3486 4936 3638 5013 χορδὴν
3671 4926 3727 4979 καὶ

2280 5038 2507 5109 ἐχάλων,
2540 5038 2675 5109 πρὸς
2712 5039 2770 5092 δὲ
2801 5039 2892 5091 τὸν
2919 5039 3127 5110 ῥυθμὸν
3147 5040 3244 5110 τῆς
3269 5035 3528 5109 ἁρμονίας,
3550 5027 3622 5082 καὶ
3643 5018 3726 5087 πρὸξ

2278 5129 2338 5181 τὸ
2367 5128 2458 5182 τοῦ
2489 5128 2778 5201 ψαλτφδοῦ
2817 5130 3080 5202 βούλημα.
3102 5133 3211 5185 Καὶ
3240 5129 3388 5184 τοῦτό
3414 5129 3556 5186 ἐστιν,
3581 5120 3601 5170 ὅ
3623 5122 3725 5206 φητξν

2278 5222 2306 5273 δ
2333 5222 2508 5290 μέγας
2538 5221 2835 5287 Βασίλειος,
2851 5223 2932 5276 ὅτι
2959 5222 3022 5277 τὸ
3040 5223 3330 5293 ψαλτήριον
3352 5216 3531 5273 ἄνωθεν
3555 5210 3638 5279 ἔχει
3659 5210 3724 5250 των

2276 5310 2527 5381 φθόγγων
2551 5311 2645 5376 τὰς
2673 5314 2947 5384 ἀφορμάς.
2963 5314 3036 5367 Οὐ
3058 5315 3183 5384 γὰρ,
3207 5313 3388 5381 ὥσπερ
3408 5307 3489 5361 ἐπὶ
3512 5300 3597 5404 τῶν

2275 5402 2699 5473 ὀργάνων,ἆπαξ
2722 5405 2750 5457 ὁ
2770 5382 3025 5474 μουσικὸς
3051 5382 3472 5476 ἐναρμσάμενος
3498 5394 3578 5455 τὰς

2275 5494 2645 5565 ἀπραγμόνως
2697 5496 2895 5566 χρῆται
2930 5496 3010 5566 τῷ
3049 5496 3333 5567 κρούματι,
3358 5490 3480 5547 ἀλλὰ

2276 5584 2541 5655 ἁρμονίαν
2594 5588 2627 5656 ή
2682 5587 2779 5658 μὲν
2831 5586 2980 5651 δεξιὰ
3027 5586 3088 5640 τὸ
3134 5587 3401 5658 πλῆκτρον
3442 5583 3720 5650 μεταχειριειί⁸

2274 5692 2365 5727 ται
2396 5692 2411 5706 ο
2478 5678 2511 5746 ή
2567 5676 2622 5729 δὲ
2692 5678 2818 5733 λαιὰ
2858 5678 3063 5739 ἄνωθεν
3106 5675 3479 5747 ἐπιτευξαμένη
3518 5665 3604 5719 τῶν
3639 5665 3720 5724 ῘΨ
