4038 6194
281 410 423 473 1065

1218 398 1614 462 PRIEFATIO
1652 399 1751 459 AD
1784 396 2133 458 CATENAM
2171 397 2248 459 ΙΝ
2279 397 2633 457 PSALMOS.
2654 456 2685 477 ἱ,

3376 395 3514 459 ωδε

261 524 370 577 δῶν
426 518 569 574 κατὰ
624 516 935 577 διαστάσεις
964 554 981 580 ,
1037 511 1135 566 καὶ⁵
1187 511 1371 564 πυκνὰ
1448 510 1573 572 τοὺς
1632 505 1836 562 δακτύ-

1970 507 2162 561 inistra
2196 523 2323 561 vero
2366 507 2418 559 in
2449 522 2664 561 stutimo
2681 503 2915 564 chordas
2938 503 3211 575 stringens
3238 506 3515 576 periniur-

265 617 389 678 λους
451 611 819 681 μετατιθεῖσα,
847 608 1018 678 βαρὺν
1067 606 1101 677 ἢ
1152 605 1277 671 ὀξὺν
1318 600 1411 657 τὸν
1464 601 1699 671 φθόγγον
1747 600 1839 669 ip-

266 706 513 774 γάζεται.
558 701 775 756 Πολλῶν
806 700 863 752 δὲ
907 699 1075 751 δντων
1103 697 1353 767 ὀργάνων
1412 693 1707 767 μουσικῶν,
1738 685 1837 764 τὴν

269 796 448 865 βίϐλον
476 795 586 846 τῶν
638 790 884 861 Ψαλμῶν
931 790 1067 860 πρὸς
1111 791 1173 841 τὸ
1215 788 1505 857 λεγόμενον
1544 784 1840 854 ψαλτήριον

267 888 509 957 ἥρμοσεν
542 886 570 937 δ
594 884 901 954 προφήτης,
932 881 1053 951 ὲμοῖ
1085 880 1283 941 δοκεῖν,
1318 878 1416 947 τὴν
1444 874 1650 931 ἄνωθεν
1683 872 1835 945 αὑτῷ

270 977 569 1047 ὲνηχοῦσαν
608 976 765 1045 χάριν
807 973 955 1043 παρὰ
1002 970 1096 1025 τοῦ
1144 969 1457 1039 Πνεῦματος
1501 965 1840 1034 ἐνδεικνύμε-

272 1087 360 1131 νος
387 1084 400 1097 ’
425 1068 563 1121 διότι
601 1067 757 1122 τοῦτο
790 1067 949 1136 μόνον
984 1064 1093 1117 τῶν
1129 1062 1403 1133 μουσικῶν
1446 1061 1695 1129 ὀργάνων
1741 1059 1842 1129 τήν

275 1160 456 1215 αίτίαν
474 1158 580 1212 τῶν
603 1158 854 1228 φθόγγων
887 1158 951 1209 ὲκ
981 1156 1090 1209 τῶν
1122 1154 1330 1209 ἄνωθεν
1352 1152 1484 1223 ἔχει,
1508 1151 1582 1216 ὡς
1604 1152 1841 1223 εἴρηται.

276 1252 355 1321 Τῇ
385 1251 583 1321 κιθάρᾳ
622 1250 721 1320 μὲν
744 1250 874 1321 γὰρ,
899 1251 991 1303 καὶ
1022 1253 1085 1321 τῇ
1129 1249 1269 1320 λύρᾳ
1297 1247 1541 1301 κάτωθεν
1572 1249 1601 1300 ὁ
1634 1246 1836 1316 χαλκὸς

280 1341 487 1409 ὑπηχεῖ
525 1340 660 1407 πρὸς
688 1339 750 1391 τὸ
794 1338 1068 1409 πλῆκτρον
1096 1355 1111 1370 ·
1140 1337 1203 1390 τὸ
1238 1337 1535 1407 ψαλτήριον
1583 1335 1641 1389 δὲ
1684 1334 1841 1387 τοῦτο

277 1431 384 1483 τῶν
424 1429 736 1502 ἁρμονικῶν
775 1428 999 1500 ῥυθμῶν
1048 1428 1252 1481 ἄνωθεν
1293 1428 1405 1497 ἔχει
1433 1426 1531 1490 τὰς
1563 1425 1841 1496 ἀφορμὰς,

280 1523 367 1575 ἵνα
394 1522 677 1590 καῌγμεῖς
716 1520 785 1573 τὰ
812 1520 923 1575 ἄνω
965 1522 1152 1591 ζητεῖν
1181 1519 1518 1591 μελετῶμεν,
1550 1519 1645 1572 καὶ
1677 1517 1753 1590 μὴ
1776 1520 1843 1588 τῇ

279 1613 439 1684 ήδονῇ
484 1611 578 1665 τοῦ
617 1611 809 1682 μέλους
833 1610 929 1664 ἐπὶ
968 1611 1037 1665 τὰ
1061 1611 1162 1679 τῆς
1202 1610 1401 1681 σαρκὸς
1426 1609 1570 1680 πάθη
1602 1625 1845 1678 καταφε-

281 1704 523 1775 ρὼμεθα.
552 1706 787 1759 Κάκεῖνο
810 1704 867 1756 δὲ
890 1700 1042 1774 οἶμαι
1073 1703 1165 1756 τὸν
1185 1702 1520 1773 προφητικὸν
1557 1701 1713 1770 λόγον
1746 1700 1844 1770 βα-

282 1798 416 1858 θέως
458 1798 591 1865 ήμῖν
644 1796 734 1848 καὶ
778 1794 957 1863 σοφῶς
998 1794 1085 1847 διὰ
1118 1796 1218 1865 τῆς
1263 1792 1355 1846 τοῦ
1402 1791 1632 1862 ὀργάνου
1675 1807 1846 1845 κατα-

1946 597 2084 651 valla
2115 606 2168 652 et
2201 597 2391 652 crebro
2420 597 2683 651 oberrans
2712 596 2916 666 digitis,
2947 612 3141 651 sonum
3177 610 3269 652 aut
3298 612 3515 669 graVem

1945 695 2039 741 aut
2060 697 2277 743 acutum
2300 687 2481 743 eiiicit.
2503 687 2764 752 Quamvis
2785 701 2913 742 vero
2936 704 3041 741 non
3070 705 3233 742 unum
3257 692 3326 744 sit
3354 705 3517 759 orga-

1948 792 2075 833 num
2130 778 2423 843 musicum,
2458 776 2795 833 Psalmorum
2833 786 3011 834 tamen
3058 779 3255 835 librum
3292 784 3357 834 ad
3383 780 3517 836 illud

1947 870 2091 938 quod
2114 869 2427 939 ps:iiterium
2477 868 2673 923 dicitur
2697 869 2933 925 maxime
2971 872 3403 926 accommodavit
3428 890 3520 925 va-

1948 970 2052 1021 tes,
2073 970 2130 1015 ut
2150 960 2279 1014 mihi
2301 961 2529 1025 videtur,
2560 962 2785 1030 gratiam
2810 962 2954 1016 illam
2984 965 3158 1018 sancti
3184 965 3421 1035 Spiritus
3451 966 3521 1019 si-

1949 1049 2302 1121 gniﬁcaturus
2351 1066 2473 1118 quae
2519 1066 2584 1105 ex
2618 1052 2727 1104 alto
2784 1052 3003 1121 profusa
3055 1055 3413 1110 suavissimos
3465 1059 3519 1109 in

1954 1141 2075 1211 ipso
2108 1142 2299 1195 modos
2333 1142 2502 1196 cieret
2536 1159 2550 1195 :
2587 1142 2714 1210 quia
2749 1141 2853 1196 hoc
2906 1144 3083 1197 solum
3119 1144 3257 1199 inter
3313 1147 3520 1200 musica

1949 1232 2331 1295 instrumenta,
2348 1245 2566 1299 vocum,
2589 1232 2923 1299 utdiximus,
2942 1245 3135 1288 causas
3155 1250 3185 1288 a
3208 1240 3523 1290 summitate

1950 1323 2130 1377 habet.
2154 1323 2388 1378 Cithara:
2409 1323 2625 1393 quidem
2643 1334 2697 1379 et
2715 1324 2841 1394 lyra:
2865 1323 2931 1379 ad
2962 1324 3151 1391 plectri
3189 1326 3403 1395 pulsum
3448 1341 3524 1382 :cs

1951 1416 2177 1472 inferius
2208 1416 2501 1487 respondet
2556 1436 2569 1473 :
2619 1418 2931 1487 psalterium
2957 1426 3135 1473 autem
3170 1433 3522 1474 numerorum

1954 1507 2285 1562 musicorum
2337 1507 2393 1561 in
2445 1521 2659 1561 summo
2696 1524 2888 1563 causas
2919 1508 3099 1572 habet,
3131 1518 3189 1564 ut
3220 1518 3274 1565 et
3304 1526 3405 1566 nos
3456 1511 3523 1565 ad

1954 1612 2192 1668 superna
2220 1599 2509 1668 quaerenda
2540 1613 2641 1653 nos
2671 1614 3075 1670 comparemus,
3108 1616 3207 1657 nec
3239 1602 3524 1658 lenociniis

1953 1698 2147 1743 camus
2185 1690 2253 1743 ad
2276 1688 2451 1743 studia
2484 1692 2666 1745 carnis
2694 1690 3033 1760 dejiciamur.
3071 1688 3181 1746 iioc
3210 1692 3354 1746 enim
3382 1694 3521 1747 divi-

1955 1780 2009 1833 ni
2032 1781 2169 1834 vatis
2189 1796 2519 1846 sermonem,
2538 1782 2804 1851 sapientia
2822 1783 2874 1837 in
2901 1782 3091 1853 primis
3123 1785 3396 1839 recondita
3430 1797 3526 1854 per

286 1887 488 1955 σκευῆς
540 1884 888 1953 ἐνδεδεῖχθαι,
913 1885 995 1937 ὅτι
1038 1885 1086 1936 οἱ
1120 1882 1377 1952 ἐμμελεῖς
1404 1883 1499 1935 καὶ
1531 1883 1854 1952 ὲνάρμοστοι

1970 1873 2308 1926 mstrumenti
2339 1873 2498 1943 hujus
2527 1883 2858 1929 structuram
2896 1876 3054 1931 nobis
3076 1875 3392 1945 indigitasse
3415 1880 3525 1949 opi-

283 1976 380 2037 τὰς
430 1974 606 2044 ψυχὰς
652 1974 845 2046 ῥᾳδίαν
881 1975 1062 2043 ἔχουσι
1099 1973 1198 2043 τὴν
1230 1974 1307 2037 εἰς
1351 1971 1420 2025 τὰ
1468 1972 1579 2026 ἄνω
1608 1970 1851 2043 πορείαν.

285 2065 357 2117 Τὸ
398 2064 455 2117 δὲ
481 2064 775 2134 ψαλτήριον
830 2064 1150 2133 δεκάχορδον
1176 2063 1236 2117 ὃν
1267 2061 1686 2134 αἰνιγματωδῶς
1716 2078 1858 2133 παρ-

286 2154 477 2224 εδήλου
541 2156 602 2207 τὸ
642 2155 821 2224 σῶμα,
879 2156 974 2209 ἆτε
1021 2154 1181 2209 πέντε
1228 2153 1507 2222 αἰσθήσεις
1573 2152 1716 2222 ἔχον,
1766 2150 1862 2205 καὶ

288 2251 449 2301 πέντε
483 2246 582 2316 τῆς
632 2248 806 2316 ψυχῆς
841 2247 1141 2316 ἐνεργείας,
1172 2246 1240 2298 δι’
1284 2245 1521 2313 ἑκάστης
1555 2243 1859 2313 αίσθήσεως

290 2338 587 2407 γινομένης
640 2336 920 2407 ἐνεργείας
969 2336 1225 2407 ἑκάστης.
1253 2336 1421 2390 Ὅταν
1464 2334 1572 2406 γὰρ
1628 2334 1859 2388 ἕκαστον

293 2430 644 2500 αἰσθητήριον
682 2430 885 2499 ἑκάστη
915 2429 1142 2497 δυνάμει
1169 2428 1269 2491 τῆς
1317 2427 1494 2497 ψυχῆς
1541 2428 1861 2497 προσαρμό-

297 2536 501 2587 σωμεν,
534 2519 628 2571 καὶ
668 2520 803 2591 πρὸς
847 2518 906 2570 τὸ
938 2518 1081 2587 ἱερὸν
1114 2517 1275 2587 μέλος
1333 2518 1527 2579 αὐτοὺς
1567 2515 1862 2586 διοργανώο

298 2626 501 2678 σωμεν,
517 2609 836 2678 δεκάχορδον
859 2609 1120 2679 γινόμεθα
1148 2610 1445 2679 ψαλτήριον
1468 2608 1545 2679 τῷ
1568 2609 1709 2679 Θεῷ,
1730 2611 1861 2680 ήμῖν

302 2700 400 2769 μὲν
441 2701 963 2771 μουσουργούμενον,
1002 2701 1151 2771 καλῷ
1177 2700 1233 2753 δὲ
1272 2701 1510 2773 τεχνίτῃ,
1544 2700 1621 2771 τῷ
1680 2699 1852 2753 Ilvati-

303 2810 431 2861 ματι
464 2794 917 2863 ἀνακρουόμενον.
963 2793 1121 2847 Ἀλλὰ
1149 2792 1393 2845 τοιοῦτον
1428 2793 1528 2873 μὲν
1567 2792 1627 2845 τὸ
1652 2791 1859 2862 ψαλτή-

301 2902 415 2954 ριον
450 2902 464 2916 ·
493 2885 705 2955 ψαλμὸς
738 2886 793 2939 δέ
816 2888 931 2938 ἐστι
960 2884 1115 2953 λόγος
1152 2883 1429 2955 μουσικὸς,
1469 2884 1560 2937 καὶ
1595 2881 1763 2953 ὕμνος
1786 2879 1863 2954 τῷ

300 2977 418 3047 Θεῴ
449 2978 875 3047 προσαγόμενος,
898 2978 1006 3030 ἀπὸ
1028 2975 1120 3029 τοῦ
1150 2976 1447 3045 ψαλτηρίου
1481 2974 1713 3045 ὀργάνου
1744 2975 1866 3047 κληο

302 3069 435 3132 θείς.
466 3070 557 3121 Διὸ
580 3071 634 3123 αἱ
657 3069 812 3122 άλλαι
836 3069 1073 3138 Γραφαὶ,
1103 3070 1222 3120 ἐπεὶ
1258 3068 1331 3138 μὴ
1353 3067 1489 3136 πρὸς
1520 3064 1679 3118 αὐλὸν
1706 3065 1867 3135 ὲψάλ-

300 3158 473 3223 λοντο,
508 3158 604 3229 τῆς
632 3159 725 3210 τοῦ
755 3157 969 3227 ψαλμοῦ
1012 3158 1332 3228 ἐστέρηνται
1370 3155 1632 3227 κλήσεως.
1661 3157 1780 3226 Χρὴ
1809 3156 1864 3209 δὲ

309 3250 444 3320 μηδὲ
499 3250 777 3319 διάψαλμα
825 3249 1200 3319 παραδραμεῖν
1242 3248 1575 3319 ἀθεώρητον.
1611 3248 1736 3299 Τισὶ
1768 3248 1867 3317 μὲν

309 3339 610 3411 μεταϐολὴν
640 3339 731 3392 τοῦ
763 3340 1048 3410 νοήματος,
1076 3340 1108 3408 ἢ
1148 3340 1489 3408 πράγματος,
1515 3334 1546 3407 ἢ
1574 3338 1866 3407 προσώπου

306 3434 591 3504 σημαίνειν
638 3431 894 3500 ἐνομίσθη
934 3432 994 3483 τὸ
1045 3429 1503 3499 διάψαλμα·τισὶ
1560 3428 1618 3481 δὲ
1673 3428 1868 3498 μέλους

305 3524 626 3595 ἐναλλαγήν,
663 3524 791 3574 πότε
825 3522 922 3591 μὲν
956 3520 1252 3592 βαρύτερον
1291 3520 1698 3589 άπηχουμένου,
1733 3517 1870 3572 πότε

305 3616 363 3668 δὲ
395 3615 668 3685 ὀξύτερον.
700 3615 913 3683 ’Ἑτεροι
960 3613 1019 3666 δέ
1056 3630 1218 3681 φασιν
1238 3654 1251 3676 ,
1284 3612 1365 3664 ὅτι
1399 3611 1666 3673 συντιθεὶς
1713 3612 1741 3663 ὁ
1769 3612 1873 3662 Δα-

307 3708 394 3760 6ὶδ
439 3707 669 3759 ἕκαστον
705 3707 812 3759 τῶν
839 3704 1070 3776 ψαλμῶν
1118 3702 1404 3773 παρεδίδου
1440 3702 1521 3754 ἐνὶ
1585 3701 1753 3772 χορῷ,
1777 3702 1871 3753 καὶ

309 3798 538 3868 ἔψαλλεν
566 3798 769 3850 ἐκεῖνον
799 3799 854 3849 ὲν
878 3796 1069 3865 ἐκείνῳ
1101 3793 1178 3863 τῷ
1224 3792 1392 3863 χορῷ.
1418 3791 1479 3845 Εἰ
1522 3792 1579 3845 δέ
1627 3809 1730 3845 που
1757 3791 1872 3844 ἕδο-

310 3893 401 3956 ξεν
429 3890 574 3960 αὐτῷ
605 3890 744 3943 κατὰ
773 3890 938 3959 μέσον
984 3886 1079 3941 τοῦ
1110 3885 1352 3957 ψαλμοῦ,
1397 3884 1492 3939 κα)⁵
1530 3884 1675 3955 ἄλλῳ
1724 3884 1874 3954 χορῷ

314 3982 646 4054 παραδοῦναι
674 3981 731 4034 τὸ
752 3980 934 4033 λοιπὸν
987 3979 1082 4032 τοῦ
1129 3976 1363 4048 ψαλμοῦ,
1393 3979 1515 4030 τότε
1549 3978 1643 4030 καὶ
1670 3978 1704 4048 ή
1756 3976 1874 4029 δια-

310 4072 442 4141 δοχὴ
466 4071 556 4123 τοῦ
588 4070 795 4142 ῥυθμοῦ
829 4070 1071 4123 ἐκαλεῖτο
1108 4069 1410 4139 διάψαλμα,
1470 4064 1662 4138 Ἡμεῖς
1688 4070 1743 4122 δὲ
1772 4070 1876 4132 τὰς

313 4177 371 4212 τε
407 4161 514 4212 τῶν
567 4162 843 4231 προτέρων
877 4158 1171 4228 ὑπολήψεις
1228 4161 1327 4212 οὐκ
1357 4158 1761 4229 ἀποϐάλλομεν·
1793 4159 1876 4211 ὲν·

318 4252 508 4322 νοῆσαι
538 4251 595 4303 δέ
628 4268 701 4316 τι,
734 4252 826 4303 καὶ
870 4252 997 4320 παρ’
1028 4250 1234 4303 ἑαυτῶν
1274 4251 1411 4322 πρὸς
1441 4250 1537 4321 τήν
1584 4247 1680 4302 τοῦ
1712 4247 1878 4320 ῥητοῦ

319 4342 593 4413 σημασίαν
626 4342 725 4395 οὐκ
759 4344 1157 4413 ἀποκνήσομεν.
1198 4338 1465 4412 Τοιαύτην
1496 4339 1589 4394 οῦν
1615 4356 1737 4394 τινα
1783 4337 1879 4393 τοῦ

314 4433 685 4503 διαψάλματος
714 4433 1081 4503 κατελάϐομεν
1110 4433 1209 4505 τὴν
1238 4433 1497 4498 διάνοιαν,
1524 4433 1605 4485 ὃτι
1660 4434 1881 4503 ’προῖοὺ-

1959 1974 2078 2025 nor,
2115 1964 2259 2032 quod
2294 1964 2510 2019 animus
2542 1966 2855 2021 moderatus
2887 1978 2940 2021 et
2993 1970 3329 2038 compositus
3362 1986 3527 2041 expe-

1958 2053 2128 2107 ditum
2152 2054 2256 2109 iter
2289 2055 2482 2139 habeat
2512 2057 2578 2111 ad
2625 2059 2837 2113 altiora.
2871 2057 3191 2115 Psalterium
3216 2070 3397 2117 autem
3418 2066 3526 2132 _de-

1960 2158 2078 2199 cem
2130 2146 2353 2202 chordis
2379 2163 2643 2205 resonans
2700 2165 2795 2220 per
2837 2150 3061 2221 ﬁguram
3099 2164 3300 2222 corpus
3337 2163 3529 2211 esten»

1960 2232 2039 2287 dit
2081 2236 2323 2305 quinque
2372 2239 2645 2303 sensibus,
2679 2247 2732 2294 et
2765 2242 3004 2295 animum
3051 2244 3294 2314 quinque
3352 2245 3526 2301 facul—

1963 2327 2164 2381 tatibus
2212 2328 2517 2397 praeditum,
2576 2346 2807 2399 quarum
2864 2330 3092 2402 singula:
3138 2348 3233 2405 per
3282 2338 3529 2408 singulos

1963 2432 2156 2471 sensus
2200 2415 2376 2472 oiIicio
2440 2434 2541 2473 suo
2604 2421 2923 2490 funguntur.
2961 2420 3064 2478 Ubi
3103 2426 3248 2479 enim
3281 2428 3528 2498 singulos

1964 2528 2160 2567 sensus
2180 2512 2409 2583 singulis
2431 2511 2626 2569 animae
2649 2514 2996 2571 facultatibus
3022 2524 3527 2589 accommodamus,

1963 2613 2018 2656 et
2061 2604 2127 2656 ad
2185 2618 2342 2658 usum
2401 2616 2572 2660 sacra:
2629 2606 3020 2664 modulationis
3082 2619 3528 2681 attemperamus,

1965 2694 2280 2763 psalterium
2323 2694 2509 2750 decem
2535 2695 2862 2753 chordarum
2905 2698 3016 2755 Deo
3046 2700 3345 2772 eiiicimur;
3382 2707 3529 2775 quod

1967 2805 1995 2841 a
2021 2788 2176 2846 nobis
2210 2792 2426 2861 quidem
2457 2793 2719 2847 melodice
2747 2793 3140 2862 conformatur,
3170 2796 3265 2851 sed
3296 2813 3325 2851 a
3357 2798 3532 2869 perito

1968 2882 2177 2936 attiiice
2231 2893 2420 2938 sancto
2455 2881 2658 2953 Spiritu
2692 2881 2958 2955 pulsatur.
2994 2883 3124 2941 Tale
3159 2898 3339 2943 autem
3385 2891 3531 2959 psal-

1970 2974 2189 3027 terimu.
2227 2970 2480 3030 Psalmus
2536 2985 2718 3030 autem
2742 2987 2826 3030 est
2870 2991 3052 3032 sermo
3114 2976 3452 3045 modulatus,
3479 2992 3536 3035 et

1970 3063 2203 3133 hymnus
2234 3064 2506 3135 advDeum
2534 3067 2795 3135 directus,
2820 3084 2850 3123 a
2883 3069 3140 3139 psalterio
3171 3066 3535 3126 instrumento

1970 3169 2167 3208 nomen
2213 3156 2456 3211 trahens.
2503 3156 2683 3222 Quare
2724 3157 2829 3212 alia
2864 3158 3083 3228 quidem
3120 3156 3408 3215 Librorum
3441 3176 3532 3215 sa-

1970 3260 2187 3300 crorum
2209 3247 2503 3315 volumina,
2537 3247 2662 3318 quia
2691 3246 2758 3303 ad
2788 3249 2973 3303 tibiam
3009 3264 3118 3304 non
3170 3250 3531 3316 canebantur,

1970 3334 2166 3404 psalmi
2211 3338 2431 3392 nomine
2496 3348 2708 3393 carent.
2758 3337 2928 3394 Porro
2986 3356 3160 3411 neque
3204 3342 3537 3412 diapsahna-

1974 3424 2045 3479 tis
2082 3426 2410 3482 mentionem
2476 3430 2725 3486 omittere
2790 3430 2935 3487 licet.
2991 3428 3326 3500 Quibusdam
3388 3436 3535 3490 enim

1974 3519 2455 3574 commutationem
2488 3535 2705 3587 sensus,
2734 3533 2829 3577 aut
2861 3524 2959 3592 rei,
2987 3535 3082 3579 aut
3102 3541 3348 3595 persona:
3367 3527 3539 3598 signi-

1976 3607 2142 3663 ﬁcare
2168 3610 2435 3666 creditum
2464 3624 2548 3666 est
2573 3611 2877 3682 diapsalma
2902 3632 2916 3681 ;
2951 3614 3274 3685 quibusdam
3308 3633 3430 3673 vero
3452 3620 3539 3674 di-

1976 3701 2211 3755 scrimen
2240 3715 2436 3757 cantus
2464 3702 2757 3773 aiiquaudo
2784 3706 3003 3775 gravius
3032 3708 3359 3764 autacutius
3390 3725 3542 3765 reso-

1980 3794 2181 3848 nantis.
2214 3791 2318 3849 Aiii
2343 3795 2553 3859 dicunt,
2601 3793 2858 3852 Davidem
2899 3798 2989 3852 ubi
3016 3798 3249 3870 aliquem
3281 3801 3541 3872 hymnum

1975 3888 2362 3956 composuerit,
2387 3889 2619 3958 aliquem
2639 3904 2670 3943 e
2686 3890 2869 3944 choris
2891 3901 3177 3947 cantorum
3205 3894 3539 3960 adhibuisse,

1978 3978 2340 4049 eumdemque
2367 3980 2505 4034 inter
2529 3980 2651 4035 illos
2675 3982 3011 4036 modulatutn
3045 3998 3188 4039 esse.
3214 3984 3395 4041 Sit-ubi
3414 4003 3544 4041 vero

1978 4069 2152 4122 cidem
2178 4067 2352 4124 visum
2381 4070 2541 4124 fuerit
2563 4068 2843 4127 diiiindere
2887 4073 3044 4143 quasi
3074 4076 3361 4143 psalmum,
3416 4093 3543 4146 par-

1986 4162 2209 4223 temque
2229 4156 2494 4224 reliquam
2524 4158 2680 4213 alteri
2705 4155 2918 4214 cuidam
2945 4162 3115 4217 choro
3146 4163 3381 4228 tradere,
3418 4176 3546 4219 tunc

1982 4242 2101 4297 illas
2118 4244 2370 4298 cantandi
2403 4245 2547 4300 vices
2578 4246 2746 4302 fuisse
2773 4248 3069 4317 diapsalma
3093 4252 3409 4318 appellatas.
3433 4251 3544 4307 Nos

1981 4348 2111 4387 vero
2133 4334 2275 4388 sicut
2316 4335 2557 4402 priorum
2612 4337 2952 4405 conjecturas
2977 4352 3087 4392 non
3119 4339 3399 4408 rejicimus
3420 4381 3433 4403 ,
3471 4341 3543 4396 ita

1983 4424 2217 4479 inventis
2301 4424 2504 4493 aliquid
2594 4426 2791 4480 addere
2857 4428 3001 4481 circa
3092 4428 3545 4498 signiﬁcationem

317 4542 417 4595 σης
450 4526 589 4579 κατὰ
625 4526 685 4578 τὸ
714 4524 1008 4578 ἀκόλουθον
1032 4525 1131 4594 τῆς
1165 4524 1507 4594 ψαλμῳδίας,
1536 4526 1631 4576 ἐάν
1660 4542 1743 4587 τις
1767 4524 1864 4590 ὲγέ·

1985 4515 2136 4569 verbi
2196 4531 2302 4570 non
2366 4516 2693 4571 verebimur.
2746 4516 2913 4588 igitur
2976 4518 3245 4588 ejusmodi
3307 4521 3544 4591 aliquam

318 4633 439 4668 νετο
481 4614 681 4685 μεταξὺ
732 4612 1161 4683 προφητεύοντος
1221 4610 1316 4666 τοῦ
1362 4612 1525 4665 Δαϐιδ
1574 4610 1736 4681 ἑτέρα
1784 4610 1878 4664 τοῦ

321 4708 475 4774 ἁγίου
500 4706 811 4775 Ιινεύματος
862 4704 982 4759 θεία
1018 4705 1299 4776 ἐλλαμψις,
1342 4706 1435 4758 καὶ
1471 4704 1755 4775 προσθήκη
1787 4701 1879 4755 τοῦ

320 4800 460 4853 κατὰ
489 4799 583 4869 τὴν
612 4800 811 4866 γνῶσιν
836 4799 1191 4868 χαρίσματος,
1222 4798 1307 4849 ἐπ’
1335 4797 1572 4867 ὠφελείᾳ
1594 4796 1701 4848 τῶν
1735 4796 1883 4865 δεχο-

321 4894 501 4964 μένων
533 4890 629 4960 τὴν
680 4890 1035 4961 προφητείαν,
1075 4890 1290 4959 ἐπέχων
1318 4888 1414 4959 τήν
1444 4886 1650 4957 φωνὴν,
1694 4886 1885 4956 καιρὸν

317 4984 489 5036 ἐδίδμυ
514 4985 579 5052 τῇ
619 4982 844 5051 διανοίᾳ,
873 4981 1125 5047 δέξασθαι
1158 4980 1265 5034 τῶν
1294 4980 1577 5050 νοημάτων
1610 4980 1707 5049 τήν
1746 4980 1883 5048 γνῶ-

319 5090 407 5125 σιν
446 5073 554 5126 τῶν
603 5075 903 5142 γινομένων
961 5075 1017 5125 έν
1076 5072 1221 5142 αὐτῷ
1266 5073 1416 5142 παρᾶ
1466 5071 1567 5141 τῆς
1611 5070 1760 5133 θείας
1802 5069 1884 5123 ἐλ-

318 5164 599 5234 λάμψεως.
642 5166 751 5218 Καὶ
796 5162 985 5235 ῶσπερ
1037 5164 1294 5227 πολλάκις
1325 5163 1467 5226 τινὲς
1496 5160 1612 5232 μετ’
1640 5161 1884 5232 ἀλλήλων

315 5253 713 5323 διαλεγόμενοι,
748 5253 804 5306 εί
860 5255 1023 5307 ποθεν
1067 5254 1238 5326 ἀθρόα
1280 5254 1475 5325 ήχησις
1522 5254 1640 5316 ταῖς
1697 5255 1885 5316 ἀκοαῖς

322 5345 644 5417 προσϐάλοι,
674 5346 1007 5416 παυσάμενοι
1048 5346 1141 5399 τοῦ
1195 5345 1377 5413 λόγου,
1420 5344 1557 5416 πρὸς
1599 5346 1690 5398 τὸν
1755 5343 1887 5415 ἦχον

319 5440 391 5505 τῇ
420 5436 631 5506 διανοίᾳ
668 5437 1049 5502 συντείνονται,
1077 5435 1273 5506 σχολήν
1301 5435 1629 5507 παρέχοντες
1658 5434 1725 5489 δι’
1756 5436 1888 5505 ήσυο

319 5529 447 5600 χίας
487 5531 555 5599 τῇ
604 5530 763 5599 ἀκοῇ.
789 5528 881 5580 τοῦ
911 5527 1115 5595 γνῶναι
1162 5527 1257 5581 τοῦ
1313 5528 1447 5598 ήχου
1498 5527 1597 5598 τήν
1635 5524 1885 5595 δύναμιν,

326 5616 447 5673 εἶτα
480 5621 835 5691 παυσαμένης
862 5619 960 5687 τῆς
988 5619 1364 5690 προσηχούσης
1395 5618 1577 5688 φωνῆς
1601 5618 1763 5671 πάλιν
1791 5618 1888 5670 ἁλ-

327 5711 513 5781 λήλοις
544 5709 883 5776 διαλέγονται
926 5726 942 5742 ⁸
982 5708 1125 5762 οὕτω
1159 5710 1252 5763 καὶ
1288 5713 1316 5765 ὁ
1349 5710 1521 5779 μέγας
1554 5709 1721 5762 Δαϐὶδ
1760 5709 1889 5762 ὑποο

306 5790 584 5871 ’φητευων
617 5800 694 5869 τῷ
720 5799 1017 5869 Πνεύματι,
1043 5800 1185 5869 ἅπερ
1238 5818 1296 5853 τε
1335 5800 1543 5873 φθάσας
1582 5799 1771 5870 ἔμαθε,
1806 5799 1885 5852 δι-

653 5897 926 5956 ΡΑῑιιοι..
972 5896 1083 5957 Gn.
1131 5896 1287 5960 CVI.

1988 4606 2439 4677 significationem
2498 4608 2867 4677 diapsalmatis
2918 4608 3399 4681 deprehendimus,
3490 4627 3549 4670 ut

1989 4701 2318 4768 procedente
2381 4714 2446 4753 ex
2507 4700 2698 4754 ordine
2742 4709 2934 4765 cantu,
2989 4702 3034 4756 si
3095 4718 3199 4772 qua
3251 4720 3386 4758 nova
3416 4710 3552 4760 vati-

1987 4790 2193 4844 cinanti
2224 4791 2493 4846 accideret
2526 4790 2694 4846 divini
2727 4792 2963 4862 Spiritus
2989 4793 3319 4849 iiiumiuatio
3347 4807 3400 4849 ct
3454 4813 3502 4851 at
3523 4828 3546 4839 -

1987 4884 2161 4939 cessio
2187 4885 2371 4954 gratia:
2402 4884 2748 4939 revelationis
2769 4927 2782 4948 ,
2815 4886 2867 4939 in
2900 4902 3059 4940 usum
3084 4903 3273 4942 eormn
3304 4890 3395 4959 qui
3420 4906 3541 4944 aus-

1987 4976 2258 5030 cultarent
2283 4976 2645 5046 prephctiam,
2679 4977 2767 5031 ille
2793 4978 3020 5033 inhibita
3051 4995 3181 5034 voce
3211 4990 3426 5050 tempus
3456 4985 3550 5036 de-

1987 5066 2127 5121 derit
2174 5066 2356 5120 animo
2415 5080 2546 5129 suo,
2622 5068 2690 5121 ad
2751 5069 3156 5138 percipiendum
3219 5072 3551 5127 intellectum

1988 5158 2404 5227 cogitationum,
2430 5174 2566 5226 quas
2594 5158 2920 5214 illuminatio
2948 5160 3131 5215 divina
3155 5162 3206 5215 in
3230 5163 3320 5216 illo
3342 5164 3519 5217 excita
3537 5191 3555 5204 ο

1989 5249 2101 5303 bat.
2132 5248 2246 5303 Non
2284 5265 2444 5305 secus
2502 5260 2665 5319 atque
2696 5252 2876 5305 solent
2899 5254 2993 5321 qui
3032 5253 3175 5307 inter
3203 5268 3262 5307 se
3289 5242 3555 5308 cenl'abu-

1989 5339 2209 5405 lantur,
2248 5342 2293 5395 si
2338 5340 2464 5411 quis
2512 5357 2680 5395 sonus
2712 5342 2931 5411 gravior
2970 5359 3133 5399 aures
3175 5344 3550 5413 percusserit,

1988 5433 2195 5489 omisso
2230 5448 2481 5489 sermone
2504 5474 2520 5497 ,
2563 5434 2630 5488 ad
2664 5449 2859 5489 sonum
2900 5436 3143 5494 animum
3189 5445 3551 5507 convertunt,

1991 5525 2271 5595 otiumque
2293 5525 2519 5580 auribus
2551 5541 2647 5595 per
2674 5525 2951 5581 silentium
2980 5527 3245 5593 pmbent,
3272 5528 3337 5582 ad
3391 5528 3552 5599 intel—

1990 5615 2263 5684 ligendam
2323 5624 2519 5671 cantus
2575 5617 3071 5688 signiﬁcationem;
3112 5633 3239 5674 mox
3274 5636 3403 5675 vero
3430 5602 3551 5693 ces-

1994 5720 2149 5765 sante
2175 5720 2392 5765 cantum
2425 5727 2555 5766 voce
2588 5726 2783 5768 rursus
2812 5711 3150 5781 colloquium
3174 5721 3433 5784 repetunt.
3470 5714 3559 5768 Si-

1994 5800 2218 5857 millime
2251 5818 2479 5874 magnus
2510 5802 2679 5859 David
2710 5818 2895 5858 vocem
2924 5805 3335 5861 accommodant
3375 5803 3556 5877 Spiri-

3136 5898 3213 5960 31s
