3920 6206
190 432 191 435 γ
249 356 384 420 mea

1156 353 1557 418 PREFA'I‘IO
1598 350 1697 413 AD
1734 347 2085 413 CATENAM
2130 347 2209 409 IN
2252 344 2611 409 PSALMOS.

3348 341 3485 407 107G

245 466 387 521 αὑτά
420 463 481 519 δὲ
520 463 590 519 τά
633 462 1018 537 μελῳδούμενα
1048 466 1269 538 ῥήματα
1314 469 1375 522 ού
1425 463 1807 539 διαρθροῦνται

1926 473 1966 518 3t
2007 463 2377 533 intelligentii‘s
2409 462 2836 531 obstrepentem,
2879 456 2973 514 sed
3003 471 3195 528 puram
3236 464 3292 512 et
3324 458 3485 511 audi-

244 560 356 623 τοῖς
383 558 639 628 φθόγγοις
662 575 676 590 ο
717 559 777 614 ὲν
805 557 864 615 δὲ
891 559 960 629 τῇ
990 556 1102 628 ᾠδῇ
1130 559 1191 612 τὺ
1228 559 1635 629 συναμφότερον
1661 556 1808 623 γίνε-

242 667 355 713 ται,
385 651 480 708 καὶ
517 649 545 701 ό
577 648 669 703 τοῦ
721 648 915 719 μέλους
947 648 1153 721 ῥυθμὸς
1185 648 1281 702 καὶ
1312 649 1423 702 τῶν
1468 647 1730 718 ῥημάτων
1776 646 1815 717 ἡ

242 740 470 811 δύναμις
507 740 956 812 συνδιεξαγομένη
989 740 1129 809 μετά
1147 739 1240 795 τοῦ
1266 740 1480 812 μέλους,
1505 740 1574 811 ἢν
1600 739 1812 807 ἀγνοεῖ-

246 828 368 884 σθαι
417 830 568 886 πᾶσα
604 831 836 903 ἀνάγκη,
860 833 989 886 ὅταν
1030 831 1118 886 διὰ
1149 831 1327 902 μόνων
1368 831 1479 887 τῶν
1536 828 1813 900 μουσικῶν

245 921 491 993 ὀργάνων
526 923 558 992 ἡ
591 923 823 993 μελῳδία
852 923 1086 995 γίνηταιο
1126 922 1297 987 οὕτως
1333 923 1427 977 καὶ
1470 924 1561 976 ἐπὶ
1582 920 1689 973 τῶν
1716 919 1814 990 τὴν

246 1012 445 1082 ἀρετὴν
489 1014 783 1082 μετιόντων
811 1015 1119 1084 συμϐαίνει.
1148 1015 1212 1068 Ol
1245 1014 1342 1085 μὲν
1363 1012 1472 1085 γὰρ
1500 1015 1567 1084 τῇ
1601 1013 1813 1082 θεωρη-

246 1105 375 1174 τικῇ
408 1104 501 1157 καὶ
551 1106 820 1176 ἐποπτικῇ
861 1104 970 1158 τῶν
998 1104 1168 1159 ὄντων
1210 1104 1498 1177 φιλοσοφίᾳ
1555 1103 1646 1157 τὸν
1692 1101 1816 1157 νοῦν

247 1193 691 1264 προσανέχοντες,
723 1197 787 1264 τῇ
836 1191 1243 1266 ἀπεικαζομένῃ
1274 1193 1410 1264 πρὸς
1440 1193 1533 1246 τὸν
1569 1192 1812 1264 ψαλμὸν,

249 1280 440 1353 ἄδηλον
462 1285 574 1346 τοῖς
604 1284 814 1348 πολλοῖς
843 1287 941 1355 τὴν
967 1286 1167 1356 ἀρετὴν
1200 1284 1580 1356 κατορθοῦσιν,
1618 1287 1676 1339 ὲν
1729 1286 1805 1357 τῷ

252 1370 368 1442 ίδίῳ
396 1372 654 1426 συνειδότι
690 1372 751 1428 τὸ
777 1376 981 1443 ἀγαθὸν
1022 1377 1459 1442 κατακλείοντες.
1486 1372 1580 1441 Οἷς
1613 1376 1670 1430 δὲ
1722 1377 1817 1431 καὶ

248 1463 310 1515 τὸ
338 1458 470 1534 ἦθος
497 1462 592 1518 τοῦ
632 1464 746 1535 βίου
785 1466 1271 1539 συγκατορθοῦται,
1303 1463 1450 1523 οῦτοι
1475 1471 1545 1541 τῇ
1594 1470 1725 1540 περὶ
1757 1468 1819 1523 τὸ

250 1554 572 1631 φαινόμενον
627 1558 1039 1637 εὐσχημοσύνῃ.
1095 1559 1346 1633 καθάπερ
1388 1561 1494 1615 τινὶ
1545 1560 1691 1633 λόγῳ
1723 1562 1820 1616 καὶ

247 1642 360 1714 ᾠδῇ
393 1644 638 1713 ἐμμελεῖ.
676 1645 776 1717 τὴν
819 1649 917 1717 τῆς
946 1647 1095 1719 ζωῆς
1122 1649 1339 1704 ἑαυτῶν
1386 1649 1687 1723 εὐρυθμίαν
1721 1651 1818 1721 δη-

1914 555 2115 621 bilem,
2162 570 2230 610 ex
2272 554 2428 623 copia
2457 567 2639 607 rerum
2671 549 3048 607 sublimiorum
3079 559 3135 605 et
3179 548 3482 604 caelestium

1916 660 2103 701 vocem
2143 639 2672 699 reddentem.0dam
2708 648 2890 695 autem
2912 638 3043 694 dicit
3081 636 3291 693 externi
3316 637 3486 690 moris

1916 735 2345 791 moderationem
2396 742 2452 789 et
2490 731 2825 788 decentiam.
2880 729 3091 801 Atque,
3123 729 3489 799 quemadmo-

1914 826 2041 881 dum
2077 841 2143 880 ex
2177 825 2426 894 organis,
2466 825 2670 895 inquit,
2722 823 2949 879 musicis
2978 823 3129 878 solus
3161 836 3331 877 sonus
3360 833 3482 874 mo-

1916 915 2209 971 dulationis
2239 916 2467 971 auribus
2495 914 2735 980 accedit,
2790 914 2903 983 ipsa
2937 922 3119 967 autem
3169 912 3333 966 verba
3362 910 3481 965 suis

1917 1005 2164 1058 numeris
2196 1011 2250 1056 et
2273 1004 2518 1058 articulis
2552 1002 2883 1057 modulando
2913 1016 3021 1056 non
3047 1000 3485 1070 distinguuntur;

1917 1093 2062 1163 quod
2083 1102 2371 1163 utrumque
2388 1092 2441 1146 in
2459 1093 2562 1147 orla
2582 1094 2658 1159 lit,
2680 1102 2803 1147 utet
2819 1108 3080 1147 numerus
3101 1088 3488 1147 modulationis

1915 1192 1970 1239 et
1997 1183 2287 1237 verborum
2318 1184 2491 1237 virtus
2526 1183 2689 1238 simul
2722 1198 2845 1237 cum
2870 1190 3132 1237 concentu
3167 1182 3487 1252 explicetur;

1918 1289 2081 1345 quam
2139 1274 2328 1344 utique
2385 1274 2619 1345 ignorari
2667 1287 2893 1329 necesse
2928 1281 3047 1339 est,
3096 1274 3313 1342 quoties
3358 1272 3489 1328 solis

1918 1365 2145 1420 musica}
2173 1366 2392 1434 organis
2427 1375 2625 1421 cantus
2656 1364 2977 1435 peragitur:
3010 1363 3211 1420 similis
3241 1364 3382 1419 ratio
3406 1373 3490 1419 est

1919 1472 2146 1522 eorum,
2207 1473 2329 1527 qua:
2385 1459 2453 1513 ad
2501 1459 2756 1513 virtutem
2807 1457 3141 1512 referuntur.
3190 1456 3293 1525 Qui
3340 1456 3486 1511 enim

1920 1546 1987 1601 ad
2031 1546 2203 1603 solam
2253 1547 2598 1602 umbratilem
2634 1556 2687 1601 et
2716 1547 3197 1616 contemplativam
3240 1546 3485 1616 philoso-

1922 1639 2107 1710 phiam
2176 1641 2417 1695 animum
2476 1634 2752 1710 applicant
2805 1653 2928 1709 qua:
2992 1639 3199 1707 psalmo
3271 1638 3491 1708 proprie

252 1734 620 1804 μοσιεύσουσι.
657 1737 987 1808 Σημαίνεται
1032 1736 1125 1793 οῦν
1172 1740 1258 1794 διὰ
1318 1741 1416 1811 μὲν
1464 1741 1557 1794 τοῦ
1601 1739 1817 1812 ψαλμοῦ

1926 1741 2317 1800 comparatur,
2395 1731 2539 1785 intra
2601 1745 2759 1787 suam
2818 1730 3210 1785 conscientiam
3270 1728 3490 1785 virtutis

248 1821 308 1875 τδ
335 1822 479 1878 κατά
520 1823 762 1879 διάνοιαν
792 1826 995 1895 ἀγαθόν
1028 1843 1043 1860 ο
1075 1827 1167 1883 διὰ
1189 1828 1246 1882 δὲ
1273 1810 1372 1901 τῆς
1414 1830 1557 1902 ᾠδῆς
1592 1810 1655 1885 τὸ
1687 1810 1818 1903 ἦθος

1926 1821 2169 1878 habitum
2201 1822 2528 1890 ell‘ormant,
2578 1831 2633 1877 et
2682 1822 3180 1891 circumscribunt,
3243 1822 3488 1894 ignotum

248 1914 341 1966 καὶ
374 1915 409 1987 η
434 1914 561 1987 περὶ
598 1914 660 1968 τὺ
694 1917 1015 1990 φαινόμενον
1032 1918 1410 1990 εὐσχημοσύνη
1436 1921 1817 1991 ἑρμηνεύεται.

154 2036 157 2037 ν
260 2003 410 2059 Ἐπεὶ
459 2008 515 2062 δὲ
557 2008 958 2082 μεμαθήκαμεν
1012 2010 1065 2065 τί
1107 2012 1224 2065 ἐστι
1271 2012 1615 2083 ψαλμὺς,ὃτι
1661 2014 1693 2082 ἡ
1751 2013 1818 2066 δι’

176 2096 179 2097 ⁷
248 2095 478 2167 ὀργάνου
539 2102 800 2171 μουσικοῦ
870 2099 1101 2171 μελῳδία
1134 2118 1148 2133 ·
1200 2100 1296 2154 καὶ
1356 2100 1407 2154 τί
1451 2100 1612 2172 ᾠδὴ,
1656 2102 1816 2172 ὅτι,ἡ

251 2184 339 2259 διά
376 2184 471 2239 τοῦ
516 2187 785 2259 στόματος
839 2189 1103 2261 γινομένη
1147 2189 1241 2244 τοῦ
1297 2190 1490 2261 μέλους
1529 2190 1667 2261 μετὰ
1709 2192 1821 2247 τῶν

254 2275 515 2347 ῥημάτων
558 2278 885 2350 ὲκφὼνησις,
917 2282 1111 2352 ῥητέον
1161 2282 1347 2336 λοιπὸν
1378 2282 1433 2337 τί
1471 2285 1586 2337 ἐστι
1614 2283 1817 2355 ὕμνος·

252 2364 334 2419 ὅτι
360 2368 393 2438 η
429 2369 520 2422 ἐπὶ
542 2370 652 2433 τοῖς
675 2371 1008 2443 ὑπάρχουσιν
1041 2373 1173 2444 ἡμῖν
1199 2373 1422 2441 ἀγαθοῖς
1451 2374 1825 2445 ἀνατιθεμένη

252 2457 332 2530 τῷ
384 2459 503 2532 Θεῷ
526 2460 792 2533 εὒφημία.
831 2459 988 2526 Δῖνος
1014 2463 1091 2531 δὲ,
1128 2464 1248 2534 ἦτοι
1272 2465 1501 2532 αῖνεσις,
1524 2466 1633 2519 τῶν
1661 2466 1821 2520 θείων

255 2548 548 2620 θαυμάτων
579 2551 793 2615 ἔπαινος
815 2567 828 2582 ·
866 2553 1139 2624 προσευχὴ
1163 2554 1219 2607 δὲ
1246 2554 1495 2626 ἱκετηρία
1526 2556 1654 2627 περί
1673 2571 1822 2621 τινος

255 2640 365 2695 τῶν
400 2642 785 2714 συμφερόντων
829 2645 1213 2716 προσαγομένη
1252 2645 1394 2716 Θεῷ.
1466 2647 1628 2701 Ἀλλά
1688 2648 1818 2722 περὶ

256 2728 460 2782 τούτων
510 2731 602 2784 καὶ
646 2729 800 2795 αὖθις
848 2733 1146 2805 εἰρήσεται.
1208 2734 1282 2789 Τὸ
1335 2735 1520 2805 μέντοι
1564 2737 1823 2809 τέταρτον

258 2817 550 2885 κεφάλαιον
585 2819 950 2888 ἐξετάζοντες,
977 2822 1027 2876 εί
1049 2823 1249 2888 πάντες
1281 2826 1391 2879 εἰσὶ
1427 2827 1520 2881 τοῦ
1563 2829 1725 2883 Δαδὶδ
1772 2831 1822 2883 οἱ

256 2907 479 2978 ψαλμοὶ,
535 2914 755 2981 φαμὲν,
800 2914 884 2967 ὅτι
925 2914 1214 2985 τρισχίλιοι
1253 2917 1524 2987 ψαλτῳδοὶ
1567 2920 1674 2974 ἀπὸ
1728 2920 1822 2975 τοῦ

258 2999 540 3055 Λευῖτικοῦ
586 3002 678 3062 καὶ
713 3003 987 3075 ἱερατικοῦ
1032 3007 1226 3075 γένους
1282 3011 1361 3073 εἰς
1389 3012 1532 3080 τρεῖς
1560 3011 1825 3082 διῃρημέ-

258 3106 339 3194 νρι
377 3091 568 3194 χρροῦς
602 3092 703 3194 τὸν.
721 3093 813 3147 τοῦ
846 3094 1012 3194 Δαὸὶδ
1047 3097 1260 3169 ψαλμὸν
1290 3099 1542 3169 ἔψαλλον.
1588 3101 1817 3173 Ἐξῆρχε
1850 3132 1896 3194 C

256 3179 314 3233 δὲ
337 3181 429 3234 τοῦ
468 3184 567 3253 μὲν
595 3183 808 3254 πρώτου
841 3186 1002 3257 χοροῦ
1046 3188 1266 3245 Ἰδιθοὺν
1287 3191 1315 3243 ό
1338 3192 1786 3263 χοροδιδάσκαλος
1804 3209 1819 3225 °

259 3272 355 3325 τοῦ
405 3273 463 3326 δὲ
514 3274 765 3346 δευτέρου
810 3278 1002 3345 Αίθάν,
1031 3281 1125 3334 καὶ
1178 3282 1272 3335 τοῦ
1327 3283 1511 3352 τρίτου
1558 3285 1822 3355 Ἀσαφάτ.

261 3364 625 3436 Κεκμηκότας
684 3368 740 3421 δὲ
802 3369 1024 3434 τούτους
1073 3373 1127 3425 ot
1154 3373 1261 3426 υίοὶ
1318 3374 1465 3446 Κορὲ
1506 3375 1823 3447 διεδέχοντο.

262 3454 424 3509 Ὅθεν
465 3457 556 3509 καὶ
587 3456 815 3521 πολλοὺς
849 3460 877 3513 ὁ
906 3459 1069 3513 Δαϐὶδ
1094 3459 1343 3532 ψαλμοὺς
1370 3463 1464 3518 ἐπὶ
1481 3464 1687 3518 τούτων
1711 3465 1827 3519 ὀνό-

266 3563 394 3615 ματι
432 3546 626 3613 ἔψαλλε
657 3563 671 3579 ·
710 3547 805 3600 καί
833 3565 977 3612 τινες
1020 3550 1271 3605 ἐντεῦθεν
1305 3552 1491 3616 κακῶς
1524 3553 1818 3618 ύπέλαὸον,

262 3640 343 3692 ὅτι
382 3638 561 3692 αὐτῶν
608 3641 744 3694 εἰσιν
799 3642 847 3693 οἱ
869 3640 1090 3712 ψαλμοί.
1116 3642 1215 3697 Διά
1245 3641 1404 3696 τοῦτο
1438 3645 1532 3699 καὶ
1582 3646 1650 3699 τὰ
1701 3646 1821 3699 ὀνό-

266 3747 410 3801 ματα
460 3731 638 3783 αὐτῶν
698 3729 755 3784 έν
811 3749 953 3785 τισιν
1030 3735 1363 3806 ἐπιγραφαῖς
1407 3736 1517 3789 τῶν
1579 3737 1827 3809 Ψαλμῶν

263 3822 632 3893 εὑρίσκεσθαι.
702 3822 821 3877 Εἰσὶ
865 3823 921 3877 δὲ
972 3824 1170 3888 πάντες
1215 3827 1262 3879 οί
1310 3825 1538 3897 ψαλμοὶ,
1590 3827 1666 3891 ὡς
1715 3830 1828 3891 τοῖς

264 3912 549 3984 ἀκρ.6οῦσι
600 3913 779 3980 δοκεῖ,
833 3914 928 3968 καὶ
961 3918 1027 3987 τῇ
1069 3916 1295 3989 ἀληθείᾳ
1338 3918 1432 3973 τοῦ
1479 3917 1662 3973 Δαὸίδ.
1696 3920 1828 3975 Μετ’

263 4003 408 4074 ᾠδῆς
467 4004 523 4059 δὲ
577 4004 716 4077 αῦτη
753 4007 787 4077 ἠ
836 4008 1140 4079 προφητεία
1183 4007 1425 4077 λέγεται,
1468 4009 1557 4063 ἵνα
1602 4010 1830 4073 ἕκαστος

263 4096 442 4169 τέρπῃ
486 4096 585 4167 τὴν
612 4096 791 4169 ψυχὴν
821 4097 981 4169 ᾅδων,
1021 4099 1116 4153 καὶ
1150 4099 1467 4172 ύποκλέπτῃ
1500 4098 1591 4153 τὸν
1624 4102 1688 4153 ἐκ
1730 4103 1831 4170 τῆς

242 4180 622 4255 ἀναγνώσεως
643 4191 821 4243 τόνον.
863 4189 1079 4260 Ἐπειδὴ
1105 4189 1213 4259 γὰρ
1236 4187 1373 4242 εἶδεν
1395 4191 1424 4241 ὁ
1445 4189 1577 4253 Θεὸς
1606 4189 1831 4252 πολλοὺς

259 4280 368 4332 τῶν
410 4280 713 4350 ἀνθρώπων
765 4280 1168 4353 ῥᾳθυμοτέρους
1205 4278 1385 4342 ὄντας,
1426 4279 1520 4331 καὶ
1562 4280 1699 4347 πρὸς
1730 4279 1828 4349 τὴν

261 4372 369 4425 τῶν
402 4372 786 4443 πνευματικῶν
819 4371 1123 4439 ἀνάγνωσιν
1156 4368 1432 4440 δυσχερῶς
1463 4368 1702 4438 ἔχοντας,
1734 4370 1829 4422 καὶ

1921 1912 2104 1982 vulgo.
2150 1911 2365 1979 Quibus
2399 1927 2529 1967 vero
2556 1921 2795 1969 externa:
2824 1913 2945 1968 vita:
2989 1914 3130 1968 ratio
3170 1914 3335 1969 simul
3360 1928 3488 1967 cor-

1922 2003 2150 2073 rigitur,
2201 2005 2278 2059 illi
2340 2006 2553 2060 externi
2625 2006 2852 2060 habitus
2917 2006 3239 2070 honestate,
3330 2004 3487 2075 quasi

1923 2095 2166 2151 oratione
2195 2097 2428 2165 quadam
2449 2105 2503 2151 et
2526 2106 2687 2152 cantu
2717 2096 3036 2152 harmonico
3070 2099 3191 2152 vitze
3212 2097 3489 2152 interioris

1923 2195 2037 2237 sua:
2097 2181 2439 2238 honestatem
2500 2182 2778 2253 evulgant.
2834 2180 3002 2251 Igitur
3072 2197 3168 2251 per
3218 2183 3487 2253 psalmum

1923 2272 2142 2343 quidem
2164 2313 2180 2339 ,
2231 2273 2433 2329 bonum
2464 2274 2615 2343 quod
2643 2276 2784 2329 intra
2822 2275 3067 2328 animum
3099 2275 3448 2329 concluditur
3469 2313 3486 2338 ,

1923 2362 2240 2436 designatur
2263 2382 2277 2430 ;
2302 2379 2408 2435 per‘
2426 2367 2586 2422 odam
2609 2381 2739 2422 vero
2761 2381 2942 2422 mores
2964 2366 3241 2437 illiusque,
3263 2367 3408 2437 quod
3435 2367 3487 2421 in

1922 2459 2111 2513 oculos
2147 2459 2387 2513 occurrit
2442 2458 2813 2512 consonantia
2869 2457 3298 2513 demonstratur.
3333 2457 3493 2513 Post-

1926 2563 2090 2617 quam
2118 2548 2285 2617 igitur
2316 2549 2607 2603 didicimus
2628 2549 2758 2619 quid
2783 2549 3025 2618 psalmus
3055 2551 3147 2616 sit,
3170 2548 3355 2620 organi
3382 2548 3491 2605 sci-

1925 2640 2053 2695 licet
2073 2640 2266 2695 musici
2293 2640 2610 2709 harmonia;
2639 2643 2877 2713 itemque
2899 2643 3029 2714 quid
3052 2645 3175 2708 oda,
3193 2641 3495 2697 modulatio

1931 2731 2045 2787 oris
2068 2731 2252 2786 verbis
2281 2736 2713 2803 accommodata,
2737 2735 3024 2790 dicendum
3058 2743 3325 2804 superest,
3362 2735 3495 2804 quid

1926 2820 2001 2876 sit
2028 2822 2288 2892 hymnus.
2311 2822 2580 2878 Nimirum
2614 2839 2712 2894 pro
2739 2825 3104 2895 praesentibus
3126 2825 3284 2881 bonis
3316 2824 3495 2881 dicata

1928 2907 2040 2965 Deo
2068 2910 2327 2964 laudatio.
2374 2910 2519 2966 Laus
2568 2922 2773 2979 autem,
2807 2929 2904 2969 seu
2959 2912 3199 2968 laudatio
3249 2913 3491 2968 miracu-

1928 3002 2102 3054 lorum
2139 3000 2447 3055 divinorum
2489 3012 2574 3058 est
2607 3002 2940 3073 pra'dicatio.
2990 3003 3178 3058 Oratio
3227 3018 3357 3059 vero
3407 3014 3495 3060 est

1929 3090 2253 3160 supplicatio
2287 3090 2355 3146 ad
2388 3090 2557 3148 Deum
2597 3094 2837 3161 directa,
2873 3096 2940 3149 de
2973 3108 3032 3147 re
3066 3092 3250 3162 aliqua
3302 3107 3495 3149 earun:

1927 3198 2049 3253 quae
2108 3184 2177 3240 ad
2232 3185 2519 3240 utilitatem
2575 3187 2883 3242 conterunt.
2951 3184 3221 3241 Caeterum
3280 3185 3347 3241 de
3408 3184 3496 3241 his

1929 3284 2116 3343 postea
2167 3276 2382 3331 dicendi
2439 3275 2593 3330 locus
2642 3276 2770 3330 erit.
2823 3274 2981 3330 Nunc
3034 3284 3293 3346 quartum
3330 3286 3497 3345 caput

1926 3366 2283 3433 excutientes,
2301 3380 2428 3420 num
2452 3378 2642 3422 omnes
2665 3366 2854 3436 psalmi
2874 3365 3090 3421 Davidis
3109 3366 3244 3433 sint,
3265 3367 3497 3422 dicimus

1937 3466 2019 3513 ter
2053 3457 2201 3512 mille
2236 3467 2522 3521 cantores,
2553 3472 2615 3513 cx
2649 3457 2850 3513 familia
2883 3456 3195 3513 Levitarum
3229 3467 3283 3512 et
3313 3473 3496 3513 sacer-

1932 3549 2217 3611 dotum,in
2242 3557 2353 3604 tres
2383 3551 2582 3605 choros
2598 3549 2820 3613 divisos,
2847 3549 3067 3606 Davidis
3092 3550 3333 3620 psalmos
3357 3550 3501 3604 ceci-

1929 3642 2099 3696 nisse.
2122 3638 2289 3696 Primi
2318 3641 2469 3696 chori
2504 3651 2804 3711 praecentor
2850 3641 3066 3695 ldithun
3101 3639 3237 3707 fuit;
3273 3641 3499 3696 secundi

1927 3732 2169 3799 Aﬂtham,
2210 3735 2352 3789 tertii
2384 3745 2561 3791 autem
2594 3733 2855 3805 Asaphat.
2908 3726 3183 3805 Fatigatos
3226 3733 3324 3789 hos
3351 3734 3499 3788 exci-

1930 3828 2155 3897 piebant
2191 3827 2288 3883 lilii
2346 3826 2505 3884 Core.
2546 3828 2675 3884 Haec
2706 3829 2846 3883 ratio
2881 3839 2965 3884 est
2999 3843 3169 3897 quare
3223 3837 3301 3883 tot
3352 3828 3501 3897 psal-

1930 3935 2050 3975 mos
2084 3921 2299 3975 illorum
2329 3922 2550 3977 nomine
2580 3921 2880 3977 cantaverit
2912 3919 3076 3974 David
3098 3960 3113 3983 ,
3143 3929 3305 3991 atque
3329 3936 3500 3991 quare

1932 4009 2176 4063 nonnulli
2226 4025 2511 4079 perperam
2568 4009 2921 4081 collegerint,
2985 4009 3105 4065 illos
3158 4010 3303 4080 ipsos
3355 4010 3498 4078 psal-

1933 4111 2053 4151 mos
2110 4100 2330 4153 cosdem
2390 4108 2642 4154 auctores
2691 4100 2937 4155 habere:
2973 4114 3038 4155 eo
3082 4099 3225 4170 quod
3290 4100 3502 4168 aliquot

1933 4187 2127 4255 psalmi
2169 4202 2358 4242 eorum
2410 4190 2724 4245 nominibus
2750 4190 3145 4245 inscribuntur.
3184 4189 3325 4245 Sunt
3371 4207 3501 4245 vero

1931 4276 2125 4346 psalmi
2170 4277 2245 4330 illi
2300 4293 2515 4341 omnes,
2565 4290 2624 4331 ut
2672 4279 3021 4346 peritioribus
3073 4288 3220 4332 recte
3265 4279 3499 4343 videtur,

1935 4365 2155 4422 Davidis
2201 4368 2392 4437 ipsius.
2432 4368 2653 4438 Legitur
2685 4377 2864 4422 autem
2916 4369 3030 4422 haec
3074 4369 3392 4424 vaticinatio
3446 4374 3498 4423 in

261 4466 357 4518 τὸν
408 4465 617 4519 ἐκεῖθεν
668 4464 767 4534 οὐχ
796 4461 968 4532 ἡδέως
1006 4460 1373 4528 ὑπομένοντας
1417 4457 1694 4528 κάματονο
1730 4474 1823 4511 πο-

1935 4475 2191 4515 numeros
2224 4461 2420 4516 cantici
2458 4460 2700 4525 redacta,
2748 4470 2805 4514 ut
2832 4461 3210 4531 unusquisque
3255 4464 3498 4517 animum

264 4554 565 4624 θεινότερον
609 4554 701 4607 τὸν
752 4552 913 4605 πόνον
947 4552 1172 4620 ποιῆσαι
1214 4548 1555 4621 βουλόμενος,
1604 4549 1700 4603 καὶ
1735 4549 1829 4603 τοῦ

264 4649 514 4717 καμάτου
546 4642 915 4714 ὐποτεμέσθαι
963 4641 1062 4712 τὴν
1092 4641 1365 4711 αἴσθησιν,
1394 4641 1492 4712 τὴν
1524 4639 1618 4694 τοῦ
1649 4657 1829 4711 μακα-

265 4736 381 4807 ρίου
410 4734 572 4788 Δαὸὶδ
605 4735 822 4803 ἐκίνησε
854 4732 1128 4801 γλῶσσαν,
1163 4733 1428 4803 μελῳδίαν
1469 4732 1727 4801 ἀναμίξαι
1761 4734 1830 4803 τῇ

266 4827 593 4898 προφητείᾳ,
638 4827 726 4881 ἴνα
767 4824 845 4897 τῷ
888 4824 1081 4897 ῥυθμῷ
1108 4823 1202 4879 τοῦ
1251 4824 1444 4896 μέλους
1475 4824 1832 4895 ψυχαγωγού-

268 4934 440 4986 μενοι.
475 4918 613 4987 μετά
639 4917 838 4988 πολλῆς
859 4917 961 4987 τῆς
988 4916 1297 4990 προθυμίας
1322 4916 1447 4980 τοὺς
1480 4916 1652 4987 ἱεροὺς
1682 4916 1831 4985 αὐτῷ

265 5008 683 5081 ἀναπέμπωμεν
712 5009 933 5080 ὕμνους*
963 5008 1108 5063 οῦτω
1136 5009 1244 5080 γὰρ
1269 5010 1302 5082 ﬁ
1331 5008 1492 5078 φύσις
1516 5007 1670 5078 ήμῶν
1699 5008 1831 5077 πρὸς

264 5102 334 5154 τὰ
390 5098 611 5173 ᾄσματα
660 5101 754 5154 καὶ
795 5100 865 5155 τά
915 5102 1051 5173 μέλη
1101 5100 1315 5165 οἰκείως
1347 5100 1480 5170 ἔχει,
1519 5099 1596 5162 ὡς
1643 5100 1736 5152 καὶ
1764 5100 1833 5152 τά

266 5192 546 5265 ύπομάζια
577 5194 765 5247 παιδία
786 5193 1304 5265 κλαυθμυριζόμενα
1339 5190 1481 5246 οὕτω
1509 5190 1833 5261 κατακοιμί-

263 5282 484 5350 ζεσθαι·
520 5284 614 5338 καὶ
665 5286 919 5354 γυναῖκες
967 5283 1382 5355 ίστουργοῦσαι,
1440 5283 1533 5336 καὶ
1577 5283 1830 5353 γηπόνοι,

262 5377 359 5427 καὶ
397 5374 702 5446 ὁδοιπόροι,
743 5375 838 5428 καὶ
882 5373 1073 5427 ναῦται
1104 5374 1194 5427 τδν
1234 5375 1298 5427 ἐκ
1321 5374 1428 5428 τῶν
1458 5373 1637 5444 ἔργων
1672 5373 1832 5426 πόνον

264 5466 741 5538 παραμυθοῦνται’
783 5466 858 5529 ὡς
880 5469 980 5536 τῆς
1025 5466 1223 5537 ψυχῆς,
1256 5466 1305 5517 sl
1335 5464 1530 5535 μέλους
1575 5465 1831 5518 ἀκούσειε

264 5558 357 5612 καὶ
377 5558 538 5630 ᾠδῆς,
564 5560 692 5631 ῥᾷον
716 5557 933 5612 ἅπαντα
954 5559 1195 5626 ἐνεγκεῖν
1213 5558 1519 5627 δυναμένης
1540 5557 1609 5610 τά
1627 5556 1834 5629 ὀχληρά

266 5651 359 5705 καλ¹
400 5651 655 5705 ἐπίπονα.
722 5650 879 5704 Ἐπεὶ
908 5649 999 5703 οὖν
1033 5650 1067 5721 ἡ
1098 5648 1246 5719 ψυχὴ
1275 5649 1432 5719 ἡμῶν
1469 5648 1685 5712 οἰκείως
1719 5650 1834 5718 ἔχει

268 5743 402 5811 πρὸς
447 5743 604 5797 τοῦτο
642 5744 701 5796 τὸ
745 5741 881 5806 εἶδος
916 5743 1014 5810 τῆς
1055 5741 1332 5811 τέρψεως·
1369 5741 1457 5797 ἵνα
1494 5742 1567 5809 μὴ
1599 5742 1832 5809 πορνικὲ

1934 4564 2287 4605 numerorum
2320 4551 2490 4619 gratia
2540 4549 2794 4617 oblectet,
2832 4561 2886 4606 et
2916 4550 3162 4607 lectionis
3195 4554 3497 4610 titulostiam

1934 4639 2207 4695 cantando
2248 4637 2419 4694 fallat.
2448 4640 2742 4711 Postquam
2776 4640 2921 4696 enim
2952 4641 3096 4699 Deus
3144 4658 3249 4699 non
3296 4660 3500 4715 paucos

1934 4731 2213 4786 homirnam
2244 4732 2523 4804 segniores
2560 4741 2615 4788 et
2650 4733 2943 4789 alieniores
2975 4750 3007 4790 a
3047 4734 3277 4791 lectione
3317 4754 3497 4793 rerum
3577 4780 3585 4791 .

1932 4825 2264 4893 divinarum,
2314 4842 2413 4883 nec
2460 4827 2595 4883 adeo
2647 4827 2911 4897 patientes
2954 4829 3156 4884 laboris
3206 4830 3355 4886 circa
3409 4831 3500 4885 illa

1933 4914 2335 4982 animadvertit,
2359 4926 2417 4971 ut
2424 4916 2805 4987 iucundiorem
2822 4918 3074 4975 redderet
3098 4920 3238 4975 hanc
3256 4935 3500 4991 cperam,

1932 5015 1986 5061 et
2034 5006 2365 5079 fatigationis
2388 5012 2730 5068 subtraheret
2784 5027 3039 5083 sensum,
3090 5016 3234 5071 beati
3286 5015 3502 5074 Davidis

1934 5099 2171 5172 linguam
2202 5104 2389 5167 movit,
2430 5106 2494 5159 ad
2523 5106 2852 5162 miscendam
2882 5109 3151 5165 vaticiniis
3188 5111 3497 5173 melodiam,

1937 5199 1996 5242 ut
2040 5206 2328 5247 numerosa
2362 5194 2731 5251 modulatione
2766 5197 2936 5262 ducti,
2972 5199 3142 5253 multa
3175 5212 3298 5253 cum
3332 5199 3499 5253 animi

1934 5282 2216 5339 alacritate
2263 5285 2452 5342 laudes
2509 5288 2611 5357 ipsi
2660 5304 2847 5346 sacras
2894 5292 3268 5348 decantemus.
3317 5293 3503 5363 Usque

1933 5374 2080 5428 enim
2128 5375 2263 5431 adeo
2312 5377 2378 5430 ad
2437 5387 2683 5434 naturam
2722 5392 2962 5437 nostram
3008 5390 3317 5451 comparata
3375 5396 3502 5441 sunt

1933 5465 2174 5520 carmina
2219 5475 2274 5523 et
2304 5470 2691 5537 modulamina,
2741 5480 2803 5527 ut
2846 5482 2903 5527 et
2951 5474 3100 5541 pueri
3138 5474 3416 5539 lactentes,
3447 5486 3501 5533 et

1936 5554 2196 5613 mulieres
2227 5569 2437 5624 nentes,
2482 5570 2535 5615 et
2566 5562 2837 5631 agricola,
2868 5571 2922 5616 et
2952 5563 3214 5630 viatores,
3244 5574 3299 5619 et
3327 5577 3502 5621 nautm

1937 5648 2243 5705 molestiam
2292 5650 2495 5705 laboris
2528 5663 2693 5707 cantu
2729 5653 2969 5707 solentur
3011 5671 3026 5707 :
3075 5643 3232 5724 quasi
3284 5659 3499 5721 anima,

1938 5738 1983 5792 si
2019 5740 2443 5801 modulationem
2479 5752 2571 5817 aut
2631 5751 2848 5797 cantum
2886 5744 3089 5804 audiat.
3127 5762 3501 5820 quamcunque
