4038 6194
572 260 704 326 1071

1308 265 1700 326 OPUSCULA
1740 260 2367 323 SGRIPTURISTICA
2406 262 2756 322 INCERTJE
2797 263 3104 323 IETATIS.

3595 272 3691 336 1072

571 369 875 426 molestiam
925 374 1020 423 aut
1066 382 1364 423 aerumnam
1411 367 1627 422 facilius
1685 366 1844 422 ferat.
1895 364 2150 431 Quando-

2095 380 2150 420 o-
2178 376 2221 431 Α
2252 364 2473 435 ᾄσματα
2505 368 2552 419 οἱ
2580 366 2832 436 δαίμονες
2860 370 3166 436 εἰσάγοντες
3191 367 3386 423 ἅπαντα
3413 372 3690 446 ἀειατρέπωτι,

571 464 789 533 quidem
825 475 953 530 ergo
983 459 1096 513 btec
1130 459 1377 527 voluptas
1409 458 1545 511 adeo
1595 456 1815 526 propria
1844 463 1928 510 est
1962 455 2145 509 animo

573 564 905 615 nostro,.ne
963 551 1241 604 daemones
1283 548 1521 604 inductis
1568 548 1821 602 cantibus
1863 547 2145 602 amatoriis

573 654 630 699 et
687 641 1006 698 meretriciis
1058 640 1240 695 omnia
1298 648 1642 709 pervertant,
1696 639 1938 708 psalmos
1989 639 2147 709 quasi

573 731 1041 805 propugnaculum
1086 729 1288 800 objecit
1333 729 1439 784 illis
1490 728 1649 793 Deus,
1691 728 1827 783 adeo
1858 738 1914 782 ut
1945 743 2031 783 res
2060 729 2146 783 illa

572 826 735 881 simul
773 835 826 878 et
872 823 1125 893 voluptas
1168 830 1222 876 et
1253 821 1460 876 utilitas
1491 821 1563 875 sit
1620 835 1649 873 a
1702 819 1901 890 Spiritu
1956 830 2151 875 sancto

504 900 509 903 ⁷
573 914 834 986 profecta,
881 914 974 983 qui
1027 916 1078 967 in
1141 912 1379 967 animam
1432 912 1537 967 tale
1586 911 1791 980 aliquid
1836 918 2145 963 cantantem

573 1009 821 1062 celeriter
850 1005 997 1059 illabi
1037 1005 1196 1060 solet.
1232 1004 1525 1072 Postquam
1563 1004 1706 1057 enim
1745 1000 1980 1071 Spiritus
2018 1017 2147 1055 san-

573 1106 693 1152 ctus
740 1098 1040 1150 humanum
1070 1109 1241 1164 genus
1271 1093 1616 1148 intractabile
1646 1093 1780 1146 vidit
1810 1092 2052 1146 hortanti
2082 1091 2148 1144 ad

571 1188 855 1250 virtutem,
885 1200 1095 1255 nosque
1142 1188 1289 1254 ipsos
1323 1185 1507 1239 studio
1540 1183 1832 1253 voluptatis
1866 1194 2024 1237 rectre
2053 1184 2150 1236 vize

576 1278 1016 1347 negligentiores,
1039 1283 1306 1344 prtet‘epla
1327 1274 1539 1327 virtutis
1564 1272 1830 1326 suavitate
1854 1269 2152 1324 harmonia:

576 1366 737 1436 quasi
792 1364 1137 1419 condimento
1176 1363 1361 1431 aliquo
1416 1359 1754 1429 temperavit,
1811 1368 1870 1413 ut
1934 1368 2151 1427 propter

578 1457 807 1525 gratiam
842 1468 893 1509 et
923 1454 1245 1510 suavitatem
1285 1452 1600 1515 auditionis,
1647 1450 1912 1505 oratiOnis
1949 1450 2153 1503 utilita-

579 1557 684 1600 tem
721 1544 877 1598 inscii
911 1544 1343 1596 admitteremus.
1374 1539 1600 1594 Perinde
1628 1555 1691 1594 ac
1716 1541 2005 1609 prudentes
2036 1555 2148 1593 me-

576 1637 703 1700 dici,
745 1633 961 1703 quando
992 1632 1187 1686 acerba
1218 1642 1311 1685 aut
1339 1646 1524 1685 amara
1559 1631 1948 1684 medicamenta
1980 1645 2151 1700 aegro-

2244 459 2373 520 τοὺς
2397 456 2645 527 ψαλμοὺς
2670 458 2853 520 αὐτοῖς
2884 457 3214 527 ἐπετείχισεν
3246 462 3272 513 6
3298 460 3443 524 Θεό;’
3471 464 3579 519 ὥστε
3600 470 3696 540 όμοῧ

2244 547 2306 601 τὸ
2344 548 2576 620 πρᾶγμα
2605 549 2700 601 καὶ
2729 548 2920 619 ἡδονὴν
2948 550 3043 603 καὶ
3070 549 3326 617 ὠφέλειαν
3352 548 3470 606 εἶναι
3493 556 3568 609 τοῦ
3588 559 3697 627 ἁγίου

2247 639 2583 709 Πνεῦματοζ,
2620 642 2685 709 τῇ
2721 639 2946 692 τοιαῦτα
2973 639 3239 712 ψαλλοὺση
3276 643 3406 714 ψυχῇ
3436 646 3604 715 ταχέως
3634 651 3700 717 ἐφ.

2258 731 2579 799 ιπταμένου.
2624 730 2711 793 Ὠς
2729 729 2837 801 γάρ
2860 731 3093 801 εἴρηται,
3122 733 3330 786 ἐπειδὰν
3348 732 3442 787 εἶδε
3467 736 3517 788 τὸ
3545 738 3701 808 Πνεῦμα

2245 822 2307 874 τὸ
2338 822 2493 889 ἅγιον
2522 822 2840 890 δυσάγωγον
2870 825 3007 894 πρὸς
3035 827 3131 895 τὴν
3170 824 3360 895 ἀρετὴν
3402 825 3455 878 τὸ
3487 828 3609 894 γένος
3639 831 3703 881 ἀν-

2249 909 2500 979 θρώπων,
2551 911 2643 964 καὶ
2692 912 2782 965 διὰ
2830 914 2891 965 τὸ
2944 913 3081 984 πρὸς
3131 914 3315 984 ἡδονὴν
3354 915 3704 985 ἐπιρῤεπὲς,τοῦ

2246 1002 2407 1072 ὀρθοῦ
2435 1002 2550 1071 βίου
2580 1002 3023 1072 καταμελοῦντας
3049 1005 3213 1073 ἡμᾶς,
3240 1004 3298 1057 τὸ
3325 1006 3383 1057 ὲκ
3405 1006 3491 1074 τῆς
3516 1007 3707 1075 μελῳδίας

2248 1092 2483 1163 τερπνὸν
2524 1096 2635 1156 τοῖς
2679 1092 2944 1160 δόγμασιν
2981 1093 3362 1163 ἐγκατέμιξενσ
3388 1095 3464 1148 ἵνα
3489 1097 3551 1163 τῷ
3589 1113 3708 1165 προς-

2248 1185 2369 1250 ηνεῖ
2398 1183 2491 1235 καὶ
2523 1183 2652 1252 λείῳ
2687 1183 2785 1253 τῆς
2811 1184 2981 1253 ἀκοῆς
3009 1184 3072 1237 τὸ
3110 1185 3174 1237 ἑκ
3207 1185 3310 1237 τῶν
3337 1184 3492 1252 λόγων
3512 1185 3711 1254 ὠφέλιμον

2249 1272 2618 1338 λανθανόντως
2665 1274 3054 1344 διαδεξὼμεοα.
3102 1277 3213 1329 Καὶ
3267 1276 3495 1345 καθάπερ
3530 1278 3569 1327 οἱ
3604 1276 3711 1342 σοφοὶ

2250 1362 2359 1415 τῶν
2399 1363 2599 1433 ίατρῶν
2646 1362 2717 1415 τὰ
2749 1364 3128 1435 αὐστηρότερα
3161 1364 3249 1417 καὶ
3278 1366 3436 1434 πικρά
3467 1364 3556 1416 τῶν
3581 1364 3716 1431 ἀλεξη-

2249 1452 2454 1521 τηρίων
2485 1452 2789 1522 φαρμάκων
2828 1454 3004 1507 πίνειν
3031 1453 3296 1516 διαδόντες
3328 1456 3433 1516 τοίς
3459 1453 3717 1523 aestima:

2252 1542 2347 1595 καὶ
2380 1545 2711 1611 κακοσίτοις,
2746 1545 2987 1613 εὔληπτα
3032 1545 3206 1599 ταῦτα
3238 1545 3458 1609 ποιοῦσι,
3482 1549 3536 1615 τῇ
3560 1544 3631 1597 τοῦ
3656 1546 3720 1611 μὲ-

2253 1630 2393 1691 λιτος
2420 1632 2578 1702 ἡδονῇ
2608 1633 3038 1704 παραπτύοντες,
3064 1633 3207 1687 οὕτω
3229 1635 3319 1687 καὶ
3348 1636 3436 1703 τὴν
3461 1633 3561 1686 κατ’
3582 1631 3716 1702 (xpetit

578 1729 647 1782 tis
684 1727 994 1795 propiuant,
1032 1735 1084 1779 et
1118 1724 1399 1778 stomacho
1444 1723 1838 1787 laborantibus,
1870 1723 2153 1777 dulcedine

2128 1737 2153 1777 e
2182 1711 2228 1768 Β
2256 1726 2549 1792 πολιτείαν,
2619 1729 2861 1799 σκληρὰν
2918 1727 3101 1791 οὖσαν,
3176 1730 3421 1797 γλυκεῖαν
3474 1729 3505 1797 ἡ
3556 1726 3723 1796 μελῳδέα

578 1819 752 1873 mellis
780 1818 1043 1872 condiunt
1073 1826 1132 1870 ut
1168 1816 1341 1885 magis
1372 1815 1480 1869 sint
1509 1815 1574 1868 ad
1603 1815 1840 1884 palatum
1872 1830 1886 1866 :
1919 1814 1994 1865 ita
2042 1813 2152 1865 vir-

578 1912 753 1965 titntis
778 1908 1132 1969 curriculum,
1172 1908 1313 1975 quod
1352 1921 1446 1974 per
1490 1920 1550 1959 se
1579 1904 1794 1959 difficile
1825 1916 1879 1958 et
1924 1902 2151 1972 impedi-

580 2019 689 2057 tum
721 2010 823 2062 est.
855 2004 1145 2057 amoenitas
1176 2009 1369 2055 cantus
1398 2008 1612 2070 gratum
1647 1998 1825 2052 etlicit.
1860 1994 1981 2050 ldeo
2007 1996 2148 2049 enim

578 2095 792 2149 numeri
831 2094 1157 2164 hymnorum
1189 2092 1394 2147 inventi
1435 2099 1585 2155 sunt,
1619 2098 1680 2142 ut
1720 2088 1813 2158 qui
1848 2088 1997 2157 pueri
2024 2096 2153 2140 sunt

578 2196 756 2250 tet-ate,
787 2195 880 2239 aut
908 2185 1134 2238 omnino
1167 2184 1437 2245 rudiorcs,
1470 2182 1536 2235 ad
1572 2180 1815 2233 habitum
1850 2178 2064 2231 virtutis
2096 2177 2149 2230 in

582 2279 819 2348 speciem
872 2274 1091 2345 quidem
1151 2283 1383 2334 canant,
1445 2285 1631 2325 revera
1697 2279 1879 2323 autem
1936 2268 2152 2321 animos

581 2372 854 2428 erudiant.
903 2369 947 2423 0
998 2368 1217 2437 sapiens
1276 2367 1553 2420 inventum
1601 2362 1866 2433 magistri,
1908 2360 2002 2431 qui
2050 2362 2156 2415 hoc

583 2463 826 2524 molitur,
859 2468 916 2512 ut
945 2459 1132 2513 eadem
1188 2471 1350 2524 opera
1386 2464 1441 2509 et
1492 2468 1755 2509 canamus
1789 2462 1842 2507 et
1877 2452 2154 2508 discamus

584 2557 759 2610 utilia.
779 2554 896 2621 Qua
954 2552 1165 2606 ratione
1198 2559 1348 2603 tanto
1378 2548 1588 2603 ﬁrmius
1616 2546 1799 2600 animo
1829 2559 2014 2599 noStro
2046 2542 2152 2596 im-

584 2648 837 2715 primitur
884 2644 1154 2698 doctrina.
1203 2639 1453 2694 Violenta
1510 2639 1653 2692 enim
1703 2636 1987 2705 disciplina
2046 2648 2153 2687 non

585 2746 764 2807 potest
793 2748 915 2789 esse
942 2733 1217 2786 diuturna.
1252 2728 1405 2795 Quod
1436 2738 1615 2783 autem
1641 2741 1765 2780 eum
1797 2722 2155 2779 delectatione

585 2828 817 2899 quadam
840 2825 1070 2893 obrepit,
1095 2821 1436 2877 constantius
1494 2819 1677 2873 animo
1706 2816 1950 2871 inita-ret.
1977 2812 2153 2869 Causa

585 2920 751 2990 igitur
783 2917 957 2987 prima
987 2923 1041 2969 et
1072 2913 1228 2983 quasi
1281 2911 1458 2976 obvia,
1493 2924 1660 2980 quare
1708 2924 1831 2963 cum
1882 2906 2155 2975 voluptate

2252 1817 2495 1886 ἐποίησε.
2544 1819 2641 1873 Διά
2684 1819 2844 1871 τοῦτο
2894 1820 2959 1873 τὰ
2994 1820 3289 1890 ἐναρμόνια
3333 1818 3487 1871 ταῦτα
3520 1817 3627 1887 μέλη
3651 1817 3723 1867 τῶν

2251 1909 2480 1980 ψαλμῶν
2507 1912 2872 1980 ἐπινενόηταιο
2890 1912 2978 1965 ἵνα
3005 1913 3053 1965 οἱ
3077 1912 3265 1975 παῖδες
3289 1912 3379 1982 τὴν
3399 1911 3597 1982 ἡλικίαν,
3618 1907 3727 1979 ἣκει

2251 2001 2388 2063 ὅλως
2428 2004 2475 2054 οἱ
2518 2005 2703 2072 νεαροὶ
2743 2004 2803 2056 τὸ
2852 1999 3004 2073 ἦθος,
3033 2004 3111 2073 τῷ
3143 2004 3240 2074 μὲν
3269 2004 3451 2066 δοκεῖν,
3485 1999 3725 2071 μελῳδὼσιι

2252 2093 2318 2162 τῇ
2348 2092 2576 2165 ἀληθείᾳ
2600 2093 2656 2146 δὲ
2684 2094 2781 2158 τὰς
2811 2094 2987 2165 ψυχὰς
3014 2096 3393 2149 παιδεύωνται.
3428 2094 3484 2146 Ὠ
3508 2093 3588 2161 τῆς
3608 2092 3729 2160 σοφῆς

2254 2183 2495 2247 ἐπινοίας
2523 2184 2617 2236 τοῦ
2645 2186 2987 2251 διδασκάλου,
3018 2186 3160 2255 ὁμοῦ
3186 2203 3244 2239 τε
3279 2186 3414 2256 ᾄδειν
3438 2187 3579 2254 ἡμᾶς,
3601 2181 3729 2235 nisi

2252 2274 2503 2346 λυσιτελῆ
2541 2276 2832 2346 μανθάνειν
2861 2278 3258 2347 μηχανωμένου
3280 2278 3295 2330 l
3314 2276 3461 2331 Ὅθεν
3484 2276 3563 2329 καὶ
3588 2272 3727 2343 μᾶλλον

2253 2364 2581 2417 ὲντυποῦται
2632 2367 2751 2427 ταῖς
2786 2364 2986 2435 ψυχαῖς
3026 2366 3097 2418 τά
3136 2367 3458 2437 διδάγματα’
3492 2365 3629 2434 βίαιον
3653 2363 3726 2428 γάρ

2257 2454 2487 2524 μάθημα
2514 2456 2573 2508 οὐ
2607 2455 2817 2523 πέφυκε
2849 2457 3193 2527 παραμένειν
3212 2474 3226 2489 ο
3258 2458 3314 2510 τὸ
3338 2457 3390 2509 δὲ
3416 2456 3537 2527 μετά
3556 2452 3729 2521 τέρψεως

2255 2544 2347 2595 καὶ
2375 2543 2595 2613 χάριτος
2635 2543 2977 2613 είσδυόμενον
3021 2544 3393 2617 μονιμώτερόν
3424 2561 3525 2607 πως
3552 2546 3643 2605 ταῖς
3663 2540 3730 2608 ψυ-

2254 2634 2377 2701 χαῖς
2422 2634 2577 2701 ἡμῶν
2638 2633 2911 2691 ἐνιζάνει’
2972 2636 3008 2705 ἡ
3061 2636 3167 2705 μὲν
3201 2635 3293 2689 οὖν
3339 2634 3590 2704 πρόχειρος
3613 2628 3730 2695 αἰτία,

2255 2724 2377 2778 καθ’
2417 2726 2484 2797 ἣν
2532 2728 2588 2779 ἐν
2619 2727 2776 2797 ἡδονῇ
2810 2728 2908 2798 τὴν
2937 2730 2995 2781 ὲν
3023 2733 3141 2793 τοῖς
3175 2730 3403 2800 ψαλμοῖς
3446 2729 3635 2799 μελέτην
3658 2741 3733 2776 ποι-

2253 2816 2481 2886 ούμεθα,
2518 2816 2657 2887 αὕτη
2690 2820 2835 2885 ἐστὶ,
2885 2820 2942 2871 τὸ
2974 2820 3260 2891 μελῳδεῖν,
3296 2822 3449 2890 φημὶ,
3482 2819 3539 2872 τὰ
3562 2819 3735 2889 ῥήματα.

2259 2909 2439 2960 Ἕοικε
2471 2908 2528 2961 δὲ
2556 2911 2588 2979 ἡ
2617 2909 2702 2963 διὰ
2730 2912 2829 2980 τῆς
2865 2912 3136 2982 μελῳδίας
3170 2915 3444 2983 φιλοσοφία
3495 2914 3572 2965 καὶ
3608 2906 3739 2978 μεῖζόν

584 3010 824 3080 psalmos
847 3008 1030 3061 animo
1053 3019 1354 3069 versemus,
1382 3004 1497 3057 [1:120
1527 3010 1630 3064 est,
1658 3000 1801 3071 quod
1838 2998 1997 3053 verba
2032 3013 2152 3050 mo-

2141 3025 2152 3035 '
2182 3039 2225 3097 C
2256 3016 2331 3064 τι,
2380 3000 2413 3071 ἦ
2457 3001 2597 3053 κατά
2623 3001 2720 3071 τὴν
2755 3003 2862 3056 τῶν
2902 3004 3108 3057 πολλῶν
3142 3005 3379 3058 διάνοιαν
3411 3001 3736 3071 ὑποσημαὶνιιν.

586 3100 860 3154 dolantur.
892 3095 984 3149 illa
1015 3110 1142 3150 vero
1168 3094 1284 3164 ipsa
1321 3090 1661 3160 philosophia
1701 3103 1822 3160 qua:
1872 3086 2153 3140 harmonia

586 3196 824 3251 constat,
852 3186 1029 3256 majus
1048 3185 1175 3255 quid
1206 3185 1259 3238 in
1285 3197 1505 3236 recessu
1535 3181 1693 3234 habet
1725 3192 1886 3247 quam
1916 3176 2160 3246 plerique

588 3281 832 3335 credunt.
867 3276 1006 3343 Quid
1028 3292 1156 3346 ergo
1178 3286 1260 3329 est
1290 3274 1341 3328 id
1369 3272 1509 3342 quod
1539 3271 1693 3327 dico?
1722 3269 1912 3323 Audivi
1938 3270 2158 3336 sapien-

590 3380 702 3425 tum
736 3369 1025 3438 quemdam
1064 3375 1269 3419 natura:
1312 3372 1514 3418 nostra:
1558 3363 1825 3415 rationem
1861 3359 1937 3413 ita
1986 3357 2157 3426 expli-

586 3468 800 3515 cantem
850 3458 1006 3527 quasi
1049 3458 1214 3511 homo
1263 3470 1465 3525 parvus
1502 3453 1723 3523 quidam
1780 3448 2018 3504 mundus
2068 3448 2159 3508 sit,

591 3554 774 3608 omnia
835 3551 976 3605 inter
1020 3564 1079 3604 se
1130 3549 1486 3610 concludens,
1540 3558 1880 3615 quaecunque
1931 3555 2161 3610 magnus

590 3642 683 3696 ille
730 3640 966 3695 mundus
1018 3638 1419 3708 complectitur.
1480 3634 1655 3704 Hujus
1703 3644 1884 3687 autem
1921 3630 2162 3685 universi

590 3731 878 3803 dispositio
935 3739 991 3786 et
1036 3736 1263 3785 ornatus
1314 3742 1478 3798 quam
1530 3726 1777 3798 proxime
1830 3724 2041 3779 accedit
2096 3724 2163 3777 ad

594 3822 959 3882 harmoniam,
1005 3820 1191 3876 multis
1223 3819 1536 3874 nominibus
1572 3825 1628 3873 et
1669 3815 1870 3878 modis,
1898 3830 2005 3868 non
2048 3814 2166 3867 sine

592 3911 785 3966 ordine
826 3920 880 3965 et
926 3924 1155 3964 numero
1208 3908 1311 3964 sibi
1360 3907 1466 3978 ipsi
1512 3906 1953 3977 respondentem.
2010 3901 2166 3957 llunc

594 4003 763 4073 igitur
795 4001 1036 4055 divinant
1105 4009 1428 4055 concentum
1479 3999 1644 4053 etiam
1720 4013 1953 4070 magnus
1999 3995 2163 4049 David

594 4096 824 4149 auribus
876 4093 1130 4148 hausisse
1191 4093 1316 4147 totis
1378 4091 1510 4145 mihi
1563 4092 1795 4157 videtur,
1852 4102 1987 4154 tum,
2042 4105 2167 4145 cum

592 4189 806 4259 psalmo
836 4187 1068 4257 quodam
1103 4185 1246 4240 dicat
1274 4202 1287 4239 :
1312 4183 1559 4239 Laudant
1587 4183 1756 4239 Deum
1794 4183 1915 4237 alia:
1943 4183 2169 4237 virtutes

598 4279 721 4333 coeli
771 4292 995 4344 omnes,
1028 4286 1083 4332 et
1112 4277 1294 4331 lumen
1351 4285 1650 4341 astrorum,
1704 4276 1871 4330 solet
1909 4275 2059 4340 luna,
2115 4282 2169 4329 et

2261 3091 2324 3143 Τί
2356 3087 2448 3144 οὖν
2488 3093 2634 3145 ἐστιν
2665 3093 2691 3145 ὃ
2721 3110 2891 3163 (papa;
2930 3096 3184 3151 Ἥκουσά
3215 3114 3355 3158 τινος
3382 3096 3481 3148 τῶν
3504 3090 3664 3161 σοφῶν,
3682 3086 3742 3138 τὸν

2262 3180 2389 3249 περὶ
2414 3181 2511 3250 τῆς
2553 3182 2765 3250 φύσεως
2793 3184 2948 3252 ἡμῶν
2978 3184 3275 3248 διεξιόντος
3315 3186 3481 3251 λόγον,
3511 3184 3578 3234 ὅτι
3604 3174 3741 3249 μικράς

2261 3273 2344 3334 τίς
2385 3274 2499 3326 ἐστι
2539 3275 2740 3344 κόσμος
2782 3278 2806 3327 6
2847 3275 3160 3344 ἄνθρωπος,
3197 3279 3371 3332 πάντα
3399 3278 3521 3346 ἔχων
3553 3276 3599 3326 ἒν
3622 3265 3747 3334 ἑαυτῷ

2262 3362 2330 3415 τὰ
2360 3364 2452 3416 τοῦ
2481 3364 2714 3434 μεγάλου
2757 3366 2962 3435 κόσμου
2981 3383 2995 3398 °
3025 3368 3058 3436 ἡ
3087 3368 3150 3420 δὲ
3177 3368 3271 3421 τοῦ
3306 3369 3492 3431 παντὸς
3523 3364 3745 3429 διακόσμη-

2266 3471 2350 3515 σις
2396 3456 2631 3524 ἁρμονία
2660 3457 2743 3520 τίς
2778 3458 2893 3509 ἐστι
2929 3460 3191 3531 μουσικὴ,
3224 3458 3499 3521 πολυειδῶς
3525 3456 3603 3510 καὶ
3626 3450 3748 3505 ποιιί-

2265 3543 2372 3608 λως
2408 3546 2551 3598 κατά
2582 3563 2705 3599 τινα
2736 3548 2886 3613 τάξιν
2915 3549 3009 3601 καὶ
3037 3551 3248 3621 ῥυθμὸν
3278 3552 3408 3619 πρὸς
3436 3549 3605 3617 ἑαυτὴν
3628 3547 3747 3613 ἡρμο·

2267 3642 2465 3706 σμένη.
2496 3637 2712 3707 Ταύτης
2738 3637 2793 3690 δὲ
2821 3642 2915 3709 τῆς
2943 3639 3241 3705 Θεσπεσίας
3278 3640 3531 3713 ὑμνῳδὶας
3558 3636 3670 3691 δοκεῖ
3691 3647 3752 3699 μσι

2268 3728 2361 3781 καλ⁸
2393 3730 2421 3780 ὁ
2452 3727 2625 3797 μέγας
2656 3728 2817 3782 Δασὶδ
2855 3733 2912 3783 ὲν
2950 3733 3220 3802 ἀκροάσει
3258 3735 3529 3803 γενόμενος
3563 3721 3751 3782 alneiva

2265 3835 2372 3871 τινι
2401 3820 2510 3871 τῶν
2548 3818 2896 3891 ψαλμῶν,ὂτι
2932 3823 3185 3879 «Αἱνοῦσι
3212 3826 3303 3880 τὸν
3342 3825 3464 3879 Θεὸν
3495 3823 3546 3878 αἶ
3568 3838 3614 3874 τε
3644 3815 3753 3873 ἄλλαι

2267 3909 2544 3981 δυνάμεις,
2577 3912 2635 3966 al
2667 3915 2787 3964 κατ’
2835 3913 3063 3983 οὐρανὸν
3110 3918 3309 3981 πᾶσαι,
3360 3917 3449 3970 καὶ
3491 3914 3543 3966 τὸ
3576 3906 3753 3977 ἀστρῴιν

2269 4002 2383 4071 φῶς
2407 4041 2423 4069 ν
2454 4004 2482 4056 δ
2531 4020 2591 4057 τε
2634 4004 2781 4074 ἥλιος
2816 4005 2913 4058 καὶ
2942 4006 2976 4076 ἡ
3008 4006 3233 4079 σελήνη,
3269 4008 3361 4061 καὶ
3386 4008 3431 4061 οἱ
3460 4004 3556 4059 τῶν
3578 3993 3754 4071 οὐρανῶν

2268 4094 2507 4166 οὐρανοὶ,
2538 4096 2631 4148 καὶ
2658 4096 2719 4147 τὸ
2750 4096 3147 4168 ὑπερθυράνιον
3179 4098 3443 4169 ὕδωρ.ιεί
3470 4092 3552 4149 οὖν
3583 4088 3755 4145 ὀδιάκοι

2273 4201 2408 4254 σμος
2452 4184 2573 4247 ὅλος
2617 4187 2850 4256 μουσική
2892 4203 2978 4248 τις
3013 4188 3256 4258 ἁρμονία
3283 4189 3417 4254 ἐστὶ,
3444 4186 3611 4257 μικρὸς
3633 4179 3675 4232 δὲ
3698 4174 3756 4227 ιδ’

2274 4294 2410 4349 σμος
2454 4282 2482 4332 6
2522 4278 2831 4350 ἄνθρωπος,
2883 4282 2916 4351 ἡ
2948 4282 3005 4333 ὲν
3036 4281 3116 4352 τῷ
3150 4282 3319 4335 παντὶ
3348 4276 3649 4349 θεωρουμένη
3670 4282 3758 4337 Pw'

591 4370 713 4427 coeli
744 4372 1030 4435 caelorum,
1073 4382 1124 4424 et
1151 4384 1290 4438 aqua
1326 4384 1449 4438 qua:
1480 4383 1644 4438 supra
1672 4369 1840 4424 caelos
1874 4378 1976 4422 est.
2014 4367 2168 4432 Quod

2162 4367 2168 4420 Ι
2200 4365 2245 4422 D
2277 4370 2405 4441 σικὴ
2431 4371 2525 4425 καὶ⁵
2550 4374 2607 4424 ὲν
2633 4375 2697 4442 τῇ
2720 4371 3035 4444 ἀνθρωπίνη
3067 4372 3232 4441 φύσει
3258 4362 3757 4443 φανήσεταιΔεξχννςι

591 4463 640 4518 si
677 4478 807 4545 ergo
833 4462 1119 4532 dispositio
1148 4462 1235 4515 illa
1267 4460 1455 4515 mundi
1486 4460 1891 4515 absolutissima
1923 4468 1973 4513 ct
2004 4474 2167 4514 orna-

596 4551 805 4607 tissima
835 4552 1120 4605 harmonia
1152 4551 1397 4619 quaedam
1432 4550 1638 4605 musica
1663 4560 1768 4615 est,
1792 4551 1954 4604 homo
1987 4558 2165 4604 autem

594 4659 794 4715 parvus
841 4642 1061 4712 quidam
1125 4643 1390 4707 mundus;
1425 4642 1609 4709 utique
1658 4657 1778 4710 qum
1812 4642 1865 4695 in
1911 4642 2168 4697 universo

578 4744 869 4807 spectatur
892 4733 1379 4796 harmonia,etiam
1417 4732 1470 4785 in
1509 4731 1749 4785 hominis
1772 4740 1964 4786 natura
1998 4747 2164 4802 appa-

598 4826 761 4880 rebit.
798 4824 989 4893 Arguit
1019 4833 1199 4877 autem
1237 4823 1340 4877 hoc
1368 4822 1530 4876 etiam
1568 4821 1885 4878 mechanica
1920 4825 2166 4893 corporis

603 4914 775 4971 nostri
808 4924 1102 4978 structura,
1139 4916 1206 4968 ad
1238 4915 1502 4969 rationem
1538 4914 1905 4969 [irmationnm
1941 4930 2034 4986 per
2064 4931 2167 4969 nu-

599 5022 784 5065 meros
828 5006 1184 5062 solertissime
1215 5021 1245 5060 a
1274 5015 1469 5061 natura
1506 5015 1781 5062 contexta.
1820 5004 1978 5062 Vides
2027 5015 2167 5062 arte-

596 5102 735 5157 riam
773 5099 937 5154 veluti
970 5098 1157 5153 tibiam
1193 5097 1465 5168 aliquam?
1500 5098 1768 5164 Palatum,
1800 5100 1955 5169 quasi
2004 5115 2169 5155 cano-

598 5207 721 5248 nem
751 5192 897 5263 lyrzn,
931 5190 1186 5260 illamque
1210 5206 1311 5260 ope
1334 5190 1547 5261 linguae,
1576 5198 1630 5244 et
1655 5204 1913 5260 genarum
1945 5198 1998 5243 et
2030 5191 2165 5255 oris,

598 5286 755 5355 quasi
789 5300 884 5354 per
913 5284 1175 5354 plectrum
1230 5284 1430 5338 editam
1481 5293 1535 5338 et
1566 5281 1802 5337 chordas
1838 5282 2168 5337 modulatio-

599 5372 763 5426 nem?
800 5370 1255 5441 Quandoquidem
1306 5373 1472 5442 igitur
1536 5388 1697 5426 omne
1745 5372 1893 5443 quod
1962 5382 2169 5427 natura:

600 5463 842 5516 ordinem
893 5465 1161 5534 sequitur,
1195 5464 1295 5534 ipsi
1351 5474 1557 5517 natura:
1588 5474 1800 5534 gratum
1833 5474 1949 5528 est,
2001 5464 2169 5518 musi-

600 5568 718 5604 cam
748 5565 925 5607 autem
967 5558 1031 5607 ad
1072 5570 1319 5608 normam
1374 5564 1583 5607 natura-
1634 5564 1834 5608 llOSll'iC
1884 5570 2171 5622 compara-

606 5653 710 5698 tam
746 5658 863 5696 esse
892 5644 1001 5711 jam
1041 5646 1224 5716 liquet,
1260 5646 1379 5702 ideo
1410 5662 1636 5717 magnus
1672 5645 1836 5701 David
1868 5645 2163 5715 disciplinze

2273 4460 2328 4513 δὲ
2361 4460 2520 4514 τοῦτο
2546 4462 2640 4513 καὶ
2681 4462 2715 4531 ἡ
2751 4461 3017 4532 ὀργανική
3067 4460 3163 4514 τοῦ
3206 4460 3455 4531 σώματος
3487 4454 3619 4526 ὴμῶν
3646 4458 3761 4499 κατα·

2276 4552 2466 4623 σκευὴ,
2491 4553 2627 4624 πρὸς
2648 4553 2906 4623 ἐργασίαν
2932 4552 3209 4623 μουσικῶς
3232 4547 3638 4621 φιλοτεχνηθεῖσα
3657 4534 3758 4602 παρά

2274 4642 2371 4712 τῆς
2399 4642 2633 4711 φύσεωῖ·
2675 4643 2837 4713 Ὁρᾷς
2864 4643 2955 4695 τδν
2979 4642 3079 4713 τῆς
3102 4643 3372 4714 ἀρτηρίας
3398 4639 3571 4701 αὐλόνς
3596 4634 3673 4698 τὴν
3698 4625 3761 4687 τῆς

2277 4731 2527 4802 ὑπερῴας
2556 4732 2786 4802 μονάδα;
2833 4732 2931 4803 τὴν
2960 4733 3046 4788 διὰ
3078 4734 3329 4802 γλώττης
3361 4732 3448 4784 καὶ
3476 4722 3677 4796 παρειῶν
3698 4716 3757 4766 11"-

2276 4822 2563 4894 στόματος,
2596 4823 2670 4887 ὡς
2700 4823 2786 4876 διὰ
2815 4824 3022 4895 χορδῶν
3057 4824 3151 4877 καὶ
3179 4825 3454 4895 πλήκτρου
3486 4808 3760 4885 κιθαρῳδίανὶ

2286 4915 2439 4968 Ἐπεὶ
2466 4910 2556 4968 οὖν
2592 4917 2700 4968 πᾶν
2728 4915 2789 4967 τὸ
2835 4916 2975 4969 κατά
3018 4916 3181 4985 φύσιν
3214 4915 3368 4985 φίλον
3409 4916 3470 4983 τῇ
3506 4908 3637 4978 φύσει
3663 4896 3755 4950 ὲστί·

2274 5006 2568 5079 ἀπεδείχθη
2595 5008 2652 5061 δὲ
2682 5007 2824 5061 κατά
2858 5008 3018 5077 φύσῖν
3046 5010 3179 5079 ἡμῖν
3209 5008 3349 5062 οὖσα
3378 5009 3411 5078 ἠ
3445 4998 3660 5075 μουσικὴ,
3681 4986 3763 5042 τοῦ’

2275 5116 2369 5152 του
2406 5098 2565 5169 χάριν
2597 5101 2625 5152 6
2670 5100 2843 5171 μέγας
2874 5100 3038 5154 Δαόὶδ
3069 5103 3135 5170 τῇ
3161 5101 3296 5172 περὶ
3326 5099 3432 5153 τῶν
3455 5091 3637 5165 ἀρετῶν
3662 5081 3760 5151 φάθ’

2279 5191 2440 5259 σοφίᾳ
2468 5189 2566 5260 τὴν
2614 5191 2882 5262 μελῳδίαν
2924 5190 3255 5262 κατέμιξενο
3310 5185 3422 5243 οἷόν
3462 5202 3569 5240 τινα
3612 5178 3763 5249 μέλιτοῖ

2277 5281 2467 5351 ἡδονὴν
2506 5280 2614 5334 τῶν
2657 5281 2876 5352 ὑψηλῶν
2923 5282 3198 5352 καταχέας
3242 5282 3539 5352 δογμάτων.
3580 5268 3665 5325 Καί
3704 5274 3762 5330 μα

2276 5375 2422 5427 δοκεῖ
2449 5374 2837 5443 συμϐουλεύειν
2866 5375 2933 5428 δι’
2969 5375 3339 5444 αἰνιγμάτων,
3381 5375 3461 5426 ὃτι
3487 5370 3540 5421 οὐ
3566 5366 3632 5418 δεῖ
3651 5359 3765 5444 59°”:

2282 5464 2373 5517 σόν
2401 5481 2460 5517 τε
2492 5438 2588 5516 καὶ
2617 5464 2879 5533 ἔκτροπον
2922 5464 3016 5517 καὶ
3048 5438 3274 5533 παρηχη
3285 5438 3442 5533 μένον
3466 5459 3561 5511 τῶν
3580 5456 3626 5506 ἐν
3648 5438 3763 5515 ἀρεῆ

2279 5554 2496 5618 ζώντων
2520 5551 2657 5608 εἶναι
2686 5555 2746 5608 τὸ
2787 5550 2918 5625 ἦθος
2938 5597 2951 5622 ,
2982 5555 3095 5610 ἀλλ’
3158 5555 3399 5627 ἐμμελὲς
3431 5552 3515 5605 καὶ
3547 5539 3762 5633 εῧρυθμννι

2282 5651 2416 5719 μήτε
2441 5649 2579 5720 πέρα
2603 5650 2694 5704 τοῦ
2727 5651 2923 5722 μέτρου
2949 5651 3401 5722 ὑπερτεινόμενον
3419 5663 3431 5676 .
3451 5646 3669 5718 ῥήγνυται
3692 5636 3761 5695 τερ
