4038 6194
372 325 503 395 ιοτι

1282 337 1676 399 PR/EFATIO
1714 340 1813 399 AD
1851 338 2205 400 CATENAM
2240 339 2324 401 IN
2362 339 2720 400 PSALMHS.

3459 329 3596 397 10'."

362 444 583 504 πάντως
621 442 687 513 τῇ
741 442 1039 515 ὑπερτάσει
1084 448 1184 518 τῆς
1221 448 1420 519 χορδῆς
1465 449 1527 503 τδ
1558 451 1929 520 εὐάρμοστον·

2046 450 2299 503 virtutum
2356 449 2649 506 admsicuit
2705 450 3027 515 melodiam,
3094 456 3151 504 nt
3209 449 3365 521 quasi
3420 450 3600 519 aliqua

362 531 505 598 μήτε
548 530 683 600 πρὸς
716 531 777 585 τὸ
804 534 1063 599 έναντίον,
1093 536 1153 589 εν
1179 536 1413 608 ἀμετρίᾳ
1444 538 1545 607 τῆς
1572 539 1767 609 ἡδονῆς
1798 539 1927 591 ὑποο

362 618 705 690 χαλώμενον·
750 624 907 695 κωφὴ
941 623 1050 695 γὰρ
1092 627 1188 680 καὶ
1228 627 1453 692 ἄναυδος
1485 630 1695 697 γίνεται
1724 631 1757 701 η
1783 628 1928 701 ψυχῆ

362 713 477 773 τοϊς
516 711 619 781 τῆς
648 713 842 784 ἡδονῆς
868 716 1271 786 ἒγχαυνωθεῖσα
1301 719 1521 775 πάθεσι.
1554 721 1722 790 Δῆλον
1744 720 1836 773 οὖν
1866 723 1931 773 ὲκ

358 801 568 855 τούτων
598 803 719 857 ἐστὶ
740 844 755 868 ,
784 806 920 876 πρὸς
946 808 975 860 δ
1001 825 1053 861 τι
1084 808 1272 878 βλέπει
1299 810 1400 879 τῆς
1432 811 1696 880 μελῳδίας
1717 811 1777 863 τὸ
1798 813 1933 864 αῐνι-

362 908 481 961 γμα
497 910 512 923 ο
536 893 622 946 ὅτι
652 893 748 964 τὴν
773 896 880 949 τῶν
905 899 1243 969 παθημάτων
1272 901 1531 970 συστολὴν
1574 900 1933 970 συμϐουλεύει

367 984 671 1038 ποιεῖσθαι·
708 987 816 1039 τῶν
854 987 1126 1060 διαφόρως
1154 993 1286 1059 ἡμῖν
1325 992 1691 1061 ὲγγινομένων
1720 992 1783 1043 ὲκ
1825 990 1935 1043 τῶν

364 1072 638 1142 βιωτικῶν
684 1080 1079 1145 περιστάσεων.
1123 1081 1287 1134 Ὅθεν
1317 1080 1502 1133 καὶτὰ
1534 1079 1935 1149 κατορθώματα

364 1164 465 1233 τῆς
491 1165 641 1229 θείας
657 1168 863 1237 ταύτης
888 1170 1156 1240 μουσικῆς
1177 1174 1591 1242 προσμαρτυρεί
1611 1172 1689 1242 τῷ
1715 1172 1879 1225 Δαϐὶδ
1901 1173 1935 1243 ἡ

365 1254 599 1325 ἱστορία,
633 1257 715 1310 ὅτι
741 1260 1057 1329 παράφορόν
1099 1278 1232 1314 ποτε
1260 1262 1583 1315 καταλαϐὼν
1616 1262 1707 1315 τόν
1742 1262 1935 1329 Σαοὺλ,

365 1347 462 1398 καὶ
498 1346 828 1415 ἐξεστηκότα
858 1350 959 1420 τῆς
987 1350 1248 1416 διανοίας,
1281 1351 1455 1415 οὕτως
1482 1352 1756 1417 ὲξιάσατο,
1806 1370 1939 1406 κατ-

366 1438 584 1509 επᾴδων
614 1438 709 1491 τοῦ
739 1441 966 1504 πάθους,
1014 1442 1154 1495 ὥστε
1184 1443 1331 1511 αὐτῷ
1356 1444 1520 1496 πάλιν
1550 1444 1686 1514 πρὸς
1710 1444 1771 1497 τὸ
1795 1443 1938 1497 κατὰ

368 1527 533 1595 φύσιν
567 1529 880 1584 ἐπανελθεῖν
913 1533 1011 1602 τὴν
1037 1532 1298 1586 διάνοιαν.
1343 1533 1453 1603 Τὴν
1479 1532 1535 1586 δὲ
1565 1534 1674 1586 τῶν
1705 1534 1938 1603 ψαλμῶν

372 1618 555 1687 βίϐλον
602 1620 782 1688 (τοῦτο
804 1622 914 1693 γὰρ
942 1622 1193 1686 ἐξετάσαι
1221 1624 1499 1693 λείπεται)
1550 1625 1630 1685 εἱς
1656 1626 1817 1678 πέντε
1859 1624 1940 1695 βι-

372 1710 496 1762 ϐλία
528 1710 771 1782 Ἑϐραῖοι
799 1712 1274 1782 διαιροῦσιν,ὦστε
1303 1714 1553 1782 γενέσθαι
1578 1715 1748 1784 αὐτὴν
1774 1715 1939 1784 ἄλλην

373 1800 761 1870 πεντάτευχον.
817 1803 949 1856 Ἀπὸ
992 1804 1102 1875 γάρ
1146 1804 1239 1858 τοῦ
1287 1806 1505 1876 πρώτου
1527 1806 1743 1875 ψαλμοῦ
1777 1807 1939 1877 μέχρι

370 1889 469 1943 τοῦ
494 1891 929 1962 τεσσαρακοστοῦ
981 1895 1110 1964 μίαν
1137 1894 1447 1963 ἐλογίσαντο
1482 1894 1695 1965 βίϐλον
1738 1896 1845 1949 άπὸ
1884 1896 1939 1950 δὲ

370 1982 469 2036 τοῦ
509 1986 948 2058 τεσσαρακοστοῦ
991 1988 1209 2059 πρώτου
1246 1990 1351 2052 ἕως
1395 1988 1490 2043 τοῦ
1541 1988 1941 2060 έϐδομηκοστού

374 2071 619 2143 πρώτου,
655 2075 950 2146 δευτέραν·
981 2078 1090 2130 ἀπὸ
1117 2078 1174 2131 δὲ
1202 2078 1297 2131 τοῦ
1327 2078 1727 2149 ἑϐδομηκοστοῦ
1759 2079 1941 2132 δευτέ-

375 2182 474 2235 ρου
518 2165 623 2229 ἕως
671 2167 764 2220 τοῦ
810 2168 1165 2239 ὀγδοηκοστοῦ
1213 2170 1425 2239 ὀγδόου,
1472 2173 1694 2242 τρίτην’
1736 2172 1844 2225 ἀπὸ
1884 2171 1942 2224 δὲ

372 2256 732 2326 ὀγδοηκοστοῦ
776 2260 1018 2324 ὲννάτου,
1062 2260 1169 2325 ἕως
1216 2262 1310 2315 τοῦ
1357 2263 1649 2316 ἑκατοστοῦ
1691 2263 1941 2332 πέμπτου

375 2347 641 2417 τετάρτην
666 2350 947 2403 ’ἐντεῦθεν
992 2351 1093 2414 ἕως
1132 2352 1318 2417 τέλους
1362 2352 1636 2422 πέμπτην.
1679 2353 1944 2407 Ἔκαστον

376 2436 487 2508 γὰρ
512 2438 725 2509 ψαλμὸν
751 2442 807 2493 ἐν
832 2442 906 2511 τῷ
933 2443 1074 2496 τέλει
1096 2444 1283 2515 ἔχοντα
1303 2446 1413 2512 τὸ,ι
1426 2445 1724 2515 Εὐλογητὸς
1743 2446 1945 2517 Κύριος

377 2530 639 2596 γένοιτο,ι
666 2532 818 2596 τέλος
850 2530 987 2587 εἶναι
1038 2534 1243 2605 βιϐλίου
1280 2536 1637 2590 ἐδικαίωσανο
1666 2538 1766 2607 τῆς
1800 2539 1945 2609 πέμ-

380 2639 523 2693 πτης
566 2624 735 2693 μόνης
785 2626 1022 2695 μερίδος,
1072 2628 1189 2680 ἀντὶ
1218 2628 1310 2680 τοῦ
1338 2647 1355 2680 ι
1390 2628 1690 2699 Εὐλογητὸς
1720 2630 1943 2700 Κύριος,

378 2713 841 2782 γένοιτο,γένοιτο.
857 2716 1111 2787 »ἑκούσης
1131 2717 1384 2772 τὸιΠᾶσα
1408 2718 1540 2790 πνοὴ
1570 2719 1836 2773 αἰνεσάτω
1858 2722 1948 2775 τὸν

385 2800 644 2871 Κύριον.»
681 2804 776 2864 Τίς
801 2804 856 2858 δὲ
895 2808 928 2877 ὴ
961 2809 1019 2859 έν
1050 2806 1258 2870 τούτοις
1290 2806 1509 2877 τεχνικὴ
1538 2806 1718 2873 nam;
1743 2808 1816 2860 Τδ
1850 2808 1949 2877 μὲν

382 2894 601 2964 πρῶτον
636 2899 831 2967 τμῆμα
872 2898 969 2968 τῆς
989 2898 1187 2962 κακίας
1212 2900 1473 2969 ἀφίστησι
1501 2899 1593 2952 τὸν
1624 2898 1909 2970 ἄνθρωπον
1930 2914 1946 2929 ο

381 2983 445 3035 τὸ
483 2983 540 3036 δὲ
563 2984 813 3056 δεύτερον
844 2988 1222 3059 ὐπερδιψῶντα
1253 2990 1462 3057 εἰσάγει
1496 2990 1685 3045 τοῦτον
1710 2991 1804 3044 τοῦ
1831 2990 1950 3061 βελ-

2030 538 2207 593 mellis
2255 540 2521 593 suavitate
2565 540 2814 609 dogmata
2868 540 3183 595 sublimiora
3227 538 3598 609 perfunderet.

2033 631 2207 700 Atque
2236 631 2368 684 mihi
2413 631 2628 700 quidem
2662 632 2778 685 haec
2813 632 2913 685 sub
2948 630 3232 685 involucro
3257 630 3484 684 innucre
3520 628 3600 682 vi-

2032 722 2211 788 detur,
2245 722 2461 775 illorum
2516 722 2607 791 qui
2658 722 2915 775 virtutem
2973 721 3194 785 colunt,
3251 736 3359 774 non
3405 719 3604 775 debere

2033 826 2214 866 mores
2240 813 2384 867 modi
2406 820 2461 867 et
2485 813 2785 866 harmonia:
2807 823 3054 880 expertes
3078 828 3199 867 esse
3240 821 3333 866 aut
3358 811 3603 866 incurio-

2034 920 2148 969 sos.
2181 906 2275 960 sed
2298 905 2646 959 harmonicos
2670 914 2723 957 et
2744 920 3102 971 numerosos;
3139 919 3316 973 neque
3341 916 3512 972 usque
3534 900 3603 955 ad

2033 1006 2317 1047 excessum
2346 993 2585 1062 rigidos;
2620 993 2851 1059 omnino
2873 994 3015 1047 enim
3067 992 3235 1046 nimia
3296 992 3605 1046 intensione

2035 1083 2253 1139 chorda:
2275 1084 2547 1152 rumpitur
2587 1092 2922 1149 concentus;
2960 1098 3137 1152 neque
3167 1083 3223 1136 in
3271 1082 3603 1136 contrariam

2036 1181 2244 1242 partem
2276 1172 2593 1249 dissolutos,
2632 1172 2699 1225 ab
2730 1172 3148 1241 intemperantia
3200 1173 3421 1241 scilicet.
3452 1172 3605 1224 volu-

2038 1263 2204 1332 piatis
2235 1280 2249 1316 :
2285 1270 2435 1315 muta
2463 1261 2609 1315 enim
2643 1270 2696 1315 et
2717 1260 2948 1331 elinguis
2980 1261 3223 1315 redditur
3252 1262 3455 1326 anima,
3487 1276 3609 1329 quae

2040 1367 2070 1406 a
2116 1352 2301 1407 studio
2343 1351 2634 1421 voluptatis
2685 1351 2995 1407 resolvitur.
3050 1349 3125 1403 Ex
3156 1350 3239 1403 his
3273 1351 3441 1417 liquet
3478 1350 3606 1416 quid

2038 1442 2144 1498 sibi
2175 1442 2301 1496 velit
2325 1443 2547 1497 musicae
2572 1440 2703 1495 illttd
2739 1439 3102 1500 involucrum,
3134 1438 3277 1506 quod
3318 1437 3607 1490 affectuum

2041 1534 2261 1587 modum
2306 1542 2361 1587 et
2402 1541 2890 1601 temperamentum
2944 1529 3155 1591 suadet,
3189 1529 3280 1598 qui
3313 1528 3459 1582 varie
3491 1527 3609 1580 alli-

2041 1625 2194 1680 ciunt
2220 1626 2433 1679 animos
2470 1639 2568 1695 pro
2611 1623 2928 1679 discrimine
2985 1622 3235 1676 ordinum
3272 1630 3326 1674 et
3365 1629 3607 1673 tutulum.

2044 1715 2286 1786 Denique
2328 1716 2395 1772 de
2451 1716 2745 1771 virtutibus
2784 1714 3006 1768 musicae
3063 1713 3225 1781 hujus
3263 1711 3460 1765 divinre
3522 1725 3610 1763 res

2043 1805 2157 1877 ipsa
2184 1805 2555 1861 testimonium
2589 1804 2791 1875 praebet
2822 1803 3030 1868 Davidi,
3068 1803 3161 1871 qui
3209 1801 3526 1856 delirantcm
3557 1809 3610 1854 et

2042 1907 2197 1954 extra
2259 1912 2320 1954 se
2366 1898 2724 1953 constitutum
2774 1904 2968 1951 nactus
3032 1894 3279 1959 Saulem,
3342 1891 3611 1947 cantando

2044 2003 2220 2059 usque
2256 1987 2391 2046 adeo
2421 1987 2729 2058 percuravit
2755 1986 2845 2041 illa
2889 1987 2957 2040 ab
2986 1985 3326 2054 egritudine,
3360 1993 3419 2038 ut
3452 1983 3611 2052 paulo

2044 2089 2168 2149 post
2196 2095 2329 2135 usus
2376 2078 2626 2142 rationis,
2674 2077 2852 2147 qualis
2881 2084 3035 2131 extra
3069 2075 3318 2130 morbum
3364 2082 3501 2133 erat,
3536 2073 3611 2125 illi

2046 2173 2268 2227 rediret.
2319 2171 2665 2225 Psalmorum
2715 2184 2843 2224 vero
2890 2168 3110 2233 librum,
3166 2167 3309 2236 quod
3359 2167 3610 2218 ultimum

2046 2269 2131 2316 est
2160 2261 2569 2331 perquisitionis
2599 2267 2819 2323 nostraz,
2854 2258 2909 2311 in
2931 2258 3175 2326 quinque
3210 2257 3375 2309 libros
3405 2254 3614 2308 llebrzei

2047 2352 2311 2416 dividunt,
2338 2354 2483 2405 unde
2515 2350 2619 2404 alia
2657 2348 2839 2419 prodit
2872 2347 3299 2402 Pentateuchus.
3346 2349 3389 2399 Α
3440 2346 3616 2413 primo

2046 2442 2189 2497 enim
2232 2441 2299 2495 ad
2333 2439 2813 2510 quadragesimum
2863 2451 3067 2509 usque,
3121 2438 3353 2505 primum
3413 2435 3619 2490 descri-

2045 2540 2273 2601 pserunt
2313 2531 2545 2597 librum;
2575 2545 2603 2582 a
2632 2529 3050 2600 quadragesimo
3086 2528 3261 2595 primo
3301 2526 3367 2581 ad
3396 2536 3617 2596 septua-

2049 2622 2313 2691 gesimum
2355 2621 2616 2692 primum,
2660 2620 2998 2686 secundum;
3035 2634 3064 2673 a
3099 2620 3500 2688 septuagesimo
3532 2634 3620 2674 se-

2048 2712 2228 2766 cundo
2258 2712 2322 2767 ad
2347 2712 2739 2782 octogesimum
2771 2720 3045 2776 octavum,
3076 2710 3331 2776 tertium;
3370 2710 3438 2763 ah
3465 2718 3620 2764 octo-

2050 2805 2255 2874 gesimo
2284 2818 2448 2867 nono,
2501 2804 2570 2857 ad
2620 2803 2871 2873 quintum
2921 2817 3093 2873 usque
3140 2811 3193 2857 et
3234 2801 3617 2865 centesimum,

2049 2909 2335 2964 quartum;
2379 2896 2503 2951 inde
2550 2910 2724 2965 usque
2765 2894 2834 2949 ad
2884 2896 3045 2949 ﬁnem
3085 2895 3358 2965 quintum.
3412 2892 3621 2947 Unum-

2050 3003 2321 3058 quemque
2343 2989 2486 3041 enim
2516 2988 2847 3057 psalmorum
2871 2988 2957 3041 cui
2990 2986 3113 3041 finis
3135 3003 3149 3040 :
3170 2986 3493 3039 Benedictus
3515 2982 3623 3036 Do-

380 3074 593 3142 τξονος,
620 3077 761 3131 κατὰ
809 3077 907 3148 τὴν
944 3078 1351 3152 διψωδεστάτην
1392 3080 1622 3151 ἐλαφονο
1663 3082 1724 3135 τὸ
1766 3082 1944 3153 τρίτον

2053 3082 2254 3146 minus,
2282 3080 2391 3146 tiat,
2433 3081 2591 3135 lincm
2612 3096 2733 3136 esse
2766 3080 3102 3151 singulorum
3138 3078 3399 3132 librorum
3421 3092 3622 3131 sanxe-

383 3165 683 3220 ὐποπτικὸν
720 3169 881 3222 αὐτὸν
910 3172 1207 3242 παρίστησι
1242 3173 1341 3240 τῆς
1366 3172 1475 3227 τῶν
1502 3173 1671 3226 ὀντων
1700 3173 1947 3241 φύσεως·

377 3257 459 3317 ei);
490 3258 693 3327 ἀγαθὸς
724 3260 854 3331 γὰρ,
900 3263 1088 3331 φησὶν,
1122 3265 1151 3317 ὀ
1181 3263 1312 3326 Θεὸς
1338 3264 1417 3335 τῷ
1454 3265 1699 3337 Ἰσραήλ·
1723 3264 1833 3333 ἐγὼ
1856 3264 1913 3317 δὲ
1933 3303 1950 3329 ,

383 3349 543 3416 φησὶ,
572 3350 852 3422 κτηνώδης
876 3354 976 3423 μὲν
997 3355 1167 3425 ήμην,
1189 3355 1277 3408 ὅτε
1308 3356 1367 3408 ἐν
1392 3358 1505 3419 τοῖς
1546 3355 1851 3427 ἐπικαίροις
1892 3355 1953 3408 τὸ

380 3440 590 3508 ἀγαθὸν
625 3440 906 3513 ὡριζόμην
930 3461 944 3476 ο
978 3445 1071 3499 νῦν
1103 3446 1161 3499 δὲ
1212 3444 1352 3516 μετὰ
1382 3445 1475 3499 σοῦ
1521 3446 1659 3515 είμι,
1696 3446 1786 3499 ὅτε
1818 3445 1954 3514 πρὸς

382 3533 455 3583 τά
478 3532 627 3597 δεξιὰ
655 3534 909 3605 ὥρμησα.
950 3536 1024 3590 Τὸ
1056 3536 1316 3607 τέταρτον
1335 3537 1516 3590 οὐκέτι
1554 3536 1732 3591 κοινὸν
1761 3537 1955 3607 ἀφίησι

386 3626 484 3677 τὸν
524 3626 809 3696 άνθρώπον
851 3623 1011 3696 εἶναι,
1040 3629 1155 3683 ἀλλ’
1181 3630 1281 3701 ἦδη
1320 3629 1398 3699 τῷ
1427 3629 1545 3699 Θεῷ
1577 3631 1859 3685 συνάπτει.
1894 3630 1953 3683 ⁸0

389 3715 502 3784 γὰρ
539 3715 894 3787 ὀγδοηκοστὸς
942 3719 1158 3785 ἐννατος
1199 3718 1413 3790 ψαλμδς
1454 3721 1768 3792 ἐπιγραφὴν
1810 3720 1950 3791 ἔχει’

392 3822 415 3857 e
430 3805 713 3879 Προσευχὴ
726 3810 932 3881 Μωῦσῆ
952 3810 1222 3882 ἀνθρώπῳ
1244 3811 1338 3865 τοῦ
1352 3812 1509 3866 Θεοῦο
1522 3813 1608 3865 »τὸ
1622 3813 1677 3866 δὲ
1704 3812 1956 3881 πέμπτον

384 3899 482 3951 ἐπὶ
503 3898 601 3969 τὴν
622 3900 932 3972 ἀκρώρειαν
960 3904 1083 3971 ἄγει
1113 3905 1211 3973 τῆς
1243 3904 1615 3968 άναϐάσεωςη
1639 3905 1776 3975 Ἐμὴ
1808 3906 1957 3958 πᾶσα

388 3993 785 4063 συμπλήρωσις
811 3995 909 4064 τῆς
935 3997 1281 4067 ἀνθρωπίνης
1311 3997 1584 4068 σωτηρίας
1611 3997 1726 4049 ἐστι
1749 4012 1763 4026 ·
1806 3999 1958 4051 πᾶσα

386 4085 519 4155 γὰρ,
551 4086 703 4157 φησὶ,
734 4086 869 4157 πνοὴ
899 4089 1166 4141 αἰνεσάτω
1194 4089 1286 4140 τὸν
1316 4087 1833 4159 Κύριον.›Τοιοῦτον
1858 4088 1957 4159 μὲν

382 4175 452 4245 δὴ
483 4177 545 4229 τὸ
582 4178 943 4249 προσόψημα·
990 4180 1178 4250 καιρὸς
1202 4181 1247 4232 δ’
1275 4180 1345 4233 ἂν
1378 4181 1487 4250 εἴη,
1530 4180 1626 4234 καὶ
1650 4179 1818 4248 αὐτὴν
1849 4195 1957 4232 πα-

391 4266 635 4337 ραθεῖναι
680 4269 781 4341 τὴν
826 4271 1171 4336 πανδαισίαν,
1211 4271 1282 4342 ἢν
1323 4273 1351 4324 ὀ
1381 4270 1521 4334 θεῖος
1570 4270 1733 4324 Δαϐὶδ
1775 4270 1959 4334 καλοῖς

386 4356 707 4427 δαιτυμόσιν
740 4361 1091 4430 ἡτοιμάσατο.
1478 4370 1483 4373 ’

388 4452 591 4515 Quinta
638 4468 766 4508 vero
809 4469 933 4519 pars
978 4455 1047 4507 ad
1082 4454 1295 4508 culmen
1338 4454 1486 4507 ducit
1516 4467 1796 4507 ascensus.
1830 4452 2111 4508 Gloriatur
2158 4452 2352 4507 enim:

2051 3183 2180 3227 runt
2209 3191 2223 3229 :
2277 3173 2389 3227 sola
2418 3181 2569 3243 parte
2597 3174 2785 3243 quinta
2816 3187 2915 3242 pro
2939 3172 3029 3225 illo
3055 3189 3067 3224 :
3095 3170 3419 3225 Benedictus
3437 3168 3622 3221 Domi-

2053 3281 2176 3329 nus,
2193 3266 2300 3331 fiat,
2318 3266 2665 3329 fiat.hahcnte
2684 3282 2697 3317 :
2713 3266 2901 3322 Omnis
2918 3265 3096 3319 anima
3116 3264 3295 3317 laudet
3312 3260 3621 3315 Dominum.

2052 3356 2261 3422 Quaeris
2299 3374 2421 3428 quae
2453 3359 2525 3414 sit
2557 3359 2694 3413 ratio
2727 3358 2892 3427 hujus
2929 3355 3181 3411 ordinis?
3215 3353 3397 3408 Prima
3447 3353 3621 3406 sectio

2056 3447 2457 3517 improbitatem
2495 3449 2664 3505 demit
2702 3449 2941 3513 homini;
2992 3446 3160 3501 altera
3196 3460 3324 3514 pars
3369 3442 3621 3497 eumdem

2055 3540 2265 3595 inducit
2306 3541 2579 3595 sitientem
2635 3540 2879 3601 meliora,
2931 3548 2993 3591 ut
3036 3552 3257 3593 cervum
3316 3535 3626 3595 sitientem.

2056 3635 2213 3689 tertia
2242 3649 2371 3704 pars
2399 3644 2639 3689 erectum
2673 3634 2822 3688 illum
2872 3641 2927 3687 et
2955 3630 3342 3700 despicientem
3383 3641 3471 3681 res
3518 3626 3624 3679 hu-

2056 3743 2247 3783 manas
2291 3727 2533 3792 exhibet,
2564 3727 2718 3796 quasi
2761 3725 2906 3780 enim
2948 3726 3015 3780 ad
3074 3724 3287 3793 frugem
3334 3721 3622 3781 rediisset,

2056 3818 2133 3874 ita
2168 3817 2312 3874 Deus
2359 3818 2607 3888 loquitur
2639 3818 2823 3874 lsraeli
2858 3836 2870 3872 :
2905 3817 3036 3887 Ego,
3072 3816 3268 3885 inquit,
3303 3814 3496 3867 brutus
3528 3808 3628 3863 ali-

2058 3908 2279 3979 quando
2309 3925 2457 3965 cram
2479 3949 2493 3972 ,
2522 3925 2646 3965 cum
2700 3909 2752 3963 in
2786 3907 3173 3979 temporalibus
3214 3906 3415 3960 bonum
3454 3915 3623 3972 pone-

2058 4000 2204 4065 bam,
2230 4015 2377 4055 nunc
2404 4014 2533 4055 vero
2560 4000 2654 4053 tibi
2683 3998 2956 4063 adhaareo,
2989 4005 3275 4069 postquam
3304 3995 3369 4048 ad
3396 3992 3629 4048 rectiora

2059 4105 2355 4145 conversus
2385 4106 2529 4145 sum.
2556 4090 2761 4156 Quarta
2799 4105 2923 4159 pars
2949 4106 3056 4144 non
3087 4088 3321 4157 amplius
3350 4099 3448 4155 pro
3472 4083 3630 4137 dere-

2060 4179 2189 4234 licto
2216 4180 2377 4234 habet
2408 4179 2706 4242 hominem,
2740 4178 2833 4232 sed
2863 4178 2973 4247 jam
3008 4177 3160 4229 illum
3192 4174 3300 4227 Deo
3328 4167 3628 4237 conjungit.

2060 4269 2443 4339 Octogcsinius
2473 4269 2618 4323 enim
2655 4275 2709 4322 et
2740 4282 2917 4321 nonus
2964 4265 3211 4334 psalmus
3265 4260 3481 4313 titulum
3532 4256 3631 4309 ha-

2062 4362 2154 4416 bet
2208 4378 2222 4414 :
2279 4360 2468 4413 Oratio
2532 4357 2944 4411 accommodata
3014 4354 3179 4423 Moysi
3240 4349 3451 4404 homini
3512 4346 3629 4402 Dei.

2422 4449 2538 4503 Mea
2583 4457 2667 4503 est
2717 4445 2899 4499 omnis
2948 4458 3159 4498 summa
3222 4439 3494 4494 felicitatis
3528 4437 3633 4490 hu-

388 4558 599 4609 manae;
635 4559 785 4615 ergo,
828 4547 978 4611 dicit,
1011 4546 1191 4601 omnis
1216 4546 1395 4600 anima
1426 4546 1606 4599 laudet
1635 4545 1944 4599 Dominum.
1982 4545 2112 4599 Tale
2173 4543 2391 4611 quidem
2440 4550 2526 4595 est
2571 4538 2919 4604 convivium;
2986 4550 3133 4590 nunc
3190 4543 3405 4602 tempus
3428 4540 3512 4587 est
3536 4544 3633 4599 ap-

388 4654 592 4709 ponere
613 4654 829 4694 omnem
861 4639 1188 4695 ferculorum
1219 4638 1555 4703 varietatem,
1594 4654 1756 4709 quam
1784 4637 1954 4691 David
1983 4638 2170 4708 probis
2193 4637 2441 4692 convivis
2464 4631 2749 4705 apparavit

397 4757 593 4814 Versus
626 4759 838 4815 iambici
867 4761 921 4813 in
951 4768 1177 4831 quatuor
1207 4758 1509 4829 prophetas,
1531 4770 1650 4814 ante
1675 4758 1929 4831 Catenam
1960 4759 2221 4831 inscripti.
2266 4755 2711 4831 (Nicena-[orauit
2748 4752 3134 4813 Heracleensis.
3172 4751 3447 4808 Constant.
3503 4751 3631 4807 eccl.

1436 4831 1667 4895 diaconi,
1696 4847 1784 4883 an.
1828 4830 1889 4885 C.
1926 4829 2083 4883 1077.
2118 4830 2337 4883 BANDINI
2368 4828 2408 4891 Ι,
2449 4828 2560 4897 19.)

1031 4944 1301 4998 ΗΣΔΙᾹΣ.

509 5060 573 5112 Ἠ
608 5056 714 5112 τῶν
736 5056 1029 5127 προφητῶν
1056 5057 1294 5128 ἀκρότης
1342 5056 1591 5119 Ἡσαΐας,

498 5154 605 5206 Τὸν
630 5153 757 5207 νοῦν
785 5151 1078 5221 καθαρθεὶς
1104 5149 1335 5220 ἄνθρακι
1367 5147 1563 5217 φλογὸς
1590 5147 1768 5218 ξένης,

500 5248 612 5301 Καὶ
637 5246 702 5317 δὴ
731 5246 791 5299 τὸ
822 5244 1015 5313 μέλλον
1045 5244 1117 5306 ώς
1148 5242 1378 5306 ἐνεστὼς
1410 5240 1752 5312 προϐλέπων,

498 5337 735 5411 Χριστοῦ
758 5338 1084 5407 διετράνωσε
1108 5335 1207 5406 τὴν
1237 5334 1558 5403 παρουσίαν,

498 5432 714 5487 Πτῶσιν
747 5431 1119 5501 προηγόρευσε
1149 5427 1258 5481 τῶν
1286 5423 1714 5496 Χριστοκτόνων,

504 5527 694 5580 Πίστιν
723 5527 950 5595 προεῖπε
976 5522 1083 5575 τῶν
1110 5521 1239 5591 πρὶν
1272 5518 1470 5585 ἔξωθεν
1499 5515 1688 5585 νόμου.

506 5620 616 5672 Καὶ
651 5619 812 5671 παντὶ
842 5617 1031 5685 κόσμῳ
1057 5615 1156 5683 τὴν
1187 5613 1509 5683 παλίρροιαν
1545 5610 1679 5679 βίου.

512 5708 770 5771 Halaesi;
798 5706 976 5778 φθόνῳ
1002 5706 1080 5772 δὲ,
1103 5704 1197 5759 καὶ
1227 5704 1387 5758 πόλον
1417 5700 1596 5773 λαχὼν
1628 5700 1830 5771 μένειν,

1978 4941 2033 5001 D

2721 4937 2965 4994 lSAlAS.

2058 5054 2452 5124 Prophetarum
2484 5067 2616 5122 apex
2648 5050 2836 5112 Isaias.

2059 5142 2237 5197 Mente
2265 5148 2525 5211 purgatus
2558 5155 2588 5194 a
2618 5139 2853 5194 carbone
2884 5139 3118 5193 flamma:
3138 5138 3349 5202 alienae,

2060 5232 2359 5301 Futurique
2392 5238 2449 5284 ut
2472 5230 2585 5299 jam
2618 5230 2954 5284 imminentis
2977 5229 3259 5300 providus,

2061 5324 2264 5379 Christi
2295 5320 2623 5389 significavit
2660 5321 3030 5390 praesentiam,

2068 5415 2381 5482 Casumque
2407 5412 2659 5481 praedixit
2690 5412 3166 5471 Christicidarum.

2071 5505 2254 5560 Fidem
2292 5503 2673 5573 praenuntiavit
2699 5512 2823 5557 ante
2846 5518 2874 5556 a
2910 5503 3023 5570 lege
3049 5501 3377 5566 alienorum,

2068 5596 2300 5667 Totique
2326 5595 2529 5649 mundo
2565 5595 2686 5649 vita:
2716 5592 3135 5648 restitutionem.

2067 5688 2344 5748 Dissectus
2371 5697 2547 5743 autem
2569 5686 2792 5753 invidia,
2810 5684 3024 5756 polique
3050 5692 3201 5740 sorte
3234 5683 3486 5748 donatus,
