3984 6204
525 299 662 367 1075
1223 308 1611 368 OPUSCULA
1649 307 2275 370 SCRIPTURISTlCA
2316 308 2666 369 lNCERT/E
2705 307 3012 367 ETATIS.
3577 313 3678 376 1076

524 412 674 466 Dicta
707 413 927 483 reliquit
958 413 1120 468 vitam
1146 414 1418 482 adjutura,

519 503 654 568 Quir
676 501 910 572 Nicetas,
944 520 1104 573 quem
1144 519 1360 560 coronae
1391 505 1548 562 sedes
1587 505 1772 572 habet,

519 596 621 651 llic
651 598 914 650 concinne
943 597 1269 666 composuit,

519 686 578 742 lu
617 687 738 743 ﬁdei
770 687 1176 744 documentum.
1211 689 1516 760 animmque
1546 689 1770 746 lvtrum.

1118 814 1476 872 JEREMIAS.

519 937 746 999 Deﬂere.
764 939 1044 1009 propheta.
1064 941 1426 1012 lacrymisque
1455 944 1705 1013 prosequi
1733 941 1947 1006 urbem,

519 1028 713 1083 Desine
750 1031 860 1099 jam
885 1032 1124 1088 caadi'bus
1153 1033 1389 1102 plenam,

517 1119 623 1185 Qui
657 1123 845 1175 matris
867 1124 920 1175 in
954 1132 1109 1177 utero
1131 1139 1189 1178 es
1211 1131 1590 1184 consecratus,

516 1209 627 1265 Nec
660 1211 898 1267 verearis
931 1227 1054 1266 cum
1087 1213 1228 1266 inter
1251 1221 1440 1280 gentes
1471 1213 1688 1268 locutus
1722 1212 1913 1279 fueris,

518 1300 596 1354 Te
623 1309 880 1368 tanquam
913 1300 980 1354 ad
1007 1299 1202 1355 inﬁdos
1226 1316 1344 1355 esse
1368 1300 1585 1370 jussnm
1611 1303 1890 1367 accedere,

519 1391 661 1457 Quin
692 1392 872 1461 potius
899 1405 1112 1460 surgas,
1135 1391 1252 1445 leva
1285 1393 1477 1446 oculos
1507 1392 1559 1445 in
1588 1393 1848 1457 circuitu,

520 1483 992 1536 Lamentationum
1025 1493 1077 1536 et
1103 1481 1467 1553 lacrymarum
1499 1484 1650 1551 copia
1681 1483 1913 1546 omissa,

523 1572 809 1642 Siquidem
849 1587 956 1625 non
984 1581 1234 1626 mortuus
1256 1587 1336 1636 es,
1366 1571 1461 1626 sed
1495 1583 1716 1626 sursum
1749 1572 1912 1636 vivis,

519 1663 662 1731 Quin
695 1673 882 1733 gentes
904 1664 1140 1734 aspicias
1163 1673 1324 1718 antea
1347 1673 1624 1732 externas,
1647 1679 1797 1719 nunc
1824 1664 1928 1735 legi
1962 1665 2093 1720 sub-

1799 1753 2021 1828 ﬂectas,

520 1846 703 1902 Sionis
732 1847 872 1902 ﬁlios
903 1855 1224 1917 praestantes
1253 1846 1307 1900 in
1334 1846 1608 1916 pulverem
1642 1845 1916 1910 redactos,

524 1935 731 1991 Laztarc
754 1938 973 1991 tandem
1012 1935 1347 2006 perfeCtionc
1370 1944 1591 1990 tuorum
1633 1946 1973 2001 sermonum,

522 2027 670 2094 Quos
696 2029 781 2100 pia
812 2045 964 2084 mens
991 2029 1081 2083 hic
1108 2028 1434 2098 composuit.

1129 2153 1488 2210 EZECHIEL.

524 2274 719 2332 Mentis
747 2277 1035 2347 splendore
1063 2286 1116 2332 et
1145 2276 1382 2347 puritate
1403 2276 1584 2332 cordis

527 2373 798 2439 Ezechiel,
831 2371 1197 2427 incllabili-bus
1228 2371 1572 2427 sermonibus

529 2465 737 2535 Dignus
755 2464 973 2520 habitus
996 2475 1103 2531 est,
1143 2472 1198 2519 et
1235 2464 1393 2519 novis
1425 2462 1759 2528 visionibus,

529 2563 699 2619 Deum
727 2564 870 2618 enim
893 2563 1026 2619 vidit
1053 2573 1311 2635 tanquam
1343 2563 1721 2620 accessibilem
1746 2562 1892 2628 visu,

530 2657 599 2712 Et
627 2657 922 2713 Clterubim
957 2657 1148 2712 faciem
1176 2660 1399 2713 edoctus
1430 2666 1548 2722 est;

529 2751 767 2815 Statum,
799 2750 1075 2815 timorem,
1122 2758 1354 2811 motum,
1394 2747 1768 2819 splendorem,
1795 2756 2100 2808 sermones,

525 2841 689 2894 Clare
718 2839 931 2908 aspexit
955 2839 1193 2895 caelestis
1217 2838 1531 2894 ministerii.

531 2931 670 2984 llinc
693 2931 989 2986 mundatus
1023 2941 1078 2985 et
1100 2929 1296 2986 doctus
1329 2931 1423 3001 qui
1453 2929 1766 3001 prtevideat,

533 3021 668 3076 Tam
703 3022 851 3078 clare
879 3023 1113 3078 ostendit
1150 3038 1208 3078 se
1250 3038 1411 3079 nosse
1438 3023 1598 3077 linem
1631 3035 1850 3077 omnem
1895 3028 2102 3078 rerum,

2123 421 2169 476 Α

2121 1744 2170 1805 Β

533 3116 608 3172 Ut
634 3117 798 3171 etiam
827 3115 1157 3173 describeret
1185 3117 1376 3171 modos
1408 3114 1714 3171 futurorum
1746 3109 2100 3168 consiliorum
2128 3087 2176 3152 Ο

1563 3204 1638 3276 {in
1665 3199 2032 3265 sermonibus,

531 3299 688 3370 Quos
716 3299 804 3355 liic
833 3301 990 3357 docta
1019 3314 1172 3356 mens
1197 3299 1485 3355 illustravit
1507 3299 1716 3355 labore.

1189 3448 1459 3506 DANIEL.

533 3592 830 3658 lncll’abilis
865 3608 948 3654 est
975 3596 1068 3654 Dei
1105 3596 1467 3668 providentia,

537 3692 608 3750 Ut
634 3694 686 3746 in
727 3707 848 3748 eum
876 3691 968 3760 qui
1005 3689 1342 3760 speraverint
1372 3701 1656 3750 coronare,

536 3779 805 3836 Omnibus
835 3779 995 3835 bonis
1025 3776 1394 3843 consueverit,
1418 3776 1500 3830 vel
1529 3775 1581 3828 in
1621 3774 1739 3844 ipso
1766 3769 2038 3842 sepulcro,

539 3883 692 3937 Sicut
715 3891 767 3938 et
792 3880 1001 3943 Daniel,
1032 3879 1422 3950 prepltetarum
1453 3875 1726 3946 voluptas,

543 3973 735 4024 Eusem
766 3970 954 4041 effugit
992 3968 1278 4024 Persarum
1306 3966 1603 4033 exercitus,

541 4063 803 4135 Captivus
846 4062 1120 4118 abductus
1159 4059 1214 4115 in
1254 4059 1608 4131 alienigenam
1647 4054 1967 4128 pertransiit
1998 4063 2108 4108 ter-

1872 4143 2040 4219 [rami

547 4258 714 4312 Deum
742 4266 920 4312 autem
953 4269 1144 4311 rursus
1178 4254 1406 4310 invenit.

543 4348 666 4405 Fuit
697 4349 939 4420 apprime
965 4347 1184 4418 regibus
1210 4347 1438 4414 amicus,

544 4441 698 4507 Quod
727 4441 969 4498 futurum
995 4450 1052 4496 et
1091 4453 1394 4511 temporum
1428 4447 1608 4494 nosset
1636 4437 1798 4492 ﬁnem

545 4533 710 4588 Feras
733 4533 1034 4597 refrenans,
1062 4533 1363 4602 pratvidens
1387 4539 1442 4586 et
1471 4531 1525 4584 in
1548 4529 1799 4588 somniis.

548 4627 796 4682 Gloriose
829 4627 1126 4681 immutans
1148 4623 1525 4694 superioribus
1553 4619 1834 4683 inferiora,

547 4717 844 4779 Sermones
873 4716 1111 4789 reliquit,
1132 4729 1362 4790 quorum
1388 4713 1478 4769 hic
1499 4712 1696 4768 adsunt
1721 4709 2114 4778 expositiones.

2139 4444 2188 4503 D

2317 417 2531 488 Ῥήσεις
2569 417 2818 470 λέλοιπεν
2839 419 2923 480 εἰς
2947 414 3128 486 δνησιν
3155 419 3215 469 ἐν
3247 417 3363 488 βίῳ,

2298 510 2512 579 Ἀσπερ
2541 509 2808 576 Νικήτας,
2835 508 2895 561 ὃν
2929 509 3155 575 στέφους
3187 507 3376 560 κοιτὼν
3405 507 3523 577 ἔχει,

2310 600 2399 652 Ἐν
2431 599 2699 670 ὠραϊσμῷ
2724 598 3063 652 συντέθεικεν
3091 598 3281 652 ἐνθάδε

2298 690 2394 754 Εἰς
2433 690 2669 754 πίστεως
2699 690 2980 759 ἔνδειγμα,
3009 690 3104 744 ’καὶ
3127 690 3304 762 ψυχῆς
3331 690 3528 761 λύτρον.

2809 816 3134 871 ΙΕΡΕΜΙΑΣ

2296 940 2542 1011 Θρηνῶν,
2577 942 2849 1012 προφῆτα,
2879 943 2972 997 καὶ
3001 943 3342 1013 μετακλαίων
3369 943 3525 1007 πόλιν,

2301 1031 2558 1084 Πέπαυσο
2586 1032 2773 1084 λοιπὸν
2803 1032 2902 1103 τὴν
2934 1033 3108 1100 φόνων
3141 1032 3534 1102 πεπλησμένην,

2315 1122 2372 1174 '0
2405 1122 2607 1192 μητρὸς
2641 1122 2788 1176 ἔνδον
2807 1121 3042 1192 γαστρὸς
3070 1123 3420 1193 ήγιασμένος,

2301 1215 2411 1269 Kal.
2438 1216 2512 1284 μὴ
2545 1214 2788 1284 πτοηθῇς
2817 1215 2897 1277 είς
2925 1213 3052 1283 ἔθνη
3081 1214 3409 1283 τεθειμένος,

2314 1306 2403 1370 Ὠς
2423 1307 2503 1369 εις
2531 1305 2780 1369 ἀπειθεῖς
2807 1305 2936 1374 πρὶν
2975 1302 3289 1366 κελευσθεὶς
3325 1301 3590 1371 ἑντρέχειν,

2313 1396 2453 1450 Ἀλλ’
2485 1394 2806 1461 ἐξαναστὰς,
2836 1391 2969 1464 ἆρον
2995 1391 3276 1463 ὀφθαλμὸν
3309 1393 3501 1462 κύκλῳ,

2300 1487 2524 1559 θρήνων
2553 1487 2770 1556 ἑταῖρον
2801 1486 3053 1554 δακρύων
3081 1485 3186 1556 τὴν
3217 1483 3549 1554 πλημμύραν,

2315 1579 2572 1647 Ἐπείπερ
2605 1577 2667 1629 οὐ
2694 1575 2986 1645 τέθνηκας,
3015 1574 3153 1629 ἀλλὰ
3183 1575 3282 1644 ζῇς
3301 1576 3425 1629 ἀνω.

2302 1670 2412 1725 Kal.
2441 1668 2637 1739 βλέψον
2664 1667 2818 1738 ἔθνη,
2850 1667 2922 1720 τὰ
2954 1667 3088 1737 πρὶν
3118 1666 3298 1731 ἐκτὸς,
3327 1667 3380 1718 ὲν
3403 1665 3553 1735 νόμῳ,

2312 1855 2471 1917 Υίοὺς
2506 1852 2644 1907 Σιών
2672 1869 2752 1920 τε,
2784 1852 2913 1915 τοὺς
2941 1851 3305 1922 ὑπερτίμους,
3340 1848 3498 1912 κόνιν,

2309 1945 2420 1998 Kal.
2452 1945 2610 2014 χαῖρε
2637 1942 2747 1997 τῶν
2770 1942 2880 1996 σῶν
2906 1943 2987 2006 είς
3027 1940 3312 1995 τελείωσιν
3331 1939 3511 2008 λόγων,

2308 2036 2418 2101 Οὒς
2443 2036 2574 2106 τῇδε
2601 2034 2917 2105 συντίθησιν
2946 2032 3186 2104 εὐσεϐὴς
3218 2032 3338 2085 vdo-

2816 2160 3175 2215 lEZEKlHA.

2309 2290 2505 2361 Ψυχῆς
2533 2289 2594 2344 τὸ
2622 2288 2874 2360 λαμπρὸν
2895 2289 2990 2342 xal.
3015 2288 3076 2341 τὸ
3114 2287 3336 2357 φαιδρὸν
3365 2283 3581 2354 καρδίας,

2321 2382 2581 2451 Ἰεζεκιὴλ
2619 2381 2728 2435 τῶν
2757 2380 2899 2451 ὑπὲρ
2932 2380 3091 2446 λόγον
3127 2379 3302 2448 λόγων

2310 2473 2652 2546 Κατηξίωσε,
2681 2472 2774 2526 καὶ
2803 2472 3099 2542 θεαμάτων
3137 2471 3324 2539 ξένων.

2311 2567 2443 2620 Θεὸν
2482 2566 2589 2637 γὰρ
2620 2559 2778 2629 εἶδεν,
2806 2565 2882 2629 ῶς
2915 2564 3143 2633 ἐφικτὸν
3181 2561 3539 2635 προσϐλέπειν,

2309 2659 2420 2713 Kal.
2443 2657 2552 2712 τῶν
2580 2657 2846 2727 χερουωμ
2868 2657 3303 2710 ὲκπεπαίδευται
3333 2655 3470 2715 θέαν.

2310 2749 2529 2814 Στάσιν,
2561 2749 2748 2819 φόϐον,
2774 2747 3009 2818 κίνησιν,
3044 2747 3336 2818 ἕλλαμψιν,
3361 2745 3548 2814 λόγους,

2312 2841 2507 2910 Σαφῶς
2539 2840 2731 2910 ἔϐλεψε
2762 2839 2862 2909 τῆς
2896 2841 3009 2895 ἄνω
3044 2839 3408 2910 λειτουργίας.

2314 2934 2476 2989 Ὅθεν
2507 2933 2802 3004 καθαρθεὶς
2829 2932 2925 2987 καὶ
2953 2932 3233 3003 διδαχθεὶς
3266 2927 3577 3000 προῦλέπειν,

2315 3025 2474 3080 Οὕτω
2500 3024 2687 3094 σαφῶς
2715 3024 2920 3089 ἔδειξεν
2945 3024 3154 3077 εἰδέναι
3180 3024 3331 3084 τέλος

2317 3118 2439 3174 Τῶν
2463 3119 2807 3190 πραγμάτων
2830 3118 2959 3182 πᾶν,
2985 3116 3060 3179 ὡς
3084 3118 3320 3186 γράφειν
3341 3110 3506 3166 καὶτὰ
3526 3107 3660 3179 μέτρα

2318 3209 2440 3263 Τῶν
2478 3209 2557 3272 εἰς
2584 3207 2774 3262 ἔπειτα
2803 3209 3128 3276 κτισμάτων
3170 3209 3228 3259 ὲν
3264 3209 3372 3269 τοῖς
3405 3204 3576 3271 λόγοις,

2321 3299 2430 3365 Οὓς
2461 3293 2563 3356 ὦδε
2595 3302 2791 3371 κοσμεῖ
2816 3300 3020 3371 κοσμία
3049 3299 3203 3372 ψυχὴ
3227 3299 3393 3369 πόθῳ.

2861 3442 3116 3497 ΔΑΝἩΙΛ
3128 3485 3144 3499 .

2323 3589 2635 3660 ’Ᾱφραστος
2670 3587 2703 3658 ἠ
2736 3586 2965 3657 πρόνοια
2992 3587 3086 3641 τοῦ
3125 3587 3261 3640 Θεοῦ
3287 3587 3469 3652 λόγοις,

2321 3682 2508 3745 Ὅπως
2539 3681 2626 3734 ἐπ’
2651 3680 2818 3734 αὐτὸν
2852 3682 2978 3744 τοὺς
3003 3681 3336 3742 πεποιθότας
3360 3675 3549 3742 στέφειν

2322 3775 2495 3828 Πᾶσιν
2521 3773 2706 3837 καλοῖς
2731 3774 2921 3828 εἴωθεν
2951 3771 3008 3826 εν
3027 3789 3090 3840 γε
3122 3771 3202 3841 τῷ
3231 3771 3399 3838 τάφῳ.

2334 3866 2423 3928 Ὠς
2457 3865 2554 3918 καὶ
2579 3864 2800 3935 Δανιὴλ,
2828 3866 2861 3935 ἡ
2901 3862 3200 3934 προφητῶν
3230 3856 3526 3930 τερπνότηςν

2323 3957 2486 4027 Ξίφος
2511 3955 2802 4027 πεφευγὼς
2838 3953 3121 4026 περσικῶν
3152 3947 3563 4022 στρατευμάτων»

2336 4049 2423 4113 Ὠς
2454 4049 2798 4120 αἰχμάλωτος
2824 4045 3062 4117 ἠγμένος
3094 4061 3156 4098 τε
3190 4040 3322 4113 πρὸς
3344 4037 3488 4105 ξένην

2329 4233 2569 4305 Ἥμειψε
2609 4233 2708 4302 μὲν
2736 4231 2864 4301 γῆν.
2889 4231 2979 4284 τὸν
3006 4228 3139 4282 Θεὸν
3167 4225 3215 4280 δ’
3246 4216 3398 4294 εὗρεν
3430 4213 3584 4270 πάλιν.

2324 4328 2436 4380 Kal
2469 4327 2681 4397 πρῶτον
2712 4322 2781 4395 ἦν
2814 4323 2912 4394 μὲν
2941 4322 3046 4374 τῶν
3073 4318 3407 4373 ἀνασσόντων
3431 4309 3578 4378 φίλος,

2327 4425 2402 4477 Τὸ
2437 4423 2627 4493 μέλλον
2654 4421 2808 4484 αὖθις
2839 4419 2947 4471 τῶν
2969 4417 3180 4486 χρόνων
3208 4414 3319 4485 ᾔδει
3347 4408 3502 4467 τέλος.

2321 4518 2506 4589 Θῆρας
2533 4514 2786 4586 χαλινῶν,
2816 4512 3136 4584 προὸλέπων
3157 4509 3265 4560 κάν
3297 4504 3401 4562 τοῖς
3426 4496 3602 4552 ὕπνοις)

2320 4610 2514 4673 Καλῶς
2538 4609 2584 4662 δ’
2612 4607 2852 4678 ἀμείψας
2881 4603 2988 4656 τῶν
3013 4602 3126 4656 ἄνω
3163 4600 3231 4652 τὰ
3256 4595 3362 4649 τῶν
3385 4590 3535 4647 κάτω,

2330 4703 2546 4775 Ῥήσεις
2571 4701 2840 4766 λέλοιπεν,
2873 4691 2949 4753 ὧν
2978 4696 3230 4766 πάρεισιν
3262 4686 3513 4744 ὲκϐάπις·
