3920 6206
340 269 476 336 ῘΟΞΊ

1752 408 1779 415 μ.

719 410 1848 448 ,Μ
1390 411 1395 414 ’
1752 414 1755 415 ⁷
1766 410 1779 415 “’

1324 264 1643 331 SCHOLIA
1678 262 1978 331 verum
2016 262 2096 325 IN
2128 258 2593 341 mnu/sun.

1906 429 2173 444 ﬂ

3443 243 3577 308 1078

3056 412 3500 431 ,________..__.._..

2904 424 2951 432 .—

1274 571 1911 710 ΣΧΟΑΙΑ
1987 562 2636 704 ΠΑΛΑΙΑ

942 820 1116 907 ΕΙΣ
1171 813 1873 905 ΕΥΑΓΓΕΛΙΟΝ
1945 806 2246 897 ΚΑΤΑ
2314 799 2964 913 ΜΑΤΘΑΙΟΝ..

1947 1018 2017 1035 κ

1319 1169 1927 1288 SCHOLIA
2009 1163 2587 1284 VETEBA

681 1413 810 1503 IN
895 1402 1679 1503 EVANGELIUM
1750 1402 2400 1496 SECUNDUM
2474 1392 3225 1489 MATTHIEUM.

727 1604 820 1666 (Ex
844 1600 1057 1665 antiquis
1084 1600 1384 1653 membranis
1414 1598 1724 1651 bibliothecae
1753 1594 2003 1647 Vaticana:
2035 1590 2189 1645 edidit
2210 1590 2451 1654 Anglia
2476 1587 2535 1641 in
2571 1588 2728 1641 Class.
2761 1592 2898 1641 Auct.
2921 1595 3041 1639 tom.
3067 1584 3179 1649 Vl.)

752 1908 1151 1965 ΚΕΦΔΛΑΙΟΝ
1185 1906 1483 1961 ΠΡΩΤΟΝ.

410 2015 739 2084 Εὐαγγέλιον
777 2015 1023 2070 καλεῖται
1057 2016 1091 2085 ἡ
1130 2013 1331 2084 βίϐλος,
1377 2014 1462 2066 ὅτι
1489 2010 1764 2073 κολάσεως
1791 2010 1906 2065 δει-

342 2108 493 2162 κνύει
505 2110 606 2161 ἄνα
616 2111 811 2179 ίρεσιν,
821 2108 919 2161 καὶ
936 2107 1183 2176 οὐρανῶν
1196 2104 1469 2175 βασιλείαν
1490 2102 1905 2173 ἐπαγγέλλεταιο

1930 1901 1984 1960 Α

2500 1892 2731 1951 CAPUT
2777 1892 3067 1950 PRIMUM.

2083 2004 2250 2061 Vens.
2308 2005 2361 2061 l.
2423 2002 2772 2075 Evangelium
2814 2012 3043 2057 vocatur
3091 2000 3181 2056 hic
3236 2000 3398 2065 liber,
3452 2000 3581 2071 quia

2009 2097 2382 2155 damnationis
2441 2095 2683 2152 ostendit
2748 2094 3140 2160 abolitionem,
3190 2100 3249 2149 et
3317 2092 3581 2148 caelorum

338 2199 523 2269 βίϐλον
547 2178 812 2266 γενέσεως
838 2198 1043 2267 ταύτην
1064 2195 1227 2251 καλεῖ
1255 2196 1351 2249 καὶ
1394 2194 1743 2265 παρέχουσαν
1773 2192 1911 2248 ἄλλα

2033 2205 2240 2259 egnum
2269 2188 2584 2245 amntiat.
2635 2186 2860 2241 [librum
2902 2185 3275 2255 generationis
3327 2197 3481 2239 Vocat
3514 2178 3583 2236 il-

343 2289 511 2343 πολλὰ
548 2290 643 2343 καὶ
663 2289 722 2342 οὔ
751 2290 851 2360 τὴν
882 2287 1116 2358 Χριστοῦ
1159 2288 1320 2357 μόνον
1368 2286 1588 2355 γένεσιν
1613 2301 1626 2315 ⁸
1670 2285 1806 2339 διότι
1846 2285 1909 2338 τὸ

338 2381 634 2451 κεφάλαιον
652 2381 753 2452 τῆς
774 2379 1089 2451 οἰκονομίας
1126 2378 1286 2433 τοῦτό
1315 2380 1485 2436 ἐστιν.

412 2555 487 2608 Τὸ
552 2553 780 2626 Ἰησοῦς,
838 2555 1039 2625 Σωτὴρ
1089 2556 1449 2627 ἑρμηνεύεται
1513 2558 1581 2627 τῇ
1646 2557 1915 2627 Ἑϐραίων

342 2649 521 2717 φωνῇ.

415 2737 588 2792 Πόθεν
608 2736 849 2807 δηλονότι
876 2735 983 2789 ἀπὸ
1008 2735 1106 2806 τῆς
1137 2734 1229 2789 τοῦ
1255 2737 1421 2791 Δα6¹ιδ
1451 2731 1517 2808 ἦν
1547 2739 1771 2807 γενεᾶςς
1820 2739 1914 2793 Ἐκ

342 2827 436 2882 τοῦ
492 2826 664 2882 εἰπεῖν
713 2825 805 2880 τὸν
845 2825 977 2879 Θεὸν
1031 2827 1168 2898 πρὸς
1225 2826 1315 2879 τὸν
1362 2827 1600 2899 Γαϐριὴλ
1657 2829 1916 2883 ἀπελθεῖν

345 2920 481 2991 πρὸς
516 2920 616 2989 τὴν
658 2917 926 2987 παρθένον
966 2919 1461 2990 μεμνηστευμένην
1491 2919 1645 2991 ἀνδρὶ
1669 2916 1713 2988 ᾧ
1737 2920 1911 2989 ὄνομα

354 3011 553 3083 Ἰωσὴφ
600 3010 661 3077 ἐξ
687 3011 834 3065 οῐκου
875 3010 970 3063 καὶ
1022 3011 1260 3081 πατριᾶς
1304 3010 1503 3064 Δαὸίδο
1551 3011 1767 3063 ἐκέλευε
1795 3010 1853 3063 δὲ
1886 3012 1916 3064 6

343 3103 505 3174 νόμος
540 3105 614 3174 μὴ
639 3105 697 3170 ἐξ
719 3102 884 3174 ἄλλης
915 3102 1086 3175 φυλῆς
1104 3101 1427 3172 λαμϐάνειν,
1459 3102 1573 3156 ἀλλ’
1602 3106 1666 3156 ὲκ
1707 3103 1808 3171 τῆς
1836 3104 1917 3155 οι-

344 3193 467 3256 κίας
490 3208 503 3222 ·
537 3192 659 3246 ὃθεν
695 3188 762 3264 ἦν
788 3194 816 3247 6
852 3192 1052 3263 Ἰωσὴφ
1102 3191 1167 3246 ἐκ
1198 3192 1381 3257 Δαϐὶδ,
1408 3192 1505 3246 καὶ
1554 3194 1588 3264 ἡ
1620 3193 1806 3264 Μαρία
1851 3194 1917 3245 ὲκ

344 3285 529 3340 Δαίζίδ.

415 3377 515 3431 Διὰ
540 3376 593 3430 τί
624 3376 897 3448 μέμνηται
920 3376 1020 3448 τῆς
1042 3378 1358 3448 παρανόμου
1394 3378 1592 3447 μίξεως
1620 3376 1713 3431 τοῦ
1751 3376 1920 3431 Ἰούδα

345 3467 441 3521 καὶ
468 3467 566 3537 τῆς
597 3467 828 3539 Θάμαρ;
860 3467 1170 3540 Θαυμάζων
1199 3472 1226 3523 6
1270 3468 1664 3539 εύαγγελιστὴς
1695 3471 1789 3521 καὶ
1819 3469 1919 3540 τὴν

344 3560 439 3615 τοῦ
471 3557 605 3615 Θεοῦ
631 3561 841 3624 δεικνὺς
871 3560 1300 3632 φιλανθρωπίαν,
1349 3562 1433 3615 ὅτι
1478 3561 1580 3614 οὐκ
1637 3558 1919 3629 ἀπηξίωσε

350 3654 625 3718 τοιούτους
678 3654 822 3726 ἔχειν
877 3657 1183 3725 συγγενεῖς.
1216 3656 1373 3719 Τίνος
1416 3654 1577 3726 χάριν
1609 3653 1702 3708 τοῦ
1746 3654 1920 3724 Φαρὲς

350 3745 729 3817 μνημονεύσας
758 3738 931 3816 ἁφόύ
960 3747 1051 3800 τὸν
1076 3744 1288 3817 Κύριον
1316 3746 1649 3815 γενεαλογεῖ,
1689 3746 1783 3799 καὶ
1825 3745 1920 3798 τοῦ

348 3840 496 3909 Ζαρᾶ
528 3838 851 3910 μνημονεύει
877 3856 894 3906 ;
926 3838 1051 3893 "Ott
1081 3837 1174 3892 τοῦ
1205 3840 1358 3911 Ζοιρᾶ
1386 3840 1444 3892 ὲν
1473 3838 1552 3911 τῷ
1591 3840 1794 3892 τίκτειν
1819 3839 1923 3910 τὴν

287 3986 296 3994 ,
348 3930 545 3999 Θάμαρ
578 3932 679 4001 τὴν
737 3934 896 4004 χεῖρα
949 3931 1469 4004 προεξενέγκαντος,
1495 3930 1807 3986 συνέστειλε
1857 3933 1920 3985 τὸ

350 4019 563 4074 παιδίον
592 4021 691 4092 τὴν
721 4023 900 4093 χεῖρα,
935 4023 1031 4077 καὶ
1063 4020 1334 4094 προῆλθεν
1355 4023 1383 4074 6
1412 4023 1611 4093 Φαρὲς,
1651 4022 1749 4076 καὶ
1791 4022 1919 4077 τότε

348 4114 377 4166 6
408 4115 561 4184 Ζαρᾶ
585 4130 597 4143 ·
630 4115 765 4185 ὅπερ
797 4114 907 4167 τῶν
935 4112 1029 4167 δύο
1052 4112 1199 4169 λαῶν
1216 4113 1385 4177 τύπος
1412 4109 1479 4186 ἦν
1499 4131 1512 4143 ⁸
1560 4115 1660 4184 τῆς
1690 4114 1799 4185 γὰρ
1827 4132 1921 4167 πο-

348 4204 554 4270 λιτείας
580 4207 677 4276 τῆς
700 4204 1158 4277 ὲκκλησιαστικῆς
1178 4204 1236 4260 ὲν
1255 4206 1367 4271 τοῖς
1395 4206 1536 4260 κατὰ
1552 4206 1643 4259 τὸν
1669 4206 1923 4276 Ἀϐραὰμ

349 4300 560 4369 χρόνοις
599 4298 881 4368 φανείσης,
932 4291 1053 4351 εἶτα
1111 4299 1169 4351 ὲν
1198 4298 1276 4368 τῷ
1337 4298 1487 4368 μέσῳ
1542 4298 1921 4366 συσταλείσης,

348 4386 512 4464 ἦλθεν
541 4392 570 4445 6
608 4390 896 4454 Ἱουδαῖκδς
924 4389 1055 4453 λαὸς
1078 4389 1173 4443 καὶ
1193 4392 1227 4458 ἡ
1279 4389 1481 4459 νομικὴ
1512 4389 1757 4442 πολιτεία
1784 4405 1798 4419 ·
1827 4388 1924 4442 καὶ

353 4485 473 4536 τότε
503 4485 530 4537 6
558 4482 675 4546 νέος
706 4482 883 4553 ἐφάνη
921 4481 1050 4545 λαὸς
1077 4481 1216 4552 μετὰ
1241 4480 1350 4535 τῶν
1378 4480 1555 4533 αὐτῶν
1581 4479 1780 4550 νόμων.
1810 4480 1920 4533 Καὶ

2012 2277 2147 2341 lum,
2178 2279 2271 2348 qui
2305 2279 2412 2332 alia
2447 2277 2619 2332 multa
2655 2277 2902 2331 continet
2924 2282 2979 2330 et
3011 2282 3119 2330 non
3151 2275 3328 2329 soium
3376 2274 3582 2329 Christi

2011 2369 2467 2439 generationem;
2510 2367 2877 2439 quamobrem
2910 2372 3077 2437 caput
3117 2364 3270 2420 istud
3325 2365 3583 2419 incarna-

2015 2459 2178 2516 tionis
2205 2468 2310 2514 est.

2084 2547 2200 2602 Vox
2241 2547 2425 2615 Jesus,
2481 2546 2732 2603 Salvator
2775 2545 3034 2601 hebraica
3085 2545 3269 2617 lingua
3312 2544 3586 2617 interpre-

2016 2648 2183 2694 tatur.

2085 2730 2239 2787 Unde
2262 2730 2542 2788 evidenter
2574 2726 2677 2785 fuit
2709 2745 2776 2785 ex
2827 2729 3040 2785 semine
3090 2729 3301 2784 David?
3358 2729 3438 2783 Ex
3474 2728 3581 2784 hoc

2014 2820 2160 2893 quod
2191 2823 2323 2879 dicit
2354 2821 2523 2878 Deum
2558 2821 2776 2878 misisse
2813 2819 3032 2877 Gabriel
3066 2821 3133 2877 ad
3182 2821 3445 2891 virginem
3486 2822 3582 2876 de-

2016 2924 2333 2985 sponsatam
2366 2915 2485 2969 viro
2522 2916 2611 2968 cui
2662 2927 2861 2968 nomen
2894 2921 3015 2968 erat
3044 2911 3275 2984 Ioseph,
3301 2915 3368 2968 de
3421 2914 3586 2968 «ionio

2016 3015 2070 3060 et
2099 3008 2272 3077 patria
2312 3006 2503 3062 David.
2533 3004 2770 3061 Jubebat
2798 3014 2978 3059 autem
3011 3005 3096 3059 lex
3124 3019 3194 3059 ne
3221 3022 3287 3060 ex
3312 3006 3437 3059 aliis
3470 3006 3579 3057 tri-

2019 3098 2198 3154 bubus
2232 3098 2515 3153 ducerent.
2544 3096 2639 3151 sed
2679 3110 2746 3150 ex
2796 3095 2985 3150 eadem
3033 3095 3234 3161 domo;
3280 3096 3421 3149 unde
3470 3104 3587 3150 erat

2017 3187 2216 3260 Joseph
2248 3204 2310 3243 ex
2343 3187 2535 3254 David,
2569 3188 2738 3244 Maria
2761 3202 2979 3259 quoque
3000 3200 3066 3240 ex
3098 3184 3289 3240 David.

2099 3378 2255 3433 v'zns.
2284 3379 2337 3437 5.
2372 3375 2555 3445 Quare
2578 3376 2826 3433 illicitam
2863 3382 3134 3431 memorat
3163 3373 3420 3428 unionem
3446 3373 3585 3427 Julia

2018 3481 2072 3526 et
2095 3470 2383 3525 Thamar?
2410 3469 2705 3525 Admirans
2724 3467 3060 3539 evangelista
3084 3476 3149 3523 et
3172 3465 3265 3520 Dei
3290 3466 3591 3521 ostendens

2018 3577 2261 3616 amorem
2305 3562 2359 3615 in
2391 3561 2661 3627 homines,
2694 3560 2839 3631 quod
2866 3575 2976 3615 non
3015 3559 3345 3629 dedignatus
3388 3566 3473 3611 est
3507 3566 3591 3612 ta-

2020 3654 2098 3708 les
2128 3653 2326 3728 habere
2354 3662 2630 3725 parentes.
2659 3653 2836 3720 Quam
2862 3653 2933 3708 ob
2955 3667 3176 3708 causam
3200 3650 3407 3705 Phares
3436 3665 3586 3703 emu-

2020 3759 2331 3799 memorans
2352 3760 2382 3798 a
2414 3760 2524 3815 quo
2544 3736 2811 3799 Dominus
2835 3743 2985 3799 ducit
3007 3743 3365 3813 geuelogiam.
3392 3739 3588 3796 Zaram

2019 3836 2183 3891 etiam
2238 3836 2547 3891 memorat?
2610 3836 2751 3904 Quia
2807 3836 2971 3903 Zara,
3022 3837 3270 3906 pariente
3326 3833 3589 3897 Thamar,

2020 3941 2144 3983 cum
2176 3944 2397 3983 manum
2451 3927 2601 3984 foras
2662 3929 3003 3999 protulisset,
3061 3929 3202 3983 hanc
3251 3928 3503 3990 retraxit,
3535 3935 3591 3979 et

2022 4022 2285 4092 processit
2315 4021 2546 4087 Phares,
2588 4030 2644 4079 et
2700 4023 2897 4078 deinde
2930 4021 3110 4087 ana;
3156 4022 3301 4091 quod
3352 4022 3590 4076 duorum

2020 4113 2347 4184 populorum
2385 4112 2553 4185 ligura
2580 4123 2723 4171 erat.
2753 4116 2892 4170 Nam
2942 4129 3065 4169 cum
3102 4114 3335 4167 Abrahae
3378 4122 3591 4182 tempo-

2021 4205 2174 4259 ribus
2197 4205 2565 4262 ecelesiastica
2598 4206 2861 4277 viguisset
2893 4204 3237 4276 gubernatio,
3288 4205 3594 4274 deindeque

2022 4308 2052 4347 e
2085 4294 2266 4348 medio
2302 4295 2515 4348 sublata
2541 4294 2759 4361 fuisset,
2798 4295 2946 4349 venit
3003 4292 3316 4346 Judaeorum
3352 4294 3590 4361 populus

2022 4393 2076 4438 et
2102 4384 2233 4453 legis
2266 4385 2607 4453 gubernatio,
2642 4394 2695 4437 et
2743 4394 2873 4438 tunc
2905 4399 3080 4437 novus
3132 4385 3383 4451 apparuit
3416 4399 3591 4453 popu-

2025 4475 2109 4528 lus
2138 4490 2261 4527 cum
2296 4475 2503 4543 legibus
2531 4474 2757 4530 eisdem.
2794 4473 2859 4527 Et
2893 4474 2960 4528 de
2987 4472 3132 4528 Ruth
3173 4473 3476 4543 alienigena
3510 4477 3591 4529 Io-

351 4578 452 4647 τῆς
492 4575 645 4630 Ῥούθ
675 4575 732 4628 δὲ
754 4574 853 4645 τῆς
882 4572 1181 4643 ἀλλοφύλου
1215 4572 1508 4642 μέμνηται,
1548 4571 1631 4624 ὅτι
1665 4570 1917 4642 καθάπερ

2033 4565 2228 4635 quitur,
2258 4565 2384 4634 quia
2416 4565 2561 4619 sicut
2599 4565 2744 4617 illam
2802 4572 2855 4619 et
2893 4564 3196 4619 mendicum
3238 4576 3291 4617 et
3333 4566 3593 4634 alienigu.

353 4669 566 4738 ἐκείνης
596 4666 691 4721 καὶ
739 4665 961 4736 πτωχῆς
1003 4665 1097 4718 καὶ
1127 4662 1423 4730 ἀλλοφύλου
1450 4662 1615 4727 οὔσης
1645 4665 1673 4716 6
1698 4662 1831 4727 Βοὸζ
1859 4664 1920 4716 ού

356 4761 781 4831 κατεφρόνησεν,
811 4757 934 4811 οὔτε
967 4756 1065 4828 τὴν
1097 4757 1416 4825 δυσγένειαν
1445 4754 1787 4820 ἐϐδελύξατο,
1823 4757 1919 4811 καὶ

354 4849 641 4921 δΧριστὸς
694 4849 795 4921 τὴν
848 4848 1172 4919 Ἐκκλησίαν
1214 4848 1505 4919 δεξάμενος
1555 4849 1656 4902 οὐκ
1705 4849 1925 4904 ἐϐδελύ-

355 4942 505 5008 ξατο.

421 5033 559 5096 Τοὺς
574 5033 723 5104 τρεῖς
756 5032 1073 5105 παρέδραμε
1100 5031 1331 5102 βασιλεῖς
1354 5032 1429 5094 ὡς
1458 5034 1659 5096 κακούς
1684 5049 1698 5063 ·
1726 5032 1919 5087 ἔστιδὲ

365 5122 630 5195 Ὀχοζίας,
684 5126 777 5178 καὶ
824 5124 994 5192 Ίωὰς,
1055 5127 1149 5180 καὶ
1209 5126 1503 5196 ’Δμεσίαςο
1536 5124 1658 5187 ἔθος
1700 5123 1807 5194 γὰρ
1851 5127 1916 5195 τῇ

355 5217 541 5285 Γραφῇ
591 5216 718 5279 τοὺς
760 5215 859 5268 οὐκ
892 5215 1074 5280 ἀξίους
1112 5217 1330 5287 μνήμης
1351 5215 1803 5285 καταλιμπάνειν,
1842 5215 1920 5278 ὡς

355 5305 449 5360 καὶ
478 5302 681 5373 Μωσῆς
710 5304 767 5356 ὲν
795 5305 913 5366 ταῖς
935 5303 1206 5372 εὐλογίαις
1231 5305 1324 5357 τοῦ
1350 5304 1595 5375 Συμεών.

423 5396 522 5448 Διὰ
550 5396 601 5447 τί
633 5392 785 5447 εἶπεν
816 5394 1010 5466 Ἰωσὴφ
1034 5396 1125 5448 τὸν
1150 5396 1317 5465 ἄνδρα
1347 5397 1599 5466 Μαρίασ;
1628 5399 1743 5451 Ἵνα
1766 5398 1916 5469 δείξῃ

353 5489 431 5543 ὃτι
466 5487 535 5541 δι’
561 5487 724 5542 αὐτὸν
757 5488 847 5540 καὶ
896 5487 1097 5557 ταύτην
1125 5488 1545 5561 ἐγενεαλόγησεν
1565 5505 1578 5521 ο
1610 5490 1749 5544 κατὰ
1807 5488 1916 5559 γὰρ

356 5579 524 5650 φυλὰς
555 5581 647 5636 καὶ
677 5579 991 5650 συγγενείας
1022 5579 1343 5650 έλάμὸωιον.

2024 4673 2147 4711 nam
2188 4656 2332 4710 Βοοι
2371 4672 2478 4711 non
2529 4656 2797 4725 despexit,
2834 4672 3010 4727 neque
3061 4655 3429 4711 inﬁrmitatem
3470 4659 3592 4726 ejus

2021 4749 2329 4815 abhorruit,
2364 4748 2618 4803 Christus
2645 4748 2811 4803 etiam
2846 4747 3147 4804 Ecclesiam
3198 4746 3446 4819 accipere
3482 4764 3589 4805 non

2020 4841 2332 4898 abhorruit.

2100 5027 2268 5082 Vens.
2304 5026 2389 5081 ll.
2424 5026 2561 5083 Tres
2588 5028 2712 5083 illos
2749 5028 2940 5083 leviter
2983 5027 3165 5099 attigit
3194 5042 3349 5096 reges
3386 5034 3443 5079 ut
3475 5041 3591 5078 ma-

2028 5121 2301 5183 los;sunt
2336 5134 2465 5173 vero
2504 5116 2796 5185 Ochozias,
2826 5117 2978 5186 Jons,
3052 5126 3107 5172 et
3163 5114 3435 5171 Amesias.
3479 5112 3593 5167 Mos

2025 5212 2169 5268 enim
2203 5220 2285 5266 est
2317 5210 2615 5280 Scriptura:
2645 5211 2901 5281 indignos
2928 5209 3194 5267 memoria
3226 5206 3505 5271 omittere,
3536 5217 3594 5260 ut

2022 5304 2235 5373 Moyses
2260 5302 2316 5356 in
2349 5300 2821 5358 benedictionibus
2852 5301 3095 5357 Simeon.

2093 5393 2257 5449 Vens.
2292 5394 2377 5448 16.
2421 5393 2601 5460 Quare
2631 5393 2768 5447 dixit
2805 5391 3007 5462 Ioseph
3058 5392 3233 5446 virum
3267 5390 3494 5446 Mariae?
3521 5388 3592 5445 Ut

2023 5486 2339 5542 ostenderet
2370 5501 2459 5555 per
2522 5482 2719 5555 Joseph
2752 5484 3119 5555 genealogiam
3158 5481 3338 5538 Maria:
3391 5500 3590 5552 genva-

2023 5578 2164 5646 giam
2190 5576 2373 5632 datam
2408 5592 2564 5643 esse;
2620 5595 2745 5633 nam
2781 5574 3085 5634 Secundum
3138 5576 3308 5633 tribus
3368 5585 3423 5633 et
3460 5594 3592 5632 con-

2025 5669 2425 5742 sanguinitate:
2466 5664 2762 5726 nubebant.
