3984 6204
452 132 609 238 "tom

1172 178 1562 240 OPUSCULA
1597 181 2225 269 SCRIPTURISTICA
2266 183 2607 243 lNCER’I‘IE
2644 181 2951 241 AETATIS.

3523 186 3631 250 1080

539 285 704 343 Vens.
742 287 825 343 l7.
856 287 982 345 ideo
1013 288 1263 345 meminit
1292 288 1523 343 Abrahae
1563 297 1617 343 et
1656 288 1846 352 David,
1891 288 2037 360 quod

2208 290 2308 344 Διὰ
2330 290 2486 344 τοῦτο
2508 290 2912 361 ἐμνημόνευσεν
2953 286 3209 359 Ἀϐραάμ
3231 290 3320 342 καὶ
3346 290 3508 359 Δασιδ,
3536 296 3639 349 διότι

466 379 534 433 ad
570 380 694 434 illos
731 379 875 435 datae
915 388 1074 436 erant
1113 379 1505 450 promissiones
1538 380 1685 435 circa
1725 380 2029 436 Christum.

543 470 835 526 Duodecim
894 486 1104 542 ponens
1157 471 1559 537 generationes,
1617 471 2031 540 quattuordecim

472 561 631 625 dixit,
673 562 797 631 quia
828 570 1041 631 tempus
1095 560 1427 632 captivitatis
1482 561 1621 617 intra
1654 562 2035 633 generationes

471 652 777 718 ordinavit;
813 652 990 708 adhuc
1014 662 1194 706 autem
1233 652 1411 721 ipsum
1448 651 1724 708 Christum
1774 653 1913 707 intra
1940 667 2033 724 ge-

471 743 785 797 nerationes
820 744 980 798 nobis
1010 751 1400 805 connumerat.

540 833 704 886 Vens.
737 832 824 886 i8.
852 830 969 887 Non
1011 833 1150 888 dixit
1197 833 1515 903 priusquam
1546 833 1835 889 duceretur
1862 833 1951 889 illa
1981 832 2038 888 in

469 921 716 987 domum,
745 922 839 978 sed
876 923 1197 994 priusquam
1252 927 1628 989 convenirent,
1659 925 1787 994 quia
1811 939 1920 979 non
1955 924 2039 978 fo-

469 1014 548 1067 ris
581 1028 612 1067 a
647 1013 765 1068 viro
806 1024 966 1069 erant
1019 1015 1369 1086 desponsata:
1421 1017 1598 1071 aetatis
1626 1017 1887 1086 imparis;
1927 1016 2034 1072 huc

469 1112 652 1158 autem
674 1104 811 1159 dixit
837 1120 903 1161 ne
937 1105 1029 1161 det
1086 1106 1474 1177 suspicionem.
1499 1107 1673 1173 Quam
1698 1106 1767 1163 ob
1813 1121 2035 1162 causam

469 1211 578 1250 non
612 1204 740 1251 ante
768 1196 1242 1266 desponsationem
1272 1200 1518 1268 concepit
1549 1199 1573 1252 ?
1599 1197 1675 1254 Ne
1702 1210 1919 1269 pareret
1946 1215 2039 1254 su-

470 1286 777 1354 spicionem
816 1286 962 1356 quod
1021 1285 1225 1343 factum
1282 1299 1421 1354 erat,
1459 1305 1584 1345 cum
1638 1305 1746 1345 non
1780 1298 1926 1347 esset
1957 1289 2039 1345 vir

476 1375 691 1431 zelosus
721 1384 775 1430 et
800 1376 922 1430 ideo
947 1374 1175 1431 Mariam
1211 1377 1533 1434 observans.

546 1485 709 1543 Vens.
745 1487 832 1545 l9.
875 1487 1188 1544 Secundum
1224 1489 1394 1559 legem
1426 1506 1531 1546 non
1562 1492 1829 1563 castigare
1859 1507 2039 1564 neque

475 1577 619 1632 hanc
642 1578 692 1632 in
740 1578 1048 1647 exemplum
1107 1581 1238 1634 dare
1289 1581 1497 1645 volens,
1541 1584 1711 1636 voluit
1768 1583 2040 1639 dimittere

2137 380 2271 450 πρὸς
2299 380 2492 443 αὐτοὺς
2521 376 2662 451 ἦσαν
2695 381 2749 432 αί
2771 377 3095 446 ἐπαγγελίαι
3126 379 3258 448 περὶ
3281 380 3519 449 Χριστοῦ.

2204 470 2422 526 Δώδεκα
2451 470 2563 533 θεὶς
2591 469 3229 542 γενεάς,δεκατέσσαρας
3257 466 3424 535 εἶπεν,
3448 473 3638 534 διότικὲ

2134 558 2228 613 τὸν
2259 561 2449 630 χρόνον
2473 561 2573 631 τῆς
2602 560 2978 631 αἰχμαλωσίας
3012 560 3095 623 είς
3128 560 3321 628 γενεάν
3349 561 3547 629 ἔταξεν
3585 570 3643 623 ἔτι

2135 648 2192 702 δὲ
2216 650 2307 702 καὶ
2335 649 2501 702 αὐτὸν
2537 649 2627 703 τὸν
2658 648 2891 720 Χριστὸν
2915 649 2997 713 είς
3033 648 3230 717 γενεάν
3258 651 3522 709 συνάπτων
3548 657 3644 727 ἡμῖν

2135 739 2317 795 αὐτόν.

2213 831 2330 884 Οὐκ
2352 827 2526 897 εἶπεν,
2558 829 2690 902 πρὶν
2719 829 2752 901 ἢ
2787 830 3019 902 ἀχθῆναι
3051 831 3227 902 αὐτὴν
3259 832 3339 895 είς
3368 832 3457 903 τὴν
3490 835 3646 900 οἰκίαν,

2136 920 2295 988 ἀλλὰ,
2322 922 2450 993 πρὶν
2483 921 2517 993 ἢ
2546 922 2821 976 συνελθεῖν
2860 922 3078 989 αὐτοὺς,
3100 922 3191 976 διὰ
3216 923 3277 976 τὸ
3329 925 3402 995 μὴ
3427 924 3518 992 ἔξω
3540 925 3647 983 εἶναι

2136 1014 2244 1069 τῶν
2270 1015 2478 1086 ἀνδρῶν
2524 1015 2625 1079 τὰς
2658 1017 3146 1086 μεμνηστευμένας
3189 1016 3498 1085 άνηλίκους⁶
3528 1021 3650 1074 τοῦτο

2136 1106 2194 1159 δὲ
2223 1101 2375 1160 εἶπεν
2401 1106 2489 1161 διὰ
2521 1106 2581 1159 τὸ
2619 1105 2695 1176 μὴ
2737 1104 2918 1159 δοῦναι
2950 1106 3211 1175 ὑποψίαν.
3273 1107 3421 1171 Τίνος
3449 1109 3581 1179 χάριν
3604 1112 3647 1164 οὐ

2138 1198 2244 1268 πρὸ
2271 1198 2370 1268 τῆς
2397 1198 2689 1268 μνηστείας
2714 1196 3038 1263 συνέλαϐενς
3064 1198 3186 1250 ἰνα
3215 1198 3290 1268 μὴ
3352 1199 3471 1272 δόξῃ
3494 1201 3651 1268 ὑποψία

2138 1290 2198 1345 τὸ
2229 1290 2470 1358 γεγονὸς,
2534 1289 2635 1342 οὐκ
2679 1288 2832 1352 ὄντος
2878 1287 2972 1341 τοῦ
3009 1288 3436 1359 ζηλοτυποῦντος
3482 1290 3560 1343 καὶ
3588 1291 3652 1344 διὰ

2137 1378 2295 1436 τοῦτο
2326 1379 2711 1449 φυλάσσοντος.

2210 1490 2366 1546 Κατὰ
2391 1490 2483 1544 τὸν
2509 1491 2672 1560 νόμον
2699 1488 2761 1542 οὗ
2792 1487 3017 1543 κολάσαι
3046 1486 3171 1540 οὐδὲ
3206 1486 3650 1557 παραδειγματίσαι

2138 1582 2309 1654 αὐτὴν
2351 1581 2673 1651 βουλόμενος
2728 1578 2997 1649 ἐϐουλήθη
3029 1574 3308 1631 άπολῦσαι
3353 1578 3539 1647 αὑτήν·
3566 1594 3651 1630 κω-

472 1683 615 1724 eam.
644 1666 970 1723 Prohibetur
993 1678 1174 1725 autem
1216 1671 1286 1725 ab
1315 1672 1544 1743 angelo;
1578 1674 1715 1728 adeo
1745 1684 1860 1729 erat
1892 1676 2039 1731 mitis

2145 1647 2325 1729 λύεται
2350 1647 2405 1726 δὲ
2437 1647 2527 1728 ὐπλ
2553 1671 2786 1740 άγγέλου
2813 1686 2828 1702 ο
2872 1647 3133 1723 τοσοῦτον
3172 1664 3242 1739 ἦν
3269 1670 3463 1739 ἥμερος
3485 1668 3562 1721 καὶ
3587 1686 3653 1736 et-

470 1768 530 1813 et
555 1760 774 1831 sapiens
802 1760 1027 1832 Josepb.
1050 1762 1130 1817 Ad
1164 1762 1586 1819 ministrantium
1642 1766 1716 1820 illi
1748 1780 1869 1831 post
1907 1782 2035 1835 par-

477 1858 616 1910 tum,
667 1850 893 1906 evidens
940 1860 1022 1906 est
1065 1851 1210 1920 quod
1260 1853 1532 1909 adductus
1562 1854 1635 1910 sit
1682 1853 1881 1925 Joseph
1934 1854 2041 1911 hoc

476 1938 744 2010 prodigio.

546 2029 710 2087 Vsus.
747 2031 838 2088 20.
877 2032 987 2087 Cur
1010 2050 1116 2090 non
1152 2036 1296 2093 clara
1340 2037 1462 2094 luce
1498 2039 1650 2097 visus
1676 2049 1763 2096 est
1814 2041 2040 2112 angelus

473 2114 697 2187 Joseph,
731 2119 823 2175 sed
855 2133 949 2190 per
969 2124 1276 2180 somnium?
1295 2126 1435 2193 Quia
1456 2142 1563 2183 non
1585 2140 1704 2186 erat
1728 2131 2040 2189 incredulus

476 2218 535 2262 ut
567 2220 813 2278 pastores
842 2223 894 2267 et
927 2215 1241 2273 Zacharias.

547 2299 659 2355 Cur
688 2303 903 2358 vocavit
950 2304 1101 2359 ilium
1132 2308 1357 2379 angelus
1395 2311 1565 2367 lilium
1600 2312 1770 2369 David
1798 2316 1823 2369 ‘i
1858 2313 2043 2371 Revo-

472 2404 607 2534 flare
655 2391 729 2446 illi
769 2393 1004 2463 volebat,
1040 2397 1186 2453 unde
1222 2399 1455 2457 debebat
1493 2403 1745 2461 Christus
1776 2406 2039 2476 originem

519 2495 702 2534 ucere.

519 2495 702 2539 ucere.

547 2597 659 2655 Cur
694 2601 834 2657 dixit
873 2604 1141 2675 conjugem
1191 2611 1382 2666 tuam?
1416 2608 1571 2677 Quod
1620 2626 1729 2667 non
1777 2622 1895 2668 erat
1927 2613 2043 2668 vioo

479 2689 612 2745 lata.
660 2691 961 2765 Conjugem
1004 2706 1185 2753 autem
1232 2699 1377 2755 illam
1430 2711 1589 2758 vocat
1635 2703 1706 2759 ob
1740 2704 2045 2775 desponsa-

481 2778 713 2845 tinnem,
745 2783 906 2839 sicuti
945 2794 998 2840 et
1026 2802 1127 2841 nos
1149 2805 1364 2857 generos
1392 2790 1629 2849 dicimus
1660 2793 1745 2848 vel
1774 2804 1900 2849 ante
1942 2809 2045 2848 nu-

479 2870 624 2938 ptias
653 2871 1012 2943 desponsatos
1036 2877 1186 2932 tiliae.

2141 1764 2365 1832 λὸσοφος
2417 1763 2446 1815 6
2493 1762 2715 1831 Ἰωσήφ.
2777 1759 2851 1812 T6
2894 1757 3224 1829 θεραπεύειν
3248 1756 3410 1827 αὐτὴν
3442 1755 3559 1825 μετά
3586 1757 3654 1809 τὸν

2142 1853 2322 1918 τόκον,
2352 1850 2573 1921 εὔδηλον
2609 1851 2685 1913 ὡς
2718 1848 2945 1919 ἐπείσθη
2976 1846 3053 1917 τῷ
3085 1846 3328 1917 θαύματι
3352 1848 3381 1899 6
3414 1845 3601 1915 Ἰωσήφ.

2215 2030 2315 2085 Διά
2343 2029 2395 2085 τί
2412 2030 2473 2084 οὐ
2515 2028 2762 2098 φανερῶς
2820 2024 2974 2097 ὤφθη
3028 2026 3057 2079 6
3103 2024 3336 2094 ἄγγελος
3360 2024 3433 2095 τῷ
3478 2024 3653 2095 Ἰωσὴφ,

2145 2121 2281 2176 ἀλλά
2300 2120 2421 2174 κατ’
2449 2119 2615 2189 ὅναρς
2656 2118 2778 2172 Ὅτι
2809 2116 2909 2170 οὐκ
2937 2113 3004 2189 ἦν
3032 2116 3289 2172 ἀπιστῶν
3322 2116 3395 2180 ὡς
3429 2118 3473 2170 οἱ
3500 2115 3654 2185 ποιμέ-

2145 2230 2236 2276 νες
2266 2215 2360 2266 καὶ
2388 2212 2417 2265 6
2445 2210 2739 2281 Ζαχαρίας.

2215 2303 2315 2357 Διὰ
2330 2302 2383 2355 τί
2413 2299 2566 2355 εἶπεν
2602 2302 2765 2355 αὑτὸν
2790 2303 2820 2355 6
2852 2299 3084 2370 ἄγγελος
3142 2300 3259 2353 υίδν
3317 2298 3502 2363 Δαϐίδ;
3538 2298 3657 2350 Ἀνα-

2151 2393 2350 2464 μνῆσαι
2398 2391 2559 2447 αὐτὸν
2612 2392 2932 2464 βουλόμενος
2954 2431 2969 2459 ,
3000 2392 3131 2445 ὅθεν
3169 2390 3387 2462 ἔμελλεν
3409 2390 3435 2443 6
3472 2387 3656 2458 Χριστὸς

2147 2484 2450 2538 τίκτεσθαι.

2218 2592 2317 2646 Διά
2340 2594 2392 2648 τί
2417 2589 2589 2662 εἶπεν,
2630 2596 2748 2662 Τὴν
2772 2593 3030 2664 γυναῖκά
3055 2609 3221 2657 σου;
3249 2591 3336 2655 Ὦς
3364 2591 3433 2662 μὴ
3451 2588 3657 2658 διεφθαρ-

2153 2683 2319 2753 μένης
2338 2699 2357 2718 ⁶
2388 2688 2622 2754 γυναῖκα
2654 2686 2710 2740 δὲ
2739 2686 2909 2757 αὐτὴν
2935 2685 3096 2739 καλεῖ
3141 2684 3248 2741 ἀπὸ
3272 2683 3369 2751 τῆς
3396 2680 3655 2753 μνηστείας,

2150 2775 2301 2830 ὥσπε
2310 2794 2339 2848 ρ
2367 2777 2461 2831 καὶ
2490 2778 2650 2849 ἡμεῖς
2669 2778 2965 2848 γαμϐροὺς
2981 2778 3224 2848 λέγομεν
3244 2776 3338 2829 καὶ
3363 2775 3460 2844 πρὸ
3486 2771 3563 2826 τοῦ
3584 2770 3658 2839 γά·

2157 2881 2257 2935 μου
2293 2868 2419 2930 τοὺς
2446 2868 2882 2938 μνηστευθέντας
2910 2870 2975 2939 τῇ
3006 2866 3269 2939 θυγατρί.

554 2959 721 3018 Vsus.
752 2963 843 3018 2i.
871 2963 984 3019 Non
1022 2966 1180 3034 dixit,
1225 2968 1408 3025 Pariet
1434 2970 1562 3037 tibi;
1598 2987 1706 3027 non
1741 2981 1863 3028 erat
1902 2973 2046 3028 enim

2222 2958 2336 3012 Οὐκ
2368 2955 2539 3023 εἶπεν,
2558 2958 2784 3023 Τέξεταί
2804 2976 2887 3013 σοι
2910 2974 2924 2989 ³
2948 2959 3008 3012 οὐ
3036 2962 3154 3027 γὰρ
3176 2955 3244 3030 ἦν
3276 2957 3432 3013 αὐτοῦ
3463 2953 3657 3021 σπέρμ’

482 3052 633 3109 illius
659 3070 879 3121 semen;
906 3057 1001 3112 sed
1030 3052 1209 3129 pariet
1228 3061 1431 3117 mundo
1451 3063 1736 3120 evidenter
1758 3065 2045 3131 universo;

483 3144 633 3199 addit
657 3147 803 3200 enim
830 3166 844 3201 :
884 3146 1005 3212 Ipse
1032 3151 1234 3205 salvum
1265 3153 1422 3222 faciet
1445 3154 1694 3224 populum
1725 3173 1901 3211 suum.

556 3237 666 3291 Cur
692 3238 862 3306 dixit,
901 3240 1122 3297 Vacabis
1152 3260 1339 3299 nomen
1368 3244 1481 3314 ejus
1519 3244 1701 3300 Iesum
1723 3251 1749 3304 7
1788 3247 1865 3302 Ne
1899 3249 2049 3304 illum

489 3326 695 3383 faceret
735 3328 804 3383 ab
847 3330 1026 3386 oiilcio
1064 3333 1235 3401 patris
1266 3335 1528 3389 alienum.
1566 3334 1719 3392 Licet
1745 3338 1891 3393 enlm
1926 3348 2051 3395 tuus

490 3419 636 3475 liiius
664 3435 773 3476 non
805 3423 897 3487 sit,
929 3422 1128 3494 inquit,
1169 3426 1261 3481 sed
1296 3441 1417 3498 qua:
1443 3428 1615 3498 patris
1644 3439 1773 3485 sunt
1810 3446 1959 3502 ages,
1986 3446 2053 3488 eo

486 3512 635 3581 quod
668 3527 777 3567 non
809 3514 883 3570 sit
910 3530 941 3570 e
970 3514 1351 3574 fornicatione.

560 3618 726 3677 Vatis.
756 3622 846 3677 22.
872 3622 1111 3695 Angelus
1159 3626 1293 3681 dicit
1322 3626 1467 3682 istud
1496 3644 1512 3682 :
1548 3627 1664 3683 Hoc
1686 3640 1863 3686 autem
1888 3641 2055 3687 totum

490 3709 692 3778 factum
746 3723 823 3767 est
877 3724 936 3768 ut
988 3715 1366 3785 adimpleretttr
1401 3719 1542 3788 quod
1591 3719 1793 3776 dictum
1843 3731 1918 3777 est
1989 3722 2055 3778 ab

490 3800 677 3868 Isaia;
714 3820 821 3859 non
864 3816 1046 3861 autem
1074 3810 1427 3879 evangelista.

563 3894 731 3951 Vens.
764 3896 854 3952 2'5.
891 3896 946 3953 Si
973 3898 1094 3965 quis
1118 3900 1317 3954 dixerit
1345 3915 1454 3956 non
1489 3901 1694 3960 dixisse
1720 3901 1912 3958 Isaiam
1946 3904 2052 3959 vir-

492 3984 675 4056 ginem
729 3986 823 4041 sed
883 3988 1156 4059 puellam;
1213 3991 1363 4055 prius
1417 3992 1638 4062 quidem
1701 3994 1883 4051 ferunt
1958 3993 2060 4051 Se-

492 4077 773 4146 ptuaginta
805 4078 889 4133 his
934 4081 1177 4150 quinque
1205 4083 1610 4139 numerosiores
1642 4092 1697 4139 et
1725 4086 2057 4150 veraciores,

493 4178 683 4238 utpote
751 4172 1053 4229 scribentes
1131 4185 1259 4231 ante
1346 4177 1705 4246 patratiouem
1781 4179 2059 4250 mysterii;

494 4261 691 4318 deinde
720 4265 949 4335 puellas,
980 4265 1220 4336 virgines
1254 4268 1528 4333 dicemus;
1561 4278 1635 4334 et,
1658 4270 1717 4326 Si
1754 4271 2058 4327 clamaverit

493 4352 692 4421 puella,
723 4354 792 4410 de
839 4355 1047 4425 virgine
1091 4358 1331 4426 loquitur
1382 4358 1613 4430 Moyses,
1660 4362 1784 4433 quia
1842 4362 2061 4416 sciebat

498 4443 688 4511 puellae
713 4461 912 4501 nomen
952 4463 1049 4519 pro
1074 4450 1283 4519 virgine
1311 4453 1586 4520 usurpari.
1615 4451 1670 4506 Si
1717 4469 1746 4507 e
1768 4463 2065 4510 consuetu-

496 4533 625 4587 dine
694 4536 925 4590 debebat
969 4538 1216 4605 generari
1271 4538 1414 4609 quod
1479 4554 1509 4592 a
1588 4541 1847 4609 propheta
1918 4557 2063 4594 nun-

498 4625 688 4678 tiatum
713 4636 853 4691 erat,
883 4626 1015 4697 quid
1054 4628 1468 4697 signiﬁcationis
1497 4630 1659 4684 habet
1686 4632 1829 4698 quod
1857 4632 2062 4685 dictum

496 4714 621 4768 est?
662 4712 813 4770 Nihil
852 4726 1031 4782 certe;
1067 4719 1326 4789 denique,
1362 4735 1467 4774 non
1507 4720 1559 4774 in
1592 4721 1848 4789 Ezechia,
1883 4723 1977 4777 sed
2010 4724 2065 4777 in

498 4804 724 4859 Christo
750 4808 1101 4877 adimpletum
1126 4818 1231 4865 est.

569 4918 800 4987 Objiciet
827 4918 1045 4978 Judmus
1074 4938 1173 4979 cur
1201 4940 1308 4979 non
1346 4935 1572 4980 vocatus
1620 4927 1690 4981 sit
1720 4926 2062 4992 Emmanuel,

505 5020 560 5066 ut
595 5012 859 5082 propheta
911 5013 1067 5079 dixit,
1123 5016 1216 5071 sed
1267 5014 1430 5074 Jesus
1490 5019 1782 5075 Christus?
1833 5020 2067 5073 Andiant

502 5103 818 5175 prophetam
841 5122 947 5160 non
984 5106 1208 5175 dixisse,
1238 5107 1492 5176 Vocahis,
1523 5111 1637 5175 sed,
1677 5110 1939 5165 Vocabunt
1970 5128 2067 5181 po-

503 5196 652 5266 puli;
691 5196 809 5253 litec
841 5208 924 5252 est
948 5214 1128 5253 rerum
1164 5199 1391 5254 istarum
1423 5202 1690 5269 expositio
1717 5221 1730 5256 :
1755 5203 1880 5272 quia
1914 5204 2067 5257 vide-

501 5289 636 5342 hunt
677 5287 848 5344 Deum
901 5303 1027 5343 eum
1076 5289 1412 5347 hominibus.
1460 5291 1575 5346 Mos
1626 5299 1806 5347 autem
1855 5292 1942 5348 ille
1982 5303 2067 5348 est

502 5378 797 5448 Scriptura:
841 5380 945 5435 hoc
981 5396 1079 5451 pro
1119 5381 1436 5437 nominibus
1461 5382 1759 5450 adhibere;
1798 5391 1878 5446 ut,
1922 5381 2063 5438 Voca

502 5481 685 5523 nautea
715 5471 865 5540 ejus:
898 5471 1018 5527 Cito
1042 5473 1252 5543 spolia;
1281 5472 1517 5527 celeriter
1550 5482 1697 5528 vasta
1722 5490 1741 5527 :
1768 5476 1939 5545 genito
1972 5474 2065 5527 illo

499 5563 725 5616 vastatio
753 5564 1055 5632 prardarum
1097 5567 1239 5636 facta
1289 5575 1405 5633 est;
1452 5577 1505 5624 ct
1553 5575 1613 5623 ut
1659 5568 1789 5625 illud
1828 5584 2064 5638 quoque,

2152 3049 2310 3114 ἀλλὰ,
2342 3049 2598 3115 Τέξεται,
2621 3049 2699 3119 τῷ
2732 3050 2922 3120 κόσμῳ
2950 3050 3118 3103 παντῖ
3143 3050 3377 3120 δηλονότι
3398 3066 3412 3081 ο
3434 3047 3533 3118 ἔχει
3557 3044 3657 3111 γάρ’

2150 3142 2345 3207 Αὐτὸς
2376 3142 2562 3195 σώσει
2588 3141 2697 3195 τὸν
2721 3141 2877 3195 λαὸν
2894 3141 3107 3197 αὐτοῦ.

2221 3233 2319 3285 Διὰ
2341 3233 2393 3285 τί
2416 3228 2590 3298 εἶπεν,
2620 3232 2914 3298 Καλέσεις
2930 3234 2997 3287 τὸ
3019 3233 3213 3303 ὄνομα
3228 3231 3407 3287 αὐτοῦ
3432 3224 3658 3294 Ἰησοῦνῖ

2152 3324 2267 3376 Οὐκ
2299 3323 2578 3393 ἀλλότριον
2624 3322 2796 3376 ποιῶν
2843 3323 3006 3377 αὑτὸν
3031 3324 3135 3393 τῆς
3180 3322 3460 3383 διακονίας.
3502 3318 3553 3370 Εἰ
3578 3314 3658 3380 γὰρ

2152 3420 2246 3471 καὶ
2277 3417 2352 3487 μὴ
2376 3416 2464 3479 σὸς
2487 3419 2515 3470 6
2533 3416 2709 3482 τόκος,
2736 3417 2919 3487 φησιν,
2947 3416 3080 3470 ἀλλὰ
3148 3419 3219 3471 τά
3247 3416 3436 3487 πατρὸς
3462 3408 3658 3483 πράξει-ἵν

2152 3508 2244 3562 διὰ
2268 3508 2329 3562 τὸ
2360 3508 2434 3579 μὴ
2472 3508 2579 3562 ἀπὸ
2615 3510 2862 3581 μοιχείας
2888 3504 3052 3563 εἶναι.

2240 3622 2297 3674 '0
2350 3620 2579 3689 ἄγγελος
2612 3621 2760 3688 λέγει
2792 3620 2874 3687 τὸ,
2931 3620 3111 3678 Τοῦτο
3167 3621 3235 3676 δὲ
3292 3620 3430 3674 ὅλον
3464 3615 3660 3687 γέγονεν

2155 3714 2256 3768 ἵνα
2298 3712 2584 3781 πληρωθῇ
2611 3715 2679 3766 τὸ
2720 3712 2910 3782 ῥηθὲν
2939 3712 3333 3783 ὑπὸοἨσαΐου
3353 3728 3365 3741 ·
3392 3709 3493 3763 ἀλλ’
3523 3703 3661 3773 οὐχίὸ

2159 3804 2578 3874 εὐαγγελιστής.

2239 3898 2364 3951 Ἐάν
2390 3915 2474 3961 τις
2520 3897 2653 3969 λέγῃ
2685 3898 2765 3950 ὃτι
2814 3895 2914 3950 οὐκ
2965 3891 3121 3949 εἶπεν
3172 3896 3388 3956 Ἡσαΐας
3416 3887 3654 3958 παρθένον,

2158 3987 2294 4044 ἀλλὰ
2351 3986 2588 4052 νεάνιδα,
2647 3985 2864 4056 πρῶτον
2915 3985 3015 4056 μὲν
3065 3987 3116 4038 οἱ
3168 3984 3533 4054 Ἑϐδομήκοντα
3577 3972 3659 4024 τῶν

2161 4081 2320 4133 πέντε
2375 4078 2617 4142 πλείονες
2670 4078 2765 4131 καὶ
2816 4077 3281 4149 άνυποιιττότεροι⁸
3329 4074 3427 4143 πρὸ
3469 4070 3559 4139 γὰρ
3589 4064 3662 4130 τῆς

2160 4171 2430 4243 διαμάχης
2459 4168 2553 4223 τοῦ
2583 4170 2882 4242 μυστηρίου
2902 4185 2916 4199 ο
2949 4169 3143 4223 ἔπειτα
3180 4170 3240 4221 τὸ
3268 4165 3562 4223 νεανίσκοι,
3582 4156 3649 4208 καὶ

2164 4262 2446 4330 παρθένοι
2475 4260 2704 4330 λέξομεν
2724 4276 2738 4291 ·
2788 4261 2882 4314 καὶ
2916 4260 2999 4325 τὸ,
3042 4259 3185 4319 Ἐὰν
3204 4257 3401 4324 βοήσῃ
3426 4254 3458 4320 ἡ
3486 4248 3661 4307 νεᾶνις-

2094 4330 2137 4384 D
2168 4353 2297 4423 περὶ
2327 4351 2598 4423 παρθένου
2626 4352 2801 4418 λέγων
2832 4354 2861 4405 6
2890 4353 3094 4420 Μωσῆς
3118 4368 3132 4383 ·
3174 4351 3311 4403 ὥστε
3358 4341 3484 4400 οἶδεν
3506 4341 3555 4393 τὸ
3590 4336 3663 4403 τῆς

2167 4445 2404 4509 νεάνιδος
2451 4444 2623 4512 ὄνομα
2650 4445 2743 4498 ἐπὶ
2778 4444 2877 4513 τῆς
2927 4443 3200 4513 παρθένου
3247 4440 3498 4509 λέγεσθαι.
3528 4432 3581 4486 Εἰ
3617 4428 3662 4478 ἐκ

2167 4524 2398 4604 νομίμου
2456 4535 2679 4605 ἔμελλεν
2748 4533 3042 4601 γεννᾶσθαι
3102 4534 3164 4588 τὸ
3228 4525 3659 4604 προφητευόμενονν

2167 4631 2319 4681 ποῖον
2351 4631 2574 4698 σημεῖον
2596 4623 2663 4698 ἦν
2690 4627 2749 4680 τὸ
2776 4626 2963 4697 λεχθέν
2986 4643 3002 4691 ;
3028 4625 3165 4681 Οὐδὲ
3198 4626 3361 4679 ποῖον·
3388 4617 3564 4677 λοιπὸν,
3588 4610 3663 4662 οὖκ

2168 4722 2261 4774 ἐπὶ
2296 4719 2375 4792 τῷ
2411 4720 2651 4792 Ἐζεκίᾳ,
2689 4718 2805 4778 ἀλλ’
2851 4718 2944 4781 ἐπὶ
2972 4718 3049 4791 τῷ
3097 4717 3312 4791 Χριστῷ
3344 4711 3658 4779 πεπλήρωται.

2252 4930 2543 5000 ’Λπορήσει
2584 4928 2832 4992 Ἰουδαῖος
2884 4925 2972 4982 διὰ
3026 4925 3079 4979 τί
3108 4925 3205 4979 οὐκ
3251 4919 3437 4990 ἐκλήθη
3492 4913 3658 4981 Ἐμμα-

2169 5022 2352 5093 νουὴλ,
2382 5021 2453 5084 ὡς
2478 5022 2506 5073 ὁ
2539 5021 2831 5091 προφήτης
2854 5013 3030 5083 εἶπεν,
3058 5017 3190 5072 ἀλλὰ
3224 5012 3418 5083 Ἰησοῦς
3439 5001 3657 5093 Χριστός)

2182 5114 2596 5168 Ἀκουσάτωσαν
2618 5113 2699 5165 ὅτι
2715 5111 2815 5164 οὐκ
2844 5108 3023 5176 εἶπεν,
3055 5109 3335 5169 Καλέσεις,
3357 5099 3495 5162 ἀλλὰ,
3517 5085 3658 5194 Καλέ-

2169 5221 2396 5260 σουσιν
2439 5206 2489 5257 οἱ
2528 5204 2709 5274 ὄχλοι·
2753 5202 3032 5257 τουτέστιν
3070 5200 3236 5271 ἡτῶν
3278 5190 3573 5278 πραγμάτων

2171 5298 2327 5361 ϐασις
2346 5314 2360 5327 ·
2385 5296 2467 5349 ὅτι
2521 5264 2741 5364 ἄξονται
2784 5294 2919 5347 Θεὸν
2969 5264 3108 5362 μετά
3142 5264 3426 5359 ἀνθρώπων
3448 5297 3474 5367 '_
3496 5264 3656 5367 ἶθοξξὲ

2169 5352 2325 5439 τοῦτο
2347 5386 2412 5457 τῇ
2452 5352 2643 5455 Γραιρῇ
2690 5382 2812 5436 ἀντὶ
2868 5352 3148 5451 ὀνομάτων
3175 5352 3398 5432 τιθέναι·
3428 5362 3538 5423 οἷον,
3567 5352 3652 5457 liti;

2168 5480 2358 5531 λεσον
2389 5454 2506 5530 "rei
2562 5475 2750 5539 ὄνομα
2804 5473 3012 5538 αὐτοῦ,
3075 5468 3294 5540 Ταχέως
3339 5454 3653 5547 excidenda?"

2170 5567 2354 5636 ὀξέως
2374 5568 2816 5638 προνόμευσονο
2844 5565 3228 5636 γεννηθέντος
3245 5553 3417 5616 αὐτοῦ
3436 5548 3652 5617 προνομη
