3984 6204
227 255 356 318 1081

1209 251 1531 312 SCHOLIA
1570 249 1867 311 VETERA
1905 249 1984 308 IN
2020 248 2487 307 MATTI-IEUM.

3318 241 3459 308 1032

222 368 476 421 σκύλων
496 361 740 431 ἐγένετο
758 376 773 391 ·
806 362 900 416 καὶ
929 360 1005 425 ὡς
1037 363 1120 427 τὸ,
1148 361 1209 416 Ἠ
1235 363 1410 427 πόλις
1431 361 1795 428 κληθήσεται

1906 359 2040 416 Urbs
2081 359 2351 413 vocabitur
2382 358 2506 412 urbs
2534 356 2787 423 justitiw,
2834 357 3137 419 metropolis
3175 357 3377 427 ﬁd.-lis;
3406 366 3462 414 et

223 458 399 522 πόλις
461 454 874 520 δικαιοσύνης,
923 455 1293 523 μητρόπολις
1323 452 1511 521 πιστή
1535 470 1551 485 ο
1605 453 1786 506 καίτοι

225 548 459 618 μείνασα
490 544 778 598 καλεῖσθαι
814 545 1189 615 Ἱεροσόλυμα.

292 635 388 698 re,
432 635 557 687 Οὐκ
602 633 931 702 ἐγίνωσκεν
958 633 1154 701 αὐτὴν
1195 632 1307 697 ἕως
1352 627 1425 688 οὗ
1468 632 1636 685 ἔτεκε
1686 630 1795 685 τὸν

222 729 360 781 υιὸν
378 723 571 792 αὐτῆς
588 725 695 778 τὸν
713 725 1110 791 πρωτότοκον,
1140 725 1200 777 οὐ
1224 724 1495 777 δείκνυσιν
1521 725 1602 777 ὅτι
1631 723 1795 793 ἐσχά⁴

227 834 333 879 τως
360 815 500 878 ἔγνω
529 814 699 884 αὐτήν
722 827 740 844 ⁸
788 814 848 865 τὸ
881 813 1011 885 γάρ,
1045 814 1178 881 ἕως,
1236 814 1297 867 οὐ
1333 815 1563 868 πάντοτε
1605 815 1792 885 χρόνον

223 908 384 961 ἄλλον
406 905 576 975 ζητεῖ,
608 905 746 959 ἀλλὰ
774 905 1036 968 πολλάκις
1066 907 1147 969 είς
1178 904 1236 958 τὸ
1267 905 1514 975 διηνεκὲς
1538 906 1791 975 εὑρίσκε-

222 1013 344 1051 ται·
371 997 448 1060 ὡς
479 996 560 1061 τὸ,
595 995 705 1051 Kal
745 998 858 1065 οὐχ
883 995 1266 1065 ὑπέστρεψεν
1285 999 1319 1051 ό
1340 996 1524 1064 κόραξ
1544 999 1631 1062 εἰς
1677 997 1795 1063 τὴν

224 1087 476 1141 κιϐωτὸν
522 1086 635 1152 ἕως
680 1082 752 1142 οὗ
783 1087 1081 1155 ἐξηράνθη
1136 1089 1175 1156 ἡ
1223 1086 1300 1158 τῆ
1324 1105 1340 1119 ·
1379 1087 1554 1141 καίτοι
1584 1105 1647 1156 γε
1672 1088 1791 1141 οὐδὲ

227 1177 366 1245 μετὰ
402 1173 575 1228 ταῦτα
615 1175 959 1245 ὑπέστρεψε·
994 1176 1095 1230 καὶ
1142 1178 1328 1242 πάλιν,
1375 1177 1686 1232 Ἀνατελεῐ
1721 1177 1792 1231 ἐν

224 1264 356 1329 ταῖς
377 1264 624 1333 ἡμέραις
637 1266 826 1320 αὐτοῦ
847 1266 1223 1336 δικαιοσύνη,
1248 1268 1348 1323 καί
1372 1267 1609 1337 πλῆθος
1632 1268 1793 1337 sipri-

224 1372 359 1421 νης,
398 1345 527 1422 ἕως
566 1352 638 1413 οὗ
685 1357 1084 1427 ἀνταναιρεθῇ
1124 1359 1164 1427 ἡ
1203 1359 1473 1428 σελήνη·
1527 1359 1684 1413 τοῦτο
1733 1359 1791 1413 δὲ

223 1440 378 1499 εἶπεν
405 1447 467 1499 οὐ
500 1445 673 1517 πέρας
699 1448 877 1512 διδοὺς
905 1448 981 1520 τῷ
1008 1449 1158 1521 καλῷ
1178 1450 1354 1521 τούτῳ
1371 1450 1509 1519 φωτί
1533 1467 1547 1481 ·
1574 1450 1788 1504 τέθεικε

222 1535 283 1589 δὲ
308 1535 389 1601 τὸ,
422 1536 557 1603 ἕως,
586 1537 673 1591 ἵνα
703 1540 863 1609 μόνον
894 1540 1158 1612 μάθωμεν
1188 1541 1250 1595 τὸ
1295 1543 1402 1613 πρὸ
1452 1541 1561 1595 τῶν
1584 1543 1791 1596 ὠδίνων

224 1628 537 1698 ἀνέπαφον·
563 1630 630 1685 τὰ
650 1630 707 1685 δὲ
730 1631 867 1701 μετὰ
908 1631 1076 1686 ταῦτα
1122 1634 1256 1703 ἡμῖν
1289 1632 1545 1686 κατέλιπε
1596 1633 1788 1686 συλλο-

1894 463 2018 504 cum
2042 459 2368 519 exspectans
2401 455 2631 503 vocatur
2656 444 2981 502 Jerusalem.

1960 627 2123 683 Vens.
2144 628 2235 683 24.
2266 628 2425 692 Illud,
2451 626 2572 681 Non
2602 627 2941 697 cognoscebat
2969 644 3084 681 eam
3114 627 3275 680 donec
3307 644 3466 697 pepe-

1892 722 1960 773 rit
1990 721 2161 789 ﬁlium
2209 736 2365 773 suum
2398 720 2825 789 primogenitum,
2883 720 3110 774 minime
3157 720 3359 773 indicat
3398 720 3461 774 il-

1898 811 2010 865 lum
2046 812 2239 865 ultimo
2272 812 2417 865 illam
2454 811 2797 880 cognovisse.
2828 809 2943 864 Vox
2976 812 3120 865 enim
3153 811 3319 865 donec
3352 826 3459 865 non

1892 916 2109 969 semper
2157 901 2303 954 aliud
2354 900 2419 954 ad
2472 911 2685 970 tempus
2732 916 2791 955 se
2825 900 3015 966 refert,
3047 901 3143 956 sed
3189 916 3332 970 saepe
3361 916 3461 970 pro

1892 1001 2155 1061 perpetuo
2201 991 2504 1055 invenitur;
2554 1000 2613 1044 ut
2654 990 2783 1043 illud
2828 990 3015 1053 etiam,
3063 987 3185 1042 Non
3227 1005 3462 1042 reversus

1892 1092 1968 1138 est
1999 1098 2182 1135 corvus
2214 1082 2268 1133 in
2305 1097 2485 1133 arcam
2516 1080 2912 1139 donecsiccata
2942 1090 3019 1133 est
3061 1089 3240 1144 terra;
3269 1094 3465 1147 nempe

1895 1190 2003 1228 non
2038 1181 2225 1243 postea
2257 1186 2511 1226 reversus
2541 1180 2624 1225 est
2653 1188 2667 1224 :
2701 1178 2755 1224 et
2785 1170 3009 1235 iterum,
3045 1167 3229 1239 Surget
3264 1170 3318 1223 in
3351 1170 3465 1222 die-

1893 1268 1985 1319 bus
2017 1266 2130 1335 ejus
2186 1263 2429 1333 justitia,
2495 1272 2545 1316 et
2610 1259 2894 1314 multitudo
2957 1260 3107 1326 pacis
3157 1264 3318 1312 donec
3370 1261 3463 1313 de-

1892 1366 2133 1411 struatur
2184 1355 2347 1418 (una;
2398 1354 2499 1409 hoc
2536 1362 2719 1407 autem
2769 1350 2910 1405 dixit
2959 1365 3065 1404 non
3116 1349 3278 1403 ﬁnem
3325 1350 3464 1404 dans

1893 1449 2124 1519 pulchro
2171 1449 2263 1503 illo
2311 1447 2527 1509 lumini,
2566 1446 2747 1516 posuit
2794 1459 2921 1499 vero
2952 1443 3115 1496 donec
3164 1453 3221 1496 ιιι
3265 1442 3465 1497 intelli-

1892 1557 2087 1610 gamus
2119 1540 2295 1595 solum
2342 1539 2640 1594 ﬁrmiorem
2685 1535 3150 1591 commotionibus
3195 1534 3467 1590 stabilita-

1894 1642 2026 1688 tem.
2073 1631 2166 1695 Illa
2200 1645 2329 1685 vero
2360 1629 2579 1685 tandem
2628 1626 2788 1682 nobis
2839 1626 3056 1695 reliquit
3086 1624 3453 1695 conjicienda,

225 1721 492 1790 γίζεσθαι,
515 1722 598 1776 ὅτι
621 1723 719 1795 τὴν
746 1722 918 1788 οὓτως
944 1726 1284 1795 γεννήσασαν
1308 1726 1406 1778 οὐκ
1434 1726 1500 1780 ἂν
1532 1725 1791 1795 ὑπέμεινε

1906 1723 2122 1793 loscph,
2151 1737 2277 1777 cum
2312 1722 2493 1790 justus
2534 1728 2699 1786 esset,
2730 1719 2873 1772 hanc
2906 1725 3028 1787 post
3053 1716 3215 1771 talem
3246 1725 3461 1787 partum

224 1812 426 1881 γνῶναι
456 1812 665 1877 δίκαιος
693 1812 769 1868 ὢν
795 1816 823 1868 ὁ
868 1814 1089 1885 Ἰωσήφ.
1116 1816 1240 1879 Πῶς
1269 1816 1487 1885 ἀδελφοὶ
1536 1815 1628 1869 τοῦ
1657 1817 1790 1886 Χρι-

226 1901 355 1955 στοῦ
388 1902 634 1973 λέγονται
664 1907 712 1959 οί
742 1905 869 1978 περὶ
902 1906 1186 1974 Ἵάκωόον;
1228 1906 1317 1970 Ὦς
1336 1909 1431 1961 καὶ
1468 1906 1665 1977 Ἰωσὴφ
1693 1908 1791 1977 τῆς

223 1992 444 2063 Μαρίας
474 1995 615 2066 ἀνήρ
637 2010 653 2027 °
685 1997 896 2051 ἐκείνου
925 1998 1033 2069 γάρ
1059 1993 1200 2069 ἦσαν
1222 1998 1407 2061 παῖδες
1431 1999 1494 2050 ὲκ
1522 1999 1792 2070 προτέρας

225 2084 517 2151 γυναικός·
547 2085 636 2141 διὰ
683 2087 777 2142 τὸν
824 2088 1159 2160 καλούμενον
1193 2083 1287 2144 οὖν
1340 2089 1574 2161 πατέρα,
1615 2092 1710 2143 καὶ
1738 2091 1790 2143 οἱ

224 2172 321 2227 τοῦ
356 2174 561 2246 πατρὸς
582 2177 709 2244 υἱοὶ,
740 2178 981 2248 ἀδελφοί.

820 2269 1072 2323 ΚΕΦΑΛ.
1121 2267 1194 2321 B'.

294 2360 403 2414 Τὸν
431 2358 621 2429 χρόνον
650 2358 891 2431 Ἡρώδου
918 2359 1096 2428 λέγει·
1128 2360 1263 2414 διότι
1285 2361 1377 2414 καὶ
1401 2359 1585 2431 ἕτερος
1625 2358 1790 2431 Ἠρώ-

224 2451 323 2523 δης
355 2451 595 2519 λέγεται,
620 2449 678 2514 ὃς
708 2450 916 2504 ἀνεῖλεν
937 2450 1027 2504 τὸν
1069 2451 1400 2522 Πρόδρομον.

296 2546 439 2608 Τοὺς
469 2545 676 2615 μάγους
724 2546 805 2608 είς
860 2545 1080 2615 ἔλεγχον
1130 2544 1239 2597 τῶν
1281 2543 1551 2597 Ἰουδαίων
1593 2545 1791 2615 ἤνεγκε

224 2638 622 2710 προσκυνῆσαι,
653 2638 739 2692 ἵνα
792 2636 944 2707 παρὰ
974 2636 1267 2708 βαρϐάρων
1319 2636 1562 2706 μάθωσιν
1611 2635 1648 2691 ἃ
1689 2639 1792 2691 οὐκ

224 2731 419 2802 ἧθελον
450 2728 641 2800 μαθεῖν
677 2727 786 2782 άπὸ
810 2726 1107 2797 προφητῶν
1144 2727 1194 2779 οἱ
1230 2724 1489 2783 Ἰουδαῖοι.

295 2822 374 2876 Οὐ
404 2822 474 2875 δι’
513 2820 746 2889 ἀγγέλου
795 2820 923 2881 τοὺς
985 2820 1195 2889 μάγους
1237 2818 1485 2888 ἤνεγκεν,
1519 2817 1653 2871 ἀλλά
1702 2818 1793 2872 διά

222 2913 336 2968 τῶν
386 2912 632 2984 συνήθων
685 2912 963 2982 ἀστέρων·
1006 2909 1109 2965 κᾶν
1160 2910 1270 2981 γὰρ
1326 2910 1555 2979 ἄγγελος
1597 2907 1688 2981 ἦν,
1717 2910 1794 2975 ὡς

218 3004 405 3093 άστὴρ
442 3003 735 3058 ἐδείκνυτο.
794 3004 852 3056 ὐ
887 3002 1063 3073 ἀστὴρ
1099 3004 1128 3056 ὁ
1180 3002 1390 3071 φανεὶς,
1428 3002 1656 3073 δύναμίς
1708 3018 1793 3064 τις
1820 3035 1863 3093 c

218 3092 293 3168 ἦν
326 3096 560 3166 ἀόρατος
626 3096 707 3159 είς
749 3095 953 3166 ταύτην
998 3095 1319 3166 φαινόμενος
1371 3095 1469 3166 τὴν
1496 3096 1619 3164 ὄψιν
1643 3112 1658 3127 ο
1698 3097 1793 3149 καὶ

222 3189 336 3258 γὰρ
361 3189 468 3242 dub
495 3188 699 3260 ἄρκτου
730 3189 809 3251 είς
838 3187 1186 3258 μεσημϐρίαν
1211 3188 1463 3258 ἐφαίνετο
1482 3205 1495 3218 ·
1514 3187 1658 3241 οὕτω
1686 3190 1793 3259 γὰρ

222 3280 260 3347 ἡ
291 3277 625 3349 Παλαιστίνη
658 3277 795 3348 πρὸς
832 3277 929 3347 τὴν
967 3276 1207 3347 Περσίδα
1263 3279 1484 3330 κεῖται·
1542 3276 1794 3349 δεύτερον

222 3368 322 3423 καὶ
357 3368 438 3421 ὃτι
467 3368 526 3421 ὲν
562 3367 886 3438 μεσημϐρίᾳ
918 3366 1189 3435 ἐφαίνετο,
1220 3367 1320 3421 οὐκ
1346 3362 1414 3437 ἢν
1437 3369 1613 3439 ἀστήρ
1636 3386 1651 3400 ·
1677 3368 1795 3439 τρί-

218 3476 318 3512 τον
346 3458 454 3512 ἀπὸ
507 3457 603 3511 τοῦ
637 3457 922 3527 φαίνεσθαι
958 3458 1054 3511 καὶ
1105 3456 1472 3527 κρύπτεσθαιο
1534 3459 1794 3529 τέταρτον

218 3546 337 3599 ἀπὸ
387 3545 482 3598 τοῦ
522 3544 672 3599 κάτω
703 3540 879 3599 εἶναι’
914 3546 963 3598 εί
998 3545 1107 3617 γὰρ
1150 3546 1262 3599 ἄνω
1290 3540 1379 3616 ἦν,
1419 3545 1519 3599 οὐκ
1568 3547 1794 3617 ἠρκεῖτο

218 3636 361 3707 ὕψος
393 3637 587 3709 μικρὸν
612 3636 778 3691 τόπον
807 3637 1234 3709 χαρακτηρίσαι.

298 3819 394 3883 Τὸ,
434 3821 554 3872 Οὐκ
588 3818 860 3887 ἐκλείψει
880 3819 1081 3886 ἅρχων
1116 3819 1185 3883 ἐξ
1225 3819 1419 3873 Ἰούδα
1439 3820 1581 3874 οὐδὲ
1610 3821 1793 3891 ἡγού-

220 3924 406 3974 ιιενος
432 3908 501 3960 ἐκ
531 3905 647 3959 τῶν
680 3905 889 3974 μηρῶν
941 3906 1151 3967 αὑτοῦ.
1180 3907 1293 3973 ἕως
1312 3907 1553 3978 ἀνέλθῃ
1585 3909 1616 3963 ὃ
1641 3910 1792 3963 ἀπό-

220 4015 435 4065 κειται,
462 3998 560 4052 καί
606 4000 785 4063 αὐτὸς
836 3998 1168 4066 προσδοκία
1198 3999 1409 4065 ἐθνῶν,
1462 4001 1635 4063 οὕτως
1678 4002 1798 4055 λύε-

216 4110 314 4147 ται
345 4108 360 4122 ’
411 4089 653 4162 Ἡρώδης
712 4091 1006 4159 ἀλλόφυλος
1059 4089 1158 4155 ὢν,
1246 4093 1341 4144 καὶ
1392 4093 1551 4145 τοῦτο
1605 4093 1794 4161 λέγει’

232 4186 548 4251 Ἕξέλιπον
575 4184 682 4253 γὰρ
696 4186 749 4237 οἱ
783 4183 1058 4238 Ἰουδαῖοι
1084 4183 1249 4251 ἔχειν
1268 4185 1582 4253 ἄρχοντας.

292 4276 396 4329 Διὰ
422 4275 473 4330 τί
506 4274 869 4346 ἐρωτηθέντες
906 4274 1060 4345 παρὰ
1082 4274 1171 4327 τοῦ
1208 4260 1469 4343 βασιλέως,
1496 4272 1648 4328 εἶπον
1696 4276 1796 4345 τὴν

1900 1830 2237 1886 cognoscere
2253 1830 2360 1869 non
2376 1814 2727 1870 sustinuisse.
2749 1813 3037 1878 Quomodo
3052 1810 3247 1868 fratres
3260 1810 3467 1866 Christi

1893 1908 2153 1963 dicuntur
2194 1905 2434 1961 Iacobus
2489 1914 2544 1960 et
2591 1905 2716 1959 alii?
2769 1904 2927 1969 Quod
2979 1902 3181 1973 Joscph
3230 1903 3311 1957 vir
3348 1912 3466 1957 erat

1890 1998 2109 2063 Mariae;
2141 1997 2261 2066 ejus
2301 1996 2445 2051 enim
2497 2004 2652 2051 erant
2679 1995 2773 2049 lilii
2811 2010 2841 2049 e
2872 1995 3052 2064 priore
3089 1995 3317 2049 muliere
3343 2008 3469 2050 sus-

1891 2090 2065 2159 cepti;
2106 2105 2229 2145 cum
2266 2103 2398 2158 ergo
2454 2089 2543 2142 ille
2570 2098 2722 2157 pater
2747 2087 2949 2142 Christi
2976 2087 3268 2151 diceretur,
3297 2087 3467 2157 patris

1890 2196 2109 2253 quoque
2143 2181 2261 2245 lilii,
2285 2180 2490 2235 Christi
2518 2178 2714 2232 fratres
2734 2179 3077 2233 dicebantur.

2512 2267 2739 2322 CAPUT
2780 2269 2848 2320 ll.

1963 2360 2127 2417 Vens.
2161 2361 2210 2418 ί.
2233 2360 2294 2415 In
2317 2360 2500 2414 diebus
2534 2359 2758 2412 Herodis
2788 2359 2939 2423 dicit,
2964 2358 3093 2427 quia
3116 2358 3256 2412 alius
3280 2358 3456 2413 lleroo

1891 2452 1987 2507 des
2012 2461 2329 2505 numeratur
2359 2450 2451 2518 qui
2482 2447 2880 2502 Prazcursorem
2913 2448 3156 2501 abstulit.

1963 2542 2149 2611 Magos
2182 2542 2233 2594 in
2263 2538 2580 2594 Judzeorum
2606 2528 3113 2591 condemnationem
3147 2536 3463 2591 adoravisse

1894 2634 2032 2689 dixit
2057 2642 2113 2686 ut
2130 2647 2195 2687 ex
2228 2631 2480 2685 Barbaris
2500 2629 2872 2699 discantqnod
2890 2643 2919 2682 e
2944 2628 3227 2698 prophetis
3255 2629 3466 2683 discere

1894 2725 2179 2779 noluerant
2216 2722 2412 2776 Judaei.

1965 2814 2126 2871 Vens.
2168 2814 2222 2868 2.
2255 2812 2370 2868 Non
2406 2828 2501 2882 per
2546 2811 2792 2881 angelum
2848 2808 3032 2881 Magos
3076 2808 3312 2863 monitos
3345 2823 3467 2863 esse

1895 2915 2103 2968 narrat,
2135 2907 2227 2959 scd
2260 2918 2353 2972 per
2383 2903 2573 2957 solitas
2615 2901 2723 2955 illis
2755 2900 2981 2966 stellas;
3032 2899 3192 2952 etiam
3241 2899 3286 2952 si
3317 2899 3463 2952 enini

1899 2996 2125 3065 angelus
2172 2994 2389 3057 luisset,
2430 3002 2489 3047 ut
2520 2992 2674 3047 Stella
2706 2992 2977 3061 apparuit.
3011 2990 3176 3044 Stella
3213 2992 3314 3046 ista
3343 3006 3466 3059 qua:

1897 3094 2013 3149 visa
2040 3101 2144 3157 est,
2182 3103 2422 3162 potestas
2460 3086 2585 3146 erat
2630 3090 2877 3159 quaedam
2929 3089 3222 3143 invisibilis
3265 3089 3318 3142 in
3364 3088 3469 3142 hoc

1898 3191 2121 3253 aspectu
2163 3198 2465 3253 apparens;
2524 3198 2648 3236 nam
2698 3197 2727 3234 a
2777 3181 3150 3251 septentrione
3192 3181 3257 3234 ad
3312 3182 3469 3234 meri-

1897 3275 2039 3329 diem
2079 3274 2190 3330 risa
2218 3284 2327 3340 est;
2356 3274 2435 3329 sic
2466 3274 2610 3327 enim
2643 3272 2930 3327 Palmstina
2954 3273 3020 3326 ad
3046 3271 3321 3327 Persidem
3362 3273 3465 3328 sita

1896 3370 2014 3425 est;
2048 3361 2289 3416 secundo
2338 3359 2465 3429 quia
2497 3359 2550 3412 in
2600 3360 2829 3415 meridie
2864 3362 2979 3414 visa
3026 3369 3128 3421 est,
3173 3362 3325 3415 stella
3356 3378 3464 3416 non

1896 3456 2042 3513 erat;
2076 3448 2237 3501 tertio
2288 3450 2417 3517 quia
2446 3446 2733 3501 videbatur
2749 3457 2803 3502 et
2831 3449 3242 3516 occultabatur;
3270 3459 3466 3519 quarto

1897 3536 2025 3607 quia
2074 3537 2126 3590 in
2163 3546 2315 3607 parte
2361 3538 2488 3593 ραιιὶ
2526 3536 2783 3593 inferiore
2816 3547 2953 3594 erat.
3002 3539 3057 3593 Si
3101 3540 3246 3593 enim
3285 3541 3338 3593 in
3374 3557 3468 3595 su-

1897 3629 2109 3700 periore
2133 3628 2344 3692 fuisset,
2378 3644 2484 3684 non
2507 3631 2775 3700 potuisset
2800 3638 2948 3685 tanta
2974 3632 3206 3687 altitudo
3239 3650 3465 3705 parvum

1899 3721 2075 3775 locum
2102 3721 2360 3776 indicare.

1968 3811 2135 3868 Vens.
2166 3808 2218 3867 6‘.
2256 3812 2412 3879 Illud,
2464 3812 2584 3867 Non
2624 3813 2898 3883 auferetur
2922 3825 3183 3882 sceptrum
3212 3818 3276 3871 de
3296 3816 3464 3877 Juda.

1896 3911 1946 3957 ct
1975 3904 2086 3956 (tua;
2122 3904 2185 3957 de
2225 3905 2422 3972 femore
2467 3905 2603 3973 ejus,
2649 3906 2811 3960 donec
2843 3907 3016 3960 veniat
3062 3909 3152 3978 qui
3183 3909 3467 3962 mittendus

1897 4008 1997 4063 est,
2040 4010 2089 4053 et
2134 4001 2244 4069 ipse
2268 4002 2596 4070 exspectatio
2630 4002 2886 4070 gentium,
2922 4003 2995 4057 ita
3040 4003 3314 4058 solvitur:
3365 4004 3469 4059 He-

1901 4091 2061 4144 rodes
2106 4091 2411 4161 alienigena
2457 4101 2595 4158 erat,
2641 4101 2694 4147 et
2744 4093 2876 4147 illud
2924 4093 3096 4148 dicit:
3128 4092 3468 4149 Cessaverant

1899 4180 2034 4232 enim
2063 4179 2240 4234 Judazi
2270 4198 2407 4251 reges
2434 4183 2639 4237 habere.

1975 4266 2155 4333 Quare
2210 4270 2529 4339 interrogati
2577 4286 2605 4320 a
2658 4285 2783 4339 rege
2824 4271 3081 4325 dixerunt
3126 4272 3464 4342 prephetiam

223 4367 568 4439 προφητείαν
614 4366 717 4429 ἕως
742 4367 824 4428 τὸ,
858 4365 1140 4435 Ποιμανεῐ
1170 4365 1277 4419 τὸν
1318 4368 1473 4419 λαόν
1526 4384 1644 4435 μου
1693 4368 1795 4421 τὸν

1906 4372 2075 4426 usque
2107 4357 2233 4421 huc,
2269 4355 2454 4409 Pascet
2485 4357 2733 4425 populum
2766 4374 2935 4409 meum
2966 4358 3154 4423 Israel,
3189 4376 3292 4413 non
3321 4362 3441 4427 adje

238 4460 512 4527 Ἰσραὴλ,
544 4457 605 4510 οὐ
628 4457 973 4529 προσέθηκαν
1004 4456 1080 4520 δὲ,
1118 4457 1226 4510 Καὶ
1249 4456 1448 4520 ἔξοδοι
1484 4456 1673 4511 αὐτοῦ
1732 4457 1801 4521 ἐξ

220 4552 468 4622 ἡμερῶν
483 4550 729 4617 αἰῶνος;
756 4550 906 4605 Ἐπεὶ
927 4551 1062 4620 πρὸς
1094 4550 1252 4621 χάριν
1283 4550 1376 4603 καὶ
1409 4549 1800 4616 κολακεύοντες

222 4646 472 4701 ἐλάλουν.

302 4736 403 4790 Διὰ
427 4736 480 4791 τί
509 4737 635 4801 τοὺς
691 4739 895 4808 μάγους
941 4737 1096 4791 καλεῖ
1142 4734 1383 4806 Ἡρώδης
1421 4735 1599 4805 λάθρα
1632 4750 1646 4800 ;
1677 4734 1800 4789 Ὅτι

221 4825 447 4896 ἐνόμιζε
484 4827 611 4889 τοὺς
657 4826 941 4889 Ἰουδαίους
985 4824 1244 4896 κήδεσθαι
1297 4824 1391 4878 τοῦ
1427 4825 1640 4878 παιδίου
1676 4842 1691 4856 ο
1719 4824 1798 4877 ἔτι

219 4917 285 4971 δὲ
318 4917 413 4970 καὶΙ
435 4917 647 4971 ἀνελεῖν
673 4920 941 4989 ἐπιχειρεῖ
976 4919 1040 4971 τὸ
1074 4917 1285 4987 τεχθέν.

297 5008 373 5062 Οὐ
408 5007 499 5060 τὸν
528 5008 717 5076 χρόνον
736 5006 830 5061 τοῦ
852 5008 1086 5069 παιδίου,
1104 5006 1341 5065 ἀλλὰτοῦ
1369 5007 1597 5078 ἀστέρος
1622 5007 1797 5079 ζητεῖ,

220 5100 292 5153 ἐκ
325 5098 524 5168 πολλῆς
555 5099 872 5170 περιουσίας
899 5099 958 5153 τὸ
998 5101 1230 5171 πρᾶγμα
1259 5100 1514 5170 ἐρευνῶν.

300 5191 425 5254 Πῶς
444 5189 534 5243 τοῦ
560 5192 746 5244 Λουκᾶ
773 5192 831 5243 ὲν
853 5191 1026 5264 φάτνῃ
1060 5190 1307 5258 λέγοντος
1338 5191 1571 5256 κεῖσθαι,
1597 5193 1624 5244 ὁ
1647 5192 1799 5245 Mar-

224 5281 380 5344 θαῖος
412 5282 504 5335 ἐπὶ
557 5281 667 5335 τῶν
702 5282 945 5350 γονάτων
985 5283 1083 5351 τῆς
1124 5283 1331 5351 μητρὸς
1357 5282 1543 5350 λέγεις
1573 5282 1693 5353 Χρὴ
1740 5283 1798 5336 δὲ

225 5376 391 5435 νοεῖν,
426 5374 507 5428 ὅτι
535 5375 844 5444 γεννήσασα
874 5375 961 5428 διά
994 5376 1054 5427 τὸ
1081 5374 1157 5445 μὴ
1189 5370 1331 5428 εἶναι
1376 5374 1543 5428 τόπον
1579 5374 1670 5426 διὰ
1693 5374 1796 5445 τὴν

224 5467 338 5520 ἀπὸ
355 5468 453 5536 τῆς
472 5468 797 5539 ἀπογραφῆς
821 5468 1049 5537 πληθὺν,
1078 5467 1354 5521 ἀνέκλινεν
1384 5469 1441 5521 ἐν
1469 5468 1534 5539 τῇ
1592 5466 1794 5537 φάτνῃ,

227 5552 348 5612 εἶτα
381 5557 475 5612 καὶ
507 5557 730 5613 ἐπὶτῶν
752 5557 992 5625 γονάτων
1025 5556 1253 5624 ἀνεῖλεν.

1902 4458 2096 4503 cerunt
2121 4458 2324 4511 anletn,
2359 4447 2425 4499 Et
2449 4463 2688 4516 egressus
2712 4447 2825 4514 ejus
2845 4464 2875 4499 a
2905 4447 3084 4500 diebus
3115 4451 3466 4505 aeternitatis?

1903 4539 2038 4606 Quia
2066 4540 2403 4610 gratulantes
2433 4547 2488 4593 et
2516 4538 2806 4595 adulantes
2834 4539 3221 4609 loquebantur.

1971 4727 2134 4783 Vens.
2161 4728 2213 4783 7.
2246 4726 2426 4794 Quare
2450 4727 2590 4783 clam
2629 4728 2816 4798 Magos
2845 4736 3004 4783 vocat
3028 4727 3308 4785 Herodes?
3329 4730 3467 4797 Quia

1900 4823 2117 4891 putabat
2152 4819 2371 4876 Judaeos
2398 4821 2465 4876 de
2495 4837 2665 4890 puero
2697 4835 2912 4888 curare,
2948 4820 3127 4877 adhuc
3166 4832 3345 4879 autem
3373 4840 3468 4878 ana

1899 4912 2044 4967 ferre
2075 4913 2439 4967 meditabatur
2471 4911 2787 4979 parvulum.

1967 5004 2083 5057 Non
2137 5004 2292 5073 pueri
2341 5012 2578 5072 tempus,
2625 5003 2720 5059 sed
2766 5003 2958 5070 stellae,
2990 5003 3239 5074 inquirit,
3281 5019 3468 5074 super-

1899 5112 2065 5151 vaene
2093 5111 2206 5149 rem
2247 5096 2564 5163 explorans.

1970 5187 2134 5242 Vens.
2159 5187 2242 5240 ll.
2261 5184 2567 5251 Quomodo,
2590 5185 2735 5241 Luca
2757 5187 2968 5242 dicente
2988 5202 3215 5258 puerum
3250 5185 3301 5238 in
3332 5199 3463 5253 prte-

1900 5280 2051 5348 scpio
2067 5277 2340 5341 reclinari,
2357 5276 2643 5331 Matthteus
2670 5278 2724 5331 in
2742 5279 2930 5333 matris
2946 5278 3175 5347 genibus
3198 5274 3364 5329 fuisse
3382 5276 3469 5329 di-

1898 5372 2013 5427 cit?
2044 5370 2356 5424 Putandum
2386 5381 2486 5432 est,
2519 5369 2684 5437 quod,
2724 5383 2847 5424 cum
2892 5384 2998 5423 non
3038 5377 3181 5423 esset
3209 5368 3364 5421 locus
3396 5366 3469 5420 ob

1901 5464 2298 5518 multitudinem
2332 5462 2401 5516 ad
2429 5460 2849 5530 descriptionem
2894 5458 3204 5523 adductam,
3233 5459 3465 5513 reclina-

1899 5555 2038 5605 verit
2069 5568 2193 5608 cum
2220 5552 2272 5607 in
2315 5550 2600 5623 praesepio,
2618 5550 2816 5608 deinde
2841 5549 2894 5606 in
2929 5549 3157 5621 genibus
3185 5564 3308 5606 eum
3346 5564 3468 5605 sus-

1901 5643 2104 5700 tulerit.
