3984 6204
250 281 389 347 1085

1237 283 1557 345 SCHOLIA
1592 284 1888 347 VETERA
1929 288 2013 351 IN
2054 290 2523 353 MATTIIEUM.

3354 292 3495 359 1088

250 394 483 466 Πνεῦμα
543 392 855 466 πραότητός
904 393 1023 448 ἐστι
1071 393 1311 466 πνεῦμα,
1344 396 1437 451 διὰ
1472 398 1631 452 τοῦτο
1676 400 1824 453 οὕτω

1956 414 2154 462 auctus
2219 406 2460 476 Spiritus
2493 406 2930 462 mansuetudinis
2957 414 3043 462 est
3090 405 3334 476 spiritus,
3371 409 3494 464 ideo

244 487 495 557 φαίνεται
532 502 547 517 ⁸
581 486 675 538 καὶ
704 486 794 541 διὰ
820 486 881 540 τὸ
930 486 1382 555 εὐαγγελίσασθαι
1411 489 1509 561 τὴν
1562 492 1821 559 Περιστεο

1925 499 2046 553 talis
2071 498 2318 563 videtur,
2359 508 2414 554 et
2438 500 2570 567 quia
2608 500 2880 554 nuntiarit
2915 499 3169 554 columba
3202 499 3370 555 ﬁnem
3407 500 3495 555 di-

247 580 351 650 pdv
380 578 479 648 τὴν
501 576 654 630 λύσιν
676 578 767 632 τοῦ
790 579 1173 651 κατακλυσμοῦ
1206 596 1219 610 ⁸
1258 582 1355 634 καὶ
1383 581 1493 652 γάρ
1517 582 1577 635 τὸ
1600 582 1821 653 πνεῦμα

1956 590 2052 644 uvii
2070 606 2085 655 ;
2114 591 2319 646 etenim
2352 590 2589 660 Spiritus
2621 590 2777 646 nobis
2808 591 3076 646 uitulorum
3103 590 3267 645 ﬁnem
3289 592 3493 647 attulit.

242 670 401 723 λύσιν
427 670 536 724 τῶν
560 671 746 724 κακῶν
767 673 900 742 ἡμῖν
953 674 1129 744 ἤγαγε
1165 690 1181 706 ⁸
1212 674 1501 742 γινώσκειν
1531 675 1588 727 δὲ
1632 675 1712 729 δεῖ
1737 676 1821 729 ὄτι

1916 680 2262 751 Cognoscere
2283 692 2461 738 autem
2483 691 2696 752 oportet
2726 698 2835 736 non
2864 691 3136 748 naturam,
3154 682 3249 737 sed
3272 683 3495 750 speciem

242 764 330 826 οὐ,
348 762 536 825 Φύσει,
570 758 749 828 εἷπεν,
778 763 915 829 ἀλλ’,
948 765 1051 819 Ἐν
1074 763 1219 819 εῖδει
1247 765 1624 835 περιστερᾶς,
1650 767 1737 821 διὰ
1761 768 1823 821 τὸ

1959 773 2183 829 clumbe
2213 773 2444 837 dixisse,
2483 774 2625 844 quod
2646 774 2833 843 rapide
2867 782 2919 828 et
2950 771 3231 842 spiendide
3264 771 3496 827 descen-

250 852 521 922 ραγδαίως
547 852 641 905 καὶ
668 853 944 921 φωτεινῶς
991 856 1415 926 κατεληλυθέναι
1445 873 1459 887 ⁸
1482 860 1541 911 ὲν
1568 857 1700 911 εῖδει
1719 857 1814 912 οὖν

1961 866 2033 931 it;
2065 866 2119 920 in
2153 867 2335 935 specie
2357 868 2523 937 igitur
2579 866 2843 920 columbae
2887 865 3184 921 descensus
3220 863 3349 931 fuit,
3382 879 3491 919 non

250 946 579 1017 περιστερᾶς
604 946 635 1015 ἡ
670 945 987 1012 κατάϐασις,Ι
1018 947 1133 1001 ἀλλ’
1195 948 1315 1018 ούχὶ
1340 948 1520 1019 μορφὴ
1549 945 1694 1012 ζὼου

322 1036 418 1089 Aid
441 1035 601 1088 τοῦτο
625 1035 806 1104 ἔμεινε
855 1036 916 1089 τὸ
945 1037 1172 1108 Πνεῦμα
1193 1038 1286 1090 ἐπὶ
1326 1039 1418 1091 τὸν
1449 1039 1706 1109 Χριστὸν,
1738 1040 1826 1094 ἵνα

1922 966 2105 1011 autem
2133 958 2392 1013 animalis
2427 956 2627 1011 forma.

1994 1046 2078 1102 Ob
2100 1048 2204 1102 hoc
2236 1048 2436 1102 mansit
2488 1047 2726 1115 Spiritus
2762 1062 2925 1116 super
2960 1046 3262 1106 Christum.
3288 1053 3351 1100 ut
3400 1059 3498 1098 vo-

253 1126 289 1194 ή
315 1124 519 1178 ἄνωθεν
548 1126 703 1194 φωνὴ
737 1124 864 1195 περὶ
888 1124 1076 1179 τούτου
1118 1124 1373 1197 νομισθῇ,
1402 1126 1539 1179 ἀλλὰ
1578 1125 1655 1198 μὴ
1683 1126 1813 1197 περὶ

1960 1153 2043 1191 em
2075 1138 2143 1193 de
2185 1138 2325 1192 coelo
2357 1137 2423 1193 ad
2473 1137 2623 1191 illum
2654 1138 2916 1192 directam
2949 1140 3275 1207 putaverint,
3303 1145 3360 1191 et
3382 1148 3492 1189 non

267 1215 535 1273 Ἰωάννου.

876 1325 1131 1380 ΚΕΦΑΔ.
1156 1323 1229 1381 Δ’.

332 1434 471 1488 Τότε
503 1431 759 1501 ἀνήχθη,
788 1432 976 1503 φησὶν,
1018 1433 1137 1488 ὑπὸ
1168 1434 1273 1487 τοῦ
1302 1434 1650 1502 Πνεύμιιτος
1698 1449 1828 1489 πει-

249 1523 555 1595 ρασθῆναι
578 1539 591 1552 ⁸
626 1524 730 1576 ὑπὸ
758 1523 852 1575 τοῦ
884 1524 1046 1592 ἁγίου
1082 1525 1397 1595 Πνεύματος
1423 1527 1573 1595 λέγει
1602 1541 1620 1559 ⁸
1662 1527 1827 1581 πάλιν

256 1619 340 1679 τὸ,
366 1617 521 1681 τότε,
547 1616 649 1668 οὐκ
678 1615 840 1677 εὐθὺς
872 1614 1232 1685 λαμϐάνεται,
1266 1615 1380 1669 ἀλλ’
1405 1617 1529 1671 ἀντὶ
1568 1616 1685 1683 τοῦ,
1716 1618 1827 1681 τοῖς

258 1708 476 1776 καιροῖς
498 1705 742 1768 ἐκείνοις.

332 1798 651 1871 Πειράζεται
674 1797 766 1852 καὶ
804 1798 883 1861 είς
915 1796 1119 1867 ἔρημον
1147 1798 1404 1867 ἀνάγεται
1430 1798 1527 1852 καὶ
1556 1796 1827 1869 νηστεύει,

254 1889 434 1952 διδοὺς
479 1888 646 1943 τύπον
672 1890 806 1960 ἡμῖν
850 1891 1103 1961 νηστείας
1146 1892 1241 1945 καὶ
1296 1893 1573 1964 ὑπομονῆς
1633 1910 1829 1965 πειρα-

262 1998 451 2052 σμων.

333 2073 503 2125 Πόθεν
530 2072 678 2141 λέγει
702 2073 984 2138 ἀκούσαςὸ
1016 2074 1263 2137 διάϐολος
1287 2076 1366 2139 τὸ,
1392 2076 1458 2129 El
1494 2079 1628 2143 Υἱὸς
1648 2074 1704 2133 εἴ
1723 2078 1830 2134 τσῦ

260 2164 449 2229 Θεοῦ;
479 2165 571 2217 καὶ
617 2165 714 2235 τῆς
761 2164 970 2220 ἄνωθεν
1007 2167 1195 2235 φωνῆς
1223 2167 1422 2237 ἢκουσε
1450 2169 1542 2221 τοῦ
1584 2170 1830 2224 Ἰωάννου

257 2254 420 2308 τοῦτο
448 2254 699 2322 λέγοντος
733 2271 747 2286 ·
774 2255 822 2307 εί
855 2254 911 2307 δὲ
960 2253 1276 2323 ἀμφέϐαλλε
1325 2255 1554 2325 πότερον
1600 2258 1649 2309 εί
1685 2257 1833 2311 ἐστιν

260 2345 393 2408 Υίδς
428 2343 523 2397 τοῦ
562 2344 697 2398 Θεοῦ
723 2344 755 2413 ἢ
796 2345 895 2396 οὐκ
924 2343 1090 2408 ἔστιν,
1127 2345 1213 2397 διὰ
1242 2344 1302 2397 τὸ
1332 2345 1587 2417 πεινῆσαι
1637 2346 1734 2399 καὶ
1765 2345 1834 2399 τὰ

258 2432 363 2505 τῆς
390 2434 707 2505 σωματικῆς
741 2433 1002 2502 ἑνδημίας
1022 2433 1306 2501 πράττειν.

334 2527 444 2580 Τοῦ
473 2528 656 2580 Λουκᾶ
689 2526 941 2596 λέγοντος
961 2526 1043 2579 ὅτι
1071 2526 1249 2580 πάντα
1286 2526 1596 2597 πειρασμὸν
1648 2526 1834 2597 ἐκίνη-

262 2634 379 2683 σεν,
408 2619 689 2689 νοήσωμεν
716 2616 795 2683 ὡς
837 2617 909 2672 τὰ
955 2618 1227 2685 κεφάλαια
1260 2618 1370 2670 τῶν
1398 2618 1721 2689 πειρασμῶν
1753 2637 1837 2673 κι-

258 2713 551 2782 νήσαντος,
591 2709 763 2773 οὕτως
792 2707 949 2764 εἶπεν
984 2725 999 2741 ⁸
1030 2709 1100 2762 τὰ
1129 2711 1240 2780 γάρ
1270 2710 1487 2779 χείρονα
1513 2709 1621 2762 τῶν
1653 2714 1835 2781 ἀμαρ-

260 2803 521 2873 τημάτων
552 2804 963 2874 γαστριμαργία
988 2801 1107 2855 ἐστι
1133 2803 1228 2855 καὶ
1265 2802 1537 2869 κενοδοξία
1554 2803 1646 2857 καὶ
1663 2803 1839 2874 ἀπλη-

264 2894 392 2946 στία
416 2909 521 2965 χρη
532 2893 739 2963 μάτων.

336 2985 435 3039 Atd
462 2984 621 3039 τοῦτο
650 2984 884 3047 ἀκούσας
915 2984 945 3037 ὁ
1010 2984 1219 3056 Ἰησοῦς
1249 2984 1333 3039 ὅτι
1395 2984 1649 3057 Ἰωάννης
1701 3000 1836 3057 παρ-

1926 1227 1994 1282 ad
2013 1226 2305 1282 Joannem.

2531 1334 2756 1391 CAPUT
2807 1332 2895 1390 IV.

2001 1438 2165 1497 Vsus.
2198 1439 2249 1495 1.
2287 1437 2431 1493 Tunc
2447 1440 2634 1493 ductus
2661 1450 2760 1502 est,
2786 1440 2987 1509 inquit,
3016 1456 3047 1492 a
3079 1439 3273 1508 spiritu
3304 1445 3493 1493 uiten-

1932 1546 2157 1601 taretur,
2184 1535 2236 1589 id
2295 1544 2381 1589 est
2417 1549 2447 1589 a
2494 1543 2683 1590 sancto
2717 1533 2944 1603 Spiritu.
2974 1536 3174 1587 lterum
3213 1548 3315 1586 vox
3351 1542 3496 1595 tunc,

1932 1642 2039 1681 non
2069 1625 2355 1681 confestim
2387 1625 2677 1695 significat,
2710 1624 2806 1681 sed
2855 1638 2974 1693 pro,
3006 1624 3114 1678 illis
3140 1622 3495 1692 temporibus,

1862 1735 1909 1791 Β
1937 1719 2190 1776 sumitur.

2001 1806 2341 1870 Tentatur,et
2369 1804 2423 1859 in
2444 1804 2717 1859 desertum
2745 1803 2961 1859 ducitur
2980 1813 3054 1871 ,ct
3078 1804 3309 1874 jejunat,
3342 1802 3500 1858 nobis

1932 1900 2177 1971 praebens
2219 1896 2529 1966 exemplum
2558 1896 2753 1966 jejunii
2796 1904 2848 1950 et
2887 1895 3243 1950 tentationum
3283 1896 3498 1964 patien-

1934 1991 2040 2045 tiae.

2005 2082 2171 2137 Vsus.
2232 2082 2283 2136 5.
2314 2079 2495 2146 Quare
2532 2078 2700 2142 dicit,
2736 2092 2857 2132 cum
2917 2076 3172 2141 audierit,
3201 2074 3449 2132 diabolus
3481 2092 3499 2131 :

1934 2170 1995 2227 Si
2024 2170 2199 2224 Filius
2240 2170 2332 2222 Dei
2367 2186 2418 2222 es
2438 2171 2463 2224 ι
2484 2178 2536 2223 et
2567 2182 2753 2222 vocem
2785 2166 2959 2221 audiit
3012 2181 3041 2221 e
3090 2166 3243 2220 caelis
3272 2163 3505 2221 Joannis

1934 2262 2064 2317 illud
2099 2260 2360 2325 dicentis;
2391 2260 2494 2312 otsi
2539 2273 2666 2312 vero
2705 2256 2916 2311 dubitet
2962 2273 3031 2310 an
3083 2254 3255 2308 Filius
3305 2256 3375 2308 sit
3409 2254 3503 2308 Dei

1934 2367 2126 2415 necne,
2155 2360 2375 2420 propter
2400 2348 2545 2419 quod
2568 2348 2739 2403 esurit
2755 2355 2809 2402 et
2825 2346 3135 2415 corporales
3154 2345 3509 2399 necessitates

1934 2443 2237 2499 experitur.

2026 2460 2237 2496 iernur.

2003 2460 2168 2586 ‘Vens.
2202 2533 2255 2585 4.
2298 2530 2444 2585 Luca
2481 2528 2697 2606 dicente
2728 2526 2872 2596 quod
2903 2539 3117 2579 omnem
3149 2524 3504 2578 tentationem

1936 2632 2395 2687 consummasset,
2430 2620 2842 2690 intelligendum
2874 2618 3123 2674 eStillum
3158 2617 3225 2671 de
3251 2633 3505 2672 consum-

1937 2715 2175 2769 matione
2210 2714 2607 2783 prmcipuarum
2634 2712 2994 2766 tentationum
3018 2710 3091 2764 ita
3120 2709 3325 2764 dixisse
3343 2725 3359 2777 ;
3376 2724 3506 2763 nam

1938 2806 2175 2875 pessima
2206 2812 2551 2875 peccatorum
2571 2814 2699 2859 sunt
2726 2804 2875 2874 gula,
2895 2818 3033 2857 vana
3064 2803 3257 2874 gloria,
3279 2813 3332 2858 et
3357 2802 3509 2857 inex-

1938 2895 2081 2965 pleta
2109 2894 2403 2964 cupiditas.

2010 2984 2180 3041 Vens.
2214 2986 2300 3039 12.
2332 2983 2457 3039 ideo
2487 2982 2714 3038 audiens
2738 2980 2893 3037 Jesus
2922 2980 3186 3037 Joannem
3230 2981 3488 3035 traditum

259 3076 444 3147 εδὸθη,
468 3076 814 3149 ἀνεχώρησεν
831 3080 909 3141 είς
930 3078 1029 3147 τὴν
1060 3077 1373 3141 Γαλιλαίαν,
1396 3080 1547 3150 ἡμᾶς
1569 3076 1837 3132 παιδεύων

1956 3093 2080 3144 esse,
2117 3076 2347 3133 secessit
2385 3075 2439 3129 in
2480 3074 2775 3135 Galilaeam.
2797 3082 2855 3128 ut
2888 3088 2987 3128 nos
3008 3072 3227 3127 doceret
3256 3071 3509 3125 tentatio-

262 3169 490 3238 φεύγειν
520 3170 646 3231 τοὺς
674 3168 1045 3241 ίπειρασμούς
1073 3184 1087 3201 ⁸
1124 3168 1185 3222 ού
1218 3168 1327 3239 γάρ
1372 3168 1629 3239 ἔγκλημα
1658 3170 1719 3222 τὸ
1761 3169 1836 3240 μὴ

1956 3184 2037 3225 res
2077 3168 2283 3237 fugere.
2327 3165 2445 3221 Non
2494 3166 2641 3220 enim
2684 3166 2842 3235 culpa
2889 3173 2975 3219 est
3024 3163 3264 3233 scipsum
3296 3177 3402 3216 non
3450 3159 3508 3215 iu

267 3262 480 3332 ῥίπτειν
501 3258 692 3313 ἑαυτὸν
726 3260 807 3324 εἰς
852 3260 1216 3330 πειρασμοὺς,
1238 3259 1373 3313 ἀλλὰ
1430 3260 1492 3313 τδ
1529 3260 1837 3331 ἐμπεσόντα

1956 3261 2270 3315 ,eutationes
2328 3256 2622 3326 conjicere,
2651 3256 2745 3310 sed
2776 3255 2864 3308 ubi
2897 3254 3158 3309 inciditur
3219 3266 3329 3306 non
3364 3260 3512 3305 stare

267 3354 345 3423 μὴ
383 3352 573 3422 στῆναι
614 3353 877 3419 γενναίως
914 3366 930 3384 ⁸
962 3350 1045 3403 ἔτι
1076 3351 1133 3404 δὲ
1157 3352 1252 3404 καὶ
1299 3351 1429 3414 τοὺς
1461 3351 1824 3415 διδασκάλους

1956 3352 2190 3406 viriliter.
2220 3348 2415 3403 Adhuc
2454 3357 2634 3402 autem
2664 3345 2955 3415 magistros
2980 3345 3128 3398 orbis
3159 3344 3250 3413 qui
3294 3343 3383 3398 hic
3417 3342 3515 3395 de-

259 3445 367 3514 τῆς
413 3445 738 3514 οἰκουμένης
791 3443 1069 3513 ζωγρῆσαι
1109 3441 1375 3508 σπεύδων,
1410 3442 1460 3496 οἶ
1520 3442 1699 3495 ἐκεῖσε
1758 3441 1837 3496 δι-

1956 3441 2160 3512 ;ebant,
2192 3438 2258 3493 ad
2290 3453 2349 3493 se
2371 3436 2642 3491 adducere
2669 3449 2870 3491 curans
2900 3451 2917 3501 ;
2962 3432 3298 3503 prophetiam
3347 3431 3508 3485 etiam

262 3531 481 3601 έτριὸον
501 3548 516 3564 ⁸
537 3530 689 3585 ἔτιδὲ
710 3531 802 3584 καὶ
820 3528 1156 3601 προφητείαν
1176 3530 1413 3599 πληρῶν·
1433 3532 1494 3586 Ἠ
1519 3533 1837 3597 Γαλιλαία,

1962 3530 2239 3599 mplebat:
2276 3526 2525 3591 Galilrea,
2554 3524 2753 3594 inquit,
2785 3523 3036 3593 gentium,
3073 3519 3295 3591 populus
3320 3519 3410 3590 qui
3431 3533 3511 3573 se-

260 3628 423 3697 φησὶ,
446 3618 565 3680 τῶν
590 3623 803 3693 ἐθνῶν,
834 3627 867 3680 ὀ
894 3623 1049 3692 λαὸς
1079 3627 1114 3680 ό
1141 3623 1480 3695 καθήμενος
1513 3624 1583 3679 ἐν
1610 3625 1836 3692 σκότει,

265 3718 436 3773 ιδέτω
464 3713 591 3787 φῶς

336 3809 545 3881 Πέτρου
575 3807 669 3864 καὶ
710 3807 961 3879 Ἀνδρέου
975 3806 1170 3879 κλῆσις
1191 3807 1418 3879 δευτέρα
1443 3802 1515 3880 ῆν
1542 3809 1609 3880 ἢν
1640 3809 1667 3861 ὁ
1684 3808 1839 3863 Ματ-

258 3906 418 3969 θαῖος
442 3905 591 3973 λέγει
618 3918 632 3933 ⁸
658 3906 687 3959 6
718 3905 816 3975 μὲν
847 3903 957 3974 γὰρ
1003 3903 1258 3975 Ἰωάννης
1299 3904 1484 3972 φησὶν,
1535 3903 1618 3957 ὅτι
1668 3901 1839 3956 Οὔπω

269 4000 557 4071 βληθέντος
585 4000 645 4051 ὲν
673 4000 737 4070 τῇ
770 3997 984 4068 φυλακῇ
1029 3995 1122 4049 τοῦ
1161 3995 1410 4049 Ἰωάννου
1471 3993 1781 4069 προσῆλθον
1818 4012 1835 4028 ⁸

269 4094 507 4151 ἐνταῦθα
531 4094 588 4147 δὲ
617 4094 755 4164 μετὰ
776 4093 839 4145 τὸ
886 4091 1221 4163 ὲμὸληθῆναι
1256 4090 1418 4145 αὐτόν
1450 4106 1466 4124 ⁸
1503 4092 1663 4144 κακεῑ
1696 4089 1793 4159 μὲν
1812 4090 1840 4143 ὁ

278 4188 538 4259 Ἀνδρέας
553 4186 708 4243 καλεῖ
725 4188 816 4241 τὸν
842 4186 1067 4258 Πέτρον,
1095 4183 1328 4241 ἐνταῦθα
1357 4184 1415 4239 δὲ
1447 4183 1791 4255 ἀμφοτέρους
1811 4184 1841 4235 ὁ

268 4280 503 4351 Χριστός
536 4293 555 4311 ⁸
581 4280 720 4335 ὥστε
756 4278 1007 4349 δεύτερον
1032 4274 1196 4349 ἦλθον
1256 4276 1394 4347 πρὸς
1434 4272 1691 4347 Χριστόν.
1742 4274 1843 4328 Aid

268 4376 323 4429 τί
348 4376 489 4447 μετὰ
519 4375 621 4445 τὴν
658 4372 883 4444 πρώτην
912 4373 1127 4443 κλῆσιν,
1160 4370 1239 4433 είς
1259 4370 1361 4460 τὴν
1406 4369 1612 4460 οἰκείαν
1641 4368 1836 4460 τέχνην
1864 4401 1917 4460 D

270 4461 575 4534 ἐπανῆλθον
603 4463 791 4528 adiuv;
820 4460 919 4515 Διὰ
940 4460 999 4515 τὸ
1023 4460 1115 4514 τὸν
1156 4459 1405 4529 Ἰωάννην
1434 4457 1512 4521 είς
1557 4455 1839 4525 δεσμωτή-

275 4570 391 4624 ριον
436 4552 694 4607 εἰσελθεῖν
724 4568 740 4585 ⁸
794 4550 929 4616 τέως
966 4548 1345 4620 συγχυθέντες
1398 4544 1696 4616 εἴρχθησαν
1744 4543 1840 4597 τοῦ

279 4643 511 4700 σκοποῦ.

355 4735 445 4789 Ἐν
469 4735 588 4798 ταῖς
626 4733 869 4805 πρώταις
892 4732 1209 4805 θεραπείαις
1237 4730 1348 4785 τῶν
1367 4729 1542 4801 ὄχλων
1570 4729 1659 4784 διά
1686 4729 1744 4782 τι
1768 4728 1843 4800 μὴ

274 4828 471 4895 πεῖραν
492 4825 780 4878 δεδωκέναι
809 4826 907 4896 τῆς
930 4822 1093 4878 αὐτοῦ
1135 4822 1419 4893 δυνάμεως
1446 4836 1459 4851 ⁸
1493 4820 1667 4883 ἄλλως
1705 4836 1763 4872 τε
1787 4818 1844 4872 δὲ

274 4916 369 4971 καὶ
397 4914 459 4969 τὸ
486 4914 675 4985 πόρρω
700 4915 896 4978 αὐτοὺς
929 4912 1184 4986 ἔρχεσθαι
1214 4912 1454 4967 ἐδείκνυε
1492 4911 1590 4983 τὴν
1624 4909 1836 4965 πίστιν.

872 5022 1122 5076 ΚΕΦΑΛ.
1166 5019 1244 5075 Ε’.

358 5139 503 5206 Τοὺς
529 5138 753 5207 ὄχλους
776 5135 919 5191 ἰδὼν
942 5133 1125 5201 ἀνέϐη
1136 5135 1223 5200 εις
1240 5136 1313 5188 τὰ
1340 5132 1467 5201 ὄρη.
1504 5134 1601 5188 Aid
1627 5135 1713 5199 τίς
1747 5134 1845 5187 Aid

275 5231 339 5283 τὸ
358 5228 679 5299 ἀφιλότιμον
712 5227 805 5279 καὶ
828 5224 1179 5295 άκόμπαστον
1206 5221 1477 5276 παιδεύων
1498 5222 1646 5293 ἡμᾶς
1679 5221 1845 5292 μηδὲν

274 5320 415 5393 πρὸς
443 5320 702 5384 ἐπίδειξιν
729 5320 924 5373 ποιεῖν.

344 5413 446 5467 Aid
469 5413 526 5467 τί
551 5412 893 5485 πρόσκειται,
914 5411 1000 5465 δτι
1043 5410 1314 5476 ’Δγοίξας
1329 5407 1395 5462 τὸ
1430 5408 1625 5475 στόμα
1664 5404 1847 5460 αὐτοῦ

273 5506 601 5561 ἐδίδασκεν
629 5505 887 5570 αὑτούς;
926 5504 1045 5556 Ἵνα
1090 5501 1351 5571 μάθωμεν
1401 5500 1483 5553 ὅτι
1536 5500 1631 5551 καὶ
1679 5496 1848 5564 σιγῶν

272 5596 560 5651 ἐπαίδευεν
589 5598 807 5661 αὐτοὺς,
838 5595 951 5649 ἀλλ’
979 5595 1041 5647 ού
1068 5593 1245 5647 λαλῶν
1275 5592 1456 5659 μόνον.

354 5690 468 5743 (ὶύκ
503 5692 556 5743 ἐν
589 5689 740 5755 τάξει
792 5687 1166 5761 παραινέσεως
1197 5686 1235 5756 ἢ
1272 5682 1579 5756 συμϐουλῆς
1629 5680 1845 5747 εἰσάγει

1938 3622 2094 3677 debat
2124 3621 2180 3677 in
2215 3620 2463 3684 tenebris,
2490 3619 2622 3674 vidit
2650 3616 2818 3671 lucem
2844 3628 3111 3687 magnam.

2008 3810 2175 3865 Vsus.
2211 3809 2299 3863 19.
2347 3805 2490 3863 Petri
2518 3816 2569 3861 et
2598 3804 2831 3861 Andreze
2862 3800 3075 3856 iocatio
3122 3799 3363 3857 secunda
3410 3796 3522 3855 fuit

1940 3918 2102 3974 quam
2164 3899 2450 3955 Mattbieus
2506 3898 2657 3953 dicit.
2692 3890 2827 3953 Nam
2868 3894 3112 3952 Joannes
3163 3900 3354 3947 narrat
3418 3900 3522 3948 eos

1939 3990 2181 4044 nomium
2218 3988 2272 4041 in
2310 3999 2581 4041 carcerem
2624 4000 2794 4040 misso
2848 3982 3056 4040 Joanne
3083 3988 3299 4039 secutos
3357 3994 3517 4049 esse;

1942 4082 2031 4136 hic
2054 4089 2233 4134 autem
2258 4077 2546 4147 postillius
2577 4090 2855 4132 carcerem
2886 4078 3106 4132 dicitur.
3140 4074 3257 4131 illic
3293 4072 3517 4145 quidem

1939 4173 2183 4227 Andreas
2239 4171 2457 4226 Petrum
2513 4180 2691 4235 vocat,
2741 4169 2830 4227 hic
2886 4179 3067 4225 autem
3116 4168 3312 4222 ambos
3357 4173 3517 4221 vocat

1939 4264 2214 4328 Christus,
2269 4262 2343 4316 ita
2394 4270 2454 4315 ut
2505 4260 2748 4315 secundo
2794 4262 2862 4315 ad
2907 4261 3187 4315 Clu-istum
3244 4257 3516 4311 venerint.

1941 4354 2207 4423 Cur,post
2234 4353 2461 4422 primam
2491 4351 2855 4414 vocationem,
2889 4350 2956 4403 ad
2986 4364 3138 4404 suam
3173 4358 3341 4401 artem
3359 4360 3523 4400 exer—

1944 4446 2167 4503 cendam
2199 4444 2398 4498 reversi
2434 4449 2562 4497 sunt
2593 4440 2826 4493 iterum?
2851 4440 2989 4505 Quia
3027 4438 3266 4493 Joannes
3323 4438 3376 4490 in
3419 4452 3522 4491 cu-

1944 4539 2174 4596 stodiam
2204 4536 2481 4604 conjectus
2507 4531 2706 4594 fuerat,
2747 4539 2878 4586 tunc
2906 4528 3221 4584 conturbati
3257 4544 3283 4580 a
3314 4539 3517 4598 propo-

1944 4630 2051 4685 sito
2071 4625 2310 4682 deterriti
2341 4631 2516 4681 erant.

2014 4716 2180 4773 Vsus.
2210 4715 2302 4772 25.
2351 4715 2410 4771 in
2463 4714 2655 4786 primis
2680 4712 2971 4769 turbarum
3023 4708 3520 4774 sanationibus,ne

1946 4814 2199 4885 probaret
2227 4827 2383 4869 suam
2409 4810 2745 4881 potentiam;
2781 4807 2940 4862 aliter
2996 4814 3179 4859 autem
3239 4802 3317 4858 illi
3385 4814 3514 4857 cum

1946 4907 2103 4976 longe
2132 4915 2492 4977 sequerentur
2519 4903 2679 4957 fidem
2716 4898 3102 4955 ostendebant.

2575 5004 2802 5065 CAPUT
2835 5005 2898 5060 V.

2016 5124 2181 5181 Vsus.
2219 5126 2268 5178 'i.
2292 5124 2481 5176 Videris
2506 5121 2687 5173 turbas
2704 5118 2936 5172 ascendit
2953 5117 3007 5170 in
3033 5125 3279 5169 montem.
3301 5111 3520 5179 Quare?

1950 5216 2020 5272 Ut
2047 5232 2141 5287 per
2164 5216 2306 5269 banc
2335 5213 2513 5267 laudis
2547 5220 2603 5266 et
2630 5210 2900 5265 facundiae
2917 5207 3236 5277 despectum
3290 5204 3509 5258 doceret

1949 5323 2051 5361 nos
2075 5306 2209 5360 nihil
2238 5306 2303 5358 ad
2336 5302 2758 5359 ostentationem
2786 5299 2989 5353 facere.

2019 5398 2184 5453 Vsus.
2215 5400 2270 5450 2.
2294 5396 2403 5451 Cur
2440 5395 2679 5458 additur,
2721 5392 2968 5458 Aperiens
3014 5402 3071 5441 os
3109 5398 3264 5440 suum
3304 5379 3517 5435 docebat

1948 5492 2065 5546 eos?
2088 5490 2153 5545 Ut
2178 5490 2455 5543 discamus
2474 5486 2555 5540 vel
2585 5484 2834 5539 silentem
2858 5481 2980 5536 illos
3018 5475 3292 5540 docuisse,
3325 5480 3379 5527 ei
3407 5486 3516 5525 non

1950 5585 2259 5649 loquentem
2295 5580 2477 5635 modo.

2020 5675 2137 5732 Non
2197 5670 2594 5729 exhortationis
2666 5677 2762 5723 aut
2819 5661 3034 5721 consilii
3090 5656 3508 5730 dispositionem
