3984 6204
216 236 354 302 1101

1208 241 1529 302 SCHOLIA
1569 241 1864 304 VETERA
1904 242 1983 303 ΙΝ
2020 240 2487 302 ΜΛΤΤΗᾹΞΗΜ.

3309 247 3447 315 1102

210 349 331 401 ἁλλ’
355 348 442 401 ἵνα
464 347 613 421 δείξῃ
634 348 695 402 τδ
723 350 912 404 πιστὸν
935 349 1135 406 αὐτῶν.
1161 352 1478 424 Κατηγορία
1514 355 1783 408 Ἰουδαίων

1910 369 2090 407 ranam
2118 353 2367 423 gloriam,
2402 355 2495 408 sed
2525 353 2590 407 ad
2622 353 3010 410 ostendendam
3041 371 3229 412 eorum
3262 359 3443 417 ﬁdem.

214 440 311 491 xui.
345 437 504 490 τοῦτο
545 435 634 509 ἦν,
669 440 732 492 τδ
777 441 835 506 ἐξ
868 441 1040 511 ἀκοῆς
1078 444 1245 515 μόνης
1277 444 1460 513 ζητεῖν
1495 444 1594 515 τὴν
1642 445 1785 499 ίασιν

212 533 326 591 τοῖς
359 530 581 599 τυφλοῖς
604 547 617 560 ⁸
655 532 856 601 ἤκουον
885 533 994 603 γὰρ
1041 533 1171 603 περὶ
1199 536 1292 588 τοῦ
1332 535 1567 605 Χριστοῦ
1607 536 1779 589 οὖτωο

213 621 414 673 ἐκεῖνοι
445 620 500 674 δὲ
534 622 628 676 καὶ
656 623 884 676 ἔϐλεπον
916 625 1012 678 καὶ
1040 626 1140 679 οὐκ
1170 626 1477 681 ἐπίστευον.

285 800 413 852 Υίδν
446 800 610 854 Δαϐὶδ
639 802 687 855 oi
716 801 908 871 τυφλοὶ
939 805 1185 871 ἐκάλουν,
1210 807 1346 863 διότι
1371 810 1537 881 τιμῆς
1562 808 1702 868 εἶναι
1727 815 1786 867 τὸ

214 887 388 958 ὄνομα
422 890 619 945 ἐδόκει.

291 981 560 1049 Δευτέραν
593 981 860 1052 ἐρώτησιν
893 987 1161 1055 προσάγει
1188 990 1327 1059 πρὸς
1357 990 1579 1056 αὐτοὺς,
1607 992 1667 1044 οὐ
1696 993 1784 1046 δο-

219 1072 490 1140 ξομινῶν,
546 1074 680 1127 ἀλλὰ
734 1078 1051 1140 σπουδάζων
1102 1079 1438 1134 ίκετεύεσθαι
1490 1084 1782 1147 πολλάκις·

223 1162 308 1212 ενα
339 1162 413 1231 μὴ
446 1163 643 1234 νομίσῃ
675 1182 754 1225 τις
787 1166 977 1220 τοῦτον
1005 1168 1081 1231 ὡς
1111 1169 1393 1237 φιλότιμον
1428 1173 1558 1228 ὅντα
1583 1175 1785 1246 ἐπιπη-

219 1251 315 1322 δᾷν
347 1256 459 1316 τοῖς
491 1252 781 1322 θαύμασιν.

296 1345 424 1397 Ὅτε
454 1346 515 1397 τὸ
550 1346 733 1415 μεῖζον
764 1349 925 1403 αὐτὸν
950 1351 1211 1404 ἐκάλεσαν
1237 1352 1407 1422 ὄνομα
1427 1353 1651 1423 ᾐτοῦντο
1673 1355 1787 1410 Κύ-

228 1452 360 1505 ριον,
389 1436 509 1489 τότε
552 1439 696 1490 ίᾶται
726 1439 944 1507 αὐτοὺς,
1004 1442 1362 1513 ἐφελκόμενος
1394 1444 1473 1509 είς
1508 1444 1664 1500 τοῦτο
1700 1464 1790 1502 πι-

224 1524 436 1578 στεύειν
464 1526 587 1588 τοὺς
622 1528 937 1593 ἀκούοντας.

295 1617 669 1685 Παραγγέλλει
725 1621 915 1691 μηδενὶ
966 1624 1142 1676 εἰπεῖν
1193 1623 1282 1678 διὰ
1325 1625 1388 1678 τὸ
1439 1625 1643 1697 ἄτυφον
1696 1630 1789 1682 καὶ

225 1707 553 1772 ἀκενόδοξον.

307 1799 371 1850 Ἥ
418 1800 692 1868 κώφευσις
731 1802 832 1856 οὐκ
873 1798 941 1873 ἦν
969 1807 1175 1877 φυσικὴ
1213 1806 1488 1877 ἀσθένεια,
1539 1810 1675 1865 ἀλλὰ
1725 1813 1789 1866 ἐκ

226 1888 476 1958 δαίμονος
506 1890 822 1962 ἐπιϐουλῆς.

814 2019 1063 2076 ΚΕΦΛΛ.
1139 2023 1194 2075 1'.

294 2145 392 2198 Διά
424 2145 476 2198 τί
504 2145 721 2215 Σίμωνα
756 2146 903 2216 λέγει
947 2148 1037 2201 τὸν
1086 2150 1376 2221 λεγόμενον
1425 2154 1665 2226 Πέτρον;
1696 2162 1791 2208 και

224 2236 312 2291 διὰ
353 2239 406 2291 τί
465 2238 720 2292 Ἰάκωϐον
765 2241 859 2293 τὸν
913 2241 1174 2312 Ἀλφέου;
1206 2245 1332 2298 Ὅτι
1373 2241 1443 2316 ἦν
1490 2249 1584 2301 καὶ
1632 2249 1792 2313 ἄλλος

228 2330 409 2399 Σίμων
444 2331 538 2384 καὶ
558 2331 715 2395 ἄλλος
759 2332 1033 2396 Ἰάκωϐος.

300 2423 418 2474 Ἵνα
452 2423 526 2491 μὴ
566 2423 879 2493 ἐπαροῶσιν
926 2425 1031 2479 ὑπὸ
1062 2426 1172 2481 τῶν
1210 2428 1514 2497 γινομένων
1559 2431 1653 2485 ὑπ’
1692 2434 1793 2486 αύ-

228 2512 337 2564 τῶν
365 2512 658 2583 θαυμάτων
676 2553 691 2579 ,
722 2509 877 2567 εἶπεν
902 2530 916 2547 ο
960 2516 1191 2585 Δωρεὰν
1234 2518 1480 2572 ἐλάϐετε
1503 2558 1520 2585 ,
1570 2520 1807 2590 δωρεὰν-

229 2605 385 2661 δότε.

304 2694 371 2749 Τί
394 2697 503 2768 γὰρ
528 2698 561 2767 ἡ
592 2698 785 2769 ῥάϐδος
812 2698 1014 2752 κωλύει
1040 2700 1177 2772 πρὸς
1206 2701 1266 2755 τὸ
1291 2703 1552 2773 κηρυγμα
1573 2720 1588 2770 ;
1610 2704 1643 2776 ἢ
1668 2706 1799 2761 ποία

234 2788 473 2859 ἁμαρτία
500 2784 567 2859 ἦν
594 2790 629 2859 ἡ
655 2788 755 2858 τῆς
785 2790 981 2861 ῥάϐδου
1012 2791 1314 2862 κράτησις;
1357 2794 1518 2848 Ἀλλά
1540 2796 1601 2849 τὸ
1622 2797 1797 2867 τραχὺ

233 2883 332 2951 τῆς
382 2879 631 2943 παιδείας
678 2884 744 2951 τῇ
795 2882 977 2952 ῥάϐδῳ
1028 2883 1415 2954 παρεικάζων,
1461 2887 1799 2958 ἀπαγορεύει

1888 444 2285 499 Condemnatio
2311 443 2621 498 Jndmorum
2657 445 2705 498 id
2735 460 2952 515 quoque
2979 458 3094 501 erat
3118 490 3133 514 ,
3159 450 3300 517 quod
3328 452 3448 506 solo

1888 535 2075 589 auditu
2124 545 2428 605 qua'rcrent
2473 536 2806 590 curationem
2856 539 3007 591 cmci.
3052 538 3144 594 Sic
3186 542 3329 595 enim
3380 544 3449 597 dc

1886 624 2107 681 Christo
2139 627 2455 693 audierant;
2493 626 2569 680 illi
2595 636 2774 682 autem
2807 628 3061 684 videbam
3094 639 3147 685 et
3178 647 3287 687 non
3331 649 3449 689 cre-

1886 717 2105 771 dehant.

1958 807 2154 863 Filium
2182 808 2349 864 David
2372 810 2499 865 caeci
2522 810 2810 878 vocabant,
2834 812 2962 882 quia
2995 813 3221 870 honoris
3251 832 3447 871 nomen

1886 911 2006 951 esse
2035 897 2333 951 videbatur.

1956 985 2121 1040 Vens.
2150 987 2240 1040 28.
2275 987 2578 1042 Secundam
2612 989 3087 1062 interrogationem
3125 993 3192 1049 ad
3236 996 3337 1050 hos
3365 995 3449 1049 di-

1889 1076 2033 1144 rigit,
2062 1091 2167 1130 non
2191 1093 2286 1145 per
2303 1078 2646 1146 jactantiam,
2672 1080 2764 1133 sed
2793 1081 2981 1135 volens
3003 1085 3202 1152 saepius
3233 1087 3448 1153 rogari;

1889 1183 1956 1223 ne
1979 1169 2105 1237 quis
2135 1179 2286 1238 putet
2323 1170 2476 1223 illum
2500 1169 2571 1223 ob
2600 1171 2779 1227 laudis
2807 1174 3157 1229 ambitionem
3189 1177 3452 1233 miracula

1891 1268 2131 1329 patrare.

1961 1350 2190 1416 Quando
2218 1350 2409 1421 majori
2432 1350 2585 1406 illum
2609 1360 2873 1407 vocarunt
2894 1355 3133 1421 nomine,
3164 1355 3451 1413 Dominum

1889 1442 2281 1511 supplicantes,
2316 1452 2446 1497 tunc
2468 1457 2563 1497 eos
2590 1453 2768 1511 curat,
2787 1444 3051 1501 adductus
3080 1446 3145 1500 ad
3174 1447 3225 1500 id
3248 1456 3307 1501 ut
3335 1462 3455 1503 cre-

1887 1536 2076 1590 derent
2096 1536 2400 1592 audientes.

1956 1624 2124 1680 Vens.
2156 1627 2243 1681 50.
2280 1626 2530 1697 Pt'a‘cipit
2563 1628 2771 1683 nemini
2801 1629 2984 1684 dicant
3012 1646 3107 1701 per
3136 1633 3454 1689 modestiam

1823 1694 1864 1749 Β
1890 1721 1945 1768 et
1968 1730 2118 1768 vanae
2146 1715 2332 1784 gloriae
2365 1718 2725 1772 aversionem.

1966 1803 2130 1859 Vens.
2163 1806 2250 1859 '52.
2287 1806 2575 1863 Mutismus
2606 1824 2711 1864 non
2744 1808 3030 1868 inﬁrmitas
3057 1822 3175 1868 erat
3208 1812 3455 1884 physica,

1892 1896 1985 1951 sed
2018 1912 2049 1952 e
2080 1898 2345 1953 daemonis
2372 1900 2606 1956 artiﬁcio
2635 1901 2931 1956 oriebatur.

2508 2024 2736 2081 CAPUT
2771 2026 2835 2081 Χ.

1968 2148 2131 2203 Vens.
2162 2149 2217 2203 2.
2243 2150 2354 2204 Cur
2385 2149 2663 2205 Simonem
2688 2161 2866 2217 vocat,
2899 2153 2989 2222 qui
3009 2153 3206 2208 dicitur
3230 2153 3457 2211 Petrus?

1892 2248 1948 2294 ct
1976 2255 2075 2294 cur
2101 2238 2361 2293 Iacobum
2397 2242 2639 2309 Alphazi?’
2671 2242 2808 2307 Quia
2843 2243 2981 2298 alter
3012 2253 3131 2299 crat
3172 2245 3360 2303 Simon
3402 2259 3459 2304 et

1896 2330 2033 2384 alter
2056 2328 2317 2384 Jacobus.

1967 2418 2135 2476 Vens.
2183 2421 2238 2475 8.
2285 2420 2363 2476 Ne
2410 2420 2754 2477 lucrifaciant
2791 2438 2855 2478 es
2905 2424 3185 2482 miraculis
3217 2427 3286 2481 ab
3328 2428 3463 2500 ipsis

1896 2516 2147 2584 patratis,
2177 2515 2311 2572 dicit
2338 2534 2353 2571 :
2390 2516 2571 2573 Gratis
2614 2520 2910 2589 accepistis,
2943 2524 3110 2592 gratis
3140 2525 3282 2579 date.

1976 2699 2137 2755 Vens.
2186 2699 2271 2754 10.
2315 2699 2455 2767 Quid
2504 2701 2649 2756 enim
2697 2702 2903 2773 virgam
2957 2714 3100 2760 vetat
3148 2706 3349 2762 habere
3394 2707 3465 2762 ad

1898 2789 2367 2859 przedicationem,
2387 2799 2482 2845 aut
2496 2806 2616 2861 quae
2634 2791 2791 2861 culpa
2812 2803 2954 2849 esset
2974 2796 3136 2866 virga:
3161 2797 3469 2867 possessio?

1902 2879 2123 2936 Scilicet
2176 2896 2421 2936 severam
2477 2881 2879 2938 institutionem
2924 2885 3088 2955 virgae
3143 2888 3464 2953 conferens.

233 2974 370 3035 τέως
407 2969 484 3041 τῷ
533 2969 753 3042 σκληρῷ
791 2972 890 3040 τῆς
938 2973 1187 3038 παιδείας
1240 2974 1315 3045 μὴ
1359 2977 1596 3045 χρᾶσθαι
1647 2978 1799 3050 παρὰ

1910 2972 2152 3041 prohibet
2174 2986 2242 3027 ne
2265 2982 2483 3028 austera
2507 2974 2849 3029 institutione
2873 2984 3095 3030 utantur
3117 2977 3171 3030 in
3198 2978 3467 3047 principio

233 3063 331 3135 τὴν
359 3064 533 3136 ἀρχὴν
559 3066 659 3136 τῆς
690 3064 1060 3128 διδασκαλίας·
1093 3066 1175 3118 ὅτι
1200 3065 1259 3119 δὲ
1290 3067 1385 3119 ἐπὶ
1416 3066 1612 3137 ῥάϐδου
1651 3067 1797 3138 λαμ-

235 3154 455 3210 ϐάνεται
499 3156 561 3208 τὸ
601 3150 872 3225 αὐστηρὸν
910 3154 1010 3224 τῆς
1054 3155 1337 3221 παιδείας,
1394 3160 1798 3229 μαρτυρησάτω

238 3261 327 3315 μοι
358 3243 590 3309 Παῦλοςο
624 3245 862 3306 ἀκούσας
898 3245 1007 3316 γὰρ
1044 3246 1102 3298 ἐν
1143 3246 1394 3317 Κορίνθῳ
1436 3249 1587 3311 τινας
1619 3250 1801 3322 ἁμαρ·

234 3338 541 3408 τήσαντας,
588 3337 791 3407 γράφει
837 3336 1011 3405 λέγων
1033 3353 1049 3369 ·
1104 3339 1165 3391 Τί
1207 3337 1446 3404 (iuste;
1490 3340 1561 3394 ἑν
1601 3341 1803 3409 ῥάϐδῳ

236 3430 392 3485 ἔλθω
417 3431 567 3498 πρὸς
593 3429 770 3499 ὑμᾶς,
809 3430 849 3497 ἢ
876 3430 947 3482 ἐν
971 3429 1177 3499 ἀγάπῃ
1209 3431 1503 3499 πνεύματι
1531 3448 1596 3485 τε
1620 3432 1803 3501 πραό-

236 3537 447 3588 τητος;
477 3522 575 3575 Διὰ
597 3521 756 3575 τοῦτο
781 3522 878 3574 καὶ
907 3522 936 3574 ό
958 3520 1161 3592 Κύριος
1183 3521 1311 3583 τοὺς
1341 3522 1537 3574 νεωστὶ
1567 3523 1803 3593 προσελ-

241 3613 432 3675 θόντας
482 3613 633 3684 αύτῷ
684 3612 1045 3683 ἀνθρώπους,
1095 3613 1157 3665 οὗ
1207 3614 1472 3684 πρότερον
1523 3614 1805 3686 νηστεύειν

237 3703 557 3773 ἐπιτρέπει,
593 3702 731 3755 ἀλλὰ
767 3702 1032 3772 πρότερον
1067 3702 1348 3755 πιστεύειν
1389 3703 1485 3755 καὶ
1534 3703 1657 3757 τότε
1704 3722 1802 3776 νη-

241 3794 470 3847 στεύειν·
514 3793 636 3846 ὄθεν
666 3792 1066 3862 ἐγκαλούμενος
1099 3792 1204 3846 ὑπὸ
1238 3792 1345 3846 τῶν
1375 3794 1685 3863 Φαρισαίων
1716 3795 1804 3848 διὰ

239 3884 291 3937 τί
314 3887 365 3937 οἱ
412 3884 655 3937 Ἰωάννου
690 3882 931 3953 μαθηταὶ
963 3883 1284 3953 νηστεύουσι
1305 3920 1321 3947 ,
1356 3882 1681 3953 προσφόρως
1710 3884 1807 3937 καὶ

242 3974 589 4044 ἁρμοζόντως
618 3973 973 4043 ἀποκρίνεται
1003 3972 1178 4039 λέγων
1200 3987 1215 4003 ο
1254 3971 1467 4039 Οὐδείς
1494 3971 1805 4027 ἐπιϐάλλει

243 4066 542 4133 ἐπίϐλημα
559 4061 788 4131 ῥάκους
817 4060 1091 4130 ἀγνάφου
1118 4059 1215 4113 ἐπὶ
1239 4062 1446 4130 ίματίῳ
1476 4060 1730 4126 παλαιῷ·
1755 4062 1809 4113 εί

240 4156 309 4209 δὲ
327 4156 413 4226 μή
435 4172 520 4225 γε,
548 4154 761 4208 πλεῖον
783 4152 1015 4222 σχίσμα
1037 4153 1278 4222 γίνεται.
1295 4152 1532 4222 Ίμάτιον
1556 4152 1806 4219 παλαιὸν,

241 4249 334 4300 τὸν
355 4249 412 4299 ἐν
433 4249 500 4315 τῇ
525 4244 841 4313 παλαιότητι
868 4244 1235 4312 παραϐάσεως
1256 4243 1350 4296 τοῦ
1366 4243 1598 4314 ἀρχαίου
1636 4243 1807 4312 ’Δδαμ

1904 3062 2327 3134 praedicationis.
2359 3061 2517 3129 Quod
2542 3074 2724 3119 autem
2757 3064 2811 3118 in
2844 3064 2993 3133 virga
3025 3066 3285 3122 severitas
3310 3066 3468 3123 insti-

1904 3153 2133 3208 tutionis
2164 3152 2557 3218 adumbretur,
2590 3154 2746 3209 testis
2794 3153 2927 3208 mihi
2975 3155 3048 3210 sit
3078 3154 3317 3223 Paulus;
3365 3172 3467 3210 au-

1903 3245 2060 3303 diens
2108 3246 2254 3301 enim
2305 3246 2571 3316 quosdam
2615 3245 2862 3303 Corinthi
2897 3246 3241 3319 peccavisse,
3277 3248 3471 3304 scribit

1904 3331 2094 3388 dicens
2127 3350 2140 3386 :
2176 3331 2315 3397 Quid
2342 3332 2502 3387 vultis
2520 3336 2545 3388 ?
2567 3335 2623 3387 in
2643 3335 2789 3404 virga
2818 3337 3023 3390 veniam
3056 3336 3125 3390 ad
3148 3353 3257 3401 vos,
3279 3348 3367 3391 aut
3416 3339 3469 3391 in

1906 3422 2166 3478 charitate
2187 3432 2237 3476 et
2263 3423 2455 3492 spiritu
2482 3427 2899 3479 mansuetudinis
2920 3427 2946 3480 .9
2970 3426 3050 3480 0b
3073 3441 3192 3481 eam
3222 3443 3332 3480 rem
3364 3425 3470 3481 Do-

1907 3513 2092 3568 minus
2128 3514 2379 3569 homines
2406 3514 2579 3583 prima
2606 3515 2723 3570 vice
2757 3517 2822 3570 ad
2854 3517 3005 3571 illum
3050 3518 3332 3580 adeuntes,
3362 3534 3471 3572 non

1906 3605 2141 3674 primum
2160 3604 2408 3674 jejunare
2430 3605 2699 3670 hortatur,
2714 3607 2807 3662 sed
2829 3608 3003 3677 primo
3023 3607 3262 3672 credere,
3282 3608 3476 3665 deinde

1904 3697 2172 3767 ieiunare.
2206 3697 2358 3752 Unde
2386 3695 2752 3767 interrOgatus
2790 3714 2820 3752 a
2849 3698 3139 3754 Pharisaais
3174 3714 3274 3754 cur
3305 3698 3469 3754 Joan-

1909 3788 1998 3842 nis
2030 3788 2280 3858 discipuli
2315 3789 2593 3858 jejuncnt,
2629 3804 2925 3859 congruam
2965 3797 3019 3845 et
3063 3791 3472 3845 convenientem

1909 3880 2322 3946 responsionem
2355 3880 2694 3936 datdicendo
2724 3879 2927 3935 :Nemo
2963 3881 3197 3935 immittit
3226 3884 3473 3938 commic-

1908 3986 2091 4023 suram
2128 3972 2291 4040 panni
2326 3973 2472 4025 rudis
2496 3973 2552 4026 in
2586 3973 2943 4027 vestimentum
2969 3982 3110 4027 vetus
3133 3989 3151 4037 ,'
3174 3973 3254 4027 siu
3279 3985 3477 4039 autem,

1909 4062 2057 4130 pejor
2090 4065 2322 4117 scissura
2344 4064 2425 4131 ﬁt.
2454 4063 2557 4119 Per
2584 4064 2964 4119 vestimentum
2992 4074 3166 4131 vetus,
3198 4066 3476 4121 hominem

1911 4152 1967 4206 in
2000 4160 2271 4208 vetustate
2299 4154 2755 4223 transgressionis
2784 4155 2990 4224 antiqui
3024 4155 3193 4211 Adam
3235 4156 3476 4224 genitum

1913 4241 2219 4311 signiﬁcat;
2257 4257 2350 4310 per
2382 4257 2583 4297 novum
2624 4252 2806 4297 autem
2839 4258 3077 4311 pannum
3100 4282 3115 4307 ,
3148 4259 3340 4299 recens
3373 4246 3477 4300 ista

241 4338 567 4408 γεννηθέντα
594 4336 880 4406 ἄνθρωπον
927 4334 1119 4402 λέγει·
1165 4333 1351 4386 καινὸν
1390 4333 1449 4385 δὲ
1493 4332 1693 4402 ῥάκος,
1747 4330 1801 4383 τί

1910 4332 2104 4403 jejunii
2133 4333 2466 4401 praedicatio.
2500 4332 2558 4385 Si
2599 4334 2745 4387 enim
2793 4334 3034 4387 volueris
3064 4334 3181 4387 seni
3228 4333 3372 4388 facto
3422 4335 3476 4389 iu

240 4430 433 4500 νεαρὸν
473 4431 730 4499 κήρυγμα
758 4427 858 4496 τῆς
893 4426 1147 4496 νηστείας
1167 4441 1181 4455 ·
1213 4424 1311 4478 ἐὰν
1338 4423 1447 4494 γὰρ
1476 4423 1708 4493 Θελήσῃς
1730 4421 1811 4491 τῷ

244 4521 609 4574 παλαιωθέντι
636 4521 694 4572 ἐν
720 4521 785 4589 τῇ
820 4516 1065 4587 ἁμαρτίᾳ
1096 4515 1318 4584 Ἕλληνι
1342 4514 1556 4585 πρῶτον
1585 4510 1811 4564 ἐπιϐάλ-

243 4611 358 4664 λειν
394 4612 454 4664 τὸ
485 4610 678 4681 νεαρὸν
713 4610 973 4679 κήρυγμα
999 4609 1098 4679 τῆς
1130 4606 1405 4676 νηστείας,
1439 4604 1600 4657 πλέον
1631 4601 1811 4672 σχίζε-

243 4722 332 4756 ται
362 4704 507 4774 ηπερ
540 4703 891 4767 συνάπτεται,
918 4700 1081 4753 πλέον
1112 4696 1406 4770 χωρίζεται
1438 4697 1540 4766 τῆς
1581 4695 1810 4765 Ἐκκλη-

246 4796 388 4859 σίας.

307 4888 402 4953 Τὸ,
446 4887 638 4951 Ἄξιος
687 4886 940 4955 ἐργάτης
988 4883 1095 4937 τοῦ
1127 4882 1349 4951 μισθοῦ
1393 4882 1609 4946 αὑτοῦ,
1640 4880 1729 4934 διὰ
1752 4879 1813 4933 τὸ

240 4978 307 5030 ἐκ
330 4978 438 5031 τῶν
470 4977 616 5030 ἰδίων
641 4975 901 5046 μαθητῶν
938 4972 1255 5045 τρέφεσθαι’
1294 4969 1443 5039 λέγει
1470 4970 1579 5041 γὰρ
1615 4970 1813 5032 αὐτοὺς

242 5070 370 5132 τοὺς
408 5068 742 5129 ἀποστόλους
772 5063 1033 5136 δηλονότι.

325 5163 386 5215 Τὸ
434 5160 510 5231 μὴ
548 5160 726 5212 οίκίαν
773 5158 833 5224 ἐξ
874 5156 1051 5219 οἰκίας
1091 5153 1362 5226 ἀμείϐειν,
1399 5153 1563 5206 ἕνεκα
1604 5150 1698 5205 τοῦ
1738 5153 1812 5223 μὴ

238 5252 554 5320 δοξομανείν
597 5253 844 5320 εἴρηται,
874 5249 905 5318 ἢ
937 5247 1027 5301 τοῦ
1074 5246 1150 5317 μὴ
1179 5244 1468 5298 λυπεῖσθαι
1505 5244 1597 5297 τὸν
1642 5260 1813 5295 κατα-

241 5344 668 5413 λιμπανόμενον.

326 5434 400 5487 Τὸ
429 5433 777 5485 ἐκτινάσσειν
825 5429 917 5482 τὸν
958 5424 1233 5496 κονιορτὸν
1270 5421 1379 5475 τῶν
1415 5422 1591 5475 ποδῶν
1639 5421 1815 5475 αὐτῶν

245 5525 582 5578 ἐπετέτακτο
636 5523 730 5575 καὶ
770 5522 1069 5591 ἐπράττετο
1117 5516 1336 5580 αὐτοῖς,
1372 5515 1405 5584 ἢ
1454 5512 1595 5569 ὥστε
1646 5513 1815 5579 δεῖξαι

247 5614 418 5685 μηδὲν
450 5613 639 5668 λαϐεῖν
669 5611 865 5676 αὐτοὺς
899 5612 1029 5681 παρ’
1059 5608 1238 5665 αὐτῶν
1269 5605 1403 5676 μηδέ
1435 5602 1718 5674 βούλεσθαι
1738 5621 1752 5637 ο
1779 5602 1815 5672 ἢ

1914 4424 2151 4492 peccatis
2184 4423 2373 4479 Graeco
2414 4423 2647 4491 primum
2696 4423 2919 4492 injicere
2967 4432 3240 4478 recentem
3282 4424 3478 4493 jejunii

1914 4514 2377 4584 pmdicationem,
2403 4513 2672 4569 scinditur
2700 4512 2873 4584 magis
2898 4528 3064 4583 quam
3095 4516 3477 4583 committitur,

1914 4601 2197 4670 magisque
2230 4602 2299 4656 ab
2335 4600 2573 4657 Ecclesia
2602 4609 2905 4656 amovetur.

1984 4878 2143 4945 Illud,
2168 4877 2368 4948 Dignus
2397 4888 2472 4931 est
2512 4876 2782 4945 operarius
2826 4874 2941 4930 cibo
2973 4892 3088 4941 suo,
3127 4891 3400 4947 quemque
3449 4894 3481 4933 τι

1916 4970 2032 5025 suis
2064 4969 2347 5038 discipulis
2381 4968 2617 5038 propriis
2642 4966 2894 5021 alendum
2921 4981 3044 5021 esse
3079 4967 3320 5033 indicat;
3353 4968 3484 5022 dicit

1914 5061 2060 5115 enim
2094 5061 2194 5115 hos
2236 5059 2512 5128 apostolos
2546 5058 2742 5127 palam.

1990 5151 2152 5205 Vens.
2196 5151 2281 5204 12.
2326 5150 2404 5203 Ne
2431 5149 2650 5202 domum
2702 5148 2866 5202 domo
2900 5156 3110 5203 mutent
3159 5160 3363 5211 monet.
3420 5159 3482 5204 ut

1917 5257 2025 5296 non
2054 5241 2371 5309 iactantiam
2411 5239 2737 5302 exhibeant,
2767 5246 2861 5292 aut
2890 5254 2999 5293 non
3042 5240 3221 5293 doleat
3248 5242 3338 5308 qni
3388 5256 3477 5295 re-

1917 5334 2078 5387 lictus
2103 5342 2266 5385 esset.

1987 5420 2153 5474 Vens.
2187 5418 2273 5472 14.
2299 5418 2565 5472 Excutere
2595 5417 2870 5485 pulverem
2899 5415 2966 5469 de
2989 5415 3213 5485 pedibus
3237 5415 3477 5485 ipsorum

1916 5512 2251 5585 praecipitur,
2267 5519 2322 5564 et
2346 5516 2632 5564 exercetur
2652 5508 2718 5562 ab
2738 5507 2838 5570 eis,
2858 5507 2972 5561 sive
2998 5505 3063 5559 ad
3087 5507 3477 5589 ostendendum

1918 5621 2014 5663 eos
2036 5603 2170 5660 nihil
2196 5602 2300 5658 sibi
2334 5601 2581 5672 accipere
2609 5615 2673 5655 cx
2697 5599 2804 5655 illis
2823 5598 2976 5663 velle,
3002 5598 3117 5652 sive
3140 5606 3196 5652 ut
3228 5600 3298 5655 sit
3326 5599 3481 5656 testi-
