3984 6204
641 309 668 375 1
682 306 774 372 1οἸ

1352 307 1747 370 OPUSCULA
1781 306 2414 371 SCRIPTURISTICA
2451 308 2805 373 INCERTJE
2846 309 3151 371 lETATIS.

3642 315 3733 383 liii

643 415 895 471 nesciunt
932 413 1079 484 quod
1140 413 1345 471 dicunt.
1379 413 1496 470 Non
1552 416 1699 471 enim
1754 416 2065 485 ignorabat,
2120 418 2214 473 sed

2318 418 2418 472 οὐκ
2445 418 2620 471 οἴδασι
2668 418 2723 471 τί
2771 419 3039 486 λέγουσιν·
3080 418 3139 471 οὐ
3171 415 3277 488 γὰρ
3324 416 3501 487 ἠγνόει,
3548 419 3648 476 ἀλλα
3682 424 3737 478 διι

644 516 864 577 propter
891 506 1189 575 discipulos
1216 505 1319 561 hoc
1350 505 1524 561 ﬁnxit.
1544 508 1807 563 Praeterea
1830 508 2002 562 multo
2041 509 2212 579 major

646 597 1077 668 prophetizatum
1104 594 1265 653 vidit.‘
1344 626 1349 631 ~

706 688 1077 756 Cognoscebat
1088 687 1323 745 Joannes
1339 698 1588 759 oportere
1601 689 1875 746 Christum
1895 691 2025 759 pati;
2040 707 2214 761 quan-

647 776 718 830 do
736 777 879 830 euim
907 777 1034 832 dicit
1052 792 1171 832 eum
1193 778 1402 847 Agnum
1433 779 1525 847 qui
1546 780 1683 833 tollit
1704 792 1983 849 peccatum
2005 780 2212 843 mundi,

648 869 753 921 hoc
779 883 872 937 per
900 868 1221 924 allusionem
1244 870 1507 939 loquitur;
1524 880 1576 925 et
1599 885 1722 924 cum
1748 870 1902 935 dicit,
1924 871 1977 923 in
2008 868 2214 939 Spiritu

646 966 739 1014 vos
772 958 1083 1027 baptizabit,
1121 960 1312 1015 alludit
1351 961 1417 1014 ad
1447 976 1511 1014 ea
1551 975 1673 1030 quae
1702 968 1825 1030 post
1861 962 2214 1017 resurrectio-

646 1066 769 1104 nem
796 1051 848 1104 in
870 1051 1191 1107 Pentecoste
1225 1052 1365 1106 facta
1404 1062 1552 1107 sunt.

717 1142 884 1197 Vens.
915 1144 1003 1197 11.
1040 1143 1161 1197 Non
1187 1145 1417 1197 surrexit
1448 1144 1622 1213 major
1641 1142 1849 1198 Joanne
1889 1145 2028 1198 inter
2061 1152 2213 1197 natos

646 1233 951 1297 mulierum,
972 1232 1244 1301 praeterito
1276 1232 1344 1285 de
1374 1239 1614 1300 tempore
1640 1240 1869 1297 est,non
1902 1232 2117 1296 futuro;
2146 1246 2215 1287 ne

644 1325 771 1393 quis
797 1322 1105 1392 suspicetur
1135 1321 1219 1377 vel
1266 1322 1528 1391 apostolis
1553 1323 1644 1389 qui
1693 1321 2004 1387 succedent,
2040 1321 2215 1390 majo-

646 1426 735 1467 res
757 1425 878 1469 csse
909 1412 1002 1482 qui
1044 1411 1432 1482 praeterieram,
1464 1411 1532 1466 de
1576 1411 1669 1467 illo
1720 1421 1928 1468 tantum
1969 1427 2212 1482 pronun-

648 1503 764 1557 tiat.

714 1593 977 1648 Minorem
1039 1594 1330 1664 quemdam
1381 1594 1612 1650 dicendo
1684 1595 1919 1665 aliquem
1982 1595 2211 1660 Joanne,

644 1684 883 1755 seipsum
944 1685 1211 1740 minorem
1264 1685 1509 1755 designat
1600 1688 1896 1742 secundum
1974 1698 2210 1755 tempus,

2315 508 2441 569 τοὺς
2474 507 2742 579 μαθητάς·
2795 506 2981 561 ἔπειτα
3017 506 3212 560 μείνων
3238 508 3341 576 ὅσῳ
3377 508 3554 562 καὶτὸν
3594 527 3735 582 nm-

2314 598 2606 669 τευόμενον
2634 595 2797 655 εἶδεν.

2400 689 2728 757 Ἐγίνωσκεν
2768 690 3022 760 Ἰωάννης
3048 690 3128 743 ὅτι
3157 690 3238 744 δεῖ
3272 689 3448 744 παθεῖν
3466 691 3541 743 τὸν
3565 692 3736 761 Χριστόν

2315 779 2446 833 ὅταν
2479 779 2589 851 γὰρ
2616 780 2752 852 λέγῃ
2790 781 2952 833 αὑτὸν
2988 780 3183 851 Ἀμνδν
3215 781 3419 850 αἴροντα
3447 781 3531 850 τὴν
3552 782 3740 851 ἁμαρτίαν

2314 870 2408 923 τοῦ
2438 871 2669 941 κόσμου,
2699 871 2857 925 τοῦτο
2897 872 3265 941 αἰνιττόμενος
3308 872 3461 940 λέγει’
3504 873 3581 925 καὶ
3599 872 3657 935 τὸ,
3682 875 3743 926 ’Er

2316 963 2613 1032 Πνεύματι
2629 963 2916 1027 βαπτίσει
2940 963 3114 1031 ὑμᾶς,
3146 965 3214 1015 τα
3243 962 3372 1032 μετὰ
3410 961 3496 1017 τὴν
3541 962 3743 1016 ἀνάστασιν

2314 1051 2402 1106 διὰ
2438 1053 2532 1124 τὴν
2572 1054 2951 1124 Πεντηκοστὴν
2978 1054 3293 1107 αἰνίττεται.

2386 1144 2480 1209 Τὸ,
2516 1147 2637 1199 Οὐκ
2667 1145 2976 1214 ἐγήγερται
3000 1144 3210 1214 μείζων
3244 1141 3500 1198 Ἰωάννου
3520 1141 3577 1195 ἐν
3606 1157 3743 1208 Terru-

2314 1234 2440 1301 τοῖς
2456 1235 2776 1304 γυναικῶν,
2808 1234 3240 1306 παρεληλυθότος
3266 1236 3374 1288 ἐστὶ
3400 1234 3581 1303 χρόνου,
3604 1234 3647 1284 οὐ
3669 1232 3746 1299 μὲλ-

2314 1327 2522 1390 λοντος’
2547 1327 2633 1380 ἵνα
2659 1328 2734 1396 μή
2776 1344 2860 1389 τις
2882 1325 3199 1400 ὑποπτεύσῃ
3230 1325 3320 1378 καί
3369 1325 3463 1378 τῶν
3490 1324 3599 1393 μετὰ
3638 1321 3746 1375 ταῦτα

2316 1417 2630 1470 ἀποστόλων
2680 1416 2995 1488 κρείττονας
3055 1411 3196 1471 εἶναι
3225 1417 3345 1479 τοὺς
3396 1413 3746 1486 παρεληλυθότες,

2316 1505 2594 1578 συγκρίνει
2624 1507 2784 1577 μόνον
2808 1509 2943 1577 πρὸς
2961 1508 3145 1563 αὐτόν.

2384 1602 2457 1654 Τὸ
2490 1601 2813 1674 μικρότερον
2834 1601 3015 1669 λέγειν
3035 1600 3160 1654 τινὰ
3202 1599 3453 1661 Ἰωάννου,
3482 1596 3632 1651 ἑαυτὸν
3656 1595 3747 1661 λέγει

2320 1691 2642 1762 μικρότερον
2670 1692 2812 1746 κατὰ
2847 1692 2938 1744 τὸν
2984 1692 3198 1761 χρόνον,
3241 1689 3529 1759 μικρότερον
3570 1686 3672 1738 κατὰ
3689 1684 3747 1751 τὴν

645 1773 913 1827 minorem
982 1774 1281 1831 secundum
1350 1775 1644 1829 multorum
1715 1775 2049 1845 Opinionem.
2102 1775 2214 1829 Hoc

2321 1757 2433 1835 τῶν
2458 1757 2669 1835 πολλῶν
2703 1782 2878 1849 δόξαν⁸
2911 1757 3071 1835 codro
3098 1782 3153 1835 δὲ
3176 1757 3318 1847 λέγει
3342 1757 3471 1849 μετὰ
3487 1779 3538 1830 τὸ
3560 1776 3747 1845 ἐγκωμιὰ-

644 1874 822 1919 autem
846 1864 976 1920 dicit
1020 1873 1311 1935 postquam
1352 1866 1504 1920 illum
1560 1866 1879 1929 laudaverit,
1906 1882 1973 1920 ne
2004 1866 2213 1934 magni-

645 1955 780 2009 tudo
827 1964 882 2010 et
943 1955 1160 2011 insolita
1212 1956 1430 2011 laudum
1501 1956 1800 2026 propositio
1870 1956 2218 2026 principalem

646 2046 799 2100 illum
827 2047 1098 2111 ostendat,
1132 2047 1213 2101 vel
1246 2047 1364 2116 ipso
1394 2047 1650 2102 laudante
1669 2047 1907 2104 Christo.

717 2133 884 2190 Vens.
927 2136 1015 2192 12.
1075 2136 1378 2202 Quodnam'
1413 2136 1544 2190 dicit
1593 2136 1847 2206 regnum?
1905 2136 2091 2194 Fidem
2162 2138 2218 2193 in

646 2222 799 2279 illum
827 2242 841 2278 :
867 2225 982 2291 ipse
1004 2225 1150 2278 enim
1187 2233 1307 2279 erat
1332 2225 1598 2279 cmlorum
1635 2240 1753 2280 rex.

718 2314 965 2383 Regnum
1020 2314 1283 2369 caelorum
1312 2330 1436 2370 esse
1483 2315 1650 2385 aliqui
1687 2315 1877 2371 dicunt
1928 2315 2215 2393 dignorum

647 2403 703 2459 iu
736 2406 890 2461 cmlis
920 2406 1425 2471 conversationem;
1453 2405 1545 2460 alii
1566 2414 1746 2460 autem
1786 2406 2017 2462 similem
2050 2422 2218 2478 ange-

646 2493 717 2548 lis
768 2494 1099 2548 salvatorum
1151 2493 1532 2558 morationem;
1585 2493 1677 2547 alii
1711 2492 1977 2565 visionem
2046 2494 2218 2562 ipsam

646 2584 843 2638 divinae
868 2582 1310 2653 pulchritudinis,
1340 2582 1697 2638 similitudine
1720 2582 1962 2639 cmlestis
1990 2582 2217 2638 lndutis.

646 2674 965 2730 Consouaut
992 2683 1169 2728 autem
1204 2688 1416 2739 revera,
1446 2683 1506 2728 ut
1536 2674 1667 2727 mihi
1688 2674 1923 2740 videtur,
1954 2680 2069 2729 tres
2099 2674 2220 2730 ista

646 2766 715 2820 de
742 2766 845 2819 hoc
874 2764 1189 2834 opiniones;
1222 2764 1421 2833 cuique
1440 2765 1586 2820 enim
1613 2763 1681 2819 ad
1728 2764 2033 2836 analogiam
2070 2765 2221 2822 illius

2328 1889 2418 1926 σαι
2452 1872 2633 1926 αὐτόν’
2667 1873 2752 1925 ἵνα
2785 1872 2861 1942 μὴ
2909 1873 2943 1941 ἡ
2964 1871 3243 1941 ὑπερϐολὴ
3289 1870 3375 1922 καὶ
3399 1869 3662 1936 ἀσύγκριτος
3685 1863 3749 1914 τῶι

2321 1964 2614 2033 ἐγκωμίων
2667 1963 2968 2033 παράθεσις
3023 1963 3303 2031 ἐξαίρετον
3344 1958 3489 2014 αὐτὸν
3532 1955 3661 2025 δείξῃ,
3695 1954 3749 2005 καί

2320 2054 2484 2108 αὑτοῦ
2514 2054 2608 2108 τοῦ
2639 2054 2986 2116 ἐπαινοῦντος
3009 2053 3269 2127 Χριστοῦ.

2390 2143 2524 2198 Τίνα
2544 2142 2720 2210 λέγων
2757 2142 3034 2211 βασιλείαν
3060 2158 3077 2205 ;
3110 2143 3221 2211 Τὴν
3241 2140 3409 2194 πίστιν
3434 2138 3518 2208 τὴν
3548 2136 3609 2199 εἰς
3631 2133 3747 2188 αὐτόν

2318 2228 2473 2297 οὗτος
2501 2233 2609 2304 γὰρ
2631 2236 2658 2287 ὁ
2684 2226 2947 2303 οὐράνιος
2972 2232 3250 2303 βασιλεύς.

2389 2326 2502 2396 Τὴν
2526 2324 2802 2395 βασιλείαν
2838 2324 2946 2377 τῶν
3003 2322 3255 2393 οὐρανῶν
3291 2316 3421 2375 εἶναί
3460 2336 3580 2380 τινες
3609 2316 3748 2381 λέγουσι

2317 2416 2417 2485 τὴν
2442 2416 2499 2467 ὲν
2522 2413 2767 2485 οὐρανοῖς
2795 2412 2904 2465 τῶν
2939 2410 3110 2476 ἀξίων
3146 2410 3426 2479 διαγωγήν·
3467 2408 3611 2474 ἕτεροι
3632 2402 3671 2453 δὲ
3690 2400 3748 2466 τὴν

2318 2504 2509 2574 ὁμοίαν
2534 2505 2647 2565 τοῖς
2678 2501 2931 2570 ἀγγέλοις
2979 2500 3097 2554 τῶν
3127 2499 3434 2569 σωζομένων
3490 2494 3747 2548 κατάστασιν·

2318 2594 2468 2651 ἄλλοι
2496 2594 2552 2648 δὲ
2581 2593 2641 2648 τὸ
2672 2589 2813 2656 εἶδος
2861 2591 2995 2645 αὐτὸ
3024 2591 3133 2661 τῆς
3153 2591 3337 2661 θεῖκῆς
3383 2588 3667 2659 ὡραιότητος.
3685 2582 3749 2632 τῶν

2320 2685 2666 2755 φορεσάντων
2698 2682 2795 2753 τὴν
2827 2683 3010 2735 εἰκόνα
3059 2681 3157 2735 τοῦ
3192 2679 3509 2747 ἐπουρανίου,
3550 2672 3750 2738 Συνάγουςι

2317 2776 2375 2829 δὲ
2401 2779 2464 2847 τῇ
2488 2774 2738 2845 ἀληθείᾳ,
2775 2772 2917 2827 κατὰ
2947 2772 3007 2825 τὸ
3056 2772 3185 2842 ἐμοὶ
3234 2772 3431 2834 δοκοῦν,
3464 2768 3541 2822 καὶ
3584 2764 3625 2816 αἰ
3658 2761 3750 2829 τρεξ

648 2858 704 2911 in
740 2856 848 2911 illis
865 2864 947 2910 est
972 2855 1154 2927 quoad
1202 2855 1363 2926 quale
1387 2864 1442 2910 et
1469 2863 1736 2926 quantum
1762 2854 2012 2925 justitiae,
2033 2854 2214 2911 futura

2320 2846 2663 2928 «epicoenon
2692 2863 2841 2929 δόξαι
2866 2877 2881 2895 ο
2918 2860 3140 2931 ἑκάστῳ
3168 2860 3273 2930 γὰρ
3302 2858 3432 2912 κατὰ
3452 2858 3534 2925 τὴν
3553 2846 3749 2912 ἀναλογίαν

644 2958 728 3008 881
758 2948 955 3021 liram!-
2316 2955 2415 3025 τῆς
2439 2954 2498 3008 ὲν
2528 2954 2711 3016 αὐτοῖς
2747 2951 2888 3006 κατὰ
2919 2951 2978 3006 τὸ
3013 2952 3175 3005 ποιόν
3220 2968 3279 3004 τε
3330 2950 3417 3003 καὶ
3446 2945 3580 2999 ποσὸν
3617 2942 3751 2993 δικαιο-

2243 3084 2286 3143 C
2321 3043 2507 3113 σύνης,
2538 3043 2570 3111 ὴ
2604 3042 2869 3111 μέλλουσα
2884 3042 3072 3112 χάρις.
3551 3128 3568 3143 '
3608 3114 3615 3121 ι

717 3137 882 3193 Vens.
917 3137 1005 3193 Η.
1062 3136 1220 3203 Illud,
1248 3133 1367 3205 Ipse
1394 3144 1472 3190 est
1524 3134 1675 3189 Elius
1701 3136 1792 3205 qui
1816 3142 2061 3190 venturus
2111 3145 2211 3202 est,

2383 3136 2480 3198 Τὸ,
2532 3135 2723 3200 Αὐτός
2755 3135 2927 3189 ἐστιν
2972 3135 3184 3200 Ἠλίας
3222 3136 3255 3188 ὁ
3279 3132 3501 3202 μέλλων
3544 3122 3749 3193 ἔρχεσθαι.

649 3245 756 3284 non
788 3228 966 3284 solum
1004 3226 1230 3296 intelligi
1256 3226 1417 3280 debet
1470 3225 1617 3295 quod
1651 3224 1742 3280 hic
1777 3226 1845 3280 de
1871 3241 1982 3296 quo
2008 3227 2213 3282 dictum

2316 3226 2375 3281 οὐ
2411 3227 2569 3296 μόνον
2598 3227 2772 3281 νοοῖτο
2803 3225 2886 3279 ὅτι
2927 3225 2956 3276 ό
2982 3224 3203 3295 λεχθεὶς
3247 3219 3551 3278 ἐλεύσεσθαι,
3577 3213 3658 3268 ἀλλ’

646 3329 729 3374 est
756 3328 1019 3375 venturus
1049 3318 1139 3383 sit,
1161 3317 1255 3372 sed
1281 3316 1425 3387 quod
1452 3316 1593 3371 sicut
1621 3313 1859 3373 Joannes
1912 3333 2214 3387 prmeursor

2316 3317 2500 3388 φησιν,
2561 3316 2750 3386 ὥσπερ
2834 3314 3095 3385 Ἰωάννης
3165 3314 3453 3385 πρόδρομος
3499 3308 3644 3401 γέγονε
3678 3309 3751 3401 ,της

646 3408 749 3465 fuit
770 3410 974 3480 prioris
1012 3408 1214 3465 Christi
1247 3409 1535 3471 adventus,
1566 3407 1640 3463 ita
1690 3408 1837 3464 Elias
1896 3410 2214 3479 posterioris

2316 3406 2539 3478 πρώτης
2570 3406 2734 3460 αὐτοῦ
2763 3405 3090 3477 παρουσίας,
3138 3405 3309 3468 οὕτως
3371 3400 3535 3460 Ἠλίας
3574 3396 3644 3463 τῆς
3676 3396 3748 3439 δευ-

645 3502 864 3562 l'uturus
893 3502 985 3557 sit.

2316 3496 2479 3568 τέρας
2516 3496 2689 3550 ἔσται.

716 3591 880 3647 Vens.
907 3593 989 3647 l5.
1015 3591 1288 3662 Quihabet
1314 3607 1465 3645 aures
1481 3590 1732 3644 audiendi
1753 3591 1962 3647 audiat.
1983 3592 2214 3663 Vultper

2381 3566 2479 3654 ήΤδ,
2525 3587 2588 3641 ὀ
2609 3589 2767 3663 ἔχων
2784 3603 2907 3641 ωτα
2935 3599 3207 3648 ακουειν,
3240 3582 3499 3639 ἀκουέτω,
3532 3566 3749 3663 βουλομένην

647 3683 763 3745 her
800 3681 961 3737 verba
997 3680 1237 3738 excitare
1262 3678 1594 3735 audientium
1628 3687 1887 3745 mentem,
1920 3689 1974 3736 et
2009 3681 2214 3739 idcirco

2319 3682 2437 3735 ἐστὶ
2460 3654 2738 3749 διεγεῖραι.
2757 3678 2856 3746 τὴν
2886 3677 3119 3747 γνώμην
3140 3676 3247 3730 τῶν
3276 3672 3551 3729 ἀκουόντων
3568 3684 3579 3697 ·
3609 3661 3675 3716 καὶ
3702 3654 3752 3709 δελ

646 3787 744 3843 per
771 3771 1059 3840 parabolas
1094 3771 1356 3842 loquitur.

718 3861 882 3924 Vens.
918 3863 1004 3917 16.
1033 3862 1325 3919 Cecinimus
1358 3875 1407 3922 et
1440 3883 1542 3924 non
1565 3865 1843 3929 saltastis;
1884 3863 2027 3919 istud
2055 3877 2215 3918 nemo

647 3964 708 4011 ιιι
734 3954 1089 4024 improprium
1144 3956 1411 4028 accipiat;
1441 3972 1567 4013 nam
1617 3957 1685 4013 ad
1725 3956 2060 4028 assignatum
2092 3970 2218 4010 sen-

648 4061 768 4102 sum
800 4045 949 4099 dicit.

719 4134 885 4197 Vnns.
918 4136 1000 4192 18.
1027 4135 1208 4208 Neque
1227 4137 1553 4195 mundurans
1577 4153 1737 4209 neque
1765 4136 1967 4203 bibens;
1998 4134 2218 4191 eviden-

650 4235 731 4283 ter
756 4241 973 4291 carnem
1008 4242 1110 4283 nec
1174 4228 1389 4295 vinum;
1444 4227 1561 4284 sine
1590 4227 1800 4284 caeteris
1833 4227 1979 4283 enim
2036 4225 2218 4281 vivere

648 4333 754 4373 nou
780 4318 1064 4389 potuisset.

2316 3770 2476 3826 τοῦτο
2498 3768 2910 3839 αἰνιγματωδῶς
2936 3768 3215 3835 λέγοντος.

2387 3864 2481 3927 Τὸ,
2518 3835 2909 3929 Ηύλήσαμεν,
2960 3860 3063 3913 καί
3115 3862 3227 3917 οὐκ
3265 3854 3603 3940 ὠρχήσασθεῖ
3636 3835 3751 3940 paid:

2316 3955 2391 4020 ὡς
2442 3954 2798 4022 κακέμφατον
2848 3951 3182 4022 ὲπιλάδηται
3211 3968 3225 3982 ’
3257 3950 3329 4013 ὡς
3359 3946 3479 4017 πρὸς
3521 3937 3661 3994 ἰδιῶτα
3688 3937 3751 3996 τιρ

2316 4046 2464 4117 λέγει
2492 4045 2637 4099 νοῦν.

2386 4101 2550 4204 illum
2578 4138 2817 4199 ἐσθίων,
2844 4134 2996 4205 μήτε
3029 4135 3243 4197 πίνων,
3288 4129 3471 4199 δηλαδη
3498 4125 3607 4194 κρέα
3630 4101 3751 4169 καΜῇ

2317 4242 2407 4280 νον
2432 4240 2447 4256 ’
2476 4225 2600 4280 ἄνευ
2632 4225 2741 4296 γὰρ
2771 4223 2880 4277 τῶν
2909 4223 3087 4278 ἄλλων
3119 4222 3219 4294 ζῇν
3250 4223 3347 4275 οὐκ
3374 4215 3585 4289 ἠδύνατο.

721 4379 866 4464 νέας
889 4410 974 4466 19.
1002 4410 1309 4481 Justiﬁcala
1334 4419 1410 4466 est
1440 4411 1697 4479 sapientia
1717 4426 1750 4464 a
1775 4408 1901 4479 ﬁliis
1926 4409 2057 4473 suis;
2104 4407 2210 4462 hoc

2386 4408 2480 4474 Τδν
2510 4405 2850 4474 ἐδικαιώθη
2868 4405 2904 4472 ἦ
2933 4405 3121 4474 σοφία
3148 4403 3265 4459 ἀπὸ
3285 4400 3397 4457 τῶν
3416 4398 3601 4453 τέκνων
3614 4379 3749 4481 audii.

648 4499 800 4564 dicit,
832 4501 961 4569 quia
984 4500 1031 4555 si
1075 4515 1182 4554 non
1211 4500 1544 4555 crediderint
1586 4499 1779 4565 Judaei,
1809 4513 2034 4571 arguere
2060 4498 2210 4553 illum

649 4602 758 4645 neu
788 4588 869 4652 eis
891 4587 1036 4649 licet.
1084 4586 1293 4643 Etenim
1316 4588 1497 4642 omnia
1524 4604 1623 4660 pro
1649 4604 1746 4644 sua
1768 4596 1917 4656 parte
1949 4587 2209 4660 implevit,

648 4679 721 4731 ita
755 4686 813 4730 ut
857 4678 940 4731 vel
1002 4677 1372 4745 imprudenter
1443 4692 1502 4731 se
1530 4659 1729 4744 gerere
1783 4659 2088 4732 volentibus
2146 4692 2214 4731 ne

652 4766 903 4828 umbram
970 4765 1189 4831 quidem
1274 4764 1579 4820 aversionis
1629 4764 1920 4834 reliquerit.
1983 4765 2114 4820 Nam
2164 4766 2211 4821 si

646 4854 820 4908 Judaei
857 4868 962 4907 non
985 4854 1309 4909 crediderint
1338 4853 1389 4908 in
1412 4853 1709 4918 Christum,
1747 4870 1851 4909 non
1875 4854 1975 4915 fuit
1998 4866 2212 4926 propter

645 4943 873 4999 Joannis
899 4944 1168 5014 jejunium
1205 4953 1259 5000 et
1301 4944 1602 4999 silvestrem
1648 4946 1834 5011 vitam,
1864 4962 2039 5016 neque
2089 4963 2214 5017 pro-

650 5046 768 5112 pter
792 5036 1103 5092 communis
1133 5036 1258 5091 vitae
1301 5036 1749 5092 consuetudinem
1797 5047 1851 5092 et
1891 5038 2208 5093 familiarem

647 5128 1116 5191 conversationem
1176 5126 1388 5183 Domini
1445 5130 1589 5192 illius
1631 5129 1991 5186 Cltristizsed
2049 5130 2213 5199 igitur

650 5223 738 5287 hic
756 5222 849 5291 qui
873 5221 1057 5276 omnia
1082 5221 1354 5292 sapienter
1380 5221 1706 5293 complebat,
1749 5222 1881 5275 nihil
1911 5221 2212 5281 omittendo

647 5329 840 5368 eorum
894 5328 1016 5382 quae
1075 5311 1430 5366 conferebant
1465 5312 1531 5366 ad
1586 5327 1773 5367 eorum
1838 5313 2121 5368 utilitatem
2157 5323 2213 5368 et

646 5404 895 5469 salutem,
929 5404 997 5458 ab
1025 5402 1108 5458 eis
1155 5403 1548 5457 condemnatus
1575 5414 1691 5469 est;
1717 5411 1772 5459 et
1824 5404 1959 5458 nihil
1990 5406 2212 5459 omnino

646 5492 846 5555 habent
868 5510 975 5565 quo
1003 5494 1151 5548 illum
1195 5501 1573 5563 arguant,nam
1606 5495 1793 5549 omnia
1824 5511 1918 5563 pro
1939 5511 2035 5550 sua
2064 5505 2215 5565 parte

648 5582 905 5647 implevit,
928 5600 992 5640 ne
1008 5570 1255 5641 umbram
1284 5586 1500 5656 quidem
1516 5585 1595 5641 eis
1618 5586 1931 5656 ignorantiae
1960 5597 2013 5641 et
2035 5587 2213 5659 ingra-

651 5671 892 5731 titudiuis
930 5675 1259 5749 relinquens.

2316 4498 2475 4553 τοῦτο
2524 4497 2696 4565 λέγει,
2745 4497 2827 4549 ὅτι
2886 4495 2933 4547 εἰ
2969 4496 3063 4547 καὶ
3102 4494 3204 4547 οὐκ
3235 4493 3531 4546 ἐπίστευσαν
3575 4473 3747 4565 Ἰουδαῖοι)

2315 4583 2567 4653 ἐγκαλεῖν
2621 4584 2719 4635 οὐκ
2755 4582 2969 4652 ἔχουσιν
3002 4581 3153 4652 αὖτῷ
3184 4597 3197 4611 ·
3253 4580 3345 4634 καὶ
3402 4577 3496 4644 γὰρ
3553 4569 3606 4622 τὶ
3641 4581 3664 4615 α

2318 4676 2495 4730 πάντα
2528 4676 2864 4743 ἐπλήρωσεν·
2901 4673 3038 4726 ὥστε
3075 4676 3188 4736 τοῖς
3219 4667 3557 4739 ἀναισχυντεῖν
3580 4649 3747 4743 βηυλομές

2315 4783 2445 4830 νοις,
2478 4765 2598 4821 οὐδὲ
2628 4734 2785 4818 σκιὰν
2816 4764 3136 4819 καταλιπεῖν
3156 4734 3420 4833 ἀφορμῆξ’
3452 4754 3530 4809 καὶ
3551 4734 3748 4837 γὰρεί

2318 4857 2393 4930 μὴ
2437 4856 2680 4909 Ἰουδαῖοι
2713 4855 3034 4910 ἐπίστευσαν
3086 4856 3166 4918 εἰς
3326 4830 3747 4939 Χριστθνξ-μήτε

2314 4949 2413 5016 τῆς
2463 4945 2709 4999 Ἰωάννου
2744 4946 2995 5014 νηστείας
3021 4946 3117 4998 καὶ
3141 4944 3235 4997 τοῦ
3264 4937 3507 5015 ὲρημικοῦ
3533 4933 3636 5003 βίον.
3665 4932 3745 5018 μηξδ

2314 5040 2403 5094 διὰ
2457 5041 2555 5109 τῆς
2590 5038 3066 5107 συγκαταϐατικῆς
3125 5036 3332 5104 διαίτης
3391 5032 3475 5083 καὶ
3509 5020 3744 5109 οἰκονομικξί

2315 5130 2590 5191 πολιτείας
2642 5127 2805 5181 αὑτοῦ
2846 5126 2940 5181 τοῦ
2983 5127 3253 5180 Δεσπότου
3295 5117 3527 5193 Χριστοῦ⁹
3576 5104 3658 5165 ἀλλ’
3690 5108 3741 5201 ξω

2317 5220 2478 5283 αὐτὸς
2509 5221 2537 5271 ὁ
2575 5218 2754 5272 πάντα
2789 5218 2966 5286 σοφῶς
3030 5216 3267 5269 ἐκτελῶν
3312 5214 3384 5281 τῷ
3413 5209 3552 5281 μηδὲν
3597 5202 3744 5286 παριξν

3670 4552 3747 4612 ί,τοῦ

2318 5280 2471 5364 πεῖν*
2498 5310 2609 5363 τῶν
2663 5280 3058 5362 συντελούντων
3109 5308 3189 5370 εἰς
3238 5280 3411 5373 ὄνησιν
3448 5299 3527 5352 καὶ
3563 5280 3740 5373 me?“
3838 5326 3839 5335 ι

2316 5403 2515 5465 αὐτῶν,
2562 5400 2850 5470 ἐδικαιώθη
2900 5398 2993 5452 ἀπ’
3044 5398 3245 5452 αὐτῶνθ
3301 5396 3389 5448 καὶ
3420 5388 3569 5445 οὐκέτι

2314 5463 2529 5563 ἔχουσιν
2557 5489 2704 5561 αὐτῷ
2737 5507 2787 5541 τι
2817 5463 3086 5556 ἐγκαλεῖν·
3122 5487 3297 5540 πάντα
3350 5484 3447 5551 γὰρ
3477 5463 3741 5563 agmen“,
3838 5518 3839 5549 1

2316 5555 2382 5638 τᾶ
2413 5583 2601 5648 αὑτοῦ,
2648 5555 2782 5652 μηδὲ
2819 5555 2976 5635 σκιὰν
3007 5580 3188 5644 αὐτοῖς
3238 5571 3581 5636 ἀγνωμοσύνης
3611 5555 3737 5629 “1"

2322 5676 2530 5747 ρισιίας
2552 5671 2878 5733 καταλιπών.
