3984 6204
259 285 400 355 1109

1237 282 1560 346 SCHOLIA
1598 283 1901 348 VETERA
1934 284 2014 345 IN
2050 283 2519 345 MATTIIEUM.

3375 279 3513 338 11111

329 397 424 462 Τὸ,
486 393 986 465 Ἐξομολογοῦμαί
1060 407 1180 459 σοι,
1236 396 1449 465 Πάτερ,
1512 397 1636 451 ἀντὶ
1707 396 1825 461 τοῦ,

2002 397 2167 453 Vens.
2204 399 2294 453 ‘25.
2331 398 2597 466 Conﬁteor
2628 395 2746 459 tibi,
2784 392 2964 453 Pater,
2997 404 3117 460 pro.
3159 389 3375 477 Gratias
3409 405 3511 460 ago

260 486 584 559 Εύχαριστῶ
646 505 749 549 σοι,
786 490 985 540 κεῖται·
1047 486 1129 539 ὃτι
1168 490 1256 551 "A,
1314 490 1471 559 φησι,
1523 491 1679 558 σοφοὶ
1732 491 1833 542 οὐκ

1962 491 2052 554 ihi,
2088 490 2394 555 adhibetur,
2439 488 2564 558 quia
2606 502 2727 556 quae
2771 485 3045 553 sapientes
3084 497 3192 536 non
3242 497 3515 550 cognove-

260 582 525 649 ἔγνωσαν,
556 582 732 648 νήπιοι
751 579 923 632 ταῦτα
947 579 1212 646 ἔγνωσαν,
1244 580 1415 649 ἧγουν
1440 583 1489 634 oi
1514 580 1830 635 ἀπόστολοι.

332 670 425 734 Τὸ,
496 668 767 731 Ἐγένετο
827 666 1073 721 εὐδοκία
1129 667 1475 735 ἔμπροσθέν
1520 685 1660 736 σου,
1713 667 1835 721 ἀντὶ

261 760 379 824 τοῦ,
421 758 625 829 Ἤρεσέ
665 775 771 822 σοι,
806 760 1004 813 κεῖται.

334 849 540 904 Πάντα
571 868 668 918 μοι
698 849 995 918 παρεδόθη
1022 851 1142 907 ὑπὸ
1167 850 1276 906 τοῦ
1308 852 1556 921 Πατρός,
1585 851 1831 920 λέγεται,

264 941 350 994 ῐνα
388 940 464 1011 μὴ
494 939 737 1002 ἀντίθεος
768 939 1021 1010 νομισθῇ.

866 1084 1118 1139 ΚΕΦΑΛ.
1150 1084 1251 1137 IB’.

334 1208 584 1280 Οὒδαμοῦ
609 1209 856 1277 φαίνεται
880 1207 1021 1261 λύων
1054 1207 1114 1261 τὸ
1136 1207 1412 1261 Σάϐϐατόν
1435 1209 1606 1278 χωρίς
1630 1206 1834 1271 αἰτίας,

269 1305 353 1357 ἴνα
382 1302 477 1356 καὶ
501 1302 590 1355 τὸν
616 1301 780 1370 νόμον
808 1300 1120 1369 ἀναπαύσῃ,
1152 1300 1392 1362 καὶτοὺς
1437 1298 1724 1361 Ἰουδαίους
1761 1299 1836 1367 μὴ

269 1393 447 1463 πλήξῃ
468 1435 480 1453 ,
512 1392 605 1444 καὶ
636 1393 702 1444 τὰ
737 1389 990 1459 θαύματα
1023 1389 1233 1459 τελέσῃ.

339 1484 507 1535 Ὅταν
544 1482 617 1551 μὴ
659 1480 1005 1549 ἐγκαλῆταιό
1048 1478 1385 1549 πεποιηκὼς,
1418 1480 1581 1549 νόμος
1629 1480 1840 1547 γίνεται

269 1573 301 1639 ἡ
356 1569 621 1636 ἀπολογία
672 1568 765 1620 τοῦ
812 1568 1180 1637 τολμήματος·
1240 1568 1399 1621 τοῦτο
1426 1568 1483 1621 δὲ
1538 1569 1671 1638 πρὸς
1716 1570 1841 1631 τοὺς

271 1664 464 1733 ἄρτους
488 1663 584 1730 τῆς
609 1659 919 1730 προθέσεως
944 1662 1142 1713 νοεῖται
1166 1659 1261 1722 οὒς
1285 1660 1455 1729 ἔφαγε
1481 1660 1664 1713 Δαϐίδ.

1934 589 2083 639 runt.
2115 581 2319 649 parvuli
2343 587 2732 649 cognoverunt,
2775 577 2931 629 idest
2960 572 3209 642 apostoli.

2005 672 2171 727 Vens.
2195 672 2286 725 26.
2322 672 2477 734 Illud,
2536 669 2657 724 Fuit
2687 669 2943 737 placitum
2971 676 3092 719 ante
3122 676 3189 728 te,
3233 679 3351 734 pro,
3384 663 3503 732 pla-

1937 764 2051 821 cuit
2078 764 2199 825 tibi,
2234 763 2549 832 apponitur.

2007 854 2171 907 Velm.
2194 854 2283 907 27.
2322 853 2513 907 Omnia
2540 852 2668 903 milii
2697 850 2898 903 tradita
2928 856 3049 901 sunt
3104 864 3135 901 a
3161 844 3341 909 Patre,
3373 844 3510 899 dici-

1938 956 2048 1011 tur,
2090 962 2155 1000 ne
2189 944 2281 999 Dei
2303 943 2647 999 adversarius
2669 950 2971 1010 reputelur.

2531 1082 2758 1141 CAPUT
2796 1082 2911 1137 Xll.

1935 1214 1971 1284 ζ
2010 1212 2173 1267 Vens.
2211 1212 2259 1264 l.
2288 1208 2487 1263 Nullibi
2540 1208 2783 1262 cernitur
2806 1207 3105 1260 Sabbatum
3153 1205 3370 1260 solvens
3391 1204 3510 1260 sine

1939 1321 2127 1369 causa,
2160 1312 2218 1358 ut
2240 1304 2409 1371 legem
2439 1314 2655 1355 cessare
2679 1298 2860 1363 iaciat,
2884 1296 3175 1352 etJudzeos
3199 1312 3305 1349 non
3327 1298 3506 1361 laedat,

1939 1404 1993 1451 et
2025 1393 2284 1449 miracula
2322 1392 2586 1461 perﬁciat.

2008 1484 2172 1539 Vens.
2212 1484 2263 1537 4.
2304 1484 2532 1549 Quando
2590 1479 3006 1549 reprehenditur
3034 1478 3115 1533 sic
3161 1481 3364 1547 egisse,
3423 1477 3505 1529 lex

1942 1578 2001 1631 lit
2036 1575 2280 1645 apologia
2328 1574 2448 1643 ejus
2503 1571 2775 1636 audacize;
2820 1572 2921 1624 hoc
2964 1578 3142 1623 autem
3193 1568 3512 1637 intelligitur

1940 1670 2007 1725 de
2040 1668 2267 1738 panibus
2289 1664 2679 1736 propositionis
2706 1677 2845 1731 quos
2883 1661 3047 1714 David
3076 1658 3333 1715 comedit.

352 1753 439 1805 Ἐν
481 1752 588 1821 γὰρ
630 1752 740 1812 τοῖς
778 1750 1017 1802 Σά66ασι
1050 1750 1250 1811 παντὸς
1283 1750 1446 1820 ἔργου
1475 1752 1839 1821 χειροκμήτου

2012 1761 2179 1817 Vens.
2209 1762 2263 1815 5.
2298 1759 2434 1813 Nam
2474 1759 2527 1812 in
2554 1755 2997 1819 Sabbatis,omni
3048 1769 3307 1807 manuum
3350 1766 3513 1820 opere

273 1844 684 1911 κεκωλυμένου,
729 1840 884 1893 αὐτοὶ
915 1844 972 1893 ὲν
1002 1840 1079 1910 τῷ
1109 1840 1240 1910 ίερῷ
1269 1842 1319 1892 oi
1377 1841 1543 1911 ἱερεῖς
1591 1840 1841 1905 ὲξυλοκό-

274 1954 433 1999 πουν,
470 1936 565 1986 καὶ
600 1934 707 2004 πῦρ
741 1929 914 2005 ἦπτον
948 1934 1044 1986 καὶ
1065 1932 1452 2003 ὲκρεανόμουν.

340 2027 440 2079 Διά
467 2025 656 2077 τούτου
711 2025 807 2095 τὴν
855 2023 1021 2077 αὑτοῦ
1049 2025 1203 2093 ίσχὺν
1232 2023 1326 2076 καὶ
1378 2024 1686 2094 πραότητα,
1745 2026 1841 2078 καὶ

272 2118 378 2171 τῶν
420 2117 688 2170 Ἰουδαίων
719 2116 780 2169 τὸ
816 2116 1040 2179 ἀσθενὲς
1073 2115 1407 2186 ὑπογράφει,
1452 2116 1534 2169 ὅτι
1567 2116 1643 2179 ὡς
1665 2117 1839 2170 κάλα-

276 2210 372 2280 μός
402 2212 517 2262 ἐστι
559 2207 1015 2278 συντετριμμένος
1053 2205 1283 2259 ἐνώπιον
1312 2205 1499 2270 αὑτοῦ,
1534 2206 1589 2258 εἴ
1621 2224 1685 2274 γε
1719 2205 1843 2276 βού-

272 2300 415 2353 λοιτο
445 2300 641 2361 αὐτοὺς
677 2298 971 2365 ἀφανίσαι·
1007 2295 1143 2349 ἀλλά
1194 2296 1329 2359 τέως
1360 2296 1419 2348 ού
1454 2295 1685 2363 κατάγει
1745 2296 1842 2348 αύ-

270 2391 396 2454 τούς
414 2408 429 2422 ·
468 2392 562 2444 καὶ
593 2390 735 2453 λίνος
756 2391 812 2443 δὲ
844 2390 1142 2459 τυφόμενος
1170 2388 1383 2459 όθυμδς
1412 2386 1590 2442 αὐτῶν
1620 2389 1649 2441 ό
1675 2389 1841 2442 ἀκατ-

271 2484 495 2553 άσχετος
516 2480 775 2553 δηλωθείη
807 2481 891 2535 ἄν.

356 2574 414 2626 ⁸0
441 2572 641 2640 τυφλὸς
674 2573 767 2626 καὶ
808 2572 988 2643 κωφὸς
1019 2572 1084 2625 ὲκ
1117 2569 1212 2624 τοῦ
1242 2570 1492 2641 δαίμονος
1522 2570 1680 2625 τοῦτο
1703 2572 1840 2625 ἔπα-

275 2664 367 2717 θον
387 2680 401 2694 ⁸
431 2663 546 2716 ἀλλ’
572 2668 599 2717 ὁ
630 2664 866 2735 Χριστὸς
916 2664 995 2726 είς
1038 2664 1100 2715 τὸ
1124 2661 1288 2715 αὐτὸν
1325 2661 1477 2728 ίδεῖν,
1500 2662 1596 2715 καὶ
1621 2662 1691 2715 τὰ
1716 2663 1843 2715 ἑαυ-

279 2752 374 2806 τοῦ
410 2754 663 2818 ἀκοῦσαι,
686 2754 986 2823 ὀμμάτωσε
1013 2752 1109 2805 καὶ
1132 2749 1367 2804 ἀκοῦσαι
1395 2750 1838 2821 παρεσκεύασεν

273 2844 307 2915 ἢ
338 2845 418 2907 είς
446 2844 504 2896 τὸ
518 2845 841 2915 ὼξασθῆναι
869 2842 1126 2915 Χριστόν.

344 2942 409 2993 Οί
435 2941 719 3003 ἀπόστολοι
746 2940 1011 3011 δηλονότι.

1941 1852 2236 1923 prohibito,
2293 1850 2396 1920 ipsi
2448 1850 2501 1903 in
2548 1848 2752 1917 templo
2804 1846 3115 1901 sacerdotes
3163 1845 3367 1914 lignum
3420 1840 3509 1896 se-é

1941 1952 2090 2005 eant,
2140 1944 2317 2013 ignem
2380 1941 2697 2003 incendunt,
2739 1946 2793 1993 et
2840 1952 3033 1992 carnes
3066 1936 3331 1989 dividunt.

2010 2033 2176 2088 Vens.
2236 2033 2327 2086 20.
2361 2033 2466 2087 Per
2506 2032 2607 2085 hoc
2661 2031 2829 2084 robur
2861 2028 3007 2082 illius
3024 2035 3079 2082 et
3122 2026 3509 2092 mansuetudo,

1940 2134 1993 2181 et
2023 2122 2332 2179 Judteornm
2363 2123 2613 2178 debilitas
2653 2121 3034 2184 azlutnhratur,
3087 2118 3212 2187 quia
3253 2126 3310 2171 ut
3339 2133 3511 2170 aruu-

1940 2217 2011 2271 do
2059 2226 2314 2287 quassata
2364 2231 2549 2270 coram
2617 2215 2710 2268 illo
2774 2220 2922 2276 sunt,
2991 2211 3037 2265 si
3094 2211 3332 2264 voluerit
3386 2210 3514 2263 illos

1940 2308 2236 2369 destruere,
2301 2307 2395 2360 sed
2458 2306 2620 2359 modo
2678 2319 2786 2358 non
2847 2304 2968 2358 illos
3031 2302 3237 2371 dejicit.
3316 2301 3510 2354 Linum

1941 2407 2120 2452 autem
2188 2396 2493 2466 fttmigans,
2572 2411 2665 2451 cor
2726 2409 2917 2450 eorum
2979 2392 3215 2448 indocile
3281 2390 3510 2461 intelligi

1940 2496 2149 2557 posset.

2012 2575 2197 2630 Vens.
2237 2576 2329 2629 22.
2394 2575 2586 2629 Caecus
2651 2582 2707 2628 et
2763 2582 2950 2627 mutus
3006 2588 3035 2626 a
3096 2572 3343 2627 daemone
3401 2572 3517 2625 haec

1941 2668 2283 2738 patiebatur;
2328 2668 2420 2724 sed
2451 2667 2729 2731 Christus,
2783 2674 2843 2720 ut
2892 2665 3169 2720 videretur
3199 2674 3252 2718 et
3298 2662 3518 2717 audire-

1944 2766 2032 2811 tur
2058 2757 2127 2812 ab
2172 2773 2261 2824 eo,
2308 2760 2485 2812 visum
2544 2766 2596 2812 et
2640 2756 2890 2812 auditum
2942 2757 2989 2811 ei
3045 2754 3315 2826 praestitit,
3345 2751 3429 2807 vel
3458 2758 3516 2806 ut

1941 2850 2217 2905 Christum
2258 2851 2670 2921 gloriﬁcaretur.

2013 2942 2180 2999 Vens.
2229 2943 2319 2997 27.
2375 2944 2621 3014 Apostoli
2652 2941 2957 2997 evidenter.

357 3029 702 3099 Ἐλέγχοντες
768 3030 920 3101 ὑμῶν
987 3030 1089 3101 τὴν
1147 3029 1408 3084 ἀπιστίαν
1468 3030 1564 3085 καὶ
1638 3029 1839 3101 θριαμ-

2015 3033 2460 3090 Condemnantes
2520 3041 2761 3088 vestram
2822 3029 3260 3086 incredulitatem
3316 3034 3373 3082 et
3444 3025 3513 3081 de

273 3120 547 3183 σεύοντες.
1530 3168 1537 3169 κ

343 3206 457 3275 Ούχ
484 3207 517 3276 ἡ
546 3206 791 3277 δευτέρα,
823 3206 937 3259 ἀλλ’
974 3207 1007 3278 ἡ
1042 3204 1255 3278 πρώτη,
1295 3208 1381 3276 ἐφ’
1479 3210 1691 3279 χαίρειν
1721 3209 1843 3264 δέον

272 3299 372 3352 καὶ
398 3301 677 3369 ἀνυμνεῖν,
708 3300 865 3369 ὑμεῖς
893 3298 1177 3369 ὀργίζεσθε
1209 3299 1301 3353 καὶ
1323 3300 1663 3355 nassum.

346 3480 443 3544 Τὸ,
490 3480 623 3534 Ἐὰν
650 3478 736 3547 μὴ
791 3478 956 3548 δήσῃ
991 3480 1097 3534 τὸν
1127 3481 1401 3549 ἰσχυρὸν,
1465 3481 1558 3535 τὸν
1622 3482 1845 3553 ίσχυρδν

270 3570 425 3639 λέγει
453 3570 542 3624 τὸν
577 3570 839 3637 διάϐολον,
868 3572 967 3624 ούκ
1016 3572 1081 3624 ὲκ
1104 3571 1204 3641 τῆς
1253 3571 1417 3626 αὑτοῦ
1452 3572 1691 3640 φύσεως,
1726 3574 1841 3628 ἀλλ’

273 3666 344 3719 ἐκ
373 3666 473 3733 τῆς
499 3665 772 3735 ἡμετέρας
802 3664 1081 3735 ἀμελείας.

365 3755 428 3809 '0
453 3756 538 3825 μὴ
578 3755 662 3808 ὢν
681 3755 808 3824 μετ’
845 3756 1012 3823 ἐμοῦ,
1055 3757 1183 3808 κατ’
1214 3754 1358 3824 ἐμοῦ
1405 3755 1596 3820 ἐστιν,
1640 3759 1842 3812 σκοπὸν

276 3847 391 3918 ἔχει
420 3846 678 3911 τοιοῦτον,
708 3848 789 3899 ὅτι
834 3846 973 3914 Ἐγὼ
1023 3846 1121 3916 μὲν
1153 3847 1353 3916 ἀρετὴν
1390 3846 1650 3913 διδάσκω,
1704 3849 1754 3901 οἱ
1786 3849 1843 3902 δὲ

275 3940 531 4008 δαίμονες
561 3939 629 3992 τὰ
671 3937 887 3991 ἐναντία
935 3938 1164 4001 τούτοις.
1210 3937 1333 4001 Πῶς
1388 3932 1482 3991 οὖν
1523 3939 1552 3992 ό
1608 3938 1683 4009 μὴ
1725 3941 1842 4010 μετ’

274 4029 414 4099 ἐμοῦ
446 4029 543 4091 ὢν,
572 4029 696 4098 ἐμοὶ
718 4028 1091 4098 συμπράττειν
1118 4028 1338 4097 ἔμελλεν
1361 4042 1376 4091 ;

362 4120 833 4190 Ἀπροφασίστως·
867 4118 1024 4173 τοῦτο
1069 4120 1225 4188 δῆλον
1250 4120 1633 4191 ἀμετανοήτων
1659 4120 1844 4189 μενόν-

278 4228 386 4268 των
417 4213 723 4281 ἑκατέρων*
766 4213 815 4264 εἰ
848 4211 911 4281 δή
942 4227 1007 4278 γε
1040 4211 1195 4274 ἀξίαν
1217 4212 1318 4281 τῆς
1352 4212 1624 4281 ἁμαρτίας
1672 4213 1844 4280 μετά-

275 4319 429 4355 νοιαν
459 4302 835 4365 ἐπιδείξαιντο,
874 4301 1238 4371 ἀφεθήσεται·
1295 4304 1323 4353 ό
1370 4302 1468 4370 μὲν
1493 4301 1590 4372 τὴν
1624 4302 1844 4372 ἐκείνην

1947 3124 2099 3180 vobis
2132 3125 2548 3193 triumphantes.

2016 3214 2183 3271 Vens.
2241 3215 2332 3269 28.
2382 3212 2498 3268 Non
2527 3214 2847 3279 secundum,
2874 3212 2971 3270 sed
3020 3213 3253 3283 primum
3285 3222 3513 3281 regnum

1946 3308 2001 3362 in
2047 3322 2157 3377 quo
2204 3306 2374 3360 laetari
2422 3314 2635 3375 oportet
2678 3316 2732 3359 et
2781 3313 3021 3369 cantare,
3070 3318 3166 3357 vos
3214 3298 3514 3356 irascimini

1945 3408 1999 3453 et
2021 3398 2248 3468 rejieitis

2018 3487 2180 3543 Vens.
2236 3488 2326 3542 29.
2379 3487 2497 3541 Nisi
2535 3489 2684 3558 prius
2720 3487 3022 3557 alligaverit
3064 3486 3281 3555 fortem;
3319 3484 3511 3552 fortem

1944 3578 2221 3633 diabolum
2250 3576 2472 3642 indicat,
2504 3591 2611 3632 non
2639 3591 2704 3631 ex
2733 3576 2852 3648 ejus
2870 3585 3089 3641 natura,
3109 3575 3201 3631 sed
3229 3588 3292 3628 ex
3329 3582 3513 3628 nostra

1946 3668 2294 3738 negligentia.
3350 3712 3355 3715 .

2018 3758 2181 3815 Vens.
2243 3760 2333 3815 50.
2385 3759 2491 3824 Qui
2548 3776 2650 3812 non
2705 3769 2779 3812 est
2813 3773 3014 3811 mecum
3060 3766 3243 3810 contra
3288 3770 3367 3807 me
3412 3764 3515 3817 est,

1946 3848 2107 3903 talem
2136 3848 2296 3902 habet
2326 3848 2781 3919 signiﬁcationem
2817 3865 2829 3900 :
2866 3847 2975 3916 Ego
3008 3845 3224 3914 quidem
3258 3845 3513 3898 virtutem

1946 3938 2135 4002 doceo,
2184 3939 2460 3994 daemones
2486 3954 2614 3994 vero
2638 3938 2940 3993 contraria.
2994 3936 3282 4002 Quomolo
3351 3936 3517 4002 igitur

1945 4030 2037 4100 qui
2069 4046 2176 4084 non
2207 4039 2291 4085 est
2320 4044 2557 4095 mecum,
2617 4044 2832 4085 mecum
2868 4028 3081 4099 operari
3117 4025 3377 4081 deberet?

2020 4122 2182 4177 Vens.
2242 4121 2573 4191 5|.Ahsque
2626 4123 3021 4185 excusatione;
3052 4120 3182 4174 illud
3233 4119 3519 4174 evidenter

1946 4213 2075 4268 dum
2108 4222 2399 4283 utrumque
2435 4214 2557 4267 sine
2582 4213 2903 4282 pmnitentia
2935 4210 3283 4274 remanserit;
3316 4210 3359 4262 si
3388 4223 3518 4262 vero

1947 4302 2163 4370 dignam
2187 4305 2391 4371 peccati
2412 4303 2785 4374 ptenitentiam
2800 4302 3165 4363 exhibuerint,
3192 4302 3513 4363 remittetur;

274 4393 436 4463 δίκην
476 4395 541 4463 ἢν
571 4394 661 4445 καὶ
695 4392 942 4445 ύπέτεινε
980 4392 1149 4460 μόνην
1173 4406 1186 4422 ⁸
1219 4393 1245 4444 ό
1272 4390 1331 4444 δὲ
1385 4390 1451 4453 ἃς
1484 4386 1683 4460 ὦφλεν,
1744 4394 1841 4461 τήν

1969 4392 2024 4445 lli
2058 4392 2277 4461 quidem
2328 4407 2544 4460 ptenam
2580 4392 2632 4444 in
2663 4406 2825 4460 quam
2862 4391 3034 4446 solam
3076 4391 3333 4455 incurrit;
3391 4390 3517 4443 huic

277 4502 338 4537 τε
374 4483 606 4538 ἐνταῦθα
632 4484 726 4536 καὶ
748 4484 847 4551 τὴν
876 4482 1110 4536 ἐκεῖθεν.

364 4668 725 4739 ’Λφεθήσεται
779 4670 889 4730 τοῖς
919 4664 1284 4737 ἀνθρώποιςή
1324 4670 1404 4731 εἰς
1431 4668 1525 4720 τὸν
1574 4667 1701 4720 Υίδν
1750 4668 1845 4722 τοῦ

280 4761 571 4831 ἀνθρώπου
604 4759 849 4829 ἁμαρτία
876 4761 934 4812 ὲν
970 4758 1048 4829 τῷ
1075 4758 1169 4811 νῦν
1208 4760 1406 4812 αἰῶνι·
1444 4761 1537 4813 καὶ
1564 4760 1625 4811 οὐ
1664 4759 1847 4813 τίσου-

283 4872 368 4909 σιν
407 4854 545 4925 ὑπὲρ
576 4853 744 4923 αὐτῆς
780 4853 1013 4907 ἐνταῦθα
1051 4852 1228 4923 δίκην,
1264 4855 1322 4906 ὲν
1357 4852 1540 4921 μέντοι
1602 4852 1679 4922 τῷ
1720 4854 1849 4921 μέλ-

281 4940 427 4994 λοντι
470 4940 818 4994 ἀποτίσουσιν
838 4956 854 4971 ο
907 4941 939 5010 ἡ
968 4940 1011 4992 δ’
1045 4941 1125 5003 είς
1158 4939 1218 4993 τὸ
1248 4939 1473 5009 Πνεῦμα
1504 4940 1845 5011 βλασφημία,

282 5032 404 5087 οὔτε
433 5035 491 5085 ἐν
520 5032 600 5100 τῷ
629 5034 722 5087 νῦν
755 5032 879 5085 οὔτε
932 5035 991 5086 ὲν
1042 5031 1120 5103 τῷ
1173 5031 1418 5102 μέλλοντι
1475 5033 1807 5104 ἀφεθήσεται
1832 5048 1846 5062 ’

283 5125 377 5178 καὶ
399 5124 504 5195 γὰρ
529 5125 626 5195 ὅλη
656 5124 803 5177 ἐστὶν
835 5125 867 5193 ή
899 5123 1123 5193 τοιαύτη
1160 5122 1429 5192 ἁμαρτία.

354 5216 445 5286 Τῷ
476 5216 885 5286 βλασφημοῦντι
947 5216 1027 5277 είς
1088 5216 1149 5267 τὸ
1181 5215 1404 5284 Πνεῦμα
1449 5204 1553 5267 οὐκ¹
1582 5214 1853 5284 ἀφεθήσε-

1948 4490 2129 4538 autem
2166 4497 2303 4552 quas
2332 4482 2580 4547 debebat,
2606 4495 2823 4551 poenam
2855 4483 2909 4536 in
2941 4482 3045 4537 hoc
3084 4481 3305 4547 saeculo,
3327 4488 3381 4534 et
3402 4494 3515 4550 pte-

1949 4587 2073 4627 nam
2112 4573 2164 4625 in
2202 4571 2402 4627 futuro.

2023 4663 2346 4717 Remittetur
2370 4663 2680 4719 hominibus
2700 4663 2751 4718 in
2769 4663 2963 4718 Filium
2984 4662 3221 4717 hominis
3235 4672 3513 4731 peccatum

1949 4756 2004 4809 in
2036 4756 2139 4809 hoe
2174 4756 2428 4823 prmsenti
2465 4756 2699 4821 smeulo;
2732 4766 2787 4810 et
2817 4772 2923 4811 non
2954 4770 3143 4825 poenas
3182 4755 3248 4809 de
3294 4756 3386 4809 illo
3419 4757 3508 4810 hic

1950 4846 2121 4911 luent,
2150 4847 2203 4901 in
2242 4846 2427 4903 futuro
2461 4864 2593 4903 vero
2642 4850 2887 4913 solvent;
2941 4848 3275 4918 bIaSphemia
3330 4858 3511 4903 autem

1952 4938 2006 4992 in
2059 4937 2343 5007 Spiritum,
2381 4955 2560 5010 neque
2609 4940 2661 4993 in
2712 4940 2964 5009 przesenti
3012 4957 3186 5010 neque
3223 4941 3273 4993 in
3328 4939 3513 4995 futuro

1948 5030 2272 5095 remittetur;
2327 5032 2525 5084 etenim
2589 5031 2902 5085 universum
2938 5041 3023 5086 est
3072 5032 3178 5087 tale
3210 5040 3514 5102 peccatum.

2023 5214 2423 5283 Blasphemanti
2454 5214 2507 5267 in
2570 5213 2833 5284 Spiritum
2876 5229 2984 5268 non
3033 5213 3369 5268 remittetur.
3404 5210 3515 5267 Iloc

281 5322 412 5359 ται·
446 5305 604 5357 τοῦτο
628 5305 684 5357 δὲ
715 5304 860 5371 λέγει
909 5304 1039 5373 περὶ
1068 5304 1162 5356 τοῦ
1195 5303 1353 5371 ἁγίου
1382 5302 1699 5373 Πνεύματος
1756 5303 1841 5356 xui

1962 5313 2131 5360 autem
2163 5304 2292 5360 dicit
2331 5305 2396 5359 de
2427 5314 2618 5360 sancto
2650 5305 2855 5374 Spiritu
2892 5316 2947 5362 et
2983 5305 3157 5375 signis
3190 5320 3312 5373 qua:
3346 5303 3513 5358 facie-

281 5398 391 5450 τῶν
424 5396 665 5466 σημείων
710 5388 784 5448 ὧν
812 5394 1025 5448 ἐποίει·
1085 5396 1147 5447 τὸ
1202 5395 1280 5458 δὲ,
1334 5397 1455 5448 Οὐκ
1484 5395 1841 5463 ἀφεθήσεται

1962 5396 2060 5449 bat.
2134 5394 2368 5449 Dicenda
2422 5409 2592 5449 vero:
2636 5394 2758 5449 Non
2814 5396 3109 5448 remittetur
3137 5410 3298 5461 neque
3324 5394 3379 5447 in
3418 5393 3514 5448 hoc

281 5488 420 5542 οὔτε
445 5488 514 5540 ἐν
541 5486 620 5551 τῷ
652 5486 768 5541 νῦν
800 5486 937 5540 οὔτε
985 5486 1054 5539 ἐν
1109 5483 1186 5549 τῷ
1234 5484 1543 5553 μέλλοντι,
1603 5487 1718 5549 τοῖς
1780 5486 1841 5555 μί

1962 5486 2144 5542 tteculo
2192 5503 2351 5556 neque
2388 5488 2441 5541 in
2482 5487 2682 5556 futuro,
2733 5486 2801 5543 de
2854 5504 2960 5543 non
3000 5484 3389 5556 ptenitentibus
3440 5485 3513 5543 lo-

284 5579 626 5650 μετανοοῦσι,
662 5579 830 5646 λέγει.
874 5608 889 5619 ο
1514 5604 1517 5605 ν

1962 5577 2160 5648 quitur.

359 5668 452 5729 Τὸ.
486 5672 561 5725 ’Ἡ
584 5668 875 5737 ποιήσατε
928 5668 995 5724 τὸ
1027 5667 1278 5739 δένδρον
1302 5669 1559 5738 σαπρὸν,
1594 5668 1693 5724 καὶ
1748 5670 1841 5725 τόν

2028 5668 2189 5726 Vens.
2225 5669 2312 5726 55.
2366 5669 2521 5741 Illud,
2560 5672 2660 5725 Aut
2712 5672 2869 5740 facile
2922 5671 3157 5729 arborem
3190 5673 3405 5737 malam.
3462 5682 3511 5729 et
