3920 6206
192 260 330 344 1113

1177 258 1500 318 SCHOLIA
1538 257 1836 319 VETERA
1875 257 1955 318 ιΝ
1995 259 2464 322 ΜΑΤΤΠᾹΕΠΜ.

3293 263 3431 337 illi

189 377 280 432 xxi.
309 371 576 444 ῥᾴθυμα·
613 369 723 422 εἰσὶ
751 369 886 436 δὲέν
914 371 980 440 τῇ
1015 370 1186 439 πέτρᾳ
1239 369 1290 426 οἱ
1348 367 1749 436 ἀσθενέστεροι,

1878 383 2047 437 .egnes
2077 381 2239 434 sunt;
2277 371 2330 430 in
2368 380 2518 442 petra
2566 381 2746 430 autem
2792 373 3196 436 imbecilliores.
3230 381 3403 432 Solum

191 464 352 537 μόνον
377 461 632 524 λαϐόντες
663 461 758 514 καὶ
791 460 868 527 μὴ
899 458 1368 530 ἀναμοχλεύοντες
1391 461 1469 521 εἰς
1502 460 1561 511 τὸ
1594 458 1754 522 δέξα-

191 554 344 606 σΟαιθ
391 553 441 603 οἱ
463 551 507 604 δ’
540 554 598 602 ὲν
627 552 745 612 ταῖς
768 550 1052 618 ἀκάνθαις,
1087 552 1136 602 οἱ
1159 552 1216 604 ἐν
1262 551 1576 620 μερίμναις,

263 644 303 696 Τ
312 645 358 706 ις
383 647 412 698 ὁ
434 641 800 714 καρποφορῶν
829 642 898 697 τὰ
920 641 1113 698 ἑκατόν
1133 659 1148 708 ;
1172 642 1255 705 τίς
1278 645 1306 696 ὁ
1331 642 1401 696 τὰ
1453 642 1754 712 ὲξήκοντα;

191 733 274 796 τίς
308 734 336 784 ό
385 733 712 802 τριάκοντα;
766 731 921 787 Ἔστι
968 731 1024 786 δὲ
1067 731 1282 792 ἑκατὸν,
1330 731 1629 800 παρθενία·
1691 731 1757 788 τὰ

191 825 482 890 ἐξήκοντα,
513 821 691 891 γάμος
719 821 912 889 σεμνὸς
951 821 1048 880 καὶ
1098 821 1351 892 σώφρων,
1401 819 1758 891 μεριζόμενος

194 912 332 981 μετὰ
392 909 632 983 Χριστοῦ
688 909 755 968 τὰ
795 911 1148 981 ὑπάρχοντα·
1201 912 1269 968 τὰ
1325 911 1380 972 δὲ
1424 911 1755 981 τριάκοντα,

193 1003 395 1072 ὁμοίως
419 1003 597 1072 γάμος
635 1001 835 1071 σεμνὸς
875 1001 970 1054 καὶ
997 1001 1226 1072 σώφρων
1255 1003 1352 1072 τὴν
1371 1003 1562 1073 τρίτην
1581 1002 1758 1065 διδοὺς

198 1097 412 1164 μοῖραν,
464 1091 748 1162 προδήλως
799 1091 1215 1162 φυλαττομένων
1263 1094 1356 1152 καὶ
1404 1094 1510 1148 τῶν
1553 1093 1757 1151 λοιπῶν

196 1184 428 1254 ἀρετῶν.

265 1276 363 1332 Διὰ
389 1275 439 1326 τι
473 1273 568 1327 νῦν
607 1274 703 1343 μὲν
725 1273 783 1325 ὲν
826 1273 1161 1344 παραϐολαῖς
1183 1274 1516 1342 διαλέγεται,
1566 1277 1653 1327 ὅτε
1697 1275 1755 1333 δὲ

194 1366 288 1417 ἐπὶ
315 1366 407 1417 τοῦ
446 1365 605 1434 ὅρους
647 1364 924 1418 ἐδίδασκεν
956 1366 1053 1433 οὐχ
1085 1366 1289 1430 οὖτως;
1320 1367 1443 1424 ὀτι
1492 1367 1614 1423 τότε
1659 1369 1758 1434 μὲν

197 1455 354 1526 ὄχλος
391 1456 600 1519 ἄκακος
620 1451 708 1528 ἦν,
737 1455 830 1516 νῦν
855 1455 912 1510 δὲ
935 1457 1290 1527 Γραμματεῖς
1320 1459 1414 1512 καὶ
1443 1458 1756 1528 Φαρισαῖοι.

263 1633 357 1694 Τὸ,
406 1634 612 1700 Ὅστις
657 1634 802 1703 ἔχει,
855 1633 1176 1701 δοθήσεται
1205 1636 1366 1702 αὐτῷ
1413 1637 1512 1691 καὶ
1551 1652 1757 1706 ars-pta.

195 1720 580 1786 aevﬂricrstat,
625 1723 719 1773 καὶ
763 1724 830 1776 τὰ
858 1722 1006 1792 ἑξῆς,
1035 1723 1215 1793 δηλοῖ·
1245 1725 1414 1786 Ὅταν
1456 1744 1539 1788 τις
1564 1726 1764 1796 προθυ-

201 1813 325 1886 μίαν
366 1812 492 1883 ἔχῃ,
534 1812 820 1884 δοθήσεται
844 1813 993 1883 αὐτῷ
1036 1814 1128 1866 καὶ
1172 1814 1240 1868 τὰ
1285 1816 1436 1886 παρὰ
1475 1816 1570 1869 τοῦ
1625 1816 1760 1870 Θεοῦ

197 1917 431 1958 απαντα.

268 1990 416 2061 Αὕτη
464 1992 498 2062 ἡ
542 1991 829 2064 παραϐολὴ
880 1991 1008 2062 περὶ
1049 1993 1160 2048 τῶν
1215 1996 1482 2068 αἱρέσεων
1526 1998 1760 2070 διαλαμς

197 2082 371 2137 δανει.

279 2173 340 2228 ἸΙ
359 2175 608 2244 περὶτῶν
631 2174 884 2241 ζιζανίων
910 2177 1195 2249 παραϐολὴ
1213 2181 1245 2246 ἠ
1272 2179 1525 2247 λέγουσα,
1551 2182 1633 2233 ὅτι
1667 2182 1764 2233 Ἐν

196 2262 278 2327 τῷ
301 2265 609 2321 καθεύδειν
637 2267 772 2331 τοὺς
791 2267 1141 2334 ἀνθρώπους
1167 2265 1352 2339 ἦλθεν
1385 2271 1573 2324 αὐτοῦ
1609 2275 1641 2323 ό
1668 2271 1765 2339 ἐχ-

198 2353 336 2421 υρὸς
391 2354 489 2406 καὶ
539 2354 778 2422 ἔσπειρε
819 2353 1032 2416 ζὶζάνια
1083 2356 1200 2410 ἀνὰ
1231 2355 1427 2428 μέσον
1460 2357 1567 2410 τοῦ
1587 2359 1763 2411 σίτου

198 2443 298 2496 καὶ
325 2443 577 2512 ἀπῆλθε,
607 2446 820 2511 ζιζάνια
838 2447 986 2516 λέγει
1013 2449 1140 2511 τοὺς
1171 2447 1479 2518 αἱρετικούς
1505 2465 1520 2478 ·
1549 2450 1673 2511 τοὺς
1705 2448 1763 2500 δὲ

198 2532 522 2598 ὑπνοῦντας,
546 2536 670 2598 τοὺς
706 2537 890 2609 ἱερεῖς⁸
915 2539 997 2591 ὃτι
1012 2537 1068 2589 δὲ
1093 2539 1280 2605 ὥσπερ
1301 2537 1362 2598 τὸ
1384 2537 1629 2602 ζιζάνιον
1665 2536 1765 2588 ἐοι-

199 2639 293 2676 κεν
313 2623 388 2693 τῷ
412 2626 566 2694 σέτῳ,
589 2623 760 2689 οὕτως
785 2627 877 2680 καὶ
903 2628 936 2698 ὴ
958 2627 1167 2694 αἵρεσις
1203 2630 1272 2696 τῇ
1315 2627 1542 2696 ἀληθείᾳ
1560 2643 1574 2656 ο
1621 2625 1762 2678 ὥστε

196 2715 461 2785 διηνεκῶς
484 2717 728 2786 φυλακῆς
751 2719 855 2771 δεῖ·
890 2718 1040 2776 ἄλλοι
1065 2719 1121 2771 δὲ
1161 2719 1257 2790 τὴν
1283 2716 1599 2789 παραϐολὴν
1633 2717 1764 2769 ταύ-

194 2823 294 2876 την
323 2808 400 2870 εἰς
429 2808 526 2872 τὰς
557 2809 849 2873 ἐπιϐουλὰς
878 2810 987 2864 τῶν
1024 2811 1299 2880 δαιμόνων
1343 2809 1655 2877 ὲνενόησαν.

269 2896 408 2950 “Ore
437 2897 504 2951 δὲ
533 2899 915 2968 ἐϐλάστησεν
948 2904 980 2953 ὁ
1013 2903 1244 2970 χόρτος,
1278 2900 1411 2953 τότε
1444 2899 1635 2968 ἐφάνη
1664 2897 1761 2951 καὶ

195 2987 270 3042 τὰ
325 2985 560 3048 ᾇζάνια.
614 2990 774 3061 Παρὰ
828 2991 927 3060 μὲν
971 2993 1035 3060 τῇ
1089 2991 1230 3061 ἀρχῇ
1280 2990 1656 3051 συσκιάζουσιν
1712 2987 1760 3041 οε

198 3079 466 3150 αἱρετικοὶ
504 3081 729 3147 ἑαυτούς
752 3097 766 3112 ’
804 3082 891 3134 ἐπ’
941 3082 1007 3135 ἂν
1045 3083 1101 3134 δὲ
1137 3081 1337 3152 πολλὴν
1368 3083 1574 3134 λάϐωσι
1617 3083 1759 3152 παῤ-

199 3171 416 3242 ῥησὶαν,
451 3172 571 3224 τότε
603 3171 693 3225 τὸν
729 3173 805 3225 ἰὸν
829 3173 1130 3243 ἐκχέουσιν.

265 3263 536 3336 Θερισμὺν
575 3263 669 3318 νῦν
709 3263 805 3335 τὴν
854 3263 1163 3318 συντέλειαν
1201 3265 1388 3334 λέγει·
1444 3263 1659 3328 ζιζάνια
1707 3264 1763 3318 δὲ

196 3355 321 3419 τοὺς
349 3357 676 3424 αἱρετικοὺς,
711 3355 803 3418 οὓς
829 3358 922 3410 καὶ
956 3357 1154 3409 κωλύει
1173 3355 1528 3426 ἀναιρεῖσθαιο
1549 3356 1609 3406 οὑ
1632 3355 1762 3426 μέν-

196 3464 281 3499 τοι
311 3465 372 3515 γε
415 3448 490 3517 μὴ
527 3448 950 3519 περικόπτεσοαι
983 3448 1162 3502 αὐτῶν
1196 3448 1294 3518 τὴν
1328 3449 1638 3520 παρρησίαν
1671 3447 1763 3501 καὶ

198 3537 296 3599 τὰς
336 3537 614 3600 συνόδουςο
659 3540 753 3592 καὶ
792 3537 1024 3608 ἀλλαχοῦ
1079 3538 1336 3610 θερισμὸν
1368 3539 1466 3607 τὴν
1516 3537 1761 3608 ὑπακοὴν

197 3629 306 3683 τῶν
348 3629 718 3696 ἀκουσάντων,
753 3630 828 3693 ὡς
859 3630 956 3700 μὲν
985 3630 1242 3700 Θερισμός
1278 3630 1464 3694 πολὺς,
1495 3631 1540 3682 οἱ
1576 3630 1630 3682 δὲ
1667 3631 1761 3701 ἐρ-

199 3722 386 3788 γάται,
416 3721 534 3791 ἦτοι
561 3723 610 3773 οἱ
636 3721 970 3787 διδάσκαλοι,
1008 3721 1178 3791 ὀλίγοι
1197 3740 1208 3752 ·
1237 3721 1444 3782 δώδεκα
1481 3721 1589 3792 γὰρ
1620 3717 1762 3793 ἦσαν

198 3815 248 3868 οἱ
281 3811 539 3884 μαθηταί.

269 3904 331 3956 υἱ
361 3903 602 3973 θερισταὶ
643 3905 863 3974 ἄγγελοί
891 3907 1032 3962 εἰσιν
1063 3907 1111 3960 οἱ
1155 3906 1438 3974 μισοῦντες
1481 3905 1577 3970 τὰς
1605 3907 1759 3978 αἱρέ-

201 4011 334 4060 σεις,
373 3996 467 4048 καὶ
495 3995 722 4066 ἐκκόψαι
764 3995 931 4060 αὑτὰς
976 3996 1286 4077 βουλόμενοι
1318 4014 1330 4026 ’
1383 3997 1444 4048 τὸ
1487 3997 1567 4062 δὲ,
1606 3997 1763 4051 ἐκκό-

198 4084 314 4153 ψαι,
352 4085 503 4154 δηλοί
534 4087 632 4156 τὴν
673 4085 850 4140 αὐτῶν
883 4087 1098 4157 σφαγήν
1124 4104 1138 4118 ·
1175 4088 1274 4140 οὐκ
1315 4087 1601 4158 ἐπιτρέπει
1645 4087 1701 4140 δὲ
1735 4089 1763 4142 ὁ

199 4178 350 4245 Θεὸς,
382 4178 470 4231 ἴνα
498 4177 572 4248 μὴ
590 4177 842 4245 πολέμων
874 4176 1229 4245 κινηθέντων,
1255 4179 1311 4228 ὲν
1339 4177 1416 4246 τῷ
1447 4177 1763 4245 κατασφάτ-

199 4271 386 4330 τεσοαι
433 4271 628 4331 αὐτοὺς
667 4269 880 4337 ἀνάγκη
930 4266 1101 4337 πολλὴ
1139 4269 1236 4326 καὶ
1284 4267 1408 4328 τοὺς
1437 4267 1532 4318 τοῦ
1589 4266 1758 4330 σίτου,

1862 458 2021 516 modo
2047 462 2366 530 recipientes
2397 472 2452 517 et
2479 479 2585 516 non
2618 464 2966 518 conuiteutes
2996 467 3061 519 aJ
3093 482 3432 521 censet-van-

1860 549 2020 617 dum;
2056 552 2148 624 qui
2181 568 2305 606 vero
2338 555 2390 607 in
2423 555 2618 623 spinis,
2666 556 2816 610 curis
2858 558 3090 610 anxiuti.

1930 640 2094 697 Vens.
2176 643 2230 696 8.
2307 643 2441 709 Quis
2507 644 2744 700 fructum
2807 647 2955 700 dedit
3020 649 3432 702 centu-simum?

1859 732 1982 800 quis
2028 735 2468 808 sexagesimum?
2514 735 2646 800 Quis
2709 737 3082 790 tricesimum?
3138 737 3241 802 Qui
3305 754 3434 792 ern-

1861 824 2137 886 tcsimum,
2180 824 2494 892 virginitas;
2526 826 2619 894 qui
2677 827 3101 894 sexagesimum,
3153 828 3433 880 matrimo-

1860 913 2009 964 nium
2026 912 2343 966 honorabile
2361 921 2414 968 et
2432 925 2642 968 castum
2663 915 2910 968 dividens
2931 931 3052 968 cum
3071 915 3288 970 Christo
3314 932 3433 983 qua:

1861 1001 2124 1070 possidet;
2159 1003 2249 1069 qui
2283 1003 2640 1068 tricesimum,
2672 1006 2832 1059 etiam
2897 1006 3303 1061 matrimonium
3332 1009 3430 1061 lto-

1859 1094 2103 1146 norabile
2145 1105 2198 1147 et
2245 1104 2450 1148 castum
2514 1096 2727 1147 tertiam
2785 1095 2920 1148 dans
2977 1105 3203 1164 partem,
3272 1098 3433 1152 modo

1860 1183 1960 1235 rite
1993 1185 2349 1238 observentur
2381 1185 2604 1253 reliquae
2637 1186 2886 1238 virtutes.

1932 1269 2094 1325 Vens.
2131 1273 2214 1326 lO.
2251 1273 2361 1324 Cur
2395 1287 2539 1324 nunc
2573 1270 2794 1339 quidem
2844 1270 2896 1322 in
2935 1271 3207 1338 parabolis
3254 1271 3434 1338 loqui-

1861 1375 1968 1427 tur,
2002 1380 2124 1418 eum
2155 1365 2206 1416 in
2234 1371 2416 1417 monte
2460 1379 2566 1417 non
2619 1364 2713 1417 tali
2761 1365 2921 1416 tuodo
2967 1363 3261 1416 docuerit?
3297 1363 3430 1427 Quia

1862 1467 1990 1513 tunc
2017 1458 2172 1510 tut-ha
2206 1456 2468 1510 innocens
2490 1464 2630 1520 erat,
2672 1471 2816 1512 nunc
2843 1470 2969 1509 vero
2991 1455 3193 1509 Scriba:
3223 1463 3353 1508 sunt
3380 1463 3434 1506 et

1862 1546 2142 1602 Pharisaei.

1939 1637 2100 1692 Vens.
2145 1636 2231 1690 1‘2.
2263 1637 2417 1699 Illud,
2450 1636 2553 1700 Qui
2610 1636 2786 1698 habet,
2837 1635 3058 1688 dabitur
3088 1636 3137 1688 ci
3174 1645 3222 1687 et
3267 1634 3433 1686 abun-

1795 1722 2032 1794 Bdabit,
2090 1738 2144 1782 et
2192 1728 2428 1798 reliqua;
2478 1727 2718 1784 ostendit
2771 1726 2954 1791 alicui,
3007 1727 3134 1780 dttnt
3197 1726 3431 1780 favorem

1865 1818 2085 1883 habeat,
2119 1817 2297 1871 danda
2326 1833 2445 1870 esse
2473 1833 2500 1870 ξι
2532 1819 2635 1869 Deo
2664 1832 2881 1885 quoque
2927 1816 3134 1869 omnia.

1939 1997 2098 2052 Vens.
2135 1996 2217 2051 18.
2255 1995 2372 2066 ipsa
2404 1997 2661 2066 parabole
2692 1997 2759 2052 de
2781 1996 3076 2052 hazrcsihus
3112 2005 3325 2052 tractat.

1933 2179 2102 2235 Vens.
2255 2179 2519 2236 Parabola
2567 2181 2635 2236 de
2674 2180 2900 2235 zizaniis
2947 2180 3088 2234 dicta
3149 2188 3254 2245 cst,
3305 2181 3432 2248 quia

1861 2284 1985 2324 cum
2026 2271 2328 2324 dormirent
2363 2271 2630 2334 homines,
2665 2272 2812 2324 venit
2861 2271 3116 2330 inimicus
3161 2281 3214 2323 et
3264 2272 3434 2323 semi-

1862 2360 2012 2415 navit
2059 2360 2264 2414 zizania
2311 2359 2364 2414 in
2419 2360 2598 2414 medio
2652 2359 2816 2414 tritici
2873 2373 2928 2415 et
3003 2360 3167 2412 abiit.
3207 2358 3434 2414 Zizaoia

1863 2450 2149 2506 haereticos
2200 2450 2518 2522 designant;
2563 2449 2810 2504 homines
2840 2449 3194 2510 dormientes,
3254 2464 3436 2503 sacer-

1863 2542 2048 2605 dotes;
2092 2541 2184 2596 sed
2214 2550 2272 2594 ut
2299 2540 2506 2594 zizania
2539 2539 2734 2593 similia
2763 2548 2892 2592 sunt
2918 2540 3124 2600 tritico,
3160 2539 3241 2593 sic
3269 2540 3437 2594 luere-.-

1865 2634 1943 2688 sis
1997 2631 2237 2696 veritati,
2289 2632 2364 2683 ita
2397 2640 2456 2684 ut
2514 2644 2736 2684 necesse
2771 2630 2842 2683 sit
2875 2639 3132 2697 perpetuo
3184 2630 3430 2698 vigilare.

1864 2723 1968 2784 Alii
2021 2730 2198 2776 autem
2234 2724 2374 2778 hanc
2407 2719 2721 2790 parabolam
2759 2719 2826 2773 dc
2867 2720 3081 2776 insidiis
3123 2720 3433 2775 daemonum

1865 2817 2264 2876 intellexerunt.

1938 2908 2096 2960 Vens.
2131 2906 2220 2960 ‘26.
2254 2905 2381 2960 Cum
2407 2914 2579 2958 autem
2613 2905 2852 2960 crevisset
2885 2903 3066 2962 herba,
3102 2915 3225 2958 tunc
3273 2920 3437 2972 appa-

1867 3007 2085 3056 ruerunt
2114 3007 2163 3056 ct
2213 2997 2444 3056 zizania.
2472 2994 2530 3052 ltt
2579 2995 2847 3066 principio
2898 2995 3118 3064 quidem
3161 2994 3438 3046 oceul:ant

1864 3103 1922 3142 se
1953 3085 2208 3150 haeretici,
2245 3085 2337 3140 sed
2380 3100 2502 3139 cum
2549 3084 2772 3139 multam
2823 3082 3127 3138 libertatem
3154 3081 3426 3152 ceperintIl

1866 3190 1993 3237 tunc
2017 3193 2280 3234 venenum
2309 3175 2639 3234 dill’ttndunt.

1936 3273 2096 3328 Vens.
2139 3273 2228 3327 50.
2277 3269 2502 3326 Messem
2557 3270 2644 3323 hic
2695 3266 3222 3330 consummationem
3272 3265 3434 3330 dicit;

1865 3366 2073 3420 zizania
2103 3364 2407 3427 ltmrcticos,
2427 3377 2563 3432 quos
2591 3360 2838 3429 prohibet
2862 3358 3090 3421 destrui,
3124 3373 3229 3417 non
3257 3372 3434 3414 autem

1865 3456 2090 3528 reprimi
2120 3471 2311 3510 eorum
2340 3455 2644 3508 libertatem
2675 3461 2730 3506 et
2765 3450 3174 3516 conventicula;
3218 3458 3272 3503 et
3308 3448 3436 3510 alibi

1865 3563 2099 3604 messem
2147 3546 2280 3600 dicit
2320 3545 2663 3600 audientium
2715 3543 3063 3611 obsequium,
3116 3551 3196 3603 ttt,
3249 3537 3436 3593 Messi:

1863 3618 2070 3706 quidem
2102 3635 2290 3698 multa,
2326 3636 2565 3703 operarii.
2586 3642 2788 3697 autem,
2823 3632 2873 3686 id
2919 3640 2999 3690 est
3031 3631 3435 3701 praedicatores,

1865 3729 2021 3797 pauci
2053 3743 2071 3780 :
2101 3727 2388 3782 duodecim
2420 3726 2564 3780 enim
2592 3734 2748 3780 erant
2769 3722 3043 3792 discipuli.

1934 3911 2203 3970 Messores
2241 3910 2418 3981 angeli
2453 3917 2580 3966 sunt
2619 3908 2871 3966 odientes
2896 3909 3152 3967 haarcses,
3175 3915 3225 3962 et
3259 3904 3440 3958 volen-

1866 4013 1945 4060 tes
1993 4005 2112 4060 ilias
2163 4002 2781 4068 succidere;snecidcre
2819 4011 2999 4060 autem
3059 3998 3437 4059 lueretieorum

1864 4094 2286 4153 destructionem
2303 4093 2597 4162 signiﬁcat.
2621 4091 2738 4147 Non
2779 4101 2964 4147 autem
2986 4089 3249 4159 permittit
3273 4088 3436 4146 Dens.

1867 4198 1934 4238 ne
1991 4182 2362 4251 imbellornm
2411 4183 2812 4238 turbationibus
2863 4183 2930 4242 ad
2991 4196 3086 4236 eos
3108 4179 3439 4236 occidendos

1867 4288 2059 4341 magna
2089 4273 2340 4341 angustia
2375 4273 2428 4326 in
2471 4273 2736 4336 triticum,
2763 4272 2938 4334 idest,
2965 4271 3018 4322 in
3045 4283 3140 4324 eos
3162 4268 3255 4336 qui
3278 4269 3437 4322 tidem

198 4364 365 4433 ἤγουν
407 4363 534 4424 τοὺς
571 4361 670 4430 τῆς
707 4358 989 4431 όρθοδόξου
1028 4358 1280 4420 πίστεως,
1307 4359 1372 4426 τῇ
1409 4360 1591 4426 σφαγῇ
1631 4359 1760 4410 ὑπο-

1878 4369 2052 4416 tenent
2080 4363 2458 4422 orthodoxam,
2495 4361 2734 4424 recidat;
2770 4369 2829 4412 ιιι
2853 4375 2982 4427 ergo
3015 4360 3140 4414 talia
3172 4374 3280 4413 non
3309 4373 3440 4412 con-

201 4452 440 4506 πίπτειν.
485 4450 604 4504 ἰνα
640 4448 732 4504 οὖν
763 4446 918 4500 τοῦτο
949 4445 1026 4516 μὴ
1063 4444 1286 4514 γένηται
1307 4482 1323 4508 ,
1356 4443 1436 4495 ἔτι
1471 4443 1527 4496 δὲ
1559 4443 1650 4498 καὶ
1677 4445 1765 4500 διὰ

197 4546 259 4597 τὸ
292 4539 617 4611 ἐπιστρέψαι
661 4540 788 4600 τοὺς
819 4536 1161 4606 αἱρετικοὺς,
1201 4535 1346 4587 ἔστιν
1383 4536 1471 4588 ὅτε
1515 4533 1643 4595 ἴσως
1672 4535 1765 4602 γέ-

197 4653 356 4704 νηται
388 4635 531 4692 σῖτος
553 4631 620 4681 τὰ
649 4627 884 4692 ζιζάνια,
910 4625 1186 4688 παντελῶς
1215 4624 1455 4682 ἐκώλυσε
1484 4626 1583 4696 τὴν
1613 4625 1765 4680 aut.

203 4741 352 4794 ρεσιν
379 4720 578 4774 αὐτῶν.
607 4720 702 4783 Τὸ,
738 4719 1133 4786 Ἀναϐλέψάτε
1152 4716 1239 4770 ὅτι
1259 4718 1317 4770 ai
1343 4715 1526 4786 χῶραι
1549 4718 1765 4772 λευκαί

201 4818 380 4878 εἰσιν,
403 4813 501 4884 τὴν
521 4810 730 4865 τελείαν
753 4809 997 4880 ὑπακοὴν
1015 4809 1122 4862 τῶν
1149 4809 1552 4863 πιστευσάντων
1582 4810 1762 4878 λέγει.

202 4905 318 4960 εστι
360 4904 415 4958 δὲ
455 4905 541 4958 ὅτε
583 4903 838 4976 θερισμὸν
876 4902 976 4976 τὴν
1014 4899 1359 4954 συντέλειανο
1400 4899 1518 4954 ἔστι
1545 4902 1602 4955 δὲ
1626 4903 1762 4955 ὅπου

203 4997 296 5049 καὶ
325 4995 584 5066 Θερισμὺν
608 4996 700 5048 καὶ
729 4994 927 5064 σπόρον
961 4991 1093 5047 αὐτὸ
1127 4990 1310 5058 καλεῖ,
1352 4994 1487 5063 πρὸς
1515 4993 1641 5047 ἄλλο
1670 4994 1764 5046 καὶ

199 5090 328 5148 ἄλλο
355 5089 782 5159 λαμϐανόμενον.

272 5183 485 5240 Κόκλιον
518 5183 786 5244 σινάπεως
811 5181 908 5250 τὴν
944 5179 1221 5249 βασιλείαν
1250 5177 1358 5230 τῶν
1393 5178 1638 5248 οὐρανῶν
1670 5179 1760 5230 λέ-

200 5289 306 5339 γει,
337 5271 432 5342 τὴν
461 5271 549 5326 διὰ
573 5272 666 5324 τοῦ
705 5270 1059 5340 κηρύγματος
1100 5268 1504 5338 φανερωθεῖσαν
1525 5286 1538 5299 ο
1576 5269 1763 5340 ἐπειδὴ

205 5363 402 5433 σπόρον
436 5364 547 5432 ἔχει
596 5363 658 5415 τὸ
700 5363 960 5430 λάχανον,
1003 5359 1162 5413 τοῦτο
1209 5360 1442 5428 αὐξηοὲν
1482 5360 1539 5412 δὲ
1579 5362 1762 5428 μεῖζον

204 5452 407 5520 γίνεται
442 5453 549 5504 τῶν
579 5451 831 5521 λαχάνιον
853 5469 867 5483 ·
900 5450 1072 5513 οὕτως
1103 5452 1198 5504 καὶ⁸
1230 5451 1323 5504 ἐπὶ
1353 5450 1444 5504 τοῦ
1475 5451 1762 5521 κηρύγμα-

201 5559 288 5604 τος
318 5545 532 5599 πάντων
564 5545 613 5598 οἱ
663 5543 943 5596 ἀπόστολοι
981 5542 1357 5613 ἀσθενέστεροι
1419 5543 1602 5606 ὄντες,
1678 5544 1761 5608 ἒξ-

200 5631 457 5693 ήπλωσαν
490 5633 549 5686 τό
584 5633 840 5702 κήρυγμα
868 5631 1157 5701 πανταχοῦ.

1874 4452 2102 4514 tingunt,
2160 4449 2297 4505 adde
2354 4458 2534 4504 autem
2596 4448 2814 4516 quando
2875 4464 2970 4521 per
3024 4447 3438 4504 conversionem

1873 4540 2252 4598 hereticorum
2335 4539 2392 4593 iit
2438 4550 2494 4594 ut
2524 4538 2726 4608 pariter
2765 4538 2973 4592 zizania
3011 4538 3250 4596 triticum
3285 4538 3434 4602 ﬁant,

1871 4630 2116 4684 absolute
2192 4629 2471 4698 prohibuit
2515 4644 2705 4685 eorum
2757 4629 3206 4684 destructionem.
3257 4627 3433 4696 illud,

1871 4723 2097 4791 Aspicite
2127 4723 2375 4792 quoniam
2403 4724 2575 4792 campi
2611 4722 2720 4775 albi
2759 4731 2903 4785 sum,
2937 4720 3230 4792 perfectum
3278 4721 3439 4775 obse-

1871 4813 2058 4884 quium
2120 4813 2459 4870 eredcntintn
2510 4811 2784 4876 ostendit;
2851 4820 2933 4866 est
2985 4817 3167 4864 autem
3219 4812 3438 4878 quando

1872 4905 2064 4958 messis
2116 4904 2540 4966 consummatio,
2571 4913 2626 4960 et
2660 4902 2750 4955 ubi
2783 4903 2977 4958 messis
3017 4915 3204 4958 semen
3259 4902 3434 4971 ipsum

1869 5005 2089 5048 vocetur
2115 5005 2163 5050 el
2189 5010 2286 5062 pro
2321 4995 2428 5048 alio
2455 5003 2510 5046 et
2557 4994 2664 5048 alTo
2689 5002 2957 5052 sumatur.

1943 5177 2103 5232 Vens.
2169 5178 2256 5231 3i.
2313 5175 2554 5230 Granum
2622 5175 2832 5245 sinapis
2883 5191 3110 5247 regnum
3165 5176 3430 5236 cwlorttm

1869 5273 2173 5336 adumbrat,
2205 5269 2348 5337 quod
2386 5283 2479 5337 per
2510 5266 2955 5336 praedicationem
2995 5268 3290 5324 revelatum
3324 5277 3430 5322 est.

1867 5360 2134 5428 Quoniam
2193 5358 2608 5413 scminationem
2649 5357 2814 5412 habet
2867 5357 3023 5422 olus,
3084 5373 3207 5412 cum
3263 5358 3434 5412 erevit

1869 5455 2047 5522 majus
2083 5453 2140 5506 lit
2166 5451 2442 5516 oleribus;
2478 5451 2553 5504 ita
2589 5459 2644 5505 et
2673 5450 2725 5504 in
2760 5449 3143 5520 praedicatione
3176 5451 3431 5509 omnibus

1867 5545 2096 5614 apostoli
2139 5543 2428 5597 dcbiliores
2454 5557 2578 5596 cum
2610 5540 2833 5608 fuerint,
2867 5555 3199 5612 quocunque
3229 5543 3420 5616 praedi-

1867 5636 2133 5690 rationem
2171 5629 2547 5688 extenderunt.
