3920 6206
522 268 659 334 1215

1227 270 1617 333 OPUSCULA
1652 273 2286 335 SCRIPTURIS'I‘ICA
2328 274 2681 335 INCERT/E
2720 277 3031 337 IETATIS.

3646 276 3768 342 illi

588 384 758 439 Vens.
802 385 892 440 55.
935 384 1119 438 Simile.
1146 392 1222 438 est
1261 402 1475 455 regnum
1510 386 1603 440 Dei
1636 388 1913 456 fernwnto,
1952 388 2083 458 quod

2266 388 2368 451 Τὸ,
2412 389 2611 457 Ὁμοία
2650 389 2826 443 ἐστίν
2856 390 2892 457 ἠ
2933 390 3229 454 ,Βασιλεία
3275 389 3386 445 τοῦ
3418 391 3580 445 Θεοῦ
3618 394 3772 462 ζύμῃ,

519 478 779 544 accipiens
828 477 1017 529 mulier
1067 477 1339 529 absrondit
1380 478 1435 529 in
1472 478 1665 546 farina:
1713 474 1847 533 satis
1879 481 2082 545 tribus,

520 570 681 620 donec
714 568 1081 634 fermentatum
1118 578 1191 619 est
1225 576 1417 619 totum.
1459 566 1806 621 Fermentum
1840 568 2083 624 divinum

520 661 744 713 verbum
794 660 845 711 in
879 659 1139 726 apostolis
1174 667 1277 721 est,
1313 658 1455 725 quod
1507 668 1754 727 penetrat
1789 675 1886 729 per
1928 675 2083 714 suam

519 752 769 804 virtutem
826 750 1138 804 universum
1191 749 1489 814 mundum,
1554 752 1699 804 Velut
1754 751 2082 805 fermentum

522 862 612 915 per
660 862 813 899 suam
847 846 955 899 vim
994 846 1250 900 farinam.
1285 847 1412 900 Tria
1458 857 1597 911 sata,
1646 863 1744 916 pro
1780 848 1966 902 multis
2001 848 2085 901 di-

518 948 757 1001 cuntur;
789 952 885 1006 pro
922 937 1272 991 multitudine
1304 939 1447 990 enim
1483 938 1627 993 hunc
1657 953 1943 993 numerum
1993 956 2085 993 su-

518 1041 664 1078 mere
699 1025 977 1094 Scriptura
1010 1026 1224 1093 suevit;
1256 1027 1348 1081 sed
1380 1027 1542 1081 etiam
1572 1028 1765 1093 exteri,
1802 1037 1896 1083 ut:
1936 1049 1954 1081 ι
1980 1028 2087 1084 Ter

518 1114 655 1167 beati
693 1113 880 1167 Danai.
921 1134 939 1165 ι

592 1204 752 1259 Vens.
802 1206 891 1258 56.
950 1206 1085 1259 Cum
1145 1205 1199 1258 in
1264 1206 1541 1274 parabolis
1593 1208 1919 1277 loquebatur
1971 1210 2083 1277 eis,

518 1296 871 1363 interrogans
900 1295 965 1347 ad
1018 1310 1113 1349 eos
1166 1311 1223 1349 se
1266 1296 1577 1364 dirigebat;
1608 1314 1731 1351 cum
1770 1300 1953 1354 nullus
1999 1301 2083 1353 iu-

520 1395 846 1452 tet'rogaret,
881 1386 1161 1438 dimittens
1191 1400 1285 1440 eos
1320 1387 1467 1439 abiit.

590 1478 702 1529 Cur
746 1477 810 1529 ad
862 1476 1013 1529 illum
1061 1477 1263 1530 adeunt
1312 1493 1432 1532 cum
1482 1479 1728 1533 libertate.
1783 1492 2086 1549 qiizerentes

519 1566 936 1633 explicationem
1003 1567 1272 1633 parabolie
1342 1570 1718 1623 zizaniorum?
1773 1573 1911 1636 Quia
1970 1574 2081 1641 jam

519 1656 803 1710 audierant
838 1676 849 1710 :
898 1655 1050 1709 Vobis
1079 1658 1260 1710 datum
1299 1670 1376 1712 est
1418 1662 1600 1714 audire
1636 1665 1885 1731 mysteria
1919 1667 2082 1733 regni.

2190 479 2271 547 ἦν
2314 480 2590 535 λαϐοῦσα
2648 484 2805 552 γυνὴ
2861 483 3133 552 ἔκρυψεν
3173 486 3262 549 είς
3308 485 3589 551 ἀλεύρου
3636 487 3772 540 mira

2190 574 2341 641 τρία,
2368 575 2478 639 ἕως
2505 570 2576 629 οὗ
2612 574 2875 643 ἐζυμώθη
2913 575 3081 629 ὅλον.
3124 575 3281 644 Ζύμη
3316 574 3347 626 6
3387 576 3544 638 θεῖος
3578 576 3771 644 λόγοςό

2191 664 2250 716 ἐν
2277 665 2389 725 τοῖς
2428 663 2769 725 ἀποστόλοις,
2802 665 2830 715 6
2872 664 3217 733 μεταστήσας
3265 663 3414 732 πρὸς
3451 663 3560 732 τὴν
3596 665 3771 717 ἑαυτοῦ

2191 753 2420 824 δύναμιν
2460 753 2551 805 τὸν
2596 757 2774 807 πάντα
2824 754 3065 823 κόσμον·
3110 753 3303 824 ῶσπερ
3362 757 3396 823 ἠ
3444 754 3606 824 ζύμη
3659 758 3777 824 τερ-ες

2190 848 2289 917 τὴν
2329 848 2529 917 ἑαυτῆς
2571 847 2724 916 ίσχὺν
2774 846 2835 898 τὸ
2872 846 3134 916 ἄλευρον·
3186 847 3318 917 τρία
3369 846 3431 898 δὲ
3487 847 3673 910 σάτα,
3723 850 3780 899 τὶ

2193 936 2363 989 πολλὰ
2396 936 2581 1004 λέγει’
2634 937 2726 989 ἐπὶ
2765 936 3002 1007 πλήθους
3051 936 3160 1007 γὰρ
3208 938 3301 988 τὸν
3344 937 3601 1006 ἀριθμὸν
3646 938 3781 988 τόνδε

2190 1026 2485 1096 λαμϐάνειν
2534 1029 2568 1097 ἡ
2603 1027 2794 1097 Γραφὴ
2844 1028 3088 1096 πέφυκε·
3134 1027 3270 1080 ἀλλά
3302 1028 3402 1081 καὶ
3438 1030 3498 1079 οἱ
3547 1027 3680 1090 ἔξω,
3721 1027 3783 1087 ὡς

2190 1118 2271 1184 τὸ,
2308 1138 2326 1169 ι
2363 1120 2752 1189 Τρισμάκαρες
2784 1118 2996 1172 Δαναοί.
3041 1138 3059 1171 ι

2262 1210 2385 1261 Ὅτι
2425 1211 2481 1261 ὲν
2524 1208 2858 1278 παραϐολαῖς
2897 1208 3075 1261 ἐλάλει
3114 1207 3294 1269 αὐτοῖς
3319 1249 3333 1269 ,

2192 1301 2389 1363 αὐτοὺς
2423 1300 2896 1369 προτρεπόμενος⁸
2926 1299 3112 1369 ἐπειδὴ
3145 1300 3202 1351 δὲ
3240 1299 3426 1361 οὐδεὶς
3463 1299 3778 1369 ἠρώτησεν,

2191 1392 2351 1461 ἀφεὶς
2385 1392 2582 1453 αὐτοὺς
2612 1390 2874 1461 ἀπῆλθεν.

2258 1481 2354 1535 Διά
2386 1483 2436 1534 τί
2463 1482 2771 1553 προσῆλθον
2796 1480 2944 1551 αὑτῷ
2973 1483 3108 1552 μετά
3131 1483 3458 1555 παρρησίας
3493 1483 3783 1554 ζητοῦντες

2189 1572 2289 1642 τὴν
2327 1572 2479 1625 λύσιν
2512 1574 2611 1641 τῆς
2659 1573 2973 1644 παραϐολῆς
3014 1574 3121 1626 τῶν
3161 1574 3472 1639 ζιζανίωνς
3526 1577 3658 1628 Ὅτι
3695 1577 3782 1644 ἥδη

2195 1664 2455 1733 ἥκουσαν·
2496 1662 2669 1733 ’Υμῖν
2699 1663 2932 1717 δέδοται
2956 1664 3200 1718 ἀκούειν
3232 1666 3303 1717 τὰ
3328 1666 3667 1733 μυστήρια
3689 1666 3783 1731 τῆς

3373 1208 3463 1270 εἰς
3517 1209 3782 1276 {pronam

519 1748 585 1801 Et
608 1763 703 1801 cur
736 1748 787 1800 in
821 1749 1137 1816 particulari
1174 1751 1556 1820 interrogant?
1581 1753 1697 1807 Non
1725 1757 1868 1825 quod
1900 1757 2083 1811 multi-

2194 1754 2511 1818 βασιλείας
2536 1769 2547 1781 ⁸
2584 1754 2676 1806 καὶ
2704 1754 2791 1806 διὰ
2820 1754 2871 1805 τί
2904 1754 3023 1806 κατ’
3063 1754 3197 1806 ίδίαν
3228 1754 3527 1823 ἐρωτῶσιν
3554 1773 3568 1817 ;
3610 1754 3689 1806 Ού
3719 1755 3783 1820 τῷ

520 1838 691 1891 tudini
745 1837 1056 1902 inviderint,
1098 1840 1188 1894 sed
1242 1851 1299 1894 ut
1341 1843 1545 1897 Christi
1591 1844 1762 1914 legem
1809 1857 2089 1903 servarent

521 1931 752 1984 dicentis
790 1931 913 1984 aliis
949 1948 1055 1985 non
1088 1948 1207 1987 esse
1246 1933 1454 1988 datum.
1493 1934 1776 2006 Tanquam
1817 1939 1884 1993 de
1910 1948 2090 1993 extra-

523 2036 624 2073 nea
668 2021 838 2089 magis
874 2020 1208 2076 zizaniorum
1250 2016 1510 2093 parabola
1545 2028 1906 2099 interrogant,
1935 2046 2089 2098 para—

521 2112 677 2166 bolas
702 2126 829 2165 vero
856 2112 1061 2182 sinapis
1087 2125 1141 2168 et
1163 2113 1410 2169 iermenti
1445 2120 1883 2184 praetermittunt.
1915 2119 2089 2190 Opor-

522 2212 599 2255 tet
647 2203 787 2255 seire
822 2203 965 2271 quod
1008 2205 1448 2273 quandoquidem
1496 2210 1750 2272 seminat,
1784 2225 1877 2277 per
1916 2226 1975 2265 se
2006 2227 2089 2265 se-

523 2294 730 2358 minat;
763 2295 894 2347 dicit
923 2295 1103 2348 enim:
1134 2295 1236 2358 Qui
1263 2298 1486 2349 seminat
1515 2298 1703 2351 bonum
1719 2317 1887 2353 semen
1913 2300 2088 2355 Filius

523 2393 598 2437 est
634 2384 894 2444 hominis;
938 2384 1159 2451 quando
1208 2394 1390 2438 autem
1435 2389 1701 2456 castigat,
1737 2404 1831 2458 per
1871 2391 2090 2460 angelos

526 2472 657 2527 illud
686 2472 836 2528 facit.
864 2472 1113 2528 Ostendit
1141 2473 1218 2528 sic
1247 2474 1631 2545 benignitatem
1659 2478 1711 2532 in
1745 2480 2087 2547 seminando,

525 2566 576 2619 id
615 2575 697 2619 est
742 2565 795 2618 in
828 2566 1204 2634 prmdicando,
1242 2575 1296 2621 ct
1337 2582 1366 2620 a
1401 2569 1578 2636 poenis
1623 2570 1903 2628 sumendis
1936 2587 2089 2627 aver-

522 2656 755 2711 sionem.

596 2744 761 2800 Vsns.
810 2746 901 2800 37.
935 2746 1068 2811 Cur,
1108 2748 1308 2804 amotis
1351 2750 1548 2813 turbis,
1568 2750 1866 2821 discipulos
1899 2756 1952 2808 in
1994 2770 2091 2825 pa-

522 2839 728 2893 rabolis
770 2839 1109 2909 alloquitur?
1156 2840 1428 2906 Quoniam
1478 2844 1836 2913 sapientiores
1878 2862 1942 2901 ex
1975 2847 2088 2919 jam

521 2928 682 2984 dictis
712 2929 983 2997 parabolis
1016 2931 1142 2985 facti
1172 2941 1349 2986 erant.

592 3017 757 3074 Vens.
787 3020 878 3074 i2.
909 3021 963 3074 In
991 3023 1259 3092 supplicio
1290 3024 1575 3079 sumendo.
1601 3024 1873 3082 Memento
1903 3037 2084 3083 autem

523 3109 670 3179 quod
699 3109 752 3163 in
783 3110 1057 3164 Abraham
1089 3121 1143 3165 et
1175 3110 1475 3168 Sodomitis
1502 3114 1643 3168 idem
1675 3115 1882 3171 fecerit.

596 3199 762 3254 Vens.
806 3200 897 3254 45.
948 3201 1128 3267 Quare
1170 3203 1306 3257 alias
1350 3203 1481 3270 justi
1528 3206 1871 3260 adducuntur
1906 3207 2087 3276 primi.

521 3290 611 3344 hic
672 3300 853 3345 autem
902 3302 1186 3363 postquam
1238 3295 1557 3364 praecipitati
1608 3305 1736 3350 sunt
1774 3308 2091 3366 peccatores

521 3381 574 3434 in
615 3382 1149 3452 condemnationem,
1201 3395 1331 3441 tunc
1381 3387 1511 3454 iusti
1561 3386 1875 3457 fulgebunt?
1907 3391 2090 3445 Addu-

520 3482 721 3525 cuntur
762 3474 922 3543 primi
974 3476 1106 3544 justi
1152 3477 1389 3532 venienti
1425 3479 1643 3533 Christo
1674 3480 1888 3535 obviam
1922 3482 2085 3550 ituri;

519 3571 734 3617 astante
790 3576 970 3620 autem
1006 3567 1100 3620 illo
1138 3576 1191 3621 ct
1230 3569 1443 3624 traditis
1487 3570 1553 3624 ad
1604 3572 1928 3640 supplicium
1962 3589 2089 3642 pec-

517 3654 816 3719 catoribus,
852 3666 980 3712 tunc
1007 3660 1059 3711 ln
1084 3674 1309 3729 regnum
1338 3661 1601 3717 caelorum
1633 3662 1838 3718 intrant
1860 3664 2015 3733 justi.

599 3843 761 3895 Vens.
793 3840 883 3897 ιε.
922 3841 1204 3912 Margarita
1237 3845 1473 3913 pretiosa
1512 3860 1542 3899 a
1584 3846 1720 3900 mari
1751 3856 1854 3911 est,
1884 3856 1938 3903 et
1967 3863 2084 3902 ma—

523 3934 612 4003 gni
650 3932 804 4004 pretii
857 3932 1158 3987 aestimatur
1214 3935 1286 3989 ob
1340 3935 1711 3991 diﬂieultatem
1752 3938 2081 3995 inveniendi.

521 4022 639 4076 Non
692 4036 873 4076 escam
930 4021 1151 4089 prabet,
1206 4022 1298 4077 sed
1340 4023 1699 4093 iactantiam;
1757 4043 1865 4081 non
1926 4037 2086 4097 potus

518 4112 911 4183 iucunditatem
967 4111 1204 4181 prmbet,
1270 4112 1363 4165 sed
1424 4114 1713 4168 multarum
1774 4117 2083 4173 divitiarum

522 4204 747 4268 famam,
788 4201 1098 4272 superbiam
1140 4203 1542 4270 producentem.
1582 4204 1779 4261 Eadem
1825 4208 1959 4264 levis
2002 4218 2086 4265 est

520 4294 810 4365 ponderis;
874 4309 1146 4363 parvaque.
1195 4310 1318 4349 cum
1378 4295 1483 4360 sit,
1537 4312 1729 4366 magna
1768 4307 1981 4368 potest,
2032 4309 2088 4355 et

2191 1845 2384 1915 πλήθει
2421 1844 2839 1915 βασκαίνοντες,
2886 1845 3021 1899 ἀλλά
3051 1847 3140 1897 τὸν
3182 1846 3346 1913 νόμον
3390 1844 3661 1913 Χριστοῦ
3692 1864 3784 1913 ςυ-

2189 1938 2473 2000 λάττοντες
2521 1938 2611 1989 τὸν
2666 1936 2912 2004 λέγοντα,
2955 1937 3035 1989 ὅτι
3061 1937 3244 1998 αὐτοῖς
3280 1937 3346 1988 ού
3381 1936 3638 1989 δέδοται.
3708 1937 3784 1998 Ὡς

2188 2029 2495 2097 δεινοτέρας
2522 2027 2687 2093 οὔσης
2710 2029 2809 2097 τῆς
2840 2028 2945 2080 τῶν
2976 2026 3230 2091 ζιζανίων
3263 2028 3634 2097 παραϐολῆς,
3666 2030 3785 2081 ταύ-

2188 2136 2290 2189 την
2318 2118 2599 2189 ἐρωτῶσι·
2631 2118 2732 2187 τὴν
2762 2118 2819 2170 δὲ
2853 2116 2948 2170 τοῦ
2987 2118 3260 2179 σινάπεως
3306 2119 3403 2169 καὶ
3458 2119 3569 2187 τῆς
3610 2118 3784 2186 ζύμης

2190 2214 2468 2283 παρῆκαν.
2505 2211 2625 2281 Χρὴ
2656 2211 2877 2275 εἰδέναι,
2924 2211 3007 2263 ὅτι
3038 2210 3126 2261 ὅτε
3146 2210 3241 2278 μὲν
3262 2208 3518 2277 σπείρει,
3552 2210 3628 2261 δι’
3670 2210 3786 2261 ἑαυ-

2188 2300 2282 2355 τοῦ
2338 2302 2589 2371 σπείρεισ
2644 2300 2792 2369 λέγει
2835 2302 2941 2370 γάρ
2972 2318 2986 2332 ·
3048 2300 3109 2352 '0
3155 2300 3426 2366 σπεῲων
3472 2302 3543 2353 τὸ
3593 2302 3783 2353 καλίγ

2190 2390 2448 2460 σπέρμα,
2482 2390 2659 2444 ἐστιν
2700 2392 2733 2444 ὁ
2774 2391 2909 2455 Υἱὸς
2941 2389 3047 2443 τοῦ
3081 2388 3403 2456 ἀνθρώπου
3433 2407 3449 2419 ·
3479 2390 3576 2442 ὅτε
3601 2390 3664 2442 δὲ
3699 2408 3783 2441 κου

2190 2481 2364 2547 λάζει,
2396 2480 2483 2535 διά
2515 2480 2621 2533 τῶν
2656 2480 2905 2548 ἀγγέλων
2930 2478 3088 2531 τοῦτο
3122 2481 3292 2531 ποιεῖ·
3324 2477 3511 2537 οὕτως
3538 2478 3779 2531 δείκνυσι

2191 2571 2287 2625 καὶ
2340 2571 2440 2641 τὴν
2488 2568 2898 2639 φιλανθρωπίαν
2939 2569 2997 2621 ἐν
3031 2568 3109 2637 τῷ
3164 2567 3437 2639 σπείρειν,
3484 2568 3667 2638 ἤγουν
3709 2568 3779 2637 τῷ

2190 2660 2486 2721 διδάσκειν,
2515 2661 2609 2713 καὶ
2634 2660 2696 2711 τὸ
2728 2660 2864 2730 πρὸς
2890 2660 3160 2729 τιμωρίαν
3194 2658 3677 2728 ἡλλοτριωμένον.

2266 2750 2368 2803 Διά
2387 2749 2459 2815 τί,
2490 2749 2965 2820 ἀναχωρησάντων
2997 2749 3105 2802 τῶν
3135 2748 3327 2817 ὄχλων,
3351 2749 3469 2809 τοῖς
3503 2748 3779 2817 μαθηταῖς

2191 2843 2249 2895 ἐν
2284 2842 2619 2911 παραϐολαῖς
2645 2840 2984 2908 διαλέγεταις
3010 2840 3225 2910 Ἐπειδὴ
3246 2839 3558 2911 σοφώτεροι
3584 2843 3655 2893 ὲκ
3681 2840 3779 2892 sint

2192 2934 2497 3005 εἰρημένων
2538 2933 2638 3003 ἤδη
2678 2932 3000 3003 παραϐολῶν
3034 2932 3304 2999 ἐγένοντο.

2222 3022 2241 3042 ⁸
2275 3026 2363 3078 Ἐν
2419 3025 2497 3095 τῷ
2546 3022 2794 3087 κολάζειν
2821 3040 2834 3054 ·
2875 3023 3146 3093 μνήσθητι
3188 3023 3245 3075 δὲ
3274 3022 3358 3074 ὅτι
3410 3022 3517 3074 καὶ
3556 3022 3660 3074 ἐπὶ
3692 3019 3779 3073 τοῦ

2204 3111 2453 3185 Ἀϐραὰμ
2486 3115 2582 3169 καὶ
2611 3115 2719 3168 τῶν
2749 3114 3054 3184 Σοδομιτῶν
3081 3112 3238 3166 τοῦτο
3274 3116 3446 3165 ποιεῖ.

2261 3208 2419 3270 τίνος
2445 3208 2602 3278 χάριν
2634 3206 2865 3275 ἀλλαχοῦ
2899 3208 2948 3258 οἱ
2985 3206 3180 3258 δίκαιοι
3220 3205 3575 3275 ἀρπάζονται
3629 3204 3777 3274 πρῶ-

2188 3316 2292 3364 τοι,
2318 3298 2413 3351 νῦν
2440 3299 2495 3351 δὲ
2519 3300 2600 3351 ὅτι
2638 3299 2777 3367 μετά
2799 3297 2861 3350 τὸ
2893 3296 3229 3366 ἐμϐληθῆναι
3255 3296 3384 3356 τοὺς
3406 3295 3778 3363 ἀμαρτωλοκ

2190 3389 2270 3452 είς
2310 3388 2531 3441 κόλασιν
2556 3426 2571 3449 ,
2608 3388 2729 3440 τότε
2775 3388 2825 3439 ot
2860 3387 3060 3440 δίκαιοι
3096 3384 3511 3454 ἐκλάμψουσινς
3569 3386 3777 3455 Ἀρπά-

2190 3482 2370 3545 ζονται
2407 3480 2504 3549 μὲν
2542 3479 2748 3548 πρῶτοι
2779 3482 2828 3531 οἱ
2859 3478 3056 3531 δίκαιοι
3087 3477 3383 3548 ἐρχομένου
3417 3478 3671 3546 Χριστοῦ
3700 3478 3775 3539 si;

2188 3573 2490 3641 ἀπάντησιν
2509 3584 2523 3599 °
2558 3569 3003 3639 παραγενομένου
3034 3569 3088 3621 δὲ
3116 3567 3276 3621 αὑτοῦ
3302 3567 3397 3619 καὶ⁵
3430 3570 3773 3637 παραδοθέν-

2188 3679 2295 3715 των
2325 3664 2405 3725 είς
2428 3662 2648 3715 κόλασιν
2675 3660 2781 3713 τῶν
2814 3660 3175 3731 ἁμαρτωλῶν,
3208 3658 3329 3711 τότε
3366 3660 3450 3720 εἰς
3488 3659 3773 3729 βασιλεία-ο

2186 3753 2430 3823 οὐρανῶν
2458 3752 2789 3823 ἀπέρχονται
2821 3752 2869 3803 0i
2900 3750 3120 3804 δίκαιοι.

2273 3844 2332 3896 '0
2362 3844 2705 3914 μαργαρίτης
2734 3845 2762 3895 6
2800 3841 2979 3911 τίμιος
3009 3841 3155 3894 ἔστιν
3184 3842 3289 3895 ἀπὸ
3320 3841 3638 3909 θαλάσσης,
3678 3840 3773 3893 καὶ

2188 3932 2389 3996 πολλῆς
2438 3934 2606 4002 τιμῆς
2651 3932 2799 3995 ἄξιός
2853 3933 2999 3984 ἐστιν
3038 3932 3124 3984 διὰ
3164 3933 3226 3984 τὸ
3275 3932 3641 4000 δυσεύρετον.
3695 3932 3767 3985 Ού

2187 4026 2416 4095 παρέχει
2456 4024 2678 4094 βρῶσιν,
2714 4024 2848 4077 ἀλλά
2888 4023 3181 4092 καύχημα⁶
3231 4024 3290 4076 οὐ
3319 4026 3555 4093 παρέχει
3603 4023 3769 4076 ποτοῧ

2187 4116 2505 4179 ἀπόλαυσιν,
2554 4114 2668 4167 ἀλλ’
2716 4114 2959 4179 εὐδοξίαν
2994 4114 3202 4165 πολλῶν
3233 4114 3534 4182 χρημάτων
3576 4113 3771 4166 ποιοῦ-

2189 4224 2287 4260 σαν
2330 4206 2491 4273 ὅγκον
2516 4222 2529 4234 ·
2575 4200 2729 4267 οὗτος
2756 4204 2799 4257 δ’
2832 4206 3177 4271 ἐπικουφίζει
3206 4204 3267 4256 τὸ
3312 4205 3503 4272 βάρος.
3543 4205 3772 4273 Βραχῦς

2188 4298 2262 4351 ῶν
2304 4298 2513 4368 μεγάλα
2546 4297 2806 4351 δύναται·
2838 4297 2933 4349 καὶ
2960 4296 3224 4364 σύντομος
3256 4298 3334 4358 εἰς
3364 4296 3423 4347 τὸ
3451 4297 3770 4365 βασταχθῆ-

462 4416 463 4419 η
518 4386 741 4454 ρτειιοίεα
776 4385 841 4439 ad
876 4387 1381 4455 transportandum,
1423 4396 1475 4441 et
1517 4388 1733 4445 mobilis
1765 4390 1832 4444 ad
1867 4402 2075 4445 restau-

2194 4406 2308 4451 ναι,
2367 4390 2461 4442 καὶ
2507 4388 2867 4458 εὐμετάθετος
2913 4390 2994 4449 είς
3038 4388 3513 4450 ἀποκατάστασιν,
3562 4387 3768 4456 ῥαδίως

516 4478 747 4532 randum
808 4477 859 4530 in
901 4477 1079 4531 locum
1138 4493 1321 4542 suum,
1378 4478 1537 4535 facile
1588 4482 1973 4546 absconditur,
2029 4492 2081 4537 et

516 4568 730 4621 difﬁcile
786 4569 1083 4623 invenitur.
1134 4568 1209 4622 Ita
1256 4580 1339 4624 est
1377 4586 1602 4639 regnum
1653 4573 1953 4636 cmlorum;
2007 4572 2080 4627 ita

515 4668 597 4712 est
639 4657 779 4711 Deus
831 4656 1064 4711 Verbum
1116 4657 1168 4710 iu
1213 4674 1379 4727 parvo
1413 4676 1660 4727 magnam
1702 4663 1953 4715 virtutem
1998 4662 2081 4717 iu-

515 4748 679 4801 dnbie
739 4747 1057 4815 possidens;
1116 4761 1224 4800 non
1280 4748 1553 4815 profertur
1599 4750 1663 4803 ad
1715 4766 1934 4814 escam,
1972 4766 2079 4804 non

516 4838 661 4891 cnim
702 4844 788 4889 est
833 4844 1309 4900 momentaneum;
1367 4851 1473 4889 non
1513 4845 1595 4889 est
1646 4839 1972 4906 pauperibus
2026 4840 2079 4893 in

518 4940 710 4987 usum,
766 4923 857 4977 sed
910 4924 961 4976 in
1006 4926 1318 4994 cognitione
1364 4925 1625 4980 divitibus
1679 4927 1730 4980 in
1783 4928 2082 4995 possessio-

518 5030 681 5079 nem;
740 5014 922 5067 nullus
957 5030 1079 5069 eum
1126 5016 1327 5070 habere
1380 5025 1559 5085 potest
1606 5018 1804 5071 virtute
1836 5017 2081 5087 indigen-

518 5110 689 5171 tium;
768 5105 1129 5176 perfectorum
1184 5122 1314 5162 vero
1369 5109 1660 5177 acquisitio
1720 5110 1795 5163 lit.
1858 5108 1925 5161 Et
1966 5119 2080 5177 post

516 5216 708 5273 pauca.
760 5199 1050 5269 Margarita
1106 5200 1243 5268 lapis
1280 5210 1365 5255 est
1406 5216 1437 5255 e
1479 5202 1736 5255 carnibus
1770 5212 1947 5266 ortus,
1987 5203 2081 5271 qui

519 5308 713 5362 nempe
775 5307 840 5346 ex
898 5291 1095 5345 ostreis
1151 5292 1396 5359 provenit
1445 5311 1459 5345 :
1500 5294 1622 5362 quis
1668 5308 1794 5362 ergo
1840 5294 2082 5348 crederet

520 5385 689 5439 Deum
721 5397 939 5453 quoque
968 5397 998 5436 e
1023 5398 1187 5436 carne
1220 5384 1492 5437 hominem
1534 5397 1716 5439 natum
1746 5385 1903 5441 esse?
1926 5386 2079 5440 Illam

521 5489 626 5528 non
668 5474 997 5529 concharum
1051 5473 1229 5527 coitus
1281 5473 1560 5542 producit,
1608 5473 1702 5527 sed
1751 5472 1981 5541 fulguris
2027 5481 2080 5527 et

523 5576 675 5629 aquae
701 5565 1043 5629 commistio;
1082 5564 1154 5618 ita
1193 5572 1246 5618 et
1283 5563 1537 5617 Christus
1571 5574 1865 5633 conceptus
1900 5572 1982 5617 est
2024 5564 2077 5616 in

528 5648 764 5721 Virgine,
809 5672 873 5711 ex
911 5656 1226 5727 operatione
1266 5653 1503 5727 Spiritus
1543 5654 1736 5719 sancti,
1780 5654 2079 5725 producen-

2183 4478 2507 4549 κρύπτεται,
2548 4478 2643 4530 καὶ
2674 4476 2945 4539 δυσκόλως
2991 4476 3322 4544 εὑρίσκεται.
3378 4473 3579 4535 Οὖτως
3616 4476 3766 4526 ἐστὶν

2182 4570 2216 4640 ἡ
2246 4569 2491 4639 βασιλεία
2543 4568 2651 4620 τῶν
2698 4566 2945 4637 οὐρανῶν
2973 4584 2986 4598 ο
3020 4566 3192 4628 οὕτως
3237 4564 3382 4617 ἐστὶν
3419 4569 3449 4615 6
3488 4565 3633 4629 Θεὸς
3664 4566 3765 4617 Δύο

2182 4674 2297 4723 γος,
2347 4658 2403 4708 ὲν
2445 4656 2638 4725 βραχεῖ
2688 4656 2888 4724 πολλὴν
2932 4654 3163 4723 δύναμιν
3216 4654 3487 4724 περιέχων
3543 4653 3764 4721 σαφῶς.

2184 4748 2258 4799 Οὐ
2285 4746 2570 4815 πρόκειται
2601 4748 2679 4807 είς
2707 4745 2908 4815 βρῶσιν
2928 4762 2941 4776 ·
2969 4746 3029 4797 οὐ
3056 4746 3163 4815 γάρ
3196 4746 3340 4797 ἐστιν
3372 4745 3723 4813 πρόσκαιρος
3746 4760 3763 4773 ο

2182 4839 2281 4890 οὐκ
2318 4837 2462 4889 ἔστιν
2498 4837 2743 4906 πενήτων
2796 4837 3012 4905 χρῆσις,
3056 4837 3189 4889 ἀλλά
3222 4837 3329 4889 τῶν
3373 4835 3767 4890 πλουτούντων

2182 4928 2239 4979 ὲν
2268 4926 2465 4995 γνώσει
2501 4928 2533 4995 ἠ
2565 4924 2870 4993 κατάληψις
2894 4942 2906 4956 ·
2934 4926 3107 4987 οὐδεὶς
3140 4926 3298 4978 αὑτὸν
3337 4924 3484 4994 ἔχειν
3523 4926 3768 4978 δύναται

2182 5018 2289 5069 τῶν
2338 5016 2568 5086 πτωχῶν
2603 5018 2659 5068 ὲν
2697 5018 2897 5087 ἀρετῇ’
2941 5016 3161 5068 τελείων
3198 5015 3254 5068 δὲ
3287 5016 3477 5084 κτῆμα
3514 5016 3760 5082 γίνεται.

2184 5107 2439 5175 Καίμετ’
2468 5108 2674 5175 ὀλίγα·
2711 5106 2768 5159 '0
2802 5106 3146 5175 μαργαρίτης
3169 5107 3313 5169 λίθος
3343 5108 3492 5159 ἐστὶν
3524 5107 3599 5159 ὲκ
3631 5124 3767 5173 σαρ-

2183 5197 2295 5250 κῶν
2323 5198 2630 5266 γενόμενος,
2662 5198 2743 5250 ὅτι
2775 5200 2840 5250 ὲκ
2872 5198 2978 5249 τῶν
3005 5198 3241 5267 ὀστρέων
3275 5196 3631 5265 προέρχεται.
3666 5198 3762 5257 Τίς

2182 5285 2273 5342 οὖν
2324 5288 2398 5357 μὴ
2457 5288 2798 5341 πιστεύσειεν
2853 5290 2935 5341 ὄτι
2974 5288 3069 5342 καὶ
3097 5287 3228 5349 Θεὸς
3264 5290 3327 5338 ὲκ
3370 5286 3631 5355 σώματος
3664 5289 3763 5340 ἀν·

2184 5380 2399 5449 θρωπος
2455 5382 2808 5450 γεγέννηταις
2858 5382 3062 5432 ἐκεῖνον
3118 5380 3216 5447 οὐχ
3260 5380 3292 5448 ἡ
3338 5378 3607 5432 συνουσία
3654 5378 3762 5431 τῶν

2183 5472 2394 5541 κόγχων
2428 5472 2672 5541 συνιστᾷ,
2704 5471 2818 5523 ἀλλ’
2850 5473 2882 5541 ἡ
2913 5470 3012 5538 τῆς
3041 5470 3327 5539 ἀστραπῆς
3370 5473 3465 5521 καὶ
3492 5471 3593 5521 τοῦ
3627 5470 3764 5522 ὓδα-

2182 5580 2272 5625 τος
2313 5563 2646 5633 σύγκρασις·
2684 5562 2853 5623 οὖτως
2882 5563 2975 5614 καὶ
3012 5561 3039 5613 6
3082 5560 3315 5631 Χριστὸς
3348 5559 3668 5629 συνελήφθη
3700 5561 3762 5611 ἐν

2182 5656 2249 5725 τῇ
2303 5653 2559 5724 Παρθένῳ
2608 5655 2670 5708 ὲκ
2700 5653 2797 5723 τῆς
2848 5652 3039 5724 ἡδονῆς
3072 5651 3165 5705 τοῦ
3211 5651 3365 5719 ἀγίου
3408 5649 3761 5721 Πνεύματος,
