3984 6204
235 294 378 365 1117

1229 285 1547 348 senem».
1585 284 1883 347 verens
1900 238 1903 241 ’
1922 282 2005 344 IN
2040 280 2510 343 MATTHIEUM.

3327 272 3472 336 1118

234 407 304 460 ὲκ
329 403 425 458 τοῦ
474 401 795 473 φυράματος
826 398 994 470 αὐτῆς
1029 400 1395 470 συστήσαντος
1437 398 1517 467 τῷ
1564 396 1683 467 Θεῷ
1711 395 1809 464 τὴν
1838 445 1842 456 ί

1959 409 1984 447 s
2035 410 2097 447 ex
2167 394 2313 449 illius
2380 406 2545 447 carne
2610 403 2928 461 corpoream
2997 386 3108 441 Deo
3154 385 3482 451 assumptio-

236 494 567 565 πρόσληψιν.

321 584 448 637 Ἐὰν
482 584 557 654 μὴ
588 583 864 654 πωλήσῃς,
890 580 1000 634 οὔτ’
1032 582 1098 635 ἂν
1123 580 1336 653 πράξῃς
1363 580 1544 633 πίστιν
1567 594 1582 608 ο
1618 580 1807 648 ῆγουν,

240 676 305 729 Εἰ
334 675 409 745 μὴ
433 673 561 747 ἔχῃς
586 672 976 743 ἐλεημοσύνην,
1003 669 1123 724 οὐδὲ
1151 671 1333 733 πίστις
1360 686 1417 722 σε
1443 667 1737 738 ὠφελήσει.

318 850 440 921 Χρὴ
468 847 757 917 γινώσκειν
785 848 867 899 ὄτι
897 845 1179 915 διέστηκεν
1200 846 1232 912 ή
1268 842 1550 913 παραϐολὴ
1584 841 1684 909 τῆς
1714 856 1811 891 σα-

246 944 423 1014 γήνης
464 944 529 1011 τῇ
559 940 666 993 τῶν
697 940 952 1005 ζιζανίων
972 956 987 970 ’
1022 940 1139 991 ἐκεῖ
1168 938 1276 1007 γὰρ
1302 937 1389 990 διὰ
1415 936 1625 1004 αἵρεσιν
1656 932 1815 985 ἀπόλι

246 1036 468 1089 λυνται·
502 1033 594 1086 καὶ
609 1032 656 1084 οἱ
686 1031 793 1102 πρὸ
820 1031 1020 1099 ταύτης
1046 1029 1145 1097 τῆς
1179 1026 1515 1097 παραὸολῆς,
1548 1024 1693 1091 λέγω
1719 1022 1810 1092 δὴ,

248 1128 301 1180 οί
342 1127 422 1188 εἰς
443 1125 535 1177 τὸν
567 1124 789 1192 σπόρον,
813 1122 899 1174 διὰ
923 1121 984 1173 τὸ
1017 1121 1091 1190 μὴ
1128 1118 1417 1188 προσέχειν
1446 1118 1558 1178 τοῖς
1585 1113 1818 1183 λεγομέ-

251 1235 363 1281 νοις
386 1232 402 1248 ο
436 1211 580 1268 οὗτοι
626 1215 684 1267 δὲ
726 1212 815 1265 διὰ
867 1212 980 1281 βίου
1020 1209 1286 1279 πονηρίαν
1311 1224 1326 1239 ο
1366 1207 1564 1269 οἵτινες
1605 1206 1819 1259 πάντων

254 1309 392 1362 εἰσὶν
426 1306 767 1375 ἀθλιώτεροι,
793 1304 892 1372 τῆς
934 1302 1032 1371 μὲν
1066 1299 1319 1368 γνώσεως
1357 1296 1723 1367 ἐπιτυχόντες,
1759 1296 1818 1348 οὗ

253 1399 569 1469 δυνηθέντες
595 1396 651 1449 δὲ
671 1396 896 1457 δεόντως
930 1392 1189 1463 σωθῆναι.

326 1581 419 1636 Δεῖ
455 1578 651 1633 είδέναι
694 1578 776 1630 ὅτι
804 1575 1063 1630 τοσαῦταί
1092 1577 1230 1628 εἰσιν
1256 1574 1365 1626 ὁδοὶ
1396 1573 1496 1641 τῆς
1526 1570 1820 1634 ἀπωλείας,

260 1674 295 1743 ῆ
338 1672 426 1725 διὰ
458 1673 556 1737 τῆς
594 1669 801 1739 πέτρης
838 1669 872 1737 ῆ
923 1667 1013 1721 διὰ
1067 1666 1176 1718 τῶν
1222 1664 1495 1726 ἀκανθῶν,
1543 1662 1577 1731 ἢ
1610 1660 1697 1713 διὰ
1729 1660 1826 1728 τῆς

1916 501 2063 541 nem.

1993 576 2154 631 Vens.
2206 577 2295 631 46.
2339 576 2451 631 Nisi
2493 574 2835 634 rendideris,
2892 586 2997 625 non
3045 584 3225 622 emere
3281 567 3484 637 poteris

1919 676 2115 733 ﬁdem;
2159 669 2211 723 id
2253 679 2357 733 est,
2402 668 2507 723 nisi
2547 668 2950 735 elcemosynam
2997 661 3209 723 feet'ris,
3248 676 3349 712 non
3392 657 3485 709 tibi

1920 767 2161 839 proderit
2191 764 2341 817 lides.

1995 855 2158 909 Vens.
2190 854 2274 906 47.
2323 852 2548 920 Oportet
2593 862 2921 917 cognoscere
2957 845 3099 914 quod
3144 842 3354 896 diil‘erat
3389 854 3485 907 pa-
3558 902 3559 905 η

1922 950 2108 1002 r‘ahola
2142 959 2353 1014 sagenae
2408 959 2438 995 a
2491 941 2822 993 zizaniorum
2870 938 3144 1007 pztralmla.
3190 933 3300 986 Illic
3343 933 3484 984 enim

1923 1036 1994 1091 ob
2034 1034 2284 1087 hmrcsim
2338 1031 2760 1098 tlisperdnntur,
2794 1037 2846 1079 ct
2894 1026 2944 1077 hi
2988 1039 3203 1093 quoque
3240 1022 3330 1090 qui
3364 1028 3489 1072 ante

1923 1127 2168 1181 eamdem
2211 1122 2546 1192 parabolam,
2581 1120 2679 1171 hos
2708 1120 2829 1170 dico
2859 1117 2951 1185 qui
2984 1124 3112 1169 sunt
3157 1115 3207 1166 in
3255 1112 3490 1167 semina-

1928 1217 2091 1269 tionis
2142 1212 2424 1280 parabola,
2453 1224 2517 1262 co
2556 1208 2697 1277 quod
2734 1222 2841 1259 non
2886 1206 3047 1258 dictis
3075 1204 3486 1269 obtemperent:

1929 1308 2019 1361 sed
2076 1305 2162 1357 hic
2217 1303 2288 1356 ob
2343 1300 2465 1354 vitm
2518 1298 2847 1367 nequitiam,
2895 1296 2987 1363 qui
3039 1307 3230 1360 nempe
3281 1290 3490 1358 pejores

1929 1395 2185 1449 omnibus
2220 1402 2366 1449 sunt.
2392 1389 2757 1456 cognitionem
2781 1384 2998 1455 quidem
3032 1380 3233 1449 adepti,
3259 1378 3352 1433 sed
3386 1391 3490 1428 non

1930 1487 2170 1541 valentes
2199 1491 2342 1536 recte
2372 1480 2589 1535 salvari.

2004 1576 2171 1629 Vens.
2208 1574 2292 1630 50.
2332 1572 2624 1627 Sciendum
2657 1578 2739 1623 est
2776 1578 2882 1621 tam
2933 1564 3129 1619 multas
3160 1576 3282 1615 esse
3318 1558 3497 1628 pcrdi-

1936 1667 2097 1721 tionis
2131 1666 2269 1728 vias,
2310 1664 2425 1718 sive
2455 1678 2549 1730 per
2581 1670 2808 1728 petram,
2842 1668 2933 1710 aut
2964 1657 3171 1724 spinas,
3206 1660 3299 1705 aut
3329 1651 3493 1711 viam,

259 1737 402 1827 δδοῦ,
434 1763 466 1831 ἢ
494 1764 585 1817 διᾶ
615 1737 721 1815 τῶν
757 1737 1032 1826 ζιζανίων,
1060 1758 1093 1826 ἢ
1124 1758 1214 1810 διὰ
1242 1757 1341 1825 τῆς
1372 1754 1616 1824 σαγήνης
1638 1768 1652 1782 ⁸
1696 1751 1828 1818 ἀλη-

1961 1759 2042 1811 ive
2071 1772 2166 1826 per
2200 1756 2431 1816 zizania,
2462 1753 2574 1806 sive
2603 1767 2696 1819 per
2725 1762 3015 1818 sagenam;
3058 1759 3185 1799 vere
3216 1744 3380 1812 igitur
3415 1745 3498 1790 est

263 1854 371 1917 θῶς
410 1853 518 1924 ἄρα
566 1851 795 1905 πλατεῖά
827 1849 1022 1918 ἐστινὴ
1063 1846 1177 1909 ὁδὸς
1210 1847 1243 1916 ὴ
1290 1843 1575 1912 ἀπάγουσα
1617 1841 1695 1903 είς
1726 1839 1829 1909 τὴν

262 1948 559 2004 ἀπώλειαν.

332 2039 428 2104 Τὸ,
482 2035 609 2102 Πᾶς
656 2032 1065 2102 Γραμματεὺς,
1106 2029 1288 2098 φησὶν,
1320 2020 1712 2095 μαθητευθεὶς
1755 2016 1830 2088 τῇ

262 2126 549 2193 βασιλείᾳ
603 2122 723 2177 τῶν
766 2120 1056 2190 οὐρανῶν,
1084 2117 1286 2187 ὅμοιός
1329 2116 1502 2168 ἐστιν
1545 2108 1834 2179 ἀνθρώπῳ

266 2217 666 2282 οἰκοδεσπότῃ
688 2256 703 2279 ,
738 2214 908 2278 ὅστις
954 2209 1234 2265 ἐκϐάλλει
1276 2207 1346 2260 ἐκ
1383 2204 1489 2259 τοῦ
1524 2200 1833 2269 θησαυροῦ

266 2310 452 2365 αὑτοῦ
499 2307 676 2361 καινὰ
722 2306 816 2359 καί
863 2299 1110 2357 παλαιά.
1174 2297 1515 2371 Γραμματέα
1557 2295 1706 2362 λέγει
1741 2292 1834 2347 τὸν

267 2398 446 2455 nam
482 2400 575 2453 τὸν
615 2399 800 2467 νόμον,
832 2396 891 2448 δν
924 2393 1214 2463 ἐπιγνόντα
1256 2392 1351 2444 καλ⁸
1381 2389 1451 2442 τὰ
1481 2388 1582 2457 τῆς
1612 2385 1835 2456 χάριτος

269 2490 479 2554 εἰκάζει
502 2486 756 2541 πλούσιον
780 2484 1074 2552 δυνάμενον
1095 2479 1237 2550 ἔχειν
1267 2477 1467 2530 πολλά’
1498 2474 1558 2527 τδ
1582 2474 1639 2527 δὲ
1674 2472 1836 2525 καινά

275 2586 369 2636 καὶ
400 2579 605 2634 παλαιὰ
628 2576 933 2638 ἐκϐάλλειν,
952 2573 1073 2627 ἀντὶ
1090 2572 1207 2637 τοῦ,
1240 2570 1350 2623 ἀπὸ
1378 2567 1479 2637 τῆς
1512 2566 1717 2632 Καινῆς
1745 2562 1840 2615 καὶ

272 2673 516 2735 Παλαιᾶς
546 2669 770 2740 Γραφῆς
786 2665 1153 2733 διαλέγεσθαι,
1176 2660 1420 2713 δύναται.

345 2766 443 2816 Διά
468 2762 520 2814 τί
544 2763 600 2813 ὲν
634 2760 731 2830 μὲν
756 2760 823 2827 τῇ
852 2752 1227 2824 Καπερναοὺμ
1251 2748 1505 2817 ἐποίησεν
1531 2745 1750 2814 σημεῖα,
1783 2742 1842 2797 ὲν

273 2856 333 2912 δὲ
372 2858 439 2924 τῇ
487 2851 725 2919 πατρίδι,
772 2849 870 2919 τὴν
910 2844 1163 2914 Ναζαρὲθ
1194 2842 1359 2909 λέγω,
1408 2839 1508 2891 οὐκ
1547 2836 1840 2904 ἑποίησενς

276 2947 377 3001 Διὰ
414 2922 514 3014 τὴν
539 2940 798 2998 ἀπιστίαν
831 2937 1032 2997 αὐτῶν.
1072 2935 1166 2988 καὶ
1206 2932 1293 2986 διὰ
1326 2930 1389 2983 τδ
1416 2929 1598 2995 λέγειν
1623 2922 1841 2984 αὐτούς’

1931 1849 2036 1902 lata
2066 1850 2150 1901 via
2183 1860 2305 1916 qua:
2333 1845 2483 1899 ducit
2516 1842 2583 1896 ad
2615 1839 2990 1910 perditionem.

2002 2028 2164 2084 Vens.
2213 2025 2302 2081 5‘2.
2336 2025 2519 2080 Omnis
2551 2021 2775 2085 Scriba,
2823 2018 2990 2081 dicit,
3028 2017 3213 2069 doctus
3256 2016 3310 2068 in
3347 2030 3507 2083 regnor

1933 2121 2201 2182 calorum,
2234 2118 2424 2172 similis
2466 2125 2541 2168 est
2569 2113 2766 2166 homini
2802 2109 3203 2178 patrifamilias,
3243 2106 3331 2175 qui
3375 2121 3498 2174 pro-

1934 2212 2037 2280 fert
2084 2211 2149 2263 de
2183 2210 2429 2262 thesauro
2460 2222 2554 2259 suo
2590 2218 2717 2255 nova
2759 2211 2806 2253 et
2852 2213 3042 2253 cetera.
3078 2197 3325 2251 Scribam
3372 2195 3504 2247 dicit

1935 2303 2070 2371 legis
2101 2300 2356 2370 peritum,
2391 2311 2553 2366 quem
2599 2295 2860 2347 scientem
2892 2300 2944 2343 et
2981 2288 3168 2358 gratia:
3200 2287 3339 2338 dona
3379 2301 3504 2353 pos-

1937 2392 2204 2447 sidentem
2252 2389 2416 2442 multa
2476 2385 2677 2439 habere
2728 2395 2887 2451 posse
2937 2378 3214 2447 supponit.
3258 2374 3405 2428 Nova
3452 2383 3506 2428 et

1938 2491 2115 2535 vetera
2159 2478 2421 2548 proferre,
2469 2476 2609 2528 idem
2642 2482 2801 2526 sonat
2833 2487 2897 2524 ac
2941 2484 3101 2538 posse
3133 2468 3200 2521 de
3235 2464 3415 2520 Veteri
3452 2472 3507 2519 et

1939 2571 2089 2627 Nova
2123 2569 2404 2624 Scriptura
2435 2567 2725 2620 disserere.

2017 2756 2178 2811 Vens.
2212 2754 2300 2809 58.
2329 2752 2441 2809 Cur
2478 2752 2533 2807 in
2571 2748 2952 2819 Capharnauin
2992 2746 3121 2800 fecit
3152 2744 3328 2815 signa,
3361 2749 3415 2795 et
3453 2741 3507 2794 in

1941 2851 2140 2923 patria,
2162 2849 2211 2902 id
2237 2855 2320 2902 est
2342 2846 2395 2899 in
2427 2842 2715 2904 Nazareth,
2746 2855 2852 2891 non
2882 2836 3044 2891 fecit?
3072 2834 3297 2901 Propter
3320 2842 3509 2885 eorum

1947 2919 2418 2998 incredulitatem,
2458 2943 2512 2988 et
2556 2947 2620 2987 eo
2652 2930 2794 2997 quod
2830 2927 3086 2980 dicebant
3136 2940 3150 2975 :
3198 2920 3385 2975 Nonne
3423 2919 3512 2972 hic

281 3041 406 3106 Οὐχ
436 3010 614 3100 οὗτός
661 3033 832 3086 ἐστιν
876 3032 908 3083 ό
940 3027 1221 3088 τέκτονος
1256 3021 1417 3086 vide;
1452 3017 1543 3082 Ἐξ
1584 3010 1658 3070 ὧν
1688 3016 1781 3068 καλ⁸
1817 3014 1842 3066 ό

1955 3039 2031 3086 est
2055 3028 2193 3083 fabri
2219 3024 2403 3080 tilius?
2443 3023 2520 3076 Ex
2553 3036 2661 3090 quo
2690 3018 2945 3072 Christus
2970 3014 3103 3067 dicit
3131 3026 3346 3064 omnem
3389 3024 3514 3077 pro-

1988 3122 1999 3128 -
2222 3117 2233 3128 ο
2499 3113 2536 3128 κ
2596 3108 2761 3128 μ-ιμε-
2818 3121 2929 3128 μω.
2965 3104 3081 3128 ..ι..,.
3123 3102 3329 3128 Imm..-“
3395 3095 3510 3128 Νη..

278 3095 515 3200 Χριστὸς
554 3095 734 3193 λέγει,
778 3123 860 3175 ὅτι
908 3116 1032 3184 Πᾶς
1081 3112 1392 3183 προφήτης
1435 3110 1504 3164 ἐν
1546 3107 1620 3174 τῇ
1658 3106 1842 3173 οἰκείᾳ

1955 3122 2165 3191 phetam
2222 3117 2273 3170 in
2333 3113 2548 3183 propria
2595 3108 2765 3179 patria
2812 3121 2933 3160 esse
2964 3095 3087 3157 sine
3123 3102 3350 3154 honore.
3395 3095 3514 3149 Non

279 3196 519 3287 πατρίδι
548 3215 774 3283 ἄτιμος.
810 3212 881 3264 Οὐ
913 3210 993 3262 δεῖ
1020 3207 1077 3260 δὲ
1106 3205 1213 3259 ἀπὸ
1243 3203 1351 3256 τῶν
1383 3198 1617 3253 εὐτελῶν
1644 3196 1849 3265 γονέων

281 3285 529 3373 κακίζειν
587 3306 741 3369 τινάς
768 3320 783 3335 ·
826 3302 948 3356 ἐπεὶ
988 3300 1082 3354 καὶ
1125 3296 1310 3361 Δαὸὶδ,
1368 3294 1462 3347 καὶ
1517 3288 1721 3359 Ἀμὼς,
1756 3285 1851 3339 καλ⁵

282 3406 546 3472 Μωῦσῆς,
583 3399 677 3453 καὶ
710 3398 906 3459 πάντες
939 3394 987 3447 οἱ
1020 3392 1292 3463 προφῆται
1315 3383 1849 3453 ὲξουδενωθήσονται.

356 3498 457 3548 Διά
481 3469 531 3546 τί
565 3492 817 3560 εποίησεν
852 3487 949 3558 μὲν
982 3484 1201 3553 σημεῖα,
1237 3479 1393 3546 ὀλίγα
1437 3476 1494 3529 δὲ
1527 3474 1669 3527 πάνυ
1700 3474 1757 3523 ὲν
1786 3469 1851 3538 τῇ

286 3585 509 3655 πατρίδι
538 3582 701 3637 αὐτοῦ
729 3599 743 3648 ;
796 3580 914 3633 Ἵνα
965 3577 1040 3645 μὴ
1091 3573 1215 3642 δόξῃ
1251 3568 1522 3639 ὑπερορᾷν
1556 3564 1750 3624 αὐτοὺς
1780 3560 1854 3622 ὡς

286 3652 549 3745 πολέμιος
586 3673 679 3725 καὶ
708 3669 899 3739 ἐχθρός
925 3684 938 3697 ·
987 3664 1159 3717 πολλά
1191 3662 1247 3715 δὲ
1279 3660 1380 3712 οὐκ
1407 3655 1660 3724 ἐποίησεν
1694 3653 1768 3714 ὡς
1798 3652 1856 3703 ὲν

286 3760 684 3831 Καπερναοῦμ,
710 3756 798 3810 ἵνα
834 3753 907 3825 μὴ
941 3750 1136 3814 αὐτοὺς
1162 3745 1521 3806 ἀπιστοῦντας
1549 3740 1858 3811 κατακρίνῃ

292 3851 580 3926 μειζόνως.

882 3970 1133 4027 ΚΕΦΑΔ.
1170 3966 1268 4022 1Δ’.

378 4104 765 4165 Ἀποθανόντος
802 4097 898 4154 τοῦ
938 4096 1185 4150 Ἰωάννου
1217 4093 1249 4164 ἢ
1285 4092 1380 4145 καὶ
1405 4087 1855 4161 παραδιδομένου,

1954 3190 2167 3279 oportet
2195 3215 2373 3260 autem
2423 3203 2494 3256 oh
2538 3207 2823 3269 parentum
2872 3190 3297 3247 mediocritatem
3349 3200 3517 3254 quos-

1958 3278 2081 3355 dam
2132 3295 2485 3366 exprobrare,
2537 3306 2658 3343 cmn
2700 3284 2887 3348 David,
2946 3283 3132 3343 Amos,
3178 3278 3411 3346 Moyses.
3460 3282 3515 3328 et

1951 3406 2143 3447 omnes
2175 3386 2447 3458 propheta:
2478 3383 2717 3437 inﬁmam
2751 3377 3017 3447 originem
3049 3372 3355 3426 habuerint.

2023 3482 2133 3535 Cur
2163 3479 2289 3532 fecit
2333 3474 2549 3545 quidem
2599 3472 2791 3539 signa,
2840 3466 3132 3521 admodum
3172 3476 3299 3514 vero
3345 3470 3517 3526 pauca

1954 3574 2006 3627 in
2041 3571 2213 3642 patria
2253 3566 2394 3622 sua?
2428 3563 2503 3618 Ne
2535 3564 2812 3617 videretur
2846 3558 2967 3612 illos
3013 3554 3291 3621 despicere
3321 3559 3380 3602 ut
3423 3548 3519 3601 ini-

1956 3665 2131 3719 micus
2153 3670 2206 3716 ct
2234 3658 2521 3723 infensus;
2549 3654 2715 3708 multa
2743 3660 2922 3704 autem
2957 3664 3059 3701 non
3091 3644 3220 3698 fecit
3249 3650 3306 3695 ut
3341 3642 3391 3693 in
3418 3638 3519 3692 Ca-

1958 3757 2282 3827 pharnaum.
2313 3764 2381 3805 ne
2412 3748 2536 3802 illos
2562 3742 2872 3799 incredulos
2903 3737 3078 3807 magis
3108 3735 3517 3789 condemnaret.

2539 3956 2766 4016 CAPUT
2805 3952 2946 4008 XIV.

2030 4097 2192 4151 Vens.
2231 4094 2282 4147 l.
2336 4091 2549 4145 Mortuo
2580 4085 2789 4142 Joanne
2823 4090 2917 4135 ant
2949 4078 3014 4132 ad
3045 4075 3371 4146 supplicium
3414 4080 3525 4125 tra-

294 4204 387 4257 ὃτε
420 4199 657 4267 ἥκουσαν
697 4163 756 4244 οίή
784 4188 1023 4243 Ἰουδαῖοι
1066 4186 1148 4239 ὃτι
1178 4163 1427 4245 πλείονας
1457 4181 1567 4249 ἔχει
1612 4178 1842 4249 μαθητὼ

1962 4190 2105 4249 dito,
2140 4201 2265 4239 eum
2320 4181 2613 4236 audierunt
2663 4174 2833 4230 Judaei
2883 4173 3069 4240 plures
3123 4168 3320 4220 habere
3348 4163 3529 4225 .disei-

296 4250 608 4359 δδίρίστὸς,
640 4284 728 4337 διὰ
760 4280 812 4334 τί
838 4278 1083 4333 κατιδίαν
1109 4274 1453 4343 ἀνεχώρησεν
1477 4289 1491 4336 ;
1526 4271 1649 4323 Ὅτι
1675 4268 1842 4337 καιρὺέ

1964 4278 2123 4346 pulos
2179 4274 2459 4327 Christum
2485 4307 2501 4331 ,
2552 4280 2651 4318 cur
2703 4276 2950 4318 seorsum
2992 4273 3050 4311 se
3092 4254 3353 4309 contulit?
3391 4250 3531 4315 Quia

298 4381 394 4436 τοῦ
424 4379 627 4439 πάθους
652 4376 754 4427 οὐκ
788 4367 877 4441 ἦν,
908 4369 1002 4422 καὶ
1027 4369 1109 4421 ὅτι
1134 4361 1627 4434 ἀνθρωπικώτερον
1649 4359 1840 4412 διοικεῖ

1967 4376 2178 4434 tempus
2205 4359 2479 4432 passionis
2521 4371 2631 4407 non
2669 4364 2806 4411 erat,
2836 4360 2888 4402 et
2915 4344 3221 4399 humaniori
3270 4342 3430 4394 modo
3472 4354 3532 4392 se

430 4430 747 4542 βουλόμενος
776 4430 1084 4533 γνωσθῆναι
1119 4461 1200 4512 ὃτι
1310 4430 1546 4525 Χριστός
1585 4454 1736 4505 ἐστι·
1784 4452 1842 4505 διῑ

1968 4457 2126 4528 gerit,
2177 4452 2366 4507 nolens
2400 4444 2658 4517 cognosci
2704 4453 2764 4494 ut
2806 4438 3079 4492 Christus.
3110 4434 3237 4486 Ideo
3272 4441 3326 4484 et
3367 4430 3533 4484 disci-

2142 4544 2148 4546 λ
2202 4544 2209 4546 μ
2267 4542 2278 4546 -
2518 4537 2528 4546 .
2578 4534 2588 4544 .
2653 4533 2683 4546 ι.
2862 4538 2874 4546 .
2922 4526 3054 4546 η---]
3089 4523 3335 4546 nl._:.....,.
3372 4529 3505 4546 mm“.

302 4523 397 4622 ξᾷίι
424 4523 537 4625 τοῖς
574 4523 842 4631 μαθηταίς
876 4523 1060 4621 ἔλεγεν
1093 4548 1281 4621 μηδενὶ
1312 4523 1506 4606 εἰπεῖν,
1545 4547 1626 4598 ὅτι
1654 4546 1802 4597 ἐστιν
1837 4563 1842 4591 ε

1968 4523 2106 4618 pulis
2133 4542 2358 4614 iubebat
2389 4534 2590 4591 nemini
2635 4533 2880 4587 dicerent
2914 4526 3057 4596 quod
3089 4523 3338 4578 Christus
3369 4529 3531 4574 esset.

301 4614 535 4729 Χριστός
558 4614 586 4684 ⁸.
626 4614 764 4722 μετὰ
806 4614 915 4718 γὰρ
943 4614 1041 4717 τῆν
1091 4614 1387 4698 ἀνάστασιν
1428 4638 1676 4693 ἐϐούλετο
1707 4636 1842 4690 τοῦτ

1968 4614 2104 4692 Nam
2158 4644 2275 4705 post
2324 4627 2779 4686 resurrectionem
2825 4619 3037 4675 volebat
3082 4616 3134 4670 id
3174 4615 3288 4668 fieri
3326 4614 3537 4667 illustre

305 4747 558 4819 γενέσθαι
587 4740 1026 4812 γνωριμώτερον.

378 4841 476 4893 Διά
520 4836 573 4890 τί
621 4836 707 4888 ἀεὶ
748 4832 848 4886 οὐκ
880 4827 1213 4896 ὲννπολιτείᾳ
1260 4828 1292 4893 ἢ
1327 4824 1416 4877 ἀεὶ⁸
1448 4825 1549 4877 οὐκ
1577 4825 1634 4875 ὲν
1665 4825 1872 4893 ἐρημίᾳ

304 4933 462 5004 διῆγε
488 4948 503 4996 ;
532 4929 642 4982 Καὶ
673 4926 759 4979 ἀεὶ
792 4923 891 4995 μὲν
934 4923 991 4974 ὲν
1024 4917 1269 4987 πολιτείᾳ
1315 4917 1376 4969 οὐ
1418 4916 1604 4985 διῆγεν
1634 4915 1667 4984 ἢ
1695 4915 1871 4968 ἐδίδα..

309 5042 439 5080 σκεν
464 5062 478 5084 ,
509 5022 595 5073 ἵνα
645 5019 718 5088 μὴ
763 5011 1115 5085 κατηγορηθῇ
1148 5009 1222 5072 ὡς
1259 5008 1559 5077 μαχόμενος
1601 5006 1699 5077 τὴν
1727 5006 1877 5059 πολι-

306 5117 479 5179 τείαν,
508 5113 602 5165 καὶ
628 5106 936 5178 ἀποσχίζων
966 5103 1170 5157 ἐκεῖθεν
1192 5103 1315 5162 τοὺς
1346 5097 1594 5162 πολλούς.

376 5207 476 5259 Διά
525 5204 577 5257 τί
623 5203 722 5255 οὐκ
766 5198 984 5252 ἀπαιτεί
1019 5195 1201 5247 πίστιν
1236 5194 1347 5252 τοῖς
1395 5190 1613 5259 ὄχλοις;
1665 5190 1785 5241 Ὀτι
1820 5188 1879 5240 τὸ

311 5294 744 5368 παρακολουθεῖν
775 5289 871 5343 καλ⁸
914 5288 977 5340 τὸ
1005 5287 1063 5338 ὲν
1104 5284 1361 5353 ἐρημίαις
1391 5282 1644 5350 ἔρχεσθαι
1684 5281 1779 5332 καὶ
1819 5278 1881 5331 τὸ

313 5384 750 5459 προσκαρτερεῖν
779 5382 871 5435 καὶ
900 5378 1059 5448 δίψης
1086 5374 1404 5443 ἀνέχεσθαι,
1438 5372 1534 5441 τὴν
1566 5371 1748 5423 πίστιν
1790 5370 1882 5421 αὐ·

313 5482 471 5535 τόθεν
504 5476 779 5546 γνώριμον
813 5472 946 5542 ἔχει.

386 5569 487 5623 Διὰ
526 5568 580 5619 τί
628 5568 726 5620 οὐκ
775 5562 949 5624 εἶπεν,
999 5560 1199 5626 Δίδωμι
1248 5556 1429 5617 αὐτοῖς
1463 5553 1676 5620 φαγεῖν,
1716 5550 1881 5615 ἀλλὰ,

332 5660 533 5732 Ἱζμεῖς
585 5659 722 5716 δότε
764 5655 1002 5720 αἰντοῑς;
1058 5644 1494 5721 Εξρωνικώτερόν
1544 5659 1658 5705 πως
1712 5640 1886 5710 λέγων

1971 4744 2163 4799 magis.

2048 4816 2330 4873 Vens.15.
2383 4811 2562 4875 Quare
2609 4820 2823 4874 semper
2865 4800 3049 4856 autin
3101 4798 3393 4858 societate,
3446 4800 3539 4846 aut

1976 4926 2190 4981 semper
2227 4909 2280 4962 in
2327 4902 2625 4960 solitudine
2654 4914 2762 4951 non
2795 4894 2976 4963 degit?
3022 4890 3246 4959 Semper
3277 4889 3327 4941 in
3364 4886 3540 4941 socie-

1978 5015 2088 5059 tate
2121 5018 2225 5056 non
2263 4998 2409 5067 degit
2442 4994 2530 5047 vel
2560 4991 2769 5052 docuit,
2811 5003 2878 5040 ne
2913 4994 3265 5038 accusaretur
3297 4978 3540 5035 societati

1979 5095 2226 5151 infensus
2254 5087 2446 5149 fuisse,
2481 5093 2534 5137 et
2569 5082 2637 5136 ab
2664 5099 2725 5135 ea
2759 5079 2959 5134 multos
2989 5084 3252 5129 avertere.
3414 5126 3437 5141 ο

2051 5185 2214 5238 Vens.
2254 5180 2340 5234 14.
2377 5178 2484 5231 Cur
2518 5188 2621 5227 non
2654 5173 2813 5225 lidcm
2843 5186 2871 5223 a
2915 5167 3090 5221 turbis
3132 5161 3377 5231 expetit?
3406 5159 3541 5223 Quia

1982 5278 2135 5347 sequi
2169 5274 2342 5333 illum,
2380 5270 2432 5321 in
2465 5265 2694 5320 desertis
2733 5263 2834 5315 iter
2868 5261 3065 5321 facere,
3098 5266 3151 5309 et
3179 5265 3543 5322 perseverare,

1984 5380 2038 5424 et
2078 5369 2225 5423 sitim
2265 5362 2560 5425 sustinere,
2602 5357 2760 5411 Iidem
2811 5369 2904 5422 per
2942 5365 3002 5404 se
3031 5347 3335 5402 evidentem
3385 5341 3546 5396 facie-

1985 5462 2136 5516 bant.

2057 5550 2221 5604 Vens.
2254 5545 2336 5599 l6.
2370 5543 2478 5596 Cur
2500 5556 2604 5595 non
2633 5537 2791 5598 dixit,
2818 5534 2894 5587 Do
2920 5532 3027 5584 illis
3056 5527 3407 5591 manducare,
3430 5524 3548 5589 sed,

1990 5642 2123 5697 Date
2164 5654 2248 5692 vos
2277 5634 2428 5688 iiiis?
2458 5630 2730 5687 lronicum
2759 5622 3035 5693 quoddam
3070 5620 3148 5675 cis
3176 5618 3389 5682 dicens,
3420 5631 3545 5684 quo-
