3984 6204
277 301 407 369 1121

272 416 679 487 ἐπιτηδεύοντες

272 508 616 577 παρορῶντες
643 525 656 538 ·
689 509 814 561 οὔτε
859 511 918 561 τὸ
951 510 1026 581 μὴ
1053 513 1337 568 νίπτεσθαί
1370 534 1421 569 τι
1456 517 1689 587 ἔχοντες,
1718 519 1836 572 ἀλλ’

269 602 343 661 ὼς
370 598 578 667 ἔτυχεν,
613 599 871 669 ἑκάτερον
905 602 1185 667 ποιοῦντες

348 798 404 850 Ὀ
442 798 676 867 Χριστὸς
704 799 763 851 ού
793 800 938 867 λέγει
973 801 1053 854 ὅτι
1089 802 1268 865 καλῶς
1302 804 1544 857 ποιοῦσιν
1570 806 1601 875 ἢ
1626 806 1829 869 κακῶς·

265 890 421 941 τοῦτο
458 890 557 958 μὲν
583 890 667 941 ἵνα
703 894 778 958 μὴ
812 893 937 954 τοὺς
979 895 1307 957 ἀποστόλους
1329 897 1387 946 τὸ
1418 895 1639 948 ἄνιπτον
1670 916 1828 965 νομο-

266 980 466 1048 θετήσῃ
499 981 591 1031 καὶ
638 981 855 1048 θρασεῖς
910 984 1141 1053 ποιήσῃ·
1204 985 1362 1037 τοῦτο
1410 987 1465 1038 δὲ
1508 987 1592 1038 ἵνα
1629 988 1703 1057 μὴ
1746 990 1833 1041 τὸν

263 1069 371 1119 τῶν
400 1068 780 1138 πρεσϐυτέρων
808 1071 970 1140 νόμον
1003 1073 1297 1144 βεϐαιώσῃ,
1331 1077 1455 1137 τοὺς
1489 1077 1832 1147 βαπτισμοὺς

264 1160 407 1225 λέγω
453 1161 543 1211 καὶ
577 1161 673 1223 τὰς
706 1162 911 1230 νίψειςο
947 1164 1064 1216 οὐδὲ
1110 1170 1406 1236 κατηγορεῖ
1453 1169 1559 1219 τῶν
1598 1170 1833 1240 πρεσϐυ-

264 1251 435 1317 τέρων
455 1250 527 1310 ὡς
554 1250 906 1318 παρανόμων,
931 1252 1044 1304 ἀλλ’
1065 1254 1149 1322 ἐφ’
1177 1253 1261 1306 ἓτε
1271 1271 1360 1325 ρον
1382 1256 1643 1328 ἐρώτημα
1668 1277 1833 1329 μετα-

264 1341 461 1393 ϐαίνει.

334 1432 398 1482 Τί
441 1434 606 1493 ἐστιν,
672 1426 775 1497 δ’ος
818 1434 895 1486 ἂν
947 1434 1085 1500 εἴπῃ
1113 1435 1187 1500 τῷ
1225 1437 1399 1504 πατρὶ
1436 1438 1472 1506 ἢ
1521 1438 1822 1509 τῇμητρί,

269 1521 522 1589 Δᾶφονὸ
567 1524 644 1577 ἂν
692 1526 761 1589 ἐξ
812 1528 956 1594 ἐμοῦ
1006 1528 1339 1596 ὠφεληθῇς.
1388 1533 1458 1583 οὺ
1490 1535 1575 1599 μὴ
1611 1534 1829 1601 τιμήσῃ

260 1615 365 1667 τὸν
393 1616 615 1682 πατέρα
647 1618 833 1670 αὐτοῦ
860 1619 895 1683 ἢ
930 1618 1045 1684 τὴν
1071 1620 1293 1686 μητέρα
1325 1622 1550 1679 aurai);
1579 1623 1828 1675 Τοιοῦτόν

261 1706 440 1756 ἐστιν·
491 1707 843 1759 Ἐπαίδευσιν
893 1708 1018 1770 τοὺς
1056 1708 1207 1771 νέους
1260 1710 1538 1774 εὐσεϐείας
1588 1716 1825 1783 σχήματι

261 1797 621 1863 καταξρονεῖν
660 1796 766 1847 τῶν
810 1798 1008 1862 γονέων
1034 1813 1046 1823 '
1082 1794 1192 1848 οἷον
1223 1798 1378 1861 εἴτις
1406 1797 1557 1852 εἶπεν
1586 1803 1660 1871 τῷ
1687 1806 1786 1873 υἱῷ
1806 1846 1819 1866 ,

260 1887 355 1946 Δός
407 1903 495 1953 μοι
544 1886 603 1937 τὸ
632 1887 899 1957 πρόϐατον
926 1887 1085 1939 τοῦτο
1112 1888 1139 1939 ὃ
1170 1888 1334 1958 ἔχεις,
1364 1892 1394 1958 ἢ
1424 1891 1513 1944 τὸν
1550 1898 1762 1964 μόσχον,

258 1977 384 2029 ἄλλο
416 1994 489 2036 τι,
516 1976 698 2043 ἔλεγεν
730 1978 865 2046 πρὸς
897 1978 984 2029 τὸν
1008 1979 1219 2048 πατέρα
1241 1981 1267 2031 ὁ
1292 1981 1402 2041 υἱός
1424 1998 1438 2012 ·
1475 1982 1654 2051 Δῶρόν
1680 1987 1823 2036 ἐστιν

256 2064 332 2135 τῷ
364 2065 480 2134 Θεῷ
524 2064 679 2118 τοῦτο
707 2066 735 2118 ὃ
780 2067 951 2129 θέλεις
984 2069 1041 2132 ἐξ
1072 2068 1204 2137 ἐμοῦ
1239 2069 1609 2139 ὠφεληθῆναι,
1643 2075 1732 2124 καὶ
1761 2074 1820 2125 ού

254 2155 488 2224 δύναμαι
518 2155 697 2208 δοῦναί
725 2174 806 2208 σοι
830 2158 961 2209 αὑτό
980 2173 993 2187 ·
1030 2158 1122 2208 καὶ
1150 2158 1367 2211 διπλοῦν
1395 2161 1599 2227 ἐγίνετο
1632 2163 1821 2214 κακόνο

254 2248 377 2299 οὗτε
412 2248 517 2317 γὰρ
564 2248 643 2318 τῷ
686 2248 804 2318 Θεῷ
858 2251 1154 2318 προσῆγον,
1212 2252 1302 2302 καὶ
1350 2254 1474 2313 τοὺς
1506 2256 1696 2319 γονέας
1726 2255 1820 2306 τού

254 2337 585 2406 ζητουμένου
608 2339 831 2408 ὀνόματι
860 2341 957 2409 τῆς
992 2343 1305 2410 προσφορᾶς
1340 2346 1695 2415 ἀπεστέρουν,
1730 2345 1821 2399 ἄλ-

252 2430 343 2483 λον
372 2432 437 2483 δι’
470 2432 628 2484 ἄλλου
680 2433 1011 2502 ὑδρίζοντες,
1058 2435 1188 2487 Θεὸν
1239 2437 1327 2487 διὰ
1366 2442 1561 2505 γονεῖς,
1597 2442 1690 2491 καὶ
1732 2457 1822 2508 γο-

251 2526 365 2584 νεῖς
413 2522 496 2574 διὰ
546 2522 709 2575 Θεάν·
757 2524 925 2585 οὕτως
974 2526 1237 2594 ἐντρέψας
1270 2528 1496 2590 αὐτοὺς,
1560 2531 1692 2597 πρὸς
1730 2534 1818 2583 τὸν

252 2615 411 2683 ὄχλον
445 2617 677 2668 ποιεῖται
709 2617 798 2666 τὸν
834 2615 1012 2682 λόγον.

324 2705 422 2757 Διά
470 2705 518 2756 τί
549 2705 657 2756 τῶν
687 2706 999 2759 ἀποστόλων
1048 2706 1309 2760 εἰπόντων
1339 2709 1419 2761 ὅτι
1462 2711 1508 2762 oi
1538 2712 1818 2779 Φαρισαῖοι

249 2795 772 2863 ἐσκανδαλίσθησαν,
803 2793 956 2849 εἶπεν
987 2799 1165 2861 αὐτὸς,
1203 2801 1407 2866 Ἅφετε
1436 2803 1688 2866 adrade"
1720 2806 1816 2857 ἀλ-

248 2886 416 2955 λαχοῦ
461 2887 517 2939 δὲ
566 2888 812 2954 φαίνεται
866 2889 1054 2940 εἰπών’
1089 2890 1221 2942 Ἵνα
1254 2891 1322 2942 δὲ
1360 2891 1445 2959 μὴ
1488 2894 1818 2948 σκανδαλί-

247 2992 452 3042 σωμεν
479 2977 736 3042 aetate;
777 2978 902 3031 Ὅτι
946 2978 1060 3029 ἔστι
1092 2981 1279 3048 καιρός
1303 2996 1318 3011 ο
1352 2981 1443 3032 καὶ
1478 2979 1614 3033 οἶδεν
1656 2986 1819 3049 αὐτὸς

246 3067 381 3121 πότε
438 3067 511 3139 μὴ
552 3072 941 3139 καταφρονεῖν
980 3070 1082 3142 χρὴ
1133 3073 1313 3142 μέντοι
1357 3075 1507 3144 όρᾷν,
1553 3076 1647 3128 καὶ
1692 3077 1885 3155 ("nemo

245 3156 483 3223 εὐλόγως
516 3158 1009 3220 σκανδαλίζωνται,
1056 3164 1261 3230 ταχέως
1303 3164 1499 3225 αὐτοὺς
1533 3165 1812 3234 διορθοῦν·

242 3249 375 3300 ὅταν
405 3246 461 3300 δὲ
488 3248 715 3315 ἀλόγως,
752 3252 831 3311 είς
858 3250 1008 3301 οὐδὲν
1039 3250 1196 3303 τοῦτο
1221 3252 1551 3320 λογίζεσθαι.

317 3355 416 3407 Διὰ
442 3355 492 3407 τί
518 3358 596 3418 είς
640 3356 755 3408 ὁδὸν
789 3356 956 3409 ἐθνῶν
995 3357 1119 3420 τοὺς
1148 3359 1396 3428 μαθητὰς
1435 3362 1508 3430 μὴ
1539 3361 1812 3428 ἀπελθεῖν,

240 3450 409 3511 αὐτὸς
473 3451 722 3517 φαίνεται
762 3453 840 3514 εἰς
879 3452 945 3504 τὰ
1012 3454 1151 3522 μέρη
1204 3454 1381 3524 Τύρου
1439 3458 1532 3508 καὶ
1580 3458 1805 3522 Σιδῶνος

240 3538 451 3603 ἑλθώνς
490 3538 586 3590 Διὰ
606 3540 729 3602 τοὺς
776 3540 1061 3604 Ἰουδαίους
1095 3542 1441 3612 διδαχθέντας
1472 3549 1563 3598 καὶ
1598 3548 1670 3617 μὴ
1720 3567 1815 3601 πε-

238 3631 623 3695 πιστευκότας,
652 3633 763 3689 τοῖς
803 3632 1010 3686 ἔθνεσιν
1035 3633 1241 3700 ἀνοῖξαι
1269 3635 1437 3705 θύραν
1457 3637 1558 3707 ὁδῷ
1586 3640 1811 3709 προϐαί-

237 3739 354 3773 νων
363 3759 377 3773 .

316 3814 470 3876 Τίνος
486 3815 671 3867 ἕνεκεν
683 3815 874 3879 εἰπὼν,
893 3817 1196 3888 κραζούσης
1210 3820 1303 3888 τῆς
1321 3820 1649 3883 Χαναναίας,
1668 3821 1812 3891 πρῶ·

233 3922 333 3956 τον
355 3904 452 3972 μὲν
480 3906 578 3957 οὐκ
599 3907 870 3976 ἀπεκρίθη
884 3910 1018 3976 αὐτῇ
1034 3909 1209 3976 λόγον,
1229 3912 1314 3963 ὅτε
1332 3912 1384 3964 δὲ
1401 3913 1491 3965 καὶ
1513 3914 1805 3984 ἀπεκρίθη,

234 3994 445 4062 ἄπορόν
488 4012 540 4047 τι
587 3996 857 4066 ἀπεκρίθη
905 3999 1071 4068 αὐτῇς
1104 4002 1200 4053 Διά
1234 4004 1330 4071 τῆς
1371 4004 1526 4070 σιγῆς
1559 4008 1651 4057 καὶ
1700 4006 1809 4057 τῶν

233 4085 495 4137 τοιούτων
559 4085 731 4152 λόγων
782 4088 1125 4142 ἐκκαλεῖσθαι
1169 4092 1261 4143 καὶ
1317 4092 1486 4157 δεῖξαι
1561 4096 1638 4163 τῷ
1695 4094 1808 4164 λαῷ

230 4177 296 4226 τὸ
346 4174 622 4244 πρόθυμον
670 4178 838 4246 αὐτῆς
867 4178 1166 4251 βουληθεὶς,
1194 4182 1268 4243 ὡς
1301 4184 1689 4251 προγινώσκων
1719 4185 1807 4237 τὸν

231 4267 291 4318 θε
304 4267 439 4335 ρμὸν
464 4268 631 4336 θυμὸν
654 4270 843 4338 αὐτῆς.

309 4362 407 4414 Διά
458 4362 529 4425 τί,
575 4362 881 4433 κραζούσης
912 4364 1104 4433 αὐτῆς,
1138 4366 1184 4416 oi
1215 4365 1502 4419 ἀπόστολοι
1531 4368 1801 4433 εἰπόντες,

242 4452 594 4506 Ἀπόλυσον
637 4454 853 4521 αὐτὴν,
903 4456 1000 4525 οὐχ
1051 4456 1491 4525 ὑπηκούσθησαν,
1546 4459 1662 4511 ἀλλ’
1714 4460 1801 4511 ὅτε

229 4542 372 4612 αὐτὴ
407 4544 574 4596 πολλὰ
616 4545 843 4613 ὲδεήθη;
877 4546 998 4598 ’Ὁτι
1040 4547 1285 4616 βούλεται
1316 4552 1439 4611 τοὺς
1472 4550 1801 4614 ὑπευθύνους

228 4631 434 4693 αὐτοὺς
474 4632 614 4703 ὑπὲρ
646 4633 846 4699 αὐτῶν,
882 4635 997 4686 ἀλλ’
1035 4637 1131 4705 οὐχ
1178 4638 1395 4707 ἐτέρους
1431 4639 1631 4707 μᾶλλον
1663 4640 1799 4708 ὑπὲρ

226 4722 458 4776 ἐκείνων
488 4724 721 4778 δέεσθαι.

302 4832 402 4883 Διὰ
431 4832 483 4883 τί
510 4834 574 4902 τῇ
610 4833 707 4901 μὲν
744 4835 1025 4906 Χαναναία
1071 4836 1348 4908 κραζούσῃ
1384 4839 1532 4907 μόλις
1552 4841 1802 4911 ὑπήκου-

226 4940 345 4986 σεν,
394 4927 505 4985 τοῖς
531 4925 586 4976 δὲ
636 4924 947 4979 ἀνελθοῦσιν
974 4928 1052 4989 εἰς
1096 4928 1157 4980 τὸ
1192 4929 1315 4997 ὅρος
1348 4929 1547 4992 εὐθέως
1578 4932 1652 5000 μὴ
1681 4932 1800 5002 δεη-

222 5012 432 5077 θεῖσιν;
471 5013 581 5082 Οὐχ
625 5014 706 5066 ὅτι
744 5015 1033 5084 κρείσσονα
1062 5017 1241 5071 πίστιν
1267 5015 1431 5087 εἶχον,
1456 5018 1568 5071 ἀλλ’
1598 5020 1682 5072 ἵνα
1711 5022 1799 5073 ὲκ-

222 5101 369 5173 κόψῃ
392 5107 489 5172 τὴν
532 5105 833 5171 πρόφασιν
880 5107 988 5175 ὅσῳ
1017 5108 1124 5178 γὰρ
1152 5109 1215 5162 ἄν
1250 5127 1336 5173 τις
1369 5111 1552 5179 μεῖζον
1574 5113 1796 5182 εὐεργε-

218 5193 387 5261 τῆται
442 5193 695 5246 τοσοῦτον
747 5196 1074 5263 ὑπεύθυνος,
1136 5200 1209 5269 μὴ
1260 5199 1489 5272 θελήσας
1543 5203 1796 5271 γενέσθαι

222 5284 453 5354 βελτίων
484 5287 542 5337 ὲα
552 5286 699 5340 υτοῦ.

296 5392 363 5443 Τί
422 5392 619 5461 δήποτε
679 5396 881 5467 ἀρτίως
940 5398 1041 5451 οὐκ
1092 5394 1264 5459 εἷπον,
1331 5399 1622 5452 Ἀπόλυσον
1672 5402 1796 5463 τοὺς

211 5486 433 5557 ὖχλους,
468 5487 516 5537 οῖ
549 5488 860 5548 ἀπόστολοι,
894 5489 988 5542 καὶ
1012 5490 1185 5543 ταῦτα
1214 5490 1380 5560 τριῶν
1411 5492 1794 5561 παρελθουσῶν

213 5578 479 5649 ἡμερῶν;
519 5579 738 5649 Ἐπειδὴ
778 5582 842 5632 ἐκ
886 5583 993 5634 τῶν
1033 5583 1312 5651 προτέρων
1340 5583 1519 5650 ἀρτων
1566 5585 1658 5635 καὶ
1700 5583 1793 5636 τοῦ

209 5671 431 5725 ἐκεῖθεν
475 5671 750 5741 θαύματος
792 5674 1029 5743 βελτίους
1062 5676 1328 5741 ἐγένοντο,
1364 5674 1452 5729 διὰ
1484 5675 1642 5728 τοῦτο
1675 5676 1793 5729 οὐδὲ

1261 308 1581 374 SCHOLIA
1619 308 1913 376 VETERA
1958 308 2039 379 IN
2080 321 2542 385 MATTIL/EUM.

732 419 825 469 καὶ
863 418 937 481 ὡς
991 420 1153 489 νόμον
1211 414 1423 491 ἔχοντες
1468 426 1645 490 τοῦτο,
1698 428 1815 480 ἀλλέ

1942 431 2105 483 stoli?
2137 432 2248 485 Non
2280 435 2640 490 observabant
2671 453 2844 508 neque
2874 453 2931 497 ut
2969 445 3137 514 legem
3171 447 3313 502 istud
3348 452 3513 509 liabe-

3374 339 3514 405 1122

1941 524 2091 587 bant,
2130 524 2220 577 sed
2265 540 2453 594 parum
2487 531 2792 596 curabant;
2835 550 3008 603 neque
3034 553 3139 591 non
3197 540 3359 594 lavari
3405 543 3507 595 ali-

1939 613 2068 681 quid
2119 615 2418 682 habebant,
2467 621 2563 675 sed
2593 632 2651 675 ut
2701 626 3046 696 contingebat
3096 639 3385 700 utrumque
3423 633 3506 686 fa-

1939 705 2172 761 ciebant.

2012 812 2172 868 Vsus.
2214 816 2265 869 3.
2309 818 2557 875 Christus
2606 836 2715 876 non
2757 823 2889 879 dicit
2927 841 3021 881 eos
3070 828 3205 882 bene
3237 838 3329 883 aut
3359 833 3500 885 male

1936 916 2127 970 agere;
2159 905 2308 973 prius
2339 909 2577 975 quidem,
2614 926 2679 965 ne
2708 916 2968 982 apostolis
3000 917 3168 985 legem
3201 919 3363 975 faciat
3392 938 3499 975 non

1937 990 2104 1045 lavari
2153 1003 2203 1047 et
2237 996 2469 1052 audaces
2513 1002 2736 1068 elliciat;
2785 1009 3055 1073 posterius
3087 1018 3291 1074 autem,
3326 1028 3393 1066 ne
3419 1030 3506 1067 se-

1934 1083 2151 1136 niorum
2201 1085 2372 1155 legem
2422 1094 2729 1158 conﬁrmet,
2776 1098 3082 1155 ablutiones
3117 1103 3239 1156 dico
3269 1113 3321 1157 et
3355 1106 3505 1158 lava-

1935 1171 2130 1226 tiones.
2175 1174 2291 1229 Non
2339 1188 2561 1234 accusat
2614 1184 2859 1241 seniores
2910 1196 2971 1240 ut
3013 1190 3146 1258 legis
3188 1193 3502 1261 violatores,

1932 1263 2026 1317 sed
2054 1265 2120 1318 ad
2151 1266 2309 1321 aliam
2342 1268 2823 1339 interrogationem
2853 1279 3067 1332 transit.

2008 1446 2168 1501 Vsus.
2204 1450 2257 1503 5.
2296 1452 2433 1516 Quid
2465 1463 2547 1508 est
2579 1455 2744 1522 illud,
2786 1457 3090 1530 Quicunque
3124 1461 3322 1515 dixerit
3364 1468 3505 1531 patri

1931 1546 2017 1586 aut
2043 1538 2202 1588 matri
2234 1554 2252 1591 .'
2284 1538 2476 1591 Munus
2521 1544 2659 1608 quod
2691 1555 2766 1596 est
2802 1561 2865 1597 ex
2899 1561 2995 1608 me,
3034 1548 3127 1599 tibi
3155 1550 3420 1615 proderit;
3452 1562 3501 1603 et

1932 1637 2035 1673 non
2089 1623 2458 1691 honoriﬁcabit
2502 1640 2698 1694 patrem
2743 1646 2892 1683 suam
2935 1643 3025 1684 aut
3063 1646 3278 1687 matrem
3309 1639 3501 1690 suam?

1931 1712 2007 1764 Ita
2041 1713 2400 1783 intelligitur:
2445 1718 2784 1773 lnstruebant
2812 1721 3037 1789 juvenes
3069 1726 3285 1793 pietatis
3324 1730 3502 1796 sper-ie

1927 1814 2275 1860 contemnere
2325 1818 2606 1874 parentes;
2640 1811 2711 1863 ita
2752 1820 2829 1875 ut,
2860 1814 2903 1866 si
2929 1815 3052 1883 quis
3102 1816 3305 1870 diceret
3344 1818 3495 1873 lilio:

1924 1892 1999 1944 Da
2034 1896 2162 1946 mibi
2208 1896 2345 1950 hanc
2391 1914 2543 1951 ovem
2579 1916 2740 1968 quam
2789 1902 2956 1956 babes
3008 1913 3101 1957 aut
3133 1906 3356 1959 vitulam
3404 1918 3498 1963 aut

1924 1981 2070 2034 aliud
2104 1983 2254 2050 quid,
2291 1987 2639 2053 responderet
2672 1992 2809 2057 patri
2841 1992 3007 2046 iilius:
3050 1992 3244 2049 Munus
3274 2004 3356 2049 est
3388 1995 3496 2049 Deo

1923 2072 2054 2125 illud
2086 2074 2235 2141 quod
2274 2076 2352 2128 vis
2386 2084 2442 2129 ut
2479 2092 2543 2130 ex
2576 2095 2660 2132 me
2702 2080 2797 2133 tibi
2830 2084 3018 2150 prosit,
3050 2092 3103 2137 et
3133 2100 3237 2138 non
3271 2102 3492 2154 possunt

1923 2162 2055 2216 illud
2086 2165 2217 2217 dare
2247 2166 2370 2232 tibi;
2405 2177 2457 2220 et
2489 2168 2683 2236 duplex
2724 2172 2927 2225 malum
2958 2184 3141 2241 ageret
3169 2196 3183 2229 :
3225 2192 3349 2229 nam
3383 2193 3492 2231 non

1924 2250 2031 2305 Deo
2062 2253 2381 2319 olierebant,
2406 2268 2457 2311 ct
2485 2269 2736 2325 parentes
2769 2265 3041 2329 postulato
3079 2265 3369 2318 oblationis
3395 2283 3494 2320 no-

1920 2340 2066 2393 mine
2093 2343 2398 2410 privabant,
2426 2362 2593 2398 unum
2623 2364 2716 2415 per
2738 2350 2902 2402 alium
2930 2352 3292 2418 oﬂ‘endentes,
3325 2354 3491 2409 Deum

1921 2448 2014 2502 per
2054 2446 2328 2503 parentes,
2361 2447 2413 2490 et
2464 2448 2717 2506 parentes
2752 2456 2847 2509 per
2878 2441 3070 2498 Deum.
3104 2443 3195 2501 Sic
3239 2446 3492 2518 linquens

1920 2538 2032 2587 eos,
2060 2528 2124 2576 ad
2161 2526 2371 2578 turbam
2404 2542 2715 2582 sermonem
2746 2530 2950 2600 dirigit.

1995 2700 2155 2755 Vens.
2196 2703 2282 2757 l2.
2324 2704 2431 2757 Cur
2466 2709 2727 2774 apostolis
2777 2710 3082 2769 dicentibus
3118 2719 3257 2785 quod
3296 2719 3487 2779 Phart~

1919 2791 2011 2843 saei
2042 2792 2391 2846 scandalizati
2428 2797 2557 2858 sint,
2594 2799 2768 2865 inquit
2799 2801 2887 2854 ille
2920 2821 2931 2856 :
2971 2802 3137 2859 Sinite
3172 2808 3324 2872 illos;
3356 2813 3485 2869 alibi

1919 2892 2099 2936 autem
2148 2884 2421 2938 invenitur
2470 2887 2657 2942 dicens
2710 2908 2722 2941 :
2778 2890 2860 2944 Ne
2890 2893 3007 2946 illos
3032 2900 3487 2958 scandalizemus?

1919 2972 2053 3036 Quia
2100 2984 2489 3042 opportttnttas'
2528 2980 2790 3045 postulat,
2840 2995 2895 3036 et
2939 2986 3042 3038 scit
3074 2987 3162 3041 ille
3206 3006 3485 3060 nunquam

1919 3074 2285 3122 contemnere.
2325 3067 2544 3137 Oportet
2580 3080 2759 3126 tamen
2798 3076 3002 3142 videre,
3047 3088 3100 3133 et
3124 3086 3340 3149 quando
3374 3103 3483 3138 me-

1920 3156 2021 3206 rito
2064 3158 2518 3223 scandalizentur,
2552 3162 2800 3218 celeriter
2839 3180 2931 3221 eos
2973 3169 3229 3237 relevare,
3264 3178 3482 3243 quando

1916 3255 2094 3299 autem
2123 3247 2415 3312 immerito,
2448 3265 2546 3318 pro
2576 3253 2746 3306 nihilo
2775 3254 2826 3308 id
2860 3267 3128 3327 reputare.

1990 3354 2152 3410 Vsus.
2187 3358 2275 3410 9|.
2312 3358 2442 3425 Cur,
2489 3376 2612 3414 cum
2657 3362 2854 3418 dixerit
2899 3367 3184 3437 discipulis
3213 3386 3320 3426 non
3355 3384 3481 3429 eant

1915 3447 1978 3500 ad
2012 3448 2150 3500 viam
2183 3450 2444 3517 gentium,
2475 3452 2589 3520 ipse
2621 3455 2832 3507 videtur
2860 3456 2912 3509 in
2938 3469 3123 3526 partes
3155 3461 3277 3532 Tyri
3306 3474 3360 3517 et
3394 3466 3478 3518 Si-

1913 3539 2069 3592 donis
2118 3539 2232 3593 ire?
2267 3538 2494 3609 Propter
2520 3541 2733 3597 .lndaeos
2760 3545 2986 3601 edoctus
3028 3560 3079 3603 et
3109 3566 3217 3605 non
3253 3556 3479 3609 creden-

1914 3639 2015 3692 tes,
2048 3631 2300 3701 gentibus
2324 3632 2546 3701 januam
2582 3636 2795 3704 aperire
2827 3636 2932 3691 hoc
2968 3640 3163 3696 itinere
3197 3643 3404 3714 incipit.

1987 3813 2148 3869 Vens.
2216 3817 2305 3871 ‘23.
2372 3817 2541 3886 Cujus
2588 3834 2775 3883 causa,
2830 3820 3096 3877 clamante
3130 3823 3471 3894 Cliananaea,

1910 3906 2086 3974 primo
2112 3908 2327 3976 quidem
2363 3922 2467 3961 non
2504 3911 2779 3979 respondit
2812 3913 2886 3964 illi
2915 3914 3179 3980 verbum;
3211 3931 3332 3970 cum
3374 3936 3471 3971 au-

1909 4003 2014 4048 tem
2052 3999 2347 4065 respondit,
2379 4000 2575 4052 durum
2620 4002 2891 4069 quoddam
2926 4004 2997 4056 illi
3037 4006 3475 4075 responditTPer

1909 4086 2183 4141 silentium
2235 4098 2289 4143 et
2328 4091 2461 4144 talia
2514 4093 2675 4146 verba
2706 4094 2940 4148 excitare
2974 4108 3026 4150 et
3064 4100 3261 4166 populo
3288 4109 3475 4154 osten-

1905 4179 2035 4231 dere
2063 4179 2181 4245 ejus
2210 4179 2459 4233 ardorem
2497 4182 2728 4244 volebat,
2767 4194 2823 4236 ut
2864 4200 3207 4251 praenoscens
3254 4188 3468 4243 ferven-

1909 4279 2012 4322 tem
2043 4267 2161 4331 ejus
2196 4269 2461 4323 animum.
2740 4300 2751 4327 ι

1977 4360 2104 4419 Cur,
2162 4359 2429 4413 clamante
2488 4360 2598 4421 illa,
2648 4363 2880 4429 apostoli
2933 4364 3195 4426 dicentes,
3257 4366 3472 4421 Dimitte

1903 4465 2037 4513 eant,
2067 4466 2171 4503 non
2192 4451 2435 4505 exauditi
2467 4453 2727 4516 sunt,sed
2758 4454 2973 4522 quando
2996 4455 3086 4508 illa
3118 4459 3345 4509 multum
3378 4475 3467 4511 ro-

1904 4543 2088 4611 gavit?
2136 4542 2273 4607 Quia
2332 4545 2443 4597 vult
2494 4544 2612 4597 illos
2641 4544 2707 4598 de
2734 4559 2793 4599 se
2818 4546 3047 4600 invicem
3085 4549 3219 4601 bene
3243 4552 3467 4614 mereri,

1902 4634 1994 4688 sed
2020 4651 2125 4689 non
2150 4636 2284 4691 alios
2315 4637 2485 4707 magis
2515 4651 2610 4707 pro
2652 4639 2772 4691 aliis
2799 4653 3007 4708 rogare.

1972 4840 2081 4895 Cur
2129 4849 2451 4895 clamantem
2490 4840 2852 4895 Cbananazam
2902 4856 3041 4906 aegre
3083 4842 3373 4902 exaudivit.
3415 4853 3469 4898 et

1902 4932 2001 4986 bos
2035 4932 2126 5001 qui
2153 4932 2204 4985 in
2233 4943 2468 4985 montem
2497 4933 2854 4986 ascenderant
2880 4931 3167 4988 ronfeStim
3194 4935 3468 4989 exaudivit

1900 5023 1982 5076 vel
2013 5039 2119 5076 non
2168 5023 2457 5091 rogantes?
2494 5023 2608 5076 Non
2654 5024 2778 5090 quia
2813 5023 3071 5092 majorem
3109 5024 3267 5077 tidem
3301 5025 3467 5076 babe-

1901 5116 2055 5179 bant,
2087 5116 2176 5169 sed
2212 5124 2267 5168 ut
2316 5115 2719 5170 excusationem
2770 5116 3054 5171 adimeret.
3085 5116 3218 5171 Nam
3259 5127 3467 5186 quanto

1900 5205 2076 5274 majus
2127 5206 2323 5275 aliquis
2364 5206 2687 5261 benelicinm
2732 5208 2948 5277 accipit,
2985 5217 3132 5262 tanto
3162 5207 3220 5260 lit
3245 5210 3467 5277 majoris

1898 5296 2129 5353 debitor.

1969 5408 2138 5462 Vsus.
2179 5407 2267 5463 ⁸52.
2307 5408 2443 5473 Quid
2471 5408 2756 5464 confestim
2792 5426 2897 5465 non
2924 5411 3177 5465 dixerunt
3209 5411 3460 5478 apostoli,

1898 5500 2117 5555 Dimitte
2150 5501 2358 5563 turbas,
2394 5501 2485 5555 sed
2518 5516 2640 5555 cum
2668 5502 2781 5571 jam
2818 5502 3150 5557 emuxissent
3180 5502 3291 5556 dies
3320 5504 3467 5556 tres?

1897 5590 2035 5656 Quia
2082 5607 2144 5645 ex
2194 5606 2393 5659 panum
2445 5593 2636 5663 priori,
2665 5603 2717 5647 et
2750 5609 2813 5647 ex
2838 5595 2940 5646 isto
2984 5594 3266 5661 poSIeriori
3300 5594 3463 5647 mira-

1898 5681 2022 5734 culo
2050 5681 2304 5738 meliores
2352 5681 2477 5736 iacti
2530 5689 2723 5746 erant;
2781 5682 2902 5736 ideo
2935 5695 3052 5752 non
3101 5681 3288 5737 dicunt
3318 5683 3462 5747 quod
