3920 6206
220 267 360 330 1125

1210 267 1528 328 SCHOLIA
1575 270 1874 331 VETERA
1906 271 1991 334 IN
2028 273 2500 337 MATTH/EUM.

3317 290 3455 355 1126

212 377 279 430 δὲ
295 378 428 430 τίνα
449 394 527 445 με
546 376 752 447 λέγετε
781 372 970 441 civ-at;
1002 379 1064 431 Οί
1102 380 1199 448 μὲν
1230 381 1339 450 γὰρ
1381 379 1553 446 ἄλλοι,
1592 384 1773 453 φησὶν,

1886 385 1987 439 Alii
2015 387 2181 453 enim,
2208 390 2363 456 dicit,
2394 391 2645 448 homines
2672 394 2838 449 [ilium
2858 395 3057 468 Joscph
3089 416 3175 457 me
3203 418 3326 459 esse
3352 422 3453 474 pu-

209 469 488 539 ἄνθρωποι
526 467 641 519 υίόν
700 485 768 537 με
828 466 1145 537 νομίζουσιν
1200 463 1343 522 εἶναι
1397 469 1489 522 τοῦ
1559 472 1779 541 Ἰωσὴφ,

211 558 326 611 υίὸν
356 556 669 627 ἀνθρώπου,
705 558 798 611 καὶ
831 558 991 611 πλέον
1019 558 1191 611 οὐδέν·
1220 559 1282 611 οὐ
1312 561 1422 629 γὰρ
1455 559 1650 613 ἔλαϐόν
1680 579 1782 631 μου

209 656 401 724 πεῖραν
431 651 699 721 τοσαύτην
725 653 823 721 τῆς
847 652 1031 722 θεῖκῆς
1060 670 1158 722 μου
1183 653 1452 719 ἐξουσίας·
1481 654 1595 709 ἀλλ’
1624 655 1784 724 ὑμεῖς

208 746 255 797 οἱ
278 744 552 809 λαϐόντες,
583 742 704 795 τίνα
741 761 806 813 με
838 744 1024 810 λέγετε
1055 740 1223 806 εἷναι;
1264 744 1325 796 οὐ
1354 743 1501 811 λέγω
1534 744 1625 797 τὸν
1653 745 1782 798 Υίὸν

208 834 302 887 τοῦ
330 834 638 904 ἀνθρώπου,
672 833 761 887 ἵνα
789 833 862 903 μὴ
891 833 1028 902 πρὸς
1054 833 1155 903 τὴν
1185 833 1325 903 ἐμὴν
1352 834 1630 903 ἀπόφασιν
1657 834 1784 905 δρά-

212 939 368 995 μητε·
402 925 461 976 οὐ
493 924 635 992 λέγω
668 925 829 978 πάλιν
863 923 954 976 τὸν
987 924 1116 976 Υίὸν
1148 923 1242 976 τοῦ
1271 922 1428 988 Θεοῦ,
1460 924 1546 978 ἵνα
1575 927 1648 995 μὴ
1682 923 1781 995 τὴν

210 1017 362 1083 ὑμῶν
388 1016 566 1084 ψῆφον
590 1016 841 1086 ἀρπὰσω·
891 1014 1045 1067 οὐδὲν
1090 1014 1329 1084 ἐμαυτὸν
1362 1014 1458 1068 νῦν
1505 1032 1569 1083 γε
1607 1016 1779 1069 καλῶ·

209 1106 279 1157 τὰ
322 1108 622 1175 πράγματα
662 1106 822 1175 μόνον
856 1105 985 1174 ὑμῖν
1031 1104 1350 1175 χειραγωγά
1395 1106 1495 1175 τῆς
1546 1106 1780 1177 ἀποκρί-

210 1214 346 1259 σεως
372 1198 599 1253 δέδωκα.

279 1287 400 1339 Ὀτι
435 1287 518 1339 Σὺ
545 1284 603 1340 εἷ
631 1290 662 1340 δ
684 1287 939 1356 Χριστὸς
964 1290 997 1341 ό
1022 1288 1157 1353 Υἱὸς
1188 1288 1295 1341 τοῦ
1321 1288 1469 1342 Θεοῦ
1508 1288 1615 1342 τοῦ
1642 1288 1779 1349 ζῶν-

205 1393 328 1441 τος,
377 1378 522 1445 λέγει
571 1379 792 1449 Πέτρος·
830 1380 959 1432 Υίδν
1005 1380 1141 1432 Θεοῦ
1183 1380 1357 1448 λέγων
1392 1380 1645 1451 καθαρῶς
1683 1382 1780 1434 καὶ

204 1466 269 1517 ὲκ
296 1467 395 1534 τῆς
420 1466 582 1519 αὑτοῦ
608 1468 819 1531 οὐσίας,
856 1467 972 1521 ἀλλ’
1003 1469 1126 1537 οὐχὶ
1176 1468 1252 1531 ὡς
1295 1470 1344 1521 oi
1378 1470 1436 1521 ἐν
1459 1468 1537 1538 τῷ
1583 1468 1775 1538 πλοίῳ,

204 1556 324 1609 οὐδὲ
354 1556 428 1619 ὼς
454 1558 482 1609 ό
512 1558 805 1629 Ναθαναὴλ
833 1559 930 1611 ἕνα
953 1560 1062 1612 τῶν
1089 1558 1321 1625 πολλῶν,
1353 1560 1489 1613 ἀλλά
1515 1560 1776 1631 γνησίως·

204 1644 291 1697 διὰ
317 1646 474 1697 τοῦτο
518 1648 609 1699 καὶ
643 1649 723 1710 τὸ,
760 1651 884 1715 Βὰρ
941 1647 1131 1714 Ἰωνᾶ,
1159 1648 1333 1715 λέγει,
1364 1650 1486 1702 ἀντὶ
1518 1649 1634 1715 τοῦ,
1668 1650 1775 1701 υἱέ·
1811 1720 1817 1728 .

1890 485 2024 541 tant,
2053 479 2223 534 lilium
2257 481 2499 536 hominis
2551 494 2607 539 et
2645 487 2781 539 nihil
2832 492 3098 559 amplius;
3140 509 3249 548 nou
3307 498 3450 551 enim

1886 575 2093 621 tantam
2124 584 2153 623 a
2203 586 2289 624 me
2326 583 2654 642 receperunt
2686 577 3062 645 probationem
3098 583 3293 637 divinae
3319 601 3454 641 meae

1884 662 2189 727 potestatis.
2211 660 2315 716 Sed
2336 679 2432 718 vos
2457 665 2551 734 qui
2580 669 2882 735 recepistis,
2911 685 3071 738 quem
3097 689 3181 725 me
3208 690 3330 730 esse
3355 678 3442 731 di-

1885 750 2037 805 citis?
2076 749 2193 804 Non
2234 753 2356 807 dico
2382 754 2550 809 lilium
2579 757 2835 823 hominis,
2860 775 2926 812 ue
2961 761 3028 813 ad
3076 776 3254 815 meam
3287 780 3451 832 appa-

1884 842 2115 893 rentiam
2140 846 2466 911 recurratis;
2496 861 2602 899 non
2626 848 2749 900 dico
2770 864 2989 903 rursum
3018 851 3213 905 Filium
3248 852 3361 916 Dei,
3384 869 3450 908 ne

1884 939 2127 986 vestrum
2180 933 2499 1004 sull‘ragium
2554 941 2906 1006 prteveniam.
2962 941 3107 995 Nihil
3166 958 3253 996 me
3308 960 3453 998 nunc

1881 1036 2053 1087 voco;
2093 1039 2181 1079 res
2228 1034 2436 1081 tantum
2487 1028 2641 1082 vobis
2687 1032 3016 1084 sententiam
3069 1047 3451 1101 promoventes

1882 1113 2023 1168 dedi.

1947 1296 2101 1363 Quod
2136 1298 2328 1354 Petrus
2378 1301 2527 1369 dicit,
2582 1301 2657 1354 Tu
2712 1319 2765 1355 es
2809 1303 3072 1369 Christus,
3130 1303 3303 1359 Filius
3357 1307 3451 1361 Dei

1881 1390 2019 1453 rivi;
2052 1390 2247 1444 Filium
2284 1393 2378 1446 Dei
2430 1403 2588 1447 vocat
2638 1396 2852 1463 proprie
2897 1405 2951 1448 et
2994 1410 3058 1449 ex
3101 1412 3197 1450 sua
3233 1407 3449 1462 natura,

1882 1479 1976 1533 sed
2004 1494 2110 1532 non
2145 1488 2206 1533 ut
2229 1480 2302 1534 illi
2339 1482 2431 1550 qui
2463 1492 2620 1536 erant
2652 1485 2704 1536 in
2748 1484 2984 1551 navigio,
3023 1500 3198 1553 neque
3243 1497 3300 1540 ut
3345 1485 3453 1540 Na-

1883 1569 2099 1624 thanael
2141 1588 2308 1626 unum
2332 1587 2361 1625 e
2392 1572 2599 1637 multis,
2629 1573 2721 1625 sed
2753 1573 3050 1642 legitimum
3080 1574 3295 1628 Filium.
3324 1574 3452 1629 Ideo

1882 1670 1935 1715 et
1958 1660 2211 1717 Christus
2240 1663 2371 1717 dicit
2409 1680 2422 1716 :
2456 1663 2565 1716 Bar
2606 1664 2769 1728 Jona,
2810 1673 2861 1717 et
2900 1680 3006 1717 uou
3046 1664 3194 1718 Joua:
3225 1665 3323 1728 fili,
3354 1682 3446 1720 os-

202 1734 400 1805 δηλῶν,
429 1738 511 1791 ὅτι
547 1738 634 1801 Ὠς
664 1739 729 1791 σὺ
784 1740 879 1792 τοῦ
926 1740 1082 1793 Ἰωνᾶ
1113 1740 1295 1809 φύσει,
1337 1740 1507 1803 οὕτως
1537 1739 1648 1810 ἐγὼ
1682 1738 1773 1795 τοῦ

1884 1753 2110 1807 tendens
2132 1754 2299 1822 quod,
2327 1753 2480 1807 Sicut
2508 1762 2564 1807 tu
2615 1752 2766 1807 Joua:
2810 1763 3006 1807 natura
3053 1769 3111 1809 es
3150 1754 3312 1820 libus,
3361 1755 3444 1810 sie

201 1826 337 1879 Θεοῦ
366 1829 478 1897 είμι
509 1828 657 1892 Υἱός.

287 1918 658 1988 ’Δπορούντων
716 1920 826 1975 τῶν
888 1922 1149 1992 μαθητῶν
1206 1924 1479 1995 καὶπρὸς
1552 1925 1779 1988 ἑαυτοὺς

198 2010 345 2073 εἰκὸς
377 2013 548 2065 ταῦτα
587 2014 854 2081 λεγόντων
875 2032 888 2044 ·
926 2015 1054 2067 Υἱδν
1101 2016 1265 2068 αὐτὸν
1295 2016 1430 2068 Θεοῦ
1463 2016 1666 2087 Πέτρος
1698 2019 1777 2069 εί-

198 2099 340 2165 πὼν,
392 2104 775 2174 μακαρίζεται.
826 2105 1029 2172 Μάρθα
1067 2106 1232 2157 πάλιν
1274 2106 1373 2174 οὐχ
1422 2106 1556 2158 Υἱὸν
1612 2106 1777 2159 αὐτὸν

197 2185 354 2241 εἶπεν
382 2191 551 2256 Θεοῦ;
602 2193 708 2246 Ναὶ
756 2196 886 2264 γὰρ,
942 2196 1138 2262 Κύριε,
1188 2198 1375 2266 φησὶν,
1428 2196 1543 2265 ἐγὼ
1598 2199 1777 2250 πεπίο

195 2297 423 2335 στευκα
460 2283 547 2335 ὅτι
578 2283 658 2337 σὺ
684 2282 740 2338 εἷ
783 2288 815 2339 ὀ
860 2288 1112 2354 Χριστὸς
1142 2291 1175 2340 ὁ
1223 2289 1351 2354 Υἱὸς
1390 2290 1495 2342 τοῦ
1529 2291 1696 2353 Θεοῦ,
1744 2293 1777 2343 ό

194 2376 284 2438 είς
319 2375 426 2427 τὸν
450 2376 680 2443 κόσμον
704 2376 1045 2445 ἐρχόμενος,
1085 2379 1149 2430 Τί
1181 2379 1273 2431 οὖν
1316 2380 1499 2449 ἐκείνη
1533 2399 1776 2450 μακαρι-

198 2465 357 2530 σμῶν
384 2465 483 2515 οὐκ
513 2464 717 2533 ἠξιώθη
757 2467 939 2530 τινῶν,
983 2468 1119 2519 ἀλλά
1150 2468 1353 2535 Πέτρος
1387 2470 1461 2530 ὣς
1502 2487 1556 2521 τι
1588 2471 1775 2524 καινὸν

198 2549 374 2603 εἰπὼν
406 2555 806 2622 μακαρίζεται;
839 2556 1000 2623 ἡμεῖς
1042 2556 1207 2608 πάλιν
1248 2558 1554 2626 συμφώνως
1587 2561 1673 2611 ὅτε
1708 2564 1773 2628 τῇ

198 2643 447 2714 θαλάσσῃ
478 2647 572 2697 καὶ
612 2648 723 2707 τοῖς
763 2645 985 2714 ἀνέμοις
1021 2647 1378 2718 ἐπετίμησεν,
1409 2649 1507 2718 οὐχ
1536 2648 1610 2712 ὡς
1647 2650 1777 2704 Υἱὸν

194 2734 335 2789 Θεοῦ
367 2736 530 2787 αὑτὸν
560 2740 866 2806 προσεκυνή
880 2754 1049 2806 σαμεν
1084 2739 1179 2789 καὶ
1217 2740 1356 2809 μετά
1401 2743 1583 2810 φωνῆς
1616 2742 1775 2812 ἐϐοή-

195 2843 395 2894 σαμεν,
441 2825 705 2892 Ἀληθῶς
751 2827 898 2880 Θεοῦ
947 2829 1081 2892 Υἱὸς
1113 2825 1205 2892 ei;
1243 2830 1331 2883 διὰ
1377 2831 1428 2883 τί
1471 2832 1776 2901 μακαρίους

193 2920 347 2987 ἡμᾶς
368 2918 466 2969 οὐκ
493 2918 753 2970 ἐκάλεσεν
776 2920 899 2971 τότε
924 2934 939 2987 ;
975 2920 1161 2974 Ταῦτα
1189 2921 1299 2973 τῶν
1332 2923 1587 2992 μαθητῶν
1621 2924 1777 2976 ἐνθυ-

194 3008 507 3077 μουμένων,
547 3011 575 3062 ό
614 3011 889 3082 Δεσπότης
940 3013 1135 3079 ἐπάγει
1167 3028 1182 3041 ⁶
1216 3014 1336 3081 Βὰρ
1379 3012 1567 3078 Ἰωνᾶ,
1617 3031 1776 3067 τουτο

195 3099 373 3162 ἐστιν,
402 3099 496 3151 Υἱὲ
530 3100 623 3152 τοῦ
663 3101 836 3156 Ἰωνᾶ.
886 3104 971 3165 Ὠς
994 3104 1264 3176 ἐκήρυξας
1288 3104 1395 3175 γάρ
1442 3121 1565 3174 μου,
1609 3106 1767 3177 φησι,

187 3190 287 3240 τὸν
319 3190 561 3259 Πατέρα,
593 3191 737 3244 οὕτω
776 3192 930 3260 κάγὼ
960 3195 1214 3264 κηρύττω
1247 3211 1341 3247 σου
1387 3196 1479 3247 τὸν
1530 3196 1766 3267 πατέρα·

190 3281 275 3351 μὴ
302 3284 520 3352 χρῄζων
550 3283 648 3353 μὲν
680 3284 774 3336 τοῦ
802 3284 896 3336 σοῦ
927 3285 1302 3355 μνημονεῦσαι
1334 3288 1559 3357 πατρὸς,
1600 3288 1768 3351 δεῖξαι

186 3373 254 3426 δὲ
279 3373 603 3442 βουλόμενος
626 3375 687 3428 τὸ
713 3377 1013 3445 ταυτοφυὲς
1039 3378 1175 3445 ἐμοῦ
1199 3379 1293 3430 καὶ
1320 3379 1551 3447 Πατρός·
1583 3380 1770 3432 εἰκόνα

190 3462 279 3527 σὲ,
300 3464 393 3515 καὶ
423 3464 513 3516 τὸν
540 3467 630 3517 σὸν
662 3468 895 3536 πατέρα,
923 3467 1055 3536 ἐμοῦ
1078 3468 1282 3520 καὶτοῦ
1310 3471 1354 3521 Π
1363 3471 1517 3539 ατρὸς
1543 3471 1768 3541 προστί-

189 3554 335 3622 θημι
365 3554 481 3607 νῦν·
521 3559 584 3608 ἐκ
611 3556 716 3609 τῶν
752 3558 871 3610 καθ’
903 3559 1045 3627 ὑμᾶς
1077 3560 1499 3628 μανθανέτωσαν
1529 3562 1768 3626 ἅπαντες

194 3646 330 3697 Υἰοῦ
374 3648 465 3698 καὶ
512 3648 725 3718 Πατρδς
758 3650 855 3717 τὴν
904 3651 1230 3719 ταυτότητα.
1291 3654 1388 3703 "0v
1430 3653 1537 3721 γὰρ
1569 3654 1767 3723 τρόπον

187 3737 378 3803 ὅμοιος
406 3738 470 3789 σὺ
501 3738 576 3806 τῷ
641 3740 795 3809 Ἰωνᾷ
825 3739 965 3792 κατά
1010 3740 1190 3808 φύσιν,
1229 3740 1403 3804 οὕτως
1445 3743 1626 3811 ὅμοιος
1657 3743 1767 3813 ἐγὼ

189 3827 277 3897 τῷ
311 3830 480 3898 Πατρὶ
502 3830 623 3882 κατ’
651 3831 859 3884 οὐσίαν·
897 3833 972 3894 ob;
996 3834 1095 3886 οὐκ
1138 3831 1186 3909 εἷ
1225 3835 1286 3887 σὺ
1323 3836 1527 3905 κτίσμα
1558 3837 1650 3888 τοῦ
1690 3840 1767 3890 οἰ·-

193 3916 348 3970 κιίου
381 3921 608 3989 πατρὸς,
637 3922 770 3972 ἀλλὰ
798 3921 1061 3992 γέννημα,
1084 3923 1252 3985 οὓτως
1280 3925 1401 3977 οὐδὲ
1428 3926 1540 3992 ἐγὼ
1560 3926 1766 3995 κτίσμα

194 4008 296 4061 τοῦ
335 4010 565 4081 Πατρδς,
604 4012 734 4064 ἀλλὰ
768 4013 1035 4083 γέννημα·
1065 4016 1128 4067 σὺ
1148 4015 1458 4086 ἀνθρώπου,
1495 4017 1605 4085 ἐγὼ
1634 4019 1766 4081 Θεὸς

193 4103 263 4153 ἐκ
288 4102 444 4154 Θεοῦ·
478 4104 541 4155 σὺ
583 4105 909 4175 γεγέννησαι
963 4106 1027 4159 ἐκ
1074 4109 1340 4171 τοιούτου,
1397 4108 1508 4174 ἐγὼ
1538 4108 1654 4175 φῶς
1702 4110 1767 4160 ἐκ

195 4194 395 4264 φωτός·
427 4196 490 4248 σὺ
524 4197 706 4265 ὅμοιος
736 4197 795 4260 ἐξ
823 4198 1030 4265 ὁμοίου,
1064 4198 1218 4264 κάγὼ
1246 4199 1429 4266 ὅμοιος
1464 4199 1521 4263 ἐξ
1557 4201 1763 4268 ὁμοίου·

194 4285 286 4337 διὰ
309 4284 468 4337 τοῦτο
500 4284 791 4355 μακαρίζω
813 4287 905 4338 τὸν
942 4286 1166 4355 Πέτρον,
1199 4287 1279 4338 ὅτι
1311 4303 1416 4355 περ
1450 4288 1546 4354 οὐχ
1577 4286 1767 4357 ὥσπερ

1878 1860 1980 1913 ego
2016 1844 2108 1898 Dei
2132 1859 2251 1898 sum
2284 1843 2477 1897 Filius.

1956 1931 2123 1987 Vens.
2181 1933 2268 1986 17.
2322 1932 2713 1987 Παεδὶιοηιίιηιε
2778 1932 3084 2002 discipulis,
3125 1941 3180 1985 et
3220 1932 3359 1985 inlra
3389 1946 3449 1987 se

1880 2024 2250 2080 verisimiliter
2285 2024 2414 2077 talia
2453 2024 2761 2079 dicentibus
2803 2025 3038 2079 :Petrus
3074 2024 3222 2078 illum
3251 2024 3447 2077 Filium

1881 2118 1974 2171 Dei
2018 2130 2220 2169 vocans
2268 2116 2463 2169 beatus
2508 2114 2739 2167 dicitur.
2783 2114 2991 2168 Martha
3034 2115 3229 2168 iterum
3269 2131 3448 2169 nonne

1878 2208 2074 2261 Filium
2112 2206 2204 2259 Dei
2224 2206 2372 2259 illum
2401 2219 2524 2257 esse
2548 2203 2722 2257 dixit?
2752 2202 2850 2268 lla;
2884 2220 3005 2257 nam
3031 2205 3184 2269 dicit,
3206 2205 3444 2270 Domine,

1877 2315 1969 2367 ego
2000 2296 2202 2351 credidi
2232 2297 2355 2366 quia
2392 2305 2446 2347 tu
2484 2311 2537 2347 es
2568 2293 2836 2357 Christus,
2885 2294 3054 2346 Filius
3107 2295 3220 2359 Dei,
3265 2297 3354 2363 qui
3390 2296 3447 2347 in

1877 2390 2013 2441 hunc
2046 2387 2297 2440 mundum
2326 2387 2537 2450 venisti,
2567 2385 2697 2455 quid
2734 2398 2862 2453 ergo
2888 2384 2977 2437 illa
3011 2399 3118 2438 uou
3156 2385 3313 2439 beata
3336 2387 3446 2439 dici

1878 2482 2037 2548 digna
2070 2481 2288 2531 inventa
2342 2489 2446 2538 est,
2505 2492 2630 2530 cum
2684 2477 2901 2539 Petrus,
2934 2491 3032 2530 ceu
3078 2478 3283 2545 aliquid
3322 2478 3447 2532 novi

1877 2571 2085 2633 dicens,
2114 2570 2303 2623 beatus
2332 2568 2695 2637 pradicatur?
2727 2567 2837 2622 Nos
2870 2583 3085 2637 quoque
3116 2570 3448 2622 unanimiter

1881 2659 2103 2731 quando
2132 2659 2268 2713 mari
2301 2667 2354 2711 et
2396 2658 2572 2711 ventis
2605 2656 2912 2727 imperavit,
2944 2672 3127 2711 nonne
3160 2666 3220 2711 ut
3245 2656 3445 2711 Filium

1877 2751 1971 2805 Dei
2004 2750 2151 2803 illum
2182 2746 2535 2802 adoravimus
2564 2755 2618 2800 et
2643 2761 2772 2801 voce
2806 2762 3003 2815 magna
3038 2745 3396 2800 clamavimus
3427 2761 3444 2799 :

1890 2840 2015 2897 Vere
2050 2841 2224 2895 Filius
2255 2841 2348 2893 Dei
2373 2856 2424 2893 es
2445 2842 2469 2894 ?
2492 2838 2605 2894 Cur
2641 2839 2831 2893 beatos
2858 2855 2957 2893 nos
2990 2854 3097 2892 non
3124 2847 3252 2893 tunc
3276 2852 3444 2893 voca-

1874 2935 1985 2988 vit?
2012 2933 2165 2987 Talia
2189 2931 2475 2998 discipulis
2497 2929 2885 2997 cogitantibus,
2922 2929 3184 2983 Dominus
3216 2929 3401 2996 adjicit
3427 2945 3444 2982 :

1877 3023 1986 3077 Bar
2019 3023 2181 3087 Iona,
2214 3022 2264 3075 id
2294 3028 2399 3083 est,
2451 3020 2523 3072 lili
2560 3017 2734 3084 Jonar,
2788 3027 2848 3071 ut
2874 3019 3199 3087 praadicasti,
3249 3018 3445 3087 inquit,

1878 3130 2057 3170 meum
2093 3112 2330 3177 Patrem,
2376 3112 2454 3165 sic
2500 3124 2600 3180 ego
2640 3124 2859 3177 quoque
2902 3107 3138 3178 praedico
3173 3116 3323 3161 tuum
3349 3122 3447 3177 pa-

1876 3215 2050 3271 trem;
2101 3219 2208 3258 nou
2258 3203 2477 3273 quidem
2533 3216 2754 3256 necesse
2791 3200 2997 3255 habens
3054 3208 3205 3253 tuutu
3234 3210 3441 3267 patrem

1876 3310 2203 3359 memorare,
2236 3295 2328 3349 sed
2360 3294 2551 3349 volens
2576 3292 2862 3348 ostendere
2893 3305 3237 3345 communem
3268 3290 3370 3345 mei
3391 3298 3447 3343 et

1876 3386 2052 3440 Patris
2085 3394 2357 3448 naturam,
2387 3400 2531 3439 nunc
2559 3394 2610 3438 et
2646 3392 2852 3452 patrem
2885 3391 3037 3436 tuum
3068 3389 3127 3434 ut
3151 3380 3441 3449 imaginem

1877 3476 1980 3529 mei
2006 3485 2059 3529 et
2099 3473 2273 3529 Patris
2292 3476 2393 3527 mei
2423 3488 2664 3543 propono
2690 3489 2704 3534 ;
2732 3488 2762 3525 c
2786 3471 2985 3540 quibus
3012 3469 3312 3523 secundum
3344 3483 3446 3522 vos

1874 3566 2085 3621 discant
2114 3580 2304 3619 omnes
2332 3564 2508 3617 Patris
2536 3574 2586 3617 et
2622 3562 2740 3615 Filii
2762 3574 2968 3615 natura:
2999 3560 3444 3615 similitudinem.

1872 3656 2005 3710 Nam
2020 3672 2125 3727 quo
2146 3657 2305 3711 mo'lo
2324 3656 2585 3709 similistu
2601 3652 2821 3707 Jonmes
2836 3652 3137 3706 secundum
3163 3658 3440 3712 naturam,

1876 3752 1955 3805 sic
1987 3766 2086 3819 ego
2121 3749 2317 3803 similis
2351 3764 2469 3802 sum
2486 3746 2631 3799 Patri
2652 3745 2951 3800 secundum
2972 3742 3446 3805 substantiam;ut

1876 3850 2053 3894 tuuon
2083 3854 2141 3895 es
2155 3848 2392 3902 creatus,
2418 3838 2511 3891 sed
2536 3837 2790 3906 genitusa
2809 3838 3027 3906 proprio
3048 3846 3222 3905 patre,
3250 3838 3321 3890 ita
3344 3850 3445 3906 ego

1875 3949 1980 3988 non
2008 3942 2226 3988 creatus
2255 3946 2375 3985 sum
2408 3944 2436 3983 a
2464 3926 2651 3996 Patre,
2679 3929 2771 3983 sed
2816 3929 3063 3996 genitus;
3104 3938 3159 3981 tu
3189 3928 3353 3982 homo
3378 3930 3446 3982 de

1874 4025 2111 4086 homine,
2134 4038 2234 4094 ego
2265 4021 2409 4076 Deus
2438 4022 2505 4076 de
2535 4019 2680 4087 Deo;
2707 4020 2765 4071 tu
2791 4020 3006 4088 genitus
3028 4034 3087 4073 es
3115 4020 3179 4074 de
3203 4019 3316 4082 tali,
3342 4034 3445 4089 ego

1872 4112 2053 4163 lumen
2075 4111 2140 4163 de
2170 4112 2407 4173 lumine;
2433 4119 2487 4161 tu
2506 4109 2701 4161 similis
2716 4106 2782 4160 de
2805 4107 2992 4170 simili,
3017 4122 3117 4176 ego
3138 4121 3355 4176 quoque
3369 4106 3445 4160 si-

1874 4201 2017 4255 tuilis
2032 4201 2097 4254 de
2115 4200 2300 4253 simili.
2316 4200 2398 4252 οι)
2416 4199 2556 4253 hanc
2576 4213 2799 4251 causam
2819 4199 3035 4251 beatum
3055 4198 3181 4251 dico
3204 4198 3443 4261 Petrum,

1873 4291 2002 4359 quia
2038 4304 2143 4340 non
2174 4298 2231 4340 ut
2254 4288 2434 4339 cattcri
2466 4289 2714 4339 homines
2752 4285 2950 4339 Filium
2996 4286 3085 4339 Dei
3118 4303 3202 4339 me
3226 4286 3443 4353 procla-

195 4378 245 4429 οί
267 4376 444 4429 λοιποὶ
468 4376 575 4428 τῶν
600 4377 900 4445 ἀνθρώπων
931 4377 1056 4428 Υίόν
1073 4393 1138 4445 με
1159 4376 1291 4428 Θεοῦ
1318 4376 1764 4446 προσηγόρευσαν

1879 4387 2161 4449 ntaveruut
2191 4380 2489 4431 secundum
2514 4377 2767 4445 gratiam,
2785 4376 2855 4429 ita
2881 4374 3098 4440 Petrus,
3127 4378 3219 4431 sed
3246 4388 3302 4430 ut
3328 4380 3444 4444 ipse

197 4470 337 4521 κατά
352 4470 532 4539 χάριν,
553 4470 694 4521 οὕτω
715 4472 741 4521 ὁ
768 4470 990 4539 Πέτρος·
1008 4467 1122 4520 ἀλλ’
1148 4469 1223 4529 ὡς
1247 4468 1409 4530 αὐτὸς
1423 4468 1637 4536 ἀληθῶς
1657 4470 1771 4534 υίὸς

196 4562 291 4613 τοῦ
306 4560 507 4614 οἰκείου
532 4562 737 4631 πατρὸς
754 4560 925 4624 οὕτως
946 4561 1070 4612 Υίόν
1093 4578 1157 4630 με
1171 4560 1346 4629 ἀληθῆ
1370 4564 1661 4630 προσεῖπεν
1676 4562 1768 4615 τοῦ

197 4652 355 4703 Θεοῦ·
371 4653 445 4713 ώς
469 4653 626 4714 αὐτὸς
637 4654 808 4722 ἀρχὴν
838 4652 1045 4721 ἐχωνέξ
1064 4654 1232 4723 ἀρχὴν
1254 4653 1464 4722 ἔχοντος
1480 4653 1771 4724 ἐγεννήθη,

197 4743 368 4805 οὕτως
396 4728 629 4814 ἀναρχόν
662 4762 728 4814 με
761 4744 887 4797 Υἱὸν
914 4746 1151 4814 ἀνάρχου
1178 4745 1385 4814 Πατρὸς
1415 4745 1769 4816 ἀνεκήρυξενο

198 4833 273 4895 ὡς
303 4835 463 4897 αὐτὸς
484 4835 674 4906 θνητὸς
702 4839 765 4891 ὲκ
791 4837 985 4906 θνητοῦ
1003 4879 1020 4903 ,
1044 4837 1215 4899 οὕτως
1249 4838 1519 4891 ἀθάνατόν
1549 4854 1613 4907 με
1643 4837 1771 4890 Υἱδν

198 4925 256 4989 ἐξ
290 4926 557 4982 ἀθανάτου
605 4931 815 5001 Πατρὸς
842 4930 1212 5001 ὡμολόγησεν·
1244 4931 1331 4984 διὰ
1368 4930 1526 4983 τοῦτο
1558 4933 1666 5001 γάρ
1702 4947 1769 5000 με

198 5015 324 5069 Υίδν
352 5016 446 5068 τοῦ
469 5017 603 5071 Θεοῦ
632 5018 726 5071 τοῦ
754 5019 952 5084 ζῶντος
984 5022 1446 5093 προσηγόρευσεν·
1480 5024 1508 5074 ὁ
1538 5022 1645 5091 γὰρ
1674 5020 1767 5074 τοῦ

197 5105 398 5170 ζῶντος
431 5109 551 5171 Υἱὸς
578 5108 685 5173 ζῶν
716 5111 801 5162 καὶ
836 5111 1021 5173 αὐτὸς,
1052 5112 1321 5180 ἀτρέπτου
1364 5113 1575 5179 Πατρδς
1606 5111 1769 5182 ἄτρεα

198 5215 331 5259 πτος
376 5199 594 5261 πάντως
632 5200 778 5261 Υἱός·
811 5199 989 5252 ἔοικεν
1021 5202 1106 5253 ἀεὶ
1151 5202 1291 5254 κατά
1348 5202 1528 5254 πάντα
1557 5201 1635 5270 τῷ
1676 5217 1770 5267 γε-

196 5286 480 5354 γεννηκότι
510 5287 570 5339 τὸ
602 5288 866 5357 γέννημα·
902 5290 995 5341 καὶ
1023 5289 1195 5352 οὕτως
1224 5290 1494 5343 ἀθάνατόν
1536 5308 1602 5360 με
1635 5291 1769 5342 Θεὸν

196 5376 467 5431 ἀθανάτου
517 5380 611 5432 καὶ
652 5379 850 5443 ζῶντος
893 5380 1021 5433 Υίὸν
1067 5383 1531 5452 προσηγόρευσεν·
1579 5381 1769 5452 ὅτιπερ

200 5470 337 5538 μετά
370 5472 563 5540 μικρὸν
598 5473 662 5524 ἂν
691 5472 898 5543 ἀκούσῃ
928 5471 1157 5524 θάνατον
1187 5476 1281 5524 καὶ
1312 5472 1569 5541 σταυρὸν,
1607 5473 1769 5536 εὐθὺς

196 5566 473 5631 ναρκήσας
504 5562 673 5634 βοήσῃ
714 5562 907 5630 λέγων·
939 5562 1137 5629 Ἵλεώς
1183 5579 1302 5626 σοι,
1349 5564 1545 5630 Κύριε,
1582 5566 1653 5617 οὐ
1682 5565 1766 5632 μὴ

197 5650 364 5705 ἔσται
400 5669 498 5712 σοι
527 5654 719 5708 τοῦτο.
759 5653 927 5708 Οῦπω
974 5654 1080 5724 γὰρ
1109 5654 1249 5722 ἔγνω
1280 5656 1376 5723 τῆς
1417 5656 1618 5723 σαρκός
1657 5674 1763 5724 μου

1872 4487 1996 4525 vere
2030 4470 2173 4522 filius
2209 4475 2291 4521 cst
2317 4468 2521 4536 proprii
2560 4466 2753 4535 patris,
2783 4466 2857 4518 ita
2902 4465 3096 4518 Filium
3136 4482 3221 4519 me
3251 4483 3439 4521 verum

1874 4562 2186 4635 praedicavit
2227 4560 2355 4625 Dei;
2400 4567 2462 4611 ut
2495 4558 2611 4626 ipse
2635 4555 2848 4608 initium
2886 4556 3092 4609 habens
3118 4572 3183 4610 ex
3213 4557 3443 4611 habente

1872 4657 2086 4711 initium
2121 4653 2337 4724 genitus
2361 4661 2464 4715 est,
2500 4651 2572 4704 ita
2620 4660 2885 4703 aeternum
2910 4663 2994 4701 me
3025 4646 3220 4701 Filium
3252 4650 3439 4703 arterni

1873 4748 2050 4803 Patris
2081 4744 2469 4816 proclamavit;
2502 4751 2562 4797 ut
2599 4744 2714 4811 ipse
2740 4741 2985 4794 mortalis
3009 4742 3075 4794 de
3104 4742 3339 4803 mortali,
3366 4742 3440 4795 ita

1876 4836 2238 4892 immortalem
2267 4848 2353 4887 me
2368 4830 2564 4885 Filium
2584 4832 2652 4885 de
2676 4829 2969 4885 immortali
2985 4829 3440 4886 Patreconfessus

1872 4939 1983 4994 est;
2020 4933 2141 4981 ideo
2163 4926 2308 4979 enim
2336 4939 2421 4978 me
2446 4922 2642 4977 Filium
2662 4920 2757 4975 Dei
2780 4922 2884 4975 vivi
2908 4924 3283 4991 proclamavit.
3301 4921 3438 4977 Nam

1872 5022 1980 5075 vivi
2009 5019 2184 5074 Patris
2220 5018 2392 5071 Filius
2432 5017 2588 5069 vivus
2612 5023 2669 5069 et
2699 5014 2838 5080 ipse,
2866 5016 3229 5069 immutabilis
3260 5015 3438 5068 Patris

1872 5110 2227 5164 immutabilis
2251 5108 2479 5160 omnino
2528 5105 2719 5161 Filius.
2777 5105 2986 5160 Similis
3032 5120 3244 5173 semper
3269 5115 3355 5159 est
3383 5107 3435 5157 iu

1871 5202 2125 5256 omnibus
2169 5200 2405 5269 genitori
2438 5198 2695 5268 genitus;
2744 5205 2798 5251 et
2832 5198 2902 5250 ita
2951 5196 3315 5249 immortalem
3353 5211 3439 5250 me

1871 5295 2038 5347 Deum
2072 5291 2398 5344 immortalis
2414 5289 2589 5343 etvivi
2616 5288 2813 5341 Filium
2847 5288 3183 5357 praedicavit.
3214 5286 3369 5353 Quod
3389 5288 3434 5343 si

1870 5384 2019 5439 brevi
2051 5381 2283 5436 audierit
2310 5389 2540 5433 mortem
2567 5388 2620 5432 et
2641 5377 3183 5443 crucem,coofestim
3209 5389 3436 5446 stupens

1870 5472 2127 5529 clamabit
2144 5471 2366 5525 dicens:
2389 5469 2535 5522 Absit
2555 5478 2669 5532 ate,
2701 5468 2941 5530 Domine,
2966 5467 3180 5520 nouerit
3206 5468 3301 5520 tibi
3316 5468 3434 5524 hac.

1871 5563 2121 5617 Nondum
2155 5563 2303 5617 enim
2327 5561 2691 5629 cognoscebat
2716 5559 2899 5613 carnis
2936 5574 3066 5612 mea:
3095 5559 3431 5626 passionem,

1872 5664 1925 5710 et
1952 5663 2173 5724 propter
2206 5653 2310 5709 hoc
2350 5651 2775 5722 increpationem
2821 5664 2851 5702 a
2891 5664 2975 5705 me
3004 5650 3260 5718 recipiet;
3296 5666 3435 5704 non-
