3984 6204
256 298 394 364 “29

1248 294 1572 357 SCIIOLIA
1613 294 1909 355 VETERA
1953 295 2034 355 IN
2076 294 2541 357 MATTH/EUM.

3369 290 3504 357 H30

253 415 340 468 ὅτι
375 408 469 463 δεῖ
511 407 699 461 αὐτὸν
735 407 937 460 πολλὰ
984 404 1217 459 παθεῖν.
1280 406 1413 458 Ἀπὸ
1459 404 1604 470 τότε,
1664 403 1827 467 πότες

1958 416 2136 474 ψογιει
2173 422 2290 460 eum
2317 404 2487 459 multa
2518 403 2633 472 pati
2666 417 2685 457 :
2713 401 2959 473 quando,
3000 400 3239 457 exinde?
3271 401 3505 468 Quando

253 506 385 557 Ὀτε
418 498 621 571 ἔπηξεν
656 500 714 552 ὲν
748 500 933 562 αὐτοῖς
959 498 1019 551 τὸ
1059 498 1235 567 δόγμα
1265 497 1326 549 τδ
1355 496 1537 567 ὀρθόν·
1584 495 1835 564 ἐνόμιζον

253 594 361 665 γάρ
393 590 575 661 πολλῷ
607 588 816 661 βέλτιον
840 589 902 641 τὸ
935 589 1011 659 μὴ
1042 589 1334 641 ἀποθανεῖν
1363 588 1549 642 αὐτόν.

347 687 443 750 Τὸ,
514 680 984 751 Ὰπαρνησὰσθω
1048 680 1287 745 ἑαυτὸν,
1349 679 1593 733 τοιοῦτόν
1661 679 1830 731 ἐστιν·

254 780 490 849 Ὠσπερ.
519 777 705 846 φησιν,
742 774 931 841 ἑτέρου
963 773 1325 843 τυπτομένου,
1360 772 1392 842 ἦ
1427 774 1527 840 τὴν
1590 772 1685 824 ἐπὶ
1728 771 1828 823 οα-

255 875 402 941 νίτῳ
448 870 719 940 ἀγομένου
768 870 802 940 ἢ
840 866 1257 938 μαστιζομένου,
1315 867 1415 919 οὐκ
1458 866 1544 919 ἀεὶ
1565 864 1835 934 παριστά-

259 967 420 1037 μεθα,
447 964 509 1017 οὐ
547 958 875 1032 βοηθοῦμεν,
918 960 980 1012 οὐ
1015 958 1212 1028 πάσχει
1258 976 1312 1011 τι
1346 957 1483 1028 πρὸς
1515 956 1677 1009 αὑτὸν
1708 972 1835 1007 τοσ-

256 1058 416 1111 οὗτον
463 1056 493 1108 6
520 1054 688 1125 ὁρῶν,
713 1053 857 1107 οὕτω
883 1052 1006 1105 οὐδὲ
1050 1052 1137 1120 ἐφ’
1172 1050 1404 1113 ἑαυτῶν,
1458 1047 1562 1101 κᾶν
1592 1045 1833 1099 ὲλαυνώ-

261 1149 425 1220 μεθα,
454 1146 556 1200 κᾶν
584 1145 931 1216 θνήσκωμεν,
960 1142 1040 1196 δεῖ
1073 1143 1219 1213 ἡμᾶς
1254 1138 1448 1196 πολλοῦ
1476 1139 1636 1206 λόγον
1664 1139 1835 1190 ποιεῖ-

260 1241 385 1295 σθαι
408 1240 637 1296 τούτων.

328 1334 423 1399 T6,
486 1330 697 1399 Ἆράτω
742 1328 851 1383 τὸν
900 1327 1170 1395 σταυρὸν
1198 1325 1386 1380 αὑτοῦ
1432 1325 1529 1379 καί
1577 1324 1837 1378 ἀκολου-

261 1426 430 1478 θείτω
457 1441 581 1493 μοι,
621 1422 713 1475 τὸν
739 1421 967 1475 θάνατον
996 1419 1168 1487 λέγει,
1202 1420 1295 1473 καὶ
1326 1417 1557 1471 θάνατον
1591 1415 1683 1469 τὸν
1739 1415 1835 1466 ἐπ-

260 1534 346 1569 ονε
356 1516 576 1569 ίδιστον.

347 1606 442 1672 Τὸ,
495 1607 601 1671 *ος
650 1604 726 1659 ἂν
759 1604 905 1671 θέλῃ
960 1601 1076 1669 τὴν
1124 1601 1340 1671 ψυχὴν
1389 1600 1576 1654 αὑτοῦ
1617 1599 1832 1664 σῶσαι,

1937 500 2054 555 lixit
2086 499 2138 551 in
2170 498 2251 551 eis
2281 496 2482 567 dogma
2519 506 2771 563 rectum;
2806 494 3072 566 putabant
3124 496 3273 549 enim
3330 496 3506 549 multo

1937 588 2134 643 melius
2159 602 2283 643 esse
2315 588 2469 641 illum
2498 603 2607 643 non
2637 588 2801 642 mori.

2010 678 2180 734 Vens.
2212 680 2285 733 24
2340 678 2503 741 lllud,
2555 680 2788 749 Abneget
2833 679 3190 748 semetipsum,
3228 678 3335 733 tale
3374 686 3457 732 est
3488 694 3504 730 :

1938 769 2113 834 Sicut,
2136 770 2332 839 inquit,
2354 769 2507 825 alteri
2533 782 2816 839 percusso,
2854 770 3031 825 autad
3052 778 3284 824 mortem
3316 770 3506 832 ducto,

1937 873 2029 917 aut
2061 862 2353 930 ﬂagellato,
2380 878 2490 916 non
2524 877 2741 930 semper
2762 861 3161 925 succurrimus,
3189 878 3296 915 non
3328 862 3509 927 opitu-

1938 954 2137 1016 lamur,
2185 967 2294 1007 non
2341 953 2523 1007 omnis
2564 953 2658 1022 qui
2694 952 2842 1006 videt
2876 952 3003 1005 talia
3036 952 3239 1021 patitur
3268 966 3366 1019 pro
3394 950 3508 1013 illo,

1936 1046 2020 1101 sic
2040 1058 2213 1114 neque
2242 1058 2344 1099 nos
2374 1045 2427 1099 in
2462 1045 2644 1109 nobis,
2674 1045 2801 1101 licet
2829 1045 3191 1113 expellamur,
3226 1044 3352 1100 licet
3388 1058 3510 1098 mo-

1939 1137 2169 1201 riamur,
2202 1143 2420 1205 oportet
2450 1135 2607 1189 multi
2643 1136 2822 1190 facere
2856 1137 3007 1190 talia.

2015 1321 2187 1375 Tollat
2218 1336 2428 1375 crucem
2450 1336 2605 1376 suam
2641 1330 2690 1375 et
2722 1330 2977 1390 sequatur
3010 1337 3110 1385 me,
3159 1330 3391 1378 mortem
3427 1322 3514 1376 in-

1940 1413 2154 1483 telligit,
2184 1421 2237 1466 et
2268 1420 2502 1468 mortem
2538 1412 3024 1468 contumeliosam.

2019 1595 2187 1653 Vens.
2226 1595 2317 1651 25.
2356 1595 2461 1660 Qui
2499 1596 2724 1651 uoluerit
2755 1601 2990 1651 animam
3013 1614 3166 1651 suam
3200 1597 3400 1652 salvam
3427 1598 3516 1665 fa-

262 1697 559 1753 ὰπολέσει
594 1695 813 1762 αὐτὴν,
844 1695 974 1765 περὶ
1000 1694 1099 1762 τῆς
1128 1694 1280 1765 παρὰ
1309 1692 1371 1745 τὸ
1414 1692 1529 1745 δέον
1562 1690 1835 1761 σωτηρίας

1958 1704 2080 1753 rere,
2115 1688 2293 1757 perdet
2310 1704 2449 1753 eam,
2487 1688 2555 1743 de.
2584 1689 2760 1744 salute
2789 1691 2842 1742 in
2866 1689 3048 1744 oﬂicio
3081 1690 3408 1758 complenda
3429 1692 3513 1742 di-

261 1790 433 1859 λέγει,
455 1788 553 1859 τὴν
586 1789 648 1840 ἐκ
684 1756 1091 1841 τῶντκινϐύνων
1119 1756 1390 1856 διαιρυγὴν
1428 1756 1835 1840 ἀπώλειαν-κα-

1958 1780 2038 1841 :it,
2078 1756 2444 1849 periculorum
2481 1779 2664 1850 fugam
2702 1780 3061 1851 perditionem
3094 1756 3335 1847 vocans;
3388 1790 3445 1834 ut
3484 1796 3515 1836 e

261 1882 391 1934 λῶν·
418 1880 609 1950 ὥσπερ
636 1880 730 1932 καὶ
757 1878 1066 1931 τούναντίον
1102 1876 1399 1948 σωτηρίαν,
1436 1878 1536 1945 τὴν
1576 1873 1840 1929 δοκοῦσαν

262 1972 562 2027 ἀπώλειαν.

338 2064 439 2127 T6,
472 2062 611 2117 Εἰσί
660 2077 822 2124 τινες
865 2059 983 2113 τῶν
1014 2053 1130 2113 ὦδε
1163 2058 1507 2126 ἑστηκότων
1538 2057 1597 2112 οἳ
1639 2059 1711 2112 οὐ
1752 2057 1839 2126 μὴ

265 2156 593 2226 γεύσωνται
621 2154 885 2207 θανάτου
914 2152 1027 2217 ἕως
1049 2152 1126 2205 ἂν
1169 2151 1383 2204 ιὸωσιν
1408 2150 1517 2205 τὸν
1570 2150 1708 2203 Υίὸν
1734 2150 1840 2203 τοῦ

263 2247 580 2316 ἀνθρώπου
612 2245 941 2315 ἐρχόμενον
968 2245 1038 2299 ἐν
1078 2242 1153 2312 τῇ
1182 2243 1473 2311 βασιλείᾳ
1501 2242 1708 2306 αὐτοῦ,
1742 2243 1840 2311 βα-

265 2340 468 2393 σιλείαν
516 2337 684 2392 αὑτοῦ
735 2337 911 2405 λέγων
958 2338 1059 2405 τὴν
1128 2336 1572 2407 μεταμόρφωσιν,
1627 2332 1691 2386 οὐ
1744 2334 1841 2405 τὴν

264 2429 555 2499 ἀνάληψιν,
587 2428 662 2491 ὡς
686 2428 948 2498 ἠγοῦμαι·
978 2421 1080 2482 ὦδε
1119 2426 1248 2496 γὰρ,
1284 2425 1448 2489 τινὲς,
1478 2426 1595 2478 ἐκεῖ
1619 2425 1676 2478 δὲ
1709 2424 1842 2478 πάν-

264 2541 380 2587 τις.
424 2524 534 2579 Καὶ
573 2524 776 2590 ἄλλως
803 2538 817 2552 ·
841 2522 1019 2575 Εἰσίν
1071 2536 1228 2585 τινες
1284 2518 1403 2572 τῶν
1435 2517 1549 2572 ὦδε
1591 2517 1841 2583 ἐστηκόυ

264 2631 405 2680 των,
435 2614 531 2667 καὶ
579 2613 725 2684 ἑξῆς·
765 2611 856 2666 διὰ
903 2612 994 2664 τὸν
1048 2611 1255 2682 Πέτρον
1288 2611 1383 2664 καὶ
1446 2610 1700 2663 Ἰάκωϐον
1752 2609 1844 2661 καὶ

275 2705 532 2775 Ἰωάννην
563 2704 746 2775 φησίν·
781 2697 926 2758 οὖτοι
950 2703 1058 2774 γὰρ
1084 2703 1140 2754 ὲν
1164 2705 1228 2771 τῇ
1257 2697 1680 2771 μεταμορφώσει
1706 2716 1841 2767 συμ-

265 2795 719 2867 παρελήφοησαν,
753 2797 819 2866 ἢν
848 2795 1004 2849 καλεῖ
1028 2793 1306 2865 βασιλείαν
1333 2791 1523 2846 αὐτοῦ·
1568 2791 1642 2856 ὼς
1668 2791 1843 2861 ἐκφήο

265 2906 438 2942 νασαν
484 2888 583 2957 τῆς
630 2887 880 2954 ἐξουσίας
924 2886 988 2940 τὸ
1031 2886 1260 2954 ἄφατον,
1302 2883 1397 2938 καὶ
1436 2886 1535 2954 τῆς
1581 2883 1717 2953 πρὸς
1752 2883 1844 2935 τὸν

266 2976 489 3048 Πατέρα
523 2976 881 3044 γνησιότητος
921 2976 983 3029 τὸ
1011 2975 1238 3046 σφοδρὸν
1268 2975 1361 3027 καὶ
1399 2974 1841 3043 ἀπαράλλακτον·

1942 1871 2221 1927 contrario
2243 1871 2473 1927 salutem
2504 1872 2654 1938 dicit,
2684 1874 2830 1943 quod
2872 1874 3086 1929 videtur
3116 1873 3372 1942 perditio.

2016 2054 2183 2121 Stans.
2216 2056 2307 2112 ‘28.
2336 2053 2475 2112 Sunt
2508 2057 2727 2127 quidam
2756 2059 2821 2113 de
2868 2060 2953 2114 Itic
2995 2061 3260 2115 stantibus
3291 2062 3382 2131 qui
3412 2079 3518 2117 non

1941 2148 2226 2216 gustabunt
2256 2160 2497 2217 mortem,
2516 2149 2683 2204 donec
2706 2152 2914 2205 videant
2938 2151 3141 2206 Filium
3174 2154 3401 2207 hominis
3431 2172 3519 2209 ue-

1944 2236 2248 2289 nientemin
2280 2252 2438 2305 regno
2490 2253 2627 2302 suo;
2673 2254 2900 2309 regnum
2958 2256 3120 2296 sinum
3171 2241 3305 2297 dicit
3360 2258 3516 2298 suam

1944 2329 2502 2399 transllguratimlem,
2563 2345 2671 2384 non
2723 2331 3127 2397 ascensionem,
3185 2339 3245 2387 ut
3282 2333 3517 2402 opinor;

1943 2437 2067 2477 nam
2092 2422 2239 2476 illam
2266 2422 2490 2491 quidam
2523 2422 2803 2487 videbunt,
2841 2423 2982 2479 lianc
3003 2440 3131 2481 vero
3161 2440 3373 2482 omnes.
3400 2429 3521 2480 Ali-

1945 2523 2026 2571 ter
2054 2531 2067 2567 :
2098 2512 2233 2569 Sunt
2265 2515 2483 2580 quidam
2516 2514 2579 2567 de
2614 2514 2696 2567 hic
2728 2518 3009 2580 stantibus,
3061 2526 3193 2583 ete.;
3229 2517 3298 2573 de
3334 2519 3518 2584 Petro,

1943 2604 2146 2660 Jacobo
2174 2603 2456 2659 etJoanne
2489 2606 2767 2674 loquitur;
2797 2607 2851 2660 hi
2890 2609 3034 2663 enim
3078 2609 3130 2663 in
3169 2613 3523 2683 transﬁgura-

1948 2698 2093 2751 tione
2117 2712 2241 2751 cum
2272 2696 2363 2751 illo
2404 2698 2676 2765 assumpti
2713 2707 2864 2764 sunt,
2899 2716 3065 2771 quam
3096 2713 3253 2757 vocat
3291 2720 3517 2775 regnum

1945 2804 2143 2855 suum;
2178 2788 2336 2858 quasi
2365 2788 2807 2845 trianifestautcm
2836 2796 3139 2862 potentiam
3169 2795 3292 2865 ejus
3323 2797 3519 2851 inell'a-

1948 2881 2128 2944 bilem,
2166 2889 2221 2935 et
2244 2880 2501 2934 unionem
2530 2894 2654 2935 cum
2685 2880 2847 2935 Patre
2880 2882 3188 2938 mirabilem
3229 2894 3285 2939 et
3309 2886 3522 2941 incom-

1947 2971 2267 3041 parabilem.
2302 2970 2357 3024 ln
2406 2970 2498 3025 illa
2521 2971 2669 3026 enim
2694 2972 2922 3027 secundi
2951 2974 3035 3027 sui
3062 2975 3328 3033 adventus
3355 2980 3522 3047 maje-

265 3072 324 3123 ὲν
353 3070 490 3141 αὐτῇ
518 3071 626 3140 γάρ
651 3071 745 3124 καὶ
774 3070 873 3139 τῆς
909 3070 1171 3141 δευτέρας
1220 3068 1389 3122 αὑτοῦ
1435 3069 1739 3137 παρουσίας
1783 3066 1842 3120 τὸ

1958 3072 2152 3118 statem
2182 3073 2239 3118 et
2263 3070 2533 3119 terrorem
2587 3064 2973 3135 subostendit;
3011 3068 3335 3137 prwludium
3371 3070 3520 3126 illam

266 3162 486 3230 ἀξίωμα
512 3163 605 3215 καὶ
648 3162 709 3214 τὸ
739 3162 967 3232 φρικτὸν
1006 3160 1345 3231 ὑπεδήλωσε·
1385 3161 1671 3231 προοίμιον
1708 3159 1841 3213 ταύ-

267 3272 371 3325 την
398 3254 637 3323 ἐκείνης,
662 3256 755 3308 καὶ
780 3250 890 3308 οἷον
920 3252 1210 3323 βεϐαίωσιν
1238 3252 1631 3322 ἐνδειξάμενος.

837 3364 1089 3420 ΚΕΦΑΛ.
1144 3367 1244 3419 1Ζ’.

346 3478 452 3532 Καὶ
479 3478 611 3545 μεθ’
661 3478 881 3545 ἡμέρας
923 3475 992 3542 ἐξ
1025 3479 1471 3548 παραλαμϐάνει
1526 3482 1558 3533 ό
1607 3477 1846 3547 Ἰησοῦς

264 3570 380 3623 τὸν
414 3570 637 3637 Πέτρον
666 3568 763 3622 καί
801 3568 909 3623 τὸν
946 3568 1223 3624 Ἰάκωϐον
1255 3571 1354 3624 καί
1402 3570 1709 3637 Ἰωάννην,
1752 3569 1849 3622 καὶ

265 3666 337 3717 τά
372 3663 517 3733 ἑξῆς,
563 3664 621 3716 ὲν
656 3662 733 3731 τῷ
763 3660 1280 3732 μεταμορςοῦσθαι·
1328 3662 1486 3724 ἄλλος
1510 3661 1569 3715 δὲ
1612 3661 1845 3729 εὐαγγε-

266 3753 455 3822 λιστὴς
493 3753 616 3823 μεθ’
646 3753 857 3824 ἡμέρας
884 3752 1028 3806 ὀκτὼ
1058 3753 1232 3821 λέγει,
1262 3754 1361 3807 οὐκ
1410 3752 1845 3823 ἐναντιούμενος,

266 3846 409 3899 ἀλλὰ
438 3845 535 3915 τὴν
560 3845 650 3898 ὅτε
685 3844 1006 3914 ἐφθέγξατο,
1048 3850 1141 3899 καὶ
1185 3846 1286 3917 τὴν
1326 3848 1414 3900 ὅτε
1460 3847 1737 3917 ἀνήγαγεν
1770 3846 1847 3898 εί-

267 3936 412 3988 πών·
438 3938 466 3989 6
492 3935 549 3988 δὲ
577 3935 676 3997 τάς
705 3935 792 3989 διὰ
826 3937 995 4005 μέσου
1025 3938 1195 4006 μόνας
1234 3936 1477 4008 εἴρηκεν.

338 4028 438 4079 Διά
484 4028 535 4080 τί
574 4028 701 4091 τοὺς
740 4029 887 4099 τρεῖς
926 4028 1122 4098 μόνους
1167 4027 1436 4099 λαμϐάνει
1481 4030 1560 4093 εἰς
1604 4028 1665 4081 τὸ
1697 4028 1842 4098 ϐροςς

279 4119 371 4181 '0;
411 4119 740 4189 ἀξιωτέρους
787 4119 882 4171 καὶ
930 4120 1136 4191 σφόδρα
1174 4120 1485 4188 φιλοῦντας·
1530 4120 1625 4173 καὶ
1665 4118 1771 4191 γὰρ
1817 4119 1847 4170 6

267 4213 477 4281 Πέτρος
524 4212 729 4283 σφόδρα
777 4211 951 4280 ἐφίλει
992 4212 1175 4264 αὐτόν·
1240 4212 1492 4281 Ἰωάννης
1534 4211 1592 4264 δὲ
1638 4212 1703 4263 ἐκ
1751 4210 1845 4263 τοῦ

269 4299 483 4373 σφόδρα
510 4302 806 4371 φιλεῖσθαι·
833 4303 1089 4366 Ἰάκωϐος
1134 4302 1190 4356 δὲ
1233 4303 1339 4355 ἀπὸ
1369 4303 1469 4371 τῆς
1499 4302 1849 4372 ἀποκρίσεως

264 4396 373 4462 τῆς
402 4395 540 4464 μετά
568 4394 663 4447 τοῦ
706 4395 934 4463 ἀδελφοῦ
966 4389 1033 4466 ἦς
1079 4393 1378 4466 ἀπεκρίθη,
1422 4394 1506 4447 ὅτι
1536 4392 1846 4460 Δυνάμεθα
1877 4418 1925 4479 ι)

267 4486 434 4540 πιεῖν
461 4488 525 4540 τὸ
567 4487 873 4553 ποτήριον.

343 4579 415 4630 T6
446 4579 769 4647 φαινόμενον
807 4577 922 4646 φῶς
962 4576 1103 4648 ὑπὲρ
1130 4576 1281 4647 ἥλιον
1309 4572 1396 4647 ἦν·
1431 4572 1583 4630 εἶπεν
1618 4577 1674 4630 δὲ
1701 4579 1729 4630 6
1758 4562 1847 4630 εὖ·

266 4670 600 4741 αγγελιστὴς
627 4670 702 4732 ὡς
724 4671 753 4722 6
779 4670 951 4740 ἥλιος,
976 4669 1163 4739 ἐπειδὴ
1190 4669 1250 4721 τὸ
1280 4670 1479 4740 ἄστρον
1499 4670 1658 4723 τοῦτο
1688 4670 1847 4740 μόνον

263 4764 547 4833 γνιὲγᾳμόν
582 4764 729 4815 ἐστιν
772 4762 829 4814 ἑν
868 4761 1141 4832 ὑπερϐολῇ
1179 4761 1382 4829 φωτός.
1417 4761 1624 4823 Λευκὸς
1664 4756 1731 4832 ἦν
1773 4760 1847 4825 ὡς

266 4854 427 4927 χιών·
455 4854 556 4908 οὐκ
578 4854 685 4924 ἔχω
713 4854 879 4923 ἀλλην
906 4853 1036 4923 ὕλην
1062 4853 1545 4925 λευκοτέραν.⁶⁹οτι
1573 4856 1682 4925 γάρ
1710 4854 1847 4926 ὑπὲρ

264 4949 424 5019 ἥλιον
461 4946 735 5017 ἔλαμψεν,
769 4947 876 5000 ἀπὸ
908 4945 1001 5000 τοῦ
1031 4946 1156 5017 ἑξῆς
1178 4945 1451 5001 δείκνυται
1470 4986 1485 5010 ,
1518 4947 1629 5001 Καὶ
1654 4948 1850 5002 ἔπεσον

265 5041 448 5110 χαμαὶ
486 5039 536 5091 οί
582 5038 858 5109 μαθηταί·
888 5042 935 5092 εί
982 5039 1038 5092 δὲ
1078 5039 1153 5102 ὡς
1183 5039 1211 5091 6
1255 5039 1407 5109 ἣλιος
1458 5037 1720 5111 ἔλαμψεν,
1749 5041 1849 5094 οὐκ

268 5132 503 5185 ἔπιπτον
548 5131 599 5183 οἱ
648 5130 921 5201 μαθηταί·
954 5131 1104 5201 ἥλιον
1149 5132 1269 5201 γάρς
1302 5132 1529 5184 ἔϐλεπον
1562 5131 1684 5185 καθ’
1717 5131 1849 5200 ἡμέ-

273 5239 377 5294 ραν
420 5222 515 5274 καὶ
558 5222 658 5274 οὐκ
703 5221 968 5275 ἔπιπτον·
1011 5221 1128 5274 ἀλλ’
1161 5221 1350 5293 ἐπειδὴ
1378 5222 1521 5292 ὑπὲρ
1563 5222 1655 5276 τὸν
1695 5222 1847 5293 ἥλιον

269 5316 537 5387 ἔλαμψεν,
568 5317 662 5369 καὶ
693 5315 834 5383 ὑπὲρ
866 5314 961 5384 τὴν
982 5315 1158 5383 χιόνα,
1188 5314 1277 5367 διὰ
1304 5312 1463 5366 τοῦτο
1493 5312 1568 5384 μὴ
1588 5314 1847 5383 φέροντες

266 5409 371 5477 τὴν
417 5407 739 5477 λαμπηδόνα
778 5406 1099 5459 κατέπεσον.
1146 5402 1283 5456 Εἰπέ
1329 5420 1417 5473 μοι
1460 5399 1583 5469 οὖν,
1612 5405 1845 5471 εὐαγγε-

268 5502 453 5566 λιστά,
490 5502 630 5571 ὑπὲρ
669 5500 761 5552 τὸν
789 5500 939 5569 ἥλιον
985 5496 1215 5567 ἔλαμψε,
1245 5496 1337 5548 καὶ
1381 5498 1445 5548 σὺ
1482 5496 1659 5564 λέγεις
1702 5497 1778 5559 ὡς
1820 5499 1848 5549 6

266 5595 423 5665 ἥλιος
451 5611 465 5657 ;
492 5594 620 5646 Ναί·
642 5591 920 5661 γνώριμόν
947 5608 1030 5644 σοι
1060 5589 1199 5641 Θέλω
1227 5587 1455 5657 ποιῆσαι
1487 5588 1549 5640 τὸ
1578 5586 1716 5656 φῶς·
1747 5589 1848 5641 οὐκ

272 5685 383 5758 ἔχω
413 5685 541 5739 ἄλλο
569 5686 797 5754 ἄστρον·
836 5684 934 5735 οὐκ
968 5682 1077 5751 ἔχω
1107 5679 1274 5749 ἀλλην
1300 5678 1506 5746 είκόνα,
1530 5680 1625 5751 τὴν
1653 5683 1709 5734 ἐν
1735 5683 1847 5744 τοῖς

594 5782 861 5843 Ρλτῐιοι..
908 5780 1022 5839 Gn.
1070 5779 1221 5840 CW.

1950 3156 2138 3227 hujus,
2165 3165 2220 3211 et
2250 3156 2410 3226 quasi
2441 3157 2915 3215 continuationem
2946 3175 3283 3231 proponens.

2527 3364 2757 3421 CAPUT
2781 3365 2942 3422 XVII.

2022 3473 2185 3528 Vens.
2226 3476 2277 3529 l.
2315 3474 2379 3528 Et
2429 3485 2545 3543 post
2582 3478 2695 3531 dies
2720 3494 2813 3531 sex
2847 3482 3066 3531 assumit
3095 3478 3250 3535 Iesus
3278 3479 3522 3548 Petrum,

1948 3577 1995 3619 et
2021 3565 2300 3632 Iacobum,
2318 3578 2364 3621 et
2391 3567 2674 3633 Joannem,
2695 3582 2747 3623 et
2770 3571 3001 3641 reliqua,
3025 3580 3078 3625 et
3104 3574 3525 3644 transﬁguratus

1948 3670 2054 3714 est.
2084 3659 2238 3715 Alius
2266 3669 2446 3714 autem
2478 3662 2813 3731 evangelista
2846 3671 2972 3733 post
3027 3663 3143 3718 dies
3190 3674 3316 3720 octo
3366 3666 3523 3730 dicit,

1950 3766 2056 3805 non
2094 3751 2370 3806 contraria
2400 3752 2614 3818 dicens,
2647 3753 2741 3809 sed
2771 3754 2912 3809 diem
2954 3771 3065 3825 quo
3091 3755 3308 3814 locutus
3330 3767 3434 3821 est,
3467 3769 3525 3813 et

1947 3843 2090 3897 dicm
2146 3858 2258 3913 quo
2306 3844 2474 3899 subiit
2515 3845 2570 3900 in
2607 3854 2846 3901 montem
2881 3847 3187 3918 adjicicns;
3242 3848 3344 3904 iste
3396 3866 3528 3906 vero

1949 3934 2097 3989 solos
2127 3934 2246 3990 dies
2275 3933 2629 3993 intermedios
2660 3938 2815 3992 dixit.

2019 4026 2130 4081 Cur
2158 4034 2271 4083 tres
2297 4028 2446 4084 solos
2495 4030 2663 4084 sumit
2711 4031 2764 4084 in
2805 4042 3048 4087 montem
3091 4034 3419 4091 subiturus?
3457 4036 3529 4092 Ut

1950 4117 2229 4188 digniores
2258 4131 2312 4176 et
2341 4122 2500 4178 valde
2534 4124 2685 4177 illum
2743 4135 3012 4181 amantes.
3069 4125 3282 4182 Etenim
3330 4130 3527 4185 Petrus

1951 4210 2184 4262 multum
2226 4210 2379 4265 illum
2414 4211 2707 4282 diligebat;
2742 4213 2982 4271 Joannes
3035 4218 3264 4273 multum
3309 4218 3378 4273 ab
3434 4222 3527 4274 illo

1950 4300 2312 4369 diligebatur;
2362 4302 2601 4358 Jacobus
2634 4314 2839 4365 autem.
2893 4308 2962 4360 ob
3000 4323 3323 4374 responsum
3375 4314 3522 4379 quod

1952 4407 2074 4447 cum
2107 4391 2275 4451 fratre
2312 4394 2689 4463 responderat,
2728 4393 3020 4451 Possumus
3059 4397 3233 4454 bibere
3279 4401 3520 4457 calicem.

2020 4577 2188 4635 Vens.
2217 4580 2272 4635 Ξ.
2307 4581 2665 4652 Resplenduit
2693 4582 3225 4657 faciesmagisquam
3262 4590 3525 4655 sol;dieit

1949 4682 2131 4728 autem
2163 4675 2494 4743 evangelista
2520 4674 2664 4730 sicut
2686 4675 2789 4741 sol,
2810 4677 3067 4747 quoniam
3087 4680 3240 4735 sidus
3264 4682 3404 4737 istud
3428 4700 3522 4739 so-

1952 4766 2065 4821 lum
2086 4766 2396 4837 exemplum
2444 4778 2526 4823 est
2559 4768 3189 4838 splemlidissimzelucis.
3224 4773 3357 4828 Alba
3382 4777 3524 4832 sicut

1951 4860 2082 4927 nix;
2115 4876 2221 4915 non
2246 4876 2415 4915 nosco
2446 4861 2607 4917 aliam
2637 4863 2921 4917 materiam
2949 4863 3129 4919 albam
3151 4869 3343 4938 magis.
3364 4869 3520 4935 Quod

1950 4962 2132 5007 autem
2155 4953 2328 5023 magis
2344 4968 2508 5024 quam
2535 4953 2616 5008 sol
2652 4954 3006 5025 resplenduit,
3026 4961 3307 5028 sequentia
3334 4972 3523 5017 oslrn-

1951 5042 2090 5096 dunt
2121 5060 2135 5095 :
2168 5042 2483 5095 ceciderunt
2522 5042 2575 5096 in
2605 5053 2802 5097 terram
2831 5044 3103 5115 discipuli.
3138 5048 3193 5103 Si
3225 5065 3352 5105 vero
3379 5055 3524 5107 sicut

1952 5132 2035 5187 sol
2066 5130 2518 5201 respleoduisset,
2552 5147 2659 5185 non
2692 5134 3316 5207 cecidissentdiscipuli;
3347 5144 3519 5196 solem

1950 5226 2096 5278 enim
2124 5224 2356 5293 singulis
2386 5224 2581 5279 diebus
2608 5225 2864 5281 videbant
2888 5237 3071 5283 etnon
3096 5232 3391 5297 cadebant;
3424 5236 3518 5288 sed

1950 5314 2210 5384 quoniam
2238 5315 2413 5383 magis
2436 5330 2599 5383 quam
2624 5314 2704 5368 sol
2721 5315 3143 5385 resplenduit,et
3164 5318 3337 5388 magis
3353 5335 3519 5388 quam

1953 5406 2212 5471 nix,ideo
2249 5421 2357 5458 non
2390 5408 2730 5462 sustinentes
2766 5409 3118 5477 splendorem
3185 5412 3517 5467 Ceciderunt.

1952 5497 2047 5551 Dic
2071 5496 2201 5549 mihi
2224 5497 2412 5565 igitur,
2429 5498 2784 5567 evangelista,
2805 5499 2977 5567 magis
2990 5514 3150 5569 quam
3173 5501 3253 5553 sol
3274 5501 3521 5570 resplen-

1952 5591 2073 5646 duit
2098 5605 2199 5645 cur
2230 5599 2285 5644 tu
2314 5590 2457 5643 dicis
2483 5592 2627 5646 sicut
2646 5589 3094 5659 sol?Excmplum
3129 5590 3222 5644 tibi
3245 5590 3363 5645 volo
3391 5590 3522 5646 dare

1951 5685 2109 5751 lueis,
2153 5699 2261 5737 non
2300 5684 2473 5739 habeo
2500 5683 2651 5741 sidus
2682 5683 2854 5750 aliud,
2906 5698 3012 5736 non
3047 5684 3221 5739 habeo
3243 5684 3402 5738 aliam
3442 5686 3518 5739 si-

3008 5773 3166 5839 ’36
