3984 6204
597 250 729 316 H31

1303 253 1695 315 OPUSCULA
1736 254 2370 319 SCRIPTURISTICA
2413 258 2764 321 INCERT/E
2796 262 3104 328 [ΕΤΑΤΙΞ.
3624 278 3713 345 1132

598 369 965 426 militudiuem
1021 384 1144 440 qua:
1189 369 1242 422 in
1280 369 1554 423 sideribus
1606 366 1970 439 principatum
2030 372 2171 426 obti-

2140 376 2172 426 ἰ-
2203 376 2244 431 Α
2278 372 2500 445 ἄστροις
2540 375 2953 446 βασιλεύουσανο
2987 380 3193 451 ταύτην
3222 376 3362 435 εἷπον
3388 369 3461 436 ἵνα
3488 387 3547 458 μὴ
3578 394 3625 461 τῇ
3657 398 3713 447 εξ..

594 471 740 523 neat,
773 464 874 515 hac
904 474 1037 515 usus
1064 474 1209 522 sum,
1267 473 1337 514 ne
1384 458 1535 513 verbi
1577 468 1819 528 egestate
1852 460 2170 516 detinearis.

668 553 829 607 Vsus.
866 551 918 604 5.
972 548 1081 604 Cur
1114 547 1261 604 Elias
1291 556 1346 604 et
1377 547 1595 619 Moyses
1623 548 1680 602 in
1728 549 1965 604 medium
2000 548 2172 605 addu-

593 638 828 697 cuntur?
857 638 1064 703 Primo,
1096 647 1156 693 ut
1182 638 1568 695 ostenderetur
1595 638 1726 710 quia
1750 654 1861 694 non
1893 640 2039 696 Elias
2065 650 2169 707 est,

594 745 653 787 ut
679 732 814 793 dixi,
841 746 1021 800 neque
1038 729 1286 801 Moyses;
1310 731 1575 796 secundo,
1599 746 1668 786 ne
1684 731 1738 785 in
1762 730 1869 786 illis
1882 736 1950 787 de
1969 732 2171 801 quibus

594 824 744 878 illum
775 823 1081 893 arguebant
1126 832 1184 878 ut
1227 823 1361 895 legis
1398 824 1714 879 violatorem
1742 863 1757 887 ,
1789 826 2172 881 ostenderetur

592 915 721 984 quia
768 915 1001 971 mendax
1039 923 1123 971 est
1165 933 1179 970 :
1216 930 1327 971 non
1370 915 1517 971 enim
1557 931 1683 971 cum
1729 915 1822 970 illo
1861 918 2169 972 conversati

597 1004 875 1071 inissent;
911 1006 1091 1073 tertio,
1124 1015 1186 1060 ut
1210 1007 1426 1061 discant
1457 1022 1582 1061 eum
1620 1006 1817 1061 mortis
1842 1015 1895 1061 et
1924 1007 2048 1062 vita
2075 1021 2171 1077 po-

591 1106 840 1152 testatem
878 1096 1113 1164 habere,
1139 1097 1231 1168 qui
1264 1111 1459 1168 nempe
1491 1098 1642 1151 illum
1676 1097 1905 1168 profert,
1938 1106 1994 1153 et
2024 1099 2171 1153 hunc

592 1190 843 1246 suscitat.
875 1189 1017 1256 Quid
1044 1204 1175 1244 vero
1198 1189 1449 1244 dicebant
1475 1189 1704 1259 gloriam
1730 1204 1896 1259 quam
1928 1189 2169 1259 comple-

590 1294 750 1339 turus
784 1293 903 1337 erat
934 1282 989 1336 in
1015 1279 1361 1337 Jerusalem?
1384 1279 1439 1335 id
1462 1288 1567 1347 est,
1595 1279 1908 1350 passionem
1942 1278 1990 1349 ej
2002 1295 2085 1346 us,
2115 1286 2169 1334 et

592 1391 834 1442 crucem,
865 1384 920 1430 et
951 1373 1435 1441 resurrectionem,
1466 1382 1519 1429 et
1544 1372 1766 1429 similia.

659 1469 825 1523 Vsus.
858 1470 911 1524 4.
944 1467 1055 1522 Cur
1076 1467 1207 1522 dicit
1237 1466 1455 1530 Petrus,
1477 1465 1686 1519 Bonum
1714 1474 1790 1520 est
1823 1481 1917 1520 nos
1948 1464 2033 1518 hic
2056 1478 2169 1518 esse

588 1564 643 1615 in
688 1561 1015 1615 solitudine?
1048 1559 1187 1625 Quia
1234 1556 1492 1613 audiebat
1550 1556 1873 1612 tradendum
1923 1570 2046 1612 esse
2099 1555 2166 1609 ad

588 1661 820 1708 mortem
859 1652 1141 1707 Christum
1172 1667 1189 1705 :
1223 1658 1278 1705 et
1303 1648 1436 1706 illud
1469 1648 1648 1705 Lucas
1679 1648 1975 1705 ostendens
2009 1646 2162 1714 dicit,

592 1744 844 1799 Nesciens
871 1744 997 1814 quid
1027 1742 1243 1798 diceret.

660 1836 824 1892 Vens.
862 1836 915 1891 5.
960 1834 1074 1889 Vox
1107 1836 1172 1889 de
1207 1835 1374 1901 nube,
1403 1835 1531 1906 quia
1564 1834 1645 1890 sic
1684 1833 1830 1890 Deus
1863 1848 2165 1904 cognosce-

585 1931 777 1997 batur;
813 1926 989 1983 lucida
1016 1937 1197 1983 autem
1237 1926 1411 1983 nubes
1434 1969 1449 1995 ,
1484 1927 1611 1998 quia
1639 1927 1819 1983 timeri
1853 1943 1961 1982 non
2011 1927 2164 1983 vole-

585 2023 696 2077 bat.
730 2020 833 2076 Ubi
859 2020 1006 2075 enim
1032 2028 1233 2085 metus,
1259 2020 1332 2075 ibi
1369 2020 1660 2077 tenebrosa
1689 2028 1773 2076 est
1801 2021 1999 2087 nubes,
2024 2027 2084 2075 ut
2108 2019 2163 2074 in

585 2123 771 2170 monte
804 2113 957 2169 Sina.
985 2114 1112 2169 Ideo
1137 2121 1427 2185 postquam
1455 2114 1855 2180 disparuissent
1874 2115 2091 2185 Moyses
2110 2121 2166 2169 et

587 2207 766 2271 Elias,
799 2213 930 2261 tunc
963 2204 1023 2258 iit
1052 2218 1180 2267 vox,
1222 2218 1289 2258 ne
1328 2202 1398 2258 de
1443 2203 1661 2258 illorum
1714 2202 1933 2273 aliquo,
1969 2201 2065 2258 sed
2095 2200 2164 2256 de

587 2296 812 2352 Christo
836 2294 1172 2364 intelligatur
1204 2308 1308 2349 vox
1339 2308 1463 2364 qua:
1491 2292 1677 2349 audita
1702 2302 1808 2348 est.

656 2388 775 2442 Non
803 2385 1082 2442 Christum
1118 2385 1297 2441 solum
1337 2385 1555 2455 operuit
1604 2384 1814 2449 nubes,
1850 2384 1944 2439 sed
1992 2382 2160 2440 etiam

584 2477 903 2550 discipulos,
934 2493 1002 2534 ne
1045 2485 1334 2548 putaretur
1362 2476 1621 2534 Christus
1663 2490 1855 2532 vocem
1887 2474 2158 2532 emisisse.

651 2659 817 2726 Illud,
854 2657 918 2713 In
948 2673 1049 2728 quo
1082 2656 1379 2726 complacui
1400 2698 1415 2723 ,
1446 2655 1591 2711 idem
1638 2664 1800 2711 sonat
1829 2669 1915 2721 ac,
1951 2652 2008 2709 In
2051 2668 2162 2725 quo

582 2755 830 2825 quiesco.
858 2752 1116 2807 Additum
1144 2758 1229 2805 est
1252 2759 1457 2817 autem,
1489 2747 1655 2803 Illum
1682 2748 1885 2815 audite,
1918 2763 2008 2815 ne,
2034 2747 2163 2804 licet

581 2847 934 2915 cruciligatur
954 2884 970 2910 ,
996 2841 1255 2898 deﬁciant
1288 2841 1493 2897 animo.

654 2938 822 2993 Vsus.
857 2936 910 2991 6.
948 2935 1080 2997 Cur,
1124 2932 1347 3004 quando
1386 2932 1441 2988 in
1494 2931 1821 3002 baptismate
1877 2946 1978 2986 vos
2017 2931 2159 2987 facta

582 3039 690 3095 est,
726 3044 834 3083 non
859 3024 1200 3089 ceciderunt,
1237 3023 1326 3079 hic
1355 3028 1539 3078 autem
1572 3022 1715 3077 istud
1746 3020 1992 3077 accidit?
2019 3019 2157 3087 Quia

580 3124 633 3177 in
660 3121 989 3193 baptismate
1021 3117 1182 3172 turba
1206 3124 1347 3181 erat,
1375 3115 1466 3172 hic
1492 3129 1622 3170 vero
1651 3118 1929 3174 desertum
1954 3121 2009 3169 et
2038 3112 2160 3168 alti-

580 3214 731 3278 tudo,
757 3212 968 3282 solique
997 3217 1155 3264 erant
1182 3223 1279 3278 per
1312 3206 1690 3273 solitudinem,
1719 3214 1775 3262 et
1812 3214 1940 3261 autc
1967 3204 2159 3261 oculos

580 3306 874 3377 splendens
899 3302 1205 3374 prodigium
1236 3300 1375 3356 lucis
1402 3299 1715 3372 purissima:
1743 3308 1797 3355 et
1835 3298 2010 3356 nubes
2056 3298 2160 3354 bos

580 3398 685 3452 tale
714 3394 949 3465 experiri
982 3392 1134 3450 iacit.

655 3488 815 3544 Vsus.
857 3486 910 3543 7.
956 3486 1095 3554 Quid
1146 3496 1266 3551 est,
1302 3485 1520 3542 Gravati
1567 3494 1720 3539 erant
1761 3484 1982 3539 somno?
2019 3483 2157 3550 Quia

578 3595 776 3650 magno
810 3576 1234 3650 possidebautur
1265 3587 1519 3648 stupore;
1554 3575 1656 3631 hoc
1678 3584 1859 3631 autem
1889 3590 1917 3629 a
1947 3575 2159 3630 visione

577 3673 667 3725 illa
696 3670 1029 3725 miraculosa
1066 3667 1366 3723 oriebatur.

647 3760 817 3816 Vens.
850 3760 903 3815 9.
941 3760 1052 3815 Cur
1090 3759 1225 3814 dicit
1284 3758 1489 3813 nemini
1522 3748 1713 3814 dicant
1741 3758 1915 3814 donec
1946 3774 1976 3813 a
2012 3774 2157 3814 mor-

578 3851 684 3907 tuis
715 3849 1007 3920 resurgat?
1046 3848 1188 3916 Quia
1224 3858 1429 3919 quanto
1471 3848 1679 3917 majora
1729 3847 1872 3902 dicta
1903 3847 2155 3913 fuissent,

582 3954 732 4000 tanto
770 3940 973 3996 invidia
1012 3951 1067 3995 et
1092 3938 1472 3994 incredulitate
1529 3939 1841 3994 laborantes
1890 3938 1982 3993 illa
2016 3954 2159 4011 aegre

580 4034 754 4104 magis
775 4041 994 4103 accepta
1020 4031 1377 4096 habuissent;
1403 4030 1497 4085 sed
1528 4040 1647 4101 post
1672 4030 2156 4098 resurrectionem,

575 4141 606 4181 e
641 4124 819 4181 medio
854 4124 1036 4179 ablato
1065 4123 1159 4178 illo
1188 4138 1350 4193 quem
1379 4123 1634 4195 oderint,
1670 4133 1724 4178 et
1753 4122 2015 4194 apostolis
2044 4123 2157 4194 jam

578 4218 949 4281 credentibus,
982 4216 1156 4271 turba:
1178 4215 1552 4286 apostolorum
1581 4214 1847 4270 miracula
1870 4224 2159 4272 cernentes

577 4313 800 4369 credere
831 4319 1105 4381 poterunt.

648 4403 814 4461 Vens.
851 4403 937 4459 10.
971 4403 1452 4474 interrogaverunt
1493 4418 1618 4458 eum
1652 4402 1906 4473 discipuli
1944 4422 1958 4458 :
2011 4403 2153 4470 Quid
2180 4407 2233 4468 D

576 4496 776 4551 Scriba:
806 4497 1011 4561 dicunt,
1036 4496 1172 4565 quod
1205 4493 1381 4548 Etiam
1413 4504 1649 4563 oporteat
1680 4495 1910 4562 primum
1942 4493 2156 4548 uenire?

574 4598 627 4641 et
660 4587 802 4640 unde
832 4586 933 4640 hoc
959 4584 1254 4639 dicebant?
1281 4583 1575 4639 Obtinebat
1609 4584 1697 4637 hic
1726 4600 1911 4639 sermo
1940 4595 1997 4638 et
2025 4598 2155 4654 pro-

576 4678 851 4732 ferebatur
888 4678 1029 4730 male
1076 4674 1385 4729 intellectus
1424 4690 1453 4727 a
1504 4674 1733 4738 Scribis,
1786 4684 1927 4729 utet
1961 4675 2052 4745 qui
2088 4674 2156 4731 de

574 4767 796 4822 Christo
833 4773 1011 4819 erant.
1041 4763 1256 4819 Veritas
1291 4775 1471 4819 autem
1501 4778 1559 4819 se
1595 4765 1667 4818 ita
1706 4763 1970 4831 habebat;
2004 4765 2153 4821 Scri-

579 4867 753 4926 plura!
792 4855 1013 4924 quidem
1066 4860 1205 4911 duos
1254 4865 1559 4912 memorant
1609 4853 1814 4909 Christi
1846 4856 2150 4924 adventus,

578 4949 719 5001 inme
742 4958 797 5001 et
825 4946 1085 5011 futuram,
1120 4959 1173 5001 et
1207 4948 1483 5018 prophetae
1529 4948 1819 5018 utriusque
1846 4965 2152 5021 ρωποι-εο-

577 5055 690 5095 rem
725 5041 895 5095 Eliam
924 5039 1167 5095 futurum
1193 5058 1313 5097 esse
1336 5042 1544 5100 dicunt.
1570 5041 1705 5097 Nam
1734 5044 1897 5099 unius
1916 5041 2153 5102 Joannes

577 5133 678 5189 iuit
724 5149 1052 5204 prtecursor,
1088 5151 1250 5204 quem
1299 5136 1473 5191 Eliam
1525 5146 1686 5192 vocat
1732 5136 2005 5202 Christus,
2043 5153 2151 5193 non

574 5226 721 5297 quod
752 5227 822 5281 sit
845 5226 1013 5293 Elias,
1044 5228 1138 5282 sed
1165 5228 1310 5298 quod
1344 5226 1709 5284 ministerium
1737 5228 1865 5283 Elia-
1885 5231 2148 5300 implevit.

578 5319 783 5373 Scriba:
836 5318 1002 5389 igitur
1053 5319 1167 5376 haec
1218 5320 1650 5387 confundentes,
1707 5322 1931 5377 secundi
1983 5322 2154 5377 solius

577 5414 911 5468 mentionem
952 5413 1262 5480 faciebant;
1298 5413 1390 5469 ille
1427 5424 1608 5469 autem
1647 5415 1778 5471 dicit
1807 5416 1872 5471 ad
1912 5417 2155 5486 discipw

578 5503 661 5557 los
689 5522 703 5558 :
736 5503 883 5560 Elius
911 5507 1118 5577 quidem
1149 5507 1286 5560 seuit
1315 5517 1362 5561 et
1395 5507 1632 5561 restituet
1658 5508 1856 5583 omnia.
1891 5505 2022 5575 Qua:
2046 5524 2153 5562 om-

581 5593 707 5645 nia?
729 5598 858 5659 Quae
882 5598 1144 5668 propheta
1175 5598 1391 5653 diccbat
1416 5600 1720 5671 praesertim
1753 5617 1766 5653 :
1808 5598 2044 5665 Mittunt,
2072 5600 2152 5653 in-

578 5686 718 5753 quit,
752 5690 995 5756 angelum
1028 5708 1222 5757 meum,
1247 5699 1299 5747 et
1330 5691 1554 5763 reliqua.
1589 5691 1651 5746 Et
1681 5690 1785 5747 hoc
1816 5693 1906 5747 flet
1933 5693 2152 5763 quando

2273 465 2457 537 τελείᾳ
2485 466 2587 536 τῆς
2612 467 2813 534 λέξεως
2840 470 3222 544 ὲναπομείνῃς.

2344 558 2441 612 Διὰ
2470 559 2523 611 τί
2566 559 2752 624 Ἠλίας
2781 563 2876 614 καὶ
2909 563 3117 634 Μωσῆς
3143 568 3221 629 είς
3246 568 3397 638 μέσον
3418 572 3595 641 haut;
3614 578 3715 646 Πρῶ-

2270 665 2364 703 τον
2392 648 2493 720 μὲν
2527 650 2616 704 ἵνα
2647 651 2796 725 δείξῃ
2833 653 2915 706 ὅτι
2950 653 3076 709 οὔτε
3117 656 3301 723 Ἠλίας
3334 662 3464 715 ἐστὶν
3489 664 3548 723 ὡς
3570 666 3713 736 ἔλεγον,

2271 740 2395 794 οὔτε
2438 741 2648 811 Μωσῆς
2668 762 2681 775 ·
2716 743 2972 814 δεύτερον
2993 785 3008 809 ,
3035 746 3124 800 ἵνα
3175 750 3248 818 μὴ
3288 752 3405 823 περὶ
3430 746 3494 806 ὧν
3519 755 3716 811 ίνεκὰλοον

2272 832 2422 904 αὐτῷ
2458 833 2533 897 ὡς
2563 835 2888 908 παρανόμῳ,
2923 836 3071 911 δείξῃ
3101 840 3182 892 ὅτι
3220 839 3398 909 ψεῦδός
3426 845 3564 898 ἐστιν·
3588 848 3634 900 οὐ
3652 853 3717 920 γὰρ

2271 922 2338 977 ἂν
2368 924 2703 994 συνωμίλουν
2725 944 2739 959 ·
2765 928 2951 1001 τρίτον
2974 929 3061 984 τνα
3090 931 3328 1001 μάθωσιν
3355 935 3429 987 ὅτι
3459 936 3537 988 καὶ
3560 938 3717 992 θανάτου

2272 1013 2366 1069 καὶ
2396 1014 2543 1085 ζωῆς
2572 1016 2819 1081 ἐξουσίαν
2848 1019 2981 1089 ἔχει,
3007 1020 3100 1074 τὸν
3128 1022 3223 1092 μὲν
3245 1024 3571 1091 ἔνεγκὼν,τδν
3585 1027 3721 1081 itha-

2273 1105 2496 1178 στήσαςο
2531 1108 2584 1160 τί
2624 1108 2681 1162 δὲ
2717 1109 3039 1167 συνελάλουν
3065 1114 3163 1182 τὴν
3193 1112 3344 1181 δόξαν
3369 1116 3429 1187 ὴν
3460 1115 3611 1185 εμελλε
3636 1117 3720 1188 πλη-

2274 1197 2403 1268 ροῦν
2440 1200 2498 1254 ἐν
2538 1198 2929 1274 Ἰερουσαλήμ;
2983 1204 3274 1259 Τουτέστιν
3315 1207 3371 1260 τὸ
3401 1207 3545 1272 πάθος
3569 1210 3636 1263 καί
3664 1210 3720 1261 τίν

2273 1290 2524 1360 σταυρὸν,
2556 1294 2652 1347 καὶ
2671 1292 2769 1365 τὴν
2796 1295 3115 1363 ἀνάστασιν,
3140 1298 3233 1351 καί
3257 1297 3321 1351 τὰ
3351 1300 3509 1370 ὃμοια.

2339 1476 2437 1529 Διά
2466 1475 2519 1529 τί
2542 1475 2689 1545 λέγει
2723 1478 2752 1531 ό
2782 1477 2987 1550 Πέτρος
3009 1521 3025 1545 ,
3049 1478 3247 1534 Καλὸν
3274 1478 3419 1549 ἡμᾶς
3434 1473 3531 1536 ὧδε
3546 1478 3656 1538 εἶναι
3668 1487 3720 1551 είς

2269 1568 2555 1639 ἐρημίαη
2602 1570 2702 1624 Διὰ
2758 1570 2819 1625 τὸ
2865 1571 3099 1626 ἀκοῦσαι
3150 1573 3230 1627 ὅτι
3279 1574 3643 1646 παραδοθήσεται
3674 1580 3720 1639 si;

2269 1658 2498 1714 θάνατον
2522 1662 2551 1714 ὁ
2582 1660 2816 1732 Χριστός
2836 1678 2852 1694 ⁶
2878 1661 2975 1716 καὶ
3003 1661 3164 1716 τοῦτο
3194 1664 3397 1728 Λουκᾶς
3440 1664 3582 1734 δηλῶν
3600 1665 3721 1733 ἔλεγεν

2193 1713 2241 1772 Β
2270 1751 2375 1819 ὅτι,
2400 1713 2596 1807 Elissa},
2612 1713 2700 1824 μὴ
2723 1713 2855 1823 ᾔδει

2352 1843 2490 1899 Ἀπὸ
2510 1845 2776 1914 νεφέλης
2800 1846 2859 1900 δὲ
2903 1848 2944 1915 ἡ
2967 1847 3142 1917 φωνὴ
3161 1888 3174 1914 ,
3201 1848 3280 1902 ὅτι
3306 1848 3461 1912 οὕτως
3488 1848 3681 1903 eum
3704 1850 3721 1901 ί

2267 1933 2398 1998 Θεός
2416 1951 2431 1966 ο
2461 1933 2699 2005 φωτεινὴ
2721 1934 2776 1988 δὲ
2806 1934 2888 1989 ὅτι
2917 1937 2979 1989 οὐ
3006 1936 3244 2007 φοϐῆσαι
3266 1936 3506 1991 ὲδούλετο·
3532 1938 3634 1992 ὅπου
3652 1938 3720 2005 γὰρ

2266 2026 2489 2098 ἀπειλὴ,
2520 2029 2640 2081 ἐκεῖ
2661 2026 2934 2099 σκοτεινὴ,
2967 2027 3161 2100 ὥσπερ
3185 2031 3241 2083 ιν
3265 2031 3384 2101 Σινᾷ
3398 2030 3517 2100 oper
3534 2030 3602 2084 διὰ
3621 2028 3721 2084 trito

2270 2119 2410 2191 μετά
2431 2120 2493 2174 τὸ
2519 2121 2747 2190 ἀφανεῖς
2774 2119 3035 2190 γενέσθαι
3066 2122 3157 2179 ⁴ιὲόν
3186 2122 3243 2176 τε
3274 2122 3459 2177 Murcia
3479 2122 3555 2175 καὶ
3581 2119 3717 2182 Ἠλίαν,

2265 2212 2388 2265 τότε
2425 2212 2635 2282 γίνεται
2670 2215 2702 2285 ἡ
2739 2214 2911 2285 φωνὴ,
2943 2215 3035 2268 ἴνα
3073 2216 3148 2287 μὴ
3181 2214 3268 2269 ἐπ’
3307 2214 3471 2269 αὐτῶν
3494 2230 3621 2277 τινος,
3647 2212 3720 2267 nr

2266 2303 2359 2357 issi.
2396 2305 2632 2377 Χριστὸν
2657 2306 2882 2379 λογισθῇ
2917 2308 2951 2378 ὴ
2987 2308 3144 2379 φωνὴ
3176 2311 3209 2379 ἡ
3236 2308 3500 2378 ὶρχομένη.

2338 2396 2414 2450 Οὐ
2464 2397 2556 2450 τὸν
2584 2398 2821 2469 Χριστὸν
2858 2398 3022 2470 μόνον
3055 2398 3320 2453 ὑπέλαὸεν
3360 2399 3389 2468 ἡ
3427 2396 3612 2468 νεφέλη,
3635 2393 3719 2447 ἀλλᾶ

2266 2486 2363 2541 καὶ
2408 2487 2535 2551 τοὺς
2590 2487 2863 2559 μαθητὰς,
2919 2470 3007 2543 ῐνᾶ
3066 2489 3142 2561 μὴ
3193 2489 3410 2561 νομισθῇ
3451 2490 3520 2542 ὅτι
3560 2483 3719 2555 Χριστὸς

2265 2580 2479 2650 ἀφῆκεν
2505 2581 2607 2652 τὴν
2642 2582 2851 2652 φωνήν.

2336 2674 2439 2742 Τὸ,
2487 2674 2591 2729 Ἐν
2620 2669 2670 2745 ᾧ
2700 2675 3029 2745 εὐδόκησα,
3056 2678 3178 2733 ἀντὶ
3208 2676 3319 2745 τοῦ,
3361 2677 3442 2730 Ἐν
3474 2669 3718 2744 ᾧὰναπαύο-

2269 2781 2391 2835 μαι,
2429 2766 2599 2838 δηλοῐο
2635 2768 2931 2840 προσέθετο
2976 2770 3039 2823 δὲ
3081 2770 3177 2837 τὸ,
3208 2768 3394 2825 Αὐτοῦ
3419 2767 3640 2831 ἀκούετε,
3664 2764 3717 2815 ενα

2265 2857 2371 2911 κᾶν
2400 2858 2711 2931 σταυρωθῇ,
2743 2859 2820 2931 μὴ
2854 2860 3279 2934 ρᾳθυμήσωσιν,

2335 2950 2433 3004 Διά
2458 2951 2513 3003 τί
2542 2951 2635 3004 ἐπὶ
2664 2950 2755 3005 τοῦ
2792 2952 3176 3023 βαπτίσματος
3199 2954 3296 3025 τῆς
3327 2954 3490 3026 φωνῆς
3510 2948 3718 3022 γενομένης

2264 3038 2324 3091 οὐ
2372 3041 2706 3107 κατέπεσον,
2757 3035 2861 3095 ὧδε
2909 3041 2965 3095 δὲ
3003 3043 3172 3097 τοῦτο
3223 3044 3527 3115 πάσχουσιν;
3572 3035 3718 3102 Ἐπειδῆ

2263 3130 2381 3181 ἐκεῖ
2413 3128 2512 3198 μὲν
2540 3128 2741 3200 ,δχλοθ
2773 3124 2875 3185 ὦδε
2904 3131 2960 3186 δὲ
2989 3132 3203 3206 ἔρημος
3239 3134 3329 3188 καὶ
3369 3132 3512 3202 ὕψος,
3534 3128 3717 3199 “tum

2265 3217 2383 3290 μεθ’
2410 3220 2666 3291 ἡσυχίας,
2693 3220 2788 3274 καὶ
2816 3221 2878 3275 τὸ
2909 3223 3199 3294 γινόμενον
3235 3223 3347 3277 κατ’
3365 3220 3619 3291 ὀφθαλμοὺς
3639 3232 3717 3284 ἳρτ·

2262 3311 2391 3367 κτὸν
2425 3310 2541 3381 φῶς
2572 3311 2812 3385 ἄκρατον
2854 3315 2952 3369 καὶ
2980 3316 3182 3388 νεφέλη
3204 3359 3218 3385 ,
3258 3316 3393 3387 ᾇπερ
3434 3312 3564 3368 τοῦτο
3590 3308 3715 3361 παθεῖν

2261 3402 2458 3459 ἐποίει.

2331 3495 2397 3547 Τί
2445 3496 2595 3549 ἐστιν
2642 3495 2735 3563 τὸ,
2797 3498 3202 3569 Βεόαρημένοι
3249 3495 3399 3570 ἦσαν
3444 3498 3604 3560 ὕπνφς
3638 3491 3715 3543 ὀτι

2262 3587 2441 3660 πολλῷ
2491 3589 2810 3661 κατείχοντο
2849 3592 3004 3661 κάρῳ
3030 3610 3043 3623 ’
3077 3592 3234 3647 τοῦτο
3275 3593 3328 3647 δὲ
3358 3592 3453 3648 ἀπὸ
3491 3589 3569 3659 τῆς
3601 3587 3714 3655 ὂψεως

2260 3677 2475 3750 ἐκείνης
2504 3679 2600 3750 τῆς
2625 3677 2943 3751 θαυμαστῆς
2970 3675 3042 3752 ἦν
3068 3684 3432 3753 γεγενημένον.

2332 3771 2432 3824 Διά
2469 3770 2523 3824 τί
2574 3770 2724 3838 λέγει
2779 3771 2969 3842 μηδενὶ
3025 3776 3200 3828 εἰπεῖν
3255 3776 3352 3837 ἕως
3390 3773 3448 3827 ἂν
3484 3772 3537 3825 ὲκ
3577 3763 3714 3834 νεκρῶν

2260 3860 2466 3932 ἀναστῇ
2490 3862 2524 3926 ;’
2550 3860 2771 3930 Ἐπειδὴ
2804 3862 2914 3931 ὅσῳ
2942 3862 3167 3934 μείζονα
3191 3864 3395 3932 ἐλέγετο
3416 3903 3430 3929 ,
3458 3853 3713 3913 τοσοῦτονδὲ

2262 3951 2457 4022 φθόνον
2481 3952 2574 4005 καὶ
2595 3952 2853 4006 ἀπιστίαν
2876 3953 3050 4020 ὄντες,
3069 3954 3128 4009 δυ
3137 3954 3460 4026 σπαράδεκτα
3480 3946 3595 4019 εἶχον
3610 3942 3709 3999 αὑτά·

2263 4047 2403 4118 μετὰ
2433 4044 2489 4098 δὲ
2516 4045 2615 4115 τὴν
2638 4045 2960 4110 ἀνάστασιν,
2979 4047 3045 4101 ὲκ
3074 4048 3241 4118 μέσου
3269 4046 3359 4117 μὲν
3378 4046 3404 4099 ό
3430 4038 3699 4114 φθονούμεύς

2260 4140 2357 4194 καὶ
2406 4140 2455 4191 οἱ
2490 4139 2587 4208 μὲν
2632 4138 2921 4193 ἀπόστολοι
2950 4140 3052 4212 ἤδη
3082 4139 3441 4203 πιστεύοντες,
3469 4135 3509 4188 oi
3542 4132 3586 4185 δὲ
3619 4125 3709 4195 δκλα

2259 4232 2329 4286 τὰ
2378 4230 2526 4302 παρὰ
2564 4230 2674 4285 τῶν
2714 4232 3031 4287 ἀποστόλων
3060 4232 3309 4303 θαύματα
3344 4229 3541 4301 ὁρῶντες
3568 4215 3710 4274 amri.

2261 4339 2409 4377 σειαν
2434 4322 2521 4378 ἀν.

2343 4414 2738 4486 Ἐπηρώτησαν
2758 4414 2922 4469 αὑτὸν
2939 4416 2989 4468 οί
3016 4416 3275 4487 μαθηταὶ,
3296 4417 3371 4469 ὅτι
3388 4415 3445 4466 01
3461 4414 3709 4481 γραμματεις

2260 4505 2550 4576 λέγουσιν
2610 4509 2819 4564 Ἠλίαν
2870 4509 2964 4562 δεῖ
3000 4510 3197 4564 ἐλθεῖν
3238 4507 3469 4579 πρῶτον·
3500 4503 3574 4556 καὶ
3606 4492 3707 4548 τόθεν

2261 4597 2419 4652 τοῦτο
2447 4598 2664 4668 ἐλεγον;
2699 4600 2955 4672 Ἐκράτει
2983 4602 3083 4672 μὲν
3110 4603 3138 4654 ὁ
3168 4601 3320 4670 λόγος
3347 4599 3431 4652 καὶ
3454 4587 3707 4663 περιεφέρετο

2261 4689 2447 4753 κακῶς
2469 4689 2588 4744 νοού
2597 4708 2758 4761 μενος
2789 4693 2943 4764 παρὰ
2960 4691 3068 4747 τῶν
3094 4694 3134 4746 Γ
3138 4691 3471 4767 ραμματέων·
3495 4686 3635 4749 ὥσπερ

2260 4782 2309 4833 οί
2340 4781 2469 4852 περὶ
2500 4781 2593 4833 τοῦ
2626 4762 2887 4852 Χριστοῦζ
2929 4786 2963 4855 ἡ
3010 4783 3068 4837 δὲ
3102 4762 3325 4853 ἀλήθεια
3352 4782 3451 4852 ἔχει
3489 4774 3646 4830 οὕτως’
3667 4762 3706 4863 ai

2264 4875 2363 4945 μὲν
2413 4874 2647 4944 Γραφαὶ.
2672 4875 2765 4930 δύο
2807 4875 3025 4946 λέγουσι
3076 4877 3369 4949 παρουσίας
3412 4869 3490 4926 τοῦ
3522 4867 3706 4935 Χριστουο

2261 4966 2467 5040 ταύτην
2487 4970 2582 5023 καὶ
2601 4969 2700 5040 τὴν
2729 4970 3052 5041 μέλλουσαν·
3082 4972 3176 5025 καὶ
3195 4974 3243 5024 οἱ
3264 4967 3506 5041 προφῆται
3524 4954 3703 5041 ἑκατέρα

2262 5057 2570 5129 πρόδρομον
2608 5059 2699 5113 τὸν
2734 5040 2939 5116 ίἮλίαν
2986 5064 3207 5117 ἔσεσθαι
3248 5040 3497 5130 λέγουσιν·
3538 5050 3611 5119 τῆς
3637 5040 3703 5110 γάρ

2259 5148 2425 5218 ἄλλης
2464 5152 2493 5203 ὁ
2534 5151 2788 5223 Ἰωάννης
2821 5155 3061 5223 ἐγίνετο,
3092 5156 3150 5208 δν
3182 5156 3272 5209 καὶ
3315 5150 3477 5205 Ἠλίαν
3502 5148 3524 5198 ὁ
3548 5130 3700 5208 Χριστδί

2261 5241 2438 5306 καλεῖ,
2466 5243 2566 5295 οὐκ
2588 5246 2775 5316 ἐπειδὴ
2816 5248 3001 5312 Ἠλίας
3027 5244 3118 5320 ἦν,
3147 5248 3259 5303 ἀλλ’
3290 5242 3460 5311 ἐπειδῆ
3481 5238 3559 5308 τὴν
3582 5231 3699 5320 6w

2261 5331 2382 5385 νίαν
2403 5334 2723 5407 ἐπλήρωσεν
2759 5337 2966 5392 Ἡλίουο
2995 5317 3405 5410 οίνΓραμματεῖς
3430 5332 3507 5387 οὖν
3532 5317 3699 5410 ω’ίῇ

2259 5441 2350 5489 τες
2376 5404 2583 5495 ταῦτα,
2613 5429 2713 5500 τῆς
2749 5430 3005 5502 δευτέρας
3038 5404 3391 5502 ἐμνημόνευον
3419 5424 3579 5495 μόνηςο
3597 5404 3697 5462 aut“

2258 5513 2316 5566 δέ
2352 5532 2485 5586 φησι
2534 5519 2666 5591 πρὸς
2708 5520 2835 5583 τοὺς
2875 5520 3143 5590 μαθητάς·
3205 5518 3389 5583 Ἠλίας
3425 5511 3523 5583 μέν
3543 5504 3695 5591 ἔρχεταί

2260 5580 2889 5679 καί-ἀποκαταστήσῖεί
2914 5580 3130 5669 πάντα.
3172 5612 3297 5666 Ποία
3338 5580 3511 5664 πάνταὶ
3541 5580 3696 5653 Ἀπρδ

2261 5702 2545 5773 προφήτης
2574 5702 2724 5772 ἔλεγε
2752 5705 2919 5774 μάλα’
2967 5703 3316 5770 Ἀποστελῶ,
3345 5697 3474 5769 φησι,
3500 5688 3577 5743 τδν
3590 5682 3694 5746 dm
