3984 6204
301 258 440 340 1133

1288 276 1606 337 SCIIOLIA
1652 276 1944 337 VETERA
1988 276 2062 335 IN
2110 275 2575 335 MATTIIIEUM.

3401 264 3537 341 113’s

300 392 410 443 λόν
428 406 567 455 μου,
608 388 701 441 καὶ
750 390 817 442 τά
870 388 1015 458 ἑξῆς
1061 390 1151 442 καὶ
1182 389 1339 442 τοῦτο
1369 393 1659 463 γενήσεται
1691 392 1768 446 ὅτ’
1798 392 1860 446 ἂν

1974 390 2225 461 reliquias
2261 389 2425 446 Israel
2470 388 2667 445 salvari
2695 388 2957 454 voluerit,
2990 404 3057 445 ne
3086 392 3301 458 penitus
3325 391 3537 460 disper-

304 486 363 533 rdt
395 480 935 549 ἐγκαταλελειμμένα
959 480 1053 533 τοῦ
1089 480 1304 551 Ἰσραὴλ
1334 480 1580 551 βούλεται
1604 484 1863 553 σωθῆναι,

298 570 383 623 tvo.
431 570 507 637 μὴ
539 568 709 637 ἄρδην
759 569 1069 623 ἀπόλωνται
1122 572 1203 633 εἰς
1250 571 1349 639 τὴν
1387 571 1646 643 δευτέραν
1700 573 1863 625 αὑτοῦ

298 660 599 729 παρουσίαν
624 675 638 689 ⁸
664 660 790 713 ὅταν
828 657 921 712 οὖν
968 660 1121 730 λέγῃ,
1154 660 1235 712 ὅτι
1273 661 1479 727 Ὶιλίας
1509 662 1742 731 ἔρχεται
1765 663 1863 717 καί

297 748 808 814 ἀποκαταστήσει,
835 749 961 817 περὶ
1000 748 1095 801 τοῦ
1134 750 1192 801 ὲν
1223 752 1288 819 τῇ
1323 750 1549 821 δευτέρᾳ
1594 753 1865 823 παρουσίᾳ

297 841 463 907 λέγει·
496 841 573 892 ὅτ’
615 839 681 892 ἂν
722 839 777 893 δὲ
832 840 965 912 λέγῃ
1002 842 1030 893 ό
1070 840 1278 908 μέλλων
1326 841 1581 911 ἔρχεσθαι
1640 842 1861 907 Ἠλίας,

298 924 488 993 Οὗτός
529 927 721 990 ἐστιν,
766 927 904 981 κατὰ
949 929 1040 981 τὸν
1079 930 1279 999 τρόπον
1323 930 1423 1001 τῆς
1464 929 1739 995 διακονίας
1774 931 1864 985 τὸν

306 1020 559 1087 Ἰωάννην
590 1019 777 1072 Ἠλίαν
798 1019 974 1073 καλεῖ.

364 1111 471 1164 Τοῦ
505 1110 964 1181 σεληνιαζομένου
996 1114 1025 1166 ό
1056 1116 1241 1186 πατὴρ
1282 1116 1486 1188 σφόδρα
1518 1112 1587 1188 ἦν
1614 1118 1860 1182 ἄπιστος.

294 1204 569 1256 ἐδείκνυτο
591 1204 647 1257 δὲ
675 1204 831 1256 τοῦτο
855 1203 919 1257 ἐκ
937 1221 995 1257 τε
1014 1204 1108 1258 τοῦ
1134 1208 1307 1261 εἰπεῖν
1336 1209 1474 1279 πρὸς
1496 1210 1586 1264 τὸν
1605 1212 1859 1283 Χριστόν·

300 1295 366 1349 El
385 1296 665 1357 δύνασαι,
684 1295 1025 1362 βοήθησον.

367 1405 465 1457 Διά
492 1406 543 1458 τί
568 1404 850 1475 μέμφεται
878 1408 994 1469 τοῖς
1022 1406 1361 1474 ἀποστόλοις,
1390 1410 1437 1462 εί
1465 1409 1691 1475 ἄπιστός
1716 1411 1863 1467 ἐστιν

294 1498 372 1549 ὅτι
400 1496 492 1549 τὸν
518 1496 631 1549 υἱὸν
658 1496 822 1550 αὐτοῦ
845 1498 905 1549 ού
934 1496 1401 1566 τεθεραπεύκασιν
1423 1517 1437 1565 ;
1474 1500 1699 1563 Δεικνὺς
1721 1502 1803 1554 ὅτι
1829 1502 1861 1573 ἡ

297 1589 509 1659 μεγάλη
558 1589 743 1652 πίστις
793 1591 891 1642 καί⁵
933 1590 1116 1644 τελεία
1160 1591 1329 1662 ἀρετὴ
1365 1592 1474 1645 τῶν
1518 1591 1861 1664 θαυματουρ-

298 1678 535 1748 γούντων
570 1680 797 1735 δύναται
833 1682 926 1734 καὶ
964 1683 1135 1752 χωρὶς
1170 1682 1405 1746 πίστεως
1430 1682 1536 1737 τῶν
1562 1682 1862 1754 θεραπευο-

299 1774 478 1842 μένων
530 1772 794 1843 ἐνεργεῖν.
822 1773 1029 1841 Ὠσπερ
1058 1773 1165 1842 γὰρ
1195 1774 1227 1842 ἡ
1263 1774 1443 1835 πίστις
1486 1773 1593 1826 τῶν
1627 1790 1863 1844 προσερο

291 1864 535 1935 χομένων
587 1864 680 1917 καὶ
712 1866 841 1936 παρ’
892 1864 1190 1918 ἐλαττόνων
1235 1865 1504 1936 λαμσάνει
1550 1867 1648 1938 τὴν
1684 1866 1859 1931 ῐασιν,

293 1955 367 2017 ὡς
396 1954 487 2007 ἐπὶ
514 1954 609 2008 τοῦ
640 1954 939 2027 Κορνηλίου
965 1974 976 1984 ·
1010 1954 1185 2020 οὕτως
1212 1956 1318 2010 τῶν
1349 1956 1645 2011 ποιούντων
1675 1957 1741 2010 τὰ
1767 1973 1863 2027 ση-

298 2049 428 2116 μεῐα
462 2047 700 2117 ήρκεσεν
737 2049 769 2118 ή
805 2046 1035 2118 δύναμις
1066 2049 1159 2101 καὶ¹
1213 2048 1286 2119 μὴ
1313 2050 1673 2103 πιστευόντων
1701 2049 1863 2104 τινῶν

289 2139 367 2203 ὡς
404 2140 497 2193 ἐπὶ
532 2139 625 2192 τοῦ
683 2139 1018 2192 Ἐλισσαίουο
1053 2140 1136 2193 ὃτι
1179 2140 1391 2204 οὐδενὸς
1438 2143 1859 2207 πιστεύσαντος,

291 2231 483 2301 νεκρὸς
509 2232 731 2300 ἀνέστη’
760 2230 865 2303 χρὴ
890 2230 946 2283 δὲ
976 2232 1175 2287 είδὲναι
1206 2234 1354 2303 ὅμως
1381 2234 1463 2286 ὅτι
1492 2233 1553 2286 οὺ
1584 2233 1784 2296 πάντες
1809 2234 1861 2287 οί

294 2323 534 2392 μαθηταὶ
582 2322 887 2393 ἠσθένησαν
931 2326 999 2395 τῇ
1032 2324 1251 2378 πίστει-
1279 2325 1328 2377 οἱ
1374 2324 1481 2395 γὰρ
1535 2324 1716 2378 στύλοι
1760 2324 1862 2379 οὐκ

288 2409 431 2483 ἦσαν
458 2415 591 2466 ἐκεῖ.

366 2505 464 2557 Διὰ
492 2504 544 2557 τί
586 2500 765 2573 εἶπεν,
804 2503 883 2559 Ὦ
918 2506 1092 2575 γενεὰ
1124 2506 1378 2572 ἄπιστος
1414 2506 1511 2560 καί
1549 2508 1859 2579 διεστραμο

286 2598 441 2668 μέιή
460 2598 480 2649 .¹
523 2597 739 2668 Ἐπειδὴ
774 2598 802 2649 ό
832 2596 1063 2661 ἄπιστος
1092 2597 1230 2669 ἀνὴρ
1266 2591 1420 2661 οὗτος
1452 2598 1545 2651 ἐπὶ
1577 2598 1669 2652 τοῦ
1704 2600 1862 2670 δχλου

290 2686 608 2757 ἐντυγχάνει
654 2688 795 2740 κατὰ
848 2686 957 2740 τῶν
1021 2686 1319 2757 μαθητῶν⁸
1386 2686 1707 2760 βουλόμενος
1769 2690 1863 2743 οὖν

289 2777 594 2843 ἀπαλλάξαι
646 2778 889 2842 ἐκείνους
947 2779 1047 2848 μὲν
1103 2778 1489 2849 ἐγκλήματος,
1547 2782 1755 2835 ἐκεῖνον
1804 2782 1860 2837 δὲ

291 2871 522 2941 ὕϐρεως,
552 2870 639 2923 ’ίνα
671 2872 746 2941 μὴ
775 2870 1092 2941 ὲξαπορήσῃ
1116 2912 1131 2935 ,
1163 2873 1547 2924 κοινοποιείται
1585 2871 1676 2925 τὸν
1708 2872 1864 2941 λόγον

288 2960 569 3031 ἀληθεύων
591 2960 684 3012 καὶ
709 2960 837 3030 περὶ
868 2959 977 3013 τῶν
1006 2960 1204 3014 ἀλλων’
1236 2961 1382 3024 εἰκὸς
1411 2960 1519 3031 γὰρ
1542 2956 1611 3033 ἦν
1635 2962 1862 3026 πολλοὺς

286 3051 397 3104 τῶν
421 3052 703 3122 παρόντων
730 3050 1205 3123 σκανδαλισθῆναι.

362 3161 455 3226 Τὸ,
486 3162 634 3226 Ἕως
676 3160 821 3214 πότε
849 3159 1063 3229 ἔσομαι
1086 3158 1217 3229 μεθ’
1241 3160 1438 3229 ὑμῶν;
1468 3160 1737 3216 δείκνυσιν
1779 3164 1861 3216 ὅτι

286 3252 567 3321 ἠσπάζετο
603 3251 696 3305 τὸν
726 3253 983 3317 θάνατον,
1014 3252 1111 3305 καὶ
1142 3251 1307 3323 βάρος
1347 3248 1488 3307 εῖναι
1518 3252 1580 3306 τὸ
1614 3254 1733 3324 μετ’
1766 3256 1862 3307 αύ-

284 3346 393 3398 τῶν
424 3344 717 3412 ἐλογίζετο.

370 3457 457 3519 ὀς
484 3456 683 3509 κόκκον
708 3454 979 3518 σινάπεως
1007 3455 1107 3524 τὴν
1139 3454 1324 3507 πίστιν
1353 3453 1523 3522 λέγει,
1546 3454 1759 3519 δεικνὺς
1779 3457 1860 3509 ὅτι

285 3548 346 3601 τὸ
388 3546 666 3616 ἐλάχιστον
693 3545 792 3615 τῆς
819 3547 1049 3616 γνησίας
1097 3545 1333 3609 πίστεως
1368 3546 1463 3598 καὶ
1504 3546 1605 3616 ὅρη
1639 3546 1860 3601 δύναται

286 3639 640 3710 μεταθεῖναιο
692 3641 741 3692 εί
788 3638 845 3692 δὲ
898 3641 995 3692 καὶ
1044 3636 1283 3708 οὐδαμοῦ
1323 3636 1424 3707 ὅρη
1462 3638 1760 3708 μετετέθη,
1800 3637 1860 3692 τὸ

283 3731 499 3800 ἐγεῖραι
533 3730 758 3800 νεκροὺς
785 3728 887 3782 οὐκ
915 3727 1157 3780 ἔλαττον.

358 3837 531 3891 Πόθεν
566 3837 636 3890 τὰ
666 3837 935 3907 δίδραχμα
970 3835 1245 3900 ἐτελεῖτο;
1286 3836 1414 3889 Ὀτε
1440 3837 1509 3890 τὰ
1538 3838 1858 3907 πρωτότοκα

285 3931 395 3984 τῶν
445 3930 757 3997 Αἰγυπτίων
799 3928 1120 3982 ἀπέκτεινεν
1164 3929 1191 3980 ὁ
1220 3926 1386 3991 Θεὸς,
1422 3928 1545 3983 τότε
1583 3929 1683 4000 τὴν
1726 3930 1857 3984 Λευῖ

284 4023 461 4093 φυλὴν
493 4024 607 4075 ἀντ’
644 4022 823 4075 αὐτῶν
852 4020 1065 4075 ἐλαϐεν.
1102 4015 1235 4073 Εἶτα
1257 4021 1441 4090 ἐπειδὴ
1473 4022 1580 4074 τῶν
1604 4039 1717 4093 παρ
1744 4025 1855 4076 ’Λί-

286 4113 540 4182 γυπτίοις
564 4112 925 4183 πρωτοτόκων
952 4112 1191 4169 ἐλάττων
1216 4107 1282 4181 ἦν
1313 4114 1341 4165 ὁ
1369 4112 1468 4181 τῆς
1502 4114 1672 4186 φυλῆς
1699 4115 1857 4186 ἀριθ-

290 4202 390 4271 μὸς
420 4242 434 4263 ,
465 4202 588 4255 ἀντὶ
616 4200 724 4255 τῶν
768 4200 1061 4254 λειπόντων
1104 4202 1182 4264 είς
1216 4201 1308 4253 τὸν
1356 4201 1624 4271 ἀριθμὸν,
1673 4203 1857 4256 σίκλον

283 4294 576 4347 ἐκέλευσεν
608 4292 985 4362 εἰσενεχθῆναι
1010 4306 1024 4321 ⁶
1058 4291 1117 4357 ἐξ
1164 4290 1374 4343 ἐκείνου
1409 4286 1502 4344 οὖν
1544 4290 1663 4354 ἔθος
1694 4293 1856 4362 ὲκρά-

280 4406 451 4459 τησεν
480 4389 551 4441 τὰ
580 4387 905 4459 πρωτότοκα
934 4386 1027 4439 τὸν
1066 4386 1231 4456 φόρον
1253 4385 1441 4438 τοῦτον
1465 4386 1755 4455 εἰσφέρειν.
1791 4388 1852 4440 Oi
1885 4405 1929 4459 ι)

280 4480 352 4532 τὰ
387 4479 658 4549 δίδραχμα
688 4477 1058 4547 λαμϐάνοντες
1092 4474 1168 4544 τῷ
1205 4474 1398 4546 Πέτρῳ
1424 4478 1820 4547 προσέρχονται
1839 4494 1853 4507 ·

282 4569 544 4633 επιεικῶς
577 4569 635 4622 δὲ
661 4566 851 4637 ἐπειδὴ
880 4568 1158 4635 ἀπένεμον
1180 4566 1330 4635 αὐτῷ
1356 4568 1476 4620 τινὰ
1506 4568 1638 4621 αίδὼ
1667 4569 1754 4622 διὰ
1790 4571 1856 4622 τὰ

283 4665 508 4731 σημεῖα.

366 4750 449 4821 [ᾧ
502 4750 727 4823 Χριστῷ
775 4752 869 4803 καὶ
925 4751 1118 4820 Πέτρῳ
1170 4747 1245 4811 ὡς
1293 4750 1656 4819 πρωτοτόκοις
1707 4751 1857 4807 οὖσιν

279 4842 597 4896 ἀπαιτείται
616 4842 677 4894 τὸ
706 4842 1021 4913 δίδραχμον.

356 4952 430 5004 Τὸ
459 4951 640 5020 λέγειν
672 4952 762 5005 τὸν
798 4952 1054 5023 Χριστὸν,
1112 4955 1173 5008 Τί
1211 4969 1308 5008 σοι
1339 4952 1521 5019 δοκεῖ,
1554 4953 1759 5024 Σίμωνς
1799 4956 1855 5007 οἱ

274 5043 561 5108 βασιλεῖς
600 5041 711 5110 τῆς
741 5043 854 5112 γῆς
890 5044 1012 5099 ἀπὸ
1055 5046 1235 5098 τίνων
1261 5045 1683 5113 λαμϐάνωσιν
1709 5044 1853 5113 τέλη

278 5136 319 5201 ἡ
356 5134 629 5203 κῆνσον;
659 5136 903 5189 τοιοῦτον
932 5136 1044 5207 ἔχει
1082 5137 1173 5190 τὸν
1202 5136 1347 5190 νοῦψ
1394 5137 1731 5208 Ἐλεύθερος,
1752 5154 1855 5205 φηο

280 5230 391 5293 etv,
425 5230 541 5299 εἰμὶ
566 5228 659 5281 τοῦ
687 5228 872 5282 δοῦναι
900 5229 1117 5298 κῆνσον·
1152 5231 1200 5282 εἰ
1226 5230 1336 5300 γὰρ
1362 5230 1600 5299 βασιλεῖς
1627 5231 1723 5300 τῆς
1751 5229 1855 5298 γῆς

273 5323 338 5375 ού
368 5323 520 5391 παρὰ
567 5322 674 5373 τῶν
704 5322 838 5374 υίῶν
868 5321 1049 5375 αὐτῶν
1080 5321 1146 5374 λα
1158 5321 1453 5390 μδάνουσιν
1474 5362 1487 5384 ,
1523 5320 1659 5373 ἀλλά
1705 5321 1855 5391 παρὰ

271 5416 385 5469 τῶν
413 5415 735 5485 ἀρχομένων
761 5428 776 5442 ⁸
806 5416 869 5467 οὐ
893 5413 1071 5479 δώσω,
1103 5413 1292 5480 φησὶν,
1322 5412 1449 5478 ἐγὼ,
1483 5412 1581 5463 οὑκ
1612 5410 1853 5478 ἐπιγείου

277 5508 546 5579 βασιλέως
570 5546 583 5570 ,
612 5505 747 5560 ἀλλὰ
770 5507 866 5560 τοῦ
896 5506 1005 5559 τῶν
1031 5505 1278 5576 οὐρανῶν
1305 5503 1379 5557 ὢν
1424 5503 1537 5564 υίὸς
1567 5502 1850 5572 βασιλέως.

348 5596 424 5651 τὸ
448 5600 753 5667 προειπεῖν,
772 5598 854 5651 ὅτι
877 5596 1176 5664 Εὑρήσεις
1196 5594 1465 5662 στατῆρα
1488 5594 1558 5645 ἐν
1573 5592 1650 5657 τῷ
1672 5593 1850 5659 ιχθύτ,

274 5692 373 5743 καὶ
406 5689 471 5743 τὸ
508 5688 741 5757 πρώτως
774 5688 866 5742 τὸν
898 5688 1050 5757 ἰχθὺν
1088 5688 1379 5757 ἔμπεσετν,
1416 5686 1504 5738 καὶ
1538 5684 1723 5753 ὥσπερ
1754 5683 1851 5749 ἄγ·

1966 482 2167 537 dantur
2220 483 2273 535 in
2319 482 2559 536 secundo
2596 482 2718 550 ejus
2759 480 3016 536 adventu.
3047 480 3183 535 Cum
3226 496 3357 551 ergo
3405 482 3579 536 dicit‘

1966 575 2093 644 quia
2128 573 2279 627 Elias
2310 574 2444 627 venit
2471 582 2520 627 et
2545 574 2895 641 restituet,de
2913 574 3017 630 hoc
3036 573 3179 644 quod
3207 574 3260 627 in
3296 574 3537 629 secundo

1967 662 2199 717 adventu
2232 662 2322 717 ﬁet
2345 663 2606 732 loquitur.
2630 663 2766 717 Cum
2795 672 2975 717 autem
3000 663 3134 717 dicit
3160 662 3251 732 qui
3277 671 3536 716 venturus

1966 765 2051 808 est
2082 754 2230 810 Elias
2264 770 2279 808 :
2325 752 2432 808 Iste
2456 764 2565 820 est,
2608 755 2907 810 secundum
2941 755 3207 810 rationem
3245 752 3536 810 ministerii

1965 844 2229 901 Joannem
2257 844 2431 900 Ellam
2461 853 2639 905 vocat.

2028 1117 2190 1173 Vens.
2238 1116 2321 1171 Η.
2373 1116 2622 1172 Lunatici
2659 1127 2811 1187 pater
2854 1120 3007 1175 valde
3038 1120 3350 1176 incredulus
3381 1129 3532 1185 crat;

1965 1211 2112 1283 quod
2137 1210 2462 1265 ostendebat
2487 1211 2719 1266 dicendo
2748 1211 2967 1267 Christo
3022 1231 3035 1266 :
3070 1212 3131 1268 Si
3171 1222 3349 1281 potes,
3388 1229 3534 1283 opem

1965 1304 2065 1372 fer.

2036 1412 2203 1470 Vens.
2231 1414 2316 1469 15.
2341 1413 2452 1469 Cur
2480 1415 2658 1485 arguit
2688 1412 2985 1485 apostolos,
3012 1412 3055 1478 si
3083 1412 3395 1467 incredulus
3425 1422 3532 1480 est,

1964 1506 2108 1575 quod
2140 1504 2309 1559 lilium
2340 1520 2501 1559 suum
2541 1520 2649 1559 non
2693 1505 3039 1560 curaverint?
3069 1504 3375 1561 OSIendens
3412 1520 3533 1559 ma-

1964 1612 2125 1666 gnam
2158 1594 2313 1649 fidem
2360 1603 2413 1649 et
2449 1595 2741 1665 perfectam
2778 1596 3035 1650 virtutem
3089 1595 3352 1649 miracula
3400 1610 3533 1664 0pc-

1966 1686 2203 1740 rantinm
2236 1701 2394 1756 posse
2422 1685 2505 1739 vel
2546 1685 2752 1755 absque
2781 1686 2885 1741 lide
2913 1702 3102 1741 eorum
3134 1686 3227 1756 qui
3269 1697 3533 1740 curantur

1964 1777 2165 1831 valere.
2193 1778 2344 1832 Sicut
2366 1778 2508 1833 enim
2541 1778 2672 1833 lides
2699 1777 3071 1833 accedentium
3097 1779 3182 1833 vel
3209 1779 3276 1833 ab
3306 1778 3530 1834 inferio-

1965 1866 2117 1922 ribus
2137 1866 2334 1937 accipit
2362 1867 2726 1935 curationem,
2768 1878 2826 1922 ut
2870 1870 2925 1922 in
2957 1868 3214 1924 Cornelio
3238 1911 3254 1937 ,
3289 1870 3363 1925 ita
3403 1886 3534 1941 ope.

1963 1958 2198 2011 rantium
2230 1956 2382 2027 signa
2422 1956 2621 2027 profuit
2664 1958 2748 2014 vis
2788 1958 2869 2013 vel
2916 1959 3243 2028 quibusdam
3274 1975 3379 2015 non
3410 1974 3533 2015 cre-

1965 2047 2236 2113 dentibus,
2272 2057 2330 2102 ut
2364 2048 2418 2102 in
2448 2046 2666 2114 Eliszeo,
2696 2048 2846 2119 quia,
2888 2050 3037 2104 nullo
3069 2048 3344 2113 credente,
3384 2066 3533 2105 mor-

1964 2144 2091 2191 tuus
2121 2138 2390 2194 excitatus
2423 2148 2527 2193 est.
2558 2137 2783 2209 Oportet
2803 2150 2984 2195 autem
3010 2141 3152 2195 scire
3176 2141 3535 2198 nihilominus

1965 2244 2071 2281 non
2110 2243 2301 2284 omnes
2328 2229 2628 2299 discipulos
2671 2231 2914 2286 inﬁrmos
2958 2230 3129 2287 fuisse
3172 2232 3225 2286 in
3263 2232 3401 2298 ﬁde;
3447 2248 3535 2289 eoo

1964 2318 2164 2374 lumnae
2193 2320 2339 2376 enim
2366 2335 2470 2376 non
2498 2320 2570 2376 ibi
2608 2331 2784 2376 erant.

2033 2504 2200 2559 Vens.
2233 2504 2319 2560 l6.
2346 2505 2458 2559 Cur
2490 2504 2647 2572 dixit,
2681 2504 2725 2560 0
2744 2507 3010 2575 generatio
3037 2507 3309 2561 incredula
3334 2517 3381 2563 et
3412 2525 3531 2579 per-

1964 2612 2109 2649 uersa
2133 2597 2153 2649 .'
2185 2595 2319 2662 Quia
2359 2596 2671 2651 incredulus
2699 2598 2782 2651 vir
2813 2597 2915 2652 iste
2938 2598 2990 2652 in
3022 2598 3181 2653 turba
3214 2601 3534 2656 versabatur

1964 2695 2153 2742 contra
2175 2686 2497 2757 discipulos.
2522 2685 2725 2743 Volcns
2748 2704 2878 2760 ergo
2899 2692 3138 2746 eximere
3162 2691 3281 2747 illos
3304 2707 3333 2745 a
3349 2692 3531 2762 culpa,

1966 2777 2109 2830 hunc
2130 2784 2313 2831 autem
2349 2791 2380 2830 a
2408 2777 2738 2831 contumelia
2761 2818 2776 2843 ,
2808 2793 2875 2832 ne
2907 2778 3250 2847 desperaret,
3281 2793 3533 2833 commu-

1967 2883 2087 2921 nem
2116 2866 2245 2921 facit
2274 2882 2605 2932 sermonem,
2634 2883 2761 2923 vera
2796 2884 3013 2939 quoque
3043 2869 3229 2925 dicens
3260 2871 3325 2925 de
3360 2871 3482 2926 aliis
3514 2887 3529 2926 :

1964 2956 2260 3011 verisimile
2288 2957 2433 3011 enim
2471 2965 2590 3012 erat
2634 2958 2836 3013 multos
2881 2959 3230 3027 praesentium
3264 2961 3535 3015 scandali-

1965 3057 2115 3103 zatos
2147 3062 2290 3103 esse.

2035 3155 2189 3224 Illud,
2220 3156 2501 3225 Quousque
2522 3172 2610 3210 ero
2641 3156 2903 3210 vobiscum
2924 3157 2949 3211 Ρ
2972 3157 3209 3212 ostendit
3239 3174 3361 3212 cum
3394 3177 3534 3215 mor-

1962 3258 2067 3303 lrm
2099 3248 2408 3317 amplexum
2444 3263 2585 3313 esse,
2622 3257 2674 3302 et
2706 3248 2941 3318 graviter
2970 3247 3112 3305 ferre
3142 3251 3284 3319 quod
3320 3268 3443 3305 cum
3474 3253 3531 3307 ii-

1962 3340 2029 3395 lis
2060 3347 2200 3393 erat.

2035 3445 2197 3502 Vens.
2232 3447 2317 3501 l9.
2359 3445 2423 3500 Ut
2454 3460 2686 3516 granum
2717 3446 2925 3515 sinapis
2967 3446 3125 3502 [idem
3156 3448 3321 3514 dicit,
3350 3461 3535 3505 osten-

1959 3538 2098 3594 dens
2130 3538 2211 3592 vel
2246 3539 2531 3593 minimum
2567 3556 2707 3595 vera:
2739 3540 2861 3594 tidei
2909 3550 3123 3597 montes
3169 3557 3330 3611 posse
3364 3553 3535 3601 trans-

1961 3629 2135 3694 ferre;
2171 3632 2218 3685 si
2247 3646 2376 3686 vero
2407 3646 2677 3702 nusquam
2710 3641 2922 3687 montes
2954 3634 3330 3700 transtulerit,
3366 3637 3533 3691 susci-

1962 3729 2078 3775 tare
2099 3730 2343 3777 mortuos
2369 3736 2479 3776 non
2512 3720 2742 3777 inferius
2768 3732 2873 3777 est.
3344 3715 3351 3721 ’

2028 3828 2192 3886 Vens.
2240 3831 2331 3886 25.
2364 3829 2546 3895 Quare
2576 3831 2892 3887 didracltma
2933 3832 3282 3889 solvebatur?
3306 3834 3535 3900 Quando

1960 3920 2316 3990 primogenita
2350 3919 2729 3992 Egyptiorum
2769 3925 3025 3979 mactavit
3050 3924 3207 3992 ,Deus
3228 3967 3241 3991 ,
3274 3934 3404 3981 tunc
3432 3928 3531 3981 tri-

1960 4013 2086 4067 bum
2115 4011 2244 4066 Levi
2279 4027 2379 4082 pro
2411 4012 2519 4069 illis
2550 4016 2874 4085 assumpsit.
2906 4017 3105 4072 Deinde
3138 4020 3398 4089 quoniam
3423 4022 3535 4090 pri-

1952 4103 2247 4173 ruiogenitis
2288 4104 2663 4175 Egyptiornm
2719 4106 2946 4164 inferior
2983 4121 3101 4165 erat
3135 4112 3310 4168 tribus
3343 4128 3535 4167 nurne-

1960 4209 2085 4257 rus,
2121 4209 2217 4262 pro
2256 4195 2635 4251 deﬁcientibus
2666 4212 2694 4250 a
2734 4214 2995 4262 numero,
3051 4201 3244 4254 siclum
3278 4203 3534 4271 praecepit

1959 4282 2196 4337 conferri
2226 4301 2238 4335 :
2270 4300 2336 4337 cx
2385 4285 2490 4339 boc
2521 4285 2685 4354 igitur
2718 4302 2835 4340 mos
2863 4288 3100 4342 obtinuit
3139 4292 3533 4359 primogenitos

1961 4373 2108 4428 hunc
2142 4375 2407 4429 tributum
2437 4376 2672 4430 solvere.
2704 4375 2808 4441 Qui
2831 4378 3149 4432 didracbma
3176 4381 3436 4450 colligunt
3462 4384 3529 4437 ad

1948 4464 2181 4520 .Pctrum
2228 4467 2530 4532 accedunt;
2573 4466 2945 4523 verisimiliter
2996 4481 3179 4524 autem
3221 4472 3533 4530 tribuebant

1962 4556 2039 4611 illi
2071 4556 2347 4626 quoddam
2374 4557 2697 4627 obsequium
2730 4569 2947 4627 [ποριεῖ
2979 4560 3155 4629 signa.

2030 4740 2075 4795 Α
2101 4740 2321 4798 Christo
2352 4751 2402 4795 et
2440 4740 2635 4804 Petro,
2668 4751 2924 4810 tanquam
2962 4740 3366 4814 priinoganitis,
3404 4749 3531 4817 ρειί.

1959 4842 2047 4887 tur
2075 4833 2415 4889 didrachma.

2028 4941 2193 4999 Vsus.
2224 4944 2315 4999 24.
2340 4942 2497 5010 Quod
2526 4945 2657 4999 dicit
2694 4945 2970 5014 Christus,
3002 4948 3144 5014 Quid
3177 4950 3273 5004 tibi
3300 4950 3527 5012 videtur,

1959 5034 2191 5089 Simon?
2222 5051 2363 5103 reges
2396 5047 2548 5090 term
2585 5053 2616 5089 a
2647 5038 2834 5106 quibus
2863 5041 3127 5109 accipiunt
3169 5041 3419 5095 tributum
3454 5042 3530 5095 uel

1957 5128 2209 5179 tensum?
2257 5131 2328 5182 ita
2369 5127 2592 5198 intelligi
2628 5128 2790 5184 debet
2843 5148 2855 5183 :
2901 5128 3060 5185 Liber
3105 5146 3248 5195 sum,
3297 5132 3451 5195 dicit,
3497 5146 3529 5183 ιι

1957 5219 2139 5273 dando
2164 5234 2331 5274 censu
2360 5236 2374 5282 ;
2402 5219 2447 5273 si
2483 5219 2627 5273 enim
2665 5236 2819 5289 reges
2856 5230 3016 5276 terra:
3050 5238 3079 5276 a
3114 5222 3240 5277 ﬁliis
3267 5222 3384 5276 suis
3420 5237 3527 5275 non

1957 5313 2266 5383 accipiunt,
2301 5312 2394 5367 sed
2422 5327 2449 5366 a
2496 5312 2765 5380 subditis,
2802 5328 2911 5369 non
2949 5329 3051 5385 ego
3076 5354 3090 5377 ,
3122 5314 3324 5383 inquit,
3357 5312 3526 5377 dabo,

1958 5420 2080 5458 tum
2107 5419 2211 5458 non
2242 5405 2519 5460 terrestris
2554 5408 2698 5474 regis
2721 5448 2735 5470 ,
2768 5408 2860 5462 sed
2890 5410 3152 5463 calorum
3192 5408 3335 5477 regis
3361 5406 3529 5462 Filius

1957 5500 2080 5551 sim.

2036 5586 2198 5641 Vna.
2238 5587 2329 5641 ‘26.
2373 5588 2671 5644 Praedicere
2713 5590 2853 5658 quod
2897 5590 3129 5646 Invenies
3178 5600 3433 5645 stateram
3472 5592 3524 5643 in

1956 5683 2117 5749 pisce,
2152 5690 2206 5735 et
2250 5681 2427 5750 primo
2476 5680 2527 5735 in
2564 5683 2762 5751 piscem
2816 5682 3071 5748 incidere,
3104 5691 3158 5738 et
3205 5691 3263 5737 ut
3308 5684 3527 5737 bunum
