3984 6204
577 219 717 287 H35

1274 221 1669 284 OPUSCULA
1702 220 2336 283 SCRIPTURISTICA
2381 222 2731 285 INCERT/E
2770 226 2847 307 1E

1499 221 1669 283 IULA
1702 220 2336 283 SCRIPTURISTICA
2381 222 2731 285 INCERT/E
2770 226 3072 317 ᾸΕΤᾼΤΙΒ.

3598 239 3692 304 1136

570 355 757 396 vocem
786 355 939 396 suam
980 339 1039 395 in
1083 336 1341 410 abyssum
1388 335 1626 403 mittere,
1663 349 1872 405 ntagnae
1905 335 2143 391 admira-

2120 364 2145 378 ο
2174 340 2219 398 Α
2249 352 2471 407 κιστρον
2515 338 2611 391 τὸν
2644 336 2802 406 λόγον
2845 338 3011 392 αὑτοῦ
3062 340 3144 403 είς
3183 339 3280 411 τὴν
3326 340 3522 400 ﬂuam
3552 349 3693 419 ἐλθεῖν,

570 433 736 488 tionis
762 433 981 502 dignum
1012 443 1118 488 est.

1145 569 1373 627 CAPUT
1401 567 1589 626 XVIII.

643 702 805 758 Vsus.
846 702 891 755 I.
935 701 1049 755 Cur
1103 700 1321 763 dicitur,
1367 697 1433 752 In
1480 698 1579 753 illa
1627 699 1759 753 liora
1815 710 2141 755 accesserunt

568 793 813 862 discipuli
838 792 907 845 ad
931 789 1117 846 Iesum
1143 790 1374 843 dicentes
1400 806 1419 844 :
1448 789 1602 856 Quis,
1625 799 1803 859 putas,
1832 790 2005 860 major
2026 793 2144 847 est.’

568 885 707 951 Quia
744 885 1036 939 humanum
1070 880 1407 946 sentiebant;
1440 896 1564 935 nam
1609 883 2020 951 praalnonoratus
2061 892 2143 938 est

566 974 759 1030 Petrus
797 982 858 1028 ut
904 973 1323 1043 primogenitus;
1367 972 1568 1026 etenim
1619 987 1764 1026 unus
1812 987 1842 1026 e
1890 972 2138 1037 duobus,

564 1066 830 1123 Iacobum
875 1075 929 1121 et
960 1062 1225 1120 Joannem
1274 1065 1419 1127 dico,
1469 1063 1860 1133 primogenitus
1903 1071 2054 1129 erat;
2087 1071 2141 1117 et

566 1158 717 1213 nullo
754 1158 916 1211 modo
946 1156 1053 1211 tale
1099 1155 1303 1225 aliquid
1345 1154 1471 1208 fecit
1502 1154 1555 1208 in
1587 1154 1716 1210 illis.
1751 1155 2141 1209 Erubeseentes

564 1264 696 1317 ergo
730 1246 886 1301 lateri
933 1245 1077 1315 quod
1117 1244 1448 1306 sentiebant,
1493 1259 1600 1298 non
1646 1244 1835 1298 dicunt
1883 1245 2137 1315 quidem,

564 1340 677 1395 Cur
710 1340 860 1392 illum
916 1335 1305 1408 praehonoras?
1350 1335 1442 1390 sed
1486 1335 1921 1399 indi-terminate,
1969 1335 2138 1390 inter-

564 1441 781 1501 rogant,
820 1427 949 1495 Quis
993 1430 1164 1495 major
1213 1430 1333 1483 est?
1367 1427 1815 1497 Quandoquidem
1876 1436 1986 1482 tres
2016 1427 2138 1483 illos

567 1523 822 1575 videbant
843 1518 1237 1589 praelionorari,
1270 1518 1404 1571 nihil
1435 1526 1762 1585 senserunt;
1789 1521 2005 1588 quando
2035 1535 2133 1574 au-

562 1621 675 1668 tem
708 1612 856 1666 illum
886 1613 1086 1675 solum,
1113 1610 1432 1678 doluerunt;
1466 1625 1570 1664 non
1601 1611 1776 1665 solum
1804 1621 1981 1665 autem
2009 1627 2137 1681 pro-

2245 427 2487 495 μεγάλου
2521 426 2801 499 θαύματος
2823 426 2995 493 ἀξιον.

2824 578 3075 633 ΚΕΦΛΛ.
3130 580 3233 637 ιη’.

2315 701 2415 755 Διά
2444 702 2499 755 τί
2530 702 2749 771 λέγεται
2769 743 2785 767 ,
2834 705 2938 758 Ἐν
2968 703 3041 771 τῇ
3068 704 3190 771 ὥρᾳ
3231 704 3419 773 ἐκείνῃ
3444 709 3702 777 προσῆλθον

2243 794 2297 844 οι
2318 794 2575 861 μαθηταί
2618 792 2698 859 τῷ
2750 794 2956 860 Ἰησοῦ
2985 796 3265 864 λέγοντες
3284 835 3298 859 ,
3334 798 3419 861 Τίς
3450 798 3543 864 ἄρα
3558 804 3701 868 μείζων

2242 882 2455 948 ἐστίν;
2516 883 2734 955 Ἐπειδὴ
2766 884 2968 938 ἔπαθον
3009 884 3375 955 ἀνθρώπινον,
3411 890 3514 942 ἐπεὶ
3551 910 3701 963 προετι-

2246 972 2396 1044 μήθη
2431 976 2459 1026 ὁ
2496 975 2701 1046 Πέτρος
2734 975 2810 1039 ὡς
2844 976 3188 1047 πρωτότοκος
3210 994 3224 1009 ⁸
3273 979 3364 1032 καὶ
3405 982 3499 1049 γάρ
3544 978 3605 1045 εἷς
3632 986 3703 1036 τῶν

2242 1065 2357 1132 δύο,
2401 1067 2660 1131 Ἰάκωϐος
2700 1068 2799 1121 καὶ
2839 1067 3112 1140 Ἰωάννης,
3138 1070 3297 1140 λέγω,
3338 1076 3622 1145 πρωτότοκος
3643 1074 3699 1148 ἦν’

2243 1160 2338 1212 καὶ
2387 1158 2640 1229 οὐδαμῶς
2691 1178 2744 1213 τι
2789 1161 3034 1215 τοιοῦτον
3091 1163 3341 1235 ἐποίησεν
3386 1166 3507 1237 ὑπὲρ
3550 1171 3700 1226 αὐτῶν.

2241 1251 2634 1320 Αίσχυνόμενοι
2680 1248 2774 1305 οὖν
2816 1252 2955 1325 ὅπερ
2985 1252 3186 1309 ἔπαθον
3220 1255 3546 1327 ὁμολογῆσαι,
3580 1262 3625 1313 οὐ

2240 1358 2398 1409 γουσι
2437 1342 2558 1412 μὲν,
2585 1343 2667 1396 ὅτι
2693 1344 2791 1397 Διὰ
2820 1344 2875 1397 τί
2904 1344 3094 1399 τοῦτον
3122 1351 3411 1420 προτιμᾷςς
3442 1352 3649 1421 ἀορίστως
3667 1355 3702 1406 ἑὲ

2240 1430 2486 1501 ἐρωτῶσι
2512 1450 2525 1463 ·
2569 1434 2664 1499 Τίς
2711 1433 2926 1503 μείζων
2970 1436 3171 1503 ἐστίν-ς
3206 1438 3329 1492 Ὅτε
3375 1440 3464 1510 μὲν
3500 1443 3587 1513 γὰρ
3621 1445 3703 1506 τοὺς

2239 1526 2391 1594 τρεῖς
2436 1519 2576 1579 εἶδον
2623 1527 3078 1598 προτιμωμένους
3104 1570 3120 1595 ,
3154 1530 3302 1583 οὐδὲν
3349 1531 3551 1586 ἔπαθον⁸
3577 1534 3641 1587 ὅτι
3666 1536 3702 1587 δὲ

2243 1615 2432 1669 τοῦτον
2466 1618 2649 1687 μόνον,
2680 1617 2945 1688 ἤλγησαν·
2972 1620 3069 1673 καὶ
3094 1621 3155 1674 οὐ
3186 1621 3340 1691 μόνον
3369 1623 3447 1677 διὰ
3465 1624 3607 1690 τοῦτο,
3628 1625 3703 1678 ἀλλ’

564 1715 683 1776 pter
714 1707 814 1759 hoc
835 1742 850 1769 ,
901 1703 992 1758 sed
1021 1704 1184 1758 etiam
1225 1702 1350 1773 quia
1381 1703 1568 1757 claves
1605 1702 1834 1772 accepit,
1870 1712 1921 1757 et
1948 1704 2137 1759 beatus

2129 1721 2137 1758 ε
2165 1693 2213 1753 Β
2240 1706 2320 1759 ὅτι
2346 1706 2440 1760 καὶ
2466 1708 2563 1767 τὰς
2592 1705 2739 1770 κλεῖς
2770 1705 2953 1770 ἔλαϐε,
2987 1709 3079 1761 καὶ
3114 1710 3458 1781 ὲμακαρίσθη·
3486 1710 3598 1763 τὸδὲ
3624 1729 3702 1763 παι-

563 1798 741 1850 dictus
768 1803 871 1850 est.
918 1794 1206 1848 Panulum
1244 1793 1454 1855 statuit,
1487 1793 1780 1847 ostendens
1818 1794 1963 1863 quod
1999 1785 2138 1848 invi—

563 1890 731 1952 diain,
774 1902 969 1942 vanam
1018 1886 1272 1957 gloriam,
1315 1893 1370 1940 et
1410 1885 1648 1955 primum
1690 1886 1870 1939 locum
1917 1886 2136 1952 sectari,

562 1982 648 2037 isti
692 1979 1006 2036 indiﬂ‘erens
1034 1979 1125 2045 sit,
1152 1988 1205 2035 et
1233 1978 1508 2034 contraria
1536 1987 1585 2032 et
1619 1984 1852 2034 honores
1884 1978 2139 2035 similiter

564 2073 722 2127 istam
756 2083 1025 2142 reputare.

636 2164 804 2222 Vens.
835 2165 887 2220 5.
950 2165 1056 2231 Qui
1098 2166 1382 2235 susceperit
1425 2163 1705 2234 parvulum
1738 2164 1898 2220 talem
1944 2166 1995 2219 in
2040 2183 2138 2219 no-

563 2256 702 2310 mine
729 2272 864 2320 meo,
896 2272 977 2309 me
1000 2255 1241 2325 suscipit,
1287 2254 1559 2323 signiﬁcat
1587 2269 1680 2308 eos
1714 2270 1822 2310 non
1851 2255 2025 2309 solum
2057 2256 2139 2309 in-

565 2350 760 2402 noxios
805 2360 927 2401 esse
965 2345 1181 2411 debere,
1235 2347 1327 2399 sed
1375 2346 1539 2398 etiam
1590 2344 1725 2399 tales
1769 2360 1893 2399 cum
1932 2346 2139 2399 honore

563 2439 865 2510 suscipere,
895 2436 1128 2499 scilicet,
1160 2435 1260 2489 hos
1291 2434 1385 2505 qui
1416 2436 1568 2505 parvi
1602 2436 1927 2505 pendentur,
1962 2435 2138 2508 negli-

563 2542 768 2601 guntur
788 2539 842 2586 et
864 2535 1307 2584 contemnuntur.

638 2617 807 2676 Vsus.
842 2619 895 2674 Ἰ.
934 2616 1158 2672 Necesse
1181 2626 1260 2671 est
1306 2625 1362 2670 ut
1394 2617 1605 2671 veniant
1634 2616 1924 2683 scandala;
1958 2617 2010 2672 id
2051 2617 2136 2671 di-

564 2712 740 2767 cendo
773 2725 882 2774 non
914 2708 1217 2765 libertatem
1273 2707 1562 2763 voluntatis
1601 2708 1869 2779 cujusque
1912 2709 2134 2774 ademit,

564 2803 662 2859 sed
702 2801 847 2873 quod
890 2815 1103 2871 semper
1126 2798 1195 2854 ab
1229 2798 1540 2854 hominibus
1572 2813 1805 2869 nequam
1855 2800 2138 2871 continget

562 2895 824 2967 praedicit.

635 2987 800 3044 Vsus.
833 2986 886 3041 8.
926 2985 1187 3051 Dicendo,
1238 2984 1299 3040 Si
1339 3002 1529 3040 manus
1582 2994 1695 3052 tua,
1726 2985 1805 3039 vel
1848 3002 1940 3055 pes
1991 2995 2133 3047 tuus,

563 3091 657 3135 ant
706 3080 888 3135 oculus
926 3088 1047 3133 tuus
1096 3078 1430 3132 scandalizat
1474 3088 1540 3145 te,
1568 3077 1769 3147 projice
1795 3094 1913 3132 eum
1945 3079 2039 3132 abs
2064 3088 2132 3146 te,

562 3171 798 3225 amicum
859 3168 1037 3223 innuit
1073 3166 1167 3239 qui
1212 3169 1580 3221 membrorum
1635 3167 1810 3222 instar
1842 3168 1913 3222 ob
1944 3167 2136 3222 amici-

563 3262 695 3316 tiam
724 3267 807 3314 est
833 3257 1077 3328 quidem,
1114 3255 1212 3313 sed
1240 3256 1334 3328 qui
1362 3256 1430 3310 ad
1456 3256 1798 3327 spiritualem
1846 3256 2133 3312 utilitatem

564 3368 671 3407 non
701 3350 933 3406 confert.

632 3443 797 3501 Vens.
829 3443 917 3500 IO.
950 3442 1055 3511 Qui
1084 3450 1210 3498 sunt
1235 3440 1444 3513 pusilli,
1481 3457 1622 3512 quos
1652 3456 1761 3497 non
1789 3451 2137 3498 contemnere

562 3537 846 3609 praecipit?
878 3536 1174 3607 Panperes,
1207 3535 1491 3605 incogniti,
1524 3535 1827 3605 simplices.

637 3631 854 3695 Dicens,
921 3630 1096 3699 angeli
1143 3644 1367 3690 eorum,
1402 3628 1641 3682 ostendit
1701 3643 1891 3682 omnes
1940 3627 2138 3681 habere

564 3719 786 3791 angelos
816 3736 831 3773 :
858 3718 1113 3784 dicendo,
1154 3717 1340 3772 Vident
1368 3718 1557 3787 [aciem
1582 3716 1766 3771 Patris
1792 3719 1891 3771 mei
1919 3726 2139 3789 propter

564 3826 819 3880 magnam
850 3811 1153 3865 libertatem
1188 3818 1241 3864 et
1288 3812 1552 3865 honorem
1588 3825 1698 3880 quo
1747 3809 2027 3877 fruuntur,
2058 3811 2139 3865 sic

564 3902 826 3971 loquitur.

636 3992 808 4049 Vsus.
868 3991 956 4049 16.
996 3992 1107 4048 Cur
1142 3992 1305 4057 dicit,
1359 3991 1419 4047 Si
1451 3992 1738 4062 peccaverit
1779 3992 1835 4046 in
1885 4001 1932 4045 te
1972 3993 2139 4061 frater

558 4095 715 4148 tuus,
745 4092 800 4140 et
822 4083 1069 4155 reliqua?
1119 4082 1268 4138 Inter
1292 4082 1435 4136 duos
1455 4081 1554 4135 (lat
1584 4082 1879 4153 correptio,
1913 4097 1979 4137 ne
2006 4096 2137 4138 eru-

564 4178 755 4235 bescat
783 4187 1095 4248 correptus,
1123 4183 1177 4233 et
1204 4174 1621 4231 inemendalibis
1654 4173 1764 4229 tiat.

2236 1796 2347 1849 δίον
2369 1795 2667 1860 ὑπέδειξεν,
2691 1798 2907 1860 δεικνὺς
2929 1800 3008 1852 ὅτι
3036 1798 3233 1867 φθόνου
3265 1801 3353 1855 καὶ
3377 1801 3624 1865 κενοδοξίας
3642 1802 3702 1853 καί

2237 1884 2442 1938 τούτων
2480 1886 2765 1956 πρωτείων
2817 1888 2992 1964 ὲρᾷν..
3021 1888 3357 1960 ἀναισθήτως
3402 1890 3500 1961 ἔχει
3520 1932 3533 1956 ,
3562 1892 3631 1944 καὶ
3658 1892 3702 1942 τὰ

2238 1975 2457 2030 ἐναντία
2486 1977 2582 2030 καὶ
2609 1975 2676 2029 τὰ
2702 1976 2860 2048 τίμια
2886 1978 3088 2049 ὁμοίως
3115 1978 3396 2048 λογίζεται.

2307 2160 2401 2226 Τὸ,
2441 2161 2546 2225 Ὃς
2574 2160 2683 2215 ἐὰν
2729 2160 2969 2239 δέξηται
3011 2163 3261 2217 παιδίον
3305 2163 3510 2218 τοιοῦτο
3544 2162 3617 2215 ἐπὶ
3649 2162 3699 2226 τῷ

2238 2250 2485 2319 ὀνόματί
2524 2269 2666 2320 μου,
2703 2252 2809 2323 ἐμὲ
2837 2254 3099 2323 δέχεται,
3157 2256 3398 2327 σημαίνει
3426 2258 3494 2310 ὅτι
3520 2257 3567 2309 οὔ
3594 2257 3699 2325 μόνον

2237 2342 2481 2405 ἀκάκους
2528 2342 2609 2395 δεῖ
2658 2339 2817 2408 εἶναι,
2852 2346 2988 2399 ἀλλά
3018 2347 3117 2400 καὶ
3166 2347 3424 2410 τοιούτους
3460 2349 3591 2417 τιμᾷν
3612 2347 3698 2409 δέει,

2238 2433 2598 2505 ἀμερίμνους,
2649 2436 2804 2507 φησὶ,
2855 2438 2950 2491 xui
2986 2437 3214 2509 ἀμελεῖς
3260 2439 3349 2493 καὶ
3391 2437 3699 2508 εὐκαταφρονή-

2235 2542 2383 2589 τους.

2307 2621 2400 2687 Τὸ,
2450 2621 2710 2691 Ἀνάγκη
2740 2622 2942 2679 ἐλθεῖν
2966 2627 3042 2679 τὰ
3073 2625 3398 2692 σκάνδαλα,
3430 2626 3590 2695 λέγειν,
3603 2623 3645 2675 οὗ
3659 2619 3698 2672 τὺ

2237 2713 2558 2786 αὐθαίρετον
2586 2715 2687 2784 τῆς
2737 2716 3056 2789 ἐλευθερίας
3105 2719 3329 2773 ἑκάστου
3381 2720 3569 2778 ἀνεῖλεν,
3609 2713 3696 2768 ἀλλά

2235 2805 2296 2859 τὸ
2330 2806 2549 2870 πάντως
2586 2807 2845 2878 ἐσόμενον
2884 2809 2991 2863 ὑπὸ
3043 2810 3292 2883 πονηρῶν
3338 2810 3588 2883 ἀνθρώπων
3612 2823 3698 2877 προ-

2237 2895 2407 2965 λέγει.

2311 2986 2529 3055 Εἰπὼν,
2603 2989 2739 3044 Ἐὰν
2784 2991 2822 3059 ἡ
2871 2996 3000 3061 χείρ
3066 3009 3184 3048 σου
3228 2994 3263 3064 ἣ
3303 2997 3335 3049 ό
3372 2992 3503 3057 ποῦς
3555 2986 3696 3052 σουῆ

2238 3081 2272 3133 δ
2303 3080 2610 3149 ὀφθαλμός
2630 3096 2747 3136 σου
2774 3083 3164 3155 σκανδαλίσῃ
3196 3102 3283 3149 σε,
3308 3084 3451 3149 βάλε
3467 3077 3698 3136 αὐτόνᾶπὸ

2237 3170 2376 3238 σοῦ,
2420 3171 2571 3240 φίλον
2614 3172 2763 3243 λέγει
2812 3174 2904 3228 τὸν
2947 3176 3006 3227 ὲν
3054 3177 3204 3244 τάξει
3251 3176 3429 3249 μέλους
3470 3173 3540 3227 διὰ
3576 3169 3697 3239 φιλίαν

2237 3260 2365 3314 ὅντα
2399 3261 2521 3334 μὲν,
2560 3264 2640 3327 είς
2667 3263 2724 3317 δὲ
2757 3264 2996 3337 ψυχικὴν
3034 3266 3300 3338 ὠφέλειαν
3334 3268 3421 3337 οὐχ
3454 3264 3696 3334 ὑπάρχοντα.

2308 3444 2465 3508 Τίνες
2487 3445 2625 3500 είσὶν
2651 3446 2700 3499 οί
2724 3446 2929 3518 μικροὶ,
2955 3444 3042 3513 οἷς
3065 3449 3139 3522 μὴ
3161 3450 3490 3520 καταφρονεῖν
3508 3444 3698 3517 προπάσ-

2241 3554 2322 3590 σει
2352 3555 2367 3604 ;
2405 3539 2469 3591 Ol
2504 3540 2731 3608 πτωχοὶ,
2762 3540 2811 3592 oi
2849 3540 3145 3609 ἄγνωστοι,
3174 3546 3220 3596 οἱ
3248 3542 3478 3605 εὐτελεῖς.

2310 3629 2517 3695 Εἰπὼν,
2567 3632 2633 3683 Ol
2660 3630 2903 3701 ἄγγελοι
2953 3632 3175 3699 αὐτῶν,
3222 3633 3406 3699 ἔδειξεν
3450 3633 3519 3684 ὅτι
3562 3628 3697 3685 πάντες

2240 3719 2508 3787 ἀγγέλους
2555 3720 2771 3791 ἔχουσιν
2794 3738 2810 3755 ο
2842 3723 2904 3775 τὸ
2930 3723 2988 3777 δὲ
3022 3723 3220 3793 λέγειν,
3250 3726 3329 3778 ὃτι
3352 3724 3631 3779 Βλέπουσιγ
3655 3715 3697 3767 τὸ

2236 3812 2565 3879 πρόσωπον
2588 3811 2697 3865 τοῦ
2716 3816 2948 3882 Πατρός
2967 3833 3113 3883 μου,
3139 3817 3225 3870 διὰ
3243 3818 3335 3888 τὴν
3360 3816 3531 3885 πολλὴν
3552 3810 3697 3880 uallu-

2241 3902 2363 3955 σίαν
2397 3902 2493 3956 καὶ
2520 3903 2685 3975 τιμὴν
2716 3905 2785 3976 ἢν
2813 3905 3027 3975 ἔχουσιν
3052 3908 3221 3977 λέγει.

2311 3995 2411 4048 Διά
2440 3995 2493 4048 τί
2525 3995 2695 4064 λέγει,
2726 3997 2808 4050 ὅτι
2847 3997 2983 4050 Ἐὰν
3012 3998 3322 4069 ἁμαρτήσῃ
3347 4000 3425 4064 εις
3461 3995 3565 4050 σὲό
3583 3990 3696 4044 ἀδελ·

2240 4087 2355 4155 φάς
2388 4101 2527 4151 σουν
2574 4088 2669 4141 καὶ
2702 4089 2772 4141 τὰ
2808 4088 2972 4159 ἐξῆςς
3019 4092 3239 4156 Μεταξὺ
3271 4091 3358 4144 δύο
3405 4086 3606 4159 γενέσθαι
3639 4079 3695 4130 τὸν

2240 4178 2483 4248 ἔλεγχον,
2510 4179 2597 4232 ἶνα
2628 4180 2703 4250 μὴ
2720 4181 2985 4253 αἰσχυνθῇ
3010 4184 3040 4235 ὁ
3062 4182 3418 4254 ἐλεγχόμενος,
3434 4179 3513 4232 καὶ
3528 4170 3697 4238 iusin?-

2242 4270 2413 4333 θωτος
2446 4271 2692 4340 γένηται.

635 4356 754 4411 Non
784 4356 936 4412 ducit
962 4354 1284 4426 amigentem
1308 4352 1375 4409 ad
1395 4352 1673 4419 aﬂictum,
1702 4352 1797 4408 sed
1821 4353 1939 4408 vice
1956 4367 2135 4417 versa,
2163 4340 2208 4401 1]

2121 4340 2219 4417 .D
2316 4362 2431 4415 Οὐκ
2446 4362 2570 4430 ἄγει
2597 4363 2688 4417 τὸν
2715 4363 3033 4436 λυπήσαντα
3063 4367 3199 4440 πρὸς
3218 4367 3306 4422 τὸν
3318 4364 3594 4435 λυπηθέντα,
3608 4354 3694 4409 ἀλὶὰ

562 4450 832 4521 quoniam
871 4448 963 4503 ille
1009 4448 1103 4518 qui
1154 4446 1483 4517 iniustitiam
1519 4444 1645 4500 fecit
1692 4461 1800 4500 non
1835 4445 1995 4500 facile
2041 4460 2137 4499 ve-

566 4544 712 4598 niret
761 4550 983 4612 propter
1034 4540 1330 4607 ruborem;
1385 4540 1509 4596 ideo
1541 4540 1608 4595 ad
1642 4540 1790 4595 hunc
1837 4540 1991 4594 illum
2037 4538 2139 4593 ad-

564 4634 807 4775 dugtits.
846 4721 935 4777 i9.
967 4718 1109 4785 Quid
1137 4727 1221 4774 est
1245 4718 1391 4788 quod
1438 4718 1662 4784 dicitur,
1693 4718 1753 4773 Si
1777 4720 1882 4773 duo
1908 4735 1974 4774 ea:
1996 4720 2139 4776 vobis

568 4812 927 4865 consenserint
954 4824 1111 4878 super
1136 4816 1353 4875 terram,
1376 4810 1438 4862 de
1457 4808 1600 4862 omni
1619 4824 1673 4862 re
1693 4824 1853 4879 quam
1872 4812 2137 4879 petierint,

566 4905 659 4972 ﬁet
716 4901 866 4958 illis?
910 4903 984 4957 De
1028 4900 1357 4973 quibusnam
1407 4899 1541 4955 dicit
1600 4900 1748 4955 duo?
1789 4900 1864 4958 De
1913 4902 1997 4957 his
2043 4902 2136 4971 qui

569 4992 869 5065 attgelicam
927 4992 1091 5048 vitam
1152 4991 1391 5059 ducunt;
1444 5001 1649 5062 quanta
1696 4993 1842 5049 enim
1876 4993 1963 5048 isti
2013 5011 2139 5050 cum

569 5084 929 5140 mranimitate
992 5082 1253 5155 petierint
1318 5098 1447 5155 erga
1503 5084 1858 5156 proximum,
1927 5085 2141 5141 obtine-

564 5179 723 5235 bunt.

636 5269 802 5327 Vens.
845 5269 937 5326 22.
982 5267 1291 5340 Septuagies
1340 5269 1552 5339 septies,
1606 5282 1714 5326 non
1762 5285 1864 5342 pro
1913 5287 2141 5328 numero

567 5365 828 5429 sumitur,
860 5363 953 5420 sed
985 5378 1085 5434 pro
1108 5363 1398 5418 innumero
1430 5380 1444 5417 :
1477 5372 1537 5417 ut
1568 5362 1772 5419 dicitur
1803 5364 1992 5421 decem
2016 5366 2140 5421 mil-

565 5454 660 5517 lia,
693 5464 753 5509 ut
783 5455 990 5510 sterilis
1023 5452 1232 5525 peperit
1263 5462 1490 5524 septem,
1525 5452 1577 5507 id
1612 5462 1715 5521 est,
1751 5455 1974 5512 multos.

638 5546 804 5600 Vsus.
834 5545 925 5602 ει.
964 5544 1156 5601 Decem
1190 5545 1362 5600 millia
1397 5545 1599 5599 talenta
1654 5561 1778 5616 qua:
1808 5545 1953 5602 Deus
1978 5547 2144 5602 remi-

552 5634 663 5701 sit.
691 5644 747 5691 et
776 5646 994 5693 centum
1032 5653 1155 5708 quae
1204 5651 1395 5694 servus
1426 5651 1535 5693 non
1569 5639 1799 5707 remisit,
1830 5638 1925 5695 Dei
1959 5639 2143 5697 indul-

2238 4452 2429 4508 τοῦτον
2458 4456 2598 4525 πρὸς
2628 4456 2859 4523 ἐκεῖνον,
2884 4458 3074 4530 ιπιιδὴ
3096 4463 3124 4514 ὁ
3146 4458 3405 4529 ἠδικηκὼς
3427 4456 3511 4509 οὐκ
3531 4447 3694 4504 εὐκόλως

2238 4547 2307 4601 ἂν
2336 4545 2479 4599 ἔλθοι
2506 4546 2893 4619 αἰσχυνόμενος
2911 4567 2928 4583 ο
2959 4552 3049 4605 διὰ
3074 4553 3231 4608 τοῦτο
3257 4552 3381 4624 πρὸς
3409 4552 3591 4610 ἐκεῖνον,
3613 4538 3693 4593 τοῦ·

2239 4652 2333 4690 τον
2363 4635 2534 4690 ἕλκει.

2310 4730 2376 4783 Τί
2403 4731 2549 4785 ἔστιν
2584 4731 2646 4784 τὸ
2678 4732 2991 4804 λεγόμενον,
3022 4737 3105 4791 ὃτι
3133 4738 3247 4792 Δύο
3296 4734 3438 4806 ὑμῶν
3462 4731 3550 4786 ἐὰν
3590 4737 3692 4788 συμ⁹

2240 4822 2611 4892 φωνήσωσιν
2644 4824 2745 4878 ἐπὶ
2803 4825 2911 4895 τῆς
2962 4827 3093 4898 γῆς,
3133 4828 3261 4898 περὶ
3292 4825 3488 4888 παντὸς
3509 4816 3692 4888 πράἴμθ

2240 4931 2344 4981 τος
2371 4910 2442 4971 οὗ
2471 4913 2548 4969 ἂν
2588 4916 2975 4985 αἰτήσωνται,
3026 4921 3335 4991 γενήσεται
3374 4914 3572 4978 αὐτοῖςῖ
3606 4902 3692 4970 Περὶ

2244 5006 2411 5060 ποίων
2457 5006 2606 5075 λέγει
2656 5007 2782 5075 δύος
2834 5011 2969 5083 Περὶ
3016 5014 3126 5066 τῶν
3172 5008 3446 5083 ἀγγελικὴν
3500 4994 3691 5057 πολιτείαν

2242 5095 2504 5166 ἐχόντων’
2539 5098 2642 5153 ὅσα
2673 5099 2781 5173 γὰρ
2807 5101 2873 5155 ἂν
2905 5096 3051 5157 οὗτοι
3084 5103 3220 5174 μετά
3245 5102 3473 5172 ὁμονοίας
3502 5092 3688 5158 “illa”

2241 5203 2330 5241 ται
2362 5188 2493 5258 περὶ
2526 5187 2620 5243 τοῦ
2658 5189 2907 5262 πλησίον.
2935 5194 3326 5259 ὲπιτεύξονται.

2316 5278 2409 5343 Τὸ,
2449 5260 2896 5348 Ἐϐδομήκοντα
2914 5283 3010 5337 καί
3039 5284 3188 5338 ἑπτὰ
3206 5324 3221 5349 ,
3250 5284 3343 5336 οὐκ
3367 5272 3558 5350 ἀριθμὸν
3576 5260 3685 5335 δηλοῖν

2242 5367 2380 5422 ἀλλά
2405 5369 2465 5423 τὸ
2497 5371 2729 5443 ἄπειρον
2749 5388 2764 5403 ο
2797 5373 2986 5447 ὥσπερ
3016 5376 3097 5441 τὸ,
3147 5374 3325 5448 μυρία,
3361 5372 3441 5425 καὶ
3463 5366 3605 5431 ὥσπερ
3635 5350 3684 5411 θλ

2243 5461 2455 5532 Στεῷα
2506 5464 2714 5520 ἔτεκεν
2750 5466 2923 5532 ἑπτὰ,
2958 5468 3079 5522 ἀντὶ
3113 5467 3226 5533 τοῦ,
3260 5464 3429 5520 πολλά.

2317 5553 2401 5606 Τά
2435 5556 2603 5626 μυρία
2648 5555 2886 5612 τάλαντα
2915 5558 2952 5613 ἃ
2975 5560 3003 5612 ὀ
3025 5557 3159 5622 Θεὸς
3188 5558 3400 5629 ἀφῆκεν,
3430 5549 3507 5604 καὶ
3526 5543 3577 5596 τὰ
3599 5538 3682 5629 διες

2244 5644 2334 5701 τὸν
2360 5645 2398 5701 ἃ
2425 5647 2455 5701 ὁ
2476 5646 2662 5713 δοῦλος
2690 5649 2790 5704 οὐκ
2832 5650 3063 5723 ἀφῆκεν,
3094 5650 3189 5723 τὴν
3234 5644 3603 5720 ὐπερδάλλουσαν
3622 5636 3682 5679 τον
