3984 6204
303 349 436 413 1137

1293 354 1615 416 SCHOLIA
1656 356 1954 417 VETERA
1996 358 2076 417 IN
2120 357 2591 419 MATTHIEUM.

3412 363 3553 423 1138

300 457 438 513 Θεοῦ
478 458 828 532 συγχώρησιν
859 461 957 515 καὶ
1004 463 1389 535 μακροθυμίαν
1424 467 1560 537 meo;
1602 466 1701 533 τὴν
1736 468 1877 538 ἡμεο

1993 469 2217 539 gentiam
2260 479 2315 524 et
2352 470 2819 539 longanimitatcm
2869 478 3075 526 nostra:
3120 470 3552 540 pusillanimitali

300 549 466 620 τέραν
495 550 862 620 μικροψυχίαν
899 552 1201 606 δείκνυσιν·
1232 555 1327 608 ὅτι·
1342 556 1548 620 ἐκεῖνος
1597 555 1697 625 μὶν
1738 556 1878 627 άμε-

301 656 408 711 τρα
432 644 710 713 συγχωρεῖ
752 641 933 712 (τοῦτο
978 644 1087 715 γάρ
1118 646 1234 698 ἐστι
1273 645 1352 711 τὸ,
1380 647 1613 716 μυρία)·
1635 648 1798 719 ἡμεῖς
1820 647 1877 701 δέ

301 729 423 782 ούδέ
468 729 536 783 τὰ
583 730 867 802 ἀριθμητὰ
920 733 1349 805 συγχωροῦμεν
1403 735 1647 789 δείκνυσι
1692 736 1751 790 δέ
1789 736 1878 790 διὰ

302 820 494 875 τούτου
546 822 713 877 πόσον
761 823 897 890 Θεὸς
940 824 1083 895 ὑπὲρ
1132 825 1420 898 ἄνθρωπόν
1470 827 1619 880 ἐστιν
1671 826 1876 895 ἀγαθὸς

304 913 398 965 καὶ
431 912 837 985 φιλάνθρωπος.

378 1004 484 1057 Σὺν
514 1004 593 1074 τῷ
625 1006 895 1074 ὀφείλοντι
919 1007 987 1060 τὰ
1016 1007 1187 1079 μυρία
1206 1007 1445 1062 τάλαντα
1470 1009 1559 1063 διὰ
1584 1009 1639 1063 τί
1660 1008 1757 1063 καὶ
1776 1009 1885 1077 τὴν

306 1095 471 1148 αὑτοῦ
521 1098 760 1163 γυναῖκα
789 1098 885 1152 καὶ
913 1098 982 1152 τὰ
1016 1098 1204 1153 παιδία
1233 1099 1537 1154 διακελεύει
1565 1100 1877 1172 πραθῆναι;

305 1185 417 1253 Οὐχ
450 1185 525 1249 ὡς
548 1185 719 1256 ὠμὸς,
755 1187 871 1241 ἀλλ’
903 1189 991 1243 ἵνα
1019 1189 1185 1243 αὑτὸν
1216 1193 1293 1253 είς
1343 1192 1624 1262 ἱκετηρίαν
1652 1191 1880 1260 ἀγαγὼν

307 1275 661 1349 συγχωρήσῃ,
688 1276 787 1347 οὐχ
820 1277 907 1331 ἵνα
940 1278 1123 1351 πραθῇ
1144 1296 1160 1311 ο
1193 1281 1242 1334 εί
1270 1280 1377 1352 γάρ
1402 1281 1490 1335 διὰ
1520 1282 1582 1334 τὸ
1604 1282 1879 1353 πραθῆναι

303 1363 462 1417 τοῦτο
494 1367 689 1433 ἐποίει,
721 1368 821 1421 οὐκ
840 1367 905 1422 ἂν
930 1371 1259 1442 συνεχώρει·
1299 1372 1360 1426 οὐ
1393 1375 1667 1444 συγχωρεῖ
1692 1374 1748 1427 δὲ
1774 1376 1881 1445 πρὸ

304 1455 401 1520 τῆς
431 1453 779 1523 ἀποφάσεως,
823 1457 910 1512 ῖνα
949 1459 1113 1513 αὑτὸν
1155 1460 1430 1534 ἐλευθεροῖ
1471 1462 1877 1534 ὀφειλημάτων,

306 1545 395 1600 ἴνα
420 1546 670 1612 κάκεῖνος
698 1548 788 1603 τὸν
817 1550 1106 1622 ὁμόδουλον
1138 1555 1494 1628 συγχωρήσῃ.

906 1794 1160 1849 ΚΕΦΑΛ.
1186 1794 1288 1850 ΙΘ’.

389 1919 447 1972 '0
494 1920 728 1990 Χριστὸς
781 1922 1135 1993 ἐρωτώμενος
1161 1922 1286 1977 οὔτε
1340 1923 1428 1977 άεί
1462 1925 1612 1993 σιγᾷ,
1665 1924 1753 1978 ἵνα
1803 1926 1878 1996 μὴ

307 2009 603 2079 νομίσωσιν
628 2011 936 2079 λανθάνειν,
989 2014 1113 2067 οὗτε
1143 2016 1231 2068 ἀεὶ
1259 2014 1473 2085 ἐλέγχει
1502 2014 1590 2068 ἵνα
1613 2016 1881 2089 παιδεύσῃ

303 2102 368 2153 ἐκ
401 2098 496 2152 τοῦ
528 2100 754 2172 ἡμέρως
801 2102 991 2176 φέρειν
1020 2104 1209 2170 αὐτὸν,
1263 2103 1550 2168 κάκείνους
1580 2105 1642 2159 τὸ
1673 2108 1881 2178 μακρό-

303 2191 369 2244 θυ
378 2209 500 2263 μον.

376 2281 442 2334 Τί
464 2281 616 2353 δηλοῖ
637 2282 720 2346 τὸ,
751 2286 820 2338 ει
844 2284 1032 2352 οὕτως
1060 2270 1291 2357 dotis-'1}
1328 2289 1489 2342 αιτία
1517 2287 1623 2343 τοῦ
1654 2288 1878 2357 ἀνθρώ-

302 2386 423 2427 που
435 2377 585 2443 μετὰ
608 2375 716 2445 τῆς
746 2379 1031 2447 γυναικός
1051 2396 1073 2445 ;
1094 2380 1268 2433 Τοῦτο
1293 2380 1465 2450 λέγει,
1495 2382 1576 2435 ὅτι
1600 2382 1699 2436 Διὰ
1723 2381 1880 2435 τοῦτο

307 2466 554 2537 συνήφθη
588 2469 674 2522 ἴνα
702 2468 760 2522 ἓν
791 2464 956 2523 ὦσιν⁶
988 2472 1022 2544 ἢ
1058 2473 1255 2538 ἐκεῖνο,
1286 2473 1369 2527 ὃτι
1409 2473 1473 2528 Ei
1497 2474 1674 2527 αἰτίαν
1714 2473 1883 2545 λήψε-

305 2574 397 2610 ται
425 2560 519 2612 καὶ
549 2565 857 2632 παρανομεῖ
880 2564 910 2614 ὁ
930 2563 1070 2634 ἀνὴρ
1103 2565 1194 2618 ἐπὶ
1230 2564 1441 2628 τούτοις
1476 2564 1755 2619 ἐκϐάλλων
1780 2565 1881 2637 τὴν

304 2652 559 2716 γυναῖκα,
595 2654 924 2726 κουφότερόν
965 2657 1111 2708 ἐστιν
1156 2655 1360 2726 μᾶλλον
1388 2656 1526 2726 πρὸς
1568 2656 1873 2727 ἐπιθυμίαν

308 2740 576 2811 μάχεσθαι
622 2743 857 2813 φύσεως,
892 2746 925 2817 ἢ
962 2747 1099 2818 πρὸς
1146 2750 1383 2816 γυναῖκα
1448 2748 1717 2818 πονηράν.
1768 2747 1882 2803 Καὶ

303 2831 607 2904 ἄλλωςχΕί
633 2834 807 2900 οὕτως
837 2838 987 2891 ἐστὶν
1022 2840 1055 2909 ἡ
1086 2839 1233 2892 αἰτία
1258 2838 1353 2892 τοῦ
1403 2839 1695 2910 ἀνθρώπου
1741 2841 1882 2911 μετὰ

304 2927 405 2993 τῆς
426 2927 703 2995 γυναικὸς,
739 2930 1015 2984 τουτέστιν
1042 2932 1090 2984 εί
1120 2931 1208 2985 διὰ
1232 2931 1391 2985 τοῦτο
1414 2932 1687 3002 συνήφθη,
1710 2932 1798 2985 ἴνα
1821 2932 1881 2986 ἐν

303 3008 461 3081 ὦσιν,
496 3017 590 3070 καὶ
633 3018 994 3074 ἀδιάσπαστοι
1038 3020 1273 3091 μένωσιν
1316 3023 1445 3093 παρ’
1472 3022 1594 3076 ὅλον
1626 3022 1716 3077 τὸν
1744 3022 1881 3092 βίον,

306 3106 410 3159 κᾶν
440 3108 692 3180 μοχθηρὰ
738 3110 859 3166 λίαν
891 3113 983 3166 καὶ
1014 3111 1288 3183 θηριώδης
1320 3114 1353 3185 ἡ
1379 3115 1540 3184 γυνὴ,
1572 3114 1633 3166 οὐ
1668 3115 1877 3184 συμφέ-

1980 569 2243 631 pnestare
2277 562 2538 618 ostendit.
2584 561 2721 616 Nam
2763 563 2851 618 ille
2880 562 3095 633 quidem
3131 561 3550 617 innumerabilia

1979 652 2230 714 remittit.
2261 653 2312 708 id
2343 654 2487 709 enim
2524 663 2687 710 sonat
2717 655 2905 710 decem
2956 654 3167 721 millia;
3217 669 3319 710 nos
3370 663 3551 709 autem

1980 757 2049 798 ne
2085 744 2448 799 numerabilia
2476 745 2696 815 quidem
2724 745 3075 801 remittimus.
3101 744 3205 801 Per
3237 746 3339 800 hoc
3369 753 3554 800 osten-

1979 834 2130 889 ditur
2177 844 2445 905 quantum
2484 835 2629 893 Deus
2666 851 2778 907 prae
2822 836 3136 893 hominibus
3180 837 3359 893 bonus
3401 836 3471 891 sit
3498 845 3553 890 et

1979 924 2270 996 benignus.

2052 1015 2189 1072 Cum
2230 1017 2321 1071 illo
2352 1018 2447 1087 qui
2491 1017 2728 1074 debebat
2769 1018 2957 1075 decem
2995 1016 3165 1074 millia
3197 1018 3419 1082 talenta,
3453 1033 3554 1072 cur

1980 1107 2130 1162 illius
2200 1108 2483 1163 mulierem
2516 1110 2586 1169 {ct
2633 1110 2775 1166 filios
2817 1111 3120 1165 venundari
3171 1110 3375 1180 jussit?
3432 1109 3554 1164 Non

1981 1204 2242 1266 tanquam
2300 1196 2543 1252 crudelis
2569 1199 2663 1263 sit,
2715 1197 2811 1252 sed
2851 1207 2912 1253 ut
2940 1198 3094 1253 illum
3129 1199 3197 1253 ad
3235 1198 3554 1269 supplicari.

1981 1285 2109 1340 dum
2140 1285 2421 1341 adducens
2454 1287 2531 1341 illi
2575 1287 2843 1357 ignoscat,
2882 1302 2992 1342 non
3033 1297 3092 1343 ut
3116 1288 3453 1354 vendantur;
3505 1287 3553 1342 si

1979 1376 2126 1432 enim
2165 1388 2225 1432 ut
2258 1378 2566 1433 vendantur
2614 1378 2720 1433 hoc
2765 1377 3008 1444 fecisset,
3060 1394 3169 1433 non
3224 1378 3550 1449 ignosceret.

1979 1466 2103 1529 Non
2135 1467 2372 1537 ignoscit
2421 1476 2604 1523 autem
2636 1477 2933 1540 antequam
2972 1470 3239 1525 rationem
3271 1476 3460 1539 ponat,
3494 1475 3555 1520 nt

1980 1558 2135 1613 illum
2189 1559 2384 1618 liberet
2425 1577 2457 1617 a
2486 1561 2725 1630 debitis,
2767 1570 2823 1617 et
2869 1570 2930 1617 ut
2975 1561 3068 1617 ille
3119 1574 3388 1618 conservo
3452 1572 3555 1616 suo

1981 1650 2249 1721 ignoscat.

2567 1795 2797 1853 CAPUT
2825 1794 2967 1852 XIX.

2051 1913 2218 1970 Vrsas.
2253 1918 2308 1971 4.
2355 1916 2611 1975 Christus
2652 1935 2778 1975 cum
2827 1920 3214 1991 interrogatur,
3263 1935 3373 1975 non
3408 1936 3555 1976 sem-

1980 2024 2076 2077 per
2110 2016 2272 2074 ιεορι,
2304 2025 2375 2064 ne
2410 2011 2663 2081 ignorare
2720 2020 2972 2083 putetur;
3003 2028 3112 2068 non
3161 2028 3378 2083 semper
3417 2028 3553 2069 con-

1980 2098 2178 2167 fundit,
2212 2111 2270 2155 ut
2304 2099 2520 2168 doceat,
2548 2102 2772 2159 ferendo
2796 2104 2912 2176 ipse
2954 2119 3078 2163 cum
3112 2105 3552 2170 mansuetudine,

1980 2201 2037 2245 et
2065 2191 2215 2261 ipsos
2245 2193 2740 2263 longanimitatem.

2052 2284 2217 2340 Vsus.
2249 2286 2335 2341 l0.
2367 2286 2507 2352 Quid
2553 2287 2793 2342 ostendit
2842 2286 3012 2351 istud,
3045 2287 3105 2343 Si
3152 2290 3229 2342 ita
3258 2298 3336 2342 est
3388 2305 3559 2342 causa

1979 2376 2206 2430 hominis
2236 2392 2353 2430 cum
2384 2379 2587 2431 uxore?
2619 2386 2722 2435 etc.
2777 2376 2985 2433 Dicitur
3036 2377 3183 2433 istud
3207 2421 3222 2447 ,
3263 2379 3409 2449 quod
3460 2395 3556 2449 per

1980 2466 2085 2522 hoc
2106 2466 2434 2537 conjunctus
2465 2468 2537 2522 sit
2570 2478 2632 2522 ut
2660 2484 2828 2523 unum
2847 2469 2996 2534 sint;
3029 2469 3301 2535 autillud,
3334 2469 3479 2539 quod
3508 2471 3557 2525 si

1980 2565 2273 2612 accusatus
2327 2556 2530 2623 fuerit,
2564 2566 2621 2613 et
2669 2557 2839 2628 legem
2900 2558 3187 2612 violaverit
3238 2560 3320 2612 vir
3366 2560 3419 2613 in
3470 2560 3556 2614 his

1982 2664 2206 2705 uxorem
2232 2648 2580 2715 dimittendo,
2618 2650 2777 2721 longe
2804 2651 2979 2706 levius
3021 2653 3093 2709 sit
3124 2660 3315 2707 contra
3347 2661 3557 2707 natura:

1981 2742 2481 2813 concupiscentiam
2512 2758 2755 2815 pugnare
2788 2759 2950 2814 quam
2980 2754 3173 2800 contra
3202 2744 3404 2799 malam
3438 2760 3531 2799 mu

1984 2836 2195 2890 lierem.
2246 2836 2309 2891 Et
2362 2836 2565 2892 aliter:
2595 2836 2642 2892 si
2682 2836 2756 2891 ita
2797 2845 2881 2892 est
2930 2851 3100 2893 causa
3151 2836 3389 2892 hominis
3430 2851 3557 2892 cum

1984 2942 2175 2994 uxore,
2213 2928 2265 2983 id
2296 2927 2453 2983 estsi
2493 2943 2590 2998 per
2635 2928 2738 2983 hoc
2784 2928 3114 2998 coniunctus
3161 2935 3246 2982 est
3295 2936 3353 2982 ut
3388 2943 3558 2983 unum

1983 3018 2113 3084 sint,
2147 3027 2201 3072 et
2253 3018 2648 3088 inseparabiles
2701 3028 2928 3074 manent
2989 3035 3089 3089 per
3142 3028 3315 3073 totam
3367 3019 3565 3084 vitam,

1984 3109 2084 3164 etsi
2116 3124 2371 3179 perversa
2403 3118 2456 3163 et
2490 3108 2724 3179 maligna
2773 3108 3005 3163 multum
3062 3109 3227 3163 fuerit
3259 3123 3415 3174 uxor,
3449 3123 3557 3162 non

306 3216 414 3269 ρει,
450 3201 545 3254 καὶ
572 3202 722 3273 ἐξῆς.
760 3205 829 3257 Ἦ
863 3205 958 3257 καὶ
987 3205 1161 3269 οὕτως
1182 3222 1199 3237 ο
1232 3206 1295 3259 Εί
1328 3205 1506 3260 αἰτίαν
1535 3205 1766 3277 λήψεται
1788 3208 1882 3261 καὶ

1993 3203 2226 3271 expedit,
2257 3210 2365 3257 etc.
2400 3201 2496 3257 Vel
2533 3201 2609 3257 ita
2646 3220 2659 3256 :
2690 3202 2736 3256 si
2769 3210 3064 3257 accusatus
3104 3201 3269 3256 fuerit
3296 3212 3350 3257 et
3381 3201 3554 3270 legero

310 3294 669 3363 παρανομεῖὸ
691 3295 830 3368 ἀνὴρ
854 3295 947 3348 ἐπὶ
964 3295 1173 3361 τούτοις
1202 3297 1481 3352 ἐκϐάλλων
1506 3298 1601 3369 τὴν
1622 3301 1881 3367 γυναῖκα,

303 3383 366 3435 οὐ
399 3384 669 3455 συμφέρει
697 3386 947 3456 γαμῆσαι
966 3402 981 3417 ⁸
1019 3389 1356 3459 κουφότερον
1385 3390 1495 3459 γάρ
1522 3390 1661 3461 πρὸς
1692 3391 1886 3446 ἐπιθυ,-

308 3474 440 3543 μίαν
490 3475 765 3546 μάχεσθαι
816 3479 911 3532 καὶ
950 3478 1089 3549 πρὸς
1142 3479 1354 3545 ἐαυτὸν,
1392 3480 1425 3551 ἢ
1462 3481 1598 3549 πρὸς
1647 3486 1885 3550 γυναῖκα

303 3567 550 3636 πονηράν
582 3566 676 3620 καὶ
710 3568 914 3637 πολλῆς
943 3570 1219 3640 γέμουσαν
1266 3572 1673 3643 ἀναισχυντίας.

375 3653 534 3719 Τίνος
579 3656 768 3712 ἕνεκεν
806 3660 854 3713 oi
910 3661 1153 3731 μαθηταὶ
1221 3662 1529 3717 ἀπεσόϐουν
1577 3662 1647 3718 τὰ
1696 3664 1885 3720 παιδία

304 3747 451 3819 ὅπερ
479 3753 821 3825 προσηνέχθη
848 3755 998 3827 αύτῷ
1023 3757 1114 3810 ἐπὶ
1136 3757 1214 3829 τῷ
1236 3756 1501 3823 εὔξασθαι
1529 3759 1745 3826 αὐτοῖς
1778 3760 1884 3812 Τύ-

306 3858 410 3909 «pou
459 3843 646 3898 ἐνεκεν
670 3862 686 3877 ο
723 3847 886 3912 αὐτὸς
918 3849 977 3903 δὲ
1003 3849 1270 3906 διδάσκων
1315 3853 1515 3916 αὐτοὺς
1569 3853 1884 3926 μετριάζειν

307 3935 403 3986 καὶ⁵
431 3934 600 4004 τῦφον
647 3943 1004 4008 καταπατεῖν,
1036 3941 1305 4014 λαμϐάνει
1335 3944 1430 3998 καὶ
1467 3946 1882 4015 ἐναγκαλίζεται

307 4023 405 4075 καὶ
434 4026 824 4096 προσεύχεταιο
869 4031 962 4085 καὶ
1004 4031 1269 4098 διδάσκει,
1302 4032 1389 4087 ἴνα
1418 4034 1455 4087 ἃ.
1487 4037 1551 4106 τῇ
1584 4035 1745 4104 φύσει
1770 4035 1883 4106 ἔχει

303 4114 377 4168 τά
396 4116 604 4185 παιδία,
636 4121 703 4190 τῇ
733 4121 1053 4193 προαιρέσει
1085 4122 1452 4196 ἐργαζώμεθα
1482 4127 1667 4197 ἡμεῖς.

379 4297 485 4351 Τδν
534 4299 902 4370 προσελθόντα
960 4302 1245 4357 νεανίσκον
1276 4303 1354 4375 τῷ
1382 4304 1608 4376 Χριστῷ
1661 4306 1757 4359 καί
1803 4307 1880 4358 εί-

305 4391 499 4443 πύντα·
553 4390 891 4447 Διδάσκαλε
927 4392 1131 4463 ἀγαθὲ,
1183 4393 1330 4458 τινὲς
1380 4394 1480 4465 μὲν
1529 4394 1606 4458 ὡς
1649 4394 1884 4450 ὓπουλον

1986 3293 2270 3349 violaverit
2298 3294 2382 3348 vir
2412 3294 2465 3348 in
2492 3294 2577 3349 his
2612 3308 2836 3349 uxorem
2868 3292 3211 3358 dimittendo,
3245 3308 3351 3349 non
3395 3308 3557 3362 expe-

1985 3384 2064 3440 dit
2092 3385 2326 3451 nubere;
2357 3384 2526 3440 levius
2556 3383 2699 3439 enim
2729 3392 2813 3440 est
2838 3393 3028 3440 contra
3060 3385 3561 3455 concupiscentiam

1985 3491 2229 3546 pugnare
2256 3484 2311 3531 et
2342 3484 2536 3530 contra
2563 3477 2825 3546 seipsum,
2857 3491 3020 3545 quam
3050 3485 3240 3531 contra
3271 3476 3557 3532 mulierem

1985 3566 2182 3620 malam
2222 3574 2277 3622 et
2305 3566 2645 3637 impudentia
2675 3567 2844 3622 multa
2886 3566 3168 3622 refertam.

2055 3656 2223 3714 Vens.
2256 3658 2344 3715 15.
2372 3658 2543 3724 Quam
2574 3658 2643 3713 ob
2663 3674 2887 3715 causam
2913 3658 3170 3728 discipuli
3203 3658 3561 3730 increpabant

1985 3750 2244 3820 parvulos
2274 3750 2367 3820 qui
2399 3751 2465 3805 ad
2507 3750 2661 3805 illum
2696 3749 3065 3806 aﬂ'erebantur
3097 3761 3157 3805 ut
3181 3750 3288 3807 illis
3338 3753 3561 3807 oraret?

1987 3841 2272 3912 Superbia:
2307 3857 2496 3898 causa.
2524 3841 2617 3897 llle
2646 3850 2828 3897 autem
2870 3843 3073 3898 docens
3101 3857 3195 3899 eos
3224 3843 3560 3899 moderatio-

1984 3948 2109 3989 nem
2156 3942 2209 3988 et
2254 3933 2528 4003 superbia:
2559 3942 2960 4005 contemptum,
3020 3934 3278 4004 parvulos
3334 3937 3561 4006 excipit,

1984 4041 2181 4080 manus
2240 4025 2474 4095 imponit
2522 4035 2579 4082 et
2611 4028 2691 4082 eis
2746 4037 2905 4094 orat;
2976 4029 3137 4084 docet
3209 4029 3419 4095 etiam,
3501 4039 3559 4085 ut

1985 4130 2109 4181 nos,
2144 4117 2290 4187 quod
2324 4127 2519 4174 natura
2550 4120 2764 4190 parvuli
2815 4128 2965 4185 sunt,
3020 4119 3325 4176 intentione
3354 4120 3560 4178 cilicia—

1985 4223 2128 4262 llllll‘.

2058 4295 2220 4354 Vens.
2254 4299 2341 4353 l6.
2368 4299 2726 4355 Accedentem
2753 4300 2817 4355 ad
2842 4300 3120 4355 Christum
3151 4301 3555 4357 adolescentem

1982 4397 2040 4444 et
2064 4389 2336 4444 dicentem
2367 4408 2382 4445 :
2412 4390 2669 4461 Magister
2697 4394 2848 4456 bone,
2895 4392 3119 4460 quidam
3152 4402 3212 4448 ut
3240 4393 3565 4450 dissimula-

304 4482 718 4545 διαϐάλλουσιν,
769 4484 882 4554 ἐγὼ
911 4484 971 4539 δὲ
1011 4487 1311 4557 χρημάτων
1362 4486 1550 4541 δοῦλον
1619 4487 1877 4558 μόνον.ού

1993 4487 2100 4533 tum
2140 4480 2590 4549 reprehendunt;
2627 4496 2729 4553 ego
2756 4490 2942 4537 autem
2993 4483 3309 4539 divitiarum
3337 4501 3556 4541 servum

306 4575 761 4646 παραιτησαίμην
789 4578 965 4631 εἰπεῖν
984 4591 999 4607 ο
1034 4577 1227 4649 ἐπειδὴ
1256 4577 1353 4631 καὶ
1373 4580 1401 4631 ὁ
1426 4578 1662 4649 Χριστὸς
1703 4578 1884 4647 τοιού·

304 4684 403 4720 τον
445 4668 610 4723 αὐτὸν
660 4669 790 4725 ὂντα
836 4670 1033 4741 ἦλεγξε
1059 4687 1074 4702 ·
1123 4672 1248 4724 ἐπεὶ
1300 4672 1393 4725 καὶ
1440 4673 1670 4743 Μάρκος
1710 4672 1882 4742 λέγει,

322 4758 657 4829 Ὲμσλέψας
676 4761 837 4827 αὑτῷ
864 4756 996 4817 οἷον
1015 4762 1337 4833 ἠγάπησεν
1359 4765 1546 4818 αὐτόν
1568 4781 1581 4793 ·
1605 4760 1707 4818 καί
1727 4766 1811 4819 ὅτι
1836 4766 1886 4819 εί

307 4851 469 4905 τοῦτο
508 4848 576 4923 ἦν
598 4892 615 4917 ,
671 4853 941 4925 ἐδήλωσεν
988 4855 1056 4909 ἂν
1088 4855 1251 4919 αὐτὸς
1278 4857 1307 4908 ὁ
1344 4856 1739 4927 εύαγγελιστὴς
1762 4898 1776 4921 ,
1810 4857 1886 4923 ὡς

307 4941 404 4995 ἐπὶ
428 4941 525 4995 τοῦ
558 4942 784 5013 νομικοῦ
808 4945 901 4998 καὶ
926 4944 1153 4999 ἐπὶτῶν
1174 4945 1349 5000 ἄλλων
1370 4962 1387 4978 ο
1420 4946 1516 5000 καὶ
1543 4946 1594 4999 εί
1617 4946 1774 5001 τοῦτο
1795 4943 1884 5019 ἦν,

303 5032 411 5085 οὐκ
454 5031 669 5101 ἀπῆλθε
720 5032 1096 5104 λυπούμενος’
1132 5034 1226 5088 καὶ
1275 5035 1601 5108 ἐλεγχθῆναι
1637 5034 1695 5089 δὲ
1738 5031 1887 5107 εἶχεν

315 5123 595 5193 πειράζων
622 5123 699 5187 ὡς
731 5123 829 5177 καὶ
853 5125 904 5177 oi
937 5123 1109 5178 ἄλλοι.

383 5213 509 5277 Πῶς
530 5214 748 5285 νοητέον
774 5214 856 5279 τὸ,
880 5214 1092 5281 Οὐδείς
1121 5214 1345 5285 ἀγαθὸς
1363 5218 1415 5271 εί
1429 5216 1517 5287 μὴ
1539 5212 1627 5284 εἷς
1648 5220 1681 5273 ὀ
1703 5217 1885 5285 Θεός;

311 5307 389 5377 μή
430 5323 560 5360 ποτε
589 5306 645 5360 δὲ
677 5307 771 5360 καὶ
798 5307 989 5360 ἐαυτὸν
1022 5307 1277 5362 ἐκϐάλλει
1313 5307 1410 5362 τοῦ
1454 5305 1596 5364 εῖναι
1638 5292 1883 5379 ἀγαθόν;

308 5398 539 5470 Πρῶτον
568 5399 668 5469 μὶν
695 5400 795 5471 οὐχ
821 5401 904 5454 δτι
936 5399 1038 5453 οὐκ
1078 5398 1193 5453 ἐστι
1219 5416 1303 5463 τις
1332 5398 1633 5470 ἀνθρώπων
1660 5400 1887 5469 ἀγαθὸς,

304 5492 474 5546 τοῦτο
509 5491 680 5561 λέγει,
709 5492 845 5546 ἀλλὰ
876 5490 1245 5562 παραϐάλλων
1276 5490 1376 5561 τὴν
1398 5488 1493 5543 τοῦ
1513 5489 1651 5544 Θεοῦ
1679 5491 1889 5560 ἀγαθό-

306 5603 455 5658 τητα
481 5588 623 5658 πρὸς
649 5588 799 5658 ἡμᾶς
826 5601 840 5616 ·
882 5585 1073 5640 ἔπειτα
1093 5586 1151 5639 δὲ
1175 5585 1277 5639 οὑκ
1307 5579 1483 5648 εἶπεν,
1506 5584 1589 5638 ὅτι
1628 5585 1743 5638 οὐκ
1770 5587 1889 5657 είμὶ

308 5677 541 5745 ἀγαθὸς,
562 5676 677 5729 ἀλλ’
696 5675 927 5742 Ὀὐδεὶς
942 5674 1270 5747 ἀνθρώπων,
1298 5674 1489 5743 ἐπειδὴ
1512 5674 1588 5737 ὡς
1614 5673 1890 5746 ἀνθρώπῳ

313 5769 467 5846 αὐτῷ
508 5769 679 5839 ψιλῶς
713 5767 987 5841 προσῆλθε
1008 5785 1020 5798 ⁸
1061 5767 1221 5822 τοῦτο
1258 5766 1407 5837 λέγει
1445 5764 1613 5837 δῆθεν
1638 5766 1729 5820 καὶ
1758 5766 1886 5839 περὶ

1989 4573 2371 4628 tantummodo
2396 4587 2501 4627 non
2530 4572 2815 4629 abnuerim
2846 4574 3031 4629 dicere
3062 4592 3076 4629 :
3109 4576 3369 4645 quoniam
3398 4576 3559 4632 ϐίη-ἰ-

1987 4672 2108 4720 slus
2135 4664 2296 4718 talem
2332 4662 2484 4719 illum
2514 4678 2636 4720 esse
2665 4666 3057 4731 pronuntiavit.
3092 4664 3228 4721 Nam
3262 4675 3318 4722 et
3339 4669 3560 4727 Marcus

1988 4755 2142 4820 dicit,
2191 4753 2415 4811 lntuem
2469 4771 2587 4811 eum
2632 4755 2821 4811 dilexit
2866 4773 3006 4812 eum.
3043 4756 3109 4813 Et
3142 4758 3189 4815 si
3221 4758 3355 4817 illud
3398 4760 3558 4829 foret,

1988 4846 2341 4919 patefecisset
2386 4848 2500 4918 ipse
2545 4849 2903 4920 evangelista,
2934 4860 2993 4905 ut
3028 4851 3083 4905 in
3117 4851 3252 4924 legis
3296 4853 3474 4923 perito
3506 4867 3562 4911 et

1988 4940 2144 5005 aliis;
2168 4939 2212 4995 si
2242 4939 2375 4994 illud
2411 4939 2569 5005 foret,
2600 4956 2707 4996 non
2741 4941 2967 4998 abi’isset
2991 4944 3200 5009 tristis;
3229 4954 3284 5001 et
3313 4947 3561 5003 accusari

1990 5033 2281 5090 meruisset
2314 5041 2373 5087 ut
2400 5040 2644 5089 tentator
2672 5035 2820 5090 velut
2853 5036 3077 5107 quidam
3118 5038 3233 5095 alii.

2061 5212 2229 5269 Vens.
2265 5212 2351 5268 17.
2380 5211 2667 5279 Quomodo
2712 5214 3149 5287 intelligendum,
3183 5216 3353 5274 Nemo
3396 5221 3560 5275 bonus

1991 5306 2096 5360 nisi
2150 5305 2295 5359 solus
2328 5303 2520 5358 Deus?
2547 5320 2730 5360 nonne
2770 5305 3025 5362 fortassis
3054 5309 3123 5363 de
3150 5324 3211 5365 se
3248 5309 3368 5380 ipso
3399 5323 3562 5379 negat

1988 5412 2114 5453 esse
2153 5411 2213 5453 se
2251 5394 2499 5451 bonum?
2562 5394 2808 5451 Primum
2864 5398 3108 5467 quidem,
3139 5414 3248 5454 non
3287 5402 3436 5470 quod
3490 5405 3565 5459 sit

1990 5488 2175 5544 nullus
2206 5486 2371 5542 homo
2398 5486 2602 5551 bonus,
2636 5488 2741 5543 hoc
2773 5488 2925 5555 dicit,
2960 5490 3055 5544 sed
3090 5489 3304 5546 confert
3337 5490 3428 5548 Dei
3459 5494 3560 5551 bo-

1992 5580 2219 5636 nitatem
2251 5593 2377 5634 cum
2432 5589 2621 5635 nostra
2650 5596 2666 5647 ;
2702 5579 2899 5637 deinde
2931 5596 3039 5635 non
3070 5582 3227 5649 dixit,
3279 5582 3399 5640 Non
3437 5601 3560 5642 sum

1992 5673 2192 5737 bonus,
2230 5671 2325 5728 sed
2379 5686 2541 5727 nemo
2596 5671 2902 5737 hominum,
2949 5674 3211 5740 quoniam
3268 5676 3369 5732 iste
3401 5687 3462 5734 ut
3493 5681 3563 5733 ad

1992 5765 2268 5825 hominem
2320 5778 2532 5822 merum
2572 5764 2640 5823 ad
2680 5764 2841 5820 illum
2884 5776 3209 5824 accesserat.
3260 5768 3375 5827 Hoc
3417 5770 3564 5828 dixit
