3984 6204
560 305 700 372 1139

1270 306 1661 367 OPUSCULA
1703 307 2339 369 SCRIPTURISTICA
2382 308 2734 369 INCERT/E
2773 307 3079 372 )ETATIS.
3600 314 3695 384 mo

557 437 690 479 sane
717 420 784 475 de
813 419 995 492 scipso
1027 435 1265 491 quoque.
1305 420 1443 475 Illud
1474 430 1678 485 autem,
1726 420 1848 487 Vos,
1872 423 1992 476 licet
2018 423 2130 477 sitis

2119 441 2135 477 ι
2166 435 2209 488 Α
2242 422 2472 476 ἑαυτοῦ⁸
2513 424 2723 477 τοιοῦτο
2759 424 2815 480 δὲ
2849 425 2963 489 καὶ,
3012 424 3080 477 Ei
3118 422 3285 493 ὑμεῖς
3331 426 3543 496 πονηροὶ
3580 432 3692 501 ὄντες

558 508 723 579 mali,
778 515 944 567 nostis
1005 512 1138 567 bona
1191 513 1350 577 dare,
1398 528 1506 567 non
1560 513 1808 568 omnium
1866 514 2133 569 malitiam

559 607 760 678 arguit,
793 606 884 662 sed
918 606 1201 662 hominum
1254 605 1555 661 bonitatem
1594 622 1719 662 cum
1753 606 1846 661 Dei
1890 607 2136 663 bonitate

561 695 794 751 confert.

629 787 792 843 Vens.
830 787 922 842 23.
955 787 1065 843 Cur
1094 787 1160 843 ad
1192 788 1493 859 discipulos
1520 790 1774 859 loquens,
1806 804 1930 845 cum
1969 790 2136 844 abiis-

558 891 638 937 set
658 876 763 949 qui
796 881 1246 951 interrogaverat,
1296 881 1551 937 Christus
1581 883 1713 937 dicit
1740 883 1820 937 eis
1850 898 1959 937 non
1990 891 2138 937 certe

557 974 839 1039 divitibus,
896 974 1027 1044 quia
1074 974 1228 1030 dives
1263 973 1484 1032 difﬁcile
1538 975 1765 1030 intrabit
1803 975 1856 1030 in
1910 990 2132 1046 regnum

557 1065 693 1121 Dei?
750 1063 818 1119 Ut
871 1075 1119 1121 moneret
1169 1081 1265 1123 eos
1334 1082 1445 1121 non
1510 1075 1884 1138 paupertatem
1936 1068 2134 1122 erube-

557 1172 731 1212 scere.

631 1264 796 1321 Vsus.
825 1266 917 1322 25.
950 1268 1086 1322 Cum
1143 1282 1415 1338 pauperes
1464 1277 1672 1332 essent,
1730 1269 2005 1338 quomodo
2054 1269 2135 1322 di-

558 1368 714 1425 cunt,
764 1358 898 1424 Quis
951 1376 1074 1430 ergo
1128 1363 1317 1430 poterit
1368 1362 1543 1415 salvus
1592 1361 1759 1415 esse?
1809 1360 1945 1432 Erga
1998 1361 2136 1417 alios

560 1447 837 1514 homines,
912 1466 1106 1519 nempe
1167 1450 1416 1506 dolentes
1456 1460 1716 1521 tanquam
1773 1466 1900 1522 erga
1937 1460 2135 1508 semet-

560 1540 731 1606 ipsos.

632 1631 797 1687 Vens.
831 1631 919 1686 28.
957 1631 1217 1687 Sedebitis
1267 1648 1425 1702 super
1457 1632 1600 1687 sedes
1634 1634 1930 1700 duodecim,
1990 1635 2131 1691 idem

557 1729 642 1775 est
692 1736 757 1775 ac
808 1719 1412 1790 Conglorifieahimini;
1448 1721 1779 1790 judicantes,
1848 1738 1947 1791 pro
1996 1739 2131 1778 con-

559 1813 899 1868 demnantes.
948 1811 1066 1868 Non
1116 1814 1262 1868 enim
1300 1824 1446 1869 certe
1488 1814 1701 1883 iudices
1741 1830 1864 1870 esse
1895 1816 2128 1883 debent;

559 1919 687 1958 nam
753 1905 806 1958 in
863 1904 1375 1961 condemnationem
1448 1907 1758 1962 concivium
1808 1916 1990 1973 erunt,
2040 1908 2133 1977 qui

556 1996 932 2052 crediderunt.

626 2108 785 2165 Vens.
821 2110 911 2164 ‘29.
962 2108 1071 2175 Qui
1100 2109 1371 2181 reliquerit
1421 2126 1664 2179 uxorem,
1721 2123 1853 2179 etc.,
1890 2129 1999 2168 non
2049 2114 2135 2169 di-

557 2200 797 2255 vortium
827 2203 896 2256 ab
920 2201 1185 2256 uxoribus
1238 2202 1471 2267 inducit,
1514 2204 1608 2259 sed
1645 2204 1823 2260 simile
1853 2217 1936 2261 est
1983 2207 2131 2271 huic,

557 2292 663 2357 Qui
716 2296 885 2362 perdit
938 2295 1172 2347 animum
1213 2311 1390 2360 suout,
1432 2296 1657 2350 inveniet
1695 2312 1848 2363 eam;
1879 2308 1938 2353 ut
1964 2298 2016 2351 in
2051 2299 2134 2352 his

555 2399 678 2453 qua:
724 2386 1108 2455 persequimur
1159 2386 1477 2457 religionem
1519 2402 1631 2457 pne
1666 2403 1859 2455 uxore,
1888 2390 2054 2445 domo
2079 2398 2134 2444 et

555 2476 751 2532 amicis
780 2475 1169 2545 prmferamus;
1212 2478 1295 2532 vel
1340 2478 1562 2548 quando
1591 2493 1730 2533 uxor
1757 2479 1990 2536 inﬁdelis
2026 2490 2131 2549 est,

554 2574 651 2620 aut
695 2567 793 2632 vir,
846 2573 976 2622 tunc
1004 2567 1075 2623 ob
1109 2568 1428 2634 religionem
1486 2568 1785 2624 divortium
1821 2570 1899 2637 fit,
1944 2572 1989 2627 si
2024 2588 2131 2627 non

556 2670 734 2731 potest
768 2661 858 2715 illa
886 2661 1192 2717 emendari.
1232 2662 1311 2717 ita
1345 2662 1543 2718 Paulus
1589 2662 1765 2719 dixit:
1798 2662 1859 2719 Si
1898 2666 2131 2733 inﬁdelis

553 2762 855 2823 separatur,
891 2764 1190 2823 separetur.

624 2940 791 2997 Vnns.
822 2942 910 2999 30.
944 2942 1105 2997 Multi
1133 2953 1286 2998 erunt
1317 2946 1606 3009 novissimi,
1650 2944 1847 3013 primi;
1876 2953 1923 2999 et
1948 2944 2129 3015 primi,

554 3036 847 3101 novissimi,
883 3035 949 3090 de
977 3033 1180 3092 Iudaeis
1208 3044 1262 3091 et
1287 3036 1523 3092 ethnicis
1557 3036 1775 3092 dicitur.

1153 3184 1382 3240 CAPUT
1430 3185 1546 3242 XX.

625 3327 791 3383 Vens.
820 3328 871 3382 l.
905 3326 978 3384 De
1008 3328 1275 3399 cperariis
1307 3328 1607 3398 intelligere
1631 3338 1870 3400 oportet,
1912 3329 2127 3384 vineam

554 3435 677 3476 esse
734 3421 952 3475 virtutis
1003 3421 1418 3487 operationem;
1479 3431 1697 3492 tempus
1770 3421 2127 3492 operationis,

554 3512 697 3568 hanc
729 3520 1052 3583 praesentem
1084 3512 1247 3567 vitam
1273 3530 1288 3579 ;
1339 3513 1623 3583 Operarios
1652 3523 1831 3569 autem
1860 3514 2128 3578 diversos,

556 3600 807 3656 homines
851 3601 1192 3656 diversarum
1233 3611 1475 3656 aetatum.
1519 3602 1671 3667 Quod
1727 3611 1907 3657 autem
1958 3601 2127 3671 aliqui

554 3701 964 3747 murmurantes
1019 3691 1368 3757 inducantur,
1430 3707 1541 3747 non
1596 3701 1855 3762 putemus
1908 3704 2129 3749 sanctos

554 3784 812 3840 invidiam
843 3785 953 3839 illic
1000 3785 1323 3853 concipere;
1361 3799 1484 3839 nam
1538 3785 1647 3839 illic
1691 3786 1872 3839 omnia
1927 3785 2127 3840 invidia

555 3886 765 3934 carent.
811 3876 914 3932 Sed
967 3892 1076 3931 non
1121 3892 1311 3932 omnes
1353 3878 1625 3947 parabolae
1661 3888 1844 3947 partes
1870 3879 2127 3948 explicari

554 3969 775 4032 debent,
828 3968 1083 4039 parabola
1122 3967 1268 4023 enim
1308 3978 1421 4035 est;
1460 3968 1551 4024 sed
1606 3984 1729 4039 quae
1790 3968 2018 4024 tendunt
2063 3970 2129 4024 ad
2167 4001 2171 4005 ο

555 4061 849 4129 aptandum
875 4061 1157 4132 proposito
1184 4060 1442 4115 invidiam
1485 4060 1565 4116 vel
1601 4072 1979 4133 exaggeratam
2012 4063 2131 4133 ejus

557 4153 649 4224 qui
683 4153 1006 4208 beneﬁcium
1044 4152 1276 4223 accepit,
1306 4152 1652 4208 solummodo
1692 4152 1899 4209 inducit
1929 4169 2127 4210 sermo.

630 4261 855 4318 Vineam
882 4261 973 4317 Dei
1000 4271 1269 4333 praecepta
1310 4272 1364 4318 et
1389 4278 1488 4318 sua
1513 4264 1768 4320 mandata
1800 4264 1965 4332 dicit;
1991 4274 2132 4321 tem-

554 4373 658 4428 pus
673 4357 1027 4427 operationis,
1041 4364 1362 4428 praesentem
1385 4357 1574 4424 vitam;
1591 4358 1877 4428 operarios
1889 4359 2134 4415 diversos

556 4442 781 4507 voeatos
802 4449 869 4504 ad
893 4449 1145 4504 mandata
1174 4448 1444 4516 implenda
1468 4449 1614 4503 circa
1634 4448 1873 4514 tertiam,
1898 4457 2130 4510 sextam,

560 4557 762 4596 nonani
801 4550 858 4597 et
900 4542 1245 4596 undecimam
1278 4540 1492 4605 horam,
1526 4540 1777 4596 homines
1812 4540 1867 4595 in
1901 4539 2135 4597 diversis

558 4632 809 4689 aetatibus
836 4632 1158 4687 accedentes
1192 4640 1244 4685 ct
1270 4630 1554 4700 praemium
1590 4630 1952 4699 acquirentes.

637 4811 804 4869 Vens.
842 4815 895 4868 ’5.
946 4811 1102 4877 Quod
1156 4818 1418 4865 vocentur
1458 4808 1640 4873 tertia,
1680 4819 1855 4873 sexta,
1896 4820 1951 4864 et
1995 4826 2134 4866 nona

562 4909 719 4968 hora,
771 4919 877 4958 non
928 4901 1339 4973 praeiudicantis
1388 4910 1474 4956 est
1526 4901 1748 4970 injuste,
1787 4901 1878 4956 sed
1934 4916 2137 4972 cogno-

561 4999 767 5056 scentis
819 4995 965 5063 quod
993 4994 1048 5050 hi
1085 4994 1315 5049 debeant
1368 4993 1470 5064 ipsi
1515 4994 1914 5065 obtemperare.
1949 4993 2040 5050 Sic
2081 5005 2136 5051 et

563 5089 766 5146 Paulus
794 5103 901 5142 non
946 5088 1000 5141 in
1044 5085 1212 5141 initiis
1243 5085 1347 5141 fuit
1374 5095 1619 5146 vocatus.
1644 5088 1738 5140 sed
1784 5087 2006 5155 quando
2036 5086 2130 5142 de-

560 5180 680 5235 buit
714 5177 956 5233 obedire.
996 5175 1153 5241 Quod
1209 5183 1389 5230 autem
1450 5175 1681 5231 voluerit
1743 5175 1797 5230 in
1868 5176 2135 5247 principio

563 5272 891 5338 conducere,
922 5268 1054 5324 dicit
1083 5268 1248 5323 etiam
1278 5266 1557 5337 parabola,
1584 5267 1712 5336 quia
1751 5266 1887 5322 exiit
1923 5269 2134 5323 condu-

561 5381 720 5431 cere;
754 5373 807 5419 et
839 5364 984 5433 quod
1034 5361 1138 5417 iste
1175 5360 1407 5415 voluerit
1458 5362 1727 5427 conduci,
1783 5360 1938 5429 dicit,
1976 5376 2136 5417 nemo

565 5470 664 5511 nos
690 5453 975 5511 conduxit.

632 5560 796 5617 Vens.
835 5562 917 5617 t6.
967 5560 1121 5627 Quod
1149 5558 1436 5615 confestim
1488 5566 1611 5628 post
1647 5558 1964 5628 parabolam
1994 5557 2131 5613 dici-

560 5662 673 5715 tur,
700 5650 780 5707 sic
799 5660 960 5706 erunt
980 5650 1263 5716 novissimi
1289 5648 1475 5720 primi,
1502 5663 1607 5705 non
1638 5650 1897 5705 admirari
1920 5657 2137 5719 oportet

561 5752 819 5817 tanquam
846 5754 954 5807 non
995 5757 1058 5796 ex
1088 5740 1345 5810 parabola
1375 5754 1755 5810 consequens,
1799 5740 1892 5797 sed
1936 5739 2134 5796 intelli-

2237 514 2436 569 οἴδατε
2462 520 2475 578 ζ
2499 514 2751 578 διδόναι,
2791 516 2853 568 ού
2902 516 3118 569 πάντων
3172 515 3422 586 πονηρίαν
3463 528 3697 593 κατηγορεῖ,

2235 606 2372 659 ἀλλὰ
2402 608 2500 678 τὴν
2528 607 2585 660 ὲν
2612 606 2921 677 ἀνθρώποις
2946 607 3258 679 ἀγαθότητα
3286 609 3348 679 τῇ
3369 606 3457 660 τοῦ
3479 608 3587 664 Θεοῦ
3604 613 3699 681 ἀγα-

2239 695 2365 767 θότη
2374 714 2424 750 τι
2455 698 2839 767 παραϐάλλων.

2307 788 2406 841 Διὰ
2434 786 2487 840 τί
2511 786 2648 858 πρὸς
2677 787 2803 850 τοὺς
2853 786 3123 858 μαθητὰς,
3172 787 3476 854 ἀπελθόντος
3494 790 3570 844 τοῦ
3598 794 3702 863 ἐρω-

2235 878 2521 949 τήσαντος,
2557 881 2586 932 ό
2614 878 2847 949 Χριστὸς
2889 878 3038 947 λέγει
3083 879 3352 944 πλουσίοις
3393 881 3459 952 μὴ
3482 881 3596 944 οὖσι,
3624 883 3705 948 πῶς

2235 968 2512 1034 δυσκόλως
2560 969 2815 1034 πλούσιος
2862 969 3229 1024 εἰσελεύσεται
3258 972 3333 1034 εἰς
3377 972 3465 1042 τὴν
3501 971 3704 1041 βασιλείαν

2235 1060 2331 1114 τοῦ
2388 1061 2562 1129 Θεοῦς
2634 1062 2912 1117 Παιδεύων
2980 1062 3177 1127 αὐτοὺς
3226 1063 3299 1133 μὴ
3332 1064 3703 1137 ⁸ιιιίσχύνισθτιιιτῇ

2237 1152 2420 1224 πενίᾳ.

2319 1260 2470 1316 Ἐπεί
2503 1262 2734 1332 πένητες
2773 1259 2937 1335 ἦσαν,
2966 1263 3084 1329 πῶς
3114 1264 3376 1333 λέγουσιν,
3426 1266 3509 1332 Τίς
3536 1266 3623 1335 ἄρα
3640 1267 3706 1320 δύ-

2235 1371 2409 1409 ναται
2446 1356 2756 1423 σωθῆναι;
2806 1357 2979 1428 ’Υπὲρ
3026 1357 3136 1411 τῷν
3164 1357 3335 1411 ἄλλων
3374 1357 3627 1429 ἀνθρώπων
3644 1360 3708 1411 ἀλ·-

2236 1444 2460 1514 γοῦντες
2489 1441 2564 1510 ὧς
2588 1446 2730 1517 ὑπὲρ
2760 1447 2965 1501 αὐτῶν.

2304 1628 2400 1695 Τὸ,
2430 1628 2783 1696 Καθήσεσθε
2813 1628 2912 1683 ἐπὶ
2957 1628 3188 1684 δώδεκα
3224 1632 3456 1699 θρόνων,
3498 1631 3597 1685 ἀντὶ
3629 1632 3707 1697 τοῦ,

2236 1720 2737 1791 Συνδοξασθήσεσθε
2766 1734 2782 1751 ’
2829 1720 2892 1775 τδ
2932 1722 2989 1775 δὲ
3012 1763 3029 1788 ,
3102 1724 3439 1791 κρίνοντες,
3484 1724 3581 1776 ἀντὶ
3616 1723 3707 1787 τοῦ,

2235 1813 2656 1884 κατακρίνοντες
2681 1831 2696 1845 ·
2728 1814 2789 1868 ού
2812 1814 2920 1885 γὰρ
2952 1815 3016 1885 δὴ
3039 1815 3293 1869 δικασταὶ
3324 1814 3575 1885 μέλλουσιν
3592 1812 3706 1870 εἶναι·

2238 1904 2319 1967 είς
2351 1903 2459 1976 γὰρ
2510 1906 2837 1978 κατάκρισιν
2864 1905 2974 1960 τῶν
3018 1905 3308 1977 ὁμοφύλων
3334 1908 3378 1959 οί
3407 1906 3709 1969 πιστεύσαντες

2236 1995 2468 2049 ἔσονται.

2306 2107 2399 2172 Τὸ,
2437 2107 2647 2175 Ὅστις
2700 2110 2941 2179 ἀφῆκεν
2980 2114 3255 2182 γυναῖκα,
3290 2114 3322 2185 ἢ
3355 2115 3461 2168 τόδε
3490 2116 3517 2188 ἢ
3545 2115 3648 2179 τόδε,
3669 2113 3708 2165 οὗ

2235 2198 2508 2265 διάζευξιν
2554 2201 2765 2270 είσάγει
2793 2203 2902 2254 τῶν
2936 2205 3241 2272 γυναικῶν,
3274 2206 3381 2259 ἀλλ’
3426 2205 3578 2275 ὅμοιόν
3611 2207 3708 2257 ἐστιν

2235 2287 2332 2357 τῷ,
2375 2288 2439 2341 '0
2466 2288 2773 2355 ἀπολέσας
2808 2290 2919 2357 τὴν
2950 2292 3169 2361 ψυχὴν
3193 2293 3391 2358 αὐτοῦ,
3418 2293 3617 2361 εὑρήσει
3637 2294 3707 2344 aiio

2234 2378 2386 2445 τήν-ο
2430 2379 2516 2432 ἵνα
2550 2382 2908 2453 προτιμῶμεν
2955 2385 3013 2437 ἐν
3060 2387 3176 2449 τοῖς
3217 2386 3459 2456 διωγμοῖς
3496 2384 3576 2455 τὴν
3605 2382 3706 2435 aimi-

2234 2468 2411 2533 ϐειαν,
2462 2471 2602 2542 ὑπὲρ
2640 2476 2877 2542 γυναῖκα
2907 2475 3000 2528 καὶ
3036 2475 3219 2541 οἰκίας
3253 2477 3343 2529 καὶ
3378 2474 3707 2545 censoriam

2234 2560 2373 2633 γυνὴ
2398 2562 2625 2626 ἄπιστός
2651 2564 2800 2618 ἔστιν
2820 2566 2851 2635 ἢ
2873 2565 3033 2636 ἀνὴρ.
3063 2567 3185 2621 τότε
3210 2567 3276 2620 δι’
3298 2566 3548 2620 εὐσέϐειαν
3565 2562 3707 2629 διαζεύ-

2234 2667 2447 2720 γνυται,
2479 2652 2527 2704 εί
2557 2653 2632 2722 μὴ
2661 2653 2886 2707 δύναται
2916 2653 3212 2727 διορθῶσαι
3243 2658 3334 2710 καὶ
3378 2656 3553 2726 αὑτήν·
3585 2650 3707 2711 καθὼς

2235 2743 2330 2796 καὶ
2350 2742 2562 2807 Παῦλος
2590 2744 2778 2815 ἔλεγεν
2804 2763 2818 2777 θ
2848 2748 2896 2800 εί
2926 2746 2982 2799 δὲ
3004 2748 3034 2799 ὁ
3063 2748 3289 2813 ἄπιστος
3313 2747 3582 2818 χωρίζεται,
3600 2758 3708 2813 χωρι-

2236 2834 2431 2899 ζέσθω.

2306 2927 2349 2979 Τ
2353 2926 2400 2991 δ,
2434 2928 2654 2982 Πολλοὶ
2688 2927 2930 2983 ἔσονται
2958 2932 3235 3001 ἔσχατοι,
3260 2931 3489 3000 πρῶτοι·
3511 2928 3588 2983 καί
3610 2924 3709 2995 apti);

2235 3035 2346 3087 τοι,
2379 3020 2650 3089 ἔσχατοι,
2700 3021 2989 3087 Ἰουδαίους
3022 3025 3125 3079 καὶ
3163 3025 3396 3089 ὲθνικοὺς
3421 3023 3562 3092 λέγει.

2838 3168 3098 3236 ΚΕΦΔᾹ.
3131 3167 3215 3226 ις’.

2307 3314 2443 3384 Περὶ
2501 3313 2608 3368 τῶν
2655 3313 2903 3385 ἐργατῶν
2960 3315 3074 3388 χρὴ
3128 3318 3299 3381 νοεῖν,
3343 3310 3601 3384 ἀμπελῶνα
3642 3306 3707 3374 τὴν

2235 3405 2501 3475 ἐργασίαν
2542 3405 2642 3476 τῆς
2694 3406 2896 3478 ἀρετῆς
2922 3423 2935 3438 ·
2994 3407 3192 3478 χρόνον
3245 3410 3337 3477 τῆς
3376 3406 3609 3476 ἐργασίας,
3647 3398 3707 3451 τὸν

2235 3497 2480 3567 παρόντα
2515 3496 2630 3567 βίον
2655 3513 2669 3528 ·
2698 3497 2937 3566 ἐργάτας
2963 3496 3019 3549 δὲ
3047 3498 3357 3569 διαφόρους,
3379 3498 3491 3558 τοὺς
3515 3496 3561 3546 έν
3579 3489 3707 3557 itaqu}-

2236 3603 2351 3658 ροις
2376 3586 2619 3657 ἡλικίαις
2641 3603 2655 3617 ι
2688 3587 2749 3640 τὸ
2778 3586 2835 3641 δὲ
2865 3587 3113 3657 εἰσάγειν
3150 3587 3495 3657 γογγύζοντάς
3519 3577 3705 3643 τιναςνοῦ

2233 3678 2534 3749 νομίσομεν
2578 3678 2765 3747 ἁγίους
2812 3679 3028 3749 φθονεῖν
3058 3680 3301 3735 ἐκεῖθενσ
3337 3676 3525 3745 καθαρά
3559 3674 3640 3742 γὰρ
3665 3669 3707 3721 τὶ

2236 3769 2446 3823 ἐκεῖθεν
2498 3770 2726 3838 φθόνου·
2778 3770 2915 3824 ἀλλά
2960 3772 3029 3825 τὰ
3087 3773 3185 3843 τῆς
3236 3768 3520 3842 παραϐολῆς
3556 3764 3602 3817 οὗ
3639 3758 3707 3830 ι.οὴ

2236 3862 2417 3916 πάντα
2455 3862 2667 3932 ζητείν⁹
2719 3862 3007 3934 παραϐολὴ
3062 3865 3171 3936 γάρ
3200 3866 3369 3918 ἐστιν.
3417 3860 3476 3913 τὰ
3494 3857 3539 3911 δὲ
3563 3850 3706 3906 “me-

2235 3972 2394 4008 νοντα
2451 3956 2589 4025 πρὸς
2641 3956 2844 4009 σκοπδν
2901 3956 3065 4026 μόνον
3132 3954 3416 4027 δρέπεσθαι
3461 3951 3537 4004 τὸν
3573 3945 3706 4015 φθόνον

2237 4046 2331 4100 καὶ
2373 4048 2451 4110 εἰς
2509 4046 2819 4118 ὑπερϐολὴν
2868 4046 2961 4100 τοῦ
3018 4046 3456 4118 εύεργετηθέντος
3514 4032 3704 4103 είσάγειέ

2235 4140 2414 4208 λόγος.

2320 4249 2645 4319 Ἀμπελῶνα
2681 4250 2752 4304 τὰ
2803 4251 3158 4321 ἐπιτάγματα
3202 4249 3295 4303 τοῦ
3332 4245 3455 4302 Θεοῦ
3498 4243 3616 4309 λέγει
3644 4249 3703 4287 ut

2236 4341 2335 4404 τὰς
2383 4340 2604 4405 ἐντολὰς
2651 4341 2856 4395 αὑτοῖν
2900 4343 3094 4413 χρόνον
3136 4343 3192 4395 δὲ
3234 4341 3326 4410 τῆς
3375 4333 3607 4409 ἐργασίας,
3646 4324 3703 4376 τδν

2240 4433 2483 4503 παρόντα
2520 4431 2664 4502 βίον·
2715 4432 2955 4504 ἐργάτας
3003 4433 3059 4486 δὲ
3110 4433 3390 4503 διαφόρους
3432 4419 3702 4489 καλουμένους

2239 4525 2332 4577 ἐπὶ
2362 4524 2431 4577 τὰ
2462 4525 2860 4595 προστάγματα
2887 4525 3011 4597 περὶ
3034 4526 3223 4597 τρίτην
3247 4527 3335 4577 καὶ
3353 4522 3498 4589 ἕκτην
3518 4505 3703 4568 κσὶὲννά-

2239 4634 2338 4688 την
2364 4615 2511 4687 ὥραν
2536 4618 2631 4669 καὶ
2666 4617 2981 4688 ἑνδεκάτην,
3015 4620 3143 4681 τοὺς
3171 4618 3227 4671 έν
3253 4613 3503 4684 διαφόροις
3534 4598 3701 4675 ἡλικίαις

2239 4709 2638 4779 προσελθόντας
2666 4710 3159 4780 εὐδοκιμήσαντας.

2294 4798 2368 4851 Τὸ
2398 4799 2824 4870 προσκαλεῖσθαι
2857 4803 2947 4852 τὸν
2990 4800 3088 4869 μὲν
3130 4797 3338 4869 τρίτην,
3373 4794 3454 4845 τὸν
3485 4789 3530 4841 δὲ
3572 4784 3700 4870 ἐκτηγι

2236 4891 2327 4946 τὸν
2358 4891 2415 4945 δὲ
2442 4866 2693 4961 έννάτην,
2717 4893 2777 4946 ού
2799 4866 3184 4964 προκρίνοντός
3211 4892 3351 4943 ἐστιν
3378 4884 3565 4972 ἀδίκως.
3594 4866 3687 4972 (illi

2238 4972 2597 5051 γινώσκοντος
2638 4984 2726 5035 ὅτε
2756 4981 2979 5052 ἔμελλον
3013 4978 3318 5035 ὑπακοῦσαι
3370 4968 3499 5037 αὐτῷ
3523 4982 3534 4995 ’
3583 4964 3699 5058 WE”:

2240 5077 2334 5129 καὶ
2384 5076 2413 5129 ό
2469 5074 2681 5138 Παῦλος
2734 5073 2837 5127 οὐκ
2884 5077 2947 5127 ὲκ
3003 5070 3301 5143 προοιμίων
3347 5060 3585 5149 ὲκέκληῖοξ
3622 5059 3695 5149 3*:

2237 5171 2323 5223 ὅτε
2343 5167 2565 5238 ἔμελλεν
2586 5135 2973 5237 πεισθήσεσθαι
2992 5183 3005 5196 ·
3036 5135 3120 5219 δτι
3168 5135 3251 5216 δὲ
3283 5159 3469 5215 πάντας
3494 5135 3695 5245 hihi“

2239 5234 2413 5332 ἀρχῆς
2459 5234 2854 5331 μισθώσασθαι,
2934 5256 3080 5325 λέγει
3145 5251 3312 5320 καὶὴ
3376 5234 3693 5332 “Fami?

2250 5316 2543 5421 ’ὲὲίῖἰῖδεν
2582 5351 2687 5405 τοῦ
2702 5316 3148 5421 μισθώσασθαι.
3169 5345 3257 5399 καὶ
3281 5316 3357 5397 δτι
3376 5337 3546 5392 ἐκεῖνος
3567 5316 3692 5392 ἢθελεν

2242 5443 2581 5516 μισθωθῆναι
2643 5443 2828 5512 λέγει*
2872 5438 3080 5505 Οὐδεὶς
3097 5436 3253 5508 ἡμᾶς
3275 5424 3603 5503 ἐμισθώσατο.

2294 5553 2369 5609 Τὸ
2414 5553 2577 5615 εὐθὺς
2625 5550 2763 5620 μετὰ
2810 5549 2912 5622 τὴν
2984 5543 3294 5617 παραϐολὴν
3348 5517 3689 5622 “ﬂumen-5“-

2243 5646 2439 5713 Οὕτως
2455 5610 2700 5700 ἔσονται
2725 5646 2781 5698 οι
2795 5610 3041 5713 ἔσχατοι
3068 5610 3302 5710 πρῶτοι,
3322 5632 3376 5686 ού
3391 5629 3461 5683 δεῖ
3478 5610 3688 5713 θαυιξάῖεξν

2445 5698 2807 5808 ὧνίιγόμενον
2828 5698 3006 5807 tat-ti};
3039 5698 3357 5802 παραϐολῆς,
3383 5716 3497 5776 ἀλλᾶ
3521 5710 3583 5766 δεῖ
3597 5698 3685 5755 νοεῖν
