3920 6206
259 235 391 300 illi

1249 244 1568 306 SCHOLIA
1610 249 1906 312 VETERA
1951 251 2027 309 IN
2070 211 2537 311 MA'I'I‘HIEUM.

3374 254 3507 320 1142

252 351 333 403 ὅτι
356 349 547 421 ὥσπερ
565 349 720 404 τοῦτο
750 351 1190 425 συνέϐη,”φησὶν,
1216 354 1387 420 οὕτως
1415 359 1638 412 κάκεῖνο
1672 362 1830 430 γενή-

1949 375 2063 430 gere
2111 358 2260 430 quia,
2294 360 2436 415 sicut
2468 358 2603 414 illud
2633 360 2853 427 accidit,
2900 362 2983 417 sic
3032 371 3084 418 et
3132 363 3235 418 hoc
3292 380 3511 436 quoque

254 457 429 496 σεται.

319 532 441 603 Χρὴ
472 532 673 588 είδέναι
734 536 819 588 ὅτι
844 535 899 588 al
948 536 1256 608 παρασολαὶ
1290 530 1451 594 αὗται
1505 536 1618 595 οἷον
1651 544 1684 614 ή
1719 542 1830 596 τῶν

253 622 563 690 παρθένων,
591 625 624 695 ή
655 625 753 695 τῆς
779 626 1040 698 σαγήνης,
1099 630 1132 699 ή
1182 630 1291 683 τῶν
1345 631 1621 700 ἀκανθῶν,
1667 636 1701 704 ή
1732 633 1829 689 τοῦ

252 711 470 781 δένδρου
516 712 613 767 τοῦ
654 715 929 787 ἀκάρπου,
960 718 1061 789 τὴν
1090 721 1199 775 ἀπὸ
1243 722 1353 777 τῶν
1395 722 1573 795 ἔργων
1627 726 1831 799 ἀρετὴν

252 802 623 875 ἐπιζητοῦσιν.

321 918 421 972 Διὰ
444 918 500 971 τί
536 920 679 989 μετὰ
706 922 977 995 τοσαύτης
1034 910 1353 995 περιουσίας
1404 930 1499 983 νῦν
1558 932 1831 987 ἐπιϐαίνει

254 1010 364 1072 τοῖς
402 1007 830 1082 Ἰεροσολύμοιςς
874 1014 1027 1069 Ἐπεὶ
1071 1015 1194 1070 τότε
1257 1020 1357 1088 μὲν
1434 1022 1701 1093 προοίμια
1756 1019 1828 1096 ἦν

255 1100 589 1173 οἰκονομίας,
613 1102 707 1158 νῦν
755 1105 811 1158 δὲ
832 1106 923 1160 ὅτε
949 1106 1050 1177 τῆς
1074 1108 1241 1162 αὐτοῦ
1287 1111 1573 1181 δυνάμεως
1632 1118 1832 1188 πεῖραν

254 1191 445 1257 ιδωκε,
473 1195 611 1264 μετὰ
639 1195 884 1261 πλείονος
906 1201 1265 1269 περιφανείας
1294 1202 1511 1273 ἔρχεται
1532 1221 1546 1235 ⁸
1582 1207 1707 1260 ἐπεὶ
1737 1210 1832 1262 καὶ

252 1287 283 1338 δ
312 1287 543 1357 σταυρὸς
570 1290 627 1341 ἐν
657 1288 850 1360 θύραις
881 1286 972 1363 ἦν,
1002 1292 1073 1346 τὰ
1097 1293 1363 1363 μέλλοντα
1410 1298 1595 1363 αὐτοῖς
1646 1300 1832 1356 ἐκϐαί-

253 1392 367 1429 νειν
414 1378 885 1451 ἐπιδεικνύμενος.

312 1466 413 1518 Διὰ
435 1466 551 1521 τίοί
570 1470 677 1523 υίοὶ
707 1471 994 1527 Ζεϐεδαίου
1017 1474 1319 1546 προσῆλθον
1346 1476 1498 1549 αὐτῷ
1544 1479 1675 1549 περὶ
1702 1497 1834 1550 προ-

253 1554 439 1625 εδρίας
473 1558 883 1631 διαλεγόμενοι;
918 1564 1162 1637 Ἐπειδὴ,
1185 1567 1370 1632 καθώς
1423 1586 1592 1639 φησιν
1642 1570 1833 1641 lupo;

253 1646 665 1721 εὐαγγελιστὴς,
699 1654 789 1708 διὰ
816 1657 877 1709 τὺ
905 1657 1074 1726 ἐγγὺς
1128 1654 1269 1715 εῖναι
1311 1660 1411 1733 τήν
1453 1661 1827 1735 Ἰερουσαλήμ,

250 1740 398 1793 δοκεῖ
422 1744 504 1796 ὅτι
534 1744 629 1799 καὶ
661 1747 694 1815 ή
729 1746 975 1817 βασιλεία
1004 1751 1170 1804 αὐτοῦ
1196 1753 1360 1821 ἐγγύς
1398 1756 1547 1808 ἐστιν
1566 1772 1580 1786 ·
1634 1757 1684 1809 εί
1712 1756 1769 1810 δὲ
1801 1757 1830 1809 ὁ

251 1830 643 1905 εύαγγελιστής
667 1830 821 1901 οὗτος
843 1838 974 1909 περὶ
1004 1840 1104 1911 τῆς
1136 1844 1343 1914 μητρὸς
1366 1845 1547 1898 αὐτῶν
1567 1846 1717 1916 λέγει
1746 1847 1828 1901 ὅτι

251 1923 386 1993 αύτὴ
413 1925 674 1995 ᾐτήσατο,
717 1927 795 1992 ὡς
842 1926 904 1993 ἐξ
955 1929 1285 2003 ἀμφοτέρων
1326 1935 1617 2006 γενόμενον
1674 1936 1831 1991 τοῦτο

251 2010 425 2080 εἶπεν,
461 2018 547 2071 ἵνα
572 2019 735 2074 πλέον
788 2021 1084 2095 δυσωπηθῇ
1107 2039 1123 2053 ο
1174 2026 1471 2098 ᾐσχύνοντο
1520 2030 1629 2103 γὰρ
1679 2030 1829 2102 μόνοι

253 2106 410 2161 τοῦτο
430 2109 632 2179 λέγειν.

312 2216 386 2271 Τὸ
417 2220 591 2274 εἰπεῖν
622 2223 805 2288 αὑτὸν,
858 2229 981 2284 Οὐκ
1023 2231 1224 2285 οἴδατε
1251 2233 1307 2285 τί
1364 2232 1643 2296 αἰτεῖσθε,
1707 2233 1830 2286 ἀντὶ

251 2309 367 2378 τοῦ,
398 2310 551 2364 οὐδὲν
590 2321 981 2387 πνευματικὸν,
1022 2322 1206 2391 φησίν.
1240 2323 1304 2376 Ei
1349 2323 1407 2377 δὲ
1449 2323 1699 2395 καὶπερὶ
1729 2323 1829 2395 τῆς

252 2402 366 2456 ἄνω
396 2402 555 2474 δόξης
592 2406 778 2476 ᾔτουν,
814 2411 933 2464 ούδέ
962 2413 1133 2475 οὕτως
1168 2413 1352 2477 καλῶς
1398 2416 1582 2485 ᾔτουν.
1632 2415 1745 2486 Τήν
1773 2415 1831 2469 δέ

254 2495 545 2565 προεδρίαν
571 2501 795 2569 ἐζήτουν
820 2503 927 2554 τῶν
946 2504 1142 2571 ἄλλων,
1166 2506 1352 2574 ἐπειδὴ
1378 2503 1551 2572 εἶπεν,
1575 2509 1656 2560 ὅτι
1685 2512 1833 2562 Καθ-

254 2583 443 2638 ιεῖσθε
489 2586 589 2640 ἐπὶ
616 2587 844 2643 δώδεκα
872 2592 1148 2659 θρόνους,
1176 2594 1251 2664 μὴ
1278 2594 1599 2663 νομίσαντες
1619 2595 1701 2659 τὸ,
1737 2600 1833 2650 Δο-

255 2670 613 2748 ξασθήσεσθε,
640 2680 707 2734 δι’
734 2681 959 2753 ἀρετήν,
987 2682 1125 2737 ἀλλὰ
1148 2684 1232 2749 τὸ,
1265 2684 1503 2738 Καθίσαι
1524 2702 1538 2715 ’
1571 2685 1668 2740 καὶ
1705 2686 1829 2757 κρί-

254 2784 457 2833 νοντες,
483 2771 559 2841 μὴ
585 2772 876 2844 νοήσαντες
920 2776 999 2841 τὸ,
1059 2775 1518 2848 Κατακρίνοντες,
1554 2778 1692 2832 ἀλλὰ
1746 2778 1828 2844 τὸ,

254 2858 598 2926 Δικὰζοντες.

1930 454 2043 509 ﬁet.

2000 546 2228 618 Oportet
2260 548 2403 604 scire
2452 547 2552 602 bas
2600 548 2911 618 parabolas,
2951 551 3145 620 quales
3177 561 3307 607 sunt
3346 551 3513 621 virgi-

1931 653 2086 699 num,
2118 653 2354 709 sugente,
2405 638 2709 707 spinarum,
2746 648 2842 694 aut
2874 640 3086 695 arboris
3123 641 3330 697 sterilis
3353 678 3369 705 ,
3400 641 3515 696 vir-

1930 736 2101 783 tutem
2135 729 2204 783 ab
2230 728 2491 798 operibus
2522 728 2758 799 exigere.

2005 929 2172 987 Vens.
2212 932 2295 987 l7.
2323 932 2434 988 Cur
2463 948 2584 989 cum
2622 942 2774 987 tanto
2803 936 3063 989 comitatu
3094 948 3239 988 nunc
3262 933 3513 989 ascendit

1931 1023 2404 1096 Hierosolymam?
2453 1024 2590 1080 Cum
2662 1035 2792 1081 tunc
2854 1026 3074 1096 quidem
3135 1028 3289 1081 initia
3347 1034 3506 1081 erant

1932 1116 2370 1187 praedicationis,
2415 1133 2561 1173 nunc
2609 1126 2830 1181 autem,
2890 1133 3015 1171 cum
3059 1133 3173 1172 sua:
3225 1118 3509 1187 potestatis

1932 1208 2287 1277 probationes
2328 1208 2493 1274 dedit,
2554 1224 2678 1263 cum
2738 1210 2946 1279 majore
2996 1209 3284 1277 splendore
3335 1210 3508 1262 venit.

1934 1298 2068 1353 Nam
2098 1308 2152 1352 et
2183 1313 2317 1353 crux
2358 1299 2605 1368 proxima
2635 1309 2773 1364 erat,
2808 1314 2931 1370 quae
2963 1300 3070 1355 illis
3095 1302 3313 1355 evenire
3343 1300 3509 1355 debe-

1934 1389 2067 1444 bant
2096 1389 2410 1443 ostendens.

2005 1478 2165 1535 Vxns.
2193 1479 2284 1534 20.
2320 1480 2432 1533 Cur
2464 1480 2559 1536 lilii
2586 1482 2835 1537 Zebedaei
2870 1483 2936 1537 ad
2961 1483 3115 1537 illum
3151 1488 3511 1537 accesserunt

1935 1572 2003 1628 de
2033 1574 2439 1643 praeeminentia
2468 1575 2808 1644 alloquentes
2839 1574 2861 1628 ἲ
2899 1574 3061 1640 Quia,
3094 1582 3153 1627 ut
3200 1573 3335 1627 dicit
3366 1572 3509 1626 alius

1937 1666 2296 1735 evangelista,
2337 1667 2813 1737 apprOpinquabat
2839 1663 3256 1735 Hierosolymis,
3294 1663 3510 1717 videtur

1935 1756 2064 1826 quia
2085 1773 2311 1829 regnum
2337 1758 2458 1827 ejus
2514 1771 2683 1827 prope
2719 1764 2803 1810 est
2840 1772 2853 1809 :
2906 1756 2950 1811 si
3010 1769 3138 1809 vero
3180 1751 3513 1823 evangelista

1933 1848 2035 1903 iste
2056 1849 2123 1903 de
2162 1858 2332 1904 matre
2366 1863 2557 1904 eorum
2582 1847 2716 1902 dicit
2754 1846 2901 1917 quod
2938 1846 3053 1916 ipsa
3083 1844 3320 1916 petierit,
3352 1843 3511 1911 quasi

1930 1953 1997 1993 ex
2028 1940 2286 2012 utrinque
2333 1939 2528 1995 factam
2553 1955 2675 1997 esse
2694 1940 3009 2009 petitionem
3038 1936 3235 2000 innuit,
3258 1944 3315 1989 ut
3341 1933 3515 2003 magis

1933 2031 2109 2101 turpis
2166 2028 2460 2097 videatur;
2526 2030 2761 2100 pudebat
2815 2029 2961 2085 enim
3028 2027 3151 2083 illos
3178 2026 3327 2082 solos
3381 2026 3508 2080 talia

1930 2124 2139 2180 dicere.

2006 2234 2170 2291 Vens.
2196 2235 2287 2290 22.
2319 2235 2444 2291 Haec
2475 2235 2661 2300 verba,
2722 2233 2952 2289 Nescitis
2983 2233 3108 2303 quid
3140 2231 3357 2302 petatis,
3392 2244 3515 2299 pro,

1932 2325 2071 2381 nihil
2103 2327 2391 2397 spirituale
2412 2326 2617 2397 petitis,
2666 2326 2913 2382 adhibet.
2953 2325 3011 2380 Si
3063 2339 3194 2380 vero
3217 2324 3284 2380 dc
3335 2323 3511 2395 gloria

1933 2418 2147 2473 cmlesti
2195 2418 2538 2487 petivissent,
2604 2434 2711 2472 non
2764 2418 2992 2488 pulchre
3036 2418 3108 2472 ita
3170 2416 3513 2487 petivissent;

1933 2505 2399 2575 pmeminentiam
2440 2517 2621 2559 autem
2687 2506 3012 2575 expetebant
3050 2520 3160 2575 prze
3195 2504 3339 2571 aliis,
3380 2520 3520 2576 quo-

1935 2595 2082 2648 niam
2106 2593 2279 2648 dixit:
2304 2591 2562 2649 Sedebitis
2596 2610 2752 2663 super
2779 2594 2925 2649 sedes
2958 2594 3256 2663 duodecim,
3285 2611 3395 2650 non
3430 2595 3519 2650 in-

1936 2684 2237 2756 telligentes
2279 2684 2435 2753 illud,
2486 2685 2947 2757 gloriﬁcabimini,
2977 2686 3048 2741 ob
3072 2686 3357 2752 virtutem,
3418 2686 3515 2743 sed

1935 2777 2005 2832 ob
2036 2776 2199 2832 altam
2231 2777 2413 2834 sedem
2442 2795 2457 2845 ;
2489 2786 2564 2846 et,
2585 2778 2741 2841 illud,
2776 2776 3107 2849 jndicantes,
3164 2794 3272 2834 non
3314 2777 3518 2834 intelli-

1935 2879 2126 2941 gentes
2162 2878 2221 2925 ut
2251 2870 2699 2936 condemnantes,
2728 2870 2822 2925 sed
2856 2878 2915 2924 ut
2942 2868 3213 2940 judicium
3250 2884 3516 2926 exercen-

1939 2967 2043 3013 tes.

328 3063 422 3131 Τὸ,
460 3065 731 3120 Δύγασθε
780 3067 847 3121 τὸ
907 3068 1217 3137 ποτήριον,
1251 3070 1420 3141 ὃέγὼ
1463 3072 1619 3126 πίνω
1647 3072 1827 3139 πιεῖν,

2012 3066 2245 3123 Potestis
2267 3069 2438 3124 bibere
2468 3067 2684 3123 calicem
2734 3084 2887 3140 quem
2935 3084 3026 3139 ego
3057 3068 3319 3123 bibiturus
3362 3069 3520 3123 sunt!

254 3152 353 3217 τὰς
396 3154 611 3224 σφαγὰς
644 3154 854 3220 καὶτὰς
892 3156 1160 3227 βασάνους
1216 3158 1482 3229 λέγεικαὶ
1528 3162 1591 3216 τὸ
1625 3162 1836 3235 μαρτύ-

257 3259 405 3313 ριον·
445 3247 711 3317 ποτήριον
743 3247 801 3300 δέ
833 3243 987 3301 εἷπεν
1020 3250 1177 3315 αὐτὸ,
1239 3252 1328 3306 ἵνα
1381 3254 1834 3327 προθυμοτέρους

254 3334 457 3406 ποιήσῃ
486 3335 564 3405 τῷ
579 3335 785 3407 εὐκόλῳ
801 3336 893 3390 τοῦ
924 3339 1105 3406 λόγου,
1123 3341 1214 3394 καὶ
1239 3342 1375 3412 πρὸς
1397 3343 1587 3399 ἐαυτὸν
1607 3346 1835 3416 ἐφελκύ-

256 3437 416 3493 σηται
447 3441 463 3455 ο
491 3426 586 3478 καὶ
614 3426 897 3499 βάπτισμα
929 3420 1141 3486 δέἀύτὸ
1190 3434 1368 3502 καλεῖ,
1408 3437 1484 3501 ὡς
1534 3438 1835 3510 καθάρσιον

255 3515 352 3582 τῆς
390 3516 739 3589 οἰκουμένης.

308 3608 417 3700 Kal
447 3611 562 3674 πῶς
590 3612 757 3682 λέγει,
782 3618 903 3670 Οὐκ
928 3619 1102 3672 ἔστιν
1123 3619 1271 3690 ἐμὸν
1286 3620 1537 3689 doris-at;
1571 3626 1834 3700 Ἐπείπερ

253 3698 355 3751 οὐκ
381 3697 526 3752 ἐστιν
549 3700 672 3754 οὔτε
698 3703 907 3758 ἐκεῖθεν
934 3707 1156 3778 τοιαύτη
1191 3710 1431 3783 καθέδρα
1456 3728 1471 3742 ⁸
1502 3713 1535 3785 ἦ
1564 3714 1725 3785 δῆλον
1750 3697 1834 3772 ὅτι

258 3791 393 3861 πρὸς
420 3791 518 3864 τήν
540 3796 795 3851 ὑπόνοιαν
821 3797 968 3867 λέγει
999 3804 1467 3869 συγκαταϐαίνων.
1493 3808 1567 3860 Τὸ
1608 3809 1688 3875 δὲ,
1720 3806 1833 3877 ,Οἷς

258 3882 633 3953 ἡτοίμασται,
666 3889 729 3941 ἐκ
760 3890 870 3942 τῶν
895 3891 1075 3945 πόνων
1102 3894 1193 3946 καὶ
1228 3897 1335 3948 τῶν
1362 3897 1603 3968 ἱδρώτων
1626 3918 1639 3932 ο
1674 3902 1834 3957 τοῦτο

256 3974 312 4029 δέ
352 3977 453 4031 ούκ
504 3978 756 4034 ἐκϐάλλει
786 3981 891 4047 ἔξω
919 3984 1018 4054 τὴν
1042 3984 1311 4054 ἐξουσίαν,
1352 3987 1487 4044 ἀλλὰ
1521 3991 1581 4045 τδ
1625 3993 1834 4049 δίκαιον

257 4068 422 4122 αὐτοῦ
464 4069 755 4127 δείκνυσιν.
789 4076 910 4128 Ὅτι
942 4077 1000 4129 δὲ
1047 4078 1297 4144 ἐξουσίαν
1353 4081 1487 4150 ἔχει,
1548 4084 1783 4139 ἄκουσον
1814 4102 1830 4117 ⁸

270 4161 417 4229 Ἐγὼ
451 4161 519 4217 δέ
555 4179 655 4218 σοι
693 4164 865 4219 δώσω
894 4169 1000 4234 τὰς
1052 4170 1218 4235 κλεῖς
1249 4170 1369 4224 τῶν
1393 4173 1669 4239 οὐρανῶν
1689 4190 1702 4203 ·
1739 4176 1834 4229 καὶ⁵

255 4253 283 4303 ὁ
315 4251 526 4317 Παῦλος
573 4255 631 4308 δέ
659 4256 800 4310 οὕτω
822 4258 998 4327 δηλῶν
1028 4258 1243 4327 ἔλεγεν·
1276 4261 1835 4336 Λοιπὸκαπόκειταί

1943 3159 2253 3225 violentias,
2283 3169 2338 3215 et
2370 3161 2679 3225 cruciatus,
2734 3172 2790 3217 et
2840 3160 3168 3232 martyrium
3224 3161 3516 3232 signiﬁcat.

1941 3254 2180 3310 Calicem
2211 3264 2394 3311 autem
2421 3265 2582 3311 vocat
2625 3254 2794 3321 istud,
2850 3263 2911 3310 ut
2965 3254 3183 3310 animos
3237 3253 3411 3325 magis
3440 3255 3519 3309 eis

1942 3347 2106 3403 addat
2139 3348 2410 3403 sermonis
2434 3348 2678 3416 lenitate,
2713 3357 2769 3404 et
2821 3348 2888 3404 ad
2928 3364 2988 3404 se
3018 3362 3115 3403 eos
3153 3347 3433 3416 attrahat;
3463 3356 3519 3403 ct

1942 3439 2212 3511 baptisma
2247 3441 2381 3497 illud
2416 3450 2594 3508 vocat,
2623 3441 2779 3513 quasi
2808 3442 2956 3498 orbis
2988 3440 3234 3497 lustrale.

2013 3627 2179 3683 Vsus.
2199 3626 2291 3683 25.
2325 3625 2388 3681 Ει
2412 3627 2686 3698 quomodo
2721 3625 2892 3693 dicit;
2924 3642 3023 3681 non
3050 3635 3125 3682 est
3155 3642 3324 3681 meum
3350 3627 3520 3680 dare!

1942 3716 2206 3787 siquidem
2243 3730 2349 3771 non
2381 3724 2467 3771 est
2503 3731 2571 3771 ne
2598 3715 2707 3770 illic
2740 3714 2958 3786 quidem
2994 3716 3119 3771 talis
3166 3714 3326 3771 sedes
3355 3731 3370 3779 ;
3427 3724 3521 3770 aut

1942 3819 2090 3880 patet
2123 3809 2278 3864 illum
2329 3808 2397 3864 ad
2451 3808 2765 3877 allegoriam
2826 3808 3102 3879 loquendo
3149 3806 3521 3864 descendisse.

1943 3899 2078 3956 illud
2140 3910 2346 3965 autem,
2390 3898 2591 3965 Quibus
2656 3888 2908 3970 paratum
2952 3909 3051 3965 est,
3109 3914 3205 3970 per
3276 3899 3519 3965 labores,

1941 4002 2094 4062 puta,
2125 4001 2181 4047 et
2208 3990 2435 4047 sudores
2464 4006 2477 4042 :
2512 3990 2617 4045 hoc
2647 4004 2776 4045 vero
2813 4005 2918 4045 non
2981 3988 3101 4060 ejus
3131 3990 3326 4046 adimit
3367 4000 3521 4062 pote-

1940 4092 2157 4148 statem,
2177 4082 2269 4137 sed
2290 4082 2409 4152 ejus
2419 4081 2692 4151 justitiam
2718 4081 2937 4137 exhibet
2962 4098 2976 4146 ;
3010 4081 3152 4151 quod
3176 4082 3322 4136 enim
3364 4091 3521 4151 pote-

1942 4181 2135 4226 statem
2173 4170 2387 4235 habeat,
2432 4169 2555 4225 audi
2594 4186 2608 4223 :
2645 4167 2757 4239 Ego
2808 4180 2985 4224 autem
3037 4169 3131 4223 tibi
3169 4171 3309 4224 dabo
3349 4171 3517 4225 clares

1942 4262 2085 4329 regni
2104 4259 2352 4313 caelorum
2375 4276 2393 4322 ;
2417 4268 2469 4312 et
2496 4256 2700 4311 Paulus
2721 4257 2863 4311 idem
2890 4257 3139 4311 indicans
3156 4257 3312 4309 dixit:
3343 4254 3408 4308 1η
3434 4274 3518 4309 re-

249 4358 351 4411 μοι
388 4346 422 4397 ό
456 4344 568 4413 τῆς
614 4345 1004 4415 δικαιοσύνης
1053 4348 1379 4417 στέφανος,
1418 4351 1491 4404 ὃν
1529 4352 1831 4407 ἀποδώσει

1949 4350 2086 4419 liquo
2112 4350 2340 4417 reposita
2366 4357 2443 4402 est
2463 4348 2592 4401 mihi
2612 4362 2809 4400 corona
2830 4347 3080 4415 justitite,
3131 4362 3290 4415 quant
3340 4347 3517 4399 reddet

254 4452 352 4502 μοι
404 4438 642 4506 Κύριος,
698 4439 795 4492 καὶ
854 4438 1045 4495 πᾶσιν
1100 4441 1218 4507 τοῖς
1268 4442 1653 4512 ἠγαπηκόσιν
1718 4443 1831 4511 τὴν

1949 4443 2068 4495 mihi
2130 4439 2407 4503 Dominus,
2453 4450 2503 4492 et
2547 4438 2786 4492 omnibus
2823 4437 2912 4508 qui
2964 4436 3193 4507 diligunt
3235 4439 3517 4492 adventum

253 4528 610 4597 ἐπιφάνειαν
649 4530 857 4585 αὐτοῦ.

316 4644 378 4696 El
418 4644 469 4695 el
518 4642 612 4696 δύο
650 4644 759 4697 τῶν
792 4644 925 4697 δέκα
965 4644 1440 4712 κατεξανὶσταντο,
1487 4647 1580 4701 καὶ
1619 4648 1669 4701 οί
1701 4648 1834 4703 δέκα

256 4734 516 4804 ἐφθόνουν
560 4739 670 4800 τοῖς
699 4737 871 4804 δυσὶν,
918 4740 979 4792 ού
1011 4737 1118 4811 χρὴ
1143 4738 1199 4793 δὲ
1227 4738 1386 4792 τοῦτο
1423 4741 1666 4805 σκοπεῖν,
1697 4740 1833 4795 ἀλλὰ

256 4825 322 4877 τὰ
351 4825 634 4882 τελευταῖα
663 4828 862 4884 αὐτῶν.

321 4917 421 4971 Διὰ
453 4919 503 4972 τί
558 4920 853 4992 συνεχώρει
906 4922 1140 4993 Χριστὸς
1202 4922 1650 4993 ἐπιστομίζεσθαι
1706 4926 1833 4991 τοὺς

254 5008 486 5076 τυφλοὺς
516 5011 619 5064 ὑπὸ
646 5012 739 5065 τοῦ
766 5013 922 5085 δχλου
947 5031 961 5079 ;
992 5015 1109 5067 ’Ίνα
1133 5014 1397 5085 μειζόνως
1421 5014 1599 5069 αὐτῶν
1622 5018 1654 5088 ή
1692 5034 1826 5087 προ-

256 5101 424 5172 Θυμία
508 5104 811 5173 φαίνηται·
845 5106 935 5160 διὰ
1018 5100 1173 5160 τοῦτο
1250 5107 1367 5160 ούδέ
1430 5108 1611 5179 ἐρωτᾷ
1655 5149 1672 5175 ,
1730 5112 1830 5164 ηι-

256 5209 475 5247 στευετε
512 5210 529 5261 ;

311 5306 412 5361 Διά
436 5306 489 5361 τί
527 5308 729 5379 ἐρωτᾷ,
772 5308 832 5362 Τί
864 5310 1067 5364 θέλετε
1116 5308 1350 5375 ποιήσω
1374 5310 1551 5379 ὐμῖν;
1597 5312 1711 5367 Ἰνα
1754 5316 1829 5384 μή

250 5415 336 5463 τις
357 5398 573 5471 νομίσῃ,
606 5400 688 5454 ὅτι
714 5399 883 5453 Ἀλλα
906 5399 1251 5470 βουλομένοις
1269 5399 1466 5465 λαλεῖς,
1489 5403 1625 5457 ἄλλα
1648 5404 1828 5468 δίδως·

254 5493 349 5545 καὶ
366 5493 453 5546 ἕνα
475 5494 600 5555 τοὺς
619 5492 814 5555 ἄλλους
837 5492 918 5555 είς
935 5492 1157 5561 μείζονα
1180 5491 1345 5561 ζῆλον
1371 5493 1575 5565 ἀγάγῃ.
1598 5495 1829 5564 Ἕτερον

251 5583 308 5635 δέ
338 5584 422 5637 τνα
447 5585 595 5655 δείξῃ
618 5584 713 5653 τῆς
733 5585 941 5656 δωρεᾶς
970 5584 1198 5648 δικαίως
1226 5585 1621 5651 ἁπολαύοντας’
1639 5587 1788 5642 ὥσπε
1798 5607 1829 5660 ρ

250 5676 345 5728 ἐπὶ
374 5680 471 5747 τῆς
502 5677 816 5743 Χαναναίας
870 5676 962 5732 καὶ
1007 5676 1101 5731 τοῦ
1164 5678 1563 5750 ἑκατοντάρχου
1613 5682 1705 5735 καὶ
1732 5682 1828 5751 τῆς

1934 4532 2069 4602 ejus.

2009 4641 2173 4697 Vens.
2201 4640 2291 4696 25.
2327 4638 2383 4695 Si
2415 4640 2525 4695 dno
2556 4639 2743 4695 decent
2769 4637 2893 4694 aliis
2913 4636 3224 4710 insurgunt,
3253 4648 3305 4694 et
3324 4639 3514 4696 decens

1936 4737 2028 4792 alii
2062 4737 2200 4792 duos
2232 4735 2491 4802 oderunt,
2534 4748 2643 4788 nou
2673 4742 2891 4803 oportet
2941 4732 3009 4787 ad
3037 4732 3170 4787 illud
3200 4734 3507 4801 attendere,

1935 4829 2026 4884 sel
2047 4828 2111 4882 ad
2146 4843 2336 4883 eorum
2368 4836 2633 4883 extrema.

2012 4917 2176 4974 Vens.
2276 4918 2365 4973 3|.
2423 4916 2534 4975 Cur
2586 4919 2863 4975 consentit
2914 4918 3166 4975 Christus
3240 4918 3511 4989 increpari

1936 5027 2111 5067 caecos
2138 5025 2169 5064 a
2202 5011 2361 5066 turba
2399 5010 2422 5064 ?
2452 5021 2512 5067 ut
2550 5010 2725 5083 magis
2762 5024 2954 5067 eorum
3013 5012 3178 5068 ardor
3214 5019 3499 5082 appareat.

1934 5103 2060 5159 ldco
2092 5117 2201 5157 non
2246 5102 2566 5173 interrogat,
2596 5102 2863 5159 creditis?

2000 5306 2266 5362 Vsas.32.
2297 5305 2410 5361 Cur
2452 5305 2789 5376 interrogat:
2833 5304 2973 5370 Quid
3010 5306 3169 5359 vultis
3210 5316 3263 5358 ut
3310 5305 3509 5375 faciam

1934 5403 2075 5457 vobis
2101 5402 2127 5455 .’
2156 5417 2226 5456 ne
2247 5398 2374 5469 quis
2397 5407 2550 5470 putet
2579 5402 2709 5468 quia
2740 5397 2845 5453 alia
2878 5399 3187 5453 volentibus
3234 5399 3505 5470 loqueris,

1934 5496 2037 5549 alia
2067 5493 2167 5549 das
2196 5509 2211 5559 ;
2245 5500 2300 5546 et
2332 5498 2391 5545 ut
2416 5489 2553 5545 alios
2577 5489 2633 5544 in
2655 5489 2919 5559 majorem
2952 5488 3210 5543 invidiam
3235 5490 3500 5557 inducat;

1934 5592 2089 5647 aliter
2117 5597 2301 5645 autem
2342 5594 2403 5640 ut
2457 5583 2714 5639 ostendat
2770 5583 2869 5637 hos
2925 5582 3073 5652 juste
3125 5583 3500 5642 benevolentia

1936 5681 2198 5745 fruentes,
2231 5684 2285 5732 ut
2314 5674 2367 5730 in
2389 5672 2723 5738 Chanantca,
2750 5680 2802 5727 ct
2829 5672 3165 5741 centurione,
3196 5684 3248 5732 ct
3275 5675 3505 5732 haustor-
