3984 6204
538 226 676 292 ιιιδ

1259 236 1627 299 )PUSCULA
1665 236 2292 301 SCRIPTUMSTICA
2338 242 2683 303 INCERTE
2721 244 3025 307 lETATlS.

3583 249 3677 319 liii

531 341 774 397 rhoissa.
796 340 969 415 Magis
1020 355 1204 401 autem
1233 346 1391 402 istam
1422 349 1507 403 vel
1536 350 1878 405 sanationem
1927 350 2104 406 furan-

2104 380 2112 389 -
2142 372 2185 426 Α
2212 355 2639 426 αἱμορῤοούσης·
2675 357 2874 426 μᾶλλον
2904 358 2960 411 δὲ
2984 358 3158 429 αὐτὴν
3187 358 3279 412 καὶ
3314 358 3592 415 κλέπτουσαν
3612 370 3677 436 τὴν

533 440 639 486 tem
675 432 926 489 Christus
961 435 1151 490 ultimo
1182 437 1526 492 manifestam
1575 439 1727 495 facit.

596 522 798 579 Curita
821 525 1142 597 interrogat,
1162 526 1302 593 Quid
1329 530 1528 584 vultis?
1552 546 1660 585 non
1688 532 1834 602 quod
1865 532 2100 604 ignoret,

532 613 628 667 sed
659 624 716 668 ut
748 626 902 685 cogat
933 617 1054 672 illos
1083 617 1388 687 patefacere
1428 621 1677 676 morbum
1715 632 1769 678 et
1803 626 2103 681 remedium

423 782 429 793 ι
533 702 806 756 adhibeat.

1092 851 1321 909 CAPUT
1352 854 1490 908 XXI.

610 974 777 1032 Vens.
813 976 868 1033 2.
898 977 1061 1034 Multa
1094 981 1148 1035 in
1172 982 1769 1052 pullo’considerantur
1796 1005 1811 1041 :
1862 987 2106 1056 praadicit

533 1069 679 1136 quod
728 1069 1028 1137 iuvenient,
1078 1074 1221 1142 quod
1280 1090 1385 1128 non
1442 1078 1807 1132 murmurabit
1850 1079 2107 1134 dominus

533 1158 675 1227 ejus,
705 1162 962 1229 quamvis
980 1178 1188 1233 pauper
1214 1165 1399 1231 fuerit,
1426 1167 1719 1221 terminum
1745 1169 1941 1239 jurgiis
1968 1185 2107 1239 pra:-

534 1249 668 1306 bens
718 1260 772 1306 et
803 1268 911 1307 non
969 1255 1243 1321 audaciae;
1304 1256 1358 1309 in
1433 1258 1645 1313 asinam
1682 1261 2014 1323 conscendit,
2053 1270 2108 1315 et

538 1339 875 1408 prophetiam
910 1342 1173 1411 implevit,
1206 1344 1335 1414 quia
1358 1360 1466 1399 non
1524 1348 1685 1403 modo
1724 1348 2104 1415 doeetdivina,

536 1428 632 1484 sed
665 1430 830 1485 etiam
866 1448 988 1501 quze
1023 1433 1260 1504 dirigere
1307 1445 1538 1505 possunt
1583 1439 1867 1494 hominum
1916 1441 2103 1494 vitam.

535 1518 640 1572 Per
671 1521 979 1574 modestiam
1006 1525 1154 1578 asino
1187 1526 1358 1579 utitur
1381 1530 1471 1598 qui
1504 1530 1675 1583 solum
1701 1532 1770 1584 ad
1819 1532 2107 1587 utilitatem

2211 446 2451 517 ἰατρείαν
2479 447 2712 518 Χριστὸς
2746 447 2913 519 δήλην
2961 447 3193 517 ἔσχατον
3225 451 3379 501 ποιεῖ.

2276 539 2377 592 Διὰ
2397 539 2449 592 τί
2495 538 2669 603 οὕτως
2725 540 2924 611 ἐρωτᾷ,
2969 540 3031 594 Τί
3079 540 3311 604 eum;
3364 542 3465 594 Οὔκ
3512 543 3677 611 ἀγνοῶν,

2207 628 2442 682 ἀλλ’ἵνα
2488 630 2775 702 ἀναγκάσῃ
2824 631 3020 694 αὐτοὺς
3074 631 3457 702 φανερῶσαιτδ
3479 632 3601 699 ἕλκος
3618 641 3678 691 καὶ.

2208 720 2370 791 ἐπιθῇ
2401 720 2464 773 τὸ
2503 721 2797 793 φάρμακον
2812 764 2824 777 .

2792 864 3038 919 ΚΕΦΔΛ.
3089 865 3223 921 KA'.

2267 991 2442 1045 Πολλὰ
2463 992 2556 1044 καὶ
2594 991 2687 1044 ἐπὶ
2718 990 2817 1060 τῆς
2846 990 3028 1044 πώλου
3054 991 3359 1060 θεωρεῖται·
3387 992 3442 1044 τὸ
3473 996 3683 1064 προειπεῖν

2207 1080 2649 1150 ὄτιεύρήσουσινο
2680 1080 2741 1133 τὸ
2773 1080 2937 1134 ὅτιού
2966 1078 3233 1150 γογγύσει
3270 1082 3298 1134 ὁ
3337 1081 3504 1151 κύριος
3545 1082 3681 1142 αὐτοῦ,

2208 1169 2310 1224 κᾶν
2349 1171 2517 1239 πένης
2546 1172 2714 1232 ἐστὶν,
2749 1172 2948 1241 μέτρον
2997 1171 3331 1240 φιλονεικίας
3378 1173 3591 1242 παρέχων
3622 1176 3684 1227 καὶ

2209 1261 2269 1314 οὑ
2295 1260 2649 1330 θρασύτητος.
2679 1262 2770 1324 Εἰς
2802 1260 2922 1314 ὄνον
2966 1262 3261 1332 ὲκαθέσθη,
3292 1264 3383 1315 καὶ
3429 1266 3684 1335 προφητείαν

2210 1353 2471 1423 ἐπλήρου,
2499 1353 2656 1406 ὅτιού
2693 1353 2851 1423 μόνον
2873 1352 3113 1407 διδάσκει
3137 1355 3206 1406 τὰ
3226 1353 3359 1418 θεῖα,
3376 1352 3494 1405 ἀλλὰ
3526 1353 3599 1405 καὶ
3618 1353 3679 1405 τὸν

2208 1443 2317 1496 τῶν
2338 1440 2638 1515 ἀνθρώπων
2671 1442 2786 1512 βίον
2823 1441 3155 1514 διορθοῦται.
3188 1442 3284 1494 Διά
3303 1443 3395 1509 τῆς
3438 1442 3651 1503 εὐτελείας
3672 1480 3684 1503 ,

2214 1533 2391 1587 ’Ὀνον
2410 1532 2477 1597 ὂς
2491 1533 2686 1602 μόνον
2712 1534 2800 1597 εις
2818 1532 3048 1602 χρείαν,
3079 1530 3224 1585 ἐστιν
3246 1532 3330 1584 ὅτε
3354 1530 3451 1585 τῶν
3470 1531 3685 1585 ἀτθενοὺνο

530 1619 628 1672 est,
657 1610 730 1664 ita
759 1610 1031 1669 debilibus
1060 1615 1264 1672 docens
1315 1633 1415 1675 nos
1463 1630 1751 1677 contentos
1798 1638 1958 1688 esse;
2012 1624 2103 1678 sed

2211 1638 2318 1674 των
2377 1622 2618 1675 διδάσκει
2676 1622 2961 1690 εὐπορεῖν*
2998 1621 3116 1675 ἀλλ’
3137 1622 3236 1690 οὐχ
3262 1621 3448 1681 ἵππους
3473 1621 3551 1672 καὶ
3571 1621 3684 1689 igniti-

531 1710 640 1751 non
665 1712 834 1767 equos
868 1708 921 1755 et
944 1702 1246 1766 hemiones,
1276 1705 1368 1775 qui
1398 1707 1463 1760 ad
1511 1707 1651 1761 bella
1679 1718 1843 1776 sunt;
1881 1720 1937 1765 et
1976 1726 2104 1780 pau-

2142 1722 2183 1778 B
2211 1730 2355 1777 νους,
2396 1714 2454 1779 ἐξ
2487 1705 2562 1767 ὧν
2588 1714 2837 1784 πόλεμοι.
2866 1714 2973 1766 Καὶ
3005 1711 3230 1781 πτωχὴν
3263 1710 3685 1781 μητέραέσχεν,κιὶ

532 1803 715 1861 perem
748 1800 975 1846 matrem
1007 1792 1216 1860 habuit,
1241 1803 1294 1849 et
1327 1796 1379 1849 in
1407 1797 1665 1867 spelunca
1692 1801 1924 1867 paritur,
1957 1811 2030 1855 et
2057 1802 2105 1855 in

2217 1802 2275 1853 ὲν
2309 1800 2556 1872 σπηλαίῳ
2581 1800 2847 1867 τίκτεται,
2876 1800 2973 1855 κα)⁵
2992 1801 3052 1854 ὲν
3081 1799 3257 1870 φάτνῃ
3285 1798 3492 1862 τίθεται,
3517 1799 3684 1867 uispi-

530 1880 795 1951 przesepio
824 1882 1067 1952 ponitur,
1100 1893 1155 1939 et
1206 1884 1538 1944 hordeaceos
1570 1904 1737 1959 panes
1782 1892 2025 1962 apponit,
2059 1901 2103 1948 et

2112 1933 2114 1944 .
2217 1893 2394 1956 θίνους
2420 1892 2787 1964 παρατίθησιν
2823 1893 3046 1964 ἄρτους,
3097 1892 3193 1945 καὶ
3233 1890 3292 1955 ἐξ
3335 1890 3513 1959 ἀγορᾶς
3552 1887 3685 1949 ἐσθίει.

532 1973 768 2027 comedit
800 1989 867 2028 ex
900 1973 1043 2041 foro,
1077 1986 1129 2031 et
1167 1992 1267 2046 pro
1298 1978 1437 2033 lecto
1475 1979 1681 2035 faenum
1709 1981 1891 2048 habet,
1924 1992 1980 2037 et
2022 1998 2105 2037 ve-

2108 2012 2113 2023 ι
2214 1987 2307 2039 καὶ
2336 1986 2443 2040 ἀπὸ
2470 1986 2665 2056 χόρτου
2709 1983 2936 2039 στιϐάδα
2984 1984 3156 2048 ποιεῖ,
3191 1982 3284 2035 καὶ
3333 1980 3501 2050 ίμάτια
3547 1978 3681 2045 εὐτελῆ

531 2064 706 2119 stibus
732 2066 1072 2135 simplicibus
1095 2068 1339 2123 induitur
1365 2086 1379 2135 ;
1414 2070 1636 2126 domum
1666 2083 1845 2127 autem
1878 2088 1985 2128 non
2010 2073 2108 2128 ha-

534 2154 674 2220 buit,
706 2172 883 2226 neque
911 2174 1114 2227 equum
1174 2162 1465 2230 possidens
1501 2162 1695 2217 itinere
1739 2163 1977 2219 lassatus
2005 2174 2109 2228 est,

530 2257 586 2304 et
613 2251 890 2305 dormiens
940 2251 993 2304 in
1052 2259 1195 2305 terra
1263 2252 1501 2320 iacebat,
1531 2262 1586 2308 et
1630 2253 1803 2309 dolori
1852 2257 2111 2313 terminos

532 2358 743 2412 ponens
776 2358 884 2397 non
915 2343 1249 2413 querebatur
1287 2362 1302 2411 ;
1338 2344 1419 2400 sic
1473 2346 1657 2401 omnia
1689 2362 1811 2402 esse
1862 2362 2111 2404 commu-

534 2438 624 2491 nia
680 2439 921 2508 regulam
952 2438 1306 2507 ponebat;et
1338 2439 1501 2495 talem
1534 2440 1655 2495 vitae
1705 2458 1878 2511 genus
1932 2443 2110 2513 sequi,

533 2528 751 2597 qualem
790 2527 905 2597 ipse
934 2527 1253 2593 exhibebat,
1296 2528 1603 2584 doctrinam
1628 2532 1968 2588 instituebat.

594 2619 757 2673 Vens.
796 2617 886 2675 12.
944 2617 1019 2673 De
1073 2618 1362 2688 ejectione,
1418 2636 1583 2689 quam
1638 2619 1766 2677 fecit
1826 2623 2108 2689 Dominus,

532 2712 780 2764 omnium
841 2710 1036 2765 horum
1067 2710 1160 2780 qui
1192 2710 1499 2766 vendebant
1530 2712 1582 2766 in
1617 2713 1840 2783 templo,
1871 2712 2111 2769 Joannes

532 2817 753 2873 quoque
779 2800 921 2857 idem
954 2800 1153 2857 fecisse
1209 2811 1433 2872 narrat;
1482 2805 1576 2858 sed
1622 2803 1712 2860 ille
1743 2805 1796 2859 in
1832 2804 2109 2877 Evangelii

534 2894 711 2960 initio,
748 2893 1033 2949 Mattheus
1062 2905 1243 2949 autem
1276 2894 1423 2949 circa
1480 2894 1671 2959 finem,
1723 2895 1868 2950 unde
1915 2896 2110 2951 verisi-

533 2987 663 3042 mile
696 2996 781 3042 est
820 2986 1063 3042 secundo
1119 2985 1256 3041 ﬁeri.
1284 2986 1349 3041 Et
1395 2993 1545 3056 patet
1573 3002 1604 3043 e
1665 2997 1910 3058 tempore
1966 3000 2109 3044 etex

531 3080 654 3150 ejus
682 3080 953 3135 sententia
987 3096 1001 3134 :
1044 3077 1133 3133 hic
1161 3077 1307 3133 enim
1359 3076 1676 3147 speluncam
1713 3078 1989 3134 latronum
2022 3080 2110 3134 di-

534 3174 629 3238 cit,
662 3173 774 3227 illie
798 3182 979 3226 autem
1010 3171 1235 3226 domum
1272 3169 1682 3241 negotiationis.

606 3265 774 3320 Vens.
811 3263 1026 3318 £6.Cur
1050 3262 1242 3318 dicunt
1266 3262 1579 3318 sacerdotes
1614 3260 1773 3315 :Non
1803 3263 1959 3317 audis
1984 3265 2112 3334 quid

534 3362 626 3415 isti
647 3360 828 3413 dicunt
855 3359 881 3412 ?
911 3358 1115 3412 invidia
1155 3356 1365 3411 scilicet
1392 3354 1666 3410 suﬂ‘oeati.
1694 3354 1817 3410 Ideo
1844 3365 1897 3410 et
1925 3356 2113 3425 objur-

535 3464 670 3519 gans
700 3448 823 3503 illos
864 3445 1153 3516 respondet
1180 3461 1193 3497 :
1230 3442 1420 3513 Utique
1440 3458 1458 3495 :
1495 3460 1760 3513 nunquam
1789 3442 2034 3513 legistis?
2061 3454 2111 3498 et

536 3542 764 3611 reliqua.

610 3632 774 3686 Vens.
810 3631 895 3685 18.
923 3627 1211 3696 Quomodo
1242 3641 1400 3682 mane
1426 3626 1649 3682 esurit?
1676 3624 1818 3693 Quia
1858 3628 2112 3683 concedit

535 3724 687 3779 carni
722 3725 826 3777 hoc
872 3723 1007 3793 pati.

631 3819 798 3876 Vens.
841 3820 922 3877 l9.
953 3819 1067 3874 Cur
1094 3819 1374 3875 maledixit
1405 3818 1533 3873 iicui
1569 3829 1621 3873 et
1645 3819 1873 3874 siccavit
1918 3818 2065 3873 illam
2087 3817 2113 3869 ?

541 3911 608 3967 Ut
632 3914 876 3966 animum
928 3911 1212 3981 discipulis
1254 3910 1430 3978 daret,
1478 3917 1535 3965 et
1583 3911 1713 3980 quia
1769 3925 1874 3965 non
1936 3910 2112 3965 solum

539 4005 860 4061 benefacere
903 4021 1151 4076 possunt,
1219 4006 1312 4062 sed
1351 4016 1406 4062 et
1472 4022 1664 4077 poenas
1718 4022 1956 4063 sumere.
2002 4008 2114 4061 Cur

540 4097 701 4153 ficum
734 4098 981 4162 siccavit,
1013 4106 1068 4152 et
1096 4111 1203 4151 non
1237 4097 1399 4152 aliam
1452 4098 1739 4169 plantam?
1769 4096 1908 4164 Quia
1934 4098 2113 4152 humi-

538 4188 764 4242 dissima
800 4196 886 4242 est
913 4203 977 4242 ex
1003 4186 1258 4242 omnibus
1290 4186 1435 4254 aliis,
1463 4195 1524 4243 ut
1557 4188 1732 4259 magis
1765 4186 2110 4243 admiraren-

539 4292 629 4335 tur
671 4279 1000 4350 prodigium.

2213 2078 2595 2147 ἀμφιέννυται,
2638 2074 2816 2129 οἰκίαν
2861 2073 2919 2126 δὲ
2961 2073 3066 2126 οὐκ
3138 2071 3312 2141 ἔσχεν,
3352 2074 3437 2124 καὶ
3481 2069 3609 2121 ἵππον
3637 2066 3685 2136 μὴ

2213 2169 2373 2239 ἔχων,
2436 2170 2499 2222 ὲκ
2558 2168 2658 2237 τῆς
2710 2164 3019 2233 ὁδοιπορίας
3047 2165 3277 2217 ἐκοπία·
3339 2161 3424 2216 καὶ
3487 2158 3683 2212 καθεύδων

2214 2261 2307 2313 ἐπὶ
2343 2259 2448 2330 γῆς
2476 2258 2673 2311 ἔκειτοο
2694 2259 2789 2311 καὶ
2815 2256 2989 2325 λύπης
3026 2256 3200 2325 μέτρα
3223 2254 3381 2317 τιθεὶς
3402 2252 3487 2306 οὐκ
3516 2250 3681 2320 ἐθρήνει.

2213 2348 2403 2413 Οὕτως
2425 2349 2483 2402 τὸ
2513 2349 2689 2402 πάντα
2734 2347 2892 2401 κοινὰ⁵
2951 2341 3119 2411 εἶναι,
3184 2346 3400 2408 κανόνας
3442 2343 3589 2396 ὲτίθει·
3620 2342 3681 2392 καὶ

2212 2440 2454 2494 τοιοῦτον
2499 2441 2700 2511 τρόπον
2749 2438 2988 2504 διώκειν,
3044 2431 3158 2492 οἷον
3201 2436 3354 2499 αὐτὸς
3398 2433 3679 2495 ἐπεδείκνυτο,

2213 2534 2562 2587 διδασκαλίαν
2592 2535 2851 2588 ἐποιεῖτο.

2273 2627 2408 2695 Περὶ
2425 2625 2518 2680 τοῦ
2540 2626 2823 2680 ἐκϐάλλειν
2844 2626 2935 2680 τὸν
2950 2623 3159 2696 Κύριον
3175 2625 3370 2686 πάντας
3387 2620 3494 2683 τοὺς
3507 2614 3679 2671 πωλοῦν-

2213 2738 2313 2785 τας
2350 2721 2410 2774 ὲν
2461 2720 2539 2789 τῷ
2569 2718 2719 2791 ἱερῷ,
2779 2720 2874 2773 καὶ
2915 2720 3173 2791 Ἰωάννης
3224 2716 3375 2770 αὑτὸν
3409 2713 3540 2767 τοῦτο
3580 2708 3679 2774 λέγει

2216 2809 2596 2882 πεποιηκέναι’
2632 2810 2882 2872 κάκεῖνος
2908 2809 3007 2880 μὲν
3030 2810 3091 2861 ὲν
3126 2810 3264 2878 ἀρχῇ
3288 2805 3373 2858 τοῦ
3399 2798 3677 2868 Eua-mittor

2214 2896 2367 2967 οὗτος
2390 2902 2447 2956 δὲ
2476 2901 2611 2973 πρὸς
2640 2899 2717 2971 τῷ
2741 2900 2906 2955 τέλει.
2941 2900 3108 2953 Ὅθεν
3148 2900 3290 2961 εἰκὸς
3331 2894 3544 2963 δεύτερον

2217 2996 2362 3049 σθαι·
2391 2994 2485 3048 καὶ
2510 2993 2669 3064 δῆλον
2695 2993 2802 3047 ἀπὸ
2820 2993 2915 3046 τοῦ
2936 2995 3158 3066 χρόνον,
3178 2992 3268 3047 και
3282 2990 3380 3045 ἀπὸ
3402 2989 3487 3056 τῆς
3509 2978 3677 3049 ἀποκρί-

2216 3103 2375 3149 σεως·
2412 3088 2529 3139 ἐκεῖ
2552 3086 2652 3154 μὲν
2680 3084 2790 3156 γὰρ
2825 3086 3096 3157 σπήλαιον
3119 3084 3267 3155 λέγει
3285 3079 3491 3155 λῃστῶν,
3518 3070 3677 3129 ἐνταῦθα

2213 3174 2270 3230 δὲ
2301 3173 2449 3229 οἷκον
2470 3174 2762 3246 ἐμπορίου.

2285 3268 2385 3321 Διὰ
2425 3267 2478 3320 τί
2499 3267 2747 3336 λέγουσιν
2775 3266 2827 3320 οί
2874 3266 3207 3336 ίερεῖςόὐκ
3235 3261 3455 3325 ἀκούεις
3488 3254 3535 3309 τί
3566 3248 3677 3309 οὗτοι

2212 3356 2531 3428 λέγουσιν;
2554 3356 2644 3428 Τῷ
2672 3356 2852 3426 φθόνῳ
2875 3357 3194 3427 πνιγόμενοι
3228 3370 3240 3383 ·
3269 3352 3343 3405 διὸ
3370 3350 3450 3401 καὶ
3482 3342 3675 3411 intulit.

2214 3467 2322 3507 των
2345 3450 2542 3511 αὐτοὺς
2577 3447 2956 3520 ἀποκρίνεταισ
2990 3448 3129 3503 Ναί’
3153 3444 3419 3501 οὐδέποτε
3435 3435 3676 3507 ἀνέγνωτεὶ

2214 3542 2408 3597 καὶτὰ
2454 3540 2601 3611 ἑξῆς.
2664 3598 2667 3601 λ

2287 3634 2409 3698 ιΙῶς
2436 3634 2647 3704 πρωῒας
2690 3632 2882 3706 πεινᾷς
2928 3633 3056 3687 Ὀτι
3109 3630 3432 3703 συνεχώρησε
3466 3623 3521 3694 τῇ
3564 3611 3675 3686 σαρκὶ

2216 3724 2375 3780 τοῦτο
2403 3724 2619 3780 παθεῖν.

2272 3819 2373 3872 Διὰ
2390 3818 2443 3871 τί
2469 3818 2820 3890 κατηράσατο
2846 3818 2941 3872 καὶ
2959 3818 3157 3889 ἔψυξεν
3182 3815 3277 3887 τὴν
3312 3810 3489 3879 συκῆν;
3511 3798 3677 3890 Θαρῤεξν

2217 3910 2387 3965 ποιῶν
2409 3912 2535 3975 τοὺς
2592 3888 2863 3981 μαθητὰς,
2899 3888 3009 3963 καῖ
3043 3911 3128 3964 δτι
3183 3909 3252 3962 Οὐ
3287 3905 3428 3975 μόνον
3450 3888 3674 3981 εὐεργετεῖν

2218 4003 2476 4072 δύναμαι,
2517 3976 2652 4056 ἀλλὰ
2690 3976 2785 4056 καὶ
2810 4001 3083 4073 τιμωρίαν
3137 3988 3540 4065 ὲπενεγκεῖν.Διὰ
3555 3976 3675 4073 τιτίπν

2220 4071 2390 4166 συκῆν
2417 4094 2633 4164 ἔψυξεν,
2666 4096 2760 4148 καὶ
2794 4071 2895 4148 οὐκ
2923 4071 3267 4163 ἄλλο’φυτόν;
3301 4081 3488 4149 Ἐπειδὴ
3508 4071 3672 4166 ὑγρότα·

2218 4203 2309 4239 τον
2328 4161 2437 4238 τῶν
2459 4161 2640 4241 ⁷ἄλλων
2669 4186 2836 4250 ἐστὶν,
2867 4184 2952 4238 ἵνα
2982 4161 3334 4255 θαυέιαστωθῇ
3361 4168 3527 4245 μᾶλλον
3549 4161 3593 4215 τὸ
3613 4172 3670 4224 τι⁸

2220 4277 2466 4348 νόμενον.

619 4339 787 4425 νεεδ.
823 4339 914 4424 ξὸ.
957 4370 1019 4424 1η
1060 4387 1163 4441 qua
1185 4379 1445 4439 potestate
1473 4372 1583 4425 haec
1606 4370 1779 4441 facis?
1807 4372 1877 4426 ita
1913 4371 2110 4426 intelli-
2151 4380 2192 4434 υ

2096 4401 2110 4410 -
2151 4380 2193 4434 D
2285 4339 2380 4435 ;Ι’ὸ,
2424 4372 2520 4424 Ἐν
2543 4370 2681 4437 ποίᾳ
2723 4368 2978 4436 ἐξουσίᾳ
3033 4365 3216 4421 ταῦτα
3264 4355 3466 4419 ποιεῖςῐ
3502 4339 3669 4441 τέιθῦτοῗ

539 4462 774 4532 gendum
802 4470 888 4518 cst
918 4481 930 4517 :
971 4464 1258 4533 rogabant,
1288 4464 1545 4519 sacerdos
1595 4478 1719 4518 cum
1755 4479 1862 4519 non
1891 4464 1989 4524 sis.
2021 4480 2112 4519 ne-

2095 4493 2116 4504 -
2151 4425 2186 4434 -
2220 4462 2333 4533 ἔχει
2362 4425 2453 4515 τὸν
2480 4462 2622 4515 νοῠψ
2652 4425 3054 4533 ητούν,⁹1ερεὺς
3074 4459 3147 4530 μὴ
3173 4454 3264 4517 ὢν,
3289 4451 3319 4521 ἦ
3343 4425 3668 4533 διδάσκίξοῗΫί

540 4568 647 4624 que
704 4554 921 4619 doctor,
982 4569 1161 4624 neque
1226 4554 1532 4618 ordinatus,
1590 4555 1866 4624 quomodo
1909 4564 2113 4610 tantam

541 4648 872 4714 potestatemt,
902 4643 1226 4700 ostendisti?
1316 4667 1323 4674 -

592 4736 865 4807 Vensﬂ‘.
894 4736 1034 4802 Quid
1068 4736 1231 4791 habet
1247 4735 1452 4791 Christi
1483 4736 1845 4805 responsum?
1862 4734 2115 4806 Magnum

541 4828 759 4897 quidem
810 4838 897 4884 est
933 4834 987 4883 et
1038 4827 1308 4882 mirabile.
1361 4827 1663 4897 Interrogat
1717 4826 1861 4880 enim
1899 4842 1995 4883 eos
2051 4828 2119 4882 de

543 4918 812 4984 Joannne,
843 4918 989 4974 unde
1016 4929 1133 4974 erat
1162 4919 1281 4987 ejus
1325 4919 1633 4989 baptismus
1664 4918 1925 4974 ?.Etenim
1962 4919 2007 4974 si
2030 4919 2115 4974 di-

544 5012 775 5077 xissent,
802 5027 867 5066 ex
889 5010 1024 5079 Deo,
1059 5011 1294 5066 dixisset
1323 5011 1430 5075 eis,
1458 5025 1628 5077 quare
1648 5025 1756 5066 non
1784 5009 2006 5065 creditis
2027 5010 2074 5063 ei
2097 5009 2131 5091 ?'

544 5104 591 5159 si
627 5117 754 5157 vero
784 5101 1131 5159 dixissentex
1161 5102 1494 5169 hominibus,
1518 5104 1733 5157 turbam
1762 5102 2029 5157 timebant
2052 5118 2120 5157 ne

544 5196 613 5250 ab
673 5194 763 5249 illa
803 5194 1214 5265 lapidareutur;
1254 5209 1489 5266 magnus
1534 5196 1680 5250 enim
1708 5194 2013 5251 habebatur
2041 5194 2116 5249 illi

544 5286 800 5343 Joannes.

616 5376 785 5434 Vens.
813 5378 906 5435 28.
947 5377 1089 5444 Quid
1127 5376 1438 5446 significant
1465 5377 1521 5433 hi
1545 5376 1656 5432 duo
1681 5376 1776 5432 filii
1812 5377 1882 5432 de
1912 5377 2116 5449 quibus

549 5471 791 5538 loquitur
813 5468 1113 5525 Christus?
1139 5468 1410 5538 Populum
1468 5466 1713 5538 gentium
1745 5476 1800 5523 et
1851 5469 2117 5538 populum

550 5561 884 5629 ludazorum,
912 5578 978 5618 co
1025 5562 1169 5630 quod
1208 5561 1260 5615 hi
1292 5561 1511 5631 quidem
1544 5559 1716 5626 legem
1748 5561 2039 5615 audierunt
2065 5569 2120 5616 et

549 5670 657 5709 non
675 5652 925 5708 abierunt
948 5656 1000 5709 in
1018 5656 1265 5723 vincam;
1295 5654 1370 5711 illi
1388 5662 1571 5711 autem
1602 5670 1711 5710 non
1736 5653 1906 5723 legem
1933 5652 2119 5710 audie-

2220 4554 2641 4626 χειροτονηθεὶς,
2684 4553 2801 4617 πῶς
2859 4551 3129 4622 τοσαύτην
3183 4541 3408 4612 ἐξουσίαν
3452 4529 3665 4587 ἐπεδειςωὶ

2280 4742 2347 4796 Τί
2370 4742 2480 4812 ἔχει
2511 4742 2544 4812 ἡ
2566 4738 2803 4811 Χριστοῦ
2822 4738 3113 4810 ἀπόκρισις
3133 4722 3466 4802 ςΘαυμαστῶς
3484 4714 3584 4770 πολὺ
3606 4704 3666 4812 id

2224 4836 2367 4907 μέγα
2398 4800 2568 4888 ’ποιων
2606 4800 2630 4863 ι’
2649 4834 2831 4903 ἐρωτᾷ
2855 4800 3187 4903 γὰρ-αὐτους
3239 4800 3357 4891 περὶ
3383 4800 3664 4910 ἰωαννονὶξξι

2222 4902 2393 4980 ίιόθεν
2420 4924 2584 4977 αὐτοῦ
2612 4923 2672 4976 τὸ
2726 4902 3011 4992 βάπτισμα
3047 4940 3062 4987 ;
3092 4920 3198 4975 Kal.
3224 4914 3323 4984 γὰρ
3347 4911 3391 4963 εἰ
3425 4904 3505 5002 μὲν

2233 5017 2328 5071 Ἐκ
2365 5017 2522 5081 Θεοῦ,
2547 5011 2700 5069 εἶπεν
2730 5016 2795 5069 ἄν
2818 5032 2832 5048 ο
2862 5016 2973 5069 Καὶ
2993 5015 3081 5068 διὰ
3112 5011 3163 5064 τί
3200 5009 3256 5062 οὐ
3284 4996 3660 5093 maestis“???

2221 5108 2355 5161 εἰδὲ
2386 5078 2561 5173 εἶπον,
2598 5106 2690 5172 Ἐξ
2718 5107 3044 5177 ἀνθρώπων,
3089 5097 3359 5172 ἐφοϐοῦντο
3398 5087 3501 5177 τρὺξ

2224 5157 2773 5265 ξέὴ“λζόᾼέάίήέζο’σέν⁷
2797 5157 3044 5258 iam:
3093 5157 3258 5262 μέγα.
3308 5182 3403 5251 γάρ
3450 5166 3563 5239 ειχον
3602 5157 3659 5210 τὸν

2234 5284 2511 5356 Ἰωάννην.

2278 5377 2344 5430 Τί
2376 5353 2701 5448 σημαίνουσι
2748 5378 2817 5432 τὰ
2839 5378 3003 5431 τέκνα
3026 5376 3092 5431 τὰ
3120 5374 3206 5429 δύο
3250 5367 3364 5435 περὶ
3405 5353 3474 5448 (BV,

2220 5432 2492 5540 Χριστάξς
2520 5470 2625 5522 Τὸν
2643 5469 2772 5523 λαὸν
2808 5469 2918 5523 τῶν
2974 5468 3140 5523 tota»;
3184 5462 3274 5515 και
3318 5432 3412 5508 τῶν
3449 5432 3650 5544 ἰιυξιξξξξθξς

2219 5561 2302 5615 ὅτι
2332 5561 2381 5612 οί
2417 5560 2518 5629 μὲν
2549 5561 2865 5631 ὑπήκουσαν
2896 5562 2987 5614 τὸν
3028 5562 3182 5625 νόμον
3220 5550 3304 5606 καὶ
3344 5544 3427 5597 οὐκ
3469 5522 3637 5631 inde

2221 5655 2270 5706 οἱ
2316 5652 2385 5722 δὲ,
2414 5655 2512 5707 οὐκ
2546 5653 2784 5724 ἤκουσαν
2816 5654 2908 5708 καὶ
2949 5650 3198 5725 ἀπῆλθον.
3231 5642 3338 5698 ὅθεν
3372 5631 3419 5687 τὸ
3461 5623 3645 5677 συνεσκ,ιι

3542 5357 3623 5415 ησιν
3638 5338 3654 5387 ί
