3920 6206
187 310 323 377 1125

1169 316 1491 380 SCIIOLIA
1532 321 1825 381 'r'ETERA
1870 323 1953 384 IN
1989 322 2462 384 ΜᾹΤΤΗέΕυΜ.

3290 322 3430 388 1146

178 428 373 496 σμένον
401 424 517 479 λύει
546 426 743 494 λέγων,
786 425 870 481 δτι
904 430 968 481 οι
999 429 1251 483 τελῶναι
1288 433 1386 483 καὶ
1441 434 1500 484 αἱ
1530 432 1736 500 πόρναι

1854 442 1982 487 runt
2017 443 2073 487 et
2120 432 2374 487 abierunt
2398 432 2453 485 in
2512 431 2746 487 vincam.
2778 430 2934 488 Unde
2981 431 3127 503 quod
3173 443 3427 501 opertum

173 512 550 583 προάγουσιν
585 512 743 584 ὑμᾶς
769 517 857 579 εὶς
892 515 1008 583 τήν
1040 516 1372 581 ,βασιλείαν
1415 519 1536 573 τῶν
1570 521 1748 587 οὐρα-

176 623 321 660 νων.

240 697 563 768 Ἄνθρωπον
584 698 968 770 οἰκοδεσπότην
987 698 1080 752 τὸν
1094 700 1227 754 Θεδν
1253 700 1424 769 λέγει,
1448 702 1747 773 ἀμπελῶνα

170 789 227 843 δὲ
252 788 344 843 καὶ
366 787 525 859 ληνὸν
569 788 665 841 καὶ
708 788 919 858 πύργον
953 790 1047 845 τὸν
1075 790 1241 861 νόμον
1275 792 1334 845 ὃν
1357 792 1611 860 δέδωκεν,
1651 794 1748 847 καὶ

171 880 270 949 τὴν
300 879 454 933 πόλιν
487 880 555 948 ἢν
599 880 915 951 ἀνέστησεν,
968 881 1066 935 καὶ
1088 883 1181 935 τὸν
1214 882 1340 934 ναὸν
1398 884 1459 937 ὃν
1502 884 1744 954 ἦγειρεψ

169 969 450 1039 γεωργοὺς
469 968 548 1033 δὲ,
574 969 700 1033 τοὺς
729 970 1036 1033 Ἰουδαίουςσ
1066 970 1233 1025 ἔδωκε
1260 973 1317 1025 δὲ
1342 973 1523 1037 αὐτοῖς
1545 973 1745 1041 φυλάσ-

172 1078 285 1114 σειν
321 1061 389 1114 τὰ
425 1060 669 1114 δοθέντα.
713 1061 786 1114 Τὸ
820 1062 899 1127 δὲ,
935 1064 1347 1132 ἀπεδήμησεν,
1405 1065 1505 1134 τὴν
1546 1065 1747 1134 πολλὴν

173 1152 554 1222 μακροθυμίαν
585 1151 863 1221 σημαίνειο
893 1153 1085 1223 ὅτιπερ
1129 1154 1230 1207 ούκ
1265 1155 1352 1207 ἀεὶ
1392 1154 1545 1227 παρὰ
1572 1156 1740 1217 πόδας

174 1244 370 1312 ἐπάγει
415 1242 515 1306 τὰς
559 1244 847 1314 τιμωρίας.
891 1246 955 1298 Οί
997 1246 1053 1298 δὲ
1099 1246 1494 1311 ἀποσταλέντες
1542 1246 1742 1311 δοῦλοι,

173 1337 223 1388 oi
256 1336 530 1405 προφῆται
560 1338 719 1389 είσιψ
761 1338 974 1408 καρπὸς
1005 1338 1061 1391 δὲ
1091 1341 1125 1408 ὴ
1166 1339 1382 1410 ὑπακοὴ
1430 1337 1526 1391 τοῦ
1577 1339 1743 1408 νόμου

170 1425 340 1476 ἐστίν’
394 1425 559 1489 τὸδὲ,
616 1426 800 1491 Ἴσως
876 1426 1361 1495 ἐντραπήσονται
1436 1426 1544 1481 τὸν
1585 1428 1740 1492 υιὸν,

168 1511 326 1570 εἶπεν
352 1519 451 1588 οὐχ
480 1517 556 1581 ὡς
577 1518 811 1585 ἀγνοῶν,
830 1519 965 1573 ἀλλά
990 1520 1129 1589 μέγα
1157 1518 1324 1584 δεῖξαι
1355 1518 1416 1573 τὸ
1436 1519 1744 1590 ἁμάρτημα

168 1610 492 1681 βουλόμενος
524 1626 539 1642 ·
575 1611 681 1677 ἔξω
730 1610 787 1663 δὲ
835 1608 989 1664 εἶπεν
1048 1611 1129 1664 ὅτι
1189 1611 1519 1666 ἀπέκτειναν
1580 1612 1743 1665 αὑτὸν

163 1700 259 1752 τοῦ
291 1698 631 1767 ἀμπελῶνος,
666 1700 853 1772 ἐπειδὴ
876 1700 983 1767 ἔξω
1022 1700 1121 1769 τῆς
1147 1699 1353 1764 πόλεως
1386 1698 1742 1771 ἐσταύρωσαν

163 1792 255 1845 τὸν
281 1791 483 1861 Κύριον
514 1791 701 1862 ἡμῶν.

236 1902 394 1957 Λίθον
429 1902 620 1956 ἑαυτὸν
655 1901 828 1967 καλεῖ,
869 1900 1186 1972 οίκοδόμους
1212 1901 1271 1954 δὲ
1306 1901 1436 1965 τοὺς
1481 1901 1739 1955 διδασκά-

161 1993 287 2060 λους
328 1996 436 2048 τῶν
478 1995 744 2049 Ἰουδαῖων
773 2011 790 2029 ο
836 1994 1297 2063 ἀπεδοκίμασαν
1329 1994 1407 2060 δὲ,
1460 1994 1629 2063 λέγει,
1681 1995 1740 2046 ὲν

161 2087 241 2156 τῷ
273 2086 455 2152 λέγειν
480 2085 695 2148 αὐτούς·
733 2088 853 2139 Οὐκ
886 2086 1058 2139 ἔστιν
1106 2085 1175 2138 ἐκ
1208 2084 1315 2139 τοῦ
1348 2085 1519 2150 Θεοῦ,
1560 2081 1742 2151 οὗτος

160 2176 365 2244 πλανᾷ
422 2176 532 2230 τὸν
581 2177 853 2247 κόσμων
916 2177 1010 2230 καὶ
1040 2217 1055 2242 ,
1094 2176 1462 2244 Σαμαρείτης
1527 2176 1736 2229 ἐστίν’

158 2267 223 2319 τὸ
250 2266 328 2332 δὲ,
386 2267 674 2337 Ἐγενήθη
702 2270 788 2333 εἰς
818 2266 1093 2336 κεφαλὴν
1140 2270 1379 2336 γωνίας,
1420 2266 1501 2318 ὅτι
1533 2264 1605 2317 τά
1659 2264 1738 2317 δι-

158 2355 371 2409 εστῶτα
399 2356 525 2427 ἔθνη
562 2358 657 2411 καὶ
719 2356 1009 2421 Ἰουδαίους
1047 2357 1175 2419 τοὺς
1212 2356 1612 2417 πιστεύσαντας
1657 2355 1736 2417 εἰς

164 2446 226 2497 ἓν
261 2448 497 2515 συνῆψεν
517 2464 531 2477 ο
559 2448 619 2500 τὸ
641 2448 718 2512 δὲ,
748 2450 911 2516 Παρὰ
938 2450 1160 2515 Κυρίου
1186 2446 1422 2516 ἐγένετο
1450 2447 1603 2513 αὕτη
1638 2447 1735 2500 καὶ

157 2538 333 2589 ἐστιν
360 2539 673 2607 θαυμαστὴ
708 2540 779 2591 ἐν
800 2538 1126 2607 ὀφθαλμοῖς
1153 2538 1341 2606 ἡμῶν,
1383 2540 1464 2591 ἂτι
1485 2537 1737 2607 οὐδαμῶς

159 2626 309 2679 ἐστιν
345 2624 485 2694 αὕτη
522 2626 556 2695 ἠ
608 2624 779 2693 γωνία
820 2626 1039 2679 ἐναντία
1088 2626 1246 2689 Θεοῦ,
1273 2626 1412 2679 ἀλλά
1462 2627 1567 2679 καὶ-
1608 2626 1738 2679 θαυ-

160 2716 345 2785 μαστὴ
368 2717 498 2787 ἡμῖν
519 2732 533 2746 ’
557 2715 618 2769 τὸ
648 2716 704 2769 δὲ
727 2716 923 2782 εἰπεῖν,
956 2717 1039 2769 ὅτι
1069 2717 1133 2769 '0
1157 2716 1366 2770 πεσὼν
1393 2716 1493 2769 ἐπὶ
1519 2716 1627 2770 τὸν
1654 2716 1738 2770 λί-

156 2811 271 2863 θον
300 2808 533 2871 τοῦτον,
553 2807 1087 2874 συνθλασθήσεται
1108 2825 1123 2840 ’
1160 2808 1252 2877 ἐφ’
1282 2807 1356 2862 ὃν
1382 2807 1434 2861 δ’
1466 2808 1543 2864 ἂν
1576 2809 1735 2878 πέσῃ

152 2896 443 2966 λικμήσει
486 2898 693 2977 αὐτὸν,
723 2898 817 2951 δύο
865 2899 1086 2971 ᾐνίξατο
1131 2900 1428 2966 ἀπωλείας,
1464 2900 1735 2971 μίανιτοῦ

156 2988 640 3059 σκανδαλισθῆναι,
672 2990 701 3043 ὂ
740 2992 888 3044 ἐστιν
912 2992 1219 3062 προσκόψαι
1236 3008 1251 3022 ·
1273 2992 1431 3045 τοῦτο
1455 2992 1563 3063 γὰρ
1588 2992 1739 3064 δηλοῖ

152 3076 221 3129 τ’)
252 3079 434 3129 πεσεῖν
456 3078 548 3131 ἐπὶ
568 3077 660 3131 τδν
680 3078 826 3132 λίθον
855 3097 869 3111 ·
900 3082 1094 3152 ἑτέραν
1123 3082 1179 3136 δὲ
1210 3082 1309 3153 τὴν
1336 3082 1444 3136 ἀπὸ
1467 3083 1569 3152 τῆς
1591 3082 1736 3137 ἀλώ-

157 3182 301 3230 σεως
362 3167 543 3223 αὐτῶν
570 3170 668 3225 καὶ
717 3173 1005 3242 συμφορᾶς
1031 3191 1044 3205 υ
1071 3173 1158 3227 διὰ
1202 3174 1361 3227 τοῦτο
1404 3173 1461 3228 δὲ
1499 3174 1595 3229 καὶ
1638 3174 1738 3244 τὴν

154 3254 456 3310 ἀνάστασιν
479 3257 699 3329 ᾐνίξατο
731 3261 831 3331 τὴν
860 3261 1080 3316 ἑαυτοῦ.

735 3385 989 3444 ΚΕΦΑΛ.
1023 3389 1157 3446 KB'.

244 3510 309 3565 Ἦ
370 3511 469 3582 μὲν
506 3511 603 3566 τοῦ
651 3513 978 3583 ἀμπελῶνος
1023 3515 1331 3588 παραϐολὴ,
1366 3517 1435 3572 τὰ
1476 3518 1583 3590 πρὸ
1640 3520 1736 3574 τοῦ

158 3602 398 3674 σταυροῦ
428 3603 683 3674 ᾐνίξατο·
714 3604 852 3676 αὕτη
900 3605 958 3658 δὲ
1006 3606 1077 3660 τὰ
1119 3606 1257 3676 μετά
1296 3607 1396 3678 τὴν
1444 3609 1739 3663 ἀνάστασιν

155 3694 330 3762 λέγει.
360 3694 398 3745 Γ
402 3694 541 3763 ἀμος
574 3694 608 3763 ἡ
646 3692 1079 3765 ὲνανθρώπησις,
1112 3696 1201 3749 διὰ
1233 3698 1296 3750 τὸ
1335 3700 1511 3769 χαρᾶς
1543 3699 1738 3769 γέμειν

155 3785 571 3855 πνευματικῆς·
614 3785 737 3838 ἐπεὶ
760 3789 855 3838 καὶ
894 3785 1131 3857 νυμφίον
1186 3786 1351 3841 αὐτὸν
1396 3789 1426 3841 ὁ
1483 3788 1737 3860 ’Ῑωάννης

157 3876 320 3929 καλεῖ
343 3892 357 3909 ο
383 3876 758 3947 κεκλημένους
786 3876 843 3929 δὲ
877 3876 1048 3945 λέγει,
1075 3877 1199 3931 ἐπεὶ
1227 3878 1334 3950 πρὸ
1357 3877 1553 3931 πολλοῦ
1573 3879 1737 3948 ἐκλή-

158 3966 371 4037 θησανο
411 3967 719 4039 ἐκλήθησαν
763 3968 819 4021 δὲ
867 3967 959 4022 διὰ
983 3968 1092 4022 τῶν
1119 3969 1442 4042 προφητῶν.
1481 3971 1735 4041 ’Δριστος

155 4057 240 4123 δὲ,
267 4058 367 4129 τὴν
414 4057 614 4129 πολλὴν
650 4058 993 4130 εὐφροσύνην
1042 4060 1151 4114 τῶν
1191 4060 1487 4131 θαυμάτων
1546 4061 1734 4129 λέγει·

153 4148 277 4204 ἀλλ’
311 4150 434 4203 οὐδὲ
465 4149 639 4214 οὕτως
668 4150 867 4213 αὐτοὺς
902 4151 1216 4220 ἐνέτριψεν,
1240 4151 1357 4206 ἀλλ’
1395 4153 1604 4223 ἀγροὺς
1640 4153 1736 4204 καὶ

153 4240 232 4295 τὰ
279 4240 524 4311 παρόντα
559 4242 660 4311 τῆς
701 4239 1041 4311 εὐφροσύνης
1093 4240 1298 4311 ταύτης
1334 4241 1734 4312 προετίμησαν.

157 4334 356 4398 Ποίους
393 4334 451 4387 δὲ
485 4334 705 4395 δούλους
749 4333 1014 4403 ὓόρισανς
1044 4333 1183 4395 Τοὺς
1212 4332 1542 4395 ἀποστόλους
1582 4349 1597 4362 ·
1641 4334 1740 4386 αύ-

158 4428 247 4478 τοὶ
283 4426 393 4497 γὰρ
421 4426 621 4487 αὐτοὺς
654 4424 794 4494 μετά
818 4426 916 4494 τὴν
944 4424 1241 4478 ἀνάστασιν
1277 4424 1697 4493 εὐηγγελίζοντο
1716 4440 1733 4457 ·

154 4518 222 4571 τὸ
266 4516 325 4570 δὲ
370 4517 583 4587 πέμψαι
623 4516 692 4569 τὰ
743 4514 1084 4585 στρατόπεδα
1115 4514 1282 4569 αὐτοῦ
1332 4517 1426 4570 καὶ
1476 4517 1737 4572 ἀπολέσαι

155 4610 288 4673 τοὺς
348 4612 550 4679 φονεῖς,
584 4610 678 4663 καὶ
732 4607 833 4679 τὴν
881 4608 1036 4661 πόλιν
1079 4608 1260 4662 αὖτῶν
1314 4608 1621 4680 ἐμπρῆσαι,
1668 4610 1738 4663 τὰ

158 4702 430 4771 γενόμενα
461 4702 556 4754 ἐπὶ
584 4700 998 4754 Οὐεσπασιανοῦ
1033 4700 1206 4769 λέγει.

232 4810 297 4861 Τί
353 4812 502 4863 ἔστιν
537 4811 619 4874 τδ,
655 4812 777 4865 Οὐκ
812 4804 978 4881 ἦσαν
1026 4809 1183 4875 ἄξιοι
1236 4811 1293 4864 οι
1336 4812 1739 4879 κεκληιμένου

163 4901 338 4965 Ἔδει,
366 4903 549 4971 φησὶν,
582 4902 779 4964 αὐτοὺς
831 4901 967 4971 μηδὲ
1003 4900 1272 4970 κληθῆναι
1296 4917 1312 4933 ο
1357 4901 1473 4954 ἀλλ’
1519 4903 1607 4955 ἵνα
1658 4904 1734 4976 μὴ

157 4992 439 5064 καταλίπῃ
485 4995 667 5057 αὐτοῖς
699 4995 995 5066 πρόφασιν,
1027 4991 1233 5063 καίπερ
1262 4990 1420 5057 είδὼς
1464 4993 1563 5065 τὴν
1599 4996 1735 5049 ἀπι-

158 5086 314 5139 στίαν
337 5086 536 5153 αὐτῶν,
573 5085 670 5139 ἐπε
679 5086 840 5155 μψεν.

232 5179 299 5230 Τί
343 5180 494 5232 ἐστιν
525 5178 608 5243 τὸ,
655 5177 963 5241 Ἐξέλθετε
1008 5182 1098 5242 εἰς
1144 5178 1253 5243 τὰς
1292 5180 1585 5244 πλατείας
1635 5180 1735 5234 καί

156 5272 263 5335 τὰς
293 5270 604 5336 διεξόδους
639 5271 822 5340 ;Περὶ
864 5270 975 5325 τῶν
1026 5271 1196 5325 ἐθνῶν
1250 5272 1441 5340 λέγει’
1476 5272 1571 5325 καὶ
1627 5272 1737 5342 γάρ

156 5363 263 5415 οὐκ
297 5362 355 5415 ὲν
403 5361 510 5431 ὁδῷ
546 5355 659 5415 οἷον
690 5362 750 5414 ὲν
803 5362 974 5431 νόμῳ,
1014 5363 1130 5415 ἀλλ’
1166 5362 1366 5428 ἔξωθεν
1422 5364 1523 5431 τῆς
1559 5363 1733 5435 ὀρθῆς

160 5452 410 5521 ὑπῆρχον
435 5451 557 5505 ὀδοῦ
583 5468 597 5482 ·
628 5452 833 5520 ἔνδυμα
867 5452 924 5504 δὲ
949 5453 1131 5522 γάμου
1158 5452 1309 5504 ἐστὶν
1344 5452 1457 5521 βίος
1479 5453 1659 5521 ὀρθός.

230 5544 327 5604 Τὸ,
370 5544 427 5598 '0
480 5546 786 5609 κλαυθμὸς
815 5543 913 5597 καὶ
950 5544 1224 5612 ,ϐρυγμὸς
1275 5542 1397 5596 τῶν
1450 5543 1733 5611 ὀδόντων,

159 5636 334 5689 ἐκεῖνό
366 5637 535 5702 ἐστιν,
564 5639 626 5691 τδ
654 5637 736 5699 είς
770 5637 1193 5706 ἀκαρτερήτους.
1218 5635 1414 5699 ὀδύνας
1442 5637 1727 5693 εἰσελθεῖν.

248 5726 466 5800 Ἐπειδὴ
519 5729 809 5799 ἐφοϐοῦντο
842 5729 962 5792 τοὺς
993 5727 1209 5798 ὄχλους,
1231 5728 1504 5800 δημοσίων
1547 5728 1732 5801 ἀδικηυ

1850 534 1969 579 erat
2022 525 2198 594 aperit
2257 524 2487 587 dicens,
2537 524 2663 593 quia
2709 525 2983 593 publicani
3030 533 3080 578 et
3133 524 3430 576 meretrices

1851 616 2144 685 precedent
2174 632 2261 669 vos
2290 615 2343 667 in
2374 630 2589 685 regnum
2617 616 2889 669 caelorum.

1927 707 2094 764 Vens.
2122 708 2212 762 33.
2237 705 2527 761 Hominem
2561 716 2769 776 patrem
2802 706 3044 762 familias
3076 706 3245 760 Deum
3270 705 3426 768 dicit,

1850 798 2063 853 vineam
2089 810 2142 857 et
2175 800 2419 855 torcular
2446 808 2501 854 et
2532 807 2760 862 turrem,
2811 797 2983 866 legem
3032 810 3193 863 quam
3255 795 3427 858 dedit,

1860 893 2054 947 urbem
2075 908 2235 962 quam
2261 892 2567 956 aediﬁcavit,
2591 900 2645 946 et
2670 890 2929 959 templum
2959 888 3102 958 quod
3121 887 3428 950 exstruxit;

1850 978 2118 1047 agricolas
2161 990 2343 1034 autem
2396 979 2635 1034 Judazos.
2688 977 2842 1032 Dedit
2869 992 2999 1031 vero
3037 977 3117 1032 eis
3147 975 3430 1030 custodire

1847 1065 1990 1120 dona
2024 1083 2143 1122 sua.
2170 1068 2328 1132 illud,
2360 1066 2639 1135 Profectus
2670 1076 2773 1131 est,
2837 1081 3092 1133 magnam
3170 1063 3427 1134 longani-

1849 1160 2091 1215 mitatcm
2150 1162 2466 1231 signiﬁcat;
2521 1160 2649 1230 quia
2732 1174 2836 1213 non
2929 1173 3144 1227 semper
3218 1157 3430 1212 celeres

1849 1248 2042 1319 inﬂigit
2105 1265 2319 1319 pcenas.
2396 1249 2502 1315 Qui
2586 1248 2739 1303 missi
2827 1258 2956 1302 sunt
3038 1247 3221 1310 servi,
3302 1261 3432 1315 pro-

1847 1341 2024 1410 pheta:
2103 1351 2275 1408 sunt;
2376 1340 2591 1395 fructus
2678 1348 2909 1405 autem,
3006 1338 3142 1408 legis
3227 1336 3427 1391 obser-

1845 1432 1989 1486 vatio
2017 1440 2120 1486 est.
2155 1431 2288 1484 Illud
2313 1438 2519 1493 autem,
2559 1430 2697 1499 forte
2726 1431 3041 1483 verebuntur
3066 1429 3262 1497 ﬁlium,
3291 1428 3431 1483 dixit

1844 1536 1952 1575 non
1985 1530 2046 1574 ut
2093 1522 2380 1592 ignorans,
2434 1519 2528 1572 sed
2581 1534 2835 1588 magnam
2894 1519 3189 1573 ostendere
3242 1519 3430 1573 volens

1846 1612 2211 1681 iniquitatem.
2239 1610 2385 1665 Dixit
2409 1618 2592 1664 autem
2632 1610 2733 1664 bos
2766 1610 3033 1664 occidisse
3065 1609 3217 1663 illum
3274 1618 3430 1663 extra

1845 1703 2082 1769 vineam,
2108 1703 2236 1774 quia
2257 1712 2411 1758 extra
2440 1702 2631 1756 urbem
2688 1700 3084 1755 cruciﬁxerunt
3134 1699 3427 1753 Dominum

1777 1783 1818 1837 Β
1845 1801 2122 1849 nostrum.

1926 1902 2095 1958 Vens.
2122 1902 2212 1956 42.
2246 1903 2507 1973 Lapidem
2570 1917 2632 1957 se
2685 1908 2865 1965 vocat,
2918 1899 3251 1955 aedificantes
3314 1914 3413 1953 an-

1848 2002 1953 2048 tem
1990 1994 2243 2048 doctores
2308 1993 2648 2048 Iudaeorum.
2709 1990 3132 2059 chrobaverunt
3216 1996 3423 2053 autem,

1847 2084 2046 2153 inquit,
2083 2085 2311 2139 dicendo
2339 2101 2353 2138 :
2391 2083 2514 2138 Non
2553 2100 2617 2138 ex
2651 2081 2762 2136 Deo
2785 2092 2882 2147 est,
2921 2082 3020 2135 iste
3046 2080 3246 2134 seducit
3277 2097 3430 2133 mun-

1844 2180 2007 2240 dum;
2028 2186 2102 2239 et,
2130 2174 2507 2230 Samaritanus
2541 2184 2638 2229 est.
2673 2174 2809 2228 Illud
2843 2188 3008 2237 vero;
3049 2170 3248 2225 Factus
3267 2184 3343 2224 est
3372 2172 3428 2225 ia

1846 2277 2003 2338 caput
2029 2269 2236 2337 anguli,
2261 2269 2388 2337 quia
2424 2276 2705 2337 separatas
2759 2274 2947 2333 gentes
2989 2270 3045 2318 et
3088 2263 3305 2317 Judaeos
3331 2265 3424 2333 qui

1844 2360 2193 2414 crediderunt
2231 2358 2283 2411 in
2326 2374 2493 2412 unum
2523 2356 2827 2427 compegit;
2870 2356 2912 2409 A
2940 2354 3163 2408 Domino
3213 2355 3417 2423 factum

1844 2462 1920 2506 est
1952 2452 2117 2516 istud,
2152 2460 2203 2506 et
2244 2462 2318 2505 est
2352 2451 2596 2505 mirabile
2626 2452 2680 2504 in
2704 2450 2870 2504 oculis
2914 2449 3136 2514 nostris,
3169 2450 3296 2518 quia
3325 2450 3428 2502 mi-

1845 2547 1992 2596 nime
2016 2543 2131 2611 ipse
2158 2553 2243 2595 est
2272 2542 2506 2610 angulus
2538 2543 2851 2595 contrarius
2880 2540 3010 2604 Deo,
3060 2541 3153 2596 sed
3186 2551 3239 2595 et
3267 2542 3426 2595 nobis

1848 2632 2243 2697 admirandus;
2302 2631 2436 2686 illud
2494 2640 2699 2697 autem,
2737 2630 2842 2697 Qui
2885 2631 3163 2700 o/feuderit
3197 2633 3249 2685 in
3271 2632 3409 2684 hunc

1844 2724 2072 2793 lapidem
2097 2722 2398 2790 collidetur,
2428 2724 2483 2777 in
2524 2739 2678 2794 quem
2732 2722 2976 2777 ceciderit
3001 2732 3231 2779 conteret
3280 2740 3421 2789 eum,

1850 2820 1988 2875 duas
2050 2820 2228 2875 innuit
2284 2820 2642 2890 perditiones,
2682 2835 2849 2874 unam
2880 2834 2911 2875 e
2955 2819 3241 2883 seandalo,
3278 2820 3424 2890 quod

1844 2921 1928 2967 est
1953 2912 2224 2967 olfendere
2253 2929 2269 2978 ;
2302 2912 2403 2967 hoc
2425 2913 2571 2966 enim
2624 2912 2831 2967 indicat
2877 2911 3153 2968 offendere
3183 2912 3239 2965 in
3283 2913 3423 2979 lapio

1844 3004 2011 3070 dem;
2088 3004 2315 3057 alteram
2381 3012 2562 3057 autem
2615 3017 2679 3056 ex
2727 3002 2946 3056 illorum
3023 3002 3309 3058 obsidione
3372 3014 3425 3058 et

1845 3096 2249 3159 destructione;
2283 3112 2378 3167 per
2404 3096 2507 3153 hoc
2550 3105 2733 3151 autem
2762 3094 2929 3152 etiam
2964 3110 3121 3151 suam
3169 3110 3415 3151 resurre-

1848 3190 2088 3246 ctionem
2116 3191 2295 3246 innuit

2462 3404 2695 3461 CAPUT
2726 3404 2895 3461 XXII.

1924 3528 2098 3585 Vens.
2133 3529 2189 3584 2.
2222 3528 2407 3584 Vincze
2436 3531 2696 3599 parabola
2718 3547 2839 3600 qua:
2854 3544 3070 3586 crucem
3096 3531 3424 3586 antecedunt

1839 3622 2076 3688 indicat;
2117 3623 2233 3677 ba'c
2258 3633 2441 3678 autem
2473 3638 2595 3693 quae
2628 3623 3089 3678 resurrectionem
3116 3634 3423 3693 sequuntur

1838 3715 2074 3770 nuntiat.
2100 3713 2316 3784 Nuptiae
2355 3714 2663 3770 incarnatio
2683 3722 2788 3780 est,
2819 3729 2941 3784 quae
2976 3714 3246 3783 spirituali
3282 3731 3419 3784 gau-

1837 3807 1928 3861 dio
1956 3806 2231 3876 impletur.
2274 3806 2407 3861 Nam
2432 3816 2485 3861 et
2506 3822 2769 3877 sponsum
2794 3806 2948 3861 illum
2973 3805 3212 3863 Joamtes
3237 3818 3420 3863 vocat.

1837 3898 2098 3954 lnvitatos
2128 3906 2309 3953 autem
2329 3896 2483 3964 dicit,
2514 3900 2643 3969 quia
2678 3896 3009 3969 jampridem
3032 3898 3208 3954 vocati
3237 3906 3419 3954 erant.

1838 3986 2033 4045 Vocati
2086 3998 2246 4044 erant
2276 4003 2372 4059 per
2398 3990 2711 4059 prophetas.
2744 3986 3046 4041 Prandium
3091 3996 3270 4042 autem
3302 4004 3421 4042 ms—

1837 4095 2003 4150 gnum
2051 4080 2441 4135 miraculorum
2492 4079 2752 4149 gaudium
2796 4086 2999 4143 vocat;
3053 4078 3145 4133 sed
3204 4094 3312 4132 non
3347 4079 3420 4132 ita

1839 4170 1960 4226 illos
1982 4173 2272 4235 convertit,
2314 4171 2409 4225 sed
2437 4170 2595 4225 villas
2616 4186 2769 4235 suas,
2802 4170 2854 4226 id
2882 4179 2988 4232 est,
3017 4184 3255 4238 praesens
3276 4169 3420 4224 istud

1840 4260 2121 4330 gaudium,
2147 4261 2691 4329 praetulerunt.Quos
2721 4271 2902 4316 autem
2932 4274 3124 4314 servos
3145 4270 3422 4314 contume-

1839 4350 1928 4405 liis
1957 4349 2294 4404 all‘ncerunt?
2345 4350 2682 4417 Apostolos:
2715 4348 2770 4401 bi
2805 4350 2950 4402 enim
2989 4348 3115 4403 illos
3168 4356 3292 4416 post
3328 4362 3419 4401 re-

1842 4441 2240 4497 surrectionem
2324 4441 2862 4511 evangelizaverunt.
2934 4440 3218 4496 Exercitus
3287 4457 3420 4499 suos

1844 4533 2060 4587 mittere
2107 4543 2163 4589 et
2211 4532 2440 4603 perdere
2481 4533 2785 4589 homicidas
2857 4532 3001 4598 illos,
3053 4542 3106 4588 et
3146 4533 3416 4589 civitatem

1843 4623 2060 4679 illorum
2078 4625 2432 4688 succendere,
2451 4639 2577 4695 qua:
2594 4625 2698 4680 sub
2726 4621 3061 4695 Vespasiano
3077 4623 3421 4694 contigerunt

1841 4714 2110 4787 praedicit.
3422 4728 3433 4761 ι

1912 4820 2075 4877 Vens.
2099 4822 2152 4877 8.
2184 4821 2325 4887 Quid
2350 4830 2454 4888 est,
2494 4822 2584 4892 qui
2611 4821 2822 4875 invitati
2873 4829 3047 4887 erant,
3073 4837 3176 4876 non
3197 4820 3417 4891 {uerunt

1840 4915 2034 4984 digni?
2067 4914 2429 4985 oportuisset,
2474 4914 2673 4984 inquit,
2707 4930 2804 4970 eos
2860 4930 2970 4969 non
3025 4914 3280 4979 invitari;
3315 4913 3413 4969 sed

1842 5018 1902 5062 ut
1932 5024 2040 5064 non
2074 5008 2182 5063 illis
2234 5006 2646 5063 excusationem
2704 5007 2998 5078 linqueret,
3056 5006 3186 5064 licet
3228 5010 3415 5065 scietas

1841 5100 2059 5156 illorum
2093 5097 2555 5163 incredulitatem,
2581 5099 2750 5156 misit.

1922 5190 2084 5245 Vens.
2112 5189 2167 5244 9.
2195 5188 2335 5255 Quid
2358 5197 2465 5255 est,
2483 5194 2564 5245 Ite
2586 5192 2654 5243 ad
2684 5189 2888 5260 plateas
2905 5199 2951 5244 et
2974 5191 3147 5246 exitus
3166 5191 3367 5243 viarum
3388 5190 3416 5243 γ

1840 5282 1906 5337 de
1936 5282 2188 5351 gentibus
2226 5281 2432 5335 dictum
2466 5290 2571 5336 est.
2619 5283 2833 5357 Etenim
2871 5298 2981 5336 non
3015 5281 3068 5336 in
3120 5282 3209 5336 via
3256 5282 3416 5351 quasi

1839 5372 1898 5425 in
1919 5372 2053 5440 lege.
2078 5370 2172 5424 sed
2195 5379 2347 5423 extra
2381 5381 2587 5423 rectam
2639 5370 2779 5424 viam
2814 5370 3212 5435 versabantur;
3251 5370 3421 5425 vestis

1843 5470 2025 5515 autem
2048 5459 2311 5528 nuptialis
2340 5468 2425 5514 est
2459 5459 2564 5513 vita
2596 5470 2763 5514 recta.

1916 5549 2079 5604 Vnus.
2099 5548 2187 5603 15.
2216 5547 2399 5603 Fletus
2419 5557 2468 5603 et
2493 5549 2691 5602 stridor
2711 5548 3241 5613 dentium,dolorum
3269 5548 3418 5604 into-

1838 5641 2145 5697 lerabilium
2180 5641 2516 5696 invasionem
2542 5641 2847 5709 designant.

1915 5732 2077 5790 Vens.
2116 5735 2199 5791 15.
2226 5734 2491 5802 Quoniam
2524 5734 2787 5789 timebant
2838 5735 3026 5792 turbas
3072 5735 3411 5806 publicorum
