3984 6204
242 337 381 404 1149

1227 338 1548 400 SCIIOLIA
1592 337 1894 399 VETERA
1935 336 2013 395 ΙΝ
2057 336 2535 397 ΜΑΤΤΗ.·ΕΠΜ.

3358 338 3494 406 1150

242 453 344 505 τῶν
382 450 582 521 χειρῶν
625 451 823 507 αὐτῶν.
854 451 945 505 Διὸ
978 453 1070 506 καὶ
1120 451 1307 521 ἔλεγεν
1334 468 1349 483 ·
1398 455 1614 508 Ἔσται
1666 452 1797 507 dad-

1920 451 2052 506 hria:
2094 460 2274 505 autem
2330 451 2744 521 hyacinthinum
2793 460 3049 507 ornatum
3086 451 3408 525 designant;
3443 458 3492 510 id

238 548 421 599 λευτα
444 544 518 596 ἐν
543 544 874 612 ὀφθαλμοῖς
903 559 1040 607 σου,
1069 543 1228 597 ἅτινα
1268 544 1496 599 ἐκάλουν
1543 544 1816 615 φυλακτή-

236 652 331 706 ρια
360 651 375 665 ο
402 634 473 688 τὰ
496 634 552 688 δέ
582 636 866 704 κράσπεδα
898 637 1157 703 σημαίνει
1183 635 1416 707 κλῶσμα
1463 636 1772 689 ὑακίνθινον
1796 652 1811 666 ·

1917 545 2063 601 enim
2092 554 2150 600 ut
2167 545 2407 615 parvulis
2423 545 2590 615 jussit
2615 544 2814 611 facere,
2836 557 2891 599 et
2917 545 2970 599 in
2997 554 3149 601 veste
3166 547 3310 602 circa
3338 564 3493 604 uram

1912 636 2069 707 juxta
2092 637 2257 707 pedes
2281 636 2553 707 adaptari,
2585 644 2646 691 ut
2665 637 2738 692 ob
2758 638 2950 692 oculos
2979 636 3243 693 habentes
3268 641 3490 694 manda-

243 723 395 777 τοῦτο
421 724 533 793 γὰρ
567 722 757 792 ὥσπερ
798 723 1032 786 παιδίοις
1070 724 1325 777 ἐκέλευσε
1356 727 1553 788 ποιεῖν,
1590 726 1682 779 καὶ
1720 724 1797 779 ἐπέ

1918 739 2098 785 torum
2130 746 2241 785 non
2270 730 2684 786 obliviscantur.
2717 730 2969 785 Ostendit
3012 746 3145 801 ergo
3174 732 3255 786 eis
3295 748 3489 786 vanam

244 815 311 884 τῷ
341 814 540 884 ίματίῳ
568 816 696 882 περὶ
726 815 825 886 τὴν
856 815 969 869 ὤαν
1001 817 1130 886 περὶ
1164 818 1290 879 τοὺς
1346 817 1515 880 πόδας
1564 818 1814 890 ἀπορρά-

1917 837 2014 877 eos
2044 836 2149 875 non
2182 822 2235 876 in
2258 822 2469 893 magnis
2496 832 2551 878 et
2580 823 2911 879 necessariis
2934 822 3186 893 gloriam,
3207 823 3303 878 sed
3331 824 3383 877 in
3409 822 3492 877 his

235 907 493 967 πτεσθαι,
523 908 610 961 ἵνα
636 908 993 979 προσέχοντες
1033 910 1548 979 ἀναμιμνήσκωνται
1577 910 1685 963 τῶν
1721 914 1797 964 ἐν·

1919 913 2132 969 levibus
2166 913 2442 970 aﬂ'eetare.

240 1002 415 1059 εολῶν.
445 1001 729 1057 Δείκνυσιν
767 1003 858 1057 οὖν
886 1007 1091 1069 αὐτοῖς,
1120 1006 1219 1060 οὐκ
1247 1006 1338 1059 ἐπὶ
1368 1008 1482 1071 τοῖς
1539 1006 1796 1078 μεγάλοις
1823 1007 1941 1079 ξκαὶ
1985 1010 2309 1079 ἀναγκαίοις
2363 1010 2797 1079 κενώοξοῦντας,
2854 1013 2972 1065 ἀλλ’
3008 1013 3101 1066 Eni.
3131 1014 3340 1074 τούτοις
3378 1013 3490 1071 τοῖς

234 1096 527 1150 εὐτελέσιν.

300 1188 506 1253 Εἰπὼν,
548 1188 779 1256 Πατέρα
810 1187 897 1257 μὴ
944 1188 1268 1257 καλέσητε,
1294 1190 1355 1242 οὐ
1406 1187 1568 1243 τοῦτο
1624 1189 1802 1258 λέγει,

232 1279 345 1335 ἁλλ’
384 1281 470 1334 ἵνα
516 1280 859 1347 γινώσκωσιν
908 1279 996 1334 τὸν
1040 1281 1244 1346 κυρίως
1275 1282 1514 1351 Πατέρα,
1553 1280 1697 1349 λέγω
1736 1283 1805 1337 -δὲ

232 1374 318 1427 τὸν
349 1374 482 1427 Θεόν
510 1390 524 1405 ο
558 1373 732 1437 οὕτως
783 1373 889 1445 χρὴ
937 1376 1076 1427 νοεῖν
1120 1376 1214 1428 καὶ
1264 1375 1346 1439 τὸ,
1374 1375 1472 1445 Μὴ
1539 1375 1806 1446 κληθῆτε

247 1466 462 1521 'Pa66l.

297 1562 393 1626 Τὸ,
428 1562 665 1615 κλείετε
702 1558 815 1623 τὴν
841 1558 1175 1622 βασιλείαν
1220 1556 1340 1611 τῶν
1380 1558 1653 1628 οὐρανῶν
1700 1560 1805 1630 ἔμ-

227 1657 494 1723 προσθεν
521 1650 642 1706 τῶν
670 1651 1017 1718 ἀνθρώπων,
1048 1648 1209 1703 τοῦτο
1254 1649 1426 1718 λέγει,
1464 1651 1545 1705 ὅτι
1579 1652 1807 1714 Ἀλλους

226 1745 487 1806 κωλύετε,
532 1745 688 1798 αὐτοὶ
738 1745 812 1815 μὴ
858 1746 1252 1816 εἰσερχόμενοι.
1285 1743 1351 1797 Τί
1396 1744 1452 1797 δέ
1502 1746 1639 1809 ἐστι,
1664 1745 1805 1810 τοὺς

1988 1190 2159 1245 νεεδ.
2192 1191 2245 1246 9.
2291 1191 2507 1255 Dicetts,
2544 1191 2754 1243 Putrem
2786 1193 2948 1244 nolite
2971 1208 3198 1257 vocare;
3252 1209 3357 1246 non
3416 1193 3487 1246 ita

1914 1281 2139 1352 intelligi
2168 1282 2344 1346 debet,
2379 1283 2471 1336 sed
2528 1292 2585 1336 ut
2636 1292 2972 1351 cognoscant
3020 1285 3292 1352 praecipua
3320 1299 3484 1337 tunn-

1914 1382 2072 1435 trem,
2106 1371 2156 1424 id
2189 1381 2272 1425 est
2298 1371 2489 1425 Deum.
2514 1368 2715 1425 Eodem
2752 1370 2915 1423 modo
2948 1370 3359 1441 intelligendum
3381 1382 3487 1435 est,

1913 1462 2095 1518 Nolite
2122 1482 2307 1519 vocare
2334 1463 2523 1518 Rabbi.

1985 1557 2150 1613 Vens.
2196 1558 2279 1612 15.
2321 1555 2588 1613 Clauditis
2621 1571 2840 1625 regnum
2867 1554 3120 1608 caelorum
3156 1564 3277 1607 ante
3312 1554 3487 1607 homi-

1913 1666 2024 1715 nes,
2061 1649 2217 1720 quasi
2248 1649 2474 1713 diceret,
2510 1648 2637 1719 quia
2682 1648 2821 1703 alios
2858 1647 3185 1716 prohibetis,
3223 1646 3322 1713 ipsi
3374 1661 3481 1699 non

1914 1740 2151 1795 intratis.
2192 1740 2332 1806 Quid
2379 1750 2463 1797 est
2506 1750 2687 1795 autem
2742 1739 2904 1793 illud:
2960 1737 3346 1792 Introeuntes?
3394 1739 3484 1807 qui

225 1836 730 1906 είσερχομένους;
777 1836 917 1901 Τοὺς
941 1836 1258 1906 ἐπιτηδείως
1280 1835 1501 1906 ἔχοντας
1521 1835 1797 1891 εἰσελθεῖν.

1916 1832 2074 1887 facile
2107 1833 2314 1887 intrare
2340 1841 2585 1902 possunt.
2623 1830 2911 1898 Quomodo
2935 1832 3290 1901 prohibebant
3321 1832 3344 1885 ?
3373 1832 3488 1885 nul-

226 1928 354 1993 Πῶς
381 1928 437 1981 δὲ
478 1927 754 1993 ἐκώλυον;
785 1928 884 1982 Διά
913 1928 973 1981 τὸ
1016 1928 1185 1998 μηδὲν
1223 1928 1423 1991 αὐτοὺς
1470 1928 1801 1999 ἐργάζεσθαι

223 2020 467 2088 ἀγαθόν·
520 2021 763 2085 ἐκείνους
815 2017 924 2093 γὰρ
979 2020 1193 2092 βλέπων
1245 2023 1274 2075 ὁ
1327 2021 1456 2085 λαὸς
1503 2020 1804 2093 ὡμοιοῦντο

223 2114 433 2177 αὐτοῖς.

296 2209 389 2270 Τὸ,
420 2206 735 2277 Περιὰγετε
771 2204 889 2272 τὴν
922 2205 1247 2261 θάλασσαν
1290 2207 1391 2261 καί
1442 2206 1556 2275 τὴν
1608 2206 1804 2275 ξηρὰν

217 2300 474 2368 ποιῆσαι
520 2300 629 2353 ἕνα
677 2297 1108 2368 προσήλυτονο
1138 2298 1235 2354 καί
1284 2299 1367 2353 ὅτ’
1400 2299 1478 2354 ἂν
1535 2300 1799 2370 γένηται,

219 2390 446 2446 ποιεῖτε
488 2388 679 2445 αὐτὸν
724 2389 862 2443 υἱὸν
913 2390 1165 2458 γεέννης
1206 2388 1569 2458 διπλότερον
1604 2389 1800 2459 ὑμῶν,

218 2482 384 2539 τοῦτο
410 2482 581 2551 λέγει,
613 2482 696 2535 ὅτι
727 2481 849 2535 οὐδὲ
897 2481 985 2535 διὰ
1017 2481 1080 2534 τὸ
1122 2481 1274 2551 μόλις
1325 2480 1489 2534 αὐτὸν
1521 2480 1795 2551 σαγηνεῦ-

221 2594 337 2637 σπι,
370 2575 465 2629 καί
498 2575 641 2645 μετὰ
684 2574 896 2646 μυρίων
926 2575 1110 2628 πόνων
1150 2572 1311 2626 τοῦτο
1359 2573 1514 2637 αὐτὸ,
1552 2572 1799 2637 φείδεσθε

216 2667 410 2732 αὐτοῦ,
436 2666 571 2723 ἀλλὰ
600 2666 1055 2739 παρασκευάζετε
1085 2665 1249 2719 αὐτὸν
1286 2664 1404 2717 υίδν
1439 2664 1669 2733 γεέννης
1710 2663 1801 2719 διὰ

214 2761 319 2831 τῆς
374 2760 529 2832 ὑμῶν
582 2758 839 2832 πράξεως
882 2757 1162 2827 γενέσθαι.
1208 2756 1301 2820 Τὸ,
1341 2755 1477 2811 υίὸν
1522 2758 1797 2827 γεέννης,

213 2850 381 2922 δηλοῖ.
401 2852 762 2918 αὐτογὲενναν
784 2866 799 2881 ο
841 2849 1051 2920 ὥσπερ,
1071 2846 1212 2913 τοὺς
1246 2845 1418 2913 υἱοὺς
1448 2846 1797 2916 ἀνθρώπων,

209 2944 348 3006 τοὺς
388 2941 733 3014 ἀνθρώπους.

286 3036 353 3089 Τί
388 3036 536 3089 ἐστιν
557 3034 639 3101 τὸ,
678 3033 1147 3089 Ἀποδεκατοῦτε
1175 3031 1243 3087 τὸ
1270 3033 1585 3101 ἡδύοσμον
1603 3033 1700 3088 καί
1729 3032 1796 3086 τὸ

207 3128 470 3195 ἄνηθον,
506 3127 601 3180 καὶ
632 3126 699 3179 τὰ
732 3126 860 3196 ἐξῆς
886 3144 901 3192 ;
932 3127 1052 3180 Ὅτι
1085 3126 1156 3180 τὰ
1190 3126 1362 3197 μικρᾶ
1387 3124 1794 3178 άποδεκατοῦν-

207 3237 333 3283 τες,
354 3219 423 3272 τὰ
442 3219 498 3272 δέ
522 3216 734 3289 μεγάλα
760 3215 1013 3288 οὐδαμῶς
1044 3232 1059 3249 ⁸
1087 3217 1229 3271 ὥστε
1250 3216 1341 3271 διὰ
1362 3216 1423 3270 τὸ
1444 3218 1683 3288 φανῆναι
1710 3219 1797 3271 ὅτι

206 3311 312 3364 τὸν
358 3309 522 3376 νόμον
567 3308 887 3378 φυλάττετε,
918 3308 979 3361 οὗ
1015 3307 1103 3362 διὰ
1151 3307 1210 3362 τὸ
1243 3307 1349 3361 ἀπὸ
1379 3308 1558 3379 ψυχῆς
1599 3307 1787 3362 δοῦναι

210 3405 337 3457 ἐστι
367 3400 546 3456 τοῦτο.

301 3495 562 3566 Ὀδηγοὺς
584 3494 803 3565 τυφλῶν
834 3494 991 3548 καλεῖ
1010 3494 1229 3557 αὐτοὺς,
1266 3494 1348 3548 ὅτι
1370 3492 1494 3547 οὔτε
1527 3493 1683 3547 αὐτοὶ
1737 3492 1798 3546 τδ

204 3587 384 3643 καλὸν
426 3588 744 3654 ἐγίνωσκον,
778 3585 873 3640 καὶ
938 3584 1131 3650 ἄλλους
1198 3584 1518 3655 ὁδηγοῦντες
1576 3584 1799 3639 ἐνέπαι-

207 3680 334 3746 ζον.
360 3680 615 3735 Κώνωπα
638 3678 899 3733 ἐκάλεσεν
924 3678 1051 3741 τοὺς
1075 3679 1421 3749 σωματικοὺς
1439 3677 1793 3749 καθαρμούς⁸

209 3774 397 3847 μικρὰ
424 3772 534 3843 γὰρ
555 3768 622 3843 ἦν
646 3772 742 3825 καὶ⁸
769 3770 945 3825 οὐδέν.
980 3770 1245 3840 Κάμηλον
1276 3769 1353 3833 δὲ,
1385 3770 1487 3841 τὴν
1524 3769 1796 3843 κάθαρσιν

205 3867 315 3934 τῆς
361 3864 561 3933 ψυχῆς,
591 3864 730 3933 ὅπερ
770 3862 919 3916 ἐστὶν
953 3862 1123 3935 ἀρετή
1153 3879 1169 3895 ο
1211 3862 1422 3933 μεγάλη
1489 3862 1598 3934 γάρ
1646 3864 1795 3918 ἐστιν

207 3956 314 4013 καὶ
358 3954 559 4026 ὑψηλὴ,
593 3948 661 4026 ἧς
706 3952 940 4023 ἠμέλουν
961 3954 1057 4007 καὶ
1090 3954 1274 4025 ἀφανῆ
1324 3953 1572 4019 ἐποίουν,
1604 3953 1794 4024 ὥσπερ

204 4044 684 4109 καταπεπωκὸτες
710 4046 776 4099 τὰ
812 4045 1045 4116 ψυχικά.

289 4138 517 4193 Μέλλων
551 4137 720 4204 δεῖξαι
747 4137 824 4198 ὼς
858 4139 924 4207 τῇ
965 4136 1111 4191 ἔνδον
1131 4133 1474 4206 καθαρότητι
1503 4136 1796 4189 ἀκολουθεῖ

200 4233 314 4290 καὶ
370 4232 403 4301 ἡ
442 4230 566 4297 ἔξω,
598 4230 632 4299 ὴ
669 4229 726 4282 δὲ
776 4228 881 4293 ἔξω
918 4228 1106 4282 οὐκέτι
1153 4228 1220 4296 τῇ
1282 4226 1451 4291 ἔνδον,
1488 4226 1635 4295 λέγει
1686 4226 1794 4279 ἀπὸ

200 4318 661 4393 πράγματος,ὃτι
700 4314 1046 4383 Καθαρίζετε
1088 4315 1153 4368 τὸ
1200 4314 1318 4379 ἔξω
1360 4314 1467 4369 τοῦ
1500 4315 1793 4382 ποτηρίου

202 4412 311 4469 καί
334 4411 436 4479 τῆς
468 4410 826 4479 παροψίδος,
858 4409 1087 4463 ἔσωθεν
1117 4407 1186 4460 δὲ
1207 4406 1370 4477 γέμει
1392 4404 1671 4476 ἁρπαγῆς
1695 4407 1794 4461 καὶ

1906 1924 2019 1978 lum
2061 1928 2264 1978 bonum
2312 1923 2600 1991 faciendo;
2658 1939 2783 1978 nam
2823 1938 2921 1979 eos
2951 1924 3221 1994 aspiciens
3250 1924 3484 1994 populus

1907 2015 2249 2072 imitabatur.

1976 2202 2141 2260 Vens.
2164 2205 2249 2260 15.
2269 2203 2521 2259 Circuitis
2544 2221 2688 2258 mare
2707 2213 2756 2258 et
2779 2202 2989 2257 aridam
3016 2213 3070 2257 ut
3089 2205 3306 2274 faciatis
3320 2220 3482 2258 unum

1901 2300 2256 2367 proselytam;
2280 2309 2328 2352 et
2376 2315 2495 2351 cum
2524 2298 2684 2367 fuerit
2714 2299 2912 2367 factus,
2944 2299 3124 2367 facitis
3155 2314 3272 2351 eum
3310 2298 3482 2366 ﬁlium

1901 2389 2150 2459 gehenme
2190 2389 2351 2456 duplo
2375 2406 2533 2459 quam
2566 2405 2687 2454 vos;
2716 2390 2820 2445 hoc
2848 2390 3000 2457 dicit,
3024 2391 3153 2460 quia
3181 2405 3285 2443 non
3332 2399 3485 2459 post-

1903 2497 2069 2551 quam
2115 2498 2257 2551 :egre
2302 2483 2465 2537 istum
2499 2482 2779 2552 ceperitis,
2812 2492 3013 2537 etcum
3063 2482 3251 2537 multis
3281 2482 3485 2537 labori-

1901 2573 2026 2637 bus,
2060 2573 2151 2627 illo
2172 2574 2479 2640 abstinetis,
2506 2575 2598 2629 sed
2624 2574 2827 2643 paratis
2856 2573 3006 2627 illum
3033 2574 3199 2628 lilium
3224 2575 3485 2644 gehennae

1901 2681 2000 2736 per
2031 2676 2270 2721 vestrum
2306 2666 2497 2739 agendi
2529 2667 2751 2720 modum
2788 2667 2924 2721 ﬁeri.
2965 2665 3168 2720 Filium
3213 2668 3480 2739 gehennae,

1903 2755 2046 2837 idem
2088 2767 2245 2813 sonat
2268 2774 2333 2814 ac
2375 2758 2678 2829 gehennam
2711 2757 2912 2829 ipsam,
2952 2767 3010 2813 ut
3050 2757 3143 2812 lilii
3165 2758 3479 2824 hominum,

1902 2848 2173 2905 homines.

1975 3034 2136 3091 Vens.
2167 3037 2257 3091 25.
2278 3034 2418 3102 Quid
2445 3046 2550 3099 est,
2574 3034 2850 3089 decimatis
2871 3034 3136 3088 mentitam
3159 3043 3208 3089 et
3232 3035 3478 3088 anet/mm

1899 3139 1954 3182 et
1980 3126 2228 3197 reliqua?
2266 3125 2404 3193 Quia
2447 3140 2611 3195 parva
2663 3125 3003 3180 decimantes
3054 3135 3232 3187 erant,
3283 3141 3478 3191 magna

1900 3231 2080 3275 autem
2122 3219 2377 3275 minime:
2416 3218 2489 3274 ita
2525 3228 2605 3283 ut,
2637 3218 2702 3273 ad
2727 3217 3123 3272 ostendendum
3158 3217 3282 3287 quia
3308 3218 3476 3288 legem

1900 3312 2149 3376 Servatis,
2184 3326 2291 3366 non
2314 3312 2379 3366 ad
2406 3311 2644 3365 dandum
2673 3324 2739 3364 ex
2771 3309 2978 3377 animo,
3004 3307 3107 3364 hoc
3135 3308 3372 3364 faciatis.

1970 3498 2139 3553 Vens.
2180 3496 2272 3552 24.
2309 3495 2484 3550 Duces
2516 3509 2786 3551 caecorum
2830 3505 2989 3551 vocat
3026 3510 3143 3557 eos.
3183 3496 3325 3567 quod
3368 3511 3476 3550 non

1901 3589 2006 3658 ipsi
2040 3589 2242 3643 bonum
2270 3585 2694 3657 cognoscebant,
2741 3594 2795 3640 et
2826 3584 2966 3641 alios
3017 3585 3282 3641 ducentes
3327 3585 3476 3640 deci-

1898 3680 2139 3750 piebant.
2159 3678 2402 3734 Culicem
2437 3685 2596 3731 vocat
2616 3692 2910 3747 corporeas
2937 3676 3284 3746 ablutiones;
3311 3693 3476 3748 parva

1899 3772 2043 3829 enim
2069 3783 2226 3826 erant
2256 3780 2310 3826 et
2339 3771 2497 3841 quasi
2547 3769 2721 3838 nihil,
2752 3770 3021 3825 camelum
3054 3779 3236 3825 autem
3272 3772 3469 3825 anima:

1896 3864 2252 3929 ablutionem,
2280 3877 2399 3932 quae
2424 3862 2596 3917 virtus
2618 3868 2723 3916 est.
2754 3860 2943 3930 Magna
2978 3861 3123 3915 enim
3156 3869 3239 3915 est
3263 3870 3319 3916 et
3344 3860 3473 3928 alta,

1897 3970 2061 4026 quam
2086 3954 2429 4027 uegligebant
2454 3963 2508 4009 et
2544 3953 2874 4009 invisibilem
2898 3952 3474 4024 faciebattt,_’tanquam

1896 4046 2189 4117 glutientes
2210 4044 2527 4126 .spritualia.

1967 4135 2133 4191 Vens.
2152 4134 2555 4205 26.05tettdere
2575 4136 2781 4192 debens
2808 4146 2892 4192 est
2915 4137 3323 4192 mundationem
3356 4137 3474 4207 ejus

1896 4227 2040 4296 quod
2080 4229 2227 4282 intus
2270 4236 2377 4292 est,
2409 4228 2565 4297 sequi
2616 4228 3026 4282 muttdationem
3062 4229 3182 4296 ejus
3211 4228 3353 4296 quod
3390 4236 3475 4282 est

1897 4318 2051 4384 foris,
2087 4332 2193 4371 non
2213 4328 2393 4372 autem
2414 4318 2530 4371 vice
2556 4333 2733 4383 versa,
2765 4317 2899 4370 dicit
2923 4318 2988 4371 ad
3023 4333 3176 4371 rem:
3196 4316 3253 4369 Μ
3259 4318 3474 4371 nudatis

1895 4410 2035 4479 quod
2057 4409 2257 4477 deforis
2312 4419 2387 4462 est
2418 4408 2598 4461 calicis
2653 4419 2701 4460 et
2745 4408 3088 4476 paropsidis;
3118 4410 3258 4460 intus
3294 4417 3472 4459 autent

202 4504 450 4570 ἀδικίας
481 4519 495 4534 ·
537 4501 869 4571 καθάρισον
926 4500 1161 4569 πρῶτον
1204 4498 1271 4552 τὸ
1306 4496 1508 4562 ἔνδον,
1568 4498 1662 4552 καὶ
1721 4498 1789 4552 τὰ

1916 4500 2034 4554 tleni
2085 4501 2211 4553 estis
2257 4499 2446 4567 rapina
2509 4509 2557 4552 et
2599 4498 2953 4551 immunditiis
2986 4511 3005 4550 :
3050 4498 3247 4551 munda
3323 4499 3472 4567 prius

200 4600 235 4654 ἑ
277 4598 362 4660 ”ς.

238 4597 398 4743 ﬁliai.
428 4690 634 4759 τάφους
662 4687 1089 4759 κεκονιαμένους
1122 4686 1320 4756 λέγων,
1351 4686 1540 4757 ὅμοιον
1561 4684 1657 4739 τοῦ
1690 4702 1791 4739 πο-

200 4781 405 4854 τηρίου
438 4781 786 4854 νοηθήσεται,
810 4780 898 4835 διὰ
921 4780 1233 4846 κενοδοξίαν
1257 4779 1581 4850 λεγόμενον.

290 4970 663 5039 οίκοδομεῒτε
694 4968 837 5034 τοὺς
868 4968 1099 5038 τάφους
1149 4965 1270 5021 τῶν
1308 4965 1650 5035 προφητῶν.
1679 4966 1791 5036 Οὐχ

202 5063 290 5126 ὡς
322 5061 751 5131 οἱκοδομούντων
777 5062 1060 5131 μνήματα,
1087 5058 1204 5112 ἀλλ’
1225 5056 1302 5121 ῶς
1322 5058 1791 5128 ἀντιποιουμένων

205 5153 399 5209 αὐτῶν
437 5155 533 5209 καὶ
560 5154 850 5222 λεγόντων,
880 5153 961 5206 ὅτι
992 5151 1055 5206 Εἰ
1102 5147 1247 5221 ἦμεν
1290 5150 1349 5203 ἐν
1384 5151 1504 5213 ταῖς
1554 5138 1792 5221 ἡμέραις

206 5245 413 5307 αὐτῶν,
444 5246 545 5299 οὐκ
581 5245 647 5299 ἂν
675 5240 820 5316 ἦμεν
868 5244 1117 5298 κοινωνοὶ
1162 5243 1276 5306 τοῖς
1311 5241 1586 5313 πατράσιν
1632 5240 1791 5313 ἡμῶν

205 5337 275 5389 ἐν
303 5336 416 5399 τοῖς
447 5336 677 5406 αῖμασιν
701 5334 901 5389 αὐτῶν.
946 5332 1195 5387 Ἐποίουν
1238 5332 1294 5384 δέ
1324 5330 1503 5397 τοῦτο,
1534 5331 1791 5403 κρείττοσ

204 5444 305 5489 νες
345 5427 442 5481 καὶ
472 5428 666 5495 ἁγαθοὶ
706 5427 905 5497 μᾶλλον
929 5425 1037 5478 τῶν
1087 5423 1343 5493 πατέρων
1380 5422 1563 5477 αὐτῶν
1614 5423 1794 5492 φαίνε-

210 5519 341 5575 σθαι
378 5518 714 5591 βουλόμενοι.

285 5610 445 5676 Τίνος
475 5610 664 5665 ἕνεκεν
694 5608 1092 5679 καταγινώσκει
1125 5607 1306 5662 αὐτῶν
1346 5607 1422 5671 ὡς
1450 5604 1585 5659 υἱῶν
1622 5606 1793 5659 ὅντων

207 5701 324 5756 τῶν
345 5702 719 5772 φονευσάντων
752 5701 877 5764 τοὺς
910 5698 1365 5771 προφήτας;οὑδέ
1399 5696 1508 5767 γὰρ
1539 5696 1793 5766 ἔγκλημα

210 5793 398 5860 τοῦτο,
420 5795 515 5847 ἐὰν
545 5793 619 5865 μὴ
650 5795 879 5864 κοινωνῇ
912 5795 978 5863 τῇ
1006 5792 1197 5863 γνώμῃ
1232 5791 1326 5846 τοῦ
1361 5790 1620 5862 πατρδςρ
1652 5791 1787 5855 υίός·

1895 4591 2032 4664 quod
2063 4592 2206 4644 intus
2228 4600 2337 4655 est,
2369 4599 2423 4644 et
2448 4590 2677 4661 reliqua.

1966 4684 2134 4739 Vens.
2164 4684 2255 4737 27.
2290 4682 2548 4753 Sepulcra
2573 4682 2819 4737 dealbata
2856 4696 3080 4746 vocans,
3132 4682 3473 4754 intelligetur

1893 4775 2083 4830 eodem
2125 4774 2290 4830 modo
2320 4789 2430 4845 quo
2463 4775 2687 4829 calicem
2724 4774 2880 4840 dicit,
2909 4774 2980 4831 ob
3015 4790 3207 4830 ranam
3240 4774 3471 4846 gloriam

1894 4868 1967 4923 ita
1999 4867 2234 4924 locutus.

1964 4958 2131 5016 Vens.
2162 4960 2252 5017 29.
2286 4959 2600 5027 zEdi/icatis
2639 4958 2879 5029 sepulcra
2915 4959 3329 5028 prophetarum;
3359 4973 3467 5011 non

1893 5054 2038 5123 quod
2064 5053 2340 5107 aediﬁcent
2379 5060 2760 5117 monumenta,
2792 5053 2886 5107 sed
2916 5052 3061 5121 quod
3093 5067 3190 5120 per
3208 5051 3470 5106 ambitio-

1894 5161 2017 5201 nem
2047 5146 2270 5201 dicant:
2315 5146 2369 5200 Si
2405 5146 2699 5201 fuissemus
2748 5147 2800 5199 in
2856 5146 3051 5201 diebus
3101 5154 3316 5215 patrum
3363 5160 3468 5198 no.

1893 5247 2154 5303 strorum,
2184 5253 2293 5292 non
2318 5253 2567 5293 essemus
2595 5239 2732 5294 socii
2752 5253 2941 5293 eorum
2967 5238 3018 5292 in
3047 5239 3313 5308 sanguine
3338 5251 3467 5306 pro-

1891 5332 2202 5402 phetarum.
2248 5329 2382 5385 Illud
2416 5340 2597 5385 autem
2643 5330 2915 5385 faciebant
2952 5329 3182 5384 volendo
3228 5327 3470 5397 majores

1893 5432 1947 5478 et
1973 5423 2227 5478 meliores
2261 5423 2509 5493 patribus
2539 5422 2655 5477 suis
2684 5422 2876 5477 videri.

1968 5608 2129 5664 Vens.
2161 5609 2252 5663 3|.
2281 5607 2459 5675 Quare
2484 5608 2603 5663 illos
2629 5609 2808 5678 arguit
2839 5606 2984 5676 quod
3012 5606 3102 5661 lilii
3128 5608 3239 5661 sint
3260 5622 3452 5662 eorum

1892 5701 1987 5771 qui
2037 5701 2329 5771 prephctas
2368 5700 2721 5756 occiderunt?
2756 5718 2863 5758 non
2894 5701 3041 5755 enim
3072 5701 3229 5771 culpa
3271 5716 3461 5755 eorum

1896 5801 1999 5859 cst,
2052 5793 2155 5848 nisi
2207 5793 2695 5851 communicaverit
2748 5794 3013 5852 voluntati
3076 5797 3243 5854 patris
3277 5795 3467 5853 ﬁlius:
