3920 6206
195 292 330 357 1153

1179 295 1506 357 SCIIOLIA
1546 293 1845 356 VETERA
1882 292 1967 354 ΙΝ
2006 292 2474 354 MATTH/EUM.

3290 295 3429 356 1154

189 404 357 459 δώσει
381 401 493 457 τῶν
517 403 740 475 ἡμερῶν
766 404 993 461 ἐκείνων
1022 407 1436 479 φιλανθρωπίαν
1470 406 1564 461 τοῦ
1595 406 1748 473 Θεοῦ¹

1861 405 2220 461 nevolentiam
2257 406 2311 459 in
2348 402 2773 460 breviandodies
2801 402 2945 470 illos,
2964 418 3110 459 nunc
3137 408 3332 463 transit
3361 403 3428 462 ad

189 493 285 548 νῦν
317 492 632 564 μεταϐαίνει
667 493 762 548 καὶ
787 496 878 548 ἐπὶ
911 495 1010 565 τὴν
1038 496 1133 550 τοῦ
1168 498 1376 567 κόσμου
1413 496 1755 550 συντέλειαν·

187 585 248 640 τὸ
269 584 348 648 δὲ,
381 585 539 653 τότε,
564 584 667 638 οὐκ
700 583 847 638 ἔστιν
868 586 1202 655 ἐμφαντικὸν
1238 586 1334 640 τοῦ
1365 587 1505 656 μετά
1546 587 1630 651 τὸ,
1669 587 1758 640 εὐ-

189 677 349 745 θέως,
377 679 514 733 ἀλλά
547 679 708 749 μόνον
731 678 925 748 καιροῦ
965 678 1377 750 παραστατικόν
1418 680 1567 733 ἐστιν
1615 679 1758 732 ὲκεί-

188 786 302 836 νου,
338 770 461 826 καθ’
496 770 556 824 ὃν
608 768 679 822 τὰ
720 768 1072 840 ῥηθησόμενα
1114 769 1302 840 μέλλει
1346 769 1623 838 γίνεσθαιο
1658 767 1757 822 καὶ

186 864 362 935 τούτῳ
390 865 656 935 κέχρηται
674 862 936 928 πολλάκις
962 862 1041 935 τῷ
1069 862 1322 933 ἰδιώματι
1344 864 1379 935 ἠ
1400 862 1492 917 τοῦ
1510 862 1756 930 Εὗαγγε-

187 956 302 1008 λίου
332 956 545 1027 Γραφή.

260 1046 564 1117 Πληρώσας
620 1045 748 1117 περὶ
792 1045 902 1100 τῶν
944 1043 1353 1115 Ἰεροσολύμων,
1380 1042 1461 1106 είς
1496 1041 1594 1111 τὴν
1624 1042 1753 1095 ἑαυ-

185 1135 282 1190 τοῦ
311 1136 576 1190 διαϐαίνει
624 1135 884 1203 δευτέραν
935 1135 1260 1207 παρουσίαν,
1297 1135 1391 1189 καὶ
1439 1132 1589 1200 λέγει
1640 1135 1754 1211 τοῖς

190 1227 462 1297 μαθηταῖς
505 1228 573 1280 τὰ
604 1229 843 1298 σημεῖα·
889 1221 1029 1288 εἶτα,
1068 1228 1227 1291 Τότε,
1282 1226 1469 1295 φησὶν,
1497 1222 1609 1278 ἐάν
1666 1240 1753 1289 τις

185 1319 350 1386 εἴπῃ,
382 1312 521 1371 Ὧδε
573 1320 607 1372 ὁ
666 1317 939 1385 Χριστὸς,
984 1317 1072 1385 μὴ
1128 1317 1514 1384 πιστεύσητε.
1552 1315 1627 1368 Τὸ
1671 1315 1749 1379 δὲ,

186 1411 340 1474 τότε,
378 1410 438 1463 οὐ
472 1410 569 1479 τῆς
598 1408 920 1473 ἀκολουθίας
960 1409 1077 1462 ἐστὶ
1112 1408 1207 1462 τοῦ
1246 1407 1462 1478 καιροῦ,
1514 1406 1651 1460 ἀλλᾶ
1682 1406 1753 1459 τά

184 1501 277 1553 τοῦ
303 1501 424 1554 τότε
455 1498 646 1571 καιροῦ
672 1502 827 1570 μόνον
851 1500 984 1553 ὅπου
1013 1500 1120 1571 γὰρ
1153 1499 1476 1554 ἀκολουθίαν
1499 1498 1751 1551 ἐϐούλετο

183 1592 364 1644 είπεῖν
424 1591 504 1657 τὸ,
557 1591 780 1656 εὐθέως,
822 1590 991 1658 λέγει’
1022 1589 1257 1644 ἐνταῦθα
1312 1590 1368 1643 δὲ
1402 1590 1499 1660 οὐχ
1553 1588 1748 1653 οὕτως,

181 1683 318 1737 ἀλλά
347 1682 425 1746 τὸ,
452 1682 608 1737 τότε.
632 1680 789 1737 Οὕτω
815 1683 910 1736 καὶ
951 1681 1029 1735 ὅτ’
1060 1681 1126 1735 ἂν
1151 1681 1305 1754 λέγῃ·
1350 1683 1455 1735 Ἐν
1491 1681 1751 1745 ἐκείναις

1859 497 2047 551 mundi
2067 498 2250 551 linem.
2273 497 2384 551 Vox
2403 505 2583 550 autem
2616 495 2706 549 illa
2720 504 2843 548 tunc
2861 512 2967 550 non
2998 498 3269 566 signiﬁcat
3305 509 3431 569 post

1858 586 1963 641 hoc
1988 588 2197 651 statim,
2230 586 2518 641 sedsolum
2565 585 2769 641 indicat
2828 597 3044 658 tempus
3099 589 3253 654 illud,
3318 607 3429 660 quo

1856 676 1945 730 illa
1974 692 2093 746 quae
2119 677 2368 732 dicturus
2406 686 2488 731 est
2516 676 2713 731 debent
2736 677 2851 731 ﬁeri
2877 696 2891 732 :
2919 688 2973 733 et
2999 679 3089 734 illa
3109 681 3309 751 saepius
3331 697 3429 737 usa

1853 774 1938 822 est
1979 765 2375 849 signiﬁcatione
2398 764 2675 837 Evangelii
2702 767 3008 838 Scriptura.

1924 1041 2059 1095 Cum
2084 1042 2437 1112 compleverit
2473 1058 2596 1113 quae
2619 1043 2686 1099 de
2740 1042 3117 1117 Jerosolymis,
3150 1047 3215 1102 ad
3266 1063 3425 1103 suum

1851 1134 2048 1188 transit
2064 1135 2362 1189 secundum
2380 1134 2696 1202 adventum,
2720 1138 2917 1192 etdicit
2936 1139 3219 1207 discipulis
3249 1130 3425 1209 signa.

1855 1224 2079 1290 Deinde,
2134 1224 2299 1291 Tunc,
2329 1226 2528 1296 inquit,
2575 1228 2621 1280 si
2654 1229 2770 1298 quis
2806 1230 2945 1282 vobis
2972 1231 3165 1283 dixerit
3187 1232 3325 1295 ,Hic
3350 1243 3426 1285 est

1852 1314 2117 1383 Christus,
2146 1316 2309 1369 nolite
2344 1298 2573 1381 credere,
2608 1316 2836 1383 llla_vox
2880 1326 3022 1384 tunc,
3054 1335 3160 1373 non
3217 1329 3430 1389 tempus

1851 1410 2101 1477 proxime
2132 1423 2366 1477 sequens
2396 1410 2673 1477 exprimit,
2704 1410 2795 1463 sed
2838 1410 3183 1465 solummodo
3215 1421 3427 1479 tempus

1848 1500 1990 1567 quod
2023 1510 2207 1569 postea
2262 1509 2392 1555 tunc
2429 1502 2725 1569 continget.
2758 1499 2893 1555 Nam
2930 1502 3023 1556 ubi
3052 1511 3264 1572 tempus
3298 1517 3427 1571 pro-

1849 1592 1993 1646 xime
2048 1607 2284 1661 sequens
2338 1592 2451 1646 vult
2529 1592 2864 1662 signiﬁcare,
2888 1593 3069 1646 statim
3106 1601 3294 1658 sonat;
3341 1594 3429 1648 hic

1850 1690 2033 1735 autem
2068 1696 2176 1735 non
2208 1680 2302 1745 ita,
2341 1679 2433 1734 sed
2464 1690 2585 1733 tunc
2618 1681 2797 1736 habet.
2833 1680 2925 1736 Sic
2950 1697 3169 1752 quoque
3192 1682 3298 1736 dici
3332 1698 3429 1752 po-

181 1775 310 1843 ταῖς
370 1776 619 1844 ἡμέραις
678 1776 1067 1845 παραγίνεται
1131 1774 1423 1842 Ἰωάννης-⁸
1465 1773 1643 1827 καίτοι
1688 1789 1748 1840 γε

1861 1780 1996 1825 test:
2041 1770 2107 1825 In
2136 1770 2248 1824 illis
2302 1770 2618 1839 temporibus
2658 1772 2794 1824 venit
2851 1770 3125 1836 Joannes;
3187 1781 3427 1827 attamen

184 1870 386 1941 μεταξὺ
413 1870 635 1938 γέγονεν
666 1870 785 1936 έτηο
813 1864 927 1918 ἀλλ’
956 1864 1076 1926 ἔθος
1104 1866 1171 1934 τῇ
1202 1863 1393 1934 Γραφῇ
1444 1861 1618 1933 τούτῳ
1654 1878 1748 1915 κε-

180 1960 415 2033 χρῆσθαι
464 1960 561 2031 τῆς
591 1958 830 2031 ἱστορίας
882 1955 962 2027 τῷ
990 1955 1200 2028 τρόπῳ.
1233 1954 1386 2007 Οὕτω
1413 1954 1479 2025 δὴ
1515 1955 1610 2007 καὶ
1659 1954 1749 2006 ὲν-

178 2055 374 2118 ταῦθα,
398 2055 489 2107 τὸν
526 2052 687 2122 μέσον
711 2050 929 2105 ᾶπαντα
953 2048 1145 2119 χρόνον
1186 2046 1477 2119 παρελθὼν
1500 2046 1608 2100 ἀπὸ
1645 2046 1746 2116 τῆς

181 2144 434 2206 ἁλώσεως
459 2141 566 2195 τῶν
607 2139 996 2213 Ἰεροσολύμων
1030 2138 1134 2201 ἕως
1163 2136 1272 2191 τῶν
1304 2136 1610 2207 προοιμίων
1645 2135 1746 2205 τῆς

182 2236 490 2298 συντελείας
536 2233 632 2288 τοῦ
670 2232 982 2302 σύμπαντος
1014 2232 1221 2300 κόσμου
1252 2229 1426 2297 λέγει,
1460 2227 1597 2281 Τότε
1636 2224 1748 2280 ἐὰν

177 2347 270 2396 τις
293 2328 435 2397 ὑμῖν
450 2327 613 2395 είπῃ,
638 2325 729 2381 ὅτι
752 2319 896 2380 Ὧδε
923 2327 956 2378 ό
978 2322 1258 2391 Χριστός.

251 2421 371 2485 Πῶς,
397 2422 617 2492 νοητίον
639 2421 721 2484 τὸ,
752 2420 939 2472 Ὅπου
977 2417 1046 2471 τὸ
1084 2416 1312 2485 πτῶμα,
1343 2413 1471 2468 ἐκεῖ
1494 2418 1547 2469 οι
1583 2413 1744 2469 ἀετοί

178 2510 675 2577 συναχθήσονται
698 2525 715 2566 ;
741 2505 911 2560 Τοῦτό
938 2507 1107 2566 ἐστιν,
1130 2505 1190 2557 τὸ
1220 2504 1426 2572 πλῆθος
1448 2502 1556 2555 τῶν
1576 2503 1747 2569 ἀγγέ-

178 2602 288 2655 λὼν
322 2600 415 2653 καὶ
447 2597 555 2651 τῶν
581 2594 871 2666 μαρτύρων
900 2594 995 2646 καὶ
1026 2592 1135 2647 τῶν
1164 2593 1337 2661 ἁγίων
1363 2592 1581 2646 πάντων
1609 2589 1747 2658 μετά

177 2687 418 2760 Χριστοῦ
446 2686 860 2757 εὑρεθήσονται.
1106 2722 1111 2725 .

252 2778 489 2843 Εὐθέως
518 2775 587 2829 δὲ
627 2774 779 2845 μετὰ
806 2773 923 2842 τὴν
960 2773 1171 2842 θλίψιν
1197 2771 1316 2826 τῶν
1343 2769 1579 2840 ἡμερῶν
1598 2769 1747 2825 ἐκεί-

176 2889 324 2937 νων,
345 2873 378 2924 ό
401 2868 577 2937 ἣλιος
594 2864 1157 2936 μεταστραφήσεται
1185 2865 1271 2929 είς
1294 2860 1457 2932 αἷμα.
1488 2862 1626 2914 Πότε
1655 2861 1746 2914 λέ-

174 2982 302 3035 γει;
353 2961 509 3018 Μετὰ
551 2960 650 3032 τὴν
696 2958 792 3014 τοῦ
856 2958 1223 3029 ’Δντιχρίστου
1283 2955 1516 3008 ἔλευσιν.
1557 2952 1664 3007 Καὶ
1712 2953 1747 3005 ό

178 3058 354 3126 ἥλιος
387 3053 876 3120 σιιοτισθήσιτςται⁹
928 3052 1030 3105 οὐκ
1057 3049 1470 3119 ἀφανιζόμενος,
1509 3046 1642 3100 ἀλλά
1665 3062 1745 3098 νι-

177 3151 425 3221 κώμενος
445 3147 524 3219 τῷ
538 3145 678 3217 φωτὶ
690 3145 788 3215 τῆς
815 3144 1116 3215 παρουσίας
1146 3141 1335 3197 αὐτοῦ.
1366 3140 1443 3195 Τὰ
1466 3139 1535 3193 δὲ
1554 3139 1747 3206 ἄστρα

178 3240 471 3303 πεσεῖται,
529 3238 613 3292 ὅτι
660 3238 761 3290 οὐκ
797 3235 947 3289 ἔσται
997 3234 1175 3288 αὐτῶν
1218 3231 1377 3303 χρεία
1424 3229 1617 3293 νυκτὸς
1645 3229 1746 3284 οὐκ

177 3332 367 3405 οὔσηςο
395 3331 429 3402 ἢ
464 3330 664 3402 μᾶλλον
686 3328 748 3382 οὐ
799 3328 1069 3391 πεσεῖται,
1097 3322 1235 3378 ἀλλά
1274 3322 1353 3393 τῷ
1383 3320 1524 3390 φωτὶ
1564 3322 1747 3391 ἀμαυ-

182 3425 516 3497 ρωθήσεται,
548 3422 625 3485 ὡς
660 3419 903 3491 νομίζειν
938 3419 1146 3481 πεσεῖν,
1173 3413 1357 3477 καθὼς
1396 3414 1489 3468 καὶ
1515 3414 1543 3466 ό
1572 3411 1743 3484 ἥλιος.

253 3518 387 3587 Περὶ
425 3515 582 3568 ποίου
623 3512 851 3582 σημείου
901 3510 1070 3577 λέγει,
1120 3509 1203 3562 ὅτι
1241 3507 1540 3578 φανήσεται
1583 3506 1640 3559 ὲν
1670 3503 1747 3574 τῷ

176 3608 394 3682 οὐρανῷ
420 3625 438 3674 ς
470 3606 606 3675 Περὶ
633 3603 728 3657 τοῦ
768 3601 1025 3673 σταυροῦ·
1063 3601 1205 3656 ὥστε
1230 3597 1325 3653 τοῦ
1351 3598 1502 3669 ἡλίου
1526 3595 1749 3666 φαιδρό-

178 3718 336 3772 τερος
368 3699 519 3752 έσται
543 3713 558 3728 ο
596 3697 895 3766 φανήσεται
925 3691 984 3747 δὲ
1012 3691 1110 3763 τὴν
1138 3691 1247 3745 τῶν
1307 3688 1576 3743 Ἰουδαίων
1627 3688 1750 3740 ὲπι-

179 3789 453 3860 στομξζων
481 3787 685 3842 ἄνοιαν.

261 3881 671 3937 Ἀναστάντων
720 3875 1138 3941 συλλέξουσιν
1193 3874 1435 3945 ἄγγελοι
1460 3888 1477 3905 ⁸
1515 3867 1743 3927 συλλέ-

178 3990 397 4047 τοντας
420 3972 488 4026 δὲ
515 3968 760 4039 νεφέλαι
782 3966 1182 4035 ἁρπάξυυσιν.

252 4068 385 4137 Περὶ
421 4062 580 4126 ποίας
611 4061 803 4131 γενεᾶς
833 4056 1007 4124 εἶπεν,
1047 4059 1128 4111 ὅτι
1164 4058 1246 4110 Οὐ
1262 4055 1349 4125 μὴ
1392 4054 1663 4123 παρέλθῃ
1705 4053 1745 4121 ἢ

174 4160 354 4231 γενεὰ
402 4157 577 4222 αὕτη,
605 4154 719 4218 ἕως
774 4151 851 4206 ἂν
889 4151 1086 4204 πάντα
1133 4148 1323 4202 ταῦτα
1358 4146 1633 4215 γένηται;
1669 4145 1744 4198 οὐ

180 4252 307 4323 περὶ
336 4251 436 4321 τῆς
466 4247 589 4301 τότε
615 4244 808 4314 γενεᾶς
840 4242 1016 4296 ταῦτα
1059 4240 1232 4309 λέγει,
1288 4238 1423 4292 ἀλλά
1478 4239 1609 4307 περὶ
1649 4240 1748 4307 τῆς

175 4345 286 4401 τῶν
324 4339 551 4395 πιστῶν.
575 4332 727 4390 Οἶδεν
766 4334 877 4404 γὰρ
931 4330 1125 4402 γενεάν
1176 4331 1279 4383 οὐκ
1327 4329 1438 4382 ἀπὸ
1490 4331 1592 4399 τῆς
1638 4326 1749 4380 τῶν

1854 1864 2061 1918 interea
2098 1863 2227 1917 anni
2266 1862 2633 1917 emuserant:
2695 1863 2789 1917 sed
2825 1878 2951 1918 mox
3002 1872 3089 1919 est
3116 1864 3421 1932 Scriptura:

1852 1953 1930 2007 uti
1960 1954 2063 2006 hac
2117 1953 2445 2007 narrationis
2499 1952 2689 2007 forma.
2741 1954 2817 2008 lta
2841 1953 2913 2007 ibi
2960 1953 3123 2009 etiam
3168 1953 3426 2010 amittens

1851 2058 2013 2097 omne
2055 2052 2271 2113 tempus
2293 2044 2361 2096 ab
2378 2044 2777 2113 expugnatione
2808 2043 3111 2100 Jerusalem
3150 2061 3325 2116 usque
3339 2048 3423 2107 tad

1850 2133 2004 2188 initia
2076 2135 2568 2190 consummationis
2642 2137 2882 2191 universi
2944 2137 3168 2205 mundi,
3252 2139 3424 2193 dicit:

1853 2224 2019 2293 Tunc,
2047 2229 2093 2280 si
2110 2228 2227 2297 quis
2260 2228 2406 2281 nobis
2437 2229 2671 2282 dixerit:
2698 2227 2800 2283 Hic
2831 2238 2907 2283 est
2939 2230 3201 2286 Christus.

1928 2408 2095 2465 Vens.
2131 2407 2222 2463 28.
2282 2408 2569 2476 Quomodo
2627 2409 3073 2480 intelligendum;
3126 2410 3227 2465 Ubi
3268 2411 3431 2480 fuerit

1848 2517 2060 2569 corpus,
2094 2501 2206 2555 illic
2237 2498 2697 2572 congregabantur
2724 2511 2773 2555 et
2812 2502 3045 2570 aquilte?
3076 2503 3130 2555 ld
3164 2512 3265 2568 est,
3292 2505 3432 2557 mul-

1848 2595 2025 2648 titudo
2090 2595 2407 2663 angelorum
2460 2604 2515 2650 et
2595 2594 2842 2650 omnium
2916 2607 3228 2652 sanctorum
3300 2614 3423 2652 cum

1848 2686 2067 2742 Christo
2080 2685 2328 2741 iuvenien
2338 2696 2444 2742 tur.
2932 2668 2952 2697 ί

1925 2778 2087 2832 Vens.
2134 2778 2225 2832 29.
2267 2777 2465 2832 Statim
2497 2788 2673 2834 autem
2716 2790 2838 2850 post
2889 2780 3286 2837 tribulationem
3310 2784 3422 2838 dte-

1849 2885 1969 2923 runt
2035 2868 2271 2934 illorum,
2318 2869 2399 2922 sol
2456 2879 2787 2924 eonvertetur
2831 2873 2884 2925 in
2902 2875 3235 2942 sanguinem;
3288 2876 3426 2945 forte

1848 2962 1979 3015 dicit
1998 2970 2115 3028 post
2144 2960 2465 3015 Antecltristi
2490 2963 2795 3015 adventum.
2822 2960 2892 3015 Et
2924 2963 3003 3015 sol
3032 2962 3427 3033 obseurabitur;

1854 3070 1960 3108 non
1986 3052 2276 3108 invisibilis
2316 3053 2624 3118 factus,sed
2666 3060 2955 3122 superatus
2989 3055 3193 3109 lumine
3220 3056 3427 3113 adven-

1852 3156 1938 3202 tus
1970 3146 2197 3201 Christi.
2256 3145 2436 3200 Stellw
2503 3155 2679 3199 autem
2751 3130 2988 3211 cadent,
3018 3147 3144 3217 quia
3185 3164 3293 3203 non
3343 3151 3427 3206 eis

1855 3254 1995 3309 opus
2040 3240 2167 3306 erit,
2198 3253 2322 3292 cum
2356 3253 2462 3291 nox
2518 3251 2623 3291 non
2674 3236 2881 3302 aderit;
2935 3247 3031 3292 aut
3071 3240 3272 3308 potius,
3320 3257 3428 3296 non

1848 3336 2062 3399 cadent,
2119 3331 2350 3387 sedluce
2376 3330 2872 3400 privabuntur,ita
2922 3339 2983 3386 ut
3030 3338 3288 3402 putentur
3338 3350 3432 3389 ca-

1847 3422 1995 3486 dere,
2020 3422 2164 3477 velut
2188 3421 2267 3477 sol
2294 3422 2429 3491 ipse.

1847 3531 1871 3575 ii
1920 3514 2089 3571 Vsus.
2137 3516 2229 3570 30.
2269 3514 2346 3568 De
2410 3528 2520 3584 quo
2572 3514 2731 3584 signo
2772 3512 2905 3568 dicit
2946 3516 3089 3585 quod
3145 3518 3430 3586 apparebit

1849 3606 1904 3662 iu
1925 3606 2098 3660 creto?
2134 3604 2209 3660 De
2231 3620 2412 3671 cruce,
2437 3621 2563 3675 quae
2590 3606 2706 3660 sole
2732 3606 3066 3676 splendidior
3086 3609 3225 3674 erit;
3260 3624 3427 3679 appa-

1848 3699 1991 3755 rebit
2038 3706 2216 3753 autem
2258 3698 2324 3752 ad
2366 3697 2801 3768 exprobrandam
2850 3697 3175 3754 'Judaaorum
3246 3701 3429 3756 stulti-

1848 3790 2005 3843 tiam.

1919 3880 2084 3936 Vens.
2115 3880 2205 3935 51.
2232 3878 2529 3934 Suscitatos
2551 3881 2938 3951 congregabsnt
2964 3881 3161 3952 angeli,
3211 3898 3430 3953 congre-

1849 3980 2129 4042 gantesque
2152 3969 2312 4024 nubes
2333 3971 2593 4039 auferent.

1921 4062 2086 4116 Vens.
2117 4061 2208 4115 54.
2255 4061 2330 4115 De
2354 4077 2462 4131 qua
2521 4064 2873 4133 generatione
2906 4064 3060 4131 dicit,
3097 4066 3268 4136 quoi,
3303 4065 3425 4120 Non

1848 4154 2135 4222 prateribit
2162 4154 2431 4221 generatio
2456 4153 2589 4219 Iuec,
2646 4154 2812 4208 donec
2871 4155 3051 4209 omnia
3081 4155 3220 4222 {lucc
3251 4155 3430 4223 ﬁant?

1848 4240 1967 4295 Non
2010 4242 2080 4296 de
2106 4243 2455 4310 generatione
2486 4252 2617 4295 tunc
2643 4244 2859 4297 vivente
2915 4243 3187 4310 illahlicit,
3214 4245 3308 4299 sed
3359 4247 3429 4299 de

1852 4333 2198 4402 generatione
2248 4333 2607 4386 credentium.
2670 4330 2789 4385 Scit
2837 4332 2984 4386 enim
3020 4334 3426 4402 generationem

177 4436 385 4509 χρόνων
416 4427 759 4489 ἀκολουθίας,
795 4424 911 4478 ἀλλ’
942 4421 1051 4475 ἀπδ
1073 4420 1171 4489 τῆς
1202 4418 1312 4472 τῶν
1357 4418 1576 4489 τρόπων
1606 4417 1738 4488 θρη-

1861 4435 1957 4475 non
1991 4434 2021 4474 ε
2048 4420 2398 4475 successione
2425 4428 2755 4488 temporum,
2778 4423 2875 4474 sed
2902 4435 2931 4474 a
2970 4438 3183 4476 morum
3228 4423 3428 4493 pietate

177 4508 368 4588 σκείας
398 4516 840 4594 χαρακτηρίζειν.
875 4513 1011 4567 Ποία
1041 4512 1235 4581 γενεάς
1285 4510 1349 4564 Ἦ
1395 4509 1505 4564 τῶν
1540 4508 1746 4564 πιστῶν

173 4618 445 4689 δηλονότι.
472 4614 591 4666 ἰνα
621 4608 732 4679 γὰρ
803 4605 880 4677 μή
929 4621 1017 4669 τις
1059 4605 1190 4675 είπῃ
1241 4603 1326 4657 ὅτι
1371 4600 1618 4672 σημείων
1653 4601 1748 4655 καὶ

174 4708 420 4779 τεράτων
444 4696 930 4767 ἐπιδεικνυμένων,
966 4694 1172 4758 πάντες
1199 4693 1321 4749 κατ’
1348 4695 1526 4748 ἐκεῖνο
1549 4692 1744 4764 καιροῦ

177 4795 643 4865 ἀπατηθὴσονται,
682 4790 994 4858 ἐπήγαγενο
1027 4787 1110 4841 Οὐ
1131 4785 1219 4856 μὴ
1271 4784 1543 4855 παρέλθῃ
1582 4784 1621 4852 ὴ
1651 4802 1747 4854 γε-

176 4888 308 4946 νεά·
336 4884 467 4947 οἷον,
508 4882 721 4947 Πολλοὶ,
754 4879 945 4951 φησιν,
982 4878 1168 4932 πιστοὶ
1212 4877 1306 4931 καὶ
1345 4877 1746 4950 ἀνεξαπάτητοι

176 4974 525 5048 διαμενοῦσιν
553 4974 645 5030 καὶ
676 4972 765 5028 ἐπ’
789 4970 961 5040 αὐτῆς
991 4968 1091 5039 τῆς
1125 4967 1434 5032 συντελείας
1461 4984 1475 4999 ·
1518 4968 1552 5040 ἢ
1584 4968 1747 5037 γενεά

174 5071 239 5124 τὸ
266 5066 608 5139 ἀνθρώπινον
632 5065 811 5134 γένος,
840 5060 987 5115 τοῦτ’
1015 5061 1184 5127 ἔστιν,
1215 5060 1295 5115 ὅτι
1324 5061 1509 5115 Πάντα
1530 5061 1567 5117 ἃ
1592 5060 1746 5115 εἶπον

176 5160 499 5230 ὲκσήσεται,
540 5156 637 5211 καλ⁵
663 5155 859 5226 ὄψεται
887 5152 1028 5207 αὑτά
1049 5152 1110 5205 τδ
1135 5150 1499 5223 ἀνθρώπινον.

250 5252 375 5316 Πῶς
420 5253 623 5305 νοεῖται
650 5249 733 5313 τὸ,
776 5247 840 5300 '0
863 5246 1123 5314 οὐρανὸς
1154 5243 1253 5298 καί
1274 5243 1313 5311 ἠ
1344 5242 1417 5313 τῆ
1448 5244 1746 5312 παρελεύ-

160 5359 411 5411 σονται,
440 5344 494 5395 ol
512 5340 580 5395 δὲ
607 5341 779 5409 λόγοι
798 5354 921 5409 μου
942 5339 1016 5392 οὐ
1040 5335 1126 5406 μή
1151 5353 1172 5402 ;
1201 5334 1582 5407 Εὑκολώτερον
1611 5336 1744 5406 γὰρ,

177 5436 367 5507 φησὶν,
415 5433 780 5505 ἀφανισθῆναι
827 5431 899 5485 τὰ
941 5430 1231 5499 πεπηγότα
1290 5425 1386 5482 καὶ
1423 5426 1679 5497 ἀκίνητα,
1709 5425 1747 5497 ἢ

175 5528 288 5583 τῶν
311 5528 462 5598 ὲμῶν
484 5544 542 5589 τι
574 5525 872 5581 διαπεσεῖν.

252 5711 441 5770 Ἔστιν
481 5712 543 5769 τὸ
604 5712 808 5783 λέγειν,
856 5711 938 5766 ὅτι
991 5708 1166 5765 Οἶδεν
1192 5708 1325 5779 περι
1370 5706 1481 5779 τῆς
1521 5705 1746 5778 ἡμέρας

1846 4521 2061 4568 notare.
2083 4511 2343 4578 Quaenam
2368 4511 2679 4581 generatio?
2707 4509 3059 4567 Credentium
3086 4515 3207 4570 sine
3233 4516 3426 4572 dubio.

1847 4602 2061 4660 Etenim
2102 4617 2171 4658 ne
2215 4602 2341 4672 quis
2380 4601 2525 4657 dicat
2571 4615 2782 4669 omnes,
2825 4602 2999 4674 signis
3033 4612 3089 4659 et
3164 4606 3427 4676 prodigiis

1848 4695 2029 4759 factis,
2054 4698 2157 4750 hoc
2183 4703 2424 4763 tempore
2440 4692 2788 4764 decipiendos
2832 4694 2969 4761 fore,
3002 4693 3205 4767 adjecit
3239 4717 3253 4753 :
3299 4698 3424 4755 Non

1845 4788 2137 4859 prateribit
2169 4788 2472 4858 generatio;
2501 4788 2882 4857 quasidiceret
2912 4805 2928 4843 :
2960 4790 3117 4845 multi
3141 4792 3427 4850 credentes

1845 4891 1900 4938 et
1940 4881 2010 4937 ab
2047 4895 2233 4937 errore
2272 4880 2387 4951 tuti}
2406 4881 2804 4951 permanebunt
2854 4881 2910 4936 in
2947 4886 3426 4942 consummatione

1848 4975 1998 5044 ipsa:
2030 4984 2124 5029 aut
2166 4974 2445 5043 generatio
2483 4974 2549 5028 de
2598 4972 2838 5029 humano
2890 4990 3088 5046 genere
3118 4977 3345 5043 dicitur,
3370 4978 3425 5034 id

1848 5077 1954 5134 est,
1994 5066 2180 5124 omnia
2212 5080 2333 5135 qua:
2370 5064 2483 5120 dixi
2514 5066 2789 5133 evenient,
2822 5074 2877 5123 et
2908 5068 3194 5125 videbitea
3227 5070 3426 5125 huma-

1849 5175 1981 5214 num
2015 5174 2209 5229 genus.

1920 5249 2086 5305 Vsus.
2126 5250 2247 5307 55.;
2279 5248 2568 5316 Quomodo
2592 5249 2910 5321 intelligitur
2940 5250 3173 5306 :leum
3203 5261 3253 5305 et
3285 5262 3427 5307 terra

1846 5341 2172 5407 transibunt,
2236 5340 2395 5395 rerba
2436 5348 2615 5394 autem
2662 5358 2781 5395 inea
2814 5357 2920 5395 non
2949 5341 3300 5397 transibunt?
3343 5343 3427 5397 fa-

1846 5432 2007 5488 cilius
2046 5431 2193 5487 eniin
2231 5439 2339 5496 est,
2391 5429 2592 5499 inquit,
2627 5445 2659 5485 e
2700 5438 2993 5498 conspectu
3055 5430 3170 5483 tolli
3226 5430 3329 5484 (ira
3371 5441 3428 5487 ct

1846 5521 2167 5578 immobilia.
2193 5536 2357 5593 quam
2395 5519 2601 5592 aliquid
2648 5534 2893 5575 meorum
2946 5518 3242 5574 verborum
3301 5519 3423 5576 fru-

1848 5614 2032 5669 strari.

1926 5704 2088 5764 Vens.
2117 5707 2207 5767 56.
2239 5707 2540 5768 Dicendum
2567 5715 2650 5764 est
2682 5725 2694 5761 :
2728 5703 2803 5760 De
2849 5704 2934 5758 dis
2963 5704 3057 5760 illa
3112 5721 3262 5760 nemo
3299 5707 3424 5772 scit,
