3984 6204
259 295 397 362 “51

1248 301 1571 363 SCHOLIA
1611 301 1911 363 VETERA
1954 303 2036 364 IN
2076 305 2550 369 ΜΑΤΤΗᾸΞΙῙΜ.

3375 319 3516 398 1158

267 401 507 458 Ἐπαινῶ
565 401 662 472 μὲν
715 402 844 473 γάρ,
905 404 1090 475 φησὶν,
1142 406 1235 460 τὸν
1294 408 1687 479 κατορθοῦντα,
1736 410 1811 463 οὐ]

1939 411 2078 466 bene
2107 427 2548 485 conversantem,
2592 432 2701 473 non
2738 434 2875 491 cogo
2906 436 3015 478 non
3069 423 3361 493 voleritem,
3409 446 3517 487 non

252 493 549 562 ἀναγκάζω
581 494 637 547 δὲ
667 494 758 548 τὸν
795 493 872 566 μὴ
914 493 1259 566 βουλόμενον,
1308 499 1431 552 οὐδὲ
1463 499 1744 571 ἐπίταγμα
1773 500 1836 554 τὸ

253 587 489 657 πρᾶγμα
524 584 688 639 ποιῶ.

327 697 427 750 Διὰ
474 695 527 748 τί
560 696 721 766 ’λέγει
772 698 959 769 μωρὰς
990 699 1090 763 τὰς
1135 700 1441 771 παρθένους
1486 701 1587 767 τὰς
1627 705 1831 773 nives;

250 783 395 835 Διότι
427 782 517 835 τὸν
567 783 894 855 δριμύτερον
934 787 1026 839 καὶ
1075 787 1519 861 πολεμικώτερον
1571 792 1682 845 τῶν
1729 809 1834 845 σω-

252 874 440 944 μάτων
465 874 703 944 πόλεμον
733 874 999 944 βαστάσαι
1021 878 1353 950 δυνηθεῖσαι,
1382 883 1474 935 τὸν
1499 883 1832 954 κουφότερον

247 967 347 1029 τῆς
389 966 730 1035 μεταδόσεως
754 968 959 1039 τρόπον
1004 970 1105 1024 οὑκ
1157 971 1511 1041 ἐφυλάξαντο,
1567 975 1717 1045 Ὅσῳ
1748 991 1831 1037 τις

249 1058 331 1119 είς
358 1056 420 1109 τὸ
449 1052 615 1128 ἦττον
642 1059 899 1132 ἥττηται,
932 1061 1158 1115 τοσοῦτο
1192 1063 1394 1131 μᾶλλον
1418 1063 1826 1133 άσύγγνωστος⁶

245 1146 335 1200 διὰ
376 1148 533 1202 τοῦτο
585 1145 679 1203 οὖν
708 1151 909 1221 μωραὶ.
949 1153 1012 1205 Ei
1049 1152 1107 1206 δὲ
1139 1150 1296 1208 αὗται
1333 1155 1543 1225 μωραὶ,
1592 1156 1644 1208 οί
1694 1156 1830 1227 μηδὲ

248 1240 544 1312 παρθενίαν
574 1242 910 1309 φυλάξαντες
951 1246 1045 1298 καὶ
1080 1245 1363 1319 πλεονεξία
1396 1249 1826 1320 κεκρατημένοι,

244 1335 299 1387 τί
331 1333 698 1404 κληθήσονται
732 1338 828 1390 καὶ
855 1339 1178 1407 πείσονται;

321 1446 388 1498 Αἱ
434 1445 717 1516 λαμπάδες
760 1444 854 1502 οὖν
890 1449 1238 1520 σημαίνουσι,
1273 1451 1372 1522 τῆς
1420 1452 1720 1521 παρθενίας
1764 1455 1829 1508 τὸ

240 1536 520 1608 λαμπρόν·
543 1538 639 1591 τὸν
670 1538 840 1605 ἔλεον,
873 1540 971 1610 τὴν
1019 1541 1412 1614 ἐλεημοσύνηνο
1454 1542 1513 1597 τδ
1557 1543 1613 1598 δὲ
1648 1544 1827 1615 χρονί-

242 1630 360 1694 ζειν
383 1629 476 1683 τὸν
532 1630 808 1701 Νυμφίον,
834 1632 928 1686 τὸν
957 1635 1055 1686 ούκ
1085 1634 1266 1702 ὀλίγον
1291 1635 1482 1705 χρόνον
1519 1637 1601 1700 είς
1632 1637 1694 1690 τὸ
1719 1654 1822 1706 (ραι

1943 518 2275 577 ρι’ωοριηυη]
2308 508 2449 565 hanc
2484 526 2596 566 rem
2634 512 2796 567 facio.

2006 700 2172 792 Vens.
2193 704 2247 759 2.
2278 704 2392 760 Cur
2418 705 2552 762 dicit
2599 708 2777 767 fatuas
2808 712 3050 783 virgines
3085 715 3206 771 illas
3232 721 3516 792 quinque?

1933 787 2069 853 Quia
2103 793 2356 848 acerbius
2390 804 2444 849 et
2474 796 2744 854 diﬂicilius
2773 800 2827 855 in
2850 818 3081 874 corpora
3110 787 3313 863 bellum
3354 787 3517 867 susti-

1911 894 2062 935 ‘nere
2091 897 2216 937 cum
2254 889 2580 957 potuissent,
2630 891 2805 948 levius
2859 896 2963 952 olei
3024 902 3355 970 sumptionis
3390 904 3510 960 olli-

1931 971 2077 1026 cium
2111 989 2218 1030 non
2249 980 2607 1049 expleverint.
2636 984 2856 1051 Quanto
2888 992 3012 1060 quis
3061 992 3115 1047 in
3162 995 3359 1052 minori
3388 998 3508 1054 vin-

1932 1063 2108 1129 citur,
2140 1075 2300 1122 tanto
2328 1071 2513 1127 minus
2546 1074 2935 1144 ignoscendus.
2971 1082 3098 1137 ldeo
3132 1085 3297 1155 igitur
3325 1091 3507 1146 stulta!

1931 1165 2097 1223 sunt;
2121 1158 2166 1213 si
2200 1174 2333 1215 vero
2359 1162 2478 1219 istae
2506 1167 2708 1231 stultas,
2729 1172 2824 1238 qui
2857 1187 2966 1227 non
2992 1175 3356 1243 virginitatem
3385 1197 3506 1238 ser-

1928 1255 2195 1301 vaverunt
2240 1258 2298 1303 et
2347 1254 2591 1309 avaritiae
2637 1269 2960 1328 paruerunt,
3013 1270 3287 1333 quomodo
3344 1286 3507 1327 voca-

1928 1334 2135 1392 buntur
2155 1346 2210 1394 et
2238 1342 2501 1397 credent?

2000 1443 2166 1538 Vens.
2214 1449 2269 1503 5.
2300 1450 2604 1524 Lampades
2634 1472 2765 1529 ergo
2799 1460 3114 1531 signiﬁcant
3172 1468 3504 1538 virginitatis

1928 1537 2306 1609 splendorem;
2356 1544 2537 1600 oleum
2596 1563 2745 1616 vero,
2798 1553 3235 1627 elecmosynam;
3267 1537 3498 1632 iSponsi

1930 1647 2107 1696 mora,
2139 1641 2355 1706 tempus
2381 1654 2489 1692 non
2522 1639 2684 1697 breve
2707 1644 2773 1698 ad
2807 1660 2866 1700 se
2887 1650 3321 1720 ostendendum;
3348 1670 3501 1709 som-
3543 1644 3552 1650 ’

239 1718 422 1789 νῆναιο
473 1720 538 1772 τὸ
575 1720 632 1773 δὲ
682 1720 990 1788 καθεύδειν,
1041 1723 1135 1775 τὸν
1184 1724 1439 1779 θάνατον·
1486 1725 1548 1779 τὸ
1594 1727 1651 1781 δὲ
1696 1730 1811 1798 περῖ

1929 1736 2053 1789 nus,
2079 1734 2353 1791 mortem;
2386 1729 2565 1784 media
2616 1748 2746 1799 nox,
2780 1743 2874 1790 aut
2900 1737 2954 1791 in
3008 1747 3168 1795 nocte
3221 1757 3503 1800 resurrec-

240 1811 415 1880 μέσας
466 1811 691 1877 νύκτας,
725 1813 759 1883 ἢ
805 1815 889 1868 ὅτι
933 1816 991 1869 ὲν
1039 1815 1197 1869 νυκτὶ
1240 1817 1275 1887 ῆ
1322 1817 1705 1890 άνάστασις,ἢ
1743 1820 1811 1873 ὄτι

1930 1816 2158 1884 tionem,
2180 1830 2273 1875 aut
2300 1837 2407 1877 non
2438 1825 2611 1880 visam
2639 1844 2815 1899 neque
2835 1834 3106 1903 cognitam
3132 1836 3350 1906 ;petitio
3372 1855 3503 1894 vero

235 1903 601 1973 ἀπροοράτως
630 1905 725 1958 καὶ
751 1903 1070 1974 ἀγνώστως
1103 1907 1165 1960 τὸ
1195 1907 1253 1961 δὲ
1281 1909 1502 1979 αίτῆσαι
1533 1911 1683 1982 παρὰ
1717 1911 1825 1965 τῶν

233 1997 516 2068 φρονίμων
562 1997 657 2051 καὶ
704 1998 781 2069 μὴ
834 1997 1020 2052 λαϐεῖν
1055 1997 1228 2063 ἔλεον,
1268 2000 1351 2053 ὅτι
1391 2000 1567 2064 οὐδεὶς
1594 2001 1707 2055 τῶν
1740 2002 1821 2054 δι-

230 2089 408 2143 καίων
455 2090 573 2142 ἐκεῖ
602 2089 725 2143 τότε
778 2090 1084 2161 προστῆναι
1129 2107 1276 2155 τινος
1325 2090 1550 2146 δύναται
1603 2094 1637 2167 ἢ
1692 2092 1821 2172 βοη-

232 2178 422 2248 θῆσαι.

317 2270 383 2323 Τί
431 2272 580 2325 ἐστιν
615 2270 697 2336 τὸ,
749 2271 1082 2341 Πορεύεσθε
1109 2272 1206 2325 καὶ
1239 2271 1577 2341 ἀγοράσατε
1605 2289 1623 2337 ;
1647 2272 1820 2327 Τοῦτο

226 2360 389 2416 εἶπεν
422 2365 487 2432 τῇ
525 2362 812 2435 παραϐολῇ
836 2362 1194 2434 παραμένων,
1228 2364 1322 2417 καὶ
1356 2363 1597 2432 ὑφαίνων
1624 2365 1815 2437 αὐτὴν·

224 2454 265 2523 ἢ
298 2452 593 2525 εἰρωνικῶς
622 2455 860 2525 νοητέον,
891 2454 1002 2520 ὅτε,
1034 2454 1221 2527 φησὶν,
1249 2455 1349 2508 οὐκ
1381 2454 1550 2509 ἐστιν.

319 2563 454 2617 Κατ’
498 2562 735 2634 ἔλλειψιν
789 2564 1106 2637 περιοδικὴν
1159 2567 1399 2636 εῐρηταιο
1464 2564 1642 2619 λείπει
1709 2565 1818 2637 γὰρ

224 2657 425 2719 οὕτως’
462 2660 573 2713 Καὶ
620 2663 649 2713 ὁ
688 2660 892 2732 Κύριος
921 2660 1246 2715 ἐπιτελέσει·
1287 2662 1320 2733 ῆ
1358 2664 1391 2733 ὴ
1430 2660 1715 2734 παραϐολὴ
1754 2661 1814 2714 οὐ

224 2750 368 2821 πρὸς
393 2752 770 2817 ἀνταπόδοσιν,
803 2751 918 2807 ἀλλ’
947 2752 1023 2817 ὡς
1071 2753 1366 2825 αὖτοτελὴς
1413 2755 1509 2807 καὶ
1548 2753 1643 2807 τοῦ
1678 2771 1815 2824 προ-

229 2846 543 2914 ηγουμένου
576 2846 743 2916 ῥητοῦ
777 2845 925 2900 αἰτία
951 2839 1449 2917 είρηταιόἷονρὺκ
1473 2846 1675 2900 οῑδατε
1696 2846 1814 2913 τὴν

219 2936 457 3006 ἡμέραν
480 2936 624 2992 οὐδὲ
655 2937 770 3007 τὴν
792 2938 952 3007 ὥραν
972 2939 1043 2992 ἐν
1064 2934 1102 3010 ᾗ
1128 2942 1161 2992 ὀ
1205 2937 1338 3005 Υἱὸς
1364 2937 1470 2992 τοῦ
1497 2938 1814 3007 ἀνθρώπου

218 3030 481 3100 ἔρχεται.
512 3030 613 3083 Διὰ
642 3029 695 3084 τί
722 3051 737 3095 ;
773 3031 986 3101 Ὠσπερ
1026 3030 1134 3102 γάρ
1168 3030 1459 3102 ἄνθρωπος
1489 3031 1808 3103 ἀποδημῶν,

216 3089 399 3186 τοῦτ-ως
431 3123 673 3194 ἔρχεται’
709 3089 817 3177 άπὸ
866 3089 1050 3177 κοινοῦ
1088 3089 1197 3196 γάρ
1228 3089 1309 3189 τό,
1343 3089 1599 3191 ἐρέεται·
1725 3089 1811 3177 αίζ
1837 3089 1881 3148 c

218 3213 433 3285 φνίδιον
462 3215 519 3267 δὲ
547 3215 635 3267 διὰ
667 3214 828 3268 τοῦτο
859 3215 1191 3285 παρίστησιν
1222 3217 1321 3286 τῆς
1372 3216 1680 3287 παρουσίας
1712 3217 1810 3270 αύ-

215 3306 344 3362 τοῦ.
382 3300 513 3360 Εἶτα
548 3307 825 3375 ἐξυφαίνει
858 3309 917 3360 τὸ
959 3308 1331 3379 παράδειγμα.
1385 3310 1491 3375 ’ος
1525 3308 1807 3376 ἐκάλεσε,

215 3400 414 3470 φησιν,
445 3399 586 3465 τοὺς
612 3400 805 3464 Ιδιους
832 3399 1113 3465 δούλους,
1145 3400 1237 3454 καὶ
1285 3401 1431 3472 ἐξῆςο
1463 3400 1579 3455 ἔστι
1615 3402 1671 3455 δὲ
1715 3402 1810 3455 καὶ

212 3492 396 3564 χωρὶς
442 3492 533 3545 τοῦ
569 3492 676 3545 άπὸ
724 3493 907 3546 κοινοῦ
959 3493 1021 3545 τὸ
1050 3492 1229 3563 ’ῥητὸν
1274 3493 1348 3557 ὡς
1394 3492 1506 3563 ἔχει
1555 3494 1809 3565 φράσεως

212 3584 492 3637 ὲκλαϐεἶνο
526 3580 658 3649 οἷον,
695 3584 1024 3654 Γρηγορεῖτε
1065 3581 1124 3637 οὗ
1140 3602 1181 3648 ι,
1228 3585 1311 3638 ὅτι
1363 3585 1464 3638 οὐκ
1498 3585 1677 3638 οἴδατε
1709 3586 1807 3658 τὴν

211 3678 437 3749 ἡμέραν
457 3677 575 3730 οὐδὲ
600 3677 695 3748 τὴν
718 3676 865 3749 ὥραν
887 3679 943 3731 ἐν
1024 3680 1052 3731 ὁ
1076 3678 1201 3742 Υἱὸς
1221 3676 1314 3732 τοῦ
1339 3676 1625 3748 ἀνθρώπου
1661 3678 1807 3752 ἔρχεο

208 3785 334 3822 ται.
356 3768 515 3821 Διὰτί
536 3788 549 3834 ;
569 3770 781 3839 Ὠσπερ
799 3769 907 3840 γὰρ
928 3768 1210 3839 ἄνθρωπος
1230 3769 1525 3839 ἀποδημῶν
1548 3770 1806 3825 ἐκάλεσεν

208 3862 348 3922 τοὺς
376 3860 535 3924 ίδίους
564 3860 783 3925 δούλους
826 3863 919 3915 καὶ
949 3862 1266 3933 παρέδωκεν
1297 3862 1479 3925 αὐτοῖς
1526 3866 1593 3916 τὰ
1626 3862 1804 3933 ὑπάρ-

209 3968 389 4024 χοντα
448 3951 635 4005 αὑτοῦ⁸
694 3954 788 4005 καὶ
844 3953 951 4022 γὰρ
982 3952 1327 4022 ὑποστιγμῆς
1378 3954 1478 4023 μὲν
1530 3955 1671 4007 κατὰ
1705 3955 1803 4025 τὴν

200 4047 527 4113 ἀνάγνωσιν
555 4044 1124 4115 παραλαμϐανομένης
1155 4045 1213 4097 ὲν
1238 4046 1335 4113 τῷ,
1354 4045 1803 4115 ἀποδημῶν,τε-

205 4135 370 4198 λείας
401 4136 457 4187 δὲ
492 4137 550 4187 ὲν
600 4133 676 4205 τῷ
706 4133 916 4201 αὐτοῦ,
970 4134 1228 4198 ἀϐίαστος
1274 4137 1303 4189 ό
1337 4134 1481 4199 νοῦς
1502 4138 1597 4188 καὶ
1630 4140 1663 4206 ἡ
1706 4135 1800 4189 τοῦ

203 4226 381 4294 λόγου
417 4224 693 4290 σύνταξις.

290 4334 391 4386 Διά
411 4334 464 4386 τί
487 4334 635 4402 λέγει
657 4336 742 4387 ὅτι
770 4334 1047 4404 παραδοὺς
1079 4332 1149 4387 τά
1173 4332 1416 4388 τάλαντα
1446 4336 1561 4397 τοῖς
1592 4334 1801 4399 δούλοις

1928 1910 2032 1965 olei
2063 1926 2091 1965 a
2114 1915 2453 1983 sapientibus
2482 1926 2535 1973 et
2572 1923 2809 1991 negatio,
2845 1926 3052 1982 nullum
3073 1929 3353 1999 justorum
3387 1932 3500 1987 illic

1927 2003 2190 2071 prodesse
2216 2015 2310 2060 aut
2344 2023 2505 2078 opem
2547 2008 2690 2067 ferre
2720 2015 2885 2072 alicui
2912 2027 3043 2074 tunc
3067 2036 3253 2090 posse.

1995 2279 2161 2337 Vens.
2197 2282 2251 2337 9.
2287 2284 2425 2350 Quid
2454 2296 2536 2341 est
2567 2306 2580 2341 :
2618 2289 2698 2345 Ite
2727 2302 2777 2345 et
2809 2294 3008 2348 emite?
3058 2296 3113 2352 Id
3153 2299 3288 2354 dicit
3336 2316 3497 2370 para-

1921 2372 2059 2427 bolae
2116 2376 2423 2432 insistendo
2460 2389 2515 2434 et
2552 2381 2699 2438 illam
2752 2387 3115 2457 explicando;
3151 2401 3245 2444 aut
3286 2391 3496 2450 ironice

1920 2464 2308 2534 intelligendus
2335 2479 2420 2524 est
2451 2474 2609 2540 quasi
2640 2487 2748 2529 non
2779 2476 3091 2545 invenietis,
3133 2481 3358 2539 diceret.

1991 2574 2155 2632 Vens.
2184 2578 2271 2633 14.
2302 2578 2403 2634 Per
2432 2582 2650 2652 phrasis
2678 2584 2891 2656 ellipsin
2916 2588 3153 2667 dicitur;
3175 2591 3327 2649 deest
3345 2597 3495 2653 enim

1918 2665 2067 2723 istud
2107 2686 2120 2723 :
2154 2670 2419 2728 Dominus
2468 2676 2736 2732 retribuet
2766 2680 2929 2745 sicut,
2967 2691 3091 2749 etc;
3122 2684 3203 2737 vel
3237 2688 3493 2753 parabole

1918 2773 2025 2815 non
2055 2761 2476 2821 correlationem
2504 2766 2732 2835 obtinet,
2763 2771 2857 2828 sed
2896 2781 2954 2829 ut
2987 2774 3407 2848 independentis
3436 2791 3493 2837 et

1918 2853 2279 2922 praecedentis
2297 2857 2429 2913 dicti
2464 2864 2774 2932 exemplum
2801 2866 3093 2935 exponitur
3121 2886 3136 2935 ;
3168 2872 3328 2939 quale
3368 2882 3451 2928 est
3474 2892 3514 2929 :~-

1914 2943 2144 3000 Nescitis
2170 2949 2310 3003 diem
2353 2967 2514 3021 neque
2546 2954 2736 3008 horam
2787 2957 2841 3011 in
2876 2973 2980 3028 qua
3032 2958 3208 3015 Filius
3267 2963 3494 3021 hominis

1916 3036 2106 3092 t-eniet.
2134 3036 2349 3104 Quare?
2382 3039 2450 3096 Ut
2476 3044 2621 3098 enim
2659 3046 2825 3100 homo
2859 3051 3237 3120 peregrinans,
3289 3054 3371 3108 sic
3398 3071 3490 3110 ve-

1921 3129 2067 3198 niet;
2111 3130 2534 3188 indetenninate
2579 3136 2726 3190 enim
2770 3140 3006 3194 sumitur
3051 3142 3181 3198 illud
3220 3163 3234 3199 :
3291 3144 3489 3205 Veniet.

1918 3219 2285 3293 Repentiuum
2317 3235 2498 3281 autem
2524 3242 2559 3299 p
2575 3245 2636 3283 er
2659 3229 2764 3286 hoc
2786 3233 2985 3288 statuit
3004 3234 3124 3304 ejus
3155 3235 3449 3294 adventum
3472 3256 3492 3307 ;

1916 3313 2113 3369 deinde
2142 3317 2380 3387 explicat
2407 3322 2716 3392 exemplum
2752 3341 2775 3376 ι
2804 3327 2895 3395 qui
2925 3329 3149 3392 vocavit,
3186 3330 3286 3395 ait,
3316 3348 3491 3388 aereos

1915 3422 2061 3472 suos,
2094 3416 2200 3464 etc.
2235 3410 2328 3466 Est
2360 3422 2540 3468 autem
2594 3416 2971 3472 necessarium
3020 3435 3130 3475 non
3153 3421 3490 3483 .indetermi-

1916 3510 2065 3565 nate,
2099 3511 2159 3555 ut
2193 3503 2412 3572 phrasis
2439 3521 2497 3561 se
2533 3505 2714 3573 habet,
2756 3509 2966 3565 dietum
2998 3511 3343 3583 intelligere:
3378 3516 3489 3572 sci-

1915 3593 2065 3659 licet,
2103 3595 2325 3666 vigilate
2353 3613 2507 3667 ergo,
2547 3601 2680 3669 quia
2728 3604 2956 3660 nescitis
3002 3606 3144 3660 diem
3182 3622 3360 3677 neque
3385 3608 3487 3662 ho-

1914 3703 2055 3755 ram,
2079 3690 2131 3743 in
2161 3706 2266 3760 qua
2296 3692 2441 3747 ﬁlius
2466 3693 2707 3749 hominis
2738 3696 2940 3751 veniet.
2970 3698 3148 3765 Quare
3173 3700 3317 3754 sicut
3341 3700 3486 3757 enim

1915 3781 2079 3835 homo
2106 3798 2331 3854 peregre
2382 3787 2737 3854 proﬁciscens
2782 3789 2998 3843 vocavit
3051 3805 3241 3846 servos
3280 3806 3410 3847 suos
3435 3800 3484 3847 et

1912 3872 2135 3927 tradidit
2160 3873 2266 3929 illis
2289 3874 2429 3929 bona
2457 3891 2577 3931 sua.
2599 3875 2813 3934 Etenim
2840 3895 2935 3949 per
2964 3879 3235 3951 virgulam
3261 3882 3487 3953 legendo

1911 3963 2221 4031 appositam
2255 3971 2374 4032 post
2412 3981 2624 4035 peregre
2653 3969 3010 4037 proﬁciscens,
3064 3980 3327 4040 punctum
3356 3989 3485 4029 vero

1909 4061 2032 4122 post
2064 4068 2185 4118 sua,
2223 4068 2331 4109 non
2368 4068 2555 4110 coacta
2582 4066 2665 4112 est
2707 4059 3064 4132 intelligentia
3116 4069 3173 4116 et
3218 4064 3485 4121 orationis

1908 4142 2177 4211 syntaxis.

1983 4333 2150 4389 Vens.
2185 4336 2270 4390 l9.
2320 4336 2433 4391 Cur
2478 4338 2609 4393 dicit
2659 4341 2787 4409 quia
2832 4357 2956 4396 cum
3000 4344 3238 4400 dedisset
3282 4347 3480 4402 talenta

200 4425 580 4497 ἀπεδήμησες
613 4426 680 4478 Ἦ
727 4425 825 4495 τὴν
858 4423 1244 4495 μακροθυμίαν
1288 4424 1717 4495 ἐνδεικνύμενος,
1766 4426 1799 4496 ἢ

1924 4428 2103 4493 terris,
2140 4428 2420 4497 proiectus
2449 4430 2568 4483 est?
2587 4432 2695 4485 Aut
2722 4441 2781 4486 ut
2809 4420 3062 4488 ostendat
3093 4434 3481 4507 longanimita-

200 4520 312 4574 τὸν
340 4520 794 4589 παρατεταμένον
835 4517 1052 4589 καιρὸν,
1088 4518 1258 4588 μέχρι
1287 4517 1387 4588 τῆς
1429 4519 1797 4582 ἀναστάσεως.

200 4610 489 4664 Τάλαντον
509 4606 602 4663 οὖν
630 4611 665 4680 ἡ
687 4609 919 4663 ἑκάστου
946 4608 1172 4679 δύναμις
1190 4611 1255 4680 ἠν
1277 4609 1436 4662 ἔλαϐε
1458 4610 1611 4681 παρὰ
1631 4608 1791 4665 Θεοῦ.

200 4701 292 4756 Τὸ
315 4701 561 4765 δὲ,”Εδει
584 4716 659 4754 σε
682 4699 1043 4754 καταϐαλεῖν
1076 4700 1143 4753 τὸ
1164 4698 1469 4753 τάλαντόν
1480 4715 1624 4767 μου,
1643 4696 1802 4753 τοῦτο

197 4794 386 4863 λέγει,
409 4794 469 4847 τὸ
489 4796 666 4849 εἰπεῖν
695 4795 789 4848 καὶ
830 4793 1161 4863 παραινέσαι
1195 4793 1291 4847 καὶ⁵
1323 4791 1719 4863 συμϐουλεῦσαι
1766 4791 1797 4864 ἢ

199 4886 692 4957 συμϐουλευθῆναι
734 4890 767 4957 ἢ
797 4885 1217 4958 παραινεθῆναι.
1256 4883 1617 4956 Ἀργύριονδὲ
1643 4884 1800 4938 καλεῖ

196 4980 487 5049 τὰΛόγιαε
508 4980 844 5053 τραπεζίτας
863 4980 945 5047 δὲ,
959 4981 1084 5043 τοὺς
1103 4978 1421 5043 ἀκούοντας·
1444 4979 1602 5032 τόκον
1617 4977 1797 5049 δὲ,τὴν

196 5072 325 5127 τῶν
361 5072 539 5144 ἔργων
572 5071 834 5137 ἐπίδειξιν
864 5071 962 5125 καὶ
1006 5072 1275 5142 ἐργασίαν
1303 5071 1396 5124 ἐπὶ
1428 5071 1489 5125 τὸ
1526 5072 1793 5142 κρεῖττον·

195 5162 445 5232 ἀρθῆναι
471 5164 529 5216 δὲ
560 5162 772 5216 κελεύει
803 5162 864 5215 τὸ
894 5161 1047 5216 δοθὲν
1073 5162 1358 5227 τάλαντον,
1381 5160 1526 5214 τοῦτ’
1552 5161 1700 5216 ἔστιν
1730 5160 1793 5215 τὸ

196 5255 477 5326 χάρισμα,
510 5255 604 5309 ἀπ’
633 5254 820 5319 αὑτοῦ,
857 5255 955 5308 καὶ
983 5255 1347 5326 προστεθῆναι
1372 5253 1452 5325 τῷ
1483 5254 1678 5325 ἔχοντι·
1711 5254 1798 5306 λέ-

194 5361 299 5415 γει
338 5344 394 5398 δὲ
420 5348 548 5417 περὶ
577 5346 918 5402 διδασκάλων
942 5348 1017 5412 ὼς
1040 5347 1135 5400 ἐπὶ
1166 5347 1229 5401 τὸ
1256 5346 1417 5400 πολύ.

279 5550 381 5605 Διὰ
408 5550 461 5603 τί
491 5551 715 5622 ἐρίφους
741 5550 869 5615 τοὺς
888 5524 1279 5620 άμαρτωλοὺς,
1308 5546 1561 5618 πρόϐατα
1581 5547 1639 5600 δὲ
1666 5547 1792 5610 τοὺς

194 5643 453 5707 δικαίους
493 5643 682 5712 λέγεις
734 5644 860 5697 Ὅτι
900 5644 959 5709 ἐξ
992 5642 1196 5714 ίρίφων
1234 5641 1497 5713 πρόσοδος
1532 5640 1789 5711 οὐδεμία,

194 5740 273 5792 ἐκ
327 5731 384 5791 δι
437 5738 727 5810 προϐάτων
759 5736 951 5808 πολλὴ,
987 5735 1046 5800 εξ
1093 5736 1262 5806 ἐρίου,
1316 5736 1379 5788 ἐκ
1416 5732 1673 5797 τοκετῶν,
1726 5732 1789 5786 ἐκ

1908 4526 2038 4583 tem,
2064 4528 2157 4573 aut
2189 4528 2404 4588 tempus
2437 4535 2549 4588 quo
2576 4520 2818 4577 distabat
2846 4538 2877 4578 a
2914 4527 3342 4583 resurrectione.
3377 4527 3479 4585 Ta-

1905 4609 2113 4664 lentum
2137 4623 2268 4679 ergo
2309 4617 2393 4663 est
2420 4608 2688 4680 cujusque
2713 4613 2795 4668 vis
2823 4629 2988 4683 quam
3019 4630 3049 4669 a
3085 4614 3194 4670 Deo
3226 4620 3474 4688 recepit;

1904 4699 2035 4754 illud
2060 4709 2244 4755 autem
2273 4718 2286 4755 :
2315 4698 2565 4770 Oportuit
2583 4711 2632 4756 te
2654 4704 2978 4760 committere
2999 4705 3254 4761 talentum
3281 4725 3479 4775 meum,

1903 4794 2104 4848 dicitur
2141 4792 2210 4848 ad
2260 4793 2681 4864 signiﬁcandum
2716 4797 2920 4851 monita
2954 4808 3008 4853 et
3058 4798 3289 4855 consilia
3322 4800 3478 4869 dare,

1901 4893 1998 4940 aut
2030 4885 2239 4941 monita
2276 4897 2333 4942 et
2383 4886 2612 4943 consilia
2648 4887 2898 4958 excipere
2930 4908 2946 4944 :
2973 4892 3262 4958 pecuniam
3292 4901 3476 4949 autem

1901 4986 2062 5032 vocat
2089 4977 2290 5045 verba;
2323 4977 2744 5044 nummularios,
2781 4994 2880 5035 eos
2903 4981 2997 5051 qui
3046 4982 3310 5050 audiunt;
3342 4999 3477 5041 usu-

1900 5082 2019 5121 ram
2046 5081 2177 5121 vero
2216 5082 2445 5135 operum
2472 5067 2976 5123 manifestationem
3003 5078 3058 5124 et
3092 5072 3469 5141 operationem

1901 5158 1955 5211 iu
1989 5158 2209 5241 melius.
2242 5156 2385 5213 Tolli
2417 5168 2599 5214 autem
2646 5160 2804 5230 jubet
2848 5160 2993 5230 quod
3033 5162 3260 5217 dederat
3294 5163 3477 5217 talen-

1901 5261 2039 5316 tum,
2067 5253 2118 5306 id
2146 5262 2252 5315 est,
2279 5253 2509 5323 gratiam
2544 5268 2663 5323 qua:
2685 5269 2748 5309 ex
2796 5254 2889 5309 illo
2918 5262 3023 5321 est,
3058 5264 3112 5308 et
3137 5254 3260 5309 addi
3289 5255 3339 5309 ei
3377 5254 3471 5323 qui

1899 5343 2094 5412 habet;
2156 5344 2400 5415 loquitur
2454 5346 2521 5401 de
2575 5345 2895 5402 doctoribus
2945 5355 3007 5401 ut
3062 5347 3117 5401 in
3184 5344 3471 5414 superiore

1896 5436 2090 5506 gradu.

1972 5545 2135 5603 Vens.
2176 5548 2268 5603 53.
2326 5548 2437 5603 Cur
2489 5548 2674 5605 hmdos
2714 5556 3049 5620 peccatores,
3107 5560 3239 5602 oves
3286 5554 3473 5602 autem

1889 5638 2072 5705 justos
2101 5637 2448 5705 voeat?Quia
2488 5656 2554 5696 ex
2608 5642 2780 5697 medie
2811 5650 3107 5711 proventus
3155 5639 3358 5705 nullus,
3399 5654 3466 5694 ex

1895 5732 2093 5787 ovibus
2148 5740 2329 5787 autem
2376 5734 2602 5799 multus,
2668 5735 2722 5788 in
2754 5733 2902 5800 lana,
2950 5732 3241 5803 partubus,
3306 5733 3459 5800 lacte,
