3920 6206
204 340 332 404 1161

1186 338 1505 397 SCHOLIA
1545 335 1841 397 VETEIlA
1879 337 1958 396 IN
1999 337 2469 399 MATTH/EUM.

3306 336 3446 404 1162

208 454 435 517 Ἰούδας.
469 452 571 505 Διά
608 446 702 505 οὖν
733 451 834 520 τῆς
864 451 1184 520 ἐπωνυμίας
1216 452 1440 522 χωρίζει
1472 453 1657 519 αὑτὸν,
1693 452 1755 504 iv:

1880 449 2011 513 das;
2049 466 2143 520 per
2173 464 2495 521 cognomen)
2525 450 2712 521 igitur,
2736 453 3073 525 designatur,
3097 469 3164 511 ne
3199 454 3447 513 videatur

201 546 280 617 μὴ
312 544 439 616 δόξῃ
466 544 674 606 ἐκεῖνος
698 538 858 596 εἶναι.
884 541 1005 612 Χρὴ
1025 542 1081 593 δὲ
1104 541 1325 607 είδέναι,
1358 542 1452 596 καὶ
1481 543 1773 615 αὐτομάτῳ

196 642 410 709 κινήσει
440 636 600 691 τοῦτο
623 639 771 690 ποιεῖ
805 636 899 689 καὶ
928 636 1156 706 χρυσίου
1182 636 1391 704 ὀλίγου.

270 728 502 799 Πρώτην
563 728 674 780 τῶν
737 726 993 797 Ἀζύμων
1038 727 1139 796 τὴν
1192 727 1299 796 πρὸ
1342 728 1452 782 τῶν
1522 724 1773 797 Ἀζύμων

1880 539 1983 595 iste
2008 543 2147 595 alter
2184 556 2328 597 esse.
2357 540 2583 611 Oportet
2611 552 2792 599 autem
2818 547 2959 600 scire
2994 547 3146 600 illum
3181 546 3283 600 hoc
3324 562 3443 617 pro.

1875 631 1997 702 prio
2032 641 2183 687 motu
2232 643 2287 687 et
2332 635 2403 688 ob
2453 634 2626 688 levem
2664 637 2948 704 pecuniam
2976 652 3158 706 agere.

1946 720 2111 778 Vens.
2130 722 2217 777 17.
2240 722 2479 777 Primam
2506 725 2859 796 Azymorum,
2891 728 3032 781 diem
3064 730 3442 798 anteAzynios

197 820 365 889 φησίν
387 837 403 851 ·
443 818 668 873 εἰώθασι
709 818 818 888 γὰρ
854 818 964 873 ἀπὸ
997 818 1099 888 τῆς
1130 819 1372 891 ἑσπέρας
1404 820 1492 873 ἀεὶ
1519 820 1755 890 ἀριθμεῖς

1872 815 2023 871 dicit.
2061 814 2324 872 Solebant
2360 819 2502 872 enim
2539 834 2570 873 a
2602 834 2827 887 vespera
2859 834 3072 889 semper
3129 819 3273 874 diem
3336 838 3443 874 nu-

194 913 295 980 τὴν
317 909 555 981 ἡμέραν,
599 910 694 963 καὶ
717 909 923 979 ταύτης
956 910 1343 980 μνημονεύειν,
1378 910 1498 964 καθ’
1522 912 1588 982 ἢν
1617 912 1675 965 ὲν
1704 913 1769 982 τῇ

191 1001 407 1073 ἑσπέρᾳ
444 1001 504 1054 τὸ
542 1001 732 1070 Πάσχα
773 999 998 1070 ἔμελλεν
1030 1000 1258 1055 θύεσθαι
1278 1016 1295 1031 ⁸
1323 1004 1388 1072 τῇ
1411 1001 1521 1073 γὰρ
1545 1001 1770 1073 πέμπτῃ

196 1094 309 1147 τῶν
348 1092 646 1147 Σαϐϐάτων
697 1091 1041 1163 προσῆλθον
1091 1093 1185 1146 καὶ
1212 1092 1479 1161 ταύτην’ό
1524 1092 1626 1163 μὲν
1670 1092 1771 1163 τὴν

196 1185 303 1254 πρὸ
342 1185 450 1236 τῶν
501 1183 752 1252 Ἀζύμων
792 1182 971 1245 καλεῖ,
1006 1182 1097 1236 τὸν
1127 1184 1322 1253 καιρὸν
1358 1184 1534 1251 λέγων
1560 1183 1684 1238 καθ’
1708 1183 1768 1237 ὃν

193 1275 496 1345 προσῆλθον
520 1291 533 1305 ·
582 1276 611 1327 ό
638 1275 693 1327 δὲ
725 1272 869 1327 οὕτω
897 1274 1047 1342 λέγει
1071 1291 1086 1305 ·
1131 1270 1363 1331 *Ηλθεν
1398 1276 1468 1329 δὲ
1508 1277 1546 1344 ἠ
1577 1278 1768 1345 ἡμέρα

192 1366 311 1421 τῶν
352 1368 620 1437 Ἀζύμωγ,
651 1367 723 1421 ἐν
747 1362 787 1438 ᾖ
814 1367 935 1421 ἔδει
965 1368 1213 1421 θύεσθαι
1257 1369 1325 1422 τὸ
1361 1368 1576 1438 Πάσχα
1611 1386 1624 1399 ·
1651 1369 1680 1421 ὁ
1708 1368 1766 1421 δὲ

193 1457 357 1520 ἄλλος
400 1455 806 1525 εὐαγγελιστὴς
856 1457 955 1526 τὴν
1006 1458 1246 1528 ἑσπέραν
1291 1458 1475 1525 λέγει’
1515 1459 1622 1512 ἀπὸ
1656 1458 1764 1533 γὰρ

190 1547 289 1615 τῆς
314 1546 554 1615 ἑσπέρας
582 1546 783 1616 ἧρχετο
813 1546 876 1599 τὸ
908 1547 1119 1617 Πάσχα.
1160 1548 1258 1603 Διά
1300 1549 1352 1602 τί
1391 1550 1633 1620 ἐρωτῶσι
1659 1550 1764 1604 ποῦ

194 1641 512 1707 ποιήσουσιν
550 1638 609 1690 τὸ
640 1638 831 1707 Πάσχα
861 1655 876 1702 ;
909 1637 1011 1691 Διὰ
1037 1638 1097 1691 τὸ
1131 1639 1206 1710 μὴ
1254 1639 1399 1709 ἔχειν
1440 1640 1605 1695 αὐτὸν
1630 1658 1765 1695 κατ-

189 1726 431 1796 αγώγιον
464 1730 604 1798 μήτε
620 1728 818 1781 οίκίαν.
844 1731 943 1782 Διὰ
966 1729 1019 1782 τί
1044 1731 1288 1783 ἐπιτελεῖ
1300 1732 1360 1785 τὸ
1389 1732 1615 1805 “ﬁexa;
1642 1732 1763 1787 Ἵνα

187 1821 341 1894 δείξῃ
363 1822 445 1874 ὅτι
481 1820 556 1892 μὴ
585 1821 906 1883 ὑπεναντίος
932 1822 1011 1891 τῷ
1039 1822 1188 1893 νόμῳ
1225 1823 1395 1877 ἐστίν.

261 1914 361 1965 Διὰ
396 1914 449 1964 τί
481 1912 617 1983 πρὸς
646 1912 924 1980 ἄγνωστον
956 1912 1167 1980 πέμπει
1199 1915 1511 1986 ἄνθρωπον;
1535 1920 1759 1982 Δεικνὺς

187 2007 269 2058 ὅτι
320 2004 494 2057 πάντα
540 2002 846 2057 ὑπακούεισ
884 2005 981 2057 καὶ
1030 2005 1080 2057 εί
1116 2005 1330 2075 ἢθελεν,
1377 2008 1498 2061 οὐδὲ
1532 2009 1754 2064 ἔπαθεν.

192 2096 339 2146 Ἀνω
367 2093 476 2165 γὰρ
504 2092 603 2160 τὴν
632 2092 870 2147 διάνοιαν
896 2092 990 2146 τοῦ
1032 2094 1106 2164 μὴ
1152 2096 1510 2166 γνωρίζοντος
1537 2099 1755 2164 πείσας,

186 2183 376 2255 ὥσπερ
405 2185 500 2237 καὶ
561 2183 655 2236 τοῦ
700 2182 891 2253 κυρίου
923 2182 1025 2253 τῆς
1054 2181 1200 2247 ὄνου,
1244 2184 1361 2247 πῶς
1388 2185 1485 2237 οὐκ
1520 2185 1586 2239 ἂν
1632 2185 1758 2249 τοὺς

188 2275 507 2345 σταυρωτὰς
537 2274 774 2340 ἔπεισεν,
806 2275 853 2327 εί
900 2274 1188 2340 ὲ6ούλετο;
1237 2274 1380 2342 Ἐγὼ
1406 2275 1463 2327 δὲ
1516 2275 1576 2327 ού
1628 2276 1757 2328 θαυ-

187 2368 346 2438 μάζω
378 2367 538 2437 μόνον
563 2368 644 2420 ὅτι
677 2367 953 2435 ἄγνωστος
978 2365 1052 2419 ὣν
1078 2366 1395 2432 ὑπεδέξατο,
1418 2366 1531 2419 ἀλλ’
1558 2367 1639 2419 ὅτι
1662 2368 1756 2420 καὶ

184 2460 427 2510 κίνδυνον
491 2455 842 2526 ὑφορώμενος
917 2458 1327 2526 κατεφρόνησε’
1401 2460 1628 2527 σημεῖον
1698 2458 1756 2512 δὲ

184 2551 369 2610 αὐτοῖς
399 2549 583 2600 δίδωσι
618 2548 709 2600 τὸν
742 2549 804 2599 τὸ
851 2547 1123 2616 κεράμιον
1174 2546 1536 2615 βαστάζοντα,
1566 2548 1755 2617 ἐπειδὴ

183 2641 277 2694 τὸν
330 2639 496 2691 τόπον
533 2640 786 2707 ἠγνόουν.
841 2638 938 2701 Τὸ,
1000 2637 1213 2704 Ῥιψον
1245 2635 1316 2689 τὰ
1349 2636 1641 2705 χρήματα,
1694 2638 1755 2689 οὐ

186 2729 503 2791 κελεύοντός
533 2728 706 2791 ἐστιν,
733 2726 870 2781 ἀλλὰ
899 2727 1207 2796 συμϐούλου
1231 2726 1403 2789 ὄντος.
1440 2728 1497 2779 '0
1528 2726 1756 2797 πορνεύ-

185 2839 285 2884 σας
316 2820 422 2889 πρὸ
444 2820 609 2889 νόμου
635 2820 728 2872 καὶ
777 2820 837 2873 ὲν
866 2818 1020 2890 νόμῳ
1041 2819 1137 2872 καὶ
1170 2818 1307 2888 μετὰ
1333 2818 1518 2888 νόμον,
1554 2818 1754 2889 πολλὴν

182 2914 298 2983 ἔχει
335 2915 434 2984 τὴν
476 2915 742 2985 διαφορὰν
782 2913 997 2968 καὶτοῦ
1029 2914 1430 2985 ἁμαρτήματος
1469 2915 1563 2967 καὶ
1593 2932 1757 2969 καταο

184 3005 477 3075 κρίματος.
538 3006 903 3077 Ἐπόρνευσέν
936 3023 1022 3069 τις
1058 3006 1238 3075 ἱερεὺς
1265 3004 1372 3059 ὤν’
1429 3006 1755 3077 ὲπόρνευσέν

1872 916 2104 968 merare,
2136 912 2191 957 et
2221 904 2288 959 de
2335 905 2437 958 ista
2484 906 2655 975 loqui,
2707 907 2759 960 in
2793 923 2899 976 qua
2937 908 3002 961 ad
3034 923 3315 978 vesperam
3343 908 3444 963 Pa-

1869 995 2001 1048 scha
2028 995 2300 1049 immolari
2329 996 2581 1051 debebat.
2606 997 2739 1052 Nam
2773 1000 2837 1053 ad
2864 1000 3111 1069 quintam
3138 1015 3169 1053 a
3199 1001 3443 1055 Sabbato

1868 1095 2269 1153 processerant,
2301 1096 2355 1140 et
2378 1089 2537 1141 istam
2564 1103 2707 1144 unus
2724 1090 2943 1159 quidem
2971 1091 3116 1146 diem
3140 1099 3269 1147 ante
3295 1093 3441 1162 Αιγ-

1868 1190 1987 1229 mos
2023 1187 2198 1241 vocat,
2236 1187 2451 1246 tempus
2485 1178 2734 1234 indicans
2760 1180 2825 1234 ad
2847 1182 2991 1251 quod
3019 1195 3439 1251 processerant;

1866 1265 2004 1319 alter
2042 1282 2169 1321 vero
2196 1267 2277 1323 sic
2302 1269 2436 1323 dicit
2460 1288 2474 1323 :
2517 1269 2738 1324 Venerat
2770 1283 2945 1326 autem
2969 1275 3079 1328 dies
3098 1275 3437 1343 Azymorum,

1865 1355 1919 1407 iu
1971 1373 2076 1425 qua
2119 1361 2388 1426 oportebat
2451 1361 2720 1417 immolari
2761 1362 3010 1429 Pascha;
3067 1365 3208 1421 alius
3254 1376 3440 1421 autem
3498 1408 3502 1412 ι

1863 1449 2194 1517 evangelista
2227 1466 2511 1519 vesperam
2537 1452 2691 1519 dicit,
2726 1470 2855 1509 nam
2888 1470 2919 1508 a
2953 1469 3183 1525 vespera
3207 1455 3442 1526 incipie-

1864 1536 1955 1591 bat
1988 1536 2221 1593 Pascha.
2259 1539 2373 1595 Cur
2407 1540 2751 1611 interrogant
2788 1561 2802 1598 :
2833 1541 2933 1598 Ubi
2958 1545 3310 1601 comedemus
3333 1544 3441 1601 Pa-

1864 1630 2036 1683 scha?
2067 1628 2144 1685 Eo
2184 1632 2329 1701 quod
2392 1647 2500 1686 non
2551 1632 2780 1689 haberet
2834 1634 3227 1690 habitationem
3265 1652 3441 1706 neque

1863 1720 2106 1775 domum.
2145 1723 2255 1777 Cur
2290 1724 2531 1778 celebrat
2554 1725 2805 1781 Pascha?
2849 1726 2919 1783 Ut
2951 1728 3203 1783 ostendat
3234 1742 3295 1783 se
3331 1728 3436 1799 legi

1793 1798 1833 1851 Β
1864 1810 2241 1867 adversantem
2269 1828 2376 1868 non
2415 1829 2559 1870 esse.

1934 1898 2232 1957 Vens.18.
2288 1904 2401 1958 Cur
2462 1907 2529 1959 ad
2593 1908 2835 1975 ignotum
2896 1909 3174 1966 hominem
3230 1916 3436 1972 mittit?

1861 1990 2171 2049 Ostendens
2187 1997 2370 2051 omnia
2386 1998 2463 2051 illi
2480 1998 2733 2062 subesse;
2760 2008 2812 2054 et
2827 2003 2873 2056 si
2903 2003 3154 2071 voluerit,
3181 2022 3286 2062 non
3307 2025 3435 2080 pas-

1860 2097 1956 2137 sus
1987 2082 2186 2149 fuerit;
2221 2102 2345 2141 nam
2383 2102 2624 2158 superno
2660 2099 2811 2145 motu
2863 2091 3107 2150 hominis
3149 2112 3258 2151 non
3305 2115 3430 2154 eum

1859 2177 2139 2232 noscentis
2188 2190 2420 2233 mentem
2474 2182 2810 2250 persuadens
2867 2193 2928 2238 ut
2982 2186 3187 2242 domini
3240 2190 3431 2253 asinaa,

1858 2268 2134 2335 quomodo
2153 2284 2260 2323 non
2280 2272 2637 2327 crucilixores
2656 2274 3043 2342 persuasisset,
3066 2279 3110 2332 si
3128 2280 3433 2337 voluisset?

1861 2356 1973 2428 Ego
1996 2375 2147 2426 vero,
2176 2376 2282 2415 non
2302 2364 2478 2417 solum
2505 2364 2751 2419 admiror
2780 2368 2923 2436 quod
2956 2368 3173 2438 ignotus
3198 2387 3321 2427 cum
3352 2375 3435 2429 illi

1859 2446 2043 2511 luerit,
2080 2450 2226 2506 hunc
2265 2456 2554 2522 acceperit,
2597 2456 2690 2510 sed
2711 2460 2858 2526 quod
2897 2461 3213 2527 {periculum
3249 2468 3433 2537 suspi-

1858 2543 2010 2596 ciens
2046 2557 2240 2609 parum
2269 2545 2563 2599 curaverit.
2592 2547 2692 2601 His
2733 2563 2861 2603 vero
2897 2551 3116 2619 signum
3142 2555 3235 2609 dat
3264 2557 3427 2611 Chri-

1859 2644 1977 2687 stus
2008 2631 2283 2686 hominem
2342 2649 2537 2689 urnam
2587 2649 2863 2705 gerentem
2890 2679 2907 2707 ,
2942 2644 3203 2711 quoniam
3250 2646 3431 2703 locum

1859 2738 1966 2778 non
2009 2723 2436 2794 cognoscebant.
2487 2725 2794 2783 Libationes
2833 2731 3017 2802 funde,
3068 2750 3179 2790 non
3236 2740 3433 2810 praeci-

1860 2812 2084 2880 pientis,
2118 2814 2214 2868 sed
2264 2815 2607 2871 consiliantis
2639 2827 2741 2873 est.
2776 2818 2878 2884 Qui
2914 2825 3293 2883 meretricatus
3345 2838 3433 2886 est

1858 2912 1985 2958 ante
2026 2904 2224 2973 legem.
2251 2905 2306 2959 in
2338 2907 2457 2978 lege
2508 2918 2563 2962 et
2592 2920 2720 2979 post
2759 2900 2940 2980 legem.
2964 2915 3189 2969 multam
3228 2919 3431 2986 praebet

1857 2993 2217 3049 differentiam
2246 2998 2369 3050 etin
2394 2998 2551 3067 culpa
2571 3014 2584 3050 :
2604 3001 2726 3053 etin
2756 3003 3229 3063 condemnatione.
3254 3008 3430 3065 Mere-

177 3114 325 3161 τινος
378 3097 571 3168 ἱερέως
619 3097 895 3168 θυγάτηρ’
927 3100 962 3168 ἡ
1010 3098 1109 3168 μὲν
1141 3097 1415 3169 ἀνῄρητο,
1440 3098 1474 3168 ὴ
1516 3097 1572 3151 δὲ
1616 3115 1754 3151 κατ-

1867 3083 2089 3140 tricatus
2109 3088 2429 3155 estquidam
2454 3090 2744 3155 sacerdos;
2770 3095 3113 3150 meretricata
3139 3099 3429 3168 estcujuso

177 3190 487 3259 επρήθετο·
519 3190 579 3242 οὐ
635 3190 795 3259 μόνον
830 3189 906 3251 ὡς
956 3188 1138 3254 πλέον,
1193 3184 1368 3260 οἶμαι,
1423 3188 1748 3258 διδαχθεῖσα,

177 3282 317 3335 ἀλλὰ
347 3282 442 3335 καὶ
488 3281 583 3335 τὸν
634 3281 785 3351 ἱερέα
850 3280 1107 3335 δεικνῦσα
1155 3281 1254 3351 ὅση
1314 3282 1348 3352 ἠ
1403 3280 1749 3352 κατάκρισις,

182 3371 386 3441 μᾶλλον
451 3373 500 3425 si
550 3373 758 3436 ἐκεῖνος
835 3371 1208 3443 πορνεύσειεν.
1280 3372 1612 3443 Ἐπορνεύθη
1668 3390 1752 3436 τις

178 3461 395 3532 βιαίως,
427 3461 731 3534 ὲπορνεύθη
779 3480 864 3526 τις
897 3462 1152 3529 πλουσία,
1185 3462 1456 3532 πενομένη
1480 3480 1494 3493 ·
1532 3463 1666 3517 πολὺ
1691 3462 1754 3516 τὸ

173 3552 454 3623 διάφορον.
513 3553 872 3624 Ἐπόρνευσέν
895 3568 979 3617 τις
1000 3553 1355 3617 ἀδάπτιστος,
1384 3552 1753 3625 βεϐαπτισμέ-

176 3645 304 3705 νοςῖο
340 3643 476 3696 πολὺ
497 3644 559 3697 τὸ
597 3644 763 3716 μέσον
782 3644 1009 3700 τούτων.

253 3828 349 3881 Διά
378 3828 437 3882 τί
456 3823 633 3894 εἶπεν,
663 3822 767 3895 Εἷς
799 3827 869 3893 ἐξ
912 3827 1080 3899 ὑμῶν
1107 3828 1445 3897 παραδώσει
1481 3846 1593 3900 ps;
1619 3831 1753 3884 Βου-

178 3918 407 3987 λόμενος
441 3919 603 3973 αύτδν
645 3918 721 3991 μὴ
763 3919 1121 3990 αίσχυνθέντα
1162 3920 1258 3973 καὶ
1298 3920 1626 3989 ἀπογνόντα,
1676 3922 1752 3984 ὡς

181 4012 286 4082 ἤδη
309 4011 591 4080 νοηθέντα,
623 4015 955 4082 μετανοῆσαι
980 4014 1073 4067 καὶ
1113 4012 1372 4066 διασῶσαι
1415 4013 1596 4066 αὐτόν.
1643 4013 1752 4067 Καὶ

174 4101 271 4154 διὰ
291 4102 343 4154 τί
367 4101 530 4156 αὑτὸν
554 4101 884 4172 ὲξεκάλυψεν
905 4120 918 4167 ;
952 4102 1171 4174 Ἐπειδὴ
1190 4104 1376 4170 ελεγον
1398 4120 1412 4133 ·
1432 4103 1589 4170 Μήτι
1640 4103 1751 4173 ἐγώ

174 4192 317 4259 ειμι,
350 4192 559 4258 Κύριε;
591 4191 686 4245 καὶ
709 4191 1152 4252 ἀπετεθνήκεσαν
1182 4191 1260 4261 τῷ
1279 4192 1430 4245 δέει·
1456 4193 1542 4244 ἵνα
1575 4191 1649 4261 μὴ
1682 4194 1749 4262 τῇ

178 4280 547 4351 περισσοτέρᾳ
574 4279 720 4349 λύπῃ
747 4279 1155 4333 καταποθῶσιν,

250 4370 409 4432 Τίνος
437 4369 625 4422 ἕνεκεν
676 4369 795 4437 μετ’
852 4367 1020 4421 αὑτοῦ
1074 4367 1310 4419 ἔδαπτεν
1356 4368 1385 4419 ό
1442 4366 1747 4437 προδότης;

188 4462 325 4514 Ἀπὸ
356 4461 563 4527 πολλῆς
613 4460 973 4529 ἰταμότητος·
1025 4460 1146 4512 οὐδὲ
1193 4458 1302 4527 γὰρ
1350 4458 1536 4511 λοιπδν
1588 4460 1749 4528 ἐτίμα

176 4554 273 4608 τὸν
323 4552 676 4607 Διδάσκαλον.
731 4550 963 4618 Χριστὸς
1008 4550 1065 4602 δὲ
1116 4549 1426 4619 ἐκαρτέρει,
1465 4548 1748 4603 λανθάνειν

177 4643 529 4713 βουλόμενος,
560 4642 647 4694 ἵνα
678 4640 765 4694 διὰ
796 4640 985 4693 τούτου
1019 4640 1321 4710 ἐπιστρέψῃ
1364 4640 1527 4692 αὐτόν
1550 4655 1566 4670 ·
1599 4639 1749 4709 ῆκαὶ

178 4734 327 4801 ἡμᾶς
356 4730 633 4785 παιδεύων
661 4730 1040 4801 μακροθυμεῖν
1072 4730 1212 4801 πρὸς
1235 4730 1746 4799 ἁναισχυντοῦντας.

242 4823 341 4875 Διά
371 4822 425 4875 τί
445 4822 617 4890 λέγει,
649 4820 712 4874 '0
736 4821 854 4890 μὲν
887 4821 1019 4885 Υἱὸς
1049 4821 1157 4874 τοῦ
1183 4816 1497 4889 ἀνθρώπου
1511 4820 1745 4890 ὑπάγει,

180 4910 379 4977 καθὼς
420 4913 744 4982 γέγραπται
788 4912 924 4983 περὶ
971 4912 1199 4976 ain/027;
1262 4911 1604 4980 Προσέθηκεν
1663 4912 1746 4975 τὸ,

176 5004 525 5075 τέτραπται,
578 5006 667 5060 ἴνα
722 5006 798 5077 μὴ
848 5005 1145 5075 νομίσωσιν
1179 5004 1464 5058 ἀσθένειαν
1521 4999 1749 5058 εἶναιτὸ

180 5098 453 5167 πρᾶγμαο
490 5096 572 5151 ἔτι
618 5098 677 5151 δὲ
729 5099 824 5151 καὶ
870 5098 964 5151 τὸν
1019 5097 1285 5167 προδότην
1331 5096 1745 5166 διορθούμενος·

186 5188 280 5241 ἴνα
313 5189 543 5258 νομίσας
570 5189 935 5259 ἀποκείμενον
964 5188 1111 5258 αὐτῷ
1150 5188 1210 5241 τὸ
1243 5187 1457 5252 παθεῖν,
1482 5187 1558 5250 ὡς
1587 5188 1663 5258 μὴ
1690 5187 1752 5239 τδ

180 5279 293 5332 πᾶν
319 5276 574 5342 πταίσας,
601 5278 763 5339 αὐτὸς
782 5277 1008 5348 καμφθῇ
1032 5277 1168 5348 πρὸς
1201 5281 1510 5347 μετάνοιαν.

256 5368 403 5440 Ποίῳ
449 5368 640 5439 σκοπῷ
690 5368 840 5437 λέγει
884 5367 1083 5431 Ἰούδας
1121 5368 1203 5433 τὸ,
1234 5367 1389 5435 Μήτι
1437 5365 1551 5438 ἐγώ
1593 5370 1750 5437 ειμι;

196 5461 568 5532 ’Δναισχύντῳ
616 5464 711 5514 καὶ
771 5461 997 5530 ὑπόπτῳ
1046 5460 1345 5529 συνειδήσει
1391 5460 1746 5529 τυπτόμενος.

183 5553 283 5607 Διὰ
314 5554 365 5608 τί
394 5554 567 5617 οὕτως
594 5548 750 5606 εἶπεν
776 5552 1032 5624 Χριστὸς,
1076 5552 1159 5605 Σὺ
1202 5546 1397 5619 εἴπας,
1446 5550 1560 5604 ἀλλ’
1610 5551 1750 5621 οὐχὶ,

179 5638 253 5698 Ὦ
281 5645 446 5716 μιαρὲ
488 5644 594 5698 ’καὶ
641 5644 940 5714 ἀχάριστε;
992 5644 1365 5710 Ἀνεξικακίας
1415 5644 1574 5715 ὅρους
1619 5647 1753 5714 ἡμῖν

176 5734 366 5801 τιθεις.
393 5735 490 5791 Διὰ
523 5734 577 5789 τί
625 5735 935 5804 ὲγκαλεῖται
992 5735 1215 5804 Ἰούδας,
1266 5736 1335 5791 τὰ
1382 5735 1753 5807 γεγραμμένα

492 5833 765 5895 Ρηιιοι..
801 5836 919 5897 Gn.
954 5835 1101 5897 CVI.

1863 3175 1988 3230 dam
2022 3176 2326 3232 sacerdotis
2373 3177 2514 3243 ﬁlia;
2573 3179 2662 3233 illa
2697 3181 2917 3249 quidem
2958 3184 3135 3240 ablata
3183 3200 3288 3255 est,
3333 3193 3427 3246 illa

1855 3276 2036 3320 autem
2067 3268 2375 3322 venundata
2404 3279 2512 3334 est;
2549 3286 2655 3323 non
2682 3272 2857 3327 solum
2892 3278 3085 3346 magis,
3119 3288 3180 3332 ut
3206 3281 3424 3350 opinor,

1854 3357 2066 3425 edocta,
2094 3358 2186 3413 sed
2202 3360 2470 3415 sacerdoti
2486 3363 2779 3418 ostendens
2793 3382 2914 3434 qua!
2930 3366 3093 3423 fuerit
3105 3373 3429 3428 condemna-

1857 3448 1952 3510 tio,
1977 3451 2278 3518 prtcsertim
2308 3452 2353 3505 si
2387 3452 2491 3507 iste
2525 3456 2904 3512 meretricatus
2925 3460 3015 3513 sit.
3042 3459 3427 3519 Meretricatur

1856 3541 2104 3610 quaedam
2125 3541 2407 3607 violenter,
2427 3547 2808 3602 meretricatur
2822 3551 3071 3619 quaedam
3101 3554 3274 3619 dives,
3291 3572 3427 3624 pau-

1855 3647 1982 3700 per:
2018 3633 2185 3686 multa
2214 3642 2296 3688 est
2324 3632 2646 3691 diﬂ‘erentia.
2675 3638 3045 3698 Meretricatus
3080 3653 3166 3698 est
3195 3661 3302 3701 non
3330 3648 3425 3701 ba-

1853 3722 2113 3791 ptizatus,
2144 3734 2237 3778 aut
2262 3725 2601 3794 baptizatus:
2627 3730 2853 3785 multum
2884 3734 3108 3790 interest
3136 3736 3277 3793 inter
3302 3755 3421 3795 eos.

1928 3816 2097 3870 Vens.
2119 3816 2210 3871 2i.
2240 3818 2352 3872 Cur
2381 3818 2517 3873 dicit
2542 3836 2557 3873 :
2590 3818 2736 3875 Unus
2754 3835 2985 3879 vestrum
3016 3844 3095 3882 me
3124 3832 3423 3887 traditurus

1850 3910 1977 3961 est?
2028 3904 2346 3971 Vultillum,
2384 3909 2485 3963 etsi
2537 3925 2644 3963 non
2680 3914 2951 3970 erubescit
2999 3925 3053 3971 ct
3086 3928 3266 3989 negat,
3308 3922 3421 3993 jam

1853 3999 2188 4053 intellectum
2234 4013 2295 4053 se
2335 3999 2663 4054 sontientem
2701 4006 2967 4071 pmttitere
3000 4016 3054 4062 et
3087 4011 3308 4067 salvari.
3359 4013 3426 4070 Et

1852 4100 1954 4141 cur
2005 4087 2154 4140 illum
2186 4086 2488 4157 patefecit?
2525 4090 2666 4155 Quia
2698 4093 2957 4150 dicebant
2990 4114 3004 4151 :
3043 4098 3296 4169 Nunquid
3332 4120 3425 4172 ego

1852 4191 1989 4239 sum,
2030 4177 2246 4229 Domine
2262 4178 2287 4230 ?
2306 4186 2362 4232 et
2389 4179 2584 4234 timore
2606 4181 2963 4253 disperihant,
2990 4203 3056 4243 ne
3080 4191 3250 4245 nimio
3273 4192 3423 4249 luctu

1856 4264 2250 4330 allligerentur.

1924 4353 2091 4410 Vens.
2123 4355 2215 4410 25.
2246 4356 2426 4422 Quare
2455 4374 2579 4412 cum
2620 4360 2713 4413 illo
2742 4360 2959 4433 intingit
3005 4369 3251 4434 proditor
3288 4372 3312 4424 ‘i
3343 4372 3425 4429 0b

1784 4439 1825 4493 D
1859 4461 2110 4515 magnam
2164 4447 2584 4516 impudentiam,
2638 4464 2763 4503 nam
2813 4452 2925 4519 jam
2979 4469 3086 4510 non
3124 4459 3426 4519 honorabat

1856 4533 2200 4604 Magistrum.
2256 4534 2513 4592 Christus
2558 4547 2740 4592 autem
2772 4541 3099 4612 sustinebat,
3148 4554 3425 4607 occultare

1853 4627 2064 4690 volens,
2105 4634 2163 4680 ut
2188 4642 2283 4695 per
2328 4626 2433 4681 hoc
2476 4628 2631 4683 illum
2672 4643 3054 4702 converteret;
3096 4652 3189 4697 aut
3230 4653 3288 4698 ut
3321 4662 3422 4701 nos

1853 4729 2102 4775 moneret
2135 4719 2480 4790 longanimos
2509 4736 2631 4776 esse
2667 4722 2720 4775 in
2752 4723 3118 4794 impudentes.

1924 4809 2094 4867 Vens.
2122 4811 2212 4867 24.
2254 4814 2366 4867 Cur
2398 4813 2531 4869 dicit
2562 4832 2575 4869 :
2611 4812 2790 4869 Filius
2831 4819 3045 4887 quidem
3073 4822 3301 4880 hominis
3329 4844 3423 4882 va-

1848 4904 1949 4969 dit,
1977 4905 2111 4959 sicut
2155 4905 2411 4972 scriptum
2436 4913 2523 4958 est
2554 4904 2618 4958 de
2646 4906 2741 4959 illo
2764 4907 2790 4961 .’
2823 4909 3046 4965 Addidit
3090 4914 3245 4979 illud,
3290 4921 3426 4971 scri-

1849 5007 1997 5065 ptum
2023 5006 2123 5059 est,
2151 5010 2221 5049 ne
2247 5005 2500 5065 putarent
2541 5012 2653 5051 rem
2684 4999 3014 5057 debilitatem
3051 5021 3209 5073 esse;
3241 5011 3421 5066 adhuc

1856 5097 2037 5141 autem
2068 5095 2129 5140 ut
2179 5085 2509 5155 proditorem
2556 5088 2888 5159 corrigeret,
2932 5104 2991 5145 ut
3031 5096 3324 5154 arbitratus
3370 5103 3420 5155 ei

1856 5185 2195 5232 reservatum
2230 5189 2355 5229 esse
2409 5174 2520 5242 pati
2569 5184 2831 5246 tanquam
2865 5182 3053 5235 omnia
3099 5186 3419 5255 complenti,

1857 5269 1975 5338 ipse
1999 5266 2303 5321 adducatur
2336 5265 2403 5319 ad
2440 5265 2840 5335 paenitentiam.

1931 5358 2096 5414 Vsus.
2129 5357 2221 5412 25.
2260 5355 2377 5423 Qua
2410 5357 2625 5411 ratione
2654 5356 2789 5413 dicit
2813 5358 2984 5416 ludas
3009 5380 3024 5416 :
3048 5362 3303 5435 Nunquid
3325 5388 3423 5441 ego

1853 5466 1968 5505 sum
1989 5448 2337 5519 71mpudenti
2368 5456 2422 5502 et
2447 5447 2708 5503 diliidenti
2729 5451 3061 5508 conscientia
3084 5466 3286 5514 motus.
3309 5461 3423 5518 Cur

1855 5546 1927 5599 ita
1959 5543 2091 5599 dicit
2125 5542 2376 5598 Christus
2419 5556 2435 5595 :
2470 5538 2549 5594 Tu
2580 5539 2793 5609 dixisti,
2825 5551 2879 5597 et
2912 5560 3042 5608 non.
3094 5547 3333 5609 Sceleste
3364 5568 3419 5611 ct.

1857 5635 2110 5708 ingrate?
2145 5633 2429 5689 Patientia‘
2482 5634 2750 5688 terminos
2802 5633 2962 5689 nobis
3005 5646 3269 5699 statuens.
3309 5645 3422 5702 Cur

1855 5728 2099 5799 arguitur
2159 5725 2331 5784 ludas
2383 5722 2580 5781 iecisse
2627 5738 2751 5793 qua:
2803 5739 2833 5779 a
2880 5726 3159 5795 prophetis
3213 5737 3418 5808 scripta

2967 5824 3047 5884 37
