  <div class='ocr_page' id='page_1' title='image "/cluster/home/n/w/nwhite01/storage/ocr_20150623/106/hvd.32044073502346/588.png"; bbox 0 0 3984 6204; ppageno 0'>
   <div class='ocr_carea' id='block_1_1' title="bbox 283 288 417 351">
    <p class='ocr_par' dir='ltr' id='par_1_1' title="bbox 283 288 417 351">
     <span class='ocr_line' id='line_1_1' title="bbox 283 288 417 351; baseline -0.007 0"><span class='ocrx_word' id='word_1_1' title='bbox 283 288 417 351; x_wconf 73' lang='grc' dir='ltr'><strong>11ὓ5</strong></span> 
     </span>
    </p>
   </div>
   <div class='ocr_carea' id='block_1_2' title="bbox 1263 276 2552 344">
    <p class='ocr_par' dir='ltr' id='par_1_2' title="bbox 1263 276 2552 344">
     <span class='ocr_line' id='line_1_2' title="bbox 1263 276 2552 344; baseline -0.008 0"><span class='ocrx_word' id='word_1_2' title='bbox 1263 282 1582 344; x_wconf 75' lang='lat' dir='ltr'><strong>SCHOLIA</strong></span> <span class='ocrx_word' id='word_1_3' title='bbox 1628 280 1922 339; x_wconf 70' lang='lat' dir='ltr'><strong>VETERA</strong></span> <span class='ocrx_word' id='word_1_4' title='bbox 1967 278 2044 336; x_wconf 84' lang='lat' dir='ltr'><strong>iN</strong></span> <span class='ocrx_word' id='word_1_5' title='bbox 2087 276 2552 336; x_wconf 63' lang='lat' dir='ltr'><strong>MATTHEUM.</strong></span> 
     </span>
    </p>
   </div>
   <div class='ocr_carea' id='block_1_3' title="bbox 3389 272 3525 336">
    <p class='ocr_par' dir='ltr' id='par_1_3' title="bbox 3389 272 3525 336">
     <span class='ocr_line' id='line_1_3' title="bbox 3389 272 3525 336; baseline 0.022 -2"><span class='ocrx_word' id='word_1_6' title='bbox 3389 272 3525 336; x_wconf 78' lang='lat'><strong>1166</strong></span> 
     </span>
    </p>
   </div>
   <div class='ocr_carea' id='block_1_4' title="bbox 273 384 1865 468">
    <p class='ocr_par' dir='ltr' id='par_1_4' title="bbox 273 389 1844 468">
     <span class='ocr_line' id='line_1_4' title="bbox 273 389 1844 468; baseline -0.008 -14"><span class='ocrx_word' id='word_1_7' title='bbox 273 400 462 455; x_wconf 72' lang='grc' dir='ltr'>λαίαν</span> <span class='ocrx_word' id='word_1_8' title='bbox 486 413 504 461; x_wconf 88' lang='grc'><em>;</em></span> <span class='ocrx_word' id='word_1_9' title='bbox 539 396 656 451; x_wconf 81' lang='grc' dir='ltr'>Ἵνα</span> <span class='ocrx_word' id='word_1_10' title='bbox 681 397 778 451; x_wconf 76' lang='grc' dir='ltr'>τοῦ</span> <span class='ocrx_word' id='word_1_11' title='bbox 805 397 971 466; x_wconf 71' lang='grc' dir='ltr'>φόϐου</span> <span class='ocrx_word' id='word_1_12' title='bbox 991 396 1302 468; x_wconf 48' lang='grc' dir='ltr'>ἀπαλλάξῃ</span> <span class='ocrx_word' id='word_1_13' title='bbox 1351 396 1569 466; x_wconf 73' lang='grc' dir='ltr'>μακρὰν</span> <span class='ocrx_word' id='word_1_14' title='bbox 1601 393 1709 460; x_wconf 71' lang='grc' dir='ltr'><strong>γὰρ</strong></span> <span class='ocrx_word' id='word_1_15' title='bbox 1737 389 1844 443; x_wconf 87' lang='grc' dir='ltr'><strong>τῶν</strong></span> 
     </span>
    </p>
   </div>
   <div class='ocr_carea' id='block_1_5' title="bbox 1989 384 3532 468">
    <p class='ocr_par' dir='ltr' id='par_1_5' title="bbox 1989 384 3532 456">
     <span class='ocr_line' id='line_1_5' title="bbox 1989 384 3532 456; baseline 0.002 -16"><span class='ocrx_word' id='word_1_16' title='bbox 1989 386 2021 440; x_wconf 78' lang='lat' dir='ltr'><strong>lt</strong></span> <span class='ocrx_word' id='word_1_17' title='bbox 2067 402 2096 437; x_wconf 88' lang='lat' dir='ltr'><strong>a</strong></span> <span class='ocrx_word' id='word_1_18' title='bbox 2129 396 2272 440; x_wconf 90' lang='lat' dir='ltr'><strong>metu</strong></span> <span class='ocrx_word' id='word_1_19' title='bbox 2325 403 2421 442; x_wconf 90' lang='lat' dir='ltr'><strong>eos</strong></span> <span class='ocrx_word' id='word_1_20' title='bbox 2473 388 2695 454; x_wconf 84' lang='lat' dir='ltr'><strong>liberet;</strong></span> <span class='ocrx_word' id='word_1_21' title='bbox 2726 386 2884 456; x_wconf 78' lang='lat' dir='ltr'><strong>longe</strong></span> <span class='ocrx_word' id='word_1_22' title='bbox 2928 386 3072 440; x_wconf 83' lang='lat' dir='ltr'><strong>enim</strong></span> <span class='ocrx_word' id='word_1_23' title='bbox 3122 401 3151 439; x_wconf 89' lang='lat' dir='ltr'><strong>a</strong></span> <span class='ocrx_word' id='word_1_24' title='bbox 3182 384 3385 440; x_wconf 82' lang='lat' dir='ltr'><strong>.iud:eis</strong></span> <span class='ocrx_word' id='word_1_25' title='bbox 3413 399 3532 443; x_wconf 87' lang='lat' dir='ltr'><strong>erat</strong></span> 
     </span>
    </p>
   </div>
   <div class='ocr_carea' id='block_1_6' title="bbox 287 485 1032 559">
    <p class='ocr_par' dir='ltr' id='par_1_6' title="bbox 287 485 1032 559">
     <span class='ocr_line' id='line_1_6' title="bbox 287 485 1032 559; baseline -0.001 -16"><span class='ocrx_word' id='word_1_26' title='bbox 287 490 562 543; x_wconf 77' lang='grc' dir='ltr'><strong>Ἰουδαίων</strong></span> <span class='ocrx_word' id='word_1_27' title='bbox 592 485 662 559; x_wconf 78' lang='grc' dir='ltr'>ἦν</span> <span class='ocrx_word' id='word_1_28' title='bbox 688 491 722 558; x_wconf 85' lang='grc' dir='ltr'>ὴ</span> <span class='ocrx_word' id='word_1_29' title='bbox 751 489 1032 543; x_wconf 85' lang='grc' dir='ltr'>Γαλιλαία.</span> 
     </span>
    </p>
   </div>
   <div class='ocr_carea' id='block_1_7' title="bbox 347 577 1848 651">
    <p class='ocr_par' dir='ltr' id='par_1_7' title="bbox 347 577 1848 651">
     <span class='ocr_line' id='line_1_7' title="bbox 347 577 1848 651; baseline -0.001 -17"><span class='ocrx_word' id='word_1_30' title='bbox 347 581 450 634; x_wconf 86' lang='grc' dir='ltr'><strong>Διὰ</strong></span> <span class='ocrx_word' id='word_1_31' title='bbox 475 580 529 633; x_wconf 86' lang='grc' dir='ltr'><strong>τί</strong></span> <span class='ocrx_word' id='word_1_32' title='bbox 571 581 803 649; x_wconf 82' lang='grc' dir='ltr'><strong>ἀφίησιν</strong></span> <span class='ocrx_word' id='word_1_33' title='bbox 828 580 921 633; x_wconf 81' lang='grc' dir='ltr'><strong>τὸν</strong></span> <span class='ocrx_word' id='word_1_34' title='bbox 952 580 1161 651; x_wconf 79' lang='grc' dir='ltr'><strong>Πέτρον</strong></span> <span class='ocrx_word' id='word_1_35' title='bbox 1193 581 1416 645; x_wconf 84' lang='grc' dir='ltr'>πεσεῖν;</span> <span class='ocrx_word' id='word_1_36' title='bbox 1440 580 1557 632; x_wconf 82' lang='grc' dir='ltr'>Ἵνα</span> <span class='ocrx_word' id='word_1_37' title='bbox 1581 578 1656 649; x_wconf 81' lang='grc' dir='ltr'>μὴ</span> <span class='ocrx_word' id='word_1_38' title='bbox 1679 577 1848 632; x_wconf 75' lang='grc' dir='ltr'><strong>αὐθά-</strong></span> 
     </span>
    </p>
   </div>
   <div class='ocr_carea' id='block_1_8' title="bbox 275 670 1854 746">
    <p class='ocr_par' dir='ltr' id='par_1_8' title="bbox 275 670 1854 746">
     <span class='ocr_line' id='line_1_8' title="bbox 275 670 1854 746; baseline -0.002 -20"><span class='ocrx_word' id='word_1_39' title='bbox 275 674 377 746; x_wconf 87' lang='grc' dir='ltr'><strong>δης</strong></span> <span class='ocrx_word' id='word_1_40' title='bbox 401 675 510 743; x_wconf 77' lang='grc' dir='ltr'>εἴη,</span> <span class='ocrx_word' id='word_1_41' title='bbox 547 674 684 744; x_wconf 83' lang='grc' dir='ltr'>μηδὲ</span> <span class='ocrx_word' id='word_1_42' title='bbox 711 674 862 743; x_wconf 75' lang='grc' dir='ltr'>αὐτῷ</span> <span class='ocrx_word' id='word_1_43' title='bbox 889 673 1131 744; x_wconf 73' lang='grc' dir='ltr'>θαρρῶν,</span> <span class='ocrx_word' id='word_1_44' title='bbox 1162 673 1300 727; x_wconf 84' lang='grc' dir='ltr'>ἀλλὰ</span> <span class='ocrx_word' id='word_1_45' title='bbox 1327 673 1415 726; x_wconf 83' lang='grc' dir='ltr'>διὰ</span> <span class='ocrx_word' id='word_1_46' title='bbox 1447 672 1546 741; x_wconf 83' lang='grc' dir='ltr'>τὴν</span> <span class='ocrx_word' id='word_1_47' title='bbox 1575 670 1854 742; x_wconf 82' lang='grc' dir='ltr'>ἀνθρωπί-</span> 
     </span>
    </p>
   </div>
   <div class='ocr_carea' id='block_1_9' title="bbox 273 765 1854 836">
    <p class='ocr_par' dir='ltr' id='par_1_9' title="bbox 273 765 1854 836">
     <span class='ocr_line' id='line_1_9' title="bbox 273 765 1854 836; baseline -0.001 -17"><span class='ocrx_word' id='word_1_48' title='bbox 273 783 375 836; x_wconf 89' lang='grc' dir='ltr'><strong>νην</strong></span> <span class='ocrx_word' id='word_1_49' title='bbox 409 765 696 818; x_wconf 82' lang='grc' dir='ltr'>ἀσθένειαν</span> <span class='ocrx_word' id='word_1_50' title='bbox 735 765 827 817; x_wconf 77' lang='grc' dir='ltr'>καὶ</span> <span class='ocrx_word' id='word_1_51' title='bbox 862 766 912 817; x_wconf 79' lang='lat' dir='ltr'><strong>oi</strong></span> <span class='ocrx_word' id='word_1_52' title='bbox 945 765 1092 819; x_wconf 81' lang='grc' dir='ltr'>ἄλλοι</span> <span class='ocrx_word' id='word_1_53' title='bbox 1131 765 1354 828; x_wconf 75' lang='grc' dir='ltr'>ἰδόντες,</span> <span class='ocrx_word' id='word_1_54' title='bbox 1383 765 1682 818; x_wconf 81' lang='grc' dir='ltr'>παύσονται</span> <span class='ocrx_word' id='word_1_55' title='bbox 1721 765 1854 834; x_wconf 77' lang='grc' dir='ltr'>θαρ-</span> 
     </span>
    </p>
   </div>
   <div class='ocr_carea' id='block_1_10' title="bbox 275 856 1853 927">
    <p class='ocr_par' dir='ltr' id='par_1_10' title="bbox 275 856 1853 927">
     <span class='ocr_line' id='line_1_10' title="bbox 275 856 1853 927; baseline -0.001 -17"><span class='ocrx_word' id='word_1_56' title='bbox 275 859 392 927; x_wconf 80' lang='grc' dir='ltr'>ρείν</span> <span class='ocrx_word' id='word_1_57' title='bbox 431 858 681 920; x_wconf 81' lang='grc' dir='ltr'><strong>ἑαυτοῖς·</strong></span> <span class='ocrx_word' id='word_1_58' title='bbox 737 856 836 909; x_wconf 73' lang='grc' dir='ltr'><strong>καὶ</strong></span> <span class='ocrx_word' id='word_1_59' title='bbox 882 857 970 910; x_wconf 84' lang='grc' dir='ltr'><strong>ἴνα</strong></span> <span class='ocrx_word' id='word_1_60' title='bbox 1009 857 1393 927; x_wconf 75' lang='grc' dir='ltr'>συγχωρηθεὶς</span> <span class='ocrx_word' id='word_1_61' title='bbox 1431 856 1508 920; x_wconf 83' lang='grc' dir='ltr'>ὡς</span> <span class='ocrx_word' id='word_1_62' title='bbox 1555 857 1853 920; x_wconf 81' lang='grc' dir='ltr'><strong>ἀπόστολος</strong></span> 
     </span>
    </p>
   </div>
   <div class='ocr_carea' id='block_1_11' title="bbox 271 944 1853 1019">
    <p class='ocr_par' dir='ltr' id='par_1_11' title="bbox 271 944 1853 1019">
     <span class='ocr_line' id='line_1_11' title="bbox 271 944 1853 1019; baseline 0.001 -19"><span class='ocrx_word' id='word_1_63' title='bbox 271 951 389 1012; x_wconf 81' lang='grc' dir='ltr'>τοῖς</span> <span class='ocrx_word' id='word_1_64' title='bbox 415 949 679 1002; x_wconf 75' lang='grc' dir='ltr'><strong>πταίσασι</strong></span> <span class='ocrx_word' id='word_1_65' title='bbox 709 950 1062 1019; x_wconf 79' lang='grc' dir='ltr'>συγχωρήσῃ.</span> <span class='ocrx_word' id='word_1_66' title='bbox 1093 948 1193 1001; x_wconf 80' lang='grc' dir='ltr'><strong>Διά</strong></span> <span class='ocrx_word' id='word_1_67' title='bbox 1216 948 1374 1002; x_wconf 81' lang='grc' dir='ltr'>τοῦτο</span> <span class='ocrx_word' id='word_1_68' title='bbox 1403 944 1496 1002; x_wconf 80' lang='grc' dir='ltr'><strong>οὖν</strong></span> <span class='ocrx_word' id='word_1_69' title='bbox 1519 948 1623 1018; x_wconf 82' lang='grc' dir='ltr'>τῆς</span> <span class='ocrx_word' id='word_1_70' title='bbox 1645 947 1853 1004; x_wconf 80' lang='grc' dir='ltr'>ἄνωθεν</span> 
     </span>
    </p>
   </div>
   <div class='ocr_carea' id='block_1_12' title="bbox 277 1039 1853 1111">
    <p class='ocr_par' dir='ltr' id='par_1_12' title="bbox 277 1039 1853 1111">
     <span class='ocr_line' id='line_1_12' title="bbox 277 1039 1853 1111; baseline 0.002 -19"><span class='ocrx_word' id='word_1_71' title='bbox 277 1042 452 1110; x_wconf 77' lang='grc' dir='ltr'>ῥοπῆς</span> <span class='ocrx_word' id='word_1_72' title='bbox 483 1039 802 1110; x_wconf 78' lang='grc' dir='ltr'><strong>ἐγυμνώθη,</strong></span> <span class='ocrx_word' id='word_1_73' title='bbox 851 1040 950 1111; x_wconf 83' lang='grc' dir='ltr'><strong>τὴν</strong></span> <span class='ocrx_word' id='word_1_74' title='bbox 982 1041 1144 1109; x_wconf 78' lang='grc' dir='ltr'>φύσιν</span> <span class='ocrx_word' id='word_1_75' title='bbox 1177 1041 1347 1094; x_wconf 76' lang='grc' dir='ltr'>αὐτοῦ</span> <span class='ocrx_word' id='word_1_76' title='bbox 1396 1041 1711 1111; x_wconf 72' lang='grc' dir='ltr'><strong>ἐλέγχοντος</strong></span> <span class='ocrx_word' id='word_1_77' title='bbox 1759 1041 1853 1095; x_wconf 79' lang='grc' dir='ltr'>τοῦ</span> 
     </span>
    </p>
   </div>
   <div class='ocr_carea' id='block_1_13' title="bbox 274 1129 438 1185">
    <p class='ocr_par' dir='ltr' id='par_1_13' title="bbox 274 1129 438 1185">
     <span class='ocr_line' id='line_1_13' title="bbox 274 1129 438 1185; baseline 0.018 -3"><span class='ocrx_word' id='word_1_78' title='bbox 274 1129 438 1185; x_wconf 79' lang='grc' dir='ltr'>Θεοῦ.</span> 
     </span>
    </p>
   </div>
   <div class='ocr_carea' id='block_1_14' title="bbox 347 1220 1856 1292">
    <p class='ocr_par' dir='ltr' id='par_1_14' title="bbox 347 1220 1856 1292">
     <span class='ocr_line' id='line_1_14' title="bbox 347 1220 1856 1292; baseline 0.003 -20"><span class='ocrx_word' id='word_1_79' title='bbox 347 1224 447 1274; x_wconf 80' lang='grc' dir='ltr'><strong>Διὰ</strong></span> <span class='ocrx_word' id='word_1_80' title='bbox 475 1222 528 1274; x_wconf 89' lang='grc' dir='ltr'><strong>τί</strong></span> <span class='ocrx_word' id='word_1_81' title='bbox 569 1221 790 1290; x_wconf 78' lang='grc' dir='ltr'><strong>εὔχεται</strong></span> <span class='ocrx_word' id='word_1_82' title='bbox 826 1221 996 1292; x_wconf 79' lang='grc' dir='ltr'>χωρὶς</span> <span class='ocrx_word' id='word_1_83' title='bbox 1041 1220 1150 1275; x_wconf 79' lang='grc' dir='ltr'>τῶν</span> <span class='ocrx_word' id='word_1_84' title='bbox 1204 1220 1495 1292; x_wconf 85' lang='grc' dir='ltr'>μαθητῶν;</span> <span class='ocrx_word' id='word_1_85' title='bbox 1538 1223 1675 1276; x_wconf 82' lang='grc' dir='ltr'>Κατ’</span> <span class='ocrx_word' id='word_1_86' title='bbox 1722 1223 1856 1277; x_wconf 82' lang='grc' dir='ltr'>ίδίαν</span> 
     </span>
    </p>
   </div>
   <div class='ocr_carea' id='block_1_15' title="bbox 279 1310 1028 1382">
    <p class='ocr_par' dir='ltr' id='par_1_15' title="bbox 279 1310 1028 1382">
     <span class='ocr_line' id='line_1_15' title="bbox 279 1310 1028 1382; baseline 0.007 -19"><span class='ocrx_word' id='word_1_87' title='bbox 279 1310 538 1381; x_wconf 73' lang='grc' dir='ltr'>εὔχεσθαι</span> <span class='ocrx_word' id='word_1_88' title='bbox 562 1314 709 1382; x_wconf 79' lang='grc' dir='ltr'>ἡμᾶς</span> <span class='ocrx_word' id='word_1_89' title='bbox 737 1313 1028 1368; x_wconf 82' lang='grc' dir='ltr'>διδάσκων.</span> 
     </span>
    </p>
   </div>
   <div class='ocr_carea' id='block_1_16' title="bbox 350 1405 1857 1477">
    <p class='ocr_par' dir='ltr' id='par_1_16' title="bbox 350 1405 1857 1477">
     <span class='ocr_line' id='line_1_16' title="bbox 350 1405 1857 1477; baseline 0.004 -22"><span class='ocrx_word' id='word_1_90' title='bbox 350 1406 452 1457; x_wconf 79' lang='grc' dir='ltr'><strong>Διὰ</strong></span> <span class='ocrx_word' id='word_1_91' title='bbox 477 1405 532 1458; x_wconf 86' lang='grc' dir='ltr'><strong>τί</strong></span> <span class='ocrx_word' id='word_1_92' title='bbox 561 1405 689 1468; x_wconf 82' lang='grc' dir='ltr'>τοὺς</span> <span class='ocrx_word' id='word_1_93' title='bbox 717 1408 866 1475; x_wconf 82' lang='grc' dir='ltr'>τρεῖς</span> <span class='ocrx_word' id='word_1_94' title='bbox 891 1406 1088 1475; x_wconf 80' lang='grc' dir='ltr'><strong>μόνους</strong></span> <span class='ocrx_word' id='word_1_95' title='bbox 1117 1406 1538 1477; x_wconf 73' lang='grc' dir='ltr'>παραλαμϐάνει</span> <span class='ocrx_word' id='word_1_96' title='bbox 1562 1408 1684 1461; x_wconf 87' lang='grc' dir='ltr'>τότε</span> <span class='ocrx_word' id='word_1_97' title='bbox 1709 1425 1723 1474; x_wconf 89' lang='grc'><strong>;</strong></span> <span class='ocrx_word' id='word_1_98' title='bbox 1769 1409 1857 1472; x_wconf 85' lang='grc' dir='ltr'><strong>Ὠς</strong></span> 
     </span>
    </p>
   </div>
   <div class='ocr_carea' id='block_1_17' title="bbox 276 1494 1857 1567">
    <p class='ocr_par' dir='ltr' id='par_1_17' title="bbox 276 1494 1857 1567">
     <span class='ocr_line' id='line_1_17' title="bbox 276 1494 1857 1567; baseline 0.004 -21"><span class='ocrx_word' id='word_1_99' title='bbox 276 1495 379 1562; x_wconf 86' lang='grc' dir='ltr'>τῆς</span> <span class='ocrx_word' id='word_1_100' title='bbox 411 1494 574 1566; x_wconf 81' lang='grc' dir='ltr'>δόξης</span> <span class='ocrx_word' id='word_1_101' title='bbox 597 1495 767 1549; x_wconf 83' lang='grc' dir='ltr'>αὐτοῦ</span> <span class='ocrx_word' id='word_1_102' title='bbox 799 1497 1042 1567; x_wconf 85' lang='grc' dir='ltr'>θεωρούς</span> <span class='ocrx_word' id='word_1_103' title='bbox 1061 1513 1076 1528; x_wconf 81' lang='grc'><strong><em>⁸</em></strong></span> <span class='ocrx_word' id='word_1_104' title='bbox 1114 1499 1213 1551; x_wconf 73' lang='grc' dir='ltr'><strong>καὶ</strong></span> <span class='ocrx_word' id='word_1_105' title='bbox 1240 1498 1328 1551; x_wconf 78' lang='grc' dir='ltr'><strong>ἵνα</strong></span> <span class='ocrx_word' id='word_1_106' title='bbox 1366 1500 1415 1551; x_wconf 81' lang='grc' dir='ltr'><strong>οἱ</strong></span> <span class='ocrx_word' id='word_1_107' title='bbox 1440 1497 1589 1552; x_wconf 78' lang='grc' dir='ltr'>ἄλλοι</span> <span class='ocrx_word' id='word_1_108' title='bbox 1619 1499 1694 1562; x_wconf 83' lang='grc' dir='ltr'>ὡς</span> <span class='ocrx_word' id='word_1_109' title='bbox 1728 1501 1857 1554; x_wconf 78' lang='grc' dir='ltr'>ἁτε-</span> 
     </span>
    </p>
   </div>
   <div class='ocr_carea' id='block_1_18' title="bbox 277 1583 1072 1658">
    <p class='ocr_par' dir='ltr' id='par_1_18' title="bbox 277 1583 1072 1658">
     <span class='ocr_line' id='line_1_18' title="bbox 277 1583 1072 1658; baseline 0.008 -21"><span class='ocrx_word' id='word_1_110' title='bbox 277 1583 435 1638; x_wconf 73' lang='grc' dir='ltr'>λέστε</span> <span class='ocrx_word' id='word_1_111' title='bbox 446 1603 530 1656; x_wconf 88' lang='grc' dir='ltr'><strong>ροι</strong></span> <span class='ocrx_word' id='word_1_112' title='bbox 556 1587 632 1658; x_wconf 78' lang='grc' dir='ltr'>μὴ</span> <span class='ocrx_word' id='word_1_113' title='bbox 661 1589 1072 1643; x_wconf 80' lang='grc' dir='ltr'>καταπέσωσιν.</span> 
     </span>
    </p>
   </div>
   <div class='ocr_carea' id='block_1_19' title="bbox 359 1695 1933 1792">
    <p class='ocr_par' dir='ltr' id='par_1_19' title="bbox 359 1695 1933 1792">
     <span class='ocr_line' id='line_1_19' title="bbox 359 1695 1933 1792; baseline 0.004 -42"><span class='ocrx_word' id='word_1_114' title='bbox 359 1699 587 1751; x_wconf 87' lang='grc' dir='ltr'>Ἕνεκεν</span> <span class='ocrx_word' id='word_1_115' title='bbox 615 1697 762 1776; x_wconf 67' lang='grc' dir='ltr'>τίνος</span> <span class='ocrx_word' id='word_1_116' title='bbox 806 1695 1058 1766; x_wconf 74' lang='grc' dir='ltr'>εὖχεταις</span> <span class='ocrx_word' id='word_1_117' title='bbox 1099 1697 1219 1754; x_wconf 83' lang='grc' dir='ltr'>Ἵνα</span> <span class='ocrx_word' id='word_1_118' title='bbox 1266 1699 1342 1771; x_wconf 82' lang='grc' dir='ltr'>μὴ</span> <span class='ocrx_word' id='word_1_119' title='bbox 1382 1700 1672 1772; x_wconf 82' lang='grc' dir='ltr'>ὑπόκρισις</span> <span class='ocrx_word' id='word_1_120' title='bbox 1718 1699 1860 1756; x_wconf 79' lang='grc' dir='ltr'>εἶναι</span> <span class='ocrx_word' id='word_1_121' title='bbox 1895 1737 1933 1792; x_wconf 72' lang='grc' dir='ltr'><strong><em>Β</em></strong></span> 
     </span>
    </p>
   </div>
   <div class='ocr_carea' id='block_1_20' title="bbox 1956 478 2199 534">
    <p class='ocr_par' dir='ltr' id='par_1_20' title="bbox 1956 478 2199 534">
     <span class='ocr_line' id='line_1_20' title="bbox 1956 478 2199 534; baseline -0.004 0"><span class='ocrx_word' id='word_1_122' title='bbox 1956 478 2199 534; x_wconf 76' lang='lat' dir='ltr'><strong>Galilaea.</strong></span> 
     </span>
    </p>
   </div>
   <div class='ocr_carea' id='block_1_21' title="bbox 2028 568 3532 627">
    <p class='ocr_par' dir='ltr' id='par_1_21' title="bbox 2028 568 3532 627">
     <span class='ocr_line' id='line_1_21' title="bbox 2028 568 3532 627; baseline 0.001 -2"><span class='ocrx_word' id='word_1_123' title='bbox 2028 571 2193 627; x_wconf 77' lang='lat' dir='ltr'><strong>Vens.</strong></span> <span class='ocrx_word' id='word_1_124' title='bbox 2229 571 2316 624; x_wconf 63' lang='grc'><strong>54.</strong></span> <span class='ocrx_word' id='word_1_125' title='bbox 2349 570 2460 625; x_wconf 90' lang='lat' dir='ltr'><strong>Cur</strong></span> <span class='ocrx_word' id='word_1_126' title='bbox 2486 572 2620 627; x_wconf 89' lang='lat' dir='ltr'><strong>sinit</strong></span> <span class='ocrx_word' id='word_1_127' title='bbox 2653 569 2873 625; x_wconf 83' lang='lat' dir='ltr'><strong>Petrum</strong></span> <span class='ocrx_word' id='word_1_128' title='bbox 2919 571 3110 625; x_wconf 83' lang='lat' dir='ltr'><strong>cadere</strong></span> <span class='ocrx_word' id='word_1_129' title='bbox 3141 573 3165 623; x_wconf 84' lang='lat'><strong>?</strong></span> <span class='ocrx_word' id='word_1_130' title='bbox 3193 568 3270 624; x_wconf 89' lang='lat' dir='ltr'><strong>Ne</strong></span> <span class='ocrx_word' id='word_1_131' title='bbox 3302 570 3532 626; x_wconf 85' lang='lat' dir='ltr'><strong>nimium</strong></span> 
     </span>
    </p>
   </div>
   <div class='ocr_carea' id='block_1_22' title="bbox 1956 662 3538 734">
    <p class='ocr_par' dir='ltr' id='par_1_22' title="bbox 1956 662 3538 734">
     <span class='ocr_line' id='line_1_22' title="bbox 1956 662 3538 734; baseline -0.001 -15"><span class='ocrx_word' id='word_1_132' title='bbox 1956 664 2026 719; x_wconf 88' lang='lat' dir='ltr'><strong>de</strong></span> <span class='ocrx_word' id='word_1_133' title='bbox 2043 679 2102 720; x_wconf 86' lang='lat' dir='ltr'><strong>se</strong></span> <span class='ocrx_word' id='word_1_134' title='bbox 2125 665 2406 720; x_wconf 77' lang='lat' dir='ltr'><strong>conﬁdens</strong></span> <span class='ocrx_word' id='word_1_135' title='bbox 2438 666 2530 727; x_wconf 88' lang='lat' dir='ltr'><strong>sit,</strong></span> <span class='ocrx_word' id='word_1_136' title='bbox 2555 679 2732 734; x_wconf 88' lang='lat' dir='ltr'><strong>neque</strong></span> <span class='ocrx_word' id='word_1_137' title='bbox 2758 665 3060 725; x_wconf 84' lang='lat' dir='ltr'><strong>animosus,</strong></span> <span class='ocrx_word' id='word_1_138' title='bbox 3095 662 3188 718; x_wconf 91' lang='lat' dir='ltr'><strong>sed</strong></span> <span class='ocrx_word' id='word_1_139' title='bbox 3223 671 3282 717; x_wconf 84' lang='lat' dir='ltr'><strong>ut</strong></span> <span class='ocrx_word' id='word_1_140' title='bbox 3313 673 3538 732; x_wconf 82' lang='lat' dir='ltr'><strong>propter</strong></span> 
     </span>
    </p>
   </div>
   <div class='ocr_carea' id='block_1_23' title="bbox 1959 753 3535 811">
    <p class='ocr_par' dir='ltr' id='par_1_23' title="bbox 1959 753 3535 811">
     <span class='ocr_line' id='line_1_23' title="bbox 1959 753 3535 811; baseline -0.001 -2"><span class='ocrx_word' id='word_1_141' title='bbox 1959 756 2256 810; x_wconf 82' lang='lat' dir='ltr'><strong>humanam</strong></span> <span class='ocrx_word' id='word_1_142' title='bbox 2292 755 2663 810; x_wconf 78' lang='lat' dir='ltr'><strong>infirmitatem</strong></span> <span class='ocrx_word' id='word_1_143' title='bbox 2697 757 2891 811; x_wconf 81' lang='lat' dir='ltr'><strong>cadere</strong></span> <span class='ocrx_word' id='word_1_144' title='bbox 2923 756 3014 808; x_wconf 85' lang='lat' dir='ltr'><strong>alii</strong></span> <span class='ocrx_word' id='word_1_145' title='bbox 3050 767 3337 811; x_wconf 86' lang='lat' dir='ltr'><strong>cernentes</strong></span> <span class='ocrx_word' id='word_1_146' title='bbox 3376 753 3444 808; x_wconf 90' lang='lat' dir='ltr'><strong>de</strong></span> <span class='ocrx_word' id='word_1_147' title='bbox 3477 769 3535 808; x_wconf 90' lang='lat' dir='ltr'><strong>se</strong></span> 
     </span>
    </p>
   </div>
   <div class='ocr_carea' id='block_1_24' title="bbox 1958 846 3536 916">
    <p class='ocr_par' dir='ltr' id='par_1_24' title="bbox 1958 846 3536 916">
     <span class='ocr_line' id='line_1_24' title="bbox 1958 846 3536 916; baseline -0.001 -16"><span class='ocrx_word' id='word_1_148' title='bbox 1958 847 2232 902; x_wconf 83' lang='lat' dir='ltr'><strong>conlidere</strong></span> <span class='ocrx_word' id='word_1_149' title='bbox 2282 856 2538 912; x_wconf 87' lang='lat' dir='ltr'><strong>cessent;</strong></span> <span class='ocrx_word' id='word_1_150' title='bbox 2591 856 2646 901; x_wconf 90' lang='lat' dir='ltr'><strong>et</strong></span> <span class='ocrx_word' id='word_1_151' title='bbox 2689 857 2748 901; x_wconf 86' lang='lat' dir='ltr'><strong>ut</strong></span> <span class='ocrx_word' id='word_1_152' title='bbox 2804 849 3016 901; x_wconf 82' lang='lat' dir='ltr'><strong>veniam</strong></span> <span class='ocrx_word' id='word_1_153' title='bbox 3091 862 3213 900; x_wconf 87' lang='lat' dir='ltr'><strong>cum</strong></span> <span class='ocrx_word' id='word_1_154' title='bbox 3265 846 3536 916; x_wconf 86' lang='lat' dir='ltr'><strong>acceperit</strong></span> 
     </span>
    </p>
   </div>
   <div class='ocr_carea' id='block_1_25' title="bbox 1957 939 3538 1011">
    <p class='ocr_par' dir='ltr' id='par_1_25' title="bbox 1957 939 3538 1011">
     <span class='ocr_line' id='line_1_25' title="bbox 1957 939 3538 1011; baseline 0.001 -19"><span class='ocrx_word' id='word_1_155' title='bbox 1957 941 2262 1011; x_wconf 87' lang='lat' dir='ltr'><strong>apostolus,</strong></span> <span class='ocrx_word' id='word_1_156' title='bbox 2299 941 2620 995; x_wconf 71' lang='lat' dir='ltr'><strong>cadentibus</strong></span> <span class='ocrx_word' id='word_1_157' title='bbox 2651 941 2866 994; x_wconf 73' lang='lat' dir='ltr'><strong>veniam</strong></span> <span class='ocrx_word' id='word_1_158' title='bbox 2901 939 3185 995; x_wconf 75' lang='lat' dir='ltr'><strong>concedat.</strong></span> <span class='ocrx_word' id='word_1_159' title='bbox 3209 939 3332 994; x_wconf 84' lang='lat' dir='ltr'><strong>ideo</strong></span> <span class='ocrx_word' id='word_1_160' title='bbox 3371 941 3538 1010; x_wconf 77' lang='lat' dir='ltr'><strong>igitur</strong></span> 
     </span>
    </p>
   </div>
   <div class='ocr_carea' id='block_1_26' title="bbox 1960 1031 3537 1102">
    <p class='ocr_par' dir='ltr' id='par_1_26' title="bbox 1960 1031 3537 1102">
     <span class='ocr_line' id='line_1_26' title="bbox 1960 1031 3537 1102; baseline 0 -14"><span class='ocrx_word' id='word_1_161' title='bbox 1960 1047 2202 1102; x_wconf 88' lang='lat' dir='ltr'><strong>superno</strong></span> <span class='ocrx_word' id='word_1_162' title='bbox 2254 1033 2459 1087; x_wconf 79' lang='lat' dir='ltr'><strong>auxilio</strong></span> <span class='ocrx_word' id='word_1_163' title='bbox 2489 1033 2783 1088; x_wconf 89' lang='lat' dir='ltr'><strong>destitutus</strong></span> <span class='ocrx_word' id='word_1_164' title='bbox 2830 1041 2932 1098; x_wconf 85' lang='lat' dir='ltr'><strong>est,</strong></span> <span class='ocrx_word' id='word_1_165' title='bbox 2969 1031 3080 1088; x_wconf 85' lang='lat' dir='ltr'><strong>Deo</strong></span> <span class='ocrx_word' id='word_1_166' title='bbox 3133 1043 3390 1086; x_wconf 85' lang='lat' dir='ltr'><strong>naturam</strong></span> <span class='ocrx_word' id='word_1_167' title='bbox 3417 1031 3537 1102; x_wconf 88' lang='lat' dir='ltr'><strong>ejus</strong></span> 
     </span>
    </p>
   </div>
   <div class='ocr_carea' id='block_1_27' title="bbox 1957 1125 2347 1180">
    <p class='ocr_par' dir='ltr' id='par_1_27' title="bbox 1957 1125 2347 1180">
     <span class='ocr_line' id='line_1_27' title="bbox 1957 1125 2347 1180; baseline -0.005 0"><span class='ocrx_word' id='word_1_168' title='bbox 1957 1125 2347 1180; x_wconf 73' lang='lat' dir='ltr'><strong>confundente.</strong></span> 
     </span>
    </p>
   </div>
   <div class='ocr_carea' id='block_1_28' title="bbox 1987 1214 3538 1285">
    <p class='ocr_par' dir='ltr' id='par_1_28' title="bbox 1987 1214 3538 1285">
     <span class='ocr_line' id='line_1_28' title="bbox 1987 1214 3538 1285; baseline 0.002 -16"><span class='ocrx_word' id='word_1_169' title='bbox 1987 1231 1990 1233; x_wconf 51' lang='grc' dir='ltr'><strong>λ</strong></span> <span class='ocrx_word' id='word_1_170' title='bbox 2033 1214 2202 1272; x_wconf 74' lang='lat' dir='ltr'><strong>Vens.</strong></span> <span class='ocrx_word' id='word_1_171' title='bbox 2258 1214 2346 1270; x_wconf 79' lang='lat'><strong>56.</strong></span> <span class='ocrx_word' id='word_1_172' title='bbox 2393 1214 2505 1272; x_wconf 90' lang='lat' dir='ltr'><strong>Cur</strong></span> <span class='ocrx_word' id='word_1_173' title='bbox 2545 1223 2665 1271; x_wconf 86' lang='lat' dir='ltr'><strong>orat</strong></span> <span class='ocrx_word' id='word_1_174' title='bbox 2695 1215 2904 1285; x_wconf 82' lang='lat' dir='ltr'><strong>absque</strong></span> <span class='ocrx_word' id='word_1_175' title='bbox 2943 1214 3275 1285; x_wconf 87' lang='lat' dir='ltr'><strong>discipulis?</strong></span> <span class='ocrx_word' id='word_1_176' title='bbox 3305 1214 3377 1271; x_wconf 89' lang='lat' dir='ltr'><strong>Ut</strong></span> <span class='ocrx_word' id='word_1_177' title='bbox 3436 1229 3538 1272; x_wconf 88' lang='lat' dir='ltr'><strong>nos</strong></span> 
     </span>
    </p>
   </div>
   <div class='ocr_carea' id='block_1_29' title="bbox 1961 1309 2618 1363">
    <p class='ocr_par' dir='ltr' id='par_1_29' title="bbox 1961 1309 2618 1363">
     <span class='ocr_line' id='line_1_29' title="bbox 1961 1309 2618 1363; baseline -0.002 0"><span class='ocrx_word' id='word_1_178' title='bbox 1961 1309 2190 1363; x_wconf 84' lang='lat' dir='ltr'><strong>seorsiin</strong></span> <span class='ocrx_word' id='word_1_179' title='bbox 2216 1323 2380 1363; x_wconf 87' lang='lat' dir='ltr'><strong>orare</strong></span> <span class='ocrx_word' id='word_1_180' title='bbox 2405 1309 2618 1363; x_wconf 83' lang='lat' dir='ltr'><strong>doceat.</strong></span> 
     </span>
    </p>
   </div>
   <div class='ocr_carea' id='block_1_30' title="bbox 2032 1399 3538 1472">
    <p class='ocr_par' dir='ltr' id='par_1_30' title="bbox 2032 1399 3538 1472">
     <span class='ocr_line' id='line_1_30' title="bbox 2032 1399 3538 1472; baseline 0.002 -19"><span class='ocrx_word' id='word_1_181' title='bbox 2032 1399 2198 1456; x_wconf 73' lang='lat' dir='ltr'><strong>Vens.</strong></span> <span class='ocrx_word' id='word_1_182' title='bbox 2232 1401 2321 1454; x_wconf 75' lang='grc'><strong>57.</strong></span> <span class='ocrx_word' id='word_1_183' title='bbox 2354 1400 2468 1456; x_wconf 90' lang='lat' dir='ltr'><strong>Cur</strong></span> <span class='ocrx_word' id='word_1_184' title='bbox 2492 1411 2602 1456; x_wconf 90' lang='lat' dir='ltr'><strong>tres</strong></span> <span class='ocrx_word' id='word_1_185' title='bbox 2624 1402 2770 1458; x_wconf 90' lang='lat' dir='ltr'><strong>solos</strong></span> <span class='ocrx_word' id='word_1_186' title='bbox 2793 1411 2924 1457; x_wconf 88' lang='lat' dir='ltr'><strong>tunc</strong></span> <span class='ocrx_word' id='word_1_187' title='bbox 2954 1401 3221 1458; x_wconf 81' lang='lat' dir='ltr'><strong>assumit?</strong></span> <span class='ocrx_word' id='word_1_188' title='bbox 3251 1401 3538 1472; x_wconf 87' lang='lat' dir='ltr'><strong>Tanquam</strong></span> 
     </span>
    </p>
   </div>
   <div class='ocr_carea' id='block_1_31' title="bbox 1961 1492 3540 1564">
    <p class='ocr_par' dir='ltr' id='par_1_31' title="bbox 1961 1492 3540 1564">
     <span class='ocr_line' id='line_1_31' title="bbox 1961 1492 3540 1564; baseline 0.003 -18"><span class='ocrx_word' id='word_1_189' title='bbox 1961 1492 2148 1561; x_wconf 76' lang='lat' dir='ltr'><strong>gloriae</strong></span> <span class='ocrx_word' id='word_1_190' title='bbox 2197 1509 2310 1548; x_wconf 68' lang='lat' dir='ltr'><strong>sum</strong></span> <span class='ocrx_word' id='word_1_191' title='bbox 2345 1502 2531 1560; x_wconf 86' lang='lat' dir='ltr'><strong>testes,</strong></span> <span class='ocrx_word' id='word_1_192' title='bbox 2594 1504 2648 1550; x_wconf 90' lang='lat' dir='ltr'><strong>et</strong></span> <span class='ocrx_word' id='word_1_193' title='bbox 2681 1502 2740 1548; x_wconf 91' lang='lat' dir='ltr'><strong>ut</strong></span> <span class='ocrx_word' id='word_1_194' title='bbox 2790 1495 2884 1550; x_wconf 87' lang='lat' dir='ltr'><strong>alii</strong></span> <span class='ocrx_word' id='word_1_195' title='bbox 2935 1494 3370 1564; x_wconf 80' lang='lat' dir='ltr'><strong>imperfectiores</strong></span> <span class='ocrx_word' id='word_1_196' title='bbox 3428 1510 3540 1550; x_wconf 90' lang='lat' dir='ltr'><strong>non</strong></span> 
     </span>
    </p>
   </div>
   <div class='ocr_carea' id='block_1_32' title="bbox 1962 1582 2274 1638">
    <p class='ocr_par' dir='ltr' id='par_1_32' title="bbox 1962 1582 2274 1638">
     <span class='ocr_line' id='line_1_32' title="bbox 1962 1582 2274 1638; baseline 0 -2"><span class='ocrx_word' id='word_1_197' title='bbox 1962 1582 2274 1638; x_wconf 84' lang='lat' dir='ltr'><strong>concidant.</strong></span> 
     </span>
    </p>
   </div>
   <div class='ocr_carea' id='block_1_33' title="bbox 2041 1689 3540 1768">
    <p class='ocr_par' dir='ltr' id='par_1_33' title="bbox 2041 1689 3540 1768">
     <span class='ocr_line' id='line_1_33' title="bbox 2041 1689 3540 1768; baseline 0.004 -24"><span class='ocrx_word' id='word_1_198' title='bbox 2041 1689 2205 1746; x_wconf 73' lang='lat' dir='ltr'><strong>Vens.</strong></span> <span class='ocrx_word' id='word_1_199' title='bbox 2239 1692 2326 1746; x_wconf 78' lang='lat'><strong>39.</strong></span> <span class='ocrx_word' id='word_1_200' title='bbox 2366 1693 2538 1759; x_wconf 86' lang='lat' dir='ltr'><strong>Quam</strong></span> <span class='ocrx_word' id='word_1_201' title='bbox 2572 1695 2643 1750; x_wconf 93' lang='lat' dir='ltr'><strong>ob</strong></span> <span class='ocrx_word' id='word_1_202' title='bbox 2677 1711 2900 1752; x_wconf 88' lang='lat' dir='ltr'><strong>causam</strong></span> <span class='ocrx_word' id='word_1_203' title='bbox 2933 1695 3090 1750; x_wconf 87' lang='lat' dir='ltr'><strong>orat?</strong></span> <span class='ocrx_word' id='word_1_204' title='bbox 3121 1694 3199 1751; x_wconf 86' lang='lat' dir='ltr'><strong>Ne</strong></span> <span class='ocrx_word' id='word_1_205' title='bbox 3230 1694 3540 1768; x_wconf 81' lang='lat' dir='ltr'><strong>hypocrisis</strong></span> 
     </span>
    </p>
   </div>
   <div class='ocr_carea' id='block_1_34' title="bbox 278 1783 1865 1866">
    <p class='ocr_par' dir='ltr' id='par_1_34' title="bbox 278 1788 1856 1866">
     <span class='ocr_line' id='line_1_34' title="bbox 278 1788 1856 1866; baseline 0.003 -24"><span class='ocrx_word' id='word_1_206' title='bbox 278 1789 411 1859; x_wconf 86' lang='grc' dir='ltr'>δοκῇ</span> <span class='ocrx_word' id='word_1_207' title='bbox 464 1788 526 1841; x_wconf 83' lang='grc' dir='ltr'><strong>τδ</strong></span> <span class='ocrx_word' id='word_1_208' title='bbox 560 1789 794 1856; x_wconf 85' lang='grc' dir='ltr'>πρᾶγμα</span> <span class='ocrx_word' id='word_1_209' title='bbox 817 1805 831 1817; x_wconf 89' lang='grc'><strong>·</strong></span> <span class='ocrx_word' id='word_1_210' title='bbox 875 1789 1192 1860; x_wconf 71' lang='grc' dir='ltr'>ἐπιρρέουσι</span> <span class='ocrx_word' id='word_1_211' title='bbox 1231 1789 1278 1843; x_wconf 77' lang='grc' dir='ltr'>δ’</span> <span class='ocrx_word' id='word_1_212' title='bbox 1315 1789 1538 1862; x_wconf 75' lang='grc' dir='ltr'><strong>ἱδρῶτες</strong></span> <span class='ocrx_word' id='word_1_213' title='bbox 1584 1791 1652 1846; x_wconf 91' lang='grc' dir='ltr'>δι’</span> <span class='ocrx_word' id='word_1_214' title='bbox 1685 1794 1856 1866; x_wconf 80' lang='grc' dir='ltr'>αὐτὴν</span> 
     </span>
    </p>
   </div>
   <div class='ocr_carea' id='block_1_35' title="bbox 1989 1783 3539 1866">
    <p class='ocr_par' dir='ltr' id='par_1_35' title="bbox 1989 1783 3539 1858">
     <span class='ocr_line' id='line_1_35' title="bbox 1989 1783 3539 1858; baseline 0.002 -22"><span class='ocrx_word' id='word_1_215' title='bbox 1989 1797 2056 1836; x_wconf 81' lang='lat' dir='ltr'><strong>&#39;es</strong></span> <span class='ocrx_word' id='word_1_216' title='bbox 2087 1797 2210 1836; x_wconf 83' lang='lat' dir='ltr'><strong>esse</strong></span> <span class='ocrx_word' id='word_1_217' title='bbox 2248 1783 2541 1852; x_wconf 86' lang='lat' dir='ltr'><strong>videatur;</strong></span> <span class='ocrx_word' id='word_1_218' title='bbox 2593 1796 2819 1842; x_wconf 88' lang='lat' dir='ltr'><strong>manant</strong></span> <span class='ocrx_word' id='word_1_219' title='bbox 2848 1797 3030 1842; x_wconf 86' lang='lat' dir='ltr'><strong>autem</strong></span> <span class='ocrx_word' id='word_1_220' title='bbox 3057 1787 3288 1844; x_wconf 86' lang='lat' dir='ltr'><strong>sudores</strong></span> <span class='ocrx_word' id='word_1_221' title='bbox 3322 1797 3539 1858; x_wconf 83' lang='lat' dir='ltr'><strong>propter</strong></span> 
     </span>
    </p>
   </div>
   <div class='ocr_carea' id='block_1_36' title="bbox 277 1879 910 1950">
    <p class='ocr_par' dir='ltr' id='par_1_36' title="bbox 277 1879 910 1950">
     <span class='ocr_line' id='line_1_36' title="bbox 277 1879 910 1950; baseline 0.003 -18"><span class='ocrx_word' id='word_1_222' title='bbox 277 1879 484 1950; x_wconf 79' lang='grc' dir='ltr'>ταύτην</span> <span class='ocrx_word' id='word_1_223' title='bbox 513 1879 613 1949; x_wconf 84' lang='grc' dir='ltr'>τὴν</span> <span class='ocrx_word' id='word_1_224' title='bbox 639 1879 838 1935; x_wconf 81' lang='grc' dir='ltr'>αἰτίαν.</span> <span class='ocrx_word' id='word_1_225' title='bbox 906 1894 910 1898; x_wconf 83' lang='lat'>‘</span> 
     </span>
    </p>
   </div>
   <div class='ocr_carea' id='block_1_37' title="bbox 351 1987 1857 2064">
    <p class='ocr_par' dir='ltr' id='par_1_37' title="bbox 351 1987 1857 2064">
     <span class='ocr_line' id='line_1_37' title="bbox 351 1987 1857 2064; baseline 0.007 -24"><span class='ocrx_word' id='word_1_226' title='bbox 351 1988 452 2042; x_wconf 70' lang='grc' dir='ltr'><strong>Διὰ</strong></span> <span class='ocrx_word' id='word_1_227' title='bbox 476 1989 530 2040; x_wconf 86' lang='grc' dir='ltr'><strong>τί</strong></span> <span class='ocrx_word' id='word_1_228' title='bbox 549 1987 722 2056; x_wconf 91' lang='grc' dir='ltr'>λέγει,</span> <span class='ocrx_word' id='word_1_229' title='bbox 754 1989 1176 2060; x_wconf 83' lang='grc' dir='ltr'><strong>Προσεύχεσθε</strong></span> <span class='ocrx_word' id='word_1_230' title='bbox 1197 1991 1398 2062; x_wconf 81' lang='grc' dir='ltr'>ἵναμὴ</span> <span class='ocrx_word' id='word_1_231' title='bbox 1430 1993 1749 2064; x_wconf 69' lang='grc' dir='ltr'>εἰσέλθητε</span> <span class='ocrx_word' id='word_1_232' title='bbox 1769 2000 1857 2062; x_wconf 87' lang='grc' dir='ltr'><strong>είς</strong></span> 
     </span>
    </p>
   </div>
   <div class='ocr_carea' id='block_1_38' title="bbox 279 2083 1858 2155">
    <p class='ocr_par' dir='ltr' id='par_1_38' title="bbox 279 2083 1858 2155">
     <span class='ocr_line' id='line_1_38' title="bbox 279 2083 1858 2155; baseline 0.006 -19"><span class='ocrx_word' id='word_1_233' title='bbox 279 2084 657 2152; x_wconf 69' lang='grc' dir='ltr'>πειρασμόνς</span> <span class='ocrx_word' id='word_1_234' title='bbox 708 2083 988 2139; x_wconf 76' lang='grc' dir='ltr'>Παιδεύων</span> <span class='ocrx_word' id='word_1_235' title='bbox 1026 2085 1100 2155; x_wconf 81' lang='grc' dir='ltr'>μὴ</span> <span class='ocrx_word' id='word_1_236' title='bbox 1150 2085 1675 2152; x_wconf 77' lang='grc' dir='ltr'>ἀπαυθαδιάζεσθαι,</span> <span class='ocrx_word' id='word_1_237' title='bbox 1723 2091 1858 2145; x_wconf 80' lang='grc' dir='ltr'>ἀλλὰ</span> 
     </span>
    </p>
   </div>
   <div class='ocr_carea' id='block_1_39' title="bbox 283 2172 1082 2242">
    <p class='ocr_par' dir='ltr' id='par_1_39' title="bbox 283 2172 1082 2242">
     <span class='ocr_line' id='line_1_39' title="bbox 283 2172 1082 2242; baseline 0.005 -17"><span class='ocrx_word' id='word_1_238' title='bbox 283 2173 669 2242; x_wconf 72' lang='grc' dir='ltr'>συντετρῖφθαι</span> <span class='ocrx_word' id='word_1_239' title='bbox 699 2172 794 2242; x_wconf 78' lang='grc' dir='ltr'>τὴν</span> <span class='ocrx_word' id='word_1_240' title='bbox 822 2173 1082 2229; x_wconf 82' lang='grc' dir='ltr'>διάνοιαν.</span> 
     </span>
    </p>
   </div>
   <div class='ocr_carea' id='block_1_40' title="bbox 353 2265 1860 2338">
    <p class='ocr_par' dir='ltr' id='par_1_40' title="bbox 353 2265 1860 2338">
     <span class='ocr_line' id='line_1_40' title="bbox 353 2265 1860 2338; baseline 0.007 -21"><span class='ocrx_word' id='word_1_241' title='bbox 353 2265 524 2335; x_wconf 88' lang='grc' dir='ltr'>Τρίτη</span> <span class='ocrx_word' id='word_1_242' title='bbox 557 2266 690 2334; x_wconf 77' lang='grc' dir='ltr'>εὐχὴ</span> <span class='ocrx_word' id='word_1_243' title='bbox 728 2265 811 2330; x_wconf 83' lang='grc' dir='ltr'><strong>τὸ,</strong></span> <span class='ocrx_word' id='word_1_244' title='bbox 843 2266 1164 2334; x_wconf 76' lang='grc' dir='ltr'><strong>Γενηθήτω</strong></span> <span class='ocrx_word' id='word_1_245' title='bbox 1205 2269 1272 2322; x_wconf 86' lang='grc' dir='ltr'>τὸ</span> <span class='ocrx_word' id='word_1_246' title='bbox 1309 2268 1542 2338; x_wconf 80' lang='grc' dir='ltr'>θέλημὰ</span> <span class='ocrx_word' id='word_1_247' title='bbox 1570 2286 1687 2326; x_wconf 87' lang='grc' dir='ltr'><strong>σου</strong></span> <span class='ocrx_word' id='word_1_248' title='bbox 1709 2290 1722 2304; x_wconf 82' lang='grc'><em>’</em></span> <span class='ocrx_word' id='word_1_249' title='bbox 1757 2276 1860 2327; x_wconf 87' lang='grc' dir='ltr'>δει-</span> 
     </span>
    </p>
   </div>
   <div class='ocr_carea' id='block_1_41' title="bbox 281 2357 1860 2431">
    <p class='ocr_par' dir='ltr' id='par_1_41' title="bbox 281 2357 1860 2431">
     <span class='ocr_line' id='line_1_41' title="bbox 281 2357 1860 2431; baseline 0.006 -21"><span class='ocrx_word' id='word_1_250' title='bbox 281 2358 414 2420; x_wconf 76' lang='grc' dir='ltr'>κνὺς</span> <span class='ocrx_word' id='word_1_251' title='bbox 439 2358 523 2409; x_wconf 80' lang='grc' dir='ltr'><strong>ὅτι</strong></span> <span class='ocrx_word' id='word_1_252' title='bbox 558 2357 765 2427; x_wconf 80' lang='grc' dir='ltr'>σφόδρα</span> <span class='ocrx_word' id='word_1_253' title='bbox 797 2357 1012 2428; x_wconf 83' lang='grc' dir='ltr'>συνᾴδει</span> <span class='ocrx_word' id='word_1_254' title='bbox 1054 2357 1131 2428; x_wconf 79' lang='grc' dir='ltr'>τῷ</span> <span class='ocrx_word' id='word_1_255' title='bbox 1155 2358 1423 2430; x_wconf 79' lang='grc' dir='ltr'>θελήματι</span> <span class='ocrx_word' id='word_1_256' title='bbox 1450 2362 1546 2415; x_wconf 78' lang='grc' dir='ltr'>τοῦ</span> <span class='ocrx_word' id='word_1_257' title='bbox 1573 2363 1731 2431; x_wconf 84' lang='grc' dir='ltr'>Θεοῦ,</span> <span class='ocrx_word' id='word_1_258' title='bbox 1764 2367 1860 2420; x_wconf 75' lang='grc' dir='ltr'>καὶ</span> 
     </span>
    </p>
   </div>
   <div class='ocr_carea' id='block_1_42' title="bbox 280 2449 1856 2526">
    <p class='ocr_par' dir='ltr' id='par_1_42' title="bbox 280 2449 1856 2526">
     <span class='ocr_line' id='line_1_42' title="bbox 280 2449 1856 2526; baseline 0.007 -26"><span class='ocrx_word' id='word_1_259' title='bbox 280 2449 367 2501; x_wconf 82' lang='grc' dir='ltr'><strong>ὅτι</strong></span> <span class='ocrx_word' id='word_1_260' title='bbox 410 2449 689 2518; x_wconf 84' lang='grc' dir='ltr'>πανταχοῦ</span> <span class='ocrx_word' id='word_1_261' title='bbox 745 2449 924 2518; x_wconf 80' lang='grc' dir='ltr'>τούτῳ</span> <span class='ocrx_word' id='word_1_262' title='bbox 971 2449 1199 2503; x_wconf 74' lang='grc' dir='ltr'>ἕπεσθαι</span> <span class='ocrx_word' id='word_1_263' title='bbox 1262 2451 1342 2504; x_wconf 89' lang='grc' dir='ltr'>δεῖ</span> <span class='ocrx_word' id='word_1_264' title='bbox 1395 2454 1490 2505; x_wconf 72' lang='grc' dir='ltr'><strong>καὶ</strong></span> <span class='ocrx_word' id='word_1_265' title='bbox 1555 2455 1856 2526; x_wconf 76' lang='grc' dir='ltr'>ἐπιζητεῖν.</span> 
     </span>
    </p>
   </div>
   <div class='ocr_carea' id='block_1_43' title="bbox 284 2540 1864 2614">
    <p class='ocr_par' dir='ltr' id='par_1_43' title="bbox 284 2540 1864 2614">
     <span class='ocr_line' id='line_1_43' title="bbox 284 2540 1864 2614; baseline 0.007 -22"><span class='ocrx_word' id='word_1_266' title='bbox 284 2540 642 2610; x_wconf 59' lang='grc' dir='ltr'>Προσηύξατο</span> <span class='ocrx_word' id='word_1_267' title='bbox 668 2542 874 2611; x_wconf 90' lang='grc' dir='ltr'>τρίτον,</span> <span class='ocrx_word' id='word_1_268' title='bbox 915 2541 1130 2603; x_wconf 79' lang='grc' dir='ltr'>δεικνὺς</span> <span class='ocrx_word' id='word_1_269' title='bbox 1160 2542 1242 2595; x_wconf 80' lang='grc' dir='ltr'>ὅτι</span> <span class='ocrx_word' id='word_1_270' title='bbox 1268 2542 1557 2614; x_wconf 79' lang='grc' dir='ltr'>ἅνθρωπός</span> <span class='ocrx_word' id='word_1_271' title='bbox 1590 2547 1739 2602; x_wconf 78' lang='grc' dir='ltr'>ἐστιν</span> <span class='ocrx_word' id='word_1_272' title='bbox 1758 2564 1772 2578; x_wconf 90' lang='grc'><strong>·</strong></span> <span class='ocrx_word' id='word_1_273' title='bbox 1800 2551 1864 2602; x_wconf 85' lang='grc' dir='ltr'><strong>τὸ</strong></span> 
     </span>
    </p>
   </div>
   <div class='ocr_carea' id='block_1_44' title="bbox 281 2631 1864 2708">
    <p class='ocr_par' dir='ltr' id='par_1_44' title="bbox 281 2631 1864 2708">
     <span class='ocr_line' id='line_1_44' title="bbox 281 2631 1864 2708; baseline 0.007 -24"><span class='ocrx_word' id='word_1_274' title='bbox 281 2632 391 2701; x_wconf 79' lang='grc' dir='ltr'><strong>γὰρ</strong></span> <span class='ocrx_word' id='word_1_275' title='bbox 416 2631 671 2703; x_wconf 80' lang='grc' dir='ltr'>δεύτερον</span> <span class='ocrx_word' id='word_1_276' title='bbox 702 2632 796 2686; x_wconf 76' lang='grc' dir='ltr'><strong>καὶ</strong></span> <span class='ocrx_word' id='word_1_277' title='bbox 848 2632 1031 2703; x_wconf 87' lang='grc' dir='ltr'>τρίτον</span> <span class='ocrx_word' id='word_1_278' title='bbox 1077 2634 1136 2686; x_wconf 84' lang='grc' dir='ltr'>ὲν</span> <span class='ocrx_word' id='word_1_279' title='bbox 1164 2635 1231 2705; x_wconf 81' lang='grc' dir='ltr'>τῇ</span> <span class='ocrx_word' id='word_1_280' title='bbox 1284 2635 1474 2708; x_wconf 81' lang='grc' dir='ltr'>Γραφῇ</span> <span class='ocrx_word' id='word_1_281' title='bbox 1516 2637 1864 2706; x_wconf 78' lang='grc' dir='ltr'>βεϐαιώσεως</span> 
     </span>
    </p>
   </div>
   <div class='ocr_carea' id='block_1_45' title="bbox 282 2724 718 2780">
    <p class='ocr_par' dir='ltr' id='par_1_45' title="bbox 282 2724 718 2780">
     <span class='ocr_line' id='line_1_45' title="bbox 282 2724 718 2780; baseline 0.011 -5"><span class='ocrx_word' id='word_1_282' title='bbox 282 2725 400 2776; x_wconf 82' lang='grc' dir='ltr'>ἐστι</span> <span class='ocrx_word' id='word_1_283' title='bbox 427 2724 718 2780; x_wconf 81' lang='grc' dir='ltr'>δεικτικόν.</span> 
     </span>
    </p>
   </div>
   <div class='ocr_carea' id='block_1_46' title="bbox 356 2826 1867 2911">
    <p class='ocr_par' dir='ltr' id='par_1_46' title="bbox 356 2826 1867 2911">
     <span class='ocr_line' id='line_1_46' title="bbox 356 2826 1867 2911; baseline 0.009 -28"><span class='ocrx_word' id='word_1_284' title='bbox 356 2831 454 2885; x_wconf 80' lang='grc' dir='ltr'><strong>Διὰ</strong></span> <span class='ocrx_word' id='word_1_285' title='bbox 475 2833 526 2884; x_wconf 90' lang='grc' dir='ltr'><strong>τί</strong></span> <span class='ocrx_word' id='word_1_286' title='bbox 557 2826 724 2904; x_wconf 76' lang='grc' dir='ltr'>ἦλθεν</span> <span class='ocrx_word' id='word_1_287' title='bbox 752 2835 816 2887; x_wconf 84' lang='grc' dir='ltr'>ὲκ</span> <span class='ocrx_word' id='word_1_288' title='bbox 845 2833 1100 2906; x_wconf 81' lang='grc' dir='ltr'>δευτέρου</span> <span class='ocrx_word' id='word_1_289' title='bbox 1135 2836 1273 2907; x_wconf 76' lang='grc' dir='ltr'>πρὸς</span> <span class='ocrx_word' id='word_1_290' title='bbox 1303 2839 1501 2904; x_wconf 74' lang='grc' dir='ltr'>αὐτούς</span> <span class='ocrx_word' id='word_1_291' title='bbox 1527 2857 1542 2904; x_wconf 93' lang='lat'><strong>;</strong></span> <span class='ocrx_word' id='word_1_292' title='bbox 1583 2842 1695 2896; x_wconf 78' lang='lat' dir='ltr'><strong>Kal.</strong></span> <span class='ocrx_word' id='word_1_293' title='bbox 1721 2843 1867 2911; x_wconf 70' lang='grc' dir='ltr'>ἀγωρ</span> 
     </span>
    </p>
   </div>
   <div class='ocr_carea' id='block_1_47' title="bbox 283 2923 1864 3003">
    <p class='ocr_par' dir='ltr' id='par_1_47' title="bbox 283 2923 1864 3003">
     <span class='ocr_line' id='line_1_47' title="bbox 283 2923 1864 3003; baseline 0.008 -28"><span class='ocrx_word' id='word_1_294' title='bbox 283 2924 414 2977; x_wconf 85' lang='grc' dir='ltr'>νιῶν</span> <span class='ocrx_word' id='word_1_295' title='bbox 457 2923 534 2987; x_wconf 85' lang='grc' dir='ltr'><strong>ὡς</strong></span> <span class='ocrx_word' id='word_1_296' title='bbox 582 2924 870 2996; x_wconf 81' lang='grc' dir='ltr'>ἄνθρωπος</span> <span class='ocrx_word' id='word_1_297' title='bbox 921 2928 1049 2997; x_wconf 66' lang='grc' dir='ltr'><strong>περ)⁵</strong></span> <span class='ocrx_word' id='word_1_298' title='bbox 1079 2928 1171 2982; x_wconf 81' lang='grc' dir='ltr'><strong>τοῦ</strong></span> <span class='ocrx_word' id='word_1_299' title='bbox 1214 2928 1476 2996; x_wconf 83' lang='grc' dir='ltr'>θανάτου,</span> <span class='ocrx_word' id='word_1_300' title='bbox 1511 2934 1605 2988; x_wconf 77' lang='grc' dir='ltr'>καὶ</span> <span class='ocrx_word' id='word_1_301' title='bbox 1645 2935 1864 3003; x_wconf 73' lang='grc' dir='ltr'>ἐλέγξαι</span> 
     </span>
    </p>
   </div>
   <div class='ocr_carea' id='block_1_48' title="bbox 283 3015 1864 3096">
    <p class='ocr_par' dir='ltr' id='par_1_48' title="bbox 283 3015 1864 3096">
     <span class='ocr_line' id='line_1_48' title="bbox 283 3015 1864 3096; baseline 0.009 -31"><span class='ocrx_word' id='word_1_302' title='bbox 283 3015 481 3077; x_wconf 72' lang='grc' dir='ltr'>αὐτοὺς</span> <span class='ocrx_word' id='word_1_303' title='bbox 506 3015 828 3087; x_wconf 75' lang='grc' dir='ltr'>βουλόμενος</span> <span class='ocrx_word' id='word_1_304' title='bbox 850 3034 866 3048; x_wconf 86' lang='grc'><strong>·</strong></span> <span class='ocrx_word' id='word_1_305' title='bbox 900 3020 983 3072; x_wconf 82' lang='grc' dir='ltr'>ὅτι</span> <span class='ocrx_word' id='word_1_306' title='bbox 1013 3020 1186 3084; x_wconf 74' lang='grc' dir='ltr'>οὕτως</span> <span class='ocrx_word' id='word_1_307' title='bbox 1215 3023 1758 3096; x_wconf 80' lang='grc' dir='ltr'>κατεδαπτίσθησαν,</span> <span class='ocrx_word' id='word_1_308' title='bbox 1788 3027 1864 3091; x_wconf 85' lang='grc' dir='ltr'>ὡς</span> 
     </span>
    </p>
   </div>
   <div class='ocr_carea' id='block_1_49' title="bbox 287 3091 1934 3181">
    <p class='ocr_par' dir='ltr' id='par_1_49' title="bbox 287 3091 1934 3181">
     <span class='ocr_line' id='line_1_49' title="bbox 287 3091 1934 3181; baseline 0.01 -24"><span class='ocrx_word' id='word_1_309' title='bbox 287 3105 424 3175; x_wconf 86' lang='grc' dir='ltr'>μηδὲ</span> <span class='ocrx_word' id='word_1_310' title='bbox 455 3108 554 3176; x_wconf 78' lang='grc' dir='ltr'><strong>τῆς</strong></span> <span class='ocrx_word' id='word_1_311' title='bbox 586 3111 893 3181; x_wconf 74' lang='grc' dir='ltr'>παρουσίας</span> <span class='ocrx_word' id='word_1_312' title='bbox 933 3112 1098 3166; x_wconf 81' lang='grc' dir='ltr'>αὐτοῦ</span> <span class='ocrx_word' id='word_1_313' title='bbox 1130 3114 1440 3170; x_wconf 80' lang='grc' dir='ltr'>αἰσθέσθαι.</span> <span class='ocrx_word' id='word_1_314' title='bbox 1474 3116 1575 3172; x_wconf 76' lang='grc' dir='ltr'><strong>Διὰ</strong></span> <span class='ocrx_word' id='word_1_315' title='bbox 1616 3091 1670 3173; x_wconf 71' lang='grc' dir='ltr'><strong>τί</strong></span> <span class='ocrx_word' id='word_1_316' title='bbox 1703 3091 1760 3173; x_wconf 67' lang='grc' dir='ltr'>δὲ</span> <span class='ocrx_word' id='word_1_317' title='bbox 1801 3123 1862 3174; x_wconf 86' lang='grc' dir='ltr'><strong>οὐ</strong></span> <span class='ocrx_word' id='word_1_318' title='bbox 1891 3091 1934 3151; x_wconf 78' lang='lat' dir='ltr'><strong>c</strong></span> 
     </span>
    </p>
   </div>
   <div class='ocr_carea' id='block_1_50' title="bbox 283 3201 1669 3281">
    <p class='ocr_par' dir='ltr' id='par_1_50' title="bbox 283 3201 1669 3281">
     <span class='ocr_line' id='line_1_50' title="bbox 283 3201 1669 3281; baseline 0.009 -28"><span class='ocrx_word' id='word_1_319' title='bbox 283 3201 552 3264; x_wconf 73' lang='grc' dir='ltr'>διυπνίζει</span> <span class='ocrx_word' id='word_1_320' title='bbox 587 3202 817 3271; x_wconf 76' lang='grc' dir='ltr'>αὑτούς;</span> <span class='ocrx_word' id='word_1_321' title='bbox 852 3204 940 3268; x_wconf 84' lang='grc' dir='ltr'>Ὠς</span> <span class='ocrx_word' id='word_1_322' title='bbox 966 3204 1042 3275; x_wconf 77' lang='grc' dir='ltr'>μὴ</span> <span class='ocrx_word' id='word_1_323' title='bbox 1069 3205 1273 3276; x_wconf 80' lang='grc' dir='ltr'>πλῆξαι</span> <span class='ocrx_word' id='word_1_324' title='bbox 1297 3208 1669 3281; x_wconf 83' lang='grc' dir='ltr'>πεπληγότας.</span> 
     </span>
    </p>
   </div>
   <div class='ocr_carea' id='block_1_51' title="bbox 356 3313 1863 3382">
    <p class='ocr_par' dir='ltr' id='par_1_51' title="bbox 356 3313 1863 3382">
     <span class='ocr_line' id='line_1_51' title="bbox 356 3313 1863 3382; baseline 0.009 -16"><span class='ocrx_word' id='word_1_325' title='bbox 356 3313 454 3366; x_wconf 79' lang='grc' dir='ltr'><strong>Διὰ</strong></span> <span class='ocrx_word' id='word_1_326' title='bbox 483 3313 537 3366; x_wconf 84' lang='grc' dir='ltr'><strong>τί</strong></span> <span class='ocrx_word' id='word_1_327' title='bbox 564 3313 736 3382; x_wconf 77' lang='grc' dir='ltr'>λέγει,</span> <span class='ocrx_word' id='word_1_328' title='bbox 787 3315 869 3368; x_wconf 80' lang='grc' dir='ltr'><strong>ὅτι</strong></span> <span class='ocrx_word' id='word_1_329' title='bbox 916 3316 1248 3372; x_wconf 80' lang='grc' dir='ltr'>Καθεύδετε</span> <span class='ocrx_word' id='word_1_330' title='bbox 1293 3321 1516 3374; x_wconf 70' lang='grc' dir='ltr'>λοιπὸν</span> <span class='ocrx_word' id='word_1_331' title='bbox 1565 3323 1665 3375; x_wconf 80' lang='grc' dir='ltr'><strong>καί</strong></span> <span class='ocrx_word' id='word_1_332' title='bbox 1714 3324 1863 3378; x_wconf 81' lang='grc' dir='ltr'>ἁνα-</span> 
     </span>
    </p>
   </div>
   <div class='ocr_carea' id='block_1_52' title="bbox 283 3403 1864 3480">
    <p class='ocr_par' dir='ltr' id='par_1_52' title="bbox 283 3403 1864 3480">
     <span class='ocr_line' id='line_1_52' title="bbox 283 3403 1864 3480; baseline 0.008 -24"><span class='ocrx_word' id='word_1_333' title='bbox 283 3403 596 3468; x_wconf 72' lang='grc' dir='ltr'>παύεσθε;</span> <span class='ocrx_word' id='word_1_334' title='bbox 645 3406 740 3458; x_wconf 76' lang='grc' dir='ltr'><strong>καὶ</strong></span> <span class='ocrx_word' id='word_1_335' title='bbox 787 3407 895 3476; x_wconf 83' lang='grc' dir='ltr'>μὴν</span> <span class='ocrx_word' id='word_1_336' title='bbox 944 3406 1064 3459; x_wconf 86' lang='grc' dir='ltr'>τότε</span> <span class='ocrx_word' id='word_1_337' title='bbox 1117 3409 1466 3480; x_wconf 80' lang='grc' dir='ltr'>γρηγορῆσαι</span> <span class='ocrx_word' id='word_1_338' title='bbox 1512 3411 1621 3466; x_wconf 75' lang='grc' dir='ltr'>ἔδει</span> <span class='ocrx_word' id='word_1_339' title='bbox 1655 3430 1668 3442; x_wconf 91' lang='grc'><strong>·</strong></span> <span class='ocrx_word' id='word_1_340' title='bbox 1726 3415 1864 3469; x_wconf 80' lang='grc' dir='ltr'>ἀλλὰ</span> 
     </span>
    </p>
   </div>
   <div class='ocr_carea' id='block_1_53' title="bbox 281 3497 1869 3572">
    <p class='ocr_par' dir='ltr' id='par_1_53' title="bbox 281 3497 1869 3572">
     <span class='ocr_line' id='line_1_53' title="bbox 281 3497 1869 3572; baseline 0.006 -22"><span class='ocrx_word' id='word_1_341' title='bbox 281 3497 498 3560; x_wconf 75' lang='grc' dir='ltr'>δεικνὺς</span> <span class='ocrx_word' id='word_1_342' title='bbox 531 3497 612 3552; x_wconf 79' lang='grc' dir='ltr'>ὅτι</span> <span class='ocrx_word' id='word_1_343' title='bbox 644 3498 745 3552; x_wconf 83' lang='grc' dir='ltr'><strong>οὐκ</strong></span> <span class='ocrx_word' id='word_1_344' title='bbox 789 3499 1032 3554; x_wconf 81' lang='grc' dir='ltr'>οἴσουσιν</span> <span class='ocrx_word' id='word_1_345' title='bbox 1065 3501 1185 3553; x_wconf 73' lang='grc' dir='ltr'>οὐδὲ</span> <span class='ocrx_word' id='word_1_346' title='bbox 1215 3501 1314 3572; x_wconf 84' lang='grc' dir='ltr'>τὴν</span> <span class='ocrx_word' id='word_1_347' title='bbox 1356 3502 1483 3572; x_wconf 71' lang='grc' dir='ltr'>ὕψιν</span> <span class='ocrx_word' id='word_1_348' title='bbox 1503 3520 1518 3535; x_wconf 78' lang='grc' dir='ltr'><strong>ο</strong></span> <span class='ocrx_word' id='word_1_349' title='bbox 1546 3506 1638 3557; x_wconf 82' lang='grc' dir='ltr'>καὶ</span> <span class='ocrx_word' id='word_1_350' title='bbox 1679 3507 1758 3559; x_wconf 80' lang='grc' dir='ltr'>ὅτι</span> <span class='ocrx_word' id='word_1_351' title='bbox 1787 3507 1869 3559; x_wconf 73' lang='grc' dir='ltr'><strong>δεῖ</strong></span> 
     </span>
    </p>
   </div>
   <div class='ocr_carea' id='block_1_54' title="bbox 286 3589 1674 3666">
    <p class='ocr_par' dir='ltr' id='par_1_54' title="bbox 286 3589 1674 3666">
     <span class='ocr_line' id='line_1_54' title="bbox 286 3589 1674 3666; baseline 0.006 -25"><span class='ocrx_word' id='word_1_352' title='bbox 286 3591 505 3651; x_wconf 76' lang='grc' dir='ltr'>πάντως</span> <span class='ocrx_word' id='word_1_353' title='bbox 542 3589 644 3659; x_wconf 73' lang='grc' dir='ltr'>ἠδη</span> <span class='ocrx_word' id='word_1_354' title='bbox 681 3589 845 3644; x_wconf 81' lang='grc' dir='ltr'>αὐτὸν</span> <span class='ocrx_word' id='word_1_355' title='bbox 877 3591 1272 3662; x_wconf 81' lang='grc' dir='ltr'>παραδοθῆναι,</span> <span class='ocrx_word' id='word_1_356' title='bbox 1301 3592 1461 3649; x_wconf 82' lang='grc' dir='ltr'>τοῦτό</span> <span class='ocrx_word' id='word_1_357' title='bbox 1488 3613 1674 3666; x_wconf 79' lang='grc' dir='ltr'>φησιν.</span> 
     </span>
    </p>
   </div>
   <div class='ocr_carea' id='block_1_55' title="bbox 358 3679 1866 3752">
    <p class='ocr_par' dir='ltr' id='par_1_55' title="bbox 358 3679 1866 3752">
     <span class='ocr_line' id='line_1_55' title="bbox 358 3679 1866 3752; baseline 0.008 -22"><span class='ocrx_word' id='word_1_358' title='bbox 358 3680 459 3732; x_wconf 76' lang='grc' dir='ltr'><strong>Διὰ</strong></span> <span class='ocrx_word' id='word_1_359' title='bbox 479 3679 531 3731; x_wconf 86' lang='grc' dir='ltr'><strong>τί</strong></span> <span class='ocrx_word' id='word_1_360' title='bbox 563 3681 738 3748; x_wconf 81' lang='grc' dir='ltr'>λέγει,</span> <span class='ocrx_word' id='word_1_361' title='bbox 779 3682 1134 3750; x_wconf 58' lang='grc' dir='ltr'>Ἐγείρεσθε,</span> <span class='ocrx_word' id='word_1_362' title='bbox 1151 3683 1387 3752; x_wconf 76' lang='grc' dir='ltr'>ἄγωμεν</span> <span class='ocrx_word' id='word_1_363' title='bbox 1407 3687 1712 3750; x_wconf 82' lang='grc' dir='ltr'>ἐντεῦθεν,</span> <span class='ocrx_word' id='word_1_364' title='bbox 1735 3688 1866 3742; x_wconf 80' lang='grc' dir='ltr'>ίδοὺ</span> 
     </span>
    </p>
   </div>
   <div class='ocr_carea' id='block_1_56' title="bbox 282 3769 1866 3850">
    <p class='ocr_par' dir='ltr' id='par_1_56' title="bbox 282 3769 1866 3850">
     <span class='ocr_line' id='line_1_56' title="bbox 282 3769 1866 3850; baseline 0.007 -28"><span class='ocrx_word' id='word_1_365' title='bbox 282 3769 535 3840; x_wconf 71' lang='grc' dir='ltr'>ἤγγικεν</span> <span class='ocrx_word' id='word_1_366' title='bbox 567 3775 599 3826; x_wconf 83' lang='grc' dir='ltr'><em>ὁ</em></span> <span class='ocrx_word' id='word_1_367' title='bbox 627 3774 999 3841; x_wconf 81' lang='grc' dir='ltr'>παραδιδούς</span> <span class='ocrx_word' id='word_1_368' title='bbox 1027 3792 1140 3844; x_wconf 65' lang='lat' dir='ltr'><strong>ue:</strong></span> <span class='ocrx_word' id='word_1_369' title='bbox 1167 3777 1286 3831; x_wconf 83' lang='grc' dir='ltr'>Ἵνα</span> <span class='ocrx_word' id='word_1_370' title='bbox 1311 3777 1463 3850; x_wconf 82' lang='grc' dir='ltr'>δείξῃ</span> <span class='ocrx_word' id='word_1_371' title='bbox 1489 3779 1566 3841; x_wconf 80' lang='grc' dir='ltr'>ὡς</span> <span class='ocrx_word' id='word_1_372' title='bbox 1585 3781 1687 3833; x_wconf 82' lang='grc' dir='ltr'>οὐκ</span> <span class='ocrx_word' id='word_1_373' title='bbox 1707 3781 1866 3850; x_wconf 80' lang='grc' dir='ltr'>ἔφευ-</span> 
     </span>
    </p>
   </div>
   <div class='ocr_carea' id='block_1_57' title="bbox 284 3863 1865 3941">
    <p class='ocr_par' dir='ltr' id='par_1_57' title="bbox 284 3863 1865 3941">
     <span class='ocr_line' id='line_1_57' title="bbox 284 3863 1865 3941; baseline 0.006 -29"><span class='ocrx_word' id='word_1_374' title='bbox 284 3877 408 3927; x_wconf 84' lang='grc' dir='ltr'>γεν,</span> <span class='ocrx_word' id='word_1_375' title='bbox 441 3863 580 3915; x_wconf 80' lang='grc' dir='ltr'>ἀλλὰ</span> <span class='ocrx_word' id='word_1_376' title='bbox 616 3864 819 3931; x_wconf 81' lang='grc' dir='ltr'>μᾶλλον</span> <span class='ocrx_word' id='word_1_377' title='bbox 862 3865 1228 3936; x_wconf 85' lang='grc' dir='ltr'>προσέτρεχεν</span> <span class='ocrx_word' id='word_1_378' title='bbox 1266 3868 1453 3938; x_wconf 72' lang='grc' dir='ltr'>αὐτῷ·</span> <span class='ocrx_word' id='word_1_379' title='bbox 1495 3870 1580 3922; x_wconf 83' lang='grc' dir='ltr'>ἵνα</span> <span class='ocrx_word' id='word_1_380' title='bbox 1619 3870 1865 3941; x_wconf 78' lang='grc' dir='ltr'>μάθωσιν</span> 
     </span>
    </p>
   </div>
   <div class='ocr_carea' id='block_1_58' title="bbox 286 3953 1868 4032">
    <p class='ocr_par' dir='ltr' id='par_1_58' title="bbox 286 3953 1868 4032">
     <span class='ocr_line' id='line_1_58' title="bbox 286 3953 1868 4032; baseline 0.005 -26"><span class='ocrx_word' id='word_1_381' title='bbox 286 3953 365 4018; x_wconf 82' lang='grc' dir='ltr'><strong>ὡς</strong></span> <span class='ocrx_word' id='word_1_382' title='bbox 403 3955 504 4009; x_wconf 80' lang='grc' dir='ltr'><strong>οὐκ</strong></span> <span class='ocrx_word' id='word_1_383' title='bbox 533 3955 811 4021; x_wconf 68' lang='grc' dir='ltr'>ἀσθένεια,</span> <span class='ocrx_word' id='word_1_384' title='bbox 843 3956 958 4012; x_wconf 81' lang='grc' dir='ltr'>ἀλλ’</span> <span class='ocrx_word' id='word_1_385' title='bbox 981 3959 1295 4030; x_wconf 79' lang='grc' dir='ltr'>οἰκονομίας</span> <span class='ocrx_word' id='word_1_386' title='bbox 1325 3956 1394 4031; x_wconf 75' lang='grc' dir='ltr'>ἦν</span> <span class='ocrx_word' id='word_1_387' title='bbox 1424 3960 1485 4014; x_wconf 82' lang='grc' dir='ltr'><strong>τὸ</strong></span> <span class='ocrx_word' id='word_1_388' title='bbox 1514 3961 1672 4016; x_wconf 76' lang='grc' dir='ltr'>ὄλονο</span> <span class='ocrx_word' id='word_1_389' title='bbox 1702 3963 1734 4032; x_wconf 84' lang='grc' dir='ltr'>ἢ</span> <span class='ocrx_word' id='word_1_390' title='bbox 1761 3963 1868 4014; x_wconf 81' lang='grc' dir='ltr'>ἀπὸ</span> 
     </span>
    </p>
   </div>
   <div class='ocr_carea' id='block_1_59' title="bbox 285 4048 1866 4121">
    <p class='ocr_par' dir='ltr' id='par_1_59' title="bbox 285 4048 1866 4121">
     <span class='ocr_line' id='line_1_59' title="bbox 285 4048 1866 4121; baseline 0.003 -19"><span class='ocrx_word' id='word_1_391' title='bbox 285 4048 394 4118; x_wconf 85' lang='grc' dir='ltr'>γῆς</span> <span class='ocrx_word' id='word_1_392' title='bbox 426 4051 505 4113; x_wconf 88' lang='grc' dir='ltr'>εἰς</span> <span class='ocrx_word' id='word_1_393' title='bbox 543 4052 772 4121; x_wconf 80' lang='grc' dir='ltr'>οὐρανὸν</span> <span class='ocrx_word' id='word_1_394' title='bbox 823 4053 1003 4120; x_wconf 80' lang='grc' dir='ltr'>λέγων</span> <span class='ocrx_word' id='word_1_395' title='bbox 1028 4056 1277 4118; x_wconf 72' lang='grc' dir='ltr'>καὶτοὺς</span> <span class='ocrx_word' id='word_1_396' title='bbox 1315 4053 1436 4107; x_wconf 84' lang='grc' dir='ltr'>τότε</span> <span class='ocrx_word' id='word_1_397' title='bbox 1477 4056 1574 4108; x_wconf 68' lang='grc' dir='ltr'><strong>καὶ</strong></span> <span class='ocrx_word' id='word_1_398' title='bbox 1615 4057 1741 4120; x_wconf 77' lang='grc' dir='ltr'>τοὺς</span> <span class='ocrx_word' id='word_1_399' title='bbox 1772 4055 1866 4109; x_wconf 79' lang='grc' dir='ltr'>νῦν</span> 
     </span>
    </p>
   </div>
   <div class='ocr_carea' id='block_1_60' title="bbox 286 4140 622 4210">
    <p class='ocr_par' dir='ltr' id='par_1_60' title="bbox 286 4140 622 4210">
     <span class='ocr_line' id='line_1_60' title="bbox 286 4140 622 4210; baseline 0.015 -17"><span class='ocrx_word' id='word_1_400' title='bbox 286 4140 622 4210; x_wconf 74' lang='grc' dir='ltr'>ἐγείρεσθαι.</span> 
     </span>
    </p>
   </div>
   <div class='ocr_carea' id='block_1_61' title="bbox 364 4253 1871 4326">
    <p class='ocr_par' dir='ltr' id='par_1_61' title="bbox 364 4253 1871 4326">
     <span class='ocr_line' id='line_1_61' title="bbox 364 4253 1871 4326; baseline 0.001 -18"><span class='ocrx_word' id='word_1_401' title='bbox 364 4257 440 4308; x_wconf 83' lang='grc' dir='ltr'>Τὸ</span> <span class='ocrx_word' id='word_1_402' title='bbox 475 4255 612 4324; x_wconf 80' lang='grc' dir='ltr'>μετὰ</span> <span class='ocrx_word' id='word_1_403' title='bbox 652 4255 943 4326; x_wconf 77' lang='grc' dir='ltr'>μαχαιρῶν</span> <span class='ocrx_word' id='word_1_404' title='bbox 971 4256 1067 4313; x_wconf 73' lang='grc' dir='ltr'><strong>καὶ</strong></span> <span class='ocrx_word' id='word_1_405' title='bbox 1110 4256 1284 4320; x_wconf 82' lang='grc' dir='ltr'>ξύλων</span> <span class='ocrx_word' id='word_1_406' title='bbox 1336 4253 1491 4311; x_wconf 73' lang='grc' dir='ltr'>εἶπεν</span> <span class='ocrx_word' id='word_1_407' title='bbox 1538 4257 1713 4309; x_wconf 76' lang='grc' dir='ltr'>ἐλθεῖν</span> <span class='ocrx_word' id='word_1_408' title='bbox 1763 4257 1871 4309; x_wconf 80' lang='grc' dir='ltr'><strong>ἀπὸ</strong></span> 
     </span>
    </p>
   </div>
   <div class='ocr_carea' id='block_1_62' title="bbox 1959 1873 2528 1931">
    <p class='ocr_par' dir='ltr' id='par_1_62' title="bbox 1959 1873 2528 1931">
     <span class='ocr_line' id='line_1_62' title="bbox 1959 1873 2528 1931; baseline 0.007 -4"><span class='ocrx_word' id='word_1_409' title='bbox 1959 1873 2208 1928; x_wconf 86' lang='lat' dir='ltr'><strong>eamdem</strong></span> <span class='ocrx_word' id='word_1_410' title='bbox 2240 1875 2528 1931; x_wconf 84' lang='lat' dir='ltr'><strong>rationem.</strong></span> 
     </span>
    </p>
   </div>
   <div class='ocr_carea' id='block_1_63' title="bbox 2034 1977 3537 2044">
    <p class='ocr_par' dir='ltr' id='par_1_63' title="bbox 2034 1977 3537 2044">
     <span class='ocr_line' id='line_1_63' title="bbox 2034 1977 3537 2044; baseline 0.007 -12"><span class='ocrx_word' id='word_1_411' title='bbox 2034 1977 2199 2036; x_wconf 81' lang='lat' dir='ltr'><strong>Vnns.</strong></span> <span class='ocrx_word' id='word_1_412' title='bbox 2229 1983 2318 2036; x_wconf 72' lang='grc'><strong>41.</strong></span> <span class='ocrx_word' id='word_1_413' title='bbox 2342 1982 2454 2038; x_wconf 92' lang='lat' dir='ltr'><strong>Cur</strong></span> <span class='ocrx_word' id='word_1_414' title='bbox 2483 1984 2658 2042; x_wconf 87' lang='lat' dir='ltr'><strong>dicit:</strong></span> <span class='ocrx_word' id='word_1_415' title='bbox 2700 1986 2865 2042; x_wconf 82' lang='lat' dir='ltr'><strong>Orate</strong></span> <span class='ocrx_word' id='word_1_416' title='bbox 2914 2004 2976 2042; x_wconf 88' lang='lat' dir='ltr'><strong>ne</strong></span> <span class='ocrx_word' id='word_1_417' title='bbox 3015 1987 3225 2044; x_wconf 81' lang='lat' dir='ltr'><strong>intretis</strong></span> <span class='ocrx_word' id='word_1_418' title='bbox 3259 1990 3316 2043; x_wconf 86' lang='lat' dir='ltr'><strong>in</strong></span> <span class='ocrx_word' id='word_1_419' title='bbox 3362 1999 3537 2044; x_wconf 83' lang='lat' dir='ltr'><strong>tenta-</strong></span> 
     </span>
    </p>
   </div>
   <div class='ocr_carea' id='block_1_64' title="bbox 1962 2073 3538 2148">
    <p class='ocr_par' dir='ltr' id='par_1_64' title="bbox 1962 2073 3538 2148">
     <span class='ocr_line' id='line_1_64' title="bbox 1962 2073 3538 2148; baseline 0.009 -23"><span class='ocrx_word' id='word_1_420' title='bbox 1962 2073 2200 2130; x_wconf 86' lang='lat' dir='ltr'><strong>tionem?</strong></span> <span class='ocrx_word' id='word_1_421' title='bbox 2243 2074 2315 2130; x_wconf 89' lang='lat' dir='ltr'><strong>Ut</strong></span> <span class='ocrx_word' id='word_1_422' title='bbox 2367 2087 2590 2132; x_wconf 88' lang='lat' dir='ltr'><strong>moneat</strong></span> <span class='ocrx_word' id='word_1_423' title='bbox 2629 2080 3056 2136; x_wconf 81' lang='lat' dir='ltr'><strong>conﬁdentiores</strong></span> <span class='ocrx_word' id='word_1_424' title='bbox 3105 2098 3214 2137; x_wconf 91' lang='lat' dir='ltr'><strong>non</strong></span> <span class='ocrx_word' id='word_1_425' title='bbox 3269 2097 3414 2148; x_wconf 82' lang='lat' dir='ltr'><strong>esse,</strong></span> <span class='ocrx_word' id='word_1_426' title='bbox 3441 2083 3538 2139; x_wconf 83' lang='lat' dir='ltr'><strong>sed</strong></span> 
     </span>
    </p>
   </div>
   <div class='ocr_carea' id='block_1_65' title="bbox 1960 2168 2395 2222">
    <p class='ocr_par' dir='ltr' id='par_1_65' title="bbox 1960 2168 2395 2222">
     <span class='ocr_line' id='line_1_65' title="bbox 1960 2168 2395 2222; baseline 0.005 -5"><span class='ocrx_word' id='word_1_427' title='bbox 1960 2173 2142 2220; x_wconf 89' lang='lat' dir='ltr'><strong>mente</strong></span> <span class='ocrx_word' id='word_1_428' title='bbox 2163 2168 2395 2222; x_wconf 89' lang='lat' dir='ltr'><strong>conteri.</strong></span> 
     </span>
    </p>
   </div>
   <div class='ocr_carea' id='block_1_66' title="bbox 2032 2255 3538 2332">
    <p class='ocr_par' dir='ltr' id='par_1_66' title="bbox 2032 2255 3538 2332">
     <span class='ocr_line' id='line_1_66' title="bbox 2032 2255 3538 2332; baseline 0.008 -22"><span class='ocrx_word' id='word_1_429' title='bbox 2032 2255 2201 2313; x_wconf 74' lang='lat' dir='ltr'><strong>Vens.</strong></span> <span class='ocrx_word' id='word_1_430' title='bbox 2235 2259 2330 2314; x_wconf 64' lang='grc' dir='ltr'><strong>ιε.</strong></span> <span class='ocrx_word' id='word_1_431' title='bbox 2364 2259 2551 2317; x_wconf 87' lang='lat' dir='ltr'><strong>Tertia</strong></span> <span class='ocrx_word' id='word_1_432' title='bbox 2581 2265 2760 2317; x_wconf 87' lang='lat' dir='ltr'><strong>oratio</strong></span> <span class='ocrx_word' id='word_1_433' title='bbox 2793 2275 2915 2332; x_wconf 91' lang='lat' dir='ltr'><strong>est,</strong></span> <span class='ocrx_word' id='word_1_434' title='bbox 2957 2265 3082 2320; x_wconf 81' lang='lat' dir='ltr'><strong>Fiat</strong></span> <span class='ocrx_word' id='word_1_435' title='bbox 3114 2268 3357 2321; x_wconf 77' lang='lat' dir='ltr'><strong>voluntas</strong></span> <span class='ocrx_word' id='word_1_436' title='bbox 3396 2279 3486 2322; x_wconf 86' lang='lat' dir='ltr'><strong>tua</strong></span> <span class='ocrx_word' id='word_1_437' title='bbox 3518 2283 3538 2322; x_wconf 91' lang='lat'><strong>:</strong></span> 
     </span>
    </p>
   </div>
   <div class='ocr_carea' id='block_1_67' title="bbox 1964 2350 3542 2422">
    <p class='ocr_par' dir='ltr' id='par_1_67' title="bbox 1964 2350 3542 2422">
     <span class='ocr_line' id='line_1_67' title="bbox 1964 2350 3542 2422; baseline 0.006 -20"><span class='ocrx_word' id='word_1_438' title='bbox 1964 2350 2203 2406; x_wconf 89' lang='lat' dir='ltr'><strong>ostendit</strong></span> <span class='ocrx_word' id='word_1_439' title='bbox 2249 2367 2308 2406; x_wconf 88' lang='lat' dir='ltr'><strong>se</strong></span> <span class='ocrx_word' id='word_1_440' title='bbox 2353 2353 2652 2408; x_wconf 86' lang='lat' dir='ltr'><strong>admodum</strong></span> <span class='ocrx_word' id='word_1_441' title='bbox 2685 2358 3005 2412; x_wconf 88' lang='lat' dir='ltr'><strong>consentire</strong></span> <span class='ocrx_word' id='word_1_442' title='bbox 3037 2359 3304 2412; x_wconf 79' lang='lat' dir='ltr'><strong>voluntati</strong></span> <span class='ocrx_word' id='word_1_443' title='bbox 3342 2357 3459 2422; x_wconf 87' lang='lat' dir='ltr'><strong>Dei,</strong></span> <span class='ocrx_word' id='word_1_444' title='bbox 3489 2372 3542 2412; x_wconf 82' lang='lat' dir='ltr'><strong>et</strong></span> 
     </span>
    </p>
   </div>
   <div class='ocr_carea' id='block_1_68' title="bbox 1963 2449 3545 2520">
    <p class='ocr_par' dir='ltr' id='par_1_68' title="bbox 1963 2449 3545 2520">
     <span class='ocr_line' id='line_1_68' title="bbox 1963 2449 3545 2520; baseline 0.006 -23"><span class='ocrx_word' id='word_1_445' title='bbox 1963 2458 2082 2497; x_wconf 87' lang='lat' dir='ltr'><strong>eam</strong></span> <span class='ocrx_word' id='word_1_446' title='bbox 2108 2460 2326 2514; x_wconf 87' lang='lat' dir='ltr'><strong>semper</strong></span> <span class='ocrx_word' id='word_1_447' title='bbox 2350 2449 2690 2518; x_wconf 82' lang='lat' dir='ltr'><strong>sequendam</strong></span> <span class='ocrx_word' id='word_1_448' title='bbox 2720 2459 2773 2504; x_wconf 93' lang='lat' dir='ltr'><strong>et</strong></span> <span class='ocrx_word' id='word_1_449' title='bbox 2795 2453 3146 2520; x_wconf 78' lang='lat' dir='ltr'><strong>quaerendam</strong></span> <span class='ocrx_word' id='word_1_450' title='bbox 3181 2467 3324 2507; x_wconf 83' lang='lat' dir='ltr'><strong>esse.</strong></span> <span class='ocrx_word' id='word_1_451' title='bbox 3357 2453 3545 2507; x_wconf 82' lang='lat' dir='ltr'><strong>Oravit</strong></span> 
     </span>
    </p>
   </div>
   <div class='ocr_carea' id='block_1_69' title="bbox 1965 2539 3543 2602">
    <p class='ocr_par' dir='ltr' id='par_1_69' title="bbox 1965 2539 3543 2602">
     <span class='ocr_line' id='line_1_69' title="bbox 1965 2539 3543 2602; baseline 0.009 -16"><span class='ocrx_word' id='word_1_452' title='bbox 1965 2539 2148 2602; x_wconf 78' lang='lat' dir='ltr'><strong>tertio,</strong></span> <span class='ocrx_word' id='word_1_453' title='bbox 2185 2547 2242 2592; x_wconf 88' lang='lat' dir='ltr'><strong>ut</strong></span> <span class='ocrx_word' id='word_1_454' title='bbox 2303 2539 2714 2596; x_wconf 81' lang='lat' dir='ltr'><strong>ostenderetse</strong></span> <span class='ocrx_word' id='word_1_455' title='bbox 2769 2543 3048 2598; x_wconf 84' lang='lat' dir='ltr'><strong>hominem</strong></span> <span class='ocrx_word' id='word_1_456' title='bbox 3103 2559 3246 2599; x_wconf 89' lang='lat' dir='ltr'><strong>esse.</strong></span> <span class='ocrx_word' id='word_1_457' title='bbox 3279 2543 3414 2600; x_wconf 84' lang='lat' dir='ltr'><strong>Nam</strong></span> <span class='ocrx_word' id='word_1_458' title='bbox 3457 2561 3543 2600; x_wconf 89' lang='lat' dir='ltr'><strong>se-</strong></span> 
     </span>
    </p>
   </div>
   <div class='ocr_carea' id='block_1_70' title="bbox 1965 2628 3544 2704">
    <p class='ocr_par' dir='ltr' id='par_1_70' title="bbox 1965 2628 3544 2704">
     <span class='ocr_line' id='line_1_70' title="bbox 1965 2628 3544 2704; baseline 0.006 -25"><span class='ocrx_word' id='word_1_459' title='bbox 1965 2628 2148 2681; x_wconf 90' lang='lat' dir='ltr'><strong>cundo</strong></span> <span class='ocrx_word' id='word_1_460' title='bbox 2207 2638 2262 2683; x_wconf 90' lang='lat' dir='ltr'><strong>et</strong></span> <span class='ocrx_word' id='word_1_461' title='bbox 2296 2632 2461 2687; x_wconf 90' lang='lat' dir='ltr'><strong>tertio</strong></span> <span class='ocrx_word' id='word_1_462' title='bbox 2516 2632 2571 2686; x_wconf 90' lang='lat' dir='ltr'><strong>in</strong></span> <span class='ocrx_word' id='word_1_463' title='bbox 2628 2631 2909 2704; x_wconf 86' lang='lat' dir='ltr'><strong>Scriptura</strong></span> <span class='ocrx_word' id='word_1_464' title='bbox 2957 2635 3396 2691; x_wconf 72' lang='lat' dir='ltr'><strong>conﬁrmationis</strong></span> <span class='ocrx_word' id='word_1_465' title='bbox 3459 2644 3544 2690; x_wconf 84' lang='lat' dir='ltr'><strong>est</strong></span> 
     </span>
    </p>
   </div>
   <div class='ocr_carea' id='block_1_71' title="bbox 1965 2729 2369 2787">
    <p class='ocr_par' dir='ltr' id='par_1_71' title="bbox 1965 2729 2369 2787">
     <span class='ocr_line' id='line_1_71' title="bbox 1965 2729 2369 2787; baseline 0.015 -16"><span class='ocrx_word' id='word_1_466' title='bbox 1965 2729 2369 2787; x_wconf 75' lang='lat' dir='ltr'><strong>argumentum.</strong></span> 
     </span>
    </p>
   </div>
   <div class='ocr_carea' id='block_1_72' title="bbox 2035 2827 3544 2894">
    <p class='ocr_par' dir='ltr' id='par_1_72' title="bbox 2035 2827 3544 2894">
     <span class='ocr_line' id='line_1_72' title="bbox 2035 2827 3544 2894; baseline 0.007 -12"><span class='ocrx_word' id='word_1_467' title='bbox 2035 2827 2204 2886; x_wconf 67' lang='lat' dir='ltr'><strong>Vens.</strong></span> <span class='ocrx_word' id='word_1_468' title='bbox 2245 2832 2334 2888; x_wconf 75' lang='grc'><strong>4⁸5.</strong></span> <span class='ocrx_word' id='word_1_469' title='bbox 2366 2831 2476 2888; x_wconf 89' lang='lat' dir='ltr'><strong>Cur</strong></span> <span class='ocrx_word' id='word_1_470' title='bbox 2495 2835 2740 2892; x_wconf 81' lang='lat' dir='ltr'><strong>secundo</strong></span> <span class='ocrx_word' id='word_1_471' title='bbox 2762 2838 2913 2892; x_wconf 80' lang='lat' dir='ltr'><strong>venit</strong></span> <span class='ocrx_word' id='word_1_472' title='bbox 2946 2839 3012 2892; x_wconf 85' lang='lat' dir='ltr'><strong>ad</strong></span> <span class='ocrx_word' id='word_1_473' title='bbox 3036 2840 3169 2893; x_wconf 80' lang='lat' dir='ltr'><strong>eos?</strong></span> <span class='ocrx_word' id='word_1_474' title='bbox 3200 2841 3263 2893; x_wconf 87' lang='lat' dir='ltr'><strong>Et</strong></span> <span class='ocrx_word' id='word_1_475' title='bbox 3296 2849 3354 2893; x_wconf 90' lang='lat' dir='ltr'><strong>ut</strong></span> <span class='ocrx_word' id='word_1_476' title='bbox 3381 2842 3544 2894; x_wconf 85' lang='lat' dir='ltr'><strong>homo</strong></span> 
     </span>
    </p>
   </div>
   <div class='ocr_carea' id='block_1_73' title="bbox 1967 2921 3542 3001">
    <p class='ocr_par' dir='ltr' id='par_1_73' title="bbox 1967 2921 3542 3001">
     <span class='ocr_line' id='line_1_73' title="bbox 1967 2921 3542 3001; baseline 0.008 -27"><span class='ocrx_word' id='word_1_477' title='bbox 1967 2921 2182 2980; x_wconf 83' lang='lat' dir='ltr'><strong>luctans</strong></span> <span class='ocrx_word' id='word_1_478' title='bbox 2216 2935 2414 2979; x_wconf 88' lang='lat' dir='ltr'><strong>contra</strong></span> <span class='ocrx_word' id='word_1_479' title='bbox 2439 2936 2696 2993; x_wconf 88' lang='lat' dir='ltr'><strong>mortem,</strong></span> <span class='ocrx_word' id='word_1_480' title='bbox 2723 2937 3026 2999; x_wconf 83' lang='lat' dir='ltr'><strong>ctarguere</strong></span> <span class='ocrx_word' id='word_1_481' title='bbox 3049 2945 3146 2985; x_wconf 85' lang='lat' dir='ltr'><strong>eos</strong></span> <span class='ocrx_word' id='word_1_482' title='bbox 3173 2933 3382 2995; x_wconf 81' lang='lat' dir='ltr'><strong>volens,</strong></span> <span class='ocrx_word' id='word_1_483' title='bbox 3413 2937 3542 3001; x_wconf 86' lang='lat' dir='ltr'><strong>quia</strong></span> 
     </span>
    </p>
   </div>
   <div class='ocr_carea' id='block_1_74' title="bbox 1969 3015 3544 3093">
    <p class='ocr_par' dir='ltr' id='par_1_74' title="bbox 1969 3015 3544 3093">
     <span class='ocr_line' id='line_1_74' title="bbox 1969 3015 3544 3093; baseline 0.007 -24"><span class='ocrx_word' id='word_1_484' title='bbox 1969 3015 2106 3070; x_wconf 89' lang='lat' dir='ltr'><strong>adeo</strong></span> <span class='ocrx_word' id='word_1_485' title='bbox 2139 3026 2296 3072; x_wconf 84' lang='lat' dir='ltr'><strong>erant</strong></span> <span class='ocrx_word' id='word_1_486' title='bbox 2325 3020 2555 3087; x_wconf 80' lang='lat' dir='ltr'><strong>gravati,</strong></span> <span class='ocrx_word' id='word_1_487' title='bbox 2587 3031 2646 3073; x_wconf 93' lang='lat' dir='ltr'><strong>ut</strong></span> <span class='ocrx_word' id='word_1_488' title='bbox 2677 3022 3023 3090; x_wconf 69' lang='lat' dir='ltr'><strong>prmsentiam</strong></span> <span class='ocrx_word' id='word_1_489' title='bbox 3049 3023 3170 3093; x_wconf 86' lang='lat' dir='ltr'><strong>ejus</strong></span> <span class='ocrx_word' id='word_1_490' title='bbox 3207 3040 3314 3077; x_wconf 90' lang='lat' dir='ltr'><strong>non</strong></span> <span class='ocrx_word' id='word_1_491' title='bbox 3351 3041 3544 3080; x_wconf 88' lang='lat' dir='ltr'><strong>sense-</strong></span> 
     </span>
    </p>
   </div>
   <div class='ocr_carea' id='block_1_75' title="bbox 1969 3106 3544 3185">
    <p class='ocr_par' dir='ltr' id='par_1_75' title="bbox 1969 3106 3544 3185">
     <span class='ocr_line' id='line_1_75' title="bbox 1969 3106 3544 3185; baseline 0.008 -25"><span class='ocrx_word' id='word_1_492' title='bbox 1969 3107 2100 3161; x_wconf 89' lang='lat' dir='ltr'><strong>rint.</strong></span> <span class='ocrx_word' id='word_1_493' title='bbox 2129 3106 2239 3163; x_wconf 89' lang='lat' dir='ltr'><strong>Cur</strong></span> <span class='ocrx_word' id='word_1_494' title='bbox 2278 3119 2458 3164; x_wconf 89' lang='lat' dir='ltr'><strong>autem</strong></span> <span class='ocrx_word' id='word_1_495' title='bbox 2491 3125 2602 3166; x_wconf 85' lang='lat' dir='ltr'><strong>non</strong></span> <span class='ocrx_word' id='word_1_496' title='bbox 2637 3127 2731 3167; x_wconf 88' lang='lat' dir='ltr'><strong>eos</strong></span> <span class='ocrx_word' id='word_1_497' title='bbox 2772 3113 3009 3168; x_wconf 76' lang='lat' dir='ltr'><strong>excitat?</strong></span> <span class='ocrx_word' id='word_1_498' title='bbox 3043 3130 3111 3169; x_wconf 88' lang='lat' dir='ltr'><strong>ne</strong></span> <span class='ocrx_word' id='word_1_499' title='bbox 3157 3115 3271 3185; x_wconf 89' lang='lat' dir='ltr'><strong>jam</strong></span> <span class='ocrx_word' id='word_1_500' title='bbox 3317 3116 3544 3172; x_wconf 77' lang='lat' dir='ltr'><strong>amictus</strong></span> 
     </span>
    </p>
   </div>
   <div class='ocr_carea' id='block_1_76' title="bbox 1968 3199 2190 3272">
    <p class='ocr_par' dir='ltr' id='par_1_76' title="bbox 1968 3199 2190 3272">
     <span class='ocr_line' id='line_1_76' title="bbox 1968 3199 2190 3272; baseline 0 -18"><span class='ocrx_word' id='word_1_501' title='bbox 1968 3199 2190 3272; x_wconf 71' lang='lat' dir='ltr'><strong>adligat.</strong></span> 
     </span>
    </p>
   </div>
   <div class='ocr_carea' id='block_1_77' title="bbox 2045 3310 3549 3391">
    <p class='ocr_par' dir='ltr' id='par_1_77' title="bbox 2045 3310 3549 3391">
     <span class='ocr_line' id='line_1_77' title="bbox 2045 3310 3549 3391; baseline 0.007 -26"><span class='ocrx_word' id='word_1_502' title='bbox 2045 3310 2314 3367; x_wconf 58' lang='lat' dir='ltr'><strong>VensJii.</strong></span> <span class='ocrx_word' id='word_1_503' title='bbox 2349 3313 2458 3368; x_wconf 91' lang='lat' dir='ltr'><strong>Cur</strong></span> <span class='ocrx_word' id='word_1_504' title='bbox 2475 3315 2608 3371; x_wconf 89' lang='lat' dir='ltr'><strong>dicit</strong></span> <span class='ocrx_word' id='word_1_505' title='bbox 2644 3335 2657 3371; x_wconf 92' lang='lat'><strong>:</strong></span> <span class='ocrx_word' id='word_1_506' title='bbox 2696 3317 2932 3373; x_wconf 87' lang='lat' dir='ltr'><strong>Dormite</strong></span> <span class='ocrx_word' id='word_1_507' title='bbox 2948 3319 3069 3389; x_wconf 89' lang='lat' dir='ltr'><strong>jam</strong></span> <span class='ocrx_word' id='word_1_508' title='bbox 3109 3331 3158 3375; x_wconf 89' lang='lat' dir='ltr'><strong>et</strong></span> <span class='ocrx_word' id='word_1_509' title='bbox 3197 3322 3549 3391; x_wconf 79' lang='lat' dir='ltr'><strong>requiescite?</strong></span> 
     </span>
    </p>
   </div>
   <div class='ocr_carea' id='block_1_78' title="bbox 1975 3401 3548 3480">
    <p class='ocr_par' dir='ltr' id='par_1_78' title="bbox 1975 3401 3548 3480">
     <span class='ocr_line' id='line_1_78' title="bbox 1975 3401 3548 3480; baseline 0.01 -25"><span class='ocrx_word' id='word_1_510' title='bbox 1975 3401 2231 3458; x_wconf 83' lang='lat' dir='ltr'><strong>Attamen</strong></span> <span class='ocrx_word' id='word_1_511' title='bbox 2271 3415 2402 3460; x_wconf 90' lang='lat' dir='ltr'><strong>tunc</strong></span> <span class='ocrx_word' id='word_1_512' title='bbox 2437 3409 2665 3478; x_wconf 80' lang='lat' dir='ltr'><strong>vigilare</strong></span> <span class='ocrx_word' id='word_1_513' title='bbox 2695 3411 2985 3480; x_wconf 88' lang='lat' dir='ltr'><strong>oportebat</strong></span> <span class='ocrx_word' id='word_1_514' title='bbox 3024 3415 3159 3468; x_wconf 88' lang='lat' dir='ltr'><strong>:sed</strong></span> <span class='ocrx_word' id='word_1_515' title='bbox 3194 3424 3252 3468; x_wconf 93' lang='lat' dir='ltr'><strong>ut</strong></span> <span class='ocrx_word' id='word_1_516' title='bbox 3293 3417 3548 3470; x_wconf 89' lang='lat' dir='ltr'><strong>ostendat</strong></span> 
     </span>
    </p>
   </div>
   <div class='ocr_carea' id='block_1_79' title="bbox 1918 3497 3544 3579">
    <p class='ocr_par' dir='ltr' id='par_1_79' title="bbox 1918 3497 3544 3579">
     <span class='ocr_line' id='line_1_79' title="bbox 1918 3497 3544 3579; baseline 0.01 -32"><span class='ocrx_word' id='word_1_517' title='bbox 1918 3570 1925 3576; x_wconf 26' lang='lat'>.</span> <span class='ocrx_word' id='word_1_518' title='bbox 1973 3511 2067 3551; x_wconf 87' lang='lat' dir='ltr'><strong>eos</strong></span> <span class='ocrx_word' id='word_1_519' title='bbox 2129 3497 2307 3566; x_wconf 85' lang='lat' dir='ltr'><strong>ipsius</strong></span> <span class='ocrx_word' id='word_1_520' title='bbox 2361 3510 2644 3569; x_wconf 78' lang='lat' dir='ltr'><strong>aspectum</strong></span> <span class='ocrx_word' id='word_1_521' title='bbox 2708 3519 2818 3557; x_wconf 90' lang='lat' dir='ltr'><strong>non</strong></span> <span class='ocrx_word' id='word_1_522' title='bbox 2878 3504 3108 3571; x_wconf 85' lang='lat' dir='ltr'><strong>laturos,</strong></span> <span class='ocrx_word' id='word_1_523' title='bbox 3149 3517 3203 3561; x_wconf 88' lang='lat' dir='ltr'><strong>et</strong></span> <span class='ocrx_word' id='word_1_524' title='bbox 3244 3507 3393 3562; x_wconf 91' lang='lat' dir='ltr'><strong>illum</strong></span> <span class='ocrx_word' id='word_1_525' title='bbox 3433 3511 3544 3579; x_wconf 87' lang='lat' dir='ltr'><strong>jam</strong></span> 
     </span>
    </p>
   </div>
   <div class='ocr_carea' id='block_1_80' title="bbox 1973 3586 3260 3661">
    <p class='ocr_par' dir='ltr' id='par_1_80' title="bbox 1973 3586 3260 3661">
     <span class='ocr_line' id='line_1_80' title="bbox 1973 3586 3260 3661; baseline 0.009 -22"><span class='ocrx_word' id='word_1_526' title='bbox 1973 3586 2118 3639; x_wconf 83' lang='lat' dir='ltr'><strong>tradi</strong></span> <span class='ocrx_word' id='word_1_527' title='bbox 2144 3590 2373 3643; x_wconf 86' lang='lat' dir='ltr'><strong>omnino</strong></span> <span class='ocrx_word' id='word_1_528' title='bbox 2411 3593 2781 3646; x_wconf 84' lang='lat' dir='ltr'><strong>necessarium</strong></span> <span class='ocrx_word' id='word_1_529' title='bbox 2807 3609 2949 3661; x_wconf 88' lang='lat' dir='ltr'><strong>esse,</strong></span> <span class='ocrx_word' id='word_1_530' title='bbox 2985 3598 3087 3649; x_wconf 85' lang='lat' dir='ltr'><strong>hoc</strong></span> <span class='ocrx_word' id='word_1_531' title='bbox 3110 3597 3260 3650; x_wconf 84' lang='lat' dir='ltr'><strong>dicit.</strong></span> 
     </span>
    </p>
   </div>
   <div class='ocr_carea' id='block_1_81' title="bbox 2046 3679 3550 3758">
    <p class='ocr_par' dir='ltr' id='par_1_81' title="bbox 2046 3679 3550 3758">
     <span class='ocr_line' id='line_1_81' title="bbox 2046 3679 3550 3758; baseline 0.009 -25"><span class='ocrx_word' id='word_1_532' title='bbox 2046 3679 2210 3735; x_wconf 77' lang='lat' dir='ltr'><strong>Vens.</strong></span> <span class='ocrx_word' id='word_1_533' title='bbox 2239 3683 2331 3736; x_wconf 74' lang='grc'><strong>46.</strong></span> <span class='ocrx_word' id='word_1_534' title='bbox 2365 3682 2480 3739; x_wconf 89' lang='lat' dir='ltr'><strong>Cur</strong></span> <span class='ocrx_word' id='word_1_535' title='bbox 2507 3685 2639 3740; x_wconf 89' lang='lat' dir='ltr'><strong>dicit</strong></span> <span class='ocrx_word' id='word_1_536' title='bbox 2673 3705 2686 3741; x_wconf 89' lang='lat'><strong>:</strong></span> <span class='ocrx_word' id='word_1_537' title='bbox 2730 3686 2964 3758; x_wconf 79' lang='lat' dir='ltr'><strong>Surgite,</strong></span> <span class='ocrx_word' id='word_1_538' title='bbox 3017 3707 3199 3744; x_wconf 74' lang='lat' dir='ltr'><strong>eamus</strong></span> <span class='ocrx_word' id='word_1_539' title='bbox 3249 3692 3391 3755; x_wconf 76' lang='lat' dir='ltr'><strong>hinc.</strong></span> <span class='ocrx_word' id='word_1_540' title='bbox 3434 3708 3550 3746; x_wconf 79' lang='lat' dir='ltr'><strong>erce</strong></span> 
     </span>
    </p>
   </div>
   <div class='ocr_carea' id='block_1_82' title="bbox 1969 3775 3548 3846">
    <p class='ocr_par' dir='ltr' id='par_1_82' title="bbox 1969 3775 3548 3846">
     <span class='ocr_line' id='line_1_82' title="bbox 1969 3775 3548 3846; baseline 0.011 -23"><span class='ocrx_word' id='word_1_541' title='bbox 1969 3775 2408 3840; x_wconf 70' lang='lat' dir='ltr'><strong>appropinquavit</strong></span> <span class='ocrx_word' id='word_1_542' title='bbox 2439 3779 2530 3846; x_wconf 85' lang='lat' dir='ltr'><strong>qui</strong></span> <span class='ocrx_word' id='word_1_543' title='bbox 2577 3795 2652 3832; x_wconf 78' lang='lat' dir='ltr'><strong>me</strong></span> <span class='ocrx_word' id='word_1_544' title='bbox 2689 3780 2900 3835; x_wconf 84' lang='lat' dir='ltr'><strong>tradet?</strong></span> <span class='ocrx_word' id='word_1_545' title='bbox 2939 3779 3011 3836; x_wconf 88' lang='lat' dir='ltr'><strong>Ut</strong></span> <span class='ocrx_word' id='word_1_546' title='bbox 3047 3783 3298 3838; x_wconf 80' lang='lat' dir='ltr'><strong>ostendat</strong></span> <span class='ocrx_word' id='word_1_547' title='bbox 3349 3801 3408 3840; x_wconf 91' lang='lat' dir='ltr'><strong>se</strong></span> <span class='ocrx_word' id='word_1_548' title='bbox 3441 3801 3548 3840; x_wconf 85' lang='lat' dir='ltr'><strong>non</strong></span> 
     </span>
    </p>
   </div>
   <div class='ocr_carea' id='block_1_83' title="bbox 1970 3863 3552 3945">
    <p class='ocr_par' dir='ltr' id='par_1_83' title="bbox 1970 3863 3552 3945">
     <span class='ocr_line' id='line_1_83' title="bbox 1970 3863 3552 3945; baseline 0.011 -27"><span class='ocrx_word' id='word_1_549' title='bbox 1970 3863 2180 3934; x_wconf 80' lang='lat' dir='ltr'><strong>fugere,</strong></span> <span class='ocrx_word' id='word_1_550' title='bbox 2229 3869 2322 3922; x_wconf 86' lang='lat' dir='ltr'><strong>sed</strong></span> <span class='ocrx_word' id='word_1_551' title='bbox 2384 3873 2566 3936; x_wconf 85' lang='lat' dir='ltr'><strong>potius</strong></span> <span class='ocrx_word' id='word_1_552' title='bbox 2599 3874 2868 3942; x_wconf 87' lang='lat' dir='ltr'><strong>proditori</strong></span> <span class='ocrx_word' id='word_1_553' title='bbox 2933 3877 3151 3932; x_wconf 86' lang='lat' dir='ltr'><strong>obviam</strong></span> <span class='ocrx_word' id='word_1_554' title='bbox 3204 3878 3315 3945; x_wconf 89' lang='lat' dir='ltr'><strong>ire;</strong></span> <span class='ocrx_word' id='word_1_555' title='bbox 3356 3888 3417 3934; x_wconf 95' lang='lat' dir='ltr'><strong>ut</strong></span> <span class='ocrx_word' id='word_1_556' title='bbox 3465 3881 3552 3934; x_wconf 84' lang='lat' dir='ltr'><strong>di-</strong></span> 
     </span>
    </p>
   </div>
   <div class='ocr_carea' id='block_1_84' title="bbox 1971 3960 3548 4031">
    <p class='ocr_par' dir='ltr' id='par_1_84' title="bbox 1971 3960 3548 4031">
     <span class='ocr_line' id='line_1_84' title="bbox 1971 3960 3548 4031; baseline 0.011 -20"><span class='ocrx_word' id='word_1_557' title='bbox 1971 3970 2127 4013; x_wconf 81' lang='lat' dir='ltr'><strong>scant</strong></span> <span class='ocrx_word' id='word_1_558' title='bbox 2179 3960 2312 4013; x_wconf 87' lang='lat' dir='ltr'><strong>illud</strong></span> <span class='ocrx_word' id='word_1_559' title='bbox 2367 3977 2474 4017; x_wconf 86' lang='lat' dir='ltr'><strong>non</strong></span> <span class='ocrx_word' id='word_1_560' title='bbox 2555 3980 2680 4020; x_wconf 78' lang='lat' dir='ltr'><strong>esse</strong></span> <span class='ocrx_word' id='word_1_561' title='bbox 2734 3966 3094 4031; x_wconf 86' lang='lat' dir='ltr'><strong>debilitatem,</strong></span> <span class='ocrx_word' id='word_1_562' title='bbox 3169 3973 3260 4026; x_wconf 91' lang='lat' dir='ltr'><strong>sed</strong></span> <span class='ocrx_word' id='word_1_563' title='bbox 3321 3973 3548 4028; x_wconf 88' lang='lat' dir='ltr'><strong>omnino</strong></span> 
     </span>
    </p>
   </div>
   <div class='ocr_carea' id='block_1_85' title="bbox 1969 4052 3545 4126">
    <p class='ocr_par' dir='ltr' id='par_1_85' title="bbox 1969 4052 3545 4126">
     <span class='ocr_line' id='line_1_85' title="bbox 1969 4052 3545 4126; baseline 0.013 -24"><span class='ocrx_word' id='word_1_564' title='bbox 1969 4052 2336 4119; x_wconf 75' lang='lat' dir='ltr'><strong>excogitatum</strong></span> <span class='ocrx_word' id='word_1_565' title='bbox 2367 4059 2706 4126; x_wconf 83' lang='lat' dir='ltr'><strong>propositum</strong></span> <span class='ocrx_word' id='word_1_566' title='bbox 2731 4077 2745 4125; x_wconf 91' lang='lat'><strong>;</strong></span> <span class='ocrx_word' id='word_1_567' title='bbox 2769 4062 3058 4117; x_wconf 86' lang='lat' dir='ltr'><strong>autdieita</strong></span> <span class='ocrx_word' id='word_1_568' title='bbox 3090 4073 3234 4118; x_wconf 89' lang='lat' dir='ltr'><strong>terra</strong></span> <span class='ocrx_word' id='word_1_569' title='bbox 3259 4067 3324 4119; x_wconf 89' lang='lat' dir='ltr'><strong>ad</strong></span> <span class='ocrx_word' id='word_1_570' title='bbox 3344 4070 3545 4122; x_wconf 76' lang='lat' dir='ltr'><strong>coelum</strong></span> 
     </span>
    </p>
   </div>
   <div class='ocr_carea' id='block_1_86' title="bbox 1976 4142 3497 4226">
    <p class='ocr_par' dir='ltr' id='par_1_86' title="bbox 1976 4142 3497 4226">
     <span class='ocr_line' id='line_1_86' title="bbox 1976 4142 3497 4226; baseline 0.012 -31"><span class='ocrx_word' id='word_1_571' title='bbox 1976 4142 2079 4197; x_wconf 86' lang='lat' dir='ltr'><strong>hos</strong></span> <span class='ocrx_word' id='word_1_572' title='bbox 2105 4145 2197 4212; x_wconf 92' lang='lat' dir='ltr'><strong>qui</strong></span> <span class='ocrx_word' id='word_1_573' title='bbox 2233 4153 2362 4200; x_wconf 85' lang='lat' dir='ltr'><strong>tunc</strong></span> <span class='ocrx_word' id='word_1_574' title='bbox 2397 4158 2629 4203; x_wconf 79' lang='lat' dir='ltr'><strong>erantet</strong></span> <span class='ocrx_word' id='word_1_575' title='bbox 2659 4152 2756 4206; x_wconf 89' lang='lat' dir='ltr'><strong>hos</strong></span> <span class='ocrx_word' id='word_1_576' title='bbox 2788 4153 2880 4220; x_wconf 88' lang='lat' dir='ltr'><strong>qui</strong></span> <span class='ocrx_word' id='word_1_577' title='bbox 2914 4169 3062 4209; x_wconf 90' lang='lat' dir='ltr'><strong>nunc</strong></span> <span class='ocrx_word' id='word_1_578' title='bbox 3097 4165 3226 4209; x_wconf 90' lang='lat' dir='ltr'><strong>sunt</strong></span> <span class='ocrx_word' id='word_1_579' title='bbox 3250 4173 3497 4226; x_wconf 81' lang='lat' dir='ltr'><strong>surgere.</strong></span> 
     </span>
    </p>
   </div>
   <div class='ocr_carea' id='block_1_87' title="bbox 2046 4252 3548 4324">
    <p class='ocr_par' dir='ltr' id='par_1_87' title="bbox 2046 4252 3548 4324">
     <span class='ocr_line' id='line_1_87' title="bbox 2046 4252 3548 4324; baseline 0.013 -19"><span class='ocrx_word' id='word_1_580' title='bbox 2046 4252 2208 4307; x_wconf 68' lang='lat' dir='ltr'><strong>Vens.</strong></span> <span class='ocrx_word' id='word_1_581' title='bbox 2240 4254 2330 4307; x_wconf 71' lang='grc'><strong>47.</strong></span> <span class='ocrx_word' id='word_1_582' title='bbox 2357 4255 2494 4308; x_wconf 84' lang='lat' dir='ltr'><strong>Cum</strong></span> <span class='ocrx_word' id='word_1_583' title='bbox 2522 4257 2716 4323; x_wconf 86' lang='lat' dir='ltr'><strong>gladiis</strong></span> <span class='ocrx_word' id='word_1_584' title='bbox 2747 4270 2800 4311; x_wconf 86' lang='lat' dir='ltr'><strong>et</strong></span> <span class='ocrx_word' id='word_1_585' title='bbox 2826 4258 3342 4318; x_wconf 78' lang='lat' dir='ltr'><strong>fustibusdicuntur</strong></span> <span class='ocrx_word' id='word_1_586' title='bbox 3363 4269 3548 4324; x_wconf 86' lang='lat' dir='ltr'><strong>venire</strong></span> 
     </span>
    </p>
   </div>
   <div class='ocr_carea' id='block_1_88' title="bbox 283 4343 1865 4421">
    <p class='ocr_par' dir='ltr' id='par_1_88' title="bbox 283 4345 1865 4421">
     <span class='ocr_line' id='line_1_88' title="bbox 283 4345 1865 4421; baseline -0.001 -19"><span class='ocrx_word' id='word_1_587' title='bbox 283 4350 402 4402; x_wconf 75' lang='grc' dir='ltr'>τῶν</span> <span class='ocrx_word' id='word_1_588' title='bbox 430 4349 642 4417; x_wconf 78' lang='grc' dir='ltr'>ἱερέων,</span> <span class='ocrx_word' id='word_1_589' title='bbox 693 4347 963 4401; x_wconf 77' lang='grc' dir='ltr'>διδάσκων</span> <span class='ocrx_word' id='word_1_590' title='bbox 999 4348 1074 4411; x_wconf 85' lang='grc' dir='ltr'>ὡς</span> <span class='ocrx_word' id='word_1_591' title='bbox 1124 4349 1349 4402; x_wconf 81' lang='grc' dir='ltr'>τοιαῦτα</span> <span class='ocrx_word' id='word_1_592' title='bbox 1392 4345 1461 4421; x_wconf 82' lang='grc' dir='ltr'>ἦν</span> <span class='ocrx_word' id='word_1_593' title='bbox 1500 4349 1572 4402; x_wconf 78' lang='grc' dir='ltr'>τὰ</span> <span class='ocrx_word' id='word_1_594' title='bbox 1619 4349 1865 4418; x_wconf 76' lang='grc' dir='ltr'>ἱερατικά</span> 
     </span>
    </p>
   </div>
   <div class='ocr_carea' id='block_1_89' title="bbox 1989 4343 3545 4421">
    <p class='ocr_par' dir='ltr' id='par_1_89' title="bbox 1989 4343 3545 4415">
     <span class='ocr_line' id='line_1_89' title="bbox 1989 4343 3545 4415; baseline 0.013 -20"><span class='ocrx_word' id='word_1_595' title='bbox 1989 4343 2065 4412; x_wconf 61' lang='lat' dir='ltr'><strong>lui</strong></span> <span class='ocrx_word' id='word_1_596' title='bbox 2127 4345 2281 4400; x_wconf 90' lang='lat' dir='ltr'><strong>missi</strong></span> <span class='ocrx_word' id='word_1_597' title='bbox 2333 4357 2460 4400; x_wconf 89' lang='lat' dir='ltr'><strong>sunt</strong></span> <span class='ocrx_word' id='word_1_598' title='bbox 2509 4362 2538 4399; x_wconf 90' lang='lat' dir='ltr'><strong>a</strong></span> <span class='ocrx_word' id='word_1_599' title='bbox 2595 4351 2996 4414; x_wconf 85' lang='lat' dir='ltr'><strong>sacerdotibus,</strong></span> <span class='ocrx_word' id='word_1_600' title='bbox 3046 4355 3118 4407; x_wconf 87' lang='lat' dir='ltr'><strong>ad</strong></span> <span class='ocrx_word' id='word_1_601' title='bbox 3146 4359 3545 4415; x_wconf 88' lang='lat' dir='ltr'><strong>ostemlendmn</strong></span> 
     </span>
    </p>
   </div>
   <div class='ocr_carea' id='block_1_90' title="bbox 287 4441 1350 4511">
    <p class='ocr_par' dir='ltr' id='par_1_90' title="bbox 287 4441 1350 4511">
     <span class='ocr_line' id='line_1_90' title="bbox 287 4441 1350 4511; baseline 0.001 -16"><span class='ocrx_word' id='word_1_602' title='bbox 287 4441 471 4495; x_wconf 76' lang='grc' dir='ltr'>αὐτῶν</span> <span class='ocrx_word' id='word_1_603' title='bbox 502 4441 672 4511; x_wconf 83' lang='grc' dir='ltr'>σκεύη</span> <span class='ocrx_word' id='word_1_604' title='bbox 703 4442 798 4494; x_wconf 80' lang='grc' dir='ltr'><strong>καὶ</strong></span> <span class='ocrx_word' id='word_1_605' title='bbox 827 4441 1110 4510; x_wconf 83' lang='grc' dir='ltr'>κωμῳδῶν</span> <span class='ocrx_word' id='word_1_606' title='bbox 1129 4443 1350 4506; x_wconf 79' lang='grc' dir='ltr'>αὐτούς.</span> 
     </span>
    </p>
   </div>
   <div class='ocr_carea' id='block_1_91' title="bbox 264 4613 1868 4702">
    <p class='ocr_par' dir='ltr' id='par_1_91' title="bbox 264 4613 1868 4702">
     <span class='ocr_line' id='line_1_91' title="bbox 264 4613 1868 4702; baseline -0.001 -17"><span class='ocrx_word' id='word_1_607' title='bbox 264 4613 272 4618; x_wconf 32' lang='grc'><strong><em>³</em></strong></span> <span class='ocrx_word' id='word_1_608' title='bbox 360 4633 459 4685; x_wconf 77' lang='grc' dir='ltr'><strong>Διὰ</strong></span> <span class='ocrx_word' id='word_1_609' title='bbox 495 4631 550 4684; x_wconf 86' lang='grc' dir='ltr'><strong>τί</strong></span> <span class='ocrx_word' id='word_1_610' title='bbox 583 4633 807 4702; x_wconf 81' lang='grc' dir='ltr'>σημεῖον</span> <span class='ocrx_word' id='word_1_611' title='bbox 829 4629 1063 4684; x_wconf 80' lang='grc' dir='ltr'>δέδωκεν</span> <span class='ocrx_word' id='word_1_612' title='bbox 1088 4631 1117 4683; x_wconf 89' lang='grc' dir='ltr'><strong>ό</strong></span> <span class='ocrx_word' id='word_1_613' title='bbox 1138 4631 1405 4702; x_wconf 81' lang='grc' dir='ltr'>προδότης</span> <span class='ocrx_word' id='word_1_614' title='bbox 1443 4647 1458 4695; x_wconf 91' lang='grc'>;</span> <span class='ocrx_word' id='word_1_615' title='bbox 1487 4631 1631 4684; x_wconf 82' lang='grc' dir='ltr'>Διότι</span> <span class='ocrx_word' id='word_1_616' title='bbox 1665 4629 1868 4684; x_wconf 83' lang='grc' dir='ltr'>πολλά-</span> 
     </span>
    </p>
   </div>
   <div class='ocr_carea' id='block_1_92' title="bbox 289 4723 1590 4795">
    <p class='ocr_par' dir='ltr' id='par_1_92' title="bbox 289 4723 1590 4795">
     <span class='ocr_line' id='line_1_92' title="bbox 289 4723 1590 4795; baseline -0.002 -15"><span class='ocrx_word' id='word_1_617' title='bbox 289 4743 380 4788; x_wconf 86' lang='grc' dir='ltr'><strong>κις</strong></span> <span class='ocrx_word' id='word_1_618' title='bbox 408 4724 796 4794; x_wconf 64' lang='grc' dir='ltr'>κατασχεθεὶς,</span> <span class='ocrx_word' id='word_1_619' title='bbox 825 4723 1044 4792; x_wconf 76' lang='grc' dir='ltr'>διῆλθεν</span> <span class='ocrx_word' id='word_1_620' title='bbox 1068 4725 1154 4777; x_wconf 81' lang='grc' dir='ltr'>διὰ</span> <span class='ocrx_word' id='word_1_621' title='bbox 1187 4726 1354 4795; x_wconf 76' lang='grc' dir='ltr'>μέσον</span> <span class='ocrx_word' id='word_1_622' title='bbox 1386 4725 1590 4778; x_wconf 80' lang='grc' dir='ltr'>αὐτῶν.</span> 
     </span>
    </p>
   </div>
   <div class='ocr_carea' id='block_1_93' title="bbox 360 4812 1860 4886">
    <p class='ocr_par' dir='ltr' id='par_1_93' title="bbox 360 4812 1860 4886">
     <span class='ocr_line' id='line_1_93' title="bbox 360 4812 1860 4886; baseline 0 -16"><span class='ocrx_word' id='word_1_623' title='bbox 360 4820 462 4871; x_wconf 69' lang='grc' dir='ltr'><strong>Διὰ</strong></span> <span class='ocrx_word' id='word_1_624' title='bbox 516 4819 572 4871; x_wconf 88' lang='grc' dir='ltr'><strong>τί</strong></span> <span class='ocrx_word' id='word_1_625' title='bbox 609 4814 783 4880; x_wconf 79' lang='grc' dir='ltr'>εἶπεν,</span> <span class='ocrx_word' id='word_1_626' title='bbox 829 4817 1061 4884; x_wconf 79' lang='grc' dir='ltr'>Ἑταῖρε</span> <span class='ocrx_word' id='word_1_627' title='bbox 1105 4817 1198 4885; x_wconf 65' lang='grc' dir='ltr'><strong>ἐφ’</strong></span> <span class='ocrx_word' id='word_1_628' title='bbox 1247 4812 1294 4883; x_wconf 83' lang='grc' dir='ltr'>ᾧ</span> <span class='ocrx_word' id='word_1_629' title='bbox 1343 4818 1556 4885; x_wconf 76' lang='grc' dir='ltr'>πάρει;</span> <span class='ocrx_word' id='word_1_630' title='bbox 1613 4819 1685 4870; x_wconf 85' lang='grc' dir='ltr'>Τὸ</span> <span class='ocrx_word' id='word_1_631' title='bbox 1738 4818 1860 4886; x_wconf 83' lang='grc' dir='ltr'>μὲν,</span> 
     </span>
    </p>
   </div>
   <div class='ocr_carea' id='block_1_94' title="bbox 287 4907 1870 4981">
    <p class='ocr_par' dir='ltr' id='par_1_94' title="bbox 287 4907 1870 4981">
     <span class='ocr_line' id='line_1_94' title="bbox 287 4907 1870 4981; baseline -0.003 -14"><span class='ocrx_word' id='word_1_632' title='bbox 287 4911 500 4981; x_wconf 73' lang='grc' dir='ltr'>ἑταῖρε,</span> <span class='ocrx_word' id='word_1_633' title='bbox 537 4909 711 4974; x_wconf 73' lang='grc' dir='ltr'>εἶπεν,</span> <span class='ocrx_word' id='word_1_634' title='bbox 741 4911 881 4964; x_wconf 80' lang='grc' dir='ltr'>ὥστε</span> <span class='ocrx_word' id='word_1_635' title='bbox 931 4909 1190 4980; x_wconf 66' lang='grc' dir='ltr'>ἐντρέψαι</span> <span class='ocrx_word' id='word_1_636' title='bbox 1243 4912 1444 4963; x_wconf 79' lang='grc' dir='ltr'>αὐτόν’</span> <span class='ocrx_word' id='word_1_637' title='bbox 1481 4911 1542 4962; x_wconf 75' lang='grc' dir='ltr'>τὸ</span> <span class='ocrx_word' id='word_1_638' title='bbox 1566 4912 1641 4974; x_wconf 78' lang='grc' dir='ltr'>δὲ,</span> <span class='ocrx_word' id='word_1_639' title='bbox 1698 4912 1791 4979; x_wconf 58' lang='grc' dir='ltr'><strong>ἐφ’</strong></span> <span class='ocrx_word' id='word_1_640' title='bbox 1821 4907 1870 4981; x_wconf 82' lang='grc' dir='ltr'><strong>ᾧ</strong></span> 
     </span>
    </p>
   </div>
   <div class='ocr_carea' id='block_1_95' title="bbox 290 5001 1871 5074">
    <p class='ocr_par' dir='ltr' id='par_1_95' title="bbox 290 5001 1871 5074">
     <span class='ocr_line' id='line_1_95' title="bbox 290 5001 1871 5074; baseline 0.001 -16"><span class='ocrx_word' id='word_1_641' title='bbox 290 5005 468 5072; x_wconf 79' lang='grc' dir='ltr'>πάρει</span> <span class='ocrx_word' id='word_1_642' title='bbox 501 5006 626 5069; x_wconf 84' lang='grc' dir='ltr'>;δτι</span> <span class='ocrx_word' id='word_1_643' title='bbox 667 5004 803 5072; x_wconf 70' lang='grc' dir='ltr'><strong>Οὐχὶ</strong></span> <span class='ocrx_word' id='word_1_644' title='bbox 831 5003 1056 5071; x_wconf 80' lang='grc' dir='ltr'>ἀγάπης</span> <span class='ocrx_word' id='word_1_645' title='bbox 1094 5001 1282 5072; x_wconf 83' lang='grc' dir='ltr'>σκοπῷ</span> <span class='ocrx_word' id='word_1_646' title='bbox 1314 5003 1473 5055; x_wconf 78' lang='grc' dir='ltr'>τοῦτο</span> <span class='ocrx_word' id='word_1_647' title='bbox 1527 5003 1681 5074; x_wconf 80' lang='grc' dir='ltr'>δρᾷς,</span> <span class='ocrx_word' id='word_1_648' title='bbox 1733 5006 1871 5060; x_wconf 78' lang='grc' dir='ltr'>ἀλλὰ</span> 
     </span>
    </p>
   </div>
   <div class='ocr_carea' id='block_1_96' title="bbox 290 5097 746 5170">
    <p class='ocr_par' dir='ltr' id='par_1_96' title="bbox 290 5097 746 5170">
     <span class='ocr_line' id='line_1_96' title="bbox 290 5097 746 5170; baseline 0.004 -20"><span class='ocrx_word' id='word_1_649' title='bbox 290 5100 505 5170; x_wconf 73' lang='grc' dir='ltr'>πονηρᾷ</span> <span class='ocrx_word' id='word_1_650' title='bbox 530 5097 746 5170; x_wconf 79' lang='grc' dir='ltr'>γνώμῃ.</span> 
     </span>
    </p>
   </div>
   <div class='ocr_carea' id='block_1_97' title="bbox 362 5185 1862 5259">
    <p class='ocr_par' dir='ltr' id='par_1_97' title="bbox 362 5185 1862 5259">
     <span class='ocr_line' id='line_1_97' title="bbox 362 5185 1862 5259; baseline 0.003 -17"><span class='ocrx_word' id='word_1_651' title='bbox 362 5189 535 5242; x_wconf 79' lang='grc' dir='ltr'>Πόθεν</span> <span class='ocrx_word' id='word_1_652' title='bbox 562 5185 708 5258; x_wconf 78' lang='grc' dir='ltr'>εἶχεν</span> <span class='ocrx_word' id='word_1_653' title='bbox 742 5188 1016 5259; x_wconf 84' lang='grc' dir='ltr'>μάχαιραν</span> <span class='ocrx_word' id='word_1_654' title='bbox 1047 5188 1285 5258; x_wconf 81' lang='grc' dir='ltr'>Πέτρος;</span> <span class='ocrx_word' id='word_1_655' title='bbox 1335 5188 1469 5242; x_wconf 77' lang='grc' dir='ltr'>Ἀπὸ</span> <span class='ocrx_word' id='word_1_656' title='bbox 1518 5190 1612 5242; x_wconf 80' lang='grc' dir='ltr'>τοῦ</span> <span class='ocrx_word' id='word_1_657' title='bbox 1644 5193 1862 5246; x_wconf 85' lang='grc' dir='ltr'>δείπνου</span> 
     </span>
    </p>
   </div>
   <div class='ocr_carea' id='block_1_98' title="bbox 284 5281 1262 5352">
    <p class='ocr_par' dir='ltr' id='par_1_98' title="bbox 284 5281 1262 5352">
     <span class='ocr_line' id='line_1_98' title="bbox 284 5281 1262 5352; baseline 0 -16"><span class='ocrx_word' id='word_1_658' title='bbox 284 5281 384 5336; x_wconf 80' lang='grc' dir='ltr'><strong>τοῦ</strong></span> <span class='ocrx_word' id='word_1_659' title='bbox 418 5281 673 5350; x_wconf 75' lang='grc' dir='ltr'>νομικοῦο</span> <span class='ocrx_word' id='word_1_660' title='bbox 715 5282 900 5348; x_wconf 82' lang='grc' dir='ltr'>ἀρνίον</span> <span class='ocrx_word' id='word_1_661' title='bbox 930 5281 1038 5352; x_wconf 87' lang='grc' dir='ltr'>γὰρ</span> <span class='ocrx_word' id='word_1_662' title='bbox 1070 5282 1262 5348; x_wconf 75' lang='grc' dir='ltr'>ἔφαγε.</span> 
     </span>
    </p>
   </div>
   <div class='ocr_carea' id='block_1_99' title="bbox 358 5368 1865 5445">
    <p class='ocr_par' dir='ltr' id='par_1_99' title="bbox 358 5368 1865 5445">
     <span class='ocr_line' id='line_1_99' title="bbox 358 5368 1865 5445; baseline 0.005 -21"><span class='ocrx_word' id='word_1_663' title='bbox 358 5373 517 5434; x_wconf 85' lang='grc' dir='ltr'>Τίνος</span> <span class='ocrx_word' id='word_1_664' title='bbox 548 5372 709 5442; x_wconf 84' lang='grc' dir='ltr'>χάριν</span> <span class='ocrx_word' id='word_1_665' title='bbox 741 5368 892 5424; x_wconf 83' lang='grc' dir='ltr'>εἶπεν</span> <span class='ocrx_word' id='word_1_666' title='bbox 911 5410 927 5434; x_wconf 86' lang='grc'><strong>,</strong></span> <span class='ocrx_word' id='word_1_667' title='bbox 970 5373 1052 5426; x_wconf 83' lang='grc' dir='ltr'>ὅτι</span> <span class='ocrx_word' id='word_1_668' title='bbox 1086 5371 1315 5438; x_wconf 77' lang='grc' dir='ltr'>Πάντες</span> <span class='ocrx_word' id='word_1_669' title='bbox 1351 5375 1406 5426; x_wconf 77' lang='lat' dir='ltr'><strong>oi</strong></span> <span class='ocrx_word' id='word_1_670' title='bbox 1435 5376 1726 5440; x_wconf 73' lang='grc' dir='ltr'>λαϐόντες</span> <span class='ocrx_word' id='word_1_671' title='bbox 1751 5377 1865 5445; x_wconf 80' lang='grc' dir='ltr'><strong>μά-</strong></span> 
     </span>
    </p>
   </div>
   <div class='ocr_carea' id='block_1_100' title="bbox 287 5465 1869 5538">
    <p class='ocr_par' dir='ltr' id='par_1_100' title="bbox 287 5465 1869 5538">
     <span class='ocr_line' id='line_1_100' title="bbox 287 5465 1869 5538; baseline 0.002 -20"><span class='ocrx_word' id='word_1_672' title='bbox 287 5481 525 5536; x_wconf 80' lang='grc' dir='ltr'>χαιραν,</span> <span class='ocrx_word' id='word_1_673' title='bbox 553 5465 623 5518; x_wconf 80' lang='grc' dir='ltr'>ἐν</span> <span class='ocrx_word' id='word_1_674' title='bbox 645 5466 909 5534; x_wconf 80' lang='grc' dir='ltr'>μαχαίρᾳ</span> <span class='ocrx_word' id='word_1_675' title='bbox 939 5465 1380 5519; x_wconf 80' lang='grc' dir='ltr'>ἀποθανοῦνται</span> <span class='ocrx_word' id='word_1_676' title='bbox 1403 5481 1420 5527; x_wconf 91' lang='grc'><strong><em>;</em></strong></span> <span class='ocrx_word' id='word_1_677' title='bbox 1447 5466 1586 5529; x_wconf 71' lang='grc' dir='ltr'>Τοὺς</span> <span class='ocrx_word' id='word_1_678' title='bbox 1624 5469 1869 5538; x_wconf 78' lang='grc' dir='ltr'>μαθητὰς</span> 
     </span>
    </p>
   </div>
   <div class='ocr_carea' id='block_1_101' title="bbox 287 5557 1866 5628">
    <p class='ocr_par' dir='ltr' id='par_1_101' title="bbox 287 5557 1866 5628">
     <span class='ocr_line' id='line_1_101' title="bbox 287 5557 1866 5628; baseline 0.001 -15"><span class='ocrx_word' id='word_1_679' title='bbox 287 5557 791 5628; x_wconf 78' lang='grc' dir='ltr'>παραμυθούμενος</span> <span class='ocrx_word' id='word_1_680' title='bbox 836 5561 902 5628; x_wconf 83' lang='grc' dir='ltr'>τῇ</span> <span class='ocrx_word' id='word_1_681' title='bbox 944 5558 1183 5627; x_wconf 82' lang='grc' dir='ltr'>τιμωρίᾳ</span> <span class='ocrx_word' id='word_1_682' title='bbox 1233 5558 1341 5610; x_wconf 84' lang='grc' dir='ltr'><strong>τῶν</strong></span> <span class='ocrx_word' id='word_1_683' title='bbox 1382 5558 1866 5615; x_wconf 68' lang='grc' dir='ltr'>ἐπιϐουλευόντων*</span> 
     </span>
    </p>
   </div>
   <div class='ocr_carea' id='block_1_102' title="bbox 287 5647 1868 5721">
    <p class='ocr_par' dir='ltr' id='par_1_102' title="bbox 287 5647 1868 5721">
     <span class='ocr_line' id='line_1_102' title="bbox 287 5647 1868 5721; baseline 0.003 -19"><span class='ocrx_word' id='word_1_684' title='bbox 287 5647 402 5718; x_wconf 72' lang='grc' dir='ltr'><strong>ἐγὼ</strong></span> <span class='ocrx_word' id='word_1_685' title='bbox 449 5647 505 5700; x_wconf 79' lang='grc' dir='ltr'>δὲ</span> <span class='ocrx_word' id='word_1_686' title='bbox 559 5649 702 5717; x_wconf 88' lang='grc' dir='ltr'>λέγω</span> <span class='ocrx_word' id='word_1_687' title='bbox 755 5651 836 5702; x_wconf 86' lang='grc' dir='ltr'><strong>ὄτι</strong></span> <span class='ocrx_word' id='word_1_688' title='bbox 880 5651 974 5703; x_wconf 70' lang='grc' dir='ltr'><strong>καὶ</strong></span> <span class='ocrx_word' id='word_1_689' title='bbox 1031 5649 1216 5702; x_wconf 78' lang='grc' dir='ltr'>πολλοὶ</span> <span class='ocrx_word' id='word_1_690' title='bbox 1255 5648 1414 5702; x_wconf 78' lang='grc' dir='ltr'>τοῦτο</span> <span class='ocrx_word' id='word_1_691' title='bbox 1471 5651 1772 5721; x_wconf 80' lang='grc' dir='ltr'>πάσχουσιν</span> <span class='ocrx_word' id='word_1_692' title='bbox 1818 5657 1868 5706; x_wconf 87' lang='grc' dir='ltr'><strong>οἱ</strong></span> 
     </span>
    </p>
   </div>
   <div class='ocr_carea' id='block_1_103' title="bbox 289 5740 1866 5810">
    <p class='ocr_par' dir='ltr' id='par_1_103' title="bbox 289 5740 1866 5810">
     <span class='ocr_line' id='line_1_103' title="bbox 289 5740 1866 5810; baseline 0.001 -17"><span class='ocrx_word' id='word_1_693' title='bbox 289 5740 530 5805; x_wconf 72' lang='grc' dir='ltr'>δρῶντες</span> <span class='ocrx_word' id='word_1_694' title='bbox 552 5759 564 5771; x_wconf 85' lang='grc'>·</span> <span class='ocrx_word' id='word_1_695' title='bbox 593 5743 640 5796; x_wconf 87' lang='grc' dir='ltr'><strong>εί</strong></span> <span class='ocrx_word' id='word_1_696' title='bbox 669 5741 726 5796; x_wconf 79' lang='grc' dir='ltr'>δὲ</span> <span class='ocrx_word' id='word_1_697' title='bbox 745 5743 826 5808; x_wconf 75' lang='grc' dir='ltr'><strong>τὸ,</strong></span> <span class='ocrx_word' id='word_1_698' title='bbox 857 5742 1098 5808; x_wconf 79' lang='grc' dir='ltr'>πάντες,</span> <span class='ocrx_word' id='word_1_699' title='bbox 1141 5742 1368 5810; x_wconf 80' lang='grc' dir='ltr'>πρόσκει</span> <span class='ocrx_word' id='word_1_700' title='bbox 1392 5759 1492 5809; x_wconf 79' lang='grc' dir='ltr'>ται,</span> <span class='ocrx_word' id='word_1_701' title='bbox 1525 5743 1644 5796; x_wconf 74' lang='grc' dir='ltr'>ἀντὶ</span> <span class='ocrx_word' id='word_1_702' title='bbox 1673 5743 1787 5808; x_wconf 76' lang='grc' dir='ltr'>τοῦ,</span> <span class='ocrx_word' id='word_1_703' title='bbox 1819 5747 1866 5795; x_wconf 81' lang='lat' dir='ltr'><strong>oi</strong></span> 
     </span>
    </p>
   </div>
   <div class='ocr_carea' id='block_1_104' title="bbox 1898 4425 3551 4516">
    <p class='ocr_par' dir='ltr' id='par_1_104' title="bbox 1898 4425 3551 4516">
     <span class='ocr_line' id='line_1_104' title="bbox 1898 4425 3551 4516; baseline 0.009 -25"><span class='ocrx_word' id='word_1_704' title='bbox 1898 4435 1944 4491; x_wconf 89' lang='lat' dir='ltr'><strong>D</strong></span> <span class='ocrx_word' id='word_1_705' title='bbox 1977 4437 2136 4491; x_wconf 89' lang='lat' dir='ltr'><strong>talem</strong></span> <span class='ocrx_word' id='word_1_706' title='bbox 2168 4425 2297 4491; x_wconf 81' lang='lat' dir='ltr'><strong>esse</strong></span> <span class='ocrx_word' id='word_1_707' title='bbox 2328 4439 2721 4494; x_wconf 87' lang='lat' dir='ltr'><strong>sacerdotalem</strong></span> <span class='ocrx_word' id='word_1_708' title='bbox 2755 4456 2946 4496; x_wconf 88' lang='lat' dir='ltr'><strong>eorum</strong></span> <span class='ocrx_word' id='word_1_709' title='bbox 2982 4457 3303 4516; x_wconf 78' lang='lat' dir='ltr'><strong>apparatum</strong></span> <span class='ocrx_word' id='word_1_710' title='bbox 3336 4435 3389 4504; x_wconf 86' lang='lat' dir='ltr'><strong>et</strong></span> <span class='ocrx_word' id='word_1_711' title='bbox 3422 4451 3551 4505; x_wconf 84' lang='lat' dir='ltr'><strong>irri-</strong></span> 
     </span>
    </p>
   </div>
   <div class='ocr_carea' id='block_1_105' title="bbox 1976 4528 2358 4583">
    <p class='ocr_par' dir='ltr' id='par_1_105' title="bbox 1976 4528 2358 4583">
     <span class='ocr_line' id='line_1_105' title="bbox 1976 4528 2358 4583; baseline 0 0"><span class='ocrx_word' id='word_1_712' title='bbox 1976 4528 2214 4583; x_wconf 78' lang='lat' dir='ltr'><strong>dentium</strong></span> <span class='ocrx_word' id='word_1_713' title='bbox 2229 4535 2358 4583; x_wconf 81' lang='lat' dir='ltr'><strong>eos.</strong></span> 
     </span>
    </p>
   </div>
   <div class='ocr_carea' id='block_1_106' title="bbox 2047 4618 3553 4708">
    <p class='ocr_par' dir='ltr' id='par_1_106' title="bbox 2047 4618 3553 4708">
     <span class='ocr_line' id='line_1_106' title="bbox 2047 4618 3553 4708; baseline 0.013 -35"><span class='ocrx_word' id='word_1_714' title='bbox 2047 4618 2333 4708; x_wconf 65' lang='lat' dir='ltr'><strong>Vens.48.</strong></span> <span class='ocrx_word' id='word_1_715' title='bbox 2365 4620 2479 4677; x_wconf 88' lang='lat' dir='ltr'><strong>Cur</strong></span> <span class='ocrx_word' id='word_1_716' title='bbox 2505 4623 2718 4694; x_wconf 85' lang='lat' dir='ltr'><strong>signum</strong></span> <span class='ocrx_word' id='word_1_717' title='bbox 2755 4627 2903 4682; x_wconf 90' lang='lat' dir='ltr'><strong>dedit</strong></span> <span class='ocrx_word' id='word_1_718' title='bbox 2937 4632 3214 4699; x_wconf 87' lang='lat' dir='ltr'><strong>proditor?</strong></span> <span class='ocrx_word' id='word_1_719' title='bbox 3239 4636 3376 4701; x_wconf 81' lang='lat' dir='ltr'><strong>Quia</strong></span> <span class='ocrx_word' id='word_1_720' title='bbox 3409 4653 3553 4708; x_wconf 61' lang='lat' dir='ltr'><strong>saepe</strong></span> 
     </span>
    </p>
   </div>
   <div class='ocr_carea' id='block_1_107' title="bbox 1973 4716 3343 4791">
    <p class='ocr_par' dir='ltr' id='par_1_107' title="bbox 1973 4716 3343 4791">
     <span class='ocr_line' id='line_1_107' title="bbox 1973 4716 3343 4791; baseline 0.009 -20"><span class='ocrx_word' id='word_1_721' title='bbox 1973 4716 2428 4784; x_wconf 84' lang='lat' dir='ltr'><strong>comprehensus,</strong></span> <span class='ocrx_word' id='word_1_722' title='bbox 2460 4720 2709 4774; x_wconf 76' lang='lat' dir='ltr'><strong>transivit</strong></span> <span class='ocrx_word' id='word_1_723' title='bbox 2736 4737 2832 4791; x_wconf 89' lang='lat' dir='ltr'><strong>per</strong></span> <span class='ocrx_word' id='word_1_724' title='bbox 2853 4725 3091 4780; x_wconf 88' lang='lat' dir='ltr'><strong>medium</strong></span> <span class='ocrx_word' id='word_1_725' title='bbox 3132 4744 3343 4784; x_wconf 89' lang='lat' dir='ltr'><strong>eorum.</strong></span> 
     </span>
    </p>
   </div>
   <div class='ocr_carea' id='block_1_108' title="bbox 2048 4808 3550 4892">
    <p class='ocr_par' dir='ltr' id='par_1_108' title="bbox 2048 4808 3550 4892">
     <span class='ocr_line' id='line_1_108' title="bbox 2048 4808 3550 4892; baseline 0.013 -31"><span class='ocrx_word' id='word_1_726' title='bbox 2048 4808 2212 4864; x_wconf 66' lang='lat' dir='ltr'><strong>Vens.</strong></span> <span class='ocrx_word' id='word_1_727' title='bbox 2252 4810 2339 4863; x_wconf 82' lang='lat'><strong>50.</strong></span> <span class='ocrx_word' id='word_1_728' title='bbox 2378 4811 2490 4866; x_wconf 82' lang='lat' dir='ltr'><strong>Cur</strong></span> <span class='ocrx_word' id='word_1_729' title='bbox 2529 4813 2704 4867; x_wconf 88' lang='lat' dir='ltr'><strong>dicit:</strong></span> <span class='ocrx_word' id='word_1_730' title='bbox 2754 4818 2954 4883; x_wconf 80' lang='lat' dir='ltr'><strong>Amice,</strong></span> <span class='ocrx_word' id='word_1_731' title='bbox 3008 4820 3076 4871; x_wconf 79' lang='lat' dir='ltr'><strong>ad</strong></span> <span class='ocrx_word' id='word_1_732' title='bbox 3135 4823 3260 4892; x_wconf 85' lang='lat' dir='ltr'><strong>quid</strong></span> <span class='ocrx_word' id='word_1_733' title='bbox 3322 4825 3550 4882; x_wconf 75' lang='lat' dir='ltr'><strong>venisti!</strong></span> 
     </span>
    </p>
   </div>
   <div class='ocr_carea' id='block_1_109' title="bbox 1974 4901 3552 4985">
    <p class='ocr_par' dir='ltr' id='par_1_109' title="bbox 1974 4901 3552 4985">
     <span class='ocr_line' id='line_1_109' title="bbox 1974 4901 3552 4985; baseline 0.01 -30"><span class='ocrx_word' id='word_1_734' title='bbox 1974 4901 2135 4968; x_wconf 88' lang='lat' dir='ltr'><strong>Dicit,</strong></span> <span class='ocrx_word' id='word_1_735' title='bbox 2167 4905 2357 4968; x_wconf 81' lang='lat' dir='ltr'><strong>amice,</strong></span> <span class='ocrx_word' id='word_1_736' title='bbox 2394 4913 2453 4958; x_wconf 90' lang='lat' dir='ltr'><strong>ut</strong></span> <span class='ocrx_word' id='word_1_737' title='bbox 2487 4905 2638 4960; x_wconf 92' lang='lat' dir='ltr'><strong>illum</strong></span> <span class='ocrx_word' id='word_1_738' title='bbox 2697 4920 3016 4979; x_wconf 84' lang='lat' dir='ltr'><strong>convertat;</strong></span> <span class='ocrx_word' id='word_1_739' title='bbox 3052 4923 3125 4979; x_wconf 90' lang='lat' dir='ltr'><strong>et,</strong></span> <span class='ocrx_word' id='word_1_740' title='bbox 3177 4919 3246 4967; x_wconf 80' lang='lat' dir='ltr'><strong>ad</strong></span> <span class='ocrx_word' id='word_1_741' title='bbox 3291 4917 3418 4985; x_wconf 82' lang='lat' dir='ltr'><strong>quid</strong></span> <span class='ocrx_word' id='word_1_742' title='bbox 3467 4933 3552 4971; x_wconf 82' lang='lat' dir='ltr'><strong>ve-</strong></span> 
     </span>
    </p>
   </div>
   <div class='ocr_carea' id='block_1_110' title="bbox 1971 4995 3547 5081">
    <p class='ocr_par' dir='ltr' id='par_1_110' title="bbox 1971 4995 3547 5081">
     <span class='ocr_line' id='line_1_110' title="bbox 1971 4995 3547 5081; baseline 0.011 -34"><span class='ocrx_word' id='word_1_743' title='bbox 1971 4997 2302 5064; x_wconf 74' lang='lat' dir='ltr'><strong>nisti?quasi</strong></span> <span class='ocrx_word' id='word_1_744' title='bbox 2329 4997 2566 5052; x_wconf 89' lang='lat' dir='ltr'><strong>diceret:</strong></span> <span class='ocrx_word' id='word_1_745' title='bbox 2588 4995 2702 5053; x_wconf 86' lang='lat' dir='ltr'><strong>Non</strong></span> <span class='ocrx_word' id='word_1_746' title='bbox 2730 5001 3015 5059; x_wconf 83' lang='lat' dir='ltr'><strong>cltaritatis</strong></span> <span class='ocrx_word' id='word_1_747' title='bbox 3041 5021 3205 5061; x_wconf 89' lang='lat' dir='ltr'><strong>causa</strong></span> <span class='ocrx_word' id='word_1_748' title='bbox 3243 5009 3372 5063; x_wconf 89' lang='lat' dir='ltr'><strong>illud</strong></span> <span class='ocrx_word' id='word_1_749' title='bbox 3406 5010 3547 5081; x_wconf 82' lang='lat' dir='ltr'><strong>agis,</strong></span> 
     </span>
    </p>
   </div>
   <div class='ocr_carea' id='block_1_111' title="bbox 1970 5090 2701 5160">
    <p class='ocr_par' dir='ltr' id='par_1_111' title="bbox 1970 5090 2701 5160">
     <span class='ocr_line' id='line_1_111' title="bbox 1970 5090 2701 5160; baseline 0.003 -16"><span class='ocrx_word' id='word_1_750' title='bbox 1970 5090 2066 5145; x_wconf 87' lang='lat' dir='ltr'><strong>sed</strong></span> <span class='ocrx_word' id='word_1_751' title='bbox 2107 5091 2342 5160; x_wconf 85' lang='lat' dir='ltr'><strong>maligna</strong></span> <span class='ocrx_word' id='word_1_752' title='bbox 2378 5090 2701 5146; x_wconf 89' lang='lat' dir='ltr'><strong>intentione.</strong></span> 
     </span>
    </p>
   </div>
   <div class='ocr_carea' id='block_1_112' title="bbox 2043 5180 3543 5257">
    <p class='ocr_par' dir='ltr' id='par_1_112' title="bbox 2043 5180 3543 5257">
     <span class='ocr_line' id='line_1_112' title="bbox 2043 5180 3543 5257; baseline 0.006 -22"><span class='ocrx_word' id='word_1_753' title='bbox 2043 5180 2212 5236; x_wconf 73' lang='lat' dir='ltr'><strong>Vens.</strong></span> <span class='ocrx_word' id='word_1_754' title='bbox 2241 5183 2329 5236; x_wconf 83' lang='lat'><strong>5|.</strong></span> <span class='ocrx_word' id='word_1_755' title='bbox 2369 5182 2522 5238; x_wconf 88' lang='lat' dir='ltr'><strong>Unde</strong></span> <span class='ocrx_word' id='word_1_756' title='bbox 2549 5183 2784 5241; x_wconf 86' lang='lat' dir='ltr'><strong>habebat</strong></span> <span class='ocrx_word' id='word_1_757' title='bbox 2808 5188 3046 5257; x_wconf 83' lang='lat' dir='ltr'><strong>gladium</strong></span> <span class='ocrx_word' id='word_1_758' title='bbox 3071 5189 3299 5244; x_wconf 83' lang='lat' dir='ltr'><strong>Petrus?</strong></span> <span class='ocrx_word' id='word_1_759' title='bbox 3327 5189 3543 5245; x_wconf 72' lang='lat' dir='ltr'><strong>Ecmua</strong></span> 
     </span>
    </p>
   </div>
   <div class='ocr_carea' id='block_1_113' title="bbox 1971 5277 2959 5346">
    <p class='ocr_par' dir='ltr' id='par_1_113' title="bbox 1971 5277 2959 5346">
     <span class='ocr_line' id='line_1_113' title="bbox 1971 5277 2959 5346; baseline 0.006 -15"><span class='ocrx_word' id='word_1_760' title='bbox 1971 5277 2129 5346; x_wconf 85' lang='lat' dir='ltr'><strong>legali</strong></span> <span class='ocrx_word' id='word_1_761' title='bbox 2157 5293 2172 5341; x_wconf 91' lang='lat'>;</span> <span class='ocrx_word' id='word_1_762' title='bbox 2211 5291 2413 5346; x_wconf 88' lang='lat' dir='ltr'><strong>agnum</strong></span> <span class='ocrx_word' id='word_1_763' title='bbox 2450 5277 2595 5331; x_wconf 92' lang='lat' dir='ltr'><strong>enim</strong></span> <span class='ocrx_word' id='word_1_764' title='bbox 2626 5281 2959 5336; x_wconf 87' lang='lat' dir='ltr'><strong>comederat.</strong></span> 
     </span>
    </p>
   </div>
   <div class='ocr_carea' id='block_1_114' title="bbox 2045 5363 3547 5442">
    <p class='ocr_par' dir='ltr' id='par_1_114' title="bbox 2045 5363 3547 5442">
     <span class='ocr_line' id='line_1_114' title="bbox 2045 5363 3547 5442; baseline 0.004 -22"><span class='ocrx_word' id='word_1_765' title='bbox 2045 5363 2212 5421; x_wconf 69' lang='lat' dir='ltr'><strong>Vens.</strong></span> <span class='ocrx_word' id='word_1_766' title='bbox 2243 5367 2332 5420; x_wconf 71' lang='lat'><strong>52.</strong></span> <span class='ocrx_word' id='word_1_767' title='bbox 2361 5366 2533 5436; x_wconf 82' lang='lat' dir='ltr'><strong>Cujus</strong></span> <span class='ocrx_word' id='word_1_768' title='bbox 2556 5381 2721 5424; x_wconf 84' lang='lat' dir='ltr'><strong>causa</strong></span> <span class='ocrx_word' id='word_1_769' title='bbox 2751 5371 2888 5426; x_wconf 86' lang='lat' dir='ltr'><strong>dicit</strong></span> <span class='ocrx_word' id='word_1_770' title='bbox 2921 5391 2934 5427; x_wconf 93' lang='lat'><strong>:</strong></span> <span class='ocrx_word' id='word_1_771' title='bbox 2975 5371 3167 5426; x_wconf 76' lang='lat' dir='ltr'><strong>Omnes</strong></span> <span class='ocrx_word' id='word_1_772' title='bbox 3203 5373 3294 5441; x_wconf 85' lang='lat' dir='ltr'><strong>qui</strong></span> <span class='ocrx_word' id='word_1_773' title='bbox 3334 5387 3547 5442; x_wconf 84' lang='lat' dir='ltr'><strong>accepe-</strong></span> 
     </span>
    </p>
   </div>
   <div class='ocr_carea' id='block_1_115' title="bbox 1972 5459 3546 5534">
    <p class='ocr_par' dir='ltr' id='par_1_115' title="bbox 1972 5459 3546 5534">
     <span class='ocr_line' id='line_1_115' title="bbox 1972 5459 3546 5534; baseline 0.006 -24"><span class='ocrx_word' id='word_1_774' title='bbox 1972 5459 2079 5511; x_wconf 84' lang='lat' dir='ltr'><strong>rint</strong></span> <span class='ocrx_word' id='word_1_775' title='bbox 2105 5459 2365 5528; x_wconf 85' lang='lat' dir='ltr'><strong>gladium,</strong></span> <span class='ocrx_word' id='word_1_776' title='bbox 2391 5460 2571 5530; x_wconf 81' lang='lat' dir='ltr'><strong>gladio</strong></span> <span class='ocrx_word' id='word_1_777' title='bbox 2595 5463 2882 5532; x_wconf 84' lang='lat' dir='ltr'><strong>peribunt?</strong></span> <span class='ocrx_word' id='word_1_778' title='bbox 2905 5466 3205 5534; x_wconf 84' lang='lat' dir='ltr'><strong>discipulos</strong></span> <span class='ocrx_word' id='word_1_779' title='bbox 3239 5477 3295 5520; x_wconf 92' lang='lat' dir='ltr'><strong>ut</strong></span> <span class='ocrx_word' id='word_1_780' title='bbox 3326 5477 3546 5521; x_wconf 79' lang='lat' dir='ltr'><strong>moneat</strong></span> 
     </span>
    </p>
   </div>
   <div class='ocr_carea' id='block_1_116' title="bbox 1971 5552 3545 5624">
    <p class='ocr_par' dir='ltr' id='par_1_116' title="bbox 1971 5552 3545 5624">
     <span class='ocr_line' id='line_1_116' title="bbox 1971 5552 3545 5624; baseline 0.003 -19"><span class='ocrx_word' id='word_1_781' title='bbox 1971 5552 2256 5622; x_wconf 84' lang='lat' dir='ltr'><strong>punitione</strong></span> <span class='ocrx_word' id='word_1_782' title='bbox 2310 5552 2546 5607; x_wconf 79' lang='lat' dir='ltr'><strong>violenta</strong></span> <span class='ocrx_word' id='word_1_783' title='bbox 2613 5557 2965 5623; x_wconf 90' lang='lat' dir='ltr'><strong>patrantium.</strong></span> <span class='ocrx_word' id='word_1_784' title='bbox 3040 5555 3152 5624; x_wconf 73' lang='lat' dir='ltr'><strong>Ego</strong></span> <span class='ocrx_word' id='word_1_785' title='bbox 3225 5573 3353 5611; x_wconf 79' lang='lat' dir='ltr'><strong>vero</strong></span> <span class='ocrx_word' id='word_1_786' title='bbox 3422 5557 3545 5611; x_wconf 80' lang='lat' dir='ltr'><strong>dico</strong></span> 
     </span>
    </p>
   </div>
   <div class='ocr_carea' id='block_1_117' title="bbox 1975 5637 3548 5714">
    <p class='ocr_par' dir='ltr' id='par_1_117' title="bbox 1975 5637 3548 5714">
     <span class='ocr_line' id='line_1_117' title="bbox 1975 5637 3548 5714; baseline 0.002 -17"><span class='ocrx_word' id='word_1_787' title='bbox 1975 5643 2176 5697; x_wconf 84' lang='lat' dir='ltr'><strong>inultos</strong></span> <span class='ocrx_word' id='word_1_788' title='bbox 2212 5643 2263 5698; x_wconf 91' lang='lat' dir='ltr'><strong>id</strong></span> <span class='ocrx_word' id='word_1_789' title='bbox 2299 5646 2410 5712; x_wconf 88' lang='lat' dir='ltr'><strong>pati</strong></span> <span class='ocrx_word' id='word_1_790' title='bbox 2444 5646 2586 5714; x_wconf 91' lang='lat' dir='ltr'><strong>quod</strong></span> <span class='ocrx_word' id='word_1_791' title='bbox 2617 5637 2862 5709; x_wconf 78' lang='lat' dir='ltr'><strong>faciunt;</strong></span> <span class='ocrx_word' id='word_1_792' title='bbox 2904 5646 2946 5700; x_wconf 91' lang='lat' dir='ltr'><strong>si</strong></span> <span class='ocrx_word' id='word_1_793' title='bbox 2977 5657 3160 5701; x_wconf 89' lang='lat' dir='ltr'><strong>autem</strong></span> <span class='ocrx_word' id='word_1_794' title='bbox 3207 5665 3382 5702; x_wconf 63' lang='lat' dir='ltr'><strong>omnes</strong></span> <span class='ocrx_word' id='word_1_795' title='bbox 3412 5649 3548 5702; x_wconf 84' lang='lat' dir='ltr'><strong>dici-</strong></span> 
     </span>
    </p>
   </div>
   <div class='ocr_carea' id='block_1_118' title="bbox 1975 5736 3545 5813">
    <p class='ocr_par' dir='ltr' id='par_1_118' title="bbox 1975 5736 3545 5813">
     <span class='ocr_line' id='line_1_118' title="bbox 1975 5736 3545 5813; baseline 0.001 -22"><span class='ocrx_word' id='word_1_796' title='bbox 1975 5755 2084 5802; x_wconf 81' lang='lat' dir='ltr'><strong>tur,</strong></span> <span class='ocrx_word' id='word_1_797' title='bbox 2114 5753 2212 5807; x_wconf 85' lang='lat' dir='ltr'><strong>pro</strong></span> <span class='ocrx_word' id='word_1_798' title='bbox 2244 5736 2430 5792; x_wconf 86' lang='lat' dir='ltr'><strong>multis</strong></span> <span class='ocrx_word' id='word_1_799' title='bbox 2461 5738 2873 5808; x_wconf 83' lang='lat' dir='ltr'><strong>intelligendum</strong></span> <span class='ocrx_word' id='word_1_800' title='bbox 2899 5748 3001 5796; x_wconf 87' lang='lat' dir='ltr'><strong>est.</strong></span> <span class='ocrx_word' id='word_1_801' title='bbox 3030 5739 3278 5798; x_wconf 80' lang='lat' dir='ltr'><strong>Etexteri</strong></span> <span class='ocrx_word' id='word_1_802' title='bbox 3302 5753 3545 5813; x_wconf 79' lang='lat' dir='ltr'><strong>quoque,</strong></span> 
     </span>
    </p>
   </div>
  </div>
