3920 6206
474 264 608 329 116⁵1

1181 266 1571 326 OPUSCULA
1616 264 2057 325 SCRIPTURIS

2179 265 2249 323 Ἀ
2290 265 2638 326 ΙΝΕΕΒΤᾸΞ
2670 264 2978 326 ΑΞΤΑΤΙΒ.

3608 262 3743 326 1168

468 384 655 435 avibus
679 380 939 445 omnibus,
977 380 1230 442 dicendo,
1283 396 1381 449 pro
1432 379 1635 442 multis,
1682 378 1925 432 omnibus
1966 377 2051 431 in-

2179 377 2359 443 ιολλοὶ,
2386 379 2494 448 χρὴ
2516 380 2679 431 νοεῖν·
2708 379 2800 430 καὶ
2828 379 2878 430 oi
2907 377 3011 443 ἔξω
3035 378 3163 447 γὰρ,
3190 375 3465 430 σιω-οἷσί
3491 391 3555 428 τε
3570 375 3741 441 ⁸πᾶσι,

474 475 741 543 telligunt.

547 567 711 621 Vens.
744 565 833 620 5'7.
864 565 945 619 Ad
986 548 1251 632 Caipham
1286 563 1441 617 illum
1478 564 1774 629 duxerunt,
1814 577 1882 618 eo
1909 563 2052 631 quod

472 668 593 711 erat
619 656 898 710 sacerdos.
931 654 1023 709 Sic
1047 666 1229 709 autem
1256 654 1656 724 peruectabant
1677 661 1733 708 et
1758 653 2054 723 vigilabant

475 752 701 813 interea,
749 758 808 803 ut
839 764 944 806 non
995 747 1348 802 comedereut
1401 758 1531 802 tunc
1582 746 1813 811 Pascha,
1853 747 1945 801 sed
1999 748 2051 800 in

472 842 641 894 altera
669 840 758 893 die
804 858 817 893 ;
862 838 984 893 ideo
1014 846 1068 891 et
1104 838 1158 889 in
1192 837 1295 891 hoc
1330 836 1501 904 legem
1542 836 1819 891 solverant
1855 835 1924 887 ob
1954 847 2053 887 cu-

474 912 757 999 piditatem
792 926 1097 983 homicidii.
1134 926 1275 980 Dicit
1306 927 1451 979 enim
1478 928 1739 991 Joannes,
1764 926 1911 994 quod
1938 935 2052 977 erat

474 1036 660 1089 mane,
696 1030 749 1075 et
774 1020 963 1089 adjicit
997 1037 1010 1072 :
1045 1018 1165 1072 Non
1200 1019 1514 1072 introierunt
1541 1018 1594 1069 in
1632 1018 1962 1085 prwtorium,
1995 1026 2052 1069 ut

476 1132 577 1167 non
608 1114 1127 1177 contaminarentur,
1165 1112 1255 1165 sed
1284 1123 1338 1163 ut
1388 1111 1771 1163 manducareut
1824 1109 2053 1165 Pascha.

474 1204 591 1261 Non
616 1208 761 1261 enim
798 1206 1120 1259 violavisset
1160 1202 1413 1258 Christus
1453 1202 1625 1270 legem
1676 1202 2056 1257 manducando

473 1296 683 1351 Pascha
717 1297 772 1350 in
807 1311 1053 1365 vespera,
1081 1296 1404 1365 priusquam
1437 1308 1578 1365 Opus
1608 1293 1770 1349 foret.

553 1385 711 1440 Vens.
741 1385 829 1439 60.
872 1384 1157 1451 Quomodo
1209 1393 1339 1439 sunt
1395 1383 1514 1439 falsi
1596 1394 1763 1438 testes
1810 1383 1861 1437 in
1893 1382 2021 1437 Chri

478 1480 778 1532 stttm?Ab
820 1496 885 1533 eo
935 1480 1078 1547 quod
1128 1480 1315 1534 dicunt
1371 1479 1489 1533 illi:
1536 1477 1761 1533 Possum
1793 1480 2061 1534 destruere

483 1572 729 1640 templum
764 1572 879 1625 Dei.
910 1570 1025 1626 Non
1073 1571 1217 1625 enim
1250 1571 1374 1625 talia
1403 1571 1766 1637 dixerat,sed,
1800 1572 2061 1626 Destruite

483 1665 730 1733 templum
763 1665 928 1719 istud.
965 1663 1083 1718 Non
1120 1674 1301 1718 autem
1348 1664 1414 1718 de
1444 1664 1644 1733 templo
1680 1664 1837 1729 dixit,
1869 1664 1961 1718 sed
1994 1664 2060 1718 de

481 1772 709 1826 corpore
736 1773 867 1823 suo;
898 1757 1052 1811 testis
1080 1772 1210 1811 vero
1228 1756 1369 1812 scire
1398 1756 1559 1811 debet
1607 1756 2054 1826 significationem
2092 1733 2131 1789 Β

480 1850 628 1904 verbi
662 1850 805 1918 quod
846 1850 1051 1904 dictum
1077 1858 1183 1905 est.

551 1941 829 1996 \’Et.s.63.
873 1942 984 1997 Cur
1018 1941 1230 1996 tacebat
1283 1941 1645 2011 interrogatus
1692 1955 1722 1994 a
1772 1941 2059 2010 pontifice?

478 2034 613 2099 Quia
661 2034 911 2087 insanum
964 2044 1081 2088 erat
1145 2033 1250 2087 tale
1295 2032 1587 2103 judicium,
1635 2032 1785 2086 nullo
1828 2033 1936 2085 alio
1962 2048 2059 2085 an-

478 2127 861 2196 tlientejudicc
886 2138 979 2181 aut
1008 2141 1326 2192 assessore;
1362 2128 1568 2181 etenim
1604 2128 1890 2183 tribunalis
1919 2129 2058 2183 ratio

479 2236 584 2272 non
606 2229 721 2271 erat
749 2220 850 2272 alia
877 2234 939 2271 at:
977 2219 1249 2272 latronqu
1277 2234 1415 2272 mos.

554 2310 716 2365 Vens.
767 2310 857 2364 65.
929 2309 1105 2364 Scidit
1196 2312 1525 2365 vestimenta
1590 2328 1713 2375 sua,
1787 2313 2056 2367 acriorem

477 2404 886 2457 accusationem
981 2401 1208 2464 faciens,
1292 2414 1346 2456 et
1432 2420 1685 2473 magnum
1774 2406 2059 2461 ostendere

480 2496 685 2550 tualum
713 2495 900 2549 volens
925 2495 1069 2564 quod
1091 2494 1295 2548 dictum
1322 2504 1458 2549 erat.
1488 2494 1652 2549 FXUIII
1678 2511 1806 2566 ergo
1833 2511 2059 2551 act-usa-

478 2591 623 2636 tores
658 2581 840 2646 iidem,
876 2582 1034 2635 iidem
1060 2580 1296 2651 iudices,
1327 2584 1488 2638 iidem
1518 2586 1839 2639 sententiam
1874 2584 2057 2641 feren-

479 2683 582 2737 tes,
610 2673 789 2727 omnia
817 2674 980 2727 iidem
1006 2675 1157 2729 liunt.

551 2762 719 2819 Vens.
746 2764 832 2819 (56.
864 2764 973 2819 Cur
1029 2765 1167 2819 clam
1212 2781 1318 2821 non
1352 2766 1717 2822 abstulerant?
1754 2767 1890 2835 Quia
1913 2770 2059 2825 vole-

479 2856 611 2911 bant
638 2866 692 2911 et
726 2858 791 2909 de
845 2870 910 2911 eo
958 2856 1271 2926 opinionem
1315 2859 1635 2927 destruere;
1682 2862 1827 2931 quod
1871 2872 2055 2917 autem

480 2960 803 3017 potestatem
838 2949 1127 3003 habuerint
1162 2950 1245 3004 vel
1298 2952 1400 3021 ipsi
1432 2953 1534 3007 soli
1583 2970 1707 3008 eum
1748 2956 2054 3020 auferendi,

482 3042 608 3097 attdi
659 3041 891 3095 Pilatum
948 3042 1079 3112 quid
1152 3043 1297 3098 dicat
1344 3063 1357 3099 :

480 3136 765 3191 secundum
792 3135 955 3205 legem
982 3144 1208 3188 vestram
1227 3136 1471 3205 judicate
1494 3154 1634 3191 eum.

554 3229 719 3282 \‘ens.
757 3231 845 3283 (i7.
889 3227 1001 3282 Cur
1033 3228 1182 3282 illum
1237 3241 1479 3284 mactare
1534 3230 1815 3295 debentes,
1857 3248 2061 3299 expue-

482 3326 613 3379 bant
637 3326 687 3377 iu
731 3323 923 3377 faciem
982 3322 1145 3391 ejus?
1176 3319 1256 3377 Ob
1283 3338 1415 3378 suos
1444 3324 1736 3379 insolentes
1806 3340 1987 3379 mores
2007 3333 2061 3378 et

483 3433 741 3486 tttagttuttt
774 3416 960 3469 odium

553 3508 713 3563 Vens.
746 3509 836 3563 (38.
871 3506 1151 3562 Cedentes
1174 3508 1428 3561 dicebant
1460 3525 1472 3559 :
1507 3505 1830 3575 I’rapltetiza
1883 3506 2055 3571 nobis,

478 3602 597 3669 quis
628 3610 705 3654 est
735 3601 823 3669 qui
884 3608 931 3651 te
956 3600 1235 3668 percussit.
1271 3596 1383 3652 Hoc
1441 3605 1622 3652 autem
1682 3597 1952 3651 faciebant
1994 3612 2061 3653 eo

478 3693 623 3761 quod
679 3692 942 3761 propheta
994 3691 1287 3744 diceretur.
1336 3687 1491 3743 Alius
1522 3703 1653 3742 vero
1724 3689 2056 3757 evangelista

478 3787 616 3839 dixit
647 3799 744 3841 eos
774 3783 967 3838 faciem
992 3783 1112 3854 ejus
1132 3782 1441 3836 velamento
1476 3780 1758 3851 operuisse
1783 3790 1841 3835 ut
1863 3798 2059 3851 percu-

480 3885 674 3931 ωνριιι.

555 3970 717 4022 \‘ens.
780 3968 869 4022 75.
916 3966 1205 4033 Quomodo
1257 3966 1540 4020 Matthaeus
1588 3973 1853 4018 memorat
1900 3963 2059 4018 Chri-

479 4069 621 4112 stum
652 4056 810 4111 Petro
836 4056 1075 4111 dixisse:
1103 4056 1405 4125 Antequam
1437 4055 1610 4124 gallus
1639 4062 1840 4114 cantet.
1864 4061 1945 4107 ter
1973 4069 2059 4108 me

2158 471 2429 537 λέγοντες.
2462 471 2583 523 ἀντὶ
2612 471 2727 536 τοῦ,
2752 472 3026 535 πολλοῖς,
3061 469 3275 522 νοοῦσιν
3298 470 3459 522 αὐτό.

2230 559 2373 630 Πρὸς
2398 562 2659 629 Καῐάφαν
2692 560 2857 613 αὑτὸν
2881 562 3194 629 ἀπήγαγον,
3226 558 3420 629 ἐπειδὴ
3444 560 3659 621 ἐκεῖνος
3682 553 3745 628 ἦν

2159 653 2374 724 ίερεύς’
2433 652 2576 706 οὕτω
2613 653 2669 705 δὲ
2717 654 3073 721 ἐνυκτέρευον
3126 652 3221 704 καὶ
3268 651 3601 721 ἠγρύπνουν
3664 653 3746 704 ἐπὶ

2156 744 2367 815 τούτῳ,
2399 743 2472 807 ὡς
2509 744 2584 815 μὴ
2617 748 2815 813 φαγεῖν
2850 745 2968 797 τότε
3004 744 3063 797 τὸ
3101 746 3313 812 Πάσια,
3348 744 3472 796 ἀλλ’
3503 747 3564 795 ἐν
3594 746 3749 815 ἑτέρᾳ

2159 837 2342 908 ἡμέρα
2363 854 2377 869 ’
2405 836 2486 889 διὸ
2512 837 2605 890 καὶ
2637 838 2695 888 ἐν
2725 835 2899 907 τούτῳ
2922 836 3012 889 τὸν
3034 837 3196 904 νόμον
3228 835 3431 888 ἔλυσαν
3457 836 3528 888 δι’
3559 838 3747 888 ἐπιθυ-

2161 928 2293 997 μίαν
2325 927 2562 995 σφαγῆς*
2594 921 2749 979 εἶπεν
2786 926 2895 997 γὰρ
2923 928 2951 979 6
2998 926 3251 997 Ἰωάννης
3285 928 3372 978 ὅτι
3416 928 3617 995 πρωῖα
3661 922 3744 995 ἧν,

2160 1024 2253 1075 καὶ
2281 1024 2598 1091 ἐπήγαγεν,
2635 1024 2757 1077 Οὐκ
2794 1019 3087 1088 εἰσῆλθον
3128 1024 3215 1086 είς
3256 1022 3325 1073 τὸ
3357 1020 3744 1088 πραιτώριον,

2159 1114 2258 1165 ἵνα
2285 1113 2372 1183 μὴ
2397 1114 2754 1183 μιανθῶσιν,
2791 1115 2930 1169 ἀλλ’
2963 1115 3064 1167 ἶνα
3096 1114 3373 1184 φάγωσιν
3413 1115 3486 1167 τὸ
3509 1114 3744 1181 Πάσχαο

2158 1208 2219 1259 οὐ
2247 1208 2357 1278 γὰρ
2386 1208 2454 1263 ἂν
2482 1210 2511 1261 ὀ
2541 1207 2776 1279 Χριστὸς
2815 1207 3031 1279 παρέϐη
3071 1206 3162 1260 τὸν
3190 1207 3358 1277 νόμον
3386 1207 3592 1275 φαγὼν
3624 1206 3747 1259 αὐτὸ

2156 1300 2225 1368 τῇ
2256 1298 2464 1369 ἑσπέρᾳ
2500 1298 2606 1367 πρὸ
2640 1297 2734 1350 τοῦ
2770 1298 3000 1360 δέοντος.

2232 1390 2355 1453 Πῶς
2388 1391 2496 1443 είσι
2531 1390 2979 1461 ψευδομάρτυρες
3007 1390 3059 1444 οί
3097 1388 3240 1443 κατά
3283 1390 3535 1459 Χριστοῦ
3564 1405 3582 1454 ;
3625 1388 3748 1443 ’Δεὺ

2159 1483 2253 1536 τοῦ
2286 1483 2466 1551 λέγειν
2500 1481 2726 1546 αὐτούς·
2763 1483 3027 1551 Δύναμαι
3065 1482 3407 1536 καταλῦσαι
3445 1482 3564 1535 τὸν
3607 1482 3750 1533 ναὸν

2159 1575 2266 1629 τοῦ
2304 1574 2453 1630 Θεοῦ
2475 1592 2493 1605 ·
2524 1575 2599 1629 Οὑ
2628 1576 2737 1645 γὰρ
2766 1570 2917 1627 εἶπεν
2946 1575 3140 1639 οὕτως,
3175 1574 3334 1640 ἀλλὰ,
3362 1574 3621 1628 Λύσατε
3652 1576 3749 1625 τίν

2161 1666 2313 1719 ναὸν
2338 1666 2555 1721 τοῦτον
2582 1683 2595 1696 ·
2631 1665 2755 1719 οὔτε
2780 1666 2836 1719 δὲ
2878 1665 3040 1720 πάλιν
3086 1664 3215 1735 περὶ
3259 1664 3354 1718 τοῦ
3400 1665 3539 1718 ναοῦ
3580 1661 3748 1726 εἶπεν,

2162 1760 2298 1814 ἀλλὰ
2330 1759 2573 1830 περὶτοῦ
2610 1758 2861 1829 σώματος
2894 1757 3089 1812 αὐτοῦ’
3137 1760 3165 1812 6
3196 1758 3252 1810 δὲ
3290 1754 3631 1829 μαρτυρῶν,
3662 1758 3750 1810 τὸν

2160 1854 2285 1908 νοῦν
2313 1854 2405 1908 τοῦ
2439 1854 2732 1923 λεγομένου
2768 1852 2933 1922 ῥητοῦ
2965 1852 3162 1905 ειδέναι
3194 1850 3360 1903 θέλει.

2231 1946 2331 1999 Διά
2371 1946 2424 1999 τί
2455 1944 2665 1999 ἐσιώπα
2715 1944 2820 1998 ὑπὸ
2862 1943 2954 1997 τοῦ
2997 1944 3301 2014 ἀρχιερέως
3344 1944 3751 2014 ἐρωτώμενος,

2162 2039 2285 2092 Ὀτι
2311 2034 2516 2109 ἀνόητα
2549 2029 2618 2107 ἦν
2652 2037 2719 2091 τὰ
2752 2036 2851 2105 τῆς
2895 2036 3163 2104 κρίσεως,
3198 2034 3419 2097 οὐδενὸς
3454 2033 3754 2096 ἀκούοντος

2161 2131 2322 2185 ἄλλου
2369 2129 2553 2201 κριτοῦ
2588 2129 2621 2199 ἥ
2670 2125 2966 2198 συγκριτοῦ
2996 2142 3011 2157 °
3047 2128 3143 2180 καὶ
3174 2126 3284 2196 γὰρ
3313 2126 3373 2179 τὸ
3412 2127 3517 2196 μὲν
3573 2128 3752 2197 σχῆμα

2160 2222 2512 2293 δικαστηρίου
2542 2216 2610 2292 ἦν
2641 2220 2805 2291 μόνον
2824 2259 2839 2285 ,
2875 2220 2903 2272 6
2930 2219 2987 2273 δέ
3018 2219 3218 2289 τρόπος
3255 2218 3500 2292 λῃστῶν.

2230 2316 2525 2386 Διέρρηξεν
2583 2313 2649 2365 τὰ
2701 2310 2896 2380 ίμάτια
2950 2310 3159 2375 αὑτοῦ,
3211 2310 3605 2379 σφοδροτέραν
3661 2310 3751 2376 τὴν

2161 2411 2497 2478 κατηγορίαν
2519 2405 2709 2470 ποιῶν,
2738 2403 2832 2457 καὶ
2860 2402 3003 2475 μέγα
3027 2401 3194 2455 κακὸν
3222 2400 3397 2468 δεῖξαι
3424 2398 3751 2471 βουλὸμενος

2160 2502 2221 2553 τὸ
2267 2499 2579 2571 εἰρημένον.
2617 2497 2861 2550 Γίνονται
2917 2489 3010 2549 οὖν
3062 2494 3216 2548 αὐτοὶ
3264 2492 3753 2556 καταδικάζοντες,

2162 2594 2319 2646 αὐτοὶ
2352 2590 2665 2661 κρίνοντες,
2723 2587 2880 2640 αὐτοὶ
2928 2585 3329 2656 ψηφιζόμενοι,
3370 2583 3569 2635 πάντα
3611 2583 3757 2637 αὐτοὶ

2162 2684 2459 2753 γινόμενοι.

2232 2775 2331 2827 Διά
2353 2773 2404 2825 τί
2429 2772 2601 2843 λάθρα
2620 2772 2721 2825 οὐκ
2749 2770 2958 2825 ἀνεῖλον
2979 2768 3142 2823 αὐτόν
3164 2784 3179 2834 ;
3214 2768 3441 2841 Ἐπειδὴ
3468 2768 3757 2823 ἐϐούλοντο

2162 2868 2257 2921 καὶ
2286 2866 2389 2937 τὴν
2422 2864 2581 2931 δόξαν
2625 2863 2790 2917 αὐτοῦ
2836 2861 3109 2915 διαϐαλεῖν
3129 2877 3143 2891 '
3179 2862 3260 2913 ὅτι
3289 2858 3346 2913 δὲ
3390 2861 3659 2924 ἐξουσίαν
3690 2858 3760 2913 εί·

2162 2976 2257 3029 χον
2284 2956 2378 3011 καὶ
2406 2956 2561 3009 αὐτοὶ
2590 2955 2743 3024 μόνοι
2768 2954 2930 3008 αὐτὸν
2964 2954 3198 3015 ἀνελεῖν,
3234 2952 3478 3007 ἄκουσον
3509 2955 3566 3007 τί
3597 2954 3757 3006 [lali-

1425 3045 1658 3115 Accipite
1703 3063 1821 3101 eum
1848 3062 1935 3102 eos
2008 3058 2056 3102 et

2179 3068 2257 3115 ιος
2281 3051 2452 3119 λέγει·
2481 3048 2701 3103 Λάϐετε
2724 3048 2911 3102 αὑτὸν
2931 3047 3027 3101 καί
3056 3047 3207 3101 κατά
3236 3048 3346 3100 τὸν
3367 3050 3577 3117 νόμον
3602 3046 3759 3117 ὑμῶν

2165 3144 2403 3212 κρίναιέ
2436 3143 2642 3196 αὐτόν.

2235 3238 2333 3290 Διὰ
2361 3237 2417 3289 τί
2445 3236 2693 3306 ἀναιρεῖν
2737 3234 3025 3304 μέλλοντες
3058 3232 3242 3295 αὐτὸν,
3276 3231 3556 3285 ἐνέπτυον
3590 3234 3671 3295 είς
3702 3232 3759 3283 τὸ

2164 3332 2456 3403 πρόσωπον
2487 3327 2687 3389 αὐτοῦς
2722 3327 2821 3381 Διά
2863 3327 2956 3381 τὸν
2993 3325 3294 3382 ἀκόλαστον
3324 3324 3544 3395 τρόπον
3580 3322 3756 3377 αἰττῶ

2163 3425 2258 3478 καὶ
2278 3422 2369 3475 τὸν
2400 3421 2568 3475 πολὺν
2604 3420 2819 3489 φθόνον.

2232 3512 2491 3575 Παίοντες
2516 3510 2730 3577 ἔλεγον*
2761 3507 3197 3577 Προφήτευσον
3227 3505 3376 3575 ἡμῖν
3400 3508 3496 3571 τίς
3527 3507 3703 3560 ἐστιν
3725 3510 3753 3558 ό

2163 3605 2389 3670 παίσας
2411 3619 2484 3657 σε
2508 3618 2522 3632 ⁸
2553 3600 2713 3654 τοῦτο
2741 3601 2796 3654 δὲ
2830 3600 3051 3654 ἐποίουν
3075 3599 3164 3652 διὰ
3197 3598 3257 3651 τὸ
3290 3597 3564 3665 λέγεσθαι
3598 3599 3753 3651 αὐτὸν

2162 3696 2487 3765 προφήτην·
2516 3692 2705 3760 ἕτερος
2741 3690 2798 3744 δὲ
2837 3690 2946 3742 τῶν
2991 3687 3399 3756 εὐαγγελιστῶν
3454 3706 3632 3757 φησιν
3678 3690 3754 3739 ὅτι

2162 3785 2577 3856 περιϐάλλοντες
2614 3784 2673 3835 τὸ
2705 3783 2995 3853 πρόσωπον
3028 3780 3195 3836 αὑτοῦ
3219 3780 3296 3849 τῷ
3328 3780 3566 3850 ίματίῳ,
3587 3779 3753 3834 ταῦτα

2160 3876 2399 3930 ἐποίουν.

2229 3967 2352 4029 Πῶς
2370 3969 2398 4020 6
2428 3966 2525 4036 μὲν
2552 3965 2829 4027 Ματθαῖός
2856 3980 3041 4034 φησιν,
3072 3963 3154 4017 ὅτι
3174 3957 3326 4015 εἶπεν
3346 3963 3377 4015 6
3412 3963 3659 4031 Χριστος
3680 3961 3750 4029 τῷ

2162 4060 2383 4129 Πέτρην
2414 4058 2564 4125 Πρὶν
2591 4057 2884 4124 ἀλέκτορα
2934 4056 3213 4125 φωνῆσαι
3243 4055 3369 4121 τρὶς
3412 4054 3749 4121 ἀπαρνήσῃ

482 4148 755 4218 negabis;
798 4147 1015 4203 Marcus
1064 4159 1244 4201 autem
1290 4147 1423 4200 dicit
1472 4145 1561 4199 ubi
1619 4145 1785 4199 semel
1848 4154 2054 4201 tantum

2182 4166 2265 4212 ιε;
2298 4152 2325 4203 6
2354 4150 2409 4202 δὲ
2436 4148 2661 4220 Μάρκος
2686 4148 2832 4216 λέγει
2864 4150 2945 4200 ὃτι
2973 4150 3061 4200 ὅτε
3101 4144 3246 4211 ἅπαξ
3290 4146 3604 4216 ἠρνήσατο,
3632 4148 3751 4197 τότε

483 4250 796 4312 negaverat,
826 4251 954 4294 tunc
994 4239 1229 4310 primum
1314 4238 1512 4307 gallum
1565 4247 1837 4301 cantasse,
1871 4247 1925 4291 et
1967 4238 2056 4292 ubi

482 4335 644 4388 tertio
688 4333 989 4405 negaverit.
1046 4334 1288 4388 secundo
1343 4334 1541 4403 gallum
1589 4332 1882 4387 cantasse?
1920 4346 2058 4401 quo-

2160 4243 2373 4314 πρῶτον
2408 4243 2687 4312 ἐφώνησεν
2716 4244 2743 4294 6
2788 4239 3104 4310 ἀλεκτρυών
3129 4257 3141 4270 ·
3172 4242 3261 4294 ὅτε
3293 4240 3349 4293 δὲ
3418 4241 3612 4309 τρίτον
3651 4278 3667 4300 ,
3695 4240 3751 4289 τὸ

2160 4336 2413 4406 δεύτερον
2442 4353 2457 4403 ;
2489 4335 2608 4398 πῶς
2641 4334 2734 4390 οῦν
2762 4334 3153 4404 εὑρεθήσονται
3202 4332 3378 4402 ἀληθῆ
3417 4334 3747 4401 ἀμφότερα,

482 4427 648 4481 modo
711 4426 872 4496 igitur
942 4440 1070 4478 vera
1154 4422 1502 4478 invenientur
1590 4423 1863 4493 utraque?
1916 4421 2055 4487 Quia

2179 4430 2391 4499 Ἐπειδὴ
2422 4429 2557 4483 καθκ
2576 4430 2815 4499 ἐκάστην
2834 4429 3063 4497 ἀγωγὴν
3083 4426 3177 4480 καὶ
3204 4426 3389 4495 τρίτον
3426 4426 3526 4478 καὶ
3554 4427 3749 4495 τέταρ-

484 4518 785 4573 secuudum
823 4531 1269 4586 unamquamque
1328 4514 1723 4579 narrationem,
1790 4524 1845 4568 et
1901 4513 2059 4571 tertio

478 4619 533 4662 et
558 4618 755 4678 qttarto
784 4622 971 4661 vocem
1005 4607 1137 4660 dare
1167 4605 1379 4659 solebat
1405 4604 1600 4673 gallus,
1638 4605 1875 4659 ostendit
1914 4603 2060 4658 Mar-

478 4718 578 4755 cus
610 4700 754 4770 quod
782 4714 885 4752 vox
947 4699 1063 4751 avis
1095 4713 1203 4750 non
1238 4697 1453 4751 Petrqu
1501 4695 1757 4759 detinuit,
1787 4711 1961 4765 neque
2004 4696 2055 4749 itt

481 4789 800 4843 memoriam
839 4786 1135 4850 revocavit;
1156 4785 1291 4838 adeo
1318 4787 1462 4837 enim
1492 4792 1824 4851 eratpavore
1848 4785 2060 4852 percul-

480 4899 595 4944 sus,
617 4891 674 4934 ιιι
704 4880 838 4933 nihil
868 4879 1185 4933 recordatus
1210 4878 1281 4932 sit
1315 4891 1505 4929 eorum
1555 4891 1674 4945 quae
1701 4875 1843 4929 dicta
1880 4888 2055 4931 erant.

480 4973 623 5029 Idem
642 4972 937 5025 ostendens
957 4970 1130 5025 Lucas
1152 4970 1307 5035 dicit,
1331 4968 1584 5021 Dominus
1605 4970 1824 5037 respexit
1846 4971 1900 5021 in
1918 4985 2057 5025 eum.

548 5064 715 5120 Vens.
743 5064 833 5117 75.
857 5063 966 5118 Cur
997 5063 1199 5118 dicitur
1236 5081 1248 5117 :
1275 5064 1426 5133 quod
1450 5062 1702 5133 Egressus
1733 5062 1880 5131 foras
1918 5062 2057 5129 ﬂetit

479 5159 706 5215 amare?
750 5158 886 5224 Quia
927 5167 1111 5222 aperte
1140 5157 1268 5211 flere
1301 5172 1408 5210 non
1435 5154 1691 5217 audebat,
1739 5170 1805 5208 ne
1832 5168 2056 5208 accusa-

480 5264 629 5309 retur
659 5263 715 5307 ut
749 5250 1069 5320 discipulus.

1013 5393 1244 5449 CAPUT
1306 5391 1519 5448 XXVII.

550 5524 713 5581 Vens.
742 5527 794 5580 5.
839 5524 951 5580 Cur
983 5522 1166 5577 retulit
1196 5518 1521 5590 argenteos?
1553 5516 1691 5584 Quia
1741 5533 1849 5571 non
1890 5516 2058 5571 susti-

482 5613 639 5666 nebat
664 5617 1051 5671 conscientiam
1088 5616 1265 5685 ipsum
1300 5610 1675 5682 llagellantem.

553 5700 717 5759 Vens.
777 5710 832 5761 4.
866 5708 1002 5762 Cum
1035 5711 1222 5766 dicunt
1268 5705 1544 5778 print-ipes
1595 5700 1945 5759 sacerdrtum
2006 5708 2059 5755 et

2160 4536 2251 4571 τον
2292 4520 2491 4586 φωνεῖν
2524 4518 2715 4571 εἴωθεν
2762 4520 2790 4572 6
2820 4516 3170 4588 ἀλεκτρυὼν,
3212 4514 3393 4585 δηλῶν
3443 4518 3471 4568 6
3519 4517 3751 4585 Μάρκος

2159 4611 2241 4664 ὃτι
2294 4610 2415 4664 οὐδὲ
2448 4611 2482 4680 ἡ
2532 4610 2685 4682 φωνὴ
2724 4612 2887 4671 αὑτὸν
2944 4610 3210 4679 ἐπέσχεν,
3241 4609 3336 4662 καὶ
3384 4611 3468 4671 είς
3526 4612 3749 4679 μνήμην

2159 4704 2358 4773 ἤγαγε,
2388 4702 2546 4755 τοῦτό
2576 4720 2743 4772 φησιν
2761 4721 2775 4735 ·
2801 4702 3056 4757 τοσοῦτον
3077 4703 3134 4756 δέ
3161 4699 3229 4773 ἦν
3254 4704 3659 4773 ἀπο-τεθνηκὼς
3678 4704 3751 4771 τῷ

2160 4794 2305 4859 δέει,
2334 4796 2415 4848 ὅτι
2454 4795 2576 4848 οὐδὲ
2610 4795 2856 4866 ἐμνήσθη
2889 4794 2985 4848 τοῦ
3019 4795 3299 4864 λεχθέντος
3324 4812 3339 4825 ο
3372 4795 3471 4847 καὶ
3516 4797 3681 4849 τοῦτο
3724 4798 3751 4847 6

2163 4884 2376 4946 Λουκᾶς
2410 4883 2588 4954 δηλῶν
2610 4925 2625 4951 ,
2669 4885 2751 4939 ὅτι
2794 4883 3161 4952 Ἐνέϐλεψεν
3196 4886 3284 4949 εις
3314 4884 3510 4937 αὑτὸν
3541 4890 3575 4939 ὀ
3617 4888 3751 4954 Χρι-

2161 4976 2307 5038 στὸς
2326 5013 2338 5035 ,
2369 4972 2539 5028 εἶπεν.
3138 5023 3151 5033 .

2234 5066 2331 5118 Διὰ
2375 5065 2428 5118 τί
2468 5066 2637 5134 λέγει,
2678 5067 2759 5121 ὅτι
2820 5066 3118 5132 Ἐξελθὼν
3151 5066 3267 5130 ἔξω
3299 5066 3626 5123 ἔκλαυσεν
3653 5084 3747 5121 πι-

2161 5159 2349 5227 κρῶς;
2386 5160 2601 5230 Ἐπειδὴ
2629 5160 2877 5231 φανερῶς
2907 5162 3006 5215 οὐκ
3032 5160 3233 5231 ἐτόλμα
3256 5159 3523 5229 κλαῦσαι,
3557 5163 3646 5216 Eva
3679 5165 3747 5234 μὴ

2162 5248 2514 5321 κατηγορηθῇ
2548 5248 2623 5312 ὡς
2654 5249 2920 5322 μαθητής.

2718 5393 2983 5448 ΚΕΦΑΛ.
3033 5396 3163 5449 KZ’.

2231 5514 2328 5569 Διά
2360 5515 2411 5568 τί
2436 5517 2780 5588 ἀπέστρεψεν
2808 5521 2877 5573 τὰ
2906 5522 3145 5593 ἀργύρια
3169 5540 3185 5589 ;
3232 5524 3455 5597 Ἐπειδὴ
3487 5529 3594 5582 οὐκ
3623 5530 3750 5600 ἐφε-

2167 5622 2255 5675 ρεν
2281 5606 2342 5658 τὸ
2374 5607 2610 5671 συνειδδς
2639 5612 2901 5681 μαστιζον
2931 5612 3112 5667 αὐτόν.

2236 5698 2309 5751 Τὸ
2338 5698 2513 5753 εἰπεῖν
2552 5700 2680 5765 τοὺς
2709 5702 2988 5775 ἀρχιερεῖς
3024 5705 3117 5758 καὶ
3145 5706 3271 5771 τοὺς
3308 5711 3745 5783 πρεσϐυτέρους,
