3984 6204
263 295 403 367 1169
1257 303 1581 366 SCHOLIA
1618 304 1916 364 VE’I‘ERA
1960 304 2039 363 IN
2077 303 2548 364 MATTI—L‘EUM.
3383 295 3520 357 1170

257 410 343 464 Σὺ
400 411 559 480 ὄψει,
625 412 885 484 μέγιστον
939 414 1122 479 αὐτοῖς
1179 415 1432 486 ἔγκλημα
1487 416 1584 470 καὶ
1638 416 1830 470 τοῦτο·

1981 415 2232 470 ειιίοτοει
2295 418 2368 470 Tu
2424 414 2640 480 videris,
2686 410 2985 467 maximum
3037 408 3140 464 sibi
3166 419 3444 478 peceatum
3468 422 3522 466 et

257 499 539 566 φαίνονται
586 501 694 572 γὰρ
730 502 1138 574 μαρτυροῦντες
1183 507 1248 576 τῇ
1293 505 1496 576 τόλμῃ·
1539 505 1634 558 καὶ⁸
1666 523 1836 559 κατα-

1986 511 2076 564 lml
2126 510 2351 566 faciunt.
2413 509 2553 565 Nam
2609 510 2860 565 videnlur
2902 506 3115 562 facinus
3162 512 3522 569 altestantes;

257 590 507 656 κρίνουσι
553 592 651 661 μὲν
691 594 784 647 τὸν
833 593 1036 648 Ἰούδαν
1059 636 1074 660 ,
1125 595 1233 648 ὑπδ
1270 595 1329 648 δὲ
1369 595 1464 649 τοῦ
1497 596 1703 659 πάθους
1738 597 1838 650 οὐκ

1981 602 2628 673 tcondemnantquidem
2680 600 2900 666 ludam,
2941 599 3034 654 sed
3073 613 3168 668 per
3205 598 3326 664 ejus
3363 596 3528 651 mise-

259 681 703 751 ἀναχαιτίζονται
726 699 742 716 ·
797 687 1222 758 κατακρίνονται
1265 687 1322 740 δὲ
1362 687 1458 742 καὶ
1512 689 1577 741 ἐκ
1617 688 1712 742 τοῦ
1762 689 1838 759 μὴ

1981 695 2177 750 undam
2257 703 2459 750 sortem
2515 709 2622 749 non
2685 693 3020 748 detinentur.
3082 689 3528 746 Condemnantnr

261 772 448 842 βαλεῖν
479 774 621 828 αὐτὰ
653 779 732 840 εἰς
762 779 856 833 τὸν
879 783 1161 851 κορδωνᾶν
1180 822 1194 848 ,
1235 781 1352 834 ἀλλ’
1381 782 1650 850 ἀγοράσαι
1674 784 1840 835 τόπον

1981 797 2124 841 utem
2162 801 2228 841 ex
2254 786 2357 842 hoc
2383 786 2527 857 quod
2557 801 2669 841 non
2699 785 2952 841 miserint
2980 793 3266 853 argenteos
3314 780 3369 834 in
3399 795 3524 834 cor-

260 867 340 926 si;
364 867 543 936 ταφὴν
572 869 683 920 τῶν
710 871 897 935 ξένων,
921 873 1029 926 ἀπὸ
1059 873 1220 942 φόνου
1248 873 1502 926 εὐποιίαν
1533 872 1836 936 ποιοῦντες-

261 954 319 1020 ὃς
349 955 519 1026 ἀγρὸς
547 957 811 1028 κηρύττει
857 961 946 1013 ἀεὶ
986 961 1048 1014 τὺ
1085 963 1321 1032 πρᾶγμα
1352 960 1590 1029 ἐλέγχων
1618 960 1837 1023 αὐτούς.

335 1139 435 1191 Διὰ
471 1139 524 1192 τί
551 1135 644 1194 οῦν
675 1140 985 1212 ἀγξάμενος
1014 1142 1090 1206 ὡς
1122 1141 1199 1213 μὴ
1237 1143 1580 1213 μετανοήσας
1626 1141 1844 1212 νομίζε-

265 1247 384 1296 ται;
440 1233 562 1286 Ὅτι
607 1234 987 1304 προεξήγαγεν
1031 1234 1195 1288 αὐτὸν
1243 1235 1346 1304 τῆς
1388 1234 1711 1304 μετανοίας,
1757 1235 1845 1288 ῐνα

270 1325 436 1394 μηδὲν
476 1325 726 1380 ἐντεῦθεν
755 1327 1141 1399 καρπώσηται.

329 1417 428 1472 Διὰ
457 1417 510 1469 τί
536 1417 597 1471 οὐ
627 1418 877 1487 λέγουσιν
901 1419 980 1490 τῷ
1005 1420 1222 1492 Πιλάτῳ
1249 1422 1350 1476 ὅσα
1382 1425 1432 1476 οἱ
1461 1425 1742 1496 μάρτυρες
1768 1417 1847 1476 εῖ-

267 1526 406 1573 πον,
462 1509 577 1564 ἀλλ’
617 1511 697 1573 είς
723 1511 960 1580 δημόσια
1007 1513 1332 1584 ἐγκλήματα
1374 1516 1473 1585 τὴν
1508 1516 1846 1586 κατηγορίαν

268 1602 550 1669 ποιοῦσιν;
597 1603 818 1673 Ἐπειδὴ
867 1605 1167 1672 ἐγίνωσκον
1216 1608 1291 1670 ὡς
1337 1608 1644 1672 όοΠιλὰτος
1693 1608 1848 1663 οὐδὲν

267 1694 384 1763 ἔχει
403 1695 470 1747 τὰ
501 1694 708 1765 νόμιμα
729 1695 932 1751 αὐτῶν.
980 1698 1038 1751 Ὀ
1068 1699 1300 1769 Χριστὸς
1323 1701 1642 1772 ἐρωτηθεὶς,
1670 1698 1744 1756 ΕΙ
1766 1701 1848 1755 σὺ

267 1790 300 1840 ό
323 1787 626 1853 ,ϐασιλεὺς
657 1785 780 1842 τῶν
815 1787 1160 1855 Ἰυυδαι’ων;
1190 1787 1341 1843 εἶπεν
1359 1807 1373 1820 ·
1403 1791 1489 1845 Σὺ
1517 1792 1728 1858 elude;
1751 1792 1850 1846 Διὰ

267 1876 361 1930 τοῦ
387 1878 583 1940 εἰπεῖν,
619 1879 703 1932 Σὺ
738 1875 914 1943 εἶπας*
934 1919 950 1941 ,
984 1878 1339 1949 ὡμολόγησεν
1369 1876 1511 1934 εῖναι
1554 1882 1808 1952 βασιλεὺς
1831 1925 1847 1949 ,

266 1967 385 2021 ἀλλ’
410 1967 734 2038 ἐπουράνιος
757 1985 772 2000 ο
806 1969 836 2022 δ
884 1969 980 2023 καὶ
1008 1970 1245 2041 ἀλλαχοῦ
1296 1974 1635 2044 σαφέστερον
1664 1974 1850 2042 ἔλεγεν

269 2060 406 2129 πρὸς
449 2059 682 2125 αὐτοὺς,
727 2061 812 2114 ὅτι
857 2063 927 2117 Ἢ
953 2061 1067 2133 ἐμὴ
1090 2064 1386 2128 βασιλεία
1429 2069 1542 2122 οὐκ
1573 2068 1746 2122 ἐστιν
1780 2068 1852 2122 ἐκ

267 2153 376 2208 τοῦ
404 2157 639 2223 κόσμου
663 2156 902 2210 τούτου.

344 2247 560 2316 Βραχέα
589 2247 966 2319 ἀποκρίνεται,
994 2260 1087 2302 και
1117 2249 1279 2303 πάλιν
1309 2228 1460 2320 σιγᾷλ
1483 2248 1591 2303 ἀπὸ
1618 2250 1728 2318 γὰρ
1753 2249 1852 2317 τῆς

270 2337 570 2400 παντελοῦς
607 2340 766 2409 σιγῆς
788 2340 948 2404 δόξαν
969 2340 1261 2403 αὐθαδείας
1291 2340 1552 2406 δέξασθαι
1580 2339 1724 2410 εἶχεν
1746 2355 1762 2371 ο
1789 2343 1854 2393 ὲκ

268 2430 325 2482 δὲ
359 2428 455 2481 τοῦ
512 2429 685 2482 πολλὰ
733 2429 934 2498 λέγειν,
979 2431 1043 2486 οὐ
1091 2433 1277 2484 πεῖσαι
1339 2433 1538 2495 αὐτοὺς
1593 2431 1851 2501 ἔμελλεν·

271 2517 612 2585 ὲτύφλωττον
647 2519 756 2589 γὰρ
796 2520 1036 2584 ἑκόντες.

341 2611 440 2664 Διὰ
481 2611 536 2663 τί
587 2611 689 2665 οὐκ
719 2607 894 2675 εἶπεν,
921 2612 1004 2666 ὅτι
1033 2612 1238 2682 Φόρους
1253 2613 1483 2676 δέδωκα,
1508 2612 1602 2666 καὶ
1633 2611 1852 2681 ἐτέρους

274 2700 679 2756 καταϐαλέσθαι
700 2701 987 2766 ἐκέλευσα,
1015 2703 1110 2756 καὶ
1132 2703 1294 2774 ἡνίκα
1324 2703 1514 2774 ἦθελόν
1540 2719 1608 2769 με
1632 2703 1854 2772 ποιῆσαι

276 2793 523 2863 βασιλέα,
556 2793 792 2862 ἐφυγον;
835 2793 958 2848 Ὅτι
1010 2794 1408 2866 διεφθαρμένον
1442 2789 1511 2864 ἦν
1561 2793 1741 2848 αὐτῶν
1794 2793 1856 2845 τὸ

271 2887 648 2956 δικαστήριον.

351 2980 410 3032 '0
444 2980 677 3035 Πιλᾶτος
708 2979 1026 3050 ἐθαύμασεν
1064 2978 1164 3050 τὴν
1191 2978 1499 3032 ἐπιείκειαν
1547 2979 1610 3031 ἐκ
1641 2977 1740 3047 τῆς
1773 2995 1856 3030 σι-

1946 877 2172 941 bonam,
2199 878 2293 932 sed
2317 877 2552 933 emerint
2580 877 2761 932 locum
2805 877 2859 930 in
2910 875 3247 945 sepulturam
3283 873 3528 942 peregri-

1947 982 2166 1034 norum,
2229 985 2294 1025 ex
2335 970 2633 1026 homicidio
2689 969 3105 1024 beneﬁcentiam
3159 974 3529 1020 exercentes:

1947 1061 2038 1130 qui
2071 1076 2200 1130 ager
2229 1077 2342 1116 rem
2376 1062 2680 1129 proclamat
2711 1075 2927 1128 semper
2957 1060 3080 1114 illos
3114 1059 3401 1113 incusans.

2025 1153 2190 1209 Vens.
2228 1154 2280 1209 5.
2318 1155 2429 1208 Cur
2461 1154 2627 1224 igitur
2652 1154 2847 1222 laqueo
2876 1166 3181 1220 suspensus
3210 1159 3317 1211 est,
3365 1149 3437 1202 ita
3475 1158 3535 1202 ut

1951 1262 2058 1300 non
2109 1245 2432 1314 paenituisse
2488 1244 2776 1299 videatur?
2825 1243 2966 1309 Quia
3019 1258 3080 1298 se
3134 1259 3164 1297 a
3210 1242 3532 1312 poenitentia

1949 1339 2126 1409 primo
2159 1338 2374 1403 avertit,
2412 1346 2472 1392 ut
2503 1337 2713 1391 nullum
2739 1337 2863 1391 inde
2888 1334 3124 1390 fructum
3159 1335 3426 1388 retulerit.

2023 1431 2190 1488 Vens.
2219 1431 2304 1485 ll.
2339 1429 2452 1485 Cur
2479 1445 2584 1484 non
2617 1429 2807 1483 dicunt
2844 1429 3021 1484 Pilato
3057 1427 3200 1497 quod
3247 1435 3414 1481 testes
3452 1425 3538 1478 di-

1951 1532 2166 1586 xerant,
2232 1520 2325 1576 sed
2374 1520 2443 1575 de
2489 1519 2727 1590 publicis
2758 1519 3086 1575 criminibus
3119 1518 3531 1574 accusationem

1954 1614 2204 1670 faciunt?
2273 1611 2413 1680 Quia
2464 1611 2871 1682 cognoscebant
2934 1610 3172 1665 Pilatum
3220 1624 3318 1680 pro
3366 1607 3539 1662 nihilo

1957 1706 2156 1761 habere
2178 1720 2300 1773 quae
2327 1704 2393 1758 de
2421 1719 2612 1758 eorum
2638 1703 2754 1773 lege
2781 1709 2956 1756 erant.
2999 1701 3254 1756 Christus
3293 1699 3536 1754 interro-

1953 1804 2142 1868 gatu's:
2183 1796 2260 1850 Tu
2278 1814 2330 1850 es
2366 1812 2459 1850 rex
2489 1794 2839 1850 “Iudaeorum
2869 1795 2894 1847 ?
2921 1793 3055 1848 dicit
3087 1811 3100 1847 :
3135 1791 3212 1846 Τιι
3237 1792 3390 1846 dicis.
3437 1789 3542 1843 Re-

1952 1889 2262 1959 pondendo,
2299 1887 2378 1941 Tu
2404 1887 2562 1952 dicis,
2607 1885 2898 1941 confessus
2929 1894 3013 1940 est
3063 1900 3124 1940 se
3177 1899 3357 1954 regem
3392 1896 3538 1946 esse,

1953 1978 2051 2035 sed
2079 1979 2382 2034 caelestem.
2413 1975 2489 2030 Et'
2518 1976 2658 2031 alias
2700 1975 2904 2031 clarius
2931 1975 3042 2032 illis
3079 1975 3219 2031 dixit
3249 1992 3262 2029 :
3304 1973 3542 2048 Regnum

1958 2084 2132 2123 meum
2162 2084 2265 2122 non
2306 2077 2383 2122 est
2413 2083 2478 2121 ea:
2507 2066 2602 2121 hoc
2636 2065 2857 2122 mundo.

2024 2250 2192 2305 Vens.
2237 2249 2323 2303 12.
2361 2247 2604 2302 Breviter
2684 2244 2974 2316 respondet
3042 2253 3092 2298 et
3117 2243 3311 2297 iterum
3358 2249 3543 2298 tacet:

1955 2355 2079 2393 nam
2115 2355 2178 2393 ex
2211 2338 2465 2392 absoluto
2487 2335 2704 2391 silentio
2744 2333 3071 2405 arrogantia:
3094 2330 3410 2402 Opinionem
3440 2329 3544 2385 sibi

1954 2431 2316 2496 conciliabat;
2357 2427 2452 2484 sed
2503 2427 2671 2481 multa
2741 2425 2992 2487 'tlicendo,
3043 2423 3166 2479 illos
3217 2420 3547 2493 persuadere

1957 2539 2062 2576 non
2089 2522 2361 2586 debebat;
2397 2534 2522 2573 nam
2549 2517 2678 2572 caeci
2700 2527 2858 2571 erant
2913 2514 3228 2569 voluntarii.

2031 2614 2196 2668 Vens.
2235 2613 2319 2666 15.
2356 2613 2466 2665 (Zur
2513 2626 2619 2665 non
2650 2609 2781 2663 dicit
2814 2625 2827 2662 :
2862 2606 3087 2662 Tributa
3136 2605 3294 2670 sol-vi,
3331 2617 3385 2660 et
3425 2604 3548 2660 aliis

1951 2705 2088 2770 jussi
2128 2713 2186 2759 ut
2215 2703 2548 2767 conferrent,
2571 2710 2624 2757 et
2651 2702 2871 2770 quando
2902 2715 2988 2753 me
3019 2712 3200 2768 regem
3244 2697 3423 2751 facere
3455 2711 3549 2748 ve-

1959 2799 2194 2862 luerunt,
2233 2796 2347 2866 fugi
2376 2795 2554 2861 ?Quia
2579 2802 2896 2864 corruptum
2929 2801 3048 2847 erat
3067 2807 3252 2846 eorum
3284 2789 3546 2845 tribunal.

2039 2985 2199 3039 Vens.
2237 2985 2324 3038 Η.
2358 2983 2566 3038 Pilatus
2619 2981 2846 3036 miratus
2903 2987 2994 3034 est
3053 2977 3178 3048 ejus
3223 2977 3276 3030 in
3340 2976 3550 3031 silendo

273 3072 379 3152 γῆς
399 3087 412 3102 ⁸
438 3072 626 3142 ἐπειδὴ
649 3072 706 3124 δὲ
740 3071 992 3125 ὲόούλετο
1021 3070 1186 3125 αὑτὸν
1211 3071 1652 3140 ἀπολογούμενον
1683 3069 1856 3122 ἁπαλ-

1981 3077 2426 3142 uoderationent;
2456 3075 2716 3144 quoniam
2747 3082 2929 3126 autem
2963 3070 3174 3124 volebat
3195 3068 3366 3134 illum,
3399 3079 3549 3136 post-

273 3159 509 3233 λαγῆναι
529 3201 544 3226 ,
575 3162 662 3215 διὰ
695 3163 855 3216 τοῦτο
883 3159 1036 3216 εἶπεν
1069 3182 1076 3190 ·
1110 3165 1233 3216 Οὐκ
1264 3165 1505 3228 ἀκούεις
1545 3164 1708 3216 πόσα
1740 3175 1858 3215 σου

277 3255 885 3325 καταμαρτυροῦσιν;
951 3254 1169 3325 Ἐπειδὴ
1227 3255 1285 3308 δὲ
1338 3256 1502 3309 πάλιν
1553 3255 1705 3308 οὐδὲν
1754 3255 1862 3306 ἁπ-

275 3345 494 3417 ικρίθη,
517 3344 605 3398 ἓτε
614 3362 707 3416 ρον
732 3346 1064 3416 μηχανᾶται,
1083 3344 1172 3398 ἵνα
1187 3344 1262 3408 ὡς
1276 3345 1566 3398 κατάδικον
1588 3343 1861 3413 χαρίσων-

274 3453 371 3490 ται
399 3435 562 3489 αὐτὸν
599 3437 664 3504 τῇ
701 3435 862 3506 ἑορτῇ
891 3434 1033 3488 κατὰ
1063 3434 1126 3487 τὸ
1167 3433 1290 3497 ἔθος
1321 3434 1502 3488 αὐτῶν
1526 3450 1540 3465 °
1568 3433 1744 3496 οἴιτως
1769 3433 1862 3486 τὸν

280 3527 476 3597 κριτὴν
523 3526 724 3596 μᾶλλον
756 3525 1181 3596 παρακαλοῦντα
1203 3527 1304 3596 οὐχ
1352 3526 1634 3595 ὑπήκουον.
1659 3527 1715 3578 οι
1757 3525 1862 3579 ὑπὸ

281 3623 460 3692 χεῖρα,
486 3619 594 3673 ἀπὸ
622 3618 820 3689 πολλῆς
849 3623 1197 3691 παρανομίας
1230 3620 1326 3673 καὶ
1352 3619 1575 3689 φθόνου.

346 3800 448 3854 Διὰ
501 3799 553 3852 τί
603 3799 809 3872 λῃστὴν
869 3798 1073 3861 εἰπὼν,
1130 3800 1473 3871 προσέθηκεν
1528 3802 1704 3855 εἰπεῖν
1744 3801 1861 3868 καὶ,

276 3893 623 3960 ἐπίσημον;
660 3892 824 3944 Ὥστε
845 3892 980 3962 μηδὲ
1013 3894 1172 3958 σκιᾷς
1193 3893 1491 3960 ἀπολογίαν
1516 3893 1858 3958 καταλιπεῖν,

277 3987 363 4038 ὅτι
391 3982 630 4036 τοιοῦτον
654 3981 794 4050 ὑπὲρ
817 3982 1061 4038 τοιούτου
1086 3984 1506 4054 ἀντηλλάξαντο.

344 4077 444 4129 Διὰ
475 4077 528 4128 τί
553 4077 654 4146 οὐχ
673 4075 702 4128 ὁ
724 4076 953 4141 Πιλάτος
978 4079 1080 4148 ὁρᾷ
1106 4078 1167 4131 τὸ
1194 4079 1356 4145 ὄναρ,
1383 4079 1499 4132 ἀλλ’
1529 4079 1714 4149 ἡγυνή
1744 4096 1758 4142 ;
1793 4080 1862 4132 Ἢ

276 4167 364 4220 ὅτι
395 4166 522 4230 ἀξία
548 4161 618 4236 ἦν
645 4165 881 4236 μᾶλλονο
928 4167 961 4238 ἢ
1007 4168 1090 4220 ὅτι
1143 4169 1305 4230 αὐτος
1351 4171 1398 4220 εἰ
1445 4164 1626 4232 εἶδεν,
1667 4170 1770 4229 οὐκ,
1796 4168 1862 4222 ἂν

277 4259 580 4329 ἐπιστεύθη
633 4259 710 4322 ὡς
753 4259 1077 4330 βουλόμενος
1127 4258 1397 4313 ἀπολῦσαι
1439 4260 1706 4330 αὐτόνοῆ
1753 4257 1864 4311 οὐδ’

275 4352 348 4405 ἂν
378 4351 612 4415 ἐξεῖπεψ
645 4352 839 4421 κριτὴς
867 4334 978 4421 γὰρ
1005 4347 1095 4420 ἦν’
1130 4349 1225 4403 καὶ
1252 4350 1338 4402 ἵνα
1365 4352 1392 4403 ό
1422 4349 1561 4419 ἀνὴρ
1582 4349 1728 4420 πάθῃ
1761 4349 1863 4419 τὴν

1970 3188 2133 3242 quam
2185 3186 2244 3226 se
2297 3169 2650 3232 defendisset,
2687 3165 2982 3224 dimittere.
3033 3163 3154 3218 ideo
3200 3161 3376 3216 dicit:
3415 3158 3548 3214 Non

1970 3263 2123 3316 audis
2153 3271 2354 3331 quanta
2407 3263 2685 3314 adversum
2733 3269 2780 3312 te
2813 3257 2996 3310 dicunt
3043 3253 3341 3310 testintonia
3367 3253 3393 3306 ?
3414 3251 3549 3319 Quia

1969 3368 2100 3408 vero
2133 3353 2332 3407 iterum
2368 3352 2498 3406 nihil
2530 3351 2832 3420 reSpondit,
2865 3347 3010 3403 aliud
3055 3347 3304 3411 intentat,
3337 3345 3552 3401 scilicet

1970 3455 2026 3499 ut
2060 3444 2211 3498 illum
2244 3443 2400 3513 quasi
2427 3443 2848 3497 condemnatum
2879 3442 2930 3495 in
2965 3439 3054 3494 die
3088 3439 3226 3495 festo
3251 3439 3553 3493 secundum

1969 3552 2132 3592 suam
2187 3535 2639 3591 consuetudinem
2691 3533 2873 3604 gratia.
2929 3533 3154 3587 donent.
3186 3529 3277 3584 Sic
3314 3531 3552 3600 iudicem

1968 3630 2051 3684 vel
2086 3628 2266 3698 potius
2297 3627 2692 3696 supplicantem
2730 3641 2835 3679 non
2864 3624 3157 3678 amlierunt
3181 3623 3296 3693 ejus
3320 3624 3546 3687 subditi,

1972 3723 2041 3776 ob
2072 3737 2320 3793 magnam
2355 3720 2680 3789 injustitiam
2718 3727 2768 3770 ct
2795 3716 3075 3772 invidiam.

2046 3813 2209 3867 Vens.
2251 3813 2335 3867 l6.
2371 3812 2479 3864 Cur
2509 3811 2576 3865 de
2623 3809 2834 3863 latrone
2884 3807 3186 3877 loquendo.
3222 3807 3442 3860 additur
3468 3807 3554 3860 ina

1968 3906 2167 3975 signem
2187 3904 2212 3956 Σ)
2238 3903 2312 3956 lta
2335 3913 2392 3955 ut
2419 3917 2484 3955 ne
2513 3901 2704 3955 umbra
2742 3900 2961 3967 quidem
2987 3899 3251 3970 apol0gia:
3276 3898 3555 3967 relinquas-

1971 4005 2076 4059 tur,
2112 3995 2253 4063 quod
2286 3993 2445 4046 talem
2481 4007 2577 4061 pro
2607 3990 2700 4044 tali
2731 3990 3061 4046 dimiserint.

2046 4086 2208 4140 Vens.
2240 4085 2325 4138 l9.
2359 4083 2468 4137 Cur
2511 4097 2616 4137 non
2663 4083 2871 4136 Pilatus
2917 4081 3079 4135 habet
3136 4082 3435 4145 somnium,
3461 4079 3556 4140 sed

1972 4175 2146 4231 uxor?
2179 4173 2278 4228 Vel
2311 4173 2439 4242 quia
2465 4172 2624 4240 digna
2653 4171 2823 4238 magis
2858 4180 3012 4234 erat;
3039 4171 3120 4222 vel
3157 4169 3287 4238 quia
3329 4169 3466 4234 ipse,
3507 4170 3556 4222 si

1971 4268 2217 4332 vidisset,
2239 4280 2346 4319 non
2365 4264 2698 4328 crederetur,
2713 4261 2875 4331 quasi
2894 4260 3081 4315 volens
3095 4259 3246 4312 illum
3261 4259 3556 4325 dimittere;

1973 4358 2057 4411 vel
2084 4370 2190 4410 non
2229 4348 2706 4412 manifestavisset,
2734 4350 2898 4419 judex
2929 4349 3074 4404 enim
3112 4359 3225 4402 erat
3250 4364 3266 4413 ;
3293 4356 3349 4403 et
3381 4358 3440 4402 ut
3474 4349 3559 4403 vir

275 4443 460 4514 ψυχὴν
480 4444 569 4496 διὰ
592 4443 690 4514 τὴν
711 4445 964 4512 γυναῖκα·
986 4443 1083 4497 καὶ
1111 4442 1220 4509 ἵνα,
1253 4441 1328 4505 ὡς
1358 4442 1519 4511 γυνὴ,
1561 4440 1857 4511 κατάδηλον

1981 4449 2209 4518 patiatur
2227 4446 2278 4498 iu
2299 4444 2476 4497 anima
2491 4457 2585 4495 sua
2603 4457 2862 4510 persuam
2883 4455 3131 4503 uxorem,
3153 4450 3207 4495 et
3229 4450 3287 4496 ut
3304 4441 3416 4506 illa,
3431 4456 3559 4512 pro-

281 4537 490 4608 ποιήσῃ
523 4537 659 4588 πᾶσι
688 4536 787 4589 καὶ
816 4535 1056 4607 γνωσθῇ.

355 4627 432 4679 Οὐ
466 4625 781 4694 σταυρῶσαι
816 4626 977 4695 μόνον
1008 4627 1277 4692 θέλοντες,
1317 4625 1455 4679 ἀλλά
1493 4626 1589 4678 καὶ
1620 4626 1862 4696 πονηρὰν

281 4719 437 4788 αὐτῷ
486 4717 804 4788 βουλόμενοι
855 4719 1160 4788 περιθεῖναι
1213 4718 1413 4784 δόξαν*
1451 4718 1703 4788 ἐνόμιζον
1757 4718 1868 4789 γὰρ

282 4813 724 4877 κατασκευάζειν
766 4815 831 4865 ὲκ
868 4811 1062 4866 τούτου
1090 4813 1174 4866 ὅτι
1203 4811 1298 4866 τοῦ
1343 4811 1542 4884 λῃστοῦ
1576 4812 1773 4882 χείρων
1800 4809 1869 4882 ἦν

281 4907 385 4960 καὶ
416 4903 559 4957 οὕτω
581 4904 898 4974 παράνομος
923 4942 938 4966 ,
967 4903 1042 4969 ὡς
1074 4905 1210 4975 μήτε
1239 4905 1434 4975 ἑορτῆς
1462 4902 1737 4973 ἀξιώματι
1765 4903 1869 4955 σώο

282 5002 480 5066 ζεσθαι
501 5018 517 5033 ο
541 5003 720 5056 πάντα
738 5003 846 5072 γὰρ
867 5001 1058 5054 τούτου
1085 5000 1272 5054 ἕνεκεν
1299 4998 1518 5052 ἐποίουν
1539 4997 1680 5051 ὥστε
1701 4995 1868 5050 αὐτοῦ

282 5093 388 5163 τὴν
432 5092 700 5162 ὑπόληψιν
745 5091 1088 5146 διαϐάλλεινυ
1139 5091 1228 5145 διὰ
1275 5089 1439 5144 τοῦτο
1481 5090 1574 5142 καὶ
1613 5089 1738 5152 τοὺς
1777 5087 1871 5140 δύο

282 5182 493 5256 λῃστὰς
531 5181 710 5235 αὐτῶν
759 5181 1245 5252 συνεσταύρωσαν·
1295 5179 1409 5236 ἀλλ’
1456 5182 1490 5250 ἡ
1535 5179 1764 5250 ἀλήθεια
1807 5178 1869 5231 οὐ

290 5276 456 5348 μόνον
475 5275 536 5328 οὐ
559 5275 966 5338 συνεσκιάζετο.
991 5275 1125 5328 ἀλλὰ
1151 5275 1246 5328 καὶ
1265 5273 1526 5342 μειζόνως
1546 5272 1693 5325 διέ-λα
1703 5289 1866 5341 μπεν.

360 5370 473 5421 Καὶ
520 5368 608 5421 διὰ
636 5368 732 5421 τοῦ
757 5407 772 5432 ,
820 5368 881 5421 Τί
920 5362 1034 5422 οὖν
1081 5366 1316 5433 ποιήσω
1353 5367 1577 5430 αὐτόν;
1619 5366 1870 5436 ἐντρέπει

287 5461 514 5523 αὐτοὺς,
551 5460 645 5513 καὶ
678 5458 902 5530 κυρίους
933 5457 1177 5522 ἐκείνους
1209 5455 1468 5528 μᾶλλονῆ
1499 5457 1663 5510 αὑτὸν
1692 5459 1869 5511 ποιεῖ-

286 5570 383 5607 ται
405 5554 504 5622 τῆς
527 5553 733 5622 ψήφου.

358 5645 424 5698 Εἰ
456 5645 552 5697 καὶ⁵
582 5644 681 5701 τὰς
709 5645 899 5714 χεῖρας
925 5642 1104 5713 ἔνιψεν
1138 5645 1166 5696 ὁ
1205 5642 1438 5708 Πιλᾶτος
1468 5641 1644 5697 ἀθῶον
1678 5642 1872 5697 ἑαυτὸν

291 5736 589 5791 ἀποκαλῶν
614 5777 630 5802 ,
662 5735 776 5788 ἀλλ’
811 5736 958 5804 ὅμως
991 5735 1096 5788 ὑπὸ
1129 5735 1400 5806 μαλακίας
1432 5735 1524 5788 καὶ
1551 5734 1869 5807 ἁνανὸρείας

1970 4550 2028 4592 ιιι
2063 4538 2276 4598 mulier,
2310 4533 2658 4588 manifestum
2691 4533 2947 4587 omnibus
2984 4529 3149 4586 faciat
3181 4542 3232 4587 et
3259 4533 3520 4604 divulgct.

2044 4629 2206 4683 Vens.
2238 4627 2329 4682 20.
2358 4627 2476 4682 Non
2509 4626 2685 4680 solum
2715 4625 3032 4695 cruciﬁgere
3061 4625 3273 4688 volunt,
3304 4624 3399 4679 sed
3438 4640 3552 4678 ma-

1973 4725 2076 4778 lam
2133 4723 2206 4777 illi
2244 4722 2435 4776 volunt
2493 4719 2694 4774 faniam
2755 4719 3056 4788 imponere.
3098 4719 3368 4775 Putabant
3401 4718 3548 4774 enim

1972 4831 2228 4885 praeszare
2258 4830 2322 4870 ex
2349 4828 2415 4869 eo
2453 4812 2598 4883 quod
2630 4813 2843 4866 latrone
2868 4811 3020 4880 pejor
3048 4821 3166 4868 erat
3209 4823 3266 4868 et
3295 4813 3432 4868 adeo
3457 4829 3556 4867 uo-

1971 4923 2124 4973 ceus,
2168 4915 2228 4960 ut
2282 4906 2371 4960 die
2399 4903 2524 4959 festi
2577 4901 2863 4972 privilegio
2909 4918 3017 4958 non
3065 4905 3305 4960 salvatus
3343 4904 3556 4962 fuisset.

1970 4999 2166 5055 Oinn’a
2197 4997 2340 5050 enim
2392 4996 2555 5067 hujus
2590 4996 2666 5050 rei
2716 5011 2882 5052 causa
2927 4995 3202 5051 faciebant
3237 4997 3306 5052 ita
3340 5004 3401 5053 ut
3432 4997 3557 5066 ejus

1971 5091 2424 5145 existimationem
2457 5095 2827 5158 perverterent
2849 5105 2863 5154 ;
2886 5087 3007 5143 ideo
3027 5089 3194 5143 etiam
3222 5089 3362 5143 duos
3392 5089 3559 5142 latre-

1974 5199 2071 5237 nes
2103 5197 2226 5236 cum
2255 5197 2320 5236 eo
2389 5181 2803 5235 cruciﬁxerunt.
2853 5181 2960 5235 Sed
2997 5185 3198 5236 verLtas
3233 5199 3339 5235 non
3373 5181 3554 5234 solum

1975 5290 2084 5330 non
2123 5274 2300 5338 latuit,
2331 5275 2423 5329 sed
2469 5275 2629 5327 etiam
2657 5274 2828 5344 inagis
2854 5275 3096 5328 emicuit.

2051 5366 2209 5421 Vens.
2242 5366 2334 5421 2‘2.
2372 5367 2441 5421 Et
2484 5382 2579 5438 per
2610 5367 2786 5422 illud:
2841 5365 2989 5432 Quid
3042 5367 3205 5434 igitur
3249 5364 3446 5433 faciant
3494 5367 3559 5420 de

1971 5475 2030 5512 eo
2057 5460 2082 5512 ?
2111 5459 2234 5513 illos
2261 5459 2604 5514 confundere
2633 5468 2828 5521 teutat,
2858 5471 2913 5513 et
2962 5457 3215 5512 dominos
3267 5457 3388 5512 illos
3430 5456 3558 5514 facit

1976 5555 2146 5623 magis
2168 5566 2332 5623 quam
2362 5550 2603 5620 seipsum
2633 5550 2898 5618 sutlragii.

2049 5645 2212 5699 Vens.
2245 5644 2338 5698 ‘24.
2373 5642 2437 5698 Et
2473 5644 2518 5699 si
2567 5658 2763 5698 manus
2801 5639 2991 5695 laverit
3038 5639 3265 5706 Pilatus,
3297 5641 3556 5697 innocen-

1976 5743 2083 5792 tem
2144 5752 2202 5790 se
2227 5737 2598 5808 proclamans,
2632 5735 2726 5792 sed
2762 5743 2942 5791 tamen
2982 5749 3075 5801 uer
3119 5734 3457 5791 debilitatem
3499 5749 3530 5791 θ
