  <div class='ocr_page' id='page_1' title='image "/cluster/home/n/w/nwhite01/storage/ocr_20150623/106/hvd.32044073502346/592.png"; bbox 0 0 3984 6204; ppageno 0'>
   <div class='ocr_carea' id='block_1_1' title="bbox 269 335 407 398">
    <p class='ocr_par' dir='ltr' id='par_1_1' title="bbox 269 335 407 398">
     <span class='ocr_line' id='line_1_1' title="bbox 269 335 407 398; baseline 0.007 -1"><span class='ocrx_word' id='word_1_1' title='bbox 269 335 407 398; x_wconf 80' lang='grc'><strong>1173</strong></span> 
     </span>
    </p>
   </div>
   <div class='ocr_carea' id='block_1_2' title="bbox 1324 343 2490 407">
    <p class='ocr_par' dir='ltr' id='par_1_2' title="bbox 1324 343 2490 407">
     <span class='ocr_line' id='line_1_2' title="bbox 1324 343 2490 407; baseline 0.002 -5"><span class='ocrx_word' id='word_1_2' title='bbox 1324 343 1643 402; x_wconf 73' lang='lat' dir='ltr'><strong>SCHOLIA</strong></span> <span class='ocrx_word' id='word_1_3' title='bbox 1685 343 1981 404; x_wconf 60' lang='lat' dir='ltr'><strong>VETERA</strong></span> <span class='ocrx_word' id='word_1_4' title='bbox 2027 345 2106 405; x_wconf 79' lang='grc' dir='ltr'>ΙΝ</span> <span class='ocrx_word' id='word_1_5' title='bbox 2146 346 2490 407; x_wconf 71' lang='lat' dir='ltr'><strong>MARCUM.</strong></span> 
     </span>
    </p>
   </div>
   <div class='ocr_carea' id='block_1_3' title="bbox 3394 344 3532 408">
    <p class='ocr_par' dir='ltr' id='par_1_3' title="bbox 3394 344 3532 408">
     <span class='ocr_line' id='line_1_3' title="bbox 3394 344 3532 408; baseline 0.007 -1"><span class='ocrx_word' id='word_1_6' title='bbox 3394 344 3532 408; x_wconf 71' lang='grc'><strong>11⁵14</strong></span> 
     </span>
    </p>
   </div>
   <div class='ocr_carea' id='block_1_4' title="bbox 331 449 1885 525">
    <p class='ocr_par' dir='ltr' id='par_1_4' title="bbox 331 449 1852 525">
     <span class='ocr_line' id='line_1_4' title="bbox 331 449 1852 525; baseline 0.003 -23"><span class='ocrx_word' id='word_1_7' title='bbox 331 449 455 502; x_wconf 79' lang='grc' dir='ltr'>ἰ’ῶν</span> <span class='ocrx_word' id='word_1_8' title='bbox 487 449 800 502; x_wconf 78' lang='grc' dir='ltr'><strong>ἀποστόλων</strong></span> <span class='ocrx_word' id='word_1_9' title='bbox 847 451 1007 521; x_wconf 73' lang='grc' dir='ltr'>μέχρι</span> <span class='ocrx_word' id='word_1_10' title='bbox 1040 453 1348 516; x_wconf 74' lang='grc' dir='ltr'><strong>συντελείας</strong></span> <span class='ocrx_word' id='word_1_11' title='bbox 1388 453 1484 505; x_wconf 80' lang='grc' dir='ltr'>τοῦ</span> <span class='ocrx_word' id='word_1_12' title='bbox 1516 454 1724 524; x_wconf 77' lang='grc' dir='ltr'>κόσμου</span> <span class='ocrx_word' id='word_1_13' title='bbox 1778 453 1852 525; x_wconf 84' lang='grc' dir='ltr'><strong>μὴ</strong></span> 
     </span>
    </p>
   </div>
   <div class='ocr_carea' id='block_1_5' title="bbox 1982 449 3531 525">
    <p class='ocr_par' dir='ltr' id='par_1_5' title="bbox 2030 453 3531 525">
     <span class='ocr_line' id='line_1_5' title="bbox 2030 453 3531 525; baseline 0.002 -14"><span class='ocrx_word' id='word_1_14' title='bbox 2030 457 2194 511; x_wconf 77' lang='lat' dir='ltr'><strong>Vens.</strong></span> <span class='ocrx_word' id='word_1_15' title='bbox 2231 457 2323 512; x_wconf 67' lang='grc' dir='ltr'><strong>ΞΟ.</strong></span> <span class='ocrx_word' id='word_1_16' title='bbox 2359 457 2636 525; x_wconf 83' lang='lat' dir='ltr'><strong>Apostolis</strong></span> <span class='ocrx_word' id='word_1_17' title='bbox 2689 469 2864 524; x_wconf 87' lang='lat' dir='ltr'><strong>usque</strong></span> <span class='ocrx_word' id='word_1_18' title='bbox 2892 453 2960 509; x_wconf 90' lang='lat' dir='ltr'><strong>ad</strong></span> <span class='ocrx_word' id='word_1_19' title='bbox 3001 458 3531 514; x_wconf 78' lang='lat' dir='ltr'><strong>consummationem</strong></span> 
     </span>
    </p>
   </div>
   <div class='ocr_carea' id='block_1_6' title="bbox 261 541 1848 614">
    <p class='ocr_par' dir='ltr' id='par_1_6' title="bbox 261 541 1848 614">
     <span class='ocr_line' id='line_1_6' title="bbox 261 541 1848 614; baseline 0.003 -19"><span class='ocrx_word' id='word_1_20' title='bbox 261 543 432 595; x_wconf 74' lang='grc' dir='ltr'>ὄντων</span> <span class='ocrx_word' id='word_1_21' title='bbox 468 542 525 594; x_wconf 83' lang='grc' dir='ltr'>ὲν</span> <span class='ocrx_word' id='word_1_22' title='bbox 559 541 708 612; x_wconf 80' lang='grc' dir='ltr'><strong>ζωῇ,</strong></span> <span class='ocrx_word' id='word_1_23' title='bbox 750 542 868 605; x_wconf 82' lang='grc' dir='ltr'>πῶς</span> <span class='ocrx_word' id='word_1_24' title='bbox 921 543 1072 611; x_wconf 81' lang='grc' dir='ltr'>λέγει</span> <span class='ocrx_word' id='word_1_25' title='bbox 1117 546 1381 612; x_wconf 83' lang='grc' dir='ltr'>Χριστὸς,</span> <span class='ocrx_word' id='word_1_26' title='bbox 1437 545 1672 614; x_wconf 85' lang='grc' dir='ltr'>Ἔσομαι</span> <span class='ocrx_word' id='word_1_27' title='bbox 1729 547 1848 614; x_wconf 81' lang='grc' dir='ltr'>μεθ’</span> 
     </span>
    </p>
   </div>
   <div class='ocr_carea' id='block_1_7' title="bbox 263 632 1848 707">
    <p class='ocr_par' dir='ltr' id='par_1_7' title="bbox 263 632 1848 707">
     <span class='ocr_line' id='line_1_7' title="bbox 263 632 1848 707; baseline 0.004 -21"><span class='ocrx_word' id='word_1_28' title='bbox 263 634 418 702; x_wconf 71' lang='grc' dir='ltr'>ὑμῶν</span> <span class='ocrx_word' id='word_1_29' title='bbox 472 632 638 703; x_wconf 81' lang='grc' dir='ltr'>μέχρι</span> <span class='ocrx_word' id='word_1_30' title='bbox 717 634 954 701; x_wconf 74' lang='grc' dir='ltr'>τούτους</span> <span class='ocrx_word' id='word_1_31' title='bbox 1023 637 1108 700; x_wconf 79' lang='grc' dir='ltr'>Ὠς</span> <span class='ocrx_word' id='word_1_32' title='bbox 1153 638 1235 689; x_wconf 79' lang='grc' dir='ltr'>ἑνὶ</span> <span class='ocrx_word' id='word_1_33' title='bbox 1285 635 1497 707; x_wconf 80' lang='grc' dir='ltr'>σώματι</span> <span class='ocrx_word' id='word_1_34' title='bbox 1540 637 1848 705; x_wconf 79' lang='grc' dir='ltr'><strong>διαλέγεται</strong></span> 
     </span>
    </p>
   </div>
   <div class='ocr_carea' id='block_1_8' title="bbox 264 723 797 786">
    <p class='ocr_par' dir='ltr' id='par_1_8' title="bbox 264 723 797 786">
     <span class='ocr_line' id='line_1_8' title="bbox 264 723 797 786; baseline 0.006 -13"><span class='ocrx_word' id='word_1_35' title='bbox 264 725 399 774; x_wconf 66' lang='grc' dir='ltr'>πᾶσι</span> <span class='ocrx_word' id='word_1_36' title='bbox 431 723 542 784; x_wconf 84' lang='grc' dir='ltr'>τοῖς</span> <span class='ocrx_word' id='word_1_37' title='bbox 569 725 797 786; x_wconf 78' lang='grc' dir='ltr'><strong>πιστοῖς.</strong></span> 
     </span>
    </p>
   </div>
   <div class='ocr_carea' id='block_1_9' title="bbox 1958 546 3528 618">
    <p class='ocr_par' dir='ltr' id='par_1_9' title="bbox 1958 546 3528 618">
     <span class='ocr_line' id='line_1_9' title="bbox 1958 546 3528 618; baseline -0.001 -16"><span class='ocrx_word' id='word_1_38' title='bbox 1958 551 2144 603; x_wconf 89' lang='lat' dir='ltr'><strong>mundi</strong></span> <span class='ocrx_word' id='word_1_39' title='bbox 2207 565 2318 602; x_wconf 87' lang='lat' dir='ltr'><strong>non</strong></span> <span class='ocrx_word' id='word_1_40' title='bbox 2361 548 2691 612; x_wconf 78' lang='lat' dir='ltr'><strong>viventibus,</strong></span> <span class='ocrx_word' id='word_1_41' title='bbox 2737 546 3012 618; x_wconf 90' lang='lat' dir='ltr'><strong>quomodo</strong></span> <span class='ocrx_word' id='word_1_42' title='bbox 3057 546 3190 602; x_wconf 87' lang='lat' dir='ltr'><strong>dicit</strong></span> <span class='ocrx_word' id='word_1_43' title='bbox 3231 548 3528 603; x_wconf 81' lang='lat' dir='ltr'><strong>Christus:</strong></span> 
     </span>
    </p>
   </div>
   <div class='ocr_carea' id='block_1_10' title="bbox 1959 635 3536 705">
    <p class='ocr_par' dir='ltr' id='par_1_10' title="bbox 1959 635 3536 705">
     <span class='ocr_line' id='line_1_10' title="bbox 1959 635 3536 705; baseline 0.001 -17"><span class='ocrx_word' id='word_1_44' title='bbox 1959 635 2066 690; x_wconf 83' lang='lat' dir='ltr'><strong>Ero</strong></span> <span class='ocrx_word' id='word_1_45' title='bbox 2104 637 2369 690; x_wconf 80' lang='lat' dir='ltr'><strong>vobiscum</strong></span> <span class='ocrx_word' id='word_1_46' title='bbox 2427 651 2589 705; x_wconf 80' lang='lat' dir='ltr'><strong>usque</strong></span> <span class='ocrx_word' id='word_1_47' title='bbox 2646 636 2714 688; x_wconf 87' lang='lat' dir='ltr'><strong>ad</strong></span> <span class='ocrx_word' id='word_1_48' title='bbox 2766 637 3268 690; x_wconf 76' lang='lat' dir='ltr'><strong>consummationem</strong></span> <span class='ocrx_word' id='word_1_49' title='bbox 3313 637 3536 691; x_wconf 59' lang='grc' dir='ltr'>δαν-ιιιἰὲ</span> 
     </span>
    </p>
   </div>
   <div class='ocr_carea' id='block_1_11' title="bbox 1955 727 3424 797">
    <p class='ocr_par' dir='ltr' id='par_1_11' title="bbox 1955 727 3424 797">
     <span class='ocr_line' id='line_1_11' title="bbox 1955 727 3424 797; baseline 0 -16"><span class='ocrx_word' id='word_1_50' title='bbox 1955 727 2093 794; x_wconf 85' lang='lat' dir='ltr'><strong>Quia</strong></span> <span class='ocrx_word' id='word_1_51' title='bbox 2129 743 2237 782; x_wconf 86' lang='lat' dir='ltr'><strong>uno</strong></span> <span class='ocrx_word' id='word_1_52' title='bbox 2267 742 2500 797; x_wconf 86' lang='lat' dir='ltr'><strong>corpore</strong></span> <span class='ocrx_word' id='word_1_53' title='bbox 2539 727 2798 783; x_wconf 90' lang='lat' dir='ltr'><strong>omnibus</strong></span> <span class='ocrx_word' id='word_1_54' title='bbox 2828 727 3176 784; x_wconf 74' lang='lat' dir='ltr'><strong>credentibus</strong></span> <span class='ocrx_word' id='word_1_55' title='bbox 3214 729 3424 783; x_wconf 91' lang='lat' dir='ltr'><strong>unitur.</strong></span> 
     </span>
    </p>
   </div>
   <div class='ocr_carea' id='block_1_12' title="bbox 267 897 3521 932">
    <p class='ocr_par' dir='ltr' id='par_1_12' title="bbox 267 897 3521 932">
     <span class='ocr_line' id='line_1_12' title="bbox 267 897 3521 932; baseline 0.002 -17"><span class='ocrx_word' id='word_1_56' title='bbox 267 897 3521 932; x_wconf 79' lang='lat'><strong>__——_._______________.______________________________</strong></span> 
     </span>
    </p>
   </div>
   <div class='ocr_carea' id='block_1_13' title="bbox 1531 987 2273 1135">
    <p class='ocr_par' dir='ltr' id='par_1_13' title="bbox 1531 987 2273 1135">
     <span class='ocr_line' id='line_1_13' title="bbox 1531 987 2273 1135; baseline -0.008 -3"><span class='ocrx_word' id='word_1_57' title='bbox 1531 1049 1704 1134; x_wconf 82' lang='grc' dir='ltr'><strong>ΕΙΣ</strong></span> <span class='ocrx_word' id='word_1_58' title='bbox 1778 987 2273 1135; x_wconf 81' lang='grc' dir='ltr'><strong>ΜΑΡΚΟΝ.</strong></span> 
     </span>
    </p>
   </div>
   <div class='ocr_carea' id='block_1_14' title="bbox 903 1350 2928 1468">
    <p class='ocr_par' dir='ltr' id='par_1_14' title="bbox 903 1350 2928 1468">
     <span class='ocr_line' id='line_1_14' title="bbox 903 1350 2928 1468; baseline 0.003 -7"><span class='ocrx_word' id='word_1_59' title='bbox 903 1372 1415 1464; x_wconf 86' lang='lat' dir='ltr'><strong>SCHOLIA</strong></span> <span class='ocrx_word' id='word_1_60' title='bbox 1487 1376 1615 1464; x_wconf 91' lang='lat' dir='ltr'><strong>IN</strong></span> <span class='ocrx_word' id='word_1_61' title='bbox 1696 1350 2058 1466; x_wconf 76' lang='lat' dir='ltr'><strong>MARCI</strong></span> <span class='ocrx_word' id='word_1_62' title='bbox 2138 1377 2928 1468; x_wconf 86' lang='lat' dir='ltr'><strong>EVANGELIUM</strong></span> 
     </span>
    </p>
   </div>
   <div class='ocr_carea' id='block_1_15' title="bbox 1105 1553 2700 1663">
    <p class='ocr_par' dir='ltr' id='par_1_15' title="bbox 1105 1553 2700 1663">
     <span class='ocr_line' id='line_1_15' title="bbox 1105 1553 2700 1663; baseline 0.003 -49"><span class='ocrx_word' id='word_1_63' title='bbox 1105 1554 1212 1614; x_wconf 78' lang='lat' dir='ltr'><strong>Ea:</strong></span> <span class='ocrx_word' id='word_1_64' title='bbox 1247 1553 1469 1616; x_wconf 85' lang='lat' dir='ltr'><strong>iisdem</strong></span> <span class='ocrx_word' id='word_1_65' title='bbox 1513 1553 1889 1616; x_wconf 77' lang='lat' dir='ltr'><strong>membranis</strong></span> <span class='ocrx_word' id='word_1_66' title='bbox 1939 1555 2326 1663; x_wconf 71' lang='lat' dir='ltr'><strong>bibliotheca</strong></span> <span class='ocrx_word' id='word_1_67' title='bbox 2366 1559 2700 1620; x_wconf 67' lang='lat' dir='ltr'><strong>Vaticana.</strong></span> 
     </span>
    </p>
   </div>
   <div class='ocr_carea' id='block_1_16' title="bbox 877 1824 1245 1881">
    <p class='ocr_par' dir='ltr' id='par_1_16' title="bbox 877 1824 1245 1881">
     <span class='ocr_line' id='line_1_16' title="bbox 877 1824 1245 1881; baseline 0.011 -5"><span class='ocrx_word' id='word_1_68' title='bbox 877 1824 1125 1879; x_wconf 81' lang='grc' dir='ltr'><strong>ΚΕΦΑΛ.</strong></span> <span class='ocrx_word' id='word_1_69' title='bbox 1163 1825 1245 1881; x_wconf 87' lang='grc' dir='ltr'><strong>Θ’.</strong></span> 
     </span>
    </p>
   </div>
   <div class='ocr_carea' id='block_1_17' title="bbox 353 1955 1855 2026">
    <p class='ocr_par' dir='ltr' id='par_1_17' title="bbox 353 1955 1855 2026">
     <span class='ocr_line' id='line_1_17' title="bbox 353 1955 1855 2026; baseline 0.001 -17"><span class='ocrx_word' id='word_1_70' title='bbox 353 1956 561 2026; x_wconf 81' lang='grc' dir='ltr'>Ἐρωτᾷ</span> <span class='ocrx_word' id='word_1_71' title='bbox 608 1957 772 2008; x_wconf 77' lang='grc' dir='ltr'>πόσον</span> <span class='ocrx_word' id='word_1_72' title='bbox 819 1957 1011 2026; x_wconf 77' lang='grc' dir='ltr'>χρόνον</span> <span class='ocrx_word' id='word_1_73' title='bbox 1043 1955 1159 2025; x_wconf 76' lang='grc' dir='ltr'>ἔχει</span> <span class='ocrx_word' id='word_1_74' title='bbox 1190 1956 1348 2009; x_wconf 81' lang='grc' dir='ltr'>τοῦτο</span> <span class='ocrx_word' id='word_1_75' title='bbox 1390 1956 1610 2020; x_wconf 83' lang='grc' dir='ltr'>παθὼν,</span> <span class='ocrx_word' id='word_1_76' title='bbox 1647 1957 1747 2026; x_wconf 84' lang='grc' dir='ltr'>οὐχ</span> <span class='ocrx_word' id='word_1_77' title='bbox 1779 1956 1855 2020; x_wconf 83' lang='grc' dir='ltr'><strong>ὡς</strong></span> 
     </span>
    </p>
   </div>
   <div class='ocr_carea' id='block_1_18' title="bbox 268 2047 1690 2118">
    <p class='ocr_par' dir='ltr' id='par_1_18' title="bbox 268 2047 1690 2118">
     <span class='ocr_line' id='line_1_18' title="bbox 268 2047 1690 2118; baseline 0 -18"><span class='ocrx_word' id='word_1_78' title='bbox 268 2048 480 2116; x_wconf 58' lang='lat' dir='ltr'><strong>(ip/06v</strong></span> <span class='ocrx_word' id='word_1_79' title='bbox 503 2089 516 2114; x_wconf 92' lang='lat'><strong>,</strong></span> <span class='ocrx_word' id='word_1_80' title='bbox 550 2047 665 2100; x_wconf 83' lang='grc' dir='ltr'>ἀλλ’</span> <span class='ocrx_word' id='word_1_81' title='bbox 696 2049 774 2110; x_wconf 75' lang='grc' dir='ltr'>εἰς</span> <span class='ocrx_word' id='word_1_82' title='bbox 805 2048 1047 2118; x_wconf 78' lang='grc' dir='ltr'>χρηστὰς</span> <span class='ocrx_word' id='word_1_83' title='bbox 1075 2047 1299 2111; x_wconf 71' lang='grc' dir='ltr'>ἐλπίδας</span> <span class='ocrx_word' id='word_1_84' title='bbox 1326 2048 1492 2101; x_wconf 77' lang='grc' dir='ltr'>αὑτὸν</span> <span class='ocrx_word' id='word_1_85' title='bbox 1519 2049 1690 2116; x_wconf 75' lang='grc' dir='ltr'>ἄγων.</span> 
     </span>
    </p>
   </div>
   <div class='ocr_carea' id='block_1_19' title="bbox 339 2222 1856 2297">
    <p class='ocr_par' dir='ltr' id='par_1_19' title="bbox 339 2222 1856 2297">
     <span class='ocr_line' id='line_1_19' title="bbox 339 2222 1856 2297; baseline 0.001 -14"><span class='ocrx_word' id='word_1_86' title='bbox 339 2231 432 2294; x_wconf 79' lang='grc' dir='ltr'><strong>Τὸ,</strong></span> <span class='ocrx_word' id='word_1_87' title='bbox 469 2233 538 2284; x_wconf 77' lang='lat' dir='ltr'><strong>Et</strong></span> <span class='ocrx_word' id='word_1_88' title='bbox 579 2230 839 2285; x_wconf 78' lang='grc' dir='ltr'>δύνασαι</span> <span class='ocrx_word' id='word_1_89' title='bbox 879 2232 1204 2287; x_wconf 81' lang='grc' dir='ltr'>πιστεῦσαι</span> <span class='ocrx_word' id='word_1_90' title='bbox 1227 2273 1241 2294; x_wconf 84' lang='grc'><strong>,</strong></span> <span class='ocrx_word' id='word_1_91' title='bbox 1291 2233 1488 2286; x_wconf 78' lang='grc' dir='ltr'>πάντα</span> <span class='ocrx_word' id='word_1_92' title='bbox 1517 2222 1746 2285; x_wconf 72' lang='grc' dir='ltr'>δυνατὰ</span> <span class='ocrx_word' id='word_1_93' title='bbox 1775 2231 1856 2297; x_wconf 83' lang='grc' dir='ltr'>τῷ</span> 
     </span>
    </p>
   </div>
   <div class='ocr_carea' id='block_1_20' title="bbox 271 2322 1856 2393">
    <p class='ocr_par' dir='ltr' id='par_1_20' title="bbox 271 2322 1856 2393">
     <span class='ocr_line' id='line_1_20' title="bbox 271 2322 1856 2393; baseline 0.001 -19"><span class='ocrx_word' id='word_1_94' title='bbox 271 2322 650 2386; x_wconf 79' lang='grc' dir='ltr'><strong>πιστεύοντι,</strong></span> <span class='ocrx_word' id='word_1_95' title='bbox 683 2322 926 2376; x_wconf 76' lang='grc' dir='ltr'>τοιοῦτόν</span> <span class='ocrx_word' id='word_1_96' title='bbox 967 2326 1116 2377; x_wconf 81' lang='grc' dir='ltr'>ἐστιν</span> <span class='ocrx_word' id='word_1_97' title='bbox 1139 2341 1152 2353; x_wconf 90' lang='grc'><strong>·</strong></span> <span class='ocrx_word' id='word_1_98' title='bbox 1189 2325 1269 2387; x_wconf 82' lang='grc' dir='ltr'>εἰς</span> <span class='ocrx_word' id='word_1_99' title='bbox 1324 2324 1488 2377; x_wconf 80' lang='grc' dir='ltr'>αὑτὸν</span> <span class='ocrx_word' id='word_1_100' title='bbox 1537 2325 1856 2393; x_wconf 81' lang='grc' dir='ltr'><strong>περιτρέπει</strong></span> 
     </span>
    </p>
   </div>
   <div class='ocr_carea' id='block_1_21' title="bbox 269 2413 1860 2486">
    <p class='ocr_par' dir='ltr' id='par_1_21' title="bbox 269 2413 1860 2486">
     <span class='ocr_line' id='line_1_21' title="bbox 269 2413 1860 2486; baseline 0.001 -22"><span class='ocrx_word' id='word_1_101' title='bbox 269 2413 331 2464; x_wconf 75' lang='grc' dir='ltr'>τὸ</span> <span class='ocrx_word' id='word_1_102' title='bbox 362 2413 635 2483; x_wconf 72' lang='grc' dir='ltr'>ἔγκλημα,</span> <span class='ocrx_word' id='word_1_103' title='bbox 670 2415 886 2477; x_wconf 71' lang='grc' dir='ltr'>δεικνὺς</span> <span class='ocrx_word' id='word_1_104' title='bbox 914 2415 1086 2486; x_wconf 79' lang='grc' dir='ltr'>αὐτῷ,</span> <span class='ocrx_word' id='word_1_105' title='bbox 1128 2416 1210 2469; x_wconf 80' lang='grc' dir='ltr'><strong>δτι</strong></span> <span class='ocrx_word' id='word_1_106' title='bbox 1251 2415 1378 2468; x_wconf 74' lang='grc' dir='ltr'><strong>Ἐὰν</strong></span> <span class='ocrx_word' id='word_1_107' title='bbox 1416 2414 1741 2485; x_wconf 80' lang='grc' dir='ltr'><strong>πιστεύσῃς,</strong></span> <span class='ocrx_word' id='word_1_108' title='bbox 1774 2413 1860 2467; x_wconf 78' lang='grc' dir='ltr'>δύ-</span> 
     </span>
    </p>
   </div>
   <div class='ocr_carea' id='block_1_22' title="bbox 271 2504 1127 2575">
    <p class='ocr_par' dir='ltr' id='par_1_22' title="bbox 271 2504 1127 2575">
     <span class='ocr_line' id='line_1_22' title="bbox 271 2504 1127 2575; baseline 0.004 -18"><span class='ocrx_word' id='word_1_109' title='bbox 271 2521 434 2557; x_wconf 73' lang='grc' dir='ltr'>νασαι</span> <span class='ocrx_word' id='word_1_110' title='bbox 463 2504 559 2557; x_wconf 74' lang='grc' dir='ltr'><strong>καὶ</strong></span> <span class='ocrx_word' id='word_1_111' title='bbox 588 2505 750 2568; x_wconf 72' lang='grc' dir='ltr'>αὑτὸς</span> <span class='ocrx_word' id='word_1_112' title='bbox 778 2505 1127 2575; x_wconf 82' lang='grc' dir='ltr'>θεραπεύειν.</span> 
     </span>
    </p>
   </div>
   <div class='ocr_carea' id='block_1_23' title="bbox 357 2595 1856 2668">
    <p class='ocr_par' dir='ltr' id='par_1_23' title="bbox 357 2595 1856 2668">
     <span class='ocr_line' id='line_1_23' title="bbox 357 2595 1856 2668; baseline 0.001 -21"><span class='ocrx_word' id='word_1_113' title='bbox 357 2595 609 2664; x_wconf 82' lang='grc' dir='ltr'>Ἀφίησιν</span> <span class='ocrx_word' id='word_1_114' title='bbox 638 2597 801 2649; x_wconf 73' lang='grc' dir='ltr'>αὐτὸν</span> <span class='ocrx_word' id='word_1_115' title='bbox 831 2596 1249 2668; x_wconf 76' lang='grc' dir='ltr'>σπαράττεσθαι</span> <span class='ocrx_word' id='word_1_116' title='bbox 1272 2637 1285 2658; x_wconf 86' lang='grc'><strong>,</strong></span> <span class='ocrx_word' id='word_1_117' title='bbox 1315 2597 1376 2650; x_wconf 82' lang='grc' dir='ltr'><strong>οὐ</strong></span> <span class='ocrx_word' id='word_1_118' title='bbox 1403 2596 1542 2667; x_wconf 71' lang='grc' dir='ltr'>πρὸς</span> <span class='ocrx_word' id='word_1_119' title='bbox 1577 2596 1856 2662; x_wconf 72' lang='grc' dir='ltr'>ἐπίδειξιν,</span> 
     </span>
    </p>
   </div>
   <div class='ocr_carea' id='block_1_24' title="bbox 273 2685 1856 2758">
    <p class='ocr_par' dir='ltr' id='par_1_24' title="bbox 273 2685 1856 2758">
     <span class='ocr_line' id='line_1_24' title="bbox 273 2685 1856 2758; baseline 0.001 -21"><span class='ocrx_word' id='word_1_120' title='bbox 273 2685 410 2738; x_wconf 78' lang='grc' dir='ltr'>ἀλλὰ</span> <span class='ocrx_word' id='word_1_121' title='bbox 437 2685 528 2738; x_wconf 82' lang='grc' dir='ltr'>διὰ</span> <span class='ocrx_word' id='word_1_122' title='bbox 549 2686 642 2737; x_wconf 67' lang='grc' dir='ltr'>τὸν</span> <span class='ocrx_word' id='word_1_123' title='bbox 675 2687 914 2757; x_wconf 78' lang='grc' dir='ltr'>πατέρα,</span> <span class='ocrx_word' id='word_1_124' title='bbox 951 2687 1039 2740; x_wconf 79' lang='grc' dir='ltr'><strong>ἵνα</strong></span> <span class='ocrx_word' id='word_1_125' title='bbox 1068 2687 1230 2740; x_wconf 82' lang='grc' dir='ltr'>πλέον</span> <span class='ocrx_word' id='word_1_126' title='bbox 1261 2686 1551 2757; x_wconf 76' lang='grc' dir='ltr'><strong>Θαυμάσας</strong></span> <span class='ocrx_word' id='word_1_127' title='bbox 1573 2687 1856 2758; x_wconf 79' lang='grc' dir='ltr'>ἐπαναχθῇ</span> 
     </span>
    </p>
   </div>
   <div class='ocr_carea' id='block_1_25' title="bbox 271 2775 1848 2848">
    <p class='ocr_par' dir='ltr' id='par_1_25' title="bbox 271 2775 1848 2848">
     <span class='ocr_line' id='line_1_25' title="bbox 271 2775 1848 2848; baseline 0.02 -23"><span class='ocrx_word' id='word_1_128' title='bbox 271 2778 355 2839; x_wconf 73' lang='grc' dir='ltr'><strong>εἰς</strong></span> <span class='ocrx_word' id='word_1_129' title='bbox 386 2775 570 2829; x_wconf 69' lang='grc' dir='ltr'>πίστιν</span> <span class='ocrx_word' id='word_1_130' title='bbox 591 2793 606 2806; x_wconf 77' lang='grc' dir='ltr'><strong>ο</strong></span> <span class='ocrx_word' id='word_1_131' title='bbox 655 2775 778 2830; x_wconf 71' lang='grc' dir='ltr'>ἰδὼν</span> <span class='ocrx_word' id='word_1_132' title='bbox 812 2778 869 2830; x_wconf 80' lang='grc' dir='ltr'>δὲ</span> <span class='ocrx_word' id='word_1_133' title='bbox 897 2778 1023 2841; x_wconf 66' lang='grc' dir='ltr'>τοὺς</span> <span class='ocrx_word' id='word_1_134' title='bbox 1057 2777 1250 2847; x_wconf 75' lang='grc' dir='ltr'>ὄχλους</span> <span class='ocrx_word' id='word_1_135' title='bbox 1283 2777 1711 2848; x_wconf 68' lang='grc' dir='ltr'>συναγομένουςν</span> <span class='ocrx_word' id='word_1_136' title='bbox 1746 2780 1848 2830; x_wconf 60' lang='grc' dir='ltr'><strong>ἐπ’</strong></span> 
     </span>
    </p>
   </div>
   <div class='ocr_carea' id='block_1_26' title="bbox 271 2869 1863 2941">
    <p class='ocr_par' dir='ltr' id='par_1_26' title="bbox 271 2869 1863 2941">
     <span class='ocr_line' id='line_1_26' title="bbox 271 2869 1863 2941; baseline 0.002 -21"><span class='ocrx_word' id='word_1_137' title='bbox 271 2869 562 2938; x_wconf 79' lang='grc' dir='ltr'>ετίμησεν,</span> <span class='ocrx_word' id='word_1_138' title='bbox 584 2886 648 2936; x_wconf 76' lang='grc' dir='ltr'>φε</span> <span class='ocrx_word' id='word_1_139' title='bbox 658 2869 801 2937; x_wconf 84' lang='grc' dir='ltr'>ύγων</span> <span class='ocrx_word' id='word_1_140' title='bbox 823 2871 882 2923; x_wconf 80' lang='grc' dir='ltr'><strong>τὸ</strong></span> <span class='ocrx_word' id='word_1_141' title='bbox 900 2871 1203 2941; x_wconf 82' lang='grc' dir='ltr'>φιλότιμον.</span> <span class='ocrx_word' id='word_1_142' title='bbox 1229 2871 1684 2941; x_wconf 79' lang='grc' dir='ltr'>Σεληνιαζόμενον</span> <span class='ocrx_word' id='word_1_143' title='bbox 1701 2872 1863 2924; x_wconf 70' lang='grc' dir='ltr'>αὑτὸν</span> 
     </span>
    </p>
   </div>
   <div class='ocr_carea' id='block_1_27' title="bbox 273 2959 1861 3034">
    <p class='ocr_par' dir='ltr' id='par_1_27' title="bbox 273 2959 1861 3034">
     <span class='ocr_line' id='line_1_27' title="bbox 273 2959 1861 3034; baseline 0.003 -23"><span class='ocrx_word' id='word_1_144' title='bbox 273 2959 432 3012; x_wconf 79' lang='grc' dir='ltr'>καλεῖ</span> <span class='ocrx_word' id='word_1_145' title='bbox 457 2961 487 3012; x_wconf 84' lang='grc' dir='ltr'><strong>ὁ</strong></span> <span class='ocrx_word' id='word_1_146' title='bbox 515 2961 910 3032; x_wconf 80' lang='grc' dir='ltr'>εὐαγγελιστὴς</span> <span class='ocrx_word' id='word_1_147' title='bbox 945 2965 1052 3015; x_wconf 82' lang='grc' dir='ltr'>ἀπὸ</span> <span class='ocrx_word' id='word_1_148' title='bbox 1089 2963 1190 3034; x_wconf 83' lang='grc' dir='ltr'><strong>τῆς</strong></span> <span class='ocrx_word' id='word_1_149' title='bbox 1229 2963 1339 3016; x_wconf 81' lang='grc' dir='ltr'>τῶν</span> <span class='ocrx_word' id='word_1_150' title='bbox 1378 2962 1591 3016; x_wconf 81' lang='grc' dir='ltr'>πολλῶν</span> <span class='ocrx_word' id='word_1_151' title='bbox 1629 2962 1861 3032; x_wconf 74' lang='grc' dir='ltr'>ψευδοῦς</span> 
     </span>
    </p>
   </div>
   <div class='ocr_carea' id='block_1_28' title="bbox 272 3049 556 3112">
    <p class='ocr_par' dir='ltr' id='par_1_28' title="bbox 272 3049 556 3112">
     <span class='ocr_line' id='line_1_28' title="bbox 272 3049 556 3112; baseline 0.007 -11"><span class='ocrx_word' id='word_1_152' title='bbox 272 3049 556 3112; x_wconf 76' lang='grc' dir='ltr'>ὑπονοίας.</span> 
     </span>
    </p>
   </div>
   <div class='ocr_carea' id='block_1_29' title="bbox 1882 1831 1930 1890">
    <p class='ocr_par' dir='ltr' id='par_1_29' title="bbox 1882 1831 1930 1890">
     <span class='ocr_line' id='line_1_29' title="bbox 1882 1831 1930 1890; baseline 0 0"><span class='ocrx_word' id='word_1_153' title='bbox 1882 1831 1930 1890; x_wconf 92' lang='grc' dir='ltr'><strong>Β</strong></span> 
     </span>
    </p>
   </div>
   <div class='ocr_carea' id='block_1_30' title="bbox 2582 1827 2940 1884">
    <p class='ocr_par' dir='ltr' id='par_1_30' title="bbox 2582 1827 2940 1884">
     <span class='ocr_line' id='line_1_30' title="bbox 2582 1827 2940 1884; baseline 0.006 -3"><span class='ocrx_word' id='word_1_154' title='bbox 2582 1827 2810 1884; x_wconf 75' lang='lat' dir='ltr'><strong>CAPUT</strong></span> <span class='ocrx_word' id='word_1_155' title='bbox 2846 1828 2940 1883; x_wconf 74' lang='lat' dir='ltr'><strong>IX.</strong></span> 
     </span>
    </p>
   </div>
   <div class='ocr_carea' id='block_1_31' title="bbox 2031 1955 3544 2027">
    <p class='ocr_par' dir='ltr' id='par_1_31' title="bbox 2031 1955 3544 2027">
     <span class='ocr_line' id='line_1_31' title="bbox 2031 1955 3544 2027; baseline -0.002 -16"><span class='ocrx_word' id='word_1_156' title='bbox 2031 1959 2196 2012; x_wconf 67' lang='lat' dir='ltr'><strong>Vens.</strong></span> <span class='ocrx_word' id='word_1_157' title='bbox 2227 1957 2316 2010; x_wconf 74' lang='lat'><strong>20.</strong></span> <span class='ocrx_word' id='word_1_158' title='bbox 2353 1957 2529 2027; x_wconf 79' lang='lat' dir='ltr'><strong>Rogat</strong></span> <span class='ocrx_word' id='word_1_159' title='bbox 2577 1967 2840 2025; x_wconf 74' lang='lat' dir='ltr'><strong>quantum</strong></span> <span class='ocrx_word' id='word_1_160' title='bbox 2891 1955 3151 2022; x_wconf 87' lang='lat' dir='ltr'><strong>temporis</strong></span> <span class='ocrx_word' id='word_1_161' title='bbox 3198 1964 3283 2007; x_wconf 88' lang='lat' dir='ltr'><strong>est</strong></span> <span class='ocrx_word' id='word_1_162' title='bbox 3322 1968 3384 2007; x_wconf 67' lang='lat' dir='ltr'><strong>ex</strong></span> <span class='ocrx_word' id='word_1_163' title='bbox 3433 1968 3544 2024; x_wconf 88' lang='lat' dir='ltr'><strong>quo</strong></span> 
     </span>
    </p>
   </div>
   <div class='ocr_carea' id='block_1_32' title="bbox 1957 2044 3546 2117">
    <p class='ocr_par' dir='ltr' id='par_1_32' title="bbox 1957 2044 3546 2117">
     <span class='ocr_line' id='line_1_32' title="bbox 1957 2044 3546 2117; baseline -0.003 -13"><span class='ocrx_word' id='word_1_164' title='bbox 1957 2050 2004 2104; x_wconf 88' lang='lat' dir='ltr'><strong>ei</strong></span> <span class='ocrx_word' id='word_1_165' title='bbox 2031 2051 2134 2104; x_wconf 92' lang='lat' dir='ltr'><strong>hoc</strong></span> <span class='ocrx_word' id='word_1_166' title='bbox 2156 2050 2374 2112; x_wconf 92' lang='lat' dir='ltr'><strong>accidit,</strong></span> <span class='ocrx_word' id='word_1_167' title='bbox 2407 2065 2512 2104; x_wconf 90' lang='lat' dir='ltr'><strong>non</strong></span> <span class='ocrx_word' id='word_1_168' title='bbox 2547 2059 2604 2102; x_wconf 88' lang='lat' dir='ltr'><strong>ut</strong></span> <span class='ocrx_word' id='word_1_169' title='bbox 2634 2048 2916 2117; x_wconf 80' lang='lat' dir='ltr'><strong>ignorans,</strong></span> <span class='ocrx_word' id='word_1_170' title='bbox 2951 2047 3043 2102; x_wconf 85' lang='lat' dir='ltr'><strong>sed</strong></span> <span class='ocrx_word' id='word_1_171' title='bbox 3074 2047 3124 2100; x_wconf 93' lang='lat' dir='ltr'><strong>in</strong></span> <span class='ocrx_word' id='word_1_172' title='bbox 3158 2061 3309 2115; x_wconf 87' lang='lat' dir='ltr'><strong>spem</strong></span> <span class='ocrx_word' id='word_1_173' title='bbox 3335 2044 3546 2100; x_wconf 84' lang='lat' dir='ltr'><strong>saluta-</strong></span> 
     </span>
    </p>
   </div>
   <div class='ocr_carea' id='block_1_33' title="bbox 1958 2140 3195 2211">
    <p class='ocr_par' dir='ltr' id='par_1_33' title="bbox 1958 2140 3195 2211">
     <span class='ocr_line' id='line_1_33' title="bbox 1958 2140 3195 2211; baseline 0.006 -18"><span class='ocrx_word' id='word_1_174' title='bbox 1958 2155 2071 2195; x_wconf 86' lang='lat' dir='ltr'><strong>rem</strong></span> <span class='ocrx_word' id='word_1_175' title='bbox 2096 2140 2246 2194; x_wconf 91' lang='lat' dir='ltr'><strong>illum</strong></span> <span class='ocrx_word' id='word_1_176' title='bbox 2278 2155 2472 2211; x_wconf 78' lang='lat' dir='ltr'><strong>agens.</strong></span> <span class='ocrx_word' id='word_1_177' title='bbox 3188 2193 3195 2200; x_wconf 91' lang='lat'><strong>.</strong></span> 
     </span>
    </p>
   </div>
   <div class='ocr_carea' id='block_1_34' title="bbox 2029 2228 3545 2301">
    <p class='ocr_par' dir='ltr' id='par_1_34' title="bbox 2029 2228 3545 2301">
     <span class='ocr_line' id='line_1_34' title="bbox 2029 2228 3545 2301; baseline -0.005 -16"><span class='ocrx_word' id='word_1_178' title='bbox 2029 2231 2196 2286; x_wconf 72' lang='lat' dir='ltr'><strong>Vens.</strong></span> <span class='ocrx_word' id='word_1_179' title='bbox 2231 2232 2321 2287; x_wconf 69' lang='lat'><strong>‘22.</strong></span> <span class='ocrx_word' id='word_1_180' title='bbox 2358 2233 2418 2287; x_wconf 89' lang='lat' dir='ltr'><strong>Si</strong></span> <span class='ocrx_word' id='word_1_181' title='bbox 2449 2244 2595 2301; x_wconf 83' lang='lat' dir='ltr'><strong>potes</strong></span> <span class='ocrx_word' id='word_1_182' title='bbox 2631 2231 2866 2294; x_wconf 80' lang='lat' dir='ltr'><strong>credere,</strong></span> <span class='ocrx_word' id='word_1_183' title='bbox 2898 2229 3080 2283; x_wconf 86' lang='lat' dir='ltr'><strong>omnia</strong></span> <span class='ocrx_word' id='word_1_184' title='bbox 3111 2228 3391 2297; x_wconf 82' lang='lat' dir='ltr'><strong>possibilia</strong></span> <span class='ocrx_word' id='word_1_185' title='bbox 3425 2234 3545 2279; x_wconf 79' lang='lat' dir='ltr'><strong>sunt</strong></span> 
     </span>
    </p>
   </div>
   <div class='ocr_carea' id='block_1_35' title="bbox 1959 2321 3548 2389">
    <p class='ocr_par' dir='ltr' id='par_1_35' title="bbox 1959 2321 3548 2389">
     <span class='ocr_line' id='line_1_35' title="bbox 1959 2321 3548 2389; baseline -0.002 -12"><span class='ocrx_word' id='word_1_186' title='bbox 1959 2322 2227 2386; x_wconf 79' lang='lat' dir='ltr'><strong>credenti;</strong></span> <span class='ocrx_word' id='word_1_187' title='bbox 2277 2324 2352 2378; x_wconf 85' lang='lat' dir='ltr'><strong>ita</strong></span> <span class='ocrx_word' id='word_1_188' title='bbox 2400 2322 2634 2388; x_wconf 81' lang='lat' dir='ltr'><strong>intelligi</strong></span> <span class='ocrx_word' id='word_1_189' title='bbox 2663 2322 2827 2374; x_wconf 81' lang='lat' dir='ltr'><strong>debet</strong></span> <span class='ocrx_word' id='word_1_190' title='bbox 2855 2339 2868 2374; x_wconf 92' lang='lat'><strong>:</strong></span> <span class='ocrx_word' id='word_1_191' title='bbox 2893 2321 2947 2374; x_wconf 90' lang='lat' dir='ltr'><strong>in</strong></span> <span class='ocrx_word' id='word_1_192' title='bbox 2984 2322 3163 2389; x_wconf 90' lang='lat' dir='ltr'><strong>ipsum</strong></span> <span class='ocrx_word' id='word_1_193' title='bbox 3198 2321 3414 2388; x_wconf 83' lang='lat' dir='ltr'><strong>culpam</strong></span> <span class='ocrx_word' id='word_1_194' title='bbox 3457 2335 3548 2374; x_wconf 88' lang='lat' dir='ltr'><strong>re-</strong></span> 
     </span>
    </p>
   </div>
   <div class='ocr_carea' id='block_1_36' title="bbox 1954 2409 3546 2484">
    <p class='ocr_par' dir='ltr' id='par_1_36' title="bbox 1954 2409 3546 2484">
     <span class='ocr_line' id='line_1_36' title="bbox 1954 2409 3546 2484; baseline -0.001 -17"><span class='ocrx_word' id='word_1_195' title='bbox 1954 2414 2095 2483; x_wconf 85' lang='lat' dir='ltr'><strong>jicit,</strong></span> <span class='ocrx_word' id='word_1_196' title='bbox 2135 2414 2468 2480; x_wconf 89' lang='lat' dir='ltr'><strong>ostendens,</strong></span> <span class='ocrx_word' id='word_1_197' title='bbox 2498 2413 2623 2484; x_wconf 85' lang='lat' dir='ltr'><strong>quia</strong></span> <span class='ocrx_word' id='word_1_198' title='bbox 2671 2413 2731 2468; x_wconf 85' lang='lat' dir='ltr'><strong>Si</strong></span> <span class='ocrx_word' id='word_1_199' title='bbox 2781 2411 3060 2479; x_wconf 82' lang='lat' dir='ltr'><strong>crederes,</strong></span> <span class='ocrx_word' id='word_1_200' title='bbox 3105 2427 3296 2482; x_wconf 90' lang='lat' dir='ltr'><strong>posses</strong></span> <span class='ocrx_word' id='word_1_201' title='bbox 3350 2409 3546 2480; x_wconf 89' lang='lat' dir='ltr'><strong>etipse</strong></span> 
     </span>
    </p>
   </div>
   <div class='ocr_carea' id='block_1_37' title="bbox 1960 2523 2178 2563">
    <p class='ocr_par' dir='ltr' id='par_1_37' title="bbox 1960 2523 2178 2563">
     <span class='ocr_line' id='line_1_37' title="bbox 1960 2523 2178 2563; baseline 0 -1"><span class='ocrx_word' id='word_1_202' title='bbox 1960 2523 2178 2563; x_wconf 78' lang='lat' dir='ltr'><strong>sanare.</strong></span> 
     </span>
    </p>
   </div>
   <div class='ocr_carea' id='block_1_38' title="bbox 2035 2595 3551 2666">
    <p class='ocr_par' dir='ltr' id='par_1_38' title="bbox 2035 2595 3551 2666">
     <span class='ocr_line' id='line_1_38' title="bbox 2035 2595 3551 2666; baseline -0.001 -15"><span class='ocrx_word' id='word_1_203' title='bbox 2035 2596 2321 2654; x_wconf 59' lang='lat'><strong>“£35.25.</strong></span> <span class='ocrx_word' id='word_1_204' title='bbox 2355 2597 2498 2653; x_wconf 86' lang='lat' dir='ltr'><strong>Sinit</strong></span> <span class='ocrx_word' id='word_1_205' title='bbox 2557 2610 2685 2651; x_wconf 88' lang='lat' dir='ltr'><strong>eum</strong></span> <span class='ocrx_word' id='word_1_206' title='bbox 2736 2595 2996 2666; x_wconf 84' lang='lat' dir='ltr'><strong>discerpi,</strong></span> <span class='ocrx_word' id='word_1_207' title='bbox 3032 2611 3142 2650; x_wconf 88' lang='lat' dir='ltr'><strong>non</strong></span> <span class='ocrx_word' id='word_1_208' title='bbox 3199 2595 3252 2649; x_wconf 92' lang='lat' dir='ltr'><strong>in</strong></span> <span class='ocrx_word' id='word_1_209' title='bbox 3305 2605 3551 2650; x_wconf 74' lang='lat' dir='ltr'><strong>ostenta-</strong></span> 
     </span>
    </p>
   </div>
   <div class='ocr_carea' id='block_1_39' title="bbox 1962 2686 3552 2760">
    <p class='ocr_par' dir='ltr' id='par_1_39' title="bbox 1962 2686 3552 2760">
     <span class='ocr_line' id='line_1_39' title="bbox 1962 2686 3552 2760; baseline -0.002 -15"><span class='ocrx_word' id='word_1_210' title='bbox 1962 2691 2195 2757; x_wconf 83' lang='lat' dir='ltr'><strong>tionem,</strong></span> <span class='ocrx_word' id='word_1_211' title='bbox 2224 2690 2321 2746; x_wconf 88' lang='lat' dir='ltr'><strong>sed</strong></span> <span class='ocrx_word' id='word_1_212' title='bbox 2376 2697 2604 2760; x_wconf 78' lang='lat' dir='ltr'><strong>propter</strong></span> <span class='ocrx_word' id='word_1_213' title='bbox 2639 2695 2965 2758; x_wconf 85' lang='lat' dir='ltr'><strong>patrem,ut</strong></span> <span class='ocrx_word' id='word_1_214' title='bbox 3023 2687 3198 2754; x_wconf 80' lang='lat' dir='ltr'><strong>magis</strong></span> <span class='ocrx_word' id='word_1_215' title='bbox 3247 2686 3552 2742; x_wconf 80' lang='lat' dir='ltr'><strong>admiratus</strong></span> 
     </span>
    </p>
   </div>
   <div class='ocr_carea' id='block_1_40' title="bbox 1963 2779 3554 2847">
    <p class='ocr_par' dir='ltr' id='par_1_40' title="bbox 1963 2779 3554 2847">
     <span class='ocr_line' id='line_1_40' title="bbox 1963 2779 3554 2847; baseline -0.004 -11"><span class='ocrx_word' id='word_1_216' title='bbox 1963 2783 2266 2837; x_wconf 85' lang='lat' dir='ltr'><strong>adducatur</strong></span> <span class='ocrx_word' id='word_1_217' title='bbox 2309 2781 2380 2836; x_wconf 84' lang='lat' dir='ltr'><strong>ad</strong></span> <span class='ocrx_word' id='word_1_218' title='bbox 2404 2781 2588 2846; x_wconf 81' lang='lat' dir='ltr'><strong>ﬁdem;</strong></span> <span class='ocrx_word' id='word_1_219' title='bbox 2627 2781 2824 2835; x_wconf 81' lang='lat' dir='ltr'><strong>videns</strong></span> <span class='ocrx_word' id='word_1_220' title='bbox 2871 2787 3052 2834; x_wconf 86' lang='lat' dir='ltr'><strong>autem</strong></span> <span class='ocrx_word' id='word_1_221' title='bbox 3087 2779 3278 2833; x_wconf 86' lang='lat' dir='ltr'><strong>turbas</strong></span> <span class='ocrx_word' id='word_1_222' title='bbox 3325 2792 3554 2847; x_wconf 77' lang='lat' dir='ltr'><strong>congre-</strong></span> 
     </span>
    </p>
   </div>
   <div class='ocr_carea' id='block_1_41' title="bbox 1960 2867 3552 2943">
    <p class='ocr_par' dir='ltr' id='par_1_41' title="bbox 1960 2867 3552 2943">
     <span class='ocr_line' id='line_1_41' title="bbox 1960 2867 3552 2943; baseline -0.007 -15"><span class='ocrx_word' id='word_1_223' title='bbox 1960 2885 2137 2942; x_wconf 75' lang='lat' dir='ltr'><strong>gaias,</strong></span> <span class='ocrx_word' id='word_1_224' title='bbox 2164 2873 2468 2943; x_wconf 86' lang='lat' dir='ltr'><strong>increpavit</strong></span> <span class='ocrx_word' id='word_1_225' title='bbox 2518 2871 2736 2940; x_wconf 75' lang='lat' dir='ltr'><strong>fugiens</strong></span> <span class='ocrx_word' id='word_1_226' title='bbox 2797 2869 3174 2924; x_wconf 84' lang='lat' dir='ltr'><strong>ambitionem.</strong></span> <span class='ocrx_word' id='word_1_227' title='bbox 3227 2867 3552 2922; x_wconf 85' lang='lat' dir='ltr'><strong>Lunatienm</strong></span> 
     </span>
    </p>
   </div>
   <div class='ocr_carea' id='block_1_42' title="bbox 1965 2959 3557 3032">
    <p class='ocr_par' dir='ltr' id='par_1_42' title="bbox 1965 2959 3557 3032">
     <span class='ocr_line' id='line_1_42' title="bbox 1965 2959 3557 3032; baseline -0.006 -11"><span class='ocrx_word' id='word_1_228' title='bbox 1965 2968 2112 3021; x_wconf 88' lang='lat' dir='ltr'><strong>hunc</strong></span> <span class='ocrx_word' id='word_1_229' title='bbox 2137 2975 2294 3021; x_wconf 86' lang='lat' dir='ltr'><strong>vocat</strong></span> <span class='ocrx_word' id='word_1_230' title='bbox 2335 2963 2668 3032; x_wconf 79' lang='lat' dir='ltr'><strong>evangelista</strong></span> <span class='ocrx_word' id='word_1_231' title='bbox 2711 2962 2783 3016; x_wconf 84' lang='lat' dir='ltr'><strong>ab</strong></span> <span class='ocrx_word' id='word_1_232' title='bbox 2829 2975 3064 3017; x_wconf 85' lang='lat' dir='ltr'><strong>erronea</strong></span> <span class='ocrx_word' id='word_1_233' title='bbox 3105 2959 3404 3014; x_wconf 76' lang='lat' dir='ltr'><strong>multorum.</strong></span> <span class='ocrx_word' id='word_1_234' title='bbox 3438 2962 3557 3027; x_wconf 83' lang='lat' dir='ltr'><strong>opi-</strong></span> 
     </span>
    </p>
   </div>
   <div class='ocr_carea' id='block_1_43' title="bbox 1967 3073 2156 3114">
    <p class='ocr_par' dir='ltr' id='par_1_43' title="bbox 1967 3073 2156 3114">
     <span class='ocr_line' id='line_1_43' title="bbox 1967 3073 2156 3114; baseline -0.016 -1"><span class='ocrx_word' id='word_1_235' title='bbox 1967 3073 2156 3114; x_wconf 80' lang='lat' dir='ltr'><strong>alone.</strong></span> 
     </span>
    </p>
   </div>
   <div class='ocr_carea' id='block_1_44' title="bbox 358 3141 1885 3225">
    <p class='ocr_par' dir='ltr' id='par_1_44' title="bbox 358 3141 1860 3216">
     <span class='ocr_line' id='line_1_44' title="bbox 358 3141 1860 3216; baseline 0.005 -22"><span class='ocrx_word' id='word_1_236' title='bbox 358 3141 669 3211; x_wconf 84' lang='grc' dir='ltr'>Ἐρωτῶσιν</span> <span class='ocrx_word' id='word_1_237' title='bbox 704 3141 794 3196; x_wconf 82' lang='grc' dir='ltr'>διὰ</span> <span class='ocrx_word' id='word_1_238' title='bbox 822 3143 875 3196; x_wconf 80' lang='grc' dir='ltr'><strong>τε</strong></span> <span class='ocrx_word' id='word_1_239' title='bbox 894 3144 995 3197; x_wconf 76' lang='grc' dir='ltr'><strong>οὐκ</strong></span> <span class='ocrx_word' id='word_1_240' title='bbox 1024 3144 1368 3215; x_wconf 74' lang='grc' dir='ltr'>ἠδυνήθησαν</span> <span class='ocrx_word' id='word_1_241' title='bbox 1387 3145 1480 3198; x_wconf 82' lang='grc' dir='ltr'><strong>τὸν</strong></span> <span class='ocrx_word' id='word_1_242' title='bbox 1501 3145 1736 3216; x_wconf 79' lang='grc' dir='ltr'>δαίμονα</span> <span class='ocrx_word' id='word_1_243' title='bbox 1767 3149 1860 3201; x_wconf 77' lang='grc' dir='ltr'><strong>ὲκο</strong></span> 
     </span>
    </p>
   </div>
   <div class='ocr_carea' id='block_1_45' title="bbox 1982 3141 3558 3225">
    <p class='ocr_par' dir='ltr' id='par_1_45' title="bbox 2036 3141 3558 3217">
     <span class='ocr_line' id='line_1_45' title="bbox 2036 3141 3558 3217; baseline -0.007 -13"><span class='ocrx_word' id='word_1_244' title='bbox 2036 3150 2200 3204; x_wconf 65' lang='grc' dir='ltr'>ὶέιιε.</span> <span class='ocrx_word' id='word_1_245' title='bbox 2237 3149 2330 3203; x_wconf 75' lang='lat'><strong>27.</strong></span> <span class='ocrx_word' id='word_1_246' title='bbox 2365 3147 2714 3217; x_wconf 82' lang='lat' dir='ltr'><strong>Interrogant</strong></span> <span class='ocrx_word' id='word_1_247' title='bbox 2743 3159 2916 3215; x_wconf 83' lang='lat' dir='ltr'><strong>quare</strong></span> <span class='ocrx_word' id='word_1_248' title='bbox 2955 3158 3071 3198; x_wconf 89' lang='lat' dir='ltr'><strong>n-ou-</strong></span> <span class='ocrx_word' id='word_1_249' title='bbox 3112 3141 3425 3212; x_wconf 84' lang='lat' dir='ltr'><strong>potuissent</strong></span> <span class='ocrx_word' id='word_1_250' title='bbox 3457 3141 3558 3210; x_wconf 72' lang='grc' dir='ltr'><strong>ι-Ῑίι-</strong></span> 
     </span>
    </p>
   </div>
   <div class='ocr_carea' id='block_1_46' title="bbox 272 3233 1786 3308">
    <p class='ocr_par' dir='ltr' id='par_1_46' title="bbox 272 3233 1786 3308">
     <span class='ocr_line' id='line_1_46' title="bbox 272 3233 1786 3308; baseline 0.005 -23"><span class='ocrx_word' id='word_1_251' title='bbox 272 3233 458 3288; x_wconf 68' lang='grc' dir='ltr'>ϐαλεῖν</span> <span class='ocrx_word' id='word_1_252' title='bbox 479 3273 496 3299; x_wconf 90' lang='grc'><strong>,</strong></span> <span class='ocrx_word' id='word_1_253' title='bbox 526 3233 873 3303; x_wconf 81' lang='grc' dir='ltr'>ἀγωνιῶντες</span> <span class='ocrx_word' id='word_1_254' title='bbox 913 3236 1126 3303; x_wconf 84' lang='grc' dir='ltr'>μήποτε</span> <span class='ocrx_word' id='word_1_255' title='bbox 1156 3236 1254 3308; x_wconf 80' lang='grc' dir='ltr'>τὴν</span> <span class='ocrx_word' id='word_1_256' title='bbox 1283 3237 1444 3308; x_wconf 82' lang='grc' dir='ltr'>χάριν</span> <span class='ocrx_word' id='word_1_257' title='bbox 1473 3237 1786 3294; x_wconf 79' lang='grc' dir='ltr'>ἀπώλεσαν.</span> 
     </span>
    </p>
   </div>
   <div class='ocr_carea' id='block_1_47' title="bbox 895 3343 1245 3399">
    <p class='ocr_par' dir='ltr' id='par_1_47' title="bbox 895 3343 1245 3399">
     <span class='ocr_line' id='line_1_47' title="bbox 895 3343 1245 3399; baseline 0 -1"><span class='ocrx_word' id='word_1_258' title='bbox 895 3345 1147 3399; x_wconf 78' lang='grc' dir='ltr'><strong>ΚΕΦΑΛ.</strong></span> <span class='ocrx_word' id='word_1_259' title='bbox 1186 3343 1245 3398; x_wconf 83' lang='grc' dir='ltr'>ι’.</span> 
     </span>
    </p>
   </div>
   <div class='ocr_carea' id='block_1_48' title="bbox 359 3467 1860 3540">
    <p class='ocr_par' dir='ltr' id='par_1_48' title="bbox 359 3467 1860 3540">
     <span class='ocr_line' id='line_1_48' title="bbox 359 3467 1860 3540; baseline 0.001 -18"><span class='ocrx_word' id='word_1_260' title='bbox 359 3471 596 3533; x_wconf 81' lang='grc' dir='ltr'>Ἐκεῖνος</span> <span class='ocrx_word' id='word_1_261' title='bbox 631 3468 921 3540; x_wconf 84' lang='grc' dir='ltr'>ανθρωπον</span> <span class='ocrx_word' id='word_1_262' title='bbox 969 3470 1134 3524; x_wconf 82' lang='grc' dir='ltr'>αὐτὸν</span> <span class='ocrx_word' id='word_1_263' title='bbox 1171 3469 1428 3540; x_wconf 73' lang='grc' dir='ltr'>ἐνόμιζεν</span> <span class='ocrx_word' id='word_1_264' title='bbox 1475 3467 1617 3524; x_wconf 81' lang='grc' dir='ltr'>εἶναι</span> <span class='ocrx_word' id='word_1_265' title='bbox 1666 3472 1762 3524; x_wconf 73' lang='grc' dir='ltr'>καὶ</span> <span class='ocrx_word' id='word_1_266' title='bbox 1800 3473 1860 3524; x_wconf 86' lang='grc' dir='ltr'>οὕ</span> 
     </span>
    </p>
   </div>
   <div class='ocr_carea' id='block_1_49' title="bbox 275 3561 1866 3634">
    <p class='ocr_par' dir='ltr' id='par_1_49' title="bbox 275 3561 1866 3634">
     <span class='ocr_line' id='line_1_49' title="bbox 275 3561 1866 3634; baseline 0.003 -21"><span class='ocrx_word' id='word_1_267' title='bbox 275 3561 412 3614; x_wconf 84' lang='grc' dir='ltr'>Θεόν</span> <span class='ocrx_word' id='word_1_268' title='bbox 433 3579 448 3596; x_wconf 89' lang='grc'><strong>·</strong></span> <span class='ocrx_word' id='word_1_269' title='bbox 480 3563 578 3614; x_wconf 78' lang='grc' dir='ltr'>καὶ</span> <span class='ocrx_word' id='word_1_270' title='bbox 600 3561 790 3616; x_wconf 80' lang='grc' dir='ltr'>τοῦτον</span> <span class='ocrx_word' id='word_1_271' title='bbox 822 3561 1052 3631; x_wconf 74' lang='grc' dir='ltr'>ἔχειτὸν</span> <span class='ocrx_word' id='word_1_272' title='bbox 1083 3561 1211 3616; x_wconf 83' lang='grc' dir='ltr'>νοῦν</span> <span class='ocrx_word' id='word_1_273' title='bbox 1243 3565 1276 3633; x_wconf 83' lang='grc' dir='ltr'>ἡ</span> <span class='ocrx_word' id='word_1_274' title='bbox 1311 3564 1606 3634; x_wconf 80' lang='grc' dir='ltr'>ἀπόκρισις</span> <span class='ocrx_word' id='word_1_275' title='bbox 1626 3580 1640 3594; x_wconf 78' lang='grc' dir='ltr'><strong>ο</strong></span> <span class='ocrx_word' id='word_1_276' title='bbox 1674 3565 1736 3616; x_wconf 79' lang='grc' dir='ltr'><strong>Εἰ</strong></span> <span class='ocrx_word' id='word_1_277' title='bbox 1765 3563 1866 3633; x_wconf 79' lang='grc' dir='ltr'><strong>μὲν</strong></span> 
     </span>
    </p>
   </div>
   <div class='ocr_carea' id='block_1_50' title="bbox 273 3653 1864 3725">
    <p class='ocr_par' dir='ltr' id='par_1_50' title="bbox 273 3653 1864 3725">
     <span class='ocr_line' id='line_1_50' title="bbox 273 3653 1864 3725; baseline 0.003 -19"><span class='ocrx_word' id='word_1_278' title='bbox 273 3656 425 3722; x_wconf 75' lang='grc' dir='ltr'>γὰρ,</span> <span class='ocrx_word' id='word_1_279' title='bbox 473 3655 675 3723; x_wconf 66' lang='grc' dir='ltr'>φησιν,</span> <span class='ocrx_word' id='word_1_280' title='bbox 736 3653 1026 3724; x_wconf 77' lang='grc' dir='ltr'>ἄνθρωπόν</span> <span class='ocrx_word' id='word_1_281' title='bbox 1081 3671 1152 3722; x_wconf 85' lang='grc' dir='ltr'>με</span> <span class='ocrx_word' id='word_1_282' title='bbox 1189 3655 1432 3725; x_wconf 78' lang='grc' dir='ltr'>νομίζεις</span> <span class='ocrx_word' id='word_1_283' title='bbox 1480 3657 1574 3709; x_wconf 76' lang='grc' dir='ltr'><strong>καὶ</strong></span> <span class='ocrx_word' id='word_1_284' title='bbox 1617 3656 1676 3708; x_wconf 86' lang='grc' dir='ltr'><strong>οὐ</strong></span> <span class='ocrx_word' id='word_1_285' title='bbox 1731 3658 1864 3711; x_wconf 79' lang='grc' dir='ltr'>Θεὸν</span> 
     </span>
    </p>
   </div>
   <div class='ocr_carea' id='block_1_51' title="bbox 274 3743 1864 3818">
    <p class='ocr_par' dir='ltr' id='par_1_51' title="bbox 274 3743 1864 3818">
     <span class='ocr_line' id='line_1_51' title="bbox 274 3743 1864 3818; baseline 0.001 -18"><span class='ocrx_word' id='word_1_286' title='bbox 274 3743 444 3808; x_wconf 82' lang='grc' dir='ltr'>εἶναι,</span> <span class='ocrx_word' id='word_1_287' title='bbox 489 3747 563 3816; x_wconf 84' lang='grc' dir='ltr'><strong>μή</strong></span> <span class='ocrx_word' id='word_1_288' title='bbox 608 3764 675 3814; x_wconf 83' lang='grc' dir='ltr'>με</span> <span class='ocrx_word' id='word_1_289' title='bbox 715 3746 881 3817; x_wconf 78' lang='grc' dir='ltr'>λέγῃς</span> <span class='ocrx_word' id='word_1_290' title='bbox 922 3747 1127 3815; x_wconf 79' lang='grc' dir='ltr'>ἀγαθόν</span> <span class='ocrx_word' id='word_1_291' title='bbox 1153 3763 1168 3778; x_wconf 70' lang='grc'><strong><em>⁸</em></strong></span> <span class='ocrx_word' id='word_1_292' title='bbox 1207 3749 1270 3801; x_wconf 89' lang='grc' dir='ltr'><strong>οὐ</strong></span> <span class='ocrx_word' id='word_1_293' title='bbox 1317 3749 1426 3818; x_wconf 72' lang='grc' dir='ltr'><strong>γὰρ</strong></span> <span class='ocrx_word' id='word_1_294' title='bbox 1474 3748 1725 3816; x_wconf 67' lang='grc' dir='ltr'>διαφέρει</span> <span class='ocrx_word' id='word_1_295' title='bbox 1766 3753 1864 3804; x_wconf 83' lang='grc' dir='ltr'><strong>ἀν-</strong></span> 
     </span>
    </p>
   </div>
   <div class='ocr_carea' id='block_1_52' title="bbox 273 3838 1867 3913">
    <p class='ocr_par' dir='ltr' id='par_1_52' title="bbox 273 3838 1867 3913">
     <span class='ocr_line' id='line_1_52' title="bbox 273 3838 1867 3913; baseline 0.003 -20"><span class='ocrx_word' id='word_1_296' title='bbox 273 3839 527 3910; x_wconf 78' lang='grc' dir='ltr'>θρωπίνῃ</span> <span class='ocrx_word' id='word_1_297' title='bbox 579 3838 739 3906; x_wconf 79' lang='grc' dir='ltr'>φύσει</span> <span class='ocrx_word' id='word_1_298' title='bbox 789 3840 851 3892; x_wconf 76' lang='grc' dir='ltr'>τὸ</span> <span class='ocrx_word' id='word_1_299' title='bbox 903 3839 1140 3908; x_wconf 81' lang='grc' dir='ltr'>ἀγαθὸν,</span> <span class='ocrx_word' id='word_1_300' title='bbox 1189 3839 1328 3894; x_wconf 81' lang='grc' dir='ltr'>ἀλλὰ</span> <span class='ocrx_word' id='word_1_301' title='bbox 1371 3840 1491 3910; x_wconf 87' lang='grc' dir='ltr'><strong>Θεῷ</strong></span> <span class='ocrx_word' id='word_1_302' title='bbox 1537 3842 1706 3913; x_wconf 84' lang='grc' dir='ltr'>μόνῳ.</span> <span class='ocrx_word' id='word_1_303' title='bbox 1753 3843 1867 3896; x_wconf 72' lang='grc' dir='ltr'><strong>Καὶ</strong></span> 
     </span>
    </p>
   </div>
   <div class='ocr_carea' id='block_1_53' title="bbox 273 3927 1861 4005">
    <p class='ocr_par' dir='ltr' id='par_1_53' title="bbox 273 3927 1861 4005">
     <span class='ocr_line' id='line_1_53' title="bbox 273 3927 1861 4005; baseline 0.003 -21"><span class='ocrx_word' id='word_1_304' title='bbox 273 3931 551 4002; x_wconf 74' lang='grc' dir='ltr'>ἐπιφέρειο</span> <span class='ocrx_word' id='word_1_305' title='bbox 593 3932 702 3996; x_wconf 84' lang='grc' dir='ltr'><strong>Τὰς</strong></span> <span class='ocrx_word' id='word_1_306' title='bbox 722 3931 976 3998; x_wconf 71' lang='grc' dir='ltr'>ἐντολὰς</span> <span class='ocrx_word' id='word_1_307' title='bbox 1007 3927 1195 3999; x_wconf 78' lang='grc' dir='ltr'>οἶδας.</span> <span class='ocrx_word' id='word_1_308' title='bbox 1219 3933 1517 4005; x_wconf 74' lang='grc' dir='ltr'>Εἰρηκότος</span> <span class='ocrx_word' id='word_1_309' title='bbox 1539 3934 1597 3987; x_wconf 86' lang='grc' dir='ltr'>δὲ</span> <span class='ocrx_word' id='word_1_310' title='bbox 1614 3935 1825 3988; x_wconf 80' lang='grc' dir='ltr'>ἐκείνου</span> <span class='ocrx_word' id='word_1_311' title='bbox 1847 3951 1861 3965; x_wconf 90' lang='grc'><strong>·</strong></span> 
     </span>
    </p>
   </div>
   <div class='ocr_carea' id='block_1_54' title="bbox 273 4023 1868 4096">
    <p class='ocr_par' dir='ltr' id='par_1_54' title="bbox 273 4023 1868 4096">
     <span class='ocr_line' id='line_1_54' title="bbox 273 4023 1868 4096; baseline 0.004 -20"><span class='ocrx_word' id='word_1_312' title='bbox 273 4024 493 4089; x_wconf 80' lang='grc' dir='ltr'>ΙΙοίας;</span> <span class='ocrx_word' id='word_1_313' title='bbox 523 4024 628 4093; x_wconf 75' lang='grc' dir='ltr'><strong>ἔφη</strong></span> <span class='ocrx_word' id='word_1_314' title='bbox 661 4023 745 4088; x_wconf 69' lang='grc' dir='ltr'><strong>τὺ,</strong></span> <span class='ocrx_word' id='word_1_315' title='bbox 781 4025 862 4077; x_wconf 84' lang='grc' dir='ltr'><strong>Οὐ</strong></span> <span class='ocrx_word' id='word_1_316' title='bbox 887 4025 1260 4092; x_wconf 79' lang='grc' dir='ltr'>μοιχεύσεις,</span> <span class='ocrx_word' id='word_1_317' title='bbox 1292 4028 1365 4080; x_wconf 85' lang='grc' dir='ltr'>οὺ</span> <span class='ocrx_word' id='word_1_318' title='bbox 1394 4027 1740 4096; x_wconf 74' lang='grc' dir='ltr'>φονεύσεις,</span> <span class='ocrx_word' id='word_1_319' title='bbox 1772 4030 1868 4082; x_wconf 77' lang='grc' dir='ltr'><strong>καὶ</strong></span> 
     </span>
    </p>
   </div>
   <div class='ocr_carea' id='block_1_55' title="bbox 273 4114 1868 4188">
    <p class='ocr_par' dir='ltr' id='par_1_55' title="bbox 273 4114 1868 4188">
     <span class='ocr_line' id='line_1_55' title="bbox 273 4114 1868 4188; baseline 0.003 -20"><span class='ocrx_word' id='word_1_320' title='bbox 273 4115 347 4168; x_wconf 69' lang='grc' dir='ltr'><strong>τὰ</strong></span> <span class='ocrx_word' id='word_1_321' title='bbox 389 4115 536 4184; x_wconf 77' lang='grc' dir='ltr'>ἑξῆς.</span> <span class='ocrx_word' id='word_1_322' title='bbox 595 4115 956 4183; x_wconf 76' lang='grc' dir='ltr'>Ἀπεκρίνατο</span> <span class='ocrx_word' id='word_1_323' title='bbox 990 4114 1202 4184; x_wconf 80' lang='grc' dir='ltr'>λέγων’</span> <span class='ocrx_word' id='word_1_324' title='bbox 1249 4115 1448 4171; x_wconf 84' lang='grc' dir='ltr'>Ταῦτα</span> <span class='ocrx_word' id='word_1_325' title='bbox 1491 4118 1689 4172; x_wconf 76' lang='grc' dir='ltr'>πάντα</span> <span class='ocrx_word' id='word_1_326' title='bbox 1724 4119 1868 4188; x_wconf 68' lang='grc' dir='ltr'><strong>ἐφύ-</strong></span> 
     </span>
    </p>
   </div>
   <div class='ocr_carea' id='block_1_56' title="bbox 275 4205 1866 4278">
    <p class='ocr_par' dir='ltr' id='par_1_56' title="bbox 275 4205 1866 4278">
     <span class='ocr_line' id='line_1_56' title="bbox 275 4205 1866 4278; baseline 0.001 -20"><span class='ocrx_word' id='word_1_327' title='bbox 275 4205 441 4270; x_wconf 69' lang='grc' dir='ltr'>λαξα</span> <span class='ocrx_word' id='word_1_328' title='bbox 467 4205 535 4258; x_wconf 74' lang='grc' dir='ltr'><strong>ἐκ</strong></span> <span class='ocrx_word' id='word_1_329' title='bbox 564 4205 850 4272; x_wconf 79' lang='grc' dir='ltr'>νεότητός</span> <span class='ocrx_word' id='word_1_330' title='bbox 867 4224 986 4275; x_wconf 80' lang='grc' dir='ltr'>μου</span> <span class='ocrx_word' id='word_1_331' title='bbox 1006 4223 1022 4238; x_wconf 79' lang='grc' dir='ltr'><strong><em>ο</em></strong></span> <span class='ocrx_word' id='word_1_332' title='bbox 1056 4207 1108 4260; x_wconf 84' lang='grc' dir='ltr'>τί</span> <span class='ocrx_word' id='word_1_333' title='bbox 1137 4206 1218 4260; x_wconf 79' lang='grc' dir='ltr'>ἔτι</span> <span class='ocrx_word' id='word_1_334' title='bbox 1241 4206 1488 4277; x_wconf 61' lang='lat' dir='ltr'><strong>decepti);</strong></span> <span class='ocrx_word' id='word_1_335' title='bbox 1515 4209 1658 4278; x_wconf 78' lang='grc' dir='ltr'><strong>Ἔφη</strong></span> <span class='ocrx_word' id='word_1_336' title='bbox 1687 4209 1834 4278; x_wconf 80' lang='grc' dir='ltr'>αὑτῴ</span> <span class='ocrx_word' id='word_1_337' title='bbox 1852 4226 1866 4240; x_wconf 77' lang='grc' dir='ltr'><strong>ο</strong></span> 
     </span>
    </p>
   </div>
   <div class='ocr_carea' id='block_1_57' title="bbox 273 4290 1870 4364">
    <p class='ocr_par' dir='ltr' id='par_1_57' title="bbox 273 4290 1870 4364">
     <span class='ocr_line' id='line_1_57' title="bbox 273 4290 1870 4364; baseline 0.002 -16"><span class='ocrx_word' id='word_1_338' title='bbox 273 4297 342 4348; x_wconf 77' lang='grc' dir='ltr'><strong><em>ΕΙ</em></strong></span> <span class='ocrx_word' id='word_1_339' title='bbox 372 4296 566 4361; x_wconf 76' lang='grc' dir='ltr'>θέλεις</span> <span class='ocrx_word' id='word_1_340' title='bbox 603 4293 832 4361; x_wconf 75' lang='grc' dir='ltr'>τέλειος</span> <span class='ocrx_word' id='word_1_341' title='bbox 863 4290 1052 4360; x_wconf 84' lang='grc' dir='ltr'>εἶναι,</span> <span class='ocrx_word' id='word_1_342' title='bbox 1095 4295 1290 4364; x_wconf 79' lang='grc' dir='ltr'>ὕπαγε</span> <span class='ocrx_word' id='word_1_343' title='bbox 1317 4298 1612 4364; x_wconf 77' lang='grc' dir='ltr'><strong>πώλησόν</strong></span> <span class='ocrx_word' id='word_1_344' title='bbox 1649 4313 1765 4351; x_wconf 88' lang='grc' dir='ltr'>σου</span> <span class='ocrx_word' id='word_1_345' title='bbox 1801 4299 1870 4351; x_wconf 82' lang='grc' dir='ltr'>τὰ</span> 
     </span>
    </p>
   </div>
   <div class='ocr_carea' id='block_1_58' title="bbox 275 4386 1872 4457">
    <p class='ocr_par' dir='ltr' id='par_1_58' title="bbox 275 4386 1872 4457">
     <span class='ocr_line' id='line_1_58' title="bbox 275 4386 1872 4457; baseline 0.001 -15"><span class='ocrx_word' id='word_1_346' title='bbox 275 4387 632 4455; x_wconf 79' lang='grc' dir='ltr'>ὑπάρχοντα</span> <span class='ocrx_word' id='word_1_347' title='bbox 659 4388 760 4440; x_wconf 82' lang='grc' dir='ltr'><strong>καὶ</strong></span> <span class='ocrx_word' id='word_1_348' title='bbox 794 4386 901 4452; x_wconf 84' lang='grc' dir='ltr'>δὸς</span> <span class='ocrx_word' id='word_1_349' title='bbox 926 4387 1204 4457; x_wconf 84' lang='grc' dir='ltr'>πτωχοῖς,</span> <span class='ocrx_word' id='word_1_350' title='bbox 1237 4387 1334 4442; x_wconf 75' lang='grc' dir='ltr'><strong>καὶ</strong></span> <span class='ocrx_word' id='word_1_351' title='bbox 1360 4388 1521 4455; x_wconf 77' lang='grc' dir='ltr'>ἕξεις</span> <span class='ocrx_word' id='word_1_352' title='bbox 1556 4392 1872 4457; x_wconf 78' lang='grc' dir='ltr'>θησαυρὸν</span> 
     </span>
    </p>
   </div>
   <div class='ocr_carea' id='block_1_59' title="bbox 1969 3233 3553 3307">
    <p class='ocr_par' dir='ltr' id='par_1_59' title="bbox 1969 3233 3553 3307">
     <span class='ocr_line' id='line_1_59' title="bbox 1969 3233 3553 3307; baseline -0.006 -10"><span class='ocrx_word' id='word_1_353' title='bbox 1969 3255 2095 3298; x_wconf 84' lang='lat' dir='ltr'><strong>cere</strong></span> <span class='ocrx_word' id='word_1_354' title='bbox 2118 3241 2471 3307; x_wconf 66' lang='lat' dir='ltr'><strong>daemonium,</strong></span> <span class='ocrx_word' id='word_1_355' title='bbox 2499 3240 2645 3294; x_wconf 79' lang='lat' dir='ltr'><strong>anxii</strong></span> <span class='ocrx_word' id='word_1_356' title='bbox 2680 3252 2750 3294; x_wconf 86' lang='lat' dir='ltr'><strong>ne</strong></span> <span class='ocrx_word' id='word_1_357' title='bbox 2771 3237 3002 3307; x_wconf 83' lang='lat' dir='ltr'><strong>gratiam</strong></span> <span class='ocrx_word' id='word_1_358' title='bbox 3029 3235 3168 3292; x_wconf 75' lang='lat' dir='ltr'><strong>forte</strong></span> <span class='ocrx_word' id='word_1_359' title='bbox 3199 3233 3553 3306; x_wconf 81' lang='lat' dir='ltr'><strong>perdiderint.</strong></span> 
     </span>
    </p>
   </div>
   <div class='ocr_carea' id='block_1_60' title="bbox 2599 3345 2935 3404">
    <p class='ocr_par' dir='ltr' id='par_1_60' title="bbox 2599 3345 2935 3404">
     <span class='ocr_line' id='line_1_60' title="bbox 2599 3345 2935 3404; baseline -0.012 0"><span class='ocrx_word' id='word_1_360' title='bbox 2599 3346 2828 3404; x_wconf 82' lang='lat' dir='ltr'><strong>CAPUT</strong></span> <span class='ocrx_word' id='word_1_361' title='bbox 2861 3345 2935 3401; x_wconf 74' lang='grc' dir='ltr'>Χ.</span> 
     </span>
    </p>
   </div>
   <div class='ocr_carea' id='block_1_61' title="bbox 2047 3470 3578 3541">
    <p class='ocr_par' dir='ltr' id='par_1_61' title="bbox 2047 3470 3578 3541">
     <span class='ocr_line' id='line_1_61' title="bbox 2047 3470 3578 3541; baseline -0.012 -5"><span class='ocrx_word' id='word_1_362' title='bbox 2047 3480 2211 3536; x_wconf 74' lang='lat' dir='ltr'><strong>Vens.</strong></span> <span class='ocrx_word' id='word_1_363' title='bbox 2251 3478 2337 3533; x_wconf 80' lang='grc'><strong>18.</strong></span> <span class='ocrx_word' id='word_1_364' title='bbox 2371 3478 2480 3533; x_wconf 81' lang='lat' dir='ltr'><strong>Iste</strong></span> <span class='ocrx_word' id='word_1_365' title='bbox 2505 3475 2782 3531; x_wconf 86' lang='lat' dir='ltr'><strong>hominem</strong></span> <span class='ocrx_word' id='word_1_366' title='bbox 2825 3472 2978 3528; x_wconf 87' lang='lat' dir='ltr'><strong>illum</strong></span> <span class='ocrx_word' id='word_1_367' title='bbox 3009 3470 3234 3541; x_wconf 85' lang='lat' dir='ltr'><strong>putabat</strong></span> <span class='ocrx_word' id='word_1_368' title='bbox 3263 3483 3408 3535; x_wconf 88' lang='lat' dir='ltr'><strong>esse,</strong></span> <span class='ocrx_word' id='word_1_369' title='bbox 3451 3483 3578 3520; x_wconf 88' lang='lat' dir='ltr'><strong>non.</strong></span> 
     </span>
    </p>
   </div>
   <div class='ocr_carea' id='block_1_62' title="bbox 1976 3562 3559 3640">
    <p class='ocr_par' dir='ltr' id='par_1_62' title="bbox 1976 3562 3559 3640">
     <span class='ocr_line' id='line_1_62' title="bbox 1976 3562 3559 3640; baseline -0.011 -12"><span class='ocrx_word' id='word_1_370' title='bbox 1976 3574 2179 3640; x_wconf 86' lang='lat' dir='ltr'><strong>Deum;</strong></span> <span class='ocrx_word' id='word_1_371' title='bbox 2209 3585 2264 3627; x_wconf 86' lang='lat' dir='ltr'><strong>et</strong></span> <span class='ocrx_word' id='word_1_372' title='bbox 2289 3585 2513 3628; x_wconf 87' lang='lat' dir='ltr'><strong>sensum</strong></span> <span class='ocrx_word' id='word_1_373' title='bbox 2547 3568 2695 3622; x_wconf 86' lang='lat' dir='ltr'><strong>hunc</strong></span> <span class='ocrx_word' id='word_1_374' title='bbox 2738 3567 2906 3622; x_wconf 90' lang='lat' dir='ltr'><strong>habet</strong></span> <span class='ocrx_word' id='word_1_375' title='bbox 2949 3564 3257 3634; x_wconf 87' lang='lat' dir='ltr'><strong>responsio.</strong></span> <span class='ocrx_word' id='word_1_376' title='bbox 3297 3562 3354 3615; x_wconf 84' lang='lat' dir='ltr'><strong>Si</strong></span> <span class='ocrx_word' id='word_1_377' title='bbox 3389 3562 3559 3620; x_wconf 87' lang='lat' dir='ltr'><strong>enim,</strong></span> 
     </span>
    </p>
   </div>
   <div class='ocr_carea' id='block_1_63' title="bbox 1973 3653 3580 3736">
    <p class='ocr_par' dir='ltr' id='par_1_63' title="bbox 1973 3653 3580 3736">
     <span class='ocr_line' id='line_1_63' title="bbox 1973 3653 3580 3736; baseline -0.01 -16"><span class='ocrx_word' id='word_1_378' title='bbox 1973 3665 2171 3736; x_wconf 88' lang='lat' dir='ltr'><strong>inquit,</strong></span> <span class='ocrx_word' id='word_1_379' title='bbox 2200 3663 2474 3718; x_wconf 83' lang='lat' dir='ltr'><strong>hominem</strong></span> <span class='ocrx_word' id='word_1_380' title='bbox 2506 3675 2590 3714; x_wconf 89' lang='lat' dir='ltr'><strong>me</strong></span> <span class='ocrx_word' id='word_1_381' title='bbox 2618 3669 2777 3728; x_wconf 84' lang='lat' dir='ltr'><strong>putas</strong></span> <span class='ocrx_word' id='word_1_382' title='bbox 2799 3667 2852 3713; x_wconf 86' lang='lat' dir='ltr'><strong>et</strong></span> <span class='ocrx_word' id='word_1_383' title='bbox 2873 3673 2979 3710; x_wconf 90' lang='lat' dir='ltr'><strong>non</strong></span> <span class='ocrx_word' id='word_1_384' title='bbox 3010 3653 3178 3710; x_wconf 83' lang='lat' dir='ltr'><strong>Deum</strong></span> <span class='ocrx_word' id='word_1_385' title='bbox 3207 3670 3349 3719; x_wconf 89' lang='lat' dir='ltr'><strong>esse,</strong></span> <span class='ocrx_word' id='word_1_386' title='bbox 3384 3668 3450 3706; x_wconf 90' lang='lat' dir='ltr'><strong>ne</strong></span> <span class='ocrx_word' id='word_1_387' title='bbox 3475 3667 3580 3704; x_wconf 81' lang='lat' dir='ltr'><strong>nie-</strong></span> 
     </span>
    </p>
   </div>
   <div class='ocr_carea' id='block_1_64' title="bbox 1972 3745 3560 3819">
    <p class='ocr_par' dir='ltr' id='par_1_64' title="bbox 1972 3745 3560 3819">
     <span class='ocr_line' id='line_1_64' title="bbox 1972 3745 3560 3819; baseline -0.01 -9"><span class='ocrx_word' id='word_1_388' title='bbox 1972 3755 2124 3810; x_wconf 90' lang='lat' dir='ltr'><strong>dicas</strong></span> <span class='ocrx_word' id='word_1_389' title='bbox 2180 3756 2383 3809; x_wconf 88' lang='lat' dir='ltr'><strong>bonum</strong></span> <span class='ocrx_word' id='word_1_390' title='bbox 2424 3766 2579 3804; x_wconf 89' lang='lat' dir='ltr'><strong>:non</strong></span> <span class='ocrx_word' id='word_1_391' title='bbox 2632 3749 2778 3804; x_wconf 89' lang='lat' dir='ltr'><strong>enim</strong></span> <span class='ocrx_word' id='word_1_392' title='bbox 2839 3749 3074 3819; x_wconf 83' lang='lat' dir='ltr'><strong>pertinet</strong></span> <span class='ocrx_word' id='word_1_393' title='bbox 3135 3746 3202 3800; x_wconf 88' lang='lat' dir='ltr'><strong>ad</strong></span> <span class='ocrx_word' id='word_1_394' title='bbox 3262 3745 3560 3798; x_wconf 87' lang='lat' dir='ltr'><strong>humanam</strong></span> 
     </span>
    </p>
   </div>
   <div class='ocr_carea' id='block_1_65' title="bbox 1975 3834 3559 3908">
    <p class='ocr_par' dir='ltr' id='par_1_65' title="bbox 1975 3834 3559 3908">
     <span class='ocr_line' id='line_1_65' title="bbox 1975 3834 3559 3908; baseline -0.012 -6"><span class='ocrx_word' id='word_1_395' title='bbox 1975 3855 2224 3902; x_wconf 88' lang='lat' dir='ltr'><strong>naturam</strong></span> <span class='ocrx_word' id='word_1_396' title='bbox 2275 3844 2512 3908; x_wconf 85' lang='lat' dir='ltr'><strong>bonitas,</strong></span> <span class='ocrx_word' id='word_1_397' title='bbox 2551 3842 2644 3898; x_wconf 90' lang='lat' dir='ltr'><strong>sed</strong></span> <span class='ocrx_word' id='word_1_398' title='bbox 2686 3841 2752 3894; x_wconf 87' lang='lat' dir='ltr'><strong>ad</strong></span> <span class='ocrx_word' id='word_1_399' title='bbox 2786 3838 2955 3894; x_wconf 85' lang='lat' dir='ltr'><strong>Deum</strong></span> <span class='ocrx_word' id='word_1_400' title='bbox 2991 3839 3188 3893; x_wconf 88' lang='lat' dir='ltr'><strong>solum.</strong></span> <span class='ocrx_word' id='word_1_401' title='bbox 3221 3835 3285 3890; x_wconf 84' lang='lat' dir='ltr'><strong>Et</strong></span> <span class='ocrx_word' id='word_1_402' title='bbox 3325 3834 3512 3904; x_wconf 81' lang='lat' dir='ltr'><strong>adjicit</strong></span> <span class='ocrx_word' id='word_1_403' title='bbox 3544 3847 3559 3883; x_wconf 87' lang='lat'><strong>:</strong></span> 
     </span>
    </p>
   </div>
   <div class='ocr_carea' id='block_1_66' title="bbox 1973 3925 3554 4008">
    <p class='ocr_par' dir='ltr' id='par_1_66' title="bbox 1973 3925 3554 4008">
     <span class='ocr_line' id='line_1_66' title="bbox 1973 3925 3554 4008; baseline -0.009 -15"><span class='ocrx_word' id='word_1_404' title='bbox 1973 3940 2250 4008; x_wconf 76' lang='lat' dir='ltr'><strong>Pra&#39;cepta</strong></span> <span class='ocrx_word' id='word_1_405' title='bbox 2269 3938 2440 3999; x_wconf 87' lang='lat' dir='ltr'><strong>nosti;</strong></span> <span class='ocrx_word' id='word_1_406' title='bbox 2463 3943 2687 4005; x_wconf 81' lang='lat' dir='ltr'><strong>rogante</strong></span> <span class='ocrx_word' id='word_1_407' title='bbox 2704 3943 2884 3989; x_wconf 89' lang='lat' dir='ltr'><strong>autem</strong></span> <span class='ocrx_word' id='word_1_408' title='bbox 2913 3948 2999 3995; x_wconf 89' lang='lat' dir='ltr'><strong>eo,</strong></span> <span class='ocrx_word' id='word_1_409' title='bbox 3037 3931 3170 3998; x_wconf 81' lang='lat' dir='ltr'><strong>Qua:</strong></span> <span class='ocrx_word' id='word_1_410' title='bbox 3190 3930 3214 3983; x_wconf 72' lang='grc' dir='ltr'><strong><em>ἶ)</em></strong></span> <span class='ocrx_word' id='word_1_411' title='bbox 3235 3928 3400 3983; x_wconf 83' lang='lat' dir='ltr'><strong>dicit:</strong></span> <span class='ocrx_word' id='word_1_412' title='bbox 3433 3925 3554 3980; x_wconf 84' lang='lat' dir='ltr'><strong>Non</strong></span> 
     </span>
    </p>
   </div>
   <div class='ocr_carea' id='block_1_67' title="bbox 1976 4018 3562 4091">
    <p class='ocr_par' dir='ltr' id='par_1_67' title="bbox 1976 4018 3562 4091">
     <span class='ocr_line' id='line_1_67' title="bbox 1976 4018 3562 4091; baseline -0.009 -7"><span class='ocrx_word' id='word_1_413' title='bbox 1976 4029 2324 4091; x_wconf 82' lang='lat' dir='ltr'><strong>adulterabis,</strong></span> <span class='ocrx_word' id='word_1_414' title='bbox 2383 4043 2485 4080; x_wconf 84' lang='lat' dir='ltr'><strong>non</strong></span> <span class='ocrx_word' id='word_1_415' title='bbox 2541 4026 2764 4091; x_wconf 74' lang='lat' dir='ltr'><strong>occides,</strong></span> <span class='ocrx_word' id='word_1_416' title='bbox 2816 4032 2924 4079; x_wconf 88' lang='lat' dir='ltr'><strong>etc.</strong></span> <span class='ocrx_word' id='word_1_417' title='bbox 2984 4019 3282 4091; x_wconf 78' lang='lat' dir='ltr'><strong>Respondit</strong></span> <span class='ocrx_word' id='word_1_418' title='bbox 3325 4018 3562 4072; x_wconf 89' lang='lat' dir='ltr'><strong>dicens:</strong></span> 
     </span>
    </p>
   </div>
   <div class='ocr_carea' id='block_1_68' title="bbox 1979 4111 3567 4185">
    <p class='ocr_par' dir='ltr' id='par_1_68' title="bbox 1979 4111 3567 4185">
     <span class='ocr_line' id='line_1_68' title="bbox 1979 4111 3567 4185; baseline -0.007 -12"><span class='ocrx_word' id='word_1_419' title='bbox 1979 4121 2109 4174; x_wconf 72' lang='lat' dir='ltr'><strong>Iiu&#39;c</strong></span> <span class='ocrx_word' id='word_1_420' title='bbox 2147 4120 2327 4173; x_wconf 87' lang='lat' dir='ltr'><strong>omnia</strong></span> <span class='ocrx_word' id='word_1_421' title='bbox 2357 4117 2626 4171; x_wconf 79' lang='lat' dir='ltr'><strong>observavi</strong></span> <span class='ocrx_word' id='word_1_422' title='bbox 2660 4134 2692 4169; x_wconf 89' lang='lat' dir='ltr'><strong>a</strong></span> <span class='ocrx_word' id='word_1_423' title='bbox 2715 4116 2992 4185; x_wconf 81' lang='lat' dir='ltr'><strong>juventute</strong></span> <span class='ocrx_word' id='word_1_424' title='bbox 3024 4130 3161 4178; x_wconf 87' lang='lat' dir='ltr'><strong>mea,</strong></span> <span class='ocrx_word' id='word_1_425' title='bbox 3211 4112 3339 4180; x_wconf 88' lang='lat' dir='ltr'><strong>quid</strong></span> <span class='ocrx_word' id='word_1_426' title='bbox 3386 4111 3567 4163; x_wconf 82' lang='lat' dir='ltr'><strong>adhuc</strong></span> 
     </span>
    </p>
   </div>
   <div class='ocr_carea' id='block_1_69' title="bbox 1978 4200 3566 4275">
    <p class='ocr_par' dir='ltr' id='par_1_69' title="bbox 1978 4200 3566 4275">
     <span class='ocr_line' id='line_1_69' title="bbox 1978 4200 3566 4275; baseline -0.008 -11"><span class='ocrx_word' id='word_1_427' title='bbox 1978 4211 2168 4266; x_wconf 88' lang='lat' dir='ltr'><strong>deest?</strong></span> <span class='ocrx_word' id='word_1_428' title='bbox 2194 4211 2330 4264; x_wconf 81' lang='lat' dir='ltr'><strong>dixit</strong></span> <span class='ocrx_word' id='word_1_429' title='bbox 2362 4209 2434 4262; x_wconf 86' lang='lat' dir='ltr'><strong>illi</strong></span> <span class='ocrx_word' id='word_1_430' title='bbox 2461 4225 2475 4260; x_wconf 90' lang='lat'>:</span> <span class='ocrx_word' id='word_1_431' title='bbox 2508 4206 2567 4263; x_wconf 86' lang='lat' dir='ltr'><strong>Si</strong></span> <span class='ocrx_word' id='word_1_432' title='bbox 2599 4207 2673 4261; x_wconf 81' lang='lat' dir='ltr'><strong>vis</strong></span> <span class='ocrx_word' id='word_1_433' title='bbox 2711 4207 2972 4275; x_wconf 80' lang='lat' dir='ltr'><strong>perfectus</strong></span> <span class='ocrx_word' id='word_1_434' title='bbox 3017 4221 3128 4258; x_wconf 82' lang='lat' dir='ltr'><strong>esse</strong></span> <span class='ocrx_word' id='word_1_435' title='bbox 3150 4243 3165 4264; x_wconf 89' lang='lat'><em>.</em></span> <span class='ocrx_word' id='word_1_436' title='bbox 3207 4203 3354 4258; x_wconf 80' lang='lat' dir='ltr'><strong>rode.</strong></span> <span class='ocrx_word' id='word_1_437' title='bbox 3408 4200 3566 4254; x_wconf 76' lang='lat' dir='ltr'><strong>t-emle</strong></span> 
     </span>
    </p>
   </div>
   <div class='ocr_carea' id='block_1_70' title="bbox 1978 4293 3565 4371">
    <p class='ocr_par' dir='ltr' id='par_1_70' title="bbox 1978 4293 3565 4371">
     <span class='ocr_line' id='line_1_70' title="bbox 1978 4293 3565 4371; baseline -0.008 -16"><span class='ocrx_word' id='word_1_438' title='bbox 1978 4318 2298 4371; x_wconf 76' lang='lat' dir='ltr'><strong>quwcunque</strong></span> <span class='ocrx_word' id='word_1_439' title='bbox 2343 4301 2596 4368; x_wconf 80' lang='lat' dir='ltr'><strong>possides,</strong></span> <span class='ocrx_word' id='word_1_440' title='bbox 2645 4309 2692 4350; x_wconf 82' lang='lat' dir='ltr'><strong>et</strong></span> <span class='ocrx_word' id='word_1_441' title='bbox 2755 4300 2823 4348; x_wconf 83' lang='lat' dir='ltr'><strong>da</strong></span> <span class='ocrx_word' id='word_1_442' title='bbox 2875 4295 3220 4366; x_wconf 79' lang='lat' dir='ltr'><strong>pauperibus,</strong></span> <span class='ocrx_word' id='word_1_443' title='bbox 3255 4305 3301 4346; x_wconf 86' lang='lat' dir='ltr'><strong>et</strong></span> <span class='ocrx_word' id='word_1_444' title='bbox 3350 4293 3565 4344; x_wconf 73' lang='lat' dir='ltr'><strong>habebis</strong></span> 
     </span>
    </p>
   </div>
   <div class='ocr_carea' id='block_1_71' title="bbox 1981 4388 3567 4452">
    <p class='ocr_par' dir='ltr' id='par_1_71' title="bbox 1981 4388 3567 4452">
     <span class='ocr_line' id='line_1_71' title="bbox 1981 4388 3567 4452; baseline -0.008 -6"><span class='ocrx_word' id='word_1_445' title='bbox 1981 4395 2286 4446; x_wconf 80' lang='lat' dir='ltr'><strong>thesaurum</strong></span> <span class='ocrx_word' id='word_1_446' title='bbox 2333 4392 2386 4442; x_wconf 85' lang='lat' dir='ltr'><strong>in</strong></span> <span class='ocrx_word' id='word_1_447' title='bbox 2418 4389 2566 4452; x_wconf 74' lang='lat' dir='ltr'><strong>caelo;</strong></span> <span class='ocrx_word' id='word_1_448' title='bbox 2592 4398 2639 4441; x_wconf 85' lang='lat' dir='ltr'><strong>et</strong></span> <span class='ocrx_word' id='word_1_449' title='bbox 2673 4388 2862 4440; x_wconf 80' lang='lat' dir='ltr'><strong>tollens</strong></span> <span class='ocrx_word' id='word_1_450' title='bbox 2902 4402 3110 4439; x_wconf 85' lang='lat' dir='ltr'><strong>crucem</strong></span> <span class='ocrx_word' id='word_1_451' title='bbox 3160 4393 3306 4436; x_wconf 86' lang='lat' dir='ltr'><strong>tuam</strong></span> <span class='ocrx_word' id='word_1_452' title='bbox 3353 4398 3567 4450; x_wconf 81' lang='lat' dir='ltr'><strong>sequere</strong></span> 
     </span>
    </p>
   </div>
   <div class='ocr_carea' id='block_1_72' title="bbox 275 4475 1885 4572">
    <p class='ocr_par' dir='ltr' id='par_1_72' title="bbox 275 4478 1870 4549">
     <span class='ocr_line' id='line_1_72' title="bbox 275 4478 1870 4549; baseline 0.003 -17"><span class='ocrx_word' id='word_1_453' title='bbox 275 4481 350 4533; x_wconf 82' lang='grc' dir='ltr'><strong>ἐν</strong></span> <span class='ocrx_word' id='word_1_454' title='bbox 395 4479 662 4549; x_wconf 63' lang='grc' dir='ltr'><strong>θύραν-ᾤ’</strong></span> <span class='ocrx_word' id='word_1_455' title='bbox 695 4481 790 4532; x_wconf 73' lang='grc' dir='ltr'><strong>καὶ</strong></span> <span class='ocrx_word' id='word_1_456' title='bbox 821 4478 1023 4533; x_wconf 78' lang='grc' dir='ltr'><strong>λαϐὼν</strong></span> <span class='ocrx_word' id='word_1_457' title='bbox 1049 4480 1157 4532; x_wconf 79' lang='grc' dir='ltr'><strong>τὸν</strong></span> <span class='ocrx_word' id='word_1_458' title='bbox 1182 4480 1448 4548; x_wconf 82' lang='grc' dir='ltr'>σταυρόν</span> <span class='ocrx_word' id='word_1_459' title='bbox 1471 4496 1588 4535; x_wconf 88' lang='grc' dir='ltr'><strong>σου</strong></span> <span class='ocrx_word' id='word_1_460' title='bbox 1616 4483 1870 4536; x_wconf 80' lang='grc' dir='ltr'><strong>ἀκολού-</strong></span> 
     </span>
    </p>
   </div>
   <div class='ocr_carea' id='block_1_73' title="bbox 1982 4475 3568 4572">
    <p class='ocr_par' dir='ltr' id='par_1_73' title="bbox 1983 4475 3568 4552">
     <span class='ocr_line' id='line_1_73' title="bbox 1983 4475 3568 4552; baseline -0.006 -14"><span class='ocrx_word' id='word_1_461' title='bbox 1983 4501 2080 4538; x_wconf 87' lang='lat' dir='ltr'><strong>me.</strong></span> <span class='ocrx_word' id='word_1_462' title='bbox 2121 4481 2223 4536; x_wconf 87' lang='lat' dir='ltr'><strong>Per</strong></span> <span class='ocrx_word' id='word_1_463' title='bbox 2248 4482 2348 4534; x_wconf 90' lang='lat' dir='ltr'><strong>hoc</strong></span> <span class='ocrx_word' id='word_1_464' title='bbox 2383 4481 2548 4552; x_wconf 77' lang='lat' dir='ltr'><strong>igitur</strong></span> <span class='ocrx_word' id='word_1_465' title='bbox 2567 4477 2807 4532; x_wconf 84' lang='lat' dir='ltr'><strong>ostendit</strong></span> <span class='ocrx_word' id='word_1_466' title='bbox 2831 4478 2879 4530; x_wconf 91' lang='lat' dir='ltr'><strong>ei</strong></span> <span class='ocrx_word' id='word_1_467' title='bbox 2910 4476 3009 4531; x_wconf 87' lang='lat' dir='ltr'><strong>sibi</strong></span> <span class='ocrx_word' id='word_1_468' title='bbox 3036 4475 3338 4529; x_wconf 82' lang='lat' dir='ltr'><strong>bonitatem</strong></span> <span class='ocrx_word' id='word_1_469' title='bbox 3363 4489 3568 4528; x_wconf 82' lang='lat' dir='ltr'><strong>conve-</strong></span> 
     </span>
    </p>
   </div>
   <div class='ocr_carea' id='block_1_74' title="bbox 277 4571 1870 4644">
    <p class='ocr_par' dir='ltr' id='par_1_74' title="bbox 277 4571 1870 4644">
     <span class='ocr_line' id='line_1_74' title="bbox 277 4571 1870 4644; baseline 0.002 -18"><span class='ocrx_word' id='word_1_470' title='bbox 277 4576 371 4626; x_wconf 83' lang='grc' dir='ltr'><strong>οει</strong></span> <span class='ocrx_word' id='word_1_471' title='bbox 393 4590 515 4640; x_wconf 84' lang='grc' dir='ltr'>μοι.</span> <span class='ocrx_word' id='word_1_472' title='bbox 558 4571 660 4624; x_wconf 82' lang='grc' dir='ltr'><strong>Διὰ</strong></span> <span class='ocrx_word' id='word_1_473' title='bbox 687 4571 879 4625; x_wconf 84' lang='grc' dir='ltr'>τούτου</span> <span class='ocrx_word' id='word_1_474' title='bbox 909 4571 1000 4624; x_wconf 79' lang='grc' dir='ltr'><strong>οὖν</strong></span> <span class='ocrx_word' id='word_1_475' title='bbox 1030 4572 1230 4636; x_wconf 75' lang='grc' dir='ltr'>ἔδειξεν</span> <span class='ocrx_word' id='word_1_476' title='bbox 1255 4573 1337 4626; x_wconf 86' lang='grc' dir='ltr'><strong>ὄτι</strong></span> <span class='ocrx_word' id='word_1_477' title='bbox 1369 4573 1464 4626; x_wconf 79' lang='grc' dir='ltr'>καὶ</span> <span class='ocrx_word' id='word_1_478' title='bbox 1491 4573 1642 4644; x_wconf 81' lang='grc' dir='ltr'>αὐτῷ</span> <span class='ocrx_word' id='word_1_479' title='bbox 1679 4575 1870 4644; x_wconf 81' lang='grc' dir='ltr'>διαφέ-</span> 
     </span>
    </p>
   </div>
   <div class='ocr_carea' id='block_1_75' title="bbox 277 4663 1871 4737">
    <p class='ocr_par' dir='ltr' id='par_1_75' title="bbox 277 4663 1871 4737">
     <span class='ocr_line' id='line_1_75' title="bbox 277 4663 1871 4737; baseline 0.003 -20"><span class='ocrx_word' id='word_1_480' title='bbox 277 4680 368 4734; x_wconf 71' lang='grc' dir='ltr'><strong>ρει</strong></span> <span class='ocrx_word' id='word_1_481' title='bbox 400 4663 462 4717; x_wconf 69' lang='grc' dir='ltr'><strong>τ’)</strong></span> <span class='ocrx_word' id='word_1_482' title='bbox 504 4664 710 4732; x_wconf 81' lang='grc' dir='ltr'>ἀγαθόν</span> <span class='ocrx_word' id='word_1_483' title='bbox 737 4681 750 4695; x_wconf 78' lang='grc' dir='ltr'><strong>ο</strong></span> <span class='ocrx_word' id='word_1_484' title='bbox 784 4665 847 4718; x_wconf 82' lang='grc' dir='ltr'><strong>οὐ</strong></span> <span class='ocrx_word' id='word_1_485' title='bbox 894 4665 1002 4735; x_wconf 81' lang='grc' dir='ltr'><strong>γὰρ</strong></span> <span class='ocrx_word' id='word_1_486' title='bbox 1028 4665 1108 4735; x_wconf 88' lang='grc' dir='ltr'>τῷ</span> <span class='ocrx_word' id='word_1_487' title='bbox 1161 4665 1238 4737; x_wconf 81' lang='grc' dir='ltr'><strong>μὴ</strong></span> <span class='ocrx_word' id='word_1_488' title='bbox 1283 4665 1475 4736; x_wconf 79' lang='grc' dir='ltr'>ἀγαθῴ</span> <span class='ocrx_word' id='word_1_489' title='bbox 1516 4667 1743 4720; x_wconf 79' lang='grc' dir='ltr'>δύναταί</span> <span class='ocrx_word' id='word_1_490' title='bbox 1785 4686 1871 4732; x_wconf 87' lang='grc' dir='ltr'><strong>τις</strong></span> 
     </span>
    </p>
   </div>
   <div class='ocr_carea' id='block_1_76' title="bbox 276 4757 1526 4830">
    <p class='ocr_par' dir='ltr' id='par_1_76' title="bbox 276 4757 1526 4830">
     <span class='ocr_line' id='line_1_76' title="bbox 276 4757 1526 4830; baseline 0.001 -18"><span class='ocrx_word' id='word_1_491' title='bbox 276 4757 595 4812; x_wconf 78' lang='grc' dir='ltr'>ἀκολουθῶν</span> <span class='ocrx_word' id='word_1_492' title='bbox 615 4798 630 4822; x_wconf 92' lang='grc'><strong>,</strong></span> <span class='ocrx_word' id='word_1_493' title='bbox 662 4757 810 4828; x_wconf 79' lang='grc' dir='ltr'>ζωὴν</span> <span class='ocrx_word' id='word_1_494' title='bbox 843 4757 1063 4813; x_wconf 80' lang='grc' dir='ltr'>αἰώνιον</span> <span class='ocrx_word' id='word_1_495' title='bbox 1089 4761 1526 4830; x_wconf 79' lang='grc' dir='ltr'>κληρονομῆσαι.</span> 
     </span>
    </p>
   </div>
   <div class='ocr_carea' id='block_1_77' title="bbox 357 4849 1871 4922">
    <p class='ocr_par' dir='ltr' id='par_1_77' title="bbox 357 4849 1871 4922">
     <span class='ocr_line' id='line_1_77' title="bbox 357 4849 1871 4922; baseline 0.004 -21"><span class='ocrx_word' id='word_1_496' title='bbox 357 4850 600 4919; x_wconf 69' lang='grc' dir='ltr'><strong>Πρᾶγμα</strong></span> <span class='ocrx_word' id='word_1_497' title='bbox 659 4849 1068 4919; x_wconf 85' lang='grc' dir='ltr'>προμελετηθὲν</span> <span class='ocrx_word' id='word_1_498' title='bbox 1128 4851 1228 4904; x_wconf 76' lang='grc' dir='ltr'>οὐκ</span> <span class='ocrx_word' id='word_1_499' title='bbox 1288 4851 1402 4922; x_wconf 78' lang='grc' dir='ltr'>ἔχει</span> <span class='ocrx_word' id='word_1_500' title='bbox 1462 4852 1560 4922; x_wconf 77' lang='grc' dir='ltr'><strong>τὴν</strong></span> <span class='ocrx_word' id='word_1_501' title='bbox 1619 4855 1726 4908; x_wconf 73' lang='grc' dir='ltr'><strong>ἀπὸ</strong></span> <span class='ocrx_word' id='word_1_502' title='bbox 1777 4855 1871 4908; x_wconf 82' lang='grc' dir='ltr'>τοῦ</span> 
     </span>
    </p>
   </div>
   <div class='ocr_carea' id='block_1_78' title="bbox 280 4941 1870 5014">
    <p class='ocr_par' dir='ltr' id='par_1_78' title="bbox 280 4941 1870 5014">
     <span class='ocr_line' id='line_1_78' title="bbox 280 4941 1870 5014; baseline 0.003 -19"><span class='ocrx_word' id='word_1_503' title='bbox 280 4941 554 5010; x_wconf 70' lang='grc' dir='ltr'>αἰφνιδίου</span> <span class='ocrx_word' id='word_1_504' title='bbox 577 4943 824 5012; x_wconf 84' lang='grc' dir='ltr'>ταραχήν</span> <span class='ocrx_word' id='word_1_505' title='bbox 851 4957 863 4971; x_wconf 90' lang='grc'><strong>·</strong></span> <span class='ocrx_word' id='word_1_506' title='bbox 895 4943 1032 5013; x_wconf 83' lang='grc' dir='ltr'>ὅπερ</span> <span class='ocrx_word' id='word_1_507' title='bbox 1058 4944 1154 4997; x_wconf 81' lang='grc' dir='ltr'>καὶ</span> <span class='ocrx_word' id='word_1_508' title='bbox 1183 4946 1212 4997; x_wconf 86' lang='grc' dir='ltr'>ὁ</span> <span class='ocrx_word' id='word_1_509' title='bbox 1242 4944 1406 4998; x_wconf 79' lang='grc' dir='ltr'>Δαϐἰδ</span> <span class='ocrx_word' id='word_1_510' title='bbox 1435 4945 1650 5014; x_wconf 75' lang='grc' dir='ltr'>ἔλεγεν·</span> <span class='ocrx_word' id='word_1_511' title='bbox 1691 4946 1870 5002; x_wconf 80' lang='grc' dir='ltr'>’Πτοι-</span> 
     </span>
    </p>
   </div>
   <div class='ocr_carea' id='block_1_79' title="bbox 273 5035 1874 5107">
    <p class='ocr_par' dir='ltr' id='par_1_79' title="bbox 273 5035 1874 5107">
     <span class='ocr_line' id='line_1_79' title="bbox 273 5035 1874 5107; baseline 0.002 -18"><span class='ocrx_word' id='word_1_512' title='bbox 273 5035 526 5106; x_wconf 75' lang='grc' dir='ltr'><strong>μάσθην</strong></span> <span class='ocrx_word' id='word_1_513' title='bbox 566 5035 668 5088; x_wconf 72' lang='grc' dir='ltr'><strong>καὶ</strong></span> <span class='ocrx_word' id='word_1_514' title='bbox 718 5039 831 5090; x_wconf 79' lang='grc' dir='ltr'><strong>οὐκ</strong></span> <span class='ocrx_word' id='word_1_515' title='bbox 875 5037 1248 5105; x_wconf 53' lang='grc' dir='ltr'>ἐταράχθην</span> <span class='ocrx_word' id='word_1_516' title='bbox 1293 5039 1453 5092; x_wconf 84' lang='grc' dir='ltr'>τοῦτο</span> <span class='ocrx_word' id='word_1_517' title='bbox 1499 5042 1596 5094; x_wconf 78' lang='grc' dir='ltr'>καὶ</span> <span class='ocrx_word' id='word_1_518' title='bbox 1648 5043 1706 5092; x_wconf 81' lang='grc' dir='ltr'>ὲν</span> <span class='ocrx_word' id='word_1_519' title='bbox 1753 5045 1874 5107; x_wconf 82' lang='grc' dir='ltr'>ταῖς</span> 
     </span>
    </p>
   </div>
   <div class='ocr_carea' id='block_1_80' title="bbox 282 5129 1870 5204">
    <p class='ocr_par' dir='ltr' id='par_1_80' title="bbox 282 5129 1870 5204">
     <span class='ocr_line' id='line_1_80' title="bbox 282 5129 1870 5204; baseline 0.004 -23"><span class='ocrx_word' id='word_1_520' title='bbox 282 5130 538 5200; x_wconf 80' lang='grc' dir='ltr'>βρονταῖς</span> <span class='ocrx_word' id='word_1_521' title='bbox 573 5129 820 5197; x_wconf 83' lang='grc' dir='ltr'>γίνεται·</span> <span class='ocrx_word' id='word_1_522' title='bbox 859 5130 1208 5199; x_wconf 74' lang='grc' dir='ltr'>προλαϐοῦσα</span> <span class='ocrx_word' id='word_1_523' title='bbox 1235 5132 1346 5201; x_wconf 85' lang='grc' dir='ltr'>γὰρ</span> <span class='ocrx_word' id='word_1_524' title='bbox 1383 5135 1416 5203; x_wconf 75' lang='grc' dir='ltr'><strong>ἡ</strong></span> <span class='ocrx_word' id='word_1_525' title='bbox 1443 5134 1698 5204; x_wconf 80' lang='grc' dir='ltr'>ἀστραπὴ</span> <span class='ocrx_word' id='word_1_526' title='bbox 1726 5134 1870 5188; x_wconf 80' lang='grc' dir='ltr'><strong>διὸάο</strong></span> 
     </span>
    </p>
   </div>
   <div class='ocr_carea' id='block_1_81' title="bbox 282 5219 1871 5297">
    <p class='ocr_par' dir='ltr' id='par_1_81' title="bbox 282 5219 1871 5297">
     <span class='ocr_line' id='line_1_81' title="bbox 282 5219 1871 5297; baseline 0.004 -27"><span class='ocrx_word' id='word_1_527' title='bbox 282 5236 405 5270; x_wconf 83' lang='grc' dir='ltr'>σκει</span> <span class='ocrx_word' id='word_1_528' title='bbox 438 5221 528 5272; x_wconf 76' lang='grc' dir='ltr'>τὸν</span> <span class='ocrx_word' id='word_1_529' title='bbox 568 5219 720 5283; x_wconf 84' lang='grc' dir='ltr'>νοῦν,</span> <span class='ocrx_word' id='word_1_530' title='bbox 754 5220 835 5272; x_wconf 72' lang='grc' dir='ltr'>ὅτι</span> <span class='ocrx_word' id='word_1_531' title='bbox 866 5221 949 5272; x_wconf 81' lang='grc' dir='ltr'><strong>δεῖ</strong></span> <span class='ocrx_word' id='word_1_532' title='bbox 976 5221 1234 5287; x_wconf 77' lang='grc' dir='ltr'>δέξασθαι</span> <span class='ocrx_word' id='word_1_533' title='bbox 1264 5224 1365 5294; x_wconf 76' lang='grc' dir='ltr'>τὴν</span> <span class='ocrx_word' id='word_1_534' title='bbox 1397 5225 1648 5296; x_wconf 76' lang='grc' dir='ltr'>βροντὴν,</span> <span class='ocrx_word' id='word_1_535' title='bbox 1690 5226 1778 5279; x_wconf 84' lang='grc' dir='ltr'><strong>ἴνα</strong></span> <span class='ocrx_word' id='word_1_536' title='bbox 1806 5229 1871 5297; x_wconf 79' lang='grc' dir='ltr'>τῇ</span> 
     </span>
    </p>
   </div>
   <div class='ocr_carea' id='block_1_82' title="bbox 282 5312 1872 5384">
    <p class='ocr_par' dir='ltr' id='par_1_82' title="bbox 282 5312 1872 5384">
     <span class='ocr_line' id='line_1_82' title="bbox 282 5312 1872 5384; baseline 0.004 -20"><span class='ocrx_word' id='word_1_537' title='bbox 282 5312 586 5382; x_wconf 74' lang='grc' dir='ltr'>προσῖοκιᾳ</span> <span class='ocrx_word' id='word_1_538' title='bbox 626 5312 763 5382; x_wconf 78' lang='grc' dir='ltr'>λύσῃ</span> <span class='ocrx_word' id='word_1_539' title='bbox 796 5314 886 5366; x_wconf 72' lang='grc' dir='ltr'>τὸν</span> <span class='ocrx_word' id='word_1_540' title='bbox 914 5313 1138 5382; x_wconf 78' lang='grc' dir='ltr'>μείζονα</span> <span class='ocrx_word' id='word_1_541' title='bbox 1168 5315 1334 5384; x_wconf 75' lang='grc' dir='ltr'>φόϐον</span> <span class='ocrx_word' id='word_1_542' title='bbox 1360 5333 1374 5347; x_wconf 79' lang='grc'><strong>⁸</strong></span> <span class='ocrx_word' id='word_1_543' title='bbox 1400 5316 1545 5370; x_wconf 73' lang='grc' dir='ltr'>οὕτω</span> <span class='ocrx_word' id='word_1_544' title='bbox 1577 5318 1667 5370; x_wconf 74' lang='grc' dir='ltr'>καὶ</span> <span class='ocrx_word' id='word_1_545' title='bbox 1697 5319 1724 5371; x_wconf 86' lang='grc' dir='ltr'>ὁ</span> <span class='ocrx_word' id='word_1_546' title='bbox 1755 5319 1872 5371; x_wconf 89' lang='grc' dir='ltr'><strong>Σω-</strong></span> 
     </span>
    </p>
   </div>
   <div class='ocr_carea' id='block_1_83' title="bbox 280 5404 1872 5479">
    <p class='ocr_par' dir='ltr' id='par_1_83' title="bbox 280 5404 1872 5479">
     <span class='ocr_line' id='line_1_83' title="bbox 280 5404 1872 5479; baseline 0.004 -23"><span class='ocrx_word' id='word_1_547' title='bbox 280 5405 392 5472; x_wconf 73' lang='grc' dir='ltr'><strong>τὴρ</strong></span> <span class='ocrx_word' id='word_1_548' title='bbox 436 5404 522 5456; x_wconf 79' lang='grc' dir='ltr'><strong>ἵνα</strong></span> <span class='ocrx_word' id='word_1_549' title='bbox 569 5406 643 5475; x_wconf 83' lang='grc' dir='ltr'><strong>μὴ</strong></span> <span class='ocrx_word' id='word_1_550' title='bbox 680 5406 878 5474; x_wconf 76' lang='grc' dir='ltr'>ἁθρόον</span> <span class='ocrx_word' id='word_1_551' title='bbox 909 5407 1016 5460; x_wconf 74' lang='grc' dir='ltr'>ὑπὸ</span> <span class='ocrx_word' id='word_1_552' title='bbox 1058 5407 1153 5460; x_wconf 80' lang='grc' dir='ltr'>τοῦ</span> <span class='ocrx_word' id='word_1_553' title='bbox 1194 5409 1399 5466; x_wconf 81' lang='grc' dir='ltr'>πάθους</span> <span class='ocrx_word' id='word_1_554' title='bbox 1440 5410 1788 5479; x_wconf 79' lang='grc' dir='ltr'>ταραχθῶσιν</span> <span class='ocrx_word' id='word_1_555' title='bbox 1823 5412 1872 5462; x_wconf 78' lang='grc' dir='ltr'>οἱ</span> 
     </span>
    </p>
   </div>
   <div class='ocr_carea' id='block_1_84' title="bbox 285 5493 1879 5569">
    <p class='ocr_par' dir='ltr' id='par_1_84' title="bbox 285 5493 1879 5569">
     <span class='ocr_line' id='line_1_84' title="bbox 285 5493 1879 5569; baseline 0.005 -25"><span class='ocrx_word' id='word_1_556' title='bbox 285 5495 554 5564; x_wconf 63' lang='grc' dir='ltr'>μαθηταῖ,</span> <span class='ocrx_word' id='word_1_557' title='bbox 599 5497 860 5559; x_wconf 70' lang='grc' dir='ltr'>πολλάκις</span> <span class='ocrx_word' id='word_1_558' title='bbox 901 5493 1091 5550; x_wconf 57' lang='grc' dir='ltr'>εἶπεν</span> <span class='ocrx_word' id='word_1_559' title='bbox 1154 5497 1309 5552; x_wconf 83' lang='grc' dir='ltr'>Ἰδοὺ</span> <span class='ocrx_word' id='word_1_560' title='bbox 1339 5499 1744 5569; x_wconf 77' lang='grc' dir='ltr'><strong>ἀναϐαίνομεν</strong></span> <span class='ocrx_word' id='word_1_561' title='bbox 1791 5503 1879 5566; x_wconf 76' lang='grc' dir='ltr'>εἰς</span> 
     </span>
    </p>
   </div>
   <div class='ocr_carea' id='block_1_85' title="bbox 297 5587 1875 5663">
    <p class='ocr_par' dir='ltr' id='par_1_85' title="bbox 297 5587 1875 5663">
     <span class='ocr_line' id='line_1_85' title="bbox 297 5587 1875 5663; baseline 0.002 -20"><span class='ocrx_word' id='word_1_562' title='bbox 297 5589 724 5659; x_wconf 75' lang='grc' dir='ltr'>Ἰεροσόλυμαο</span> <span class='ocrx_word' id='word_1_563' title='bbox 764 5593 858 5642; x_wconf 79' lang='grc' dir='ltr'><strong>καὶ</strong></span> <span class='ocrx_word' id='word_1_564' title='bbox 887 5593 1040 5644; x_wconf 83' lang='grc' dir='ltr'>οὐδὲν</span> <span class='ocrx_word' id='word_1_565' title='bbox 1065 5587 1229 5663; x_wconf 82' lang='grc' dir='ltr'>ἦττον</span> <span class='ocrx_word' id='word_1_566' title='bbox 1265 5591 1604 5662; x_wconf 77' lang='grc' dir='ltr'>ἐθορύϐησαν</span> <span class='ocrx_word' id='word_1_567' title='bbox 1635 5592 1740 5644; x_wconf 77' lang='grc' dir='ltr'>ὑπὸ</span> <span class='ocrx_word' id='word_1_568' title='bbox 1778 5593 1875 5646; x_wconf 74' lang='grc' dir='ltr'>τοῦ</span> 
     </span>
    </p>
   </div>
   <div class='ocr_carea' id='block_1_86' title="bbox 286 5683 1872 5757">
    <p class='ocr_par' dir='ltr' id='par_1_86' title="bbox 286 5683 1872 5757">
     <span class='ocr_line' id='line_1_86' title="bbox 286 5683 1872 5757; baseline 0.003 -23"><span class='ocrx_word' id='word_1_569' title='bbox 286 5683 534 5746; x_wconf 73' lang='grc' dir='ltr'>πάθους·</span> <span class='ocrx_word' id='word_1_570' title='bbox 582 5684 657 5747; x_wconf 82' lang='grc' dir='ltr'>ὡς</span> <span class='ocrx_word' id='word_1_571' title='bbox 689 5684 782 5736; x_wconf 80' lang='grc' dir='ltr'>τὸν</span> <span class='ocrx_word' id='word_1_572' title='bbox 808 5685 1037 5757; x_wconf 77' lang='grc' dir='ltr'>Σωτῆρα</span> <span class='ocrx_word' id='word_1_573' title='bbox 1069 5685 1326 5738; x_wconf 82' lang='grc' dir='ltr'>ὀνειδίσαι</span> <span class='ocrx_word' id='word_1_574' title='bbox 1361 5686 1486 5746; x_wconf 80' lang='grc' dir='ltr'>τοὺς</span> <span class='ocrx_word' id='word_1_575' title='bbox 1517 5685 1872 5753; x_wconf 76' lang='grc' dir='ltr'>ἀποστόλους,</span> 
     </span>
    </p>
   </div>
   <div class='ocr_carea' id='block_1_87' title="bbox 287 5774 1880 5848">
    <p class='ocr_par' dir='ltr' id='par_1_87' title="bbox 287 5774 1880 5848">
     <span class='ocr_line' id='line_1_87' title="bbox 287 5774 1880 5848; baseline 0.004 -21"><span class='ocrx_word' id='word_1_576' title='bbox 287 5775 387 5830; x_wconf 71' lang='grc' dir='ltr'>καὶ</span> <span class='ocrx_word' id='word_1_577' title='bbox 421 5777 596 5830; x_wconf 74' lang='grc' dir='ltr'>εἰπεῖν</span> <span class='ocrx_word' id='word_1_578' title='bbox 639 5777 776 5847; x_wconf 70' lang='grc' dir='ltr'>μετὰ</span> <span class='ocrx_word' id='word_1_579' title='bbox 809 5775 904 5848; x_wconf 76' lang='grc' dir='ltr'>τὴν</span> <span class='ocrx_word' id='word_1_580' title='bbox 932 5778 1226 5833; x_wconf 63' lang='grc' dir='ltr'>ἀνάστασιν</span> <span class='ocrx_word' id='word_1_581' title='bbox 1254 5794 1266 5806; x_wconf 92' lang='grc'>·</span> <span class='ocrx_word' id='word_1_582' title='bbox 1294 5774 1474 5836; x_wconf 80' lang='grc' dir='ltr'>Οὗτοι</span> <span class='ocrx_word' id='word_1_583' title='bbox 1503 5779 1662 5832; x_wconf 75' lang='grc' dir='ltr'>εἰσιν</span> <span class='ocrx_word' id='word_1_584' title='bbox 1693 5782 1746 5833; x_wconf 81' lang='grc' dir='ltr'>οὶ</span> <span class='ocrx_word' id='word_1_585' title='bbox 1777 5781 1880 5833; x_wconf 72' lang='grc' dir='ltr'><strong>λό-</strong></span> 
     </span>
    </p>
   </div>
   <div class='ocr_carea' id='block_1_88' title="bbox 1983 4567 3573 4641">
    <p class='ocr_par' dir='ltr' id='par_1_88' title="bbox 1983 4567 3573 4641">
     <span class='ocr_line' id='line_1_88' title="bbox 1983 4567 3573 4641; baseline -0.004 -13"><span class='ocrx_word' id='word_1_586' title='bbox 1983 4577 2119 4641; x_wconf 88' lang='lat' dir='ltr'><strong>nire,</strong></span> <span class='ocrx_word' id='word_1_587' title='bbox 2149 4589 2257 4626; x_wconf 89' lang='lat' dir='ltr'><strong>non</strong></span> <span class='ocrx_word' id='word_1_588' title='bbox 2297 4572 2440 4626; x_wconf 90' lang='lat' dir='ltr'><strong>enim</strong></span> <span class='ocrx_word' id='word_1_589' title='bbox 2484 4585 2594 4624; x_wconf 89' lang='lat' dir='ltr'><strong>non</strong></span> <span class='ocrx_word' id='word_1_590' title='bbox 2625 4570 2829 4622; x_wconf 87' lang='lat' dir='ltr'><strong>bonum</strong></span> <span class='ocrx_word' id='word_1_591' title='bbox 2855 4567 3057 4639; x_wconf 78' lang='lat' dir='ltr'><strong>aliquis</strong></span> <span class='ocrx_word' id='word_1_592' title='bbox 3081 4567 3232 4637; x_wconf 81' lang='lat' dir='ltr'><strong>sequi</strong></span> <span class='ocrx_word' id='word_1_593' title='bbox 3265 4573 3465 4639; x_wconf 87' lang='lat' dir='ltr'><strong>potest,</strong></span> <span class='ocrx_word' id='word_1_594' title='bbox 3500 4567 3573 4621; x_wconf 83' lang='lat' dir='ltr'><strong>ad</strong></span> 
     </span>
    </p>
   </div>
   <div class='ocr_carea' id='block_1_89' title="bbox 1981 4665 2899 4738">
    <p class='ocr_par' dir='ltr' id='par_1_89' title="bbox 1981 4665 2899 4738">
     <span class='ocr_line' id='line_1_89' title="bbox 1981 4665 2899 4738; baseline -0.008 -18"><span class='ocrx_word' id='word_1_595' title='bbox 1981 4665 2364 4738; x_wconf 76' lang='lat' dir='ltr'><strong>possidendam</strong></span> <span class='ocrx_word' id='word_1_596' title='bbox 2415 4666 2578 4718; x_wconf 87' lang='lat' dir='ltr'><strong>vitam</strong></span> <span class='ocrx_word' id='word_1_597' title='bbox 2612 4674 2899 4716; x_wconf 70' lang='lat' dir='ltr'><strong>aeternam.</strong></span> 
     </span>
    </p>
   </div>
   <div class='ocr_carea' id='block_1_90' title="bbox 2055 4848 3576 4919">
    <p class='ocr_par' dir='ltr' id='par_1_90' title="bbox 2055 4848 3576 4919">
     <span class='ocr_line' id='line_1_90' title="bbox 2055 4848 3576 4919; baseline -0.002 -14"><span class='ocrx_word' id='word_1_598' title='bbox 2055 4851 2220 4907; x_wconf 71' lang='lat' dir='ltr'><strong>Vens.</strong></span> <span class='ocrx_word' id='word_1_599' title='bbox 2259 4851 2349 4906; x_wconf 81' lang='grc'><strong>55.</strong></span> <span class='ocrx_word' id='word_1_600' title='bbox 2399 4851 2507 4905; x_wconf 81' lang='lat' dir='ltr'><strong>Res</strong></span> <span class='ocrx_word' id='word_1_601' title='bbox 2542 4849 2916 4919; x_wconf 74' lang='lat' dir='ltr'><strong>pranneditata</strong></span> <span class='ocrx_word' id='word_1_602' title='bbox 2979 4865 3084 4902; x_wconf 82' lang='lat' dir='ltr'><strong>non</strong></span> <span class='ocrx_word' id='word_1_603' title='bbox 3143 4848 3307 4902; x_wconf 84' lang='lat' dir='ltr'><strong>habet</strong></span> <span class='ocrx_word' id='word_1_604' title='bbox 3353 4849 3498 4902; x_wconf 85' lang='lat' dir='ltr'><strong>hanc</strong></span> <span class='ocrx_word' id='word_1_605' title='bbox 3538 4866 3576 4902; x_wconf 81' lang='lat' dir='ltr'><strong>e-</strong></span> 
     </span>
    </p>
   </div>
   <div class='ocr_carea' id='block_1_91' title="bbox 1986 4941 3570 5012">
    <p class='ocr_par' dir='ltr' id='par_1_91' title="bbox 1986 4941 3570 5012">
     <span class='ocr_line' id='line_1_91' title="bbox 1986 4941 3570 5012; baseline 0.001 -17"><span class='ocrx_word' id='word_1_606' title='bbox 1986 4943 2272 5012; x_wconf 79' lang='lat' dir='ltr'><strong>repentino</strong></span> <span class='ocrx_word' id='word_1_607' title='bbox 2295 4942 2686 4997; x_wconf 89' lang='lat' dir='ltr'><strong>turbationem.</strong></span> <span class='ocrx_word' id='word_1_608' title='bbox 2717 4941 2873 5006; x_wconf 84' lang='lat' dir='ltr'><strong>Quod</strong></span> <span class='ocrx_word' id='word_1_609' title='bbox 2903 4951 2957 4995; x_wconf 89' lang='lat' dir='ltr'><strong>et</strong></span> <span class='ocrx_word' id='word_1_610' title='bbox 2987 4941 3156 4996; x_wconf 86' lang='lat' dir='ltr'><strong>David</strong></span> <span class='ocrx_word' id='word_1_611' title='bbox 3189 4942 3326 4996; x_wconf 82' lang='lat' dir='ltr'><strong>dixit</strong></span> <span class='ocrx_word' id='word_1_612' title='bbox 3360 4941 3570 4996; x_wconf 81' lang='lat' dir='ltr'><strong>:Poru-</strong></span> 
     </span>
    </p>
   </div>
   <div class='ocr_carea' id='block_1_92' title="bbox 1985 5033 3570 5089">
    <p class='ocr_par' dir='ltr' id='par_1_92' title="bbox 1985 5033 3570 5089">
     <span class='ocr_line' id='line_1_92' title="bbox 1985 5033 3570 5089; baseline -0.001 -1"><span class='ocrx_word' id='word_1_613' title='bbox 1985 5045 2066 5088; x_wconf 82' lang='lat' dir='ltr'><strong>tus</strong></span> <span class='ocrx_word' id='word_1_614' title='bbox 2090 5051 2205 5088; x_wconf 85' lang='lat' dir='ltr'><strong>sum</strong></span> <span class='ocrx_word' id='word_1_615' title='bbox 2227 5044 2277 5089; x_wconf 84' lang='lat' dir='ltr'><strong>et</strong></span> <span class='ocrx_word' id='word_1_616' title='bbox 2305 5051 2406 5088; x_wconf 88' lang='lat' dir='ltr'><strong>non</strong></span> <span class='ocrx_word' id='word_1_617' title='bbox 2435 5050 2551 5088; x_wconf 87' lang='lat' dir='ltr'><strong>sum</strong></span> <span class='ocrx_word' id='word_1_618' title='bbox 2577 5033 2859 5088; x_wconf 83' lang='lat' dir='ltr'><strong>turbatus:</strong></span> <span class='ocrx_word' id='word_1_619' title='bbox 2893 5035 2997 5087; x_wconf 90' lang='lat' dir='ltr'><strong>hoc</strong></span> <span class='ocrx_word' id='word_1_620' title='bbox 3029 5035 3082 5088; x_wconf 92' lang='lat' dir='ltr'><strong>in</strong></span> <span class='ocrx_word' id='word_1_621' title='bbox 3115 5034 3319 5088; x_wconf 87' lang='lat' dir='ltr'><strong>tonitru</strong></span> <span class='ocrx_word' id='word_1_622' title='bbox 3350 5035 3570 5089; x_wconf 83' lang='lat' dir='ltr'><strong>accidit.</strong></span> 
     </span>
    </p>
   </div>
   <div class='ocr_carea' id='block_1_93' title="bbox 1980 5126 3567 5198">
    <p class='ocr_par' dir='ltr' id='par_1_93' title="bbox 1980 5126 3567 5198">
     <span class='ocr_line' id='line_1_93' title="bbox 1980 5126 3567 5198; baseline -0.004 -14"><span class='ocrx_word' id='word_1_623' title='bbox 1980 5127 2329 5184; x_wconf 69' lang='lat' dir='ltr'><strong>Praemissqu</strong></span> <span class='ocrx_word' id='word_1_624' title='bbox 2347 5127 2491 5182; x_wconf 90' lang='lat' dir='ltr'><strong>enim</strong></span> <span class='ocrx_word' id='word_1_625' title='bbox 2507 5127 3154 5198; x_wconf 75' lang='lat' dir='ltr'><strong>fulgurinouetmentem,</strong></span> <span class='ocrx_word' id='word_1_626' title='bbox 3171 5126 3567 5198; x_wconf 81' lang='lat' dir='ltr'><strong>expectandum</strong></span> 
     </span>
    </p>
   </div>
   <div class='ocr_carea' id='block_1_94' title="bbox 1982 5221 3564 5289">
    <p class='ocr_par' dir='ltr' id='par_1_94' title="bbox 1982 5221 3564 5289">
     <span class='ocr_line' id='line_1_94' title="bbox 1982 5221 3564 5289; baseline -0.003 -15"><span class='ocrx_word' id='word_1_627' title='bbox 1982 5237 2104 5276; x_wconf 78' lang='lat' dir='ltr'><strong>esse</strong></span> <span class='ocrx_word' id='word_1_628' title='bbox 2135 5221 2361 5281; x_wconf 87' lang='lat' dir='ltr'><strong>tonitru.</strong></span> <span class='ocrx_word' id='word_1_629' title='bbox 2383 5229 2442 5274; x_wconf 90' lang='lat' dir='ltr'><strong>ut</strong></span> <span class='ocrx_word' id='word_1_630' title='bbox 2467 5223 2874 5289; x_wconf 76' lang='lat' dir='ltr'><strong>exspectatione</strong></span> <span class='ocrx_word' id='word_1_631' title='bbox 2893 5221 3137 5276; x_wconf 81' lang='lat' dir='ltr'><strong>solvatur</strong></span> <span class='ocrx_word' id='word_1_632' title='bbox 3157 5221 3331 5288; x_wconf 77' lang='lat' dir='ltr'><strong>major</strong></span> <span class='ocrx_word' id='word_1_633' title='bbox 3354 5229 3530 5272; x_wconf 86' lang='lat' dir='ltr'><strong>melus</strong></span> <span class='ocrx_word' id='word_1_634' title='bbox 3552 5235 3564 5269; x_wconf 86' lang='lat'>:</span> 
     </span>
    </p>
   </div>
   <div class='ocr_carea' id='block_1_95' title="bbox 1983 5315 3568 5384">
    <p class='ocr_par' dir='ltr' id='par_1_95' title="bbox 1983 5315 3568 5384">
     <span class='ocr_line' id='line_1_95' title="bbox 1983 5315 3568 5384; baseline -0.003 -16"><span class='ocrx_word' id='word_1_635' title='bbox 1983 5316 2053 5369; x_wconf 84' lang='lat' dir='ltr'><strong>ita</strong></span> <span class='ocrx_word' id='word_1_636' title='bbox 2089 5316 2252 5369; x_wconf 84' lang='lat' dir='ltr'><strong>etiam</strong></span> <span class='ocrx_word' id='word_1_637' title='bbox 2289 5315 2540 5370; x_wconf 83' lang='lat' dir='ltr'><strong>Salvator</strong></span> <span class='ocrx_word' id='word_1_638' title='bbox 2570 5331 2637 5370; x_wconf 90' lang='lat' dir='ltr'><strong>ne</strong></span> <span class='ocrx_word' id='word_1_639' title='bbox 2667 5315 2832 5370; x_wconf 90' lang='lat' dir='ltr'><strong>simul</strong></span> <span class='ocrx_word' id='word_1_640' title='bbox 2884 5316 2938 5369; x_wconf 90' lang='lat' dir='ltr'><strong>in</strong></span> <span class='ocrx_word' id='word_1_641' title='bbox 2977 5316 3233 5384; x_wconf 81' lang='lat' dir='ltr'><strong>passione</strong></span> <span class='ocrx_word' id='word_1_642' title='bbox 3279 5315 3568 5366; x_wconf 85' lang='lat' dir='ltr'><strong>turbentur</strong></span> 
     </span>
    </p>
   </div>
   <div class='ocr_carea' id='block_1_96' title="bbox 1981 5408 3561 5480">
    <p class='ocr_par' dir='ltr' id='par_1_96' title="bbox 1981 5408 3561 5480">
     <span class='ocr_line' id='line_1_96' title="bbox 1981 5408 3561 5480; baseline -0.003 -15"><span class='ocrx_word' id='word_1_643' title='bbox 1981 5409 2255 5477; x_wconf 84' lang='lat' dir='ltr'><strong>disci-puli,</strong></span> <span class='ocrx_word' id='word_1_644' title='bbox 2285 5410 2488 5480; x_wconf 61' lang='lat' dir='ltr'><strong>sa‘pius</strong></span> <span class='ocrx_word' id='word_1_645' title='bbox 2528 5411 2696 5465; x_wconf 82' lang='lat' dir='ltr'><strong>dicit:</strong></span> <span class='ocrx_word' id='word_1_646' title='bbox 2739 5410 2873 5464; x_wconf 80' lang='lat' dir='ltr'><strong>Ecce</strong></span> <span class='ocrx_word' id='word_1_647' title='bbox 2909 5411 3240 5466; x_wconf 72' lang='lat' dir='ltr'><strong>ascendimus</strong></span> <span class='ocrx_word' id='word_1_648' title='bbox 3284 5408 3561 5478; x_wconf 79' lang='lat' dir='ltr'><strong>Jerosoly-</strong></span> 
     </span>
    </p>
   </div>
   <div class='ocr_carea' id='block_1_97' title="bbox 1982 5501 3585 5571">
    <p class='ocr_par' dir='ltr' id='par_1_97' title="bbox 1982 5501 3585 5571">
     <span class='ocr_line' id='line_1_97' title="bbox 1982 5501 3585 5571; baseline 0.001 -19"><span class='ocrx_word' id='word_1_649' title='bbox 1982 5516 2148 5563; x_wconf 85' lang='lat' dir='ltr'><strong>mum;</strong></span> <span class='ocrx_word' id='word_1_650' title='bbox 2171 5510 2224 5554; x_wconf 91' lang='lat' dir='ltr'><strong>et</strong></span> <span class='ocrx_word' id='word_1_651' title='bbox 2277 5517 2385 5555; x_wconf 88' lang='lat' dir='ltr'><strong>non</strong></span> <span class='ocrx_word' id='word_1_652' title='bbox 2440 5501 2622 5554; x_wconf 89' lang='lat' dir='ltr'><strong>minus</strong></span> <span class='ocrx_word' id='word_1_653' title='bbox 2663 5503 2716 5555; x_wconf 91' lang='lat' dir='ltr'><strong>in</strong></span> <span class='ocrx_word' id='word_1_654' title='bbox 2763 5503 3016 5571; x_wconf 86' lang='lat' dir='ltr'><strong>passione</strong></span> <span class='ocrx_word' id='word_1_655' title='bbox 3063 5503 3264 5556; x_wconf 84' lang='lat' dir='ltr'><strong>turbati</strong></span> <span class='ocrx_word' id='word_1_656' title='bbox 3300 5512 3464 5565; x_wconf 90' lang='lat' dir='ltr'><strong>sunt;</strong></span> <span class='ocrx_word' id='word_1_657' title='bbox 3494 5502 3585 5554; x_wconf 80' lang='lat' dir='ltr'><strong>iia-</strong></span> 
     </span>
    </p>
   </div>
   <div class='ocr_carea' id='block_1_98' title="bbox 1985 5592 3567 5664">
    <p class='ocr_par' dir='ltr' id='par_1_98' title="bbox 1985 5592 3567 5664">
     <span class='ocr_line' id='line_1_98' title="bbox 1985 5592 3567 5664; baseline 0.004 -20"><span class='ocrx_word' id='word_1_658' title='bbox 1985 5604 2039 5646; x_wconf 88' lang='lat' dir='ltr'><strong>ut</strong></span> <span class='ocrx_word' id='word_1_659' title='bbox 2071 5592 2322 5648; x_wconf 80' lang='lat' dir='ltr'><strong>Salvator</strong></span> <span class='ocrx_word' id='word_1_660' title='bbox 2379 5593 2671 5664; x_wconf 81' lang='lat' dir='ltr'><strong>objurgare</strong></span> <span class='ocrx_word' id='word_1_661' title='bbox 2719 5596 2912 5649; x_wconf 83' lang='lat' dir='ltr'><strong>debeat</strong></span> <span class='ocrx_word' id='word_1_662' title='bbox 2961 5595 3238 5662; x_wconf 78' lang='lat' dir='ltr'><strong>apostolos</strong></span> <span class='ocrx_word' id='word_1_663' title='bbox 3291 5605 3345 5649; x_wconf 88' lang='lat' dir='ltr'><strong>et</strong></span> <span class='ocrx_word' id='word_1_664' title='bbox 3382 5595 3567 5650; x_wconf 79' lang='lat' dir='ltr'><strong>dicere</strong></span> 
     </span>
    </p>
   </div>
   <div class='ocr_carea' id='block_1_99' title="bbox 1982 5686 3563 5755">
    <p class='ocr_par' dir='ltr' id='par_1_99' title="bbox 1982 5686 3563 5755">
     <span class='ocr_line' id='line_1_99' title="bbox 1982 5686 3563 5755; baseline 0.002 -19"><span class='ocrx_word' id='word_1_665' title='bbox 1982 5694 2104 5754; x_wconf 79' lang='lat' dir='ltr'><strong>post</strong></span> <span class='ocrx_word' id='word_1_666' title='bbox 2140 5686 2599 5739; x_wconf 82' lang='lat' dir='ltr'><strong>resurrectionem</strong></span> <span class='ocrx_word' id='word_1_667' title='bbox 2635 5705 2646 5739; x_wconf 90' lang='lat'>:</span> <span class='ocrx_word' id='word_1_668' title='bbox 2698 5687 2768 5740; x_wconf 87' lang='lat' dir='ltr'><strong>lli</strong></span> <span class='ocrx_word' id='word_1_669' title='bbox 2824 5699 2942 5739; x_wconf 83' lang='lat' dir='ltr'><strong>sunt</strong></span> <span class='ocrx_word' id='word_1_670' title='bbox 2999 5702 3260 5742; x_wconf 74' lang='lat' dir='ltr'><strong>sermones</strong></span> <span class='ocrx_word' id='word_1_671' title='bbox 3297 5688 3394 5740; x_wconf 68' lang='lat' dir='ltr'><strong>mei</strong></span> <span class='ocrx_word' id='word_1_672' title='bbox 3435 5705 3563 5755; x_wconf 80' lang='lat' dir='ltr'><strong>quos</strong></span> 
     </span>
    </p>
   </div>
   <div class='ocr_carea' id='block_1_100' title="bbox 1982 5777 3565 5850">
    <p class='ocr_par' dir='ltr' id='par_1_100' title="bbox 1982 5777 3565 5850">
     <span class='ocr_line' id='line_1_100' title="bbox 1982 5777 3565 5850; baseline -0.001 -18"><span class='ocrx_word' id='word_1_673' title='bbox 1982 5780 2096 5833; x_wconf 53' lang='lat' dir='ltr'><strong>disi</strong></span> <span class='ocrx_word' id='word_1_674' title='bbox 2128 5781 2284 5846; x_wconf 71' lang='lat' dir='ltr'><strong>vobis</strong></span> <span class='ocrx_word' id='word_1_675' title='bbox 2324 5780 2446 5850; x_wconf 72' lang='lat' dir='ltr'><strong>quia</strong></span> <span class='ocrx_word' id='word_1_676' title='bbox 2484 5790 2685 5849; x_wconf 71' lang='lat' dir='ltr'><strong>oportet</strong></span> <span class='ocrx_word' id='word_1_677' title='bbox 2737 5777 2938 5832; x_wconf 77' lang='lat' dir='ltr'><strong>Filium</strong></span> <span class='ocrx_word' id='word_1_678' title='bbox 2963 5779 3192 5834; x_wconf 75' lang='lat' dir='ltr'><strong>hominis</strong></span> <span class='ocrx_word' id='word_1_679' title='bbox 3220 5780 3387 5834; x_wconf 78' lang='lat' dir='ltr'><strong>multa</strong></span> <span class='ocrx_word' id='word_1_680' title='bbox 3433 5781 3565 5847; x_wconf 68' lang='lat' dir='ltr'><strong>pati.</strong></span> 
     </span>
    </p>
   </div>
  </div>
