3920 6206
488 264 628 333 1175

1199 272 1589 336 OPUSCULA
1630 276 2264 339 SCRIPTURISTICA
2307 277 2657 339 lNCERT/E
2686 277 2999 342 IETATIS.

3608 276 3733 341 ωε»

484 383 612 441 Illos
635 384 945 457 objurgavit
977 385 1121 457 quod
1150 387 1492 456 propositum
1538 404 1646 443 non
1697 388 2054 460 impleverim.

2170 406 2259 459 τοι
2300 406 2422 459 μου
2456 389 2563 455 οὒς
2595 390 2811 460 ἔλεγον
2845 389 3007 459 ὑμῖν,
3048 388 3136 442 ὅτι
3180 387 3281 441 δεῖ
3330 388 3439 442 τὸν
3472 390 3610 442 flor
3639 390 3735 443 τοῦ

486 483 709 545 propter
726 476 870 546 quod
898 475 1145 531 Salvator
1176 476 1522 545 praedixerat.
1568 478 1825 545 Prwdixi,
1865 478 2060 550 inquit,

485 573 544 619 ut
568 581 673 619 non
697 566 1002 633 turbemiui,
1026 576 1078 623 et
1109 567 1344 623 turbatio
1369 584 1455 623 vos
1488 571 1780 638 occupavit.

1045 846 1277 903 CAPUT
1332 848 1429 905 ΧΙ.

554 929 720 983 Vsus.
763 930 855 986 20.
905 930 1122 1005 Plagam
1179 936 1489 991 hominibus
1530 951 1810 1007 nunquam
1853 936 2057 1005 intulit,

480 1024 575 1078 sed
651 1027 705 1081 in
769 1027 1047 1082 beneﬁciis
1108 1036 1320 1082 tantum
1399 1038 1724 1099 potestatem
1797 1030 2058 1084 ostendit.

481 1112 688 1172 Volens
711 1133 843 1187 ergo
904 1118 1194 1171 ostendere
1231 1118 1333 1171 sibi
1404 1119 1664 1188 possibile
1717 1134 1839 1175 esse.
1904 1121 2064 1176 casti-

478 1221 626 1275 gare,
687 1226 793 1264 non
834 1210 1086 1263 homines
1135 1209 1424 1268 destruxit.
1480 1210 1572 1265 sed
1614 1210 1774 1265 ticum
1815 1212 2062 1268 siccavit.

1068 1316 1301 1372 CAPUT
1342 1317 1459 1372 XII.

551 1424 721 1481 Vsus.
787 1426 841 1480 6.
883 1425 997 1479 Non
1058 1440 1189 1480 voce
1253 1426 1423 1480 utitur
1478 1438 1715 1483 austera.
1766 1427 1885 1483 Non
1920 1430 2064 1483 enim

476 1516 649 1570 dicit:
690 1515 982 1571 Timebunt
1020 1517 1188 1570 lilium
1234 1532 1438 1582 meum,
1490 1519 1607 1583 sed,
1649 1518 2063 1584 Reverebuntur,

474 1607 631 1663 utde
691 1609 1091 1678 negligentibus
1130 1619 1185 1663 et
1244 1624 1351 1663 non
1408 1610 1662 1679 malignis
1712 1611 1962 1676 locutus;
1996 1621 2051 1665 et

2161 481 2479 550 ἀνθρώπου
2507 483 2711 536 πολλὰ
2745 481 2979 536 παθεῖν.
3022 480 3314 543 Ὦνείδιζεν
3337 479 3539 542 αὐτοὺς
3559 480 3638 532 ὅτι
3663 479 3741 532 τὶν

2171 576 2373 629 σκοπὸν
2409 573 2510 627 οὐκ
2557 574 2920 646 ἐπλήρωσαν,
2950 574 3021 627 δι’
3050 572 3111 625 ὃν
3146 573 3177 625 ὁ
3210 571 3407 643 Σωτὴρ
3473 573 3743 641 προεῖπεν.

2169 664 2487 735 Προεῖπον,
2522 666 2707 735 φησὶν,
2740 666 2841 718 ἵνα
2864 664 2951 734 μὴ
2991 661 3351 733 ταραχθῆτε,
3394 663 3502 716 καὶ
3533 664 3567 716 ό
3592 664 3743 730 θόρυ-

2168 758 2269 825 ϐος
2299 755 2463 826 ὑμῶν
2490 755 2851 825 ἐκράτησεν.

2751 842 3005 898 ΚΕΦΛΛ.
3047 840 3152 897 IA'.

2236 931 2460 1002 Πληγὴν
2498 928 2807 1000 ἀνθρώποις
2841 931 2940 983 οὐκ
2989 930 3297 1001 ἐπήνεγκεν
3349 925 3606 989 πώποτε,
3642 924 3743 977 ἀλλ’

2172 1023 2230 1075 ὲν
2258 1022 2575 1093 εὑργεσίαις
2600 1021 2791 1091 μόναις
2818 1021 2918 1092 τὴν
2944 1020 3175 1089 δύναμιν
3200 1018 3547 1085 ἐπεδείξατο.
3576 1016 3743 1080 Δείξαι

2166 1111 2260 1169 οὖν
2292 1115 2638 1186 βουλόμενος,
2664 1117 2751 1169 ὅτι
2785 1116 2880 1167 καὶ
2902 1114 3152 1177 κολάζειν
3183 1112 3331 1166 ἐστὶν
3361 1110 3625 1173 δυνατὸς,
3660 1109 3745 1162 οὐκ

2165 1206 2481 1279 ἀνθρώπους
2516 1209 2730 1261 ἀνεῖλεν
2752 1246 2770 1269 ,
2810 1206 2945 1260 ἀλλὰ
2978 1206 3151 1275 συκῆν
3183 1204 3586 1274 κατεξηρανεν.

2765 1318 3016 1371 ΚΕΦΔΛ.
3057 1314 3158 1369 1Β’.

2240 1428 2373 1483 Οὐδὲ
2406 1430 2473 1499 τῇ
2503 1427 2647 1493 λέξει
2671 1426 2867 1479 λυπεῖ·
2899 1426 2960 1479 οὐ
2990 1428 3099 1497 γὰρ
3127 1420 3305 1487 εἶπεν,
3335 1421 3744 1492 Φοϐηθήσοντιι

2168 1526 2258 1579 τὸν
2297 1524 2445 1585 Υίὸν.
2499 1523 2643 1588 ἀλλ’,
2699 1523 3250 1590 Ἐντραπήσονται·
3285 1519 3363 1581 ὡς
3416 1517 3555 1587 περὶ
3592 1516 3745 1586 βαθύ.

2171 1634 2308 1687 μων,
2343 1616 2404 1667 οὐ
2432 1612 2710 1683 πονηρῶν,
2743 1611 3042 1681 διαλεχθείς
3063 1626 3078 1641 ο
3122 1611 3216 1663 καὶ
3251 1609 3359 1678 μὴν
3396 1608 3504 1659 οὐκ
3540 1606 3747 1674 ἐνετρά-

474 1707 623 1754 certe
684 1715 792 1753 non
854 1700 1068 1753 reveriti
1123 1710 1273 1760 sunt.
1323 1700 1415 1754 sed
1478 1701 1662 1770 potius
1711 1702 2054 1756 occiderunt.

2170 1724 2368 1779 πησαν,
2417 1706 2532 1758 ἀλλ’
2562 1704 2890 1759 ἀπέκτειναν
2918 1702 3140 1773 μᾶλλον.
3176 1696 3302 1770 'Ap‘
3328 1698 3429 1753 οὖν
3461 1699 3601 1759 τοὺς
3636 1698 3747 1766 μὲλ-

473 1789 613 1844 Num
657 1790 825 1861 igitur
859 1792 1004 1861 quod
1045 1792 1222 1845 facere
1251 1789 1525 1845 debebant
1554 1791 1824 1859 ignoravit
1854 1791 2053 1848 Pater?

476 1896 583 1937 non
636 1882 813 1937 solum
846 1898 953 1937 non
1004 1885 1240 1953 ignorat,
1309 1881 1405 1936 sed
1431 1890 1486 1936 ct
1534 1882 1817 1952 praedicit;
1868 1884 1922 1937 hi
1957 1900 2062 1938 non

473 1974 687 2028 rcvcriti
734 1984 882 2030 sunt.
921 1973 1063 2029 Proh
1084 1975 1353 2030 dementia
1387 1974 1400 2027 l
1437 1972 1554 2030 Non
1604 1976 1749 2029 enim
1806 1976 2066 2030 mentitur

472 2073 652 2127 rater,
680 2068 773 2121 sed
805 2070 871 2121 ad
919 2068 1205 2121 utilitatem
1253 2066 1619 2138 ignorantiam
1652 2068 1895 2122 simulat.
1941 2067 2065 2121 Ideo

469 2167 524 2235 et
556 2157 727 2213 Filius
758 2159 1000 2212 imitatur
1037 2157 1275 2223 Patrem,
1306 2167 1360 2212 et
1383 2156 1449 2229 ,‘in
1504 2157 1606 2212 hoc
1646 2158 1883 2212 ostendit
1938 2173 2061 2214 cum

471 2242 565 2303 ‘llo
591 2249 1031 2305 similitudinem.

1067 2352 1298 2407 CAPUT
1322 2352 1462 2409 XIII.

540 2460 710 2516 Vsus.
743 2463 833 2517 '52.
891 2462 966 2516 De
1014 2462 1102 2517 die
1129 2474 1307 2518 autem
1350 2466 1465 2530 illo,
1521 2466 1722 2538 inquit,
1773 2482 1924 2521 nemo
1961 2465 2062 2519 scit

468 2556 643 2625 neque]
678 2554 889 2621 Filius.l
930 2553 1047 2609 Non
1129 2557 1344 2627 ignorat
1410 2560 1555 2613 dicm
1634 2560 1794 2629 cujus
1871 2568 2064 2615 auctor

468 2646 584 2713 ipse
613 2647 827 2707 est,'sed
853 2645 920 2699 ad
952 2647 1238 2701 utilitatem
1272 2649 1555 2704 hominum
1588 2651 1947 2720 ignorantiam
1973 2650 2054 2705 si-

469 2738 658 2791 mulat.
700 2736 818 2791 Non
859 2737 1003 2791 enim
1054 2740 1303 2808 proderat
1349 2741 1663 2798 hominibus
1683 2743 1828 2800 scire
1858 2742 2053 2811 judicii

465 2830 632 2896 diem,
674 2839 869 2884 utnon
933 2832 1131 2902 cuique
1188 2833 1409 2901 prodest
1460 2836 1599 2890 scire
1660 2835 1853 2892 mortis
1889 2835 2057 2891 diem.

465 2920 717 2991 Quisque
748 2922 891 2976 enim
915 2924 1257 2992 praescicntia
1292 2925 1396 2980 ista
1422 2926 1593 2981 (idem
1622 2943 1786 2983 omne
1833 2935 2050 2998 tempus

468 3016 520 3066 in
554 3024 777 3083 peccato
810 3023 864 3069 et
897 3015 1137 3084 nequitia
1166 3028 1544 3081 consumeret,
1574 3019 1639 3073 ad
1662 3020 1836 3088 ipsam
1866 3030 2051 3074 autem

465 3103 608 3156 diem
638 3103 895 3172 pietatem
923 3114 1264 3175 prorogaret.
1290 3104 1448 3161 Nunc
1472 3122 1601 3162 vero
1631 3108 1915 3162 inscientia
1933 3109 2040 3163 diei

465 3194 737 3249 studiosos
802 3210 899 3250 eos
927 3196 1020 3266 qui
1084 3196 1282 3251 volunt
1351 3197 1534 3260 edicit,
1588 3214 1866 3270 quamque
1906 3200 2051 3254 diem

462 3288 713 3343 ultimam
771 3296 1046 3357 putantes.
1086 3287 1378 3354 Quomodo
1413 3290 1579 3360 igitur
1601 3291 1773 3346 dicit:
1813 3291 2050 3347 Κυνεγε-

462 3378 670 3434 buntur
710 3376 906 3434 Filium
928 3380 1146 3434 meum?
1175 3380 1330 3447 Quod
1371 3382 1529 3437 decet
1565 3391 1615 3437 et
1645 3383 1875 3439 debetur
1897 3398 2055 3438 exse-

462 3468 681 3536 quendo
741 3476 795 3521 et
843 3485 1119 3539 nunquam
1161 3470 1446 3525 violando:
1505 3471 1667 3526 simul
1742 3465 2058 3528 dissimulat

466 3575 656 3613 eorum
694 3560 758 3612 ad
794 3560 949 3629 pejus
1007 3562 1448 3631 proncnsiouem,
1485 3569 1537 3616 et
1598 3562 1938 3632 punitionem
1985 3563 2052 3617 ad

463 3653 787 3706 henclicium
849 3654 1033 3719 vertit,
1082 3654 1139 3708 Si
1198 3656 1345 3709 enim
1414 3654 1647 3710 dixisset
1712 3674 1725 3709 :
1778 3655 2054 3710 Mittamus

462 3745 683 3810 Filium,
728 3745 843 3799 scio
892 3755 1070 3799 autem
1114 3748 1259 3816 quod
1310 3748 1462 3803 illum
1517 3749 1870 3819 cruciﬁgent,
1937 3758 2049 3803 sta-

464 3836 558 3887 tim
627 3845 814 3889 contra
872 3835 1161 3906 Evangelia
1243 3855 1435 3896 vocem
1510 3840 1869 3910 corripuisset
1908 3848 1916 3857 '
1953 3838 2053 3894 Ju-

464 3929 655 3984 d:eus:
688 3927 787 3984 llic
819 3930 954 3985 dixit
978 3931 1122 4000 quod
1161 3931 1309 3985 illum
1339 3932 1748 4003 cruciﬁgam,et
1776 3932 2052 4002 quomodo

472 4022 754 4077 debuisset
779 4036 887 4076 non
916 4023 1199 4093 cruciﬁgi?
1224 4024 1500 4093 quomodo
1520 4025 1876 4080 assertionem
1907 4024 2049 4079 divi~

460 4127 590 4167 nam
630 4112 849 4166 eludere
902 4128 1190 4182 possemus
1218 4114 1242 4166 ἲ
1274 4114 1402 4169 Ideo
1432 4114 1601 4170 dicit:
1636 4114 2050 4170 Reverehuntur

456 4205 658 4261 Filium
712 4219 917 4259 meum.
962 4204 1101 4271 Quid
1161 4205 1308 4261 enim
1357 4221 1464 4261 non
1513 4205 1643 4261 fecit
1680 4204 1851 4262 Filius
1900 4206 2047 4275 quod

456 4306 774 4353 convertere
802 4296 924 4352 illos
952 4296 1726 4368 posset?Primum,Douiinus
1747 4305 2049 4362 comesset,

2166 1800 2353 1862 λοντας
2405 1796 2673 1866 ἠγνόησεν
2713 1796 2743 1846 ό
2792 1796 3019 1865 Πατήρς
3078 1794 3187 1847 Καὶ
3216 1792 3317 1845 οὐκ
3343 1792 3546 1857 ἀγνοεῖ
3574 1791 3745 1860 μόνον,

2167 1892 2302 1946 ἀλλὰ
2342 1892 2435 1943 καὶ
2482 1886 2743 1956 προλέγει
2763 1904 2778 1919 ο
2809 1886 2857 1940 οἱ
2894 1885 2950 1939 δὲ
2982 1886 3082 1938 οὐκ
3112 1884 3503 1953 ὲνετράπησαν
3528 1898 3544 1911 ⁶
3582 1884 3749 1947 ἄπαγε

2166 1984 2263 2051 τῆς
2293 1980 2490 2050 μανίας
2518 1978 2627 2032 1οὐ
2658 1977 2766 2048 γὰρ
2794 1976 3050 2045 ψεύδεται
3081 1975 3296 2044 Πατὴρ,
3330 1972 3478 2026 ἀλλὰ
3520 1972 3665 2041 πρὸς
3700 1970 3750 2022 ei

2166 2072 2437 2141 χρήσιμον
2493 2066 2592 2137 τὴν
2645 2067 2870 2134 ἄγνοιαν
2921 2065 3183 2117 πλάττειο
3233 2061 3326 2116 διὰ
3381 2060 3556 2115 τοῦτο
3608 2063 3750 2113 καὶέ

2165 2163 2293 2225 Υἱὸς
2334 2160 2669 2231 μιμούμενος
2719 2159 2813 2212 τὸν
2857 2159 3097 2226 Πατέρα,
3146 2156 3245 2209 καὶ
3278 2154 3431 2207 κατὰ
3460 2152 3633 2205 τοῦτο
3664 2153 3749 2220 τὴν

2166 2254 2301 2325 πρὸς
2331 2252 2492 2306 αὐτὸν
2518 2250 2732 2314 δεικνὺς
2762 2249 3077 2320 ὁμοιότητα.

2758 2352 3011 2408 ΚΕΦΑΛ.
3054 2351 3152 2406 11".

2232 2469 2371 2537 Περὶ
2421 2467 2490 2521 δὲ
2532 2466 2644 2535 τῆς
2690 2464 2915 2535 ἡμέρας
2960 2464 3236 2532 ἐκείνης,
3289 2465 3505 2532 φησιν,
3561 2458 3751 2521 οὐδεὶς

2168 2557 2334 2615 οἶδεν
2355 2597 2372 2622 ,
2422 2557 2563 2613 οὐδὲ
2611 2561 2644 2611 ό
2678 2557 2811 2621 Υἱός
2837 2571 2853 2585 θ
2894 2557 2993 2610 οὐκ
3027 2557 3238 2623 ἀγνοῶν
3289 2552 3395 2623 τὴν
3431 2554 3658 2622 ἡμέραν
3689 2546 3748 2621 ἧς

2162 2654 2309 2706 ἐστιν
2356 2650 2607 2721 ποιητὴς,
2645 2649 2782 2702 ἀλλὰ
2814 2648 2953 2719 πρὸς
2982 2648 3044 2700 τὸ
3076 2647 3353 2717 χρήσιμον
3387 2644 3507 2697 τῶν
3540 2643 3750 2712 ἀνθρώ-

2164 2760 2282 2798 πων
2316 2743 2689 2812 πλαττόμενος
2723 2740 2971 2808 ἄγνοιαν.
3021 2739 3094 2792 Οὐ
3143 2737 3254 2807 γὰρ
3298 2738 3613 2806 συνέφερεν
3650 2737 3752 2796 τοὶς

2162 2834 2473 2904 ἀνθρώποις
2527 2833 2627 2902 τὴν
2676 2832 2890 2902 ἡμέραν
2939 2829 3040 2898 τῆς
3071 2829 3329 2899 κρίσεως,
3382 2827 3589 2895 ῶσπερ
3640 2826 3753 2879 οὐδὲ

2160 2924 2377 2993 ἑκάστῳ
2409 2923 2679 2993 συμφέρει
2712 2921 2907 2991 μαθεῖν
2936 2920 3037 2989 τῆς
3080 2919 3339 2987 τελευτῆς
3370 2916 3474 2987 τὴν
3521 2917 3751 2986 ἡμέραν.

2164 3020 2428 3091 Ἐμελλεν
2453 3020 2562 3090 γάρ
2606 3035 2692 3082 τις
2718 3021 2784 3086 τῇ
2823 3014 3130 3087 προγνώσει
3163 3014 3390 3085 θαρρῶν
3422 3013 3617 3066 πάντα
3658 3013 3752 3081 μὲν

2158 3110 2250 3163 τὸν
2281 3110 2470 3180 χρόνον
2498 3108 2667 3176 κακίᾳ
2703 3109 2798 3160 καὶ
2827 3104 3064 3174 πονηρία
3107 3104 3297 3173 συζῇν,
3330 3102 3461 3155 κατ’
3494 3102 3677 3169 αὐτὴν
3703 3103 3755 3153 δὲ

2158 3202 2257 3256 τὴν
2287 3201 2501 3270 ἡμέραν
2531 3198 2821 3253 εὐλάὸειαν
2851 3196 3182 3251 πλάττεσθαι
3204 3210 3218 3225 ·
3251 3194 3347 3247 νῦν
3375 3194 3435 3247 δὲ
3465 3196 3534 3246 τὸ
3562 3192 3753 3261 ἆδηλσν

2157 3294 2257 3362 τῆς
2308 3292 2523 3364 ἡμέρας
2573 3290 2901 3353 σπουδαίους
2953 3291 3081 3351 τοὺς
3138 3286 3509 3357 βουλομένους
3569 3288 3749 3345 ποιεῖ,

2158 3384 2400 3453 ἑκάστην
2454 3383 2668 3453 ἡμέραν
2739 3382 2976 3451 ἐσχάτην
3058 3378 3406 3449 νομίζοντας.
3474 3376 3613 3438 Πῶς
3662 3374 3751 3427 εἴη

2158 3494 2345 3546 φησιν,
2383 3472 2896 3541 Ἐντραπήσονται
2926 3473 3034 3525 τὸν
3065 3469 3204 3524 Υίόν
3224 3484 3383 3538 μου;
3420 3468 3501 3521 Τὸ
3546 3468 3753 3536 πρέπον

2159 3566 2414 3635 γενέσθαι
2472 3566 2567 3618 καὶ⁵
2622 3563 2835 3633 ὀφεῖλον
2887 3562 3096 3627 είπὼν,
3150 3561 3212 3613 οὐ
3260 3561 3324 3613 τὸ
3375 3558 3754 3627 ἐκδησόμενεν

2159 3658 2378 3717 πάντως
2406 3674 2421 3689 ’
2476 3658 2596 3727 ἅμα
2650 3656 2743 3709 καὶ
2798 3655 3050 3707 κλέπτων
3104 3652 3284 3706 αὐτῶν
3338 3652 3439 3720 τὴν
3499 3651 3646 3721 πρὸς
3699 3648 3756 3698 τὸ

2156 3752 2341 3822 χεῖρον
2374 3749 2569 3819 ῥοπὴν,
2606 3751 2699 3801 καὶ
2733 3746 2908 3799 συλῶν
2952 3745 3243 3799 κολακείαν
3273 3742 3412 3812 πρὸς
3440 3742 3509 3793 τὸ
3546 3741 3754 3809 συμφέ-

2162 3858 2275 3911 ρον.
2308 3840 2367 3891 Ει
2402 3839 2500 3909 μὲν
2531 3837 2639 3907 γάρ
2670 3835 2842 3902 εἶπεν,
2864 3836 3175 3907 Πέμψωμεν
3206 3834 3297 3887 τὸν
3327 3834 3494 3895 Υίὸν,
3548 3829 3670 3884 οἶδα
3698 3830 3754 3881 δὲ

2155 3930 2238 3983 ὅτι
2272 3929 2648 3999 σταυρώσουσι
2692 3928 2883 3982 τοῦτον
2906 3944 2921 3958 ο
2960 3927 3125 3990 εὐθὺς
3162 3925 3305 3979 κατὰ
3334 3925 3445 3977 τῶν
3500 3921 3753 3989 Εὺατγεο

2154 4023 2284 4075 λίων
2312 4020 2558 4093 ἥρπαζεν
2584 4019 2682 4091 τὴν
2715 4019 2898 4090 φωνὴν
2926 4020 2955 4073 ὁ
3000 4018 3249 4080 Ἰουδαῖος
3274 4034 3289 4048 ο
3353 4014 3538 4077 Αὐτὸς
3568 4011 3747 4071 εἶπεν.

2159 4114 2242 4166 ὅτι
2280 4113 2668 4183 σταυρὼσομεν
2716 4111 2919 4164 αὐτόν’
2962 4111 3059 4164 καὶ
3093 4111 3210 4173 sub;
3254 4105 3619 4178 ὲμέλλ[ομ]εν
3675 4106 3750 4173 μὴ

2156 4203 2456 4274 σταυροῦν;
2499 4203 2617 4267 πῶς
2646 4203 2922 4272 ἀπόφασιν
2950 4202 3163 4256 ἀνελεῖν
3196 4198 3507 4268 ἐδυνάμεθα
3545 4198 3744 4259 θείινς

2156 4294 2253 4347 Διὰ
2300 4293 2457 4348 τοῦτό
2488 4312 2652 4363 φησιν
2674 4309 2689 4325 ·
2726 4292 3246 4361 Ἐντραπήσονται
3278 4291 3388 4345 τὸν
3422 4292 3575 4345 Υιόν
3599 4308 3747 4359 μου.

458 4388 691 4443 formam
726 4389 866 4444 servi
896 4389 1107 4460 accepit
1137 4399 1192 4446 et
1219 4389 1450 4446 mortale
1494 4389 1728 4446 induens
1758 4390 2038 4444 immorta-

2170 4387 2221 4441 l‘i
2260 4386 2370 4457 γὰρ
2397 4386 2497 4440 οὐκ
2526 4386 2764 4458 ἔπραξεν
2790 4388 2819 4438 ό
2853 4386 2982 4450 Υἱδς
3014 4385 3273 4455 ἑντρέψαι
3320 4382 3557 4447 τούτους
3582 4383 3749 4436 δυνά-

454 4477 661 4533 litatem
696 4478 1144 4547 communicavit,
1208 4480 1385 4550 ipsum
1422 4481 1715 4537 adventum
1774 4487 2045 4550 praestans

2170 4494 2357 4545 aevov;
2388 4478 2497 4531 Καὶ
2522 4477 2736 4549 πρῶτον
2764 4479 2848 4530 ὃτι
2880 4478 3157 4544 Δεσπότης
3186 4476 3283 4541 ῶν,
3319 4474 3542 4544 μορφὴν
3568 4474 3750 4526 δουλι-

454 4579 827 4635 mansuetum,
903 4577 965 4624 ut
1019 4586 1163 4626 unus
1251 4570 1673 4640 praecedentium
1731 4586 2038 4635 servorum,

2170 4565 2253 4634 ιὴν
2274 4563 2567 4635 ὲπορίσατο
2588 4605 2603 4627 ,
2622 4566 2715 4618 καλ⁸
2732 4564 2927 4634 θνητδν
2944 4565 3098 4629 ἐνδὺς
3109 4565 3412 4620 ἀθανασίαν
3435 4564 3745 4633 διένειμεν,

453 4658 625 4711 multo
648 4668 829 4712 autem
852 4658 933 4711 vel
990 4657 1392 4711 modestiorem.
1420 4654 1498 4711 Illi
1528 4658 1673 4711 enim
1698 4656 1859 4712 bonis
1891 4658 2039 4712 frue-

2170 4656 2314 4727 ιὺτὴν
2342 4654 2439 4725 τὴν
2470 4657 2774 4728 παρουσίαν
2795 4658 3164 4728 ποιησάμενος
3181 4656 3504 4730 ἦμερον,ὠς
3520 4652 3604 4719 εἷς
3635 4656 3748 4709 τῶν

454 4748 677 4805 bantur.
697 4746 787 4801 ille
814 4761 944 4799 vero
969 4760 1076 4800 nou
1130 4746 1366 4800 habebat
1395 4746 1487 4799 ubi
1516 4756 1679 4815 caput
1702 4747 1990 4801 reclinaret
2016 4763 2031 4812 ;

2170 4747 2524 4819 προλαϐόντων
2544 4749 2766 4814 δούλων,
2798 4749 3000 4821 μᾶλλον
3026 4750 3083 4803 δὲ
3113 4751 3208 4805 καὶ
3237 4750 3623 4820 μετριωτέραν
3654 4766 3671 4778 ο
3697 4748 3748 4801 οἱ

454 4844 507 4886 et
526 4833 669 4889 servi
706 4832 928 4902 quidem
983 4847 1127 4902 saepe
1188 4833 1381 4902 plagas
1423 4833 1510 4887 his
1563 4833 1893 4900 intulerunt,
1938 4834 2030 4889 ille

2170 4842 2240 4896 ιὲν
2269 4842 2378 4912 γάρ
2416 4842 2512 4896 καὶ
2569 4845 2870 4913 κτημάτων
2930 4843 3233 4915 εὐπόρουν,
3273 4842 3437 4905 αὐτὸς
3500 4842 3561 4895 δὲ
3615 4840 3749 4893 οὐδὲ

455 4940 586 4979 vero
617 4924 829 4994 plagam
851 4923 1163 4979 hominibus
1189 4939 1467 4994 nunquam
1502 4924 1707 4985 intulit.
1741 4927 1833 4981 scd
1869 4927 2033 4982 benc-

2170 4934 2237 4987 οὗ
2276 4935 2373 5003 τὴν
2412 4935 2655 5005 κεφαλὴν
2678 4936 2854 4991 κλῖναι
2874 4952 2889 4967 ο
2922 4936 3015 4990 καὶ
3051 4939 3100 4989 oi
3135 4936 3235 5003 μὲν
3263 4935 3442 4988 δοῦλοι
3470 4934 3751 4995 πολλάκις

456 5016 598 5071 liciis
630 5015 805 5069 solum
832 5025 1152 5086 potestatem
1171 5015 1453 5072 exhibuit:
1492 5017 1669 5071 Venite
1696 5018 1766 5071 ad
1788 5035 1888 5079 me,
1916 5019 2028 5071 cla-

2170 5026 2223 5078 αὶ
2266 5026 2480 5095 πληγὰς
2499 5028 2811 5095 ἐπήνεγκαν
2848 5028 3078 5093 τούτοις,
3106 5028 3269 5090 αὐτὸς
3300 5026 3354 5080 δὲ
3386 5026 3605 5095 πληγὴν
3657 5028 3755 5078 ἀν-

454 5119 587 5177 mat,
647 5123 753 5163 non
794 5114 1115 5177 exspectans
1152 5111 1329 5164 donec
1371 5109 1424 5163 hi
1462 5110 1528 5163 ad
1564 5125 1622 5165 se
1683 5110 2023 5164 accederent.

2170 5116 2367 5184 ρώποις
2406 5117 2507 5171 οὐκ
2542 5118 2848 5189 ἐπήνεγκεν
2891 5118 3108 5171 πώποτε
3129 5158 3145 5184 ,
3172 5118 3361 5170 ἀλλ’ἒν
3394 5117 3749 5185 εὐεργεσίαις

2134 5208 2324 5274 μόναις
2384 5207 2484 5279 τὴν
2530 5208 2761 5280 δύναμιν
2812 5211 3162 5275 ἐπεδείξατο,
3209 5210 3390 5264 Δεῦτε
3431 5212 3585 5278 πρός
3619 5225 3705 5275 με
3732 5245 3748 5268 ι

2145 5303 2304 5373 βοῶν,
2328 5305 2428 5358 οὐκ
2457 5306 2740 5376 ἀναμένων
2769 5306 3009 5367 ἐκείνους
3035 5305 3184 5375 αὐτῷ
3219 5302 3560 5373 προσελθεῖν.

2234 5396 2367 5446 Αντὶ
2395 5394 2514 5460 τοῦ,
2549 5395 2701 5450 Οὐδὲ
2743 5400 2776 5450 ό
2808 5398 2941 5462 Υἱὸς
2968 5395 3045 5451 ἂν
3073 5381 3223 5465 ῇδέι,
3248 5396 3304 5448 εί
3336 5395 3427 5463 μὴ
3449 5399 3485 5448 ό
3514 5393 3747 5461 Hatr'uf

2145 5488 2312 5543 ὲπε¹ιὸ⁹
2342 5492 2369 5543 ὁ
2401 5489 2589 5561 Πατὴρ
2618 5487 2747 5554 οἶδε,
2781 5490 2874 5543 καὶ
2899 5492 2925 5543 ὁ
2957 5491 3104 5553 Υἱός.

2742 5577 2991 5631 ΚΕΦΔΑ.
3032 5579 3129 5630 IA'.

2214 5686 2292 5739 Τά
2354 5686 2448 5740 δύο
2495 5689 2682 5759 τηρεῖ·
2739 5686 2832 5741 καὶ
2883 5686 3006 5750 τοὺς
3066 5685 3401 5751 ἀποστόλους
3457 5681 3748 5757 ἐφοδιάζειν

533 5388 658 5452 Pro,
698 5388 872 5457 Neque
917 5384 1093 5439 Filius
1151 5387 1339 5449 sciret,
1384 5388 1485 5441 nisi
1529 5384 1713 5453 Pater,
1767 5406 1889 5446 cum
1930 5392 2036 5446 Pa-

458 5485 538 5531 tcr
557 5490 611 5534 et
641 5480 809 5533 Filius
840 5479 1041 5533 sciunt.

1040 5565 1268 5623 CAPUT
1313 5568 1450 5625 XIV.

533 5667 697 5724 Vsus.
724 5674 807 5727 15.
841 5674 958 5731 Duo
1006 5676 1119 5733 haec
1156 5676 1412 5733 observat
1449 5694 1463 5731 :
1495 5680 1773 5750 apostolos
1811 5682 2032 5739 instruit
