3984 6204
267 323 399 387 m7
836 312 843 317 ’
1356 334 1676 396 SCHOLIA
1710 337 2004 399 VETERA
2045 343 2126 403 IN
2166 344 2443 405 LUCAM.
3370 347 3504 411 117s

264 438 535 510 ἐρωτῆσαι
579 438 670 492 τὸν
710 441 1129 514 οἰκοδεσπότην·
1160 444 1255 500 καί
1302 448 1390 500 ἴνα
1428 449 1503 519 μὴ
1536 448 1828 519 νομίσωσιν

1932 453 2002 507 ad
2035 454 2475 526 interrogandum
2514 455 2581 512 dc
2598 456 2793 511 domus
2811 454 3053 529 domino,
3082 466 3137 513 et
3162 473 3230 513 ne
3254 457 3505 530 ignorare

264 534 498 601 ἀγνοεῖν,
528 532 619 585 τὸν
652 532 818 588 τόπον
844 535 1031 604 λέγει’
1073 540 1265 606 Αὐτὸς
1293 542 1437 609 ὑμῖν
1474 541 1656 606 δείξει
1687 542 1831 595 ἀνάο

1934 554 2142 614 putent,
2167 548 2343 603 locum
2372 548 2504 602 dicit
2538 567 2551 604 :
2594 547 2710 617 Ipse
2732 549 2875 602 vobis
2902 550 3139 604 ostendet
3181 550 3506 603 cmnaculum

264 642 432 695 ταιον
452 625 607 694 μέγα
647 626 1042 696 ἐστρωμένον.
1078 631 1140 684 Εἰ
1169 631 1455 701 προλέγεις
1498 632 1589 685 τὸν
1635 632 1831 698 τόπον,

1935 639 2129 707 grande
2155 648 2403 692 stratum.
2442 639 2498 694 Si
2519 640 2695 695 locum
2719 639 2991 708 praedicis,
3023 655 3123 695 cur
3169 640 3307 696 dicis
3341 640 3508 695 disci-

267 716 354 769 διὰ
398 715 452 767 τί
489 715 669 782 λέγεις
709 720 822 780 τοῖς
851 720 1123 789 μαθηταῖς
1155 722 1429 791 ἐρωτῆσαι
1458 723 1585 793 περὶ
1615 722 1708 775 τοῦ
1747 722 1836 774 τό·

1933 731 2077 800 pnlis
2107 742 2165 785 ut
2197 733 2531 801 interrogent
2575 731 2642 786 de
2702 731 2865 786 loco?
2921 731 3073 801 prius
3147 731 3506 801 rogabimus:

266 820 409 871 που;
469 806 605 875 Πρὶν
652 808 1007 878 ὲρωτήσομεν
1033 825 1048 841 ο
1083 811 1138 863 τί
1196 807 1289 865 οὖν
1319 812 1649 882 ἑρωτῶμενς
1700 812 1832 875 Ναὶ,

1937 817 2077 883 Quid
2115 819 2278 887 igitur
2316 819 2753 887 interrogamus?
2793 816 2895 885 Ita,
2941 818 3096 883 dicit,
3145 827 3199 873 et
3218 818 3352 871 mihi
3378 833 3510 872 con-

267 897 432 966 φησίν
454 914 469 929 ο
521 898 690 967 κάμοὶ
719 900 921 969 πρέπει
956 902 1245 972 προλέγειν
1273 904 1348 968 ὡς
1391 903 1531 973 Θεῷ,
1568 904 1663 956 καὶ
1692 903 1836 972 ὑμᾶς

1937 905 2393 975 venitpraedicere
2420 916 2682 975 tanquam
2731 904 2863 971 Deo,
2891 913 2947 959 et
2980 906 3134 960 vobis
3174 905 3510 975 interrogare

267 990 477 1060 ἐρωτᾷν
519 990 595 1052 ὡς
637 990 963 1060 ἀνθρώπους
983 1007 997 1020 ·
1027 993 1268 1062 οὐδαμοῦ
1292 994 1350 1047 δὲ
1392 995 1627 1063 Χριστὸς
1657 1011 1839 1065 παρα-

1937 1007 1997 1052 ut
2029 998 2363 1053 hominibus.
2395 998 2617 1053 Minime
2672 1007 2853 1052 autem
2899 996 3148 1053 Christus
3191 997 3355 1052 tradit
3396 1012 3510 1067 my-

267 1081 449 1134 δέδωσι
479 1084 541 1133 τὸ
573 1084 873 1153 μυστήριον
899 1086 957 1137 ὲν
992 1088 1265 1148 ταπεινοῖς
1296 1085 1501 1149 τόποις,
1534 1085 1651 1138 ἀλλ’
1685 1088 1743 1137 ἐν
1768 1088 1836 1157 τῇ

1937 1091 2161 1145 sterium
2185 1092 2237 1143 in
2267 1090 2562 1145 humilibus
2582 1091 2738 1152 locis,
2765 1089 2859 1144 sed
2892 1090 2945 1142 in
2968 1089 3177 1143 elevato
3194 1097 3247 1143 et
3268 1087 3510 1144 sublimi.

271 1172 450 1241 ὀρεινῇ
478 1172 511 1241 ἢ
544 1173 603 1224 ὲν
635 1173 868 1241 ὐπερὼῳ
887 1191 902 1206 ο
931 1175 1083 1227 οὐδὲν
1111 1176 1219 1243 γὰρ
1252 1177 1551 1243 κατάγαιον
1582 1177 1673 1229 ἐπὶ
1707 1179 1840 1248 Χρι-

1937 1182 2154 1236 Nullum
2214 1182 2357 1235 enim
2419 1192 2535 1236 erat
2568 1181 2772 1234 humile
2800 1190 2854 1233 et
2871 1188 3148 1233 terrenum
3186 1179 3239 1232 in
3269 1178 3510 1232 Christo.

275 1261 399 1315 στοῦ
416 1279 430 1294 ο
462 1263 550 1315 διὰ
573 1264 731 1317 τοῦτο
761 1266 857 1317 καὶ
882 1266 969 1319 ὅτε
994 1266 1093 1334 τὴν
1120 1267 1461 1337 ὲπιφοίτησιν
1486 1267 1727 1336 ἐδέχοντο
1747 1267 1839 1319 τοῦ

1942 1274 2063 1328 Ideo
2085 1272 2379 1342 etquando
2436 1271 2984 1325 communicationem
3036 1269 3209 1322 sancti
3281 1269 3515 1336 Spiritus

274 1355 427 1422 ἁγίου
457 1355 773 1425 Πνεόματος
799 1359 849 1410 οί
878 1358 1187 1421 ἀπόστολοι,
1207 1360 1263 1411 ὲν
1288 1358 1520 1429 ὑπερῴῳ
1546 1354 1685 1428 ἦσαν
1714 1374 1841 1410 συν-

1941 1373 2266 1433 receperunt
2293 1364 2547 1433 apostoli,
2573 1363 2627 1415 in
2674 1362 2781 1415 alto
2839 1360 2959 1413 loco
2988 1358 3304 1426 congregati
3338 1367 3513 1411 erant.

272 1444 519 1513 ηγμένοι.
586 1447 759 1510 Τότε,
815 1448 1014 1517 φησὶν,
1060 1448 1422 1501 ἀπέστειλεν
1477 1447 1586 1501 δύο
1620 1447 1688 1499 ἐκ
1727 1445 1844 1498 τῶν

1944 1454 2096 1509 Tunc
2147 1456 2388 1508 dicitur:
2446 1453 2610 1507 Mittit
2674 1452 2804 1504 duos
2858 1467 2921 1504 ex
2970 1447 3240 1518 discipulis
3301 1448 3413 1499 suis
3459 1454 3517 1498 ut

270 1535 552 1604 μαθητῶν
595 1538 783 1592 αὑτοῦ
831 1539 1138 1609 ἑτοιμάσαι
1184 1540 1252 1593 τὸ
1307 1539 1554 1608 Πάσχα,
1620 1538 1843 1604 Πέτρον

1947 1559 2188 1618 pararent
2226 1546 2455 1610 Pascha,
2510 1545 2723 1598 Petrum
2754 1556 2802 1597 et
2848 1542 3129 1596 Joannem.
3171 1541 3365 1595 Petrus
3403 1545 3520 1592 erat

274 1630 371 1682 καὶ
412 1630 725 1697 Ἰωάννην.
759 1631 964 1701 Πέτρος
998 1627 1067 1702 ἦν
1098 1633 1127 1684 ό
1162 1632 1525 1703 ὁμολογήσας,
1565 1632 1647 1684 ὃτι
1674 1630 1757 1682 Σὺ
1792 1625 1847 1683 εἶ

1945 1642 2036 1711 qui
2096 1640 2384 1695 confessus
2437 1637 2635 1703 fuerat,
2680 1636 2755 1689 Tu
2779 1654 2830 1690 es
2886 1636 3131 1688 Christus
3185 1632 3356 1685 Filius
3424 1629 3518 1683 Dei

276 1727 307 1776 ό
336 1723 589 1790 Χριστὸς
618 1725 651 1776 ό
692 1721 826 1788 Υἱός
869 1723 978 1776 τοῦ
1029 1722 1175 1777 Θεοῦ
1207 1723 1314 1777 τοῦ
1362 1720 1611 1786 ζῶντοςο
1665 1719 1846 1774 Ἰωάν-

1946 1734 2204 1795 uiveniis;
2254 1729 2493 1785 Joannes
2515 1739 2695 1783 autem
2735 1727 2962 1781 debebat
3015 1725 3384 1779 annuntiare:
3452 1718 3519 1771 In

278 1830 372 1884 νης
400 1814 457 1866 δὲ
480 1813 671 1882 ἔμελλε
694 1813 986 1883 κηρύττειν
1015 1812 1092 1875 τὸ,
1146 1812 1247 1865 Ἐν
1277 1811 1434 1879 ἀρχῇ
1464 1807 1541 1879 ἦν
1566 1813 1599 1864 ὁ
1631 1811 1844 1877 Λόγος,

1948 1824 2206 1894 principio
2229 1830 2342 1875 erat
2388 1819 2613 1872 Verbum
2650 1826 2695 1870 et
2733 1816 2955 1870 Verbum
2992 1823 3106 1867 erat
3136 1812 3277 1879 apud
3332 1811 3515 1873 Deum,

276 1909 373 1959 καί
424 1910 457 1960 ὁ
501 1907 691 1975 Λόγος
736 1900 810 1974 ἦν
839 1904 989 1973 πρὸς
1030 1904 1141 1956 τὸν
1184 1904 1352 1963 Θεὸν.
1388 1902 1488 1955 καὶ
1522 1900 1666 1964 Θεὸς
1694 1895 1775 1964 ἥν
1815 1901 1849 1953 ό

1949 1926 1998 1969 et
2030 1915 2165 1968 Deus
2192 1922 2303 1966 erat
2359 1909 2599 1964 Verbum.
2626 1907 2787 1961 Mittit
2807 1905 3058 1960 Ecclesia:
3088 1902 3519 1963 fundamentum,

278 1995 488 2061 Λόγος.
530 1993 878 2045 Ἀποστέλλει
919 1992 1012 2045 τὸν
1048 1990 1297 2061 θεμέλιον
1339 1990 1438 2058 τῆς
1496 1989 1845 2059 Ἐκκλησίας,

1950 2017 2004 2063 et
2036 2006 2206 2060 lilium
2259 2001 2509 2065 tonitrui,
2546 2008 2607 2053 ut
2642 1998 2697 2052 in
2752 1997 3106 2051 fundamento
3144 1992 3361 2061 quidem
3394 1993 3522 2059 ligat

282 2087 374 2138 καὶ
415 2086 509 2137 τὸν
543 2084 658 2139 υἱὸν
703 2085 801 2154 τῆς
837 2084 1065 2154 βροντῆς
1088 2099 1103 2113 ·
1140 2083 1227 2135 ἵνα
1258 2084 1316 2134 ὲν
1365 2081 1464 2150 μὲν
1493 2080 1570 2150 τῷ
1613 2079 1851 2149 θεμελίῳ

1951 2097 2230 2168 religionis
2280 2093 2623 2165 mysterium,
2671 2091 2723 2143 in
2760 2088 2870 2142 lilio
2900 2096 3080 2140 autem
3134 2080 3379 2145 lonitrni,
3416 2080 3522 2133 inl-

278 2176 424 2246 πήξῃ
459 2176 521 2229 τὸ
550 2175 649 2245 τῆς
684 2176 967 2237 εὐσεϐείας
996 2174 1315 2244 μυστήριον,
1343 2174 1402 2225 ἐν
1426 2172 1484 2225 δὲ
1508 2171 1587 2241 τῷ
1618 2170 1718 2239 υίῷ
1749 2173 1850 2237 τῆς

1953 2189 2123 2242 minet
2185 2181 2461 2253 religionis
2503 2186 2795 2248 praecepta.
2827 2174 3027 2227 lterum
3072 2185 3169 2225 cur
3199 2169 3419 2222 Petrum
3468 2172 3524 2218 et

279 2267 526 2337 βροντῆς,
552 2264 803 2336 ἀστράψῃ
832 2265 900 2316 τά
927 2264 1024 2333 τῆς
1059 2260 1337 2323 εὐσεϐείας
1364 2259 1693 2329 ἐντάλματα.
1733 2256 1851 2310 Πά-

1950 2279 2212 2334 Joannem
2269 2272 2475 2327 mittit?
2525 2270 2766 2324 Joannes
2824 2266 2980 2333 virgo
3031 2271 3170 2323 erat,
3235 2259 3433 2312 Petrus
3467 2256 3523 2308 in

280 2361 362 2412 λιν
384 2359 473 2411 διά
515 2357 566 2409 τί
600 2356 804 2427 Πέτρον
838 2356 932 2407 καὶ
985 2354 1239 2420 Ἰωάννην
1268 2351 1628 2415 άποστέλλει;
1669 2348 1851 2403 Ἰωάν-

1952 2364 2253 2426 honorabili
2274 2365 2531 2434 coningio
2555 2380 2568 2415 :
2591 2369 2651 2416 ut
2682 2358 3059 2415 ostenderetur
3091 2351 3239 2423 quod
3268 2360 3322 2404 et
3348 2349 3523 2402 hono-

280 2469 375 2521 νης
412 2450 679 2519 παρθένος
724 2446 826 2519 ἦν,
876 2448 1082 2518 Πέτρος
1142 2445 1248 2499 ἀπὸ
1304 2442 1712 2511 σεμνογαμίας,
1763 2440 1852 2493 ἵνα

1955 2462 2110 2517 rabili
2142 2457 2397 2527 coniugio
2421 2463 2477 2511 et
2506 2450 2807 2522 virginitati
2838 2447 3079 2503 effusum
3112 2444 3183 2499 sit
3210 2442 3446 2503 donum;
3473 2452 3528 2500 et

280 2543 465 2612 δειχθῇ
528 2543 609 2594 ὃτι
667 2541 758 2594 καὶ
812 2544 876 2610 τῇ
936 2538 1281 2609 σεμνογαμίᾳ⁸
1326 2537 1421 2588 καὶ
1468 2538 1532 2605 τῇ
1582 2532 1851 2603 παρθενίᾳ

1955 2556 2088 2608 [lunt
2113 2550 2333 2604 Pascha
2361 2544 2830 2601 communicantes
2862 2538 2953 2608 qui
2979 2538 3032 2591 in
3054 2532 3356 2589 honorabili
3391 2545 3528 2585 con-

279 2632 529 2701 ἥπλωται
583 2632 642 2684 τὸ
704 2630 877 2701 δῶρον
902 2645 915 2660 ’
983 2629 1080 2682 καὶ
1142 2629 1386 2697 γίνονται
1445 2625 1693 2677 κοινωνοὶ
1755 2623 1849 2675 τοῦ

1956 2642 2101 2712 iugio
2128 2650 2182 2694 et
2210 2638 2299 2707 qui
2333 2637 2390 2690 in
2446 2633 2759 2704 virginitate
2809 2630 2947 2683 bene
2988 2627 3197 2680 vivunt.
3232 2620 3397 2675 Mittit
3424 2620 3529 2672 vir-

281 2722 473 2790 Πάσχα
531 2719 625 2773 καὶ
670 2719 719 2772 oi
776 2722 833 2772 ὲν
885 2717 1233 2787 σεμνογαμίᾳ
1280 2715 1375 2769 καὶ
1405 2716 1454 2767 οἱ
1496 2716 1553 2766 ὲν
1584 2712 1853 2783 παρθενίᾳ.

1952 2709 2237 2803 ginitatem
2281 2740 2335 2785 et
2364 2724 2683 2783 honorabile
2741 2720 3055 2791 coniugium
3109 2724 3169 2770 ut
3205 2723 3396 2784 parcnt
3451 2709 3524 2763 illi

284 2814 465 2877 καλῶς
503 2815 703 2877 ζῶντες
723 2829 738 2845 ·
769 2811 1091 2867 ἀποστέλλει
1120 2809 1419 2880 παρθενίαν
1452 2807 1547 2860 καὶ⁵
1581 2821 1851 2875 σεμνογα-

1955 2801 2191 2889 Pascha;
2222 2829 2283 2876 ut
2330 2821 2385 2874 in
2419 2826 2605 2873 monte
2649 2813 2869 2885 Moysen
2908 2819 2962 2866 ct
3008 2809 3176 2863 Eliam
3228 2801 3524 2875 produxit.

286 2906 418 2975 μίαν
457 2906 745 2975 ἑτοιμάσαι
789 2902 937 2972 αὐτῷ
974 2902 1034 2954 τὸ
1062 2901 1248 2970 πάσχα
1270 2919 1284 2933 ·
1315 2901 1506 2969 ὥσπερ
1536 2900 1594 2951 ὲν
1622 2895 1700 2966 τῷ
1738 2896 1853 2965 ὄρει

1955 2914 2104 2967 illum
2138 2912 2358 2982 quidem
2384 2911 2439 2962 in
2468 2904 2773 2961 honorabili
2806 2900 3089 2969 coniugio,
3129 2897 3280 2950 hunc
3300 2908 3427 2947 vero
3472 2891 3526 2943 in

283 2998 527 3066 Μωύσῆν
577 3000 672 3049 καὶ
713 2997 899 3049 Ἠλίαν
932 2993 1309 3064 παρέστησενξο
1358 2992 1450 3044 τὸν
1490 2989 1589 3059 μὲν
1627 2987 1735 3041 ἀπὸ
1764 3004 1853 3039 σε-

1957 3003 2266 3073 virginitate
2287 3004 2617 3060 'elucentem,
2653 3004 2712 3049 ut
2738 2991 3054 3047 ostendatur
3071 2984 3383 3041 lionoraltile
3399 2995 3530 3034 con-

286 3086 631 3157 μνογαμίας,
683 3084 775 3136 τὸν
826 3084 884 3135 δὲ
911 3083 1019 3138 ἀπὸ
1078 3080 1378 3153 παρθενίας
1408 3080 1725 3149 λάμποντα,
1765 3076 1854 3128 ἴνα

1820 3093 1854 3173 9"
1881 3123 1924 3179 ο
1954 3096 2164 3168 jugium
2187 3104 2241 3149 et
2260 3089 2625 3162 virginitatem
2656 3084 2897 3141 astitisse
2917 3082 3071 3152 juxta
3093 3075 3393 3132 Christum.

284 3179 428 3248 φανῇ
456 3174 801 3246 σεμνογαμία
822 3174 917 3228 καὶ
945 3171 1214 3243 παρθενία
1237 3169 1586 3241 παρεστῶσαι
1610 3166 1853 3239 Χριστῷ.

869 3304 1122 3356 ΚΕΦΑΛ.
1165 3299 1247 3354 IE'

2548 3304 2778 3366 CAPUT
2822 3299 2941 3359 XV.

372 3438 518 3493 Ἀντὶ
547 3437 662 3502 τοῦ,
685 3437 947 3507 λαμπρὰν
970 3437 1060 3490 καὶ⁵
1097 3435 1264 3505 μηδὲν
1297 3432 1529 3488 θανάτου
1578 3431 1853 3501 φέρουσαν

2033 3444 2200 3500 Vens.
2226 3442 2317 3496 37.
2358 3438 2488 3502 Pro,
2513 3450 2701 3489 vocem
2729 3431 2959 3487 validam
2993 3434 3048 3481 ct
3101 3421 3312 3479 nullum
3340 3416 3534 3474 mortis

288 3530 516 3595 σημεῖον
541 3542 556 3557 ·
586 3526 667 3580 διὸ
698 3527 790 3579 καὶ
821 3525 913 3577 τὸν
962 3524 1301 3594 κεντυρίωνα
1332 3523 1493 3575 πλέον
1537 3520 1695 3573 τοῦτο
1726 3519 1758 3589 ἢ
1803 3517 1861 3571 τὺ

1965 3540 2182 3608 signum
2217 3535 2498 3588 ferentem.
2559 3526 2683 3581 Ideo
2704 3534 2760 3578 et
2785 3521 2929 3577 istud
2987 3517 3159 3587 magis
3217 3528 3380 3584 quam
3428 3507 3534 3563 veli

288 3617 691 3686 καταπέτασμα
748 3616 1068 3687 σχιζόμενον
1120 3616 1201 3676 είς
1246 3613 1345 3682 τὴν
1404 3612 1533 3682 περὶ
1578 3608 1673 3663 τοῦ
1724 3608 1855 3661 Υἱοῦ

1967 3606 2161 3686 scissio
2184 3624 2558 3679 centurionem
2586 3618 2651 3672 ad
2686 3615 2779 3670 Dei
2806 3614 2858 3668 in
2886 3610 3023 3665 Filio
3050 3606 3376 3678 agnitionem
3408 3614 3538 3672 per-

290 3708 620 3775 Οεογνωσίαν
664 3708 995 3775 ἐπηγάγετο.
1050 3706 1116 3758 Τί
1165 3706 1211 3757 δ’
1252 3700 1319 3773 ἦν
1349 3703 1377 3756 ὃ
1422 3700 1734 3773 ἔκραξεν,ἢ
1778 3699 1860 3763 τὸ,

1971 3720 2145 3775 duxit.
2187 3716 2325 3784 Quid
2372 3727 2501 3768 vero
2550 3705 2842 3766 clamavit?
2883 3703 3018 3758 illud
3052 3709 3241 3755 certe:
3275 3696 3453 3759 Pater,
3481 3692 3538 3746 in

289 3798 515 3865 Πάτερ,
548 3801 634 3864 εἰς
663 3795 864 3867 χεῖράς
890 3814 1007 3851 σου
1048 3795 1470 3865 παραθήσομαι
1509 3792 1575 3846 τὸ
1627 3788 1862 3860 πνεῦμά

1627 3788 1865 3860 πνεῦμά
1973 3825 2159 3865 manus
2196 3817 2317 3863 tuas
2348 3802 2651 3861 commendo
2682 3798 2926 3871 spiritum
2956 3808 3148 3849 meum.

283 3909 406 3960 μου
426 3906 446 3953 ;

314 4078 3449 4123 ___________________________________,_______.______-

1249 4252 1887 4392 ΣΧΟΛΙΑ
1947 4243 2597 4381 ΠΑΛΑἷΑ

981 4502 1151 4588 ΕΙΣ
1223 4492 1924 4587 ΕΥΑΓΓΕΛΙΟΝ
1996 4488 2297 4577 ΚΑΤΑ
2367 4479 2861 4570 ΛΟΥΚΑΝ.

1196 4851 1807 4969 SCHOLIA
1894 4847 2039 4962 IN
2120 4837 2653 4959 LUCAM.

787 5106 879 5167 (Ex
913 5104 1129 5164 antiquis
1146 5097 1446 5148 membranis
1472 5094 1789 5144 bibliothecae
1809 5087 2076 5141 Vaticana.
2103 5088 2195 5137 his:
2221 5083 2375 5133 Class.
2400 5084 2559 5141 Auct.,
2585 5085 2702 5129 tom.
2739 5078 2820 5138 IX,
2848 5090 2898 5139 ιι.
2936 5074 3069 5138 451.)

720 5407 1114 5463 ΚΕΦΑΛΑΙΟΝ
1154 5405 1452 5460 ΠΡΩΤΟΝ.
1910 5408 1955 5464 ο
2062 5426 2065 5427 ν

1910 5408 1955 5464 ο
2062 5426 2065 5427 κ
2475 5380 2707 5439 CAPUT
2742 5377 3040 5434 ennium.

388 5540 605 5611 Ἐπειδὴ
627 5538 812 5591 πολλοὶ
836 5536 1199 5607 ἐπεχείρησαν
1225 5528 1597 5596 ἀνατάξασθαι
1625 5527 1877 5596 διήγησιν

2061 5519 2225 5571 Vens.
2273 5514 2324 5567 Ι.
2384 5510 2654 5577 Quoniam
2714 5506 2870 5560 multi
2902 5502 3080 5558 conati
3142 5507 3271 5555 sunt
3297 5499 3550 5553 ordinare

297 5634 428 5688 ἀντὶ
454 5631 570 5690 τοῦ.
594 5593 687 5684 ’ὅτι
712 5629 879 5701 χωρὶς
905 5593 1241 5699 χαρίσματος
1296 5593 1459 5694 ἦλθον
1489 5622 1566 5682 είς
1604 5593 1708 5689 τὴν⁷
1728 5593 1870 5671 γὰναε

1984 5610 2371 5669 narrationem,
2392 5616 2508 5672 pro,
2533 5615 2656 5654 cum
2682 5600 2799 5653 sine
2821 5598 2963 5651 dono
2989 5593 3173 5664 gratia:
3205 5598 3550 5646 accesserunt

312 5681 1004 5795 τραφὴντούίίὐαὲγελίού
1026 5734 1041 5750 ·
1074 5681 1151 5769 ,τί
1192 5681 1284 5769 οὐν
1319 5681 1476 5768 ’ἐστιν
1523 5681 1558 5763 ὃῗ
1586 5681 1766 5777 λὲοξεη
1798 5706 1871 5759 Τὸ

1978 5722 2007 5759 a
2031 5706 2042 5757 l
2074 5700 2425 5772 scriptionem
2447 5692 2719 5764 Evangelii
2750 5688 2908 5758 :qnid
2934 5685 3201 5757 estigitur
3230 5685 3373 5755 quod
3395 5681 3549 5737 dicit?
