3920 6206
187 305 318 369 118'.

1275 309 1595 369 SCIIOLIA
1636 310 1933 371 VE'I‘ERA
1970 312 2052 372 IN
2094 313 2371 375 LUCAM.

3301 122 3329 159 1

3306 309 3442 373 1182

178 418 433 487 οὐδαμῶς
484 419 826 489 κατεκρίθης
882 421 1016 485 Πῶς
1056 440 1170 490 γαί)
1211 423 1384 476 ἔσται
1421 427 1553 491 μοι’,
1596 427 1756 497 φησὶ,

1881 428 2091 480 ninime
2174 424 2503 493 reprehensa
2568 420 2688 477 est?
2744 420 2951 490 Angelo
2997 420 3141 474 enim
3214 435 3444 489 respou-

176 512 379 571 τοῦτο,
440 510 568 562 ἐπεὶ
640 511 831 577 ἄνδρα
883 515 955 565 οὐ
1008 513 1323 580 Tuti-omo;
1374 514 1438 565 Τί
1494 517 1612 567 ποτ’
1668 517 1760 569 οῦν

176 603 238 654 τδ
270 597 573 670 παράδοξον
602 599 797 664 τοῦτο;
841 601 930 669 Μὴ
954 601 1139 653 ἀδικία
1173 603 1330 670 παρὰ
1356 604 1434 672 τῷ
1471 604 1541 656 Θε
1560 604 1625 673 ᾦ;
1658 606 1750 676 Μὴ

179 691 426 757 γένοιτοί
477 690 754 759 Ζαχαρίας
816 690 914 759 μὲν
945 687 1039 743 οὖν
1078 693 1313 755 εἰκότως
1364 693 1533 746 ἔδωκε
1580 696 1760 765 δίκην·

180 782 322 853 ἔχων
363 782 462 851 μὲν
510 782 941 851 παραδείγματα
974 785 1207 836 πλεῖστα
1258 784 1350 835 τοῦ
1402 787 1624 857 στείρας
1671 788 1766 840 καὶ

180 873 561 942 γεγηρακυίας
587 874 788 936 τεκεῖν,
816 875 966 942 ὅμως
993 876 1071 937 εἰς
1120 875 1275 927 ούδὲν
1316 876 1629 945 ἀποϐλέψας
1656 878 1766 932 τῶν

188 968 474 1038 προτέρων
502 1008 516 1031 ,
550 969 726 1022 καίτοι
764 970 1082 1039 νομομαθής
1113 988 1197 1032 τις
1231 969 1310 1021 ὣν
1347 972 1440 1023 καὶ
1470 972 1562 1023 τὸν
1600 973 1767 1041 νόμον

184 1059 549 1129 ἐξηγούμενος
582 1062 766 1115 πᾶσιψ
807 1063 975 1132 ἐχρῆν
1022 1063 1130 1130 γὰρ
1179 1062 1343 1115 αὒτδν
1377 1066 1455 1125 είς
1512 1064 1768 1133 Ἀϐραὰμ

186 1149 400 1201 ἀπιδεῖν
431 1152 523 1203 καὶ
550 1151 649 1221 τὴν
694 1151 930 1221 Σᾶιρρανο
986 1153 1153 1221 ἐχρῆν
1191 1152 1358 1205 αὑτὸν
1390 1154 1767 1223 ἐνθυμηθῆναι

200 1238 521 1295 Ῥεϐέκκαν·
572 1242 742 1312 ἐχρῆν
788 1241 1161 1312 ἐνθυμηθῆναι
1218 1242 1317 1295 τοῦ
1376 1242 1616 1312 Σαμψὼν
1668 1243 1767 1313 τὴν

190 1334 427 1401 μητέρα·
463 1335 629 1404 ἐχρῆν
662 1336 756 1387 τδν
797 1335 1032 1388 Ἐλκανὰ
1060 1336 1152 1388 καὶ
1180 1336 1279 1405 τὴν
1306 1336 1507 1387 ’Ἅνναν
1548 1338 1643 1389 καὶ
1678 1335 1769 1388 τὸν

187 1423 354 1476 Δαϐιδ
382 1425 672 1492 ψάλλοντα·
735 1426 798 1479 '0
837 1426 1179 1488 κατοικίζων
1203 1427 1455 1495 στείραν
1486 1427 1556 1479 ἐν
1601 1427 1766 1493 οἴκῳ,

185 1515 416 1584 μητέρα
464 1517 564 1569 ἐπὶ
610 1517 847 1584 τέκνοις
898 1520 1403 1588 εὐφραινομένην.
1455 1518 1554 1570 Διὰ
1608 1517 1769 1570 τοῦτο

191 1608 325 1675 γοῦν
353 1609 446 1661 ἐπὶ
477 1610 579 1679 τῆς
627 1611 873 1681 γλώττης
907 1612 1122 1682 δέχεται
1166 1614 1323 1683 δίκην
1364 1613 1463 1682 τῆς
1508 1612 1675 1681 μηδὲν
1709 1614 1772 1665 ἐκ

187 1704 291 1769 τῆς
317 1701 675 1769 ἀναγνώσεως
704 1702 1081 1773 ὠφεληθείσης
1104 1701 1197 1754 τοῦ
1224 1702 1411 1771 νόμον
1446 1703 1478 1771 ἡ
1529 1702 1585 1754 δὲ
1618 1703 1771 1771 Παρ-

1865 520 1993 573 dit:
2036 518 2310 583 Quomodo
2368 518 2456 585 ﬁet
2508 516 2671 576 istud,
2705 516 2953 583 quoniam
3012 513 3182 565 virum
3225 529 3327 565 non
3354 529 3443 565 co—

1865 627 2053 680 gnosco
2091 608 2271 674 ροηδε
2300 623 2431 676 ergo
2472 616 2555 661 cst
2608 608 2710 659 ista
2757 605 3070 658 anomalia?
3120 619 3298 657 nonne
3351 604 3436 659 in-

1863 703 2077 773 justitia
2136 702 2276 771 apud
2333 699 2563 753 Deum?
2619 698 2827 752 Absit!
2876 695 3171 750 Zacharias
3224 696 3439 764 quidem

1866 808 1996 861 ergo
2021 808 2181 862 pmna
2212 792 2504 845 mulctatus
2550 799 2633 842 est
2664 789 2909 853 ;babens
2942 787 3159 855 quidem
3199 786 3441 853 exempla

1869 886 2102 954 plurima
2150 884 2352 939 sterilis
2403 893 2457 937 et
2494 892 2656 936 aetate
2706 886 2973 950 proiecta:
3032 878 3314 947 parientis,
3356 886 3439 930 at-

1869 991 2048 1033 tamen
2090 992 2198 1030 non
2255 977 2320 1029 ad
2372 975 2643 1028 anteriora
2701 983 2943 1040 tempora
3010 970 3251 1038 respicit,
3312 970 3437 1021 licet

1870 1070 2003 1138 legis
2029 1067 2238 1136 peritus
2267 1066 2337 1120 sit
2356 1076 2408 1118 et
2430 1066 2602 1133 legem
2640 1064 2896 1117 omnibus
2917 1070 3174 1130 exponat.
3206 1060 3410 1129 Oporte

1870 1162 1963 1216 bat
1986 1160 2131 1213 enim
2166 1158 2316 1211 illum
2348 1158 2400 1210 in
2432 1155 2706 1209 Abraham
2742 1156 3015 1222 respicere
3048 1162 3100 1207 et
3132 1154 3185 1206 in
3222 1154 3440 1215 Sat-am,

1871 1251 2153 1321 oportebat
2182 1247 2461 1303 recordari
2484 1245 2807 1308 Rebeccam,
2844 1243 3130 1312 oportebat
3163 1243 3443 1296 recordari

1874 1342 2105 1395 Samson
2140 1348 2393 1397 matrem.
2417 1336 2615 1391 Elcana
2642 1344 2697 1389 et
2728 1335 2935 1387 Annam
2965 1343 3020 1387 et
3050 1332 3214 1386 David
3246 1348 3448 1387 canen-

1875 1440 1983 1486 tem
2016 1432 2069 1485 in
2095 1431 2352 1492 Psalmis,
2384 1429 2489 1492 Qui
2510 1428 2750 1480 habitare
2773 1426 2904 1495 facit
2930 1427 3164 1479 sterilem
3195 1425 3247 1477 in
3271 1425 3447 1486 domo,

1874 1532 2096 1575 matrem
2130 1522 2184 1573 iu
2216 1520 2357 1588 ﬁlios
2381 1522 2666 1572 laetantem.
2700 1515 2779 1571 0b
2806 1532 2923 1570 eam
2948 1517 3113 1583 igitur
3136 1531 3359 1569 causam
3393 1515 3447 1568 in

1875 1616 2058 1683 lingua
2098 1627 2313 1681 pinnam
2346 1610 2555 1678 recipit,
2591 1608 2737 1677 quod
2774 1607 2975 1661 nullam
3012 1622 3043 1660 ο
3084 1607 3218 1675 legis
3256 1608 3448 1675 Cogni-

1876 1706 2024 1759 tione
2068 1704 2353 1757 utilitatem
2396 1701 2662 1755 retulerit.
2719 1700 2883 1769 Virgo
2931 1706 3112 1751 autem
3170 1697 3448 1760 haesitans,

189 1790 344 1854 θὲνος
367 1791 807 1861 ἀμφιϐάλλουσα,
858 1794 1016 1862 δίκην
1038 1770 1156 1845 Ψούκ
1187 1793 1379 1857 ἔδωκε,
1414 1792 1634 1863 πρῶτον
1667 1792 1766 1861 μὲν

1881 1811 2093 1866 pcenam
2114 1811 2222 1848 non
2244 1793 2456 1862 recipit,
2483 1792 2721 1862 primum
2746 1791 2967 1859 quidem
2982 1788 3108 1857 quia
3130 1796 3305 1843 mater
3328 1802 3451 1843 esse

189 1884 274 1937 ὅτι
308 1884 490 1953 μήτηρ
522 1884 723 1953 ἡμελλε
777 1880 919 1938 εἶναι
951 1886 1044 1937 τοῦ
1097 1885 1388 1953 μέλλοντος
1434 1886 1645 1955 κρίνειν
1671 1885 1765 1937 τὸν

193 1968 419 2037 κόσμονσ
468 1971 569 2023 οὐκ
598 1972 801 2041 ἐτόλμα
823 1974 880 2025 δὲ
917 1972 1159 2043 Γαϐριὴλ
1190 1975 1348 2045 δίκην
1395 1975 1668 2028 ἐπιθεῖναι
1700 1977 1766 2045 τῇ

192 2060 365 2128 μητρὶ
397 2059 490 2112 τοῦ
521 2061 744 2130 Κριτοῦ,
778 2064 1103 2132 προσεκύνει
1136 2065 1194 2117 δὲ
1246 2068 1509 2136 φρίττων,
1542 2068 1684 2132 ὁρῶν
1710 2068 1771 2119 ἐν

197 2150 335 2219 αὐτῇ
370 2150 456 2202 τὸν
491 2151 971 2224 πλαστουργοῦντα
1019 2155 1171 2211 Θεόν.
1239 2159 1440 2228 Ἐχρῆν
1478 2161 1586 2228 γὰρ
1621 2161 1767 2211 ὲκεί-

191 2256 291 2309 νην
314 2241 578 2294 ἀθάνατον
605 2242 703 2314 τὴν
730 2246 973 2315 γαστέρα
1014 2246 1273 2315 φυλάξαι,
1311 2251 1369 2301 ἐν
1456 2248 1548 2300 τὸν
1584 2249 1769 2300 δεύτε-

194 2347 290 2399 ρον
335 2331 507 2399 Ἀδὰμ
540 2333 872 2402 ἐζωγράφει·
904 2337 1072 2405 χωρὶς
1088 2336 1145 2387 δὲ
1174 2336 1381 2389 τούτων
1403 2338 1526 2391 οὐδὲ
1556 2338 1766 2391 δίκαιον

192 2418 387 2491 ἦντὴν
442 2424 715 2492 Παρθένον
766 2425 1023 2493 ὑποσχεῖν
1084 2427 1241 2494 δίκην
1279 2429 1378 2497 τῆς
1416 2428 1616 2494 λέξεως
1669 2431 1769 2498 τῆς

194 2512 548 2577 ἀμφιϐολίας·
583 2513 643 2564 ού
693 2515 802 2581 γὰρ
826 2509 939 2582 εἶχε
968 2517 1001 2583 ἡ
1034 2516 1311 2584 Παρθένος
1362 2519 1549 2570 εἰκόνα
1580 2520 1686 2569 τῶν
1717 2521 1774 2570 ἐν

196 2606 336 2673 αὐτῇ
361 2603 722 2672 τελουμένων,
752 2605 850 2657 ούκ
876 2601 1022 2675 εἶχεν
1076 2608 1504 2678 ἐνοπτρίσασθαι
1540 2609 1598 2659 τὸ
1623 2609 1774 2679 τηλι-

199 2698 393 2750 κοῦτον
428 2699 749 2767 μυστήριον·
776 2698 861 2750 διὰ
890 2699 1048 2751 τοῦτό
1096 2715 1251 2769 φησι·
1303 2699 1437 2765 Πῶς
1472 2700 1645 2753 ἔσται
1672 2717 1775 2768 μοι

196 2788 417 2851 τοῦτο;
446 2788 507 2841 ού
562 2790 671 2858 γὰρ
717 2789 925 2859 ἡκουσα
958 2790 1235 2859 Παρθένον
1268 2790 1393 2859 δίχα
1431 2790 1631 2859 μίξεως
1669 2808 1765 2859 γε-

200 2882 530 2949 γεννηκυῖὰν
557 2897 709 2934 ποτε⁶
757 2878 874 2935 οἶδα
910 2880 1177 2943 τεκούσας
1223 2882 1448 2944 πολλὰς,
1487 2881 1623 2935 ἀλλα
1654 2900 1778 2953 μει-

198 2972 371 3034 νάσας
410 2972 715 3042 παρθένους
763 2974 901 3043 μετὰ
957 2975 1048 3027 τὸν
1083 2976 1244 3027 τόκον
1273 2975 1375 3027 οὐκ
1403 2970 1543 3027 οἶδα.
1590 2976 1689 3028 Διὰ
1720 2974 1776 3027 τί

195 3064 262 3116 ἐκ
290 3064 391 3133 τῆς
455 3064 675 3135 στείρας
722 3066 754 3136 ἡ
811 3066 1072 3129 Θεοτόκος
1122 3069 1419 3135 γεννᾶται;
1492 3068 1648 3122 Ἐπεὶ
1679 3067 1773 3121 οῦν

192 3150 425 3217 εμελλεν
456 3155 487 3223 ή
516 3154 775 3219 θεοτόκος
825 3155 1104 3227 Παρθένος
1142 3158 1209 3209 ἐκ
1239 3158 1337 3227 τῆς
1375 3158 1572 3228 Ἀννης
1595 3158 1777 3211 τίκτε-

194 3244 347 3307 σθαι,
387 3246 487 3299 ούκ
512 3248 715 3316 ἐτόλμα
745 3250 778 3317 ή
810 3248 972 3316 φύσις
1002 3248 1299 3319 προλαϐεῖν
1332 3250 1395 3303 τὸ
1425 3250 1526 3318 τῆς
1554 3252 1778 3322 χάριτος

192 3334 511 3405 βλάστημα,
546 3340 660 3393 ἀλλ’
702 3339 896 3407 ἔμενεν
950 3340 1201 3411 ἄκαρπος
1254 3342 1358 3403 ἕως
1411 3345 1444 3412 ἡ
1492 3345 1652 3414 χάρις
1685 3344 1777 3396 τὸν

190 3431 410 3500 καρπὸν
431 3432 783 3501 ἐϐλάστησεν
816 3433 923 3487 ἔδει
976 3433 1085 3503 γὰρ
1126 3436 1473 3502 πρωτότοκον
1517 3436 1776 3504 τεχθῆναι

189 3527 301 3591 τὴν
322 3524 620 3593 τεξομένην
657 3525 1001 3594 πρωτότοκον
1034 3526 1213 3596 πάσης
1235 3527 1487 3591 κτίσεως,
1519 3529 1576 3581 ἐν
1636 3522 1681 3596 ᾧ
1706 3528 1777 3580 τὰ

190 3616 378 3669 πάντα
413 3618 735 3685 συνέστηκε.

273 3708 369 3771 Τὸ,
422 3707 782 3777 Διελογιζετο
840 3710 873 3780 ἠ
926 3708 1195 3780 παρθένος
1256 3714 1526 3777 ποταπὸς
1594 3714 1689 3781 εἴη
1742 3715 1777 3767 ό

190 3802 529 3869 ἀσπασμὸς
578 3797 781 3869 οὗτος,
844 3803 967 3856 ἀντὶ
1019 3803 1137 3869 τοῦ,
1173 3804 1266 3875 Μὴ
1305 3804 1413 3875 ἄρα
1450 3822 1536 3869 τις
1574 3806 1777 3868 ἄτοπος

188 3893 276 3953 ὡς
307 3890 365 3955 ἐξ
403 3890 589 3963 ἀνδρὸς
619 3893 755 3962 πρὸς
796 3893 988 3963 κόρην,
1017 3893 1049 3963 ἢ
1093 3894 1254 3957 θεῖοςο
1291 3896 1479 3965 ἐπειδὴ
1509 3897 1603 3949 καὶ
1638 3895 1774 3949 Θεοῦ

195 3984 391 4051 μνήμη
418 3984 563 4038 ἐστὶν
589 3986 647 4035 ἐν
669 3984 838 4054 αὐτῷ,
863 3985 953 4038 διὰ
973 3985 1034 4040 τὸ
1064 3985 1243 4053 λέγειν
1268 3986 1448 4039 αὐτόν’
1478 3988 1539 4039 '0
1559 3988 1777 4055 Κύριος

187 4074 346 4143 μετὰ
372 4075 510 4129 σοῦ.

273 4164 397 4218 Ὀτι
434 4166 515 4228 τὸ,
548 4168 931 4235 κληθήσεται
974 4170 1041 4224 τὸ
1071 4171 1257 4239 ὄνομα
1293 4171 1479 4225 αὑτοῦ
1520 4172 1774 4237 Ἰησοῦς.

197 4257 385 4327 σωτὴρ
414 4259 672 4328 σημαίνει
710 4261 744 4329 ή
794 4261 1040 4333 σωτηρία
1076 4261 1213 4314 Θεοῦ
1247 4262 1342 4315 καὶ
1392 4261 1557 4323 ἴασις.
1592 4261 1689 4314 Διὰ
1722 4262 1775 4312 τί

195 4349 300 4402 ούκ
329 4344 503 4414 εἶπεν,
546 4349 674 4413 Υἱὸς
743 4350 1003 4419 Ὑψίστου
1053 4350 1314 4419 ὑπάρχει,
1345 4348 1503 4417 ἀλλὰ,
1540 4349 1775 4417 κληθή-

1871 1889 2101 1944 debebat
2129 1886 2295 1941 futuri
2330 1885 2519 1939 mundi
2554 1882 2797 1948 Iudicis;
2821 1897 2928 1936 non
2962 1896 3129 1936 ausus
3155 1891 3237 1936 est
3268 1890 3449 1933 autem

1871 1980 2087 2035 Gabriel
2130 1993 2347 2049 poenam
2400 1991 2619 2031 sumere
2667 1975 2735 2029 de
2784 1983 2956 2027 matre
2991 1972 3220 2036 Judicis,
3262 1972 3454 2026 adorat

1872 2087 2001 2125 vero
2034 2082 2293 2134 tremens,
2334 2069 2527 2122 videns
2568 2068 2621 2120 iu
2676 2067 2762 2120 illa
2808 2066 2975 2119 Deum
3012 2064 3306 2119 creationis
3357 2079 3453 2117 au-

1872 2175 2101 2221 ctorem.
2139 2162 2443 2233 Oportebat
2470 2162 2616 2215 enim
2657 2161 2804 2214 illam
2835 2158 3199 2212 immortalem
3234 2166 3449 2211 uterum

1873 2272 2201 2313 conservare
2233 2257 2286 2308 in
2320 2269 2433 2323 quo
2474 2254 2753 2307 secundus
2785 2252 2952 2303 Adam
2988 2250 3283 2305 conclusus
3313 2258 3451 2302 erat.

1872 2347 2077 2401 Praeter
2115 2346 2205 2399 illa
2252 2360 2380 2398 vero
2414 2358 2521 2396 non
2561 2350 2679 2396 erat
2721 2341 2931 2411 justum
2967 2339 3227 2411 virginem
3261 2353 3455 2408 poenas

1874 2441 2005 2494 dare
2027 2441 2098 2493 ob
2127 2438 2401 2493 sermonis
2436 2434 2918 2504 amphibologiam.
2956 2431 3072 2486 Non
3114 2432 3259 2486 enim
3292 2432 3457 2485 habe-

1876 2534 1971 2585 bat
2000 2531 2153 2599 virgo
2175 2529 2483 2596 exemplum
2519 2542 2702 2579 rerum
2732 2538 2854 2593 qua:
2878 2524 2931 2579 in
2963 2526 3080 2592 ipsa
3105 2524 3457 2593 compleban-

1878 2631 1987 2685 tur,
2025 2635 2131 2674 non
2167 2620 2402 2673 habebat
2430 2618 2615 2673 videre
2650 2628 2709 2671 ut
2750 2618 2803 2670 in
2838 2616 3060 2684 speculo
3086 2625 3294 2670 tantum
3339 2631 3455 2684 my-

1878 2711 2125 2766 sterium.
2164 2708 2289 2764 Ideo
2314 2708 2445 2763 dicit
2480 2725 2494 2762 :
2529 2707 2805 2773 Quomodo
2836 2708 2923 2775 [iet
2957 2706 3084 2758 milii
3134 2705 3320 2759 istud?
3346 2721 3453 2758 non

1877 2803 2022 2855 enim
2047 2801 2229 2855 audivi
2249 2802 2512 2866 virginem
2540 2800 2658 2855 sine
2683 2800 2827 2854 coitu
2855 2814 3095 2867 unquam
3129 2813 3453 2865 generasse;

1880 2891 1996 2944 scio
2045 2890 2248 2943 multas
2279 2890 2575 2959 peperisse,
2618 2888 2711 2941 sed
2745 2888 2985 2952 virgines
3025 2887 3296 2940 mansisse
3336 2896 3459 2954 post

1879 2992 2095 3051 partum
2129 2980 2308 3034 nullas
2328 2980 2466 3034 seio.
2495 2980 2606 3033 Cur
2636 2994 2700 3033 ex
2734 2979 2903 3033 sterili
2938 2976 3234 3045 Deiparens
3280 2975 3457 3029 nasci—

1884 3072 2006 3127 tur?
2037 3072 2175 3137 Quia
2209 3071 2376 3140 igitur
2405 3069 2635 3123 debebat
2668 3069 2822 3136 virgo
2872 3066 3173 3135 Deiparens
3199 3080 3265 3118 ex
3299 3064 3455 3117 Anna

1882 3166 2058 3229 nasci,
2098 3179 2207 3218 non
2238 3162 2476 3218 audebat
2516 3175 2712 3215 natura
2750 3160 3054 3230 producere
3079 3160 3226 3212 hunc
3270 3155 3457 3224 gratiae

1884 3255 2148 3315 fructum.
2183 3266 2235 3310 et
2268 3253 2470 3309 sterilis
2501 3253 2707 3307 mansit
2739 3253 2915 3305 donec
2946 3250 3120 3321 gratia
3164 3251 3306 3302 hunc
3341 3246 3457 3299 t'ru-

1879 3356 2024 3403 ctum
2049 3346 2357 3415 germinare
2375 3344 2522 3399 fecit.
2541 3343 2842 3414 Oportebat
2862 3342 3007 3394 enim
3038 3338 3455 3409 primogenitam

1882 3438 2031 3493 nasci
2062 3454 2185 3507 qua:
2211 3437 2457 3506 paritura
2488 3444 2610 3490 erat
2642 3433 3066 3504 primogenitum
3098 3430 3267 3486 totius
3298 3443 3454 3481 crea-

1881 3529 2044 3583 tion‘s
2080 3531 2129 3581 in
2164 3544 2276 3596 quo
2322 3527 2507 3581 utunia
2540 3532 2812 3579 constant.

1950 3712 2115 3767 Vens.
2146 3712 2235 3766 29.
2286 3710 2447 3773 Illud,
2486 3708 2765 3778 Cogitabat
2810 3707 2963 3775 virgo
2998 3721 3115 3773 quae
3159 3713 3291 3757 esset
3344 3703 3451 3755 ista

1878 3807 2158 3867 salutatio,
2193 3804 2396 3858 dicitur
2428 3816 2546 3871 pro,
2579 3815 2761 3856 nonne
2786 3807 2935 3854 esset
2964 3797 3222 3852 indecens
3250 3794 3456 3849 saluta-

1879 3898 1955 3952 tio
1999 3898 2100 3950 viri
2146 3896 2214 3949 ad
2290 3894 2524 3964 puellam
2590 3890 2695 3944 nisi
2736 3888 2923 3943 divina
2973 3904 2989 3941 :
3056 3885 3317 3955 quoniam
3360 3883 3457 3937 Dei

1878 3990 2211 4045 mentionem
2239 3986 2495 4049 faciebat,
2531 3982 2763 4039 dicendo
2792 4000 2805 4036 :
2834 3981 3091 4035 Dominus
3116 3988 3312 4033 tecum.

1949 4172 2113 4228 Vens.
2134 4171 2222 4226 32.
2239 4171 2400 4233 Illud,
2431 4170 2713 4223 Vocabitur
2734 4184 2917 4222 nomen
2932 4167 3045 4234 ejus
3066 4164 3245 4225 Iesus,
3265 4164 3457 4217 Salva-

1881 4270 2057 4316 torem
2082 4261 2355 4329 signiﬁcat
2393 4268 2490 4312 aut
2519 4258 2613 4311 Dei
2633 4257 2863 4310 salutem
2886 4264 2940 4309 et
2967 4256 3329 4308 sanationem.
3347 4252 3458 4305 Cur

1882 4368 1988 4406 non
2029 4352 2181 4415 dicit,
2241 4349 2412 4403 Filius
2458 4347 2729 4402 Altissimi
2785 4353 2893 4406 est,
2954 4343 3071 4407 sed,
3131 4342 3459 4395 Vocabitur?

196 4457 407 4504 aetat;
435 4440 533 4493 Διὰ
567 4441 629 4493 τὸ
685 4440 1030 4511 ἀνθρώπινον
1080 4441 1241 4494 τοῦτο
1273 4440 1529 4508 λέγεται’
1564 4438 1767 4509 ἐκλήθη

1881 4442 2109 4510 Pr0pter
2159 4440 2461 4493 humanum
2508 4437 2579 4489 ita
2633 4434 2894 4502 loquitur,
2946 4446 3072 4485 nam
3115 4440 3341 4483 vocatus
3375 4440 3457 4483 est

198 4534 308 4604 γὰρ
338 4535 432 4587 καὶ
457 4536 483 4587 ὁ
528 4535 808 4603 Κυριακὸς
835 4534 1120 4604 ἄνθρωπος
1148 4536 1213 4603 τῇ
1250 4536 1451 4604 μετοχῇ
1497 4534 1595 4602 τῆς
1624 4533 1774 4595 θείας

199 4623 417 4690 φύσεως
460 4622 589 4685 Υἱὸς
613 4620 771 4676 Θεοῦ.
791 4623 883 4686 Τὸ,
912 4623 1094 4675 Δώσει
1114 4621 1275 4687 αὑτῷ
1306 4624 1521 4688 Κύριος
1561 4625 1593 4677 ό
1628 4622 1775 4688 Θεὸς

192 4712 305 4764 τὸν
328 4714 546 4778 θρόνον
572 4713 748 4766 Δασὶό
793 4714 901 4768 τοῦ
934 4715 1157 4786 πατρὸς
1194 4714 1405 4777 αὑτοῦ,
1466 4718 1531 4785 τῇ
1564 4714 1775 4767 οίκονο·

192 4803 304 4870 μία
336 4804 616 4873 ἁρμόττειν
669 4804 857 4873 θρόνον
911 4806 970 4858 δὲ
1025 4807 1125 4858 ούκ
1160 4804 1443 4875 αἰσθητὸν,
1504 4805 1641 4858 ἀλλὰ
1684 4803 1775 4857 τδν

199 4895 370 4964 μηδὲν
397 4894 587 4966 θνητὸν
605 4897 681 4960 ὡς
707 4898 971 4968 ἐπίκηρον
1000 4897 1214 4967 ἔχοντα,
1238 4898 1328 4952 τὸν
1368 4896 1492 4949 καθ’
1514 4897 1643 4967 ὅλης
1674 4897 1773 4966 τῆς

198 4989 525 5060 οἰκουμένης

280 5080 411 5134 Ἐπὶ
461 5083 567 5135 τάν
591 5079 761 5136 οἷκον
824 5082 1040 5144 Ἰακὼϐ,
1078 5083 1367 5153 νοήσομεν,
1416 5082 1542 5144 τοὺς
1578 5083 1772 5149 ἐγκεν-

197 5174 516 5241 cpta-Usum;
546 5177 640 5227 ἐπὶ
666 5176 757 5228 τὸν
779 5176 872 5227 τοῦ
915 5176 1107 5228 Ἰακὼϐ
1134 5173 1284 5229 οἷκον
1316 5176 1565 5237 ἐθνικοὺς
1586 5175 1768 5242 λέγει’

196 5264 257 5314 τὸ
286 5264 364 5323 δὲ,
401 5265 508 5317 Καὶ
540 5265 649 5332 τῆς
668 5267 994 5332 βασιλείας
1017 5266 1203 5321 αὐτοῦ
1233 5269 1344 5320 οὐκ
1368 5267 1541 5319 ἔσται
1573 5266 1773 5331 τέλος,

196 5356 292 5424 τὴν
319 5357 393 5419 ὡς
421 5357 558 5411 Θεοῦ
590 5360 815 5411 α’ωνίαν
850 5360 1128 5429 βασιλείαν
1163 5358 1334 5425 λέγει.

273 5448 386 5500 01x
432 5451 654 5501 ἀπιστεῖ
686 5449 821 5520 πρὸς
859 5450 950 5502 τὸν
1000 5451 1177 5517 λόγον,
1237 5449 1354 5502 ἀλλ’
1402 5449 1627 5502 ἀπαιτεῖ
1683 5448 1775 5503 τὸν

201 5538 423 5607 τρόπον.
472 5540 529 5595 Ὀ
549 5536 640 5593 οὖν
668 5541 944 5612 Ζαχαρίας
980 5541 1307 5610 ὴπίστηκεν·
1345 5544 1377 5611 ἡ
1420 5542 1475 5594 δὲ
1498 5541 1775 5610 Παρθένος

199 5632 299 5682 οὐκ
330 5634 573 5687 ἀπιστεῖ.
611 5635 849 5698 Ἐκεῖνος
886 5636 1063 5701 ἔλεγε*
1106 5636 1267 5689 Κατὰ
1324 5636 1378 5688 τί
1424 5634 1732 5703 γνώσομαι
1755 5652 1774 5699 ;

203 5721 385 5790 ἐζήτει
422 5728 649 5797 σημεῖον
683 5727 866 5783 λαϐεῖν
897 5728 982 5783 ἵνα
1010 5726 1277 5798 πιστεύσῃ
1298 5745 1310 5756 ·
1340 5728 1371 5797 ἡ
1402 5727 1459 5779 δὲ
1497 5726 1772 5797 ῐίαρθένος

1880 4534 2045 4585 homo
2074 4529 2386 4584 Dominicus
2415 4528 2620 4581 unione
2656 4534 2863 4579 naturae
2889 4523 3090 4577 divina:
3127 4522 3300 4575 Filius
3338 4521 3453 4575 Dei.

1877 4624 2034 4688 Illud,
2064 4621 2220 4675 Dabit
2244 4621 2325 4674 illi
2346 4620 2603 4673 Dominus
2635 4617 2772 4670 Deus
2807 4616 3051 4669 thronum
3087 4613 3258 4666 David
3286 4614 3456 4681 patris

1874 4716 2031 4785 ejus,
2054 4711 2418 4769 incarnationi
2442 4712 2751 4778 adoptatur.
2777 4706 3254 4761 Tlironumautem
3282 4704 3459 4757 innuit

1877 4823 1985 4863 non
2028 4806 2390 4865 materialem.
2434 4802 2527 4859 sed
2588 4801 2721 4855 nihil
2768 4798 3001 4853 mortale
3034 4813 3133 4852 nec
3184 4798 3452 4852 caducum

1879 4898 2191 4961 habentem,
2214 4903 2268 4951 et
2298 4895 2350 4948 in
2382 4894 2700 4948 universum
2729 4892 2918 4945 orbem
2950 4889 3343 4943 dominantem.

1950 5085 2115 5139 Vens.
2154 5083 2244 5137 55.
2283 5080 2349 5135 1η
2370 5079 2583 5134 domum
2608 5077 2801 5145 Iacob,
2832 5087 2892 5132 ut
2918 5076 3329 5147 intelligendum
3350 5086 3453 5135 est.

1876 5177 2145 5231 excitatos
2186 5174 2238 5226 in
2271 5172 2495 5225 domum
2532 5169 2703 5224 Jacob
2732 5170 2979 5224 ethnicos
3011 5168 3165 5223 dicit.
3220 5166 3283 5218 Et
3305 5167 3448 5234 regni

1877 5271 1991 5338 ejus
2027 5284 2129 5321 non
2160 5265 2261 5321 erit
2290 5264 2435 5333 ﬁnis,
2463 5278 2691 5332 regnum
2722 5270 2783 5316 ut
2806 5276 3032 5332 regnum
3064 5259 3158 5315 Dei
3186 5267 3453 5313 internum

1880 5360 2108 5415 iudicat.

1953 5451 2119 5505 Vens.
2156 5448 2244 5504 51.
2280 5444 2399 5501 Non
2434 5444 2677 5501 sermoni
2723 5442 2939 5507 diliidit,
2980 5442 3072 5497 sed
3108 5441 3327 5496 modum
3358 5456 3452 5495 ex-

1881 5542 2069 5609 quirit.
2112 5538 2406 5592 Zacharias
2442 5536 2607 5606 igitur
2640 5535 2861 5588 credere
2905 5534 3116 5595 abnuit,
3156 5534 3305 5603 virgo
3343 5549 3439 5586 ani

1881 5644 1988 5688 tem
2020 5635 2243 5688 credere
2292 5632 2506 5684 annuit.
2553 5629 2653 5682 llic
2682 5627 2818 5681 dixit
2858 5646 2871 5681 :
2914 5625 3057 5679 Unde
3103 5627 3197 5680 hoc
3242 5628 3452 5681 sciam?

1881 5744 2132 5796 qumrcus
2154 5727 2368 5798 signqu
2400 5724 2647 5793 accipere
2676 5730 2733 5776 ut
2764 5724 2969 5787 credat,
2992 5721 3143 5792 virgo
3163 5733 3343 5777 autem
3372 5721 3454 5776 di-
