3984 6204
634 261 768 328 113'!

1341 263 1734 324 OPUSCULA
1758 263 2390 326 SCRIPTURISTICA
2423 265 2772 327 INCERT/E
2809 266 3124 328 ᾸΞΤΑΤΙΞ.
3687 279 3772 348 llis

631 378 1001 448 Multiplica'zs
1037 376 1404 446 multiplicabo
1439 395 1614 431 semen
1654 388 1842 442 tuum;
1873 379 2204 449 multiplica«

2197 410 2211 422 -
2245 398 2284 452 Α
2317 379 2557 450 σπέρμα
2600 397 2748 435 σουο
2786 381 3100 453 ἐπληθύνθη
3133 381 3244 453 γὰρ
3278 384 3337 437 τὸ
3369 386 3560 459 σπέρμα
3586 389 3770 466 Ἀϐραὰμ,

625 481 743 526 tum
766 481 851 525 est
883 470 1027 524 enim
1062 485 1249 525 semen
1286 470 1518 524 Abrahae
1547 471 1600 523 in
1630 486 1841 536 semen,
1874 471 2129 540 gentibus
2156 473 2210 526 in

630 564 751 631 ipso
778 562 1078 618 benedictis
1110 578 1204 630 per
1234 562 1514 618 Christum
1553 563 1606 618 in
1644 579 1807 633 quem
1839 564 1929 618 isti
1963 564 2212 619 credide-

626 665 776 713 runt.

699 747 860 804 Vens.
915 747 1004 802 76.
1059 745 1125 802 Ut
1181 747 1489 802 mirabilem
1545 748 1812 812 habuerat
1865 749 2209 804 nativitatem

624 839 886 904 Joannes,
912 841 984 894 ita
1007 841 1309 894 mirabilem
1336 841 1500 896 habet
1521 857 1744 912 quoquc
1771 843 2207 913 intelligentiam;

625 933 848 1002 quando
891 933 1036 986 enim
1077 933 1298 995 dicitur,
1331 933 1397 986 Et
1435 945 1512 996 tu,
1550 950 1699 1001 puer,
1732 943 1991 1004 tanquam
2022 935 2088 990 ad
2119 951 2210 990 au-

626 1025 862 1079 dientem
895 1032 949 1078 et
1002 1024 1398 1094 intelligentem
1438 1027 1659 1080 dicitur.
1701 1025 2054 1095 Propbetizat
2108 1043 2211 1082 au-

628 1124 735 1170 tem
783 1117 1017 1172 dicendo
1070 1117 1346 1176 :Ptteibit
1401 1120 1541 1171 enim
1588 1130 1710 1172 ante
1753 1119 1946 1187 faciem
1995 1119 2213 1173 Domini

632 1221 826 1273 parare
856 1206 972 1259 vias
1013 1208 1173 1276 ejus:
1209 1208 1260 1261 id
1291 1219 1473 1262 autem
1509 1207 1787 1279 signiﬁcat
1837 1210 1982 1278 quod
2045 1211 2210 1278 paulo

627 1307 750 1366 post
777 1313 886 1352 non
927 1298 1090 1352 debet
1123 1315 1350 1368 puerum
1398 1301 1598 1354 habere
1631 1301 1686 1354 in
1735 1303 1900 1355 domo
1947 1315 2048 1356 sua
2082 1303 2210 1357 edu-

624 1399 831 1443 catum.

699 1483 864 1538 Vens.
902 1483 988 1538 77.
1022 1483 1320 1537 Scientiam
1369 1485 1565 1538 salutis
1595 1500 1891 1553 quamnam
1947 1484 2080 1540 dicit
2114 1484 2210 1540 Za-

623 1572 878 1626 charias?
917 1573 1265 1627 Salutiferain
1315 1575 1367 1627 in
1417 1574 1698 1629 Christum
1749 1576 1931 1640 ﬁdem,
1983 1585 2037 1631 et
2080 1577 2206 1648 quia

623 1665 849 1720 scientia
882 1666 1076 1721 salutis
1108 1666 1160 1720 in
1195 1679 1545 1735 peccatorum
1578 1668 1906 1724 remissione
1935 1670 2061 1726 erit.

1240 1789 1470 1846 CAPUT
1506 1791 1570 1846 ll.

698 1918 862 1972 Vsus.
919 1919 967 1972 l.
1009 1918 1113 1973 Ista
1157 1919 1454 1989 descriptio
1495 1921 1648 1974 utilis
1677 1923 1733 1975 lit
1768 1922 1835 1976 ad
1871 1923 2204 1993 implendam

623 2009 964 2079 Seripturain
1018 2012 1346 2069 dicentem:
1401 2012 1468 2066 Et
1535 2025 1616 2076 tu,
1658 2014 1943 2077 Bethleem,
2016 2017 2204 2070 domus

620 2101 922 2174 Epltratlta.
949 2103 1255 2174 Descriptio
1283 2108 1364 2172 lit,
1387 2106 1690 2161 cmittendo
1711 2107 1865 2163 illinc
1888 2109 2200 2177 Deiparam.

695 2289 858 2344 Vens.
895 2289 946 2344 7.
975 2289 1086 2344 Cur
1109 2290 1592 2360 dicitevangelista
1622 2291 1822 2346 Filium
1855 2294 1969 2362 ejus
2003 2296 2203 2362 printe-

621 2385 894 2454 genitum?
925 2382 992 2439 Ut
1028 2385 1262 2454 primum
1298 2389 1438 2440 inter
1477 2401 1690 2441 omnes.
1726 2385 1780 2441 In
1818 2389 2082 2457 praesepio
2113 2404 2208 2458 po-

624 2478 794 2542 nitur,
822 2486 881 2530 ut
911 2493 1011 2532 nos
1042 2477 1111 2530 ab
1143 2477 1355 2531 insania
1392 2479 1606 2531 liberet.

694 2566 860 2624 Vsus.
890 2569 977 2623 l9.
1010 2569 1142 2634 Quae
1171 2579 1302 2624 sunt
1336 2569 1424 2622 illa
1457 2585 1581 2638 quae
1618 2568 1986 2624 conservabat
2018 2571 2206 2625 omnia

607 2661 824 2715 Maria?
870 2660 1088 2726 Quanta
1139 2659 1358 2714 dixerat
1406 2661 1478 2714 illi
1526 2661 1776 2729 angelus,
1810 2671 2015 2730 quanta
2064 2678 2208 2718 nunc

621 2752 802 2823 angeli
828 2762 1071 2816 cantant,
1093 2763 1300 2821 quanta
1322 2751 1514 2806 dicunt
1537 2763 1817 2821 pastores;
1850 2769 1914 2807 ex
1949 2756 2207 2808 omnibus

607 2854 806 2902 autem
840 2846 1203 2900 concludebat
1235 2843 1402 2899 Deum
1441 2860 1562 2900 esse
1584 2848 1676 2914 qui
1701 2861 1767 2899 ex
1798 2847 1886 2899 illa
1916 2856 2079 2902 natus
2100 2856 2204 2902 est.

697 2937 978 2994 Vsas.‘.’.l.
1025 2936 1184 3004 Quod
1233 2938 1287 2992 in
1320 2938 1751 2994 circumcisione
1799 2948 2046 2994 secutum
2099 2950 2204 3005 est,

625 3031 719 3086 alii
763 3031 956 3086 dicunt
987 3030 1042 3084 in
1075 3038 1315 3100 quatuor
1348 3030 1620 3085 elementa
1652 3031 1981 3086 dissolutum
2010 3031 2204 3098 fuisse,

620 3126 712 3180 alii
739 3124 790 3179 in
828 3133 1028 3178 terram
1066 3121 1273 3192 jactum
1311 3137 1438 3178 esse
1474 3131 1533 3176 ut
1577 3123 1947 3178 sanetilicaret
1977 3131 2200 3187 terram,
2231 3129 2274 3190 Ο

622 3227 681 3273 ut
703 3225 892 3288 postea
909 3213 1134 3286 sanguis
1164 3214 1285 3283 ejus
1310 3223 1364 3267 et
1386 3227 1564 3284 aqua;
1592 3212 1682 3266 alii
1707 3222 1888 3269 autem
1915 3212 2199 3268 Christum

625 3311 678 3365 id
727 3323 1086 3365 conservasse
1111 3322 1220 3375 quo
1247 3307 1411 3362 scivit
1440 3307 1629 3370 modo,
1661 3313 1716 3360 et
1744 3306 1798 3360 in
1827 3322 1922 3362 sua
1954 3321 2202 3362 resurre-

618 3405 802 3458 ctione
830 3402 935 3458 sibi
984 3400 1326 3467 restituisse;
1360 3402 1564 3455 etenim
1609 3410 1665 3456 et
1699 3416 1802 3456 nos
1860 3401 1914 3455 in
1952 3415 2203 3455 resurre-

618 3496 804 3554 ctione
828 3510 1030 3565 corpus
1056 3502 1305 3550 nostrum
1331 3493 1601 3563 integrum
1629 3493 1987 3564 accipiemus.

688 3586 860 3646 Vsus.
887 3589 980 3643 2'2.
1011 3587 1233 3643 Dicente
1261 3586 1592 3656 evangelista
1629 3603 1643 3640 :
1678 3586 1971 3656 Postquam
2002 3587 2204 3658 impleti

618 3693 741 3738 sunt
775 3681 890 3734 dies
915 3678 1249 3747 purgationis
1277 3677 1394 3746 ejus
1421 3678 1712 3730 secundant
1735 3675 1922 3745 legem,
1942 3676 2081 3731 bene
2108 3675 2205 3730 ad-

615 3775 767 3846 jecit,
796 3787 925 3828 nam
960 3771 1134 3828 salius
1167 3769 1367 3842 impuri
1400 3777 1518 3823 erat
1543 3783 1743 3837 purum
1776 3783 1992 3837 parere.

694 3953 860 4010 Vsus.
896 3953 988 4010 25.
1029 3951 1187 4018 Quod
1235 3951 1302 4006 de
1337 3949 1560 4006 Simeon
1598 3951 1818 4018 dicitur,
1850 3950 1985 4005 Erat
2016 3969 2204 4023 exspe-

620 4057 772 4104 ctans
814 4045 1226 4101 consolationem
1251 4045 1443 4110 Israel,
1472 4045 1604 4098 illud
1642 4053 1727 4099 est
1773 4061 1787 4099 :
1834 4046 2054 4115 quando
2109 4063 2204 4118 per

621 4143 903 4200 Christum
939 4140 1394 4203 consolationem,
1419 4137 1634 4194 scilicet
1666 4141 2086 4207 correctionem,
2116 4141 2202 4196 in-

627 4235 832 4290 veniret
864 4232 1052 4288 Israel.

687 4323 858 4379 Vsss.
896 4321 986 4376 29.
1021 4321 1180 4376 Nunc
1220 4322 1446 4376 dimittis
1496 4338 1703 4376 servum
1738 4332 1908 4389 tuum,
1952 4323 2198 4390 Domine,

2317 472 2397 532 sic
2447 473 2672 540 σπέρμα
2741 473 2835 525 καὶ
2880 473 3202 528 τῶνὲθνῶν
3247 476 3574 544 λογισθέντων
3598 483 3772 554 aii-.666

2316 563 2554 632 Χριστοῦ
2585 565 2666 627 εἰς
2687 564 2747 617 ὃν
2777 566 2976 620 ἐκεῖνοι
3004 566 3353 625 ἐπίστευσαν.

2389 749 2514 802 ’Ότι
2565 749 2874 819 παράδοξον
2921 751 2998 815 ὡς
3032 752 3288 824 γέννησιν
3334 754 3483 825 ἔσχεν
3518 759 3542 809 6
3591 761 3770 834 Ίωάνιιης,

2314 840 2458 893 οὕτω
2489 843 2583 894 καὶ
2614 843 2916 914 παράδοξον
2949 846 3201 913 αἴσθησιν
3223 865 3239 879 ·
3272 847 3347 901 ὅτ’
3371 849 3435 901 ἂν
3459 853 3553 920 γὰρ
3577 853 3693 925 λέγῃ,
3711 863 3771 913 Kal

2313 932 2418 998 σὺ,
2451 933 2716 998 παιδίον,
2745 935 2820 998 ὡς
2840 936 2976 1006 πρὸς
3016 938 3283 995 ἀκούοντα
3316 941 3456 1008 λέγει
3501 943 3580 995 καὶ
3617 948 3774 1013 limit.

2317 1042 2498 1093 μενον.
2546 1028 2890 1098 Προφητεύει
2940 1030 2998 1084 δὲ
3022 1032 3081 1084 ὲν
3126 1032 3205 1100 τῷ
3250 1031 3452 1102 λέγειν’
3497 1039 3772 1108 Προπορεέιρῃ

2313 1118 2425 1185 γὰρ
2456 1120 2570 1186 πρὸ
2602 1120 2934 1188 προσώπου
2977 1125 3204 1192 Κυρίου
3239 1126 3532 1194 ἑτοιμάσαι
3558 1130 3692 1198 dde-it;
3709 1139 3772 1187 αὑ.

2312 1209 2457 1262 τοῦ·
2485 1210 2648 1264 τοῦτο
2682 1212 2741 1266 δὲ
2793 1215 3069 1285 σημαίνει,
3114 1217 3196 1271 ὃτι
3235 1219 3353 1287 μετ’
3379 1220 3543 1290 ὀλίγον
3575 1224 3624 1276 οὗ
3660 1228 3772 1295 [Liba

2312 1300 2455 1370 ἔχειν
2483 1303 2646 1358 αὐτὸν
2676 1307 2808 1378 παρ’
2837 1308 3013 1379 ἑαυτῷ
3043 1311 3403 1381 τρεφόμενον.

2380 1484 2587 1540 Γνῶσιν
2615 1489 2892 1560 σωτήριας
2921 1492 3045 1546 τινα
3079 1493 3232 1562 λέγει
3266 1496 3295 1549 6
3337 1499 3609 1569 Ζαχαρίαςς
3633 1502 3712 1572 Τὴν
3731 1509 3774 1567 si;

2311 1578 2547 1646 Χριστὸν
2579 1583 2849 1654 σωτήριον
2888 1586 3096 1653 πίστιν,
3125 1589 3222 1641 xui.
3251 1590 3332 1643 ὅτι
3362 1592 3394 1662 ἡ
3423 1593 3594 1660 γνῶσις
3618 1597 3690 1665 τῆς
3715 1615 3774 1650 σω-

2311 1673 2525 1743 τηρίας,
2550 1674 2607 1729 ὲν
2634 1676 2830 1747 ἀφέσει
2853 1681 3142 1753 ἁμαρτιῶν
3161 1684 3337 1742 ἔσται.

2886 1810 3144 1868 ΚΕΦΑΛ.
3196 1814 3252 1866 B'
3273 1850 3292 1865 .

2382 1929 2508 2022 :02:
2602 1932 2902 2008 ἀπογραφὴ
2937 1939 3216 2009 χρήσιμος
3244 1940 3464 2010 γίνεται,
3500 1946 3573 1999 ἵνα
3603 1949 3771 2022 πληρωθῇ

2309 2019 2341 2087 ἢ
2375 2019 2568 2092 Γραφὴ
2599 2024 2630 2094 ἡ
2663 2024 2930 2094 λέγουσα·
2964 2030 3078 2083 Καὶ
3105 2030 3218 2098 σὺ,
3251 2035 3540 2104 Βηθλεὲμ,
3577 2019 3695 2104 eine
3711 2019 3771 2095 αιοῇ

2323 2109 2607 2178 Ἔφραθὰ.
2649 2113 2714 2167 Ἦ
2744 2116 3047 2190 ἀπογραφὴ
3073 2120 3309 2189 γίνεται,
3344 2124 3437 2196 τὴν
3463 2127 3773 2182 Θεοτόκσνὲκείο

2312 2199 2406 2254 θεν
2436 2203 2816 2274 ἐκπέμπουσα.
2999 2228 3001 2230 ·

2380 2293 2480 2348 Διὰ
2504 2295 2558 2348 τί
2589 2293 2743 2352 εἶπεν
2775 2302 2804 2353 6
2828 2302 3249 2378 εὐαγγελιστὴς,
3284 2309 3392 2363 Τὸν
3419 2311 3540 2364 υἱὸν
3557 2313 3698 2381 αὐτῆς
3712 2315 3772 2368 τίγ

2310 2393 2693 2457 πρωτότοκον
2703 2412 2725 2462 ;
2761 2397 2851 2460 Ὠς
2888 2400 3245 2470 πρωτεύοντα
3283 2404 3346 2456 ὲν
3373 2407 3539 2462 πᾶσιν.
3565 2409 3657 2462 Ὀτι
3678 2410 3714 2460 ἐν
3733 2412 3770 2478 τῇ

2310 2757 2412 2810 ὅσα
2442 2757 2662 2829 λέγουσι
2697 2765 2978 2834 ποιμένες.
3029 2771 3327 2843 Συνέκρινε
3355 2777 3408 2829 δὲ
3436 2778 3493 2830 ἐκ
3517 2779 3694 2841 πάντων,
3724 2778 3769 2828 ὅτι

2311 2849 2440 2914 Θεὸς
2471 2855 2620 2909 ἐστιν
2647 2857 2674 2908 6
2703 2859 2919 2928 τεχθεὶς
2951 2861 3010 2926 ἐξ
3034 2865 3231 2937 αὐτῆς.

2374 2942 2509 2995 οὍτι
2556 2945 2618 2998 τὸ
2647 2947 2746 3017 τῆς
2791 2957 3093 3025 περιτομῆς
3142 2959 3333 3024 κοπὲν,
3363 2961 3409 3013 οἱ
3439 2963 3524 3031 μὲν
3545 2962 3608 3024 εἰς
3632 2962 3681 3014 τὰ
3696 2961 3767 3012 τέσ-

2315 3047 2456 3103 σαρα
2493 3040 2733 3106 στοιχεῖα
2780 3040 3132 3116 ἀναλυϐῆναι)
3157 3048 3424 3116 λέγουσιν,
3464 3055 3505 3104 oi
3543 3051 3589 3105 δὲ
3616 3053 3682 3104 ἐπὶ
3709 3051 3767 3120 γῆς

2311 3123 2554 3211 ῥιφῆναι,
2593 3127 2682 3182 ἵνα
2710 3129 2914 3203 ἁγιάσῃ
2945 3134 3044 3203 τὴν
3066 3138 3194 3207 γῆν,
3227 3139 3303 3202 ὡς
3325 3141 3415 3192 καὶ
3441 3141 3495 3194 τὸ
3513 3141 3652 3211 ἧχεθὲν
3666 3138 3765 3192 αὐτῇ]

2315 3209 2458 3285 αἷμα
2500 3219 2594 3272 καὶ
2624 3221 2684 3274 τὺ
2727 3221 2873 3293 ὕδωρ
2895 3241 2908 3256 ’
2953 3227 3004 3279 οἱ
3049 3228 3105 3281 δὲ
3135 3230 3220 3284 δτι
3246 3209 3636 3304 ἐτήρηπνγαῦτδ
3655 3225 3686 3299 ᾧ
3705 3227 3766 3283 ait:

2310 3307 2522 3380 τρόπῳ,
2551 3312 2611 3366 ἐν
2639 3316 2704 3384 τῇ
2734 3316 2902 3370 αὑτοῦ
2928 3319 3230 3376 ἀναστάσει
3248 3326 3653 3396 ιπροσὶαὸόμενος
3670 3323 3764 3376 αὐτὸ·

2313 3401 2409 3452 καὶ
2460 3403 2568 3472 γὰρ
2621 3407 2713 3458 καὶ
2756 3409 2919 3478 ἡμεῖς
2971 3414 3030 3465 ὲν
3067 3415 3133 3484 τῇ
3183 3417 3467 3470 ἀναστάσει
3500 3418 3552 3470 τὸ
3591 3417 3701 3485 σῶμα
3730 3413 3764 3465 τὸ

2313 3491 2586 3566 ἡμέτερον
2607 3498 2814 3570 πλῆρες
2836 3503 3257 3577 ἀποληψόμεθα.

2385 3586 2510 3640 Ὀτι
2545 3589 2606 3642 τὸ
2635 3590 2814 3662 λέγειν
2860 3597 2951 3650 τὸν
2990 3600 3383 3674 εὐαγγελιστὴν
3418 3603 3491 3670 τὸ,
3516 3604 3628 3657 Ὅτε
3649 3597 3764 3664 tuiti-

2312 3678 2560 3744 σθησιιν
2589 3684 2649 3734 αὶ
2689 3684 2902 3754 ἡμέραι
2947 3689 3054 3743 τοῦ
3087 3694 3459 3763 καθαρισμοῦ
3497 3692 3656 3746 αὐτῶν
3676 3689 3762 3742 κατὰ

2314 3768 2417 3820 τὸν
2438 3772 2646 3840 νόμον,
2679 3778 2859 3841 καλῶς
2888 3781 3170 3851 ἐπήγαγεν
3190 3801 3205 3817 ο
3241 3787 3395 3856 μόνον
3425 3787 3518 3855 γὰρ
3535 3781 3591 3856 ἦν
3609 3782 3762 3849 MM?

2312 3876 2429 3925 του,
2458 3863 2698 3937 καθαρὸν
2722 3875 2922 3928 τεκεῖν.

2385 3952 2506 4006 Ὀτι
2523 3955 2583 4008 τὸ
2605 3959 2732 4029 περὶ
2745 3961 2839 4014 τοῦ
2853 3964 3077 4034 Συμεὼν
3107 3969 3413 4043 εἰρημένιν.
3439 3976 3508 4027 ὅτι
3536 3970 3630 4028 Ἦν
3648 3980 3762 4038 προφ

2311 4039 2638 4114 δεχόμενος
2686 4052 3064 4123 παράκλησιν
3094 4039 3496 4131 τοῧτλισραὴνι.
3519 4064 3639 4117 τοῦτό
3673 4064 3758 4112 ἐστι·

2312 4135 2448 4188 Πότε
2501 4138 2588 4192 διὰ
2618 4141 2713 4195 τοῦ
2770 4145 3007 4216 Χριστοῦ
3044 4154 3406 4226 παράκλησιν,
3436 4159 3572 4228 ήτουν
3597 4168 3760 4223 παραμυ-

2311 4229 2433 4283 θίαν
2459 4231 2610 4303 εὖροι
2637 4237 2666 4288 6
2703 4236 2941 4311 Ἰσραήλ.

2382 4322 2488 4390 Τὸ,
2529 4326 2660 4380 Νῦν
2689 4329 2978 4400 ἀπολύεις
3021 4337 3130 4390 τὸν
3160 4339 3386 4396 δοῦλόν
3413 4355 3515 4396 σου
3535 4383 3546 4405 ,
3564 4342 3755 4394 Δέσποτα.

617 4419 901 4472 secundum
938 4417 1149 4469 verbum
1177 4426 1326 4469 tuum
1351 4418 1406 4469 in
1423 4415 1830 4483 pace.—-Nune
1861 4417 2109 4482 dimittis,
2133 4417 2190 4472 de

2311 4419 2463 4470 κατὰ
2492 4417 2559 4471 τὸ
2577 4417 2744 4490 ῥῆμά
2764 4438 2904 4489 σου,
2931 4426 3003 4480 ἐν
3031 4430 3241 4500 εἰρήνῃ
3264 4451 3279 4464 ·
3311 4435 3370 4486 τὸ
3394 4435 3501 4504 μὲν,
3529 4431 3755 4490 Ἀπολύετςν

618 4511 728 4564 vita
780 4509 834 4562 in
871 4522 1037 4562 carne
1074 4507 1242 4572 dicit;
1269 4508 1558 4562 secundum
1598 4512 1812 4562 verbum
1844 4518 2016 4574 tuum,
2051 4510 2191 4579 quod

2181 4510 2197 4565 ι
2228 4495 2281 4556 Ῑ)
2309 4509 2439 4577 περὶ
2475 4509 2576 4580 τῆς
2601 4512 2660 4564 ὲν
2683 4521 2848 4585 σαρκὶ
2874 4516 3020 4588 ζωῆς
3050 4495 3236 4576 εἷπεν-ξ
3259 4525 3318 4579 τὸ
3337 4495 3409 4589 δὲξ
3441 4526 3574 4582 Κατὰ
3597 4513 3754 4587 ref-lii”.

621 4600 901 4671 prophetia
927 4599 1049 4655 talis
1086 4599 1136 4654 ei
1169 4599 1295 4654 data
1317 4609 1457 4656 erat.

690 4692 858 4746 Vens.
897 4692 986 4746 δι.
1020 4691 1177 4757 Quod
1218 4692 1434 4760 positus
1473 4691 1544 4746 sit
1571 4691 1840 4748 Dominus
1874 4694 1929 4749 in
1979 4694 2194 4750 ruinam

603 4794 671 4842 et
695 4787 750 4840 in
773 4783 1234 4839 resurrectionem
1266 4786 1563 4837 multorum
1598 4784 1650 4837 in
1692 4785 1881 4850 Israel,
1908 4786 2202 4842 laudabili-

625 4885 711 4934 ter
741 4877 923 4933 solum
943 4875 1289 4946 intelligitur.
1312 4877 1369 4930 In
1392 4879 1608 4930 ruinam
1632 4878 1856 4947 quidem
1885 4880 2098 4949 positus
2121 4889 2206 4935 est

619 4970 937 5039 passionum
993 4976 1047 5022 et
1097 4968 1363 5023 malarum
1417 4969 1822 5038 cogitationum
1875 4973 1932 5026 in
1981 4987 2203 5043 quoque

618 5060 984 5128 credentium,
1021 5061 1076 5114 in
1114 5062 1575 5118 resurrectionem
1623 5073 1805 5118 autem
1841 5063 2110 5120 virtutum
2150 5074 2206 5120 et

618 5153 799 5210 omnis
829 5152 1179 5226 cogitationis
1208 5153 1319 5209 Deo
1349 5155 1635 5225 placentis.
1671 5155 1959 5222 Quomodo
1992 5159 2200 5213 intelli-

617 5245 857 5317 gendum
891 5257 977 5301 est
1007 5264 1020 5299 :
1057 5242 1128 5299 Et
1162 5245 1219 5299 in
1273 5247 1482 5317 signum
1530 5249 1617 5301 cui
1647 5248 2080 5303 contradicetur?
2112 5249 2202 5304 Si-

619 5357 802 5410 gnum,
829 5354 932 5409 pro
956 5354 1122 5396 cruce
1153 5349 1207 5395 et
1227 5341 1481 5412 passione
1507 5357 1670 5412 quam
1705 5345 1759 5398 in
1783 5344 1873 5398 illa
1893 5346 2088 5414 subiit;
2114 5349 2202 5400 cui

620 5435 1032 5496 contradicetur,
1056 5434 1185 5504 quia
1209 5435 1261 5488 hi
1283 5434 1502 5504 quidem
1525 5437 1842 5506 passibilem
1869 5437 1921 5492 in
1946 5439 2202 5507 passione

625 5523 776 5578 illum
815 5525 1091 5590 dicebant,
1130 5525 1208 5579 illi
1239 5540 1368 5581 vero
1392 5541 1500 5580 non
1536 5527 1887 5596 passibilem;
1917 5539 1970 5582 et
1992 5529 2045 5582 hi
2080 5530 2202 5598 qui-

627 5614 749 5667 dem
781 5627 1114 5684 terrestrem,
1148 5618 1223 5672 illi
1257 5634 1388 5674 vero
1441 5619 1743 5673 emlestem.
1788 5620 1943 5686 Quod
1982 5621 2199 5690 signum

601 5703 700 5758 sit
728 5721 885 5768 crux,
918 5710 1041 5762 audi
1079 5729 1091 5764 :

2311 4615 2450 4665 σου,
2487 4601 2570 4655 ὅτι
2594 4608 2846 4677 χρησμὸς
2867 4605 2937 4681 ἦν
2965 4612 3115 4684 αὐτῷ
3135 4615 3373 4679 τοιοῦτος
3395 4616 3561 4677 δοθείς.

2381 4695 2454 4748 Τὸ
2506 4701 2720 4754 κεῖσθαι
2771 4702 2861 4756 τὸν
2918 4705 3128 4777 Κύριον
3160 4712 3241 4774 εἰς
3289 4712 3480 4764 πτῶσιν
3511 4704 3669 4760 πολλῶν
3701 4698 3753 4750 κιῖ

2307 4788 2603 4844 ἀνάστασιν
2633 4793 2692 4845 ὲν
2732 4793 2811 4865 τῷ
2849 4797 3086 4870 Ἰσραὴλ,
3144 4803 3430 4866 ἐπαινετῶς
3455 4802 3584 4872 μόνον
3608 4792 3750 4859 vooil‘"

2305 4899 2398 4934 νον
2417 4922 2431 4947 9
2470 4884 2551 4946 εὶς
2591 4886 2798 4939 πτῶσιν
2835 4889 2935 4960 μὲν
2977 4895 3155 4948 κεῖται
3184 4895 3290 4949 τῶν
3319 4898 3374 4949 ἐν
3402 4896 3580 4960 ἑκάστῳ
3605 4887 3680 4941 τῶν
3699 4899 3750 4932 πε·

2308 4975 2608 5030 στευόντων
2657 4978 2848 5034 παθῶν
2877 4998 2938 5035 τε
2991 4987 3088 5039 καὶ
3129 4989 3376 5059 πονηρῶν
3421 4981 3652 5055 λογισμῶν,
3672 4973 3748 5029 ἀνά·

2309 5081 2500 5121 στασιν
2533 5069 2590 5122 δὲ
2628 5071 2736 5124 τῶν
2782 5073 2995 5143 ἀρετῶν
3040 5081 3135 5133 καὶ
3185 5083 3380 5144 παντὸς
3419 5076 3642 5148 θεοφιλοῦς
3663 5071 3745 5130 1°?"

2308 5160 2468 5228 σμοῢ.
2491 5161 2613 5226 Πῶς
2630 5168 2871 5234 νοητέον,
2890 5170 3000 5224 Καὶ
3015 5174 3102 5238 εις
3121 5173 3369 5243 σημεῖον
3383 5168 3742 5236 enumerat:

2306 5255 2655 5322 -Σημεῖον,
2687 5259 2777 5312 διὰ
2809 5261 2900 5314 τὸν
2929 5267 3163 5338 σταυρὸν
3191 5269 3282 5320 καὶ
3310 5267 3366 5319 τὸ
3387 5266 3491 5319 ἐκεῖ
3509 5260 3657 5318 πάθος⁹
3677 5251 3738 5303 ἀν·

2306 5347 2696 5415 τιλεΐόμενον
2725 5349 2803 5414 δὲ,
2830 5353 2914 5407 ὅτι
2940 5356 2992 5407 οἱ
3022 5357 3122 5425 μὲν
3155 5358 3388 5428 παθητὸν
3412 5351 3614 5410 αὐτοῦτὸ
3637 5339 3739 5396 sic”;

2306 5433 2480 5502 εἷπον,
2513 5441 2562 5492 οἱ
2583 5441 2638 5492 δὲ
2662 5441 2856 5499 οὓσκαὶ
2881 5449 2932 5500 οἱ
2966 5449 3065 5518 μὲν
3094 5451 3294 5520 χοῖκὸν,
3314 5453 3358 5504 οἱ
3374 5450 3424 5502 δὲ
3439 5430 3736 5512 ἑπουράνιονλέ·

2305 5547 2516 5598 γουσινο
2539 5536 2620 5588 ὃτι
2653 5538 2708 5590 δὲ
2735 5543 2961 5609 σημεῖον
2985 5545 3011 5596 6
3041 5545 3284 5615 σταυρὸς,
3308 5545 3526 5598 ἄκουσον·
3543 5529 3737 5591 παὶὲθηκε

2303 5626 2490 5678 Nai-‘0'
2501 5625 2569 5692 ἧς
2593 5628 2698 5680 τάν
2722 5629 2860 5699 ὅφιν
2885 5633 2984 5687 ἐπὶ
3010 5634 3533 5706 σημείου,ξτουτέστιν
3545 5615 3733 5682 iulia“

1131 5711 1314 5766 Posuit
1344 5711 1551 5782 Moyses
1600 5723 1886 5782 serpentem
1929 5715 1979 5767 in
2017 5715 2186 5784 signa,
2225 5716 2276 5772 id
2307 5728 2404 5786 est,
2444 5719 2494 5771 in
2527 5721 2687 5791 ligno.
