3984 6204
132 267 149 281 ’
235 318 363 385 1201

1346 316 1667 378 SCHOLIA
1704 316 2004 377 VE'I‘ERA
2045 315 2125 374 IN
2168 315 2441 375 LUCAM.

3368 308 3508 372 1202

230 429 355 490 τῶν.
393 426 462 481 δι’
496 426 715 481 ἑαυτοῦ.
768 426 834 481 Ἢ
863 426 1194 496 εὐαγγελικὴ
1243 426 1404 495 συκῆ,
1449 427 1482 495 ή
1513 425 1801 495 ἅνθρωπός-

1920 424 2216 479 aumanitas
2232 432 2318 479 est
2347 441 2361 479 :
2393 421 2592 478 domus
2621 421 2899 486 dominus,
2919 420 3062 477 Deus
3090 419 3286 486 Pater;
3325 419 3504 474 cultor

232 539 326 593 της
357 519 506 573 ἐστίν
528 535 543 550 ·
578 520 607 573 6
632 517 1045 589 οίκοδεσπότης,
1068 519 1096 571 6
1126 516 1261 581 Θεὸς
1308 517 1401 570 καὶ
1430 516 1620 586 Πατήρ
1647 532 1658 545 ο
1699 517 1726 568 6
1756 515 1813 569 δὲ

234 610 611 684 ἀμπελουργὸς
637 649 653 675 ,
695 611 724 663 6
764 609 891 672 Υἰὸς
938 611 1033 664 τοῦ
1080 608 1217 663 Θεοῦ
1246 608 1276 661 6
1305 607 1664 677 φιλοπονῆσαι
1719 607 1812 659 καὶ

235 703 534 773 ἐκκαθᾶραι
560 701 652 755 τὸν
678 699 977 771 ἀμπελῶνα
995 699 1185 754 ἐλθών.
1203 699 1262 753 '0
1278 698 1334 753 δὲ
1357 698 1489 761 Θεὸς
1504 698 1597 751 καὶ
1623 695 1813 769 Πατὴρ

234 801 262 852 6
291 796 383 851 καὶ
412 794 820 863 οἰκοδεσπότης,
852 794 1058 858 ἐκεῖνός
1083 795 1234 847 ἐστιν
1262 794 1290 846 6
1317 790 1555 845 κελεύων
1586 790 1686 861 τὴν
1710 805 1809 841 συ-

238 890 335 960 κῆν
366 888 439 953 ώς
483 887 734 957 ἄκαρπον
783 884 1113 955 ἐκκοπῆναι.
1155 883 1229 937 T6
1257 882 1336 949 δὲ,
1389 884 1565 950 Ἄφες
1616 879 1815 948 αὐτὴν

238 981 331 1035 καί
361 980 548 1046 τούτῳ
578 977 657 1042 τῷ
677 977 819 1042 ἔτει,
846 976 1048 1046 λέγειν,
1077 975 1167 1030 διὰ
1195 975 1362 1046 νόμου
1390 974 1485 1028 καὶ
1518 972 1813 1044 προφητῶν

237 1074 333 1127 οὐκ
365 1069 789 1139 ὲὸελτιώθησαν,
815 1069 909 1121 καὶ
937 1070 1049 1132 τοῖς
1076 1069 1229 1138 ἐμοῖς
1255 1066 1583 1139 ἁρδευθῆναι
1608 1064 1814 1134 δόγμα-

243 1179 355 1217 σιν·
384 1162 460 1226 ὡς
490 1162 540 1215 εἰ
570 1162 670 1232 μὲν
716 1161 988 1230 ποιήσωσι
1015 1158 1251 1231 καρπὸν,
1288 1154 1349 1212 εὖ
1375 1173 1390 1188 ·
1433 1158 1483 1210 εἰ
1504 1156 1563 1210 δὲ
1599 1156 1697 1227 μὴ,
1732 1156 1813 1219 εἰς

239 1257 298 1309 τὸ
331 1255 523 1325 μέλλον
554 1253 828 1323 ἐκκόψεις,
860 1253 940 1316 εἰς
966 1251 1058 1305 τὸν
1088 1250 1280 1304 επειτα
1306 1248 1477 1303 αἰῶνα
1504 1246 1599 1302 καὶ
1617 1247 1695 1309 εἰς
1715 1246 1814 1316 τὴν

242 1347 432 1418 κρίσιν.
458 1346 617 1400 Ἔστι
646 1344 702 1399 δὲ
723 1347 755 1414 ἡ
778 1344 878 1414 μὲν
909 1342 1100 1414 πρώτη
1136 1342 1412 1414 ἀθέτησις,
1449 1341 1482 1411 ἡ
1510 1340 1569 1391 ἐν
1598 1337 1674 1409 τῷ
1710 1354 1814 1390 πα-

244 1436 467 1507 ραδείσῳ
489 1452 502 1464 ·
537 1437 570 1506 ἡ
604 1436 857 1507 δευτέρα,
887 1436 919 1503 ἡ
951 1437 1007 1487 ὲν
1049 1432 1126 1505 τῷ
1175 1435 1357 1504 νόμῳ’
1394 1433 1429 1503 ἠ
1464 1430 1647 1502 τρίτη,
1688 1432 1722 1500 ἡ
1756 1430 1817 1483 ὲν

242 1529 302 1597 τῇ
340 1525 545 1597 χάριτι.

317 1618 380 1671 Ἦ
402 1614 574 1685 συγκύ
585 1632 793 1669 πτουσα
815 1614 1012 1684 χαμαὶ,
1039 1613 1209 1667 ἔπαθε
1234 1611 1395 1667 τοῦτο
1420 1613 1485 1666 ἐκ
1516 1610 1815 1681 σατανικῆς

242 1709 578 1780 ἀγριότητος,
609 1708 685 1770 ώς
725 1706 1134 1778 παρεωραμὲνη
1192 1706 1355 1777 παρὰ
1383 1706 1519 1760 Θεοῦ
1544 1705 1612 1759 δι’
1634 1707 1815 1759 οἰκεῖα

238 1802 471 1873 δηλονότι
507 1802 849 1870 πταίσματα.

309 1890 399 1956 Τὸ,
438 1890 691 1954 Ἔξελθε
719 1888 817 1942 καί
865 1889 1126 1956 πορεύου
1163 1887 1469 1951 ἐντεῦθεν,
1504 1887 1615 1940 τῶν
1651 1890 1813 1956 Φαρι-

242 1983 401 2036 σαίων
436 1981 722 2049 λεγόντων,
763 1982 828 2033 ἐκ
876 1980 1072 2049 φθόνου
1114 1980 1265 2033 ἐστί·
1307 1979 1427 2033 οὐδὲ
1476 1978 1584 2050 γὰρ
1623 1978 1812 2051 ἤθελον

238 2075 561 2146 ὠφελεῖσθαί
612 2091 806 2139 τινας,
853 2073 977 2127 οὐδὲ
1030 2073 1360 2143 θεοσημείας
1412 2072 1658 2143 γίνεσθαι
1703 2072 1812 2126 ἀπὸ

240 2167 447 2235 φθόνου.
494 2167 582 2219 Ἑν
604 2166 661 2219 δὲ
688 2164 764 2235 τῷ
793 2165 974 2233 λέγειν
1004 2165 1227 2231 αὐτοὺς,
1264 2163 1526 2232 Ἡρώδης
1550 2178 1624 2217 σε
1654 2161 1812 2217 θέλει

236 2255 597 2319 ἀποκτεῖναι,
647 2255 1113 2325 προφασιζόμενοι
1164 2253 1352 2323 ελεγον
1386 2256 1481 2308 καὶ
1518 2252 1814 2322 ἐκφοϐοῦν-

236 2367 343 2412 τες.
395 2349 486 2402 Διὸ
531 2349 626 2401 καὶ
669 2348 744 2412 ὡς
794 2347 1080 2416 γινώσκων
1121 2347 1203 2401 ὅτι
1253 2347 1563 2417 ψεύδονται,
1626 2346 1808 2414 λέγει·

232 2440 447 2493 εἴπατε
476 2438 549 2507 τῇ
579 2438 841 2493 utinam
866 2438 1079 2506 ταύτῃ·
1104 2438 1201 2491 καὶ
1231 2437 1379 2500 τινὲς
1407 2436 1507 2506 μὲν
1531 2436 1810 2506 ἐνόμισαν,

236 2529 490 2585 ἀλώπεκα
523 2528 616 2580 τὸν
671 2527 915 2599 Ἡρώδην
967 2526 1148 2594 λέγειν
1169 2544 1185 2559 ο
1239 2526 1337 2595 οὺχ
1366 2523 1537 2588 οὕτως
1573 2523 1628 2576 δὲ
1660 2522 1772 2592 ἔχει
1793 2538 1807 2551 ⁸

236 2624 367 2678 ἀλλὰ
381 2621 641 2676 ἀλώπεκα
661 2620 810 2689 λέγει
837 2620 935 2690 τὴν
963 2619 1188 2673 ἐκείνων
1207 2616 1492 2686 δολιότητα
1514 2615 1608 2667 καὶ
1625 2613 1813 2667 σκαιός-

233 2732 384 2785 τητα,
435 2714 781 2784 εὐφυέστατα
846 2713 985 2782 μέσῃ
1039 2710 1321 2782 χρώμενος
1396 2710 1581 2777 φωνῇ·
1615 2707 1673 2759 ού
1704 2707 1812 2775 γὰρ

232 2804 401 2872 εἶπεν,
472 2805 688 2878 Ἐκείνῃ
732 2807 798 2874 τῇ
850 2802 1115 2865 ἀλώπεκι,
1174 2800 1332 2865 ἀλλὰ,
1391 2800 1606 2865 Ταύτῃ.
1655 2797 1808 2850 Ἐπι-

234 2901 479 2970 πλήττων
506 2899 563 2952 δὲ
594 2898 814 2960 αὐτοὺς,
842 2896 1024 2964 λέγει·
1057 2893 1207 2948 Ἰδοὺ
1228 2892 1506 2961 δαιμόνια
1535 2889 1811 2943 ἐκϐάλλω

233 2992 328 3045 καί
361 2991 551 3056 ἰάσεις
612 2988 901 3044 ἐπιτελῶο
946 2986 1036 3041 διὰ
1059 2984 1155 3040 τοῦ
1199 2985 1395 3047 εἰπεῖν,
1446 2981 1808 3049 Τελειοῦμαι,

232 3084 321 3137 τὸν
350 3082 582 3137 θάνατον
627 3080 792 3135 αὐτοῦ
824 3079 1041 3151 μηνύει,
1084 3079 1177 3133 καὶ
1207 3078 1288 3131 ὅτι
1331 3074 1494 3137 ἑκὼν,
1544 3075 1636 3127 καὶ
1682 3071 1806 3125 οὔτε

245 3170 503 3241 Ἡρώδης,
533 3169 657 3223 οὔτε
684 3168 860 3234 αὐτοὶ,
891 3168 998 3238 πρὸ
1026 3166 1221 3238 καιροῦ
1248 3183 1301 3219 τι
1326 3165 1628 3236 ποιήσαιεν.

301 3265 402 3329 T6,
432 3265 556 3319 Οὐκ
599 3262 910 3330 ἐνδέχεται
961 3258 1315 3329 προφήτην,
1348 3256 1464 3321 ἔξω
1501 3256 1807 3323 Ἰερουσα-

231 3356 356 3425 .tiut
369 3354 717 3420 ἀποθανεῖν,
740 3354 922 3425 λέγειν
953 3354 1135 3419 αὐτὸν,
1158 3352 1231 3415 ὡς
1250 3349 1580 3420 κατηγορίαν
1599 3348 1809 3415 εἰσάγει

231 3447 321 3501 τὸν
350 3447 528 3516 λόγον.

800 3576 1052 3631 ΚΕΦΑΛ.
1099 3574 1197 3629 1Δ’.

308 3725 369 3780 Ὀ
392 3724 582 3790 εἰπὼν,
612 3724 911 3795 Μακάριος
961 3722 1131 3788 ὅστις
1158 3719 1405 3791 φάγεται
1450 3718 1701 3788 ἄριστον
1738 3718 1809 3771 ἐν

226 3815 301 3886 τῇ
326 3816 620 3882 βασιλείᾳ
650 3812 768 3868 τῶν
800 3812 1097 3882 οὐρανῶν,
1131 3812 1191 3865 ού
1220 3811 1424 3871 τέλειος
1459 3804 1554 3879 ἦν·
1586 3806 1806 3879 ἐνόμιζε

225 3913 335 3981 γὰρ
366 3908 685 3980 σωματικὴν
714 3906 918 3979 βρῶσιν
944 3902 1083 3960 εἰναι
1107 3907 1164 3958 ὲν
1194 3904 1274 3974 τῷ
1298 3903 1535 3978 οὐρανῷ.

295 4001 389 4064 T6,
420 4001 756 4069 Ἄνθρωπός
777 4016 868 4063 τις
899 3997 1151 4065 ἐποίησε
1176 3994 1445 4062 δεῖπνον,
1498 3995 1805 4067 ἄνθρωπον,

222 4091 319 4143 τὸν
350 4091 483 4144 Θεδν
514 4090 608 4142 καὶ
637 4089 862 4158 Πατέρα
893 4087 1070 4154 λέγει’
1103 4086 1163 4138 αἰ
1186 4086 1297 4156 γὰρ
1327 4085 1538 4150 εἰκόνες
1564 4085 1676 4140 τῶν
1700 4103 1807 4139 πα-

226 4182 498 4253 ραϐολῶν,
540 4182 869 4235 πλάττουσιν
921 4178 1181 4249 ἀλήθειαν
1205 4192 1218 4207 ·
1250 4177 1352 4232 ούκ
1380 4178 1544 4232 αὑταί¹
1574 4177 1632 4230 δὲ
1671 4176 1807 4231 πάν-

219 4292 335 4338 τως
364 4275 502 4327 εἰσὶν
524 4273 795 4344 ἁλήθειαι.
831 4270 1107 4333 Δεῖπνον,
1160 4269 1314 4340 φησὶ,
1345 4270 1668 4339 πεποίηκεν,
1701 4270 1805 4321 οὐκ

218 4368 485 4437 ἄριστονο
532 4367 625 4419 ἐπὶ
666 4364 775 4435 γὰρ
816 4362 1098 4432 συντελείᾳ
1129 4361 1192 4416 τὸ
1221 4361 1456 4432 Χριστοῦ
1505 4362 1674 4424 πάθος
1704 4361 1805 4430 τὴν

222 4457 620 4527 οίκουμενικὴν
674 4454 1004 4523 πανήγυριν.
1067 4450 1358 4506 Ἐκὰλεσε
1404 4450 1461 4503 δὲ
1506 4448 1799 4513 πολλοὺς,
1836 4491 1880 4545 D

213 4550 291 4601 τὰ
336 4548 513 4619 πλήθη
538 4548 646 4601 τῶν
701 4544 995 4600 Ἰουδαίων.
1033 4544 1128 4607 Τίς
1169 4543 1227 4596 δὲ
1251 4544 1279 4596 6
1309 4540 1717 4609 ἀπεσταλμένος
1745 4540 1803 4592 ὂν

215 4642 317 4697 καὶ
364 4639 553 4694 δοῦλόν
592 4655 791 4710 φησιν;
833 4636 1010 4699 Αὐτὸς
1043 4638 1072 4689 6
1100 4634 1334 4705 Χριστὸς
1365 4633 1453 4687 διὰ
1495 4632 1593 4701 τὴν
1626 4633 1807 4700 σάρκα

215 4731 447 4804 μορφὴν
479 4731 668 4785 δούλου
709 4728 961 4783 ἀνέλαϐε.
995 4727 1061 4780 Τί
1083 4728 1138 4781 δὲ
1172 4726 1439 4797 ἡτοίμασε
1460 4728 1576 4787 τοῖς
1609 4724 1807 4794 κεκλη-

213 4825 447 4894 μένοις;
495 4822 811 4893 Ἀμαρτιῶν
854 4820 1071 4889 ἄφεσιν,
1104 4818 1381 4881 υἱοθεσίας
1419 4816 1803 4887 λαμπρότητα.

206 4916 293 4968 Τὸ
334 4915 416 4981 δὲ,
464 4914 753 4983 Ἤρξαντο
803 4912 922 4967 ἀπὸ
968 4908 1113 4979 μιᾶς
1160 4909 1596 4977 παραιτεῖσθαι,
1652 4907 1808 4961 τοῦτό

205 5009 379 5070 ἐστι,⁴
400 5005 463 5059 τὸ
488 5006 547 5070 ἐξ
593 5006 710 5068 ἐνὸς
745 5004 1087 5074 συνθήματος
1133 5002 1340 5072 μηδένα
1376 5002 1537 5071 λόγον
1571 5018 1804 5072 ποιησα-

208 5098 421 5167 μένους
445 5098 543 5168 τῆς
574 5098 840 5167 κλήσεως,
874 5094 1259 5166 γεωδεστέροις
1280 5094 1554 5158 ἀσυνέτως
1582 5112 1806 5165 προσνε-

172 5189 509 5291 ’νευειιότες⁸
542 5190 837 5291 κέκληνται
861 5186 1066 5291 δὲ.ἁντ⁹
1104 5187 1402 5291 εκείνων-οί
1426 5188 1509 5291 εἰς
1534 5187 1633 5291 τὰς
1670 5188 1807 5241 πλαο

200 5286 373 5345 τείας
397 5282 493 5335 καὶ
523 5285 620 5344 τὰς
660 5280 861 5351 ῥύμας,
894 5280 947 5333 οἱ
977 5281 1042 5333 ὲκ
1079 5279 1179 5350 τῆς
1222 5279 1521 5349 Ἰουδαϊκῆς
1566 5280 1806 5351 πληθύος

1918 523 2123 580 autem,
2161 514 2334 570 Filius
2383 513 2478 570 Dei
2532 514 2598 570 ad
2652 513 3010 570 laborandam
3047 520 3099 568 et
3138 510 3509 566 mundandam

1919 612 2131 662 vineam
2163 610 2409 673 veniens,
2442 606 2587 661 Deus
2613 616 2795 662 autem
2835 605 2998 660 Pater
3021 614 3089 661 et.
3108 604 3306 659 domus
3330 603 3510 657 domi-

1917 716 2044 762 nus,
2087 700 2177 755 ille
2214 709 2297 755 est
2329 700 2422 770 qui
2466 699 2625 770 jubet
2659 700 2821 756 ﬁcum
2879 708 2937 753 ut
2986 698 3227 753 sterilem
3257 696 3495 752 succidi.

1917 789 2135 844 Dimitte
2174 789 2330 845 illam
2377 798 2429 844 et
2471 789 2568 843 hoc
2612 805 2774 853 anno,
2829 788 3053 853 dicitur,
3100 802 3205 857 per.
3243 786 3413 855 legem
3452 795 3508 842 et

1914 879 2209 950 prepltetas
2254 896 2362 935 non
2413 882 2670 936 meliores
2700 879 2878 935 effecti
2919 889 3072 945 sunt,
3107 887 3163 934 et
3204 878 3339 932 meis
3387 877 3506 931 sine

1914 966 2083 1040 rigari
2109 970 2396 1036 doctrinis,
2431 970 2704 1041 siquidem
2729 969 2935 1025 bonum
2962 967 3194 1023 fecerint
3223 969 3461 1022 fructum
3486 983 3515 1033 ;.

1919 1062 2005 1115 sin
2032 1069 2239 1126 autem,
2275 1062 2341 1116 in
2363 1062 2611 1117 futurum
2642 1062 2917 1123 succides,
2945 1060 3000 1115 in
3022 1072 3340 1128 sequentem
3373 1072 3507 1113 aeta-

1917 1161 2022 1208 tem
2068 1164 2124 1209 et
2160 1154 2212 1209 iu
2256 1154 2549 1221 judicium.
2583 1153 2765 1208 Prima
2815 1162 2997 1208 autem
3037 1164 3121 1207 est
3168 1152 3501 1222 reprobatin,

1918 1262 2040 1316 qua:
2092 1247 2146 1302 in
2208 1245 2506 1313 Paradiso;
2560 1244 2824 1309 secunda,
2870 1260 2993 1314 quae
3044 1246 3097 1298 in
3156 1245 3302 1312 lege;
3348 1244 3504 1298 tertia

1916 1354 2066 1407 vero,
2100 1355 2220 1411 qua:
2247 1338 2301 1395 in
2329 1339 2527 1411 gratia.

1988 1613 2156 1669 Vens.
2206 1614 2293 1668 ll.
2335 1612 2471 1681 Quae
2531 1614 2596 1668 ad
2646 1624 2845 1670 terram
2882 1613 3147 1669 inclinata
3198 1622 3334 1677 erat,
3400 1615 3504 1670 lioe

1918 1707 2229 1778 patiebatur
2261 1722 2327 1761 ex
2371 1704 2590 1762 Satanae
2621 1706 2970 1772 crudelitate,
3008 1716 3271 1776 tauquam
3322 1720 3351 1759 a
3390 1704 3501 1761 Deo

1848 1805 1887 1859 Β
1916 1798 2176 1852 derelicta
2216 1807 2439 1867 propter
2478 1813 2608 1853 suas
2637 1797 2824 1869 culpas
2847 1797 3149 1852 evidenter.

1990 1887 2159 1945 Vens.
2193 1889 2284 1945 51.
2320 1888 2422 1942 Exi
2447 1899 2496 1943 et
2522 1890 2650 1944 vade
2684 1891 2825 1952 hinc,
2860 1904 2984 1959 quze
3014 1890 3273 1945 dicuntur
3307 1905 3334 1943 a
3361 1889 3501 1944 Pha-

1918 1981 2117 2045 risaeis,
2165 1996 2231 2036 ex
2300 1980 2503 2036 invidia
2552 1981 2855 2051 prodeunt;
2900 1995 3008 2035 non
3049 1982 3194 2036 enim
3243 1980 3505 2036 volebant

1915 2071 2163 2127 eminere
2212 2071 2526 2142 quospiam,
2562 2087 2664 2128 nec
2695 2071 2879 2127 divina
2916 2071 3071 2143 signa
3123 2073 3330 2134 facere,
3368 2089 3498 2142 pto-

1916 2172 2037 2231 ptcr
2061 2162 2341 2217 invidiam.
2378 2161 2516 2217 Cum
2554 2173 2736 2218 autem
2776 2163 2968 2217 dicunt
2998 2182 3010 2218 :
3042 2164 3277 2217 Herodes
3312 2163 3421 2217 vult
3451 2175 3500 2218 te

1916 2254 2189 2317 occidere;
2222 2269 2319 2324 per
2360 2264 2686 2325 pra:textum
2727 2256 2917 2310 dicunt
2947 2265 3002 2311 et
3052 2256 3330 2311 timorem.
3371 2256 3499 2311 Ideo

1916 2360 2257 2415 cognoscens
2288 2345 2377 2400 ille
2402 2345 2500 2401 ltos
2533 2344 2774 2410 mentiri,
2805 2345 2937 2400 dicit
2968 2363 2981 2399 :
3020 2346 3190 2399 Dicite
3213 2345 3354 2416 vulpi
3387 2348 3497 2399 isti.

1916 2436 2150 2504 Quidam
2181 2446 2515 2506 putaverunt
2542 2452 2639 2505 per
2663 2437 2879 2507 vulpem
2900 2437 3165 2492 Herodem
3189 2438 3497 2510 designari;

1918 2543 2026 2582 non
2060 2538 2243 2582 autem
2283 2530 2363 2583 sic
2396 2544 2454 2583 se
2500 2530 2699 2595 habet;
2729 2528 2824 2583 sed
2858 2528 3073 2599 vulpem
3122 2529 3255 2584 dicit
3305 2547 3497 2586 eorum

1916 2621 2177 2675 astutiam
2215 2629 2269 2675 et
2298 2620 2582 2690 ineptiam,
2612 2621 2919 2677 rectissime
2959 2622 3213 2691 proximo
3249 2639 3381 2679 usus
3402 2640 3499 2679 νος

1916 2708 2135 2771 cabuio,
2180 2726 2287 2764 non
2319 2710 2464 2765 enim
2506 2710 2641 2766 dicit
2689 2711 2838 2781 vulpi
2876 2711 2976 2775 illi,
3006 2713 3101 2768 sed
3142 2714 3254 2767 isti.
3298 2713 3500 2785 Obiur-

1914 2815 2051 2870 gans
2075 2814 2206 2855 vero
2233 2800 2380 2866 illos,
2411 2801 2599 2856 addit:
2637 2799 2770 2856 Ecce
2791 2802 2946 2869 ejicio
2968 2803 3231 2858 daemonia
3265 2813 3315 2858 et
3347 2806 3497 2859 saui-

1916 2903 2050 2947 tates
2071 2894 2311 2963 per/icio;
2334 2895 2585 2957 dicendo,
2611 2895 2982 2959 Consummor,
3001 2905 3226 2951 mortem
3247 2912 3401 2952 suam
3422 2898 3497 2951 iu-

1915 2986 2055 3051 nuit,
2087 2995 2141 3041 et
2175 2987 2322 3057 quod
2354 2986 2525 3041 libens
2560 2988 2815 3050 moritur,
2844 2997 2898 3042 et
2929 2988 3078 3058 quod
3117 3003 3291 3057 neque
3323 2986 3497 3043 Hero-

1916 3079 2013 3132 des
2039 3094 2216 3149 neque
2235 3079 2337 3150 ipsi
2366 3088 2491 3134 ante
2514 3088 2729 3150 tempus
2754 3079 3030 3150 quoddam
3057 3079 3234 3135 facere
3259 3079 3495 3150 possint.

1838 3140 1880 3196 Ο
1987 3140 2153 3226 Vens.
2187 3140 2279 3225 53-.
2320 3169 2443 3225 Non
2480 3140 2962 3242 capit-prophetam
3003 3173 3175 3241 perire
3209 3140 3365 3227 eaitra
3396 3172 3492 3226 Je-

1916 3261 2172 3327 rusalem,
2222 3262 2289 3317 de
2329 3278 2389 3318 se
2433 3264 2586 3331 dicit,
2622 3276 2882 3337 tanquam
2928 3267 3333 3321 accusationem
3370 3281 3494 3320 vcr-

1913 3349 2043 3403 bum
2079 3350 2222 3405 istud
2249 3351 2541 3421 adjiciens.

2496 3480 2726 3538 CAPUT
2768 3481 2908 3537 XIV.

1984 3626 2150 3681 Vens.
2191 3628 2273 3682 15.
2308 3628 2412 3694 Qui
2439 3627 2575 3684 dicit
2616 3648 2628 3685 :
2664 3629 2860 3684 Beatus
2892 3630 2985 3702 qui
3021 3632 3364 3685 manducabit
3398 3649 3497 3702 pa-

1914 3736 2029 3775 nem
2060 3721 2114 3774 iu
2146 3738 2300 3791 regno
2336 3724 2612 3787 calorum,
2650 3738 2758 3778 non
2797 3733 2942 3780 recte
2966 3723 3230 3795 loquitur;
3270 3726 3497 3797 putabat

1910 3812 2053 3867 cnim
2088 3815 2424 3882 corporalem
2454 3831 2633 3870 escam
2681 3831 2803 3872 esse
2840 3819 2891 3871 in
2918 3818 3075 3872 ccelo.

1982 3903 2148 3960 Vens.
2178 3907 2229 3960 6.
2254 3905 2426 3961 [lauto
2453 3909 2668 3978 quidam
2695 3909 2816 3977 fecit
2839 3926 3063 3966 caenam.
3088 3908 3188 3965 Per
3215 3909 3493 3966 hominem

1912 3993 2056 4051 Deus
2117 3997 2273 4052 Pater
2315 3999 2663 4068 designatur;
2700 4000 2885 4069 ﬁgura:
2921 4002 3067 4056 enim
3105 4002 3490 4072 parabolat'um

1912 4101 2104 4140 verum
2151 4088 2393 4157 tingunt;
2428 4090 2518 4145 illa
2550 4102 2729 4146 autem
2774 4108 2882 4147 non
2913 4096 3141 4149 omnino
3174 4104 3303 4149 sunt
3339 4111 3489 4150 vera.

1911 4173 2128 4229 (laruam
2168 4178 2321 4238 dicit,
2376 4194 2481 4231 non
2536 4181 2848 4246 prandium,
2881 4182 2935 4234 id
2975 4190 3082 4245 est,
3136 4182 3189 4236 in
3229 4198 3492 4237 consum-

1912 4266 2151 4321 matione
2194 4283 2289 4338 per
2312 4269 2517 4324 Clitisti
2564 4272 2875 4338 passionem
2924 4273 3075 4327 orbis
3106 4275 3491 4344 congregatio-

1912 4371 2059 4411 nem.
2095 4356 2308 4412 Vocavit
2341 4360 2555 4421 mullos,
2588 4361 2989 4417 multitudinem
3023 4378 3221 4432 nempe
3268 4363 3489 4418 Judaeu—

1912 4464 2057 4503 rum.
2093 4448 2229 4514 Quis
2280 4465 2407 4504 vero
2450 4450 2655 4505 missus
2713 4451 2800 4505 ille
2843 4468 3003 4522 quem
3049 4469 3270 4508 servum
3319 4455 3493 4510 dicit?

1912 4541 2166 4596 Christus
2201 4542 2316 4612 ipse
2358 4543 2449 4612 qui
2496 4559 2589 4611 per
2633 4560 2852 4598 carnem
2889 4544 3119 4599 formam
3159 4546 3301 4601 servi
3336 4562 3492 4603 acce-

1911 4634 2008 4703 pit.
2046 4633 2185 4700 Quid
2228 4637 2440 4704 paraxit
2482 4637 2771 4692 invitatis?
2802 4647 3150 4709 peccatorum
3205 4640 3491 4695 remissio-

1910 4744 2058 4797 nem,
2082 4730 2396 4801 adoptionis
2422 4732 2864 4801 praerogativam.
2893 4732 3171 4802 Coeperunt
3202 4734 3363 4788 simul
3396 4751 3490 4788 ea:-

1909 4837 2130 4888 cusare;
2155 4823 2205 4877 id
2232 4832 2317 4879 est
2344 4840 2449 4877 una
2473 4824 2860 4880 convenientes
2894 4836 2951 4879 ut
2979 4827 3180 4881 nullius
3215 4827 3489 4882 invitatiu-

1911 4928 2033 4967 nem
2068 4914 2327 4979 facerent,
2362 4916 2800 4972 terrestt'inribus
2834 4917 3212 4987 imprudenter
3243 4936 3303 4976 se
3327 4920 3489 4976 dede-

1914 5016 2056 5063 runt.
2091 5006 2307 5062 Invitati
2352 5018 2482 5063 sunt
2520 5021 2700 5064 autem
2756 5026 2855 5079 pro
2912 5012 3020 5066 illis
3064 5013 3164 5082 qui
3200 5014 3252 5067 in
3291 5014 3486 5084 plateis

1908 5108 1961 5153 et
1988 5100 2124 5154 vicis
2160 5107 2337 5161 erant,
2383 5099 2477 5169 qui
2506 5115 2537 5155 c
2564 5100 2790 5155 Judaica
2836 5101 3186 5156 multitudine
3231 5104 3488 5167 debilem,

1909 5201 1961 5245 et
1997 5192 2313 5261 ignobilem,
2347 5200 2401 5246 et
2448 5192 2765 5258 obscuram,
2798 5203 2853 5249 et
2897 5194 3147 5249 claudam
3180 5195 3487 5263 usquedum

1914 5284 2321 5354 intelligentiam
2368 5284 2696 5339 habuerant.
2746 5286 2877 5339 Sani
2919 5298 3100 5341 autem
3156 5295 3211 5339 et
3244 5290 3490 5340 valentes

196 5374 427 5443 ἀσθενῆ
450 5390 510 5427 τε
539 5373 632 5426 καὶ
659 5373 859 5442 ἀγεννῆ
892 5371 991 5442 τὴν
1019 5372 1260 5425 διάνοιαν
1285 5371 1389 5434 ἓως
1414 5371 1560 5436 τινὸς
1585 5371 1805 5442 ἔχοντες

196 5469 310 5521 καὶ
349 5466 570 5537 ἀφεγγῆ
599 5468 696 5520 καὶ
722 5464 1069 5535 χωλεύουσαν
1090 5478 1105 5496 ³
1128 5464 1303 5531 ὑγιεῖς
1334 5462 1393 5516 δὲ
1416 5463 1508 5517 καὶ
1537 5462 1806 5535 εὔρωστοι

192 5558 302 5612 διὰ
344 5560 447 5627 τῆς
492 5560 571 5621 είς
620 5557 858 5626 Χριστὸν
910 5557 1168 5619 πίστεως.
1202 5557 1276 5609 Τὸ
1315 5556 1391 5621 δὲ,
1448 5558 1571 5611 Ἔτι
1621 5560 1806 5626 τόπος

192 5650 375 5715 ἐστὶ,
410 5650 558 5718 λέγει
610 5651 702 5704 τὸν
731 5652 1180 5723 δειπνοκλήτορα,
1215 5651 1304 5706 διὰ
1326 5653 1449 5714 τοὺς
1481 5652 1798 5723 ἀγροικοτὲ-

199 5760 351 5813 pou;
385 5743 536 5814 λέγει
563 5746 743 5816 πάντη
776 5746 869 5801 καὶ
899 5749 1323 5818 κτηνοπρεπεῖς.

1912 5391 2007 5443 per
2036 5376 2195 5431 [idem
2227 5376 2281 5429 in
2318 5375 2598 5430 Christum
2626 5375 2754 5432 laeti
2787 5387 2932 5431 sunt.
2970 5376 3100 5442 Sed,
3125 5378 3297 5431 adhuc
3335 5376 3484 5431 locus

1908 5476 2007 5533 cst,
2050 5466 2183 5522 dicit
2212 5483 2405 5523 servus
2430 5468 2493 5520 ad
2554 5466 2898 5523 invitandum
2943 5468 3169 5536 missus,
3218 5469 3287 5523 ob
3325 5469 3489 5529 rusti-

1910 5560 2087 5617 ciorcs
2113 5569 2166 5617 et
2189 5559 2450 5631 iumentis
2473 5571 2630 5633 aptus
2662 5563 2732 5618 ita
2773 5563 3008 5619 loeutus.
