3984 6204
547 288 682 356 1207

1260 293 1652 355 OPUSCULA
1687 291 2321 353 SCRIPTURISTICA
2369 291 2719 353 INCERT/E
2761 289 3071 354 ETATIS.

3607 292 3707 358 1208

536 400 1144 459 taverat.Siuumvero
1199 402 1433 459 Abrahae
1486 403 1670 457 divina
1728 404 1836 458 otia
1889 411 2110 458 sanctus

2225 403 2448 468 θέντας·
2476 403 2711 468 κόλπους
2742 403 2798 456 δὲ
2839 399 3112 472 Ἀϐραὰμ,
3147 398 3250 463 τὰς
3288 395 3544 465 θειοτάτας
3572 401 3704 476 λήξεις

534 489 827 562 Dionysius
861 490 1012 546 dicit.

1118 596 1347 654 CAPUT
1385 596 1547 652 XV".

608 707 772 764 Vens.
803 709 854 763 5.
871 708 944 763 De
971 708 1379 777 antiquioribus
1405 709 1610 762 sanctis
1641 707 1772 761 dicit
1800 707 2111 775 apostolus,

535 800 640 854 Per
662 800 820 866 ﬁdem
843 801 1076 854 vicerunt
1111 817 1308 869 regna:
1339 799 1571 868 apostoli
1602 813 1731 868 ergo
1769 798 1819 850 id
1854 798 2109 863 scientes,

534 892 726 945 dicunt
744 891 962 946 Christo
985 891 1231 960 :Adauge
1262 892 1406 943 nobis
1426 890 1604 958 ﬁdem.
1633 887 1747 942 Non
1764 895 1955 957 petunt
1981 889 2114 942 sim-

532 983 746 1050 pliciter
773 981 952 1046 ﬁdem,
974 997 1080 1035 non
1107 982 1250 1035 enim
1269 992 1424 1036 erant
1447 980 1709 1044 inﬁdeles,
1736 981 1827 1034 sed
1853 994 2107 1050 augmen-

537 1085 649 1128 tum
684 1073 827 1136 ﬁdei,
864 1073 914 1127 id
936 1083 1019 1128 est
1052 1073 1106 1127 in
1138 1072 1242 1126 ﬁde
1261 1073 1748 1127 confirmationem.

613 1256 772 1312 Vens.
826 1258 878 1311 7.
929 1257 1059 1322 Quis
1099 1273 1162 1309 ex
1200 1257 1340 1310 vobis
1386 1257 1580 1312 habens
1625 1273 1830 1310 servum
1889 1271 2112 1325 pascen—

543 1357 680 1414 tem;
714 1357 890 1404 etc....
920 1346 1089 1401 Docet
1126 1347 1210 1402 his
1241 1347 1535 1400 Dominica:
1556 1346 1899 1400 auctoritatis
1936 1353 2111 1411 potes-

545 1448 710 1493 tatem
730 1439 1044 1492 utdebitum
1077 1453 1291 1507 semper
1314 1453 1344 1491 a
1369 1437 1587 1492 famulis
1616 1436 1984 1492 obedientiam
2004 1436 2116 1489 esi-

540 1544 705 1598 gere;
750 1543 856 1582 non
889 1529 1062 1594 enim,
1093 1529 1186 1592 ait,
1214 1529 1442 1597 gratiam
1470 1543 1590 1583 esse
1633 1527 1890 1582 fatebitur
1917 1529 2016 1584 etsi
2048 1529 2116 1582 ab

540 1619 632 1674 illo
675 1618 878 1673 factum
907 1618 1230 1688 fueritquod
1257 1620 1371 1673 ﬁeri
1392 1619 1700 1688 oportebat,
1733 1619 1826 1674 sed
1866 1634 1975 1672 non
2004 1619 2113 1673 im-

2216 497 2243 546 6
2274 494 2426 564 ἅγιος
2461 493 2736 556 Διονύσιος
2765 493 2940 560 λέγει.

2799 600 3055 655 ΚΕΦᾹΛ.
3091 596 3192 652 IZ'.

2287 713 2408 766 ’Ότι
2435 710 2563 780 περὶ
2589 711 2697 764 τῶν
2720 705 3090 780 ἀρχαιοτέρων
3128 704 3303 773 ἁγίων
3354 705 3506 775 φησιν
3528 708 3553 760 6
3597 709 3710 764 ’Διό-

2217 804 2424 866 στολοςο
2447 803 2552 856 Διὰ
2592 802 2854 865 πίστεως
2904 800 3391 870 κατηγωνίσαντο
3444 800 3710 868 βασιλείας.

2213 897 2278 948 Οἱ
2301 895 2589 948 ἀπόστολοι
2621 892 2715 945 οὖν
2740 891 2898 945 τοῦτο
2927 891 3147 955 εἰδότες,
3181 890 3399 957 λέγουσι
3431 890 3502 960 τῷ
3527 892 3710 963 Χριστῴ-

2214 987 2479 1054 Πρόσθες
2501 984 2646 1052 ἡμῖν
2663 984 2893 1036 πίστιν.
2915 983 3030 1035 Οὐκ
3057 981 3275 1035 αἰτοῦσι
3293 981 3350 1034 δὲ
3370 981 3535 1034 πίστιν
3555 983 3708 1047 ἁπλῶςο

2214 1080 2273 1130 οὺ
2308 1077 2417 1147 γὰρ
2471 1072 2611 1144 ἦσαν
2663 1075 2907 1128 ἄπιστοι·
2955 1072 3095 1126 ἀλλὰ
3155 1071 3472 1142 προσθήκην
3518 1073 3713 1137 πίστεως,

2213 1167 2462 1220 τουτέστι
2495 1165 2594 1233 τὴν
2633 1164 2712 1224 εἰς
2741 1162 2900 1214 τοῦτο
2933 1160 3255 1230 βεὸαῖωσιν.

2291 1257 2410 1308 ’Ότι
2466 1255 2546 1318 τὸ,
2614 1255 2709 1320 Τίς
2743 1253 2812 1317 ἐξ
2861 1251 3028 1321 ὑμῶν
3065 1251 3298 1305 δοῦλον
3345 1253 3493 1318 ἔχων·
3543 1253 3718 1319 ποιμαί-

2217 1364 2420 1410 νοντα,
2452 1346 2643 1400 καὶτὰ
2700 1345 2848 1414 ἑξῆς,
2896 1343 3139 1398 διδάσκει
3192 1344 3277 1397 ὅτι
3317 1343 3414 1412 τῆς
3457 1342 3718 1412 Δεσποτικῆς

2216 1437 2466 1504 ἐξουσίας
2497 1437 2531 1505 ἡ
2561 1435 2793 1504 δύναμις
2823 1435 2899 1497 ὡς
2928 1434 3153 1504 ὄφλημα
3196 1432 3469 1503 πανταχοῦ
3499 1433 3622 1501 παρὰ
3647 1432 3719 1484 τῶν

2217 1528 2445 1582 οἰκετῶν
2473 1527 2628 1597 ζητεῖ
2663 1527 2764 1598 τὴν
2790 1527 3096 1596 ὑποταγὴν.
3129 1524 3208 1577 Οὐ
3243 1525 3352 1594 γὰρ
3396 1523 3556 1592 χάριν,
3583 1523 3717 1591 φησιν,

2218 1621 2567 1692 ὁμολογήσει,
2594 1619 2698 1673 κᾶν
2726 1620 2774 1671 εἰ
2802 1620 3014 1687 γένοιτο
3045 1617 3182 1687 παρ’
3205 1616 3373 1671 αὐτοῦ
3399 1618 3499 1669 πᾶν
3521 1617 3631 1684 ὅπερ
3650 1618 3718 1668 εδει

539 1709 729 1780 plenti,
744 1710 1046 1779 periculum
1079 1719 1161 1764 est
1181 1728 1195 1776 ;
1213 1710 1455 1780 implenti
1475 1720 1678 1775 autem,
1712 1710 1858 1764 nulla
1878 1710 2112 1765 habetur

2218 1711 2490 1781 γενέσθαι⁶
2528 1708 2664 1763 ἀλλὰ
2703 1708 2778 1780 μὴ
2815 1708 3156 1779 πληροῦντος
3190 1707 3318 1778 μὲν,
3364 1707 3596 1769 κίνδυνος·
3619 1707 3716 1774 πλη-

540 1803 738 1870 gratia.

619 1891 785 1946 Vnus.
828 1892 917 1947 2|.
973 1891 1240 1947 Dicendo:
1282 1891 1517 1962 Regnum
1545 1891 1640 1946 Dei
1687 1895 1832 1946 intra
1879 1909 1967 1946 vos
2014 1901 2112 1956 est,

541 1981 672 2052 quid
708 1983 922 2037 inn-uit?
968 1984 1025 2036 ιη
1068 1983 1272 2038 nostris
1320 1996 1514 2052 nempe
1545 1998 1668 2039 esse
1717 1983 2116 2047 voluntatibus,

543 2073 671 2126 illud
711 2088 934 2143 regnum
959 2073 1182 2142 eligere.

618 2162 780 2215 Vsus.
812 2162 900 2214 22.
925 2161 1065 2226 Quid
1114 2162 1296 2217 dicere
1324 2162 1440 2217 vult
1459 2162 1709 2218 Christus
1732 2179 1854 2219 cum
1879 2163 1987 2217 ait:
2018 2161 2120 2216 Ve-

542 2251 688 2303 nieut
712 2251 822 2304 dies
839 2252 1049 2320 quando
1065 2252 1434 2306 desiderabitis
1454 2251 1623 2305 videre
1642 2268 1803 2304 unum
1821 2252 1962 2305 diem
1986 2248 2119 2302 Filii

543 2340 792 2404 hominis,
813 2349 860 2393 et
885 2356 986 2393 non
1017 2340 1301 2394 videbitis?
1331 2339 1386 2396 Id
1409 2350 1511 2405 est,
1543 2342 1660 2410 ejus
1695 2342 1747 2396 in
1785 2349 1930 2396 terra
1984 2356 2117 2396 con-

542 2428 869 2481 versationis
897 2445 920 2493 ;
945 2429 1197 2497 quamvis
1221 2428 1414 2482 ultimo
1453 2443 1578 2483 cum
1617 2428 1710 2482 illo
1753 2427 1924 2482 futuri
1959 2429 2118 2482 estis.

543 2516 658 2572 Hoc
705 2528 886 2571 autem
937 2517 1074 2571 dixit
1118 2517 1188 2571 ab
1225 2517 1610 2572 tribulationes
1657 2531 1795 2586 quas
1850 2515 2122 2572 debebant

543 2608 818 2663 sustinere
853 2623 880 2661 a
919 2607 1192 2678 tyrannis.

1090 2713 1344 2788 CAPUT:
1379 2715 1566 2770 xvnt.

615 2825 778 2881 Vens.
806 2825 1008 2892 2.Quis
1039 2840 1161 2882 esse
1182 2835 1363 2896 potest
1393 2827 1480 2882 hic
1503 2827 1667 2896 judex
1703 2827 1886 2881 ?dicat
1916 2825 2119 2881 David:

542 2915 685 2970 Deus
705 2915 868 2986 iudex
882 2918 1083 2986 justus,
1125 2918 1280 2985 fortis
1308 2927 1356 2972 et
1377 2920 1610 2988 patiens;
1639 2928 1700 2973 ut
1739 2919 1915 2972 audiri
1944 2926 2124 2988 potest

541 3007 704 3061 etiam
725 3007 951 3063 dicens:
993 3008 1171 3079 Neque
1194 3013 1260 3062 ab
1281 3025 1492 3079 egressu
1522 3010 1669 3074 satis,
1702 3025 1862 3079 neque
1926 3009 1991 3062 ab
2030 3025 2110 3062 oc-

543 3116 690 3164 casu,
716 3115 876 3170 neque
897 3117 928 3153 a
949 3100 1167 3155 desertis
1194 3101 1478 3166 montibus,
1499 3102 1746 3170 quoniam
1774 3100 1912 3153 Deus
1924 3100 2117 3168 judex,

548 3200 650 3244 est.
684 3190 858 3246 Habet
895 3199 1078 3246 autem
1127 3192 1283 3262 quasi
1319 3193 1600 3262 propriam
1636 3192 1911 3248 civitatem
1944 3191 2116 3258 Deus,

543 3296 838 3351 quamnam
859 3282 1004 3336 illam
1023 3280 1378 3339 ?Ecclesiam.
1402 3281 1649 3337 Gloriosa
1661 3283 1806 3336 dicta
1825 3291 1947 3336 sunt
1965 3283 2028 3336 de
2047 3292 2117 3347 te,

545 3369 731 3423 civitas
769 3371 884 3426 Dei.
905 3369 1008 3425 Ista
1036 3372 1230 3427 civitas
1253 3372 1484 3427 imitatio
1516 3380 1600 3428 est
1621 3373 1859 3428 cmlestis
1883 3372 2120 3428 civitatis

542 3457 862 3515 Jerusalem.
892 3461 1058 3516 Deum
1080 3477 1186 3517 non
1211 3463 1452 3528 timebat,
1475 3478 1648 3534 neque
1674 3463 1946 3518 hominem
1969 3477 2122 3517 reve-

544 3552 803 3608 rebatur:
841 3552 984 3608 Deus
1010 3556 1155 3608 enim
1191 3569 1301 3609 non
1337 3554 1505 3609 Deum
1532 3555 1693 3609 habet
1721 3569 1883 3625 quem
1909 3554 2116 3618 timeat,

545 3647 1010 3715 neque;hominem
1042 3661 1203 3716 quem
1233 3657 1539 3702 revereatur
1559 3664 1574 3712 ;
1594 3661 1950 3717 personarum
1977 3647 2118 3701 enim

544 3739 790 3804 acceptio
818 3750 928 3789 non
956 3743 1040 3790 est
1069 3737 1211 3805 apud
1256 3737 1431 3791 illum.

615 3931 781 3987 Vens.
809 3933 860 3986 5.
885 3932 1077 3988 οηιηῑε
1102 3933 1281 3986 anima
1312 3933 1364 3986 in
1391 3931 1629 3987 Ecclesia
1656 3933 1836 3985 calum
1849 3932 2116 3986 uiatorem

544 4027 722 4080 virum
747 4042 869 4079 cum
904 4026 1186 4095 reiiquerit
1223 4036 1275 4080 et
1303 4026 1577 4094 rejecerit,
1609 4034 1665 4079 et
1693 4023 1976 4079 Christum
2003 4039 2120 4078 am-

542 4117 701 4190 plexa
734 4116 916 4180 fuerit,
942 4118 1100 4170 vidua
1125 4125 1229 4182 est,
1249 4126 1300 4169 et
1326 4116 1582 4170 sollicitat
1605 4115 1753 4170 omni
1772 4116 1860 4170 die
1885 4125 1940 4170 et
1963 4125 2120 4170 nocte

540 4210 808 4280 indicem,
839 4209 1052 4263 dicens:
1101 4207 1329 4262 Vindica
1366 4224 1449 4263 me
1498 4209 1567 4262 ab
1617 4208 1932 4264 adversario
1976 4224 2117 4262 meo.

543 4301 678 4366 Quis
708 4308 790 4354 est
819 4308 999 4353 autem
1042 4299 1131 4353 hic
1162 4299 1512 4353 adversarius
1542 4299 1748 4364 jcontra
1800 4313 1959 4367 quem
1998 4314 2121 4367 pre-

2221 1802 2445 1873 ροῦντος
2476 1800 2554 1860 δὲ.
2589 1799 2816 1867 οὐδεμία
2847 1797 3002 1851 ἔσται
3029 1797 3216 1868 χάρις.

2302 1893 2390 1945 Ἐν
2419 1890 2495 1961 τῷ
2527 1891 2732 1958 λέγειν,
2768 1890 2852 1942 δτι
2890 1889 2961 1942 'H
2975 1888 3277 1953 ,Βασιλεία
3302 1886 3406 1941 τοῦ
3446 1887 3575 1939 Θεοῦ
3599 1885 3720 1947 ἐντὸς

2217 1985 2385 2053 ὑμῶν
2413 1983 2568 2046 ἐστι,
2619 1981 2672 2034 τί
2709 1981 2885 2049 λέγει;
2931 1980 3051 2032 Ὅτι
3114 1979 3209 2032 Ἐν
3257 1980 3376 2040 ταῖς
3417 1977 3720 2048 προαιρέσεσιν

2219 2077 2393 2146 ὑμῶν,
2427 2075 2584 2145 φησι,
2617 2076 2795 2128 κεῖται
2823 2072 2885 2126 τὸ
2915 2071 3253 2136 ἐκλέξασθαι
3279 2069 3497 2140 ταύτην.

2291 2168 2356 2220 Τί
2375 2166 2554 2235 λέγειν
2580 2164 2829 2234 βούλεται
2861 2163 3096 2235 Χριστὸς
3124 2163 3206 2216 ὅτ’
3239 2162 3307 2216 ἂν
3335 2162 3406 2232 φῇ
3428 2178 3442 2195 ο
3486 2159 3717 2214 Ἐλεύσον-

2219 2275 2313 2312 ται
2334 2257 2547 2326 ήμέραι
2577 2257 2675 2311 ὅτε
2696 2255 3103 2324 ἐπιθυμήσετε
3115 2254 3272 2324 μίαν
3296 2252 3413 2307 τῶν
3437 2251 3636 2319 ἡμερῶν
3651 2247 3721 2300 τοῦ

2229 2349 2363 2404 Υἱοῦ
2391 2347 2497 2403 τοῦ
2519 2347 2835 2416 ἀνθρώπου
2864 2345 3034 2410 ἰδεῖν,
3066 2343 3170 2398 καὶ
3201 2344 3314 2400 οὐκ
3343 2339 3720 2411 δψεσθε;Τουτ-

2221 2442 2353 2501 ἐστι,
2402 2440 2502 2510 τῆς
2545 2439 2638 2491 ἐπὶ
2671 2439 2775 2507 γῆς
2811 2436 3197 2506 συνδιαγωγῆς
3238 2434 3427 2488 αὐτοῦ’
3477 2433 3625 2486 καίτοι
3657 2427 3720 2480 καὶ

2220 2532 2449 2602 ἔσχατον
2479 2531 2731 2593 συνόντες
2758 2529 2938 2600 αὐτῷ·
2964 2529 3125 2583 τοῦτο
3158 2529 3222 2583 δὲ
3253 2529 3405 2597 ἔλεγε
3435 2527 3513 2580 διὰ
3539 2524 3621 2586 τὰς
3641 2520 3721 2575 01i-

2219 2625 2344 2693 ψεις
2373 2623 2439 2686 ἃς
2469 2622 2695 2693 ἔμελλον
2721 2621 3017 2691 ὑπομένειν
3053 2621 3162 2674 ὑπὸ
3200 2621 3311 2675 τῶν
3335 2620 3604 2690 τυράννων.

2804 2729 3058 2784 ΚΕΦΑΛ.
3103 2729 3224 2784 ιη’.

2293 2843 2361 2900 Τί
2383 2844 2448 2898 ἂν
2477 2843 2565 2912 εῐη
2586 2843 2614 2895 6
2641 2839 2837 2912 κριτὴς
2867 2833 3049 2904 οὗτος
3082 2838 3315 2907 Δεγέτω
3341 2835 3520 2890 Δαδίδ’
3548 2834 3600 2885 '0
3621 2831 3721 2894 Θεές

2222 2934 2432 3004 κριτὴς
2463 2933 2696 2998 δίκαιος
2725 2933 2821 2986 καὶ
2861 2931 3114 3000 ἰσχυρὸς
3150 2932 3256 2983 καὶ
3288 2931 3644 2999 μακρόθυμος’
3675 2924 3722 2982 ὡς

2224 3027 2370 3082 ἐστιν
2403 3024 2569 3080 αὑτοῦ
2610 3024 2842 3079 ἀκοῦσαι
2877 3025 2972 3077 καὶ
3023 3023 3195 3076 πάλιν
3228 3024 3491 3090 λέγοντος,
3518 3022 3585 3072 ὅτι
3619 3018 3721 3068 Οὔτε

2222 3117 2291 3182 ἐξ
2324 3116 2571 3182 ἐξόδων,
2603 3116 2742 3169 οὗτε
2771 3114 2891 3169 ἀπὸ
2936 3112 3212 3183 δυσμῶν,
3254 3113 3390 3166 οὔτε
3414 3110 3521 3164 ἀπὸ
3553 3106 3722 3175 ἐρήμων

2222 3206 2427 3275 ὀρέων,
2484 3207 2576 3260 ὅτι
2609 3208 2641 3260 ὀ
2686 3204 2832 3271 Θεὸς
2859 3204 3065 3273 κριτής
3085 3204 3288 3258 ἐστιν·
3318 3204 3425 3272 ἔχει
3452 3201 3502 3254 δὲ
3525 3200 3588 3260 ὡς
3616 3196 3722 3248 πόλιν

2226 3299 2362 3353 ἰδίαν
2394 3301 2422 3353 6
2452 3298 2585 3360 Θεὸς
2616 3339 2631 3362 ,
2682 3296 2843 3351 ποίαν
2884 3296 3123 3366 ταύτην;
3164 3298 3284 3366 Τὴν
3327 3291 3628 3362 Ἐκκλησίαν.
3652 3287 3719 3340 Δε-

2220 3388 2563 3458 δοεασμένα
2581 3387 2852 3457 ἐλαλήθη
2881 3387 3013 3456 περὶ
3045 3388 3190 3452 σοῦ,
3225 3388 3264 3457 ἡ
3291 3389 3464 3449 πόλις
3485 3383 3575 3438 τοῦ
3599 3377 3716 3435 armi.

2219 3479 2366 3551 Αὕτη
2400 3483 2433 3552 ἡ
2471 3480 2625 3544 πόλις
2679 3480 2908 3551 μίμημά
2941 3480 3056 3532 ἐστι
3099 3477 3206 3548 τῆς
3258 3474 3627 3549 οὐρανοπόλεως
3652 3469 3718 3520 Ίεη

2223 3575 2525 3646 ρουσαλήμ.
2562 3575 2718 3643 Μήτε
2752 3575 2885 3628 Θεὸν
2921 3573 3289 3642 φοϐούμενος,
3323 3573 3456 3642 μήτε
3500 3567 3718 3636 ἄνθρωπον

2219 3665 2635 3736 ἐντρεπόμενος·
2665 3665 2694 3717 6
2724 3664 2832 3734 γὰρ
2861 3662 2993 3725 Θεὸς
3026 3661 3149 3714 οὔτε
3207 3662 3341 3715 Θεὸν
3380 3660 3484 3730 ἔχει
3520 3657 3569 3710 ὃν
3601 3651 3719 3724 ςῑοῦηο

2221 3761 2484 3830 θήσεται,
2515 3757 2634 3811 οὐδὲ
2686 3758 2973 3828 ἄνθρωπον
3019 3757 3079 3809 ὂν
3125 3757 3555 3828 ὲντραπήσεται·
3601 3761 3718 3816 προε-

2221 3851 2509 3921 ωποληψία
2543 3852 2653 3922 γὰρ
2673 3851 2773 3904 οὐκ
2798 3850 2915 3903 ἔστι
2951 3850 3082 3920 παρ’
3119 3849 3294 3919 αὐτῷ.

2292 3947 2446 4000 Πᾶσα
2483 3943 2628 4016 ψυχὴ
2669 3943 3101 4014 ὲκκλησιαστικὴ
3152 3943 3186 4013 ἡ
3236 3942 3327 3995 τόν
3374 3956 3498 3992 ποτε
3542 3929 3718 3987 διάϐολον

2219 4037 2388 4108 ἄνδρα
2418 4037 2625 4090 ἐάσασα
2661 4035 2754 4087 καὶ
2781 4034 3157 4104 ἀπορρίψασα,
3187 4033 3284 4086 καὶ
3322 4029 3536 4102 Χριστὸν
3563 4028 3716 4088 ἐνπερ-

2221 4128 2509 4198 νισαμένη,
2553 4129 2696 4198 χήρα
2739 4125 3019 4195 τυγχάνει,
3061 4127 3158 4179 καὶ
3199 4125 3378 4178 δέεται
3411 4122 3520 4176 καθ’
3545 4118 3714 4178 ἑκάστην

2219 4222 2435 4293 ἡμέραν
2462 4222 2556 4274 καὶ
2589 4219 2758 4274 νύκτα
2802 4219 2895 4272 τοῦ
2924 4219 3137 4288 κριτοῦ,
3177 4218 3438 4291 λέγουσα·
3479 4203 3717 4276 Ἐκδέκητόν

2227 4333 2294 4386 με
2322 4316 2430 4368 ἀπὸ
2461 4312 2556 4367 τοῦ
2585 4312 2856 4366 ἀντιδίκου
2884 4329 3005 4381 μου.
3039 4309 3136 4372 Τίς
3161 4310 3207 4363 δ’
3240 4310 3306 4364 ἂν
3333 4309 3416 4379 εἴη
3456 4307 3482 4358 6
3521 4301 3716 4386 ἀντίδικος

547 4407 744 4446 camur
776 4400 933 4446 nocte
959 4405 1022 4444 ac
1041 4391 1128 4445 die
1145 4390 1324 4444 ?‘dicat
1352 4389 1632 4458 apostolus
1666 4390 1892 4444 Petrus:
1915 4387 2117 4454 Fitioli,

2229 4385 2348 4461 καθ’
2396 4401 2458 4460 οὗ
2498 4405 2771 4476 εὐχόμεθα
2815 4403 3006 4466 νυκτὸς
3057 4402 3152 4455 καὶ
3200 4403 3438 4472 ἡμέρας
3493 4385 3714 4462 Λεγέτωά

543 4484 880 4537 adversarius
931 4492 1094 4536 vester
1127 4482 1392 4547 diabolus,
1424 4493 1480 4535 ut
1535 4482 1613 4534 leo
1669 4482 1880 4551 rugiens
1928 4482 2120 4536 circuit

541 4591 781 4646 qutereus
832 4590 982 4644 quem
1007 4574 1240 4626 devoret.

613 4764 779 4818 Vens.
836 4763 888 4816 ﬁ.
928 4760 1101 4816 Judex
1144 4760 1470 4831 iniquitatis,
1529 4774 1635 4814 non
1690 4759 2000 4828 estiDeus,
2065 4770 2122 4812 ut

544 4857 699 4911 multi
721 4856 977 4923 loquaces
995 4854 1204 4916 dicunt,
1225 4855 1317 4908 sed
1336 4852 1556 4922 quidam
1579 4851 1871 4921 eratjudex
1897 4852 2120 4921 iniquus

544 4947 598 4999 in
633 4945 725 4998 illo
750 4954 1012 5013 tempore,
1046 4942 1547 5015 utChrysostomus
1573 4942 1768 5009 inquit,
1799 4943 1852 4996 in
1871 4957 2031 5011 quem
2053 4957 2117 4996 ex

544 5040 663 5108 ipso
693 5035 1006 5107 parabolam
1049 5036 1265 5090 instruit
1303 5035 1578 5090 Christus.
1636 5033 1762 5088 Vult
1808 5045 1989 5089 autem
2027 5050 2122 5103 per

542 5131 597 5185 id
639 5129 927 5185 ostendere
964 5143 1072 5181 non
1103 5128 1431 5182 cessandum
1461 5142 1584 5182 esse
1613 5127 1681 5182 ab
1714 5127 1982 5181 oratione.
2028 5126 2121 5181 Di-

544 5223 716 5277 eendo
731 5236 880 5288 vero,
907 5218 1117 5285 Quanto
1130 5221 1300 5290 magis
1320 5219 1480 5273 Pater
1496 5229 1662 5273 vester
1677 5219 1924 5281 ctetestis,
1943 5219 2011 5272 ali
2027 5234 2116 5272 um

545 5331 667 5371 esse
686 5314 1206 5386 iniquumjudicem,
1231 5313 1398 5367 alium
1419 5328 1540 5367 esse
1576 5311 1745 5367 Deum
1764 5312 1989 5366 indicat.
2011 5311 2115 5366 Sed

542 5423 668 5461 cum
697 5407 1028 5463 inteflexeris
1058 5407 1225 5460 Deum
1253 5421 1374 5461 esse
1393 5405 1635 5474 judicem
1669 5403 1992 5474 iniquitatis,
2017 5419 2124 5459 non

546 5498 766 5553 timebis
791 5499 975 5554 dicere
1007 5498 1157 5552 illum
1185 5513 1306 5553 esse
1332 5496 1569 5566 judicem
1604 5497 1909 5569 iniqui-tatis
1934 5506 1989 5553 et
2013 5511 2119 5552 non

545 5587 800 5659 iustitia:
828 5589 990 5646 Iusto
1023 5591 1162 5647 enim
1196 5591 1279 5646 lex
1300 5606 1400 5644 non
1425 5591 1655 5644 exsistit.

2225 4499 2520 4560 ἀπόστολος
2550 4497 2753 4566 Πέτρος
2771 4513 2784 4525 ·
2824 4495 3053 4557 Τεκνία,
3091 4497 3125 4547 ό
3152 4495 3450 4556 ἀντίδικος
3477 4485 3611 4555 ὑμῶν
3631 4477 3715 4531 διὰ·

2227 4593 2425 4655 δολοςο
2453 4589 2533 4654 ὡς
2565 4587 2721 4640 ,λέων
2755 4587 3092 4654 ὠρυόμενος
3130 4584 3418 4653 διέρχεται
3443 4576 3600 4646 ᾧιτῶν
3626 4579 3713 4623 τινα

2226 4677 2558 4734 καταπιεῖν.

2298 4772 2418 4826 Ὀτι
2451 4773 2478 4824 ὁ
2511 4770 2702 4840 κριτὴς
2731 4770 2829 4838 τῆς
2858 4768 3092 4832 ἀδικίας,
3131 4767 3230 4820 οὐκ
3279 4765 3421 4818 ἔστιν
3463 4765 3488 4814 ὁ
3525 4757 3643 4818 Θεὸς,
3665 4750 3712 4809 ὡς

2226 4863 2273 4915 οἱ
2305 4859 2490 4914 πολλοὶ
2523 4857 2886 4929 φλυαροῦντες
2916 4858 3196 4925 λέγουσιν’
3229 4856 3364 4909 ἀλλά
3391 4871 3467 4916 τις
3499 4847 3554 4921 ἧν
3574 4841 3710 4914 κριτὴς

2228 4950 2410 5012 ἄδικος
2443 4947 2562 5001 κατ’
2610 4948 2787 5000 ἐκεῖνο
2830 4946 3046 5016 καιροῦ,
3074 4948 3147 5010 ὡς
3179 4949 3206 4998 ὀ
3229 4946 3576 5015 Χρυσὸστομος
3595 4934 3708 4996 λέγειν

2231 5040 2367 5110 πρὸς
2391 5039 2449 5091 ὃν
2479 5037 2541 5102 ἐξ
2583 5036 2749 5090 αὐτοῦ
2794 5036 2890 5107 τὴν
2920 5037 3236 5107 παραὸολὴν
3270 5036 3490 5088 ποιεῖται
3517 5021 3708 5110 Χριστός-⁸

2232 5106 2480 5201 βούλεται
2529 5129 2586 5181 δὲ
2631 5128 2720 5181 διὰ
2764 5106 2952 5181 τουτου
3000 5106 3199 5193 δεῖξαι,
3230 5128 3302 5197 μὴ
3341 5122 3567 5178 ὲκκακεῖν
3600 5106 3706 5201 ἐντῷ

2229 5199 2647 5292 τεροσεύχεσθαι.
2692 5219 2782 5271 Ἐν
2803 5219 2860 5272 δὲ
2904 5220 2980 5290 τῷ
3025 5219 3222 5289 λέγειν,
3257 5221 3427 5282 Πόσῳ
3471 5199 3703 5284 μᾶλλονὸ

2229 5312 2431 5381 Πατὴρ
2463 5311 2628 5381 ὑμῶν
2661 5315 2694 5365 δ
2729 5310 3004 5379 οίῬάνιος
3036 5314 3054 5365 .'
3106 5312 3262 5366 ἄλλον
3294 5307 3424 5364 εἶναι
3464 5307 3540 5359 τὸν
3579 5298 3702 5351 ἄδικον

2231 5405 2443 5477 κριτὴν,
2487 5404 2581 5456 καὶ
2615 5404 2774 5457 ἄλλον
2820 5404 2910 5456 τὸν
2952 5404 3105 5457 Θεόν.
3150 5402 3294 5457 Ἀλλ’
3319 5403 3400 5454 ὅτε
3432 5393 3622 5460 ἀκούσῃς
3642 5381 3699 5434 ii”

2231 5497 2363 5552 Θεὸν
2388 5495 2582 5566 κριτὴν
2620 5495 2856 5563 ἀδικίας,
2900 5496 2974 5566 μὴ
3005 5496 3244 5568 φοϐηθῇς
3271 5493 3433 5568 ειπεῖν
3459 5485 3588 5541 αὑτὸν
3616 5491 3698 5544 κρι-

2230 5591 2329 5660 τὴν
2354 5585 2588 5650 ἀδικίας,
2622 5587 2716 5642 καὶ
2751 5587 2811 5640 οὐ
2837 5587 3206 5658 δικαιοσύνηςο
3234 5570 3434 5647 Λιλαίᾳ)
3457 5580 3546 5650 γὰρ
3571 5570 3696 5636 νόμος

2235 5687 2304 5738 σὺ
2326 5679 2533 5734 κεῖται.
