3984 6204
244 304 387 372 1209

1347 296 1670 359 SCHOLIA
1704 295 1997 358 VETERA
2031 300 2112 361 IN
2146 300 2433 363 LUCAM.

3354 296 3492 364 1210

309 412 418 468 Τοῦ
450 410 752 484 Φαρισαίου
782 407 994 463 καὶτοῦ
1033 406 1265 461 τελώνου
1301 407 1335 476 ἠ
1363 404 1645 476 παραϐολὴ
1680 404 1813 457 ύπο-

1988 406 2156 462 νειιε.
2194 404 2562 462 10.Ρ1ιοι·ἰευεί
2594 412 2647 461 et
2667 403 2939 477 publicani
2970 405 3226 476 parabola
3260 410 3495 464 ostendit

233 506 509 561 δείκνυσιν
541 503 623 556 ὅτι
661 499 1039 569 ἐπιστημόνως
1063 498 1145 551 δεῖ
1173 496 1573 569 προσεύχεσθαι
1593 510 1607 525 ο
1642 492 1812 547 πολλὰ

235 592 348 662 γὰρ
394 587 562 645 αύτοῦ
611 587 681 642 τὰ
731 586 1071 657 ἐγκλήματα.
1127 585 1439 656 Ἐθαύμασε
1493 583 1602 654 γὰρ
1648 581 1813 645 αὐτὸς

235 683 422 743 αὐτὸν,
446 681 545 735 καὶ
583 678 812 742 πολλοὺς
842 678 1061 749 ἐτέρους
1090 677 1185 731 σὺν
1209 676 1284 748 τῷ
1316 675 1523 750 τελώνῃ
1553 675 1812 745 κατέκρι-

235 789 348 826 νεν.
388 769 614 840 Ἀληθές
655 764 749 822 οὖν
788 767 851 821 τὸ
883 768 1270 839 γεγραμμένον
1295 767 1479 838 ρητδν,
1520 768 1603 821 ὅτι
1638 766 1813 820 Ἔστι

234 863 468 928 δίκαιος
492 860 918 929 ἀπολλύμενος
940 860 1011 912 ἐν
1033 859 1241 925 δικαίῳ
1274 859 1481 914 αὐτοῦ.

309 953 433 1007 Ὀτι
461 951 576 1015 πῶς
606 951 635 1004 6
671 951 770 1021 μὲν
796 951 1088 1022 Φαρισαῖος
1116 950 1675 1021 μεγαλορῤημονήσας
1719 951 1813 1002 ἐπὶ

234 1047 349 1108 τοῖς
395 1043 616 1106 οἰκείοις
668 1041 1003 1112 δικαιώμασι
1050 1041 1467 1111 κατακέκριται,
1516 1042 1546 1094 6
1581 1042 1637 1095 δὲ
1688 1040 1812 1095 Ἰὼϐ

237 1138 334 1191 ἐπὶ
362 1137 535 1203 τούτῳ
565 1135 715 1205 αύτῷ
743 1136 943 1206 μᾶλλον
969 1138 1063 1189 καὶ
1087 1135 1464 1202 δεδικαίωται;
1509 1136 1631 1189 Ὅτι
1659 1130 1813 1199 οὗτος

238 1224 343 1295 μὲν
395 1222 621 1294 μηδενὸς
661 1223 1078 1286 ἀντιπίπτοντος
1136 1223 1233 1277 καὶ
1294 1222 1721 1295 παρακινοῦντος
1776 1224 1810 1295 ἢ

234 1314 599 1387 ἐρεθίζοντος,
645 1316 1144 1385 μεγαλορῤημονεΡ
1181 1316 1210 1368 6
1238 1315 1295 1369 δὲ
1324 1318 1384 1369 ὲν
1427 1314 1527 1385 μὲν
1555 1315 1634 1385 τῷ
1664 1316 1814 1369 εύδο-

234 1408 446 1476 κιμεῖν,
497 1404 732 1475 ἐκρυϐεν
777 1404 1002 1458 ἑαυτόνο
1037 1406 1094 1458 ὲν
1144 1404 1203 1459 δὲ
1257 1406 1334 1475 τῷ
1386 1407 1811 1478 κατηγορεῖσθαι

232 1497 342 1552 ύπὺ
376 1496 473 1550 τοῦ
518 1496 747 1566 Ἐλιφάζ
784 1495 817 1566 ἢ
851 1495 946 1549 τοῦ
985 1496 1251 1561 διαϐόλου,
1279 1496 1571 1551 ἀποδύεται
1602 1498 1670 1551 τὰ
1691 1497 1813 1549 ἑπι-

232 1589 512 1659 φερόμενα
544 1587 886 1658 ἐγκλήματα.
920 1586 1067 1658 (Τοῦ
1094 1587 1577 1656 Πηλουσιώτου.)

307 1681 431 1733 Ὅτι
461 1678 612 1747 λέγει
630 1679 658 1732 6
676 1677 1089 1749 εύαγγελιστὴς,
1103 1680 1185 1733 ὅτι
1209 1678 1401 1734 οὐδὲν
1418 1681 1643 1735 τούτων
1661 1697 1812 1734 συν-

1922 508 2172 568 oportere
2230 499 2466 553 scienter
2510 512 2688 552 orare.
2728 496 2893 551 Multa
2937 497 3081 551 enim
3142 497 3288 552 illius
3340 508 3497 553 erant

1920 598 2174 660 peccata:
2207 590 2449 660 seipsum
2477 590 2875 652 admirabatur,
2910 597 2965 644 et
3008 589 3215 643 multos
3264 599 3495 644 exteros

1917 697 2039 737 cum
2069 682 2363 751 publicano
2376 682 2794 737 condemnabat.
2827 679 3029 734 Verum
3055 681 3221 751 igitur
3236 690 3319 735 est
3347 681 3493 749 quo]

1920 775 2182 844 scriptum
2214 783 2298 829 est
2335 778 2561 827 verbum
2588 812 2603 836 ,
2640 771 2829 825 Justus
2867 771 3003 840 perit
3032 771 3086 823 in
3106 770 3318 839 iustitia
3372 786 3492 823 sua.

2000 952 2157 1008 Vsus.
2182 953 2269 1007 M.
2291 952 2581 1018 Quomodo
2606 951 2916 1006 Phariszeus
2931 949 3149 1020 quidem
3170 949 3492 1019 superbiens

1918 1042 1972 1096 in
1997 1042 2235 1113 propriis
2258 1042 2487 1111 justitiis
2519 1042 2940 1104 condemnatur,
2971 1038 3075 1093 Job
3100 1048 3279 1093 autem
3317 1041 3370 1093 in
3394 1055 3492 1094 eo-

1914 1133 2036 1187 dem
2054 1132 2229 1197 magis
2248 1130 2606 1200 iustiﬁcatur?
2627 1130 2763 1195 Quia
2786 1129 2876 1183 ille
2899 1128 3115 1198 quidem
3137 1128 3354 1183 nemine
3369 1141 3495 1180 con-

1916 1222 2217 1276 tradicente
2264 1220 2619 1275 veltnrhaute
2647 1228 2739 1273 aut
2765 1219 3063 1283 excitante,
3095 1218 3373 1288 superbit;
3404 1217 3494 1270 hic

1916 1327 2044 1367 vero
2078 1327 2201 1366 cum
2227 1310 2478 1365 laudatur
2515 1325 2574 1365 se
2594 1309 2913 1375 abscondit;
2940 1316 2994 1362 et
3036 1324 3159 1363 cum
3188 1316 3484 1362 accusatur

1916 1406 1985 1459 ab
2002 1405 2227 1475 Eliphaz
2250 1404 2332 1457 vel
2364 1401 2652 1467 adiabolo,
2688 1401 2837 1456 illata
2865 1400 3093 1456 crimina
3122 1398 3353 1469 repellit.
3375 1396 3489 1466 (Ita

1915 1495 2243 1565 Pelusiota.)

1986 1675 2150 1732 Vsus.
2185 1676 2275 1731 δι.
2310 1674 2450 1729 Dicit
2486 1674 2816 1744 evangelista
2850 1688 2866 1728 :
2904 1672 3056 1727 Nihil
3093 1671 3283 1725 harant
3330 1670 3493 1724 intel-

232 1770 415 1840 ἧκαν,
444 1739 584 1824 4.1.1”
616 1766 693 1841 ἦν
719 1739 895 1824 τοῦτο
934 1770 1000 1823 τὸ
1022 1739 1192 1840 ρῆμα
1247 1772 1666 1841 κεκρυμμένον
1709 1773 1810 1828 ἀπ’

1926 1770 2177 1831 lexeram,
2207 1767 2296 1821 sed
2321 1777 2435 1821 erat
2466 1765 2675 1820 verbum
2706 1764 2851 1819 istud
2892 1762 3263 1818 absconditum
3294 1763 3357 1815 ab
3388 1762 3488 1815 eis.

230 1861 453 1927 αὐτῶν,
484 1861 655 1932 ἧγουν
694 1860 822 1932 περὶ
852 1860 949 1929 τῆς
972 1860 1340 1923 ἀναστάσεως.
1372 1859 1470 1913 Διά
1490 1860 1810 1932 τί;Ἐπειδὴ

230 1952 447 2004 οὐδέπω
503 1950 726 2021 ᾔδεισαν
775 1950 1020 2021 ἀκριϐῶς
1065 1951 1133 2004 τὰ
1167 1951 1317 2022 παρά
1361 1952 1471 2005 τῶν
1517 1951 1813 2023 προφητῶν

229 2043 321 2097 ἐπ’
346 2043 497 2113 αύτῷ
527 2043 821 2114 λεγόμενα,
847 2042 921 2105 ὡς
946 2042 1139 2106 ἁλιεῖς.

306 2137 432 2189 Ὅτι
460 2138 487 2189 6
510 2136 713 2205 τυφλὸς
761 2135 974 2189 ἀκούων
1017 2134 1127 2188 τῶν
1167 2134 1422 2206 Γραφῶν,
1455 2136 1549 2188 καὶ
1580 2134 1687 2189 ἀπὸ
1715 2135 1809 2189 τοῦ

227 2229 400 2283 Δαϐὶδ
445 2229 539 2282 καὶ⁵
578 2228 711 2281 θεὸν
754 2224 901 2298 εἶχεν
940 2227 1122 2291 αὐτὸν,
1173 2228 1268 2281 καὶ
1327 2227 1810 2297 ὲπιστομιζόμενος

223 2323 334 2375 οὐκ
367 2322 566 2374 ἔπαυεν
589 2337 601 2351 ·
636 2320 756 2374 ὅθεν
787 2323 881 2373 καὶ
915 2319 1136 2373 ἀκούει*
1184 2318 1255 2372 Ἠ
1299 2320 1501 2384 πίστις
1543 2333 1661 2372 σου
1709 2318 1811 2372 σέ-

222 2416 395 2471 σωκέ
424 2432 498 2469 σε
518 2432 531 2445 ’
558 2412 751 2482 ἀφίησι
781 2411 837 2464 δὲ
864 2412 1025 2473 αὑτὸν
1053 2411 1237 2465 λαλεῖν
1280 2410 1374 2463 καί⁵
1405 2409 1554 2480 βοᾷν,
1578 2409 1678 2479 τὴν
1716 2408 1809 2461 πί-

222 2526 354 2564 στιν
384 2507 551 2562 αύτοῦ
583 2505 844 2560 δεικνύων
875 2508 986 2569 τοῖς
1014 2503 1291 2559 συνοῦσιν.

305 2600 431 2655 Ὀτι
482 2598 598 2668 φῶς
643 2596 868 2666 γέγονεν
908 2597 943 2667 ἡ
989 2596 1141 2665 φωνὴ
1170 2593 1247 2665 τῷ
1286 2592 1504 2664 τυφλῷ·
1536 2593 1600 2646 ὲκ
1634 2592 1811 2660 φωτὸς

214 2692 341 2765 γὰρ
380 2686 450 2761 ἦν
499 2690 529 2744 6
558 2689 715 2759 λόγος
760 2686 1050 2758 ἀληθινοῦ·
1093 2680 1248 2749 οὗτος
1300 2685 1469 2748 ἰαθεὶς
1528 2684 1813 2753 ἠκολούθει

214 2779 400 2852 αὐτῷ.

804 2870 1058 2924 ΚΕΦᾹΛ.
1107 2868 1209 2922 ΙΘ’.

300 2980 402 3035 Διά
431 2980 485 3034 τί
523 2981 553 3034 δ
581 2981 849 3050 Ζακχαῖος
897 2980 925 3032 ό
952 2976 1191 3047 τελώνης
1237 2975 1641 3046 ὑποδεξάμενος
1672 2977 1811 3046 Χρι-

1918 1859 1972 1914 ld
2015 1869 2118 1924 cst,
2150 1859 2217 1913 de
2248 1855 2883 1925 resurrectionr,quare?
2907 1853 3045 1921 Quia
3077 1854 3314 1907 nondum
3346 1861 3492 1906 recte

1913 1951 2160 2007 sciebant
2210 1964 2332 2019 qua:
2382 1948 2449 2003 de
2476 1947 2586 2016 [illo
2622 1961 2653 2000 a
2693 1946 2975 2017 prophetis
3022 1942 3363 2008 dicebantur,
3401 1950 3489 1995 ut-

1914 2050 2041 2113 pote
2081 2041 2402 2111 piscatores.

1983 2132 2150 2188 Vsns.
2184 2132 2271 2186 55.
2304 2130 2491 2187 Caecus
2524 2129 2754 2185 audiens
2778 2127 3109 2196 Seriptnras,
3135 2124 3287 2178 illum
3314 2134 3369 2177 ut
3402 2121 3490 2176 Fi-

1912 2221 2043 2276 lium
2066 2220 2233 2274 David
2258 2227 2309 2274 et
2334 2218 2503 2273 Deum
2522 2218 2731 2283 habuit,
2753 2226 2807 2270 et
2834 2218 3071 2271 clamare
3101 2228 3205 2266 non
3230 2214 3487 2266 cessavit.

1912 2309 2067 2366 Unde
2086 2310 2257 2375 audit,
2285 2308 2445 2364 Fides
2468 2321 2563 2363 tua
2591 2320 2638 2363 le
2659 2309 2862 2362 salvum
2884 2307 3028 2376 fecit.
3069 2305 3210 2358 Sinit
3242 2319 3364 2355 eum
3388 2319 3488 2355 an-

1912 2414 2019 2458 tem
2058 2403 2207 2474 loqui
2232 2411 2287 2457 et
2311 2403 2571 2467 clamare,
2603 2411 2660 2457 ut
2689 2400 2939 2456 ostendat
2981 2396 3341 2468 praesentibus
3369 2395 3491 2463 ejus

1914 2496 2097 2549 tidem.

1984 2583 2150 2638 Vens.
2170 2582 2260 2637 ιε.
2281 2580 2400 2637 Lux
2430 2580 2566 2635 facta
2590 2588 2673 2635 est
2704 2595 2804 2633 vox
2829 2595 2928 2634 sua
2955 2593 3120 2643 czeco,
3140 2592 3170 2632 e
3192 2578 3315 2631 luce
3340 2575 3485 2629 enim

1912 2684 2029 2731 erat
2055 2675 2302 2730 veritatis
2329 2689 2532 2730 sermo.
2566 2674 2670 2728 Iste
2699 2682 2924 2728 sanatus
2965 2671 3298 2742 sequebatur
3331 2682 3483 2721 eum.

2501 2854 2733 2912 CAPUT
2766 2853 2911 2907 XIX.

1986 2967 2152 3023 Vsus.
2185 2967 2238 3023 8.
2276 2966 2388 3021 Cur
2422 2942 2688 3020 Zachacus
2718 2961 3045 3033 publicanus
3079 2958 3172 3028 qui
3206 2957 3486 3013 Christum

216 3073 378 3135 στὸν,
421 3073 535 3134 τοῖς
578 3043 929 3139 ἠδικημένοις
960 3043 1296 3138 τετραπλοῦν
1333 3043 1616 3133 ἀπέδωκε;
1653 3043 1809 3120 κατὰ

1926 3058 2144 3128 excepit,
2197 3056 2281 3110 his
2326 3069 2466 3124 quos
2503 3051 2849 3109 defraudavit
2887 3047 3253 3119 quadruplum
3275 3043 3482 3099 reddit?

212 3164 321 3218 τδν
350 3164 519 3232 νόμον
550 3161 710 3214 τοῦτο
735 3158 1030 3229 πεποίηκε,
1072 3159 1166 3211 τὸν
1193 3156 1483 3211 κελεύοντα
1529 3158 1650 3210 ἀντὶ
1692 3155 1812 3219 ἐνὸς

215 3258 475 3324 τέσσαρα
544 3250 794 3322 πρόϐατα
838 3248 1201 3303 ἀποτιννύειν.
1271 3248 1332 3302 'U
1394 3247 1493 3316 μὲν
1542 3249 1811 3317 Ζακχαῖος

215 3345 447 3413 ἀγνοῶν
484 3342 514 3396 δ
544 3340 739 3404 εποίει,
780 3339 969 3410 θερμῷ
1015 3338 1163 3408 ζήλῳ
1216 3337 1517 3407 φερόμενος
1554 3338 1649 3392 καὶ
1680 3337 1811 3407 θείῳ

216 3438 401 3509 ἔρωτι
449 3433 801 3504 φλεγόμενος,
836 3432 929 3484 ἐπὶ
979 3431 1317 3501 συκομορέαν
1347 3430 1635 3500 ἀνέτρεχεν
1654 3448 1669 3460 ο
1700 3431 1728 3483 6
1754 3428 1813 3483 δέ

215 3543 296 3597 γε
335 3524 546 3595 Κύριος
578 3524 840 3595 μυστικόν
873 3541 925 3576 τι
958 3522 1267 3594 θεωρήσας,
1303 3521 1458 3589 ἔλεγε
1479 3537 1493 3552 ο
1527 3519 1813 3589 Κατάϐηθι

217 3615 512 3680 ἐντεῦθεν,
550 3613 822 3683 κατάϐηθι
852 3613 961 3667 ἀπὸ
988 3613 1086 3681 τῆς
1144 3612 1483 3682 συκομορέας
1502 3627 1518 3642 ’
1546 3610 1813 3682 μνήσθητι

214 3707 317 3760 ὅτι
336 3705 366 3758 6
399 3702 573 3772 Ἀδὰμ
591 3700 924 3772 γυμνωθεὶς,
952 3700 1168 3771 ύπθιτὴν
1196 3700 1367 3770 συκῆν
1390 3699 1721 3771 ἐκρύπτετοο
1749 3701 1813 3751 σὺ

217 3796 408 3850 θέλων
444 3793 710 3866 σωθῆναι,
758 3794 851 3846 ἐπὶ
904 3793 1074 3861 συκῆν
1122 3793 1197 3863 μὴ
1253 3792 1557 3863 ἁνάτρεχε·
1614 3791 1697 3846 δεῖ
1747 3809 1815 3861 με

211 3887 395 3942 τοῦτο
449 3886 513 3940 τὸ
562 3887 866 3956 συκόμορον
913 3884 1163 3954 ξηρᾶναι,
1230 3883 1326 3937 καὶ
1369 3883 1499 3939 ἀλλο
1549 3884 1816 3953 φυτεῦσαι

216 3994 371 4033 οταυ
379 3980 664 4048 ρόχριστον
692 3975 928 4047 δένδρον.

316 4067 376 4120 '0
418 4067 622 4129 σκοπὸς
649 4067 751 4136 τῆς
779 4066 1061 4137 παρούσης
1103 4069 1442 4140 παραϐολῆς,
1486 4071 1616 4142 ὃλην
1665 4088 1814 4141 παρ-

215 4161 363 4231 ια-τᾷ
374 4163 475 4228 τῆς
501 4158 743 4230 Χριστοῦ
770 4159 1082 4229 οἰκονομίας
1103 4160 1201 4231 τὴν
1226 4162 1478 4231 δύναμιν.
1499 4163 1818 4233 Ἀνθρωπος

209 4254 343 4321 γὰρ
373 4251 449 4303 ὢν
494 4251 666 4319 ἀνέϐη
720 4250 910 4305 λαϐεῖν
968 4251 1146 4321 ἑαυτῴ
1205 4252 1518 4321 βασιλείαν·
1576 4253 1817 4323 δηλονότι

210 4342 721 4411 ἑνανθρωπήσαντι
767 4342 845 4412 τῷ
872 4342 987 4413 ru].
1015 4344 1043 4396 6
1077 4343 1264 4413 Πατὴρ
1306 4345 1401 4398 καὶ
1428 4346 1460 4415 ή
1493 4344 1588 4398 τοῦ
1639 4346 1813 4412 Λόγου

212 4438 540 4497 ὑπόστασις
578 4433 781 4486 δέδωκε
834 4431 911 4502 τῷ
958 4431 1349 4502 προσλὴμματι
1389 4435 1486 4503 τὴν
1518 4432 1813 4503 βασιλείαν.

210 4529 299 4581 Οἱ
321 4526 380 4580 δὲ
411 4524 703 4595 μισοῦντες
730 4523 892 4578 αὑτὸν
921 4523 973 4576 οἱ
1002 4522 1236 4587 πολῖται,
1263 4523 1413 4575 αύτοί
1436 4525 1576 4576 εἰσιν
1605 4526 1653 4577 oi
1690 4524 1820 4576 Ἴου-

209 4617 399 4671 δαῖοι.
453 4613 649 4676 Ποίους
682 4612 740 4665 δὲ
789 4611 1016 4674 δούλους
1046 4610 1281 4675 καλέσας
1323 4611 1535 4675 τούτοις
1580 4612 1817 4681 διένειμε

206 4707 335 4769 τὰς
369 4707 507 4761 δέκα
542 4708 713 4775 panic;
737 4704 877 4767 Τοὺς
908 4703 1147 4766 τελείους
1191 4702 1288 4772 τὴν
1316 4702 1594 4769 gemma;
1650 4720 1820 4772 μυστ-

207 4800 478 4867 αγωγεῖν
535 4796 760 4867 ἑτέρους
816 4795 1054 4856 εἰδόταςο
1091 4794 1529 4864 ὑποστρέψαντος
1590 4795 1725 4865 μετά
1757 4795 1819 4847 τὸ

209 4890 425 4946 λαϐεῖν
453 4888 555 4961 τὴν
602 4887 888 4957 βασιλείαν
931 4885 1026 4939 τοῦ
1066 4885 1355 4956 ἀνθρώπου
1403 4884 1498 4939 τοῦ
1532 4885 1818 4954 εὐγενοῦς,

211 4979 495 5050 εὐγενοῦς
522 4979 613 5034 διὰ
639 4979 737 5050 τὴν
768 4978 1000 5048 θεότητα
1030 4976 1201 5042 ὄντος,
1233 4977 1631 5048 ὲντρυφήσουσι
1660 4976 1820 5029 δεκα·

211 5076 644 5135 πλασιάσαντες
692 5072 786 5125 καὶ
829 5069 1423 5133 πενταπλασιάσαντες.
1484 5069 1699 5124 Ἐπάνω
1728 5065 1820 5123 οὖν

211 5169 368 5224 δέκα
396 5166 608 5221 πόλεων
633 5165 668 5235 ἢ
698 5165 859 5218 πέντε
888 5165 1241 5232 γενήσονται·
1271 5163 1532 5225 τουτέστι,
1558 5161 1821 5230 δοξασθή-

218 5276 423 5316 σονται
474 5257 742 5319 πλειόνως
784 5254 821 5325 ἧ
866 5253 1159 5325 πρότερον·
1197 5252 1388 5321 ἀτιμία
1422 5252 1477 5304 δὲ
1507 5252 1658 5305 ἔσται
1710 5255 1822 5315 τοῖς

214 5352 382 5419 ὄκνῳ
408 5345 706 5417 νικηθεῖσι.
743 5344 835 5414 Τῷ
872 5344 929 5397 δὲ
964 5343 1232 5414 κρύψαντι
1264 5342 1324 5394 τὸ
1355 5341 1630 5409 τάλαντον,
1667 5359 1820 5396 τουτ-

217 5444 357 5496 έστι
380 5443 481 5509 τὴν
508 5440 673 5507 χάριν
717 5438 784 5506 ἦν
811 5437 1043 5497 ἕκαστος
1072 5433 1253 5495 ἔλαϐε,
1296 5431 1473 5499 λέγει’
1502 5433 1602 5486 Διά
1630 5434 1685 5486 τί
1709 5435 1820 5495 τοῖς

216 5527 629 5602 τραπεζίταις;
678 5522 965 5585 τουτέστι,
1015 5519 1115 5573 Διά
1162 5520 1214 5572 τί
1257 5519 1331 5589 μὴ
1378 5518 1695 5590 προύθηκας
1740 5521 1820 5582 είς

219 5620 544 5676 ἀπόλαυσιν
586 5616 701 5679 τοῖς
746 5609 806 5667 εῦ
844 5613 1006 5666 εἰδόσι
1048 5609 1363 5680 δοκιμάζειν
1402 5609 1468 5662 τὰ
1501 5608 1651 5676 παρά
1691 5607 1816 5674 σοῦ;

247 5711 396 5781 Ἐγὼ
431 5711 540 5782 γὰρ
564 5704 762 5770 ἐλθὼν,
790 5701 1001 5775 ἔπραξα
1034 5701 1120 5765 ἂν,
1160 5698 1317 5753 τοῦτό
1352 5694 1815 5766 ὲστιν,Ἀπῄτησα

1917 3147 2227 3205 Secundum
2258 3146 2429 3216 legem
2464 3144 2565 3199 hoc
2606 3142 2736 3198 fecit
2772 3138 3177 3211 praecipientem
3230 3149 3328 3205 pro
3374 3147 3482 3188 una

1912 3248 2150 3313 quatuor
2184 3252 2315 3292 oves
2372 3236 2605 3292 solvere.
2652 3234 2914 3288 Zachaeus
2952 3228 3174 3301 quidem
3240 3226 3490 3281 nesciens

1913 3333 2055 3402 quod
2096 3330 2310 3400 agebat,
2344 3328 2557 3382 ardenti
2606 3326 2722 3381 zelo
2772 3334 2952 3379 motus
2979 3333 3033 3376 et
3072 3319 3259 3373 divino
3300 3331 3489 3370 amore

1914 3426 2169 3494 ﬂagrans,
2198 3424 2251 3474 in
2288 3432 2630 3492 sycomorum
2680 3414 2947 3470 ascendit.
2998 3410 3262 3466 Dominus
3304 3417 3485 3460 autem

1916 3516 2297 3586 mysteriosum
2321 3509 2450 3580 quid
2473 3520 2702 3562 cernens
2722 3505 2877 3561 dixit.
2909 3501 3187 3557 Descende
3211 3499 3358 3563 inde,
3395 3497 3489 3550 de-

1918 3607 2117 3662 scende
2150 3616 2523 3671 asycomoro:
2553 3606 2827 3652 memento
2848 3595 3018 3648 Adam
3052 3593 3342 3651 nudatum,
3387 3589 3492 3643 sub

1920 3700 2022 3752 lien
2056 3713 2114 3751 se
2146 3694 2536 3753 abscondisse;
2567 3698 2623 3745 tu
2645 3690 2834 3743 volens
2860 3687 3081 3749 salvari,
3108 3686 3161 3737 in
3193 3684 3351 3737 ticum
3383 3694 3490 3733 non

1918 3791 2151 3845 ascende
2180 3794 2430 3855 :0portet
2472 3799 2559 3837 me
2600 3784 2737 3836 hanc
2771 3793 3119 3852 sycomorum
3164 3775 3374 3829 siccare
3396 3813 3410 3837 ,
3436 3783 3487 3825 et

1919 3881 2082 3936 aliam
2114 3879 2360 3948 plantare
2388 3873 2589 3929 Christi
2626 3872 2871 3928 cruciﬁxi
2905 3869 3179 3923 arborem.

1996 4062 2158 4118 Vsus.
2194 4060 2279 4114 12.
2314 4056 2661 4127 Propositum
2713 4052 2997 4124 praesentis
3039 4048 3333 4119 parabolae.
3371 4046 3495 4099 nni-

1919 4167 2134 4209 versam
2195 4150 2432 4204 instituti
2481 4144 2703 4201 Christi
2741 4144 2996 4197 virtutem
3041 4139 3282 4194 exhibet.
3321 4136 3495 4189 Homo

1921 4245 2066 4300 enim
2114 4256 2241 4296 cum
2286 4248 2454 4302 esset,
2495 4235 2742 4291 ascendit
2783 4234 3030 4299 accipere
3068 4229 3171 4282 sibi
3219 4241 3491 4295 regnum;

1921 4333 2205 4388 evidenter
2228 4328 2437 4384 homini
2458 4326 2602 4380 facto
2624 4324 2764 4377 Filio
2794 4322 2955 4374 Pater
2986 4327 3041 4371 et
3066 4316 3229 4370 Verbi
3258 4330 3489 4383 persona

1922 4424 2068 4481 dedit
2084 4430 2387 4490 assumpta:
2408 4414 2734 4472 humanitati
2758 4408 3176 4479 regnnm.Cives
3194 4415 3372 4458 autem
3397 4404 3489 4472 qni

1921 4531 2046 4572 eum
2078 4514 2327 4575 oderant,
2348 4506 2520 4563 Judaei
2550 4512 2697 4560 sunt.
2719 4502 2870 4568 Quos
2895 4512 3026 4554 vero
3053 4512 3239 4551 servos
3266 4510 3491 4557 vocans,

1922 4606 2109 4661 divisit
2135 4603 2217 4658 eis
2248 4601 2432 4655 deeem
2469 4610 2627 4651 mnas
2647 4595 2672 4647 ’ί
2719 4590 2998 4648 Perfectos
3030 4589 3300 4650 moribus,
3354 4586 3494 4639 alios

1925 4696 2144 4752 initiare
2174 4693 2429 4748 scientes.
2480 4687 2731 4743 Reverso
2782 4691 2908 4754 post
2938 4691 3219 4751 acceptum
3269 4691 3494 4746 regnum

1924 4788 2143 4842 homine
2174 4783 2366 4848 nobili,
2396 4780 2565 4835 nobili
2597 4777 2820 4849 quidem
2850 4776 2919 4829 ob
2942 4774 3305 4836 divinitatem,
3340 4771 3493 4824 laeta-

1922 4882 2128 4938 buntur
2155 4878 2249 4949 qui
2276 4875 2567 4947 decnplum
2594 4873 2857 4933 fecerant,
2881 4878 2935 4923 et
2965 4867 3059 4937 qui
3100 4864 3492 4936 quintuplum;

1922 4989 2049 5028 nam
2073 4985 2234 5040 super
2258 4970 2444 5024 decem
2464 4965 2814 5035 autquiuque
2835 4962 3088 5017 civitates
3122 4960 3283 5013 lient:
3309 4957 3364 5010 id
3389 4964 3494 5018 est,

1924 5062 2385 5120 Gloriﬁcabuntur
2419 5059 2588 5129 magis
2621 5072 2781 5127 quam
2815 5065 2993 5110 antea.
3041 5054 3284 5107 Dedecus
3314 5059 3492 5104 autem

1922 5153 2027 5209 erit
2074 5152 2160 5207 his
2188 5150 2279 5220 qui
2309 5148 2530 5219 pigritia
2563 5145 2799 5216 superati
2829 5155 2980 5201 sunt.
3015 5142 3077 5197 Ei
3111 5142 3204 5211 qui
3233 5141 3493 5227 talentum

1923 5244 2230 5308 abscondit,
2260 5242 2314 5296 id
2344 5248 2427 5295 est
2450 5238 2677 5308 gratiam
2708 5251 2873 5305 quam
2900 5234 3132 5305 quisque
3153 5229 3379 5298 recepit,
3414 5226 3494 5280 di-

1922 5338 1996 5393 cit
2026 5355 2039 5391 :
2070 5335 2251 5402 Quare
2294 5347 2401 5387 non
2432 5329 2627 5384 dedisti
2661 5326 2965 5390 tabulariis,
3003 5322 3055 5377 id
3090 5328 3193 5384 est,
3224 5316 3334 5373 Cur
3385 5331 3490 5371 non

1921 5422 2251 5496 proposuisti
2287 5422 2340 5476 in
2372 5433 2593 5475 usuram
2638 5417 2726 5471 his
2777 5416 2871 5484 qui
2897 5416 3033 5468 bene
3072 5418 3339 5464 noverant
3366 5422 3492 5478 pro-

1924 5516 2055 5570 bare
2079 5527 2202 5583 quae
2222 5518 2377 5567 erant
2407 5508 2550 5579 apud
2595 5507 2677 5562 te?
2712 5508 2823 5575 Ego
2847 5503 2993 5558 enim
3021 5501 3242 5555 veniens
3273 5499 3485 5570 exegis-

1926 5604 2129 5668 scm,id
2147 5600 2619 5671 est,‘.llogavissem
2635 5611 2761 5653 eum
2785 5608 2950 5649 usura
2981 5592 3122 5662 quod
3145 5607 3325 5647 meum
3350 5602 3490 5646 erat.

1927 5697 1992 5751 Et
2020 5693 2093 5749 illi
2115 5690 2330 5763 quidem
2352 5692 2493 5745 bona
2520 5692 2866 5757 receperunt;
2891 5683 2942 5738 hi
2980 5692 3160 5740 autem
3180 5682 3270 5754 qui
3307 5683 3487 5737 nolue-
