3920 6206
200 300 326 366 1217

1260 297 1586 361 SCHOLIA
1617 296 1916 360 V'ETERA
1950 296 2039 358 'lN
2074 297 2446 359 JOANNEM.

3331 302 3465 366 12i8

197 413 328 479 πῶς,
355 412 607 467 ἄκουσον.
639 411 873 481 Λέγουσι
903 411 1031 484 γὰρ,
1074 413 1159 467 ὅτι
1218 413 1416 485 Ἡμεῖς
1467 413 1771 485 ἠλπίζομεν

1898 408 2187 475 ξιιοωοιιο,
2234 410 2384 464 audi.
2442 408 2640 465 Dicunt
2702 410 2846 466 enim
2877 429 2891 467 :
2925 410 3037 467 Nos
3110 416 3466 483 sperabamus

195 506 272 559 ὅτι
324 503 489 567 αὐτός
556 506 695 557 ἐστι’
763 506 858 558 καὶ
917 506 1027 559 τῶν
1082 507 1363 574 γυναικῶν
1419 507 1478 560 δὲ
1511 509 1562 561 al
1624 508 1774 577 λόγοι

198 594 326 649 dicet
354 596 516 669 λῆρος
580 595 882 667 ἐφάνησαν,
948 598 1042 651 καὶ
1066 598 1199 653 ἄλλα
1239 599 1492 668 λέγουσιν
1543 601 1772 654 τοιαῦτα

198 686 385 745 πολλὰ.

268 782 365 835 Διὰ
414 782 469 835 τί
497 784 639 854 μετὶ
656 786 755 856 τὴν
773 786 1069 840 ἀνάστασιν
1096 785 1300 856 ὁμιλῶν
1334 786 1516 849 αὐτοῖς
1536 785 1774 854 ἄραντος

199 875 411 943 ὶγένετο
435 875 529 929 ἀπ’
573 877 789 943 αὐτῶνς
838 876 952 931 Ἰνα
979 878 1059 941 είς
1106 877 1327 931 πλείονα
1377 878 1540 932 πόθον
1575 878 1774 941 αὐτοὺς

198 967 583 1037 ἑφελκύσηται,
614 969 789 1033 άλλως
822 986 879 1022 τε
929 969 984 1023 δὲ
1017 971 1113 1023 καὶ
1140 971 1240 1024 οὐκ
1268 966 1404 1040 εἶχε,
1452 970 1638 1040 φησὶν,
1692 969 1772 1022 ἔτι

197 1054 256 1108 τὸ
288 1055 449 1127 σῶμα
475 1057 535 1109 τὸ
564 1057 706 1110 θεῖον
734 1059 909 1111 ἐκεῖνο
936 1058 1108 1121 οὕτως
1152 1058 1228 1121 ὡς
1273 1058 1539 1131 πρότερον
1593 1060 1774 1114 συνδιο

200 1149 350 1216 ἀγειν
382 1148 500 1220 μετ’
525 1148 705 1203 αὐτῶν
738 1149 823 1205 ἀεί
843 1167 856 1180 ·
889 1149 1213 1222 λεπτότερον
1252 1151 1362 1223 γὰρ
1390 1148 1457 1223 ἦν
1481 1153 1775 1225 καζθεοει·

200 1238 347 1293 δέστε
357 1257 471 1311 ρον.

265 1331 388 1385 Ὀτι
416 1333 515 1386 οὐκ
542 1333 679 1404 αὐτῇ
708 1336 773 1406 τῇ
793 1334 911 1407 ὥρᾳ
928 1328 1088 1407 εὗρον
1102 1338 1229 1400 τοὺς
1249 1336 1458 1391 δώδεκα
1477 1340 1572 1392 καὶ
1588 1340 1770 1411 ἀπήγ-

200 1422 383 1491 γειλαν
410 1426 479 1478 τὰ
506 1426 648 1479 κατὰ.
684 1428 776 1480 τὸν
805 1427 1011 1497 Κύριον
1050 1429 1144 1483 καὶ
1171 1430 1271 1499 τὴν
1300 1430 1439 1497 ὁδὸν,
1470 1431 1607 1485 ἀλλὰ
1633 1431 1775 1501 μετά

198 1532 346 1577 τινας
377 1515 526 1586 ὥρας
560 1518 690 1581 ὅσας
708 1519 855 1585 εἰκὸς
880 1516 949 1591 ἦν
964 1521 1149 1584 αὐτοῖς
1175 1522 1471 1592 ποιῆσαιτὸ
1499 1523 1775 1594 διάστημα

197 1606 302 1659 τῶν
343 1609 605 1679 ἐξήκοντα
639 1611 868 1666 σταδίων
909 1613 1254 1683 βαδίζονταςο
1291 1616 1348 1667 ὲν
1376 1609 1462 1678 αἷς
1491 1615 1579 1669 διὰ
1602 1617 1773 1686 μέσου

1883 502 2009 572 quia
2048 504 2162 571 ipse
2191 511 2306 568 est;
2335 512 2390 558 et
2419 503 2708 558 mulierum
2758 520 3041 561 sermones
3089 508 3246 576 quasi
3291 525 3463 579 nugas

1883 593 2184 658 aestimant,
2216 604 2270 648 et
2302 594 2410 649 alia
2436 594 2623 649 dicunt
2647 596 2812 651 multa
2847 597 3069 652 similia.

1954 774 2121 831 Vsus.
2150 776 2239 831 51.
2269 779 2379 834 Cur
2417 789 2539 850 post
2570 781 3022 835 resurrectionem
3050 781 3177 836 dum
3208 782 3465 837 confabu-

1882 867 2088 922 laretur
2132 884 2257 924 cum
2290 872 2390 933 eis.
2442 874 2666 926 evauuit
2725 873 2794 927 ab
2821 874 2995 926 oculis
3028 873 3263 928 eorum?
3298 872 3368 928 Ut
3395 874 3461 928 ad

1883 958 2065 1028 majus
2121 961 2453 1017 desiderium
2509 964 2633 1019 illos
2681 966 2995 1029 adduceret,
3072 965 3227 1019 aliter
3283 972 3461 1019 autem

1881 1075 1991 1113 nou
2058 1056 2243 1119 habet.
2295 1059 2449 1124 dicit,
2514 1074 2714 1128 corpus
2779 1060 2918 1113 istud
2973 1059 3214 1113 divinum
3287 1060 3466 1113 adhuc

1881 1156 2165 1211 vobiscum
2204 1163 2263 1208 ut
2319 1162 2477 1207 antea
2537 1168 2756 1222 semper
2812 1153 3150 1218 conversari;
3210 1153 3464 1206 subtilius

1880 1250 2025 1304 enim
2067 1248 2307 1302 divinius
2339 1246 2541 1301 factum
2570 1256 2670 1300 est.

1955 1340 2120 1395 Vens.
2152 1340 2242 1394 55.
2280 1338 2396 1393 Non
2451 1338 2504 1391 in
2575 1338 2689 1407 ipsa
2722 1338 2855 1391 liora
2885 1337 3213 1391 invenerunt
3261 1335 3467 1389 duode-

1882 1431 1988 1487 cim
2020 1440 2074 1485 et
2133 1438 2494 1484 narraverunt
2523 1428 2591 1482 de
2632 1428 2861 1481 Domino
2888 1437 2943 1481 et
2986 1428 3052 1481 de
3109 1428 3326 1490 itinere,
3369 1425 3462 1480 sed

1883 1533 2007 1593 post
2034 1523 2240 1591 aliquot
2271 1522 2461 1587 horas,
2486 1528 2753 1589 quantum
2806 1533 3029 1572 necesse
3056 1516 3158 1571 fuit
3187 1524 3244 1571 ut
3285 1516 3463 1570 eundo

1883 1625 2268 1687 pel-currerent
2349 1615 2632 1683 sexaginta
2706 1612 3010 1667 stadiorum
3065 1614 3187 1665 iter.
3254 1611 3468 1664 lutei-ia

197 1700 290 1753 καὶ
323 1703 352 1755 ὁ
407 1702 689 1772 Δεσπότης
740 1703 896 1776 ὤφθη
954 1705 1033 1777 τῷ
1076 1706 1302 1776 Σίμωνι.
1356 1708 1615 1761 Κάκεϊνοι
1675 1708 1774 1780 μὲν

1898 1711 2152 1766 Dominus
2180 1709 2432 1779 apparuit
2463 1723 2679 1778 quoque
2733 1704 2965 1769 Simoni,
2997 1713 3051 1757 et
3092 1703 3183 1756 alii
3214 1702 3469 1755 dicebant

196 1790 379 1860 ἔλεγον
406 1796 518 1857 τοῖς
558 1794 680 1848 δυσὶ
733 1797 814 1850 ὅτι
876 1796 1045 1859 ὅντως
1094 1797 1302 1869 ἠγέρθη
1337 1800 1366 1851 ὁ
1421 1797 1627 1870 Κύριος
1678 1802 1775 1855 καὶ

1901 1802 1966 1858 iis
1993 1803 2209 1857 duobus
2237 1801 2365 1871 quia
2392 1815 2523 1854 vere
2556 1799 2807 1853 surrexit
2839 1796 3107 1849 Dominus
3136 1804 3189 1850 et
3217 1796 3467 1863 apparuit

194 1879 346 1951 ὤφθη
381 1880 458 1952 τῷ
482 1882 708 1954 Σίμωνι·
741 1885 898 1939 αὐτοὶ
930 1886 987 1939 δὲ
1027 1887 1323 1956 ἐξηγοῦντο
1352 1889 1423 1942 τὰ
1450 1891 1507 1942 ὲν
1530 1892 1596 1961 τῇ
1645 1890 1771 1960 ὀδῷ,

197 1974 288 2026 καὶ
335 1974 411 2038 ὡς
459 1975 713 2046 ἐγνώσθη
772 1978 955 2043 αὐτοῖς
976 1978 1033 2030 ὲν
1090 1981 1156 2048 τῇ
1200 1979 1390 2034 κλάσει
1432 1980 1526 2033 τοῦ
1582 1981 1770 2052 ἄρτου.

202 2066 388 2121 Ταῦτα
413 2067 500 2131 δὲ,
531 2069 685 2140 φησι,
703 2071 1062 2124 λαλούντων
1079 2066 1300 2136 αὐτῶν,
1325 2073 1507 2139 αὐτὸς
1530 2073 1681 2141 ἔστη
1706 2074 1777 2126 ἐν

191 2156 357 2227 μέσῳ
384 2158 604 2227 αὐτῶν,
628 2162 827 2215 οὐκέτι
853 2163 1276 2233 κρατουμένων
1298 2163 1417 2218 τῶν
1451 2162 1775 2235 ὀφθαλμῶν

195 2247 409 2305 αὐτῶν.

261 2334 381 2387 Ὀτι
408 2333 490 2401 τδ,
525 2337 886 2406 Εὑλοτήσας
920 2341 1145 2410 αὐτοὺς
1184 2343 1507 2415 ἀνεφέρετο
1534 2348 1623 2412 εἰς
1668 2349 1777 2400 τὸν

1883 1895 2134 1960 Simoni;
2171 1893 2258 1948 isti
2305 1905 2488 1946 autem
2530 1892 2825 1946 narrabant
2883 1905 3003 1958 quae
3043 1898 3192 1957 gesta
3232 1886 3466 1939 erantin

1877 1986 1986 2049 via,
2042 1994 2096 2039 et
2154 1984 2431 2054 quomodo
2476 1990 2848 2053 cognoverunt
2883 1994 3007 2034 cum
3075 1979 3127 2033 iu
3194 1976 3463 2032 fi-actioue

1879 2076 2057 2147 panis.
2115 2075 2253 2128 Dum
2319 2086 2497 2128 autem
2542 2074 2854 2143 loquuntur,
2925 2071 3057 2126 dicit
3110 2070 3461 2140 evangelista,

1880 2168 1987 2235 ipse
2021 2169 2165 2222 stetit
2224 2168 2277 2220 in
2310 2166 2478 2220 medio
2520 2182 2723 2230 eorum,
2788 2180 2892 2218 non
2951 2164 3115 2218 oculis
3148 2164 3257 2218 suis
3294 2162 3464 2234 [iden-

1881 2259 2036 2313 tium.

1949 2347 2117 2405 Vens.
2151 2350 2240 2404 5|.
2279 2349 2594 2402 Beuedicens
2620 2348 2695 2402 eis
2724 2347 2995 2416 ferebatur
3030 2347 3084 2398 in
3117 2345 3322 2408 caelum,
3346 2354 3468 2415 post

196 2425 478 2491 οὐρανὸν,
550 2429 689 2496 μετὰ
731 2434 1143 2502 τεσσαράκοντα
1202 2436 1417 2506 ἡμέρας
1472 2438 1578 2509 χρὴ
1634 2441 1776 2491 νοεῖν

1898 2441 2238 2511 |uadraginta
2284 2441 2400 2497 dies
2477 2441 2677 2496 factum
2723 2454 2846 2495 esse
2896 2436 3304 2509 intelligendqu
3363 2450 3468 2492 esu

200 2514 511 2583 γεγονέναι.

201 2708 3447 2743 _.__._______________________________________

1387 2882 1688 2969 ΚΑΤΑ
1764 2883 2273 2971 ΙΩΑΝΝΗΝ
2294 2947 2311 2977 ο

1116 3234 1630 3329 SCHOLIA
1707 3240 1832 3329 IN
1907 3239 2525 3333 JOANNEM.

1002 3431 1091 3491 Ex
1148 3428 1385 3494 iisdem
1444 3429 1842 3493 membranis
1898 3430 2311 3497 bibliotheca;
2352 3435 2700 3500 Vaticante.

640 3750 1037 3809 ΚΕΦΑΛΑΙΟΝ
1097 3752 1392 3809 ΠΡΩΤΟΝ.

255 3883 370 3940 Διὰ
386 3881 439 3938 τί
458 3880 567 3936 ἀπὸ
588 3879 866 3949 θεολογίας
887 3880 1091 3952 ἤρξατο
1114 3897 1129 3948 ;
1151 3881 1266 3935 Ἱνα
1290 3881 1365 3952 μὴ
1382 3882 1448 3952 τῇ
1476 3882 1586 3935 τῶν
1608 3881 1785 3935 ἄλλων

205 3973 610 4046 εὐαγγελιστῶν
677 3973 822 4027 κατὰ
887 3974 1065 4043 σάρκα
1119 3974 1373 4043 γεννήσει
1449 3972 1782 4039 ἀκολουθῶν,

204 4069 469 4138 νομίσωσι
492 4069 584 4122 τὸν
612 4065 848 4136 Χριστὸν
881 4067 929 4119 ei
969 4065 1249 4135 ἂνθρωποι
1286 4065 1440 4135 ψιλὸν
1474 4066 1781 4138 ἄνθρωπον·

204 4162 319 4215 ἀλλ’
352 4160 445 4215 οὖν
468 4160 591 4213 οὐδὲ
623 4152 777 4222 οὗτος
808 4157 910 4227 τῆς
940 4158 1255 4227 οἰκονομίας
1299 4156 1577 4227 ἠμέλησεν
1621 4174 1635 4188 ο
1671 4158 1786 4212 ἀλλ’

204 4254 327 4308 οὐδὲ
366 4255 563 4307 ἐκεῖνοι
591 4251 662 4305 τά
716 4248 861 4303 κατὰ
913 4251 1095 4318 σάρκα
1154 4248 1430 4316 λέγοντες,
1479 4248 1579 4317 τῆς
1637 4248 1788 4313 θείας

205 4346 514 4417 γεννήσεως
554 4342 858 4413 ἠμέλησαν.
889 4339 990 4395 Διὰ
1019 4340 1072 4392 τί
1094 4336 1269 4404 εἶπεν,
1319 4341 1423 4393 Ἕν
1460 4338 1657 4409 ἀρχῇ;
1692 4340 1792 4394 Διά

203 4441 267 4493 τὺ
303 4439 429 4501 τοὺς
459 4434 781 4505 ἀνθρώπους
809 4433 871 4485 τὸ
902 4430 1274 4502 πρεσϐύτερον
1305 4432 1495 4501 τιμᾷν,
1533 4432 1625 4484 καὶ
1648 4431 1791 4485 τίθε-

205 4532 333 4586 σθαι
360 4530 511 4585 Θεόν.
540 4529 639 4582 Διὰ
674 4526 748 4586 τί.
772 4525 929 4594 ἀφεὶς
954 4524 1045 4577 τὸν
1078 4523 1320 4593 Πατέρα,
1356 4523 1486 4594 περὶ
1525 4522 1621 4577 τοῦ
1660 4524 1788 4579 Υίοῦ

200 4626 548 4693 διαλέγεταις
579 4621 725 4675 Διότι
763 4621 970 4683 ἐκεῖνος
1000 4618 1159 4689 δῆλος
1191 4614 1281 4689 ἦν,
1308 4619 1411 4674 κᾶν
1442 4619 1517 4691 μὴ
1547 4619 1624 4681 ὡς
1654 4620 1789 4681 illa-

205 4718 335 4787 τὴρ,
368 4714 481 4769 ἀλλ’
524 4712 617 4768 οὖν
634 4713 709 4778 ὡς
752 4712 885 4777 Θεὸς
916 4728 931 4744 ·
960 4714 989 4767 ὁ
1018 4712 1074 4765 δὲ
1110 4711 1234 4775 Υίδς
1278 4712 1548 4781 ἠγνοεῖτο.
1581 4711 1656 4764 Τὸ
1706 4710 1789 4774 δὲ,

203 4803 352 4869 Ἦν,
375 4806 528 4860 οὐδὲν
550 4806 739 4876 ἕτερον
767 4804 938 4876 δηλοῖ,
972 4805 1021 4857 εί
1056 4805 1131 4875 μὴ
1172 4803 1266 4858 τοῦ
1317 4798 1460 4857 εῖναι
1490 4802 1791 4872 δηλωτικὸν

214 4902 313 4956 καὶ
351 4879 597 4968 ἀπείρως
623 4896 783 4953 εἶναι.
831 4898 1026 4968 Λόγον
1052 4896 1108 4950 δὲ
1156 4894 1322 4950 αὑτὸν
1365 4894 1543 4962 καλεῖ,
1574 4895 1663 4949 ἵνα
1714 4893 1789 4965 μὴ

205 4994 462 5068 παθητὴν
512 4994 613 5066 τὴν
664 4994 921 5063 γέννησιν

1821 3761 1865 3820 ο

2386 3760 2614 3817 CAPUT
2653 3762 2949 3819 PRIMUM.

1963 3888 2128 3945 Vens.
2170 3890 2218 3945 l.
2247 3890 2359 3945 Cur
2384 3906 2415 3946 a
2474 3891 2741 3963 theologia
2775 3893 3001 3965 incepit?
3036 3893 3117 3951 Ne
3147 3896 3195 3953 si
3244 3898 3479 3954 aliorum

1888 3982 2349 4053 evangelistarum
2382 3982 2448 4037 de
2486 3985 2837 4054 generatione
2888 3988 3190 4044 secundum
3249 4004 3471 4045 carnem

1890 4075 2260 4129 narrationem
2283 4086 2504 4131 secutus
2532 4087 2700 4142 esset,
2732 4080 2968 4135 habeant
2993 4079 3273 4137 Christum
3295 4084 3475 4137 homi-

1891 4180 1989 4220 nes
2014 4175 2070 4220 ut
2096 4182 2308 4221 merum
2344 4167 2645 4233 hominem;
2673 4170 2769 4224 sed
2801 4170 2966 4241 igitur
3001 4187 3183 4242 neque
3239 4172 3480 4228 Joannes

1891 4256 2321 4310 incarnationem
2380 4258 2638 4326 neglexit,
2682 4275 2861 4328 neque
2888 4261 2979 4313 alii
3023 4277 3144 4330 qua:
3188 4262 3255 4315 de
3313 4278 3479 4315 carne

1892 4355 2050 4399 erant
2095 4346 2339 4401 dicentes
2389 4347 2630 4401 divinam
2685 4349 2806 4416 ejus
2837 4352 3244 4417 generationem
3288 4368 3477 4420 parum

1893 4445 2243 4491 curaverunt.
2272 4436 2384 4490 Cur
2415 4436 2549 4491 dicit
2575 4453 2589 4488 :
2618 4436 2683 4489 In
2721 4440 2980 4506 principio
3011 4440 3034 4491 τ
3061 4438 3199 4504 Quia
3232 4441 3481 4496 homines

1892 4527 2037 4596 quod
2070 4539 2224 4583 vetus
2264 4530 2436 4597 magis
2488 4538 2572 4582 est
2598 4529 2870 4583 honorant
2900 4538 2953 4583 et
2992 4529 3159 4584 Deum
3210 4540 3477 4587 statuunt.

1892 4621 2005 4675 Cur
2068 4619 2281 4674 Patrem
2337 4621 2582 4685 mittens,
2641 4622 2708 4676 de
2736 4620 2872 4676 Filio
2923 4622 3168 4678 disserit?
3196 4624 3334 4692 Quia
3394 4627 3482 4681 ille

1894 4713 2222 4768 noscebatur
2266 4713 2367 4768 etsi
2396 4730 2504 4768 non
2537 4724 2595 4768 ut
2647 4715 2822 4778 Pater,
2856 4716 2947 4769 sed
2997 4725 3176 4771 tamen
3225 4727 3284 4773 ut
3316 4717 3479 4774 Deus.

1892 4802 2068 4858 Itilius
2100 4813 2283 4858 autem
2329 4819 2436 4859 non
2491 4804 2944 4869 cognosci-batur.
2983 4803 3109 4860 llaec
3145 4822 3270 4873 vox,
3328 4807 3477 4871 Erat,

1893 4899 2029 4954 nihil
2066 4897 2215 4955 aliud
2245 4900 2489 4954 ostendit
2535 4900 2639 4955 nisi
2680 4914 2800 4954 esse
2824 4899 3107 4954 evidenter
3160 4911 3214 4955 et
3248 4901 3475 4955 ii-liuite.

1002 4990 1384 5060 ὑπολάϐωμεν,
1449 4991 1545 5043 καὶ
1586 4988 1674 5042 διὰ
1731 4987 1780 5040 τί

1902 4989 2127 5045 Verbum
2171 5003 2352 5046 autem
2385 4991 2537 5045 illum
2578 5001 2759 5057 vocat,
2796 5007 2864 5046 ne
2904 4993 3317 5058 generationem
3352 5009 3482 5062 pas-

201 5089 542 5157 ἀπαγγείλαι
580 5087 649 5141 τὰ
680 5085 775 5140 τοῦ
806 5084 1040 5155 Πατρός.
1072 5083 1174 5137 Διά
1203 5083 1443 5153 τίΛόγον
1468 5078 1621 5135 εἶπεν
1652 5079 1780 5149 μετᾶ

1898 5086 2109 5141 sibilem
2152 5102 2548 5157 supponamus,
2581 5099 2635 5141 et
2659 5089 2787 5157 quia
2819 5104 2939 5157 qua:
2966 5086 3145 5142 Patris
3185 5096 3309 5141 sunt
3341 5103 3481 5141 nui:-

200 5186 307 5254 τῆς
329 5181 427 5234 τοῦ
484 5181 688 5253 ἄρθρου
764 5178 1122 5249 προσθήκης;
1184 5177 1375 5238 Ὅπως
1423 5174 1533 5228 τῶν
1583 5171 1786 5226 λοιπῶν

199 5273 382 5341 λόγων
435 5274 647 5343 χωρίσῃ
670 5286 686 5303 ⁶
730 5270 893 5342 οὐσίᾳ.
922 5271 1033 5340 γὰρ
1076 5268 1292 5338 ἀπαθὴς
1324 5260 1479 5330 οὗτος
1511 5266 1605 5320 καὶ
1636 5264 1789 5325 Θεός.

201 5367 336 5419 ’Ότι
362 5364 495 5419 Θεὸν
514 5365 609 5418 καὶ
637 5362 770 5417 Θεὸν
794 5361 965 5415 εἰπὼν
998 5360 1116 5429 (καὶ
1141 5360 1275 5431 γάρ,
1296 5356 1461 5424 Θεὸς,
1496 5356 1682 5427 φησὶν,
1713 5350 1793 5424 ἦν

198 5464 235 5515 ὀ
290 5456 532 5529 Λόγος),
582 5456 684 5509 οὐκ
718 5455 978 5525 ἐμφαίνει
1026 5470 1081 5507 τι
1123 5452 1287 5523 μέσον
1333 5451 1433 5523 τῆς
1490 5448 1744 5520 θεότητος
1774 5463 1789 5479 ο

198 5551 400 5622 ἐπειδὴ
431 5550 531 5621 οὐχ
564 5544 728 5621 ἦττον
756 5546 889 5613 Θεὸς
916 5549 945 5600 ὀ
968 5546 1120 5611 Υἱός.

286 5660 528 5715 "octaua
581 5655 702 5721 τοῦ,
765 5656 869 5712 Ἕν
930 5651 1089 5724 ἀρχῇ
1141 5648 1239 5721 ἦν,
1284 5648 1348 5705 τδ
1393 5649 1563 5703 ἀΐδιον
1621 5642 1785 5700 αὐτοῦ

1894 5178 2084 5232 tiabat.
2116 5179 2228 5231 (Zur
2259 5178 2482 5232 verbum
2511 5188 2670 5233 vocat
2699 5196 2822 5233 cum
2854 5178 3198 5247 appOsitione
3228 5179 3484 5234 articuli?

1899 5268 1966 5325 Ut
1998 5285 2029 5324 a
2065 5270 2291 5339 reliquis
2350 5269 2543 5327 Verbis
2587 5271 2919 5340 distinguat;
2971 5271 3277 5325 substantia
3336 5271 3483 5324 enim

1885 5360 2250 5431 jmpassibilis
2273 5363 2361 5417 ille
2382 5373 2435 5418 et
2461 5362 2623 5417 Deus.
2657 5363 2826 5416 Deum
2859 5372 2911 5417 et
2933 5362 3102 5417 Deum
3125 5361 3482 5427 nominando,

1896 5467 2022 5505 nam
2057 5453 2215 5519 Deus,
2260 5455 2358 5519 ait,
2417 5466 2528 5507 erat
2574 5454 2820 5519 Verbum,
2855 5470 2963 5509 non
3026 5453 3231 5508 iudicat
3277 5452 3481 5520 aliqu’il

1895 5546 2132 5600 medium
2169 5549 2221 5601 in
2238 5548 2535 5611 divinitate;
2563 5563 2686 5605 cum
2720 5563 2826 5601 non
2841 5547 3025 5603 minus
3043 5546 3186 5601 Deus
3203 5544 3269 5599 sit
3291 5543 3481 5600 Filius.

1969 5637 2113 5694 Vsus
2134 5640 2190 5692 2.
2224 5639 2483 5704 Dicemlo,
2525 5639 2589 5693 In
2638 5639 2905 5709 principia
2933 5647 3082 5702 erat,
3121 5635 3481 5691 aeternitatem

203 5753 457 5809 δείκνυσι
491 5768 505 5784 °
536 5750 626 5806 διὰ
658 5748 715 5803 δὲ
749 5747 867 5817 τοῦ,
915 5743 1103 5812 οὗτος
1130 5744 1211 5814 ἧν
1235 5740 1483 5811 ἐνὰρχῇ
1523 5739 1674 5809 πρὸς
1695 5738 1780 5792 τὸ)

1905 5733 2025 5804 ejus
2056 5734 2322 5796 ostendit;
2362 5730 2491 5787 Erat
2517 5733 2571 5786 in
2596 5732 2856 5801 principio
2878 5730 3017 5799 apud
3048 5727 3208 5785 Deum
3235 5746 3254 5794 ;
3288 5745 3357 5785 ne
3392 5744 3481 5783 ar-
