3984 6204
249 323 389 389 122-5

260 439 572 496 Ἰουδαίων
598 454 610 468 ⁸
653 436 766 490 ἀλλ’
815 437 900 490 ἵνα
936 437 1014 507 μή
1058 453 1200 499 τινες
1248 436 1360 489 τῶν
1419 438 1666 490 ἀπίστων
1707 436 1839 487 ὑπο·
1871 441 1912 493 Α

245 531 558 585 πτεὺσωσιν
609 528 693 580 ὅτι
750 527 981 597 τρυγίας
1015 545 1098 590 τις
1141 527 1526 598 έναπομείνας,
1567 522 1685 580 εἶτα
1736 526 1829 579 τοῦ

247 627 441 686 ὓδατος
463 621 852 691 ὲπιϐληθέντος
876 621 969 673 καὶ
996 621 1314 692 κραθέντος,
1340 617 1481 683 οἶνος
1505 619 1831 681 λεπτότατος

245 720 462 787 γέγονε,
499 715 774 768 δείκνυσιν
803 715 886 767 ὅτι
917 713 1181 768 οὐδέποτε
1215 715 1401 767 ἐκεῖνα
1434 713 1658 782 γέγονεν
1687 712 1832 764 οἴνου

244 810 465 878 δοχεῖα·
503 805 693 876 ἐπειδὴ
747 804 858 874 γὰρ
907 804 1136 874 ἄνυδρός
1181 807 1330 859 ἐστιν
1379 807 1413 875 ἡ
1469 804 1832 873 Παλαιστίνη,

246 901 342 952 καὶ
382 899 485 951 οὑκ
533 893 601 967 ἦν
639 895 909 966 πολλαχοῦ
964 899 1170 968 κρήνας
1203 898 1514 969 εὑρίσκειν,
1559 897 1834 968 ἐπλήρουν

253 991 344 1042 ἀεὶ
393 989 492 1050 τὰς
523 987 713 1058 ὑδρίας
762 987 977 1051 ὓδατος,
1013 987 1154 1041 ῶστε
1193 989 1268 1060 μὴ
1305 984 1522 1059 τρέχειν
1551 989 1628 1052 εἰς
1670 1006 1836 1041 ποτα-

252 1080 418 1148 μοὺς,
453 1081 503 1130 εἰ
558 1077 794 1147 γένοιντο
847 1079 1172 1148 ἀκάθαρτοι.
1223 1081 1312 1146 ἘΞ
1350 1082 1450 1132 οὑκ
1477 1080 1646 1132 ὅντων
1685 1079 1742 1131 δὲ
1771 1079 1834 1131 οὑ

251 1173 400 1224 ποιεῖ
429 1165 602 1234 οἶνον,
637 1172 988 1241 περικόπτων
1024 1171 1166 1224 ἑκὼν
1199 1172 1258 1225 τὸ
1293 1171 1520 1242 μέγεθος
1561 1171 1670 1224 τῶν
1709 1172 1836 1224 θαυ-

254 1265 464 1334 μάτων.

323 1355 446 1406 Ὅτι
477 1353 696 1424 πρῶτον
720 1353 799 1424 τῷ
825 1353 1219 1425 ἀρχιτρικλίνῳ
1251 1355 1473 1426 δοθῆναι
1500 1356 1739 1421 κελεύει,
1763 1355 1838 1419 ὡς

253 1450 499 1518 νήφοντι.
537 1449 649 1502 Καὶ
679 1448 790 1518 γάρ
841 1450 891 1501 οἱ
921 1449 1020 1518 τὴν
1063 1449 1324 1521 τοιαύτην
1359 1450 1636 1504 διακονίαν
1675 1469 1838 1505 πεπι-

251 1538 538 1608 στευμένοι
575 1537 812 1607 μάλιστά
858 1540 966 1592 εἰσι
1019 1541 1304 1610 νήφοντες,
1348 1539 1490 1594 ὥστε
1543 1544 1600 1595 ὲν
1645 1543 1838 1614 κόσμῳ

252 1631 348 1683 xui.
390 1630 546 1694 τάξει
587 1631 764 1684 πάντα
819 1631 1180 1686 διατίθεσθαι.
1227 1633 1290 1686 Εἰ
1341 1634 1452 1703 γὰρ
1502 1638 1612 1700 τοῖς
1660 1636 1840 1700 ἄλλοις

249 1721 436 1790 ὲδοοη,
475 1717 628 1774 εἷπον
661 1721 727 1775 ἂν
773 1723 854 1776 ὅτι
889 1723 1172 1794 μεθύουσι,
1217 1724 1313 1778 καὶ
1363 1726 1580 1795 ἀλόγοις
1627 1727 1725 1780 καὶ
1763 1727 1837 1799 μὴ

251 1813 622 1882 διακρίνουσιν
653 1813 823 1867 ἔδωκε
859 1817 1025 1870 πιεῖν.

322 1946 422 1999 Διὰ
454 1946 509 1999 τί
534 1949 629 2002 τὸν
662 1949 898 2018 νυμφίον
926 1947 1207 2020 ἐφώνησεν
1233 1953 1261 2004 ὁ
1291 1954 1714 2024 ἀρχιτρίκλινος,
1751 1957 1843 2009 καὶ

249 2039 312 2090 οὑ
345 2039 472 2102 τοὺς
503 2041 820 2107 διακόνουςς
852 2042 1012 2095 Οὖτω
1051 2046 1159 2114 γὰρ
1185 2043 1251 2098 ἂν
1281 2048 1377 2098 καὶ
1412 2048 1472 2099 τὸ
1511 2047 1696 2118 θαῦμα
1755 2049 1844 2112 ἑξ-

253 2130 560 2202 εκαλὺφθηο
588 2135 1042 2205 κατόἱκονομίαν
1073 2137 1264 2206 γέγονε
1294 2137 1473 2201 τοῦτο,
1494 2140 1580 2193 ἵνα
1608 2142 1683 2211 μὴ
1713 2142 1844 2195 πάν-

251 2237 346 2286 τες
368 2224 592 2292 γνῶσιν.
613 2226 735 2280 Ὀτι
762 2229 788 2279 ὁ
806 2227 1083 2296 βασιλικὸς
1105 2228 1192 2282 διὰ
1214 2229 1375 2283 τοῦτο
1399 2233 1563 2287 αὑτὸν
1589 2235 1723 2304 πρὸς
1744 2234 1844 2305 τὴν

250 2314 346 2367 τοῦ
408 2317 600 2380 παιδὸς
667 2317 856 2384 ὑγείαν
915 2321 1395 2390 προσεκαλέσατο,
1431 2324 1520 2376 διά
1550 2325 1611 2378 τὸ
1649 2327 1845 2395 μαθεῖν

253 2405 412 2459 τοῦτο
441 2408 604 2462 αὑτὸν
633 2413 991 2480 πεποιηκέναι
1023 2415 1085 2466 τὸ
1111 2433 1176 2485 ση
1188 2421 1358 2485 μεῖον⁹
1386 2419 1524 2489 ὅπερ
1547 2421 1640 2472 καὶ
1666 2439 1842 2491 παραι-

251 2499 430 2570 δηλῶν
488 2504 516 2555 ὁ
575 2504 965 2576 εὑαγγελιστὴς
1026 2507 1248 2576 ἔλεγεν,
1313 2511 1448 2563 ὅπου
1507 2511 1729 2580 ἐποίησε
1786 2513 1847 2565 τὸ

254 2589 403 2661 ὕδωρ
430 2587 575 2646 οἶνον
597 2612 612 2627 ·
640 2596 738 2667 οὑχ
772 2598 959 2663 ἁπλῶς
993 2599 1050 2652 δὲ
1076 2594 1219 2654 οἶνον
1237 2603 1510 2672 ἐποίησεν,
1541 2604 1675 2657 ἀλλὰ
1703 2601 1845 2658 οἶνον

252 2683 563 2739 κάλλιστον.

329 2820 426 2873 Διὰ
456 2819 508 2873 τί
553 2822 759 2894 κατέὸη
811 2826 889 2888 εἰς
930 2827 1342 2899 Καπερναοὺμ;
1388 2826 1462 2882 Ἦ
1496 2831 1584 2884 διὰ
1627 2833 1726 2902 τὴν
1763 2837 1843 2898 είς

252 2910 490 2983 Μητέρα
519 2915 713 2986 τιμὴν,
754 2917 820 2969 ἵν’
866 2919 1300 2994 ἀποκαταστήσῃ
1336 2923 1432 2992 τὴν
1474 2924 1702 2994 Μητέρα
1752 2928 1846 2980 καὶ

249 3005 383 3066 τοὺς
423 3007 708 3076 ἀδελφούς.
755 3013 864 3065 Kal.
929 3013 1018 3068 διὰ
1086 3015 1139 3068 τί
1188 3020 1269 3080 εἰς
1328 3020 1702 3092 Καπερναοὺμ
1749 3023 1845 3076 οὑκ

246 3096 484 3168 εποίησε
515 3105 892 3171 σημείαςὌτι
923 3107 1020 3176 οὑχ
1059 3109 1228 3176 ὑγιῶς
1269 3112 1626 3182 προσέκειντο
1659 3115 1838 3184 αὑτῷ·
1873 3119 1914 3174 C
1952 3102 2306 3157 ίιιπηοάθηιθ
2350 3103 2501 3156 mm“
2571 3103 2837 3171 υτείεὺδιη
2886 3120 2904 3158 ³

249 3188 355 3241 καὶ
381 3190 538 3245 τοῦτο
560 3194 827 3264 ἐδήλωσεν
883 3197 1052 3250 εἰπών
1072 3216 1086 3229 ·
1119 3200 1230 3254 Καὶ
1258 3202 1370 3268 σὺ,
1403 3206 1796 3276 Καπερναοὺμ
1816 3249 1832 3272 ,

250 3283 295 3346 ὴ
346 3281 456 3349 ἕως
484 3285 604 3340 τῶν
626 3289 898 3357 οὐρανῶν
951 3292 1289 3361 ὑψωθεῖσα,
1316 3296 1429 3361 ἕως
1482 3298 1631 3363 ᾅδου
1661 3317 1838 3354 κατα·-

251 3373 448 3442 ϐήσῃ,

262 3555 598 3623 Ἰουδαίων,
626 3562 897 3619 δείκνυσιν
927 3570 1062 3638 ἡμῖν
1106 3573 1187 3624 ὅτι
1211 3573 1274 3626 οὑ
1305 3573 1413 3644 πρὸ
1447 3575 1662 3630 πολλῶν
1693 3579 1834 3632 πάνυ

247 3647 487 3717 ἡμερῶν
512 3650 606 3704 τοῦ
637 3653 832 3726 Πάσχα
860 3659 1217 3718 ἐϐαπτίσατο.
1555 3729 1566 3736 ,

335 3739 456 3793 ’Ὁτι
493 3744 620 3807 τοὺς
670 3748 987 3815 πωλοῦντας
1029 3756 1126 3807 καὶ
1171 3758 1543 3826 ἀγοράζοντας
1586 3764 1837 3830 ἐξέϐαλεν

244 3833 325 3884 ἐκ
375 3833 468 3885 τοῦ
519 3834 665 3905 ἱεροῦ
717 3837 926 3907 λέγων’
973 3844 1067 3913 Μὴ
1108 3849 1328 3903 ποιεῖτε
1374 3853 1478 3904 τὸν
1519 3849 1688 3907 οἶκον
1730 3858 1838 3911 τοῦ

243 3924 492 4015 Πατρός
515 3944 659 3994 μου,
702 3925 872 3986 οἶκον
893 3935 1180 4004 ἐμπορίου
1200 3955 1213 3967 '
1246 3940 1431 4012 ἕτερος
1469 3944 1524 3997 δὲ
1556 3946 1839 4015 εὐαγγελι-

245 4013 390 4085 στὴς
419 4015 590 4084 λέγει,
624 4023 933 4091 σπήλαιον
968 4030 1232 4096 λῃστῶν.
1274 4033 1434 4088 Ὅθεν
1475 4038 1537 4090 οὑ
1563 4013 1715 4093 κατὰ-
1748 4041 1840 4094 τὸν

245 4103 420 4202 at?st
450 4111 640 4202 καιρὸν
679 4113 966 4187 ἀμφότερα
1000 4120 1222 4187 γέγονεν
1243 4139 1258 4154 ·
1291 4125 1408 4178 ἐκεῖ
1439 4128 1537 4197 μὲν
1562 4130 1670 4200 γὰρ
1702 4133 1838 4202 πρὸς

247 4195 391 4249 αὐτὸ
414 4198 476 4252 τὸ
506 4201 676 4266 πάθος
715 4204 907 4271 ἐλθὼν,
935 4211 1172 4265 ἐνταῦθα
1198 4213 1254 4266 δὲ
1293 4216 1352 4269 ὲν
1388 4195 1696 4289 προοιμίοις

248 4290 505 4357 σημείων
547 4295 856 4365 ὑφειμένως
883 4302 947 4370 τῇ
979 4302 1320 4374 ἐπιτιμήσει.
1371 4309 1526 4360 Ἐπεὶ
1563 4310 1657 4363 οὖν
1685 4318 1776 4365 καὶ
1809 4317 1837 4366 ὀ

246 4380 414 4448 λόγος
449 4387 545 4438 καὶ
570 4389 598 4439 ὁ
629 4389 820 4458 χρόνος
851 4391 1140 4463 διάφορος,
1170 4395 1334 4465 διχῶς
1367 4399 1431 4452 τὸ
1461 4403 1729 4471 πραχθέν.

333 4474 456 4527 Ὅτι
481 4478 542 4530 τὸ
569 4479 749 4547 λέγειν
769 4483 986 4548 αὑτοὺς,
1020 4487 1080 4539 Tl
1101 4489 1357 4557 σημεῖον
1377 4490 1674 4560 δεικνύεις
1694 4494 1838 4562 ἡμῖν

246 4565 349 4621 ὅτι
403 4569 590 4624 ταῦτα
637 4574 865 4641 ποιεῖς;
899 4577 1138 4648 ἐσχάτης
1183 4581 1442 4647 ἀπονοίας
1483 4585 1642 4638 ἐστί·
1680 4588 1836 4640 ποίου

247 4658 367 4728 γὰρ
394 4666 621 4730 σημείου
650 4665 808 4734 χρεία
833 4661 902 4738 ἦν
924 4667 1062 4723 ὥστε
1093 4671 1162 4725 τὰ
1185 4674 1372 4737 κακῶς
1403 4677 1662 4746 γινόμενα
1695 4679 1839 4731 παῦ-

246 4766 371 4810 σαι,
400 4753 567 4824 ῆγουν
597 4757 724 4819 τοὺς
751 4758 1171 4830 ἁμαρτάνοντας
1197 4767 1655 4838 ἐπιστρέφεσθαι;

357 4848 455 4896 Οτι
497 4847 594 4911 τὺ,
640 4850 882 4905 Λύσατε
921 4854 1020 4908 καί
1063 4855 1279 4925 ἐγερῶ,
1323 4859 1418 4912 δύο
1467 4862 1677 4929 εἰσάγει
1711 4867 1836 4934 ναή-

249 4953 429 5006 ματα,
471 4940 565 4991 καὶ
601 4941 682 4992 ὅτι
709 4943 1106 5016 ῥναστήσεται,
1144 4950 1238 5003 καὶ
1265 4951 1346 5002 ὅτι
1376 4952 1506 5016 Θεὸς
1540 4955 1568 5006 ὁ
1599 4955 1838 5028 ἀναστή-

245 5043 365 5078 σων
389 5045 401 5056 ο
432 5029 624 5082 ἑαυτὸν
655 5032 764 5102 γὰρ
794 5029 948 5089 εἶπεν
968 5052 983 5066 ·
1026 5038 1260 5108 Ἐγερῶ.

321 5121 446 5183 Πῶς
471 5123 693 5193 νοητέον
724 5126 814 5193 τὸ,
853 5127 958 5182 Ἐν
995 5133 1452 5203 τεσσαράκοντα
1489 5141 1588 5194 καὶ
1612 5140 1682 5206 ἒξ
1716 5143 1840 5196 ἕτε-

246 5226 361 5266 σιν
400 5214 755 5286 ᾠκοδομήθη
806 5223 838 5272 ό
893 5224 1071 5289 ναόςξ
1119 5226 1232 5295 Τὴν
1273 5227 1509 5300 ὑστέραν
1548 5234 1836 5304 οἰκοδομὴν

244 5304 559 5375 ἐδήλωσεν*
595 5311 707 5363 ent
755 5313 864 5382 γὰρ
913 5315 1096 5384 Κύρου
1149 5319 1329 5389 ῆρχθη
1371 5321 1433 5373 τὸ
1482 5323 1677 5393 ἔργον,
1716 5324 1832 5378 εἶτα

249 5398 530 5469 ἀνεκόπη·
571 5403 712 5470 μετὰ
735 5402 791 5455 δὲ
819 5404 993 5458 ταῦτα
1033 5407 1194 5460 πάλιν
1226 5410 1404 5480 ἧρχθη
1441 5414 1532 5465 ἐπὶ
1569 5417 1795 5486 Δαρείου
1816 5435 1830 5450 ·

245 5491 350 5546 ἐπὶ
377 5492 486 5563 γὰρ
513 5493 858 5564 Σολομῶντος
890 5498 969 5560 είς
1002 5497 1178 5552 εἴκοσι
1203 5501 1300 5570 ἔτη
1327 5504 1573 5574 ἐκτίσθη.

857 5681 1106 5735 ΚΕΦΑΛ.
1149 5683 1222 5738 Γ’.

323 5765 446 5819 ὀτι
476 5768 504 5818 ὁ
535 5765 847 5837 Νικόδημος
887 5771 1080 5834 νυκτὸς
1143 5773 1344 5845 ἤρχετο
1366 5787 1378 5803 ⁸
1422 5776 1670 5845 ἐφοϐεῖτο
1702 5779 1829 5850 γάρ.

499 5860 772 5924 Parnm.
801 5865 915 5922 Gtt.
946 5864 1104 5925 ενι.

1297 302 1622 382 SCHOLIA
1655 314 1957 382 VETERA
1994 317 2076 376 IN
2115 314 2490 379 JOANNEM.

3314 312 3522 398 4226

1945 433 2247 500 ﬁcationem
2282 432 2616 496 Juda‘oium,
2644 431 2735 487 sed
2770 447 2836 486 ne
2875 431 3098 500 quidam
3159 443 3226 484 ex
3269 430 3526 484 incredu-

1936 526 2006 580 lis
2073 526 2424 595 suspicentur
2467 525 2704 594 aliquem
2760 523 2922 578 neces
2966 522 3276 592 reliquisse,
3326 521 3526 576 deinde

1936 631 2078 686 aqua
2134 615 2334 686 injecta
2367 625 2424 670 et
2475 615 2740 680 immista,
2796 615 2982 668 vinum
3038 613 3400 668 tenuissinum
3442 611 3525 665 l'a-

1935 719 2085 765 etum
2125 725 2266 773 esse,
2323 709 2563 765 ostendit
2595 708 2742 779 quod
2775 709 2880 762 illa:
2910 722 3061 762 urnae
3100 723 3380 776 nunquam
3413 707 3523 760 vini

1938 803 2238 872 receptoria
2293 801 2525 856 fuissent
2576 818 2590 866 ;
2667 817 2795 855 cum
2866 801 3015 855 enim
3067 799 3356 855 Palarsliua
3406 798 3526 854 sine

1938 906 2078 960 aqua
2107 891 2200 955 sit,
2221 900 2272 946 et
2303 893 2520 946 dillicilc
2569 895 2640 946 sit
2690 892 2744 945 in
2783 892 2966 948 multis
2997 892 3134 947 locis
3158 892 3339 946 fontes
3371 890 3526 944 inve-

1937 981 2079 1042 nire.
2106 981 2406 1049 implebant
2445 997 2665 1050 semper
2713 981 2940 1052 ltydrias
2980 998 3143 1053 aqua,
3179 997 3247 1036 ne
3276 982 3341 1034 ad
3374 981 3526 1034 rivos

1939 1082 2252 1134 currerent,
2287 1074 2332 1128 si
2367 1075 2564 1142 impuri
2617 1075 2827 1128 lit-rent.
2867 1074 2970 1128 Sed
3016 1091 3046 1129 e
3081 1073 3253 1128 nihilo
3293 1088 3400 1125 non
3441 1071 3526 1125 vi-

1941 1178 2072 1218 num
2107 1162 2258 1230 facit,
2284 1172 2476 1233 sponte
2501 1163 2758 1218 minuens
2788 1164 3036 1219 miraculi
3067 1163 3524 1234 magnitudinem.

2014 1344 2178 1396 Vt-zns.
2203 1343 2256 1396 8.
2284 1342 2467 1396 Primo
2490 1343 2871 1398 arcbitriclino
2903 1342 3031 1398 ferri
3050 1344 3226 1414 jubet,
3259 1357 3522 1417 tanquam

1938 1435 2154 1504 jejuno.
2183 1434 2318 1489 Nam
2348 1437 2439 1504 qui
2477 1436 2584 1491 tale
2621 1436 2990 1490 ministerium
3039 1437 3267 1506 implent
3297 1440 3526 1493 multum

1943 1537 2071 1582 sunt
2101 1539 2492 1597 temperantes,
2532 1539 2588 1583 ut
2632 1530 2823 1584 munia
2853 1545 2987 1586 cum
3034 1530 3226 1586 ordine
3246 1540 3296 1586 et
3329 1542 3526 1586 ornatu

1941 1619 2257 1689 disponant.
2305 1619 2360 1674 Si
2397 1621 2542 1674 enim
2577 1621 2702 1676 altis
2757 1621 2946 1675 datum
2993 1620 3208 1685 luisset,
3256 1622 3532 1677 diceretur

1944 1712 2052 1768 illis
2081 1711 2193 1778 jam
2222 1712 2410 1777 ebriis,
2447 1723 2501 1767 et
2527 1713 2646 1766 sine
2678 1713 2919 1777 ratione,
2950 1721 3003 1768 et
3025 1729 3134 1767 non
3165 1713 3528 1770 discernenti-

1873 1777 1914 1836 Β
1949 1801 2049 1857 bus
2076 1777 2264 1872 potum
2292 1803 2463 1857 fuisse
2481 1804 2694 1858 datum.

2019 1945 2186 2000 Vens.
2212 1945 2399 2001 9.Cur
2430 1961 2696 2016 sponsum
2749 1956 2964 2002 vocavrt
3009 1945 3439 2015 architriclinus,
3476 1959 3531 2003 et

1950 2058 2055 2095 nun
2086 2039 2404 2095 ministros?
2436 2039 2513 2094 Ita
2545 2043 2692 2094 enim
2722 2040 3048 2094 miraculum
3070 2040 3369 2096 revelatum
3390 2041 3528 2095 l'uis-

1948 2142 2061 2198 set;
2094 2147 2161 2187 cx
2215 2132 2467 2186 instituto
2514 2131 2659 2185 istud
2717 2130 2919 2185 factum
2962 2141 3048 2186 est
3104 2147 3176 2188 ne
3208 2147 3404 2188 omnes
3433 2148 3530 2186 co-

1945 2232 2298 2290 gnoscerent.
2332 2221 2576 2291 llegulus
2607 2221 2730 2276 ideo
2767 2223 2921 2275 illum
2967 2223 3033 2276 ad
3083 2223 3373 2277 sanitatem
3420 2225 3531 2277 tilio

1947 2313 2182 2366 dandam
2210 2315 2444 2377 Vocavit,
2494 2314 2640 2382 quod
2674 2313 2945 2368 didicerat
2983 2314 3133 2368 illum
3180 2316 3285 2370 hoc
3313 2316 3528 2386 signum

1949 2405 2179 2470 fecisse;
2211 2406 2353 2474 quod
2384 2405 2679 2474 designans
2727 2404 3063 2474 evangelista
3091 2406 3242 2471 dicit,
3273 2407 3367 2462 ubi
3403 2406 3532 2463 fecit

1949 2512 2145 2563 aquam
2169 2496 2387 2560 vinum;
2427 2511 2536 2549 non
2570 2495 2756 2549 vinum
2782 2495 3106 2567 simpliciter
3129 2496 3280 2565 fecit,
3321 2498 3416 2554 sed
3451 2498 3531 2552 vi-

1951 2605 2078 2642 num
2098 2588 2391 2659 Optimum.

2021 2824 2183 2879 Vsus.
2221 2823 2309 2877 12.
2338 2824 2450 2878 Cur
2479 2823 2761 2878 descendit
2796 2823 2850 2878 in
2893 2824 3322 2895 Capharnautn?
3371 2829 3532 2885 Certe

1949 2918 2021 2972 ob
2051 2917 2244 2970 matris
2272 2917 2660 2981 reverentiam,
2694 2926 2753 2970 ut
2773 2932 2833 2971 se
2865 2917 3027 2971 matri
3057 2928 3113 2973 et
3138 2918 3402 2977 fratribus
3446 2939 3532 2978 re-

1949 3009 2294 3065 stitueret.Et
2313 3025 2410 3063 cur
2432 3010 2483 3062 in
2504 3008 2889 3077 Capharuaum
2917 3011 3068 3081 signa
3086 3026 3193 3066 non
3214 3011 3530 3082 fecit?0uia

2960 3103 3012 3157 id
3063 3119 3288 3176 quoque
3344 3119 3530 3163 osten-

1940 3194 2019 3247 dit
2048 3194 2269 3248 dicens:
2302 3192 2370 3246 Et
2393 3204 2470 3259 ιιι,
2496 3193 2896 3264 Caplmrnaum,
2918 3211 3034 3265 quae
3061 3213 3226 3268 usque
3248 3199 3318 3252 ad
3343 3201 3531 3254 ctelum

1939 3287 2244 3352 ascendisti,
2271 3288 2340 3340 ad
2379 3288 2645 3358 infernum
2677 3288 3024 3344 descendisti.

2010 3474 2176 3531 Vsus.
2199 3475 2286 3530 15.
2311 3474 2550 3529 Dicendo
2575 3475 2858 3544 quoniam,
2884 3473 3051 3543 Prope
3069 3475 3402 3533 eratPasclta
3429 3480 3531 3534 Ju-

1941 3569 2204 3635 dworum,
2233 3569 2477 3623 ostendit
2507 3568 2668 3622 nobis
2714 3566 2861 3636 quod
2908 3568 3102 3637 paucis
3149 3579 3275 3626 ante
3319 3570 3528 3628 Pascha

1939 3661 2132 3716 diebus
2163 3660 2268 3715 luit
2300 3660 2627 3731 baptizatus.
2685 3715 2693 3734 ,

2013 3753 2181 3808 Vens.
2209 3753 2296 3807 Η.
2341 3750 2652 3807 Vendentes
2679 3761 2734 3808 et
2779 3765 3025 3810 ementes
3068 3753 3230 3824 ejecit
3261 3771 3291 3810 e
3326 3759 3528 3827 templo

1940 3843 2130 3900 dicens
2160 3862 2174 3899 :
2210 3843 2392 3898 Nolite
2419 3845 2594 3913 facere
2620 3845 2834 3898 domum
2866 3845 3048 3900 Patris
3069 3847 3166 3900 mei
3191 3847 3409 3902 domum
3433 3867 3524 3903 ne-

1943 3939 2286 4011 gotiationis;
2318 3940 2460 3993 alius
2491 3939 2825 4008 evangelista
2849 3939 3003 4003 dicit,
3035 3940 3340 4009 speluncam
3360 3942 3531 3998 latro-

1943 4053 2090 4090 num.
2123 4035 2278 4091 Unde
2314 4035 2568 4107 arguitur
2599 4051 2703 4088 non
2738 4035 2927 4089 eodem
2965 4043 3210 4106 tempore
3234 4046 3528 4111 utrumque

1943 4127 2144 4182 factum
2173 4142 2466 4192 esse;nam
2492 4125 2600 4180 illic
2623 4127 2688 4180 ad
2713 4128 3024 4196 passionem
3056 4129 3527 4200 appropinquans,

1944 4220 2014 4274 ibi
2041 4228 2224 4272 autem
2261 4218 2316 4270 in
2357 4217 2514 4271 initio
2540 4218 2826 4287 signorum
2875 4216 3122 4271 modesta
3160 4233 3295 4272 voce
3348 4221 3528 4277 incre-

1943 4309 2142 4380 pando.
2171 4309 2310 4364 Cum
2351 4308 2516 4378 igitur
2559 4318 2773 4376 tempus
2808 4315 2862 4362 et
2904 4322 3088 4362 sermo
3133 4308 3352 4366 diversa
3386 4313 3522 4383 sint,

1944 4405 2027 4458 bis
2057 4402 2186 4455 illttd
2213 4401 2414 4454 factum
2439 4409 2542 4453 est.

2020 4493 2185 4548 Vens.
2229 4493 2314 4546 18.
2346 4491 2484 4545 Cum
2539 4490 2616 4543 illi
2650 4489 2840 4543 dicunt
2892 4507 2905 4543 :
2937 4489 3092 4555 Quod
3129 4493 3341 4563 signum
3372 4497 3522 4553 nobis

1945 4587 2173 4641 ostendis
2197 4587 2322 4656 quia
2345 4587 2452 4638 haec
2479 4584 2652 4654 facis?
2683 4597 2952 4638 summam
2983 4582 3312 4642 dementiam
3337 4598 3523 4646 osten-

1944 4681 2102 4733 dunt.
2130 4677 2303 4746 Cujus
2331 4677 2476 4730 enim
2511 4675 2652 4747 signi
2684 4689 2825 4744 opus
2851 4684 2972 4730 erat
2996 4685 3056 4731 ut
3088 4678 3228 4733 male
3273 4691 3391 4735 acta
3426 4684 3523 4739 de-

1943 4773 2205 4834 sinerent,
2242 4771 2292 4825 id
2321 4779 2404 4826 est
2431 4781 2488 4824 ut
2515 4777 2832 4840 peccatores
2856 4774 3344 4828 converterentur?

2013 4874 2180 4932 Vens.
2222 4866 2308 4921 l9.
2359 4864 2556 4920 Solvite
2605 4873 2654 4918 et
2684 4863 2960 4928 excitabo;
3013 4863 3152 4921 duas
3205 4870 3509 4926 sententias

1943 4959 2267 5023 includit,ct
2297 4956 2442 5026 quod
2490 4963 2755 5025 resurget,
2807 4963 2863 5007 et
2903 4955 3052 5024 quod
3116 4955 3517 5033 Dcus_-:stqui

1943 5058 2215 5117 resurget;
2239 5047 2365 5101 dicit
2393 5046 2539 5100 enim
2567 5046 2632 5100 de
2648 5061 2738 5099 sc:
2776 5047 3054 5100 Excitabo.

2016 5139 2178 5192 \‘ens.
2208 5137 2299 5191 20.
2325 5137 2610 5203 Quomodo
2642 5136 3052 5206 intelligendum
3097 5154 3110 5191 :
3146 5138 3518 5212 Quadraginta

1941 5240 1989 5284 et
2015 5245 2106 5284 sea:
2141 5231 2292 5283 tinnis
2333 5229 2656 5296 wdiﬁcatum
2681 5239 2753 5281 est
2781 5229 3070 5296 templum?
3109 5229 3360 5287 Ultimam
3388 5237 3486 5289 aedi
3506 5264 3521 5281 -

1943 5323 2590 5384 ﬁcationem‘memorat;
2628 5334 2750 5372 nam
2802 5320 2906 5374 sub
2942 5318 3085 5390 Cyro
3117 5322 3391 5392 inceptum
3434 5337 3541 5389 est.

1940 5428 2103 5482 opus,
2135 5410 2332 5465 deinde
2371 5410 2780 5480 interruptum;
2816 5421 3002 5479 postea
3047 5427 3176 5466 vero
3209 5428 3400 5472 rursus
3432 5417 3518 5472 in-

1941 5513 2159 5574 ceptum
2191 5513 2275 5557 est
2304 5501 2407 5556 sub
2447 5501 2608 5556 Dario
2634 5519 2648 5566 ;
2679 5501 2780 5556 sub
2813 5501 3105 5558 Salomone
3131 5506 3303 5577 enim.
3328 5510 3515 5580 viginti

1942 5597 2102 5652 annis
2123 5605 2463 5650 exstructum
2498 5594 2620 5650 fuit.

2529 5686 2758 5744 CAPUT
2815 5691 2895 5746 ΙΙΙ.

2014 5780 2178 5838 Vens.
2211 5781 2262 5835 l.
2306 5779 2635 5840 Nicodcmus
2687 5794 2848 5844 nocte
2878 5787 3044 5855 venit,
3082 5788 3302 5848 timebat
3341 5794 3510 5853 enim.

3074 5881 3152 5944 39
