3920 6206
156 282 281 351 1237

1207 292 1529 353 SCHOLIA
1572 294 1870 355 VETERA
1915 295 1997 359 IN
2034 295 2409 358 JOANNEM.

3273 299 3412 366 1233

220 396 339 449 Ὅτι
368 395 427 449 τδ
458 398 515 449 ἐν
542 398 609 469 τῇ
648 398 955 471 προϐατικῇ
986 401 1344 476 κολυμϐήθρᾳ
1375 405 1721 477 τελούμενον,

1906 405 2067 461 Vens.
2098 406 2152 459 ἓ.
2183 406 2337 473 Quod
2384 408 2437 462 in
2468 407 2743 478 probatica
2767 408 2976 479 piscina
3007 412 3407 483 complebatur,

150 488 308 552 τύπος
338 485 406 560 ἦν
436 489 529 543 τοῦ
563 491 959 562 βαπτίσματος.

220 579 339 633 ’Ότι
369 579 464 644 οὓς
500 582 701 653 ἀπῄτει
746 583 933 636 πίστιν
978 586 1039 638 οὐ
1087 587 1192 658 πρὸ
1242 588 1353 640 τῶν
1402 589 1721 662 θαυμάτων,

151 669 281 723 ἀλλὰ
339 672 479 741 μετὰ
524 673 586 727 τὸ
642 674 772 727 ἰδεῖν
832 677 997 731 αὐτὸν
1054 678 1311 749 θαύματα
1382 685 1725 757 πεποιηκότα

150 764 361 835 ἀπῄτει.
923 826 935 839 ,

217 852 353 927 Ἦρε
376 858 433 912 δὲ
457 859 550 912 τὸν
576 861 772 914 ἑαυτοῦ
800 863 1127 933 κράϐαττον,
1153 867 1343 937 ἐπειδὴ
1361 868 1476 940 ἅμα
1496 870 1718 941 ἢκουσε,

150 949 444 1014 πιστεύσας
475 952 705 1026 ἠγέρθη.
742 955 842 1006 ,ιιά
875 955 926 1008 τί
970 956 1070 1010 οὐκ
1102 959 1379 1028 ἐρωτῶσιν
1418 960 1600 1026 αὐτόν,
1629 961 1724 1026 Τίς

151 1043 291 1094 ἐστιν
321 1044 348 1095 ὁ
391 1045 627 1115 ποιήσας
685 1046 812 1116 ὑγιῆ
843 1066 858 1112 ;
890 1048 1026 1114 ἀλλ’,
1068 1049 1122 1103 Ὁ
1161 1052 1346 1106 εἰπών
1368 1070 1467 1107 σοι
1494 1071 1506 1085 ο
1538 1051 1725 1124 *Αρον

150 1134 253 1186 τὸν
281 1136 614 1203 κράόϐατόν
638 1154 755 1195 σου
767 1157 785 1205 ;
820 1141 955 1195 Ἀπὸ
985 1143 1185 1214 πολλῆς
1215 1149 1581 1218 κακουργίας·
1611 1152 1725 1206 ἄνω

151 1226 255 1301 γὰρ
300 1231 394 1284 καὶ
438 1231 591 1287 κάτω
636 1231 736 1305 τὴν
785 1234 1051 1292 δοκοῦσαν
1097 1239 1413 1312 παράϐασιν
1445 1244 1526 1307 εἰς
1556 1245 1724 1317 μέσον

150 1315 280 1389 ἦγον
319 1322 413 1376 τοῦ
444 1325 745 1383 Σαϐϐάτου.

218 1414 313 1467 Διὰ
347 1415 398 1469 τί
428 1416 678 1482 ἐξένευσε
703 1421 940 1492 ποιήσας
972 1423 1033 1478 τὸ
1061 1423 1277 1499 θαῦμα;
1303 1426 1423 1481 Ἵνα
1460 1430 1535 1499 μὴ
1564 1429 1725 1484 πλέον

150 1507 542 1579 παρασκευάσῃ
573 1509 771 1575 αὐτοὺς
814 1513 1083 1584 ὲκκαῆναι
1108 1531 1121 1545 ο
1146 1511 1256 1570 οἶδε
1314 1518 1424 1589 γὰρ
1460 1520 1553 1572 καὶ
1603 1519 1727 1590 ὄψις

154 1596 288 1666 μόνη
328 1597 422 1655 τοῦ
471 1600 935 1675 διαφθονουμένου
973 1607 1035 1660 οὐ
1091 1610 1290 1681 μικρδν
1349 1611 1462 1675 τοῖς
1496 1610 1728 1682 βασκαί-

148 1701 327 1741 νουσιν
347 1689 552 1746 ἐνιέναι
574 1693 872 1767 σπινθῆρα.

217 1782 313 1835 Διά
339 1781 389 1833 τί
418 1782 585 1853 λέγει·
622 1751 973 1859 Ἴδε-,ηὐγιὴς
996 1793 1269 1861 γέγονας,
1292 1795 1506 1863 μηκέτι
1545 1797 1727 1867 ἀμάρ-
1760 1751 1805 1813 Β

151 1886 320 1937 ears;
367 1872 521 1944 "Apta.
572 1875 675 1946 μὲν
714 1878 797 1931 ὅτι
839 1878 899 1943 ἐξ
947 1880 1235 1952 ἁμαρτιῶν
1276 1886 1471 1958 ἐτέχθη
1510 1887 1589 1957 τῷ
1625 1888 1725 1942 άν-

150 1961 352 2037 θρώπῳ
397 1966 459 2018 τὸ
505 1966 758 2038 νόσημαο
813 1970 1006 2026 ἔπειτα
1050 1972 1107 2027 δὲ
1152 1974 1238 2028 ἵνα
1289 1977 1553 2049 μάθωμεν
1586 1980 1662 2044 ὠς
1690 1983 1723 2051 ἡ

148 2054 503 2126 άτελεύτητος
552 2059 793 2127 κόλασις,
841 2063 942 2119 οὐκ
975 2063 1085 2135 ἔχει
1117 2069 1567 2125 ἀποκατάστασιν
1592 2089 1607 2105 ο
1633 2066 1727 2129 οὗ.

147 2163 239 2207 τος
277 2149 384 2220 γὰρ
413 2152 763 2225 ἁμαρτήσας,
797 2155 997 2226 μικροῦ
1036 2159 1145 2212 δεῖν
1176 2159 1305 2230 ὃλην
1333 2162 1477 2235 ζωὴν
1512 2164 1726 2236 ἀνθρώ.

147 2256 251 2292 που
292 2242 603 2309 ἐκολάζετο,
639 2247 774 2301 Οὐδὲ
816 2249 924 2319 γὰρ
954 2250 1014 2303 ὲν
1045 2252 1222 2324 χρόνῳ
1250 2253 1318 2307 τά
1345 2255 1728 2330 ἁμαρτήματα

148 2332 414 2404 κρίνεται,
457 2337 572 2390 ἀλλ’
602 2338 661 2391 ὲν
710 2341 848 2412 αὐτῇ
879 2345 943 2414 τῇ
989 2342 1150 2408 φύσει
1181 2345 1290 2399 τῶν
1320 2345 1726 2420 πεπλημμελη-

152 2426 328 2494 μένων
354 2444 367 2458 σ
403 2431 496 2481 καὶ
533 2430 691 2486 τοῦτο
731 2434 787 2487 δὲ
825 2437 1193 2508 μανθάνομεν,
1216 2438 1297 2493 ὅτι
1344 2440 1447 2495 κᾶν
1482 2442 1727 2512 χαλεπὴν

148 2518 328 2588 δῶμεν
369 2521 509 2590 ὑπὲρ
539 2524 825 2594 ἁμαρτιῶν
873 2528 1053 2597 δίκην,
1095 2526 1215 2582 εἶτα
1257 2533 1370 2590 τοῖς
1416 2532 1602 2595 αὐτοῖς
1634 2550 1729 2585 πε-

152 2612 485 2681 ριπέσωμεν,
519 2616 877 2688 χαλεπώτερα
919 2620 1101 2689 πολλῷ
1141 2623 1445 2691 πεισόμεθα
1483 2625 1686 2693 μᾶλλον
1712 2643 1725 2656 '

146 2703 226 2767 ὡς
275 2706 596 2778 ἀναίσθητος
658 2710 767 2782 γὰρ
815 2712 907 2766 καὶ
964 2716 1384 2786 καταφρονητὴς
1440 2718 1729 2782 κολάζεται

146 2797 290 2852 τότε.
338 2800 449 2854 Καὶ
486 2801 576 2854 διὰ
606 2803 660 2856 τί
702 2804 764 2857 οὐ
800 2805 1001 2870 πάντες
1047 2801 1149 2861 ὧδε
1183 2809 1567 2874 παιδεύονταις
1605 2814 1730 2868 Ὀτι

148 2892 498 2963 μακροτέρας
529 2895 743 2949 δέονται
778 2898 1076 2964 κολάσεως,
1114 2901 1146 2972 ἦ
1180 2902 1322 2955 κατά
1357 2904 1549 2974 χρόνον
1579 2907 1729 2976 ζωῆς

143 2978 497 3054 ἀνθρωπίνης
521 3000 534 3013 ·
581 2986 676 3040 καὶ
713 2988 795 3042 ὅτι
841 2988 998 3043 τοῦτό
1035 2992 1172 3057 ἔστι,
1213 2991 1463 3061 λέγοντος
1499 2994 1730 3051 ἄκουσον

144 3072 362 3129 Παύλου
380 3094 392 3107 ·
424 3080 771 3147 Κρινόμενοι
797 3081 865 3135 δὲ
893 3082 1011 3138 ὑπὸ
1051 3086 1274 3154 Κυρίου
1309 3088 1726 3159 παιδευόμεθα,
1755 3110 1800 3173 C

139 3166 247 3219 ἵνα
280 3169 367 3237 μὴ
414 3172 538 3226 σὺν
589 3173 669 3239 τῷ
712 3176 918 3245 κόσμῳ
986 3181 1450 3251 κατακριθῶμεν.
1490 3183 1613 3237 Ὅτι
1658 3187 1728 3240 τά

138 3260 433 3330 νοσήματα
460 3263 491 3334 ἢ
534 3264 603 3318 δι’
631 3267 927 3337 ἁμαρτίας,
966 3269 1159 3344 ὥσπερ
1187 3272 1282 3326 καὶ
1308 3274 1366 3326 ὲν
1411 3277 1530 3339 ταῖς
1559 3275 1724 3329 Βασι-

136 3350 318 3418 λείαις
347 3356 564 3435 δρῶμέν
585 3376 707 3413 τινα
747 3361 1015 3432 ποδαλγία
1041 3365 1449 3435 κατασχεθέντα
1476 3384 1490 3399 ·
1528 3369 1625 3421 καὶ
1657 3369 1727 3423 δι’

136 3432 502 3517 εὐδοκίμησιν
537 3451 615 3513 ὡς
650 3452 745 3504 ἐπὶ
782 3452 880 3507 τοῦ
922 3454 1043 3509 ἰὡϐ
1068 3471 1083 3488 ο
1125 3432 1339 3525 γίνεται
1369 3460 1465 3514 καὶ
1499 3459 1607 3513 ἀπὺ
1631 3462 1728 3532 ρᾳ-

132 3537 346 3607 Θυμίας
369 3542 462 3594 καὶ
492 3543 601 3597 ἀπὸ
625 3546 1087 3618 γαστριμαργίας.

221 3630 343 3685 Ὅτι
393 3632 475 3700 τὸ,
547 3636 611 3689 '0
664 3639 867 3707 Πατήρ
916 3656 1032 3707 μου
1069 3640 1180 3707 ἕως
1218 3640 1351 3710 ἄρτι
1404 3643 1724 3713 ἐγγάζεται,

128 3721 309 3792 κάγὼ
327 3723 659 3797 ἐργάζομαι,
684 3728 744 3782 τδ
766 3728 1054 3798 ὁμ-οούοιον
1078 3730 1319 3787 δείκνυσι
1346 3749 1359 3763 ·
1389 3735 1484 3788 καὶ
1509 3736 1727 3805 ἀνάγων

127 3815 345 3877 αὐτοὺς
389 3818 497 3874 ἵνα.
525 3820 871 3891 προσέχωσιν
909 3822 1061 3895 αὑτῷ
1100 3823 1176 3887 ὡς
1216 3824 1335 3895 Θεῷ
1360 3841 1375 3855 ⁸
1410 3828 1493 3882 ὄτι
1526 3830 1559 3898 ἠ
1595 3846 1727 3901 προ-

126 3910 372 3981 νοητικὴ
412 3912 641 3983 δύναμις
681 3915 773 3967 καὶ
822 3915 879 3967 ἐν
912 3915 1179 3986 Σαϐϐάτῳ
1206 3917 1359 3970 ἐστι·
1411 3920 1495 3989 ῥεῖ
1532 3920 1643 3992 γάρ
1666 3923 1726 3975 τὸ

127 4004 293 4076 ὕδωρ
324 4004 418 4059 καὶ
449 4005 989 4077 σπερμαίνειπάντα,
1030 4010 1120 4062 καὶ
1155 4007 1310 4073 αὔξει
1341 4011 1438 4068 καὶ
1470 4014 1723 4071 κινεῖται.

214 4097 310 4161 Τὸ,
332 4100 415 4153 Οὐ
437 4098 687 4155 δύναται
718 4102 752 4155 ό
782 4100 914 4166 Υἱὸς
936 4101 1036 4169 ἀφ’
1058 4101 1278 4157 ἑαυτοῦ
1300 4104 1497 4157 ποιεῖν
1519 4105 1723 4170 οὐδὲν,

125 4193 265 4250 ἀντὶ
286 4192 592 4259 τοῦ,Ἀνευ
618 4191 727 4248 τοῦ
746 4193 974 4259 Πατρός
997 4209 1011 4224 ·
1037 4194 1227 4263 ἧγουν,
1250 4194 1403 4247 οὐδὲν
1420 4194 1721 4263 ἀλλότριον,

126 4287 296 4342 οὐδὲν
311 4286 480 4354 ξένον.
499 4289 562 4342 Et
577 4287 685 4355 γὰρ
707 4284 781 4354 μὴ
795 4284 953 4337 τοῦτό
966 4285 1177 4347 ὲστιτδ,
1193 4286 1256 4338 '0
1272 4286 1472 4353 Πατήρ
1484 4304 1603 4354 μου
1616 4288 1727 4355 ἕως

130 4384 270 4451 ἄρτι
284 4380 602 4450 ἐργάζεται,
621 4376 783 4444 κάγὼ
798 4374 1131 4443 ἐργάζομαι,
1146 4375 1598 4445 ἐναντιωθήσεται
1610 4378 1728 4432 τούέ

1831 500 2003 569 iigura
2034 508 2151 552 erat
2181 499 2460 570 baptisini.

1897 588 2057 645 Vens.
2101 592 2153 645 (ί.
2186 591 2301 646 Non
2345 592 2502 647 ﬁdem
2544 596 2613 648 ab
2640 595 2721 651 eis
2773 598 3018 668 exigebat
3068 607 3197 653 ante
3244 597 3411 651 mira-

1829 682 1996 748 cula,
2068 684 2161 739 sed
2234 696 2523 759 postquam
2583 688 2733 744 illiilli
2793 690 3053 746 miracula
3118 689 3409 747 iacientem

1828 774 2094 841 viderant,
2121 777 2390 845 exigebat.

1902 866 2064 924 Vens.
2108 874 2159 927 9.
2203 870 2348 931 Tulit
2379 875 2662 945 grabatum
2696 892 2877 930 suum.
2913 892 3039 930 eum
3066 876 3230 931 simul
3257 876 3413 930 audi-

1829 961 1924 1025 vit,
1959 960 2190 1015 eredens
2215 964 2475 1019 surrexit.
2512 964 2622 1020 Cur
2663 981 2770 1020 non
2817 966 2968 1020 illum
3025 967 3362 1035 interrogant
3396 985 3409 1020 :

1827 1049 1961 1115 Quis
1986 1059 2071 1105 est
2101 1051 2190 1122 qui
2220 1050 2348 1106 fecit
2394 1063 2446 1108 te
2474 1069 2668 1109 sanum
2696 1094 2711 1120 ,
2748 1055 2853 1122 Qui
2906 1057 3043 1109 dixit
3104 1056 3197 1109 tibi
3224 1072 3241 1107 :
3269 1054 3413 1109 Tolle

1828 1140 2107 1209 grabatum
2139 1149 2286 1194 tuum
2308 1143 2333 1197 ?
2357 1139 2438 1197 Ob
2468 1159 2719 1213 magnam
2758 1145 3021 1199 malitiam
3048 1161 3208 1212 ;nam
3241 1145 3411 1199 indis.

1828 1231 2158 1286 criminatim
2225 1236 2715 1304 transgressionem
2759 1251 2922 1305 quam
2989 1236 3222 1291 libuerat
3271 1235 3411 1290 intra

1831 1321 2128 1380 Sabbatum
2169 1326 2548 1383 admittebant.

1905 1415 2067 1470 Vsus.
2107 1418 2194 1472 l3.
2245 1417 2358 1473 Cur
2402 1418 2698 1474 declinavit
2754 1430 3047 1491 p05tquam
3085 1420 3412 1474 miraculum

1830 1504 2096 1562 fecisset?
2123 1507 2204 1562 Ne
2243 1508 2417 1579 magis
2451 1508 2536 1563 bis
2568 1510 2835 1579 praeberet
2874 1511 3221 1566 cxcitationis
3257 1526 3416 1565 ocea-

1829 1601 2063 1653 sionem.
2098 1598 2316 1654 Seiebat
2339 1600 2484 1654 enim
2520 1601 2694 1655 visum
2726 1602 2901 1655 solum
2935 1601 3054 1671 ejus
3090 1618 3250 1673 quem
3279 1602 3413 1658 ode-

1832 1692 1941 1746 rint
1976 1708 2082 1748 non
2114 1708 2338 1763 parvam
2374 1693 2568 1751 invidis
2597 1695 2888 1750 scintillam
2924 1697 3168 1765 injicere.

1900 1783 2070 1842 Vens.
2103 1785 2191 1841 14.
2224 1785 2335 1842 Cur
2361 1787 2492 1842 dicit
2528 1806 2541 1841 :
2584 1786 2731 1853 Ecce,
2761 1805 2925 1844 sanus
2970 1788 3143 1858 factus
3198 1806 3272 1856 es,
3304 1789 3415 1845 noli

1826 1877 2283 1947 peccare?Simul
2337 1880 2584 1950 quidem,
2640 1881 2767 1951 quia
2824 1896 2855 1936 e
2910 1882 3148 1952 peccatis
3204 1883 3413 1937 homini

1830 1971 2056 2027 morbus
2093 1980 2250 2028 ortus
2276 1982 2393 2041 est;
2421 1974 2619 2030 deinde
2648 1983 2853 2041 autem,
2888 1984 2947 2030 ut
2978 1976 3259 2032 discamus
3287 1993 3416 2046 sup-

1828 2057 2054 2127 plicium
2105 2068 2371 2119 aeternum
2405 2077 2513 2117 non
2569 2062 2771 2118 habere
2820 2063 3262 2119 redhibitionem.
3310 2063 3417 2119 lste

1829 2149 1974 2204 enim
2012 2150 2139 2220 quia
2183 2160 2523 2221 peccaverat,
2560 2152 2674 2208 fere
2715 2162 2887 2209 totam
2929 2155 3168 2210 hominis
3208 2171 3302 2225 per
3333 2156 3415 2208 vi-

1830 2251 1937 2294 tam
1975 2242 2323 2311 puniebatur.
2354 2244 2474 2298 Non
2516 2244 2661 2299 enim
2695 2262 2761 2301 cx
2793 2255 3036 2318 tempore
3077 2256 3297 2317 paea-ala
3333 2249 3417 2315 ju—

1830 2331 2105 2400 dicantur,
2148 2335 2243 2391 sed
2300 2351 2367 2391 ex
2404 2344 2598 2393 natura
2650 2337 2766 2408 ipsa
2822 2338 3180 2394 offensarum.
3238 2341 3304 2396 Et
3364 2342 3413 2396 id

1831 2423 2100 2480 discimus
2128 2427 2252 2495 quia
2281 2428 2404 2482 licet
2439 2444 2688 2498 asperam
2723 2431 2914 2486 demus
2945 2430 3011 2486 de
3046 2442 3271 2502 peccato
3303 2449 3417 2502 pm-

1833 2530 1983 2581 nam,
2017 2517 2061 2570 si
2090 2515 2289 2571 deinde
2323 2519 2376 2571 in
2430 2519 2621 2574 eadem
2670 2521 3001 2586 incidamus,
3041 2526 3214 2583 multo
3259 2541 3415 2581 acer-

1832 2606 1989 2662 biora
2026 2607 2142 2663 fore
2190 2611 2519 2669 credendum
2554 2622 2657 2667 est.
2703 2613 2773 2669 Ut
2808 2614 3145 2672 insensibilis
3183 2629 3238 2672 et
3285 2634 3417 2673 eou-

1834 2706 2068 2768 temptor
2101 2707 2231 2758 tunc
2256 2704 2482 2773 punitur
2520 2723 2534 2758 :
2561 2714 2615 2760 et
2644 2721 2743 2761 cur
2777 2724 2884 2761 non
2916 2724 3107 2765 omnes
3143 2710 3213 2764 ibi
3241 2714 3414 2765 corri-

1833 2793 2254 2862 piuntur?quia
2315 2794 2557 2867 longiore
2609 2798 2851 2869 indigent
2903 2815 3063 2871 pcnua
3108 2817 3272 2872 quam
3319 2819 3416 2869 pro

1833 2890 2083 2954 tempore
2124 2887 2379 2942 humana:
2414 2890 2576 2957 vitae;
2614 2903 2666 2945 et
2698 2894 2841 2960 quod
2880 2895 2961 2949 sic
3003 2910 3063 2949 se
3096 2913 3185 2951 res
3221 2898 3411 2954 habeat

1833 2976 1956 3031 audi
1988 2975 2215 3035 Paulum
2251 2980 2555 3047 dicentem;
2583 2981 2828 3037 Jadicati
2852 3000 2883 3037 α
2921 2986 3148 3042 Domino
3189 2990 3413 3056 corripi-

1833 3083 1973 3133 mur,
2009 3084 2072 3124 ne
2103 3086 2222 3126 cum
2272 3071 2368 3127 hoc
2409 3076 2606 3129 arundo
2646 3076 2979 3132 damnentur.
3012 3079 3183 3135 Morbi
3230 3082 3417 3137 incur—

1832 3170 1962 3214 runt
1995 3160 2065 3216 ob
2114 3174 2417 3231 peccatum,
2460 3176 2519 3221 ut
2554 3167 2608 3222 in
2646 3169 2863 3237 palatiis
2895 3170 3145 3229 videmus
3177 3173 3414 3245 aliquem

1830 3255 2068 3325 podagra
2118 3257 2483 3327 laborantem,
2532 3270 2585 3316 et
2641 3263 2712 3317 ob
2757 3263 2955 3319 bonam
2991 3265 3215 3333 famam,
3253 3276 3314 3323 ut
3358 3270 3415 3324 in

1830 3344 1933 3401 Job
1962 3347 2239 3418 videmus;
2273 3351 2528 3407 oriuntur
2564 3354 2728 3409 etiam
2760 3371 2790 3411 e
2815 3356 3032 3427 pigritia
3055 3358 3275 3431 ctgttla.

1904 3626 2066 3683 Vens.
2106 3627 2191 3682 l7.
2233 3628 2401 3684 Pater
2446 3647 2591 3689 meus
2650 3649 2811 3700 usque
2862 3638 3018 3690 modo
3064 3649 3316 3708 operatur
3365 3652 3417 3697 et

1829 3735 1922 3788 ego
1952 3736 2170 3789 operor,
2213 3724 2845 3782 consubstantialitatem
2896 3730 3176 3798 ostendit;
3217 3741 3273 3789 et
3319 3751 3417 3793 eos

1831 3812 2039 3868 inducit
2081 3815 2148 3868 ab
2178 3814 2538 3875 obediendum
2572 3817 2649 3873 illi
2679 3827 2735 3874 ut
2774 3819 2913 3886 Deo;
2945 3822 3074 3891 quia
3101 3822 3409 3883 Providen-

1830 3905 1919 3959 tiae
1945 3905 2120 3962 virtus
2145 3915 2199 3961 et
2222 3906 2275 3961 in
2311 3906 2548 3965 Sabhato
2576 3911 2823 3979 exsistit;
2864 3912 2983 3970 ﬂuit
3008 3918 3152 3972 enim
3174 3934 3337 3990 aqua,
3364 3929 3421 3978 et

1830 3996 2015 4055 omnia
2049 3999 2412 4067 seminantur,
2443 4014 2702 4061 crescunt
2727 4012 2783 4060 et
2806 4017 3115 4065 moventur.

1905 4090 2069 4146 νεεδ.
2104 4092 2191 4147 19.
2218 4092 2341 4147 Νοη
2370 4104 2536 4163 potest
2569 4096 2745 4151 Filius
2771 4114 2805 4153 a
2826 4116 2880 4154 se
2910 4101 3083 4169 [arere
3102 4104 3416 4177 quidquam,

1831 4198 1930 4252 pro
1955 4183 2080 4239 Sine
2104 4184 2374 4250 Patre;id
2403 4197 2488 4242 est
2518 4188 2653 4243 nihil
2688 4189 2951 4255 alienum,
2987 4194 3121 4249 nihil
3148 4209 3417 4253 exterum.

1833 4275 1890 4329 Si
1925 4276 2069 4329 enim
2096 4275 2240 4335 istud
2270 4292 2378 4331 non
2414 4279 2554 4333 idem
2596 4288 2683 4334 est
2709 4296 2775 4334 ac
2808 4296 2827 4333 :
2863 4281 3028 4336 Pater
3069 4300 3213 4339 meus
3256 4303 3420 4356 usque

1834 4369 1989 4417 modo
2018 4376 2270 4433 operatur
2298 4378 2349 4421 et
2399 4385 2493 4439 ego
2524 4386 2733 4439 operor,
2780 4374 3204 4429 contradictoria
3242 4377 3421 4433 forent

128 4495 218 4544 τῳ
241 4475 305 4528 τὸ
323 4472 504 4545 ῥητόν*
518 4474 577 4524 Ἀ
600 4468 731 4537 γὰρ,
748 4467 933 4535 φησιν,
953 4469 985 4519 ό
1002 4467 1203 4533 Πατὴρ
1221 4466 1398 4532 ποιεῖ,
1420 4468 1608 4523 ταῦτα
1631 4469 1727 4523 καὶ

1841 4458 1954 4513 haec
1982 4458 2149 4514 verba
2183 4458 2325 4515 inter
2356 4476 2435 4516 se.
2475 4460 2607 4526 Qua:
2636 4464 2800 4524 enim,
2823 4464 2920 4529 ait,
2942 4463 3105 4521 Pater
3123 4467 3279 4537 facit,
3304 4470 3417 4526 hec

133 4574 173 4625 ὀ
206 4569 341 4633 Υιὸς
359 4565 573 4635 ὁμοίως
590 4559 766 4614 ποιεῖ·
800 4556 1066 4611 καὶτοῦτο
1090 4558 1145 4612 δὲ
1163 4557 1324 4612 πάλιν
1351 4560 1413 4612 τὸ
1438 4560 1728 4629 ὁμοούσιον

135 4661 321 4727 κυροῖ.
392 4656 501 4711 Καὶ
553 4652 681 4722 μετ’
738 4651 916 4719 ὀλίγα
948 4668 961 4681 ·
1004 4650 1098 4715 Τὸ,
1154 4654 1238 4706 Οὐ
1299 4650 1572 4719 δύναται,
1628 4654 1729 4708 οὐκ

131 4747 452 4810 ἀσθενείας,
483 4744 620 4799 ἀλλὰ
652 4744 751 4816 τῆς
786 4744 961 4810 ἄκρας
991 4744 1128 4816 πρὸς
1150 4745 1242 4797 τὸν
1276 4745 1497 4816 Πατέρα
1526 4762 1725 4799 ταυτο-

132 4841 310 4909 φυΐας
352 4855 442 4908 μοι
474 4837 767 4899 πίστωσιςο
813 4836 877 4888 τὸ
916 4835 1025 4904 γάρ
1071 4834 1335 4890 ἀδύνατον
1377 4836 1466 4905 ἐφ’
1502 4836 1630 4890 Υίοῦ
1662 4838 1724 4891 ού

130 4933 200 4986 τὸ
220 4931 608 5000 ἁνεγχὼρητον
633 4928 909 4982 δείκνυσιν
925 4942 937 4957 ·
960 4927 1036 4991 ὡς
1056 4928 1117 4980 τὸ
1137 4926 1399 4981 ἀδύνατον
1419 4926 1727 4994 ψεύσασθαι

130 5028 299 5088 Θεὸν,
328 5026 428 5079 οὐκ
457 5023 764 5085 ἀσθενείας,
799 5023 917 5076 ἀλλ’
947 5023 1123 5092 ἄκρας
1148 5021 1431 5092 δυνάμεως
1478 5022 1724 5087 ἔνδειξις.

128 5120 359 5192 Σφόδρα
398 5119 507 5189 γάρ
543 5121 600 5171 ὲν
636 5118 715 5187 τῷ
757 5118 1047 5187 ἀληθεύειν
1089 5116 1290 5187 πολλὴν
1321 5116 1461 5185 ἔχων
1504 5115 1605 5185 τὴν
1633 5115 1726 5169 δύ-

127 5234 331 5285 ναμιν,
377 5216 477 5268 οὐκ
516 5214 583 5268 ἂν
623 5214 718 5267 ὑπ’
760 5212 1045 5275 ἀσθενείας
1086 5212 1436 5284 κατενεχθείη
1490 5212 1628 5280 πρὸς
1666 5212 1729 5265 τὸ

121 5310 333 5382 ψεῦδος
357 5328 371 5342 ·
405 5308 577 5371 οὕτως
617 5308 699 5373 τὸ,
758 5309 841 5360 Οὐ
875 5306 1125 5360 δύναται
1152 5308 1180 5359 ὁ
1210 5308 1342 5372 Υἱὸς
1373 5306 1477 5375 ἀφ’
1507 5306 1727 5361 ἑαυτοῦ

125 5404 338 5459 ποιεῖν
358 5403 561 5469 οὐδὲν,
590 5401 973 5473 άνεγχὼρητόν
1002 5417 1135 5469 φησι
1166 5399 1256 5452 τὸν
1296 5399 1426 5453 Υίόν
1453 5400 1727 5470 διῃρημέ-

124 5515 239 5568 νην
266 5494 360 5566 τοῦ
400 5496 613 5566 Πατρδς
647 5494 793 5563 ἔχειν
834 5494 1135 5563 ἐνέργειαν.
1167 5492 1242 5544 Οὐ
1276 5492 1385 5560 γὰρ
1412 5492 1639 5545 δυνατὸν
1664 5493 1727 5545 τὸ

126 5589 393 5658 γέννημα
454 5586 582 5657 δίχα
642 5585 736 5639 τοῦ
806 5585 1170 5653 γεννήσαντος
1229 5582 1285 5634 τὶ
1349 5584 1560 5634 ποιεῖν’
1625 5583 1727 5636 οὐκ

123 5677 379 5748 ἐγχωρεῖ
402 5676 463 5729 τὸ
492 5676 838 5743 ἀπαύγασμα
867 5674 988 5743 δίχα
1012 5673 1103 5726 τοῦ
1135 5674 1345 5742 nam;
1375 5672 1689 5727 ἀνατέλλειν
1710 5688 1722 5703 ⁸

128 5766 243 5824 οὐκ
288 5769 464 5823 ἔνεστι
496 5771 587 5823 τὸν
631 5770 823 5826 κλάδον
865 5769 988 5837 δίχα
1028 5766 1126 5838 τῆς
1162 5767 1315 5838 ῥίζης
1361 5767 1550 5839 φέρειν
1586 5784 1724 5840 καρ-

1836 4559 1885 4604 et
1914 4548 2090 4606 Filius
2115 4552 2367 4607 similiter
2399 4554 2528 4621 facit
2556 4571 2577 4610 :
2608 4555 2728 4610 etid
2758 4572 2951 4614 rursus
2972 4560 3417 4621 consubstantia-

1837 4642 2041 4697 litatem
2067 4644 2266 4714 arguit.
2301 4643 2365 4700 Et
2384 4645 2542 4715 paulo
2572 4656 2711 4715 post.
2742 4645 2868 4702 Non
2895 4658 3090 4719 potest,
3128 4668 3419 4723 argumen-

1840 4746 1953 4790 tum
1986 4747 2197 4795 estnon
2224 4739 2579 4803 inﬁrmitatis,
2605 4741 2698 4796 sed
2727 4757 2960 4800 summa
2989 4742 3131 4799 Patri
3158 4745 3419 4803 similitu-

1836 4829 2004 4887 dinis.
2054 4828 2190 4885 Nam
2246 4830 2664 4902 impossibilitas
2717 4834 2771 4889 in
2820 4835 2933 4890 tilio
2987 4852 3098 4893 non
3165 4839 3416 4895 illicitum

1837 4922 2126 4993 signiﬁcat,
2158 4935 2216 4980 ut
2249 4927 2666 4996 impossibilitas
2706 4930 3000 4985 incutiendi
3032 4931 3086 4985 in
3132 4930 3244 4991 Deo
3278 4933 3422 4991 indi-

1836 5018 1982 5073 cium
2014 5028 2098 5074 est
2143 5034 2250 5075 non
2298 5020 2655 5085 inﬁrmitatis,
2704 5022 2796 5077 sed
2835 5038 3064 5078 summa;
3107 5027 3416 5094 potestatis.

1838 5110 1972 5164 Nam
2017 5127 2271 5182 magnam
2303 5115 2539 5168 maxime
2576 5115 2642 5168 ad
2677 5115 2965 5171 dicendam
2998 5117 3283 5173 veritatem
3320 5121 3419 5174 ha-

1837 5204 1974 5259 bens
2011 5205 2333 5273 potentiam,
2381 5222 2488 5260 non
2538 5206 2860 5263 inﬁrmitate
2906 5207 3146 5263 ferretur
3171 5226 3414 5280 unquam

1836 5299 1902 5354 ad
1943 5298 2288 5353 mendacium
2315 5316 2329 5363 ;
2366 5299 2452 5357 ita,
2474 5315 2599 5354 cum
2629 5316 2732 5353 non
2762 5310 2932 5369 potest
2973 5299 3152 5357 Filius
3177 5319 3211 5357 a
3236 5319 3294 5357 se
3329 5304 3420 5373 fa-

1837 5407 1952 5446 cere
2004 5391 2312 5461 quidquam,
2357 5390 2608 5445 illicitum
2653 5391 2852 5446 dicitur
2887 5407 3008 5447 esse
3072 5393 3185 5447 tilio
3232 5406 3291 5450 ut
3324 5394 3421 5449 ha-

1835 5486 1960 5540 beat
2015 5485 2327 5540 distinctam
2378 5500 2407 5539 a
2440 5485 2612 5554 [patre
2657 5485 3057 5554 operationem.
3107 5486 3227 5541 Non
3269 5490 3417 5543 enim

1837 5580 2093 5648 possibile
2133 5588 2215 5634 cst
2272 5579 2517 5650 genitum
2551 5589 2706 5635 extra
2763 5583 3061 5648 genitorem
3115 5581 3414 5651 quidquam

1838 5671 2037 5739 facere,
2065 5688 2173 5727 non
2201 5672 2326 5727 licet
2356 5658 2701 5741 spleiulorem
2730 5679 2883 5725 extra
2908 5679 3114 5740 patrem
3146 5672 3417 5730 emittere.

1838 5781 1945 5821 neu
1997 5767 2119 5825 licet
2166 5776 2422 5822 truncum
2452 5771 2609 5820 extra
2637 5762 2874 5821 radicem
2926 5764 3163 5820 fructtun
3194 5765 3425 5827 facere;
