3884 6208
214 302 343 366 12H

1279 301 1599 361 SCHOLIA
1644 298 1944 361 VETERA
1983 299 2064 359 IN
2102 298 2481 362 JOANNEM.

3321 301 3461 366 1242

210 419 303 469 ἐπὶ
338 419 471 469 πᾶσι
509 416 744 479 δικαίοις
780 414 1074 484 ἑφθέγγου,
1113 414 1227 467 σῶα
1262 416 1477 476 πάντως
1506 414 1572 465 τὰ
1610 414 1777 480 κεφά-

1891 414 2111 467 omnino
2140 416 2315 485 capita
2352 415 2754 484 Scripturarum
2801 413 3204 483 proposuisses.
3242 414 3351 467 Cur
3375 416 3461 467 di-

210 506 339 562 λαια
370 508 477 561 τῶν
526 508 760 578 Γραφῶν
800 507 1124 579 προέφερες.
1172 507 1270 559 Διὰ
1314 506 1367 559 τί
1402 507 1583 567 αὑτοῖς
1615 506 1782 571 λέγει,

208 603 311 663 ὅτι,
355 600 475 665 Τὴν
504 600 708 666 κρίσιν
739 597 947 653 πᾶσαν
969 600 1189 651 δέδωκε
1224 598 1303 661 τῷ
1340 596 1485 661 Υιῷ;
1519 598 1599 658 είς
1625 598 1788 664 φόϐον

210 692 407 753 αὐτοὺς
456 691 741 760 ἐμϐάλλων
763 707 776 721 ⁸
812 689 1000 758 ὥσπερ
1029 689 1084 741 δὲ
1112 689 1430 745 τὸ.Ἕὸωκε
1461 687 1633 754 ζωὴν,
1668 688 1788 739 ἀντὶ

209 785 328 846 τοῦ,
377 784 699 852 Ἐγέννησεν
731 782 892 834 αὑτὸν
933 781 1132 845 ζῶντα,
1170 782 1334 843 ἔστιν,
1366 780 1538 842 οὕτως
1575 782 1668 831 καὶ
1698 779 1784 843 τὸ,

214 875 479 928 Ἔδωκεν
498 874 659 937 αὐτῷ
682 875 903 941 κρίσιν,
925 876 1044 925 ἀντὶ
1068 872 1182 933 τοῦ,
1203 872 1408 943 Κριτὴν
1444 871 1606 923 αὐτὸν
1632 870 1785 936 ἐγέν-

212 983 363 1035 νησε.
399 966 568 1018 Πάλιν
620 968 685 1017 ὲκ
714 965 805 1017 τοῦ
830 967 1027 1024 εἰπεῖν,
1056 963 1117 1016 '0
1154 964 1355 1030 Πατήρ
1378 982 1500 1031 μου
1526 962 1635 1028 ἕως
1658 962 1788 1029 ἄρτι

210 1056 544 1125 ἐργάζεται,
573 1057 737 1125 κάγὼ
784 1056 1123 1125 ἐργάζομαι,
1173 1055 1342 1120 ἔδειξε
1398 1057 1457 1108 τὸ
1503 1057 1786 1125 ὁμότιμον.

225 1147 523 1215 Ἠοέλησαν
554 1150 715 1201 αὑτὸν
743 1148 830 1201 διὰ
861 1149 1015 1201 τοῦτο
1046 1149 1361 1201 ἀποκτεῖναι
1400 1148 1644 1202 Ἰουδαῖοι
1665 1164 1678 1176 °
1708 1147 1790 1200 διὸ

213 1238 312 1305 τὴν
346 1237 492 1303 λέξιν
541 1240 640 1308 μὲν
671 1240 967 1309 καθυφίησι
992 1279 1005 1301 ,
1038 1240 1107 1291 τὰ
1138 1242 1383 1311 νοήματα
1431 1240 1488 1293 δὲ
1532 1240 1599 1292 τὰ
1648 1240 1789 1293 αὐτὰ

213 1332 537 1400 προτίΟησ;ν
571 1331 713 1384 οὑτω
740 1332 915 1399 λέγων
940 1348 953 1361 ·
992 1334 1074 1384 Οὺ
1104 1331 1353 1385 δύναται
1386 1330 1582 1385 ποιεῖν
1607 1330 1789 1383 οὐδὲν

211 1422 552 1489 ἀρ’ἐιιυτοῦ
596 1426 629 1475 ό
672 1424 825 1488 Υἱός.
856 1417 985 1476 Εἶτα
1027 1424 1185 1476 πάλιν
1223 1424 1316 1475 ἐπὶ
1348 1422 1418 1474 τὰ
1474 1421 1653 1490 ὑψηλὰ
1695 1424 1788 1473 ἀν⁴

210 1514 331 1580 ἀγει
363 1513 537 1581 λέγων
564 1530 579 1545 ·
620 1517 677 1568 Ἀ
711 1518 818 1584 γὰρ
846 1515 921 1569 ἂν
946 1516 1175 1580 ἐκεῖνος
1207 1514 1369 1583 ποιῇ,
1407 1516 1537 1585 φησὶ
1559 1554 1572 1576 ,
1605 1513 1791 1567 ταῦτα

209 1604 307 1658 καί
338 1607 373 1659 ό
400 1606 529 1671 Υἱὸς
557 1607 793 1675 ὁμοίως,
832 1608 985 1678 φησὶ,
1026 1608 1200 1660 ποιεῖ.
1237 1603 1366 1658 Εἶτα
1413 1607 1575 1659 πάλιν
1606 1607 1700 1656 ἐπὶ
1726 1604 1791 1656 τὸ

207 1696 625 1767 ταπεινότερονο
653 1698 879 1766 Ὠσπερ
919 1702 1029 1767 γὰρ
1077 1703 1108 1753 ό
1146 1698 1350 1766 Πατὴρ
1382 1698 1593 1766 ἐγείρει
1641 1696 1785 1761 τοὺς

207 1787 460 1855 νεκροὺς
494 1766 589 1843 ttat
617 1766 931 1855 ζωοποιεῖ,
954 1766 1140 1856 οὕτως
1172 1793 1267 1844 κα)
1306 1794 1338 1844 ό
1375 1791 1525 1855 Υἱός.
1562 1786 1694 1843 Εἶτα
1720 1790 1781 1841 τὸ
1819 1766 1860 1819 Β

206 1878 461 1930 ταπεινὸν
488 1880 622 1947 ὁμοῦ
649 1882 741 1932 καὶ
776 1881 979 1950 ὑψηλόν
997 1899 1009 1911 ’
1048 1881 1201 1935 Οὐδὲ
1229 1882 1337 1950 γὰρ
1368 1884 1399 1934 ὀ
1433 1880 1633 1949 Πατὴρ
1660 1880 1782 1947 κρί-

206 1984 297 2020 νοι
337 1968 556 2023 οὐδέιά
578 2010 591 2033 ,
624 1971 783 2024 ἀλλὰ
824 1974 937 2036 τὴν
967 1973 1170 2040 κρίσιν
1200 1970 1408 2027 πᾶσαν
1445 1970 1665 2023 δέδωκε
1703 1969 1783 2035 τῷ

218 2054 345 2117 Υιῷ.
384 2053 513 2107 Εἶτα
546 2057 639 2110 ἐπὶ
667 2058 729 2110 τὸ
764 2058 1121 2128 ὑψηλότατον*
1155 2060 1288 2114 ἰνα
1324 2060 1548 2125 πάντες
1572 2059 1783 2127 τιμῶσι

205 2144 316 2195 τὸν
348 2145 478 2197 flor
505 2146 698 2213 καθὼς
725 2147 931 2217 τιμῶσι
958 2148 1065 2200 τὸν
1092 2151 1341 2215 Πατέρα.
1364 2150 1550 2213 Οὕτως
1583 2153 1675 2203 τὸν
1699 2152 1787 2203 λό-

207 2250 303 2300 γον
350 2238 618 2291 ποικίλλει
639 2255 654 2271 °
691 2239 833 2293 ὥστε
878 2243 989 2303 τοῖς
1024 2242 1122 2310 μὲν
1151 2242 1271 2294 τότε
1306 2243 1561 2307 γενέσθαι
1609 2245 1781 2296 εὐπα-

210 2327 485 2394 ράδεκτον,
514 2331 750 2394 καὶτοὺς
770 2331 863 2385 νῦν
893 2331 1245 2403 ὠφεληθῆναι
1276 2335 1382 2385 ἀπὸ
1402 2334 1508 2385 τῶν
1537 2334 1780 2403 ὑψηλῶν.

211 2414 341 2470 Εἶτα
364 2419 445 2471 ὅτι
472 2422 887 2489 συμπέπλεκται
918 2426 951 2493 ἡ
975 2425 1108 2493 τιμὴ
1138 2425 1232 2477 τοῦ
1270 2426 1401 2477 Υἱοῦ
1426 2429 1492 2494 τῇ
1526 2430 1659 2495 τιμῇ
1684 2428 1781 2481 τοῦ

211 2510 445 2583 Πατρὸς,
470 2514 635 2584 λέγει·
679 2518 732 2569 '0
756 2518 843 2587 μὴ
870 2518 1054 2586 τιμῶν
1080 2519 1185 2571 τὸν
1210 2520 1366 2583 Υῑὸν,
1399 2522 1470 2573 οὺ
1504 2519 1642 2589 τιμᾷ
1677 2523 1789 2575 τὸν

208 2604 463 2673 Πατέρα.

278 2704 353 2756 Τὸ
376 2703 452 2766 δὲ,
478 2705 581 2769 Εἰς
605 2705 807 2772 κρίσιν
826 2706 937 2757 οὐκ
964 2704 1218 2773 ἔρχεται,
1246 2705 1784 2773 ἁλ.1ἰιμεταϐἐ6ηκε

205 2796 324 2849 ἀπὸ
348 2796 453 2848 τοῦ
486 2797 749 2850 θανάτου
783 2796 933 2863 πρὸς
967 2797 1083 2864 τὴν
1111 2796 1284 2864 ζωὴν,
1317 2799 1396 2861 τὸ,
1426 2801 1530 2863 Εἰς
1556 2799 1781 2865 κρίσιν,

206 2887 328 2939 ἀντὶ
363 2886 486 2950 τοῦ,
523 2888 597 2939 Οὑ
646 2888 959 2951 κολάζεται,
990 2889 1050 2940 οὑ
1088 2889 1497 2957 κατακρίνεται.
1542 2889 1782 2940 Θάνατον

205 2975 265 3029 δὲ
285 3017 300 3042 ,
331 2975 392 3030 οὐ
428 2976 637 3034 τοῦτον.
682 2977 819 3031 ἀλλὰ
852 2979 942 3031 τὸν
972 2977 1190 3031 αἰώνιον
1211 2994 1226 3011 ·
1264 2979 1454 3048 ὥσπερ
1487 2978 1583 3032 καὶ
1614 2978 1778 3049 ζωὴν,

205 3068 269 3122 οὐ
300 3067 535 3137 ταύτην,
568 3068 706 3122 ἀλλὰ
733 3070 830 3140 τὴν
860 3071 1106 3123 αἰωνίαν.

281 3162 556 3227 Ἔρχεται
609 3160 731 3229 ὥρα
780 3161 876 3214 καὶ
929 3162 1046 3216 νῦν
1096 3162 1287 3225 ἐστιν,
1337 3161 1436 3215 ὅτε
1480 3164 1537 3215 οἱ
1580 3160 1780 3229 νεκροὶ

204 3252 511 3307 ἀκούσωσι
542 3253 653 3321 τῆς
681 3253 887 3322 φωνῆς
918 3254 1024 3308 τοῦ
1057 3254 1193 3308 Υἱοῦ
1216 3255 1530 3322 ἀνθρώπου
1560 3256 1657 3308 καί
1689 3253 1781 3320 ζή-

206 3361 438 3397 σονται.
484 3346 617 3414 Περὶ
650 3347 899 3417 Λαζάρου
942 3348 1034 3399 καὶ
1072 3346 1232 3399 τοῦτο
1267 3347 1468 3415 ὁμοίως
1504 3346 1671 3414 λέγει.

277 3435 507 3500 Ὠσπερ
524 3434 651 3504 γὰρ,
678 3437 862 3505 φησὶν,
882 3440 914 3489 ό
939 3436 1141 3505 Πατὴρ
1162 3438 1282 3504 ἔχει
1304 3435 1455 3502 ζωὴν
1475 3436 1543 3488 ἐν
1564 3434 1779 3499 ἐαυτῷ,

205 3524 387 3590 οὕτως
416 3527 599 3580 ἔδωκε
622 3529 718 3580 καὶ
744 3532 823 3592 τῷ
847 3527 955 3592 Υἱῴ
977 3527 1131 3595 ζωὴν
1151 3528 1315 3595 ἔχειν
1337 3528 1407 3580 ἐν
1431 3527 1641 3592 ἐαυτῷ.
1670 3525 1781 3595 Τὴν

206 3613 300 3666 τοῦ
325 3655 338 3678 ,
372 3616 557 3669 ἔδωκε
582 3656 595 3678 ,
632 3616 775 3681 λέξιν
826 3618 1057 3671 ἐνταῦθα
1103 3618 1316 3670 τέθεικε
1349 3618 1440 3671 ἐπὶ
1486 3618 1568 3688 τῷ
1611 3618 1780 3681 δεῖξαι

207 3706 367 3776 μόνον
396 3708 463 3759 τὰ
508 3708 601 3759 δύο
635 3711 903 3778 πρόσωπα
925 3726 940 3740 ο
989 3710 1020 3778 ἦ
1050 3710 1207 3762 τοῦτο
1246 3711 1513 3777 λέγει,.τὸ
1543 3712 1779 3782 ἐγείρειν

203 3797 451 3865 νεκροὺς,
492 3797 636 3849 οὕτω
670 3800 764 3851 καὶ
802 3801 880 3869 τῷ
921 3800 1033 3870 Υίῷ
1078 3801 1311 3853 δέδωκε·
1342 3803 1501 3855 τοῦτο
1544 3802 1624 3867 δὲ,
1678 3804 1779 3872 τῆς

203 3887 553 3951 ὑποστάσεως
586 3890 647 3941 τὸ
675 3891 1099 3960 ἀπαράλλακῑον
1124 3893 1352 3960 εἰσάγει.

273 3979 365 4045 Τὸ,
387 3984 594 4049 Καθὼς
634 3985 829 4038 ἀκούω
869 3987 1068 4054 κρίνω,
1104 3986 1288 4054 δηλοῖ,
1317 3988 1376 4039 οὑ
1407 3986 1775 4053 διδασκαλίαν,

197 4078 334 4131 ἀλλὰ
373 4076 432 4128 τὸ
465 4076 565 4145 τῆς
601 4076 783 4147 ψήφου
827 4077 963 4131 ἴσονο
995 4078 1070 4140 ὼς
1112 4079 1178 4131 ἂν
1214 4078 1383 4145 ἔλεγε
1415 4078 1572 4131 Οὕτω
1607 4079 1776 4148 κρίνω

198 4168 399 4221 ὡσανεὶ
436 4168 595 4231 αὐτὸς
639 4171 667 4221 ὁ
716 4169 902 4239 Πατὴρ
932 4172 959 4221 ὁ
992 4171 1192 4238 κρίνων
1232 4171 1339 4237 εἴη.
1383 4171 1448 4221 Τί
1479 4170 1667 4236 λέγει’
1717 4170 1778 4223 Ἠ

198 4262 396 4327 κρίσις
424 4261 460 4326 ἡ
489 4260 604 4328 ἐμὴ
625 4260 824 4315 δικαιά
856 4262 1046 4323 ἐστὶν,
1074 4262 1160 4313 ὅτι
1193 4264 1263 4313 οὺ
1286 4259 1433 4326 ζητῶ
1458 4262 1520 4313 τὸ
1550 4261 1777 4327 θέλημα

196 4353 262 4410 τὸ
292 4353 459 4421 ἐμὸν,
519 4354 610 4405 καὶ
656 4352 725 4404 τὰ
772 4353 932 4419 ὲξῆς;
984 4352 1157 4404 Τοῦτο
1197 4354 1253 4404 δὲ
1296 4352 1532 4404 τοιοῦτόν
1584 4355 1731 4405 ἐστιν
1759 4371 1773 4384 ·

1889 506 1962 560 cit
2023 507 2103 560 eis
2153 507 2313 575 quia,
2358 506 2525 561 Omne
2556 506 2820 575 judicium
2861 507 3002 559 dedit
3041 504 3224 558 Filio?
3256 506 3381 559 Illos
3407 513 3464 558 υι

1888 598 1941 651 in
1977 608 2181 652 metum
2228 599 2471 667 injiciat;
2506 600 2647 653 sicut
2685 608 2887 663 autem,
2930 599 3076 649 dedit
3124 599 3305 659 ritam,
3343 614 3460 666 pro,

1888 688 2074 757 genuit
2098 703 2222 741 eum
2252 690 2541 746 viventem.
2566 688 2766 742 dicitur
2791 704 2804 751 ;
2836 687 2931 749 ita,
2953 687 3101 740 Dedit
3124 688 3460 755 cijudicittm,

1889 794 2009 846 pro,
2037 781 2225 849 genuit
2253 796 2377 835 eum
2402 780 2656 844 iudicem,
2687 779 2909 833 dit-itur.
2941 780 3163 839 lterum,
3207 779 3461 842 dicendo,

1889 868 2054 924 Pater
2090 887 2233 924 meus
2289 887 2451 941 usque
2504 872 2655 922 modo
2699 879 2950 937 operatur
3001 880 3049 923 et
3116 885 3206 938 ego
3256 885 3461 935 operor,

1890 964 2127 1017 ostendit
2172 964 2461 1033 paritatem
2522 964 2823 1033 dignitatis.
2862 963 3129 1016 Volebant
3160 977 3285 1015 cum
3334 977 3462 1029 pro-

1890 1063 2007 1123 pter
2058 1054 2161 1107 ltoc
2199 1063 2436 1109 mactare
2484 1054 2692 1118 Judaei;
2722 1055 2842 1107 ideo
2885 1069 3192 1109 sermonem
3243 1052 3461 1120 quidem

1890 1144 2111 1208 omittit,
2146 1145 2445 1199 sententias
2495 1152 2676 1198 autem
2734 1144 2952 1198 easdem
2992 1144 3201 1213 profert
3255 1145 3327 1195 ita
3383 1142 3464 1193 di-

1888 1237 2060 1291 cendo
2093 1254 2107 1290 :
2139 1236 2259 1289 Non
2322 1247 2490 1306 potest
2543 1235 2718 1290 Filius
2766 1255 2797 1289 a
2852 1254 2905 1290 se
2938 1238 3114 1306 facere
3151 1236 3461 1305 quidquam.

1892 1328 2096 1382 Deinde
2121 1329 2314 1381 iterum
2340 1330 2404 1383 ad
2430 1329 2680 1382 sublimia
2707 1329 2901 1382 attollit
2926 1328 3150 1381 dicens:
3184 1325 3461 1390 Quwcnim

1892 1421 1982 1474 ille
2011 1421 2211 1489 fecerit,
2245 1421 2353 1474 haec
2380 1432 2427 1474 et
2457 1419 2626 1473 Filius
2659 1421 2905 1473 similiter
2925 1419 3075 1487 facit.
3110 1418 3310 1471 Deinde
3343 1430 3465 1466 rur-

1890 1528 1985 1567 sus
2007 1513 2072 1566 ad
2110 1512 2398 1565 humiliOra
2426 1512 2760 1565 descendens
2787 1530 2799 1563 :
2831 1510 2978 1563 Sicut
3006 1512 3145 1563 enim
3177 1508 3337 1561 Pater
3380 1524 3465 1559 su-

1891 1606 2046 1658 scitat
2079 1613 2313 1657 mortuos
2346 1614 2393 1657 et
2430 1604 2679 1671 viviﬁcat,
2714 1604 2787 1655 ita
2815 1612 2859 1654 et
2894 1601 3087 1653 Filius.
3125 1600 3325 1653 Deinde
3358 1599 3459 1650 hu-

1895 1696 2023 1750 tnile
2052 1696 2215 1750 simul
2246 1704 2301 1750 et
2339 1695 2572 1749 sublime
2607 1712 2620 1747 :
2659 1693 2839 1763 Neque
2868 1694 3003 1746 enim
3048 1690 3213 1743 Pater
3250 1689 3465 1757 judicut

1892 1803 2226 1856 quamquam,
2257 1786 2347 1839 sed
2386 1803 2537 1839 omne
2558 1786 2821 1855 judicium
2869 1785 3010 1837 dedit
3062 1780 3245 1844 Filio;
3275 1791 3463 1850 postea

1890 1879 1957 1933 ad
2008 1879 2443 1943 sublimissima;
2491 1878 2557 1932 Ut
2607 1894 2782 1931 omnes
2826 1876 3172 1943 Itonori/icent
3236 1872 3462 1934 Filium,

1890 1972 2024 2025 sicut
2059 1970 2407 2040 honorificam
2452 1969 2688 2023 Patrem.
2718 1969 2789 2023 Ita
2825 1981 3131 2022 sermonem
3178 1964 3371 2024 variat,
3408 1972 3466 2013 ut

1895 2063 1979 2115 his
2009 2079 2131 2131 qua:
2178 2071 2310 2117 tunc
2351 2063 2646 2116 audiebant
2702 2062 2855 2114 ﬁeret
2887 2058 3259 2127 aeceptabilis.
3294 2066 3348 2108 et
3380 2055 3466 2107 his

1892 2155 1987 2222 qui
2024 2171 2169 2207 nunc.
2214 2155 2398 2223 legunt
2444 2154 2730 2207 utilitatem
2779 2160 2994 2220 praestet
3026 2165 3091 2203 ex
3130 2148 3464 2202 sublimitate

1891 2246 2187 2301 sermonis.
2242 2246 2440 2299 Deinde
2486 2245 2613 2313 quia
2654 2244 2955 2312 completus
3002 2250 3086 2295 est
3119 2241 3296 2293 honor
3342 2239 3463 2291 Filii

1890 2339 2097 2393 honore
2141 2336 2341 2403 Patris,
2371 2337 2501 2391 dicit
2533 2354 2546 2389 :
2580 2334 2684 2401 Qui
2729 2352 2833 2389 non
2871 2333 3188 2413 honori/Scal
3229 2328 3458 2392 Filium,

1888 2447 1992 2484 non
2023 2430 2339 2499 honoriﬁcat
2378 2430 2617 2484 Patrem.

1960 2708 2129 2765 Vsus.
2160 2712 2251 2765 24.
2288 2712 2355 2766 In
2385 2712 2649 2781 judicium
2686 2728 2789 2764 non
2834 2710 2993 2774 venit,
3039 2707 3129 2762 sed
3182 2706 3393 2761 transiit
3431 2726 3464 2763 α

1890 2811 2058 2856 morte
2104 2804 2174 2855 ad
2214 2804 2377 2857 vitam
2404 2820 2424 2868 ;
2451 2804 2502 2855 in
2525 2803 2816 2870 judicium,
2851 2816 2969 2868 pro,
3001 2816 3106 2852 non
3141 2800 3367 2869 punitur
3410 2810 3465 2853 et

1886 2909 1994 2947 non
2020 2895 2435 2958 condemnatur,
2464 2895 2615 2947 dicit.
2653 2893 2795 2944 Mors
2832 2891 2922 2944 illa
2954 2906 3060 2943 non
3091 2901 3175 2943 est
3221 2904 3463 2958 pra-scus

1890 3000 2061 3047 mors,
2090 2986 2182 3039 sed
2207 2996 2407 3041 aeterna
2439 3002 2454 3050 ;
2488 2986 2631 3039 sicut
2666 2984 2772 3036 vita
2810 2998 2916 3035 non
2950 2990 3032 3034 est
3070 2996 3330 3049 praesens,
3364 2982 3458 3033 sed

1889 3083 2092 3128 acterna
2133 3077 2264 3130 vita.

1960 3164 2125 3221 Vens.
2166 3167 2256 3221 25.
2308 3165 2456 3219 Venit
2491 3167 2621 3218 hora
2664 3175 2711 3218 et
2749 3180 2887 3217 nunc
2938 3173 3036 3226 est,
3076 3161 3285 3232 quando
3322 3178 3461 3214 mor-

1886 3259 1967 3311 tui
1996 3259 2208 3311 audient
2237 3274 2408 3311 vocem
2444 3256 2576 3311 Filii
2600 3258 2825 3312 hominis
2854 3266 2899 3311 et
2932 3257 3120 3310 vivent.
3155 3254 3227 3310 De
3258 3254 3464 3308 Lazaro

1886 3362 1941 3406 et
1964 3352 2013 3406 id
2040 3351 2289 3405 similiter
2322 3351 2476 3405 dicit.

1958 3440 2122 3496 Vens.
2155 3443 2243 3495 26.
2275 3441 2421 3495 Sicut
2449 3442 2611 3505 enim,
2662 3442 2759 3504 ait,
2816 3440 2979 3494 Pater
3020 3441 3172 3495 habet
3217 3444 3379 3494 vitam
3407 3442 3461 3493 in

1884 3537 2181 3601 semetipso.
2206 3536 2282 3586 ita
2318 3535 2461 3587 dedit
2498 3544 2546 3586 et
2592 3532 2733 3585 Filio
2758 3534 2971 3586 habere
2996 3535 3160 3586 vitam
3196 3535 3248 3585 in
3278 3541 3463 3586 semet-

1882 3626 2014 3693 ipso,
2052 3627 2192 3680 hanc
2224 3641 2409 3680 vocem
2447 3627 2590 3679 dedit
2647 3626 2718 3679 ibi
2787 3626 3008 3679 adhibet
3061 3625 3125 3677 ad
3174 3624 3463 3677 ostenden-

1882 3719 2011 3772 dum
2043 3726 2253 3771 tantum
2294 3718 2433 3773 duas
2465 3733 2762 3786 personas;
2794 3718 2875 3772 vel
2914 3719 2964 3770 id
2998 3718 3151 3780 dicit,
3191 3716 3461 3769 suscitare

1882 3819 2150 3871 mortuos,
2183 3812 2255 3864 ita
2286 3820 2340 3865 et
2382 3811 2531 3863 dedit
2562 3809 2725 3872 Filio,
2769 3810 2872 3864 hoc
2920 3819 3097 3864 autem
3156 3806 3463 3877 hyprstasis

1882 3901 2295 3955 similitudinem
2337 3901 2565 3956 inducit.

1957 3992 2117 4047 Vens.
2153 3993 2244 4048 50.
2278 3992 2426 4049 Sicut
2476 3994 2637 4046 audio
2654 3992 2877 4060 judico,
2909 3992 3146 4047 ostendit
3193 4007 3301 4043 non
3340 4006 3457 4042 ma-

1879 4085 2187 4153 gistcrium,
2219 4087 2309 4140 sed
2338 4086 2623 4141 sententiae
2654 4085 2935 4153 puritatem
2974 4102 2988 4147 ;
3028 4086 3182 4150 quasi
3209 4082 3412 4134 diceret
3444 4097 3454 4131 :

1879 4172 1953 4225 lla
1976 4172 2185 4240 judico,
2218 4158 2274 4227 ut
2303 4176 2415 4243 ipse
2445 4175 2602 4227 l’att-r
2638 4176 2927 4241 judicaret.
2973 4172 3113 4237 Quid
3140 4170 3410 4241 signiﬁcat
3444 4188 3456 4222 :

1877 4260 2152 4316 Judicium
2181 4281 2348 4316 meum
2381 4266 2590 4331 justum
2629 4274 2729 4327 est,
2760 4266 2885 4333 quia
2917 4280 3020 4315 non
3051 4278 3228 4331 quwro
3270 4263 3459 4314 volun-

1879 4363 2045 4406 tatem
2086 4369 2272 4417 meant,
2300 4356 2416 4407 etc?
2448 4355 2597 4406 Istud
2643 4356 2747 4407 tale
2778 4363 2861 4407 est
2894 4371 2907 4406 ε
2948 4354 3259 4406 llebnerunt
3288 4353 3457 4406 Judaei

202 4445 467 4515 Ἐμελλον
494 4444 672 4512 λέγειν
704 4444 927 4525 αὐτῷ,οί
965 4444 1226 4496 Ἰουδαῖοι·
1277 4445 1420 4497 Ἐὰν
1448 4443 1529 4498 σὺ
1559 4462 1775 4513 μαρτυ-

1891 4444 2071 4496 dicere
2103 4444 2177 4495 illi
2210 4460 2222 4494 :
2256 4442 2311 4496 Si
2341 4454 2393 4495 tu
2419 4444 2773 4497 testimonium
2795 4444 2999 4496 dederis
3024 4445 3086 4496 de
3109 4454 3157 4495 te
3191 4444 3326 4511 ipso,
3357 4454 3461 4495 tes--

189 4537 308 4606 ρῇς
360 4536 493 4603 περὶ
534 4534 829 4598 σεαυτοῦ,
867 4537 904 4603 ἡ
950 4536 1245 4604 μαρτυρία
1286 4553 1403 4591 σου
1450 4538 1561 4590 οὐκ
1603 4538 1775 4589 ἔστιν

196 4630 503 4693 ἀληθείας.
556 4630 654 4680 Διὰ
708 4628 867 4680 τοῦτο
918 4624 1012 4680 οὖν
1060 4628 1350 4699 προλαϐὼν
1399 4629 1557 4682 τοῦτο
1607 4626 1726 4681 εἷπε
1755 4668 1770 4691 ,

197 4720 397 4773 ὡσανεὶ
434 4720 609 4787 ἔλεγεο
644 4721 804 4782 Ἴσως
836 4721 1010 4790 ἐρεττὲ
1048 4738 1158 4789 μοι·
1190 4722 1279 4774 Σοὶ
1314 4723 1373 4775 οὑ
1416 4722 1764 4789 πιστεύομεν·

194 4813 316 4865 οὐδὲ
351 4813 459 4879 γὰρ
509 4814 687 4883 ἑαυτῷ
739 4816 1093 4884 μαρτυρήσας
1129 4814 1436 4878 ἀξιόπιστος
1470 4815 1527 4868 ἐν
1560 4814 1771 4885 ἀνθρὼ-

196 4922 338 4966 ποις.
370 4906 445 4957 Οὑ
469 4905 647 4957 τοίνυν
678 4906 812 4975 προς
834 4906 931 4975 τὴν
954 4906 1109 4970 ἀξίαν
1135 4906 1231 4977 τὴν
1255 4906 1445 4969 αὑτοῦ,
1476 4906 1611 4959 ἀλλὰ
1634 4907 1769 4975 πρὸς

192 4998 289 5067 τὴν
324 4998 581 5050 ὑπόνοιαν
616 4998 713 5065 τὴν
747 4997 971 5049 ἐκείνων
992 5038 1004 5059 ,
1044 4998 1136 5049 καὶ
1167 5001 1264 5065 τὴν
1298 4998 1597 5067 μέλλουσαν
1638 5000 1767 5068 παρ’

191 5089 417 5139 ἐκείνων
472 5088 743 5140 ἀντίθεσιν
799 5087 1101 5155 ἐπάγεσθαι
1138 5127 1152 5149 ,
1199 5088 1413 5147 δεικνὺς
1453 5088 1635 5148 αὑτοῖ;
1685 5088 1767 5138 ὅτι

190 5175 299 5231 οἶδε
331 5180 510 5232 αὐτῶν
553 5179 621 5230 τὰ
650 5180 935 5248 ἀπόρρητα
966 5181 1062 5248 τῆς
1093 5178 1352 5240 διανοίας.
1395 5178 1563 5231 Ὅταν
1590 5179 1645 5230 δὲ
1677 5178 1766 5230 λέ-

190 5288 296 5335 γει,
322 5272 403 5322 ὅτι
439 5270 695 5335 Ἀνιηθής
717 5270 887 5321 ἐστιν
908 5268 944 5333 ὴ
975 5268 1271 5336 μαρτυρία
1297 5270 1485 5323 αὐτοῦ
1512 5310 1525 5331 .
1584 5270 1766 5322 αὐτῶν

190 5360 431 5412 δείκνυσι
458 5360 566 5411 τῶν
601 5360 942 5430 πραγμάτων
972 5357 1068 5427 τὴν
1101 5357 1283 5423 φύσιν.

263 5453 387 5505 Ὅτι
411 5454 485 5515 ὡς
513 5452 646 5505 Θεὸν
672 5452 983 5515 ἀξιόπιστον
1008 5451 1169 5502 αὑτὸν
1191 5450 1298 5502 ἔδει
1327 5451 1589 5522 νομίζειν,
1615 5455 1763 5524 τρεῖς

190 5544 533 5616 παραγαγὼν
571 5544 876 5613 μαρτυρίας
917 5541 1023 5594 τῶν
1057 5541 1366 5611 λεγομένων
1391 5582 1405 5606 ,
1437 5542 1505 5595 τὰ
1528 5543 1663 5613 ἔργα
1694 5544 1763 5597 τὰ

190 5638 283 5689 ὑπ’
315 5637 477 5689 αὑτοῦ
509 5638 785 5703 γινόμενα,
820 5635 911 5688 τοῦ
948 5634 1161 5704 Πατρὸς
1192 5635 1289 5704 τὴν
1326 5636 1630 5705 μαρτυρίαν
1655 5676 1669 5700 ,
1702 5640 1779 5691 ab.

202 5726 446 5783 Ἰωάννου
478 5729 754 5799 κήρυγμα.
793 5727 1074 5797 Ἐπιρέρει
1106 5726 1253 5794 γοῦν·
1296 5730 1508 5794 Ἄλλος
1536 5727 1703 5785 ἐστίν
1728 5734 1760 5784 ό

1880 4536 2159 4589 timonium
2188 4544 2332 4586 tuum
2380 4552 2481 4587 non
2519 4546 2595 4588 est
2644 4552 2845 4589 verum.
2898 4535 3024 4589 Ideo
3062 4534 3226 4603 igitur
3257 4552 3459 4602 praeve-

1878 4625 2035 4679 niens
2071 4626 2121 4678 id
2150 4626 2307 4690 dixit,
2340 4627 2494 4697 quasi
2526 4628 2729 4681 diceret
2766 4627 3012 4682 :Forsan
3046 4626 3239 4681 dicetis
3283 4626 3453 4679 mihi:

1876 4714 1992 4768 Non
2024 4716 2117 4769 tibi
2146 4718 2419 4773 credimus
2444 4736 2457 4783 ;
2480 4734 2588 4771 non
2610 4719 2753 4772 enim
2784 4719 2877 4788 qui
2908 4718 2974 4772 de
2992 4734 3051 4773 se
3083 4717 3452 4772 testimonium

1877 4808 2206 4881 dat,dignus
2236 4811 2338 4865 Iide
2378 4812 2628 4865 estinter
2671 4812 2942 4867 homines.
2976 4810 3092 4866 Non
3136 4812 3299 4881 igitur
3333 4826 3447 4879 pro-

1878 4908 1994 4968 pter
2022 4918 2175 4955 suam
2228 4904 2571 4973 dignitatem,
2609 4903 2701 4957 sed
2736 4913 2960 4973 propter
3007 4905 3222 4959 illorum
3271 4903 3455 4972 suspi-

1874 4992 2111 5053 cionem,
2154 5002 2207 5045 et
2241 4994 2603 5061 objectionem
2637 5011 2759 5063 quae
2788 4996 2858 5048 ab
2903 4996 3011 5049 illis
3052 4996 3249 5065 apponi
3282 4995 3447 5049 debe-

1876 5083 1989 5149 bat,
2021 5086 2258 5138 ostendit
2286 5086 2366 5139 eis
2398 5102 2457 5141 se
2505 5088 2864 5156 cogitationes
2898 5104 3089 5141 eorum
3123 5088 3443 5143 abscondita

1874 5190 2102 5229 noscere
2138 5194 2151 5229 :
2193 5193 2362 5245 quum
2404 5194 2531 5231 vero
2564 5179 2694 5233 dicit
2732 5196 2917 5233 verum
2951 5196 3070 5233 esse
3100 5196 3261 5232 suum
3292 5179 3445 5235 testi-

1873 5272 2141 5331 monium,
2177 5270 2413 5324 ostendit
2444 5287 2622 5325 rerum
2654 5272 2892 5341 ipsarum
2922 5283 3197 5327 naturam.

1943 5453 2108 5507 Vens.
2140 5455 2227 5508 5|.
2266 5456 2420 5521 Quini
2444 5468 2500 5510 ut
2531 5458 2696 5511 Deum
2725 5458 3038 5512 credibilem
3070 5458 3216 5511 illum
3248 5458 3443 5513 habere

1871 5556 2139 5615 oporteat.
2166 5554 2265 5601 tria
2306 5549 2512 5618 profert
2540 5552 2850 5605 testimonia
2891 5566 3115 5604 suorum
3148 5549 3441 5617 dictorum,

1868 5656 2032 5710 opera
2078 5658 2200 5713 qua:
2234 5643 2302 5698 ab
2334 5643 2453 5716 ipso
2485 5653 2610 5699 sunt
2637 5643 2801 5708 facta,
2832 5643 3006 5698 Patris
3044 5643 3436 5706 testimonium,

1868 5743 1919 5788 et
1946 5733 2173 5790 Joannis
2218 5736 2570 5805 pt'mcouium.
2606 5735 2767 5789 Infert
2812 5750 3027 5804 nempe,
3056 5734 3205 5787 Alius
3238 5746 3311 5788 cst
3351 5735 3442 5803 qui
