3984 6204
525 268 662 330 ιιι-1

1266 269 1655 330 OPUSCULA
1697 267 2328 329 SCRIPTURISTICA
2372 265 2726 327 INCEBTzE
2767 265 2839 325 XE’

1496 270 1655 330 iULA
1697 267 2328 329 SCRIPTURISTICA
2372 265 2726 327 INCEBTzE
2767 265 3069 326 [ΕΤΑΤΙΞ.

3587 268 3686 332 lilii

524 391 625 442 nisi
659 386 818 440 Pater
848 402 992 439 meus
1025 386 1246 438 traxerit
1275 387 1438 438 eum?
1462 383 1577 438 Non
1622 394 1872 438 coactum
1904 385 2097 448 innuit,

2139 393 2176 445 Α
2202 400 2298 451 με,
2327 383 2435 435 ἐὰν
2454 382 2534 450 μὴ
2559 385 2590 433 ὁ
2615 384 2814 450 Πατὴρ
2840 400 2958 451 μου
2987 383 3216 447 ἐλκύσῃ
3245 381 3454 442 (ιιῖιτόν;
3478 383 3536 434 υῦ
3557 384 3624 435 τὸν
3645 390 3683 439 ἐκ

524 482 616 536 sed
643 494 897 549 magnum
927 477 1275 547 recipientem
1299 491 1329 531 a
1367 475 1474 531 Deo
1503 477 1785 531 auxilium.

600 659 763 713 Vens.
797 659 883 714 45.
920 659 1058 726 Quid
1108 670 1192 714 est
1222 658 1370 726 quod
1411 660 1542 713 dicit
1591 660 1894 729 scriptum:
1932 659 2103 713 Erunt

525 769 702 805 omnes
734 752 986 804 docibiles
1021 751 1150 804 Dei?
1179 751 1316 817 Quia
1355 762 1482 805 tunc
1519 769 1614 822 per
1671 751 1922 806 homines
1984 770 2105 821 quae

527 851 656 896 sunt
680 841 770 895 Dei
797 843 1079 896 discebant
1108 859 1121 904 ;
1153 859 1296 896 nunc
1321 857 1502 898 autem
1532 859 1626 912 per
1651 843 1827 912 ipsum
1878 843 1971 898 Dei
2013 843 2104 897 Fi-

528 933 660 986 lium
689 943 744 987 ct
775 943 1028 988 sanctum
1055 933 1344 1002 Spiritum.

599 1024 764 1079 Vens.
800 1026 890 1080 46.
927 1025 1640 1094 Quomodointelligendum
1673 1025 1933 1080 :‘Patrem
1957 1044 2106 1082 nemo

523 1115 676 1180 uidit,
707 1115 810 1168 nisi
855 1117 898 1168 is
921 1116 1010 1183 qui
1049 1125 1125 1167 est
1159 1133 1191 1168 a
1233 1115 1385 1169 Deo?
1414 1116 1530 1169 Non
1581 1126 1795 1186 oportet
1837 1128 2015 1172 autem
2052 1117 2105 1171 id

525 1207 803 1274 inteligere
843 1208 1140 1262 secundum
1192 1223 1369 1262 causa:
1421 1209 1708 1272 rationem,
1747 1225 1869 1263 nam
1915 1227 2106 1264 omnes

525 1315 553 1350 a
588 1299 694 1351 Deo
722 1315 932 1364 sumus,
965 1301 1057 1354 sed
1108 1299 1408 1354 secundum
1443 1301 1660 1354 modum
1692 1316 1832 1354 vera:
1882 1316 2106 1370 genera-

526 1390 717 1446 tionis.

495 1468 502 1474 ’
598 1483 758 1536 Vens.
797 1480 884 1534 59..
922 1481 1027 1546 Qui
1067 1481 1463 1534 manducauerit
1516 1495 1580 1533 ea:
1624 1480 1720 1534 ltoc
1776 1497 1929 1550 pane.
1977 1483 2108 1535 vivet

525 1574 574 1626 in
636 1584 913 1626 wternum.
966 1574 1074 1626 Aut
1119 1589 1337 1627 carnem
1391 1573 1522 1627 dicit
1578 1581 1673 1626 aut
1720 1573 1917 1628 salutis
1965 1588 2105 1642 pra:-

523 1675 706 1732 Cepla.

2208 474 2327 542 βίας
2361 473 2679 537 αἰνίττεται,
2698 473 2834 526 ἀλλά
2849 474 2939 527 τὸν
2959 473 3155 541 πολλῆς
3188 474 3252 526 ὲκ
3264 472 3394 525 Θεοῦ
3422 475 3684 529 ἀπολαύοντι

2209 565 2550 634 συμμαχίας.

2279 655 2344 706 Τί
2405 658 2554 708 ἐστιν
2615 656 2818 723 ὃλέγει
2867 657 3165 726 Γραφικόνυ
3228 658 3490 710 Ἔσονται
3535 660 3691 724 πάντες

2206 746 2469 800 διδακτοὶ
2503 747 2651 801 Θεοῦ
2677 764 2693 809 ;
2720 749 2843 800 Ὀτι
2874 749 2996 801 τότε
3031 747 3099 800 δι’
3128 746 3423 816 ἀνθρώπων
3467 749 3692 817 ἐμάνθανον

2205 837 2274 889 τὰ
2309 837 2402 890 τοῦ
2434 837 2590 897 Θεοῦ.
2625 839 2718 890 νῦν
2748 839 2806 891 δὲ
2851 840 2920 891 δι’
2968 839 3132 891 αὑτοῦ
3167 838 3297 891 Tia?)
3353 839 3441 890 τοῦ
3495 839 3602 892 θεοῦ
3633 845 3694 894 καὶ

2207 928 2300 980 τοῦ
2335 929 2492 996 ἀγίου
2523 928 2862 997 Πνεύματος.

2281 1018 2403 1081 Πῶς
2451 1019 2744 1072 ἀκουστέον
2772 1037 2785 1049 ’
2834 1019 2946 1072 Τὸν
2973 1020 3205 1086 Πατέρα
3256 1019 3446 1086 οὐδεὶς
3487 1021 3694 1089 ἑώρακεν,

2204 1113 2256 1165 ει
2292 1109 2375 1180 μὴ
2407 1113 2439 1164 ό
2463 1109 2546 1163 ὢν
2567 1111 2635 1164 ἐκ
2670 1112 2776 1165 τοῦ
2800 1113 2992 1177 Θεοῦ;
3037 1114 3110 1165 Ού
3142 1113 3250 1182 χρὴ
3282 1113 3337 1166 δὲ
3371 1114 3497 1166 κατὰ
3524 1115 3595 1165 τδν
3631 1115 3697 1183 τῆς

2208 1205 2385 1267 αἰτίας
2431 1203 2588 1270 λόγον
2618 1207 2760 1256 νοεῖν
2815 1205 3073 1258 ἐνταῦθα·
3126 1207 3328 1269 πάντες
3383 1207 3483 1274 γὰρ
3527 1208 3578 1259 ὲκ
3603 1207 3697 1260 Θεοῦ

2207 1298 2374 1364 ἐσμεν
2403 1313 2416 1326 ·
2453 1297 2588 1350 ἀλλὰ
2641 1297 2781 1349 κατὰ
2820 1297 2910 1350 τὸν
2941 1298 3144 1368 τρόπον
3179 1301 3281 1368 τῆς
3316 1297 3528 1367 ἀληθοῦς
3560 1300 3700 1367 γεννή-

2210 1406 2367 1451 σεως.

2284 1481 2382 1545 Ὃς
2409 1477 2486 1533 ἂν
2522 1480 2682 1550 φάγῃ
2716 1481 2784 1534 ἑκ
2812 1482 2918 1534 τοῦ
2943 1482 3126 1547 ἄρτου
3151 1482 3388 1542 τούτου,
3418 1480 3614 1545 ζήσεται
3644 1482 3701 1545 εἰς

2207 1571 2316 1624 τὸν
2343 1571 2546 1627 αἰῶνα.
2577 1573 2647 1626 Ἦ
2678 1573 2776 1642 τὴν
2811 1573 2992 1642 σάρκα
3044 1574 3221 1642 λέγει,
3250 1573 3283 1643 ἦ
3329 1572 3394 1624 τά
3419 1575 3620 1643 σωτήρια
3646 1573 3700 1624 δι-

2206 1663 2308 1732 δάγ
2317 1682 2482 1734 ματα.

597 1731 757 1810 Vens.
801 1756 888 1811 55.
927 1757 1036 1808 (Zur
1075 1771 1262 1810 verum
1289 1753 1423 1808 dicit
1457 1755 1638 1808 cibum
1696 1763 1750 1808 ct
1779 1770 1969 1808 verum
2008 1770 2102 1824 po-
2136 1761 2170 1815 ι]

2136 1761 2176 1815 B
2276 1731 2375 1809 in.
2405 1757 2458 1809 τί
2505 1757 2682 1826 ἀληθῆ
2721 1731 2926 1828 βρῶσιν
2972 1758 3068 1810 καὶ
3106 1757 3290 1828 ἀληθῆ
3321 1757 3506 1823 πόσιν;
3544 1757 3622 1809 Διά
3659 1758 3697 1807 τι

524 1851 677 1904 tum?
703 1849 837 1916 Quia
883 1850 1057 1904 salvat
1099 1849 1312 1902 animas
1341 1849 1445 1903 ﬁde
1478 1848 1876 1918 recipientium,
1913 1858 1967 1904 et
1997 1866 2099 1903 non

525 1942 664 2010 perit
695 1941 836 1995 sicut
864 1940 1019 1994 cibus
1051 1941 1387 2009 temporalis.

537 2103 548 2110 ,
599 2047 759 2102 Vens.
798 2048 885 2102 5-1.
925 2050 1029 2112 Qui
1070 2053 1356 2102 manducat
1423 2067 1588 2103 nteant
1639 2066 1873 2116 carnem,
1923 2050 1976 2103 in
2024 2066 2103 2102 me

521 2152 733 2196 manet:
766 2141 967 2195 indicat
1004 2157 1167 2194 unam
1227 2158 1324 2211 per
1360 2142 1461 2194 hoc
1509 2143 1686 2211 ipsum
1721 2157 1842 2196 CUtll
1880 2141 2103 2197 Christo

521 2233 980 2300 coniunctionem,
1001 2248 1122 2300 quae
1159 2248 1222 2286 ex
1251 2233 1733 2289 transforn‘iatione
1763 2233 1958 2288 oritur.

600 2320 764 2374 Vens.
795 2321 885 2374 55.
917 2321 1056 2385 Quid
1088 2331 1174 2375 est
1203 2339 1216 2374 :
1251 2322 1318 2376 Et
1369 2339 1462 2392 ego
1513 2324 1834 2377 resuscitabo
1873 2340 1993 2378 eum
2047 2325 2101 2377 in

524 2413 806 2466 novissimo
879 2413 1001 2466 die?
1036 2411 1103 2466 Et
1165 2429 1281 2484 ego,
1331 2414 1569 2469 ostendit
1635 2416 1789 2469 illum
1834 2415 2100 2485 azqualem

523 2504 694 2558 Patri.

595 2617 758 2672 Vens.
791 2616 879 2670 58.
915 2615 983 2669 Et
1044 2633 1138 2686 ego
1190 2617 1301 2670 vivo
1367 2632 1458 2684 per
1526 2615 1759 2682 Patrem,
1829 2617 2103 2687 quomodo

524 2709 972 2779 intelligendum?
1009 2709 1164 2774 Quod
1194 2711 1335 2763 sicut
1369 2710 1476 2764 \‘ita
1507 2720 1590 2764 est
1624 2710 1782 2765 Pater
1816 2711 1888 2764 ita
1917 2721 1971 2765 et
2002 2728 2103 2782 ego

524 2803 672 2855 vivo.
710 2800 796 2862 Et,
816 2801 904 2870 qui
924 2801 1205 2854 manducet
1231 2811 1394 2866 me,et
1415 2801 1523 2870 ipse
1538 2803 1667 2855 vivet
1687 2817 1892 2869 perme.
1926 2802 2099 2856 Vitam

523 2895 714 2948 dicens
765 2892 1077 2962 frequenter
1135 2895 1591 2948 resurrectionem
1639 2894 1856 2949 exhinc.
1888 2895 2000 2948 Cur
2037 2895 2102 2948 de

523 2988 631 3039 vita
680 2985 878 3054 ubique
912 2983 1345 3053 loquitur?Quia
1408 2983 1766 3040 desiderabile
1821 2995 1904 3040 est
1956 2985 2099 3038 istud

525 3077 859 3142 hominibus,
905 3085 958 3130 et
1020 3075 1157 3130 nihil
1206 3087 1313 3130 tam
1369 3075 1672 3145 jucundum
1743 3093 1906 3145 quam
1992 3093 2099 3131 non

525 3171 688 3224 tnori.

596 3260 762 3315 Vens.
791 3259 883 3314 60.
913 3259 1024 3314 Cur
1076 3259 1129 3312 in
1175 3259 1465 3329 synagogis
1506 3267 1560 3313 et
1603 3258 1656 3312 in
1716 3257 1867 3313 festis
1915 3258 2104 3313 diebus

523 3353 790 3408 docebat?
823 3351 950 3405 Sive
991 3351 1212 3420 quidem
1265 3351 1451 3404 volens
1484 3350 1884 3404 multitudinem
1913 3365 2105 3419 appre-

525 3444 784 3508 bendere,
807 3444 922 3497 sive
951 3442 1246 3497 ostendens
1278 3459 1336 3496 se
1381 3458 1484 3495 non
1521 3441 1794 3496 adversari
1827 3442 1993 3496 Patri.

599 3533 763 3589 Vens.
801 3534 892 3589 65.
925 3534 1030 3588 Cur
1056 3533 1231 3588 dixit:
1272 3531 1331 3586 Si
1358 3533 1592 3587 videritis
1634 3531 1832 3584 Filium
1869 3533 2104 3585 hominis

523 3626 888 3680 ascendentem
909 3625 998 3677 ubi
1027 3635 1138 3678 erat
1159 3626 1304 3692 prius
1327 3625 1351 3676 ?
1377 3634 1436 3678 ut
1458 3640 1551 3694 per
1581 3625 1683 3678 hoc
1724 3624 1833 3678 illis
1891 3640 2080 3694 persu-

526 3717 616 3770 det
647 3730 706 3770 se
736 3731 844 3770 non
885 3729 1009 3769 esse
1040 3730 1104 3768 ex
1131 3713 1358 3784 Josepb.

602 3826 769 3882 Vens.
802 3827 884 3881 64.
929 3826 1067 3891 Quid
1091 3835 1174 3881 est
1208 3827 1352 3896 quod
1405 3825 1541 3880 dicit
1570 3846 1584 3881 :
1617 3825 1849 3895 Spiritus
1889 3838 1967 3881 est
2017 3829 2108 3897 qui

524 3921 800 3988 vivi/ient?
833 3918 890 3972 Si
929 3919 1286 3986 spiritualiter
1334 3920 1563 3973 audiunt
1598 3920 1675 3973 illi
1723 3936 1845 3988 quae
1886 3921 1953 3972 ab
1988 3920 2106 3988 ipso

526 4010 804 4064 dicuntur.
830 4008 965 4062 Nam
1000 4009 1094 4078 qui
1152 4009 1442 4063 carnaliter
1471 4010 1640 4073 audit,
1668 4010 1799 4064 nihil
1825 4010 2103 4079 proﬁciet;

525 4100 744 4156 carnale
775 4109 955 4154 autem
989 4108 1072 4154 est
1109 4097 1299 4153 audire
1329 4085 1602 4168 quomodo
1645 4115 1674 4154 e
1704 4101 1842 4154 cmlo
1878 4101 2107 4155 descen-

525 4195 688 4258 derit,
744 4203 797 4248 et
838 4193 1112 4263 quomodo
1147 4200 1394 4261 oporteat
1452 4207 1674 4246 carnem
1738 4193 2098 4252 manducare,

530 4302 652 4355 qua:
703 4294 979 4355 oporteret
1014 4283 1244 4354 mystice
1288 4292 1342 4338 et
1385 4283 1737 4353 spiritualiter
1784 4285 2100 4353 intelligere.

523 4379 652 4433 Ideo
682 4378 865 4432 addit:
904 4377 1073 4432 Verba
1113 4393 1230 4448 qum
1252 4377 1459 4430 locutus
1511 4394 1627 4430 sum
1657 4378 1824 4440 vobis,
1881 4378 2102 4443 spiritus

2214 1846 2407 1911 σώζειν
2449 1846 2548 1910 τὰς
2597 1848 2775 1918 ψυχὰς
2821 1847 2932 1900 τῶν
2993 1849 3178 1900 πίστει
3213 1847 3588 1914 λαμϐανόντων,
3625 1844 3702 1897 ἀλλ’

2211 1940 2310 1992 οὐκ
2339 1939 2629 1994 ἀπολλύειν
2659 1941 2848 2012 ὥσπερ
2878 1940 3355 2011 τὴνπρόσκαιρον
3379 1939 3573 2010 βρῶσιν.

2287 2051 2417 2103 Ὀτι
2448 2054 2482 2104 ὁ
2516 2051 2755 2120 τρώγων
2785 2068 2906 2120 μου
2936 2051 3052 2119 τὴν
3084 2052 3309 2120 σάρκα,
3340 2051 3406 2104 ὲν
3431 2051 3540 2118 ἐμοὶ
3571 2050 3701 2118 μένει.

2211 2140 2320 2210 Τὴν
2346 2142 2411 2194 δι’
2442 2141 2607 2194 αὐτοῦ
2637 2141 2729 2195 τοῦ
2764 2144 2820 2196 ὲν
2855 2141 3006 2212 αύτῷ
3035 2143 3261 2214 Χριστῶ
3282 2143 3556 2213 ἀνάκρασιν
3579 2140 3697 2208 λέγει,

2210 2235 2310 2302 τὴν
2338 2234 2424 2288 διὰ
2457 2236 2555 2305 τῆς
2594 2235 2967 2306 μεταλήψεως.

2281 2329 2346 2381 Τί
2377 2331 2491 2380 ἐστι
2523 2343 2538 2356 ο
2564 2326 2672 2380 Καὶ
2697 2327 2810 2395 ἐγὼ
2827 2327 3161 2394 ἀναστήσω
3177 2327 3366 2382 αὐτὸν
3381 2328 3445 2382 ἐν
3461 2327 3522 2396 τῇ
3538 2326 3698 2395 ἐσχάτῃ

2214 2417 2438 2486 ὐμέρᾳ;
2471 2416 2572 2482 Τὸ,
2609 2417 2802 2486 Κάγὼ,
2832 2418 3103 2471 δείκνυσιν
3156 2419 3320 2472 αὑτὸν
3363 2419 3620 2472 ἰσοστάσιον
3639 2417 3700 2470 τοῦ

2212 2509 2444 2576 Πατρός.

2280 2615 2451 2684 Κάγὼ
2480 2617 2551 2678 ζῶ
2599 2619 2696 2672 διὰ
2752 2618 2860 2670 τὸν
2901 2621 3160 2687 Πατέρα,
3195 2621 3314 2684 πῶς
3367 2622 3586 2690 νοητέον;
3620 2620 3700 2671 Ὀτι

2211 2709 2394 2773 καθὼς
2448 2712 2562 2762 ἐστι
2595 2710 2707 2780 ζωὴ
2765 2711 2793 2762 ὁ
2824 2712 3034 2782 Πατὴρ,
3067 2712 3215 2765 οὕτω
3263 2714 3412 2778 κάγὼ
3456 2713 3540 2777 ζῶ.
3571 2711 3650 2764 Καὶ
3680 2712 3701 2762 d

2210 2802 2445 2870 τρώγων
2465 2820 2560 2870 με,
2587 2803 2865 2869 κάκεῖνος
2888 2804 3128 2869 ζήσεται
3149 2805 3228 2859 δι’
3260 2806 3378 2874 ἐμέ.
3411 2806 3544 2874 Ζωὴν
3582 2804 3701 2870 λέγων

2211 2895 2447 2963 συνεχῶς
2503 2897 2602 2964 τὴν
2667 2897 2964 2950 ἀνάστασιν
3020 2897 3117 2968 τὴν
3155 2899 3386 2953 ἐκεῖθεν.
3425 2899 3510 2950 Διά
3536 2897 3577 2949 τί
3603 2895 3701 2961 ζωῆς

2215 2984 2484 3053 μέμνηται
2517 2986 2789 3056 πανταχοῦ
2811 3003 2825 3050 ;
2849 2987 2970 3039 ’Ὁτι
2990 2988 3245 3041 ποθεινὸν
3269 2989 3420 3041 τοῦτο
3448 2985 3699 3055 ἀνθρώποις,

2211 3077 2301 3127 καὶ
2326 3075 2476 3128 οὐδὲν
2505 3075 2679 3140 οὕτως
2712 3078 2811 3147 ἡδὺ
2842 3078 2916 3141 ὡς
2955 3079 3015 3131 τὸ
3041 3081 3115 3149 μὴ
3149 3080 3455 3134 ἀποθανεῖν.

2278 3257 2377 3310 Διὰ
2407 3257 2460 3309 τί
2491 3259 2548 3310 ἐν
2579 3260 2930 3327 συναγωγαῖς
2961 3261 3055 3312 καὶ
3088 3261 3148 3314 ὲν
3203 3262 3414 3332 ἑορταῖς
3449 3261 3691 3320 imum;

2216 3351 2382 3420 Ἰ)μοῦ
2417 3354 2512 3419 μὲν
2541 3351 2601 3403 τὸ
2627 3352 2830 3420 πλῆθος
2852 3352 3087 3423 θηρᾶσαι
3116 3353 3312 3421 Θέλων,
3339 3355 3462 3425 όμοῦ
3497 3355 3573 3406 καὶ
3613 3353 3689 3403 65t-

2209 3443 2387 3496 κνύων
2414 3444 2607 3497 ἑαυτὸν
2641 3445 2744 3497 ούκ
2779 3446 3021 3499 ἐναντίον
3052 3447 3129 3516 τῷ
3163 3449 3361 3519 Πατρί.

2277 3535 2374 3584 Διὰ
2392 3535 2444 3585 τί
2471 3535 2678 3601 ἔλεγενο
2717 3535 2852 3588 Ἐὰν
2872 3537 3035 3604 ιδητε
3057 3537 3167 3590 τὸν
3182 3539 3318 3592 Υἱὸν
3339 3539 3438 3593 τοῦ
3459 3536 3695 3603 ἀνθμὶιπου

2206 3623 2609 3677 ἀναϐαίνοντα
2639 3625 2792 3679 ὅπου
2833 3621 2908 3693 ἦν
2936 3629 3002 3680 τὸ
3031 3631 3325 3700 πρότερον
3342 3648 3360 3694 ;
3392 3633 3488 3684 Καὶ
3523 3630 3591 3683 διὰ
3614 3625 3694 3680 τοὺ·

2207 3733 2316 3768 των
2337 3717 2566 3784 ἀπάγων
2601 3719 2800 3780 αὐτοὺς
2836 3721 2911 3783 ῶς
2937 3723 3036 3773 οὐκ
3065 3722 3182 3774 ἐστι
3212 3722 3306 3775 τοῦ
3350 3724 3543 3793 Ἰωσήφ.

2271 3825 2345 3877 ’Τί
2390 3827 2536 3878 ἐστιν
2562 3827 2698 3896 ὅπερ
2727 3822 2853 3880 εἷπε
2889 3869 2904 3894 ,
2945 3829 3014 3884 Τὸ
3071 3831 3316 3900 Πνεῦμὰ
3352 3831 3472 3885 ἐστι
3511 3831 3564 3884 τὸ
3601 3828 3692 3890 ζωο-

2217 3917 2468 3982 ποιοῦν;
2507 3918 2580 3970 Τὸ
2613 3921 3006 3989 πνευματικῶς
3030 3922 3252 3976 ἀκούειν
3273 3925 3458 3986 αύτούς
3482 3922 3572 3974 τῶν
3605 3933 3678 3985 παρ

2207 4008 2370 4062 αὑτοῦ
2401 4009 2732 4079 λεγομένων.
2776 4011 2834 4064 '0
2875 4011 2984 4081 γὰρ
3037 4016 3313 4084 σαρκικῶς
3341 4014 3547 4077 ἀκούων,
3587 4010 3689 4063 οὐδὲν

2207 4100 2644 4171 ὠφεληθήσεται.
2679 4101 2952 4172 Σαρκικδν
2990 4103 3046 4156 δέ
3081 4106 3198 4158 ἐστι
3224 4108 3282 4159 τὸ
3312 4107 3508 4159 ἀκούειν
3538 4105 3625 4163 πῶς
3648 4102 3688 4151 ἐκ

2207 4191 2300 4244 τοῦ
2341 4194 2571 4263 ούρανοῦ
2604 4193 2973 4264 καταῦέδηκε,
3013 4197 3256 4260 καὶπῶς
3295 4199 3396 4250 ἔδει
3452 4195 3536 4262 τὴν
3567 4194 3688 4261 σάρκα

2209 4287 2428 4352 φαγεῖν,
2465 4285 2608 4355 ἅπερ
2641 4286 2746 4338 ἔδει
2775 4286 3054 4357 μυστικῶς
3085 4289 3180 4342 καὶ
3204 4290 3551 4358 πνευματικῶς
3578 4285 3686 4337 νοεῖν.

2208 4377 2298 4429 Διὸ
2323 4379 2414 4429 καὶ
2446 4379 2667 4445 ἐπάγειο
2709 4380 2784 4433 Τὰ
2793 4379 3034 4448 ῥήματα
3062 4382 3101 4434 (2
3129 4381 3245 4449 ἐγὼ
3267 4379 3549 4446 λελάληκα
3573 4373 3684 4443 ὑμῖν.

521 4484 568 4523 et
621 4472 725 4523 vita
757 4479 898 4537 sunt,
930 4471 980 4524 id
1011 4481 1113 4536 est,
1143 4468 1455 4540 Spiritualia
1498 4481 1643 4537 sunt,
1695 4471 1829 4524 nihil
1862 4471 2094 4526 carnalis

2137 4449 2176 4501 θ
2205 4469 2444 4538 πνεῦμά
2476 4470 2604 4522 ἐστι
2630 4469 2727 4523 καὶ
2759 4470 2892 4536 (to-ti.
2923 4473 3206 4538 Τουτέστι,
3237 4469 3552 4540 Πνευματικά
3568 4470 3683 4523 ἐστιν,

524 4563 799 4617 habentia.

598 4652 764 4706 Vens.
797 4654 886 4708 65.
916 4654 1203 4718 Quomodo
1247 4655 1656 4724 intelligendum
1683 4673 1697 4707 :
1729 4656 1936 4711 Sciebat
1961 4659 2100 4710 enim

524 4745 589 4798 ab
619 4745 776 4798 initio
810 4746 902 4814 qui
939 4756 1105 4799 essent
1139 4763 1240 4799 non
1279 4749 1589 4801 credentes?
1627 4747 1678 4801 Id
1709 4757 1812 4810 est,
1843 4766 1873 4803 a
1911 4750 2101 4803 mundi

523 4838 828 4906 principio;
871 4847 925 4892 et
971 4838 1085 4892 haec
1114 4839 1246 4894 dicit
1287 4840 1352 4895 de
1397 4839 1536 4895 Juda
1578 4851 1631 4896 et
1673 4840 1874 4898 .ludieis
1923 4843 2102 4898 inere-

525 4929 690 4982 dulis.

600 5035 766 5090 Vens.
801 5036 887 5091 67.
924 5035 1064 5104 Quid
1090 5037 1293 5093 indicat
1322 5060 1334 5093 :
1366 5041 1509 5110 quod
1541 5043 1692 5095 multi
1725 5043 2101 5114 discipulorum

521 5130 635 5199 ejus
659 5130 899 5184 abierunt
923 5131 1106 5183 retro?
1133 5129 1250 5185 Non
1273 5132 1338 5188 de
1360 5134 1645 5188 duodecim
1690 5137 1909 5202 dicitur,
1924 5140 2015 5193 sed
2035 5139 2102 5194 de

523 5224 646 5278 aliis
681 5222 966 5292 discipulis
1009 5239 1072 5278 ac
1123 5224 1257 5293 ipsis
1305 5227 1584 5295 apostolis.
1617 5227 1772 5294 Quod
1819 5241 1996 5284 autem
2028 5232 2102 5285 ita

523 5333 581 5369 se
610 5332 696 5371 res
725 5316 944 5384 haheat,
977 5319 1216 5373 ostendit
1242 5322 1384 5390 quod
1417 5322 1701 5392 discipulis
1741 5324 1907 5379 dicit:
1945 5323 2103 5378 Nun~

519 5408 646 5474 quid
668 5418 716 5460 et
751 5426 839 5462 vos
864 5409 1018 5463 vultis
1046 5411 1190 5465 abire
1208 5413 1234 5465 .9

590 5514 754 5571 Vens.
788 5519 872 5573 69.
897 5517 1042 5584 'Cur,
1064 5521 1278 5578 dicente
1325 5523 1505 5587 Petro,
1552 5525 1631 5578 Αιι
1680 5543 1830 5596 quem
1862 5527 2102 5581 ibimus?

524 5621 630 5658 non
663 5605 876 5661 beatum
901 5610 1038 5665 dixit
1061 5613 1210 5666 illum
1245 5613 1538 5669 Christus?
1562 5614 1638 5671 Nc
1665 5617 1942 5673 videretur
1971 5619 2099 5688 quia

523 5697 962 5761 perseverabant.
995 5719 1054 5758 sc
1086 5704 1190 5760 illis
1214 5705 1445 5761 adulari.

2205 4563 2356 4616 οὐδὲν
2386 4563 2579 4633 ἔχοντα
2608 4564 2896 4634 σαρκικόν.

2275 4657 2402 4720 Πῶς
2460 4657 2678 4728 νοητέον
2716 4657 2820 4718 τδ“.
2847 4659 3011 4729 ’ῌδει
3063 4659 3174 4728 γὰρ
3216 4659 3284 4724 ἐξ
3319 4655 3491 4726 ἀρχῆς
3525 4647 3681 4709 οἵτινές

2201 4748 2536 4817 sime-0111i;
2587 4751 3024 4816 πιστεύοντες-ς
3075 4752 3208 4805 Ἀπὸ
3255 4740 3679 4817 καταϐολῆςφηαὶ.

2203 4842 2408 4912 κόσμου
2434 4859 2448 4873 ·
2480 4841 2637 4895 τοῦτο
2686 4842 2742 4896 δὲ
2780 4845 2908 4914 περὶ
2957 4846 3130 4899 Ἰούδα
3161 4845 3253 4899 καὶ
3283 4843 3384 4897 τῶν
3423 4834 3677 4906 ἀπιστησάνο

2201 4955 2310 4989 των
2345 4937 2637 4990 Ἰουδαίων.

2273 5045 2339 5096 Τί
2359 5044 2528 5113 δηλοῖ,
2552 5047 2634 5098 ὅτι
2668 5049 2888 5100 Πολλοὶ
2932 5047 3050 5099 τῶν
3070 5046 3341 5117 μαθητῶν
3365 5045 3522 5100 αὑτοῦ
3538 5038 3672 5103 tim}!-

2202 5139 2311 5191 θον
2335 5139 2424 5202 εἷς
2445 5139 2517 5191 τὰ
2543 5139 2772 5200 dalata;
2807 5140 2881 5191 Ού
2920 5138 3046 5209 περὶ
3069 5140 3176 5194 τῶν
3200 5140 3394 5193 δώδεκα
3422 5139 3556 5203 λέγει,
3582 5129 3669 5183 illi

2204 5229 2330 5298 ’περὶ
2364 5229 2540 5282 ἄλλων
2573 5231 2834 5301 μαθητῶν
2863 5232 3045 5285 αὐτῶν
3072 5234 3180 5285 τῶν
3231 5230 3527 5286 ἀποστόλων·
3553 5226 3610 5276 ὅτι
3631 5220 3665 5270 δὲ

2202 5317 2374 5381 οὕτως
2397 5320 2539 5382 ἐστὶ,
2569 5321 2727 5391 δῆλον
2764 5323 2826 5374 ἐκ
2853 5321 2948 5374 τοῦ
2980 5322 3160 5390 λέγειν
3185 5325 3290 5384 τοῖς
3328 5320 3553 5392 μαθηταῖς
3574 5329 3583 5340 ⁸
3603 5307 3664 5370 Μὴ

2203 5413 2301 5467 καὶ
2335 5415 2498 5483 ὑμεῖς
2523 5415 2726 5468 θέλετε
2752 5415 3003 5483 ὑπάγειν
3019 5431 3037 5478 ;

2273 5530 2372 5581 Διά
2401 5529 2477 5592 τί,
2505 5530 2750 5592 εἰπόντος
2779 5529 2873 5582 τοῦ
2906 5529 3258 5599 Πέτρου,Ποῦ
3274 5517 3658 5587 ἀπελευσιᾷιεθω

2202 5621 2302 5673 οὐκ
2324 5623 2665 5694 ὲμακάρισεν
2693 5622 2857 5675 αὐτὸν
2881 5622 2908 5673 ὁ
2939 5622 3209 5690 Χριστός;
3247 5622 3355 5672 Ἵνα
3391 5617 3452 5686 μὴ
3478 5612 3570 5678 δόξῃ
3601 5602 3655 5655 διὰ

2204 5713 2262 5765 τὸ
2294 5715 2550 5782 ἐμμεῖναι
2583 5713 2799 5782 αὐτοὺς,
2826 5712 3144 5768 κολακεύειν
3162 5712 3368 5785 αύτούς.
