3884 6208
228 345 359 408 1243

827 465 1075 518 ΚΕΦΑΛ.
1118 466 1189 517 Ζ’.

290 598 388 650 Διὰ
415 599 467 650 τί
495 596 708 664 λέγουσι
737 596 873 666 πρὸς
910 595 1073 649 αὐτὸν
1097 597 1144 646 οἱ
1186 593 1410 662 ἁδελςοὶ
1455 595 1646 652 αὐτοῦ.
1677 597 1794 646 Με-

221 687 426 754 τάϐηθι
483 686 764 740 ἐντεῦθεν
811 689 899 751 εἰς
935 686 1049 752 τὴν
1103 685 1405 739 Ἰουδαίαν
1431 701 1450 749 ;
1495 686 1653 737 Δοκεῖ
1698 685 1796 753 μὲν

221 781 329 834 ἀπὸ
358 778 541 848 φιλίας
571 777 858 847 εἰρῆσθαι·
898 778 1013 830 ἐστι
1045 779 1100 831 δὲ
1133 779 1233 847 οὐχ
1264 777 1462 840 οὓτως,
1501 776 1639 829 ἀλλὰ
1687 777 1797 828 δει-

220 874 338 936 λίας
376 873 470 926 καὶ
500 870 803 942 φιλοδοξίας
841 871 1174 924 σκώπτουσι.
1210 871 1282 923 Τὸ
1318 872 1418 940 μὲν
1450 869 1561 938 γὰρ
1597 871 1791 934 εἰπεῖν,

224 965 353 1017 Οὐδὲ
384 963 465 1016 ἔτι
497 965 554 1014 ἐν
584 962 810 1033 κρυπτῷ
840 964 1005 1023 ποιεῖ,
1025 961 1223 1014 δειλίαν
1253 963 1630 1030 ἐγκαλούντων
1654 961 1792 1014 ἐστί’

220 1058 279 1108 τὸ
309 1055 365 1108 δὲ
390 1053 483 1106 καὶ
511 1054 687 1105 εἰπεῖν
722 1055 780 1105 ὲν
817 1051 1036 1121 φανερῷ
1068 1047 1230 1117 εἶναι,
1271 1051 1604 1120 φιλοδοξίαν.

288 1234 353 1286 Τί
380 1238 494 1286 ἐστι
537 1232 619 1297 τὸ,
663 1233 728 1284 '0
758 1232 960 1300 καιρὸς
997 1235 1028 1286 ὀ
1049 1232 1190 1300 ἐμὸς
1221 1232 1385 1284 οὔπω
1420 1231 1732 1298 πάρεστιν,
1759 1233 1792 1284 ό

219 1325 285 1377 δὲ
326 1326 529 1392 καιρὸς
584 1327 617 1377 ό
652 1323 934 1392 ὑμέτερος
985 1324 1244 1376 πάντοτε
1293 1323 1549 1391 ἕρημος;
1579 1322 1789 1392 Καιρὸν

221 1416 347 1468 ἴδιον
391 1416 478 1467 τὸν
535 1415 627 1466 τοῦ
686 1415 920 1484 σταυροῦ
978 1415 1174 1482 λέγων,
1229 1415 1420 1484 καιρὸν
1458 1414 1514 1467 δὲ
1579 1415 1788 1485 ἔρημον

218 1505 448 1555 πάντοτε
481 1519 494 1533 ⁸
529 1503 673 1565 Ὅτι,
712 1504 897 1572 φησιν,
931 1506 1032 1556 οὐκ
1063 1504 1452 1573 ἀναιρήσουσιν
1492 1505 1660 1572 ὑμᾶς,
1686 1505 1790 1558 κᾶν

213 1596 302 1647 ἀεὶ
337 1595 454 1663 μετ’
501 1595 678 1647 αὐτῶν
710 1591 828 1665 ἦτε.
875 1595 1001 1658 Πῶς
1033 1597 1261 1666 νοητέον
1285 1596 1364 1660 τὸ,
1411 1595 1466 1648 Ὁ
1507 1597 1710 1664 καιρὸς
1755 1599 1787 1649 ό

210 1689 352 1755 ἐμὸς
382 1689 546 1741 οὔπω
572 1690 993 1756 πεπλήρωται;
1026 1689 1150 1742 Ὅτι
1190 1689 1297 1742 ἔδει
1326 1690 1418 1742 καὶ
1456 1693 1657 1760 σημεῖα
1691 1707 1786 1756 γε·

209 1780 414 1833 νέσθαι.

280 1873 361 1923 Οὐ
384 1870 634 1923 δύναται
670 1873 702 1924 ὀ
728 1872 956 1939 κόσμος
976 1870 1182 1941 μισεῖν
1203 1871 1357 1941 ὑμᾶς
1383 1874 1463 1939 ὡς
1490 1873 1560 1927 τὰ
1589 1873 1777 1927 αὐτοῦ

200 1960 654 2029 βουλομένους·
706 1959 811 2029 ἐμὲ
861 1959 949 2025 δὲ,
995 1963 1150 2031 φησι,
1194 1962 1382 2031 μισεῖ,
1437 1965 1520 2016 ὅτι
1573 1963 1779 2033 ἐλέγχω

203 2053 386 2105 αὐτόν.

270 2144 370 2196 Διὰ
401 2142 452 2194 τί
500 2142 602 2196 οὐκ
647 2140 936 2195 ἀναϐαίνει
1000 2142 1140 2212 μετὰ
1200 2143 1307 2196 τῶν
1345 2143 1614 2212 ἀδελφῶν,
1661 2143 1776 2196 ἀλλ’

201 2234 470 2303 ἓσχατον;
514 2233 686 2285 Τοῦτο
736 2233 834 2302 μὲν
888 2231 962 2302 μὴ
1023 2232 1350 2302 βουλόμενος
1381 2234 1540 2302 δῆλον
1584 2234 1777 2285 ἑαυτὸν

200 2335 582 2397 καταστήσειν,
614 2326 796 2388 καθὼς
827 2328 1026 2378 ἐκεῖνοι
1056 2325 1370 2380 ἑὸούλοντο·
1395 2328 1674 2380 ἀναϐαίνει
1694 2329 1770 2393 δὲ,

201 2417 287 2469 ῖνα
320 2419 395 2486 μὴ
442 2418 642 2480 δειλίας
677 2415 818 2470 εἷναι
851 2419 1153 2487 νομίσωσιν
1213 2421 1415 2472 ἐκεῖνοι
1471 2418 1532 2470 τὸ
1589 2422 1772 2489 μεῖναι

199 2510 372 2562 κάτω.

271 2602 426 2662 Τίνος
455 2601 642 2653 ἕνεκεν
681 2601 974 2670 ζητοῦντες
1013 2601 1197 2664 αὑτὸν,
1233 2601 1334 2654 οὐκ
1364 2601 1627 2668 ὀνομαστὶ
1656 2600 1768 2654 ἕλε·

198 2708 316 2761 γον,
347 2694 506 2758 ἀλλὰ,
536 2695 656 2747 Ποῦ
684 2695 858 2747 ἐστιν
895 2693 1165 2759 ἐκεῖνοςς
1205 2693 1338 2746 Ἀπὸ
1372 2693 1572 2764 πολλῆς
1606 2696 1769 2763 εἰρω-

197 2788 346 2850 νείας
381 2789 476 2840 καὶ
506 2787 726 2855 φθόνου.

266 2880 392 2941 Πῶς
425 2879 644 2949 νοητέον
683 2880 742 2931 τὸ
763 2921 776 2943 ,
811 2879 880 2933 ’11
903 2879 1014 2948 ἐμὴ
1047 2865 1263 2948 διδαχὴ
1298 2879 1408 2932 οὐκ
1442 2880 1612 2932 ἔστιν
1629 2878 1764 2947 ἐμὴ,

189 2971 357 3026 ἀλλὰ
397 2972 504 3025 τοῦ
534 2973 884 3040 πέμψαντός
907 2989 1021 3040 με;
1055 2973 1118 3024 ’Ὀ
1139 2961 1285 3039 λέγει
1315 2971 1555 3024 τοιοῦτόν
1582 2974 1728 3024 ἐστιν
1749 2987 1762 3000 ·

193 3044 361 3115 Οὐδὲν
403 3064 512 3130 ἔχω
541 3063 1019 3132 παρηλλαγμένον,
1057 3064 1104 3114 εί
1157 3063 1251 3115 καὶ
1301 3064 1595 3125 ὑπόστασις
1630 3064 1762 3134 ἄλλη

1288 345 1608 406 SCHOLIA
1649 339 1943 404 VETERA
1986 343 2066 404 ΙΝ
2106 343 2457 405 ΙΟΑΝΝΕΜ

1825 461 1875 518 Α

3342 347 3474 412 1250

2510 459 2736 515 CAPUT
2774 461 2887 518 VII.

1968 581 2134 638 Vens.
2169 582 2220 640 ὅ.
2249 585 2362 640 Cur
2389 587 2581 640 dicunt
2617 589 2689 640 illi
2716 588 2911 642 fratres
2939 589 3054 659 ejus
3087 607 3099 642 :
3131 589 3321 644 Transi
3352 591 3474 644 hinc

1899 676 1951 729 in
1996 677 2285 733 Judwam!
2311 679 2561 734 videnlur
2598 682 2816 750 quidem
2870 684 2938 735 ob
2972 683 3270 736 amicitiam
3306 683 3472 738 loculi

1896 782 2037 822 esse.
2065 767 2183 823 Non
2225 781 2404 825 autem
2456 772 2528 825 ita
2560 783 2662 837 est,
2694 773 2786 826 sed
2828 772 3174 826 timiditatem
3207 782 3261 827 et
3287 775 3475 842 glorias

1896 857 2241 926 etipiditatcm
2291 859 2600 914 intendunt.
2641 855 2905 915 ‘Dicendo
2950 862 3116 924 enim,
3173 863 3314 930 quod
3365 879 3470 916 non

1889 949 2002 1018 jam
2053 951 2105 1004 in
2160 952 2372 1005 occulto
2419 953 2609 1016 faciat,
2644 946 2992 1006 timiditatem.
3025 954 3470 1022 exprobrantium

1893 1054 2015 1110 est;
2046 1045 2278 1101 dicendo
2329 1058 2508 1101 autem
2561 1049 2738 1117 palam
2792 1062 2932 1112 esse,
2964 1047 3150 1116 gloria:
3204 1047 3472 1116 cupidita-

1894 1143 2025 1192 tem.

1963 1226 2128 1283 Vens.
2167 1230 2220 1287 6.
2251 1229 2391 1296 Quid
2427 1242 2511 1288 est
2540 1252 2553 1288 :
2589 1233 2811 1300 Tempus
2847 1250 3015 1286 meum
3051 1233 3282 1287 nondum
3316 1239 3472 1288 adve-

1893 1320 1988 1382 nit,
2010 1329 2211 1388 tempus
2238 1333 2410 1373 autem
2433 1334 2660 1376 vestrum
2689 1338 2887 1388 semper
2909 1335 2980 1372 est
3002 1327 3292 1388 paratum?
3316 1326 3442 1377 ΤιἸΙι
3463 1359 3474 1366 -

1893 1424 1993 1478 ριιε
2015 1425 2175 1462 suum
2205 1411 2574 1467 Ct'ucilixionis
2605 1421 2816 1480 tempus
2843 1412 2993 1476 dicit,
3016 1424 3067 1465 et
3099 1421 3310 1482 tempus
3332 1432 3469 1472 sem-

1893 1519 1988 1572 per
2016 1515 2288 1572 paratum.
2314 1505 2474 1573 Quia,
2501 1507 2695 1576 inquit,
2725 1525 2830 1562 non
2860 1525 2952 1562 vos
2978 1509 3245 1569 auferent.
3271 1525 3467 1578 quam-

1893 1595 1980 1648 vis
2011 1612 2227 1664 semper
2281 1613 2404 1651 cum
2464 1600 2543 1653 eis
2583 1601 2815 1654 fueritis.
2849 1600 3467 1670 Quomodoinlelligen-

1891 1686 2020 1738 dum
2050 1702 2064 1738 :
2096 1686 2317 1757 Tempus
2353 1706 2523 1742 meum
2573 1693 2803 1744 nondum
2853 1693 3126 1762 impletum
3171 1703 3250 1748 est
3276 1697 3300 1748 2
3327 1694 3463 1761 Quia

1813 1821 1862 1880 Β
1889 1787 2102 1846 oportet
2123 1795 2352 1848 quoque
2382 1781 2533 1849 signa
2564 1781 2700 1835 ﬁeri.

1952 1866 2121 1923 Vens.
2157 1870 2207 1925 7.
2244 1871 2366 1924 Non
2394 1882 2562 1936 potest
2595 1875 2819 1927 mundus
2867 1874 3038 1928 odisse
3070 1891 3178 1950 ros,
3213 1884 3464 1946 tanquam

1887 1977 2004 2033 qua:
2038 1979 2134 2015 sua
2164 1973 2287 2018 sunt
2340 1965 2602 2032 volentes;
2639 1983 2718 2020 me
2772 1975 2953 2022 autem
2982 1968 3116 2033 odit,
3143 1970 3270 2038 quia
3329 1983 3463 2023 con-

1885 2055 2084 2107 demno
2116 2071 2264 2108 eum.

1962 2143 2126 2198 Vsus.
2168 2145 2219 2198 8.
2250 2137 2364 2200 Cur
2409 2162 2516 2200 non
2573 2148 2820 2203 ascendit
2879 2164 3002 2203 cum
3062 2150 3461 2214 fratribus.sml

1885 2239 2115 2305 postea?
2139 2241 2263 2307 quia
2299 2255 2406 2292 non
2442 2240 2556 2292 vult
2584 2241 2800 2309 quidem
2829 2243 3065 2311 seipsum
3100 2244 3450 2300 inanifestum

1885 2330 2085 2392 facere,
2110 2340 2168 2383 ut
2225 2331 2324 2399 ipsi
2365 2331 2655 2384 volebant:
2691 2334 2936 2387 ascendit
2975 2345 3179 2401 autem,
3205 2353 3270 2390 ne
3317 2337 3462 2391 timi—

1880 2423 2106 2477 ditatem
2147 2423 2232 2478 isti
2267 2432 2478 2493 putent,
2511 2424 2556 2478 si
2597 2423 2736 2478 infra
2767 2435 3033 2480 maneret.

1945 2600 2109 2656 Vens.
2135 2602 2218 2655 ll.
2238 2591 2410 2667 Quam
2427 2603 2496 2657 ob
2527 2619 2748 2658 causam
2768 2617 3071 2674 quaerentes
3100 2622 3224 2662 eum
3240 2625 3345 2664 non
3362 2625 3460 2665 no-

1878 2697 2153 2747 minantes
2185 2696 2395 2757 dicunt,
2424 2698 2540 2762 sed,
2577 2696 2672 2753 Ubi
2701 2709 2778 2752 est
2811 2695 2899 2751 ille
2918 2701 2942 2754 2
2964 2696 3045 2754 0b
3074 2715 3324 2771 magnam
3347 2703 3459 2756 iro.

1877 2783 2020 2835 niam
2057 2791 2110 2836 et
2134 2784 2411 2837 invidiam.

1947 2873 2112 2928 Vens.
2157 2876 2241 2928 16.
2293 2875 2579 2942 Quomodo
2624 2877 3084 2948 intelligendum:
3123 2881 3241 2936 Mea
3266 2884 3460 2938 doctri-

1873 2983 1941 3018 na
1965 2978 2160 3019 nonest
2183 2983 2321 3031 mea,
2344 2968 2433 3020 sed
2457 2970 2569 3036 ejus
2587 2969 2677 3036 qui
2703 2971 2843 3024 misit
2869 2973 2990 3026 me?
3009 2973 3166 3038 Quod
3187 2976 3318 3029 dicit
3349 2977 3456 3030 tale

1872 3067 1956 3111 est
1987 3074 2000 3111 :
2041 3056 2188 3112 Nihil
2226 3059 2398 3114 habeo
2430 3060 2729 3122 diversum,
2763 3063 2890 3117 licet
2918 3080 3148 3132 persona
3179 3067 3281 3119 alia
3325 3066 3452 3119 sint.

188 3154 327 3223 είμί·
354 3153 479 3229 ’ἀλλ’
507 3153 651 3206 οὕτω
680 3155 776 3207 καὶ
811 3154 954 3222 λέγω
981 3155 1074 3206 καὶ
1100 3156 1346 3224 πράττω,
1374 3155 1448 3218 ὡς
1491 3157 1566 3224 μὴ
1616 3157 1766 3224 νομί-

1888 3148 1976 3204 Sed
2002 3150 2076 3204 ita
2112 3150 2304 3220 loquor
2331 3161 2383 3206 et
2425 3167 2529 3223 ago
2553 3161 2612 3207 ut
2657 3170 2768 3209 non
2825 3155 3028 3210 habear
3068 3155 3212 3211 aliud
3262 3157 3390 3228 quid
3421 3174 3454 3214 a

187 3247 381 3310 ζεσοαι
419 3247 605 3318 ἕτερόν
647 3265 698 3298 τι
741 3247 893 3318 παρὰ
929 3248 1019 3300 τὸν
1061 3249 1302 3316 Πατέρα.

259 3342 323 3393 Τί
352 3341 503 3412 δηλοῖ
528 3341 627 3406 τὸ,
675 3340 810 3393 Ἐάν
869 3359 958 3407 τις
1006 3343 1153 3408 θέλῃ
1183 3342 1248 3394 τὸ
1295 3342 1528 3411 θέλημα
1573 3342 1762 3397 αὐτοῦ

181 3432 412 3497 ποιεῖν;
457 3433 773 3496 Τουτέστιν,
818 3432 875 3484 '0
909 3434 1157 3502 ,ἐραστὴς
1202 3432 1298 3485 τοῦ
1345 3432 1460 3503 βίου
1499 3433 1593 3486 τοῦ
1643 3434 1764 3488 κατ’

180 3526 391 3594 ἀρετὴν
422 3526 692 3591 γνώσεται
725 3525 855 3593 περὶ
904 3525 1002 3594 τῆς
1047 3524 1303 3594 διδαχῆςο
1337 3527 1460 3579 ἀντὶ
1499 3527 1616 3593 τοῦ,
1667 3530 1760 3590 ὐς

178 3611 485 3664 ἀποϐλέπει
529 3615 608 3676 εἰς
639 3614 763 3676 τοὺς
817 3616 1124 3684 προφήτας,
1177 3615 1446 3683 γνώσεται
1473 3619 1571 3688 τὴν
1623 3618 1762 3690 ἐμὴν

174 3707 428 3774 διδαχή-δ.

259 3812 382 3866 Ὅτι
413 3816 520 3884 χρὴ
572 3815 842 3882 σκοπῆσαι
871 3817 956 3869 ὅτι
999 3816 1094 3870 τοῦ
1139 3818 1372 3871 ταπεινᾶ
1426 3817 1760 3887 φθέγγεσθαι

170 3906 369 3968 αὐτὸν,
405 3907 594 3960 πολλαί
623 3909 764 3960 εἰσιν
789 3909 982 3972 αἰτίαι,
1005 3903 1118 3962 οἷον
1144 3910 1234 3963 διὰ
1258 3911 1317 3963 τὸ
1353 3911 1429 3980 μὴ
1463 3912 1758 3980 ἀγέννητον

168 3996 322 4054 εἶναι
351 3999 673 4070 νομισθῆναι
702 4015 715 4028 ·
738 3999 826 4052 διὰ
845 4001 907 4053 τὸ
939 4001 1013 4072 μὴ
1049 4002 1294 4055 ἀντίθεον
1313 4018 1328 4033 ⁸
1361 4002 1451 4055 διὰ
1486 4004 1548 4056 τὸ
1575 4003 1757 4073 σάρκα

167 4089 610 4159 περιϐεϐλῆσθαι
637 4107 649 4121 ’
683 4091 772 4143 διὰ
803 4091 862 4143 τὸ
891 4093 1114 4156 ἀσθενὲς
1153 4093 1263 4146 τῶν
1301 4096 1628 4147 ἀκουόντων·
1670 4095 1757 4148 διὰ

169 4185 240 4237 τὸ
303 4181 576 4235 διδάσκειν
638 4185 765 4245 τοὺς
812 4184 1134 4254 ἀνθρώπους
1187 4187 1527 4254 μετριάζειν.
1581 4186 1662 4237 Τὰ
1699 4186 1757 4237 δὲ

167 4272 363 4342 ὑψηλὰ
396 4273 769 4341 φθέγγεσθαι,
815 4277 945 4343 μίαν
985 4275 1136 4346 εὖροι
1198 4293 1282 4338 τις
1337 4277 1650 4341 αίτίαν,διὰ
1697 4277 1758 4329 τὸ

170 4366 418 4437 μέγεθος
449 4367 548 4434 τῆς
582 4366 735 4427 Θείας
768 4367 1006 4432 φύσεως.

251 4475 317 4528 Τί
348 4476 534 4527 ἐστινὸ
551 4476 718 4541 λέγει,
767 4477 850 4526 ὃτι
883 4478 966 4528 Οὐ
990 4476 1218 4541 Μωσῆς
1240 4475 1460 4528 ἔδωκεν
1484 4476 1626 4544 ὑμῖν
1651 4477 1756 4529 τὸν

165 4569 404 4633 νόμον-ς
438 4566 658 4634 Ἐπειδὴ
690 4567 797 4635 γὰρ
829 4566 1120 4618 ἐνεκάλουν
1154 4567 1302 4636 αὐτῷ
1333 4569 1416 4621 ὃτι
1447 4568 1508 4620 τὸ
1538 4569 1753 4622 Σὰὗὸα-

164 4673 269 4707 τον
296 4656 437 4716 ἔλυε,
455 4656 586 4724 πρὸς
616 4657 774 4708 τουτο
797 4657 1032 4721 ἵσταται,
1061 4657 1258 4710 ὡσανεί
1277 4675 1290 4688 ο
1308 4657 1366 4711 '0
1397 4660 1559 4728 νόμος
1577 4657 1751 4711 εἶπεν*

169 4748 264 4796 Οὐ
295 4749 632 4812 φονεύσεις·
669 4748 824 4816 ὑμεῖς
876 4748 928 4800 δὲ
974 4748 1247 4816 φονεύετε.
1283 4751 1537 4819 ’Λφέντες
1572 4747 1663 4805 οὖν
1694 4753 1754 4804 τὸ

165 4839 405 4901 ἑαυτοὺς
438 4841 844 4908 καταδικάζειν,
879 4844 1008 4912 περὶ
1053 4842 1244 4895 τούτου
1297 4845 1420 4913 ἐμοὶ
1472 4843 1750 4910 ἐγκαλεῖτε

162 4929 249 4980 ὼε
308 4932 702 5000 παραϐαίνοντι
755 4933 848 4984 τὸν
898 4933 1064 5003 νόμον
1125 4934 1208 4986 ὅτι
1249 4936 1630 5006 τεθεράπευκα
1660 4938 1754 4989 ἄν·

160 5022 194 5072 0
204 5039 412 5090 ρωπον.

244 5112 310 5166 Τί
342 5115 490 5182 λέγει
521 5115 632 5180 καὶ,
667 5121 766 5170 Διὰ
792 5117 848 5169 τί
877 5116 1006 5187 Heg.
1043 5119 1146 5171 Διὰ
1177 5118 1372 5189 τοῦτο]
1407 5118 1630 5187 Μωσῆς
1658 5120 1752 5172 δέ-

154 5207 364 5260 δωκεν
395 5207 538 5275 ὑμῖν
583 5208 694 5275 τὴν
729 5208 1074 5277 περιτομὴν,
1131 5212 1242 5276 οὺχ
1266 5210 1356 5263 ὅτι
1389 5213 1456 5263 ἐκ
1488 5211 1592 5264 τοῦ
1622 5213 1750 5264 Μω-

152 5297 327 5362 σέως
353 5299 542 5362 ἐστὶν,
568 5299 702 5353 ἀλλ’
719 5301 786 5351 ἐκ
809 5298 1232 5368 τῶνπατέρων;
1268 5303 1326 5354 '0
1356 5301 1479 5363 νοῦς
1508 5301 1750 5364 τοιοῦτός

152 5397 290 5447 ἐστι
324 5407 337 5420 ·
377 5393 475 5462 aia
533 5392 605 5455 τί,
666 5394 850 5461 φησὶν,
907 5394 1082 5456 οὐδεὶς
1129 5394 1417 5446 ἐνεκάλεσε
1465 5395 1657 5448 Μωσεῖ
1710 5395 1742 5461 ἦ

148 5484 436 5556 ἣπείῦησε
493 5485 772 5538 κελεύοντι
818 5486 905 5538 διὰ
951 5486 1048 5555 τὴν
1089 5487 1394 5556 περιτομὴν
1432 5487 1657 5540 λύεσθαι
1687 5487 1748 5539 τὸ

147 5577 490 5644 Σάῦϐατονς
537 5579 788 5647 Δηλονότι
850 5579 923 5641 ὡς
966 5578 1266 5640 Σαϐϐάτου,
1297 5579 1394 5648 τῆς
1438 5578 1747 5646 περιτομῆς

146 5669 333 5734 οὔσης
368 5672 733 5741 κυριωτέρας,
773 5671 951 5723 καίτοι
983 5671 1080 5722 οὐκ
1109 5670 1255 5722 ἔστιν
1291 5671 1356 5722 ἐκ
1380 5669 1475 5722 τοῦ
1500 5671 1745 5732 Μωσέως

149 5766 190 5834 ἡ
216 5764 715 5835 περιτομήίΓχῦτι
751 5762 804 5816 δὲ
832 5763 985 5832 ἔλεγε
1020 5763 1191 5817 θέλων
1211 5763 1409 5830 δεῖξαι,
1437 5765 1518 5817 ὅτι
1557 5765 1744 5834 μεῖζον

1873 3243 2051 3298 Patre.

1949 3331 2112 3386 Vens.
2151 3331 2238 3386 i7.
2267 3330 2406 3399 Quid
2443 3332 2712 3402 signiﬁcat
2741 3351 2755 3387 :
2788 3333 2847 3389 Si
2871 3337 2986 3406 quis
3015 3335 3236 3390 voluerit
3267 3338 3454 3391 voluno
3509 3355 3517 3362 ·

1870 3433 2026 3478 tatem
2074 3425 2188 3493 ejus
2238 3426 2457 3494 facere?
2483 3425 2538 3480 Id
2579 3439 2682 3492 est,
2721 3425 2824 3493 Qui
2859 3438 3005 3482 amat
3037 3429 3204 3482 vitam
3241 3445 3365 3498 quae
3393 3445 3452 3485 es

1866 3519 2165 3570 Secundum
2221 3519 2476 3573 virtutem
2535 3530 2829 3587 cognoscet
2869 3521 2936 3575 de
2989 3521 3244 3575 doctrina
3272 3540 3301 3588 ς.
3341 3523 3450 3586 vel,

1864 3607 1965 3674 Qui
2025 3609 2077 3661 in
2129 3610 2422 3679 prophetas
2472 3611 2716 3682 respicit,
2781 3622 3095 3681 cognoscet
3141 3627 3317 3668 meam
3351 3614 3454 3670 do-

1863 3703 2117 3756 ctrinam.

1933 3809 2099 3865 Vsus.
2136 3811 2219 3865 18.
2252 3811 2614 3866 Considerarc
2647 3819 2862 3882 oportet
2905 3812 2978 3866 illi
3023 3812 3299 3867 humiliter
3354 3813 3447 3869 lo-

1862 3905 2064 3971 quendi
2101 3904 2297 3958 multas
2323 3919 2521 3959 causas
2551 3919 2694 3969 esse,
2727 3905 2958 3971 scilicet,
2981 3914 3039 3958 ιιι
3072 3907 3274 3961 nothus
3301 3922 3447 3974 esse,

1863 4012 1968 4049 nun
2004 4005 2320 4065 reputatur;
2359 4004 2418 4049 ut
2455 4011 2562 4050 non
2601 3997 2803 4066 impius
2827 3997 2880 4050 in
2919 3999 3084 4052 Deum
3131 3997 3448 4053 crederetur

1861 4089 1990 4157 quia
2022 4105 2189 4144 carne
2229 4090 2451 4144 indutus
2479 4099 2631 4156 erat;
2659 4091 2786 4160 quia
2838 4091 3044 4145 inﬁrmi
3086 4100 3244 4146 erant
3285 4093 3446 4146 audi-

1866 4190 2053 4246 tores;
2096 4190 2154 4234 ut
2182 4183 2401 4236 doceret
2443 4183 2693 4238 homines
2725 4184 3003 4239 modestos
3038 4199 3179 4249 esse,
3205 4184 3288 4239 vel
3312 4186 3446 4238 sub-

1860 4270 2008 4323 limia
2036 4272 2305 4333 dicentes,
2351 4287 2513 4323 unam
2546 4273 2786 4326 inveniat
2843 4274 3047 4342 aliquis
3091 4289 3315 4327 causam
3372 4275 3444 4328 ob

1866 4361 2299 4430 magnitudinem
2339 4361 2537 4413 diviia:
2577 4371 2806 4414 natura).

1931 4467 2095 4522 Vens.
2132 4469 2215 4523 l9.
2241 4469 2382 4534 Quid
2437 4479 2519 4522 est
2573 4471 2716 4537 quod
2767 4469 2950 4524 dicit:
2994 4469 3179 4525 Nonne
3229 4471 3440 4542 Moyses

1858 4562 2002 4614 dedit
2055 4562 2202 4615 nobis
2253 4562 2456 4629 legem?
2506 4562 2774 4626 Quoniam
2833 4563 2978 4615 enim
3037 4565 3440 4633 exprobrabant

1859 4657 1931 4708 illi
1966 4655 2110 4724 quod
2143 4653 2436 4708 Sabbatum
2467 4655 2722 4718 solveret,
2743 4654 2863 4708 ideo
2893 4656 3057 4709 instat
3087 4671 3102 4708 :
3131 4655 3238 4710 Lex
3269 4657 3434 4712 dicit:

1859 4745 1981 4799 Non
2005 4747 2250 4810 occides;
2293 4761 2386 4800 vos
2430 4755 2608 4799 autem
2647 4747 2918 4800 occiditis.
2963 4746 3286 4801 Omittentus
3334 4747 3436 4817 igi-

1859 4850 1945 4892 tur
1980 4855 2074 4893 vos
2107 4841 2254 4909 ipsos
2281 4841 2674 4902 condemnare,
2719 4838 2786 4892 de
2818 4840 2920 4893 hoc
2956 4855 3040 4892 me
3077 4842 3343 4895 incusatus
3376 4849 3436 4894 ut

1856 4933 2176 4987 violatorem
2211 4933 2369 5001 legis,
2395 4934 2524 5002 quia
2550 4933 2738 4986 sanavi
2773 4933 3079 4987 hominem.

1930 5120 2097 5174 Vsus.
2131 5121 2222 5174 22.
2258 5119 2397 5184 Quid
2456 5119 2634 5172 dicit:
2691 5119 2980 5188 Propterea
3034 5118 3240 5187 Moyses
3289 5119 3430 5172 dedit

1853 5215 1994 5268 vobis
2047 5211 2644 5271 circumcisionrm,non
2695 5214 2820 5277 quia
2880 5227 2945 5266 ea:
3003 5211 3180 5281 Moyse
3203 5221 3301 5271 est,
3340 5210 3428 5262 sed

1851 5323 1915 5360 ex
1940 5306 2224 5374 patribus?
2249 5304 2457 5357 Sensus
2481 5304 2602 5358 talis
2628 5313 2711 5356 est
2743 5322 2754 5357 :
2787 5304 2916 5367 Cur,
2935 5303 3030 5367 ait,
3053 5320 3208 5356 tielno
3237 5316 3430 5369 exproo

1852 5399 2027 5450 brav:t
2051 5395 2218 5465 Moysi
2242 5434 2258 5458 ,
2285 5405 2378 5446 aut
2402 5395 2620 5448 oln-dire
2644 5394 2832 5448 abnuit.
2850 5395 3057 5461 jubenti
3082 5409 3175 5461 per
3197 5394 3426 5447 circnm-

1850 5492 2110 5546 cisionetn
2147 5489 2281 5542 Solvi
2327 5488 2666 5540 Salihnlum?
2700 5487 2988 5541 Evidenter
3015 5490 3157 5555 quod
3191 5486 3424 5541 Subhato

1849 5585 2024 5653 major
2060 5591 2148 5635 est
2181 5583 2550 5639 circtnncisio,
2588 5591 2829 5634 attamen
2885 5595 2990 5632 non
3047 5589 3130 5634 est
3170 5595 3198 5631 a
3237 5581 3423 5648 Moyse

1849 5671 2219 5725 cii-rutm-isio.
2253 5669 2374 5724 llaec
2406 5681 2584 5723 autem
2612 5670 2748 5723 dixit
2781 5680 2836 5722 ut
2861 5670 3176 5724 ostenderet
3201 5686 3257 5723 se
3287 5685 3422 5738 opus

1847 5765 2268 5820 circumcisione
2301 5763 2476 5832 majus
2514 5762 2722 5816 iecisse.
2755 5759 2991 5815 Dii-endo
3043 5771 3221 5817 autem
3253 5774 3421 5816 totum
