3982 6214
289 313 425 375 ῙΞ53

865 430 1118 482 ΚΕΦΑΛ.
1153 429 1234 485 II'.

349 557 446 610 Διὰ
477 557 526 608 τί
555 556 700 622 λέγει
726 557 808 619 τὸ,
842 560 846 567 ’
887 556 1032 626 Ἐγώ
1061 558 1173 625 ειμι
1200 559 1265 611 τὸ
1295 557 1422 624 φῶς
1452 561 1558 612 τοῦ
1582 561 1848 629 κόσμους

294 647 512 716 Ἐπειδὴ
539 647 726 714 ἔλεγον
759 643 922 699 αύτδν
968 650 1032 700 ἐκ
1078 649 1179 717 τῆς
1227 647 1512 713 Γαλιλαίας
1541 648 1701 717 εἶναι,
1732 651 1854 706 ἐπι-

283 738 556 807 φέρεηότι
573 738 686 790 Οὐκ
708 737 765 804 ἐξ
782 738 950 806 αὐτῆς
981 740 1074 792 καὶ
1095 741 1153 792 ού
1178 737 1242 792 δι’
1268 740 1434 811 αὐτὴν
1459 738 1640 813 ἦλθον,
1665 744 1851 814 φησὶν,

280 831 401 881 οὐδε
447 829 533 882 δια
564 829 660 899 τὴν
693 830 1076 900 Παλαιστίνην,
1125 831 1261 885 ἀλλὰ
1291 833 1378 886 διὰ
1407 834 1467 886 τὸ
1514 835 1606 887 τὸν
1638 837 1853 890 ᾶπαντα

281 919 486 985 κόσμον
543 918 798 986 φωτίσαι.
852 920 924 972 Τὸ
949 920 1030 983 δὲ,
1083 926 1166 975 Οὐ
1217 923 1608 991 περιπατήσει
1656 925 1726 978 ἐν
1779 923 1854 994 τῇ

281 1013 517 1077 σκοτίῃ,
543 1013 662 1064 ἀντὶ
694 1011 810 1077 τοῦ,
835 1013 925 1065 Ἑν
957 1017 1020 1084 τῇ
1053 1016 1229 1086 πλάνῃ
1265 1019 1463 1070 κεῖται.

351 1102 448 1166 Τὸ,
491 1103 689 1171 Ὑμεῖς
719 1105 868 1158 κατὰ
905 1104 1021 1172 τὴν
1047 1105 1243 1173 σάρκα
1273 1110 1522 1174 κρίνετε.
1561 1108 1622 1160 τὸ
1649 1108 1854 1171 ἀδίκως

282 1193 490 1263 κρίνειν
533 1193 703 1260 λέγει’
743 1194 992 1263 καθάπερ
1021 1196 1114 1248 καὶ
1150 1197 1210 1248 τὸ
1249 1198 1390 1250 κατὰ
1425 1200 1604 1270 σάρκα
1639 1198 1760 1268 ζῇν,
1792 1200 1852 1251 τὸ

283 1286 500 1354 φαύλως
527 1286 646 1356 ζῇν.
681 1288 777 1340 Διὰ
830 1288 882 1340 τί
924 1288 1159 1357 ἀλλαχοῦ
1218 1288 1413 1354 λέγων,
1447 1291 1528 1344 ὅτι
1571 1291 1632 1344 '0
1654 1291 1854 1358 Πατὴρ

279 1382 468 1449 κρίνει
518 1381 760 1445 οὐδένα,
809 1383 972 1436 ἀλλὰ
1004 1384 1116 1451 τὴν
1141 1385 1346 1453 κρίσιν
1382 1387 1588 1440 πᾶσαν
1633 1386 1853 1439 δέδωκε

279 1469 359 1534 τῷ
400 1470 527 1535 Υίῷ,
563 1470 796 1523 ἐνταῦθα
845 1472 1017 1540 λέγει’
1077 1473 1224 1543 Ἐγὼ
1269 1476 1340 1528 οὐ
1367 1477 1547 1544 κρίνω
1588 1476 1851 1544 οὐδένας

281 1562 404 1616 ’Ὁτι
465 1563 624 1616 τοῦτο
671 1564 733 1616 οὐ
779 1565 908 1635 περὶ
953 1565 1046 1617 τοῦ
1085 1567 1370 1635 μέλλοντος
1421 1568 1568 1636 λέγει
1619 1569 1852 1642 καιροῦ,

280 1655 457 1706 ἐκεῖνο
484 1654 539 1707 δὲ
577 1657 703 1724 περὶ
733 1653 829 1726 τῆς
860 1655 1118 1727 δευτέρας
1150 1659 1472 1729 παρουσίας.

351 1746 536 1799 Εἰπὼν
578 1747 656 1808 δὲ,
710 1747 790 1799 ὅτι
817 1748 1016 1813 Μόνος
1053 1752 1163 1803 οὐκ
1195 1751 1332 1819 εἰμί,
1365 1750 1504 1805 ἀλλ’
1541 1751 1656 1820 ἐγὼ
1690 1753 1786 1807 καὶ
1821 1757 1853 1808 ό
1891 1795 1930 1851 Β

282 1837 524 1906 πέμψας
558 1855 634 1906 με
660 1839 882 1906 Πατὴρ,
923 1839 1216 1907 δείκνυσιν,
1256 1843 1337 1895 ὅτι
1386 1843 1499 1896 Ούκ
1540 1843 1652 1912 ἐγὼ
1698 1844 1858 1916 μόνος

283 1930 630 1994 καταδικάζω
647 1932 812 2000 ὑμᾶς,
832 1931 968 1984 ἀλλὰ
985 1933 1079 1986 καὶ
1095 1934 1122 1985 δ
1142 1934 1328 2005 Πατήρ
1394 1935 1452 2006 ἢ,
1473 1935 1559 2000 Ὠς
1588 1937 1718 2005 ἐγὼ,
1737 1938 1858 1991 οὐδὲ

280 2019 414 2085 ἐγὼ,
435 2021 479 2071 εί
498 2018 573 2089 μὴ
592 2019 665 2082 ὡς
686 2027 712 2072 ὁ
729 2020 938 2090 Πατήρ.
958 2023 1054 2073 Διὰ
1075 2023 1231 2074 τοῦτο
1250 2024 1342 2076 καὶ
1357 2025 1626 2096 ἐπίφερει,
1645 2027 1860 2092 ὅτι,Καὶ

280 2110 352 2161 ἐν
387 2108 465 2172 τῷ
505 2111 668 2177 νόμῳ
698 2108 778 2174 τῷ
819 2110 1078 2178 ὑμετέρῳ
1111 2112 1452 2180 γέγραπται,
1499 2115 1587 2168 ὅτι
1617 2117 1728 2171 δύο
1757 2118 1862 2170 ἀν·
1891 2166 1896 2170 .

282 2197 531 2266 θρὼπων
561 2199 594 2266 ἡ
616 2199 910 2266 μαρτυρία
940 2200 1179 2268 ἀληθής
1209 2201 1398 2255 ἐστιν’
1501 2203 1659 2256 τοῦτο
1689 2205 1856 2273 λέγει,

285 2292 373 2343 ἴνα
397 2290 548 2363 δείξῃ
585 2291 666 2344 ὅτι
695 2292 978 2361 ὁμοοᾶσιος
1003 2292 1097 2345 τοῦ
1134 2293 1346 2364 Πατρός
1382 2296 1552 2348 ἐστιν.

355 2382 422 2434 Τί
449 2385 562 2434 ἐστι
591 2382 676 2444 τὸ,
710 2383 884 2436 Οὔπω
909 2383 1188 2449 ἐληλύθει
1214 2383 1252 2451 ’ἡ
1285 2383 1404 2450 ὥρα
1429 2385 1654 2448 αὐτοῦς
1681 2385 1861 2439 Τοῦτό

287 2475 401 2526 ἐστι
429 2473 523 2538 τὸ,
556 2474 780 2528 Οὐδέπω
812 2473 1001 2546 καιρὸς
1032 2471 1100 2546 ἦν
1138 2477 1442 2546 ἐπιτήδειος
1481 2479 1604 2530 καθ’
1637 2477 1696 2531 ὃν
1736 2479 1861 2546 ἠθε-

290 2567 345 2618 λε
375 2583 508 2618 σταυ
519 2565 778 2637 ρωθῆναι.

370 2676 459 2728 Ἐν
509 2675 586 2747 τῷ
632 2676 811 2746 λέγειν
852 2677 944 2732 τὸν
991 2675 1224 2748 Χριστὸν
1272 2677 1536 2748 συνεχῶς,
1564 2678 1662 2732 ’ὅτι
1715 2675 1863 2748 Ἐγὼ

285 2767 496 2837 ὑπάγω
526 2767 625 2821 καὶ
668 2767 951 2837 ζτηταήσετέ
981 2787 1078 2838 με,
1117 2771 1206 2823 διὰ
1240 2771 1300 2824 τὸ
1341 2769 1652 2825 κατασείειν
1681 2771 1862 2826 αὐτῶν

286 2861 389 2922 τὰς
433 2859 633 2928 ψυχὰς,
683 2861 881 2912 ἐκεῖνοι
943 2861 1290 2932 ἐπιφέρουσι·
1341 2864 1495 2927 Μήτι
1547 2863 1869 2917 ἀποκτενεῖ

286 2950 542 3014 ἐουτόνς
587 2951 680 3003 καὶ
725 2950 790 3003 τὰ
831 2951 992 3020 ἑξῆς·
1039 2953 1202 3014 αὐτὸς
1251 2951 1492 3024 ἀναιρῶν
1538 2956 1720 3008 αὐτῶν
1764 2956 1863 3027 τὴν

291 3041 548 3121 ὑποψίαν,
584 3043 768 3112 φησίν’
809 3043 996 3111 Ὑμεῖς
1027 3045 1096 3098 ἐκ
1129 3043 1245 3098 τῶν
1261 3045 1414 3099 κάτω
1445 3048 1606 3110 ἐστὲ,
1638 3049 1752 3118 ἐγὼ
1792 3051 1862 3103 ἐκ

1346 317 1673 377 scum“
1715 285 2008 379 vauA
2051 317 2134 376 IN
2167 316 2540 378 JOANNEM.

3398 321 3530 386 125i

2542 429 2769 484 CAPUT
2810 432 2943 487 VIII.

2041 555 2199 612 Vens.
2246 558 2330 612 I2.
2363 556 2476 612 Cur
2497 559 2628 612 dicit
2657 573 2672 609 :
2712 559 2818 626 Ego
2848 577 2964 612 sum
3013 560 3105 612 lux
3137 563 3356 618 mundi!
3394 580 3531 633 quo-

1964 648 2108 700 niam
2129 649 2380 702 dicebam
2401 666 2526 702 eum
2548 665 2576 702 a
2601 649 2980 714 Galila-ucsse,
3007 655 3300 721 cxponitse
3325 672 3427 707 non
3461 672 3527 708 ex

1963 737 2051 792 illa
2080 755 2203 792 esse
2231 750 2326 791 aut
2345 739 2414 792 ob
2443 738 2591 792 illam
2619 739 2852 803 venisse,
2869 757 3042 811 neque
3058 744 3127 796 ob
3152 739 3526 804 Pnlzestinam.

1961 831 2055 881 sed
2112 829 2176 881 ad
2230 829 2648 882 illuminandum
2705 832 2968 886 mundum
3024 834 3362 889 universum.
3407 833 3529 890 Non

1960 917 2256 972 ambulabit
2281 923 2337 974 in
2368 921 2615 985 tenebris,
2649 922 2698 975 id
2726 934 2829 985 est,
2883 940 2989 976 non
3024 926 3076 979 in
3108 941 3294 980 errore
3324 938 3526 982 manet.

2033 1099 2198 1157 Vens.
2228 1103 2311 1158 I5.
2337 1103 2438 1157 Vos
2473 1106 2758 1159 secundum
2791 1111 3295 1178 carnemjndieatis.
3329 1115 3402 1168 De
3438 1117 3524 1169 in-

1953 1194 2103 1262 juste
2125 1195 2331 1263 judicio
2361 1197 2525 1263 dicit;
2564 1199 2706 1252 sicut
2751 1204 3048 1255 secundum
3079 1220 3298 1260 carnem
3325 1208 3526 1272 vivere,

1962 1289 2100 1339 male
2132 1289 2312 1342 vivere
2337 1289 2625 1357 signiﬁcat.
2661 1290 2772 1344 Cur
2797 1292 2932 1345 alias
2958 1294 3176 1359 dicens;
3211 1299 3334 1365 quia
3368 1299 3530 1353 Pater

1961 1395 2060 1432 non
2081 1379 2291 1447 judico!
2312 1397 2642 1451 quemquam,
2667 1390 2756 1436 sed
2785 1399 2935 1436 omne
2955 1384 3218 1453 judicium
3250 1390 3395 1442 dedit
3434 1391 3530 1444 Fi-

1962 1469 2068 1534 lio;
2095 1470 2166 1524 ibi
2198 1471 2331 1526 dicit
2365 1474 2512 1543 :Ego
2540 1491 2638 1526 non
2665 1476 2852 1544 judico
2887 1483 3236 1547 quemquam?
3261 1483 3384 1549 quia
3427 1484 3530 1537 hoc

1961 1575 2068 1614 non
2101 1561 2168 1614 de
2198 1561 2382 1617 futuro
2413 1575 2656 1634 tempore
2687 1567 2839 1633 dicit,
2884 1568 3014 1623 illud
3041 1585 3168 1624 vero
3195 1571 3265 1626 de
3289 1577 3529 1629 secundo

1960 1651 2217 1707 adventu.

2035 1741 2195 1799 Vens.
2232 1744 2320 1799 16.
2355 1743 2588 1801 Dicendo
2621 1766 2634 1801 :
2669 1743 2826 1803 Solus
2851 1767 2950 1803 non
2976 1768 3115 1812 sum,
3141 1753 3232 1805 sed
3249 1769 3341 1822 ego
3356 1765 3405 1807 et
3437 1758 3528 1824 qui

1963 1838 2103 1890 misit
2138 1855 2215 1892 me
2251 1838 2432 1905 Pater,
2465 1843 2703 1895 ostendit
2743 1845 2892 1912 quia,
2925 1843 3040 1897 Non
3073 1861 3174 1911 ego
3212 1848 3362 1901 solus
3389 1864 3524 1902 con-

1961 1928 2158 1982 demno
2189 1943 2305 1994 vos,
2325 1932 2416 1985 sed
2445 1932 2606 1986 etiam
2633 1932 2790 1987 Pater
2829 1952 2844 2001 ;
2883 1936 2963 1989 \cl
2994 1935 3061 1990 Ut
3091 1952 3190 2006 ego
3217 1979 3230 2000 ,
3265 1953 3371 1990 non
3404 1956 3525 2008 ego,

1962 2018 2066 2074 nisi
2100 2027 2157 2072 ut
2186 2020 2360 2077 Pater.
2394 2025 2757 2088 Quamobrem
2791 2036 2844 2079 et
2907 2028 3130 2094 sulijicit
3179 2030 3342 2097 quod,
3373 2028 3439 2082 Et
3475 2032 3528 2084 in

1960 2113 2067 2180 lege
2101 2123 2268 2166 vestra
2302 2117 2553 2182 scriptum
2575 2126 2650 2170 est
2681 2117 2804 2186 quia
2826 2119 3064 2171 duorunr
3079 2121 3347 2172 hominum
3378 2122 3527 2175 testi-

1959 2208 2194 2256 monium
2233 2221 2404 2257 verum
2439 2219 2512 2259 est
2549 2224 2567 2270 ς
2604 2210 2682 2261 vel
2719 2210 2820 2261 IIOC
2864 2210 3018 2274 dicit,
3077 2220 3134 2262 nt
3171 2213 3423 2265 ostendat
3469 2227 3529 2265 se

1960 2295 2480 2349 ennsnbstantialeni
2512 2298 2659 2351 Patri
2695 2313 2838 2352 esse.

2033 2386 2194 2441 Vsus.
2238 2387 2308 2440 20
2361 2387 2498 2454 Quid
2541 2399 2645 2454 est,
2686 2388 2935 2442 Nondum
2964 2401 3170 2443 venerat
3202 2391 3334 2444 hora
3380 2389 3534 2461 ejus?

1965 2475 2015 2530 LI
2043 2484 2144 2538 est,
2172 2475 2411 2529 nondum
2445 2487 2656 2545 tempus
2688 2489 2806 2532 erat
2831 2471 3038 2546 aptum,
3075 2478 3127 2532 in
3160 2496 3267 2548 quo
3310 2482 3530 2536 volebat

1963 2566 2228 2635 crucitigi.

2040 2669 2198 2726 Vsus.
2233 2674 2323 2726 2L
2366 2674 2501 2729 Cum
2559 2675 2688 2729 dicit
2753 2674 3066 2744 Irequenter
3103 2675 3374 2743 Christus,
3421 2677 3530 2748 Ego

1964 2765 2097 2818 vado
2127 2779 2172 2819 et
2207 2768 2454 2835 qua'retis
2495 2784 2594 2831 me,
2631 2777 2690 2821 ut
2733 2769 2913 2821 anima
2949 2783 3136 2822 eorum
3169 2784 3530 2832 commoveat,

1966 2856 2052 2910 isti
2077 2857 2376 2925 subjiciunt
2415 2877 2427 2910 :
2453 2858 2702 2927 Nunquid
2746 2860 3022 2928 interﬁciet
3065 2878 3117 2914 se
3144 2863 3311 2929 ipsum
3337 2865 3362 2917 .9
3384 2872 3525 2927 etc.;

1964 2957 2018 3002 et
2051 2948 2239 3012 illc,ut
2263 2965 2454 3007 eorum
2490 2951 2829 3018 suspiciones
2850 2953 3074 3014 adimat,
3108 2953 3278 3006 dicit:
3325 2951 3425 3006 Vos
3470 2955 3534 3007 de

1965 3040 2208 3094 deorsum
2250 3045 2394 3107 estis,
2436 3059 2528 3111 ego
2576 3043 2637 3095 de
2684 3044 2922 3111 supernis
2965 3060 3102 3097 sum.
3149 3043 3304 3110 Quod
3337 3056 3520 3098 autem

288 3131 409 3185 τῶν
435 3133 557 3186 ἄνω
585 3135 722 3202 εἰμί.
781 3136 844 3188 Ὃ
871 3135 928 3188 δὲ
974 3136 1145 3204 λέγει.
1172 3137 1412 3191 τοιοῦτόν
1444 3139 1612 3191 ἐστιν*
1674 3140 1862 3210 Ὑμεῖς

1978 3133 2100 3186 dicit
2125 3132 2233 3185 tale
2259 3143 2341 3187 est
2369 3151 2382 3186 :
2414 3134 2516 3186 Vos
2555 3147 2680 3186 cum
2716 3151 2746 3188 e
2773 3133 2976 3190 mundo
3012 3135 3132 3192 sitis
3178 3147 3231 3190 et
3276 3137 3526 3190 homines

289 3224 358 3276 ἐκ
379 3223 471 3276 τοῦ
495 3224 699 3295 κόσμου
722 3223 872 3288 ὄντες
890 3227 984 3279 καὶ
1001 3227 1277 3299 ἅνθρωποι
1298 3229 1620 3297 πεφυκότες,
1639 3231 1865 3286 τοιαῦτα

290 3315 594 3382 λογίζεσθε.

362 3409 428 3462 Τί
475 3406 751 3479 σημαίνει,
800 3407 882 3460 ὅτι
943 3407 1084 3462 Ἐὰν
1112 3409 1198 3480 μὴ
1230 3411 1597 3480 πιστεύσητε
1631 3409 1719 3466 ὅτι
1754 3412 1868 3483 ἐγώ

289 3504 431 3569 ειμι,
458 3501 850 3555 ἀποθανεῖσθε
870 3503 938 3555 ἐν
967 3505 1095 3569 nm:-
1113 3505 1420 3573 ἁμαρτίαις
1438 3506 1608 3574 ὑμῶν
1630 3522 1650 3570 ;
1686 3505 1866 3558 Ἐπει-

291 3595 360 3662 δὴ
413 3590 572 3664 ἦλθεν
606 3594 690 3646 ἵνα
728 3594 833 3665 ἄρῃ
861 3595 960 3662 τὴν
989 3596 1262 3666 ἁμαρτίαν
1279 3598 1370 3650 τοῦ
1399 3598 1605 3666 κόσμου
1628 3638 1643 3660 ,
1672 3600 1866 3650 ἐκεῖνοι

287 3685 395 3737 οὐκ
431 3683 698 3750 ἐδέξαντο,
731 3685 788 3751 ἐξ
825 3686 1072 3754 ἀνάγκης
1123 3686 1180 3736 ἐν
1221 3684 1448 3748 ταύταις
1491 3687 1688 3750 αὐτοὺς
1729 3688 1862 3738 ἁπο-

289 3779 478 3831 Οανεῖν
508 3777 680 3845 λέγει.

376 3867 652 3940 Ἑρωτῶσι
682 3867 739 3923 δὲ
770 3868 951 3922 αὐτόν·
976 3869 1058 3922 Σὺ
1083 3871 1172 3935 τίς
1207 3864 1298 3932 si;
1335 3871 1362 3921 ὁ
1391 3868 1446 3921 δὲ
1467 3868 1825 3940 ἀποκρίνεται
1849 3885 1864 3900 ο

295 3961 421 4029 Τὴν
452 3961 649 4030 ἀρχὴν
681 3960 768 4013 ὅτι
801 3959 898 4013 καί
931 3959 1098 4013 λαλῶ
1133 3960 1294 4026 ὑμῖν.
1329 3956 1500 4012 Τοῦτο
1539 3957 1594 4011 δὲ
1625 3958 1868 4012 τοιοῦτόν

289 4057 466 4108 ἐστιν·
526 4052 746 4122 Ἐπειδὴ
781 4051 1036 4120 θαύματα
1077 4050 1169 4104 καὶ
1201 4051 1550 4104 διδασκαλίαν
1577 4049 1867 4111 ἀκούοντες

287 4147 391 4200 καὶ
421 4147 618 4209 ἰδόντες
658 4145 896 4216 ἐρωτᾶτε
943 4148 1025 4206 τίς
1071 4144 1209 4213 εἰμι,
1240 4144 1300 4196 τὸ
1336 4142 1471 4205 ὅλως
1503 4143 1721 4196 ἀκούειν
1759 4141 1869 4193 τῶν

287 4236 469 4302 λόγων
499 4236 606 4288 τῶν
641 4236 790 4306 ἐμῶν
825 4234 1031 4298 ἀνάξιοί
1081 4237 1224 4298 ἐστε,
1265 4234 1396 4302 μήτι
1434 4249 1495 4299 γε
1538 4233 1630 4284 καὶ
1680 4231 1869 4298 μαθεῖν

289 4330 380 4381 ὅτι
412 4329 520 4396 ἐγώ
545 4329 682 4397 εἰμι.
735 4327 922 4395 Ὑμεῖς
961 4326 1068 4396 γὰρ
1098 4325 1274 4378 πάντα
1312 4322 1665 4392 πειράζοντες
1700 4321 1869 4390 φθέγ-

289 4419 583 4488 γεσθε,ἴνα
613 4435 679 4488 με
714 4419 788 4486 μὴ
815 4417 1093 4486 νομίσητε,
1122 4417 1203 4469 ὅτι
1230 4415 1469 4468 τοσαῦτα
1497 4413 1709 4466 ἀκούων
1740 4415 1870 4483 παρ’

291 4508 473 4578 ὑμῶν,
512 4511 578 4562 δι’
609 4509 893 4562 ἀσθένειαν
929 4509 1028 4560 οὐκ
1060 4507 1377 4577 ἐξέρχομαι,
1410 4506 1441 4574 ἢ
1469 4505 1552 4558 ὅτι
1619 4504 1720 4557 οὐκ
1756 4501 1872 4558 οἶδα

292 4603 454 4672 ὑμῶν
476 4602 574 4658 τὰς
602 4600 860 4663 διανοίας,
897 4599 1004 4652 ἰδοὺ
1031 4599 1173 4667 λέγω
1199 4600 1326 4669 ὑμῖν
1356 4600 1434 4652 ὃτι
1465 4598 1698 4667 δύναμαι
1730 4597 1874 4668 ὑμᾶς

290 4691 531 4763 ἐλέγξαιο
561 4694 660 4747 οὐκ
699 4693 912 4759 ἐλέγξαι
956 4692 1012 4744 δὲ
1048 4692 1228 4762 μόνον,
1265 4691 1400 4744 ἀλλὰ
1459 4693 1547 4744 καὶ
1606 4691 1872 4744 κολάσαι·

286 4787 456 4841 τοῦτο
482 4787 590 4856 γάρ
633 4787 750 4838 ἐστι
775 4790 833 4837 τὸ
858 4826 873 4848 ,
902 4784 1107 4838 Πολλὰ
1136 4783 1253 4850 ἔχω
1287 4784 1502 4837 λαλεῖν
1546 4782 1678 4851 περὶ
1707 4780 1875 4849 ὑμῶν

289 4880 400 4933 καὶ
453 4879 698 4945 κρίνειν.
756 4877 846 4947 Τῷ
871 4876 960 4939 δέ,
997 4875 1191 4928 Ταῦτα
1230 4873 1399 4928 λαλῶ
1449 4876 1534 4939 εὶς
1589 4872 1698 4925 τὸν
1770 4872 1873 4924 κό-

292 4986 482 5040 σμον,
515 4969 784 5040 ἐδήλωσε-,ι
817 4967 899 5020 ὅτι
925 4968 1003 5029 είς
1031 4966 1100 5018 τὰ
1128 4966 1253 5034 ἔθνη
1298 4964 1503 5032 μέλλει.

369 5084 414 5136 Τ
421 5083 436 5135 ί
469 5084 616 5135 ἐστιν
665 5081 694 5135 ὃ
727 5079 897 5149 λέγει,
927 5079 1005 5132 ὅτι
1041 5077 1155 5131 Ὅτ’
1175 5077 1250 5131 ἂν
1279 5077 1562 5145 ὑψώσητε
1592 5075 1685 5128 τὸν
1739 5076 1878 5130 Υίὸν

288 5177 406 5233 τοῦ
432 5175 766 5244 ἀνθρώτου,
810 5173 941 5226 τότε
987 5173 1295 5240 γνώσεσθε
1336 5169 1425 5222 ὅτι
1462 5169 1575 5239 ἐγὼ
1622 5170 1772 5237 εὶμι;
1809 5169 1876 5221 Ὃ

285 5268 447 5336 λέγει
478 5265 718 5320 τοιοῦτόν
779 5266 946 5317 ἐστιν’
970 5265 1052 5317 ὃτι
1096 5262 1204 5330 εγώ
1242 5263 1356 5330 εἰμι
1387 5263 1414 5313 ὁ
1441 5261 1566 5324 Υἱὸς
1594 5259 1686 5313 τοῦ
1718 5257 1872 5314 Θεοῦ.

368 5378 468 5431 Διὰ
493 5379 546 5430 τί
567 5377 916 5448 ἐπισημαίνει
942 5377 970 5428 ὁ
995 5372 1421 5441 Εύαγγελιστὴς,
1449 5371 1623 5439 λέγων
1640 5386 1652 5400 ⁸
1687 5370 1877 5424 Ταῦτα

289 5470 484 5527 αὑτοῦ
512 5468 871 5534 λαλοῦντος,
900 5465 1120 5519 πολλοὶ
1149 5463 1524 5516 ἐπίστευσαν
1548 5464 1634 5525 εις
1657 5462 1874 5524 αὑτόν;

295 5565 434 5619 Ποῖα
485 5562 694 5626 suum;
743 5560 812 5613 τὰ
849 5557 1078 5610 ταπεινὰ
1120 5556 1361 5626 ῥήματα.
1415 5555 1584 5618 Ποίας
1619 5547 1743 5605 Οἷον
1787 5550 1873 5615 τὸ,

307 5653 432 5710 Ἀπ’
461 5653 722 5723 ἐμαυτοῦ
749 5649 918 5705 λαλῶ
959 5647 1160 5711 οὐδὲν,
1202 5649 1340 5714 ὅπερ
1373 5647 1434 5698 τὸ
1471 5644 1585 5698 ἴσον
1619 5644 1755 5713 πρὸς
1783 5643 1874 5695 τὸν

299 5747 517 5812 Πατέρα
552 5745 827 5812 σημαίνει’
867 5743 1062 5794 ἐκεῖνοι
1109 5740 1165 5792 δὲ
1201 5739 1258 5791 τὸ
1292 5738 1509 5791 ἔλαττον
1539 5735 1739 5790 νοοῦσι’
1783 5734 1878 5788 καῖε⁹

1968 3235 2185 3291 natura,
2211 3225 2335 3278 talia
2359 3225 2631 3294 cogitatis.

2038 3403 2205 3462 Vens.
2240 3403 2330 3461 2i.
2363 3409 2500 3473 Quid
2525 3408 2794 3476 signiﬁcat
2823 3426 2834 3461 :
2861 3409 3040 3462 Sinon
3061 3411 3387 3463 credideritis
3411 3411 3536 3480 quia

1967 3516 2058 3570 ego
2086 3517 2225 3561 sum,
2262 3501 2558 3553 moriemini
2584 3501 2638 3551 in
2664 3503 2889 3568 peccatis
2927 3502 3144 3554 cesti-is?
3167 3503 3422 3570 quoniam
3450 3519 3538 3557 ve-

1968 3593 2047 3646 nit
2078 3601 2136 3646 ut
2167 3593 2382 3646 tolleret
2413 3603 2694 3660 peccatum
2729 3594 2936 3654 mundi,
2967 3603 3021 3670 et
3050 3594 3137 3648 isti
3163 3609 3270 3648 non
3309 3609 3532 3664 recepe-

1968 3694 2114 3748 runt,
2135 3699 2379 3739 necessai
2397 3685 2448 3738 io
2475 3685 2526 3737 in
2553 3694 2774 3753 peccato
2807 3685 2932 3740 illos
2960 3689 3256 3740 morituros
3278 3687 3432 3741 dicit.

2043 3864 2205 3921 Vsus.
2237 3865 2326 3920 25.
2361 3865 2701 3936 luterrOgaut
2745 3877 2926 3922 autem
2955 3883 3080 3922 eum
3126 3887 3140 3922 :
3189 3867 3266 3922 Tu
3290 3870 3408 3938 quis
3444 3869 3544 3922 es?

1968 3963 2456 4033 respondetautem
2476 3983 2489 4018 :
2512 3964 2866 4032 Principium,
2894 3964 3034 4033 quod
3079 3974 3126 4017 et
3162 3965 3348 4034 loquor
3372 3966 3541 4021 vobis.

1968 4055 2025 4111 Id
2057 4067 2235 4110 autem
2269 4056 2376 4110 tale
2411 4067 2493 4110 est
2529 4074 2542 4110 :
2570 4057 2838 4123 Qumiiam
2865 4057 3127 4111 mit-acula
3159 4067 3214 4109 et
3238 4058 3538 4111 doctrinam

1969 4145 2252 4199 audientes
2274 4153 2326 4198 et
2354 4145 2600 4200 videntes
2634 4147 2982 4214 interrogatis
3012 4148 3136 4213 quis
3157 4145 3282 4208 siin,
3312 4147 3542 4198 omnino

1972 4237 2161 4288 audire
2187 4235 2349 4286 verba
2386 4251 2504 4288 mea
2540 4235 2747 4302 indigni
2779 4236 2934 4299 estis,
2971 4248 3145 4302 neque
3169 4233 3382 4287 discere
3409 4234 3540 4302 quid

1972 4342 2071 4396 ego
2098 4326 2222 4379 sim.
2263 4323 2369 4378 V'os
2398 4327 2542 4376 enim
2577 4325 2762 4376 omnia
2784 4333 3053 4376 tentantes
3086 4323 3291 4388 dicitis,
3341 4339 3408 4377 ne
3440 4340 3542 4392 pu-

1977 4417 2102 4471 tetis
2132 4430 2215 4468 me
2270 4423 2414 4468 tanta
2451 4431 2480 4467 a
2531 4413 2687 4467 vobis
2713 4411 3049 4478 audientem,
3080 4428 3172 4480 per
3201 4411 3545 4466 imbecillita-

1979 4521 2083 4565 tem
2119 4524 2223 4562 non
2252 4507 2424 4562 abire.
2451 4506 2544 4561 Vel
2575 4506 2702 4575 quia
2733 4521 2839 4558 non
2870 4506 2984 4558 scio
3018 4515 3231 4558 vestras
3258 4505 3543 4574 cogitatio-

1978 4622 2092 4666 lies,
2116 4616 2242 4656 ecce
2271 4601 2393 4654 dico
2419 4600 2574 4653 vobis
2593 4613 2686 4651 me
2718 4611 2878 4668 posse
2907 4611 3002 4650 vos
3046 4597 3407 4662 convincere;
3435 4612 3542 4649 non

1977 4707 2181 4750 tantum
2221 4703 2399 4746 autem
2424 4690 2768 4751 convincere,
2796 4689 2888 4741 sed
2915 4697 2967 4741 ct
2992 4688 3279 4756 castigare.
3315 4687 3366 4740 LI
3397 4689 3542 4740 enim

1977 4798 2090 4841 est:
2125 4784 2297 4839 .‘Inlta
2326 4784 2490 4837 habeo
2514 4783 2578 4836 tle
2606 4781 2746 4834 vobis
2775 4781 2918 4850 loqui
2947 4779 3284 4848 et-jutticare;
3309 4787 3360 4831 et
3382 4795 3395 4829 :
3421 4779 3542 4840 Iioc,

1979 4876 2188 4948 Loquor
2225 4877 2281 4930 in
2336 4875 2556 4937 mundo,
2588 4873 2827 4928 ostendit
2863 4888 2922 4927 se
2957 4872 3010 4926 in
3043 4873 3294 4939 gentibus
3331 4873 3546 4924 locutu-

1978 4985 2096 5023 1⁵11111
2128 4984 2270 5023 esse.

2053 5076 2216 5132 Vens.
2252 5077 2342 5132 9.8.
2376 5075 2515 5140 Quid
2549 5085 2632 5129 est
2657 5074 2798 5144 quod
2831 5074 2960 5128 dicit
2987 5090 3000 5128 :
3025 5072 3158 5128 Cum
3187 5069 3547 5125 exal'aueritis

1977 5167 2185 5222 Filium
2231 5167 2482 5230 hominis,
2531 5175 2653 5218 tunc
2705 5166 3028 5234 cognoscetis
3080 5163 3206 5231 quid
3255 5177 3346 5229 ego
3402 5159 3548 5213 sint?

1977 5260 2121 5332 quod
2155 5259 2286 5314 dicit
2318 5259 2424 5312 tale
2449 5264 2534 5312 est
2565 5275 2577 5310 :
2603 5256 2741 5322 Quia
2770 5272 2870 5326 ego
2900 5272 3018 5310 sum
3055 5253 3226 5308 Filius
3262 5253 3376 5306 Dei.

2047 5365 2212 5420 Vens.
2246 5364 2335 5422 30.
2361 5363 2471 5419 Cur
2500 5374 2767 5418 memorat
2806 5363 3136 5434 evangelista
3162 5361 3352 5413 dicens
3379 5376 3392 5411 :
3425 5358 3549 5411 Haec

1975 5459 2073 5514 illo
2106 5459 2368 5528 loquente,
2400 5457 2555 5509 multi
2599 5456 2934 5510 crediderunt
2966 5455 3021 5506 in
3061 5453 3219 5506 eum?
3241 5449 3371 5516 Quae
3402 5448 3552 5503 haec?

1979 5553 2208 5606 humilia
2236 5552 2406 5606 dicta.
2441 5550 2610 5615 Quae?
2642 5551 2872 5613 scilicet,
2913 5551 2954 5602 Α
2983 5563 3062 5600 me
3092 5547 3205 5614 ipso
3234 5562 3336 5599 non
3363 5547 3552 5609 loquor

1983 5643 2299 5711 quidquam,
2333 5640 2477 5710 quod
2511 5640 2876 5710 aequalitatem
2918 5651 3039 5692 cum
3066 5636 3222 5689 Patre
3252 5637 3545 5705 signiﬁcat.

1980 5733 2074 5787 Isti
2095 5747 2221 5785 veru
2253 5731 2663 5787 int’erioritatem
2699 5730 3042 5800 intelligunt;
3070 5737 3124 5782 ct
3154 5729 3261 5794 ille,
3291 5745 3397 5782 non
3425 5727 3551 5781 reti:
