3984 6204
334 281 462 346 12ὁὶ

327 397 452 466 μίας
481 397 640 466 ἔργον
683 394 750 469 ἦν
776 401 869 452 καὶ
904 399 1058 453 τοῦτο
1082 402 1176 471 τῆς
1209 401 1378 466 θείας,

320 487 412 540 τὸν
462 489 714 558 Ἰωάννην
744 493 1006 561 ποιῆσαι·
1051 495 1123 554 ὡς
1176 494 1242 546 ἂν
1283 495 1499 564 ἀληθῶς
1528 494 1714 563 λύχνος
1783 493 1888 545 δει-

321 578 498 648 χθείη,
533 579 608 650 μὴ
635 581 929 651 δυνάμενος
960 585 1172 651 φαίνειν
1203 587 1466 655 παρόντος
1487 587 1658 656 ἡλίου.

894 707 1140 762 ΚΕΦΑΔ.
1184 709 1312 762 ΚΑ’.

393 835 517 887 Ὅτι
558 835 590 904 ἡ
625 834 773 904 παρὰ
816 833 896 904 τῷ
942 835 1163 905 Ἰωάννῃ
1209 833 1477 904 ἀλείψασα
1543 837 1634 888 τὸν
1685 836 1886 905 Κύριον

321 927 500 998 μύρῳ,
554 927 652 979 ούκ
687 927 832 979 ἐστιν
873 927 1066 997 ήαύτὴ
1095 929 1126 997 ὴ
1159 929 1309 998 παρᾶ
1331 927 1406 996 τῷ
1443 928 1726 998 Ματθαίῳ,
1765 928 1884 980 οὐδὲ

319 1022 351 1090 ἡ
385 1020 532 1090 παρὰ
561 1019 636 1089 τῷ
652 1020 836 1088 Λουκᾷ
862 1033 875 1047 °
910 1019 1043 1088 ἄλλη
1074 1019 1180 1088 γὰρ
1203 1021 1295 1071 καὶ
1317 1019 1446 1087 ἄλλη
1465 1021 1612 1072 ἐστὶν
1665 1021 1846 1088 ἐκείνη
1868 1035 1882 1049 ·

322 1109 464 1180 αὕτη
498 1111 553 1164 δὲ
587 1110 747 1180 ἑτέρα
773 1113 940 1176 ἐστὶν,
966 1111 1099 1164 ἀλλά
1125 1113 1295 1182 σεμνή
1319 1127 1398 1174 τις
1429 1116 1522 1164 καὶ
1573 1112 1835 1165 σπουδαία
1868 1127 1882 1140 ·

321 1204 417 1254 καὶ
445 1202 554 1270 γὰρ
579 1204 706 1271 περὶ
741 1201 838 1273 τὴν
873 1201 1139 1272 ὑποδοχὴν
1170 1202 1465 1265 ἐσπούδαζε
1495 1200 1588 1253 τοῦ
1625 1199 1880 1270 Χριστοῦ.

388 1293 512 1345 Ὅτι
553 1294 756 1361 σφόδρα
786 1291 1085 1362 θαρῤοῦσαι
1129 1295 1208 1353 εἰς
1232 1292 1467 1361 Χριστὸν
1495 1292 1593 1344 οὐκ
1636 1291 1884 1361 ἔρχονται

318 1377 500 1447 αὗται,
551 1383 625 1446 ὡς
657 1387 683 1437 ὁ
713 1384 1109 1453 ἑκατόνταρχος
1137 1391 1231 1436 καὶ
1254 1386 1282 1438 ὁ
1336 1384 1518 1454 ἄρχων
1548 1382 1641 1435 τοῦ
1675 1381 1883 1452 βασιλι-

319 1474 439 1536 κοῦ,
469 1473 604 1526 ἀλλὰ
622 1473 1009 1526 ἀποστέλλουσι
1045 1474 1374 1546 μηνύσασαι.
1459 1532 1463 1535 _

391 1568 513 1617 Ὅτι.
556 1565 810 1616 τοσοῦτον
848 1560 987 1635 ἦσαν
1041 1565 1393 1618 πιστεύουσαι
1429 1564 1506 1635 τῷ
1555 1565 1774 1636 Χριστῗ)
1829 1566 1883 1618 αἱ

317 1656 442 1725 περὶ
481 1655 733 1726 Μάρθαν,
763 1656 842 1708 ὃτι
865 1657 1186 1723 ἀκούσασαι,
1215 1657 1278 1712 Ἡ
1294 1657 1579 1711 ἀσθένεια
1601 1657 1750 1723 αὕτη
1769 1658 1882 1710 οὐκ

1387 286 1701 348 ςο11;“;[Ι.Χ
1749 286 2044 346 VETEth
2080 286 2158 344 IN
2200 285 2572 346 JOANNEM.

1438 404 1602 472 μηδὲν
1665 406 1887 469 σημεῖον

2003 403 2094 454 ιιιιί
2124 402 2291 455 (Ιίι-ἰιιὶ
2318 402 2414 455 hoc
2446 403 2564 466 fuit,
2593 410 2650 455 ut
2675 398 2914 454 Joannes
2943 399 3148 454 nullum
3170 399 3382 469 signum
3417 401 3561 456 iece-

3423 284 3558 346 1261

2002 489 2064 540 l‘it
2093 505 2106 552 ;
2137 499 2190 542 ct
2233 491 2452 544 lucerna
2477 522 2482 527 -
2506 505 2628 544 vere
2656 489 3054 554 ostenderetur,
3085 505 3206 558 quae
3241 490 3420 544 lucere
3451 508 3558 544 non

1998 587 2174 646 potest
2202 589 2466 648 praesente
2488 581 2623 633 sole.

2587 703 2814 759 CAPUT
2849 705 2938 762 XI.

2072 829 2229 886 Vens.
2284 833 2338 886 ἓ.
2376 832 2505 898 Qum
2552 834 2691 902 apud
2748 833 3012 888 Joannem
3063 836 3218 889 unxit
3270 837 3556 892 Dominum

1997 935 2294 992 unguento,
2330 941 2435 979 non
2467 935 2555 980 est
2587 928 2776 981 eadem
2809 943 2873 982 ac
2901 944 3020 995 qtne
3045 928 3188 997 apud
3219 928 3555 993 Matthatum,

1997 1029 2171 1082 neque
2201 1016 2340 1084 apud
2378 1015 2600 1083 Lucam,
2633 1019 2738 1071 alia
2771 1029 2854 1072 est
2885 1021 3027 1072 enim
3061 1035 3124 1073 ac
3149 1020 3256 1073 alia
3289 1022 3424 1076 hac.
3450 1023 3557 1075 Ista

1995 1116 2172 1160 autem
2203 1107 2412 1159 diversa
2440 1117 2540 1171 est,
2589 1111 2680 1163 sed
2729 1111 3020 1179 conspicua
3065 1114 3308 1182 quanlam
3342 1123 3395 1168 et
3439 1125 3558 1169 stn-

1994 1194 2169 1257 diosa,
2201 1211 2322 1249 nam
2354 1196 2424 1250 oh
2447 1198 2649 1253 Christi
2685 1201 3050 1268 receptionem
3085 1204 3384 1272 Satagebat.

2069 1283 2237 1339 Vens.
2283 1284 2336 1339 3.
2382 1284 2608 1340 Multum
2645 1288 2697 1340 in
2750 1288 3024 1342 Christum
3067 1292 3402 1347 conﬁdentes
3451 1307 3556 1345 non

1994 1377 2125 1446 ipsa:
2153 1379 2328 1432 ierunt
2356 1388 2414 1433 ut
2439 1380 2689 1434 centurio
2734 1389 2789 1434 et
2823 1381 3064 1450 regulus,
3115 1383 3207 1436 sed
3239 1385 3461 1437 mittunt
3493 1385 3558 1438 ad

1995 1470 2377 1523 nuntiandum.

2065 1559 2228 1614 Vens.
2264 1561 2316 1614 4.
2364 1559 2597 1614 Tantum
2649 1571 2806 1615 erant
2847 1561 2901 1615 in
2953 1560 3229 1616 Christum
3275 1564 3556 1619 credentes

1995 1650 2204 1704 Martha
2233 1660 2287 1706 et
2317 1653 2435 1720 ejus
2464 1667 2637 1718 soror,
2668 1661 2749 1717 ut,
2775 1667 2899 1706 cum
2931 1654 3288 1719 audivissent,
3320 1655 3558 1722 Inﬁrmi-

314 1746 446 1798 ἐστι
495 1747 642 1813 πρνίς
675 1745 952 1811 θάνατον,
974 1748 1335 1811 ἀποθανόντος
1379 1747 1472 1802 τοῦ
1511 1747 1740 1816 ἀδελφοῦ
1787 1748 1886 1801 ούκ

2003 1754 2072 1796 ras
2111 1744 2220 1797 hare
2249 1760 2350 1797 non
2372 1753 2449 1797 est
2471 1746 2540 1797 ad
2561 1755 2799 1809 mortem,
2831 1756 3050 1799 mortuo
3072 1745 3238 1800 fratre
3266 1762 3371 1800 non
3398 1764 3558 1802 sean-

315 1836 830 1907 ἐσκανδαλίσθησαν.

390 1928 456 1979 Τί
497 1930 649 1981 ἐστιν
678 1931 740 1980 τὸ
764 1929 1059 1998 λεγόμενον
1091 1931 1237 2000 παρὰ
1263 1929 1499 1999 Χριστοῦ
1531 1947 1543 1958 ·
1573 1931 1718 1998 Οὐχί
1776 1929 1881 1983 δὼ-

316 2020 466 2074 δεκὰ
490 2023 659 2096 εἰσιν
681 2013 828 2090 ὧραι
877 2021 985 2090 τῆς
1034 2023 1296 2090 ἡμέρας;
1344 2023 1410 2074 ’0
1470 2023 1616 2090 λέγει
1648 2022 1889 2076 τοιοῦτόν

319 2113 466 2164 ἐστιν
499 2127 512 2142 '
551 2111 612 2164 Εἰ
645 2113 674 2164 ὁ
727 2112 789 2164 τὸ
825 2112 940 2179 φῶς
975 2112 1069 2165 τοῦ
1115 2113 1319 2180 κόσμου
1368 2113 1555 2165 τούτου
1583 2112 1793 2182 βλέπων
1833 2116 1888 2166 ἐν

318 2202 588 2273 ἀσφαλείᾳ
641 2205 780 2266 ἐστὶ,
820 2204 999 2272 πολλῴ
1057 2205 1258 2273 μᾶλλον
1289 2208 1315 2257 ὁ
1351 2205 1466 2274 μετ’
1491 2205 1623 2275 ἐμοῦ
1655 2205 1730 2258 ὢν
1771 2205 1887 2258 δια-

318 2295 540 2358 παντὸς,
576 2295 670 2347 τοῦ
699 2294 1038 2365 δημιουργοῦ
1079 2296 1171 2348 τοῦ
1197 2297 1394 2363 φωτός.

389 2387 510 2449 Πῶς
541 2387 734 2455 ἄλογον
767 2390 967 2441 νοεῖται
1002 2388 1063 2440 τὸ
1099 2389 1282 2452 αὐτοῖς
1316 2389 1628 2452 πιστεύεινς
1657 2390 1778 2442 ’Ὁτι
1802 2389 1890 2440 διὰ

315 2477 376 2530 τὸ
409 2477 690 2542 ἐξυπνίσαι
739 2480 856 2532 ἐκεῖ
914 2481 1299 2550 παραγίνεται,
1333 2481 1416 2533 διδ
1474 2483 1567 2535 καὶ
1613 2483 1886 2549 λέγουσιν,

314 2574 378 2624 El
429 2573 800 2641 κεκοίμηται,
837 2573 1181 2636 σωθήσεται
1211 2590 1224 2602 ο
1261 2575 1320 2625 ού
1359 2574 1488 2643 περὶ
1529 2573 1699 2625 ῦπνου
1731 2576 1886 2642 νομί-

317 2661 468 2722 ζουσι
498 2661 672 2729 λέγειν
701 2665 882 2726 αὑτὸν,
911 2665 1031 2716 οὐδὲ
1054 2665 1179 2734 περὶ
1204 2664 1434 2718 θανάτου
1466 2684 1478 2695 ’
1503 2666 1638 2721 ἀλλᾶ
1661 2668 1890 2735 αἴνιγμα

319 2753 596 2822 νομίζουσί
651 2771 703 2806 τι
737 2755 900 2808 αὐτὸν
948 2754 1130 2824 λέγειν
1160 2773 1171 2784 ·
1205 2757 1330 2810 ἐπεὶ
1357 2757 1470 2822 πῶς
1505 2761 1665 2810 πέντε
1701 2761 1890 2814 στάδια

319 2843 682 2913 πορευομένου
716 2843 904 2910 αὐτοῦ,
938 2845 1038 2898 οῦκ
1057 2845 1121 2899 ἂν
1148 2845 1381 2915 ἔφθασεν
1404 2847 1709 2914 samum;

392 2953 512 3016 Πῶς
544 2953 690 3017 λέγει
717 2957 743 3007 ὁ
768 2953 990 3025 Θωμᾶς·
1019 2957 1275 3026 Ἄγωμεν
1308 2957 1403 3011 καί
1422 2958 1592 3026 ἡμεῖς
1625 2959 1724 3012 ἵνα
1746 2961 1892 3015 ἀπο-

1992 1833 2238 1887 dalizata:
2271 1834 2492 1888 fuerint.

2065 1925 2228 1979 Vens.
2261 1926 2313 1979 9.
2348 1924 2487 1991 Quid
2518 1934 2599 1980 est
2630 1925 2770 1998 quod
2795 1925 2998 1980 dicitur
3039 1943 3067 1981 a
3099 1927 3341 1994 Christo,
3371 1928 3556 1984 Nonne

1989 2019 2266 2071 duodecim
2301 2018 2447 2072 horae
2491 2030 2612 2072 sunt
2661 2019 2804 2072 diei!
2840 2019 2992 2085 Quod
3043 2021 3175 2074 dicit
3207 2022 3312 2074 tale
3341 2032 3463 2076 est:

1991 2111 2079 2164 ille
2113 2110 2205 2179 qui
2239 2111 2414 2164 lucem
2452 2111 2636 2165 mundi
2677 2111 2834 2166 istius
2865 2112 3011 2166 videt
3048 2113 3097 2165 in
3130 2114 3424 2169 securitate
3447 2124 3553 2176 est,

1992 2203 2164 2257 multo
2197 2203 2368 2271 magis
2399 2204 2491 2272 qui
2528 2219 2742 2258 mecum
2774 2213 2861 2259 est
2900 2215 3147 2258 creatore
3185 2206 3363 2260 omnis
3395 2207 3553 2260 lueis.

2066 2382 2230 2438 Vens.
2268 2383 2353 2437 12.
2389 2383 2676 2451 Quomodo
2733 2385 3050 2456 insipienter
3093 2387 3412 2458 intelligitur
3463 2403 3558 2442 ens

1992 2477 2246 2532 credere?
2276 2476 2413 2541 Quia
2445 2477 2510 2531 ad
2542 2479 2891 2533 excitandum
2945 2495 3069 2533 eum
3101 2481 3208 2535 huc
3240 2481 3406 2547 vadit,
3439 2483 3560 2536 ideo

1992 2571 2200 2634 dicunt,
2232 2568 2290 2622 Si
2312 2569 2528 2628 dormit,
2559 2571 2735 2624 ralt‘m
2764 2574 2882 2625 erit.
2904 2570 3019 2624 Non
3050 2573 3116 2625 de
3140 2589 3336 2627 somno
3370 2585 3559 2643 putant

1992 2676 2114 2714 eum
2143 2661 2314 2730 loqui,
2336 2676 2509 2730 neque
2527 2661 2817 2732 de.morte;
2846 2664 2936 2718 sed
2957 2665 3269 2734 arithiguum
3287 2667 3556 2735 quoddam

1994 2763 2184 2824 putant
2207 2769 2329 2807 eum
2350 2752 2690 2808 dicere.Nam
2714 2756 2985 2825 quomodo
3001 2758 3242 2826 quinque
3257 2758 3556 2812 stadiorum

1997 2850 2189 2902 itinere
2217 2848 2378 2913 facto,
2414 2862 2518 2901 non
2551 2848 2916 2902 feStinavisset
2942 2849 3005 2902 ad
3030 2851 3380 2904 excitandum
3399 2852 3560 2905 cum?

2066 2956 2232 3010 Vens.
2272 2955 2358 3009 16.
2392 2953 2676 3020 Quomodo
2695 2956 2822 3009 dicit
2849 2955 3122 3012 Thomas:
3151 2957 3349 3013 Eamus
3370 2971 3417 3013 et
3442 2979 3557 3025 nos,

317 3045 587 3115 θάνωμεν
629 3048 756 3116 μετ’
787 3048 1009 3112 αὐτοῦ;
1040 3047 1194 3112 Τινὲς
1232 3049 1332 3120 μὶν
1372 3047 1466 3103 οὖν
1499 3051 1882 3121 προθυμούμε-

2003 3055 2050 3098 ut
2077 3046 2368 3097 moriantur
2390 3059 2506 3097 eum
2539 3044 2640 3097 eo.’
2667 3042 2898 3109 Quidam
2931 3046 3093 3115 igitur
3112 3063 3237 3101 eum
3269 3065 3363 3118 per
3394 3052 3560 3104 ardo-

317 3153 408 3189 νον
434 3138 596 3190 αὐτὸν
618 3139 776 3193 τοῦτο
810 3139 1062 3208 λέγουσιν
1096 3141 1271 3194 εἰπεῖν
1305 3157 1321 3174 ·
1355 3142 1497 3205 τινὲς
1520 3143 1576 3196 δὲ
1607 3143 1887 3197 δειλιῶντα

320 3230 411 3281 καὶ
436 3231 877 3302 εἰρωνευόμενον.

389 3336 563 3388 Πόθεν
594 3339 626 3406 ἡ
659 3339 858 3407 Μάρθα
882 3339 1035 3407 ἔλεγε
1083 3341 1214 3412 πρὸς
1243 3342 1335 3394 τὸν
1355 3342 1608 3413 Χριστὸν,
1633 3345 1714 3396 δτι
1746 3341 1889 3397 οἶδα

317 3429 728 3494 ἀναστήσεται
749 3431 819 3482 ἐν
860 3430 933 3498 τῇ
963 3433 1191 3499 ἐσχάτῃ
1223 3433 1442 3503 ήμέρᾳ;
1479 3435 1574 3487 Ἐκ
1595 3436 1694 3504 τῆς
1723 3435 1888 3488 αὐτοῦ

320 3519 670 3582 διδασκαλίας
701 3537 714 3549 ·
748 3522 948 3590 ἢκουσε
975 3525 1085 3592 γὰρ
1108 3524 1273 3576 αὑτοῦ
1304 3525 1476 3577 πο).λὰ
1504 3527 1746 3580 τοιαῦτα.

392 3607 492 3661 Διὰ
524 3611 575 3661 τί
604 3610 776 3682 λάθρα
806 3613 962 3665 καλεῖ
992 3615 1090 3684 τὴν
1124 3615 1391 3686 ἀδελφήν;
1417 3618 1535 3670 Ἵνα
1591 3619 1666 3690 μὴ
1721 3621 1870 3673 ἀκού-

324 3717 517 3766 σαντες
548 3705 629 3756 ὅτι
662 3707 787 3776 περὶ
813 3707 1048 3776 Χριστοῦ
1065 3708 1215 3761 λαλεῖ
1238 3709 1399 3780 αὕτη,
1424 3712 1849 3784 ἀναχωρήσωσιν
1870 3729 1884 3744 ·

322 3794 506 3862 ἔλεγεν
533 3796 660 3866 γὰρ,
696 3798 777 3850 ὅτι
801 3799 867 3851 Ei
893 3815 972 3862 τις
1006 3799 1240 3869 Χριστὸν
1260 3799 1500 3866 καλεσει,
1534 3803 1888 3872 ἀποσυνάγω-

319 3904 415 3954 γος
456 3889 700 3958 γένηται.

391 3997 456 4049 Τί
487 4001 602 4050 ἐστι
633 4000 714 4061 τὸ,
766 4001 1220 4072 Ἐνεὸριμήσατο
1253 4003 1332 4069 τῷ
1373 4004 1889 4075 πνεύματι;Τοῦτό

321 4091 468 4145 ἐστιν
491 4091 610 4145 ἀντὶ
633 4093 748 4152 τοῦ,
793 4095 1119 4166 Ἐπετίμησε
1148 4097 1227 4168 τῷ
1278 4097 1439 4151 πάθει
1487 4098 1730 4168 ἐπισχὼν
1790 4099 1888 4168 τὴν

321 4183 582 4254 σύγχυσιν
605 4187 711 4239 τῶν
728 4188 998 4258 δακρύων.

391 4291 561 4344 Διὰτί
583 4295 610 4345 ὁ
628 4295 802 4347 πάντα
826 4297 1144 4365 εἰδὼς,.Ποῦ
1173 4297 1469 4351 τεθείκατε
1515 4300 1722 4364 αὐτιῖν,
1752 4300 1888 4368 ἐρω-

1993 3152 2106 3190 rem
2133 3136 2184 3189 id
2225 3136 2429 3190 dixisse
2459 3145 2670 3206 putant,
2705 3136 2927 3205 quidam
2959 3150 3137 3193 autem
3172 3155 3266 3209 per
3292 3141 3558 3196 timidita-

1991 3235 2095 3280 tem
2128 3235 2181 3280 et
2205 3226 2428 3279 ironice.

2064 3337 2226 3391 Vens.
2264 3336 2354 3390 25.
2399 3334 2552 3390 Unde
2583 3335 2790 3391 Martha
2820 3338 2956 3392 dixit
2981 3339 3224 3405 Christo,
3273 3342 3394 3396 Scio
3427 3347 3555 3414 quin

1992 3439 2223 3499 resurget
2248 3431 2301 3482 in
2325 3431 2603 3483 novissimo
2626 3431 2740 3483 die?
2763 3429 2838 3483 Ex
2866 3431 2983 3501 ejus
3008 3433 3286 3502 doetrina;
3315 3437 3560 3490 audierat

1990 3523 2135 3577 enim
2167 3523 2233 3576 ah
2263 3523 2356 3576 illo
2387 3523 2553 3576 multa
2585 3524 2810 3577 similia.

2064 3615 2228 3668 Vens.
2256 3615 2346 3669 28.
2377 3616 2485 3668 Cur
2513 3617 2649 3670 clam
2677 3626 3086 3674 vocatsororem
3106 3620 3128 3674 ’ί
3148 3619 3246 3687 Ne,
3276 3623 3560 3678 audientes

1991 3707 2138 3776 quod
2174 3707 2262 3761 illa
2305 3707 2371 3762 de
2421 3708 2639 3762 Christo
2673 3709 3005 3778 loqueretur,
3043 3713 3379 3768 recederent.
3407 3713 3560 3767 Dice-

1991 3798 2152 3852 batur
2178 3798 2346 3865 euiln,
2374 3800 2427 3853 Si
2451 3801 2572 3871 quis
2597 3801 2872 3856 Christum
2897 3805 3192 3869 vocaverit,
3225 3823 3254 3861 e
3285 3823 3557 3878 synagoga

1991 3891 2314 3960 expellatur.

2064 3999 2229 4059 Vens.
2265 4003 2356 4057 53.
2387 4002 2526 4069 Quid
2572 4013 2654 4057 est
2683 4041 2700 4066 ,
2744 4003 3029 4073 Infremuit
3093 4008 3323 4076 spiritu?
3362 4009 3417 4063 Id
3471 4020 3557 4064 est

1993 4097 2161 4149 animi
2225 4097 2392 4150 motui
2423 4096 2632 4151 obstitit
2664 4097 3026 4170 lacrymarum
3057 4101 3375 4157 eﬂ'usioncm
3407 4105 3560 4158 cohi-

1993 4187 2145 4241 hens.

2067 4292 2226 4346 Vens.
2270 4294 2360 4346 54.
2415 4295 2524 4347 Cur
2559 4295 2646 4349 illc
2689 4298 2780 4364 qui
2836 4299 2940 4352 scit
2982 4302 3166 4354 omnia
3214 4301 3509 4372 interrogat
3544 4322 3557 4354 :

319 4382 388 4433 τᾶ
414 4383 558 4446 ;Ούκ
578 4385 807 4462 ᾁγνοῶν,
833 4386 965 4439 ἀλλὰ
991 4388 1064 4455 μὴ
1084 4386 1405 4456 βουλόμενος
1428 4389 1617 4441 ἑαυτὸν
1636 4391 1887 4462 ὲπιρῤίπ-

2003 4381 2099 4436 Ubi
2117 4384 2376 4452 posuistis
2399 4401 2513 4436 eum
2535 4386 2560 4438 Ρ
2589 4385 2705 4439 Non
2725 4387 2960 4455 ignorat,
2987 4390 3079 4442 sed
3105 4404 3212 4443 non
3245 4391 3354 4444 vult
3379 4393 3429 4445 in
3462 4396 3562 4446 mi-

321 4489 432 4526 τειν
469 4474 547 4543 τῷ
575 4475 833 4546 θαύματι.

390 4586 488 4638 Διὰ
516 4586 567 4639 τί
589 4587 804 4655 λέγουσι
821 4587 900 4650 τὸ,
928 4587 1053 4642 Οὐκ
1072 4587 1336 4656 ἠδύνατο
1354 4585 1552 4656 οὗτος,
1579 4595 1610 4646 ό
1630 4591 1893 4658 ποιήσας

319 4680 677 4750 ἀνοιχθῆναι
703 4683 844 4748 τοὺς
880 4683 1228 4752 ὀφθαλμοὺς
1243 4684 1349 4736 τοῦ
1367 4685 1618 4753 τυφλοῦ,
1641 4684 1892 4752 ποιῆσαι

319 4773 419 4826 ἵνα
460 4775 554 4826 καὶ
576 4771 754 4841 οὗτος
776 4775 863 4846 μὴ
902 4775 1176 4844 ἀποθάνῃ
1206 4792 1224 4838 ;
1258 4776 1647 4848 Διεφθαρμέ·.ῳ
1681 4778 1889 4847 σκοπῷ,

317 4865 393 4928 ὡς
415 4867 849 4932 ἐνδιαόἀλλοντες
883 4867 944 4921 τὸ
975 4868 1159 4937 θαῦμα
1205 4871 1383 4922 ἐκεῖνο
1411 4871 1487 4932 ὡς
1523 4872 1598 4941 μὴ
1645 4871 1888 4939 γεγονός.

389 4959 488 5010 Διὰ
520 4960 572 5011 τί
605 4957 859 5029 dixerat;
900 4961 1116 5014 Μᾶλλον
1140 4961 1196 5015 δὲ
1229 4961 1392 5031 εὐχῆς
1421 4962 1604 5032 σχῆμα
1642 4963 1889 5032 ἀναλαμ-

320 5050 472 5102 ΰάνει
511 5067 524 5079 ·
560 5052 693 5121 φησι
722 5056 827 5123 γάρ
859 5070 871 5083 ’
905 5053 1007 5107 Διὰ
1055 5055 1162 5108 τὸν
1198 5054 1562 5122 περιεστῶτα
1591 5054 1777 5123 ὄχλον
1811 5051 1892 5107 εἶ-

324 5159 459 5206 τον,
491 5143 591 5196 ἵνα
625 5145 1038 5199 πιστεύσωσιν
1060 5146 1146 5199 ὅτι
1191 5149 1272 5199 σύ
1301 5163 1378 5214 με
1411 5147 1794 5211 ἀπέστειλας.
1826 5148 1890 5198 '0

319 5235 375 5286 δὲ
409 5235 555 5302 λέγει
606 5234 845 5290 τοιοῦτόν
894 5239 1042 5290 ἐστιν

321 5329 538 5399 μίσωσι.

389 5421 484 5474 Διά
510 5422 563 5474 τί
609 5423 794 5490 λέγει’
825 5424 1038 5491 Ἄφετε
1068 5424 1253 5476 αὐτὸν
1295 5423 1581 5491 ύπὰγειν;
1637 5423 1752 5474 Ἵνα
1813 5419 1887 5493 μὴ

317 5513 658 5584 ἑπαγόμενος
689 5515 849 5568 αὐτὸν
873 5515 1000 5586 δόξῃ
1026 5514 1350 5582 κομπάζειν.

388 5610 487 5662 Διά
511 5609 561 5661 τί
615 5609 884 5675 λέγουσιν.
919 5609 1000 5659 ὅτι
1067 5609 1208 5660 Ἐὰν
1253 5607 1498 5676 ἀφῶμεν
1545 5607 1752 5668 αὑτὸν,
1793 5610 1888 5674 ἔριν

324 5717 527 5767 κονται
560 5702 613 5754 οἱ
651 5697 918 5766 Ῥωμαῖοι
950 5696 1047 5750 καὶ
1101 5699 1379 5766 αἴρουσιν
1424 5697 1589 5767 ἡμῶν
1626 5698 1688 5750 τὸ
1714 5699 1888 5764 ἓθϊος

1078 5254 1092 5268 ·
1121 5239 1239 5290 Ἵνα
1275 5238 1349 5308 μὴ
1407 5237 1651 5291 ἀντίθεόν
1701 5253 1766 5307 με
1801 5253 1890 5288 νο-

1998 4476 2241 4528 raculum
2272 4475 2497 4530 irruere.

2061 4583 2224 4639 Vens.
2260 4583 2348 4639 37.
2381 4582 2492 4638 Cur
2531 4585 2721 4639 dicunt
2772 4603 2785 4638 :
2831 4583 2952 4640 Non
2983 4589 3150 4656 potuit
3198 4589 3279 4643 hic
3306 4592 3395 4660 qui
3435 4610 3560 4664 ape-

1996 4680 2100 4731 rnit
2125 4677 2300 4731 oculos
2329 4678 2479 4742 τιτι-ί,
2525 4678 2699 4747 facere
2738 4686 2794 4730 ut
2820 4678 2904 4732 hic
2941 4696 3042 4732 non
3079 4687 3407 4738 moreretur?
3433 4685 3559 4738 Per-

1998 4783 2155 4823 rerso
2183 4769 2466 4838 proposito
2482 4769 2637 4838 quasi
2656 4767 3056 4825 calumniantes
3079 4773 3401 4827 miraculum
3430 4775 3558 4830 illud

1994 4872 2252 4929 tanquam
2287 4877 2391 4914 non
2434 4861 2659 4915 factum.

2071 4952 2230 5008 Vens.
2267 4955 2356 5006 Η.
2387 4955 2496 5006 Cur
2525 4953 2682 5006 orat?
2733 4954 2915 5008 Potius
2953 4964 3131 5010 autem
3169 4959 3431 5014 orationis
3466 4976 3561 5029 ap-

1993 5047 2295 5116 parentiam
2326 5045 2513 5099 sumit:
2545 5045 2678 5099 dicit
2704 5047 2848 5100 enim
2875 5063 2888 5098 ε
2925 5045 3151 5112 Propter
3188 5051 3436 5116 populum
3471 5052 3560 5119 qui

1993 5143 2333 5202 circumstat,
2375 5139 2524 5200 dixi,
2584 5147 2639 5190 ut
2693 5141 3058 5211 rredoutquia
3113 5150 3168 5192 tu
3222 5158 3301 5194 me
3347 5142 3560 5194 misisti.

1993 5231 2147 5297 Quod
2176 5232 2306 5284 dicit
2341 5230 2444 5287 tale
2477 5240 2581 5293 est,
2611 5230 2689 5284 Ne
2722 5231 2948 5301 impium
2989 5249 3074 5286 me
3102 5234 3353 5287 habeant.

2066 5414 2230 5469 Vens.
2262 5415 2352 5468 Η.
2387 5413 2498 5468 Cur
2521 5415 2653 5470 dicit
2683 5433 2696 5467 ι
2734 5413 2902 5468 Sinite
2941 5431 3059 5468 eum
3095 5414 3280 5468 abire?
3305 5412 3381 5467 Ne
3410 5415 3561 5469 illum

1991 5513 2058 5566 ad
2088 5527 2146 5566 se
2183 5511 2460 5564 adducens
2491 5511 2737 5564 rideatur
2759 5509 2923 5563 nimis
2947 5506 3261 5576 superbire.-

2067 5604 2229 5660 Vens.
2260 5605 2348 5662 48.
2386 5603 2493 5657 Cur
2519 5603 2708 5657 dicunt
2745 5620 2758 5655 :
2785 5601 2844 5657 Si
2867 5602 3181 5654 dimittimus
3201 5615 3338 5665 cum,
3363 5600 3562 5653 reuirat

1991 5697 2233 5763 Romani,
2265 5709 2312 5751 et
2349 5696 2784 5751 tot’entnostram
2817 5703 3016 5764 gentem
3051 5704 3096 5748 et
3129 5694 3346 5748 urbem?
3375 5690 3558 5774 Popu-
