3884 6208
261 350 392 414 1265

1314 359 1634 424 SCHOLIA
1673 361 1975 422 VETERA
2008 363 2091 422 IN
2123 363 2499 425 JOANNEM.

3359 367 3380 431 1
3394 367 3494 432 266

327 467 448 519 Ὀτι
479 467 511 535 ὴ
548 467 674 537 περὶ
702 467 790 520 τδν
835 469 1061 524 θάνατον
1105 471 1297 537 δειλία,
1335 469 1447 527 οἷον
1487 491 1568 540 το,
1601 475 1813 544 Πάτερ,

1990 475 2156 530 Vens.
2189 475 2278 529 27.
2318 477 2475 531 Circa
2511 486 2735 532 mortem
2772 478 2952 545 timor,
2983 478 3142 549 quale
3179 488 3280 542 est.
3309 478 3490 546 Pater,

256 555 462 611 σῶσόν
479 575 555 628 με
580 560 648 613 ἐκ
677 561 786 628 τῆς
815 561 967 629 ὥρας
997 565 1238 630 ταύτης,
1271 565 1366 617 καὶ
1389 565 1486 618 ὅσα
1515 567 1695 635 ὅμοια,
1723 567 1820 636 τῆς

253 647 558 717 οἰκονομίας
583 649 751 716 ἐστὶν,
779 652 837 703 οὐ
868 651 968 722 τῆς
997 651 1268 722 θεότητος,
1301 655 1466 724 ἤγουν
1491 657 1587 725 τῆς
1609 655 1818 725 ἀνθρω-

256 752 319 787 πε
328 736 412 799 ίας
451 736 686 806 φύσεως.
1275 738 1277 740 ’

321 825 442 888 IIS);
472 826 692 896 νοητέον
721 828 801 889 τὸ,
833 827 1043 895 Πάτερ,
1072 830 1336 894 δόξασόν
1359 844 1474 886 σου
1504 832 1565 884 τὸ
1592 833 1817 901 ὄνομα;

254 913 422 967 Ίόὖτό
455 915 624 982 ἐστιν,
659 918 864 985 Ἃγαγε
912 920 1097 973 λοιπὸν
1145 921 1239 974 ἐπὶ
1272 922 1363 974 τὸν
1403 922 1632 992 σταυρόν
1659 939 1673 953 ·
1724 923 1819 976 καὶ

253 1005 332 1058 ὄτι
361 1006 500 1077 ὑπὲρ
529 1006 787 1075 ἀληθείας
817 1010 1171 1082 ἀποθνήσκει,
1204 1011 1360 1080 δόξαν
1385 1013 1465 1076 είς
1487 1013 1578 1065 τὸν
1605 1013 1734 1066 Θεὸν
1759 1013 1819 1066 τὸ

258 1097 487 1166 πρᾶγμα
551 1098 756 1153 καλῶν.
809 1100 874 1151 Τί
921 1100 1068 1168 λέγει
1113 1104 1146 1172 ἡ
1181 1102 1384 1157 ἄνωθεν
1452 1103 1641 1172 φωνὴ,
1707 1103 1819 1158 Kal

255 1184 543 1250 ἐδόξασα,
577 1187 673 1240 καί
713 1187 897 1241 πάλιν
922 1189 1197 1253 ὃοξάσω;
1244 1193 1365 1246 Ὀτι
1409 1192 1665 1260 Ἐδόξασα
1719 1194 1818 1262 μὲν

253 1274 310 1325 ἐν
339 1276 452 1338 τοῖς
485 1274 588 1346 πρὸ
620 1276 850 1330 τούτουο
885 1277 1094 1345 δοξάσω
1129 1281 1187 1333 δὲ
1219 1281 1311 1335 καὶ
1345 1284 1482 1352 μετὰ
1527 1282 1619 1334 τὸν
1655 1298 1817 1334 σταυ-

254 1362 365 1433 ρόν.

320 1454 418 1506 Διὰ
446 1455 500 1508 τί
521 1458 549 1510 ὁ
577 1456 731 1528 ὄχλος
777 1459 1015 1522 ἀκοῦσας
1039 1461 1137 1530 τῆς
1165 1462 1368 1531 φωνῆς,
1400 1463 1551 1531 ἔλεγε
1591 1463 1819 1534 βροντὴν

255 1546 572 1614 γεγονέναι;
612 1551 733 1601 Ὀτι
783 1550 954 1621 τρανὴ
983 1553 1076 1604 καὶ
1105 1552 1343 1622 εὔσημος
1385 1550 1472 1624 ἦν,
1521 1557 1613 1608 καὶ
1645 1555 1734 1609 διὰ
1759 1557 1820 1608 τὸ

250 1637 462 1705 ταχέως
491 1640 806 1710 άποπτῆναι
836 1644 1098 1714 ἐνομίσθη
1128 1649 1239 1708 τοῖς
1268 1646 1596 1715 παχυτέροις
1621 1647 1818 1718 βροντὴ

251 1729 341 1780 τὶν
365 1724 496 1799 ἦχον
532 1731 831 1786 ἀκούσασιν
850 1751 865 1767 ·
894 1737 942 1787 οξ
969 1735 1024 1788 δὲ
1050 1736 1314 1801 εἰπόντες,
1350 1737 1635 1805 Ἀγγελος
1660 1739 1820 1805 αὐτῷ

1922 567 2070 621 salva
2103 584 2182 620 me
2209 583 2273 630 ex
2290 569 2387 620 hac
2410 569 2562 631 liora,
2593 577 2646 622 et
2678 579 2880 638 quanta
2918 572 3118 624 similia
3146 580 3296 632 sunt,
3331 571 3492 628 insti-

1923 659 2026 713 tuti
2059 670 2186 713 sunt
2211 675 2315 712 non
2351 659 2674 726 divinitatis,
2710 659 2964 715 humanae
3003 672 3128 730 puta
3155 672 3386 716 naturae.

1992 841 2155 895 Vens.
2187 841 2277 897 28.
2307 840 2592 906 Quomodo
2622 841 3030 913 intelligendum
3050 886 3064 908 ,
3103 841 3290 906 Pater,
3324 844 3493 911 glori-

1919 934 2020 1002 [ἴσα
2053 949 2236 986 nomen
2261 933 2449 986 tuum?
2477 932 2532 987 ld
2559 933 2783 999 est,Duc
2805 948 2889 988 me
2920 935 3134 988 tandem
3154 935 3220 986 ad
3243 949 3492 1001 crucem;

1918 1036 1971 1079 et
2000 1026 2125 1094 quia
2163 1041 2260 1095 pro
2292 1025 2518 1079 veritate
2561 1025 2812 1090 moritur,
2844 1040 2960 1078 rem
2991 1034 3145 1079 vocat
3177 1023 3404 1093 gloriam
3438 1025 3492 1075 in

1917 1111 2110 1170 Deum.
2145 1112 2284 1179 Quid
2333 1113 2467 1168 dicit
2507 1128 2606 1168 vos
2650 1128 2713 1166 ex
2760 1113 2921 1167 alto:
2979 1111 3044 1165 Et
3103 1112 3394 1182 gloriﬁcavi
3443 1122 3492 1166 et

1918 1206 2106 1259 iterum
2135 1204 2484 1274 gloriﬁcabo?
2535 1204 2843 1259 Gloriﬁcavi
2894 1203 3114 1274 quidem
3158 1203 3212 1257 in
3247 1204 3335 1257 his
3371 1218 3494 1272 quae

1921 1303 2350 1363 praecesserunt;
2382 1294 2700 1364 gloriﬁcabo
2723 1303 2904 1348 autem
2946 1303 3068 1362 post
3100 1306 3346 1350 crucem.

1990 1474 2153 1532 Vens.
2185 1475 2276 1529 27.
2307 1477 2418 1531 Cur
2447 1478 2605 1531 turba
2635 1476 2860 1530 audiens
2893 1489 3084 1530 vocem
3107 1475 3319 1530 dicebat
3353 1473 3493 1527 toni-

1921 1574 2100 1620 truum
2135 1579 2258 1620 esse
2303 1566 2544 1621 factum?
2591 1565 2728 1631 Quia
2757 1566 2937 1620 valida
2983 1575 3037 1620 et
3085 1565 3233 1618 clara
3263 1573 3400 1627 erat,
3440 1575 3494 1619 et

1920 1656 2064 1725 quod
2097 1655 2345 1711 celeriter
2379 1655 2560 1719 desiit,
2602 1665 2934 1726 putaverunt
2981 1655 3292 1710 stolidiores
3346 1655 3490 1710 toni-

1922 1747 2029 1800 trui
2096 1746 2365 1816 fragorem
2423 1747 2717 1803 audivisse.
2775 1745 2880 1799 Alii
2940 1755 3122 1799 autem
3185 1743 3490 1798 dicebant:

253 1820 617 1888 λελάληκεν,
651 1823 914 1895 ἔναρθρον
944 1826 1044 1896 μὲν
1071 1826 1168 1898 τὴν
1203 1828 1386 1896 φωνὴν
1414 1829 1612 1899 ᾔδεσαν
1632 1845 1646 1858 °
1686 1831 1815 1884 τίδὲ

1933 1808 2235 1914 Μαρτίαιλὶ
2277 1836 2484 1888 locutus
2526 1844 2623 1890 est.
2657 1835 3013 1889 Articulatam
3050 1833 3267 1903 quidem
3303 1847 3491 1886 vocem

252 1910 565 1980 ἐσήμαινεν,
594 1913 783 1967 οὐκέτι
813 1915 1028 1986 ᾔδεσαν.

319 2092 443 2155 Πῶς
469 2096 687 2166 νοητέον
709 2097 789 2160 τὸ,
819 2098 950 2153 Νῦν
986 2103 1021 2153 ό
1061 2100 1260 2169 ἅρχων
1287 2103 1393 2157 τοῦ
1427 2104 1658 2173 κόσμου
1685 2107 1818 2160 τού·

250 2199 353 2236 του
387 2184 686 2252 κέκριται;
716 2187 892 2257 Δηλοί,
930 2190 1010 2242 ὅτι
1050 2191 1200 2244 Ἐπεὶ
1222 2192 1280 2258 ἐξ
1308 2193 1479 2262 ἀρχῆς
1502 2195 1754 2264 ἠπατήθη
1788 2197 1818 2248 ὁ

250 2275 534 2345 ἄνθρωπος
562 2281 655 2330 καὶ
687 2278 987 2344 ὑπεύθυνος
1012 2282 1230 2349 ἐγένετο
1256 2285 1348 2338 καὶ
1377 2285 1671 2349 ἀπέθανεν,
1699 2288 1818 2339 ὲπι-

253 2364 483 2435 δημήσει
509 2367 604 2420 καὶ
631 2371 688 2421 ὲν
724 2372 866 2439 ἐμοὶ,
921 2374 1013 2426 καὶ
1043 2374 1103 2426 οὐ
1138 2374 1334 2443 πράξει
1381 2376 1482 2430 ὅσα
1530 2376 1776 2447 βούλεται
1798 2417 1814 2443 ,

251 2458 344 2506 καὶ
373 2458 460 2509 διὰ
480 2459 636 2511 τοῦτο
660 2461 1077 2532 ἐκδικηθήσεται
1103 2467 1131 2518 ὁ
1159 2467 1361 2536 κόσμος
1385 2483 1398 2497 ⁸
1435 2467 1582 2522 ἄλλοι
1602 2469 1658 2521 δὲ
1688 2471 1815 2539 περὶ

254 2546 487 2601 Πιλάτου
519 2549 677 2603 τοῦτο
709 2552 944 2607 νοοῦσιν.

319 2638 385 2690 Τί
409 2643 521 2692 ἐστι
554 2641 634 2706 τὸ,
668 2641 790 2695 ”οτ’
821 2642 898 2697 ἂν
946 2645 1162 2713 ὑψωθῶ
1192 2647 1260 2700 ἐκ
1290 2646 1401 2715 τῆς
1431 2647 1563 2715 ΙΓῆς,
1587 2649 1817 2716 πάντας

250 2729 490 2783 ἑλκύσω
519 2732 669 2798 πρὸς
715 2733 1008 2803 ἐμαυτόν;
1060 2737 1194 2806 Περὶ
1226 2736 1318 2789 τοῦ
1351 2739 1584 2806 σταυροῦ
1631 2739 1815 2808 λέγει’

252 2823 313 2875 τὸ
363 2823 458 2886 δὲ,
537 2824 789 2890 πάντας,
853 2827 940 2880 διὰ
995 2829 1063 2881 τὰ
1119 2828 1244 2898 ἔθνη
1306 2831 1648 2899 πρόσκειται.
1705 2833 1816 2888 Καὶ

251 2913 452 2980 ἄλλως
493 2933 507 2946 ο
571 2917 684 2971 Οὐκ
763 2915 953 2983 εἶπεν,
1006 2920 1236 2973 Καλέσω
1265 2960 1280 2986 ,
1333 2921 1482 2987 ἀλλ’,
1545 2922 1820 2978 Ἑλκύσω

252 3005 394 3072 τοὺς
435 3007 700 3075 πάντας’
727 3010 788 3063 τὸ
816 3010 988 3080 βίαιον
1035 3012 1248 3076 δεικνὺς
1291 3011 1384 3066 τοῦ
1434 3013 1812 3085 κηρύγματος·

251 3099 310 3150 τὸ
341 3099 452 3151 τῶν
511 3100 856 3172 Εὑαγγελίων
892 3103 1183 3172 δραστικὸν
1229 3103 1575 3170 ὑποφαίνων,
1616 3105 1677 3158 τὸ
1719 3107 1819 3176 τῆς

252 3190 472 3260 χάριτος
505 3190 680 3261 δηλῶν
720 3193 1111 3262 ἀνεμπόδιστον
1132 3210 1146 3224 ⁶
1180 3194 1262 3246 ὅτι
1303 3194 1508 3256 πάντας
1552 3196 1819 3266 προσάγει

251 3287 319 3354 τῇ
342 3285 544 3349 πίστει,
580 3284 660 3337 ὅτι
701 3284 907 3347 πάντας
930 3285 1240 3352 εὐεργετεῖν
1275 3285 1606 3353 μηχανᾶται.

319 3377 386 3430 Τί
417 3380 531 3429 ἐστι
555 3378 635 3443 τὸ,
663 3377 793 3430 Ἵνα
821 3377 935 3431 viai
964 3375 1158 3445 φωτὸς
1179 3376 1471 3444 γένησθε;
1500 3376 1816 3429 Τουτέστινο

263 3467 318 3517 Ἐ
326 3465 436 3536 μοί.
842 3531 850 3540 _

322 3558 442 3620 Πῶς
464 3557 680 3627 νοητέον
706 3557 787 3619 τδ,
819 3557 952 3611 Ἵνα
974 3557 1260 3627 πληρωθῇ
1288 3561 1320 3612 ό
1344 3559 1524 3627 λόγος
1550 3559 1624 3612 ὃν
1651 3555 1810 3613 εἶπεν

265 3650 532 3715 Ἡσαΐας-ς
555 3648 724 3702 Τοῦτο
755 3649 835 3714 τὸ,
865 3649 985 3714 ἵνα,
1012 3651 1113 3704 οὐκ
1141 3651 1470 3720 αἰτιολογίας
1500 3651 1671 3718 ἐστὶν,
1700 3651 1816 3704 ἀλλ’

249 3741 550 3805 ἐκϐάσεως.

321 3834 444 3896 Πῶς
465 3834 682 3903 νοητέον
696 3835 776 3899 τὸ,
804 3834 1190 3904 Τετύφλωκεν
1208 3833 1406 3888 αὐτῶν
1433 3833 1576 3899 τοὺς
1595 3835 1818 3902 ὀφθαλ-

245 3925 397 3996 μοὺς
427 3925 523 3979 καί
551 3925 906 3995 πεπώρωκεν
936 3926 1137 3980 αὐτῶν
1159 3926 1274 3995 τὴν
1301 3926 1554 3995 καρδίαν
1570 3945 1588 3991 ;
1626 3925 1815 3980 Τοιοῦ-

245 4034 338 4070 τον
369 4017 483 4080 καὶ,
534 4017 884 4086 Παρέδωκεν
927 4018 1150 4084 αὐτοὺς
1187 4021 1274 4083 εις
1304 4018 1589 4088 ἀδόκιμον
1626 4018 1812 4084 νοῦν,

244 4107 404 4162 τοῦτό
432 4110 568 4171 ἐστι,
588 4110 986 4180 συνεχώρησεν,
1011 4109 1241 4178 ἀφῆκεν.
1264 4110 1338 4162 UO
1357 4109 1464 4178 γὰρ
1487 4107 1814 4178 ἐνεργοῦντα

246 4201 411 4254 αὐτὸν
443 4201 616 4254 ταῦτα
645 4201 812 4269 λέγει,
847 4201 962 4253 ἀλλ’
989 4203 1053 4252 ὲκ
1083 4201 1181 4268 τῆς
1208 4199 1607 4268 αὐτοπονηρίας
1639 4197 1813 4252 ταῦτα

243 4294 507 4363 γινόμενα
556 4293 847 4346 δείκνυσιν.
885 4290 1070 4352 Οὕτως
1111 4291 1206 4343 καὶ
1235 4290 1263 4340 ὁ
1292 4290 1442 4358 ἥλιος
1493 4289 1602 4340 τῶν
1651 4288 1813 4340 ἀσθε-

243 4387 479 4438 νούντων
507 4383 734 4452 πλήττει
775 4383 872 4445 τὰς
899 4381 1074 4450 ὄψεις,
1108 4382 1170 4432 οὐ
1223 4380 1374 4450 παρὰ
1398 4380 1496 4448 τὴν
1529 4379 1814 4434 ἀσθένειαν

241 4475 351 4531 τῶν
381 4475 812 4544 ὑποδεχομένων.

318 4567 566 4621 Ὀτιοῦκ
601 4561 776 4628 εἶπεν,
824 4563 882 4616 '0
931 4561 1201 4616 πιστεύων
1239 4563 1383 4632 ἐμοὶ,
1415 4561 1552 4625 ἀλλ’,
1599 4562 1662 4616 '0
1715 4578 1810 4616 πι-

241 4661 476 4712 στεύων
501 4660 588 4722 είς
607 4657 711 4725 ἐμέ
730 4675 742 4688 ·
775 4658 834 4709 τὸ
853 4656 1274 4727 ἀπαράλλακτον
1295 4655 1430 4727 πρὸς
1445 4653 1545 4726 τὴν
1573 4654 1668 4708 τοῦ
1696 4655 1812 4708 Πα-

241 4748 371 4816 me;
400 4748 589 4800 οὐσίαν
618 4746 830 4809 δεικνύς
853 4765 865 4778 ·
915 4748 1100 4816 ὅμοιον
1127 4746 1186 4799 δὲ
1213 4746 1307 4800 καὶ
1343 4747 1425 4810 τὸ,
1483 4746 1548 4799 '0
1580 4742 1813 4812 θεωρῶν

243 4840 370 4908 ἐμὲ,
394 4840 597 4906 θεωρεῖ
617 4839 723 4892 τὸν
749 4838 1069 4908 πέμψαντά
1084 4857 1180 4908 με.

322 4927 444 4990 Πῶς
472 4929 686 4997 νοητέον
715 4927 795 4993 τὸ,
835 4928 896 4980 '0
932 4927 1158 4981 ἀθετῶν
1206 4928 1330 4996 ἐμὲ,
1368 4928 1492 4996 ἔχει
1536 4925 1642 4980 τὸν
1693 4927 1815 4994 κρί-

245 5034 432 5072 νοντα
476 5019 704 5084 αὐτόν;
735 5019 871 5072 Τίνα
919 5018 1030 5090 ἔχει
1079 5019 1170 5070 τδν
1218 5017 1512 5088 κρίνοντας
1548 5017 1610 5068 Et
1644 5015 1751 5085 γὰρ
1788 5019 1814 5069 6

247 5108 438 5180 Πατὴρ
468 5109 660 5162 οὐδένα
689 5109 885 5180 κρίνει,
909 5109 1004 5162 καὶ
1028 5109 1090 5163 σὺ
1113 5107 1313 5176 λέγεις,
1341 5111 1461 5162 Οὺκ
1486 5102 1676 5177 ἦλθον
1695 5106 1816 5174 κρῖ-

241 5217 342 5253 ναι
378 5203 485 5254 τὸν
521 5203 776 5271 κόσμον,
804 5202 887 5266 τίς
927 5203 1103 5272 κρίνει
1129 5203 1254 5264 τοὺς
1287 5200 1360 5271 μὴ
1411 5198 1810 5266 πιστεύοντα;;

254 5291 315 5344 '0
344 5293 522 5357 λόγος,
556 5295 742 5362 φησιν,
776 5294 836 5347 ὃν
864 5293 1156 5363 λελάληκα,
1185 5294 1392 5355 ἐκεῖνος
1415 5293 1592 5362 κρινεί
1612 5290 1774 5344 αὐτόν
1795 5304 1810 5319 ⁸

246 5385 369 5438 ἀντὶ
397 5383 512 5452 τοῦ,
552 5387 608 5439 ἐν
639 5386 788 5450 τάξει
828 5385 1134 5457 κατηγόρου
1166 5384 1445 5456 στήσεται.

316 5572 443 5626 Ὅτι
472 5569 854 5634 ταπεινώσεως
897 5570 1108 5632 τελείας
1139 5568 1232 5623 καὶ
1259 5568 1358 5637 τῆς
1395 5567 1814 5638 άνθρωπότητος

243 5661 468 5728 ἔνδειξις
501 5661 562 5716 τὸ
587 5661 767 5731 λέγειν
802 5661 982 5727 αὑτὸν,
1004 5662 1085 5716 ὅτι
1121 5663 1189 5714 '0
1225 5659 1426 5729 Πατὴρ
1450 5658 1683 5730 ἐκεῖνός
1705 5676 1810 5730 μοι

241 5751 502 5818 ἐντολὴν
537 5753 721 5808 ἔδωκε
749 5753 806 5808 τί
829 5753 975 5808 ετπω
1004 5752 1101 5808 καί
1131 5754 1186 5807 τί
1207 5752 1478 5824 λαλήσω.

1847 4481 1895 4538 D

1919 1927 2197 1992 sciebant;
2256 1926 2386 1996 quid
2433 1941 2564 1980 vero
2597 1926 3038 1996 signiﬁcaverat,
3088 1924 3312 1978 minime
3351 1923 3492 1978 scie-

1919 2017 2068 2073 bant.

1996 2108 2161 2166 Vens.
2191 2109 2280 2164 5i.
2309 2107 2596 2175 Quomodo
2634 2109 3046 2180 intelligendum
3094 2125 3108 2163 :
3158 2106 3315 2161 Nunc
3345 2106 3492 2176 prin-

1917 2214 2033 2266 ceps
2062 2199 2244 2252 mundi
2273 2198 2712 2269 Iiujusjudicatus
2738 2199 2860 2253 est?
2889 2197 3142 2255 Ostendit
3167 2197 3294 2268 quia
3317 2237 3332 2264 ,
3368 2211 3490 2251 cum

1919 2289 1988 2344 ab
2023 2290 2180 2343 initio
2202 2289 2368 2343 homo
2399 2289 2660 2359 deceptus
2685 2300 2787 2352 est,
2831 2298 2885 2344 et
2921 2305 3047 2344 reus
3086 2289 3262 2344 factus
3298 2295 3400 2349 est,
3440 2293 3497 2339 rt

1921 2390 2168 2436 mortuus
2198 2390 2301 2445 est,
2332 2380 2400 2434 ad
2449 2396 2536 2436 me
2582 2381 2743 2434 etiam
2797 2381 3042 2443 accedet,
3087 2387 3142 2434 et
3176 2395 3282 2432 nun
3331 2378 3496 2432 faciet

1918 2481 2121 2541 quanta
2151 2472 2286 2535 vult,
2333 2481 2388 2525 et
2443 2481 2660 2541 propter
2710 2472 2812 2526 hoc
2849 2471 3187 2540 iudicabitur
3227 2470 3486 2525 mundus.

1923 2561 2027 2613 Alii
2057 2570 2238 2614 autem
2275 2561 2342 2613 de
2368 2559 2542 2614 Pilato
2575 2562 2677 2614 hoc
2714 2561 3041 2630 intelligunt.

1995 2651 2156 2707 Vens.
2189 2651 2277 2706 32.
2313 2651 2450 2718 Quid
2484 2660 2605 2708 est:
2637 2652 2766 2704 Cum
2801 2653 3067 2706 exultatus
3089 2652 3236 2721 fuero
3269 2668 3300 2704 α
3329 2659 3493 2715 terra,

1921 2758 2096 2796 omnes
2128 2743 2332 2796 traham
2363 2741 2432 2796 ad
2468 2743 2762 2812 mcipsum?
2793 2743 2870 2798 De
2901 2757 3064 2798 cruce
3097 2743 3230 2797 dicit
3255 2759 3270 2808 ;
3320 2756 3498 2794 omnes

1923 2843 2104 2886 autem
2139 2841 2359 2902 propter
2399 2844 2586 2901 gentes
2610 2833 2826 2888 dicitur.
2865 2831 2927 2886 Et
2970 2833 3144 2887 aliter.
3190 2832 3304 2885 Non
3335 2830 3492 2893 dixit,

1925 2921 2164 2990 Vocabo,
2197 2925 2312 2985 sed,
2349 2923 2580 2976 Traham
2615 2939 2793 2976 omnes
2815 2938 2835 2976 :
2887 2924 3054 2976 robur
3080 2923 3329 2977 indicans
3353 2935 3492 2990 prat-

1922 3011 2238 3080 dicationis,
2279 3012 2701 3081 Evangeliorum
2748 3011 3044 3066 efﬁcaciam
3077 3010 3394 3073 ostendens,
3441 3017 3496 3062 et

1924 3103 2110 3172 gratiae
2141 3102 2249 3156 vim
2287 3101 2570 3165 invictam,
2590 3101 2717 3170 quia
2751 3114 2942 3154 omnes
2970 3098 3121 3152 ducit
3149 3098 3213 3154 ad
3235 3098 3413 3160 (idem,
3441 3106 3497 3150 et

1923 3207 2114 3249 omnes
2139 3193 2206 3248 as‘
2239 3195 2442 3248 bonum
2480 3191 2790 3247 faciendum
2831 3189 3072 3245 instruit.

1994 3376 2163 3432 Vens.
2185 3376 2272 3432 36.
2303 3376 2443 3444 Quid
2496 3386 2598 3442 est,
2656 3374 2722 3429 Ut
2781 3375 2878 3443 ﬁlii
2911 3375 3045 3428 lucis
3101 3374 3254 3428 sitis?
3286 3374 3340 3428 ld
3375 3383 3458 3430 est
3481 3416 3496 3439 ,

1982 3489 2076 3526 ΙΙΙ.

1924 3471 2160 3618 MlVens.
2211 3566 2299 3620 58.
2363 3563 2652 3630 Quomodo
2713 3561 3162 3633 intelligendum,
3211 3561 3277 3616 Ut
3327 3578 3497 3616 sermo

1921 3654 2082 3710 Isaia:
2102 3655 2461 3726 impleretur?
2506 3653 2575 3708 Ut
2617 3653 2834 3724 signum
2887 3661 2970 3709 est
3004 3668 3112 3708 non
3173 3669 3351 3707 causae
3404 3653 3496 3706 sed

1921 3754 2174 3889 “32:58..
2211 3834 2302 3888 40.
2350 3833 2637 3900 Quomodo
2684 3832 3093 3903 intelligendum
3141 3847 3156 3886 :
3201 3831 3498 3887 Exi-amavit

1917 3925 2090 3980 oculos
2125 3941 2304 3979 eorum
2355 3935 2406 3980 et
2461 3925 2731 3980 induravit
2785 3941 2877 3978 cor
2933 3926 3150 3978 eorum?
3203 3923 3348 3978 Idem
3389 3933 3496 3988 εει,

1918 4031 2002 4082 ac,
2052 4017 2295 4071 Tradidit
2343 4016 2466 4071 illos
2515 4017 2571 4070 in
2613 4017 2858 4086 spiritum
2897 4016 3269 4085 reprobatum,
3305 4015 3355 4070 id
3391 4023 3496 4081 est,

1917 4107 2185 4162 sustinere
2244 4109 2425 4164 desiit.
2463 4105 2581 4162 Non
2616 4109 2762 4163 enim
2811 4117 3131 4176 operantem
3173 4108 3326 4160 illum
3385 4108 3500 4161 tunc

1917 4197 2070 4261 dicit,
2114 4199 2207 4252 sed
2243 4198 2361 4253 haec
2410 4199 2686 4267 propriam
2723 4213 2820 4266 per
2855 4199 3121 4252 malitiam
3151 4213 3342 4250 eorum
3372 4213 3499 4251 eve-

1918 4288 2033 4340 nire
2063 4288 2321 4342 ostendit.
2349 4288 2426 4340 lta
2459 4288 2539 4341 sol
2571 4288 2830 4342 debilium
2873 4289 3044 4342 visum
3071 4286 3234 4351 laedit,
3264 4301 3372 4339 non
3403 4302 3499 4356 pcr

1915 4377 2251 4433 debilitatem
2279 4378 2693 4433 sustinentium.

1991 4556 2150 4612 Vens.
2188 4557 2276 4614 Μ.
2313 4555 2428 4610 Νοη
2463 4555 2603 4612 dixit
2637 4574 2649 4610 :
2698 4555 2799 4623 Qui
2834 4558 3004 4613 credit
3050 4559 3207 4624 mihi,
3236 4559 3357 4626 sed,
3393 4558 3498 4625 Qui

1914 4651 2075 4704 credit
2125 4651 2180 4704 in
2223 4667 2337 4714 me;
2368 4649 2782 4706 similitudinem
2821 4666 2946 4707 cum
2980 4650 3160 4707 Patris
3192 4653 3497 4709 substantia

1915 4744 2252 4798 ostendens:
2309 4743 2452 4798 idem
2483 4752 2567 4800 est
2629 4750 2850 4810 autem,
2889 4743 2992 4809 Qui
3027 4744 3165 4801 uidet
3215 4761 3315 4811 me,
3357 4747 3495 4799 videt

1913 4853 2031 4893 eum
2058 4839 2148 4906 qui
2172 4840 2319 4892 misit
2347 4855 2449 4892 me.

1990 4923 2153 4981 Vens.
2201 4926 2290 4981 48.
2346 4926 2634 4992 Quomodo
2671 4926 3106 4994 intelligendum,
3143 4927 3247 4992 Qui
3294 4929 3490 4996 spernit

1917 5031 2016 5078 me,
2050 5016 2204 5069 liabet
2229 5017 2320 5084 qui
2353 5015 2558 5084 judicet
2608 5017 2771 5070 eum?
2816 5015 2987 5082 Quem
3034 5017 3195 5070 habet
3220 5015 3496 5085 iudicem?

1917 5108 1974 5162 Si
2004 5109 2149 5163 enim
2171 5107 2333 5162 Pater
2362 5125 2469 5162 non
2502 5107 2713 5177 judicat
2743 5123 3099 5178 quemquam,
3141 5116 3194 5160 et
3220 5117 3274 5161 tu
3309 5107 3446 5162 dicis
3477 5126 3492 5163 :

1921 5196 2043 5250 Non
2083 5197 2195 5250 veni
2225 5207 2280 5249 ut
2304 5197 2541 5266 judicem
2570 5196 2843 5263 mundum,
2875 5197 3000 5265 quis
3032 5196 3238 5265 iudicat
3272 5196 3370 5251 bos
3399 5195 3493 5273 qui

1918 5306 2024 5344 non
2058 5291 2332 5343 credunt?
2377 5289 2592 5353 Sermo,
2626 5289 2825 5358 inquit,
2873 5303 3036 5365 quem
3087 5287 3303 5340 locutus
3347 5301 3492 5349 sum.

1921 5383 2008 5436 ille
2047 5381 2314 5451 judicabit
2385 5397 2534 5444 eum,
2592 5380 2643 5434 id
2691 5390 2775 5435 est
2817 5380 2871 5434 in
2931 5394 3145 5434 reorum
3205 5392 3506 5433 munerum.

1919 5482 2142 5529 statuet.

1991 5563 2159 5618 Vens.
2191 5561 2279 5616 49.
2308 5559 2563 5617 Perfecta:
2592 5561 2918 5624 humilitatis
2944 5570 2998 5617 et
3027 5559 3377 5614 humanitatis
3401 5559 3487 5614 in-

1919 5656 2117 5716 dicium
2147 5663 2230 5711 est
2251 5653 2395 5723 quod
2423 5653 2555 5712 dicit
2593 5671 2606 5706 :
2646 5651 2808 5705 Pater
2840 5652 2954 5720 ipse
2999 5651 3124 5704 mihi
3179 5651 3485 5733 mandatum
3515 5715 3521 5717 _

1924 5749 2062 5802 dedit
2095 5747 2220 5818 quid
2251 5747 2425 5801 dicam
2454 5756 2500 5800 et
2524 5746 2650 5815 quid
2682 5744 2887 5812 loquar.
