3884 6208
171 303 286 370 1269

1213 273 1533 370 scuoLIA
1575 307 1874 370 verum
1919 310 1995 368 1N
2033 310 2412 371 JOANNEM.

3266 311 3406 376 12ἷο

226 423 340 486 Πῶς
395 421 616 492 νοητέον
668 423 695 477 ὃ
742 419 893 477 εἶπεν
949 424 1098 495 utier
1147 426 1175 479 6
1227 424 1482 496 Χριστὸς,
1516 427 1597 478 ὅτι
1659 426 1728 478 Ὃ

1905 423 2066 480 Vsus.
2120 424 2210 478 27.
2274 422 2560 490 Quomodo
2605 425 3013 496 intelligendum
3074 425 3222 496 quin]
3271 427 3408 482 dixit

164 515 356 580 ποιεῖς.
399 514 609 584 τάχιον
642 516 949 581 ποίησον;
983 517 1058 569 Οὐ
1106 517 1545 587 προστάσσοντὸς
1607 519 1723 569 ἐστι

161 604 325 668 τοῦτο.
349 606 486 660 ἀλλὰ
512 607 864 673 ὀνειδίζοντος
900 609 994 662 καὶ
1017 608 1476 680 εἰρωνευομένου.

220 697 332 760 Πῶς
359 698 522 762 αὐτὸς
573 698 836 762 κελεύων,
889 699 963 769 μὴ
1029 701 1234 771 πήραν,
1271 698 1345 770 μὴ
1393 698 1615 769 χαλκὸν,
1651 698 1726 768 μὴ

165 789 343 859 ρἀδον
389 790 770 861 ἐπιφέρεσθαι,
807 791 1196 861 γλωσσόκομον
1239 791 1578 860 ἐπεφέρετο;
1608 790 1728 843 Ἵνα

166 879 412 949 μάθωμεν
447 881 526 934 ὅτι
558 882 652 934 καὶ
685 882 776 934 τὸν
823 883 1032 952 σφόδρα
1061 883 1370 952 ἀκτήμονα,
1410 881 1614 950 πολλὴν
1643 880 1726 933 δεῖ

164 970 407 1040 πρόνοιαν
446 972 555 1025 τῶν
586 973 837 1041 πενήτων
869 972 1172 1025 ποιεῖσθαι.

227 1065 318 1117 Διὰ
348 1063 403 1116 τί
437 1065 524 1117 τὸν
556 1065 746 1133 καιρὸν
771 1065 798 1116 6
825 1064 1213 1134 εὖαγγελιστὴς
1255 1064 1403 1130 λέγει
1436 1080 1451 1096 ο
1512 1057 1632 1116 Ἦν
1661 1060 1727 1114 δὲ

165 1155 271 1219 νὺξ
301 1156 399 1209 ὅτε
449 1155 712 1223 ἐξῆλθεν
772 1157 1029 1223 Ἰοὐδας;
1067 1160 1183 1211 Ἵνα
1243 1157 1507 1226 μάθωμεν
1559 1157 1726 1211 αὑτοῦ

165 1250 257 1319 τὴν
304 1249 620 1320 ἰταμότητα,
656 1251 736 1303 ὃτι
787 1249 907 1304 οὑδέ
957 1252 984 1304 6
1028 1252 1219 1321 καιρὸς
1269 1251 1431 1304 αὐτὸν
1464 1250 1590 1320 ἔσχε
1631 1250 1730 1320 τῆς

168 1342 352 1411 ὁρμῆς-

236 1433 423 1486 ὀπου
469 1432 584 1502 ἐγὼ
611 1431 836 1501 ὑπάγω,
866 1433 1037 1501 ὑμεῖς
1077 1433 1148 1486 οὐ
1186 1432 1456 1486 δύνασθε
1499 1432 1728 1488 ἐλθεῖν.

168 1520 443 1574 Δείκνυσιν
476 1523 556 1574 ὅτι
579 1523 606 1574 6
645 1521 875 1584 θάνατος
905 1521 1096 1584 αὐτοῦ,
1132 1522 1469 1592 μετάστασις
1500 1525 1584 1585 τίς
1613 1524 1731 1575 ἐστι

167 1612 254 1662 καὶ
282 1611 572 1680 μετάθεσις
597 1613 838 1683 ἀμεινων
871 1614 950 1676 εἰς
979 1613 1142 1666 τόπον
1183 1613 1411 1683 σώματα
1441 1613 1735 1684 δεχόμενον

170 1702 380 1771 φθαρτὰ
413 1703 520 1772 πρὸ
557 1705 650 1757 τοῦ
678 1705 991 1760 ἀποθανεῖν.

1829 516 1906 570 illi
1937 515 2212 581 Christus,
2239 517 2393 584 Quod
2414 518 2547 586 facis
2571 518 2657 586 {ac
2680 519 2837 572 citius
2854 521 2879 572 ?
2898 519 3016 574 Non
3043 519 3286 586 iubentis
3302 530 3408 586 est,

1828 608 1922 663 sed
1960 610 2347 680 exprobrantis
2378 619 2431 664 et
2463 609 2764 666 irridentis.

1901 699 2067 754 Vsus.
2121 701 2211 756 29.
2253 700 2544 767 Quomodo
2574 701 2666 755 ille
2720 701 3042 771 praecipiens
3083 717 3149 756 ne
3197 718 3406 771 peram,

1828 808 1925 854 aes.
1956 793 2038 847 vel
2070 793 2324 847 baculum
2349 801 2560 863 gerant,
2594 793 2806 849 loculos
2833 793 3055 863 gerebat
3075 794 3097 835 τ
3126 791 3196 848 Ut
3233 795 3409 848 disea-

1830 902 1954 941 mus
1987 884 2322 944 velmaxime
2345 900 2598 955 egenum,
2625 899 2878 954 magnam
2899 884 3096 938 habeat
3112 898 3408 954 pauperum

1832 975 2223 1047 providentiam
2262 984 2538 1044 oportere.

1906 1065 2063 1120 Vens.
2127 1063 2214 1117 30.
2265 1063 2375 1116 Cur
2421 1072 2636 1131 tempus
2663 1061 2798 1116 dicit
2843 1059 3227 1130 evangelista:
3278 1058 3412 1112 Erat

1833 1163 2007 1207 autem
2043 1167 2148 1206 nos
2172 1151 2386 1220 quando
2421 1152 2580 1204 exivit
2626 1149 2800 1203 ludas
2825 1153 2849 1205 .’
2879 1149 2947 1204 Ut
2985 1149 3266 1204 discamus
3293 1148 3413 1215 eius

1834 1243 2144 1304 audaciam,
2196 1239 2326 1308 quia
2386 1248 2600 1308 tempus
2652 1255 2759 1293 non
2819 1239 2970 1292 illum
3027 1253 3057 1291 a
3128 1237 3415 1306 proposito

1835 1333 2089 1388 detinuit.

1909 1421 2071 1476 Vsus.
2107 1423 2198 1478 56.
2233 1419 2351 1484 Quo
2389 1437 2482 1490 ego
2519 1420 2677 1481 vado,
2707 1434 2793 1472 vos
2825 1434 2930 1471 non
2964 1416 3183 1486 potestis
3217 1414 3414 1478 venire,-

1835 1517 2074 1571 ostendit
2117 1525 2349 1572 mortem
2410 1529 2566 1570 suam
2612 1527 2736 1567 esse
2781 1511 3074 1580 quemdam
3120 1507 3416 1564 transitum

1837 1615 1892 1663 et
1949 1607 2460 1663 trausmutationem
2507 1603 2789 1659 meliorem
2833 1601 2885 1655 in
2945 1600 3125 1654 locum
3187 1610 3419 1666 corpora

1841 1697 2190 1767 recipientem
2243 1695 2621 1766 corruptibilia
2680 1701 2972 1760 antequam
3049 1695 3413 1742 morerentur.

230 1769 325 1845 Αίά
357 1793 409 1845 τί
448 1769 628 1865 ἐρωτᾷ
675 1797 704 1848 6
743 1795 950 1864 Πέτρος
978 1812 992 1826 ⁶
1032 1798 1228 1865 Κύριε,
1274 1795 1392 1850 ποῦ
1445 1798 1735 1868 ﬁniret“

1912 1785 2078 1841 Vsus.
2115 1788 2206 1842 37.
2257 1787 2368 1842 Cur
2419 1787 2724 1853 interrogat
2762 1780 2976 1842 Petrus,
3021 1777 3269 1840 Domine,
3317 1789 3421 1868 quo

168 1884 238 1934 Οὐ
278 1885 897 1958 τοσοῦτονιβουλόμενος
941 1888 1156 1959 μαοετν,
1187 1889 1310 1942 ὅσον
1369 1891 1736 1962 ἀκολουθῆσαι

167 1974 249 2028 διὰ
277 1974 612 2047 θερμότητα.

774 2109 817 2162 Κ
829 2109 1023 2162 ΕΦΑΛ.
1070 2109 1169 2164 1Δ’.

237 2238 550 2291 Πιστεύετε
567 2239 652 2304 εἰς
678 2237 783 2292 τὸν
812 2239 980 2304 Θεὸν,
1015 2240 1112 2293 καὶ
1133 2241 1221 2305 εὶς
1246 2239 1354 2309 ἐμὲ
1392 2239 1732 2294 πιστεύετε.

168 2325 241 2378 Τὸ
267 2327 294 2378 6
301 2325 554 2396 μοοΰσιον
593 2323 763 2396 δηλοῖ.

237 2417 312 2468 T6
345 2417 526 2483 λέγειν
557 2419 647 2470 τὸν
687 2419 910 2489 Θωμᾶν,
948 2422 1143 2485 Κύριε,
1168 2421 1280 2475 οὐκ
1317 2420 1570 2490 οἴδαμεν
1622 2419 1742 2475 ποῦ

175 2506 441 2574 ὑπάγεις,
469 2507 575 2558 ἀπὸ
602 2507 803 2571 δειλίας
827 2510 986 2563 τοῦτο
1011 2511 1180 2577 λέγει.

241 2598 332 2660 τὺ,
364 2597 574 2662 Δεῖξον
603 2598 748 2667 ἡμῖν
795 2600 901 2652 τὸν
931 2602 1182 2669 Πατέρα,
1240 2603 1337 2654 καὶ
1371 2603 1547 2667 ἀρκεῖ
1579 2601 1743 2671 ἡμῖν,

1842 1878 2392 1934 vadis?Nonvoleus
2449 1887 2656 1933 tantum
2709 1875 2876 1936 scire,
2937 1879 3204 1941 quantum
3265 1866 3422 1936 sequi

1841 1968 1913 2023 ob
1937 1984 2097 2024 suum
2137 1971 2414 2044 ardorem.

2397 2113 2627 2172 CAPUT
2691 2111 2827 2167 XIV.

1901 2249 2069 2304 Vsus.
2121 2247 2168 2302 ι.
2223 2243 2454 2300 Creditis
2513 2243 2566 2295 in
2630 2239 2821 2302 Deum,
2887 2246 2935 2290 at
2963 2238 3016 2290 in
3045 2251 3124 2289 me
3189 2233 3423 2295 credite;

1847 2336 2479 2401 consubstantialitatem
2515 2331 2775 2388 ostendit.

1920 2431 2081 2486 Vens.
2110 2429 2166 2484 5.
2195 2426 2395 2482 Dicens
2425 2425 2690 2487 Thomas,
2736 2419 2977 2480 Domine,
3010 2416 3273 2471 nescimus
3325 2428 3426 2483 quo

1848 2522 2025 2585 vadis,
2059 2534 2121 2574 ea
2150 2517 2447 2572 timiditate
2481 2513 2749 2583 loquitur.

1921 2610 2084 2664 Vens.
2112 2609 2167 2664 8.
2214 2605 2442 2662 Ostende
2479 2605 2628 2658 nobis
2672 2602 2909 2665 Patrem,
2947 2609 2995 2654 et
3033 2598 3220 2668 sufﬁcit
3247 2596 3419 2650 nobis.

175 2687 449 2757 αἰσθητοῖς
464 2689 766 2759 ὀφθαλμοῖς
791 2691 921 2744 ἐϐόα
952 2691 1110 2744 τοῦτο
1141 2692 1272 2745 ἰδεῖν
1302 2710 1315 2722 ·
1350 2692 1411 2758 ἐξ
1447 2687 1511 2746 οὗ
1549 2693 1578 2744 6
1623 2693 1748 2757 Υἱὸς

1877 2701 2236 2772 Iorporalibus
2267 2696 2443 2754 oculis
2495 2696 2722 2767 rogabat
2747 2693 2955 2749 videre.
3005 2690 3081 2744 Ex
3119 2706 3228 2760 quo
3258 2687 3433 2743 Filius

175 2779 424 2848 ἐπιφέρει
464 2779 690 2843 τδ,οὐκ
742 2781 1008 2849 ἔγνωκάς
1057 2799 1134 2850 με
1169 2797 1182 2811 ⁸
1241 2782 1398 2836 τοῦτο
1449 2784 1556 2854 γάρ
1602 2785 1750 2838 ἐστιν

1877 2794 2094 2864 nhjicit.
2148 2790 2271 2845 Non
2305 2789 2621 2861 cognovistis
2653 2802 2754 2854 me,
2792 2786 2898 2842 hoc
2918 2792 3003 2839 est
3049 2782 3158 2845 ille,
3185 2779 3434 2860 quodOest

173 2868 356 2934 αὐτὸς,
391 2869 527 2940 ὅπερ
554 2869 702 2922 ἐστὶν
727 2871 756 2923 6
797 2870 1011 2941 Πατήρ.

1877 2886 2036 2939 ’ater.

245 2957 342 3010 Διά
377 2957 431 3010 τί
460 2957 609 3026 λέγει
633 2975 650 2989 ο
691 2958 803 3013 Καὶ
843 2954 1039 3013 ἀλλον
1068 2959 1466 3028 Παρὰκλητον
1492 2959 1748 3030 adyti-ei,-

1925 2975 2094 3030 Vsus.
2135 2973 2220 3032 l6.
2255 2973 2367 3028 Cur
2415 2971 2591 3026 dicit:
2631 2967 2814 3021 Alium
2845 2964 3188 3020 Paracletum
3221 2961 3436 3014 mittet!

177 3047 568 3118 Καταισχόνων
597 3050 837 3113 καὶτοὺς
862 3049 956 3104 τοῦ
975 3049 1263 3103 Σαϐελλίου
1279 3051 1370 3104 καὶ
1404 3051 1638 3121 Ἀρείου.
1661 3052 1752 3122 Τῷ

1877 3067 2210 3122 Ionfundens
2244 3063 2590 3118 Sabellianos
2628 3069 2680 3114 et
2713 3057 2975 3113 Arianos.
3014 3053 3258 3110 Dicendo
3284 3052 3429 3106 enim

179 3140 408 3210 μὲνγὰρ
441 3141 638 3206 εἰπεῖν,
656 3142 869 3206 ἄλλον,
903 3143 1002 3213 τῆς
1041 3142 1386 3206 ὑποστάσεως
1419 3143 1481 3196 τὸ
1501 3143 1753 3214 διάφορον

1877 3159 2048 3224 ilium,
2121 3171 2368 3226 personae
2423 3151 2797 3208 diversitatem
2859 3146 3130 3212 ostendit;
3201 3143 3435 3200 dicendo

174 3232 446 3284 δείκνυσιν
472 3247 486 3262 ·
539 3232 618 3301 τῷ
647 3231 704 3286 δὲ
733 3234 930 3297 εἰπεῖν,
968 3232 1384 3302 Παράκλητον,
1418 3237 1516 3304 τῆς
1568 3234 1753 3298 οὐσίας

1877 3258 2038 3304 iutem
2071 3247 2436 3311 Paracletum,
2482 3243 2810 3300 subStantiae
2865 3236 3328 3299 similitudinem;
3379 3243 3439 3288 ut

176 3323 238 3375 τὸ
276 3323 499 3393 ὅμοιον·
553 3323 638 3378 ἵνα
681 3323 738 3377 δὲ
803 3326 877 3395 μὴ
925 3325 1198 3395 νομίσωσι
1261 3324 1753 3396 σαρκωθησόμενον

1877 3357 1968 3397 non
1998 3347 2188 3410 putant
2214 3353 2337 3394 eum
2395 3338 2737 3392 incarnatum
2795 3345 2938 3394 esse,
2967 3325 3189 3393 subiicit
3219 3343 3232 3378 :
3269 3322 3438 3390 Quem

178 3417 329 3478 αὐτὸ,
354 3416 605 3489 ἐπιφέρει
626 3434 640 3450 ⁸
677 3419 748 3471 Ὃ
783 3421 814 3472 ό
841 3419 1070 3486 κόσμος
1111 3419 1182 3472 οὐ
1217 3417 1468 3472 δύναται
1498 3418 1710 3473 λαϐεῖν
1734 3436 1748 3449 ·

1877 3433 2089 3488 nundus
2127 3446 2229 3484 tum
2279 3436 2449 3498 potest
2493 3425 2767 3494 accipere;
2803 3436 2900 3492 per
2956 3418 3221 3474 mundum
3267 3415 3440 3469 malos

178 3508 209 3577 ἢ
246 3508 451 3578 κόσμον
482 3508 607 3571 τοὺς
638 3511 910 3578 πονηροὺς
940 3509 1114 3577 λέγει.

1877 3527 2131 3596 lesignat.

254 3599 457 3666 Εἰπὼν,
490 3602 570 3654 ὅτι
613 3601 756 3672 Ἐγὼ
778 3600 850 3662 ζῶ
873 3601 972 3655 καί
1007 3601 1176 3671 ὑμεῖς
1201 3601 1480 3667 ζήσεσθε,
1510 3601 1632 3671 οὐχὶ
1660 3603 1759 3673 τὴν

181 3693 491 3766 παροῦσαν,
527 3695 662 3751 ἀλλὰ
691 3697 788 3766 τὴν
821 3695 1123 3767 μέλλουσαν
1145 3695 1292 3764 λέγει
1323 3696 1490 3766 ζωήν.
1527 3696 1647 3748 Ὅτι
1677 3696 1756 3759 τὸ,

174 3785 386 3851 Καθὼς
419 3784 740 3840 ἀπέστειλέ
765 3804 862 3855 με,
895 3787 1057 3853 κάγὼ
1102 3785 1462 3841 ἀποστέλλω
1495 3780 1672 3856 ὑμᾶς,
1701 3787 1763 3839 τὸ

177 3875 469 3944 ὁμοούσιον
527 3875 696 3946 δηλοῖ.
729 3875 791 3929 Εἰ
840 3879 948 3946 γὰρ
986 3878 1060 3947 μὴ
1115 3876 1288 3939 οὕτως
1342 3877 1474 3930 αὐτὸ
1519 3876 1761 3947 ἐκλαβών

182 3969 353 4040 μεθα,
395 3970 545 4024 οὐδὲν
569 3971 756 4024 διοίσει
783 3973 892 4024 τῶν
923 3970 1236 4024 ἀποστόλων
1263 3972 1287 4024 6
1327 3970 1582 4040 Χριστός.

261 4061 327 4114 Τί
385 4065 498 4115 ἐστι
542 4063 602 4116 τὸ
650 4063 940 4132 λεγόμενον
973 4080 986 4094 ·
1024 4064 1216 4132 Κύριε,
1247 4063 1305 4116 τι
1361 4061 1630 4130 γέγονεν,
1668 4061 1760 4116 ὅτι

182 4151 334 4222 ἡμῖν
366 4153 609 4222 μέλλεις
666 4152 1006 4224 ἐμφανίζειν
1045 4151 1308 4207 σεαυτὸν
1347 4153 1446 4206 καί
1503 4153 1638 4219 οὐχὶ
1681 4151 1760 4216 τῷ

183 4247 434 4310 sedatio);
474 4246 754 4314 Ἐνόμιζον
806 4247 940 4315 δναρ
989 4245 1326 4315 ὀφθήσεσθαι
1378 4245 1582 4307 αὐτοῖς,
1612 4244 1645 4312 ἢ
1691 4244 1766 4307 ὡς

183 4339 318 4401 τοὺς
350 4341 579 4408 νεκροὺς
612 4337 852 4408 δρῶμεν.

1936 3617 2103 3671 Vsus.
2139 3615 2224 3669 19.
2266 3611 2500 3669 Dicendo
2540 3626 2555 3664 :
2586 3607 2695 3679 Ego
2725 3607 2838 3660 vivo
2871 3613 3026 3659 etvas
3080 3601 3282 3662 vinetis,
3333 3613 3439 3651 non

1863 3711 2208 3773 praesentem,
2257 3705 2350 3758 sed
2407 3698 2646 3754 futuram
2715 3696 2884 3750 vitam
2943 3691 3204 3762 loquitur.
3281 3687 3445 3743 Sicut

1865 3797 2011 3850 misit
2063 3810 2161 3860 me,
2211 3801 2260 3846 et
2327 3807 2420 3861 ego
2453 3791 2606 3844 mitto
2647 3803 2764 3849 vos,
2817 3781 3442 3841 consubstantialitatem

1866 3887 2129 3942 ostendit.
2174 3885 2229 3938 Si
2267 3886 2414 3940 enim
2458 3899 2566 3938 non
2598 3883 2671 3938 ita
2713 3881 2766 3935 id
2821 3877 3268 3948 iutclligeremns,
3310 3873 3447 3926 nihil

1865 3979 2106 4034 diﬂ'erret
2137 3978 2206 4032 ab
2236 3977 2500 4047 apostolis
2533 3974 2816 4030 Christus.

1939 4072 2103 4125 Vsus.
2134 4070 2226 4123 22.
2255 4068 2396 4136 Quid
2429 4077 2514 4124 est
2559 4067 2702 4138 quod
2751 4064 2990 4119 dicitur:
3034 4062 3274 4121 Domine,
3321 4057 3447 4128 quid

1868 4162 2065 4231 factum
2090 4171 2190 4225 est,
2220 4163 2345 4229 quia
2373 4161 2521 4213 nobis
2553 4158 2998 4227 manifestaturus
3030 4171 3084 4208 es
3114 4163 3162 4207 te
3192 4154 3366 4220 ipsum
3399 4158 3450 4202 ct

1870 4269 1970 4305 non
2033 4251 2276 4305 mundo?
2327 4252 2596 4305 Putabant
2651 4249 2924 4303 somnium
2986 4246 3204 4309 videre,
3262 4241 3346 4294 vel
3393 4250 3452 4294 ut

1873 4356 2117 4397 mortuos
2142 4342 2410 4395 videmus.

261 4429 388 4482 Ὀτι
418 4432 498 4494 τὸ,
538 4429 592 4482 Ὀ
623 4430 803 4497 λόγος
827 4428 898 4480 ὃν
926 4428 1230 4495 ἠκούσατε
1261 4427 1371 4480 οὐκ
1397 4425 1569 4478 ἔστιν
1597 4425 1753 4493 ἐμὸς1

1942 4432 2106 4487 Vens.
2168 4432 2258 4485 24.
2297 4431 2480 4486 Sermo
2545 4445 2698 4500 quem
2743 4427 2972 4481 audistis
3029 4435 3234 4480 nonest
3284 4439 3451 4486 meus,

185 4517 356 4573 ἀλλὰ
407 4519 512 4572 τοῦ
571 4517 922 4587 πέμψαντός
975 4533 1050 4585 με
1092 4514 1341 4584 Πατρός,
1371 4515 1642 4581 δείκνυσιν
1684 4516 1765 4569 ὅτι

187 4611 348 4664 οὐδὲν
390 4609 494 4675 ἐξω
531 4608 622 4663 τοῦ
656 4609 870 4678 Πατρὺς
903 4607 1229 4676 φθέγγεται.

279 4701 378 4762 Τίς
408 4703 434 4752 ὀ
468 4700 838 4770 πορευόμενος
886 4700 1021 4769 πρὸς
1047 4699 1137 4751 τὸν
1163 4698 1402 4770 Πατέρα,
1436 4693 1481 4752 ὦ
1544 4700 1766 4770 "Aptata;

203 4792 268 4844 Ὀ
304 4791 434 4851 Θεὸς
485 4792 655 4859 Λόγος
685 4805 697 4823 ·
722 4792 838 4845 ἀλλ’
873 4793 929 4844 ἐν
957 4794 1066 4854 τοῖς
1111 4791 1332 4855 κόλποις
1374 4788 1442 4863 ἦν
1493 4791 1586 4845 καὶ
1623 4791 1771 4844 ἐστιν

193 4885 288 4937 ἀεὶ
336 4884 429 4938 τοῦ
483 4886 714 4956 Πατρός.
760 4885 827 4937 Τί
862 4885 969 4955 γὰρ
1011 4884 1285 4957 ἐχωρίσθη
1341 4885 1593 4956 Πατρός;
1654 4885 1772 4937 Ἵνα

197 4978 442 5049 πορευθῇ
496 4979 632 5050 πρὸς
677 4979 766 5032 τὸν
801 4978 1056 5050 Πατέρα·
1091 4979 1316 5044 ἐξέπεσε
1374 4980 1483 5033 τῶν
1531 4979 1770 5045 κόλπων,

198 5069 270 5121 ἵν’
300 5070 566 5141 ἐπανέλθῃ
598 5071 734 5140 πρὸς
767 5069 1013 5134 τούτους.
1046 5068 1110 5122 Τί
1132 5066 1224 5124 οὖν
1253 5073 1401 5124 ἐστιν
1427 5088 1443 5135 ;
1479 5071 1542 5124 Ἦ
1575 5071 1772 5141 βλεπο-

196 5161 342 5230 μένη
366 5161 525 5229 φύσις
559 5163 693 5232 πρὸς
723 5162 812 5216 τὸν
852 5164 1065 5233 Πατέρα
1096 5163 1390 5236 πορεύεται
1427 5181 1440 5194 ·
1480 5166 1540 5218 τὺ
1573 5182 1775 5234 συγγε-

195 5253 292 5317 νὲς
324 5254 502 5324 ἡμῶν,
532 5254 593 5307 τὸ
627 5257 692 5308 ἐκ
733 5258 857 5326 γῆς,
891 5256 1028 5327 πρὸς
1064 5257 1156 5312 τὸν
1197 5259 1255 5311 ἐν
1297 5257 1568 5328 οὐρανοῖς,
1602 5253 1776 5330 οὗπέρ

196 5349 326 5400 ἐστι
360 5348 559 5416 μείζων
590 5349 616 5400 6
647 5349 862 5418 Πατήρ.
892 5349 1103 5418 Ὠσπερ
1130 5349 1309 5401 τοίνυν
1350 5348 1522 5420 βραχύ
1555 5367 1610 5404 τι
1642 5352 1776 5422 παρ’

196 5439 473 5506 ἀγγέλους
528 5440 874 5508 ἡλαττῶσθαι
928 5441 1238 5510 λεγόμενος,
1270 5441 1369 5493 οὐκ
1429 5441 1576 5495 ἐστιν
1626 5443 1779 5496 ἐλάτο

198 5550 318 5584 των
381 5533 627 5601 ἀγγέλων
688 5533 769 5604 (τὸ
816 5532 923 5604 γὰρ
965 5531 1137 5604 βραχύ
1205 5551 1256 5586 τι
1326 5534 1457 5605 παρ’
1510 5534 1780 5603 ἀγγέλους

197 5624 589 5696 ἠλαττωμένον
621 5625 886 5696 βλέπομεν
929 5625 1135 5691 Ἰησοῦν
1172 5627 1259 5680 διὰ
1327 5627 1388 5679 τδ
1421 5626 1648 5698 πάθημα
1689 5627 1781 5682 τοῦ

203 5715 446 5772 Θανάτου
468 5734 484 5755 ο
513 5721 664 5786 καθὸ,
697 5720 880 5790 φησὶν,
909 5719 1081 5773 εἵλετο
1117 5719 1349 5790 Χριστὸς
1377 5718 1607 5774 θανάτου
1649 5722 1780 5790 γεύ-

1871 4525 1959 4580 sed
1991 4525 2102 4592 ejus
2128 4526 2217 4594 qui
2250 4524 2392 4578 misit
2423 4539 2502 4576 me
2530 4521 2736 4586 Patris,
2771 4519 3013 4574 ostendit
3041 4533 3100 4573 se
3137 4517 3273 4572 nihil
3295 4525 3453 4570 extra

1872 4615 2086 4669 Patrem
2113 4617 2312 4670 dicere.

1942 4706 2108 4763 Vsus.
2141 4707 2232 4762 98.
2267 4706 2402 4773 Quis
2443 4707 2590 4761 vadit
2634 4705 2700 4760 ad
2751 4703 2988 4767 Patrem,
3030 4717 3064 4756 ο
3105 4699 3278 4755 Arie?
3311 4699 3455 4756 Deus

1890 4803 2124 4860 Verbum
2150 4823 2180 4871 ;.
2217 4805 2308 4860 sed
2366 4805 2418 4857 in
2473 4803 2594 4859 sinu
2635 4801 2810 4857 Patris
2838 4807 2956 4853 erat
2985 4808 3040 4854 ct
3076 4807 3164 4855 est
3219 4812 3455 4865 semper.

1874 4898 2011 4964 Quid
2067 4897 2212 4952 enim
2271 4897 2521 4951 avulsum
2589 4904 2734 4951 esta
2808 4891 3007 4969 Patre!
3041 4891 3112 4946 Ut
3165 4889 3328 4944 vadat
3388 4889 3454 4942 ad

1879 4990 2088 5045 Patrem
2115 5009 2128 5043 :
2155 5006 2180 5042 a
2203 4990 2324 5044 sinu
2351 4989 2620 5046 abscessit
2654 4998 2712 5042 ut
2747 4988 2812 5042 ad
2836 4987 3016 5041 sinum
3047 4985 3272 5040 rediret.
3306 4980 3450 5048 Quid

1876 5092 1959 5138 est
1995 5082 2197 5152 igitur?
2237 5081 2464 5136 visibilis
2504 5093 2698 5135 natura
2739 5080 2805 5134 ad
2846 5077 3058 5132 Patrem
3100 5076 3251 5130 vadit
3277 5075 3455 5144 ;quod

1881 5182 1964 5227 est
1995 5181 2284 5240 cognatum
2311 5172 2490 5231 nobis.
2527 5173 2670 5240 quod
2700 5177 2785 5224 est
2815 5184 2844 5223 e
2875 5178 3040 5230 terra,
3074 5164 3141 5218 ad
3182 5165 3335 5217 illum
3363 5163 3457 5231 qui

1883 5273 1965 5318 cst
1997 5264 2051 5318 in
2083 5263 2256 5328 caalis,
2298 5279 2406 5318 non
2447 5273 2626 5317 tamen
2658 5262 2818 5315 Pater
2867 5259 3043 5329 major
3068 5265 3185 5320 est;
3219 5263 3274 5308 ut
3297 5254 3461 5323 igitur

1886 5357 1976 5426 qui
2010 5356 2170 5425 paulo
2220 5355 2403 5410 minor
2445 5354 2654 5424 angelis
2703 5353 2930 5408 ell'ectus
2979 5364 3102 5404 esse
3149 5345 3329 5400 dictus
3356 5351 3460 5407 est,

1888 5462 1996 5502 non
2033 5446 2240 5517 angelis
2278 5447 2456 5500 minor
2473 5455 2578 5510 est,
2612 5460 2736 5498 nam
2763 5443 2924 5514 paulo
2954 5440 3220 5496 minorem
3251 5435 3462 5503 angelis

1882 5539 2157 5605 eductum,
2208 5539 2457 5594 videmus
2510 5537 2695 5593 Jesum
2753 5551 2847 5606 per
2893 5535 3201 5606 passionem
3248 5531 3459 5586 mortis.

1885 5631 2023 5697 Quia
2078 5630 2240 5700 elegit
2294 5630 2547 5685 Christus
2604 5639 2832 5682 mortem
2898 5635 3143 5697 gustare.
3204 5627 3290 5682 cui
3347 5637 3459 5678 non

1888 5723 2217 5795 participant
2259 5720 2474 5791 angeli;
2527 5722 2600 5776 ita
2647 5738 2704 5776 se
2737 5719 3000 5774 minorem
3054 5718 3214 5776 Patre
3251 5720 3464 5777 dicens.
