  <div class='ocr_page' id='page_1' title='image "/cluster/home/n/w/nwhite01/storage/ocr_20150623/106/hvd.32044073502346/642.png"; bbox 0 0 3884 6208; ppageno 0'>
   <div class='ocr_carea' id='block_1_1' title="bbox 174 329 308 392">
    <p class='ocr_par' dir='ltr' id='par_1_1' title="bbox 174 329 308 392">
     <span class='ocr_line' id='line_1_1' title="bbox 174 329 308 392; baseline 0.022 -3"><span class='ocrx_word' id='word_1_1' title='bbox 174 329 308 392; x_wconf 72' lang='grc'><strong>1273</strong></span> 
     </span>
    </p>
   </div>
   <div class='ocr_carea' id='block_1_2' title="bbox 1240 333 2428 399">
    <p class='ocr_par' dir='ltr' id='par_1_2' title="bbox 1240 333 2428 399">
     <span class='ocr_line' id='line_1_2' title="bbox 1240 333 2428 399; baseline 0.006 -8"><span class='ocrx_word' id='word_1_2' title='bbox 1240 333 1556 393; x_wconf 77' lang='lat' dir='ltr'><strong>SCHOLIA</strong></span> <span class='ocrx_word' id='word_1_3' title='bbox 1601 333 1891 393; x_wconf 74' lang='lat' dir='ltr'><strong>VETERA</strong></span> <span class='ocrx_word' id='word_1_4' title='bbox 1942 337 2019 396; x_wconf 82' lang='grc' dir='ltr'>ΙΝ</span> <span class='ocrx_word' id='word_1_5' title='bbox 2053 338 2428 399; x_wconf 72' lang='lat' dir='ltr'><strong>JOANNEM.</strong></span> 
     </span>
    </p>
   </div>
   <div class='ocr_carea' id='block_1_3' title="bbox 3275 343 3412 406">
    <p class='ocr_par' dir='ltr' id='par_1_3' title="bbox 3275 343 3412 406">
     <span class='ocr_line' id='line_1_3' title="bbox 3275 343 3412 406; baseline 0.015 -3"><span class='ocrx_word' id='word_1_6' title='bbox 3275 343 3412 406; x_wconf 61' lang='lat'><strong>127$</strong></span> 
     </span>
    </p>
   </div>
   <div class='ocr_carea' id='block_1_4' title="bbox 164 442 1723 524">
    <p class='ocr_par' dir='ltr' id='par_1_4' title="bbox 164 442 1723 515">
     <span class='ocr_line' id='line_1_4' title="bbox 164 442 1723 515; baseline 0.002 -19"><span class='ocrx_word' id='word_1_7' title='bbox 164 445 289 514; x_wconf 68' lang='grc' dir='ltr'><strong>ροῦς</strong></span> <span class='ocrx_word' id='word_1_8' title='bbox 323 442 642 513; x_wconf 79' lang='grc' dir='ltr'>ἀνθρώπους</span> <span class='ocrx_word' id='word_1_9' title='bbox 675 442 819 510; x_wconf 79' lang='grc' dir='ltr'><strong>λέγει</strong></span> <span class='ocrx_word' id='word_1_10' title='bbox 844 442 968 507; x_wconf 68' lang='grc' dir='ltr'><strong>τοὺς</strong></span> <span class='ocrx_word' id='word_1_11' title='bbox 996 444 1063 496; x_wconf 72' lang='grc' dir='ltr'><strong>τὰ</strong></span> <span class='ocrx_word' id='word_1_12' title='bbox 1105 446 1340 515; x_wconf 79' lang='grc' dir='ltr'><strong>κοσμικὰ</strong></span> <span class='ocrx_word' id='word_1_13' title='bbox 1373 446 1723 515; x_wconf 54' lang='grc' dir='ltr'><strong>φωνοῦντας.</strong></span> 
     </span>
    </p>
   </div>
   <div class='ocr_carea' id='block_1_5' title="bbox 1843 442 3407 524">
    <p class='ocr_par' dir='ltr' id='par_1_5' title="bbox 1843 447 3407 524">
     <span class='ocr_line' id='line_1_5' title="bbox 1843 447 3407 524; baseline 0.009 -26"><span class='ocrx_word' id='word_1_14' title='bbox 1843 447 2082 502; x_wconf 78' lang='lat' dir='ltr'><strong>homines</strong></span> <span class='ocrx_word' id='word_1_15' title='bbox 2148 458 2321 504; x_wconf 85' lang='lat' dir='ltr'><strong>malos</strong></span> <span class='ocrx_word' id='word_1_16' title='bbox 2383 453 2617 505; x_wconf 74' lang='lat' dir='ltr'><strong>ostendit</strong></span> <span class='ocrx_word' id='word_1_17' title='bbox 2669 453 2760 522; x_wconf 98' lang='lat' dir='ltr'><strong>qui</strong></span> <span class='ocrx_word' id='word_1_18' title='bbox 2824 455 3096 509; x_wconf 83' lang='lat' dir='ltr'><strong>mundana</strong></span> <span class='ocrx_word' id='word_1_19' title='bbox 3168 458 3407 524; x_wconf 80' lang='lat' dir='ltr'><strong>sapiunt.</strong></span> 
     </span>
    </p>
   </div>
   <div class='ocr_carea' id='block_1_6' title="bbox 235 534 1725 607">
    <p class='ocr_par' dir='ltr' id='par_1_6' title="bbox 235 534 1725 607">
     <span class='ocr_line' id='line_1_6' title="bbox 235 534 1725 607; baseline 0.001 -17"><span class='ocrx_word' id='word_1_20' title='bbox 235 536 345 590; x_wconf 76' lang='grc' dir='ltr'><strong>Τὸν</strong></span> <span class='ocrx_word' id='word_1_21' title='bbox 397 534 810 601; x_wconf 81' lang='grc' dir='ltr'><strong>Παράκλητον,</strong></span> <span class='ocrx_word' id='word_1_22' title='bbox 839 537 1006 604; x_wconf 77' lang='grc' dir='ltr'><strong>λέγει,</strong></span> <span class='ocrx_word' id='word_1_23' title='bbox 1039 538 1111 591; x_wconf 82' lang='grc' dir='ltr'><strong>ὃν</strong></span> <span class='ocrx_word' id='word_1_24' title='bbox 1150 538 1265 606; x_wconf 78' lang='grc' dir='ltr'><strong>ἐγὼ</strong></span> <span class='ocrx_word' id='word_1_25' title='bbox 1305 538 1518 607; x_wconf 66' lang='grc' dir='ltr'><strong>πέμψω</strong></span> <span class='ocrx_word' id='word_1_26' title='bbox 1565 539 1725 607; x_wconf 81' lang='grc' dir='ltr'><strong>ὑμῖν,</strong></span> 
     </span>
    </p>
   </div>
   <div class='ocr_carea' id='block_1_7' title="bbox 160 626 1728 695">
    <p class='ocr_par' dir='ltr' id='par_1_7' title="bbox 160 626 1728 695">
     <span class='ocr_line' id='line_1_7' title="bbox 160 626 1728 695; baseline 0.001 -16"><span class='ocrx_word' id='word_1_27' title='bbox 160 630 237 679; x_wconf 75' lang='grc' dir='ltr'><strong>ὅτι</strong></span> <span class='ocrx_word' id='word_1_28' title='bbox 267 627 341 689; x_wconf 84' lang='grc' dir='ltr'><strong>ὡς</strong></span> <span class='ocrx_word' id='word_1_29' title='bbox 374 628 400 678; x_wconf 78' lang='grc' dir='ltr'>ὁ</span> <span class='ocrx_word' id='word_1_30' title='bbox 434 626 621 695; x_wconf 79' lang='grc' dir='ltr'><strong>Πατὴρ</strong></span> <span class='ocrx_word' id='word_1_31' title='bbox 648 626 877 694; x_wconf 78' lang='grc' dir='ltr'><strong>πέμπει,</strong></span> <span class='ocrx_word' id='word_1_32' title='bbox 908 627 1082 690; x_wconf 78' lang='grc' dir='ltr'><strong>οὕτως</strong></span> <span class='ocrx_word' id='word_1_33' title='bbox 1115 631 1206 681; x_wconf 70' lang='grc' dir='ltr'><strong>καὶ</strong></span> <span class='ocrx_word' id='word_1_34' title='bbox 1251 631 1278 682; x_wconf 83' lang='grc' dir='ltr'>ὁ</span> <span class='ocrx_word' id='word_1_35' title='bbox 1309 630 1435 691; x_wconf 83' lang='grc' dir='ltr'><strong>Υἱὸς</strong></span> <span class='ocrx_word' id='word_1_36' title='bbox 1466 630 1525 681; x_wconf 66' lang='grc' dir='ltr'><strong>τὸ</strong></span> <span class='ocrx_word' id='word_1_37' title='bbox 1571 629 1728 695; x_wconf 78' lang='grc' dir='ltr'><strong>ἅγιον</strong></span> 
     </span>
    </p>
   </div>
   <div class='ocr_carea' id='block_1_8' title="bbox 164 716 1727 787">
    <p class='ocr_par' dir='ltr' id='par_1_8' title="bbox 164 716 1727 787">
     <span class='ocr_line' id='line_1_8' title="bbox 164 716 1727 787; baseline 0.002 -19"><span class='ocrx_word' id='word_1_38' title='bbox 164 717 526 786; x_wconf 76' lang='grc' dir='ltr'><strong>ΙΙνεῦμα,ούχ</strong></span> <span class='ocrx_word' id='word_1_39' title='bbox 558 716 633 778; x_wconf 82' lang='grc' dir='ltr'><strong>ὡς</strong></span> <span class='ocrx_word' id='word_1_40' title='bbox 679 717 863 769; x_wconf 78' lang='grc' dir='ltr'>δοῦλον</span> <span class='ocrx_word' id='word_1_41' title='bbox 919 718 998 782; x_wconf 82' lang='grc' dir='ltr'><strong>δὲ,</strong></span> <span class='ocrx_word' id='word_1_42' title='bbox 1041 719 1156 773; x_wconf 76' lang='grc' dir='ltr'><strong>ἀλλ’</strong></span> <span class='ocrx_word' id='word_1_43' title='bbox 1204 719 1277 782; x_wconf 84' lang='grc' dir='ltr'>ὡς</span> <span class='ocrx_word' id='word_1_44' title='bbox 1310 720 1584 787; x_wconf 76' lang='grc' dir='ltr'><strong>συμφυΐας</strong></span> <span class='ocrx_word' id='word_1_45' title='bbox 1631 719 1727 772; x_wconf 74' lang='grc' dir='ltr'><strong>καὶ</strong></span> 
     </span>
    </p>
   </div>
   <div class='ocr_carea' id='block_1_9' title="bbox 162 806 1057 875">
    <p class='ocr_par' dir='ltr' id='par_1_9' title="bbox 162 806 1057 875">
     <span class='ocr_line' id='line_1_9' title="bbox 162 806 1057 875; baseline 0.002 -17"><span class='ocrx_word' id='word_1_46' title='bbox 162 806 459 874; x_wconf 71' lang='grc' dir='ltr'><strong>ὑποταγῆς.</strong></span> <span class='ocrx_word' id='word_1_47' title='bbox 502 808 529 859; x_wconf 85' lang='grc' dir='ltr'>ὃ</span> <span class='ocrx_word' id='word_1_48' title='bbox 573 808 718 859; x_wconf 78' lang='grc' dir='ltr'><strong>ἐστιν</strong></span> <span class='ocrx_word' id='word_1_49' title='bbox 755 807 1057 875; x_wconf 78' lang='grc' dir='ltr'><strong>ἐνεργείας.</strong></span> 
     </span>
    </p>
   </div>
   <div class='ocr_carea' id='block_1_10' title="bbox 740 916 1150 985">
    <p class='ocr_par' dir='ltr' id='par_1_10' title="bbox 740 916 1150 985">
     <span class='ocr_line' id='line_1_10' title="bbox 740 916 1150 985; baseline 0.002 -15"><span class='ocrx_word' id='word_1_50' title='bbox 740 918 989 970; x_wconf 59' lang='lat' dir='ltr'><strong>uuam.</strong></span> <span class='ocrx_word' id='word_1_51' title='bbox 1036 916 1150 985; x_wconf 69' lang='grc' dir='ltr'><strong>ις’.</strong></span> 
     </span>
    </p>
   </div>
   <div class='ocr_carea' id='block_1_11' title="bbox 232 1022 1726 1093">
    <p class='ocr_par' dir='ltr' id='par_1_11' title="bbox 232 1022 1726 1093">
     <span class='ocr_line' id='line_1_11' title="bbox 232 1022 1726 1093; baseline -0.002 -15"><span class='ocrx_word' id='word_1_52' title='bbox 232 1022 325 1089; x_wconf 72' lang='grc' dir='ltr'><strong>Τὸ,</strong></span> <span class='ocrx_word' id='word_1_53' title='bbox 374 1023 517 1077; x_wconf 83' lang='grc' dir='ltr'><strong>Ἐὰν</strong></span> <span class='ocrx_word' id='word_1_54' title='bbox 548 1023 633 1092; x_wconf 81' lang='grc' dir='ltr'><em>μὴ</em></span> <span class='ocrx_word' id='word_1_55' title='bbox 668 1023 782 1091; x_wconf 74' lang='grc' dir='ltr'><strong>ἐγὼ</strong></span> <span class='ocrx_word' id='word_1_56' title='bbox 824 1024 1083 1087; x_wconf 78' lang='grc' dir='ltr'><strong>ἀπέλθω,</strong></span> <span class='ocrx_word' id='word_1_57' title='bbox 1116 1026 1150 1077; x_wconf 82' lang='grc' dir='ltr'><em>ὁ</em></span> <span class='ocrx_word' id='word_1_58' title='bbox 1193 1023 1583 1093; x_wconf 74' lang='grc' dir='ltr'><strong>Παράκλητος</strong></span> <span class='ocrx_word' id='word_1_59' title='bbox 1614 1024 1726 1075; x_wconf 81' lang='grc' dir='ltr'><strong>οὐκ</strong></span> 
     </span>
    </p>
   </div>
   <div class='ocr_carea' id='block_1_12' title="bbox 158 1113 1721 1184">
    <p class='ocr_par' dir='ltr' id='par_1_12' title="bbox 158 1113 1721 1184">
     <span class='ocr_line' id='line_1_12' title="bbox 158 1113 1721 1184; baseline -0.001 -16"><span class='ocrx_word' id='word_1_60' title='bbox 158 1116 488 1178; x_wconf 77' lang='grc' dir='ltr'><strong>ἐλεύσεται,</strong></span> <span class='ocrx_word' id='word_1_61' title='bbox 526 1116 726 1182; x_wconf 85' lang='grc' dir='ltr'><strong>λέγειν,</strong></span> <span class='ocrx_word' id='word_1_62' title='bbox 758 1116 816 1167; x_wconf 80' lang='grc' dir='ltr'><strong>ού</strong></span> <span class='ocrx_word' id='word_1_63' title='bbox 864 1115 1052 1169; x_wconf 75' lang='grc' dir='ltr'><strong>δοῦλον</strong></span> <span class='ocrx_word' id='word_1_64' title='bbox 1094 1114 1333 1167; x_wconf 76' lang='grc' dir='ltr'><strong>δείκνυσι</strong></span> <span class='ocrx_word' id='word_1_65' title='bbox 1383 1114 1442 1166; x_wconf 74' lang='grc' dir='ltr'><strong>τὸ</strong></span> <span class='ocrx_word' id='word_1_66' title='bbox 1477 1113 1721 1184; x_wconf 79' lang='grc' dir='ltr'><strong>Πνεῦμα,</strong></span> 
     </span>
    </p>
   </div>
   <div class='ocr_carea' id='block_1_13' title="bbox 162 1206 793 1274">
    <p class='ocr_par' dir='ltr' id='par_1_13' title="bbox 162 1206 793 1274">
     <span class='ocr_line' id='line_1_13' title="bbox 162 1206 793 1274; baseline 0 -15"><span class='ocrx_word' id='word_1_67' title='bbox 162 1206 294 1259; x_wconf 76' lang='grc' dir='ltr'><strong>ἀλλὰ</strong></span> <span class='ocrx_word' id='word_1_68' title='bbox 329 1206 443 1258; x_wconf 76' lang='grc' dir='ltr'><strong>ἴσον</strong></span> <span class='ocrx_word' id='word_1_69' title='bbox 471 1207 563 1259; x_wconf 71' lang='grc' dir='ltr'><strong>καὶ</strong></span> <span class='ocrx_word' id='word_1_70' title='bbox 588 1206 793 1274; x_wconf 76' lang='grc' dir='ltr'><strong>ὅμοιον.</strong></span> 
     </span>
    </p>
   </div>
   <div class='ocr_carea' id='block_1_14' title="bbox 226 1296 1723 1366">
    <p class='ocr_par' dir='ltr' id='par_1_14' title="bbox 226 1296 1723 1366">
     <span class='ocr_line' id='line_1_14' title="bbox 226 1296 1723 1366; baseline 0.001 -18"><span class='ocrx_word' id='word_1_71' title='bbox 226 1298 358 1365; x_wconf 72' lang='grc' dir='ltr'><strong>Περὶ</strong></span> <span class='ocrx_word' id='word_1_72' title='bbox 395 1297 739 1365; x_wconf 74' lang='grc' dir='ltr'><strong>δικαιοσύνης</strong></span> <span class='ocrx_word' id='word_1_73' title='bbox 764 1298 942 1362; x_wconf 79' lang='grc' dir='ltr'><strong>δὲ,ὃτι</strong></span> <span class='ocrx_word' id='word_1_74' title='bbox 995 1297 1147 1365; x_wconf 82' lang='grc' dir='ltr'><strong>Πρὸς</strong></span> <span class='ocrx_word' id='word_1_75' title='bbox 1191 1298 1299 1351; x_wconf 80' lang='grc' dir='ltr'><strong>τὸν</strong></span> <span class='ocrx_word' id='word_1_76' title='bbox 1338 1296 1569 1365; x_wconf 80' lang='grc' dir='ltr'><em>Πατέρα</em></span> <span class='ocrx_word' id='word_1_77' title='bbox 1605 1316 1723 1366; x_wconf 84' lang='grc' dir='ltr'><strong>μου</strong></span> 
     </span>
    </p>
   </div>
   <div class='ocr_carea' id='block_1_15' title="bbox 159 1387 1724 1458">
    <p class='ocr_par' dir='ltr' id='par_1_15' title="bbox 159 1387 1724 1458">
     <span class='ocr_line' id='line_1_15' title="bbox 159 1387 1724 1458; baseline 0.003 -20"><span class='ocrx_word' id='word_1_78' title='bbox 159 1387 387 1456; x_wconf 72' lang='grc' dir='ltr'><strong>ὑπάγω,</strong></span> <span class='ocrx_word' id='word_1_79' title='bbox 427 1388 523 1443; x_wconf 77' lang='grc' dir='ltr'><strong>καὶ</strong></span> <span class='ocrx_word' id='word_1_80' title='bbox 564 1388 762 1442; x_wconf 74' lang='grc' dir='ltr'><strong>οὐκέτι</strong></span> <span class='ocrx_word' id='word_1_81' title='bbox 797 1389 1063 1457; x_wconf 81' lang='grc' dir='ltr'><strong>θεωρεῖτέ</strong></span> <span class='ocrx_word' id='word_1_82' title='bbox 1086 1407 1184 1458; x_wconf 83' lang='grc' dir='ltr'><strong>με,</strong></span> <span class='ocrx_word' id='word_1_83' title='bbox 1220 1389 1375 1442; x_wconf 76' lang='grc' dir='ltr'><strong>τοῦτὸ</strong></span> <span class='ocrx_word' id='word_1_84' title='bbox 1411 1392 1580 1453; x_wconf 81' lang='grc' dir='ltr'><strong>ἐστιν,</strong></span> <span class='ocrx_word' id='word_1_85' title='bbox 1641 1391 1724 1443; x_wconf 85' lang='grc' dir='ltr'><strong>ὃτι</strong></span> 
     </span>
    </p>
   </div>
   <div class='ocr_carea' id='block_1_16' title="bbox 171 1480 1720 1553">
    <p class='ocr_par' dir='ltr' id='par_1_16' title="bbox 171 1480 1720 1553">
     <span class='ocr_line' id='line_1_16' title="bbox 171 1480 1720 1553; baseline 0.001 -20"><span class='ocrx_word' id='word_1_86' title='bbox 171 1480 559 1548; x_wconf 76' lang='grc' dir='ltr'><strong>Ἀνεπίληπτον</strong></span> <span class='ocrx_word' id='word_1_87' title='bbox 583 1482 933 1551; x_wconf 60' lang='grc' dir='ltr'><strong>παρεσιόμην</strong></span> <span class='ocrx_word' id='word_1_88' title='bbox 974 1481 1087 1551; x_wconf 80' lang='grc' dir='ltr'><strong>βίον</strong></span> <span class='ocrx_word' id='word_1_89' title='bbox 1113 1500 1126 1513; x_wconf 78' lang='grc' dir='ltr'><strong>ο</strong></span> <span class='ocrx_word' id='word_1_90' title='bbox 1164 1481 1258 1535; x_wconf 78' lang='grc' dir='ltr'><strong>καὶ</strong></span> <span class='ocrx_word' id='word_1_91' title='bbox 1294 1481 1485 1535; x_wconf 79' lang='grc' dir='ltr'><strong>τούτου</strong></span> <span class='ocrx_word' id='word_1_92' title='bbox 1516 1484 1720 1553; x_wconf 81' lang='grc' dir='ltr'><strong>τεκμή-</strong></span> 
     </span>
    </p>
   </div>
   <div class='ocr_carea' id='block_1_17' title="bbox 162 1570 1361 1642">
    <p class='ocr_par' dir='ltr' id='par_1_17' title="bbox 162 1570 1361 1642">
     <span class='ocr_line' id='line_1_17' title="bbox 162 1570 1361 1642; baseline 0.004 -22"><span class='ocrx_word' id='word_1_93' title='bbox 162 1585 251 1637; x_wconf 81' lang='grc' dir='ltr'><strong>ρια</strong></span> <span class='ocrx_word' id='word_1_94' title='bbox 274 1570 333 1621; x_wconf 78' lang='grc' dir='ltr'><strong>τὸ</strong></span> <span class='ocrx_word' id='word_1_95' title='bbox 361 1570 495 1638; x_wconf 79' lang='grc' dir='ltr'><strong>πρὸς</strong></span> <span class='ocrx_word' id='word_1_96' title='bbox 534 1571 622 1623; x_wconf 83' lang='grc' dir='ltr'><strong>τὸν</strong></span> <span class='ocrx_word' id='word_1_97' title='bbox 650 1572 869 1641; x_wconf 71' lang='grc' dir='ltr'><strong>Πατέρα</strong></span> <span class='ocrx_word' id='word_1_98' title='bbox 902 1571 1234 1641; x_wconf 74' lang='grc' dir='ltr'><strong>πορεύεσθαί</strong></span> <span class='ocrx_word' id='word_1_99' title='bbox 1272 1590 1361 1642; x_wconf 83' lang='grc' dir='ltr'><strong>με.</strong></span> 
     </span>
    </p>
   </div>
   <div class='ocr_carea' id='block_1_18' title="bbox 231 1661 1721 1732">
    <p class='ocr_par' dir='ltr' id='par_1_18' title="bbox 231 1661 1721 1732">
     <span class='ocr_line' id='line_1_18' title="bbox 231 1661 1721 1732; baseline 0.003 -21"><span class='ocrx_word' id='word_1_100' title='bbox 231 1661 324 1725; x_wconf 77' lang='grc' dir='ltr'><strong>Τὸ,</strong></span> <span class='ocrx_word' id='word_1_101' title='bbox 362 1662 427 1713; x_wconf 92' lang='lat'><strong>&#39;0</strong></span> <span class='ocrx_word' id='word_1_102' title='bbox 478 1662 677 1731; x_wconf 76' lang='grc' dir='ltr'><strong>ἅρχων</strong></span> <span class='ocrx_word' id='word_1_103' title='bbox 730 1664 836 1717; x_wconf 85' lang='grc' dir='ltr'><strong>τοῦ</strong></span> <span class='ocrx_word' id='word_1_104' title='bbox 891 1665 1123 1732; x_wconf 78' lang='grc' dir='ltr'><strong>κόσμου</strong></span> <span class='ocrx_word' id='word_1_105' title='bbox 1169 1667 1384 1718; x_wconf 80' lang='grc' dir='ltr'><strong>τούτου</strong></span> <span class='ocrx_word' id='word_1_106' title='bbox 1440 1662 1721 1732; x_wconf 79' lang='grc' dir='ltr'><strong>κέκριται,</strong></span> 
     </span>
    </p>
   </div>
   <div class='ocr_carea' id='block_1_19' title="bbox 159 1750 1573 1825">
    <p class='ocr_par' dir='ltr' id='par_1_19' title="bbox 159 1750 1573 1825">
     <span class='ocr_line' id='line_1_19' title="bbox 159 1750 1573 1825; baseline 0.003 -21"><span class='ocrx_word' id='word_1_107' title='bbox 159 1752 279 1807; x_wconf 72' lang='grc' dir='ltr'><strong>ἀντὶ</strong></span> <span class='ocrx_word' id='word_1_108' title='bbox 307 1750 423 1815; x_wconf 82' lang='grc' dir='ltr'><strong>τοῦ,</strong></span> <span class='ocrx_word' id='word_1_109' title='bbox 463 1754 928 1809; x_wconf 77' lang='grc' dir='ltr'><strong>Καταδεδίκασται</strong></span> <span class='ocrx_word' id='word_1_110' title='bbox 956 1756 1227 1817; x_wconf 73' lang='grc' dir='ltr'><strong>παλαίσας</strong></span> <span class='ocrx_word' id='word_1_111' title='bbox 1264 1756 1379 1825; x_wconf 84' lang='grc' dir='ltr'><strong>μετ’</strong></span> <span class='ocrx_word' id='word_1_112' title='bbox 1414 1755 1573 1823; x_wconf 76' lang='grc' dir='ltr'>ἐμοῦ.</span> 
     </span>
    </p>
   </div>
   <div class='ocr_carea' id='block_1_20' title="bbox 230 1844 1723 1914">
    <p class='ocr_par' dir='ltr' id='par_1_20' title="bbox 230 1844 1723 1914">
     <span class='ocr_line' id='line_1_20' title="bbox 230 1844 1723 1914; baseline 0.004 -19"><span class='ocrx_word' id='word_1_113' title='bbox 230 1844 295 1897; x_wconf 77' lang='grc' dir='ltr'>Τί</span> <span class='ocrx_word' id='word_1_114' title='bbox 325 1846 493 1907; x_wconf 79' lang='grc' dir='ltr'><strong>ἐστιν,</strong></span> <span class='ocrx_word' id='word_1_115' title='bbox 515 1848 597 1898; x_wconf 81' lang='grc' dir='ltr'><em>Οὐ</em></span> <span class='ocrx_word' id='word_1_116' title='bbox 626 1845 735 1914; x_wconf 79' lang='grc' dir='ltr'><strong>γὰρ</strong></span> <span class='ocrx_word' id='word_1_117' title='bbox 763 1846 1024 1914; x_wconf 82' lang='grc' dir='ltr'><strong>λαλήσει</strong></span> <span class='ocrx_word' id='word_1_118' title='bbox 1049 1846 1149 1914; x_wconf 67' lang='grc' dir='ltr'><strong>ἀφ’</strong></span> <span class='ocrx_word' id='word_1_119' title='bbox 1176 1846 1415 1911; x_wconf 80' lang='grc' dir='ltr'><strong>ἑαυτοῦ,</strong></span> <span class='ocrx_word' id='word_1_120' title='bbox 1439 1848 1577 1901; x_wconf 77' lang='grc' dir='ltr'><strong>ἀλλ’</strong></span> <span class='ocrx_word' id='word_1_121' title='bbox 1606 1848 1723 1901; x_wconf 86' lang='grc' dir='ltr'><strong>ὅσα</strong></span> 
     </span>
    </p>
   </div>
   <div class='ocr_carea' id='block_1_21' title="bbox 158 1934 1725 2008">
    <p class='ocr_par' dir='ltr' id='par_1_21' title="bbox 158 1934 1725 2008">
     <span class='ocr_line' id='line_1_21' title="bbox 158 1934 1725 2008; baseline 0.002 -21"><span class='ocrx_word' id='word_1_122' title='bbox 158 1934 234 1987; x_wconf 79' lang='grc' dir='ltr'><strong>ἂν</strong></span> <span class='ocrx_word' id='word_1_123' title='bbox 257 1934 491 2001; x_wconf 84' lang='grc' dir='ltr'><strong>ἀκούσῃ</strong></span> <span class='ocrx_word' id='word_1_124' title='bbox 528 1937 827 2002; x_wconf 59' lang='lat' dir='ltr'><strong>ludiﬁcat;</strong></span> <span class='ocrx_word' id='word_1_125' title='bbox 856 1937 1085 2005; x_wconf 73' lang='grc' dir='ltr'><strong>Ὅμοιον</strong></span> <span class='ocrx_word' id='word_1_126' title='bbox 1113 1939 1261 1989; x_wconf 79' lang='grc' dir='ltr'><strong>ἐστιν</strong></span> <span class='ocrx_word' id='word_1_127' title='bbox 1292 1938 1319 1990; x_wconf 81' lang='grc' dir='ltr'><strong>ὃ</strong></span> <span class='ocrx_word' id='word_1_128' title='bbox 1348 1937 1445 1990; x_wconf 78' lang='grc' dir='ltr'><strong>καὶ</strong></span> <span class='ocrx_word' id='word_1_129' title='bbox 1477 1941 1604 2008; x_wconf 76' lang='grc' dir='ltr'><strong>περὶ</strong></span> <span class='ocrx_word' id='word_1_130' title='bbox 1635 1938 1725 1990; x_wconf 79' lang='grc' dir='ltr'><strong>αύ-</strong></span> 
     </span>
    </p>
   </div>
   <div class='ocr_carea' id='block_1_22' title="bbox 156 2023 1726 2097">
    <p class='ocr_par' dir='ltr' id='par_1_22' title="bbox 156 2023 1726 2097">
     <span class='ocr_line' id='line_1_22' title="bbox 156 2023 1726 2097; baseline 0.003 -21"><span class='ocrx_word' id='word_1_131' title='bbox 156 2023 251 2076; x_wconf 86' lang='grc' dir='ltr'>τοῦ</span> <span class='ocrx_word' id='word_1_132' title='bbox 300 2024 359 2076; x_wconf 82' lang='grc' dir='ltr'><strong>ού</strong></span> <span class='ocrx_word' id='word_1_133' title='bbox 416 2024 584 2087; x_wconf 78' lang='grc' dir='ltr'><strong>λαλῶ,</strong></span> <span class='ocrx_word' id='word_1_134' title='bbox 616 2025 790 2089; x_wconf 75' lang='grc' dir='ltr'><strong>δεῖξαι</strong></span> <span class='ocrx_word' id='word_1_135' title='bbox 840 2025 1011 2078; x_wconf 82' lang='grc' dir='ltr'><strong>Θέλων</strong></span> <span class='ocrx_word' id='word_1_136' title='bbox 1060 2026 1120 2078; x_wconf 80' lang='grc' dir='ltr'><strong>τὸ</strong></span> <span class='ocrx_word' id='word_1_137' title='bbox 1160 2027 1578 2097; x_wconf 70' lang='grc' dir='ltr'><strong>ἀπαράλλακτον</strong></span> <span class='ocrx_word' id='word_1_138' title='bbox 1632 2029 1726 2080; x_wconf 77' lang='grc' dir='ltr'><strong>καὶ</strong></span> 
     </span>
    </p>
   </div>
   <div class='ocr_carea' id='block_1_23' title="bbox 157 2114 1732 2187">
    <p class='ocr_par' dir='ltr' id='par_1_23' title="bbox 157 2114 1732 2187">
     <span class='ocr_line' id='line_1_23' title="bbox 157 2114 1732 2187; baseline 0.002 -18"><span class='ocrx_word' id='word_1_139' title='bbox 157 2116 292 2184; x_wconf 81' lang='grc' dir='ltr'><strong>πρὸς</strong></span> <span class='ocrx_word' id='word_1_140' title='bbox 348 2115 408 2169; x_wconf 77' lang='grc' dir='ltr'><strong>τὸ</strong></span> <span class='ocrx_word' id='word_1_141' title='bbox 468 2115 687 2184; x_wconf 78' lang='grc' dir='ltr'><strong>Πνεῦμα</strong></span> <span class='ocrx_word' id='word_1_142' title='bbox 721 2130 733 2144; x_wconf 90' lang='grc'><strong>·</strong></span> <span class='ocrx_word' id='word_1_143' title='bbox 785 2114 889 2167; x_wconf 83' lang='lat' dir='ltr'><strong>Kal</strong></span> <span class='ocrx_word' id='word_1_144' title='bbox 948 2117 1018 2168; x_wconf 79' lang='grc' dir='ltr'><strong>τὰ</strong></span> <span class='ocrx_word' id='word_1_145' title='bbox 1064 2115 1355 2185; x_wconf 76' lang='grc' dir='ltr'><strong>ἐρχόμενα</strong></span> <span class='ocrx_word' id='word_1_146' title='bbox 1409 2118 1732 2187; x_wconf 76' lang='grc' dir='ltr'><strong>ἀναγγελεῖ</strong></span> 
     </span>
    </p>
   </div>
   <div class='ocr_carea' id='block_1_24' title="bbox 158 2206 1331 2279">
    <p class='ocr_par' dir='ltr' id='par_1_24' title="bbox 158 2206 1331 2279">
     <span class='ocr_line' id='line_1_24' title="bbox 158 2206 1331 2279; baseline 0.001 -18"><span class='ocrx_word' id='word_1_147' title='bbox 158 2207 315 2273; x_wconf 70' lang='grc' dir='ltr'><strong>ὑμῖν,</strong></span> <span class='ocrx_word' id='word_1_148' title='bbox 338 2207 504 2279; x_wconf 71' lang='grc' dir='ltr'><strong>ἡγονν</strong></span> <span class='ocrx_word' id='word_1_149' title='bbox 528 2208 587 2258; x_wconf 84' lang='grc' dir='ltr'><strong>τὸ</strong></span> <span class='ocrx_word' id='word_1_150' title='bbox 614 2206 720 2261; x_wconf 83' lang='grc' dir='ltr'><strong>Ποὖ</strong></span> <span class='ocrx_word' id='word_1_151' title='bbox 744 2209 881 2275; x_wconf 83' lang='grc' dir='ltr'><strong>εἰμι,</strong></span> <span class='ocrx_word' id='word_1_152' title='bbox 918 2210 1011 2260; x_wconf 76' lang='grc' dir='ltr'><strong>καὶ</strong></span> <span class='ocrx_word' id='word_1_153' title='bbox 1040 2208 1140 2260; x_wconf 78' lang='grc' dir='ltr'><strong>ὅσα</strong></span> <span class='ocrx_word' id='word_1_154' title='bbox 1174 2208 1331 2264; x_wconf 78' lang='grc' dir='ltr'><strong>ἄλλα.</strong></span> 
     </span>
    </p>
   </div>
   <div class='ocr_carea' id='block_1_25' title="bbox 226 2298 1724 2368">
    <p class='ocr_par' dir='ltr' id='par_1_25' title="bbox 226 2298 1724 2368">
     <span class='ocr_line' id='line_1_25' title="bbox 226 2298 1724 2368; baseline 0.002 -16"><span class='ocrx_word' id='word_1_155' title='bbox 226 2299 347 2362; x_wconf 83' lang='grc' dir='ltr'><strong>Πῶς</strong></span> <span class='ocrx_word' id='word_1_156' title='bbox 378 2301 489 2351; x_wconf 79' lang='grc' dir='ltr'><strong>ἄνω</strong></span> <span class='ocrx_word' id='word_1_157' title='bbox 530 2300 619 2352; x_wconf 75' lang='grc' dir='ltr'><strong>καὶ</strong></span> <span class='ocrx_word' id='word_1_158' title='bbox 658 2298 807 2351; x_wconf 78' lang='grc' dir='ltr'><strong>κάτω</strong></span> <span class='ocrx_word' id='word_1_159' title='bbox 840 2300 897 2352; x_wconf 83' lang='grc' dir='ltr'><strong>τὸ</strong></span> <span class='ocrx_word' id='word_1_160' title='bbox 930 2299 1149 2367; x_wconf 72' lang='grc' dir='ltr'><strong>Πνεῦμα</strong></span> <span class='ocrx_word' id='word_1_161' title='bbox 1176 2299 1236 2352; x_wconf 77' lang='grc' dir='ltr'><strong>τὸ</strong></span> <span class='ocrx_word' id='word_1_162' title='bbox 1270 2302 1427 2368; x_wconf 77' lang='grc' dir='ltr'><strong>ἅγιον</strong></span> <span class='ocrx_word' id='word_1_163' title='bbox 1462 2302 1578 2354; x_wconf 81' lang='grc' dir='ltr'>ἴσον</span> <span class='ocrx_word' id='word_1_164' title='bbox 1611 2302 1724 2357; x_wconf 84' lang='grc' dir='ltr'><strong>δει-</strong></span> 
     </span>
    </p>
   </div>
   <div class='ocr_carea' id='block_1_26' title="bbox 157 2391 1723 2461">
    <p class='ocr_par' dir='ltr' id='par_1_26' title="bbox 157 2391 1723 2461">
     <span class='ocr_line' id='line_1_26' title="bbox 157 2391 1723 2461; baseline 0.001 -16"><span class='ocrx_word' id='word_1_165' title='bbox 157 2392 335 2445; x_wconf 77' lang='grc' dir='ltr'><strong>κνύων</strong></span> <span class='ocrx_word' id='word_1_166' title='bbox 368 2392 460 2444; x_wconf 81' lang='grc' dir='ltr'><strong>τοῦ</strong></span> <span class='ocrx_word' id='word_1_167' title='bbox 517 2391 727 2461; x_wconf 72' lang='grc' dir='ltr'><strong>[ἰατρὸς</strong></span> <span class='ocrx_word' id='word_1_168' title='bbox 753 2393 849 2442; x_wconf 70' lang='grc' dir='ltr'><strong>καὶ</strong></span> <span class='ocrx_word' id='word_1_169' title='bbox 918 2392 1106 2456; x_wconf 76' lang='grc' dir='ltr'><strong>αὑτοῦ,</strong></span> <span class='ocrx_word' id='word_1_170' title='bbox 1140 2393 1377 2445; x_wconf 72' lang='grc' dir='ltr'><strong>ἐνταῦθα</strong></span> <span class='ocrx_word' id='word_1_171' title='bbox 1426 2394 1599 2460; x_wconf 82' lang='grc' dir='ltr'><strong>λέγει,</strong></span> <span class='ocrx_word' id='word_1_172' title='bbox 1640 2396 1723 2448; x_wconf 78' lang='grc' dir='ltr'><strong>ὅτι</strong></span> 
     </span>
    </p>
   </div>
   <div class='ocr_carea' id='block_1_27' title="bbox 172 2482 1723 2553">
    <p class='ocr_par' dir='ltr' id='par_1_27' title="bbox 172 2482 1723 2553">
     <span class='ocr_line' id='line_1_27' title="bbox 172 2482 1723 2553; baseline 0.003 -20"><span class='ocrx_word' id='word_1_173' title='bbox 172 2484 262 2534; x_wconf 74' lang='grc' dir='ltr'><strong>Ἐκ</strong></span> <span class='ocrx_word' id='word_1_174' title='bbox 309 2482 415 2534; x_wconf 82' lang='grc' dir='ltr'><strong>τοῦ</strong></span> <span class='ocrx_word' id='word_1_175' title='bbox 469 2482 614 2548; x_wconf 82' lang='grc' dir='ltr'><strong>ἐμοῦ</strong></span> <span class='ocrx_word' id='word_1_176' title='bbox 662 2483 972 2548; x_wconf 77' lang='grc' dir='ltr'><strong>λαμϐάνει,</strong></span> <span class='ocrx_word' id='word_1_177' title='bbox 1022 2484 1118 2534; x_wconf 77' lang='grc' dir='ltr'><strong>καὶ</strong></span> <span class='ocrx_word' id='word_1_178' title='bbox 1173 2484 1497 2553; x_wconf 75' lang='grc' dir='ltr'><strong>ἀναγγελεῖ</strong></span> <span class='ocrx_word' id='word_1_179' title='bbox 1544 2486 1723 2552; x_wconf 84' lang='grc' dir='ltr'><strong>ὐμῖν;</strong></span> 
     </span>
    </p>
   </div>
   <div class='ocr_carea' id='block_1_28' title="bbox 159 2572 1720 2646">
    <p class='ocr_par' dir='ltr' id='par_1_28' title="bbox 159 2572 1720 2646">
     <span class='ocr_line' id='line_1_28' title="bbox 159 2572 1720 2646; baseline 0 -21"><span class='ocrx_word' id='word_1_180' title='bbox 159 2574 321 2627; x_wconf 70' lang='grc' dir='ltr'><strong>οὐδὲν</strong></span> <span class='ocrx_word' id='word_1_181' title='bbox 346 2572 529 2644; x_wconf 73' lang='grc' dir='ltr'><strong>ἕτερον</strong></span> <span class='ocrx_word' id='word_1_182' title='bbox 556 2574 808 2641; x_wconf 71' lang='grc' dir='ltr'><strong>ἐμφαίνει</strong></span> <span class='ocrx_word' id='word_1_183' title='bbox 830 2573 862 2646; x_wconf 71' lang='grc' dir='ltr'>ἢ</span> <span class='ocrx_word' id='word_1_184' title='bbox 886 2574 966 2625; x_wconf 84' lang='grc' dir='ltr'><strong>ὅτι</strong></span> <span class='ocrx_word' id='word_1_185' title='bbox 992 2574 1104 2625; x_wconf 80' lang='grc' dir='ltr'><strong>ἶσον</strong></span> <span class='ocrx_word' id='word_1_186' title='bbox 1137 2576 1276 2635; x_wconf 75' lang='grc' dir='ltr'><strong>ἐστι,</strong></span> <span class='ocrx_word' id='word_1_187' title='bbox 1296 2575 1389 2626; x_wconf 76' lang='grc' dir='ltr'><strong>καὶ</strong></span> <span class='ocrx_word' id='word_1_188' title='bbox 1417 2575 1478 2628; x_wconf 83' lang='grc' dir='ltr'>οὐ</span> <span class='ocrx_word' id='word_1_189' title='bbox 1518 2574 1720 2643; x_wconf 79' lang='grc' dir='ltr'><strong>μεῖζον,</strong></span> 
     </span>
    </p>
   </div>
   <div class='ocr_carea' id='block_1_29' title="bbox 156 2660 1720 2737">
    <p class='ocr_par' dir='ltr' id='par_1_29' title="bbox 156 2660 1720 2737">
     <span class='ocr_line' id='line_1_29' title="bbox 156 2660 1720 2737; baseline 0.003 -19"><span class='ocrx_word' id='word_1_190' title='bbox 156 2667 291 2735; x_wconf 73' lang='grc' dir='ltr'>ὅπερ</span> <span class='ocrx_word' id='word_1_191' title='bbox 318 2660 385 2733; x_wconf 82' lang='grc' dir='ltr'><strong>ἦν</strong></span> <span class='ocrx_word' id='word_1_192' title='bbox 416 2666 480 2718; x_wconf 79' lang='grc' dir='ltr'><strong>ἐκ</strong></span> <span class='ocrx_word' id='word_1_193' title='bbox 524 2664 633 2716; x_wconf 84' lang='grc' dir='ltr'><strong>τῶν</strong></span> <span class='ocrx_word' id='word_1_194' title='bbox 680 2664 792 2717; x_wconf 74' lang='grc' dir='ltr'><strong>ἄνω</strong></span> <span class='ocrx_word' id='word_1_195' title='bbox 825 2667 1084 2736; x_wconf 75' lang='grc' dir='ltr'><strong>ῥημάτων</strong></span> <span class='ocrx_word' id='word_1_196' title='bbox 1112 2685 1124 2697; x_wconf 89' lang='grc'><strong>·</strong></span> <span class='ocrx_word' id='word_1_197' title='bbox 1160 2670 1253 2720; x_wconf 69' lang='grc' dir='ltr'><strong>καὶ</strong></span> <span class='ocrx_word' id='word_1_198' title='bbox 1297 2670 1385 2722; x_wconf 73' lang='grc' dir='ltr'><strong>διὰ</strong></span> <span class='ocrx_word' id='word_1_199' title='bbox 1416 2670 1475 2721; x_wconf 74' lang='grc' dir='ltr'><strong>τὸ</strong></span> <span class='ocrx_word' id='word_1_200' title='bbox 1504 2670 1681 2737; x_wconf 81' lang='grc' dir='ltr'><strong>λέγειν</strong></span> <span class='ocrx_word' id='word_1_201' title='bbox 1707 2688 1720 2701; x_wconf 92' lang='grc'><strong>·</strong></span> 
     </span>
    </p>
   </div>
   <div class='ocr_carea' id='block_1_30' title="bbox 170 2754 1726 2829">
    <p class='ocr_par' dir='ltr' id='par_1_30' title="bbox 170 2754 1726 2829">
     <span class='ocr_line' id='line_1_30' title="bbox 170 2754 1726 2829; baseline 0.004 -21"><span class='ocrx_word' id='word_1_202' title='bbox 170 2755 432 2819; x_wconf 78' lang='grc' dir='ltr'><strong>Ἐκεῖνος</strong></span> <span class='ocrx_word' id='word_1_203' title='bbox 460 2756 564 2825; x_wconf 80' lang='grc' dir='ltr'><strong>ἐμὲ</strong></span> <span class='ocrx_word' id='word_1_204' title='bbox 592 2754 872 2819; x_wconf 81' lang='grc' dir='ltr'><strong>δοξάσει·</strong></span> <span class='ocrx_word' id='word_1_205' title='bbox 911 2760 1002 2810; x_wconf 68' lang='grc' dir='ltr'><strong>καὶ</strong></span> <span class='ocrx_word' id='word_1_206' title='bbox 1029 2760 1301 2829; x_wconf 78' lang='grc' dir='ltr'><strong>ἐπιφέρει,</strong></span> <span class='ocrx_word' id='word_1_207' title='bbox 1336 2760 1464 2813; x_wconf 77' lang='grc' dir='ltr'><strong>’Ὁτι</strong></span> <span class='ocrx_word' id='word_1_208' title='bbox 1494 2764 1562 2813; x_wconf 80' lang='grc' dir='ltr'><strong>ὲκ</strong></span> <span class='ocrx_word' id='word_1_209' title='bbox 1618 2761 1726 2815; x_wconf 85' lang='grc' dir='ltr'><strong>τοῦ</strong></span> 
     </span>
    </p>
   </div>
   <div class='ocr_carea' id='block_1_31' title="bbox 156 2847 1726 2919">
    <p class='ocr_par' dir='ltr' id='par_1_31' title="bbox 156 2847 1726 2919">
     <span class='ocr_line' id='line_1_31' title="bbox 156 2847 1726 2919; baseline 0.004 -21"><span class='ocrx_word' id='word_1_210' title='bbox 156 2847 302 2915; x_wconf 83' lang='grc' dir='ltr'><strong>ἐμοῦ</strong></span> <span class='ocrx_word' id='word_1_211' title='bbox 345 2847 655 2914; x_wconf 75' lang='grc' dir='ltr'><strong>λαμϐάνει.</strong></span> <span class='ocrx_word' id='word_1_212' title='bbox 697 2849 821 2912; x_wconf 85' lang='grc' dir='ltr'><strong>Πῶς</strong></span> <span class='ocrx_word' id='word_1_213' title='bbox 852 2849 906 2903; x_wconf 84' lang='grc' dir='ltr'><strong>δὲ</strong></span> <span class='ocrx_word' id='word_1_214' title='bbox 952 2850 1273 2919; x_wconf 78' lang='grc' dir='ltr'><strong>νοηοήσεται</strong></span> <span class='ocrx_word' id='word_1_215' title='bbox 1316 2850 1396 2912; x_wconf 79' lang='grc' dir='ltr'><strong>τὸ,</strong></span> <span class='ocrx_word' id='word_1_216' title='bbox 1464 2852 1726 2919; x_wconf 77' lang='grc' dir='ltr'><strong>Ἐκεῖνος</strong></span> 
     </span>
    </p>
   </div>
   <div class='ocr_carea' id='block_1_32' title="bbox 154 2939 1727 3014">
    <p class='ocr_par' dir='ltr' id='par_1_32' title="bbox 154 2939 1727 3014">
     <span class='ocr_line' id='line_1_32' title="bbox 154 2939 1727 3014; baseline 0.003 -21"><span class='ocrx_word' id='word_1_217' title='bbox 154 2940 259 3007; x_wconf 73' lang='grc' dir='ltr'><strong>ἐμὲ</strong></span> <span class='ocrx_word' id='word_1_218' title='bbox 290 2939 567 3005; x_wconf 61' lang='lat' dir='ltr'><strong>(Solidum;</strong></span> <span class='ocrx_word' id='word_1_219' title='bbox 608 2940 753 2993; x_wconf 70' lang='grc' dir='ltr'><strong>Ἀντὶ</strong></span> <span class='ocrx_word' id='word_1_220' title='bbox 776 2942 894 3005; x_wconf 71' lang='grc' dir='ltr'><strong>τοῦ,</strong></span> <span class='ocrx_word' id='word_1_221' title='bbox 942 2941 1030 2994; x_wconf 82' lang='grc' dir='ltr'><strong>Ἐν</strong></span> <span class='ocrx_word' id='word_1_222' title='bbox 1051 2942 1129 3014; x_wconf 77' lang='grc' dir='ltr'><strong>τῷ</strong></span> <span class='ocrx_word' id='word_1_223' title='bbox 1158 2942 1385 3012; x_wconf 71' lang='grc' dir='ltr'><strong>ὀνόματί</strong></span> <span class='ocrx_word' id='word_1_224' title='bbox 1416 2962 1516 3014; x_wconf 80' lang='grc' dir='ltr'>μου</span> <span class='ocrx_word' id='word_1_225' title='bbox 1564 2945 1727 2998; x_wconf 80' lang='grc' dir='ltr'><strong>δώσει</strong></span> 
     </span>
    </p>
   </div>
   <div class='ocr_carea' id='block_1_33' title="bbox 154 3034 749 3105">
    <p class='ocr_par' dir='ltr' id='par_1_33' title="bbox 154 3034 749 3105">
     <span class='ocr_line' id='line_1_33' title="bbox 154 3034 749 3105; baseline -0.002 -17"><span class='ocrx_word' id='word_1_226' title='bbox 154 3034 251 3097; x_wconf 71' lang='grc' dir='ltr'><strong>τὰς</strong></span> <span class='ocrx_word' id='word_1_227' title='bbox 283 3034 564 3105; x_wconf 75' lang='grc' dir='ltr'><strong>ἐνεργείας</strong></span> <span class='ocrx_word' id='word_1_228' title='bbox 598 3034 749 3102; x_wconf 81' lang='grc' dir='ltr'><strong>ὑμῖν.</strong></span> 
     </span>
    </p>
   </div>
   <div class='ocr_carea' id='block_1_34' title="bbox 222 3123 1788 3196">
    <p class='ocr_par' dir='ltr' id='par_1_34' title="bbox 222 3123 1788 3196">
     <span class='ocr_line' id='line_1_34' title="bbox 222 3123 1788 3196; baseline 0.004 -19"><span class='ocrx_word' id='word_1_229' title='bbox 222 3125 355 3194; x_wconf 79' lang='grc' dir='ltr'><strong>Περὶ</strong></span> <span class='ocrx_word' id='word_1_230' title='bbox 398 3124 557 3187; x_wconf 74' lang='grc' dir='ltr'>ποίας</span> <span class='ocrx_word' id='word_1_231' title='bbox 614 3124 765 3195; x_wconf 83' lang='grc' dir='ltr'><strong>ὥρας</strong></span> <span class='ocrx_word' id='word_1_232' title='bbox 821 3123 989 3192; x_wconf 79' lang='grc' dir='ltr'><strong>λέγει,</strong></span> <span class='ocrx_word' id='word_1_233' title='bbox 1034 3126 1115 3178; x_wconf 84' lang='grc' dir='ltr'><strong>ὅτι</strong></span> <span class='ocrx_word' id='word_1_234' title='bbox 1165 3127 1583 3196; x_wconf 78' lang='grc' dir='ltr'><strong>Ἕρχεταιῶρα</strong></span> <span class='ocrx_word' id='word_1_235' title='bbox 1623 3128 1719 3183; x_wconf 86' lang='grc' dir='ltr'><strong>ὅτε</strong></span> <span class='ocrx_word' id='word_1_236' title='bbox 1748 3132 1788 3189; x_wconf 90' lang='lat' dir='ltr'><strong>C</strong></span> 
     </span>
    </p>
   </div>
   <div class='ocr_carea' id='block_1_35' title="bbox 151 3214 1721 3290">
    <p class='ocr_par' dir='ltr' id='par_1_35' title="bbox 151 3214 1721 3290">
     <span class='ocr_line' id='line_1_35' title="bbox 151 3214 1721 3290; baseline 0.004 -21"><span class='ocrx_word' id='word_1_237' title='bbox 151 3214 349 3269; x_wconf 84' lang='grc' dir='ltr'><strong>οὐκέτι</strong></span> <span class='ocrx_word' id='word_1_238' title='bbox 380 3215 450 3267; x_wconf 81' lang='grc' dir='ltr'><strong>ἐν</strong></span> <span class='ocrx_word' id='word_1_239' title='bbox 468 3216 804 3284; x_wconf 83' lang='grc' dir='ltr'><strong>παροιμίαις</strong></span> <span class='ocrx_word' id='word_1_240' title='bbox 829 3216 1083 3281; x_wconf 79' lang='grc' dir='ltr'><strong>λαλήσω</strong></span> <span class='ocrx_word' id='word_1_241' title='bbox 1114 3218 1295 3285; x_wconf 59' lang='lat' dir='ltr'><strong>Quir;</strong></span> <span class='ocrx_word' id='word_1_242' title='bbox 1332 3220 1435 3271; x_wconf 82' lang='grc' dir='ltr'><strong>Τὸν</strong></span> <span class='ocrx_word' id='word_1_243' title='bbox 1468 3223 1563 3290; x_wconf 86' lang='grc' dir='ltr'><strong>τῆς</strong></span> <span class='ocrx_word' id='word_1_244' title='bbox 1590 3222 1721 3275; x_wconf 81' lang='grc' dir='ltr'><strong>ἁνα-</strong></span> 
     </span>
    </p>
   </div>
   <div class='ocr_carea' id='block_1_36' title="bbox 154 3307 1724 3386">
    <p class='ocr_par' dir='ltr' id='par_1_36' title="bbox 154 3307 1724 3386">
     <span class='ocr_line' id='line_1_36' title="bbox 154 3307 1724 3386; baseline 0.004 -26"><span class='ocrx_word' id='word_1_245' title='bbox 154 3308 396 3370; x_wconf 81' lang='grc' dir='ltr'><strong>στάσεως</strong></span> <span class='ocrx_word' id='word_1_246' title='bbox 426 3307 592 3363; x_wconf 79' lang='grc' dir='ltr'><strong>αὑτοῦ</strong></span> <span class='ocrx_word' id='word_1_247' title='bbox 635 3309 827 3377; x_wconf 87' lang='grc' dir='ltr'><strong>χρόνον</strong></span> <span class='ocrx_word' id='word_1_248' title='bbox 880 3307 1052 3379; x_wconf 81' lang='grc' dir='ltr'><strong>[λέγει</strong></span> <span class='ocrx_word' id='word_1_249' title='bbox 1172 3312 1265 3363; x_wconf 71' lang='grc' dir='ltr'><strong>καὶ</strong></span> <span class='ocrx_word' id='word_1_250' title='bbox 1316 3311 1425 3382; x_wconf 83' lang='grc' dir='ltr'><strong>γὰρ</strong></span> <span class='ocrx_word' id='word_1_251' title='bbox 1464 3314 1555 3365; x_wconf 78' lang='grc' dir='ltr'>ἐπὶ</span> <span class='ocrx_word' id='word_1_252' title='bbox 1623 3314 1724 3386; x_wconf 81' lang='grc' dir='ltr'><strong>μὲν</strong></span> 
     </span>
    </p>
   </div>
   <div class='ocr_carea' id='block_1_37' title="bbox 154 3400 1056 3469">
    <p class='ocr_par' dir='ltr' id='par_1_37' title="bbox 154 3400 1056 3469">
     <span class='ocr_line' id='line_1_37' title="bbox 154 3400 1056 3469; baseline 0.003 -18"><span class='ocrx_word' id='word_1_253' title='bbox 154 3400 366 3469; x_wconf 77' lang='grc' dir='ltr'><strong>ἡμέρας</strong></span> <span class='ocrx_word' id='word_1_254' title='bbox 400 3400 568 3469; x_wconf 80' lang='grc' dir='ltr'>συνῆν</span> <span class='ocrx_word' id='word_1_255' title='bbox 599 3400 802 3469; x_wconf 84' lang='grc' dir='ltr'>ὁμιλῶν</span> <span class='ocrx_word' id='word_1_256' title='bbox 850 3402 1056 3465; x_wconf 85' lang='grc' dir='ltr'><strong>αὐτοῖς.</strong></span> 
     </span>
    </p>
   </div>
   <div class='ocr_carea' id='block_1_38' title="bbox 228 3490 1720 3563">
    <p class='ocr_par' dir='ltr' id='par_1_38' title="bbox 228 3490 1720 3563">
     <span class='ocr_line' id='line_1_38' title="bbox 228 3490 1720 3563; baseline 0.001 -18"><span class='ocrx_word' id='word_1_257' title='bbox 228 3492 291 3545; x_wconf 82' lang='grc' dir='ltr'><strong>Τί</strong></span> <span class='ocrx_word' id='word_1_258' title='bbox 324 3494 436 3542; x_wconf 77' lang='grc' dir='ltr'><strong>ἐστι</strong></span> <span class='ocrx_word' id='word_1_259' title='bbox 473 3492 553 3553; x_wconf 72' lang='grc' dir='ltr'><strong>τὸ,</strong></span> <span class='ocrx_word' id='word_1_260' title='bbox 602 3491 792 3544; x_wconf 82' lang='grc' dir='ltr'><em>Ταῦτα</em></span> <span class='ocrx_word' id='word_1_261' title='bbox 829 3490 1141 3559; x_wconf 75' lang='grc' dir='ltr'><strong>λελάληκα</strong></span> <span class='ocrx_word' id='word_1_262' title='bbox 1174 3491 1453 3559; x_wconf 54' lang='lat' dir='ltr'><strong>baiulat</strong></span> <span class='ocrx_word' id='word_1_263' title='bbox 1497 3495 1566 3545; x_wconf 79' lang='grc' dir='ltr'><strong>ἐν</strong></span> <span class='ocrx_word' id='word_1_264' title='bbox 1595 3495 1720 3563; x_wconf 74' lang='grc' dir='ltr'><strong>ἐμοὶ</strong></span> 
     </span>
    </p>
   </div>
   <div class='ocr_carea' id='block_1_39' title="bbox 148 3582 1722 3657">
    <p class='ocr_par' dir='ltr' id='par_1_39' title="bbox 148 3582 1722 3657">
     <span class='ocr_line' id='line_1_39' title="bbox 148 3582 1722 3657; baseline 0.003 -22"><span class='ocrx_word' id='word_1_265' title='bbox 148 3582 405 3649; x_wconf 70' lang='grc' dir='ltr'><strong>εἰρήνην</strong></span> <span class='ocrx_word' id='word_1_266' title='bbox 453 3583 670 3649; x_wconf 61' lang='lat' dir='ltr'><strong>exuta;</strong></span> <span class='ocrx_word' id='word_1_267' title='bbox 727 3583 897 3635; x_wconf 75' lang='grc' dir='ltr'><strong>Τοῦτό</strong></span> <span class='ocrx_word' id='word_1_268' title='bbox 928 3585 1098 3648; x_wconf 76' lang='grc' dir='ltr'><strong>ἐστιν,</strong></span> <span class='ocrx_word' id='word_1_269' title='bbox 1137 3585 1250 3636; x_wconf 83' lang='grc' dir='ltr'><strong>Ἵνα</strong></span> <span class='ocrx_word' id='word_1_270' title='bbox 1293 3586 1367 3654; x_wconf 79' lang='grc' dir='ltr'><strong>μὴ</strong></span> <span class='ocrx_word' id='word_1_271' title='bbox 1426 3587 1722 3657; x_wconf 44' lang='grc' dir='ltr'><strong>ἑκῦἀλλγιτε</strong></span> 
     </span>
    </p>
   </div>
   <div class='ocr_carea' id='block_1_40' title="bbox 149 3673 861 3741">
    <p class='ocr_par' dir='ltr' id='par_1_40' title="bbox 149 3673 861 3741">
     <span class='ocr_line' id='line_1_40' title="bbox 149 3673 861 3741; baseline 0 -13"><span class='ocrx_word' id='word_1_272' title='bbox 149 3674 261 3728; x_wconf 70' lang='grc' dir='ltr'><strong>ἀπὸ</strong></span> <span class='ocrx_word' id='word_1_273' title='bbox 287 3673 381 3741; x_wconf 80' lang='grc' dir='ltr'><strong>τῆς</strong></span> <span class='ocrx_word' id='word_1_274' title='bbox 414 3673 566 3741; x_wconf 77' lang='grc' dir='ltr'>ὑμῶν</span> <span class='ocrx_word' id='word_1_275' title='bbox 595 3674 861 3736; x_wconf 78' lang='grc' dir='ltr'><strong>διανοίας.</strong></span> 
     </span>
    </p>
   </div>
   <div class='ocr_carea' id='block_1_41' title="bbox 714 3786 1127 3854">
    <p class='ocr_par' dir='ltr' id='par_1_41' title="bbox 714 3786 1127 3854">
     <span class='ocr_line' id='line_1_41' title="bbox 714 3786 1127 3854; baseline 0.012 -17"><span class='ocrx_word' id='word_1_276' title='bbox 714 3786 965 3841; x_wconf 58' lang='lat' dir='ltr'><strong>ueras.</strong></span> <span class='ocrx_word' id='word_1_277' title='bbox 1011 3789 1127 3854; x_wconf 69' lang='grc' dir='ltr'><strong>ις’.</strong></span> 
     </span>
    </p>
   </div>
   <div class='ocr_carea' id='block_1_42' title="bbox 214 3892 1708 3967">
    <p class='ocr_par' dir='ltr' id='par_1_42' title="bbox 214 3892 1708 3967">
     <span class='ocr_line' id='line_1_42' title="bbox 214 3892 1708 3967; baseline 0.004 -20"><span class='ocrx_word' id='word_1_278' title='bbox 214 3893 313 3948; x_wconf 81' lang='grc' dir='ltr'><strong>Διὰ</strong></span> <span class='ocrx_word' id='word_1_279' title='bbox 344 3894 395 3946; x_wconf 77' lang='grc' dir='ltr'><strong>τί</strong></span> <span class='ocrx_word' id='word_1_280' title='bbox 423 3892 657 3963; x_wconf 77' lang='grc' dir='ltr'><em>ἀλλαχοῦ</em></span> <span class='ocrx_word' id='word_1_281' title='bbox 690 3894 783 3946; x_wconf 77' lang='grc' dir='ltr'><strong>καὶ</strong></span> <span class='ocrx_word' id='word_1_282' title='bbox 817 3893 1016 3961; x_wconf 81' lang='grc' dir='ltr'><strong>γόνατα</strong></span> <span class='ocrx_word' id='word_1_283' title='bbox 1065 3896 1307 3965; x_wconf 83' lang='grc' dir='ltr'><strong>κάμπτει</strong></span> <span class='ocrx_word' id='word_1_284' title='bbox 1338 3896 1431 3950; x_wconf 73' lang='grc' dir='ltr'><strong>καὶ</strong></span> <span class='ocrx_word' id='word_1_285' title='bbox 1455 3896 1708 3967; x_wconf 57' lang='lat' dir='ltr'><strong>abluat;</strong></span> 
     </span>
    </p>
   </div>
   <div class='ocr_carea' id='block_1_43' title="bbox 149 3982 1719 4061">
    <p class='ocr_par' dir='ltr' id='par_1_43' title="bbox 149 3982 1719 4061">
     <span class='ocr_line' id='line_1_43' title="bbox 149 3982 1719 4061; baseline 0.004 -23"><span class='ocrx_word' id='word_1_286' title='bbox 149 3987 277 4038; x_wconf 82' lang='grc' dir='ltr'><strong>Ὀτι</strong></span> <span class='ocrx_word' id='word_1_287' title='bbox 301 3984 503 4055; x_wconf 82' lang='grc' dir='ltr'><strong>ἀρετὴν</strong></span> <span class='ocrx_word' id='word_1_288' title='bbox 526 3985 861 4056; x_wconf 80' lang='grc' dir='ltr'><strong>φανερὼσων</strong></span> <span class='ocrx_word' id='word_1_289' title='bbox 895 3982 1078 4056; x_wconf 75' lang='grc' dir='ltr'><strong>ἦλθεν,</strong></span> <span class='ocrx_word' id='word_1_290' title='bbox 1098 3988 1218 4057; x_wconf 76' lang='grc' dir='ltr'><strong>οὐχὶ</strong></span> <span class='ocrx_word' id='word_1_291' title='bbox 1242 3988 1340 4058; x_wconf 83' lang='grc' dir='ltr'><strong>τὴν</strong></span> <span class='ocrx_word' id='word_1_292' title='bbox 1364 3988 1594 4061; x_wconf 77' lang='grc' dir='ltr'><strong>Θεότητα</strong></span> <span class='ocrx_word' id='word_1_293' title='bbox 1619 3992 1719 4044; x_wconf 83' lang='grc' dir='ltr'><strong>αύ-</strong></span> 
     </span>
    </p>
   </div>
   <div class='ocr_carea' id='block_1_44' title="bbox 145 4076 1721 4153">
    <p class='ocr_par' dir='ltr' id='par_1_44' title="bbox 145 4076 1721 4153">
     <span class='ocr_line' id='line_1_44' title="bbox 145 4076 1721 4153; baseline 0.003 -22"><span class='ocrx_word' id='word_1_294' title='bbox 145 4076 244 4131; x_wconf 83' lang='grc' dir='ltr'>τοῦ</span> <span class='ocrx_word' id='word_1_295' title='bbox 310 4079 470 4147; x_wconf 86' lang='grc' dir='ltr'><strong>μόνον</strong></span> <span class='ocrx_word' id='word_1_296' title='bbox 498 4094 515 4109; x_wconf 74' lang='grc' dir='ltr'>ο</span> <span class='ocrx_word' id='word_1_297' title='bbox 558 4077 647 4130; x_wconf 83' lang='grc' dir='ltr'><strong>τὸν</strong></span> <span class='ocrx_word' id='word_1_298' title='bbox 691 4078 748 4131; x_wconf 77' lang='grc' dir='ltr'><strong>δὲ</strong></span> <span class='ocrx_word' id='word_1_299' title='bbox 802 4078 1147 4142; x_wconf 79' lang='grc' dir='ltr'><strong>παιδεύοντα,</strong></span> <span class='ocrx_word' id='word_1_300' title='bbox 1208 4081 1268 4133; x_wconf 77' lang='grc' dir='ltr'><strong>οὗ</strong></span> <span class='ocrx_word' id='word_1_301' title='bbox 1316 4081 1403 4135; x_wconf 73' lang='grc' dir='ltr'><strong>διὰ</strong></span> <span class='ocrx_word' id='word_1_302' title='bbox 1458 4084 1721 4153; x_wconf 75' lang='grc' dir='ltr'><strong>ῥημάτων</strong></span> 
     </span>
    </p>
   </div>
   <div class='ocr_carea' id='block_1_45' title="bbox 149 4169 1721 4242">
    <p class='ocr_par' dir='ltr' id='par_1_45' title="bbox 149 4169 1721 4242">
     <span class='ocr_line' id='line_1_45' title="bbox 149 4169 1721 4242; baseline 0.004 -21"><span class='ocrx_word' id='word_1_303' title='bbox 149 4169 336 4237; x_wconf 80' lang='grc' dir='ltr'>μόνον,</span> <span class='ocrx_word' id='word_1_304' title='bbox 354 4172 489 4224; x_wconf 72' lang='grc' dir='ltr'><strong>ἀλλὰ</strong></span> <span class='ocrx_word' id='word_1_305' title='bbox 507 4173 599 4224; x_wconf 76' lang='grc' dir='ltr'><strong>καὶ</strong></span> <span class='ocrx_word' id='word_1_306' title='bbox 614 4171 701 4223; x_wconf 82' lang='grc' dir='ltr'><strong>διὰ</strong></span> <span class='ocrx_word' id='word_1_307' title='bbox 726 4172 1067 4241; x_wconf 79' lang='grc' dir='ltr'><strong>πραγμάτων</strong></span> <span class='ocrx_word' id='word_1_308' title='bbox 1088 4173 1194 4242; x_wconf 75' lang='grc' dir='ltr'><strong>χρὴ</strong></span> <span class='ocrx_word' id='word_1_309' title='bbox 1221 4174 1515 4226; x_wconf 76' lang='grc' dir='ltr'><strong>παιδεύειν.</strong></span> <span class='ocrx_word' id='word_1_310' title='bbox 1539 4175 1721 4239; x_wconf 80' lang='grc' dir='ltr'><strong>Δείξαι</strong></span> 
     </span>
    </p>
   </div>
   <div class='ocr_carea' id='block_1_46' title="bbox 148 4260 1717 4331">
    <p class='ocr_par' dir='ltr' id='par_1_46' title="bbox 148 4260 1717 4331">
     <span class='ocr_line' id='line_1_46' title="bbox 148 4260 1717 4331; baseline 0 -18"><span class='ocrx_word' id='word_1_311' title='bbox 148 4260 322 4314; x_wconf 76' lang='grc' dir='ltr'><strong>θέλων</strong></span> <span class='ocrx_word' id='word_1_312' title='bbox 364 4263 444 4315; x_wconf 85' lang='grc' dir='ltr'><strong>ὅτι</strong></span> <span class='ocrx_word' id='word_1_313' title='bbox 497 4262 597 4314; x_wconf 80' lang='grc' dir='ltr'><strong>οὐκ</strong></span> <span class='ocrx_word' id='word_1_314' title='bbox 628 4262 775 4312; x_wconf 78' lang='grc' dir='ltr'><strong>ἄκων</strong></span> <span class='ocrx_word' id='word_1_315' title='bbox 824 4262 918 4312; x_wconf 69' lang='grc' dir='ltr'><strong>ἐπὶ</strong></span> <span class='ocrx_word' id='word_1_316' title='bbox 961 4261 1020 4312; x_wconf 80' lang='grc' dir='ltr'><strong>τὸ</strong></span> <span class='ocrx_word' id='word_1_317' title='bbox 1054 4261 1223 4322; x_wconf 70' lang='grc' dir='ltr'><strong>πάθος</strong></span> <span class='ocrx_word' id='word_1_318' title='bbox 1277 4260 1519 4331; x_wconf 72' lang='grc' dir='ltr'><strong>ἔρχεται,</strong></span> <span class='ocrx_word' id='word_1_319' title='bbox 1560 4262 1717 4329; x_wconf 83' lang='grc' dir='ltr'>φησί·</span> 
     </span>
    </p>
   </div>
   <div class='ocr_carea' id='block_1_47' title="bbox 146 4350 1716 4420">
    <p class='ocr_par' dir='ltr' id='par_1_47' title="bbox 146 4350 1716 4420">
     <span class='ocr_line' id='line_1_47' title="bbox 146 4350 1716 4420; baseline -0.001 -14"><span class='ocrx_word' id='word_1_320' title='bbox 146 4351 361 4420; x_wconf 79' lang='grc' dir='ltr'><strong>Πάτερ,</strong></span> <span class='ocrx_word' id='word_1_321' title='bbox 394 4352 696 4417; x_wconf 77' lang='grc' dir='ltr'><strong>ἐλήλυθεν</strong></span> <span class='ocrx_word' id='word_1_322' title='bbox 720 4354 756 4419; x_wconf 76' lang='grc' dir='ltr'><strong><em>ἡ</em></strong></span> <span class='ocrx_word' id='word_1_323' title='bbox 790 4351 931 4418; x_wconf 83' lang='grc' dir='ltr'><strong>ὥρα,</strong></span> <span class='ocrx_word' id='word_1_324' title='bbox 958 4350 1228 4411; x_wconf 77' lang='grc' dir='ltr'><strong>δόξασόν</strong></span> <span class='ocrx_word' id='word_1_325' title='bbox 1255 4366 1373 4403; x_wconf 88' lang='grc' dir='ltr'><strong>σου</strong></span> <span class='ocrx_word' id='word_1_326' title='bbox 1404 4351 1511 4401; x_wconf 82' lang='grc' dir='ltr'><strong>τὸν</strong></span> <span class='ocrx_word' id='word_1_327' title='bbox 1554 4352 1716 4416; x_wconf 78' lang='grc' dir='ltr'><strong>Υιόν,</strong></span> 
     </span>
    </p>
   </div>
   <div class='ocr_carea' id='block_1_48' title="bbox 1911 540 3411 615">
    <p class='ocr_par' dir='ltr' id='par_1_48' title="bbox 1911 540 3411 615">
     <span class='ocr_line' id='line_1_48' title="bbox 1911 540 3411 615; baseline 0.005 -23"><span class='ocrx_word' id='word_1_328' title='bbox 1911 540 2073 594; x_wconf 75' lang='lat' dir='ltr'><strong>Vens.</strong></span> <span class='ocrx_word' id='word_1_329' title='bbox 2104 543 2192 595; x_wconf 74' lang='grc'><strong>26.</strong></span> <span class='ocrx_word' id='word_1_330' title='bbox 2222 542 2577 607; x_wconf 81' lang='lat' dir='ltr'><strong>Paracletum,</strong></span> <span class='ocrx_word' id='word_1_331' title='bbox 2612 546 2760 608; x_wconf 79' lang='lat' dir='ltr'><strong>dieit,</strong></span> <span class='ocrx_word' id='word_1_332' title='bbox 2794 563 2941 612; x_wconf 84' lang='lat' dir='ltr'><strong><em>quem</em></strong></span> <span class='ocrx_word' id='word_1_333' title='bbox 2973 563 3063 615; x_wconf 83' lang='lat' dir='ltr'><strong>ego</strong></span> <span class='ocrx_word' id='word_1_334' title='bbox 3088 549 3294 600; x_wconf 89' lang='lat' dir='ltr'><strong>mittam</strong></span> <span class='ocrx_word' id='word_1_335' title='bbox 3325 565 3411 599; x_wconf 86' lang='lat' dir='ltr'><strong>vo-</strong></span> 
     </span>
    </p>
   </div>
   <div class='ocr_carea' id='block_1_49' title="bbox 1837 634 3412 702">
    <p class='ocr_par' dir='ltr' id='par_1_49' title="bbox 1837 634 3412 702">
     <span class='ocr_line' id='line_1_49' title="bbox 1837 634 3412 702; baseline 0.003 -17"><span class='ocrx_word' id='word_1_336' title='bbox 1837 635 1912 685; x_wconf 83' lang='lat' dir='ltr'><strong>bis</strong></span> <span class='ocrx_word' id='word_1_337' title='bbox 1939 652 1960 694; x_wconf 74' lang='grc' dir='ltr'><strong>,ο</strong></span> <span class='ocrx_word' id='word_1_338' title='bbox 1982 635 2107 702; x_wconf 85' lang='lat' dir='ltr'><strong>quia</strong></span> <span class='ocrx_word' id='word_1_339' title='bbox 2140 636 2281 687; x_wconf 77' lang='lat' dir='ltr'><strong>sicut</strong></span> <span class='ocrx_word' id='word_1_340' title='bbox 2315 634 2474 688; x_wconf 80' lang='lat' dir='ltr'><strong>Pater</strong></span> <span class='ocrx_word' id='word_1_341' title='bbox 2517 636 2713 688; x_wconf 87' lang='lat' dir='ltr'><strong>Filium</strong></span> <span class='ocrx_word' id='word_1_342' title='bbox 2777 637 2960 699; x_wconf 88' lang='lat' dir='ltr'><strong>mittit,</strong></span> <span class='ocrx_word' id='word_1_343' title='bbox 3008 638 3079 690; x_wconf 89' lang='lat' dir='ltr'><strong>ita</strong></span> <span class='ocrx_word' id='word_1_344' title='bbox 3136 646 3188 690; x_wconf 86' lang='lat' dir='ltr'><strong>ct</strong></span> <span class='ocrx_word' id='word_1_345' title='bbox 3243 639 3412 692; x_wconf 82' lang='lat' dir='ltr'><strong>Filius</strong></span> 
     </span>
    </p>
   </div>
   <div class='ocr_carea' id='block_1_50' title="bbox 1835 725 3411 794">
    <p class='ocr_par' dir='ltr' id='par_1_50' title="bbox 1835 725 3411 794">
     <span class='ocr_line' id='line_1_50' title="bbox 1835 725 3411 794; baseline 0.003 -17"><span class='ocrx_word' id='word_1_346' title='bbox 1835 737 2083 778; x_wconf 85' lang='lat' dir='ltr'><strong>sanctum</strong></span> <span class='ocrx_word' id='word_1_347' title='bbox 2121 725 2404 794; x_wconf 78' lang='lat' dir='ltr'><strong>Spiritum,</strong></span> <span class='ocrx_word' id='word_1_348' title='bbox 2440 743 2545 779; x_wconf 83' lang='lat' dir='ltr'><strong>non</strong></span> <span class='ocrx_word' id='word_1_349' title='bbox 2600 738 2776 779; x_wconf 85' lang='lat' dir='ltr'><strong>autem</strong></span> <span class='ocrx_word' id='word_1_350' title='bbox 2829 738 2880 780; x_wconf 91' lang='lat' dir='ltr'><strong>ut</strong></span> <span class='ocrx_word' id='word_1_351' title='bbox 2934 743 3171 788; x_wconf 87' lang='lat' dir='ltr'><strong>servum.</strong></span> <span class='ocrx_word' id='word_1_352' title='bbox 3224 731 3314 782; x_wconf 89' lang='lat' dir='ltr'><strong>scd</strong></span> <span class='ocrx_word' id='word_1_353' title='bbox 3354 741 3411 782; x_wconf 90' lang='lat' dir='ltr'><strong>ut</strong></span> 
     </span>
    </p>
   </div>
   <div class='ocr_carea' id='block_1_51' title="bbox 1834 818 3201 887">
    <p class='ocr_par' dir='ltr' id='par_1_51' title="bbox 1834 818 3201 887">
     <span class='ocr_line' id='line_1_51' title="bbox 1834 818 3201 887; baseline 0.002 -17"><span class='ocrx_word' id='word_1_354' title='bbox 1834 818 2074 885; x_wconf 75' lang='lat' dir='ltr'><strong>ejusdem</strong></span> <span class='ocrx_word' id='word_1_355' title='bbox 2133 830 2340 871; x_wconf 78' lang='lat' dir='ltr'><strong>natura:</strong></span> <span class='ocrx_word' id='word_1_356' title='bbox 2368 828 2420 871; x_wconf 89' lang='lat' dir='ltr'><strong>et</strong></span> <span class='ocrx_word' id='word_1_357' title='bbox 2447 819 2816 871; x_wconf 57' lang='lat' dir='ltr'><strong>subordinate</strong></span> <span class='ocrx_word' id='word_1_358' title='bbox 2847 820 3201 887; x_wconf 71' lang='lat' dir='ltr'><strong>operationis.</strong></span> 
     </span>
    </p>
   </div>
   <div class='ocr_carea' id='block_1_52' title="bbox 2424 926 2825 982">
    <p class='ocr_par' dir='ltr' id='par_1_52' title="bbox 2424 926 2825 982">
     <span class='ocr_line' id='line_1_52' title="bbox 2424 926 2825 982; baseline -0.007 0"><span class='ocrx_word' id='word_1_359' title='bbox 2424 926 2654 982; x_wconf 78' lang='lat' dir='ltr'><strong>CAPUT</strong></span> <span class='ocrx_word' id='word_1_360' title='bbox 2693 926 2825 979; x_wconf 72' lang='lat' dir='ltr'><strong>XVI.</strong></span> 
     </span>
    </p>
   </div>
   <div class='ocr_carea' id='block_1_53' title="bbox 1903 1034 3409 1102">
    <p class='ocr_par' dir='ltr' id='par_1_53' title="bbox 1903 1034 3409 1102">
     <span class='ocr_line' id='line_1_53' title="bbox 1903 1034 3409 1102; baseline 0 -13"><span class='ocrx_word' id='word_1_361' title='bbox 1903 1034 2067 1090; x_wconf 72' lang='lat' dir='ltr'><strong>Vens.</strong></span> <span class='ocrx_word' id='word_1_362' title='bbox 2102 1038 2154 1089; x_wconf 90' lang='lat'><strong>7.</strong></span> <span class='ocrx_word' id='word_1_363' title='bbox 2189 1035 2310 1090; x_wconf 81' lang='lat' dir='ltr'><strong>Nisi</strong></span> <span class='ocrx_word' id='word_1_364' title='bbox 2333 1035 2530 1102; x_wconf 85' lang='lat' dir='ltr'><strong>abiero,</strong></span> <span class='ocrx_word' id='word_1_365' title='bbox 2571 1036 2883 1089; x_wconf 81' lang='lat' dir='ltr'><strong>Paraclelus</strong></span> <span class='ocrx_word' id='word_1_366' title='bbox 2925 1053 3025 1089; x_wconf 87' lang='lat' dir='ltr'><strong>non</strong></span> <span class='ocrx_word' id='word_1_367' title='bbox 3058 1038 3262 1089; x_wconf 80' lang='lat' dir='ltr'><strong>veniet?</strong></span> <span class='ocrx_word' id='word_1_368' title='bbox 3294 1036 3409 1089; x_wconf 81' lang='lat' dir='ltr'><strong>Non</strong></span> 
     </span>
    </p>
   </div>
   <div class='ocr_carea' id='block_1_54' title="bbox 1832 1128 3411 1198">
    <p class='ocr_par' dir='ltr' id='par_1_54' title="bbox 1832 1128 3411 1198">
     <span class='ocr_line' id='line_1_54' title="bbox 1832 1128 3411 1198; baseline -0.004 -13"><span class='ocrx_word' id='word_1_369' title='bbox 1832 1146 2046 1185; x_wconf 86' lang='lat' dir='ltr'><strong>servum</strong></span> <span class='ocrx_word' id='word_1_370' title='bbox 2100 1129 2333 1184; x_wconf 80' lang='lat' dir='ltr'><strong>ostendit</strong></span> <span class='ocrx_word' id='word_1_371' title='bbox 2374 1128 2656 1198; x_wconf 84' lang='lat' dir='ltr'><strong>Spiritum,</strong></span> <span class='ocrx_word' id='word_1_372' title='bbox 2708 1129 2801 1182; x_wconf 89' lang='lat' dir='ltr'><strong>sed</strong></span> <span class='ocrx_word' id='word_1_373' title='bbox 2858 1128 3123 1196; x_wconf 65' lang='lat' dir='ltr'><strong>aequalem</strong></span> <span class='ocrx_word' id='word_1_374' title='bbox 3156 1138 3211 1182; x_wconf 87' lang='lat' dir='ltr'><strong>et</strong></span> <span class='ocrx_word' id='word_1_375' title='bbox 3258 1130 3411 1183; x_wconf 87' lang='lat' dir='ltr'><strong>simi-</strong></span> 
     </span>
    </p>
   </div>
   <div class='ocr_carea' id='block_1_55' title="bbox 1832 1222 1957 1277">
    <p class='ocr_par' dir='ltr' id='par_1_55' title="bbox 1832 1222 1957 1277">
     <span class='ocr_line' id='line_1_55' title="bbox 1832 1222 1957 1277; baseline 0.024 -3"><span class='ocrx_word' id='word_1_376' title='bbox 1832 1222 1957 1277; x_wconf 87' lang='lat' dir='ltr'><strong>lem.</strong></span> 
     </span>
    </p>
   </div>
   <div class='ocr_carea' id='block_1_56' title="bbox 1905 1311 3403 1382">
    <p class='ocr_par' dir='ltr' id='par_1_56' title="bbox 1905 1311 3403 1382">
     <span class='ocr_line' id='line_1_56' title="bbox 1905 1311 3403 1382; baseline 0.001 -19"><span class='ocrx_word' id='word_1_377' title='bbox 1905 1311 2065 1369; x_wconf 74' lang='lat' dir='ltr'><strong>Vens.</strong></span> <span class='ocrx_word' id='word_1_378' title='bbox 2100 1313 2150 1366; x_wconf 88' lang='lat'><strong>8.</strong></span> <span class='ocrx_word' id='word_1_379' title='bbox 2181 1312 2254 1365; x_wconf 87' lang='lat' dir='ltr'><strong>Dc</strong></span> <span class='ocrx_word' id='word_1_380' title='bbox 2281 1312 2493 1382; x_wconf 82' lang='lat' dir='ltr'><strong>justitia</strong></span> <span class='ocrx_word' id='word_1_381' title='bbox 2520 1327 2645 1365; x_wconf 85' lang='lat' dir='ltr'><strong>vero</strong></span> <span class='ocrx_word' id='word_1_382' title='bbox 2678 1329 2691 1364; x_wconf 90' lang='lat'>:</span> <span class='ocrx_word' id='word_1_383' title='bbox 2725 1312 2862 1376; x_wconf 84' lang='lat' dir='ltr'><strong>Quia</strong></span> <span class='ocrx_word' id='word_1_384' title='bbox 2900 1314 2968 1364; x_wconf 82' lang='lat' dir='ltr'><strong>ad</strong></span> <span class='ocrx_word' id='word_1_385' title='bbox 3001 1313 3213 1367; x_wconf 83' lang='lat' dir='ltr'><strong>Patrem</strong></span> <span class='ocrx_word' id='word_1_386' title='bbox 3250 1313 3403 1376; x_wconf 88' lang='lat' dir='ltr'><strong>vado,</strong></span> 
     </span>
    </p>
   </div>
   <div class='ocr_carea' id='block_1_57' title="bbox 1830 1404 3405 1473">
    <p class='ocr_par' dir='ltr' id='par_1_57' title="bbox 1830 1404 3405 1473">
     <span class='ocr_line' id='line_1_57' title="bbox 1830 1404 3405 1473; baseline -0.001 -15"><span class='ocrx_word' id='word_1_387' title='bbox 1830 1414 1997 1458; x_wconf 82' lang='lat' dir='ltr'><strong>etnon</strong></span> <span class='ocrx_word' id='word_1_388' title='bbox 2028 1406 2263 1457; x_wconf 78' lang='lat' dir='ltr'><strong>videbitis</strong></span> <span class='ocrx_word' id='word_1_389' title='bbox 2320 1420 2435 1466; x_wconf 83' lang='lat' dir='ltr'><strong>me;</strong></span> <span class='ocrx_word' id='word_1_390' title='bbox 2465 1404 2644 1468; x_wconf 86' lang='lat' dir='ltr'><strong>idest,</strong></span> <span class='ocrx_word' id='word_1_391' title='bbox 2693 1406 2818 1473; x_wconf 88' lang='lat' dir='ltr'><strong>quia</strong></span> <span class='ocrx_word' id='word_1_392' title='bbox 2869 1404 3405 1473; x_wconf 72' lang='lat' dir='ltr'><strong>irreprcbcaisibilem</strong></span> 
     </span>
    </p>
   </div>
   <div class='ocr_carea' id='block_1_58' title="bbox 1833 1492 3405 1561">
    <p class='ocr_par' dir='ltr' id='par_1_58' title="bbox 1833 1492 3405 1561">
     <span class='ocr_line' id='line_1_58' title="bbox 1833 1492 3405 1561; baseline 0 -15"><span class='ocrx_word' id='word_1_393' title='bbox 1833 1495 1949 1547; x_wconf 88' lang='lat' dir='ltr'><strong>trad</strong></span> <span class='ocrx_word' id='word_1_394' title='bbox 1976 1496 2045 1547; x_wconf 53' lang='lat' dir='ltr'><strong>ixi</strong></span> <span class='ocrx_word' id='word_1_395' title='bbox 2085 1495 2273 1558; x_wconf 78' lang='lat' dir='ltr'><strong>vitam,</strong></span> <span class='ocrx_word' id='word_1_396' title='bbox 2301 1504 2353 1547; x_wconf 84' lang='lat' dir='ltr'><strong>et</strong></span> <span class='ocrx_word' id='word_1_397' title='bbox 2402 1492 2565 1561; x_wconf 83' lang='lat' dir='ltr'><strong>hujus</strong></span> <span class='ocrx_word' id='word_1_398' title='bbox 2600 1495 2675 1546; x_wconf 85' lang='lat' dir='ltr'><strong>rei</strong></span> <span class='ocrx_word' id='word_1_399' title='bbox 2717 1494 2977 1546; x_wconf 89' lang='lat' dir='ltr'><strong>indicium</strong></span> <span class='ocrx_word' id='word_1_400' title='bbox 3017 1503 3121 1557; x_wconf 83' lang='lat' dir='ltr'><strong>est,</strong></span> <span class='ocrx_word' id='word_1_401' title='bbox 3157 1495 3301 1561; x_wconf 87' lang='lat' dir='ltr'><strong>quod</strong></span> <span class='ocrx_word' id='word_1_402' title='bbox 3335 1493 3405 1546; x_wconf 86' lang='lat' dir='ltr'><strong>ad</strong></span> 
     </span>
    </p>
   </div>
   <div class='ocr_carea' id='block_1_59' title="bbox 1832 1587 2243 1641">
    <p class='ocr_par' dir='ltr' id='par_1_59' title="bbox 1832 1587 2243 1641">
     <span class='ocr_line' id='line_1_59' title="bbox 1832 1587 2243 1641; baseline 0 -2"><span class='ocrx_word' id='word_1_403' title='bbox 1832 1587 2045 1641; x_wconf 77' lang='lat' dir='ltr'><strong>l’ntrcm</strong></span> <span class='ocrx_word' id='word_1_404' title='bbox 2089 1588 2243 1639; x_wconf 77' lang='lat' dir='ltr'><strong>vado.</strong></span> 
     </span>
    </p>
   </div>
   <div class='ocr_carea' id='block_1_60' title="bbox 1904 1673 3406 1745">
    <p class='ocr_par' dir='ltr' id='par_1_60' title="bbox 1904 1673 3406 1745">
     <span class='ocr_line' id='line_1_60' title="bbox 1904 1673 3406 1745; baseline -0.004 -12"><span class='ocrx_word' id='word_1_405' title='bbox 1904 1679 2068 1733; x_wconf 69' lang='lat' dir='ltr'><strong>Vsus.</strong></span> <span class='ocrx_word' id='word_1_406' title='bbox 2118 1678 2200 1730; x_wconf 80' lang='lat' dir='ltr'><strong>il.</strong></span> <span class='ocrx_word' id='word_1_407' title='bbox 2237 1677 2486 1745; x_wconf 77' lang='lat' dir='ltr'><strong>Princeps</strong></span> <span class='ocrx_word' id='word_1_408' title='bbox 2515 1676 2694 1728; x_wconf 82' lang='lat' dir='ltr'><strong>mundi</strong></span> <span class='ocrx_word' id='word_1_409' title='bbox 2726 1673 2881 1741; x_wconf 80' lang='lat' dir='ltr'><strong>hujus</strong></span> <span class='ocrx_word' id='word_1_410' title='bbox 2912 1674 3188 1741; x_wconf 82' lang='lat' dir='ltr'><strong>judicatus</strong></span> <span class='ocrx_word' id='word_1_411' title='bbox 3217 1685 3318 1736; x_wconf 81' lang='lat' dir='ltr'><strong>est,</strong></span> <span class='ocrx_word' id='word_1_412' title='bbox 3353 1673 3406 1727; x_wconf 83' lang='lat' dir='ltr'><strong>id</strong></span> 
     </span>
    </p>
   </div>
   <div class='ocr_carea' id='block_1_61' title="bbox 1748 1764 3262 1850">
    <p class='ocr_par' dir='ltr' id='par_1_61' title="bbox 1748 1764 3262 1850">
     <span class='ocr_line' id='line_1_61' title="bbox 1748 1764 3262 1850; baseline -0.009 -19"><span class='ocrx_word' id='word_1_413' title='bbox 1748 1792 1796 1850; x_wconf 78' lang='grc' dir='ltr'><strong>Β</strong></span> <span class='ocrx_word' id='word_1_414' title='bbox 1825 1788 1929 1839; x_wconf 83' lang='lat' dir='ltr'><strong>est,</strong></span> <span class='ocrx_word' id='word_1_415' title='bbox 1966 1773 2358 1829; x_wconf 69' lang='lat' dir='ltr'><strong>condemnatus</strong></span> <span class='ocrx_word' id='word_1_416' title='bbox 2388 1777 2469 1821; x_wconf 85' lang='lat' dir='ltr'><strong>est</strong></span> <span class='ocrx_word' id='word_1_417' title='bbox 2497 1766 2638 1837; x_wconf 91' lang='lat' dir='ltr'><strong>quod</strong></span> <span class='ocrx_word' id='word_1_418' title='bbox 2660 1781 2868 1819; x_wconf 82' lang='lat' dir='ltr'><strong>mecum</strong></span> <span class='ocrx_word' id='word_1_419' title='bbox 2900 1764 3134 1817; x_wconf 81' lang='lat' dir='ltr'><strong>luctatus</strong></span> <span class='ocrx_word' id='word_1_420' title='bbox 3159 1774 3262 1817; x_wconf 86' lang='lat' dir='ltr'><strong>est.</strong></span> 
     </span>
    </p>
   </div>
   <div class='ocr_carea' id='block_1_62' title="bbox 1899 1856 3403 1927">
    <p class='ocr_par' dir='ltr' id='par_1_62' title="bbox 1899 1856 3403 1927">
     <span class='ocr_line' id='line_1_62' title="bbox 1899 1856 3403 1927; baseline -0.011 -8"><span class='ocrx_word' id='word_1_421' title='bbox 1899 1869 2060 1921; x_wconf 65' lang='lat' dir='ltr'><strong>Vsus.</strong></span> <span class='ocrx_word' id='word_1_422' title='bbox 2096 1864 2180 1917; x_wconf 75' lang='grc'><strong>15.</strong></span> <span class='ocrx_word' id='word_1_423' title='bbox 2207 1860 2344 1927; x_wconf 84' lang='lat' dir='ltr'><strong>Quid</strong></span> <span class='ocrx_word' id='word_1_424' title='bbox 2377 1868 2481 1921; x_wconf 85' lang='lat' dir='ltr'><strong>est,</strong></span> <span class='ocrx_word' id='word_1_425' title='bbox 2516 1856 2638 1910; x_wconf 86' lang='lat' dir='ltr'><strong>Non</strong></span> <span class='ocrx_word' id='word_1_426' title='bbox 2681 1857 2818 1909; x_wconf 87' lang='lat' dir='ltr'><strong>enim</strong></span> <span class='ocrx_word' id='word_1_427' title='bbox 2861 1856 3104 1923; x_wconf 87' lang='lat' dir='ltr'><strong>loquetur</strong></span> <span class='ocrx_word' id='word_1_428' title='bbox 3135 1872 3165 1907; x_wconf 89' lang='lat' dir='ltr'><strong>a</strong></span> <span class='ocrx_word' id='word_1_429' title='bbox 3196 1856 3365 1923; x_wconf 86' lang='lat' dir='ltr'><strong>seipso</strong></span> <span class='ocrx_word' id='word_1_430' title='bbox 3389 1896 3403 1917; x_wconf 86' lang='lat'><strong>,</strong></span> 
     </span>
    </p>
   </div>
   <div class='ocr_carea' id='block_1_63' title="bbox 1828 1945 3405 2028">
    <p class='ocr_par' dir='ltr' id='par_1_63' title="bbox 1828 1945 3405 2028">
     <span class='ocr_line' id='line_1_63' title="bbox 1828 1945 3405 2028; baseline -0.012 -11"><span class='ocrx_word' id='word_1_431' title='bbox 1828 1963 1915 2017; x_wconf 82' lang='lat' dir='ltr'><strong>sed</strong></span> <span class='ocrx_word' id='word_1_432' title='bbox 1947 1974 2065 2028; x_wconf 77' lang='lat' dir='ltr'><strong>qua:</strong></span> <span class='ocrx_word' id='word_1_433' title='bbox 2094 1953 2321 2008; x_wconf 84' lang='lat' dir='ltr'><strong>audierit</strong></span> <span class='ocrx_word' id='word_1_434' title='bbox 2347 1950 2630 2020; x_wconf 78' lang='lat' dir='ltr'><strong>loquetur?</strong></span> <span class='ocrx_word' id='word_1_435' title='bbox 2670 1948 2815 2001; x_wconf 86' lang='lat' dir='ltr'><strong>idem</strong></span> <span class='ocrx_word' id='word_1_436' title='bbox 2846 1958 2930 2023; x_wconf 84' lang='lat' dir='ltr'><strong>est</strong></span> <span class='ocrx_word' id='word_1_437' title='bbox 2966 1963 3050 2009; x_wconf 87' lang='lat' dir='ltr'><strong>ac,</strong></span> <span class='ocrx_word' id='word_1_438' title='bbox 3080 1945 3151 1999; x_wconf 85' lang='lat' dir='ltr'><strong>De</strong></span> <span class='ocrx_word' id='word_1_439' title='bbox 3185 1946 3274 1998; x_wconf 89' lang='lat' dir='ltr'><strong>illo</strong></span> <span class='ocrx_word' id='word_1_440' title='bbox 3299 1963 3405 1998; x_wconf 87' lang='lat' dir='ltr'><strong>lmtl</strong></span> 
     </span>
    </p>
   </div>
   <div class='ocr_carea' id='block_1_64' title="bbox 1828 2038 3405 2121">
    <p class='ocr_par' dir='ltr' id='par_1_64' title="bbox 1828 2038 3405 2121">
     <span class='ocr_line' id='line_1_64' title="bbox 1828 2038 3405 2121; baseline -0.011 -15"><span class='ocrx_word' id='word_1_441' title='bbox 1828 2053 2057 2121; x_wconf 87' lang='lat' dir='ltr'><strong>loquor;</strong></span> <span class='ocrx_word' id='word_1_442' title='bbox 2088 2046 2274 2100; x_wconf 87' lang='lat' dir='ltr'><strong>volens</strong></span> <span class='ocrx_word' id='word_1_443' title='bbox 2314 2040 2601 2095; x_wconf 72' lang='lat' dir='ltr'><strong>ostendere</strong></span> <span class='ocrx_word' id='word_1_444' title='bbox 2632 2040 2998 2107; x_wconf 63' lang='lat' dir='ltr'><strong>aequalitatem</strong></span> <span class='ocrx_word' id='word_1_445' title='bbox 3027 2055 3149 2092; x_wconf 87' lang='lat' dir='ltr'><strong>cum</strong></span> <span class='ocrx_word' id='word_1_446' title='bbox 3174 2038 3405 2107; x_wconf 71' lang='lat' dir='ltr'><strong>Spiritu.</strong></span> 
     </span>
    </p>
   </div>
   <div class='ocr_carea' id='block_1_65' title="bbox 1829 2131 3408 2198">
    <p class='ocr_par' dir='ltr' id='par_1_65' title="bbox 1829 2131 3408 2198">
     <span class='ocr_line' id='line_1_65' title="bbox 1829 2131 3408 2198; baseline -0.012 0"><span class='ocrx_word' id='word_1_447' title='bbox 1829 2144 1895 2197; x_wconf 80' lang='lat' dir='ltr'><strong>Et</strong></span> <span class='ocrx_word' id='word_1_448' title='bbox 1938 2152 2152 2196; x_wconf 74' lang='lat' dir='ltr'><strong>ventura</strong></span> <span class='ocrx_word' id='word_1_449' title='bbox 2195 2134 2460 2190; x_wconf 88' lang='lat' dir='ltr'><strong>nuntiabit</strong></span> <span class='ocrx_word' id='word_1_450' title='bbox 2488 2133 2653 2197; x_wconf 86' lang='lat' dir='ltr'><strong>vobis,</strong></span> <span class='ocrx_word' id='word_1_451' title='bbox 2690 2132 2739 2186; x_wconf 89' lang='lat' dir='ltr'><strong>id</strong></span> <span class='ocrx_word' id='word_1_452' title='bbox 2770 2142 2873 2195; x_wconf 85' lang='lat' dir='ltr'><strong>est,</strong></span> <span class='ocrx_word' id='word_1_453' title='bbox 2910 2131 3007 2186; x_wconf 85' lang='lat' dir='ltr'><strong>Ubi</strong></span> <span class='ocrx_word' id='word_1_454' title='bbox 3052 2146 3172 2185; x_wconf 90' lang='lat' dir='ltr'><strong>sum</strong></span> <span class='ocrx_word' id='word_1_455' title='bbox 3200 2146 3322 2198; x_wconf 80' lang='lat' dir='ltr'><strong>ego,</strong></span> <span class='ocrx_word' id='word_1_456' title='bbox 3355 2136 3408 2180; x_wconf 82' lang='lat' dir='ltr'><strong>et</strong></span> 
     </span>
    </p>
   </div>
   <div class='ocr_carea' id='block_1_66' title="bbox 1825 2231 2233 2301">
    <p class='ocr_par' dir='ltr' id='par_1_66' title="bbox 1825 2231 2233 2301">
     <span class='ocr_line' id='line_1_66' title="bbox 1825 2231 2233 2301; baseline -0.01 -12"><span class='ocrx_word' id='word_1_457' title='bbox 1825 2237 1927 2289; x_wconf 80' lang='lat' dir='ltr'><strong>alia</strong></span> <span class='ocrx_word' id='word_1_458' title='bbox 1956 2231 2233 2301; x_wconf 62' lang='lat' dir='ltr'><strong>quaelibet.</strong></span> 
     </span>
    </p>
   </div>
   <div class='ocr_carea' id='block_1_67' title="bbox 1900 2309 3407 2384">
    <p class='ocr_par' dir='ltr' id='par_1_67' title="bbox 1900 2309 3407 2384">
     <span class='ocr_line' id='line_1_67' title="bbox 1900 2309 3407 2384; baseline -0.011 -8"><span class='ocrx_word' id='word_1_459' title='bbox 1900 2323 2064 2377; x_wconf 68' lang='lat' dir='ltr'><strong>Vnus.</strong></span> <span class='ocrx_word' id='word_1_460' title='bbox 2110 2321 2195 2373; x_wconf 78' lang='grc' dir='ltr'><strong>Η.</strong></span> <span class='ocrx_word' id='word_1_461' title='bbox 2230 2315 2515 2384; x_wconf 85' lang='lat' dir='ltr'><strong>Quomodo</strong></span> <span class='ocrx_word' id='word_1_462' title='bbox 2565 2313 2826 2381; x_wconf 86' lang='lat' dir='ltr'><strong>Spiritum</strong></span> <span class='ocrx_word' id='word_1_463' title='bbox 2874 2319 3123 2367; x_wconf 83' lang='lat' dir='ltr'><strong>sanctum</strong></span> <span class='ocrx_word' id='word_1_464' title='bbox 3181 2309 3407 2362; x_wconf 85' lang='lat' dir='ltr'><strong>omnino</strong></span> 
     </span>
    </p>
   </div>
   <div class='ocr_carea' id='block_1_68' title="bbox 1826 2400 3402 2482">
    <p class='ocr_par' dir='ltr' id='par_1_68' title="bbox 1826 2400 3402 2482">
     <span class='ocr_line' id='line_1_68' title="bbox 1826 2400 3402 2482; baseline -0.011 -15"><span class='ocrx_word' id='word_1_465' title='bbox 1826 2418 2085 2482; x_wconf 67' lang='lat' dir='ltr'><strong>aequalem</strong></span> <span class='ocrx_word' id='word_1_466' title='bbox 2118 2410 2259 2463; x_wconf 82' lang='lat' dir='ltr'><strong>Patri</strong></span> <span class='ocrx_word' id='word_1_467' title='bbox 2295 2418 2347 2461; x_wconf 88' lang='lat' dir='ltr'><strong>et</strong></span> <span class='ocrx_word' id='word_1_468' title='bbox 2374 2407 2475 2461; x_wconf 86' lang='lat' dir='ltr'><strong>sibi</strong></span> <span class='ocrx_word' id='word_1_469' title='bbox 2508 2404 2819 2468; x_wconf 86' lang='lat' dir='ltr'><strong>ostendens,</strong></span> <span class='ocrx_word' id='word_1_470' title='bbox 2852 2404 2922 2455; x_wconf 86' lang='lat' dir='ltr'><strong>ibi</strong></span> <span class='ocrx_word' id='word_1_471' title='bbox 2966 2402 3103 2455; x_wconf 85' lang='lat' dir='ltr'><strong>dicit</strong></span> <span class='ocrx_word' id='word_1_472' title='bbox 3138 2418 3149 2453; x_wconf 90' lang='lat'>:</span> <span class='ocrx_word' id='word_1_473' title='bbox 3186 2400 3259 2451; x_wconf 85' lang='lat' dir='ltr'><strong>De</strong></span> <span class='ocrx_word' id='word_1_474' title='bbox 3292 2416 3402 2450; x_wconf 70' lang='lat' dir='ltr'><strong>meo</strong></span> 
     </span>
    </p>
   </div>
   <div class='ocr_carea' id='block_1_69' title="bbox 1827 2491 3407 2571">
    <p class='ocr_par' dir='ltr' id='par_1_69' title="bbox 1827 2491 3407 2571">
     <span class='ocr_line' id='line_1_69' title="bbox 1827 2491 3407 2571; baseline -0.009 -16"><span class='ocrx_word' id='word_1_475' title='bbox 1827 2506 2045 2571; x_wconf 83' lang='lat' dir='ltr'><strong>accipiet</strong></span> <span class='ocrx_word' id='word_1_476' title='bbox 2100 2512 2148 2553; x_wconf 91' lang='lat' dir='ltr'><strong>et</strong></span> <span class='ocrx_word' id='word_1_477' title='bbox 2208 2499 2541 2551; x_wconf 85' lang='lat' dir='ltr'><strong>annuutiabit</strong></span> <span class='ocrx_word' id='word_1_478' title='bbox 2591 2496 2781 2548; x_wconf 80' lang='lat' dir='ltr'><strong>vobis?</strong></span> <span class='ocrx_word' id='word_1_479' title='bbox 2835 2493 2977 2545; x_wconf 80' lang='lat' dir='ltr'><strong>Nihil</strong></span> <span class='ocrx_word' id='word_1_480' title='bbox 3015 2492 3162 2546; x_wconf 83' lang='lat' dir='ltr'><strong>aliud</strong></span> <span class='ocrx_word' id='word_1_481' title='bbox 3201 2491 3407 2544; x_wconf 84' lang='lat' dir='ltr'><strong>indicat</strong></span> 
     </span>
    </p>
   </div>
   <div class='ocr_carea' id='block_1_70' title="bbox 1830 2580 3408 2660">
    <p class='ocr_par' dir='ltr' id='par_1_70' title="bbox 1830 2580 3408 2660">
     <span class='ocr_line' id='line_1_70' title="bbox 1830 2580 3408 2660; baseline -0.008 -16"><span class='ocrx_word' id='word_1_482' title='bbox 1830 2593 1931 2645; x_wconf 87' lang='lat' dir='ltr'><strong>nisi</strong></span> <span class='ocrx_word' id='word_1_483' title='bbox 1965 2589 2109 2660; x_wconf 88' lang='lat' dir='ltr'><strong>quod</strong></span> <span class='ocrx_word' id='word_1_484' title='bbox 2137 2588 2361 2655; x_wconf 67' lang='lat' dir='ltr'><strong>aequalis</strong></span> <span class='ocrx_word' id='word_1_485' title='bbox 2397 2594 2480 2640; x_wconf 87' lang='lat' dir='ltr'><strong>est</strong></span> <span class='ocrx_word' id='word_1_486' title='bbox 2528 2600 2626 2639; x_wconf 89' lang='lat' dir='ltr'><strong>nec</strong></span> <span class='ocrx_word' id='word_1_487' title='bbox 2682 2584 2876 2651; x_wconf 82' lang='lat' dir='ltr'><strong>major,</strong></span> <span class='ocrx_word' id='word_1_488' title='bbox 2910 2583 3055 2652; x_wconf 87' lang='lat' dir='ltr'><strong>quod</strong></span> <span class='ocrx_word' id='word_1_489' title='bbox 3089 2590 3207 2634; x_wconf 84' lang='lat' dir='ltr'><strong>erat</strong></span> <span class='ocrx_word' id='word_1_490' title='bbox 3248 2580 3408 2633; x_wconf 86' lang='lat' dir='ltr'><strong>intel-</strong></span> 
     </span>
    </p>
   </div>
   <div class='ocr_carea' id='block_1_71' title="bbox 1831 2669 3406 2748">
    <p class='ocr_par' dir='ltr' id='par_1_71' title="bbox 1831 2669 3406 2748">
     <span class='ocr_line' id='line_1_71' title="bbox 1831 2669 3406 2748; baseline -0.008 -14"><span class='ocrx_word' id='word_1_491' title='bbox 1831 2682 2029 2734; x_wconf 87' lang='lat' dir='ltr'><strong>lectum</strong></span> <span class='ocrx_word' id='word_1_492' title='bbox 2080 2694 2144 2732; x_wconf 72' lang='lat' dir='ltr'><strong>cs</strong></span> <span class='ocrx_word' id='word_1_493' title='bbox 2180 2676 2613 2748; x_wconf 67' lang='lat' dir='ltr'><strong>prmccdcntibus</strong></span> <span class='ocrx_word' id='word_1_494' title='bbox 2657 2675 2847 2739; x_wconf 82' lang='lat' dir='ltr'><strong>dictis;</strong></span> <span class='ocrx_word' id='word_1_495' title='bbox 2885 2683 2939 2727; x_wconf 78' lang='grc' dir='ltr'><strong>ιιι</strong></span> <span class='ocrx_word' id='word_1_496' title='bbox 2988 2673 3263 2727; x_wconf 88' lang='lat' dir='ltr'><strong>dicendo:</strong></span> <span class='ocrx_word' id='word_1_497' title='bbox 3308 2669 3406 2723; x_wconf 82' lang='lat' dir='ltr'><strong>Ille</strong></span> 
     </span>
    </p>
   </div>
   <div class='ocr_carea' id='block_1_72' title="bbox 1829 2761 3404 2840">
    <p class='ocr_par' dir='ltr' id='par_1_72' title="bbox 1829 2761 3404 2840">
     <span class='ocr_line' id='line_1_72' title="bbox 1829 2761 3404 2840; baseline -0.008 -16"><span class='ocrx_word' id='word_1_498' title='bbox 1829 2789 1909 2825; x_wconf 86' lang='lat' dir='ltr'><strong>me</strong></span> <span class='ocrx_word' id='word_1_499' title='bbox 1966 2768 2304 2840; x_wconf 83' lang='lat' dir='ltr'><strong>gluri/icabit.</strong></span> <span class='ocrx_word' id='word_1_500' title='bbox 2335 2766 2578 2833; x_wconf 68' lang='lat' dir='ltr'><strong>subiicit,</strong></span> <span class='ocrx_word' id='word_1_501' title='bbox 2606 2776 2654 2817; x_wconf 86' lang='lat' dir='ltr'><strong>et</strong></span> <span class='ocrx_word' id='word_1_502' title='bbox 2712 2764 2774 2817; x_wconf 84' lang='lat' dir='ltr'><strong>de</strong></span> <span class='ocrx_word' id='word_1_503' title='bbox 2806 2780 2915 2816; x_wconf 87' lang='lat' dir='ltr'><strong>meo</strong></span> <span class='ocrx_word' id='word_1_504' title='bbox 2948 2764 3191 2830; x_wconf 77' lang='lat' dir='ltr'><strong>accipiet.</strong></span> <span class='ocrx_word' id='word_1_505' title='bbox 3252 2761 3404 2826; x_wconf 89' lang='lat' dir='ltr'><strong>Quo-</strong></span> 
     </span>
    </p>
   </div>
   <div class='ocr_carea' id='block_1_73' title="bbox 1830 2853 3403 2927">
    <p class='ocr_par' dir='ltr' id='par_1_73' title="bbox 1830 2853 3403 2927">
     <span class='ocr_line' id='line_1_73' title="bbox 1830 2853 3403 2927; baseline -0.008 -10"><span class='ocrx_word' id='word_1_506' title='bbox 1830 2864 1992 2917; x_wconf 87' lang='lat' dir='ltr'><strong>modo</strong></span> <span class='ocrx_word' id='word_1_507' title='bbox 2025 2871 2202 2914; x_wconf 85' lang='lat' dir='ltr'><strong>antem</strong></span> <span class='ocrx_word' id='word_1_508' title='bbox 2260 2859 2613 2927; x_wconf 78' lang='lat' dir='ltr'><strong>intelligetur,</strong></span> <span class='ocrx_word' id='word_1_509' title='bbox 2646 2856 2744 2908; x_wconf 84' lang='lat' dir='ltr'><strong>Ille</strong></span> <span class='ocrx_word' id='word_1_510' title='bbox 2804 2873 2881 2908; x_wconf 86' lang='lat' dir='ltr'><strong>me</strong></span> <span class='ocrx_word' id='word_1_511' title='bbox 2941 2855 3260 2924; x_wconf 84' lang='lat' dir='ltr'><strong>gloriﬁcabit</strong></span> <span class='ocrx_word' id='word_1_512' title='bbox 3288 2854 3314 2906; x_wconf 68' lang='lat'><strong>.9</strong></span> <span class='ocrx_word' id='word_1_513' title='bbox 3350 2853 3403 2905; x_wconf 91' lang='lat' dir='ltr'><strong>Id</strong></span> 
     </span>
    </p>
   </div>
   <div class='ocr_carea' id='block_1_74' title="bbox 1828 2945 3175 3015">
    <p class='ocr_par' dir='ltr' id='par_1_74' title="bbox 1828 2945 3175 3015">
     <span class='ocr_line' id='line_1_74' title="bbox 1828 2945 3175 3015; baseline -0.007 -8"><span class='ocrx_word' id='word_1_514' title='bbox 1828 2962 1931 3015; x_wconf 86' lang='lat' dir='ltr'><strong>est,</strong></span> <span class='ocrx_word' id='word_1_515' title='bbox 1957 2952 2011 3005; x_wconf 86' lang='grc' dir='ltr'><strong>ιιι</strong></span> <span class='ocrx_word' id='word_1_516' title='bbox 2044 2951 2261 3003; x_wconf 89' lang='lat' dir='ltr'><strong>nomine</strong></span> <span class='ocrx_word' id='word_1_517' title='bbox 2285 2964 2405 3002; x_wconf 86' lang='lat' dir='ltr'><strong>meo</strong></span> <span class='ocrx_word' id='word_1_518' title='bbox 2431 2947 2581 3000; x_wconf 87' lang='lat' dir='ltr'><strong>dabit</strong></span> <span class='ocrx_word' id='word_1_519' title='bbox 2618 2945 2772 3000; x_wconf 80' lang='lat' dir='ltr'><strong>vobis</strong></span> <span class='ocrx_word' id='word_1_520' title='bbox 2807 2945 3175 3013; x_wconf 85' lang='lat' dir='ltr'><strong>operatioues.</strong></span> 
     </span>
    </p>
   </div>
   <div class='ocr_carea' id='block_1_75' title="bbox 1898 3125 3404 3199">
    <p class='ocr_par' dir='ltr' id='par_1_75' title="bbox 1898 3125 3404 3199">
     <span class='ocr_line' id='line_1_75' title="bbox 1898 3125 3404 3199; baseline -0.007 -12"><span class='ocrx_word' id='word_1_521' title='bbox 1898 3133 2060 3187; x_wconf 71' lang='lat' dir='ltr'><strong>Vens.</strong></span> <span class='ocrx_word' id='word_1_522' title='bbox 2091 3132 2181 3185; x_wconf 74' lang='lat'><strong>25.</strong></span> <span class='ocrx_word' id='word_1_523' title='bbox 2212 3130 2283 3185; x_wconf 86' lang='lat' dir='ltr'><strong>De</strong></span> <span class='ocrx_word' id='word_1_524' title='bbox 2314 3146 2419 3199; x_wconf 89' lang='lat' dir='ltr'><strong>qua</strong></span> <span class='ocrx_word' id='word_1_525' title='bbox 2445 3130 2573 3182; x_wconf 81' lang='lat' dir='ltr'><strong>liora</strong></span> <span class='ocrx_word' id='word_1_526' title='bbox 2606 3127 2740 3181; x_wconf 89' lang='lat' dir='ltr'><strong>dicit</strong></span> <span class='ocrx_word' id='word_1_527' title='bbox 2766 3144 2779 3181; x_wconf 93' lang='lat'>:</span> <span class='ocrx_word' id='word_1_528' title='bbox 2819 3126 2961 3179; x_wconf 84' lang='lat' dir='ltr'><strong>Venit</strong></span> <span class='ocrx_word' id='word_1_529' title='bbox 2988 3127 3116 3177; x_wconf 82' lang='lat' dir='ltr'><strong>hora</strong></span> <span class='ocrx_word' id='word_1_530' title='bbox 3143 3141 3257 3177; x_wconf 87' lang='lat' dir='ltr'><strong>cum</strong></span> <span class='ocrx_word' id='word_1_531' title='bbox 3287 3125 3404 3193; x_wconf 87' lang='lat' dir='ltr'><strong>jam</strong></span> 
     </span>
    </p>
   </div>
   <div class='ocr_carea' id='block_1_76' title="bbox 1827 3215 3404 3293">
    <p class='ocr_par' dir='ltr' id='par_1_76' title="bbox 1827 3215 3404 3293">
     <span class='ocr_line' id='line_1_76' title="bbox 1827 3215 3404 3293; baseline -0.006 -14"><span class='ocrx_word' id='word_1_532' title='bbox 1827 3243 1930 3279; x_wconf 89' lang='lat' dir='ltr'><strong>non</strong></span> <span class='ocrx_word' id='word_1_533' title='bbox 1971 3227 2024 3281; x_wconf 90' lang='lat' dir='ltr'><strong>in</strong></span> <span class='ocrx_word' id='word_1_534' title='bbox 2079 3221 2363 3293; x_wconf 80' lang='lat' dir='ltr'><strong>proverbiis</strong></span> <span class='ocrx_word' id='word_1_535' title='bbox 2412 3220 2600 3288; x_wconf 87' lang='lat' dir='ltr'><strong>loquar</strong></span> <span class='ocrx_word' id='word_1_536' title='bbox 2632 3218 2819 3272; x_wconf 84' lang='lat' dir='ltr'><strong>vobis?</strong></span> <span class='ocrx_word' id='word_1_537' title='bbox 2868 3215 2941 3270; x_wconf 80' lang='lat' dir='ltr'><strong>De</strong></span> <span class='ocrx_word' id='word_1_538' title='bbox 2994 3226 3234 3285; x_wconf 86' lang='lat' dir='ltr'><strong>tempore</strong></span> <span class='ocrx_word' id='word_1_539' title='bbox 3291 3231 3404 3269; x_wconf 70' lang='lat' dir='ltr'><strong>suae</strong></span> 
     </span>
    </p>
   </div>
   <div class='ocr_carea' id='block_1_77' title="bbox 1827 3309 3401 3379">
    <p class='ocr_par' dir='ltr' id='par_1_77' title="bbox 1827 3309 3401 3379">
     <span class='ocr_line' id='line_1_77' title="bbox 1827 3309 3401 3379; baseline -0.006 -7"><span class='ocrx_word' id='word_1_540' title='bbox 1827 3316 2245 3373; x_wconf 83' lang='lat' dir='ltr'><strong>resurrectionis</strong></span> <span class='ocrx_word' id='word_1_541' title='bbox 2297 3312 2692 3379; x_wconf 79' lang='lat' dir='ltr'><strong>dicit;etenim</strong></span> <span class='ocrx_word' id='word_1_542' title='bbox 2751 3310 2807 3364; x_wconf 86' lang='lat' dir='ltr'><strong>in</strong></span> <span class='ocrx_word' id='word_1_543' title='bbox 2860 3310 2975 3363; x_wconf 85' lang='lat' dir='ltr'><strong>dies</strong></span> <span class='ocrx_word' id='word_1_544' title='bbox 3031 3309 3220 3362; x_wconf 87' lang='lat' dir='ltr'><strong>aderat</strong></span> <span class='ocrx_word' id='word_1_545' title='bbox 3275 3324 3401 3362; x_wconf 86' lang='lat' dir='ltr'><strong>cum</strong></span> 
     </span>
    </p>
   </div>
   <div class='ocr_carea' id='block_1_78' title="bbox 1826 3408 2295 3475">
    <p class='ocr_par' dir='ltr' id='par_1_78' title="bbox 1826 3408 2295 3475">
     <span class='ocr_line' id='line_1_78' title="bbox 1826 3408 2295 3475; baseline -0.011 -12"><span class='ocrx_word' id='word_1_546' title='bbox 1826 3408 1932 3463; x_wconf 87' lang='lat' dir='ltr'><strong>illis</strong></span> <span class='ocrx_word' id='word_1_547' title='bbox 1960 3408 2295 3475; x_wconf 81' lang='lat' dir='ltr'><strong>colloquens.</strong></span> 
     </span>
    </p>
   </div>
   <div class='ocr_carea' id='block_1_79' title="bbox 1898 3492 3404 3562">
    <p class='ocr_par' dir='ltr' id='par_1_79' title="bbox 1898 3492 3404 3562">
     <span class='ocr_line' id='line_1_79' title="bbox 1898 3492 3404 3562; baseline -0.006 -11"><span class='ocrx_word' id='word_1_548' title='bbox 1898 3498 2063 3552; x_wconf 72' lang='lat' dir='ltr'><strong>Vsus.</strong></span> <span class='ocrx_word' id='word_1_549' title='bbox 2093 3500 2181 3553; x_wconf 76' lang='lat'><strong>3&#39;5.</strong></span> <span class='ocrx_word' id='word_1_550' title='bbox 2219 3497 2357 3562; x_wconf 83' lang='lat' dir='ltr'><strong>Quid</strong></span> <span class='ocrx_word' id='word_1_551' title='bbox 2385 3505 2465 3550; x_wconf 90' lang='lat' dir='ltr'><strong>est</strong></span> <span class='ocrx_word' id='word_1_552' title='bbox 2498 3514 2508 3547; x_wconf 95' lang='lat'>:</span> <span class='ocrx_word' id='word_1_553' title='bbox 2546 3494 2672 3547; x_wconf 68' lang='lat' dir='ltr'><strong>Ilaec</strong></span> <span class='ocrx_word' id='word_1_554' title='bbox 2698 3494 2902 3546; x_wconf 87' lang='lat' dir='ltr'><strong>locutus</strong></span> <span class='ocrx_word' id='word_1_555' title='bbox 2934 3509 3048 3545; x_wconf 86' lang='lat' dir='ltr'><strong>sum</strong></span> <span class='ocrx_word' id='word_1_556' title='bbox 3083 3492 3222 3545; x_wconf 76' lang='lat' dir='ltr'><strong>vobis</strong></span> <span class='ocrx_word' id='word_1_557' title='bbox 3266 3500 3319 3542; x_wconf 86' lang='lat' dir='ltr'><strong>ut</strong></span> <span class='ocrx_word' id='word_1_558' title='bbox 3353 3492 3404 3543; x_wconf 86' lang='lat' dir='ltr'><strong>in</strong></span> 
     </span>
    </p>
   </div>
   <div class='ocr_carea' id='block_1_80' title="bbox 1826 3585 3405 3659">
    <p class='ocr_par' dir='ltr' id='par_1_80' title="bbox 1826 3585 3405 3659">
     <span class='ocr_line' id='line_1_80' title="bbox 1826 3585 3405 3659; baseline -0.003 -16"><span class='ocrx_word' id='word_1_559' title='bbox 1826 3608 1904 3644; x_wconf 86' lang='lat' dir='ltr'><strong>me</strong></span> <span class='ocrx_word' id='word_1_560' title='bbox 1942 3607 2120 3659; x_wconf 82' lang='lat' dir='ltr'><strong>pacem</strong></span> <span class='ocrx_word' id='word_1_561' title='bbox 2141 3591 2411 3643; x_wconf 81' lang='lat' dir='ltr'><strong>habeatis?</strong></span> <span class='ocrx_word' id='word_1_562' title='bbox 2444 3590 2498 3642; x_wconf 90' lang='lat' dir='ltr'><strong>ld</strong></span> <span class='ocrx_word' id='word_1_563' title='bbox 2529 3600 2634 3653; x_wconf 84' lang='lat' dir='ltr'><strong>est,</strong></span> <span class='ocrx_word' id='word_1_564' title='bbox 2655 3588 2741 3641; x_wconf 79' lang='lat' dir='ltr'><strong>Me</strong></span> <span class='ocrx_word' id='word_1_565' title='bbox 2773 3602 2878 3639; x_wconf 90' lang='lat' dir='ltr'><strong>non</strong></span> <span class='ocrx_word' id='word_1_566' title='bbox 2914 3585 3147 3655; x_wconf 54' lang='lat' dir='ltr'><strong>(‘jieiatis</strong></span> <span class='ocrx_word' id='word_1_567' title='bbox 3171 3600 3199 3637; x_wconf 90' lang='lat' dir='ltr'><strong>c</strong></span> <span class='ocrx_word' id='word_1_568' title='bbox 3225 3596 3405 3638; x_wconf 83' lang='lat' dir='ltr'><strong>mente</strong></span> 
     </span>
    </p>
   </div>
   <div class='ocr_carea' id='block_1_81' title="bbox 1823 3695 2031 3742">
    <p class='ocr_par' dir='ltr' id='par_1_81' title="bbox 1823 3695 2031 3742">
     <span class='ocr_line' id='line_1_81' title="bbox 1823 3695 2031 3742; baseline -0.01 -5"><span class='ocrx_word' id='word_1_569' title='bbox 1823 3695 2031 3742; x_wconf 74' lang='lat' dir='ltr'><strong>vestra.</strong></span> 
     </span>
    </p>
   </div>
   <div class='ocr_carea' id='block_1_82' title="bbox 2399 3783 2833 3842">
    <p class='ocr_par' dir='ltr' id='par_1_82' title="bbox 2399 3783 2833 3842">
     <span class='ocr_line' id='line_1_82' title="bbox 2399 3783 2833 3842; baseline -0.012 0"><span class='ocrx_word' id='word_1_570' title='bbox 2399 3786 2629 3842; x_wconf 76' lang='lat' dir='ltr'><strong>CAPUT</strong></span> <span class='ocrx_word' id='word_1_571' title='bbox 2670 3783 2833 3838; x_wconf 70' lang='lat' dir='ltr'><strong>XVll.</strong></span> 
     </span>
    </p>
   </div>
   <div class='ocr_carea' id='block_1_83' title="bbox 1896 3897 3402 3969">
    <p class='ocr_par' dir='ltr' id='par_1_83' title="bbox 1896 3897 3402 3969">
     <span class='ocr_line' id='line_1_83' title="bbox 1896 3897 3402 3969; baseline -0.003 -13"><span class='ocrx_word' id='word_1_572' title='bbox 1896 3903 2061 3956; x_wconf 76' lang='lat' dir='ltr'><strong>Vens.</strong></span> <span class='ocrx_word' id='word_1_573' title='bbox 2097 3902 2146 3957; x_wconf 81' lang='lat' dir='ltr'><strong>i.</strong></span> <span class='ocrx_word' id='word_1_574' title='bbox 2182 3901 2290 3956; x_wconf 87' lang='lat' dir='ltr'><strong>Cur</strong></span> <span class='ocrx_word' id='word_1_575' title='bbox 2329 3902 2464 3955; x_wconf 89' lang='lat' dir='ltr'><strong>alias</strong></span> <span class='ocrx_word' id='word_1_576' title='bbox 2507 3915 2683 3969; x_wconf 81' lang='lat' dir='ltr'><strong>genua</strong></span> <span class='ocrx_word' id='word_1_577' title='bbox 2730 3897 2896 3951; x_wconf 82' lang='lat' dir='ltr'><strong>ﬂectit</strong></span> <span class='ocrx_word' id='word_1_578' title='bbox 2952 3907 3006 3951; x_wconf 90' lang='lat' dir='ltr'><strong>ct</strong></span> <span class='ocrx_word' id='word_1_579' title='bbox 3060 3899 3220 3951; x_wconf 79' lang='lat' dir='ltr'><strong>orat?</strong></span> <span class='ocrx_word' id='word_1_580' title='bbox 3266 3897 3402 3963; x_wconf 83' lang='lat' dir='ltr'><strong>Quia</strong></span> 
     </span>
    </p>
   </div>
   <div class='ocr_carea' id='block_1_84' title="bbox 1824 3990 3398 4054">
    <p class='ocr_par' dir='ltr' id='par_1_84' title="bbox 1824 3990 3398 4054">
     <span class='ocr_line' id='line_1_84' title="bbox 1824 3990 3398 4054; baseline -0.004 -6"><span class='ocrx_word' id='word_1_581' title='bbox 1824 3996 2080 4050; x_wconf 75' lang='lat' dir='ltr'><strong>virtutem</strong></span> <span class='ocrx_word' id='word_1_582' title='bbox 2142 3993 2594 4047; x_wconf 80' lang='lat' dir='ltr'><strong>manifestaturus</strong></span> <span class='ocrx_word' id='word_1_583' title='bbox 2648 3991 2813 4054; x_wconf 73' lang='lat' dir='ltr'><strong>venit,</strong></span> <span class='ocrx_word' id='word_1_584' title='bbox 2848 4006 2955 4042; x_wconf 87' lang='lat' dir='ltr'><strong>non</strong></span> <span class='ocrx_word' id='word_1_585' title='bbox 3017 3992 3192 4043; x_wconf 83' lang='lat' dir='ltr'><strong>solum</strong></span> <span class='ocrx_word' id='word_1_586' title='bbox 3259 3990 3398 4042; x_wconf 82' lang='lat' dir='ltr'><strong>divi-</strong></span> 
     </span>
    </p>
   </div>
   <div class='ocr_carea' id='block_1_85' title="bbox 1824 4080 3403 4147">
    <p class='ocr_par' dir='ltr' id='par_1_85' title="bbox 1824 4080 3403 4147">
     <span class='ocr_line' id='line_1_85' title="bbox 1824 4080 3403 4147; baseline -0.003 -7"><span class='ocrx_word' id='word_1_587' title='bbox 1824 4089 2050 4140; x_wconf 82' lang='lat' dir='ltr'><strong>nitatem</strong></span> <span class='ocrx_word' id='word_1_588' title='bbox 2082 4102 2236 4139; x_wconf 82' lang='lat' dir='ltr'><strong>suam</strong></span> <span class='ocrx_word' id='word_1_589' title='bbox 2260 4080 2589 4147; x_wconf 53' lang='lat' dir='ltr'><strong>{docentem</strong></span> <span class='ocrx_word' id='word_1_590' title='bbox 2615 4093 2823 4147; x_wconf 88' lang='lat' dir='ltr'><strong>autem,</strong></span> <span class='ocrx_word' id='word_1_591' title='bbox 2852 4098 2959 4136; x_wconf 91' lang='lat' dir='ltr'><strong>non</strong></span> <span class='ocrx_word' id='word_1_592' title='bbox 2995 4084 3169 4137; x_wconf 90' lang='lat' dir='ltr'><strong>solum</strong></span> <span class='ocrx_word' id='word_1_593' title='bbox 3205 4082 3403 4145; x_wconf 84' lang='lat' dir='ltr'><strong>verbis,</strong></span> 
     </span>
    </p>
   </div>
   <div class='ocr_carea' id='block_1_86' title="bbox 1824 4170 3406 4240">
    <p class='ocr_par' dir='ltr' id='par_1_86' title="bbox 1824 4170 3406 4240">
     <span class='ocr_line' id='line_1_86' title="bbox 1824 4170 3406 4240; baseline -0.004 -12"><span class='ocrx_word' id='word_1_594' title='bbox 1824 4177 1920 4229; x_wconf 81' lang='lat' dir='ltr'><strong>sed</strong></span> <span class='ocrx_word' id='word_1_595' title='bbox 1969 4184 2023 4227; x_wconf 88' lang='lat' dir='ltr'><strong>et</strong></span> <span class='ocrx_word' id='word_1_596' title='bbox 2058 4174 2270 4227; x_wconf 86' lang='lat' dir='ltr'><strong>actibus</strong></span> <span class='ocrx_word' id='word_1_597' title='bbox 2323 4182 2538 4240; x_wconf 86' lang='lat' dir='ltr'><strong>oportet</strong></span> <span class='ocrx_word' id='word_1_598' title='bbox 2596 4173 2814 4224; x_wconf 84' lang='lat' dir='ltr'><strong>docere.</strong></span> <span class='ocrx_word' id='word_1_599' title='bbox 2864 4170 3164 4223; x_wconf 69' lang='lat' dir='ltr'><strong>Ostentlcre</strong></span> <span class='ocrx_word' id='word_1_600' title='bbox 3222 4171 3406 4223; x_wconf 82' lang='lat' dir='ltr'><strong>volens</strong></span> 
     </span>
    </p>
   </div>
   <div class='ocr_carea' id='block_1_87' title="bbox 1821 4260 3403 4331">
    <p class='ocr_par' dir='ltr' id='par_1_87' title="bbox 1821 4260 3403 4331">
     <span class='ocr_line' id='line_1_87' title="bbox 1821 4260 3403 4331; baseline -0.003 -15"><span class='ocrx_word' id='word_1_601' title='bbox 1821 4265 1963 4331; x_wconf 89' lang='lat' dir='ltr'><strong>quod</strong></span> <span class='ocrx_word' id='word_1_602' title='bbox 2020 4278 2123 4314; x_wconf 92' lang='lat' dir='ltr'><strong>non</strong></span> <span class='ocrx_word' id='word_1_603' title='bbox 2181 4263 2382 4314; x_wconf 88' lang='lat' dir='ltr'><strong>invitus</strong></span> <span class='ocrx_word' id='word_1_604' title='bbox 2438 4262 2504 4313; x_wconf 88' lang='lat' dir='ltr'><strong>ad</strong></span> <span class='ocrx_word' id='word_1_605' title='bbox 2558 4261 2868 4326; x_wconf 81' lang='lat' dir='ltr'><strong>passionem</strong></span> <span class='ocrx_word' id='word_1_606' title='bbox 2927 4262 3173 4328; x_wconf 72' lang='lat' dir='ltr'><strong>graditur</strong></span> <span class='ocrx_word' id='word_1_607' title='bbox 3225 4260 3403 4311; x_wconf 85' lang='lat' dir='ltr'><strong>dicit:</strong></span> 
     </span>
    </p>
   </div>
   <div class='ocr_carea' id='block_1_88' title="bbox 1824 4346 3407 4417">
    <p class='ocr_par' dir='ltr' id='par_1_88' title="bbox 1824 4346 3407 4417">
     <span class='ocr_line' id='line_1_88' title="bbox 1824 4346 3407 4417; baseline -0.004 -12"><span class='ocrx_word' id='word_1_608' title='bbox 1824 4353 2006 4417; x_wconf 83' lang='lat' dir='ltr'><strong>Pater,</strong></span> <span class='ocrx_word' id='word_1_609' title='bbox 2033 4353 2169 4404; x_wconf 86' lang='lat' dir='ltr'><strong>venit</strong></span> <span class='ocrx_word' id='word_1_610' title='bbox 2210 4352 2360 4409; x_wconf 76' lang='lat' dir='ltr'><strong>liora,</strong></span> <span class='ocrx_word' id='word_1_611' title='bbox 2394 4350 2633 4417; x_wconf 82' lang='lat' dir='ltr'><strong>glori/ica</strong></span> <span class='ocrx_word' id='word_1_612' title='bbox 2677 4346 2879 4399; x_wconf 81' lang='lat' dir='ltr'><strong>Filium</strong></span> <span class='ocrx_word' id='word_1_613' title='bbox 2916 4360 3085 4408; x_wconf 87' lang='lat' dir='ltr'><strong>tuum,</strong></span> <span class='ocrx_word' id='word_1_614' title='bbox 3118 4357 3247 4408; x_wconf 86' lang='lat' dir='ltr'><strong>etc..</strong></span> <span class='ocrx_word' id='word_1_615' title='bbox 3280 4363 3407 4401; x_wconf 84' lang='lat' dir='ltr'><strong>ecce</strong></span> 
     </span>
    </p>
   </div>
   <div class='ocr_carea' id='block_1_89' title="bbox 144 4436 1723 4511">
    <p class='ocr_par' dir='ltr' id='par_1_89' title="bbox 144 4438 1718 4511">
     <span class='ocr_line' id='line_1_89' title="bbox 144 4438 1718 4511; baseline -0.002 -15"><span class='ocrx_word' id='word_1_616' title='bbox 144 4445 243 4497; x_wconf 74' lang='grc' dir='ltr'><strong>καὶ</strong></span> <span class='ocrx_word' id='word_1_617' title='bbox 274 4444 341 4496; x_wconf 72' lang='grc' dir='ltr'><strong>τὰ</strong></span> <span class='ocrx_word' id='word_1_618' title='bbox 375 4443 523 4511; x_wconf 80' lang='grc' dir='ltr'><strong>ἑξῆς.</strong></span> <span class='ocrx_word' id='word_1_619' title='bbox 565 4442 696 4494; x_wconf 83' lang='grc' dir='ltr'><strong>Ἰδοὺ</strong></span> <span class='ocrx_word' id='word_1_620' title='bbox 748 4441 857 4509; x_wconf 80' lang='grc' dir='ltr'><strong>γὰρ</strong></span> <span class='ocrx_word' id='word_1_621' title='bbox 882 4439 1101 4509; x_wconf 74' lang='grc' dir='ltr'><strong>εὔχεται</strong></span> <span class='ocrx_word' id='word_1_622' title='bbox 1140 4438 1296 4493; x_wconf 77' lang='grc' dir='ltr'><strong>τοῦτο</strong></span> <span class='ocrx_word' id='word_1_623' title='bbox 1324 4440 1599 4508; x_wconf 82' lang='grc' dir='ltr'><strong>γενέσθαι,</strong></span> <span class='ocrx_word' id='word_1_624' title='bbox 1623 4442 1718 4494; x_wconf 80' lang='grc' dir='ltr'><strong>καὶ</strong></span> 
     </span>
    </p>
   </div>
   <div class='ocr_carea' id='block_1_90' title="bbox 1843 4436 3292 4511">
    <p class='ocr_par' dir='ltr' id='par_1_90' title="bbox 1843 4436 3292 4506">
     <span class='ocr_line' id='line_1_90' title="bbox 1843 4436 3292 4506; baseline -0.006 -9"><span class='ocrx_word' id='word_1_625' title='bbox 1843 4444 1967 4497; x_wconf 64' lang='lat' dir='ltr'><strong>anim</strong></span> <span class='ocrx_word' id='word_1_626' title='bbox 1995 4450 2116 4496; x_wconf 84' lang='lat' dir='ltr'><strong>orat</strong></span> <span class='ocrx_word' id='word_1_627' title='bbox 2144 4441 2246 4495; x_wconf 85' lang='lat' dir='ltr'><strong>hoe</strong></span> <span class='ocrx_word' id='word_1_628' title='bbox 2278 4439 2414 4502; x_wconf 88' lang='lat' dir='ltr'><strong>lieri,</strong></span> <span class='ocrx_word' id='word_1_629' title='bbox 2446 4447 2499 4491; x_wconf 90' lang='lat' dir='ltr'><strong>et</strong></span> <span class='ocrx_word' id='word_1_630' title='bbox 2533 4439 2761 4506; x_wconf 82' lang='lat' dir='ltr'><strong>gloriam</strong></span> <span class='ocrx_word' id='word_1_631' title='bbox 2797 4436 2939 4489; x_wconf 83' lang='lat' dir='ltr'><strong>hanc</strong></span> <span class='ocrx_word' id='word_1_632' title='bbox 2966 4452 3078 4490; x_wconf 89' lang='lat' dir='ltr'><strong>rem</strong></span> <span class='ocrx_word' id='word_1_633' title='bbox 3115 4447 3292 4489; x_wconf 87' lang='lat' dir='ltr'><strong>vocat.</strong></span> 
     </span>
    </p>
   </div>
   <div class='ocr_carea' id='block_1_91' title="bbox 142 4532 867 4600">
    <p class='ocr_par' dir='ltr' id='par_1_91' title="bbox 142 4532 867 4600">
     <span class='ocr_line' id='line_1_91' title="bbox 142 4532 867 4600; baseline -0.006 -15"><span class='ocrx_word' id='word_1_634' title='bbox 142 4532 306 4598; x_wconf 79' lang='grc' dir='ltr'><strong>δόξαν</strong></span> <span class='ocrx_word' id='word_1_635' title='bbox 334 4532 395 4584; x_wconf 83' lang='grc' dir='ltr'><strong>τδ</strong></span> <span class='ocrx_word' id='word_1_636' title='bbox 427 4533 665 4600; x_wconf 78' lang='grc' dir='ltr'><strong>πρᾶγμα</strong></span> <span class='ocrx_word' id='word_1_637' title='bbox 688 4532 867 4582; x_wconf 79' lang='grc' dir='ltr'><strong>καλεῖ.</strong></span> 
     </span>
    </p>
   </div>
   <div class='ocr_carea' id='block_1_92' title="bbox 219 4620 1716 4689">
    <p class='ocr_par' dir='ltr' id='par_1_92' title="bbox 219 4620 1716 4689">
     <span class='ocr_line' id='line_1_92' title="bbox 219 4620 1716 4689; baseline 0 -14"><span class='ocrx_word' id='word_1_638' title='bbox 219 4623 347 4675; x_wconf 85' lang='grc' dir='ltr'><em>Ἵνα</em></span> <span class='ocrx_word' id='word_1_639' title='bbox 388 4621 727 4689; x_wconf 74' lang='grc' dir='ltr'><strong>γινώσκωσι</strong></span> <span class='ocrx_word' id='word_1_640' title='bbox 764 4636 836 4673; x_wconf 84' lang='grc' dir='ltr'><strong>σε</strong></span> <span class='ocrx_word' id='word_1_641' title='bbox 874 4621 981 4672; x_wconf 84' lang='grc' dir='ltr'><strong>τὸν</strong></span> <span class='ocrx_word' id='word_1_642' title='bbox 1005 4622 1197 4688; x_wconf 83' lang='grc' dir='ltr'><em>μόνον</em></span> <span class='ocrx_word' id='word_1_643' title='bbox 1229 4620 1521 4687; x_wconf 79' lang='grc' dir='ltr'><strong>ἀληθινὸν</strong></span> <span class='ocrx_word' id='word_1_644' title='bbox 1550 4620 1716 4675; x_wconf 68' lang='lat' dir='ltr'><strong>Geor.</strong></span> 
     </span>
    </p>
   </div>
   <div class='ocr_carea' id='block_1_93' title="bbox 146 4708 1717 4778">
    <p class='ocr_par' dir='ltr' id='par_1_93' title="bbox 146 4708 1717 4778">
     <span class='ocr_line' id='line_1_93' title="bbox 146 4708 1717 4778; baseline -0.002 -15"><span class='ocrx_word' id='word_1_645' title='bbox 146 4711 294 4778; x_wconf 76' lang='grc' dir='ltr'><strong>Πρὸς</strong></span> <span class='ocrx_word' id='word_1_646' title='bbox 324 4709 731 4778; x_wconf 72' lang='grc' dir='ltr'><strong>ἀντιδιαστολὴν</strong></span> <span class='ocrx_word' id='word_1_647' title='bbox 764 4710 872 4761; x_wconf 83' lang='grc' dir='ltr'><strong>τῶν</strong></span> <span class='ocrx_word' id='word_1_648' title='bbox 898 4714 996 4761; x_wconf 74' lang='grc' dir='ltr'><strong>οὐκ</strong></span> <span class='ocrx_word' id='word_1_649' title='bbox 1024 4708 1225 4771; x_wconf 79' lang='grc' dir='ltr'><strong>ὄντων,</strong></span> <span class='ocrx_word' id='word_1_650' title='bbox 1257 4708 1380 4776; x_wconf 72' lang='grc' dir='ltr'>οὐχὶ</span> <span class='ocrx_word' id='word_1_651' title='bbox 1421 4708 1555 4778; x_wconf 83' lang='grc' dir='ltr'><strong>πρὸς</strong></span> <span class='ocrx_word' id='word_1_652' title='bbox 1586 4708 1717 4773; x_wconf 79' lang='grc' dir='ltr'><strong>σύγ-</strong></span> 
     </span>
    </p>
   </div>
   <div class='ocr_carea' id='block_1_94' title="bbox 146 4792 1721 4868">
    <p class='ocr_par' dir='ltr' id='par_1_94' title="bbox 146 4792 1721 4868">
     <span class='ocr_line' id='line_1_94' title="bbox 146 4792 1721 4868; baseline -0.001 -18"><span class='ocrx_word' id='word_1_653' title='bbox 146 4815 331 4867; x_wconf 82' lang='grc' dir='ltr'><strong>κρισιν</strong></span> <span class='ocrx_word' id='word_1_654' title='bbox 360 4800 453 4852; x_wconf 79' lang='grc' dir='ltr'><strong>τοῦ</strong></span> <span class='ocrx_word' id='word_1_655' title='bbox 484 4798 633 4853; x_wconf 80' lang='grc' dir='ltr'><strong>Υιοῦ.</strong></span> <span class='ocrx_word' id='word_1_656' title='bbox 664 4799 727 4851; x_wconf 80' lang='grc' dir='ltr'><strong>Τί</strong></span> <span class='ocrx_word' id='word_1_657' title='bbox 766 4795 890 4865; x_wconf 75' lang='grc' dir='ltr'><strong>οὖν,</strong></span> <span class='ocrx_word' id='word_1_658' title='bbox 924 4792 968 4851; x_wconf 80' lang='grc' dir='ltr'><strong>ὦ</strong></span> <span class='ocrx_word' id='word_1_659' title='bbox 1001 4800 1225 4868; x_wconf 63' lang='lat' dir='ltr'><strong>&quot;Aput;</strong></span> <span class='ocrx_word' id='word_1_660' title='bbox 1273 4800 1300 4851; x_wconf 93' lang='grc' dir='ltr'>ὁ</span> <span class='ocrx_word' id='word_1_661' title='bbox 1328 4800 1499 4866; x_wconf 85' lang='grc' dir='ltr'><strong>λέγων</strong></span> <span class='ocrx_word' id='word_1_662' title='bbox 1519 4840 1533 4862; x_wconf 94' lang='grc'><strong>,</strong></span> <span class='ocrx_word' id='word_1_663' title='bbox 1582 4798 1721 4867; x_wconf 77' lang='grc' dir='ltr'><strong>Ἐγώ</strong></span> 
     </span>
    </p>
   </div>
   <div class='ocr_carea' id='block_1_95' title="bbox 143 4888 1718 4958">
    <p class='ocr_par' dir='ltr' id='par_1_95' title="bbox 143 4888 1718 4958">
     <span class='ocr_line' id='line_1_95' title="bbox 143 4888 1718 4958; baseline -0.001 -15"><span class='ocrx_word' id='word_1_664' title='bbox 143 4892 264 4958; x_wconf 78' lang='grc' dir='ltr'><strong>ειμι</strong></span> <span class='ocrx_word' id='word_1_665' title='bbox 294 4890 330 4955; x_wconf 77' lang='grc' dir='ltr'>ἡ</span> <span class='ocrx_word' id='word_1_666' title='bbox 373 4890 645 4956; x_wconf 80' lang='grc' dir='ltr'><strong>ἀλήθεια,</strong></span> <span class='ocrx_word' id='word_1_667' title='bbox 681 4888 789 4957; x_wconf 79' lang='grc' dir='ltr'><strong>τῆς</strong></span> <span class='ocrx_word' id='word_1_668' title='bbox 820 4890 1106 4956; x_wconf 82' lang='grc' dir='ltr'><strong>ἀληθείας</strong></span> <span class='ocrx_word' id='word_1_669' title='bbox 1136 4889 1550 4951; x_wconf 73' lang='grc' dir='ltr'><strong>ἐκπέπτωκεν;</strong></span> <span class='ocrx_word' id='word_1_670' title='bbox 1580 4890 1718 4941; x_wconf 81' lang='grc' dir='ltr'><strong>υύκ-</strong></span> 
     </span>
    </p>
   </div>
   <div class='ocr_carea' id='block_1_96' title="bbox 142 4979 1717 5051">
    <p class='ocr_par' dir='ltr' id='par_1_96' title="bbox 142 4979 1717 5051">
     <span class='ocr_line' id='line_1_96' title="bbox 142 4979 1717 5051; baseline -0.001 -18"><span class='ocrx_word' id='word_1_671' title='bbox 142 4982 242 5034; x_wconf 82' lang='grc' dir='ltr'>οὖν</span> <span class='ocrx_word' id='word_1_672' title='bbox 284 4983 333 5033; x_wconf 86' lang='grc' dir='ltr'><strong>εἰ</strong></span> <span class='ocrx_word' id='word_1_673' title='bbox 368 4982 443 5051; x_wconf 81' lang='grc' dir='ltr'><strong>μὴ</strong></span> <span class='ocrx_word' id='word_1_674' title='bbox 481 4981 594 5035; x_wconf 82' lang='grc' dir='ltr'><strong>ἔστι</strong></span> <span class='ocrx_word' id='word_1_675' title='bbox 634 4981 767 5046; x_wconf 81' lang='grc' dir='ltr'><strong>Θεὸς</strong></span> <span class='ocrx_word' id='word_1_676' title='bbox 811 4982 1065 5051; x_wconf 74' lang='grc' dir='ltr'><strong>ἀληθινὸς</strong></span> <span class='ocrx_word' id='word_1_677' title='bbox 1109 4984 1136 5033; x_wconf 89' lang='grc' dir='ltr'>ὁ</span> <span class='ocrx_word' id='word_1_678' title='bbox 1168 4982 1317 5043; x_wconf 73' lang='grc' dir='ltr'><strong>Υἱὸς,</strong></span> <span class='ocrx_word' id='word_1_679' title='bbox 1346 4980 1468 5033; x_wconf 76' lang='grc' dir='ltr'>οὐδὲ</span> <span class='ocrx_word' id='word_1_680' title='bbox 1497 4980 1627 5041; x_wconf 80' lang='grc' dir='ltr'><strong>Θεὸς</strong></span> <span class='ocrx_word' id='word_1_681' title='bbox 1652 4979 1717 5032; x_wconf 82' lang='grc' dir='ltr'>ἂν</span> 
     </span>
    </p>
   </div>
   <div class='ocr_carea' id='block_1_97' title="bbox 148 5072 1723 5143">
    <p class='ocr_par' dir='ltr' id='par_1_97' title="bbox 148 5072 1723 5143">
     <span class='ocr_line' id='line_1_97' title="bbox 148 5072 1723 5143; baseline -0.001 -18"><span class='ocrx_word' id='word_1_682' title='bbox 148 5072 366 5125; x_wconf 83' lang='grc' dir='ltr'><strong>καλοῖτο</strong></span> <span class='ocrx_word' id='word_1_683' title='bbox 414 5074 665 5136; x_wconf 76' lang='grc' dir='ltr'><strong>δικαίως·</strong></span> <span class='ocrx_word' id='word_1_684' title='bbox 719 5074 778 5125; x_wconf 66' lang='grc' dir='ltr'><strong>τὸ</strong></span> <span class='ocrx_word' id='word_1_685' title='bbox 816 5075 925 5141; x_wconf 80' lang='grc' dir='ltr'><strong>γὰρ</strong></span> <span class='ocrx_word' id='word_1_686' title='bbox 975 5073 1049 5143; x_wconf 82' lang='grc' dir='ltr'><strong>μὴ</strong></span> <span class='ocrx_word' id='word_1_687' title='bbox 1096 5073 1154 5128; x_wconf 83' lang='grc' dir='ltr'><strong>ὃν</strong></span> <span class='ocrx_word' id='word_1_688' title='bbox 1201 5073 1448 5142; x_wconf 74' lang='grc' dir='ltr'><strong>ἀληθῶς,</strong></span> <span class='ocrx_word' id='word_1_689' title='bbox 1484 5072 1601 5134; x_wconf 77' lang='grc' dir='ltr'><strong>πῶς</strong></span> <span class='ocrx_word' id='word_1_690' title='bbox 1654 5072 1723 5124; x_wconf 84' lang='grc' dir='ltr'><strong>ἂν</strong></span> 
     </span>
    </p>
   </div>
   <div class='ocr_carea' id='block_1_98' title="bbox 142 5163 1715 5235">
    <p class='ocr_par' dir='ltr' id='par_1_98' title="bbox 142 5163 1715 5235">
     <span class='ocr_line' id='line_1_98' title="bbox 142 5163 1715 5235; baseline -0.002 -17"><span class='ocrx_word' id='word_1_691' title='bbox 142 5164 371 5235; x_wconf 79' lang='grc' dir='ltr'><strong>κληθείη</strong></span> <span class='ocrx_word' id='word_1_692' title='bbox 400 5165 562 5231; x_wconf 81' lang='grc' dir='ltr'><strong>Θεὸς;</strong></span> <span class='ocrx_word' id='word_1_693' title='bbox 594 5166 659 5217; x_wconf 83' lang='grc' dir='ltr'><strong>Τί</strong></span> <span class='ocrx_word' id='word_1_694' title='bbox 681 5164 773 5221; x_wconf 73' lang='grc' dir='ltr'>οὖν</span> <span class='ocrx_word' id='word_1_695' title='bbox 804 5166 1018 5234; x_wconf 76' lang='grc' dir='ltr'><strong>ἐκείνην</strong></span> <span class='ocrx_word' id='word_1_696' title='bbox 1054 5167 1353 5235; x_wconf 77' lang='grc' dir='ltr'><strong>ποιήσομεν</strong></span> <span class='ocrx_word' id='word_1_697' title='bbox 1380 5165 1479 5233; x_wconf 83' lang='grc' dir='ltr'><strong>τὴν</strong></span> <span class='ocrx_word' id='word_1_698' title='bbox 1510 5163 1715 5234; x_wconf 78' lang='grc' dir='ltr'><strong>φωνὴν,</strong></span> 
     </span>
    </p>
   </div>
   <div class='ocr_carea' id='block_1_99' title="bbox 138 5251 1723 5324">
    <p class='ocr_par' dir='ltr' id='par_1_99' title="bbox 138 5251 1723 5324">
     <span class='ocr_line' id='line_1_99' title="bbox 138 5251 1723 5324; baseline -0.002 -15"><span class='ocrx_word' id='word_1_699' title='bbox 138 5256 225 5317; x_wconf 78' lang='grc' dir='ltr'><strong>τὸ,</strong></span> <span class='ocrx_word' id='word_1_700' title='bbox 263 5255 360 5307; x_wconf 82' lang='grc' dir='ltr'><strong>Ἐν</strong></span> <span class='ocrx_word' id='word_1_701' title='bbox 378 5254 534 5323; x_wconf 78' lang='grc' dir='ltr'><strong><em>ἀρχῇ</em></strong></span> <span class='ocrx_word' id='word_1_702' title='bbox 562 5251 640 5324; x_wconf 83' lang='grc' dir='ltr'><strong>ἦν</strong></span> <span class='ocrx_word' id='word_1_703' title='bbox 663 5258 696 5309; x_wconf 84' lang='grc' dir='ltr'><em>ὁ</em></span> <span class='ocrx_word' id='word_1_704' title='bbox 722 5256 909 5321; x_wconf 70' lang='grc' dir='ltr'><strong>Λόγος</strong></span> <span class='ocrx_word' id='word_1_705' title='bbox 939 5256 1035 5307; x_wconf 76' lang='grc' dir='ltr'><strong>καὶ</strong></span> <span class='ocrx_word' id='word_1_706' title='bbox 1058 5258 1090 5309; x_wconf 86' lang='grc' dir='ltr'><em>ὀ</em></span> <span class='ocrx_word' id='word_1_707' title='bbox 1117 5258 1305 5323; x_wconf 76' lang='grc' dir='ltr'><strong>Λόγος</strong></span> <span class='ocrx_word' id='word_1_708' title='bbox 1336 5251 1414 5324; x_wconf 77' lang='grc' dir='ltr'><strong>ἦν</strong></span> <span class='ocrx_word' id='word_1_709' title='bbox 1440 5255 1591 5321; x_wconf 80' lang='grc' dir='ltr'><strong>πρὸς</strong></span> <span class='ocrx_word' id='word_1_710' title='bbox 1616 5256 1723 5307; x_wconf 82' lang='grc' dir='ltr'><strong>τὸν</strong></span> 
     </span>
    </p>
   </div>
   <div class='ocr_carea' id='block_1_100' title="bbox 145 5344 1723 5417">
    <p class='ocr_par' dir='ltr' id='par_1_100' title="bbox 145 5344 1723 5417">
     <span class='ocr_line' id='line_1_100' title="bbox 145 5344 1723 5417; baseline -0.001 -14"><span class='ocrx_word' id='word_1_711' title='bbox 145 5348 336 5413; x_wconf 84' lang='grc' dir='ltr'><strong>Θεὸν,</strong></span> <span class='ocrx_word' id='word_1_712' title='bbox 370 5348 467 5401; x_wconf 73' lang='grc' dir='ltr'><strong>καὶ</strong></span> <span class='ocrx_word' id='word_1_713' title='bbox 517 5348 661 5413; x_wconf 84' lang='grc' dir='ltr'><strong>Θεὸς</strong></span> <span class='ocrx_word' id='word_1_714' title='bbox 690 5344 769 5417; x_wconf 80' lang='grc' dir='ltr'><strong>ἦν</strong></span> <span class='ocrx_word' id='word_1_715' title='bbox 816 5351 847 5401; x_wconf 84' lang='grc' dir='ltr'><strong><em>ό</em></strong></span> <span class='ocrx_word' id='word_1_716' title='bbox 892 5349 1121 5415; x_wconf 68' lang='grc' dir='ltr'><strong>Λόγοςς</strong></span> <span class='ocrx_word' id='word_1_717' title='bbox 1179 5347 1420 5409; x_wconf 78' lang='grc' dir='ltr'><strong>Ἀκούεις</strong></span> <span class='ocrx_word' id='word_1_718' title='bbox 1465 5347 1598 5400; x_wconf 82' lang='grc' dir='ltr'><strong>Θεὸν</strong></span> <span class='ocrx_word' id='word_1_719' title='bbox 1630 5348 1723 5401; x_wconf 74' lang='grc' dir='ltr'><strong>τὸν</strong></span> 
     </span>
    </p>
   </div>
   <div class='ocr_carea' id='block_1_101' title="bbox 143 5434 1724 5509">
    <p class='ocr_par' dir='ltr' id='par_1_101' title="bbox 143 5434 1724 5509">
     <span class='ocr_line' id='line_1_101' title="bbox 143 5434 1724 5509; baseline -0.004 -14"><span class='ocrx_word' id='word_1_720' title='bbox 143 5440 341 5507; x_wconf 79' lang='grc' dir='ltr'><strong>Λόγον.</strong></span> <span class='ocrx_word' id='word_1_721' title='bbox 374 5440 484 5493; x_wconf 73' lang='grc' dir='ltr'><strong>Καὶ</strong></span> <span class='ocrx_word' id='word_1_722' title='bbox 510 5439 687 5499; x_wconf 77' lang='grc' dir='ltr'><strong>τοῦτο.</strong></span> <span class='ocrx_word' id='word_1_723' title='bbox 714 5444 900 5508; x_wconf 70' lang='grc' dir='ltr'>φησὶν,</span> <span class='ocrx_word' id='word_1_724' title='bbox 934 5435 1001 5509; x_wconf 79' lang='grc' dir='ltr'><strong>ἦν</strong></span> <span class='ocrx_word' id='word_1_725' title='bbox 1033 5439 1225 5506; x_wconf 86' lang='grc' dir='ltr'><strong>Λόγος,</strong></span> <span class='ocrx_word' id='word_1_726' title='bbox 1255 5440 1393 5507; x_wconf 81' lang='grc' dir='ltr'><strong>ὅπερ</strong></span> <span class='ocrx_word' id='word_1_727' title='bbox 1425 5440 1631 5500; x_wconf 81' lang='grc' dir='ltr'><strong>ἐκεῖνος</strong></span> <span class='ocrx_word' id='word_1_728' title='bbox 1656 5434 1724 5507; x_wconf 79' lang='grc' dir='ltr'><strong>ἦν</strong></span> 
     </span>
    </p>
   </div>
   <div class='ocr_carea' id='block_1_102' title="bbox 144 5527 1722 5600">
    <p class='ocr_par' dir='ltr' id='par_1_102' title="bbox 144 5527 1722 5600">
     <span class='ocr_line' id='line_1_102' title="bbox 144 5527 1722 5600; baseline 0.002 -18"><span class='ocrx_word' id='word_1_729' title='bbox 144 5532 286 5599; x_wconf 72' lang='grc' dir='ltr'><strong>πρὸς</strong></span> <span class='ocrx_word' id='word_1_730' title='bbox 318 5530 377 5583; x_wconf 86' lang='grc' dir='ltr'>ὃν</span> <span class='ocrx_word' id='word_1_731' title='bbox 409 5527 498 5600; x_wconf 80' lang='grc' dir='ltr'><strong>ἦν,</strong></span> <span class='ocrx_word' id='word_1_732' title='bbox 539 5531 787 5582; x_wconf 73' lang='grc' dir='ltr'><strong>τουτέστι</strong></span> <span class='ocrx_word' id='word_1_733' title='bbox 829 5530 981 5592; x_wconf 77' lang='grc' dir='ltr'><strong>Θεός.</strong></span> <span class='ocrx_word' id='word_1_734' title='bbox 1017 5531 1225 5583; x_wconf 71' lang='grc' dir='ltr'><strong>Οὐκοῦν</strong></span> <span class='ocrx_word' id='word_1_735' title='bbox 1260 5533 1309 5582; x_wconf 82' lang='grc' dir='ltr'><strong>εὶ</strong></span> <span class='ocrx_word' id='word_1_736' title='bbox 1345 5532 1443 5599; x_wconf 73' lang='grc' dir='ltr'><strong>μὲν</strong></span> <span class='ocrx_word' id='word_1_737' title='bbox 1472 5531 1573 5583; x_wconf 76' lang='grc' dir='ltr'><strong>οὐκ</strong></span> <span class='ocrx_word' id='word_1_738' title='bbox 1606 5532 1722 5585; x_wconf 83' lang='grc' dir='ltr'><strong>ἐστι</strong></span> 
     </span>
    </p>
   </div>
   <div class='ocr_carea' id='block_1_103' title="bbox 140 5621 1723 5691">
    <p class='ocr_par' dir='ltr' id='par_1_103' title="bbox 140 5621 1723 5691">
     <span class='ocr_line' id='line_1_103' title="bbox 140 5621 1723 5691; baseline 0.002 -18"><span class='ocrx_word' id='word_1_739' title='bbox 140 5622 278 5684; x_wconf 72' lang='grc' dir='ltr'><strong>Θεὸς</strong></span> <span class='ocrx_word' id='word_1_740' title='bbox 313 5621 566 5691; x_wconf 77' lang='grc' dir='ltr'><strong>ἀληθινὸς</strong></span> <span class='ocrx_word' id='word_1_741' title='bbox 596 5624 624 5674; x_wconf 84' lang='grc' dir='ltr'>ὁ</span> <span class='ocrx_word' id='word_1_742' title='bbox 669 5622 795 5684; x_wconf 81' lang='grc' dir='ltr'><strong>Υἱὸς</strong></span> <span class='ocrx_word' id='word_1_743' title='bbox 815 5661 829 5684; x_wconf 92' lang='grc'><strong>,</strong></span> <span class='ocrx_word' id='word_1_744' title='bbox 868 5623 1082 5688; x_wconf 74' lang='grc' dir='ltr'><strong>ἀνάγκη</strong></span> <span class='ocrx_word' id='word_1_745' title='bbox 1126 5638 1184 5673; x_wconf 87' lang='grc' dir='ltr'><strong>σε</strong></span> <span class='ocrx_word' id='word_1_746' title='bbox 1214 5622 1402 5675; x_wconf 74' lang='grc' dir='ltr'><strong>τοῦτον</strong></span> <span class='ocrx_word' id='word_1_747' title='bbox 1432 5622 1607 5691; x_wconf 72' lang='grc' dir='ltr'>ψευδῆ</span> <span class='ocrx_word' id='word_1_748' title='bbox 1637 5641 1723 5676; x_wconf 88' lang='grc' dir='ltr'><strong>νο-</strong></span> 
     </span>
    </p>
   </div>
   <div class='ocr_carea' id='block_1_104' title="bbox 148 5712 1721 5785">
    <p class='ocr_par' dir='ltr' id='par_1_104' title="bbox 148 5712 1721 5785">
     <span class='ocr_line' id='line_1_104' title="bbox 148 5712 1721 5785; baseline -0.001 -20"><span class='ocrx_word' id='word_1_749' title='bbox 148 5715 328 5783; x_wconf 69' lang='grc' dir='ltr'><strong>μίζειν</strong></span> <span class='ocrx_word' id='word_1_750' title='bbox 355 5713 490 5768; x_wconf 81' lang='grc' dir='ltr'><strong>Θιόν</strong></span> <span class='ocrx_word' id='word_1_751' title='bbox 510 5730 523 5745; x_wconf 83' lang='lat'><strong><em>°</em></strong></span> <span class='ocrx_word' id='word_1_752' title='bbox 560 5714 607 5769; x_wconf 75' lang='grc' dir='ltr'><strong>εἰ</strong></span> <span class='ocrx_word' id='word_1_753' title='bbox 631 5712 685 5767; x_wconf 67' lang='grc' dir='ltr'><strong>δὲ</strong></span> <span class='ocrx_word' id='word_1_754' title='bbox 712 5712 904 5782; x_wconf 54' lang='grc' dir='ltr'><strong>ψευδῆ,</strong></span> <span class='ocrx_word' id='word_1_755' title='bbox 936 5713 1120 5769; x_wconf 71' lang='grc' dir='ltr'><strong>τοῦτον</strong></span> <span class='ocrx_word' id='word_1_756' title='bbox 1150 5714 1279 5767; x_wconf 66' lang='grc' dir='ltr'><strong>Θεὸν</strong></span> <span class='ocrx_word' id='word_1_757' title='bbox 1305 5716 1403 5768; x_wconf 67' lang='grc' dir='ltr'><strong>οὐκ</strong></span> <span class='ocrx_word' id='word_1_758' title='bbox 1430 5714 1491 5767; x_wconf 75' lang='grc' dir='ltr'>ἂν</span> <span class='ocrx_word' id='word_1_759' title='bbox 1519 5716 1721 5785; x_wconf 45' lang='lat'><strong>2015;}.-</strong></span> 
     </span>
    </p>
   </div>
   <div class='ocr_carea' id='block_1_105' title="bbox 1908 4618 3402 4691">
    <p class='ocr_par' dir='ltr' id='par_1_105' title="bbox 1908 4618 3402 4691">
     <span class='ocr_line' id='line_1_105' title="bbox 1908 4618 3402 4691; baseline -0.006 -12"><span class='ocrx_word' id='word_1_760' title='bbox 1908 4624 2073 4679; x_wconf 77' lang='lat' dir='ltr'><strong>Veus.</strong></span> <span class='ocrx_word' id='word_1_761' title='bbox 2110 4625 2163 4678; x_wconf 78' lang='lat'><strong>3.</strong></span> <span class='ocrx_word' id='word_1_762' title='bbox 2202 4621 2267 4676; x_wconf 89' lang='lat' dir='ltr'><strong>Ut</strong></span> <span class='ocrx_word' id='word_1_763' title='bbox 2307 4629 2624 4691; x_wconf 78' lang='lat' dir='ltr'><strong>cognoscant</strong></span> <span class='ocrx_word' id='word_1_764' title='bbox 2658 4629 2705 4673; x_wconf 87' lang='lat' dir='ltr'><strong>te</strong></span> <span class='ocrx_word' id='word_1_765' title='bbox 2752 4618 2924 4672; x_wconf 88' lang='lat' dir='ltr'><strong>solum</strong></span> <span class='ocrx_word' id='word_1_766' title='bbox 2978 4618 3141 4672; x_wconf 85' lang='lat' dir='ltr'><strong>Deum</strong></span> <span class='ocrx_word' id='word_1_767' title='bbox 3194 4635 3402 4683; x_wconf 88' lang='lat' dir='ltr'><strong>verum;</strong></span> 
     </span>
    </p>
   </div>
   <div class='ocr_carea' id='block_1_106' title="bbox 1826 4708 3400 4785">
    <p class='ocr_par' dir='ltr' id='par_1_106' title="bbox 1826 4708 3400 4785">
     <span class='ocr_line' id='line_1_106' title="bbox 1826 4708 3400 4785; baseline -0.006 -13"><span class='ocrx_word' id='word_1_768' title='bbox 1826 4719 1893 4772; x_wconf 89' lang='lat' dir='ltr'><strong>dc</strong></span> <span class='ocrx_word' id='word_1_769' title='bbox 1945 4715 2289 4785; x_wconf 85' lang='lat' dir='ltr'><strong>oppositione</strong></span> <span class='ocrx_word' id='word_1_770' title='bbox 2340 4714 2473 4767; x_wconf 88' lang='lat' dir='ltr'><strong>dicit</strong></span> <span class='ocrx_word' id='word_1_771' title='bbox 2507 4726 2694 4766; x_wconf 85' lang='lat' dir='ltr'><strong>eorum</strong></span> <span class='ocrx_word' id='word_1_772' title='bbox 2733 4708 2827 4779; x_wconf 90' lang='lat' dir='ltr'><strong>qui</strong></span> <span class='ocrx_word' id='word_1_773' title='bbox 2862 4710 2937 4763; x_wconf 90' lang='lat' dir='ltr'><strong>dii</strong></span> <span class='ocrx_word' id='word_1_774' title='bbox 2980 4726 3082 4763; x_wconf 90' lang='lat' dir='ltr'><strong>non</strong></span> <span class='ocrx_word' id='word_1_775' title='bbox 3115 4720 3262 4775; x_wconf 88' lang='lat' dir='ltr'><strong>sunt,</strong></span> <span class='ocrx_word' id='word_1_776' title='bbox 3295 4727 3400 4763; x_wconf 90' lang='lat' dir='ltr'><strong>non</strong></span> 
     </span>
    </p>
   </div>
   <div class='ocr_carea' id='block_1_107' title="bbox 1825 4800 3400 4871">
    <p class='ocr_par' dir='ltr' id='par_1_107' title="bbox 1825 4800 3400 4871">
     <span class='ocr_line' id='line_1_107' title="bbox 1825 4800 3400 4871; baseline -0.006 -10"><span class='ocrx_word' id='word_1_777' title='bbox 1825 4810 1892 4862; x_wconf 85' lang='lat' dir='ltr'><strong>de</strong></span> <span class='ocrx_word' id='word_1_778' title='bbox 1923 4808 2121 4862; x_wconf 88' lang='lat' dir='ltr'><strong>unione</strong></span> <span class='ocrx_word' id='word_1_779' title='bbox 2153 4805 2293 4859; x_wconf 86' lang='lat' dir='ltr'><strong>Filii.</strong></span> <span class='ocrx_word' id='word_1_780' title='bbox 2328 4804 2468 4869; x_wconf 88' lang='lat' dir='ltr'><strong>Quid</strong></span> <span class='ocrx_word' id='word_1_781' title='bbox 2507 4817 2661 4871; x_wconf 83' lang='lat' dir='ltr'><strong>ergo,</strong></span> <span class='ocrx_word' id='word_1_782' title='bbox 2690 4800 2860 4854; x_wconf 80' lang='lat' dir='ltr'><strong>Arie.’</strong></span> <span class='ocrx_word' id='word_1_783' title='bbox 2892 4801 2984 4868; x_wconf 86' lang='lat' dir='ltr'><strong>qui</strong></span> <span class='ocrx_word' id='word_1_784' title='bbox 3043 4800 3177 4854; x_wconf 87' lang='lat' dir='ltr'><strong>dicit</strong></span> <span class='ocrx_word' id='word_1_785' title='bbox 3231 4817 3244 4853; x_wconf 93' lang='lat'>:</span> <span class='ocrx_word' id='word_1_786' title='bbox 3292 4800 3400 4871; x_wconf 79' lang='lat' dir='ltr'><strong>Ege</strong></span> 
     </span>
    </p>
   </div>
   <div class='ocr_carea' id='block_1_108' title="bbox 1824 4893 3403 4961">
    <p class='ocr_par' dir='ltr' id='par_1_108' title="bbox 1824 4893 3403 4961">
     <span class='ocr_line' id='line_1_108' title="bbox 1824 4893 3403 4961; baseline -0.004 -9"><span class='ocrx_word' id='word_1_787' title='bbox 1824 4916 1939 4952; x_wconf 89' lang='lat' dir='ltr'><strong>sum</strong></span> <span class='ocrx_word' id='word_1_788' title='bbox 1992 4899 2205 4960; x_wconf 82' lang='lat' dir='ltr'><strong>veritas,</strong></span> <span class='ocrx_word' id='word_1_789' title='bbox 2238 4912 2266 4949; x_wconf 87' lang='lat' dir='ltr'><strong>a</strong></span> <span class='ocrx_word' id='word_1_790' title='bbox 2300 4896 2533 4949; x_wconf 77' lang='lat' dir='ltr'><strong>veritate</strong></span> <span class='ocrx_word' id='word_1_791' title='bbox 2586 4893 2897 4948; x_wconf 81' lang='lat' dir='ltr'><strong>abscessit?</strong></span> <span class='ocrx_word' id='word_1_792' title='bbox 2939 4893 3077 4961; x_wconf 74' lang='lat' dir='ltr'><strong>Ergo</strong></span> <span class='ocrx_word' id='word_1_793' title='bbox 3103 4894 3145 4946; x_wconf 88' lang='lat' dir='ltr'><strong>si</strong></span> <span class='ocrx_word' id='word_1_794' title='bbox 3180 4908 3284 4945; x_wconf 88' lang='lat' dir='ltr'><strong>non</strong></span> <span class='ocrx_word' id='word_1_795' title='bbox 3319 4902 3403 4946; x_wconf 83' lang='lat' dir='ltr'><strong>est</strong></span> 
     </span>
    </p>
   </div>
   <div class='ocr_carea' id='block_1_109' title="bbox 1823 4981 3400 5048">
    <p class='ocr_par' dir='ltr' id='par_1_109' title="bbox 1823 4981 3400 5048">
     <span class='ocr_line' id='line_1_109' title="bbox 1823 4981 3400 5048; baseline -0.006 -5"><span class='ocrx_word' id='word_1_796' title='bbox 1823 5004 1985 5043; x_wconf 82' lang='lat' dir='ltr'><strong>verus</strong></span> <span class='ocrx_word' id='word_1_797' title='bbox 2018 4990 2157 5042; x_wconf 87' lang='lat' dir='ltr'><strong>Deus</strong></span> <span class='ocrx_word' id='word_1_798' title='bbox 2215 4986 2409 5046; x_wconf 87' lang='lat' dir='ltr'><strong>Filius,</strong></span> <span class='ocrx_word' id='word_1_799' title='bbox 2445 5000 2551 5037; x_wconf 90' lang='lat' dir='ltr'><strong>non</strong></span> <span class='ocrx_word' id='word_1_800' title='bbox 2604 4983 2744 5037; x_wconf 74' lang='lat' dir='ltr'><strong>Deus</strong></span> <span class='ocrx_word' id='word_1_801' title='bbox 2803 4982 2997 5034; x_wconf 82' lang='lat' dir='ltr'><strong>merito</strong></span> <span class='ocrx_word' id='word_1_802' title='bbox 3050 4981 3154 5033; x_wconf 87' lang='lat' dir='ltr'><strong>dici</strong></span> <span class='ocrx_word' id='word_1_803' title='bbox 3197 4992 3400 5048; x_wconf 86' lang='lat' dir='ltr'><strong>posset.</strong></span> 
     </span>
    </p>
   </div>
   <div class='ocr_carea' id='block_1_110' title="bbox 1825 5068 3405 5144">
    <p class='ocr_par' dir='ltr' id='par_1_110' title="bbox 1825 5068 3405 5144">
     <span class='ocr_line' id='line_1_110' title="bbox 1825 5068 3405 5144; baseline -0.006 -13"><span class='ocrx_word' id='word_1_804' title='bbox 1825 5078 1982 5144; x_wconf 81' lang='lat' dir='ltr'><strong>Quod</strong></span> <span class='ocrx_word' id='word_1_805' title='bbox 2012 5078 2156 5131; x_wconf 88' lang='lat' dir='ltr'><strong>enim</strong></span> <span class='ocrx_word' id='word_1_806' title='bbox 2191 5092 2298 5129; x_wconf 91' lang='lat' dir='ltr'><strong>non</strong></span> <span class='ocrx_word' id='word_1_807' title='bbox 2330 5085 2413 5130; x_wconf 89' lang='lat' dir='ltr'><strong>cst</strong></span> <span class='ocrx_word' id='word_1_808' title='bbox 2444 5071 2881 5141; x_wconf 87' lang='lat' dir='ltr'><strong>vere,quomodo</strong></span> <span class='ocrx_word' id='word_1_809' title='bbox 2916 5082 3205 5123; x_wconf 81' lang='lat' dir='ltr'><strong>vocaretur</strong></span> <span class='ocrx_word' id='word_1_810' title='bbox 3227 5068 3405 5123; x_wconf 87' lang='lat' dir='ltr'><strong>Deus?</strong></span> 
     </span>
    </p>
   </div>
   <div class='ocr_carea' id='block_1_111' title="bbox 1826 5162 3400 5240">
    <p class='ocr_par' dir='ltr' id='par_1_111' title="bbox 1826 5162 3400 5240">
     <span class='ocr_line' id='line_1_111' title="bbox 1826 5162 3400 5240; baseline -0.006 -18"><span class='ocrx_word' id='word_1_811' title='bbox 1826 5171 1955 5239; x_wconf 88' lang='lat' dir='ltr'><strong>quid</strong></span> <span class='ocrx_word' id='word_1_812' title='bbox 1990 5171 2154 5240; x_wconf 77' lang='lat' dir='ltr'><strong>igitur</strong></span> <span class='ocrx_word' id='word_1_813' title='bbox 2188 5169 2450 5222; x_wconf 51' lang='lat' dir='ltr'><strong>faciemus</strong></span> <span class='ocrx_word' id='word_1_814' title='bbox 2485 5167 2551 5219; x_wconf 84' lang='lat' dir='ltr'><strong>de</strong></span> <span class='ocrx_word' id='word_1_815' title='bbox 2575 5166 2676 5219; x_wconf 85' lang='lat' dir='ltr'><strong>hac</strong></span> <span class='ocrx_word' id='word_1_816' title='bbox 2700 5179 2872 5229; x_wconf 86' lang='lat' dir='ltr'><strong>voce,</strong></span> <span class='ocrx_word' id='word_1_817' title='bbox 2902 5162 2964 5216; x_wconf 88' lang='lat' dir='ltr'><strong>In</strong></span> <span class='ocrx_word' id='word_1_818' title='bbox 2996 5164 3253 5232; x_wconf 80' lang='lat' dir='ltr'><strong>principio</strong></span> <span class='ocrx_word' id='word_1_819' title='bbox 3284 5171 3400 5215; x_wconf 85' lang='lat' dir='ltr'><strong>erat</strong></span> 
     </span>
    </p>
   </div>
   <div class='ocr_carea' id='block_1_112' title="bbox 1839 5253 3404 5325">
    <p class='ocr_par' dir='ltr' id='par_1_112' title="bbox 1839 5253 3404 5325">
     <span class='ocr_line' id='line_1_112' title="bbox 1839 5253 3404 5325; baseline -0.005 -14"><span class='ocrx_word' id='word_1_820' title='bbox 1839 5258 2080 5321; x_wconf 82' lang='lat' dir='ltr'><strong>Verbum,</strong></span> <span class='ocrx_word' id='word_1_821' title='bbox 2118 5269 2165 5313; x_wconf 86' lang='lat' dir='ltr'><strong>et</strong></span> <span class='ocrx_word' id='word_1_822' title='bbox 2216 5258 2433 5313; x_wconf 85' lang='lat' dir='ltr'><strong>Verbum</strong></span> <span class='ocrx_word' id='word_1_823' title='bbox 2472 5268 2585 5312; x_wconf 89' lang='lat' dir='ltr'><strong>erat</strong></span> <span class='ocrx_word' id='word_1_824' title='bbox 2631 5258 2771 5325; x_wconf 72' lang='lat' dir='ltr'><strong>apud</strong></span> <span class='ocrx_word' id='word_1_825' title='bbox 2826 5256 3016 5317; x_wconf 88' lang='lat' dir='ltr'><strong>Deum,</strong></span> <span class='ocrx_word' id='word_1_826' title='bbox 3042 5265 3089 5307; x_wconf 82' lang='lat' dir='ltr'><strong>et</strong></span> <span class='ocrx_word' id='word_1_827' title='bbox 3118 5253 3253 5305; x_wconf 82' lang='lat' dir='ltr'><strong>Deus</strong></span> <span class='ocrx_word' id='word_1_828' title='bbox 3291 5262 3404 5304; x_wconf 86' lang='lat' dir='ltr'><strong>erat</strong></span> 
     </span>
    </p>
   </div>
   <div class='ocr_carea' id='block_1_113' title="bbox 1840 5345 3396 5412">
    <p class='ocr_par' dir='ltr' id='par_1_113' title="bbox 1840 5345 3396 5412">
     <span class='ocr_line' id='line_1_113' title="bbox 1840 5345 3396 5412; baseline -0.005 -8"><span class='ocrx_word' id='word_1_829' title='bbox 1840 5352 2098 5405; x_wconf 69' lang='lat' dir='ltr'><strong>Verbum?</strong></span> <span class='ocrx_word' id='word_1_830' title='bbox 2142 5352 2315 5405; x_wconf 86' lang='lat' dir='ltr'><strong>Audis</strong></span> <span class='ocrx_word' id='word_1_831' title='bbox 2350 5351 2516 5405; x_wconf 86' lang='lat' dir='ltr'><strong>Deum</strong></span> <span class='ocrx_word' id='word_1_832' title='bbox 2554 5364 2676 5405; x_wconf 82' lang='lat' dir='ltr'><strong>esse</strong></span> <span class='ocrx_word' id='word_1_833' title='bbox 2711 5348 2983 5412; x_wconf 88' lang='lat' dir='ltr'><strong>Verbum;</strong></span> <span class='ocrx_word' id='word_1_834' title='bbox 3033 5355 3087 5399; x_wconf 89' lang='lat' dir='ltr'><strong>et</strong></span> <span class='ocrx_word' id='word_1_835' title='bbox 3122 5345 3257 5399; x_wconf 89' lang='lat' dir='ltr'><strong>illud</strong></span> <span class='ocrx_word' id='word_1_836' title='bbox 3318 5346 3396 5397; x_wconf 86' lang='lat' dir='ltr'><strong>dt-</strong></span> 
     </span>
    </p>
   </div>
   <div class='ocr_carea' id='block_1_114' title="bbox 1828 5436 3400 5509">
    <p class='ocr_par' dir='ltr' id='par_1_114' title="bbox 1828 5436 3400 5509">
     <span class='ocr_line' id='line_1_114' title="bbox 1828 5436 3400 5509; baseline -0.004 -14"><span class='ocrx_word' id='word_1_837' title='bbox 1828 5442 1924 5506; x_wconf 90' lang='lat' dir='ltr'><strong>cit,</strong></span> <span class='ocrx_word' id='word_1_838' title='bbox 1953 5452 2067 5495; x_wconf 85' lang='lat' dir='ltr'><strong>erat</strong></span> <span class='ocrx_word' id='word_1_839' title='bbox 2106 5439 2363 5503; x_wconf 80' lang='lat' dir='ltr'><strong>Verbum,</strong></span> <span class='ocrx_word' id='word_1_840' title='bbox 2400 5442 2543 5509; x_wconf 89' lang='lat' dir='ltr'><strong>quod</strong></span> <span class='ocrx_word' id='word_1_841' title='bbox 2571 5440 2711 5495; x_wconf 86' lang='lat' dir='ltr'><strong>istud</strong></span> <span class='ocrx_word' id='word_1_842' title='bbox 2737 5450 2854 5493; x_wconf 78' lang='lat' dir='ltr'><strong>erat</strong></span> <span class='ocrx_word' id='word_1_843' title='bbox 2890 5439 3031 5506; x_wconf 88' lang='lat' dir='ltr'><strong>apud</strong></span> <span class='ocrx_word' id='word_1_844' title='bbox 3066 5436 3213 5503; x_wconf 86' lang='lat' dir='ltr'><strong>quod</strong></span> <span class='ocrx_word' id='word_1_845' title='bbox 3260 5446 3400 5501; x_wconf 83' lang='lat' dir='ltr'><strong>erat,</strong></span> 
     </span>
    </p>
   </div>
   <div class='ocr_carea' id='block_1_115' title="bbox 1830 5527 3403 5603">
    <p class='ocr_par' dir='ltr' id='par_1_115' title="bbox 1830 5527 3403 5603">
     <span class='ocr_line' id='line_1_115' title="bbox 1830 5527 3403 5603; baseline -0.001 -18"><span class='ocrx_word' id='word_1_846' title='bbox 1830 5532 1885 5587; x_wconf 88' lang='lat' dir='ltr'><strong>id</strong></span> <span class='ocrx_word' id='word_1_847' title='bbox 1928 5542 2012 5587; x_wconf 72' lang='lat' dir='ltr'><strong>est</strong></span> <span class='ocrx_word' id='word_1_848' title='bbox 2058 5534 2201 5600; x_wconf 83' lang='lat' dir='ltr'><strong>apud</strong></span> <span class='ocrx_word' id='word_1_849' title='bbox 2241 5531 2430 5587; x_wconf 87' lang='lat' dir='ltr'><strong>Deum.</strong></span> <span class='ocrx_word' id='word_1_850' title='bbox 2464 5530 2604 5603; x_wconf 77' lang='lat' dir='ltr'><strong>Ergo</strong></span> <span class='ocrx_word' id='word_1_851' title='bbox 2648 5531 2691 5587; x_wconf 88' lang='lat' dir='ltr'><strong>si</strong></span> <span class='ocrx_word' id='word_1_852' title='bbox 2730 5530 2947 5598; x_wconf 83' lang='lat' dir='ltr'><strong>quidem</strong></span> <span class='ocrx_word' id='word_1_853' title='bbox 3005 5546 3109 5581; x_wconf 89' lang='lat' dir='ltr'><strong>non</strong></span> <span class='ocrx_word' id='word_1_854' title='bbox 3150 5538 3234 5582; x_wconf 85' lang='lat' dir='ltr'><strong>est</strong></span> <span class='ocrx_word' id='word_1_855' title='bbox 3264 5527 3403 5583; x_wconf 84' lang='lat' dir='ltr'><strong>Deus</strong></span> 
     </span>
    </p>
   </div>
   <div class='ocr_carea' id='block_1_116' title="bbox 1830 5619 3404 5690">
    <p class='ocr_par' dir='ltr' id='par_1_116' title="bbox 1830 5619 3404 5690">
     <span class='ocr_line' id='line_1_116' title="bbox 1830 5619 3404 5690; baseline 0 -15"><span class='ocrx_word' id='word_1_856' title='bbox 1830 5639 1989 5679; x_wconf 79' lang='lat' dir='ltr'><strong>verus</strong></span> <span class='ocrx_word' id='word_1_857' title='bbox 2018 5624 2205 5687; x_wconf 77' lang='lat' dir='ltr'><strong>Filius,</strong></span> <span class='ocrx_word' id='word_1_858' title='bbox 2242 5639 2465 5680; x_wconf 82' lang='lat' dir='ltr'><strong>necesse</strong></span> <span class='ocrx_word' id='word_1_859' title='bbox 2497 5634 2581 5678; x_wconf 86' lang='lat' dir='ltr'><strong>est</strong></span> <span class='ocrx_word' id='word_1_860' title='bbox 2641 5634 2690 5678; x_wconf 85' lang='lat' dir='ltr'><strong>te</strong></span> <span class='ocrx_word' id='word_1_861' title='bbox 2740 5624 2885 5675; x_wconf 83' lang='lat' dir='ltr'><strong>hunc</strong></span> <span class='ocrx_word' id='word_1_862' title='bbox 2918 5619 3115 5674; x_wconf 82' lang='lat' dir='ltr'><strong>falsum</strong></span> <span class='ocrx_word' id='word_1_863' title='bbox 3152 5630 3404 5690; x_wconf 81' lang='lat' dir='ltr'><strong>reputare</strong></span> 
     </span>
    </p>
   </div>
   <div class='ocr_carea' id='block_1_117' title="bbox 1834 5710 3398 5778">
    <p class='ocr_par' dir='ltr' id='par_1_117' title="bbox 1834 5710 3398 5778">
     <span class='ocr_line' id='line_1_117' title="bbox 1834 5710 3398 5778; baseline -0.001 -11"><span class='ocrx_word' id='word_1_864' title='bbox 1834 5715 2021 5771; x_wconf 85' lang='lat' dir='ltr'><strong>Deum.</strong></span> <span class='ocrx_word' id='word_1_865' title='bbox 2060 5718 2118 5772; x_wconf 84' lang='lat' dir='ltr'><strong>Si</strong></span> <span class='ocrx_word' id='word_1_866' title='bbox 2164 5732 2293 5770; x_wconf 84' lang='lat' dir='ltr'><strong>vero</strong></span> <span class='ocrx_word' id='word_1_867' title='bbox 2356 5715 2547 5778; x_wconf 73' lang='lat' dir='ltr'><strong>falsum</strong></span> <span class='ocrx_word' id='word_1_868' title='bbox 2602 5715 2746 5767; x_wconf 79' lang='lat' dir='ltr'><strong>hunc</strong></span> <span class='ocrx_word' id='word_1_869' title='bbox 2802 5710 2969 5769; x_wconf 77' lang='lat' dir='ltr'><strong>Deum</strong></span> <span class='ocrx_word' id='word_1_870' title='bbox 3021 5727 3126 5765; x_wconf 89' lang='lat' dir='ltr'><strong>non</strong></span> <span class='ocrx_word' id='word_1_871' title='bbox 3168 5712 3398 5767; x_wconf 73' lang='lat' dir='ltr'><strong>auderes</strong></span> 
     </span>
    </p>
   </div>
  </div>
