3982 6214
576 261 712 325 1275

1309 265 1698 328 OPUSCULA
1742 270 2372 333 SCRIPTURISTICA
2416 274 2763 333 INCElthE
2800 275 3111 336 .IETATIS.

3581 285 3670 350 l‘li‘i

567 371 769 435 dicere,
802 386 1022 428 necesse
1051 382 1133 428 est
1169 375 1335 430 Deum
1374 393 1561 432 verum
1595 381 1739 436 ltnnc
1775 397 1927 447 esse;
1975 400 2136 439 verus

2094 401 2136 439 Is
2168 391 2210 446 Α
2241 403 2338 457 an;
2391 387 2586 440 εἰπεῖν,
2649 386 2887 456 Ἀνάγκη
2939 386 3074 439 Θεὸν
3126 385 3361 456 ἀληθινὸν
3401 390 3527 443 αὑτὸν
3557 389 3666 449 εἶναι·

567 469 746 514 autem
785 459 926 516 Deus
977 479 1104 517 vero
1161 463 1272 518 Deo
1308 469 1798 526 consubstantialis
1846 482 2139 528 vocaretur

2097 490 2142 528 ιι·
2242 476 2494 544 ἀληθινὸς
2520 477 2576 530 δὲ
2608 476 2764 538 Θεὸς,
2791 477 3030 546 ἀληθινῷ
3057 476 3173 546 Θεῷ
3198 479 3446 546 ὁμοούσιος
3466 483 3516 534 ἂν
3533 486 3669 539 καλοῖτο

567 553 784 616 merito,
822 570 926 607 una
981 556 1120 625 apud
1160 568 1453 628 utrumque
1494 564 1741 626 veritate,
1781 581 1942 619 unam
2003 582 2140 636 quo-

566 657 672 709 que
693 644 1052 698 substantiam
1081 649 1426 705 ostendente.
1463 650 1665 708 Deinde
1716 655 1848 725 legis
1893 658 2135 726 quidem,

565 736 713 788 solus
743 737 882 789 Deus
919 753 1114 802 verus;
1152 748 1205 792 ut
1250 751 1430 796 autem
1462 760 1639 800 caecus
1673 746 1725 800 in
1763 748 1866 802 hoc
1911 748 2135 803 verbum

566 825 864 888 attendens,
920 829 1017 882 soli
1058 830 1201 884 Patri
1261 834 1538 889 attribuis.
1588 836 1760 902 Unde,
1808 854 2011 907 aneso,
2071 840 2139 893 dc

566 916 724 970 Patre
777 918 976 973 dictam
1029 937 1150 975 esse
1202 924 1438 980 didicisti
1472 929 1608 983 lianc
1644 932 1867 984 vocent?
1897 946 1929 987 e
1957 934 2134 987 textu!

567 1008 668 1062 Sed
720 1025 827 1063 non
887 1013 1130 1067 nominat
1180 1013 1414 1081 Patrem,
1473 1035 1578 1073 non
1631 1023 1776 1077 enim
1843 1026 2009 1080 dicit:
2067 1027 2136 1082 Ut

565 1112 894 1170 cognoscant
933 1113 986 1158 te
1031 1107 1205 1160 solum
1262 1109 1429 1164 Deum
1467 1129 1652 1167 verum
1689 1126 1739 1169 rt
1767 1118 2006 1186 Patrem;
2040 1121 2132 1174 sed

565 1197 866 1250 concedant
911 1199 1086 1251 solum
1126 1198 1290 1253 Deum
1331 1219 1544 1272 verum,
1583 1207 1774 1274 Deum,
1804 1221 1861 1264 ut
1895 1223 1978 1266 est
2015 1213 2136 1266 Tri-

564 1287 751 1340 nitatis
780 1287 1149 1344 denotninatio
1183 1301 1235 1345 et
1271 1297 1620 1362 signitiratio,
1655 1302 1747 1354 sel
1782 1318 1890 1355 non
1940 1319 2132 1359 rursos

563 1391 722 1444 quem
760 1377 954 1433 misisti
983 1381 1177 1436 Filium
1209 1382 1589 1454 Unigenitunt,
1625 1391 1904 1445 dicitzsed
1949 1391 2130 1446 Jesum

564 1470 870 1539 Christum;
903 1477 1082 1531 statim
1117 1481 1315 1536 Christi
1373 1484 1640 1537 vocabulo
1693 1493 1839 1538 tuam
1900 1487 2129 1544 incitans

567 1563 833 1618 rationem
887 1577 945 1621 ut
994 1572 1389 1629 incarnationis
1462 1576 1790 1631 meminerit.
1845 1579 2124 1647 Siquidem

563 1657 706 1711 enim
727 1659 994 1717 dixisset:
1033 1663 1100 1718 Ut
1139 1678 1476 1737 cognoscant
1529 1677 1578 1722 te
1608 1670 1783 1724 solum
1833 1671 2005 1725 Deum
2039 1689 2100 1727 ve

2239 565 2466 630 δικαίως
2485 584 2500 597 ·
2526 568 2624 636 τῆς
2667 569 2798 639 παρ’
2828 568 3076 638 ἑκατέρῳ
3103 571 3226 636 μιᾶς
3254 569 3473 639 ἀληθείας
3497 573 3589 640 μίαν
3616 579 3671 628 καὶ

2239 661 2339 728 τὴν
2377 659 2564 712 οὐσίαν
2600 660 2910 728 δεικνύσης.
2963 655 3096 712 Εἶτα
3143 660 3492 728 ἀναγινώσκεις
3529 665 3600 732 μὲν
3625 667 3672 732 τὸ,

2241 751 2401 818 μόνος
2439 750 2693 819 ἀληθινὸς
2722 751 2854 813 Θεός
2873 767 2888 782 ·
2919 750 2992 812 ὡς
3023 750 3080 803 δὲ
3108 751 3297 818 τυφλὸς
3321 754 3605 820 προσκόπτειν
3630 757 3675 824 τῷ

2240 843 2445 911 ῥήματι
2475 843 2682 912 τούτῳ,
2723 844 2868 913 μόνῳ
2895 843 2974 913 τῷ
3021 845 3192 912 Πατρὶ
3226 843 3582 911 προσαρμόζεις.
3615 848 3677 898 [ιό-

2238 933 2348 997 θεν,
2379 935 2499 986 εξπέ
2533 953 2644 1004 μοι,
2675 937 2804 1006 περὶ
2842 935 2935 988 τοῦ
2978 935 3188 1004 Πατρδς
3217 934 3440 1002 εἰρῆσθαι
3463 935 3677 1008 μαθὼν

2239 1026 2453 1096 (pur/iw;
2532 1026 2626 1078 Ἐκ
2671 1027 2768 1096 τῆς
2816 1025 3048 1092 λέξεως;
3107 1025 3220 1078 ἀλλ’
3261 1026 3352 1077 οὐκ
3385 1025 3583 1094 ὀνομάζει
3610 1029 3679 1079 Πι-

2235 1119 2399 1186 τέρα·
2448 1119 2506 1170 οὗ
2554 1119 2662 1189 γάρ
2695 1115 2878 1180 εἶπεν,
2915 1119 3032 1171 Ἵνα
3064 1117 3362 1184 γινώσκωσί
3395 1134 3445 1168 σε
3480 1118 3547 1168 τὸν
3577 1119 3680 1185 μένον

2233 1209 2485 1280 ἀληθινὸν
2511 1210 2642 1263 Θεὸν
2665 1211 2758 1264 καὶ
2786 1209 3006 1280 Πατέρα
3024 1225 3037 1238 ’
3062 1209 3178 1263 ἀλλ’
3208 1211 3467 1276 ἁφέτωσαν
3490 1210 3558 1261 τὸν
3577 1211 3682 1278 μᾶιον

2233 1302 2482 1372 ἀληθινὸν
2509 1301 2664 1363 Θεὸν,
2696 1302 2850 1362 Θεὸν,
2882 1304 2909 1355 ὅ
2937 1305 3054 1355 ἐστι
3089 1300 3411 1372 προσηγορία
3433 1302 3607 1370 Τριάδος
3623 1303 3682 1353 tu".

2235 1394 2516 1464 σημασία·
2572 1394 2686 1446 ἀλλ’
2733 1393 2854 1446 οὐδὲ
2905 1393 3103 1458 πάλιν,
3156 1396 3251 1446 Ὃν
3293 1394 3568 1455 ἀπέστειλας
3600 1395 3682 1445 Υίὸν

2235 1486 2529 1557 μονογενῆ,
2576 1481 2759 1550 εἶπεν,
2806 1486 2953 1549 ἀλλ’,
3010 1487 3254 1552 Ἰησοῦν
3301 1487 3547 1552 Χριστόν·
3580 1485 3684 1546 εὐθὺς

2230 1579 2294 1646 τῇ
2332 1578 2583 1644 Χριστὸς
2613 1577 2957 1647 προσηγορίᾳ.
2985 1579 3190 1630 νύττων
3216 1593 3304 1629 σου
3330 1577 3412 1627 τὸν
3437 1576 3684 1643 διαλογισμν

2229 1667 2328 1736 τῆς
2361 1668 2674 1735 οἰκονομίας
2728 1668 3056 1738 μνησθῆναι.
3096 1668 3158 1720 Ei
3205 1667 3299 1737 μὲν
3338 1667 3435 1737 γὰρ
3463 1664 3583 1729 εἴτε,
3611 1667 3684 1717 Ἵνα

561 1765 682 1804 rum
715 1761 763 1805 et
798 1751 1032 1821 Patrem,
1067 1759 1377 1814 necessario
1417 1761 1709 1831 :tdjrcisset
1742 1761 1833 1817 Dei
1878 1764 2127 1818 denomi-

2112 1797 2127 1806 .
2164 1743 2204 1800 Β
2233 1758 2540 1827 γινώσκωσί
2576 1777 2633 1812 σε
2665 1758 2755 1812 τὸν
2787 1760 2943 1830 μόνον
2965 1758 3216 1827 ἀληθινὸν
3247 1758 3369 1812 Θεὸν
3397 1758 3477 1812 καὶ
3516 1759 3684 1827 Πατέρα.

560 1844 867 1912 nationem;
921 1865 1043 1903 cum
1106 1862 1285 1906 autem
1343 1871 1450 1908 non
1521 1855 1733 1909 Patrem
1788 1857 1947 1922 dixit,
2007 1858 2126 1912 ideo

557 1936 742 1990 omisit
766 1935 958 1992 Filium
995 1941 1198 1996 dicere.
1234 1943 1348 1998 Non
1390 1946 1534 1999 enim
1575 1963 1860 2014 personas,
1897 1949 1992 2002 sed
2026 1965 2126 2003 na-

557 2036 708 2082 turas
761 2031 920 2086 nobis
968 2035 1220 2102 praebuit,
1257 2046 1309 2090 et
1354 2039 1498 2106 quod
1539 2039 1670 2094 dicit
1712 2057 1907 2104 verum,
1937 2042 2003 2096 de
2041 2044 2126 2096 di-

557 2121 680 2173 vina
718 2132 912 2175 natura
951 2125 1116 2190 dicit;
1146 2136 1219 2191 et,
1257 2143 1417 2196 quem
1482 2129 1678 2184 misisti
1731 2129 1915 2185 Jesum
1963 2133 2125 2187 Chri-

556 2220 721 2276 stum,
746 2213 811 2265 de
843 2214 1075 2266 lnnnana
1109 2217 1241 2271 dicit
1275 2229 1488 2272 natura.
1531 2220 1668 2274 Sicit
1708 2222 1907 2276 Paulus
1945 2223 2075 2276 dicit
2110 2244 2121 2277 :

560 2301 699 2354 Unus
734 2305 991 2357 mediator
1024 2307 1119 2359 Dei
1167 2317 1216 2360 et
1259 2309 1548 2377 hominum,
1597 2313 1749 2365 homo
1789 2313 1944 2368 Jesus
1972 2314 2125 2368 Chri-

554 2402 688 2446 stus.
730 2394 906 2463 Ipsum
953 2400 1096 2450 enim
1155 2401 1368 2466 misisti,
1407 2418 1590 2457 nonne
1635 2403 1927 2459 humanam
1963 2417 2124 2460 natu-

554 2499 666 2537 ram
716 2488 990 2541 ostendit?
1045 2488 1175 2543 Nam
1233 2493 1328 2562 qui
1387 2503 1514 2548 ante
1569 2495 2002 2552 incarnationem
2069 2502 2122 2551 in

554 2577 758 2630 mundo
811 2587 948 2644 erat,
998 2582 1140 2635 sicut
1197 2585 1332 2638 dicit
1389 2587 1746 2656 evangelista,
1808 2589 1861 2642 in
1915 2590 2123 2644 mundo

551 2679 688 2730 erat,
713 2671 988 2738 quomodo
1010 2674 1318 2728 mitteretur
1349 2692 1471 2731 cum
1497 2678 1604 2746 jam
1627 2679 1679 2732 in
1705 2679 1908 2734 mundo
1945 2682 2124 2735 esset?

553 2756 658 2811 Sed
689 2760 815 2828 quid
850 2761 1076 2816 missum
1113 2765 1234 2818 est?
1274 2762 1520 2821 Visibilis
1548 2766 1743 2821 forma.
1781 2767 1920 2834 Quid
1955 2771 2122 2839 igitur

551 2852 685 2918 vult,
762 2853 823 2906 Et
873 2871 1022 2923 quem
1082 2857 1268 2911 misisti
1331 2857 1510 2912 Jesum
1543 2859 1846 2914 Christum?
1900 2859 2114 2916 Rursus

551 2945 894 3016 interrogas?
939 2947 1078 3002 Audi
1133 2966 1146 3003 :
1199 2964 1265 3003 ne
1302 2942 1741 3006 incarnationem
1800 2968 1986 3023 neges,
2053 2967 2121 3006 ne

550 3037 828 3103 psallendo
861 3055 890 3092 a
923 3041 1210 3094 divinitate
1247 3042 1676 3098 incarnationem
1710 3043 1986 3112 sejungas,
2023 3044 2116 3099 sed
2147 3083 2190 3142 ϐ

552 3146 658 3184 una
689 3147 812 3185 cum
847 3131 1131 3187 divinitate
1156 3135 1436 3204 concipias
1464 3135 1859 3189 humanitatem
1893 3152 2112 3190 assum-

553 3233 730 3289 ptam;
779 3234 832 3276 nt
867 3240 1029 3277 unam
1069 3226 1288 3294 quidem
1346 3227 1582 3281 divinam
1630 3238 1875 3281 naturam
1903 3229 1957 3282 in
1994 3227 2119 3282 Tri-

552 3311 717 3364 nitate
743 3328 1032 3381 agnoscas,
1065 3314 1158 3367 sed
1192 3315 1490 3369 novissime
1517 3327 1856 3384 assumptam
1900 3326 1952 3371 et
1992 3318 2095 3371 mis

550 3420 665 3456 sam
701 3403 928 3458 fortnam
973 3415 1031 3460 ut
1068 3407 1298 3477 liguram
1344 3409 1644 3464 divinitatis
1688 3426 1903 3477 cernas,
1936 3421 1992 3466 ut
2042 3411 2122 3465 fa-

546 3497 685 3551 ciem
713 3497 832 3567 ejus
866 3499 1305 3568 inseparabilem.

618 3684 783 3739 Vens.
813 3685 870 3739 4.
909 3683 1018 3752 Ego
1047 3695 1092 3738 te
1130 3686 1424 3755 gloriﬁcari
1468 3704 1622 3755 super
1651 3698 1883 3755 terram;
1916 3691 2120 3746 cultum

551 3774 724 3831 Patris
760 3777 829 3830 ab
858 3777 1172 3831 hominibus
1203 3793 1299 3846 per
1328 3795 1387 3833 se
1414 3780 1716 3833 exliibitum
1748 3781 1902 3835 dicit.

618 3959 784 4015 Vens.
814 3960 866 4014 5.
902 3959 1186 4025 Quomodo
1217 3958 1628 4029 intelligendum
1665 3980 1677 4016 :
1709 3962 1854 4030 Opus
1881 3980 2125 4018 consum-

549 4055 686 4107 mavi
730 4053 869 4122 quod
898 4051 1087 4105 dedisti
1136 4051 1262 4104 mihi
1300 4061 1356 4104 ιιι
1398 4052 1618 4121 faciam,
1656 4065 1894 4110 attamen
1943 4057 2123 4113 adhuc

550 4151 602 4200 in
632 4145 898 4215 principio
923 4160 1008 4199 res
1049 4144 1165 4198 est?
1198 4141 1462 4198 Futurum
1499 4157 1554 4199 ut
1587 4161 1828 4215 praesens
1857 4147 2010 4215 dicit;
2041 4150 2123 4204 vel

547 4239 692 4306 quod
729 4255 794 4293 ex
833 4253 919 4293 me
943 4247 1058 4292 erat
1092 4253 1252 4291 (nunc
1281 4239 1677 4302 consummavi,
1718 4239 2002 4305 Quomodo
2039 4242 2123 4295 in-

548 4329 918 4398 telligendum,
955 4327 1206 4395 Gloriﬁca
1227 4343 1305 4380 me
1331 4326 1501 4395 gloria
1537 4344 1695 4396 quam
1734 4328 1894 4382 habui
1944 4331 2122 4395 prius-

2229 1850 2544 1918 ἀναγκαίως
2577 1853 2751 1920 ἐπῆγε
2782 1850 2918 1904 Θεοῦ
2950 1851 3352 1922 προσηγορίαν
3381 1851 3537 1920 ἐπειδὴ
3563 1850 3604 1901 δὲ
3623 1850 3686 1900 οὐκ

2228 1936 2380 1996 εἶπεν
2416 1943 2664 2013 Πατέρα,
2706 1943 2794 1997 διὰ
2831 1942 2987 1996 τοῦτο
3022 1944 3270 2014 παρῆκεν
3311 1945 3466 1996 εἰπεῖν
3488 1942 3561 1994 καὶ
3586 1941 3685 1996 Υίὸν.

2229 2037 2304 2088 Οὐ
2337 2035 2446 2106 γὰρ
2477 2037 2765 2105 πρόσωπα,
2809 2037 2944 2090 ἀλλά
2981 2037 3172 2106 φύσεις
3205 2039 3331 2107 ἡμῖν
3358 2035 3620 2106 παρεδίδουο
3651 2033 3687 2085 τὸ

2231 2127 2329 2195 μὲν
2360 2127 2635 2195 ἀληθινὸν,
2669 2127 2766 2198 τὴν
2806 2128 2956 2181 θείαν
2985 2128 3146 2196 φύσιν
3169 2145 3184 2159 ο
3212 2128 3272 2181 τὸ
3297 2128 3370 2191 δὲ,
3403 2129 3485 2180 Ὃν
3518 2125 3688 2178 ἀπίστει·

2225 2223 2323 2284 λας
2361 2221 2567 2294 Ἰησοῦν
2600 2221 2856 2290 Χριστὸν,
2894 2222 2992 2290 τὴν
3027 2221 3397 2292 ἀνθρωπείαν·
3423 2220 3570 2281 καθὼς
3595 2218 3686 2271 Παῦ-

2225 2312 2314 2376 λός
2346 2329 2543 2382 φησιν·
2579 2310 2680 2379 Εἷς
2712 2316 2806 2366 καὶ
2837 2317 3090 2381 μεσίτης
3127 2313 3276 2367 Θεοῦ
3311 2312 3400 2366 καὶ
3427 2309 3687 2381 ἀνθρώπων,

2225 2404 2534 2472 ἄνθρωποι,-
2581 2405 2818 2472 Ἰησοῦς
2849 2407 3119 2472 Χριστός.
3150 2406 3290 2458 Αὐτὸ
3315 2406 3414 2475 γὰρ
3435 2403 3486 2456 τὸ
3514 2405 3688 2455 immi-

2224 2495 2335 2558 λαι,
2363 2497 2463 2548 οὐκ
2510 2496 2853 2567 ἀνθρωπείαν
2889 2496 3050 2564 φύσιν
3101 2497 3373 2564 σημαίνει.
3428 2496 3479 2548 '0
3518 2495 3599 2564 γὰρ
3629 2495 3690 2543 καί

2226 2587 2355 2657 πρὶν
2398 2587 2496 2658 τῆς
2540 2587 3002 2658 ὲνανθρωπήσεως
3055 2590 3113 2640 ἐν
3151 2587 3228 2658 τῷ
3259 2588 3435 2656 κόσμῳ
3471 2585 3547 2645 ὢν,
3573 2581 3690 2642 καθώς

2226 2695 2388 2748 φησιν
2421 2681 2448 2731 ὁ
2491 2678 2901 2749 εὐαγγελιστὴς,
2939 2681 2998 2732 ὲν
3031 2678 3108 2750 τῷ
3142 2681 3332 2748 κόσμῳ
3388 2674 3470 2749 ἦν,
3498 2675 3590 2738 πῶς
3625 2675 3692 2725 ἀπ-

2225 2771 2504 2824 εστέλλετο
2531 2773 2558 2824 ὁ
2596 2769 2670 2823 ὢν
2707 2769 2764 2823 ἐν
2785 2770 2862 2841 τῷ
2893 2771 3115 2842 κόσμῳς
3175 2771 3330 2825 Ἀλλὰ
3363 2773 3435 2832 τίς
3462 2767 3692 2833 diremit;

2233 2858 2295 2912 Ἥ
2328 2861 2636 2930 βλεπομένη
2667 2864 2867 2931 μορφή.
2907 2862 2972 2914 Τί
2997 2862 3087 2915 οὖν
3108 2904 3121 2928 ,
3158 2864 3323 2932 φησὶ,
3352 2861 3586 2932 βούλεται,
3622 2857 3690 2910 Kal

2222 2952 2293 3004 ὃν
2321 2951 2686 3019 ἀπέστειλας
2750 2955 2995 3020 Ἰησοῦν
3017 2956 3309 3022 Χριστόν;
3347 2954 3493 3006 Πάλιν
3523 2951 3692 3020 ἐρωτᾷςς

2226 3047 2458 3099 Ἀκουε·
2497 3047 2584 3099 ἵνα
2637 3048 2712 3117 μὴ
2764 3049 2867 3118 τὴν
2916 3049 3235 3118 οἰκονομίαν
3286 3050 3508 3119 ἀρνήσῃ·
3555 3044 3620 3096 ἵνα
3648 3039 3694 3108 μὴ

2223 3135 2550 3205 δοξολογῶν,
2587 3137 2684 3208 τῆς
2731 3137 2986 3208 θεότητος
3030 3136 3129 3208 τὴν
3165 3140 3460 3205 οἰκονομίαν
3487 3139 3687 3205 κωρίςῃςι

2223 3227 2338 3282 ἀλλ’
2397 3227 2512 3297 ἃμα
2545 3228 2758 3299 θεότητι
2803 3233 3125 3299 συνεπινοῇς
3169 3231 3229 3284 τὸ
3265 3229 3486 3298 ληφθέν·
3522 3227 3586 3278 ἵνα
3611 3223 3694 3291 μίαν

2225 3318 2323 3389 μὲν
2349 3317 2445 3387 τὴν
2476 3317 2624 3370 θείαν
2649 3318 2809 3385 φύσιν
2834 3321 2892 3371 ὲν
2924 3318 3119 3390 Τριάδι
3149 3320 3417 3389 γινώσκῃς
3437 3335 3448 3346 ·
3476 3315 3556 3384 τὴν
3580 3312 3619 3364 δὲ
3641 3307 3696 3361 ἐπ’

2223 3411 2467 3480 ἐσχάτων
2515 3410 2814 3479 ληφθεῖσαν
2868 3412 2960 3485 καὶ
3007 3413 3404 3464 ἀποσταλεῖσαν
3451 3405 3617 3476 μορφὴν
3647 3400 3696 3459 ὡς

2221 3501 2550 3572 Χαρακτῆρα
2588 3501 2792 3573 βλέπῃς
2834 3502 3111 3572 θεότητος.
3174 3503 3250 3565 ὡς
3289 3501 3547 3571 πρόσωπον
3581 3490 3697 3545 ἀδιαί-

2224 3609 2377 3662 ρετον
2409 3591 2634 3660 ταύτης.

2293 3683 2402 3744 Τὸ,
2461 3684 2606 3752 Ἐγώ
2657 3699 2731 3737 σε
2776 3683 3042 3746 ἐδόξασα
3079 3682 3183 3736 ἐπὶ
3228 3682 3335 3750 τῆς
3382 3678 3511 3749 τῆς,
3551 3675 3623 3744 τὴν
3656 3669 3696 3724 δι’

2223 3775 2389 3827 αὐτοῦ
2437 3775 2545 3827 τῶν
2591 3774 2896 3845 ἀνθρωπων
2947 3775 3083 3842 πρὸς
3126 3775 3225 3828 τὸν
3269 3773 3470 3839 Πατέρα
3512 3763 3695 3835 λατρείαν

2223 3866 2396 3936 λέγει.
2657 3934 2669 3941 ⁵
3655 3930 3658 3933 γ

2296 3958 2419 4022 Πῶς
2471 3956 2687 4028 νοητέον
2730 3957 2824 4019 τὸ,
2869 3957 3084 4025 Ἔργον
3129 3957 3444 4010 ἐτελείωσα
3473 3952 3499 4005 ὃ
3543 3942 3697 4004 ἔδωκάς

2221 4066 2322 4119 μοι
2371 4051 2472 4103 ἵνα
2527 4047 2797 4115 ποιήσω,
2855 4049 3032 4100 καίτοι
3091 4064 3159 4116 γε
3212 4047 3382 4117 ἀρχὴν
3435 4043 3504 4096 ἔτι
3544 4034 3628 4108 εἶχε
3660 4035 3698 4084 τὸ

2225 4145 2492 4212 “ﬂii”;
2518 4141 2592 4194 Τδ
2622 4140 2816 4209 μέλλον
2845 4140 2921 4202 ὡς
2951 4140 3124 4209 παρὸν
3155 4141 3304 4207 λέγει
3322 4155 3336 4170 ο
3362 4138 3392 4208 ἢ
3421 4138 3494 4190 ὃτι
3515 4132 3699 4223 Τδὲμιινῐ

2224 4235 2319 4287 τοῦ
2365 4237 2472 4288 πᾶν
2509 4234 2759 4304 ἐποίησα.
2800 4233 2926 4296 Πῶς
2963 4236 3168 4286 νοεῖται
3200 4233 3283 4297 τὺ,
3317 4226 3556 4294 Δόξσσόν
3575 4234 3696 4290 μετῇ

2224 4324 2372 4390 δόξῃ
2403 4317 2442 4394 ᾖ
2467 4319 2654 4391 εἶχον,
2697 4323 2810 4390 πρὸ
2835 4323 2938 4376 τοῦ
2989 4323 3097 4376 τὸν
3147 4324 3378 4390 κόσμον
3415 4315 3563 4379 εἶναι,
3593 4307 3697 4375 παρὰ

545 4438 702 4490 quam
752 4421 977 4473 ummlus
1031 4429 1184 4484 esset,
1219 4419 1359 4488 apud
1408 4420 1505 4472 te?
1542 4419 1622 4474 Ob
1673 4421 1852 4476 carnis
1881 4422 2117 4476 circum-

2157 4423 2198 4478 D
2226 4416 2328 4469 σοι
2347 4431 2364 4476 ;
2394 4415 2492 4467 Διά
2520 4413 2580 4467 τὺ
2612 4413 2997 4484 περικείμενον
3026 4414 3233 4484 ἔνδυμα
3259 4415 3356 4483 τῆς
3390 4407 3560 4478 σαρκὸς
3583 4401 3697 4466 λέγει·

545 4513 746 4583 Ῑεέιιιηι
784 4513 1162 4566 indumentum
1225 4511 1374 4565 dicit.
1410 4514 1560 4579 Apud
1629 4522 1697 4574 te,
1733 4529 1851 4581 pro,
1886 4513 2018 4567 Cum
2069 4523 2118 4568 te

546 4613 594 4658 et
618 4605 775 4674 juxta
805 4613 889 4668 te;
932 4619 1034 4656 non
1067 4604 1210 4656 enim
1251 4602 1382 4656 dicit
1411 4604 1462 4655 in
1498 4613 1660 4658 terra.
1701 4603 1768 4656 Et
1793 4605 1970 4658 aliter.
1998 4603 2116 4658 Non

550 4713 644 4765 pro
675 4714 734 4751 se
768 4697 881 4749 lure
908 4695 1059 4759 dicit,
1088 4694 1181 4749 sed
1239 4709 1336 4765 pro
1366 4695 1534 4747 Adam
1593 4709 1750 4762 quem
1802 4696 2118 4764 assumpsit.

550 4788 704 4841 Sicut
734 4786 876 4841 enim
905 4785 1101 4853 aliquis
1132 4785 1296 4838 intrat
1325 4785 1375 4836 in
1410 4785 1724 4852 praetorium
1763 4792 1816 4836 ct
1855 4785 2112 4839 omnibus

548 4879 791 4931 accusati
823 4877 1142 4932 eriiniuibus
1206 4876 1466 4940 induitur,
1516 4885 1565 4931 et
1601 4886 1857 4946 umquam
1915 4892 2012 4946 pro
2059 4893 2120 4932 se

549 4985 732 5023 coram
764 4968 949 5038 judice
974 4970 1234 5038 loquitur,
1280 4968 1407 5023 licet
1457 4969 1571 5039 ipse
1614 4969 1778 5023 fuerit
1828 4969 2116 5031 innocens,

547 5059 734 5114 eodem
768 5059 926 5113 modo
956 5060 1221 5112 Dominus
1255 5068 1441 5113 noster
1491 5060 1723 5114 assumit
1775 5071 1961 5112 nostra
2015 5058 2119 5110 cri-

549 5153 861 5212 tnina,cum
895 5149 1010 5204 sine
1041 5158 1261 5219 peccato
1296 5159 1469 5216 esset;
1509 5158 1790 5218 peccatum
1823 5152 1967 5203 enint
2009 5165 2116 5202 non

549 5243 697 5305 fecit,
730 5255 781 5297 ct
816 5256 912 5310 pro
942 5241 1099 5295 nobis
1133 5240 1398 5309 legatione
1431 5240 1694 5302 fungitur.
1735 5239 1989 5306 Gloriﬁca
2043 5256 2121 5292 me

548 5335 716 5404 gloria
766 5351 922 5405 quam
955 5333 1115 5386 habui
1162 5333 1471 5402 priusquam
1526 5333 1752 5385 mundus
1800 5341 1952 5394 esset,
1981 5333 2119 5400 apud

553 5441 600 5482 te
627 5446 645 5482 :
680 5429 734 5482 in
774 5427 1183 5495 incorruptione
1219 5427 1362 5479 enim
1393 5424 1568 5478 factus
1603 5440 1751 5477 eram
1789 5439 1889 5487 ego
1924 5424 2117 5486 Adam,

552 5521 964 5575 conversatione
1000 5517 1090 5574 Dei
1123 5517 1362 5578 fruebar,
1393 5517 1707 5584 angelorum
1753 5532 1952 5570 mensa:
1999 5531 2124 5584 par-

557 5611 868 5678 lit'ipabnttt,
905 5611 1140 5678 Spiritus
1194 5609 1365 5663 sancti
1407 5607 1635 5676 gratiam
1681 5618 1734 5660 et
1786 5608 2012 5675 gloriam
2066 5608 2118 5660 in

561 5699 739 5759 [.‘Ulllc
771 5696 1004 5750 ferebam
1041 5717 1052 5749 :
1095 5699 1232 5751 hanc
1269 5714 1362 5767 per
1405 5712 1579 5750 meam
1631 5699 2116 5767 transgressionem

2223 4507 2296 4558 Τὸ
2322 4507 2399 4568 δὲ,
2432 4506 2590 4573 παρὰ
2620 4505 2739 4564 σοὶ.
2771 4507 2892 4560 ἀντὶ
2917 4505 3034 4568 τοῦ,
3059 4505 3212 4574 μετὰ
3239 4504 3354 4559 σοῦ
3383 4501 3471 4556 καί
3493 4498 3590 4551 σὺν
3608 4490 3697 4544 σοί·

2220 4597 2282 4651 οὐ
2316 4599 2424 4666 γάρ
2457 4594 2631 4661 εἴπεν,
2683 4598 2805 4650 Ἐπὶ
2831 4599 2929 4666 τῆς
2956 4601 3080 4667 γῆς.
3115 4597 3225 4651 Καὶ
3253 4596 3473 4657 ἄλλως·
3500 4589 3589 4682 Οὺγ
3605 4580 3698 4682 me

2221 4689 2414 4744 ἑαυτοῦ
2453 4691 2627 4744 ταῦτα
2668 4689 2839 4757 λέγει,
2881 4689 2996 4741 ἀλλ’
3028 4689 3170 4758 ὑπὲρ
3206 4687 3300 4740 τοῦ
3355 4685 3534 4750 ’Δδὰμ,
3563 4678 3608 4728 ὃν
3638 4678 3699 4723 καὶ

2221 4781 2502 4834 ἀνέλαϐεν.
2541 4782 2754 4851 Ὠσπερ
2789 4782 2898 4849 γάρ
2945 4798 3032 4844 τις
3077 4780 3386 4850 εἰσέρχεται
3422 4775 3490 4835 είς
3522 4769 3570 4822 «o
3598 4765 3699 4818 διεεσ

2224 4873 2440 4942 στήριον
2481 4873 2575 4925 καὶ
2617 4873 2794 4926 πάντα
2844 4874 2914 4925 τὰ
2967 4873 3289 4941 ἐγκλήματα
3329 4869 3418 4922 τοῦ
3457 4869 3699 4948 κατητορσδς

2226 4965 2386 5036 μένου
2435 4965 2696 5028 ἐνδύεται,
2737 4965 2831 5017 καὶ
2861 4965 2935 5027 ὡς
2977 4965 3116 5034 ὑπὲρ
3153 4960 3352 5016 ἑαυτοῦ·
3381 4960 3513 5026 λέγει
3550 4949 3697 5036 irrier

2222 5057 2511 5119 δικαστοῦ,
2566 5057 2744 5110 καίτοι
2805 5056 2881 5109 ὢν
2919 5057 3083 5119 αὐτὸς
3126 5055 3414 5114 ἀνεύθυνος
3437 5067 3450 5081 ⁸
3485 5045 3557 5098 τὸν
3592 5033 3698 5131 ﬁt?"

2221 5147 2422 5216 τρόπον
2463 5148 2556 5201 καὶ
2605 5149 2632 5199 δ
2673 5146 2876 5218 Κύριος
2903 5148 3064 5217 ἡμῶν
3107 5143 3468 5214 ἀναλαμὸἀνει
3505 5129 3694 5228 21A

2222 5241 2546 5310 ἐγκλήματα
2595 5241 2981 5310 ἀναμάρτητος
3034 5239 3130 5292 ὢν.
3195 5233 3482 5306 Ἀμαρτίαν
3520 5226 3603 5294 γὰρ
3631 5226 3692 5267 ⁰³²

2223 5330 2479 5394 ἐποίησε,
2510 5331 2604 5383 καὶ
2636 5330 2776 5398 ὑπὲρ
2815 5328 2974 5397 ἡμῶν
3027 5324 3355 5396 πρεσϐεύειν
3401 5310 3620 5378 Δόεασόν
3645 5311 3691 5398 tif

2223 5421 2296 5489 τῇ
2314 5421 2423 5485 δόξ
2435 5439 2466 5488 ῃ
2501 5415 2540 5491 ᾖ
2559 5421 2746 5489 εἶχον,
2767 5421 2882 5487 πρὸ
2909 5418 3013 5472 τοῦ
3044 5417 3149 5470 τὸν
3165 5416 3391 5482 κόσμον
3417 5404 3563 5463 εἶναι,
3581 5401 3690 5496 fili":

2223 5478 2344 5567 col.
2386 5478 2835 5583 ἀερθαρσίά
2883 5509 2994 5580 γὰρ
3039 5509 3184 5579 ἥμην
3217 5478 3547 5570 πεποιημένος
3579 5478 3690 5583 tia"

2238 5605 2436 5676 Ἀδὰμ,
2497 5576 2779 5672 συνδμιλος
2810 5576 2939 5670 ’Θεῷ
2964 5576 3308 5666 ’ἐτύγχανον
3359 5587 3570 5676 “imi;

2225 5695 2618 5770 ὁμοτράπεζος,
2659 5694 2974 5766 [Ινεύματος
3003 5692 3156 5760 ἁγίου
3195 5687 3350 5758 χάριν
3382 5679 3462 5736 καὶ
3494 5673 3614 5737 δόξαν
3634 5674 3680 5713 επ
