3982 6214
183 355 295 416 12η

1207 358 1526 419 SCHOLIA
1573 361 1865 420 VETERA
1903 361 1984 420 IN
2024 360 2397 421 JOANXEM.

3270 326 3440 430 1273:

173 468 320 536 δψ;ω;
357 466 581 534 ἔφερον·
631 467 835 539 ταύτην
881 469 968 521 διὰ
1013 471 1110 538 τῆς
1163 471 1302 540 ἐμῆς
1353 470 1716 540 παραϐάσεως

1838 472 2010 536 unisi;
2041 489 2185 527 nunc
2217 490 2316 528 oro
2350 492 2362 527 :
2398 475 2646 543 (.‘lori/ica
2685 493 2782 539 me,
2823 475 2999 541 Pater,
3033 479 3202 548 gloria
3241 499 3405 547 quant

171 559 415 612 ἀπώλεσα.
438 557 552 610 Νῦν
575 559 823 622 ἱκετεύω,
848 559 1120 623 Δόξασόν
1134 578 1229 630 με.
1255 561 1466 628 Πάτερ,
1486 560 1720 629 τῇδόξῃ

173 651 206 719 ᾖ
235 646 380 718 εἶχον
428 649 543 718 πρὸ
586 651 695 704 τοῦ
725 653 832 705 τὸν
882 654 1115 722 κόσμον
1159 649 1334 707 εἷναι.
1374 654 1466 706 Διὸ
1511 655 1720 708 ἄνωθεν

170 744 562 811 ἀντιφθέγγεται
595 746 623 796 ὁ
660 745 880 816 Πατήρ*
916 746 1023 801 Καὶ
1064 746 1332 811 ἐδόξασα
1369 749 1502 802 τότε
1539 748 1608 800 ἐν
1640 746 1721 812 τῷ

168 837 500 904 παραδείσῳ,
533 837 629 890 καὶ
662 837 848 890 πάλιν
876 839 1140 904 δοξάσω,
1170 841 1259 904 εἷς·
1293 859 1356 894 τε
1387 841 1500 907 τὴν
1525 840 1720 905 αὐτὴν

166 929 260 981 τοῦ
302 927 666 996 παραδείσου
720 929 901 998 τιμὴν
953 931 1051 984 καὶ
1112 933 1349 1000 τρυφήν
1400 949 1473 985 σε
1530 933 1718 985 πάλιν

163 1020 640 1089 ἀποκαταστήσω.
680 1024 803 1077 Ὅτι
849 1024 907 1076 δὲ
947 1024 1120 1078 ταῦτα
1168 1025 1256 1078 ὅτε
1297 1025 1483 1091 ἔλεγεν
1523 1029 1550 1078 ὀ
1589 1027 1716 1090 Υἱὸς

159 1110 246 1163 τοῦ
270 1111 392 1165 Θεοῦ
426 1109 537 1182 εἶχε
567 1114 666 1183 τὴν
696 1113 854 1180 δόξαν
889 1115 1012 1184 ίσην
1050 1116 1126 1184 τῷ
1164 1116 1354 1186 “arpi,
1393 1116 1555 1180 αὐτὸς
1597 1117 1709 1170 ἔλε-

160 1219 274 1270 γενο
313 1203 456 1272 Ἐγὼ
502 1206 602 1258 καὶ
655 1209 687 1259 d
727 1207 929 1275 Πατὴρ
969 1207 1039 1260 ἓν
1078 1207 1302 1275 ἐσμενο
1339 1206 1437 1261 καὶ
1479 1210 1511 1261 ὁ
1540 1207 1716 1274 ἑωρα-

158 1293 267 1358 κὼς
291 1293 408 1362 ἐμὲ.
440 1295 662 1362 ἑώρακε
691 1295 796 1349 τὸν
819 1297 1066 1363 Πατέρα.
1096 1298 1207 1349 Καὶ
1228 1297 1255 1348 ὀ
1293 1297 1547 1368 Ἰωάννης
1581 1299 1679 1370 βοᾷ
1697 1315 1710 1328 ·

1823 565 1984 617 habui
2006 569 2312 635 priusquam
2353 568 2579 621 mundus
2625 578 2775 621 esset.
2818 568 2946 623 Ideo
2987 586 3052 624 ex
3111 571 3222 626 alto
3276 590 3407 626 con-

1828 665 2054 710 testatur
2084 656 2264 722 Pater,
2302 656 2362 710 Et
2396 658 2694 727 gloriﬁcavi
2714 670 2835 713 tunc
2864 662 2916 712 in
2935 664 3207 727 paradiso,
3232 673 3280 715 et
3311 663 3406 716 ite-

1825 763 1940 798 rum
1977 746 2308 816 gloriﬁcabo,
2337 759 2384 801 et
2426 749 2478 800 in
2527 749 2761 802 eamdem
2810 751 3052 818 paradisi
3097 754 3321 820 gloriam
3355 761 3406 805 et

1825 839 2139 906 voluptatem
2169 848 2217 892 te
2243 841 2429 892 iterum
2476 841 2815 894 constituam.
2849 841 3002 906 Quod
3054 854 3257 904 autem,
3295 845 3408 897 lure

1821 947 1944 984 cum
1971 929 2374 986 diceretit‘ilius
2407 931 2501 985 Dei
2542 935 2803 1000 :equaletu
2851 934 3248 988 babueritcum
3303 935 3407 988 Pa-

1819 1032 1902 1077 tre
1938 1021 2186 1090 gloriam.
2220 1024 2336 1090 ipse
2370 1021 2508 1075 dixit
2541 1041 2553 1075 :
2591 1023 2702 1092 Ego
2723 1037 2771 1076 et
2818 1023 2977 1078 Pater
3001 1043 3162 1079 unum
3199 1044 3403 1090 sumus,

1822 1125 1869 1169 et
1894 1115 1982 1183 qui
2014 1114 2150 1166 videt
2184 1130 2285 1178 me,
2316 1114 2451 1166 videt
2479 1123 2528 1166 et
2554 1112 2802 1180 Patrem;
2833 1127 2883 1168 et
2908 1116 3144 1170 Joannes
3168 1120 3404 1172 clatttnt:

1826 1207 2064 1261 Vidimus
2121 1205 2346 1276 gloriam
2399 1204 2536 1272 ejus,
2584 1205 2810 1274 gloriam
2853 1208 3006 1275 quasi
3078 1207 3344 1275 Unigeniti
3375 1227 3404 1261 a

1823 1298 2005 1356 Patre.
2039 1300 2248 1366 plenum
2285 1298 2473 1366 gratia:
2502 1306 2550 1351 et
2590 1298 2853 1351 veritatis.

170 1383 545 1454 Ἐ’θεασὰμεθα
571 1386 686 1453 τὴν
713 1385 904 1451 δόξαν
929 1386 1148 1451 αὐτοῦ,
1191 1386 1382 1450 δόξαν
1415 1387 1498 1452 ὡς
1549 1387 1930 1455 Μονογενοῦς
1989 1385 2148 1453 παρὰ
2215 1386 2476 1452 Πατρός,
2527 1385 2769 1453 πλήρης
2829 1385 3070 1454 χάριτος
3122 1388 3217 1439 καὶ
3260 1389 3408 1448 dtu-

154 1485 326 1536 ﬂetur.

223 1503 276 1535 ta
311 1521 326 1536 .

221 1503 308 1639 Τὸῗ
342 1576 468 1628 Νῦν
497 1574 786 1641 ἔγνωκαν,
824 1573 887 1626 οὐ
919 1574 988 1626 δι’
1022 1575 1212 1628 ἑαυτὸν
1245 1575 1416 1641 λαλεῖ,
1450 1575 1585 1628 ἀλλὰ
1625 1576 1712 1629 διὰ

145 1668 268 1729 τοὺς
300 1665 565 1735 μαθητάς.

221 1759 291 1813 Τὰ
317 1757 424 1825 ἐμὰ
461 1759 658 1809 πάντα
706 1758 788 1810 σά
822 1758 985 1822 ἐστι,
1032 1759 1128 1813 καὶ
1173 1759 1246 1814 τὰ
1290 1757 1372 1812 σὰ
1416 1758 1549 1828 ἐμά.
1603 1759 1714 1828 Τὴν
1747 1789 1792 1848 Β

145 1849 400 1919 μεγίστην
437 1846 707 1916 ἰσοτιμίαν
733 1846 904 1916 δηλοῖ.

211 1941 316 2004 Τὸ,
375 1941 650 2007 Τήρησον
697 1940 955 2005 αὐτοὺς,
1008 1939 1233 2006 Πάτερ,
1288 1941 1380 1993 καὶ
1420 1940 1515 2002 τὸ,
1575 1940 1716 1992 Ὅτε

139 2033 298 2102 ἥμην
312 2033 379 2085 ἐν
405 2031 486 2096 τῷ
509 2031 735 2098 κόσμῳ,
762 2029 877 2099 ἐγὼ
903 2031 1160 2098 ἐτήρουν
1176 2032 1421 2094 αὐτοὺς,
1451 2031 1585 2102 πρὸς
1611 2029 1710 2100 τὴν

137 2125 356 2177 ἐκείνων
379 2123 633 2184 ὑπόνοιαν
654 2121 872 2190 λέγεται
893 2140 904 2151 ’
933 2121 1182 2192 ἐνόμιζον
1203 2127 1311 2193 γὰρ
1333 2123 1414 2176 ὅτι
1438 2122 1715 2190 τεθνηκὼς

134 2221 197 2272 οὐ
233 2219 453 2288 τηρήσει
486 2215 704 2279 αὐτούς.

207 2310 312 2371 Τὸ,
358 2307 560 2374 Καθὼς
605 2311 717 2361 οὐκ
761 2307 877 2374 ειμι
925 2306 1039 2375 ἐγὼ
1067 2307 1133 2359 ἐκ
1172 2305 1277 2360 τοῦ
1316 2307 1582 2373 κόσμου,
1616 2305 1715 2357 οὐκ

130 2404 282 2456 ἔστιν
330 2400 744 2469 ἀπαράλλακτον
789 2398 1111 2467 ἀκριϐείας.
1165 2397 1354 2466 ὥσπερ
1395 2397 1476 2457 τὺ,
1513 2393 1717 2458 Καθὼς

129 2495 249 2563 ἐγὼ
281 2493 375 2546 καὶ
426 2491 508 2545 σὺ
563 2490 632 2544 ἓν
664 2491 884 2560 ἐσμεν,
923 2491 1090 2559 ἦγουν
1129 2492 1193 2542 ὲκ
1224 2488 1332 2541 τῶν
1365 2490 1432 2540 τὰ
1475 2486 1717 2556 κοσμικὰ

128 2585 496 2658 φρονούντων.

204 2677 270 2728 Τί
294 2679 461 2738 ἐστιν,
517 2673 793 2742 Ἀτίασον
824 2670 1046 2736 αὐτοὺς
1077 2669 1140 2722 ἐν
1175 2669 1249 2736 τῇ
1278 2670 1526 2736 ἀληθείᾳ
1560 2685 1716 2731 σου;

124 2768 432 2832 τουτέστιν,
471 2765 684 2834 Ἀγίους
713 2763 936 2831 ποίησον
958 2763 1155 2825 αὐτοὺς
1186 2762 1271 2814 διὰ
1298 2762 1397 2829 τῆς
1430 2761 1524 2814 τοῦ
1553 2762 1718 2814 [Ινεύο

129 2878 307 2928 ματος
348 2859 548 2921 δόσεως
573 2871 587 2886 ’
624 2855 897 2910 παιδεύων
935 2855 1146 2918 δίδαξον
1183 2854 1382 2915 αὐτοὺς
1435 2853 1536 2921 τὴν
1585 2853 1718 2924 ἁλή-

124 2955 310 3006 οειαν.

201 3044 271 3095 Τί
328 3043 447 3096 ἐστι
503 3041 600 3102 τὸ,
673 3037 852 3105 ’Υπὲρ
913 3035 1114 3090 αὐτῶν
1162 3033 1373 3105 ἁγιάζω
1416 3034 1715 3102 ἐμαυτόν;

1893 1574 2058 1630 Vens.
2097 1574 2146 1626 7.
2187 1573 2343 1628 Nunc
2378 1588 2748 1645 cognoverunt.
2789 1578 2908 1632 Non
2949 1589 3169 1649 propter
3218 1597 3276 1635 sc
3328 1582 3408 1636 lo-

1822 1666 2031 1735 quitur.
2072 1665 2165 1720 sed
2201 1678 2421 1735 propter
2455 1668 2777 1733 discipulos.

1897 1758 2062 1812 Vens.
2124 1757 2209 1812 IO.
2268 1757 2462 1814 Omnia
2497 1777 2614 1814 mea
2672 1771 2766 1814 tua
2800 1774 2944 1828 sunt,
2999 1773 3048 1816 et
3108 1775 3199 1818 tua
3253 1779 3408 1827 mea;

1822 1849 2113 1902 maximam
2144 1849 2514 1918 :equalitalem
2551 1852 2813 1904 ostendit.

1889 1937 2057 1993 Vens.
2093 1941 2177 1994 11.
2215 1939 2377 1994 Serva
2417 1957 2526 2005 eos,
2590 1941 2776 2005 Pater,
2821 1953 2893 2004 et,
2949 1944 3079 1998 Cum
3135 1964 3299 1999 essent
3356 1948 3410 2000 in

1819 2032 2037 2092 mundo,
2069 2047 2160 2099 ego
2186 2032 2460 2085 servabam
2489 2049 2599 2096 eos,
2634 2034 2704 2086 ob
2737 2049 2927 2088 eorum
2975 2037 3284 2104 opinionem
3324 2039 3411 2090 di-

1817 2120 2162 2185 eitur;nune
2187 2123 2452 2191 putabant
2494 2122 2647 2177 illum
2720 2139 2846 2177 cum
2910 2135 3159 2182 mortuus
3217 2127 3404 2188 fuerit,

1817 2228 1924 2265 ηοη
1953 2229 2048 2265 COS
2079 2222 2444 2267 servaturum.

1891 2301 2056 2356 Vens.
2091 2305 2175 2357 ib.
2207 2302 2356 2357 Sicut
2376 2319 2468 2373 ego
2497 2321 2597 2357 non
2638 2323 2754 2358 sum
2783 2306 2849 2360 d3
2880 2306 3098 2372 mundo;
3140 2308 3189 2361 id
3223 2319 3302 2362 est
3345 2309 3412 2363 de

1820 2395 1904 2448 his
1936 2394 2030 2462 qui
2085 2395 2358 2448 mundana
2407 2395 2666 2465 sapiunt;
2696 2397 2842 2466 quod
2880 2413 3044 2452 sensu
3078 2400 3144 2452 ab
3193 2416 3258 2453 eo
3293 2399 3403 2453 dit—

1819 2484 1944 2550 fert,
1969 2485 2110 2539 sicut
2137 2485 2202 2538 Et
2224 2502 2316 2554 ego
2340 2497 2388 2539 et
2419 2497 2475 2539 tu
2501 2505 2663 2540 unum
2688 2504 2892 2541 sumus.

1894 2668 2052 2723 Vnus.
2092 2669 2176 2722 Π.
2239 2668 2378 2735 Quid
2435 2679 2540 2735 est,
2604 2669 2898 2740 Sanctiﬁca
2927 2687 3015 2724 eos
3078 2672 3132 2726 in
3192 2673 3410 2726 veritate

1821 2768 1910 2814 tua
1937 2761 2045 2814 ?ll
2090 2771 2193 2823 est,
2230 2773 2449 2816 sanctos
2484 2762 2635 2816 edice
2685 2763 2809 2818 illos
2863 2779 2958 2832 per
3011 2763 3252 2834 Spiritus
3304 2764 3408 2818 do-

1821 2871 1951 2907 num
1994 2854 2293 2917 instruens,
2322 2855 2457 2908 doce
2493 2853 2614 2909 illos
2642 2853 2946 2908 veritatem.

1895 3034 2058 3091 Vens.
2097 3037 2181 3091 l9.
2223 3035 2362 3103 Quid
2400 3045 2484 3091 est
2517 3055 2530 3091 :
2569 3035 2672 3089 Pro
2702 3035 2776 3090 eis
2822 3052 2914 3106 ego
2964 3036 3239 3104 sanctiﬁco
3286 3035 3415 3088 mei-

123 3140 460 3201 Τουτὲστιν,
517 3135 818 3206 Προσφέρω
850 3152 931 3187 σοι
969 3133 1161 3186 Θυσίαν
1207 3131 1480 3202 ἐμαυτόνο
1516 3129 1574 3182 αἱ
1611 3129 1717 3196 γὰρ

1838 3129 2011 3180 rsum?
2053 3127 2107 3180 Id
2155 3137 2258 3191 est,
2308 3126 2476 3181 oﬂ‘ero
2525 3127 2622 3182 tibi
2668 3127 2938 3197 meipsum
2978 3128 3235 3181 hostiam.
3275 3126 3407 3179 Nam

123 3235 351 3294 ίὶυσίαι,
398 3231 552 3298 ἅγιαι
591 3229 874 3295 λέγονται⁸
928 3227 1003 3290 ὡς
1041 3230 1136 3291 τδ,
1195 3223 1483 3294 Ἀγιάσεις
1513 3239 1615 3291 μοι
1649 3220 1714 3272 τὸ

123 3325 461 3392 πρόϐατον,
495 3323 555 3374 ὲν
587 3324 652 3390 τῇ
686 3321 917 3390 Παλαιᾷ.

204 3411 312 3469 Τὸ,
351 3411 484 3464 Ἵνα
536 3409 788 3474 πάντες,
840 3409 1034 3477 φησὶν,
1081 3406 1151 3461 ἐν
1195 3401 1341 3470 ὦσι,
1373 3404 1566 3470 καθὼς
1599 3403 1715 3466 σὺ,

119 3503 328 3569 "deep
350 3544 364 3565 ,
394 3502 464 3554 ἐν
505 3502 631 3570 ἐμοὶ
657 3540 671 3562 ,
710 3500 870 3568 κάγὼ
905 3501 974 3553 ἐν
1017 3500 1144 3565 σοί,
1177 3501 1278 3552 ἵνα
1314 3499 1409 3552 καὶ
1442 3497 1612 3550 αὐτοὶ
1652 3498 1720 3548 ἐν

116 3596 286 3662 ’ἡμῖν
312 3595 382 3648 ἓν
405 3591 535 3657 ὦσι,
573 3593 732 3647 πάλιν
752 3595 832 3655 τὸ,
862 3594 1076 3659 καθὼς,
1110 3595 1212 3647 οὐκ
1245 3594 1506 3664 ἀκριϐοῦς
1529 3583 1718 3657 ἐξισίῦ-

120 3707 278 3752 σεως
314 3689 391 3752 ὡς
426 3691 510 3742 ἐπ’
547 3687 696 3757 αὐτῷ
720 3705 734 3718 ο
779 3687 900 3740 οὐδὲ.
935 3690 1045 3758 γὰρ
1077 3688 1300 3740 δυνατόν
1325 3703 1340 3716 '
1371 3685 1486 3738 ἀλλ’
1530 3685 1719 3752 ὥσπερ

117 3785 207 3836 ὅτ’
253 3783 325 3834 ἂν
369 3780 540 3850 λέγῃθ
597 3781 850 3833 Γίνεσθε
893 3781 1293 3846 οίκτείρμονες
1329 3777 1409 3842 ὡς
1451 3780 1482 3831 ὀ
1521 3775 1720 3843 Πατὴρ

119 3874 340 3938 ὑμῶν’
388 3871 530 3924 οὕτω
567 3872 660 3924 καὶ
692 3870 948 3923 ἐνταῦθα.
983 3871 1048 3923 Τί
1086 3869 1142 3922 δέ.
1175 3871 1292 3922 ἐστι
1319 3869 1398 3930 τὸ,
1440 3869 1508 3921 ἐν
1536 3867 1719 3938 their;

116 3968 200 4020 Τὸ
238 3967 302 4018 ὲν
340 3967 407 4035 τῇ
459 3964 637 4015 πίστει
665 3967 733 4033 τῇ
780 3965 858 4026 εἰς
903 3964 1070 4033 ἡμᾶς.
1111 3963 1258 4016 Ἀνω
1304 3962 1396 4016 καὶ
1430 3965 1581 4016 κάτω
1631 3961 1718 4014 διὰ

117 4060 360 4111 πάντων
409 4057 500 4109 τὸν
551 4056 678 4108 Υἱὺν
707 4055 1045 4109 ἀπεστάλθαι
1086 4056 1404 4126 προφέρεις,
1435 4049 1478 4107 ὧ
1510 4055 1718 4124 Ἀρειε,

115 4155 203 4214 ὡς
245 4150 502 4220 μείζονος
529 4151 628 4218 μὲν
658 4150 758 4202 τοῦ
780 4149 1202 4210 ἀποστέλλοντος
1229 4149 1403 4212 ὄντος,
1437 4148 1720 4209 ἐλάττονος

112 4246 179 4297 δὲ
214 4244 316 4297 τοῦ
341 4243 834 4310 ἀποστελλομένου.
868 4244 966 4294 Ἂν
983 4238 1076 4294 οὖν
1109 4243 1173 4293 ὲκ
1198 4243 1298 4309 τῆς
1319 4241 1471 4300 Θείας
1499 4239 1720 4307 Γραφῆς

112 4341 224 4390 7.1!
247 4339 348 4389 τὸν
378 4335 599 4405 Πατέρα
624 4353 706 4387 σοι
729 4334 886 4399 δείξω
913 4333 1400 4403 ἀποστελλόμενον,
1434 4326 1479 4385 ὦ
1507 4333 1716 4400 Ἀρειε,

109 4428 434 4490 κλταλύεις
479 4429 570 4480 τὸν
603 4427 871 4495 πόλεμονς
903 4425 1105 4478 Σπεῦδε
1141 4426 1278 4494 πρὸς
1310 4425 1404 4477 τὸν
1449 4425 1576 4476 Υἱδν
1625 4439 1720 4491 με·

1824 3219 2012 3274 Itostize
2059 3227 2262 3272 sancta:
2313 3218 2571 3272 dicuntur
2627 3237 2642 3274 :
2708 3226 2786 3280 ut,
2855 3215 3228 3285 Sancti/icabis
3286 3217 3415 3271 mihi

1825 3326 1987 3370 ovem,
2028 3309 2080 3361 in
2111 3308 2288 3362 Veteri
2319 3309 2544 3362 dicitur.

1899 3399 2152 3454 Vensﬂl.
2172 3398 2238 3452 Ut
2259 3415 2455 3465 omnes,
2480 3399 2965 3469 iuquit,unnmsint
2981 3400 3116 3453 sicut
3149 3398 3416 3463 tu,Pater,

1827 3494 1881 3546 in
1926 3509 2024 3557 me,
2043 3501 2092 3546 et
2125 3509 2216 3561 ego
2260 3493 2312 3544 in
2345 3501 2415 3557 te,
2454 3501 2506 3545 ut
2565 3501 2614 3545 et
2647 3494 2746 3562 ipsi
2778 3495 2832 3546 in
2884 3493 3031 3546 nobis
3087 3510 3248 3546 unum
3283 3493 3418 3555 sint;

1827 3600 2018 3638 rursus
2051 3583 2210 3650 illud,
2251 3585 2387 3638 sicut
2415 3599 2614 3639 sensus
2644 3585 2888 3654 ejusdem
2921 3594 3001 3640 est
3037 3601 3098 3637 ne
3136 3588 3186 3637 in
3237 3587 3416 3638 eodem

1826 3685 1988 3731 statu.
2025 3675 2158 3731 Nam
2189 3677 2529 3746 impossibile
2562 3677 2724 3741 foret,
2765 3678 2859 3732 sed
2912 3679 3044 3731 sicut
3086 3677 3226 3730 idem
3260 3686 3420 3731 sonat

1827 3783 1891 3821 ac
1917 3770 1963 3822 si
1990 3769 2097 3821 dici
2145 3778 2335 3836 posset.
2375 3768 2556 3823 Estote
2604 3769 2992 3834 misericordes,
3059 3770 3195 3822 sicut
3257 3769 3420 3821 Pater

1827 3871 2011 3925 vester;
2043 3861 2115 3915 ita
2148 3878 2366 3931 quoque
2406 3870 2460 3916 et
2493 3863 2587 3926 ibi,
2621 3863 2750 3932 quid
2780 3871 2886 3927 est,
2924 3864 2976 3916 in
3014 3863 3192 3915 uobis?
3229 3861 3282 3915 In
3313 3862 3419 3916 tide

1827 3971 1949 4024 quae
1983 3956 2036 4008 in
2097 3970 2195 4009 nos
2249 3963 2352 4010 est.
2423 3955 2661 4010 Omnino
2716 3955 2862 4010 etin
2928 3954 3187 4009 omnibus
3221 3952 3419 4006 Filium
3507 3990 3512 3995 -

1827 4047 2056 4100 missum
2085 4062 2208 4101 esse
2248 4047 2562 4116 przetendis,
2625 4063 2658 4102 o
2696 4047 2844 4112 Arie,
2901 4046 3026 4114 quia
3081 4047 3257 4116 major
3287 4047 3411 4115 qui-

1826 4138 1948 4190 dem
1980 4138 2176 4206 estqui
2215 4137 2401 4202 mittit,
2441 4139 2616 4191 minor
2644 4153 2772 4191 vero
2806 4137 2899 4206 qui
2936 4137 3193 4191 mittitur.
3224 4135 3280 4188 Si
3314 4135 3414 4206 igi-

1830 4237 1918 4279 tur
1945 4243 1975 4280 e
1998 4229 2180 4280 divina
2213 4231 2495 4294 Scriptura
2525 4229 2739 4281 Patrem
2786 4243 3004 4296 quoque
3056 4229 3279 4281 missum
3319 4228 3416 4286 tibi

1829 4319 2142 4380 ostendero,
2181 4318 2380 4381 oArie,
2414 4319 2614 4371 bellum
2641 4318 2882 4371 deseres.
2915 4318 3085 4382 Perge
3127 4319 3178 4370 in
3212 4317 3414 4370 Filium

1831 4408 2031 4463 furere.
2071 4408 2304 4461 Relicta:
2359 4417 2435 4460 est
2459 4408 2630 4468 enim,
2687 4407 2908 4474 dicitur,
2947 4407 3115 4460 Jacob
3163 4407 3327 4469 solus,
3369 4415 3424 4460 et.

114 4521 352 4591 μηνὼς.
397 4491 756 4586 ’Υπελείρθή
785 4520 915 4588 γὰρ,
949 4517 1108 4585 φησὶ,
1150 4491 1360 4570 ’Ῐακὼσ
1384 4515 1593 4584 μόνος,
1620 4514 1716 4565 καὶ

1838 4499 2128 4554 tuctabatur
2157 4501 2236 4553 vir
2269 4516 2388 4552 cum
2445 4515 2506 4552 eo
2542 4515 2701 4568 usque
2726 4514 2899 4551 mane.
2945 4497 3085 4551 Vidit
3134 4499 3272 4565 quod
3300 4515 3420 4551 eum

105 4613 432 4670 ἐπάλαιον
472 4613 784 4678 ἅνθρωπος
822 4611 950 4679 μετ’
999 4609 1187 4662 αὐτοῦ
1220 4608 1330 4674 ἕως
1377 4608 1546 4674 πρωΐ.
1587 4603 1725 4659 Εἷδε

103 4705 192 4757 δὲ
246 4704 343 4757 ὅτι
387 4706 458 4756 οὺ
499 4703 749 4756 δύναται
789 4701 938 4768 πρὸς
982 4703 1208 4754 αὐτόν’
1253 4699 1348 4752 καὶ
1387 4698 1586 4766 ἥψατο
1621 4697 1726 4750 τοῦ

103 4797 416 4861 πλάτους
445 4795 549 4848 τοῦ
571 4792 767 4863 μηροῦ
789 4792 996 4855 αὺτοῦ,
1031 4793 1129 4844 καὶ
1164 4789 1463 4856 ἐναρκηονε
1485 4789 1548 4842 τὸ
1576 4787 1728 4840 π..ῑὰ-

101 4907 230 4952 τος
266 4887 382 4942 τοῦ
404 4887 603 4955 μηροῦ
644 4887 828 4939 αὑτοῦ
859 4887 928 4938 ἐν
956 4884 1036 4949 τῷ
1069 4884 1352 4937 παλαίειν
1382 4882 1570 4935 αὐτὸν
1601 4881 1726 4946 μετ’

98 4977 350 5032 αὐτοῦ.
387 4978 492 5031 Καὶ
532 4973 700 5030 εἶπεν
728 4974 888 5041 αὐτῷ
919 4978 951 5029 ὁ
990 4975 1288 5027 παλαίων-⁸
1337 4974 1730 5027 Ἀπόστειλον

91 5085 190 5135 με
221 5082 239 5096 ο
281 5067 474 5134 ἀνέϐη
516 5069 625 5134 γὰρ
661 5070 692 5119 ό
729 5066 962 5132 ὄρθρος.
994 5065 1056 5116 '0
1085 5063 1152 5117 δὲ
1183 5061 1384 5118 εἷπεν-ο
1421 5066 1504 5118 Οὐ
1541 5063 1626 5133 μή
1657 5079 1729 5117 σε

95 5157 518 5219 ἀποστείλω,
564 5156 674 5211 ἐὰν
719 5155 802 5224 μή
858 5173 933 5224 με
978 5153 1345 5222 εὐλογήσῃς.
1396 5154 1506 5210 Καὶ
1560 5150 1730 5208 εἶπεν

95 5270 142 5303 u
157 5248 302 5312 ἐντῷ
325 5265 338 5279 ο
371 5251 454 5300 Οὐ
478 5249 846 5316 κληθήσεται
874 5248 935 5301 τὸ
966 5246 1156 5316 ὄνομὰ
1177 5263 1294 5302 σου
1334 5247 1562 5313 Ἰακὼϐ,
1590 5249 1727 5302 ἀλλ’

110 5337 407 5405 Ἰσραὴλ
432 5339 602 5391 ἔσται
632 5339 696 5392 τὸ
727 5337 914 5405 ὄνομά
933 5353 1072 5400 σου,
1101 5338 1188 5390 ὅτι
1223 5338 1563 5406 ἐνίσχυσας
1580 5340 1730 5406 μετὰ

96 5431 324 5494 θεοῦ,
378 5430 473 5484 και
514 5431 665 5498 μετὰ
715 5429 1044 5496 ἀνθρώπων
1082 5428 1344 5493 δυνατὸς
1385 5430 1524 5496 ἔσῃ.
1569 5431 1612 5481 Τ
1620 5432 1664 5492 ίς
1701 5430 1728 5480 ὁ

92 5527 347 5591 λέγων,
380 5525 565 5593 Ἀρειε
586 5542 601 5556 ο
647 5523 1039 5576 Ἀπόστειλόν
1068 5539 1174 5592 με’
1213 5521 1396 5588 ἀνέϐη
1426 5524 1534 5590 γὰρ
1577 5525 1607 5574 ὀ
1635 5523 1729 5588 6p-

91 5620 318 5682 0poc,‘
355 5614 457 5684 οὐχ
486 5615 512 5666 ὁ
543 5615 674 5677 Θεὸς
720 5614 813 5666 καὶ
851 5614 1078 5684 Πατήρς
1125 5615 1266 5679 Πρὸς
1311 5613 1428 5664 τίνα
1468 5612 1523 5665 δὲ
1556 5614 1583 5664 ὁ
1622 5613 1729 5664 Ἰαο

93 5706 248 5760 κὼό
289 5707 428 5759 ὲόόα
447 5721 458 5735 ⁸
487 5709 568 5760 Οὺ
590 5706 672 5774 μή
708 5723 780 5759 σε
808 5707 1148 5760 ἀποστείλω
1170 5749 1183 5768 ,
1222 5707 1331 5758 ἐὰν
1361 5706 1443 5773 μή
1464 5724 1539 5773 με
1559 5707 1730 5758 εὐλο-

95 5799 382 5871 τήσῃςς
425 5803 484 5854 οὐ
527 5803 662 5873 πρὸς
702 5801 789 5854 τὸν
843 5803 947 5854 τῶν
996 5801 1130 5854 ὅλων
1171 5802 1302 5854 Θεόν
1339 5802 1432 5854 καὶ
1476 5801 1720 5873 (latim;

1831 4608 2078 4659 superare
2105 4608 2208 4644 non
2237 4601 2430 4659 posset.
2458 4605 2504 4646 et
2543 4592 2712 4660 tetigit
2743 4607 2956 4644 nervum
2991 4592 3204 4659 femoris
3231 4591 3344 4658 ejus
3372 4601 3421 4643 et

1829 4685 2086 4736 emarcuit
2117 4701 2302 4737 nervus
2335 4684 2693 4754 [emoriscjus
2727 4684 2982 4737 luctando
3022 4694 3212 4736 contra
3239 4682 3416 4746 illum;

1828 4773 2066 4841 dixitque
2098 4773 2145 4826 ei
2164 4774 2401 4827 luctans:
2432 4774 2646 4827 Dimitte
2669 4791 2769 4836 me,
2797 4790 2918 4826 naut
2938 4775 3174 4828 ascendit
3194 4791 3413 4826 aurora.

1837 4865 1938 4918 llic
1973 4877 2146 4918 autem
2177 4869 2348 4924 dixit:
2392 4866 2511 4919 Non
2551 4869 2821 4920 dimittam
2873 4879 2940 4930 te,
2969 4870 3070 4921 nisi
3101 4866 3424 4920 benedixeris

1831 4959 1982 5021 mihi,
2025 4958 2202 5013 Atille
2233 4976 2251 5010 :
2287 4959 2407 5013 Non
2439 4961 2795 5028 appellabitur
2821 4977 3006 5012 nomen
3050 4969 3195 5012 tuum
3227 4956 3420 5021 Iacob,

1831 5050 1922 5102 sed
1964 5049 2136 5103 Israel
2175 5068 2360 5104 nomen
2384 5053 2483 5105 erit
2538 5061 2723 5116 tuum;
2749 5051 2992 5120 quoniam
3025 5062 3210 5103 contra
3259 5049 3425 5101 Deum

1837 5143 1990 5208 fortis
2017 5143 2190 5210 fuisti,
2221 5153 2270 5195 et
2308 5153 2490 5196 contra
2521 5144 2753 5196 homines
2797 5143 3084 5211 prwvalens
3126 5143 3251 5195 eris.
3287 5141 3423 5206 Quis

1835 5234 1986 5298 dicit,
2036 5235 2181 5294 Arie.
2241 5235 2456 5288 Dimitte
2509 5251 2608 5296 me,
2667 5237 2900 5289 ascendit
2960 5237 3099 5288 enim
3164 5235 3413 5285 aurora?

1837 5342 2016 5380 nouue
2047 5325 2186 5380 Deus
2216 5334 2269 5379 et
2299 5326 2482 5380 Pater?
2502 5328 2583 5381 Ad
2616 5344 2777 5398 quem
2825 5343 2943 5381 tero
2981 5325 3152 5380 Jaeob
3191 5324 3416 5378 clamat:

1837 5417 1958 5470 Non
1991 5430 2038 5471 te
2077 5419 2365 5481 dimittam,
2418 5419 2521 5472 nisi
2579 5420 2899 5473 benedixeris
2933 5418 3058 5470 mihi
3083 5419 3108 5470 ?
3144 5431 3323 5468 nonne
3355 5414 3422 5467 nil
3455 5473 3457 5476 ς

1837 5509 2003 5563 Deum
2038 5520 2091 5565 ct
2122 5509 2332 5564 Patrem
2388 5511 2804 5566 universorum?
2875 5511 2991 5562 Vidi
3022 5511 3183 5572 enim,
3256 5507 3420 5561 Deum

1836 5610 1972 5677 facie
2005 5615 2072 5664 ad
2110 5613 2322 5679 faciem,
2353 5622 2401 5664 et
2425 5614 2634 5666 saluata
2666 5623 2741 5666 est
2765 5611 2943 5664 artium
2977 5627 3110 5662 mea.
3145 5609 3248 5662 Sed
3285 5607 3417 5675 quid

1836 5705 1900 5756 de
1935 5701 2070 5756 Filio
2093 5703 2292 5755 diceris
2323 5705 2564 5756 locutum
2591 5721 2711 5758 esse
2738 5703 2760 5754 ?
2791 5703 2891 5755 Sed
2945 5713 2995 5754 et
3028 5703 3098 5754 ita
3137 5703 3296 5755 inane
3335 5711 3422 5752 est

1838 5810 1967 5846 num
2033 5793 2336 5862 Sophistua.
2397 5790 2604 5862 Nempe
2656 5793 2795 5846 Deus
2846 5794 3066 5846 cutustt
3125 5791 3292 5846 Films
3349 5792 3425 5844 ab.
