3884 6208
191 310 300 372 1285

1216 296 1538 358 SCHOLIA
1578 293 1871 354 VETERA
1911 292 1990 351 ΙΝ
2033 291 2411 351 ΙΟΑΝΝΕΜ.

3278 289 3418 354 1986

182 438 261 490 νης
291 417 446 472 αὐτὸν
477 417 568 470 τὸν
602 413 838 486 Χριστὸν
866 413 1014 480 λέγει
1064 411 1154 466 τὸν
1186 410 1421 480 σταυρὸν
1476 406 1731 478 βαστάξαι

1851 406 2215 475 angariavisse
2263 416 2318 459 ιιι
2367 405 2579 459 tolleret
2624 421 2840 459 crucem
2880 407 3122 475 ?(Deest
3173 407 3418 476 solutio.)

184 512 374 573 ἑαυτοῦ,
407 512 454 563 οἱ
487 509 543 562 δὲ
569 509 748 560 λοιποὶ
804 505 1188 574 εὐαγγελισταὶ
1235 504 1454 573 Σίμωνα
1495 502 1584 553 τὸν
1646 500 1956 556 Κυρηναῖον
2009 499 2392 567 ἁπατήσαντες
2457 498 2861 568 ἁγγαρεύοντες
2894 501 3056 552 αὑτὸν
3099 501 3178 563 είς
3211 502 3271 554 τὸ
3314 501 3415 569 βα-

183 603 376 664 στάζειν
397 617 412 666 ;

244 697 346 747 Ὀτι
375 696 454 756 είς
480 693 572 744 τὸν
624 692 862 761 Κρανίου
913 691 1077 743 τόπον
1129 690 1480 758 σταυροῦται,
1543 688 1733 757 ἐπειδὴ

179 787 280 839 ἐκεῖ
299 785 510 852 λέγεται
538 785 566 837 6
606 784 778 851 Ἀδὰμ
802 781 1090 850 τετάφθαι.
1145 782 1314 833 Ἔνθα
1334 778 1428 834 οὖν
1459 783 1486 834 6
1513 779 1743 842 θάνατος

179 876 525 940 ἐϐασίλευσεν,
552 876 669 928 ἐκεῖ
690 875 750 926 τὸ
771 876 1027 944 τρόπαιον
1047 874 1291 943 ἔστησεν.

239 971 324 1022 Διά
345 969 397 1022 τί
427 968 720 1036 ἐπιγράφει
755 966 845 1019 τὸν
872 970 1106 1037 σταυρδν
1127 967 1155 1018 6
1178 965 1444 1028 Πιλάτος;
1507 967 1738 1035 Ἀμυνό-

182 1078 318 1130 μενος
337 1061 463 1122 τοὺς
499 1058 784 1118 Ἰουδαίους
810 1057 885 1116 ὡς
903 1058 964 1110 οὐ
987 1059 1126 1110 κατὰ
1158 1058 1359 1127 λῃστήν
1383 1059 1552 1119 ἐστιν,
1589 1057 1734 1120 ὅθεν,

182 1153 259 1204 καὶ
285 1154 337 1203 οὐ
367 1151 464 1220 μιᾷ
488 1149 729 1220 γλώττῃ,
757 1148 891 1200 ἀλλὰ
933 1151 1179 1216 τρισσαῖς
1199 1148 1296 1217 τὴν
1327 1151 1523 1217 μανίαν
1566 1147 1742 1200 αὐτῶν

177 1243 328 1296 ἅπασι
349 1241 546 1310 δηλῶν.
573 1242 735 1295 Ὅθεν
757 1242 850 1292 καὶ
869 1240 1006 1310 αὐτῇ
1049 1243 1118 1311 τῇ
1149 1244 1332 1310 γραφῇ
1358 1240 1744 1310 βασκαίνοντες

177 1336 360 1401 ἔλεγονο
385 1333 478 1400 Μὴ
509 1333 714 1400 γράφετ’
733 1332 796 1383 '0
811 1332 1110 1396 ,βασιλεὺς
1133 1330 1248 1384 τῶν
1262 1331 1582 1394 Ἰουδαίων,
1608 1332 1746 1385 ἀλλ’

176 1425 255 1478 ὅτι
276 1425 500 1490 ἐκεῖνος
549 1421 735 1486 εἷπεν,
772 1423 863 1476 ὅτι
907 1424 1208 1488 Βασιλεύς
1248 1425 1360 1492 ειμι
1411 1420 1530 1475 τῶν
1596 1423 1744 1475 Ἰου-

174 1513 356 1565 δαίων·
387 1513 710 1584 ᾠκονομήθη
734 1512 789 1566 δὲ
819 1512 1099 1584 γραφῆναι
1130 1513 1326 1566 καὶδιὰ
1367 1512 1466 1582 τὴν
1515 1511 1730 1583 εὕρεσιν

174 1605 323 1657 αὑτοῦ
356 1605 607 1673 ἔσχατον.

250 1695 407 1765 Ἀδὰμ
429 1700 506 1760 είς
534 1698 625 1750 τὸν
660 1699 986 1768 παράδεισον
1033 1697 1323 1760 ἐξεδὺσατο
1372 1696 1438 1748 τὰ
1497 1697 1688 1764 ἱμάτια
1713 1711 1729 1728 ο

1923 681 2081 736 Vsus.
2116 682 2202 735 18.
2233 682 2288 734 lu
2317 681 2579 736 Calvatite
2609 683 2729 736 loco
2771 684 3124 754 crucifigitur,
3159 686 3288 753 quia
3337 688 3423 741 hic

1843 773 2044 825 dicitur
2069 774 2240 825 Adam
2273 771 2441 827 fuisse
2473 772 2768 840 sepultum.
2802 771 2900 826 Ubi
2933 774 3079 826 enim
3113 791 3261 829 mors
3325 792 3411 829 re‘

1842 874 2130 934 guavcrat,
2168 866 2240 919 ibi
2275 875 2536 935 troparum
2567 868 2761 922 erexit.

1913 955 2075 1010 Vens.
2108 957 2190 1009 19.
2222 958 2331 1010 Cur
2379 959 2621 1012 inscribit
2668 975 2884 1012 crucem
2922 959 3166 1015 Pilatus?
3203 961 3419 1016 Jndmos

1846 1061 1902 1104 ut
1961 1051 2301 1119 reprimeret,
2347 1054 2472 1120 quia
2525 1070 2628 1106 non
2681 1054 2908 1108 latronis
2953 1072 3086 1109 crux
3117 1067 3231 1121 est;
3277 1059 3421 1110 unde

1848 1158 1956 1196 non
1991 1159 2096 1196 una
2123 1143 2301 1213 lingua
2325 1147 2416 1198 sed
2445 1147 2617 1200 tribus
2644 1146 2879 1200 furorem
2911 1148 3126 1200 illorum
3171 1150 3423 1201 omnibus

1845 1234 2108 1296 ostendit;
2137 1235 2278 1286 unde
2305 1235 2711 1302 inscriptioaem
2739 1252 2844 1288 non
2872 1235 3105 1291 ferentes
3131 1237 3420 1290 dixerunt:

1850 1324 1975 1376 Noli
2000 1325 2242 1390 scribere,
2266 1325 2375 1378 Rea:
2399 1323 2732 1385 Judmorum.
2755 1328 2843 1379 sed
2869 1327 3110 1397 quodille
3131 1328 3288 1388 dixit,
3313 1327 3423 1384 Rex

1847 1431 1963 1470 sum
2014 1415 2350 1470 Judmorum.
2398 1416 2592 1469 Notum
2648 1429 2728 1471 est
2787 1428 2966 1471 autent
3026 1419 3096 1472 ita
3157 1419 3418 1488 scriptum

1839 1505 2010 1560 fuisse
2042 1523 2137 1577 per
2167 1509 2349 1562 crucis
2374 1508 2726 1562 novissimam
2756 1509 3144 1563 inventionem.
3290 1503 3294 1506 ’

1910 1687 2074 1742 Vens.
2114 1689 2203 1744 25.
2257 1688 2428 1744 Adam
2478 1706 2529 1742 ιιι
2580 1689 2836 1757 paradiso
2876 1690 3120 1744 vestibus
3177 1691 3418 1753 carebat,

171 1785 395 1856 έδειγὰρ
443 1788 600 1840 τοῦτο
637 1791 855 1857 ποιῆσαι
895 1788 990 1840 καὶ
1038 1786 1447 1839 ἀπεκδύσασθαι
1506 1787 1632 1848 τοὺς
1665 1805 1731 1856 χι-

1851 1783 2126 1849 oportebat
2168 1781 2312 1833 enim
2377 1782 2516 1834 idem
2575 1782 2912 1848 contingere,
2972 1791 3022 1834 et
3077 1782 3421 1835 vestimentis

170 1875 352 1939 τῶνας,
381 1875 473 1939 οὓς
497 1877 687 1930 ἔλαϐεν
715 1878 1110 1947 ἐκϐαλλόμενος
1137 1880 1164 1930 6
1210 1877 1385 1947 Ἀδὰμ
1411 1881 1474 1930 ἐκ
1490 1877 1585 1930 τοῦ
1639 1897 1741 1930 πα-

172 1968 427 2034 ραδείσου.
462 1969 518 2021 Ὀ
539 1970 712 2021 πάντα
733 1968 841 2039 γὰρ
863 1970 931 2021 τὰ
954 1970 1111 2036 ἡμῶν
1137 1969 1204 2021 δι’
1241 1970 1390 2039 ἡμᾶς
1413 1968 1743 2038 ἀναδεξάμε-

169 2072 268 2118 νος,
301 2056 584 2109 ἐνεδύσατο
605 2059 798 2120 ταῦτα,
831 2058 916 2110 ἵνα
941 2060 1032 2110 καὶ
1057 2057 1457 2127 ἁπεκλύσηται,
1484 2061 1578 2111 καὶ
1618 2059 1739 2110 ἀντὶ

170 2144 366 2197 τούτων
394 2146 541 2215 ἡμᾶς
566 2146 762 2217 ἐνδύσῃ
793 2146 938 2216 ζωὴν
967 2149 1062 2200 καὶ
1089 2147 1422 2217 ἀφθαρσίαν.
1488 2151 1579 2211 El;
1608 2150 1732 2201 τέσο

168 2251 304 2304 σαρα
353 2235 409 2288 δὲ
465 2237 896 2307 διαμερίζονται,
948 2238 1249 2308 ἐπειδήπερ
1276 2239 1416 2308 ὑπὲρ
1442 2242 1540 2308 τῆς
1564 2239 1738 2307 ἁμαρ-

167 2324 278 2383 τίας
307 2321 401 2391 τῆς
436 2324 811 2396 τετραμεροῦς
842 2327 1191 2395 οἰκουμένης,
1216 2326 1485 2393 ἀνατολῆς
1515 2328 1609 2378 καὶ
1637 2326 1728 2378 δύο

170 2428 320 2475 σεως,
344 2412 546 2480 ἄρκτου
579 2415 671 2466 καὶ
701 2415 1050 2483 μεσημϐρίας
1077 2416 1269 2485 ἐφόρει
1292 2415 1489 2469 ταῦτα.
1528 2415 1731 2468 Τοῦτον

168 2503 444 2556 ἐνεδύσατο
478 2504 569 2555 τὸν
602 2506 828 2574 χιτῶνα,
882 2506 968 2557 ἵνα
1007 2505 1373 2558 πιστεύσωσιν
1400 2507 1446 2556 οι
1495 2506 1734 2564 Ἰουδαῖοι

167 2595 245 2646 ὅτι
280 2593 377 2646 οὐκ
399 2593 506 2646 ἀπὸ
531 2594 658 2661 γῆς,
691 2594 1030 2648 ἁλλ’ᾶνωθεν
1064 2595 1359 2664 ἐρχόμενος
1383 2591 1450 2664 ἦν
1483 2595 1510 2645 6
1540 2595 1732 2661 Λόγοςο

168 2685 259 2736 καὶ
295 2685 375 2736 ὅτι
408 2683 468 2735 οὐ
501 2683 776 2753 μεριστδς,
808 2683 924 2736 ἀλλ’
951 2683 1250 2754 ἀμέριστός
1319 2684 1436 2735 ἐστι
1467 2685 1560 2735 τοῦ
1625 2685 1734 2735 Πα-

165 2776 316 2843 τρός·
351 2775 445 2827 καὶ
472 2775 554 2826 ὅτι
580 2775 862 2843 γινόμενος
911 2775 1196 2846 ἄνθρωπος
1262 2775 1324 2827 οὐ
1389 2777 1732 2845 ρεραμμὲνον

168 2859 282 2932 εἶχε
309 2863 367 2916 τὸ
391 2863 549 2933 σῶμα
572 2862 630 2925 ἐξ.
661 2863 850 2932 ἀνδρὸς
876 2865 972 2918 καὶ
1003 2865 1282 2931 γυναικὸς,
1318 2865 1434 2918 ἀλλ’
1474 2867 1539 2918 ἐκ
1585 2867 1731 2936 [lap-

164 2954 316 3006 θένου
349 2955 514 3023 μόνης
552 2955 874 3023 ὑφαμμένον
909 2951 975 3027 τῇ
1033 2955 1127 3008 τοῦ
1179 2955 1494 3025 Πνεύματος
1544 2960 1730 3032 τέχνῃ.

166 3045 324 3098 Ὅθεν
347 3046 415 3099 τὰ
444 3048 540 3116 μὲν
566 3046 699 3099 ἄλλα
734 3046 1176 3116 διαμερίζονται·
1212 3051 1451 3118 μεριστὰ
1495 3052 1604 3120 γὰρ
1636 3050 1726 3124 ἦν·
1757 3084 1800 3140 C

160 3135 253 3188 τὸν
279 3137 333 3189 δὲ
361 3139 562 3206 χιτῶνα
591 3139 748 3207 μόνον
778 3141 880 3190 οὐκ
920 3138 1267 3208 ἠδυνήθησαν
1315 3141 1521 3210 σχίσαι,
1581 3146 1730 3217 φόϐῳ

160 3227 254 3280 τοῦ
281 3227 346 3282 δι’
382 3229 542 3281 αὐτοῦ
575 3230 982 3299 γνωριζομένου
1015 3230 1246 3300 σημείου
1269 3247 1282 3262 ’
1327 3234 1421 3286 καί⁸
1446 3233 1604 3286 τοῦτο
1624 3237 1728 3308 γὰρ

158 3317 259 3371 οὐκ
285 3318 485 3382 αὐτῶν,
525 3320 660 3373 ἀλλὰ
696 3321 788 3375 τοῦ
824 3322 1176 3391 κρεμαμένου
1208 3323 1462 3394 Σωτῆρος
1489 3325 1550 3379 τὸ
1573 3327 1730 3395 ἔργον

138 3405 260 3479 ’ἦν’
330 3411 416 3463 ἵνα
474 3413 664 3464 τούτου
726 3416 882 3483 μείνῃ
929 3415 1023 3466 καὶ
1061 3416 1089 3466 6
1129 3415 1270 3467 κατὰ
1295 3417 1403 3468 τῶν
1464 3420 1732 3474 Ἰουδαίων

165 3499 389 3569 ἔλεγχος
415 3503 442 3554 ὁ
480 3501 596 3570 μετ’
626 3503 688 3554 οὐ
722 3504 854 3557 πολὺ
900 3505 1194 3574 γενόμενος
1215 3523 1228 3537 ·
1261 3508 1342 3560 ὅτι
1386 3509 1448 3561 τὸ
1504 3511 1602 3580 μὲν
1635 3530 1731 3566 κα-

62 3585 75 3593 ’
151 3592 486 3659 ταπέτασμα
533 3593 809 3662 ἐσχίσθαι,
841 3598 868 3647 6
895 3595 952 3646 δὲ
989 3596 1160 3665 χιτὼν
1192 3598 1286 3650 τοῦ
1320 3603 1729 3670 σταυρουμένου

150 3679 278 3733 οὐδὲ
309 3681 414 3732 ὑπὸ
464 3682 674 3751 δημίων
703 3683 952 3755 διῃρέθη,
1002 3687 1117 3738 ἀλλ’
1165 3688 1380 3758 ἔμεινεν
1401 3689 1726 3761 ὁλόκληρος

151 3770 316 3838 μένει
355 3772 463 3840 γὰρ
521 3774 582 3825 τὸ
624 3774 958 3842 Εὐαγγέλιον
1017 3778 1106 3831 διὰ
1170 3782 1370 3843 παντὸς
1413 3782 1726 3853 ὁλόκληρον,

147 3862 264 3914 τῶν
296 3863 464 3915 σκιῶν
488 3864 906 3935 διαιρουμένων.

221 3955 323 4008 Διὰ
355 3956 406 4007 τί
426 3957 849 4028 σταυρούμενος,
878 3958 956 4029 τῷ
986 3961 1203 4033 μαθητῇ
1239 3963 1337 4033 τὴν
1371 3965 1601 4035 Μητέρα
1620 3985 1726 4020 πα-

146 4044 452 4114 ραδίδωσι;
489 4048 945 4119 Παιδεὺωνὴμᾶς
981 4051 1175 4122 μέχρις
1195 4055 1428 4124 ἐσχάτης
1453 4057 1727 4125 ἀναπνοῆς

141 4138 262 4190 τῶν
313 4141 516 4206 γονέων
572 4141 902 4210 φροντίζειν.
955 4147 1124 4199 Πάλιν
1174 4149 1265 4198 καὶ
1315 4147 1549 4200 ἐνταῦθα
1600 4152 1728 4219 περὶ

141 4228 321 4281 αὑτοῦ
375 4230 548 4298 λέγων
600 4234 852 4301 ἐπιφέρει
897 4234 988 4287 τὸν
1037 4235 1286 4305 μαθητὴν
1314 4236 1373 4289 ὃν
1401 4239 1588 4306 ἠγάπα
1626 4257 1728 4305 με-

140 4321 417 4390 τριάζων,
447 4324 567 4376 ἐπεὶ
593 4326 685 4376 καὶ
700 4326 798 4393 τὴν
817 4325 997 4376 αἰτίαν
1016 4319 1169 4377 εἶπεν
1195 4325 1262 4378 ἂν
1278 4327 1346 4378 δι’
1366 4328 1432 4397 ἢν
1451 4329 1723 4396 ἠγαπᾶτο.

1845 1872 2034 1922 nudari
2085 1887 2206 1938 quae
2257 1873 2468 1940 accepit
2530 1872 2698 1923 Adam
2755 1872 3019 1939 expulsus
3070 1887 3098 1925 e
3141 1873 3415 1939 paradiso.

1841 1959 1942 2024 Qui
1989 1962 2134 2014 enim
2189 1962 2371 2014 omnia
2428 1971 2608 2014 nostra
2661 1977 2756 2030 pro
2808 1963 2968 2016 nobis
3017 1974 3419 2032 assumpserat;

1842 2053 1955 2105 haec.
2002 2053 2254 2108 induerat
2307 2064 2366 2105 ut
2412 2062 2466 2106 et
2510 2055 3135 2116 erueretur,etillorum
3175 2058 3290 2109 loco
3318 2072 3412 2109 nos

1840 2142 1946 2196 vita
1985 2153 2037 2196 et
2069 2144 2378 2198 innocentia
2415 2145 2654 2198 vestiret.
2688 2142 2741 2196 ln
2770 2155 3212 2213 quatuormutem
3241 2156 3419 2213 partes

1838 2232 2174 2296 dividuntur,
2206 2235 2466 2302 quoniam
2516 2235 2586 2288 ob
2634 2245 2866 2303 .peeeata
2909 2236 3060 2290 orbis
3112 2239 3418 2306 quatripar-

1839 2323 1941 2387 titi,
1977 2324 2201 2377 orientis
2245 2335 2298 2378 et
2335 2325 2658 2388 occidentis,
2702 2325 2836 2380 arcti
2903 2335 2956 2379 et
3007 2327 3272 2390 meridiei,
3328 2329 3415 2380 illa

1837 2417 2075 2485 gerebat.
2136 2417 2247 2471 llac
2325 2419 2651 2473 induebatur
2723 2420 2927 2484 tunica,
2999 2430 3057 2474 ut
3129 2423 3418 2475 crederent

1835 2505 2004 2558 Judagi
2054 2523 2158 2560 non
2189 2523 2216 2559 a
2247 2519 2411 2570 terra,
2461 2511 2556 2562 sed
2580 2527 2608 2562 a
2640 2511 2779 2564 etelo
2800 2512 3016 2564 venisse
3060 2511 3323 2570 Verbum.
3363 2524 3418 2565 et

1838 2610 1944 2646 non
1972 2595 2225 2660 divisum,
2255 2597 2346 2650 sed
2380 2597 2674 2652 indivisum
2721 2616 2749 2652 a
2779 2599 2936 2654 Patre
2963 2616 3105 2667 esse,
3143 2612 3197 2654 et
3244 2601 3420 2654 Immi-

1836 2699 1958 2738 nem
1993 2685 2191 2738 factum
2224 2702 2328 2740 non
2364 2688 2620 2743 habuisse
2657 2705 2858 2759 corpus
2897 2702 3188 2746 consulum
3236 2707 3265 2745 a
3299 2692 3418 2746 viro

1833 2783 1887 2828 et
1935 2776 2182 2843 muliere,
2217 2779 2308 2832 sed
2347 2796 2377 2833 e
2412 2780 2642 2850 Virgine
2692 2783 2808 2835 sola
2837 2783 3126 2836 formatum
3183 2783 3418 2853 Spiritus

1833 2867 2166 2935 operatione.
2213 2868 2340 2922 lude
2403 2871 2506 2923 alia
2553 2872 2770 2939 quidem
2817 2873 3154 2939 dividuntur,
3189 2885 3414 2927 consula

1834 2958 1978 3010 enim
2011 2968 2189 3022 erant;
2233 2961 2471 3013 tunicam
2516 2971 2695 3014 autem
2741 2961 2912 3014 solam
2964 2977 3071 3014 non
3123 2972 3417 3029 potuerunt

1835 3045 2095 3109 dividere,
2123 3049 2318 3098 timore
2360 3048 2504 3115 signi
2533 3062 2625 3115 per
2646 3063 2765 3101 eam
2811 3048 3166 3102 manifestati.
3215 3048 3277 3102 Et
3314 3052 3417 3104 hoc

1840 3150 1948 3188 non
1994 3151 2186 3189 eorum
2218 3136 2310 3190 sed
2336 3137 2672 3204 peudentise
2715 3153 2878 3192 cruce
2923 3139 3224 3194 Salvatoris
3267 3155 3408 3208 epus

1840 3227 1968 3293 fuit;
2009 3236 2066 3280 ut
2095 3228 2193 3282 hac
2223 3237 2496 3292 manente,
2524 3240 2768 3283 maneret
2793 3230 2956 3282 etiam
2984 3240 3170 3284 contra
3195 3229 3416 3285 Iudaeus

1837 3319 2222 3372 condemnatio
2278 3335 2398 3389 qua:
2455 3335 2563 3374 non
2621 3320 2693 3374 ita
2751 3320 2958 3390 pridem
3017 3321 3156 3377 facta
3209 3323 3411 3377 fuerat.

1837 3405 1972 3460 Nam
2005 3409 2180 3461 velum
2214 3409 2400 3478 templi
2421 3409 2713 3464 discissum
2743 3419 2844 3470 est,
2877 3421 2930 3464 et
2959 3412 3140 3465 tunica
3164 3414 3413 3466 cruciﬁxi

1838 3503 2340 3558 nouacoucivibus
2405 3503 2576 3557 divisa
2612 3514 2714 3568 est,
2776 3506 2869 3559 sed
2929 3506 3132 3576 integra
3192 3511 3413 3563 mansit.

1837 3591 2014 3647 Manet
2037 3605 2213 3648 autem
2240 3594 2597 3664 Evangelium
2617 3596 2842 3652 omnino
2873 3597 3416 3667 integrum,teuebris

1837 3683 2058 3738 ablatis.

1907 3955 2072 4012 Vens.
2104 3956 2196 4012 26.
2224 3957 2336 4012 Cur
2361 3957 2658 4014 cruciﬁxus
2685 3959 2954 4030 discipulo
2984 3959 3208 4017 Matrem
3261 3978 3413 4019 com-

1835 4049 2082 4103 mendat?
2107 4049 2176 4104 Ut
2204 4065 2303 4105 nos
2323 4051 2517 4105 doceat
2541 4067 2713 4120 usque
2741 4053 2806 4106 ad
2836 4061 3140 4108 extremum
3160 4055 3411 4124 spiritum

1835 4141 1900 4193 de
1922 4141 2239 4208 parentibus
2265 4159 2450 4196 curam
2476 4145 2690 4199 habere.
2710 4143 2920 4200 Rursus
2944 4155 2997 4200 et
3021 4147 3092 4200 ibi
3114 4149 3181 4200 de
3231 4149 3413 4214 seipso

1834 4229 2065 4296 loquens
2091 4231 2222 4283 dicit
2247 4231 2572 4298 discipulum
2598 4249 2759 4301 quem
2785 4236 3042 4302 diligebat
3065 4252 3080 4299 ;
3107 4251 3201 4304 per
3223 4239 3416 4292 mode-

1833 4320 2019 4382 stiam,
2051 4335 2173 4371 nam
2190 4335 2410 4374 causam
2437 4322 2571 4374 dicit
2599 4338 2699 4374 cur
2729 4324 3052 4392 diligeretur

220 4413 326 4466 Διὰ
377 4413 428 4466 τί
492 4414 599 4484 πρὸ
661 4416 756 4468 τοῦ
815 4415 1052 4486 σταυροῦ
1089 4419 1301 4487 ἀγωνιᾷ
1337 4419 1432 4471 καὶ
1470 4420 1604 4488 ἱδροῖ
1635 4423 1728 4473 καὶ

1894 4407 2062 4462 Vens.
2077 4409 2165 4462 '27.
2189 4409 2368 4474 Quare
2389 4421 2515 4465 ante
2532 4413 2945 4466 cruciﬁxioncm
2967 4417 3235 4485 agonizat,
3253 4420 3415 4475 sudat

144 4506 439 4571 φοϐεῖται,
462 4504 698 4558 ἐνταῦθα
729 4505 784 4557 δὲ
817 4506 897 4574 τῷ
929 4507 1141 4576 μαθητῇ
1170 4508 1319 4560 λαλεῖ
1339 4510 1433 4562 καὶ⁵
1451 4515 1514 4578 τῇ
1541 4514 1728 4581 μητρὶ,

139 4597 246 4649 καὶ
274 4596 358 4665 τῷ
395 4597 604 4667 lnam;
640 4597 765 4650 Ὀτι
798 4599 910 4650 ἐκεί
946 4601 1046 4666 μὲν
1069 4601 1130 4651 τὸ
1157 4601 1495 4668 ἀνθρώπινον
1523 4603 1732 4655 δείκνυ-

141 4703 261 4748 σιν,
299 4686 541 4740 ἐνταῡθα
573 4689 629 4741 δὲ
659 4689 761 4757 τὴν
787 4688 937 4742 θείαν
963 4690 1193 4759 δύναμιν
1215 4691 1290 4754 ὠς
1316 4693 1375 4745 οὐ
1403 4693 1658 4748 δέδοικεν.

232 4775 305 4827 Τί
337 4778 456 4828 ἐστι
486 4778 567 4845 τὸ,
603 4781 788 4846 Εἰδὼς
816 4781 886 4835 δὲ
916 4784 947 4835 ό
995 4783 1233 4848 Ἰησοῦς
1260 4783 1348 4836 ὅτι
1389 4784 1583 4838 πάντα
1618 4785 1729 4854 ἤδη

141 4867 505 4923 τετέλεσται
531 4889 551 4936 ;
599 4873 744 4927 Ἀντὶ
776 4875 894 4942 τοῦ,
921 4875 990 4928 τὰ
1014 4878 1110 4944 τῆς
1162 4876 1473 4945 οἰκονομίας
1513 4878 1732 4931 ἅπαντα

138 4954 537 5026 πεπλήρωται.

219 5047 356 5102 ’Ότι
381 5053 471 5102 καὶ
506 5052 644 5120 μετὰ
674 5054 732 5106 τὸ
758 5054 1079 5123 ποτισθῆναι
1109 5054 1250 5120 δεον,
1294 5055 1439 5122 λέγει
1462 5056 1545 5119 τὸ,
1577 5056 1733 5110 τετέ-

136 5143 374 5194 λεσται
397 5157 412 5171 ·
447 5143 566 5196 ἀντὶ
601 5145 716 5208 τοῦ,
753 5148 1108 5216 πεπλήρωται
1142 5149 1175 5216 ἡ
1209 5147 1539 5217 προφητεία.

214 5233 325 5284 Δια
361 5237 414 5284 τί
447 5233 617 5300 λέγει,
647 5238 729 5288 ὅτι
767 5238 876 5289 Καὶ
917 5240 1130 5303 κλίνας
1157 5238 1272 5302 τὴν
1293 5238 1572 5307 κεφαλὴν
1587 5255 1734 5306 ,ταρ-

125 5321 338 5376 ἐδίωκε
397 5327 464 5379 τὸ
505 5327 1022 5394 πνεῦμα;Δεικνὺς
1051 5330 1132 5382 ὅτι
1161 5332 1246 5383 ὅτε
1290 5330 1565 5391 ἐϐούλετο,
1609 5331 1732 5384 τότε

127 5417 238 5468 καὶ
273 5417 544 5471 ἀπέθανε.
585 5421 854 5488 Πρότερον
881 5419 990 5488 γὰρ
1023 5421 1072 5472 οἱ
1116 5421 1553 5489 ἀποθνήσκοντες
1595 5424 1734 5474 ἀπο-

125 5508 480 5576 Θνήσκουσι,
521 5512 614 5563 καὶ
639 5509 809 5574 οὕτως
847 5512 1086 5565 κλίνουσι
1117 5510 1215 5582 τὴν
1255 5513 1496 5582 κεφαλήν
1521 5530 1533 5543 ·
1580 5508 1733 5577 οὗτος

123 5601 192 5652 δὲ
236 5600 301 5651 τὸ
332 5602 624 5659 ἀνάπαλιν.

216 5689 357 5743 Ὀτι
384 5695 733 5765 χαριζόμενοι
761 5699 871 5761 τοῖς
902 5697 1174 5760 Ἰουδαίοις
1202 5696 1336 5769 μετὰ
1361 5697 1419 5750 τὸ
1451 5695 1728 5759 τεθνάναι,

1832 4512 1882 4555 et
1903 4503 2078 4566 timet,
2108 4502 2289 4570 ibique
2308 4502 2372 4555 ad
2393 4502 2720 4571 discipulum
2743 4504 2982 4572 loquitur
2998 4515 3052 4561 et
3070 4507 3136 4560 ad
3157 4520 3410 4574 matrem,

1832 4605 1886 4644 et
1926 4593 1992 4645 ad
2039 4593 2342 4648 latronem?
2373 4593 2439 4647 Ut
2499 4593 2608 4647 illic
2642 4594 2860 4664 quidem
2899 4595 3192 4651 humanum
3229 4611 3412 4655 osten-

1833 4685 1942 4741 dat.
1962 4683 2049 4738 hic
2067 4693 2243 4737 autem
2269 4685 2502 4739 divinam
2533 4695 2850 4754 potestatem
2875 4697 3060 4757 utpote
3082 4704 3187 4742 n0u
3209 4691 3410 4745 timuit.

1901 4774 2064 4830 Vens.
2086 4777 2177 4831 28.
2201 4776 2338 4842 Quid
2363 4789 2480 4833 est:
2512 4777 2696 4834 Sciens
2731 4777 2890 4832 Iesus
2925 4782 3050 4850 quia
3082 4784 3263 4837 omnia
3285 4785 3406 4853 jam

1835 4867 2213 4922 Cousummata
2244 4881 2388 4925 sunt.
2421 4870 2476 4924 ld
2503 4880 2605 4938 est,
2630 4871 2774 4941 quod
2806 4873 2989 4926 omnia
3022 4874 3414 4944 redemptionis

1835 4974 1998 5026 opera
2025 4961 2293 5027 completa
2325 4971 2471 5015 sunt.

1911 5050 2072 5105 Vens.
2109 5052 2198 5106 ἓξ).
2254 5052 2551 5122 Postquam
2605 5056 2905 5124 accepisset
2963 5066 3200 5118 acetum,
3252 5059 3406 5124 dicit,

1836 5141 2274 5195 Consummamm
2307 5153 2406 5207 est,
2441 5144 2490 5196 id
2522 5155 2603 5198 est
2639 5145 2855 5213 impleta
2889 5155 2971 5199 est
3003 5145 3300 5214 pr0pltetia.

1906 5231 2072 5288 Vsus.
2107 5235 2196 5288 '50.
2235 5233 2347 5288 Cur
2401 5236 2598 5288 dicitur
2628 5249 2643 5288 :
2671 5235 2939 5289 Inclinato
2983 5237 3155 5303 capite
3188 5235 3410 5288 tradidit

1837 5327 2078 5394 spiritum
2102 5327 2126 5378 ?
2156 5335 2213 5379 ut
2236 5327 2613 5382 ostendi-retur
2645 5328 2818 5390 illum.
2846 5327 3065 5398 quando
3093 5328 3259 5381 voluit
3283 5336 3412 5383 tunc

1835 5428 2112 5471 mortuum
2170 5431 2310 5488 esse.
2342 5417 2500 5471 Prius
2552 5419 2696 5470 enim
2751 5418 3062 5471 moribundi
3101 5419 3410 5472 moriuntur

1834 5524 1997 5579 quam
2030 5519 2193 5579 caput
2223 5509 2512 5573 inclinant;
2553 5509 2643 5564 ille
2677 5523 2807 5564 vero
2838 5520 3053 5565 contra.

1908 5697 2072 5751 Vens.
2107 5697 2194 5752 δι.
2229 5694 2297 5750 Ut
2331 5695 2577 5763 placeant
2607 5691 2808 5749 Iudaeis
2838 5704 3122 5765 postquam
3156 5704 3402 5752 mortuus
