3884 6208
154 302 275 368 1Ξ89

1151 299 1471 363 SCHOLIA.
1507 301 1803 364 VETERA
1842 301 1923 362 IN
1963 301 2334 362 JOANNEMZ.

3226 305 3364 369 1290

144 417 299 481 ἄλλως
329 415 386 470 δὲ
417 416 512 470 καὶ
561 413 764 487 τρανὴν
808 415 902 467 καὶ
957 415 1164 485 ἥμερον
1207 413 1333 482 ὄψιν
1372 414 1552 478 αὐτοῖς
1590 417 1690 468 έπ-

1833 414 1954 468 liter
1980 424 2182 479 autem,
2207 423 2258 469 et
2279 415 2557 473 evidenter
2587 429 2640 475 et
2672 419 2828 476 l‘acile
2873 421 2979 476 illis
3017 422 3363 493 conspicien-

143 507 386 572 εδείξατο.

205 598 294 662 Τὸ,
319 598 525 661 Καθὼς
545 595 896 649 ἀπέσταλκέ
908 611 985 664 με
1004 598 1036 649 ό
1056 596 1280 665 Πατὴρ,
1304 596 1467 670 κάγὼ
1490 597 1699 667 πέμπω

143 687 307 759 ὑμᾶς,
344 686 442 759 τὴν
475 685 751 757 ίσοτιμίαν
775 685 1045 740 δείκνυσιν
1073 688 1275 750 αὐτοῖς.

207 778 294 843 Τὸ,
325 777 546 834 Λάϐετε
570 777 813 847 Πνεῦμα
836 778 1030 848 ἅγιον,
1055 780 1173 842 πῶς
1201 782 1422 846 νοεῖται,
1454 783 1700 843 εἰπόντος

144 871 316 935 αὐτοῦ’
361 872 498 924 ἐὰν
512 869 599 940 μὴ
625 869 742 940 ἐγὼ
769 869 1031 934 ἀπέλθω.
1057 873 1129 926 οὐ
1151 871 1238 941 μὴ
1259 872 1406 940 ἔλθῃ
1434 872 1661 938 ἐκεῖνος
1683 889 1700 935 ;

146 963 293 1026 Τινές
322 977 489 1032 φασιν
539 962 622 1016 ὅτι
651 961 714 1014 οὐ
754 961 816 1013 τὸ
845 961 1072 1032 Πνεῦμα
1099 962 1317 1027 ἔδωκεν,
1353 963 1466 1016 ἀλλ’
1508 965 1700 1032 ἐπιτη-

142 1055 307 1118 δείους
345 1054 545 1117 αὐτοὺς
571 1053 661 1106 διὰ
708 1052 804 1106 τοῦ
849 1054 1245 1123 έμφυσήματος
1277 1053 1699 1118 κατεσκεύασεν,

147 1147 174 1217 ἦ
195 1147 270 1200 ὅτι
291 1145 434 1200 κατὰ
462 1145 878 1216 ἁμαρτημάτων
896 1145 1110 1208 ἐξουσία
1129 1145 1284 1214 ἐδόθη
1303 1146 1484 1208 αὐτοῖς
1513 1146 1669 1198 τοῦτο
1686 1163 1698 1175 ·

143 1237 363 1308 ὕστερον
405 1237 463 1289 δὲ
491 1236 580 1289 διὰ
627 1235 723 1287 τοῦ
773 1235 1091 1306 Πνεῦματος
1134 1239 1229 1289 καὶ
1280 1229 1348 1288 τὰ
1397 1237 1638 1305 μείζονα,
1674 1237 1702 1288 ὃ

145 1331 254 1380 ἐστι
291 1326 547 1398 θαύματα
568 1343 582 1356 ·
615 1326 764 1396 λέγει
793 1326 926 1399 γὰρ,
978 1328 1059 1381 ὅτι
1118 1329 1253 1382 Τότε
1275 1327 1550 1396 λήψεσθε
1599 1329 1702 1382 δύο

142 1434 331 1485 ratur.

209 1509 330 1572 Πῶς
366 1509 583 1564 πάντων
621 1508 977 1578 συνηγμένων
998 1510 1025 1561 ὁ
1057 1507 1260 1578 Θωμᾶς
1289 1508 1704 1579 ἀπελιμπάνετο

140 1601 296 1671 μόνος
315 1618 331 1666 ;
353 1601 515 1664 Εἰκὸς
531 1597 600 1671 ἦν
621 1602 730 1654 ἀπὸ
751 1601 849 1670 τῆς
880 1601 1178 1672 διασπορᾶς
1208 1600 1310 1670 τῆς
1347 1601 1447 1673 ἤδη
1481 1602 1701 1670 γενομέ-

140 1709 232 1764 νης
269 1692 494 1762 μηδέπω
527 1692 690 1745 αὐτὸν
715 1691 1050 1744 ἐπανελθεῖν.

1799 505 1927 558 dum
1953 521 2010 560 se
2038 505 2208 560 dedit.

1876 595 2142 652 Vens.2l.
2181 595 2329 652 Sicut
2361 600 2504 651 misit
2532 615 2611 652 me
2645 597 2826 662 Pater,
2855 609 2902 652 et
2933 616 3052 671 ergo
3087 602 3237 656 mitto
3253 617 3364 664 vos.

1799 688 2158 756 aequalitatem
2184 704 2307 742 cum
2332 687 2493 742 Patre
2513 691 2594 744 cis
2623 691 2879 744 ostendit.

1873 779 2039 835 Vens.
2070 780 2161 834 22.
2196 781 2428 850 Accipite
2472 780 2734 850 Spiritum
2785 793 3047 848 sanctum,
3094 787 3370 855 quOtnodo

1801 870 2140 939 intelligitur,
2171 887 2293 925 cum
2339 873 2554 936 dixerit,
2593 871 2652 927 Si
2679 889 2780 926 non
2818 875 3027 940 abiero,
3055 892 3158 928 non
3204 878 3368 931 reniet

1799 959 1928 1014 ille?
1960 959 2192 1024 Quidam
2234 962 2428 1017 dicunt
2457 962 2604 1032 quod
2636 961 2898 1033 Spiritum
2943 981 3046 1020 non
3077 967 3247 1030 dedit,
3275 970 3368 1022 sed

1801 1060 2022 1119 paratos
2062 1051 2183 1106 illos
2202 1068 2297 1121 per
2317 1055 2505 1123 gratiae
2537 1053 2857 1109 eﬂ‘usiom-m
2886 1055 3083 1120 eﬂ‘ecit,
3118 1058 3198 1112 vel
3222 1061 3369 1128 quod

1803 1151 1992 1195 contra
2042 1154 2264 1212 peccata
2322 1154 2566 1213 potestas
2628 1145 2732 1199 illis
2762 1147 2886 1200 data
2919 1158 3001 1202 est
3039 1149 3134 1213 ibi,
3183 1161 3371 1220 postea

1803 1243 1983 1289 autem
2011 1250 2106 1304 per
2142 1235 2401 1304 Spiritum
2440 1247 2493 1290 et
2524 1237 2729 1307 majora
2764 1239 2889 1293 data
2912 1249 3060 1302 sunt,
3087 1242 3232 1296 velut
3265 1245 3374 1296 mi-

1803 1325 1988 1378 racula
2019 1341 2035 1390 ;
2071 1325 2201 1381 dicit
2234 1327 2377 1381 enim
2414 1346 2427 1380 :
2463 1327 2608 1381 Tunc
2639 1319 2903 1397 accipietis
2931 1331 3195 1386 virtutem.

1878 1504 2152 1561 “235.24.
2182 1506 2464 1572 Quomodo
2491 1510 2743 1564 omnibus
2763 1514 3104 1582 congregatis
3137 1513 3375 1570 Thomas

1805 1596 1992 1651 aberat
2020 1597 2203 1666 solus?
2228 1597 2531 1653 Verisimile
2547 1609 2664 1653 erat
2688 1615 2716 1652 a
2739 1600 3078 1670 dispersione
3101 1604 3212 1671 jam
3237 1604 3376 1660 facta

1807 1689 2047 1742 nondum
2079 1689 2230 1743 illum
2267 1689 2514 1745 rediisse.

200 1759 296 1836 Διά
312 1759 367 1836 τί
389 1782 508 1853 μεθ’
529 1781 744 1852 ἡμέρας
766 1779 911 1835 ὀκτὼ
937 1783 1038 1850 δρᾷ
1060 1780 1244 1847 αὑτὸν,
1266 1781 1361 1834 καὶ
1381 1780 1480 1833 οὐκ
1501 1781 1661 1843 εὐθύς
1681 1798 1697 1844 ;

1873 1780 2040 1836 Vens.
2073 1781 2164 1837 26.
2197 1783 2308 1836 Cur
2355 1792 2478 1852 post
2507 1782 2622 1838 dics
2659 1792 2780 1836 octo
2817 1784 2959 1838 videt
3015 1801 3136 1839 eum
3181 1795 3236 1841 et
3269 1803 3374 1842 non

136 1877 319 1939 Ὅπως
355 1873 579 1944 διδαχθῇ
621 1873 709 1927 διὰ
735 1873 845 1926 τῶν
884 1873 1195 1926 ἀποστόλων
1245 1872 1341 1926 καὶ
1375 1873 1701 1943 θερμότερος

132 1967 372 2038 γένηται.

198 2061 321 2122 Πῶς
355 2058 635 2127 ἄφθαρτον
667 2058 828 2127 σῶμα
862 2056 1054 2121 ἁπτὸν,
1078 2057 1292 2124 ἐγένετο
1335 2057 1501 2128 θνητῇ
1535 2058 1698 2127 χειρὶ,

131 2153 222 2205 καὶ
251 2152 378 2214 τοὺς
411 2150 614 2212 τύπους
650 2149 929 2202 ἐδείκνυτο
973 2148 1150 2218 ἐχειν;
1186 2147 1356 2201 Τοῦτο
1383 2148 1578 2201 λεπτὸν
1609 2150 1702 2202 καὶ¹

129 2238 361 2308 κοῦφον,
389 2237 466 2300 ὡς
516 2236 920 2306 κεκλεισμένων
959 2236 1175 2304 εἰσῆλθε
1212 2234 1324 2289 τῶν
1376 2236 1576 2306 θυρῶν,
1613 2237 1700 2290 ἵνα

129 2329 392 2399 πιστευθῇ
415 2331 449 2398 ἡ
471 2330 789 2392 ἀνάστασις,
823 2327 998 2383 ταῦτα
1019 2327 1295 2381 δείκνυται
1316 2343 1331 2357 ·
1369 2329 1464 2380 καὶ⁹
1493 2328 1697 2398 τρώγει

128 2419 188 2472 δὲ
219 2419 306 2472 διὰ
337 2419 497 2470 τοῦτο
522 2418 675 2472 αὑτό.

193 2509 328 2577 Περὶ
349 2507 519 2560 ποίων
552 2507 798 2577 σημείων
815 2508 964 2577 λέγει
983 2511 1012 2562 ὁ
1039 2509 1429 2580 εὐαγγελιστής
1448 2527 1462 2539 ·
1497 2513 1702 2563 Πολλὰ

121 2598 240 2667 μὲν
277 2593 392 2651 οὖν
421 2597 518 2651 καὶ
568 2596 725 2650 ἄλλα
768 2596 986 2666 σημεῖα
1023 2598 1314 2664 ἐποίησεν
1344 2601 1378 2651 ό
1419 2598 1700 2665 Ἰησοῦς;

144 2690 299 2761 Ἐμοὶ
332 2690 570 2742 δοκεῖτὰ
609 2689 752 2759 μετὰ
787 2688 887 2759 τὴν
916 2690 1216 2744 ἀνάστασιν
1236 2704 1252 2719 °
1289 2691 1540 2760 ἐπιφέρει
1571 2690 1699 2760 γὰρ,

144 2781 428 2835 Ἐνώπιον
465 2777 586 2834 τῶν
631 2778 918 2849 μαθητῶν
965 2781 1184 2845 αὑτοῦ,
1244 2780 1358 2834 ἀλλ’
1393 2781 1545 2850 οὐχὶ,
1581 2781 1701 2832 Τῶν

126 2874 321 2944 ὄχλων.
368 2871 492 2929 Ὅτι
519 2873 619 2925 οὐκ
652 2873 899 2943 ἔγραψαν
936 2873 1153 2926 ἅπαντα
1193 2875 1246 2928 οῖ
1292 2873 1698 2941 εὐαγγελισταὶ,

125 2966 267 3019 ἀλλά
297 2965 455 3027 ἄλλος
474 2963 630 3027 ἄλλα,
660 2965 954 3033 φεύγοντες
971 2965 1031 3018 τὸ
1060 2965 1343 3036 φιλότιμον
1368 2966 1463 3019 καὶ
1493 2965 1702 3018 κενόδο-

125 3057 219 3123 ξον
237 3075 251 3089 ο
275 3059 399 3111 ὅσον
425 3057 483 3111 δὲ
517 3057 674 3128 μόνον
704 3056 840 3127 πρὸς
861 3055 1041 3110 πίστιν
1074 3057 1338 3110 συντελεῖο
1356 3055 1437 3110 διὸ
1465 3056 1560 3110 καὶ
1580 3059 1700 3109 ὲπι-

126 3149 288 3222 φέρει
308 3165 321 3179 ο
350 3149 546 3205 Ταῦτα
573 3148 641 3202 δὲ
673 3147 1016 3219 γέγραπται,
1043 3148 1142 3202 ἵνα
1163 3149 1551 3218 πιστεύσητε.

701 3334 952 3387 ΚΕΦΑΛ.
997 3332 1130 3387 KA'.

203 3425 326 3478 Ὀτι
361 3427 498 3495 μετά
551 3426 650 3497 τὴν
697 3426 992 3478 ἀνάστασιν
1031 3428 1128 3478 οὐκ
1186 3425 1464 3488 ὲϐλέπετο,
1525 3426 1575 3477 εἰ
1625 3424 1698 3493 μὴ

127 3519 470 3588 συγκατέὸη,
501 3519 589 3572 διὰ
625 3519 686 3570 τὸ
732 3519 918 3570 λοιπὸν
965 3518 1241 3588 ἄφθαρτον
1274 3516 1407 3570 εἶναι
1447 3520 1508 3569 τὸ
1542 3516 1700 3586 σῶμα

124 3611 227 3663 καὶ
261 3613 554 3680 ἀκήρατον.

202 3705 331 3759 Ὅτι
369 3706 418 3758 oi
461 3705 591 3774 περὶ
632 3704 837 3774 Πέτρον
884 3704 980 3755 καὶ
1037 3703 1292 3772 Ἰωάννην
1344 3701 1443 3773 τὴν
1493 3702 1702 3754 οἰκείαν

117 3802 331 3870 τέχνην
361 3798 654 3868 μετῄεσαν,
685 3798 806 3851 ἐπεὶ
855 3797 990 3867 μήτε
1032 3796 1194 3858 αὐτὸς
1249 3795 1482 3864 Χριστὸς
1518 3794 1701 3855 αὐτοῖς

123 3894 326 3964 συνῆν,
363 3892 500 3963 μήτε
532 3890 592 3944 τὸ
620 3889 846 3962 Πνεῦμα
869 3889 933 3942 τὸ
953 3890 1116 3982 ξγιον
1159 3888 1308 3942 δοθὲν
1336 3884 1403 3958 ἦν
1423 3903 1436 3917 ·
1475 3886 1702 3947 ἐπιστὰς

115 3988 183 4039 δὲ
223 3985 408 4047 αὐτοῖς
445 3982 713 4053 κάμνουσι
746 3980 875 4052 περὶ
904 3978 1003 4051 τῆν
1035 3979 1209 4049 ἄγραν
1239 3978 1420 4047 λέγει’
1467 3978 1699 4038 Παιδία,

109 4080 211 4152 μή
249 4096 306 4133 τι
335 4075 716 4146 προσφάγιον
742 4075 942 4144 ἕχετε;
975 4073 1148 4127 Τοῦτο
1175 4073 1232 4127 δὲ
1259 4073 1428 4140 λέγει,
1459 4072 1533 4134 ὼς
1570 4070 1700 4138 μέλ-

117 4174 242 4226 λων
270 4189 324 4225 τι
362 4169 678 4240 ὠνήσασθαι
719 4167 851 4237 παρ’
883 4166 1086 4220 αὐτῶν.

201 4263 331 4316 ’Ότι
358 4260 458 4333 τὴν
502 4260 804 4331 ἀνθρακιὰν
843 4259 933 4310 καὶ
982 4257 1043 4309 τὸ
1078 4258 1424 4325 ἐπικείμενον
1457 4255 1700 4323 ὀψάριον,

113 4356 228 4411 καὶ
251 4355 342 4408 τὸν
377 4355 560 4425 ἄρτον,
602 4354 703 4405 οὐκ
745 4350 805 4415 ἐξ
837 4347 1204 4418 ὑποκειμένης
1241 4346 1374 4415 ὕλης
1413 4346 1705 4414 εἰργάσατο

1724 3130 1767 3191 C
1802 3147 1935 3209 ticit,
1986 3149 2108 3204 ideo
2147 3149 2347 3220 adjecit
2399 3170 2412 3205 :

1802 1870 2035 1927 statim?
2096 1871 2165 1926 Ut
2211 1872 2473 1927 doceatur
2542 1874 2608 1927 ab
2665 1875 2928 1942 apostolis
2981 1885 3033 1928 et
3099 1877 3376 1931 ardentior

1802 1963 1918 2018 ﬁat.

1871 2054 2036 2111 Vens.
2066 2055 2156 2110 27.
2188 2055 2476 2122 Quomodo
2523 2060 2934 2128 incorruptibile
2983 2075 3182 2130 corpus
3230 2062 3376 2130 tangi

1801 2147 1979 2216 potuit
2019 2149 2238 2201 mortali
2275 2164 2460 2211 manu,
2492 2160 2544 2204 et
2575 2151 2832 2220 stigmata
2863 2153 3101 2206 ostendit
3136 2151 3336 2206 habere
3358 2156 3380 2204 ‘3

1802 2237 1937 2292 Illud
1968 2239 2084 2293 leve
2131 2249 2250 2293 erat
2301 2250 2354 2294 et
2396 2242 2591 2296 subtile
2629 2259 2751 2295 cum
2791 2243 2993 2298 clausis
3039 2245 3262 2298 intrarit
3297 2244 3378 2313 ja~

1801 2329 1954 2394 nuis;
1987 2338 2047 2384 ut
2102 2331 2416 2386 crederetur
2446 2337 2776 2388 resurrectio
2809 2335 2912 2387 ista
2952 2336 3298 2400 exhibentur,
3327 2347 3380 2389 ct

1803 2435 2019 2490 prOpter
2045 2424 2291 2477 eamdem
2323 2438 2544 2478 causam
2578 2426 2893 2480 manducat.

1878 2506 2158 2562 VERS.50.
2239 2511 2312 2564 De
2357 2513 2555 2580 quibus
2601 2514 2772 2581 signis
2817 2513 2950 2567 dicit
3001 2515 3380 2585 evangelista:

1807 2600 1977 2653 Multa
2003 2602 2211 2669 quidem
2235 2611 2282 2655 et
2309 2603 2419 2655 alia
2442 2604 2593 2672 signa
2625 2605 2747 2672 fecit
2783 2605 2976 2658 Jesus?
3015 2605 3145 2659 Mihi
3170 2607 3386 2661 videtur

1801 2708 1923 2747 esse
1955 2707 2075 2762 qua:
2105 2703 2226 2761 post
2253 2695 2705 2750 resurrectionem
2739 2695 2902 2763 fecit;
2949 2697 3171 2767 subjicit
3212 2700 3384 2760 enim.

1806 2783 1870 2837 In
1897 2794 2170 2853 conspectu
2200 2786 2582 2854 discipulorum
2613 2805 2828 2842 suorum
2851 2828 2864 2851 ,
2891 2789 2984 2843 sed
3015 2805 3122 2844 non
3163 2789 3215 2843 in
3247 2805 3384 2844 con-

1803 2882 1990 2941 spectu
2033 2875 2339 2928 turbarum.
2398 2875 2514 2930 Non
2561 2877 2899 2946 scripserunt
2927 2877 3110 2931 omnia
3150 2892 3385 2948 evange-

1803 2965 1961 3029 listie,
2007 2964 2101 3019 sed
2131 2966 2272 3020 alius
2295 2967 2422 3030 alia,
2471 2967 2738 3037 fugientes
2770 2968 3077 3037 superbiam
3109 2978 3162 3023 et
3191 2983 3380 3023 vanam

1804 3055 2064 3124 gloriam;
2089 3067 2353 3126 quantum
2378 3068 2559 3113 autem
2592 3058 2938 3114 Solummodo
2970 3059 3034 3112 ad
3070 3059 3228 3113 ﬁde2n
3261 3074 3388 3129 pro-

2471 3149 2600 3205 lla'c
2647 3165 2820 3206 autem
2877 3154 3072 3220 scripta
3137 3163 3279 3216 sunt,
3328 3162 3385 3204 ιιι

1801 3241 2049 3295 credatis.

2363 3336 2595 3392 CAPUT
2667 3337 2810 3391 XXI.

1878 3426 2042 3482 Vens.
2098 3429 2149 3481 l.
2206 3426 2337 3483 Post
2396 3430 2852 3482 resurrectionem
2906 3445 3014 3485 non
3065 3431 3388 3486 cernebatur

1807 3525 1989 3570 utrum
2024 3532 2132 3570 non
2175 3532 2236 3572 se
2265 3517 2478 3572 facilem
2507 3519 2768 3586 praeberet
2800 3521 2925 3588 quia
2970 3521 3082 3590 jam
3140 3523 3390 3577 int-orru-

1804 3609 1992 3679 ptibile
2026 3619 2144 3663 erat
2169 3625 2369 3679 corpus
2405 3620 2458 3665 et
2488 3611 2782 3681 integrum.

1882 3699 2044 3755 Vsus.
2076 3701 2130 3754 5.
2163 3699 2308 3755 Petri
2338 3711 2393 3756 et
2416 3699 2645 3757 Joannis
2671 3704 2806 3757 socii
2833 3718 2990 3758 suam
3027 3713 3201 3758 artem
3232 3719 3391 3759 exer-

1804 3792 2018 3856 cebant,
2052 3808 2174 3846 eum
2215 3808 2390 3862 neque
2424 3793 2675 3849 Christus
2701 3795 2814 3864 ipse
2847 3813 2970 3850 eum
3007 3799 3088 3850 eis
3137 3805 3255 3850 erat
3293 3811 3392 3852 ne-

1804 3902 1906 3955 quc
1931 3885 2168 3955 Spiritus
2212 3896 2434 3942 sanctus
2461 3890 2618 3942 datus
2639 3901 2774 3943 erat.
2811 3887 2977 3943 Stans
3007 3898 3188 3944 autent
3232 3889 3392 3959 juxta

1809 3979 1930 4034 illos
1971 3981 2284 4034 laborantes
2330 3982 2476 4034 circa
2509 3982 2820 4037 littus-dicit
2855 3998 2869 4034 :
2919 3981 3106 4046 Pueri,
3149 3979 3389 4050 nunquitt'

1805 4070 2214 4138 pulmentarium
2232 4071 2470 4126 habetis?
2493 4073 2605 4128 Hoc
2633 4073 2785 4140 dicit,
2805 4072 2947 4128 velut
2966 4071 3156 4127 volens
3183 4073 3392 4141 aliquid

1807 4162 1877 4214 ab
1906 4161 1986 4215 eis
2020 4177 2221 4218 emere.

1886 4251 2122 4307 Vens.9.
2158 4255 2372 4307 Prunas
2418 4263 2466 4307 et
2509 4256 2909 4322 superpositum
2961 4255 3164 4323 piscem
3194 4264 3250 4308 et
3296 4270 3393 4324 ραι

1809 4357 1956 4407 nem,
1992 4357 2101 4396 non
2138 4358 2204 4396 ex
2234 4344 2478 4412 subjecta
2531 4344 2760 4397 materia
2805 4344 2937 4399 facit
2973 4343 3252 4412 Christus,
3289 4347 3391 4401 ad»

111 4452 148 4504 ὁ
183 4445 446 4518 Χριστὸς,
481 4446 575 4499 ἐπὶ
608 4443 670 4496 τὸ
700 4440 1137 4510 θαυμαστότερον
1183 4437 1332 4505 ἄγων
1357 4437 1424 4489 τὰ
1464 4439 1665 4505 σημεῖα
1689 4451 1702 4464 ·

1826 4432 2123 4487 mirandum
2169 4433 2342 4502 magis
2381 4433 2598 4503 signum
2628 4449 2878 4488 exerens.
2921 4431 3097 4489 Jussit
3136 4443 3318 4489 autem
3361 4451 3395 4490 ε

117 4542 394 4596 ἐκέλευσε
439 4539 495 4591 δὲ
528 4539 592 4589 ὲκ
631 4534 741 4587 τῶν
775 4532 1017 4601 ὀψαρίων
1051 4523 1126 4582 ὧν
1169 4529 1401 4582 ἐπίασαν
1440 4523 1706 4592 ἐνεγκεῖν,

119 4633 354 4692 δεικνὺς
390 4631 472 4682 ὅτι
505 4628 565 4680 τὸ
592 4625 871 4697 ὁρώμενον
900 4623 999 4676 οὐκ
1037 4617 1105 4692 ἦν
1137 4621 1429 4690 φάντασμα
1453 4635 1466 4648 ·
1505 4623 1598 4672 καὶ
1628 4621 1709 4673 δτι

118 4722 239 4790 μὲν
274 4720 437 4780 αὐτὸς
466 4714 556 4788 ἦν,
589 4717 811 4788 ⁴ᾔδεσαν,
842 4714 943 4769 κᾶν
974 4713 1128 4783 ξένην
1170 4712 1421 4782 ἐπιφέρει
1447 4711 1542 4781 τὴν
1576 4727 1706 4780 μορ-

114 4809 245 4877 φήν
266 4825 281 4838 ο
320 4804 616 4876 ἐφοϐοῦντο
647 4805 703 4859 δὲ
740 4801 1035 4874 ἐρωτῆσαι.
1467 4865 1473 4871 θ

189 4899 304 4954 Διά
340 4899 392 4952 τί
424 4899 604 4970 ἐρωτᾷ
653 4896 816 4950 αὐτοῦ
860 4893 925 4966 [Ῑ.
967 4892 1153 4965 ain-3v]
1183 4891 1365 4960 τρίτον
1396 4891 1478 4951 τὲ,
1512 4890 1711 4956 Φιλεῖς

104 5007 201 5065 με
229 5007 250 5055 ;
277 4990 352 5044 Τὸ
375 4989 595 5061 τρισσὸν
617 4989 918 5059 ὲξαλείφων
937 4989 1037 5058 τῆς
1059 4988 1361 5058 ἀρνήσεως,
1383 4986 1478 5039 καὶ
1498 4986 1710 5048 δεικνὺς

107 5089 262 5140 ὅσου
294 5085 526 5154 τιμᾶται
546 5083 646 5147 τὴν
675 5081 1012 5152 προστασίαν
1032 5079 1142 5133 τῶν
1159 5078 1376 5132 οἰκείων
1398 5078 1708 5148 προϐάτοιν·

105 5175 286 5242 λέγει
323 5175 432 5243 γὰρ
459 5172 648 5236 εὐθύς·
679 5174 878 5226 Βόσκε
902 5171 973 5226 τὰ
991 5171 1169 5242 ἀρνία
1195 5187 1336 5240 μου.

201 5264 338 5318 Ὅτι
376 5266 469 5317 ἐπὶ
504 5266 597 5318 τοῦ
635 5263 870 5335 σταυροῦ
902 5263 1106 5326 τέλειος
1137 5263 1276 5331 ἀνὴρ
1308 5256 1376 5333 ἦν
1405 5260 1434 5312 ὁ
1483 5261 1708 5328 Πέτρος.

107 5358 300 5425 Λέγει
333 5356 443 5428 γὰρ
470 5357 498 5408 ὀ
524 5355 761 5426 Χριστός
786 5371 799 5384 ·
827 5355 966 5410 Ὅτε
992 5351 1068 5424 ἧς
1091 5353 1377 5423 νεώτερος
1397 5370 1412 5382 ·
1445 5351 1562 5406 εἶτα
1592 5355 1706 5420 καὶ,

107 5447 260 5504 ’οτ’
294 5447 370 5502 ἂν
409 5447 701 5517 γηράσῃς.

192 5539 268 5593 Τί
300 5539 556 5610 σημαίνει
583 5541 641 5591 ὲν
661 5537 741 5608 τῷ
769 5537 951 5606 λέγειν
970 5551 986 5565 ⁸
1017 5536 1176 5602 Ποι’ῳ
1205 5535 1438 5604 θανάτῳ
1463 5535 1711 5601 δοξάσει

102 5633 240 5689 τὸν
285 5632 435 5685 Θεόν
456 5649 476 5697 ;
497 5630 783 5684 Δείκνυσιν
811 5629 894 5682 ὃτι
943 5627 1004 5681 τὸ
1037 5628 1177 5698 ὑπὲρ
1220 5628 1458 5699 Χριστοῦ
1494 5629 1707 5693 παθεῖν,

105 5722 266 5787 δόξα
301 5721 395 5774 τοῦ
434 5721 737 5792 πάσχοντός
763 5723 880 5773 ἐστι
914 5719 1007 5772 καὶ
1031 5721 1186 5790 τιμή.

357 5817 633 5879 Ριτιιοι..
673 5817 791 5878 GR.
853 5817 1013 5877 CVI.

1813 4523 2056 4593 piscibus
2076 4538 2215 4593 quos
2240 4535 2495 4593 ceperant
2519 4524 2736 4586 afferre,
2756 4523 3052 4580 ostendens
3079 4525 3208 4594 quia
3246 4527 3391 4594 quoi

1814 4615 2066 4669 ridebant
2100 4617 2424 4685 phantasma
2482 4632 2586 4669 non
2624 4627 2760 4671 erat.
2813 4615 2877 4669 Et
2909 4617 3053 4686 quod
3105 4619 3219 4686 ipse
3248 4628 3394 4672 esset

1811 4705 2083 4770 viderunt,
2111 4709 2358 4778 quamvis
2380 4709 2618 4762 alienum
2647 4723 2838 4778 gerens
2863 4719 3168 4779 aspectum.
3205 4707 3248 4762 Τ
3255 4712 3395 4764 intc-

1813 4797 1942 4850 bant
1971 4807 2152 4853 autem
2191 4800 2546 4870 interrogare.

1889 4887 2054 4945 Vrsas.
2099 4891 2180 4943 l7.
2232 4891 2344 4946 Cur
2393 4894 2692 4961 interrogat
2740 4907 2864 4946 eum
2927 4903 3026 4957 ter,
3083 4894 3246 4947 Amas
3277 4893 3394 4946 me?

1815 4982 2013 5035 trinam
2047 4991 2106 5036 nt
2127 4981 2329 5037 deleret
2363 4985 2728 5052 negationem,
2765 4993 2821 5038 et
2857 4985 3172 5039 ostenderet
3201 4986 3394 5054 quanti

1812 5071 2044 5124 aestimet
2083 5071 2461 5140 praefecturam
2509 5088 2730 5127 suarum
2784 5074 3009 5139 ovium,
3061 5074 3195 5129 dicit
3247 5075 3394 5128 enim

1813 5163 1996 5216 statim
2031 5162 2239 5217 :Pasre
2256 5180 2417 5232 agnos
2457 5181 2618 5218 meos.

1889 5253 2052 5310 Vens.
2096 5257 2176 5310 l8.
2228 5259 2285 5310 ln
2325 5269 2568 5326 ltlltpOI‘c
2614 5258 2994 5313 crucitixionis
3037 5256 3260 5312 adultus
3284 5256 3395 5326 jam

1813 5347 1897 5402 vir
1926 5360 2043 5402 erat
2070 5349 2303 5406 Petrus:
2337 5351 2466 5406 dicit
2493 5352 2637 5406 enim
2672 5352 2946 5417 Christus,
2979 5349 3114 5406 Cum
3153 5365 3294 5404 esses
3304 5349 3392 5420 ju-

1814 5441 1954 5504 nior,
1973 5439 2189 5503 deinde.
2217 5441 2350 5496 Cum
2373 5454 2549 5496 autem
2578 5445 2831 5498 senueris.

1889 5533 2058 5590 Vens.
2079 5532 2322 5600 l9.Quid
2342 5535 2613 5604 signiﬁcat
2642 5535 2905 5591 dicendo:
2933 5534 3055 5600 Qua
3088 5543 3255 5589 morte
3287 5531 3400 5604 glo-

1815 5630 2120 5699 riﬁcaturus
2157 5636 2288 5682 esset
2326 5625 2531 5681 Deum?
2575 5624 2824 5683 Ostendit
2857 5628 2966 5696 pati
3015 5641 3114 5697 pro
3154 5625 3398 5696 Christo,

1817 5721 2046 5792 gloriam
2083 5718 2338 5791 patientis
2371 5733 2494 5776 esse
2517 5726 2571 5774 ct
2600 5718 2885 5773 honorem.

3003 5809 3072 5870 Μ
