3884 6208
162 343 280 410 19.97

1290 352 1351 412 S.
1392 350 1677 412 BASILII
1717 348 2113 410 LITURGIA.

3238 342 3379 408 1298

160 465 358 533 εἰρήνην
394 461 472 531 τῷ
521 463 710 531 κόσμῳ
754 459 1017 532 δὼρησαι,
1070 461 1221 531 παρα
1268 463 1361 516 τὸν
1407 464 1726 522 ὑπόλοιπον,

1841 476 1985 516 acem
2018 460 2222 515 mundo
2242 459 2456 525 donari,
2479 466 2538 513 ut
2572 458 2842 528 reliquum
2868 458 2993 513 vitae
3018 466 3217 514 nostrae
3246 468 3380 513 tem-

159 554 324 623 χρόνον
353 552 451 622 τῆς
484 550 628 623 ζωῆς
657 550 814 621 ἡμῶν
845 552 903 604 ὲν
929 551 1121 625 εἰρήνῃ
1140 552 1235 605 καὶ
1262 552 1519 624 μετανοίᾳ
1545 555 1703 607 ἐκτε-

161 644 311 696 λέσαι.
883 669 887 673 -

217 733 511 803 Χριστιανὰ
556 733 626 787 τὰ
673 733 801 804 τέλη
858 733 959 803 τῆς
1010 734 1156 802 ζωῆς
1204 734 1392 802 ἡμῶν,
1426 732 1707 801 ἀνώδυνα,

161 823 544 894 ἀνεπαίσχυντα
566 863 580 886 ,
615 823 865 894 εἰρηνικὰ
887 863 901 888 ,
941 824 1037 876 καὶ
1074 824 1245 892 καλὴν
1282 824 1579 891 ἀπολογίαν
1612 826 1706 878 ἐπὶ

160 912 375 984 φοδερθῦ
436 913 680 984 βήματος
736 913 829 968 τοῦ
880 914 1116 984 Χριστοῦ
1167 912 1541 984 αἰτησώμεϐα.
1595 915 1706 984 Τῆς

160 1002 432 1070 παναγίας,
482 1001 783 1071 ἁχράντου,
816 1001 1360 1071 ὑπερευλογουμένης
1404 1001 1707 1067 Δεσποίνης

160 1091 297 1161 ἡμῶν
325 1090 587 1144 Θεοτόκου
622 1091 715 1144 καὶ
754 1091 1141 1161 Ἀειπαρθένου
1172 1092 1408 1161 Μαρίας,
1440 1090 1536 1145 καὶ
1568 1091 1708 1147 πάνυ

160 1198 257 1233 των
283 1180 387 1234 τῶν
420 1180 593 1248 ἁγίων
628 1181 1130 1251 μνημονεύσαντες,
1165 1182 1389 1244 ἑαυτοὺς
1413 1183 1510 1236 καὶ
1547 1183 1710 1253 ἀλλή-

161 1270 273 1331 λους
305 1270 401 1321 καὶ
440 1268 650 1331 πάντας
680 1268 768 1322 διὰ
796 1269 904 1322 τῶν
932 1270 1228 1339 οἰκτιρμῶν
1260 1269 1355 1323 τοῦ
1386 1271 1709 1340 μονογενοῦς

165 1376 248 1412 σου
271 1358 421 1425 Υίοῦ,
452 1359 570 1429 μεθ’
592 1353 654 1413 οὗ
676 1359 968 1427 εὐλογητὸς
996 1356 1067 1423 εἴ,
1099 1362 1196 1414 σὺν
1228 1359 1305 1427 τῷ
1339 1361 1589 1431 παναγίῳ
1616 1363 1711 1414 καὶ

160 1449 339 1519 ἀγαθῷ
378 1451 470 1503 καὶ
500 1450 747 1521 ζωοποιῷ
777 1467 871 1503 σου
900 1449 1199 1520 Πνεύματι,
1233 1449 1330 1503 νῦν
1363 1451 1456 1504 καὶ
1485 1453 1590 1516 ἀεὶ,
1619 1453 1713 1505 καὶ

158 1542 232 1602 εἰς
250 1542 371 1605 τοὺς
399 1543 601 1606 αἰῶνας
621 1543 727 1597 τῶν
750 1542 980 1598 αἰώνων.

226 1632 421 1702 Εἰρήνη
478 1634 661 1688 πᾶσιν.
712 1636 1112 1705 Ἀγαπήσωμεν
1160 1635 1460 1705 ἀλλήλους,
1518 1635 1604 1690 ἵνα
1658 1634 1716 1688 ὲν

159 1723 372 1793 ὁμονοίᾳ
400 1725 848 1794 ὁμολογήσωμεν.
1004 1778 1009 1785 .

227 1814 333 1876 Τὰς
366 1814 556 1883 Θύρας,
590 1816 688 1879 τὰς
716 1816 905 1888 Θύραςο
940 1819 996 1871 ἐν
1028 1817 1191 1888 σοφία
1222 1818 1570 1888 πρόσχωμεν.

224 1904 296 1974 (6)
325 1904 546 1975 Στῶμεν
581 1906 778 1969 καλῶς’
811 1907 1024 1977 στῶμεν
1057 1907 1193 1978 μετὰ
1219 1907 1417 1975 φόϐου·
1461 1907 1714 1977 πρόσχω-

158 2013 253 2066 μεν
286 1996 383 2068 τὴν
408 1995 568 2065 ἁγίαν
598 1998 875 2068 ἀναφορὰν
905 2001 963 2052 ἑν
994 2001 1186 2071 εἰρήνῃ
1214 2000 1572 2069 προσφέρειν.

745 2124 1134 2193 Ἐκερώνησις.

233 2231 294 2285 Ἦ
316 2231 470 2302 χάρις
502 2230 594 2284 τοῦ
622 2232 826 2301 Κυρίου
853 2232 1011 2301 ἡμῶν
1051 2231 1226 2301 ’ῐησοῦ
1252 2232 1513 2301 Χριστοῦ,
1561 2236 1654 2287 καὶ
1685 2237 1718 2304 ή

154 2322 341 2392 ἀγάπη
372 2322 464 2376 τοῦ
513 2322 647 2375 Θεοῦ
692 2322 785 2376 καὶ¹
819 2323 1051 2393 Πατρὸς,
1098 2324 1192 2375 καὶ
1249 2323 1280 2391 ἡ
1330 2325 1582 2377 κοινωνία
1621 2323 1718 2377 τοῦ

159 2417 310 2484 ἁγίου
347 2414 662 2484 Πνεύματος
696 2416 781 2483 εἴη
813 2417 948 2484 μετὰ
986 2416 1201 2469 πάντων
1232 2415 1385 2483 ὑμῶν

240 2503 587 2574 Ἀνὰσχωμεν
613 2504 710 2565 τὰς
741 2504 985 2571 καρδίας,

265 2595 756 2665 Εὐχαριστήσωμεν
787 2592 864 2662 τῷ
895 2593 1103 2663 Κυρίῳ.

621 2720 683 2772 '0
716 2719 904 2785 ἱερεὺς
931 2719 1267 2787 ἐπεύχεται.

234 2850 308 2918 (7)
359 2848 414 2902 Ὀ
440 2846 536 2911 ὢν,
574 2848 815 2899 Δέσποτα
851 2846 943 2899 καὶ
973 2847 1132 2908 Θεὸς,
1168 2847 1379 2916 Πατὴρ.
1417 2847 1725 2919 παντοκρά-

162 2958 279 3011 τορ,
318 2938 679 3009 προσκυνητὲ·
715 2938 863 3002 ἄξιον
890 2939 963 3000 ὡς
989 2938 1221 3007 άληθῶς,
1258 2939 1348 2990 καὶ
1375 2938 1601 2999 δίκαιον,
1634 2941 1728 2992 καὶ

163 3032 371 3104 πρέπον
393 3033 458 3101 τῇ
489 3029 930 3099 μεγαλοπρεπείᾳ
960 3030 1059 3097 τῆς
1090 3030 1399 3098 ἁγιωσύνης
1419 3046 1536 3093 σου,
1556 3029 1613 3081 σὲ
1640 3033 1725 3082 αἰ-

1806 566 1909 620 pus
1941 550 1993 605 in
2024 565 2157 620 pace
2177 558 2232 605 et
2259 549 2576 619 poenitentia
2606 549 2879 602 ﬁniamus.

1874 732 2249 787 Christianum
2296 730 2461 784 ﬁnem
2488 729 2610 783 vita:
2639 740 2861 791 nostrae,
2890 728 3095 782 doloris
3122 738 3174 782 et
3205 728 3380 796 turpi-

1807 824 2009 878 tudinis
2040 831 2335 892 expertem,
2369 830 2647 890 pacatum,
2680 827 2734 874 et
2762 819 2960 873 bonam
3004 818 3378 873 defensionem

1806 925 1932 971 ante
1965 914 2200 968 tribunal
2226 912 2563 967 tremendum
2594 911 2794 964 Christi
2828 925 3133 979 poscamus.

1880 1006 2271 1069 Sanctissimae,
2329 1003 2713 1065 immaculata},
2773 1002 3067 1056 benedicta:
3137 1000 3384 1053 Dominae

1808 1107 2007 1153 nostra:
2023 1095 2259 1164 Deiparte
2271 1103 2325 1148 et
2341 1109 2553 1161 semper
2583 1091 2816 1161 Virginis
2845 1092 3042 1150 Maria),
3066 1098 3119 1144 et
3139 1091 3383 1143 omnium

1810 1197 2121 1243 sanctorum
2157 1185 2473 1241 memoriam
2506 1193 2871 1255 agentes,nos
2897 1183 3044 1251 ipsos
3074 1190 3127 1234 et
3150 1181 3382 1233 invicem

1810 1291 1861 1336 et
1891 1295 2079 1334 omnes
2100 1274 2595 1349 (commendamus)
2630 1291 2723 1345 per
2755 1273 3191 1328 misericordiam
3247 1269 3382 1323 Uni-

1811 1371 1977 1441 geniti
2035 1369 2156 1423 Filii
2188 1370 2287 1433 tui,
2323 1384 2557 1439 quocum
2602 1366 2917 1420 benedictus
2962 1379 3041 1423 es,
3074 1377 3199 1417 cum
3260 1376 3387 1414 san-

1813 1462 2079 1526 ctissimo,
2108 1461 2313 1529 optimo
2336 1468 2391 1513 et
2416 1457 2630 1511 vivilico
2656 1455 2884 1525 Spiritu,
2917 1470 3060 1508 nunc
3076 1462 3129 1506 et
3150 1466 3385 1520 semper,

1814 1562 1869 1607 et
1908 1552 1959 1604 in
1994 1552 2189 1605 saecula
2225 1549 2573 1603 saeculorum.

1886 1640 1996 1693 Pax
2027 1639 2303 1693 omnibus.
2331 1638 2631 1706 Diligamus
2664 1648 2765 1687 nos
2795 1631 3046 1695 invicem,
3069 1638 3129 1683 ut
3161 1629 3214 1682 in
3248 1642 3390 1680 una-

1818 1732 2063 1785 nimitate
2102 1730 2487 1784 conﬁteamur.

1889 1821 2076 1885 Fores,
2107 1821 2270 1876 fores.
2304 1819 2523 1874 Attente
2554 1816 2863 1871 audiamus.

1892 1914 2108 1969 Stemus
2156 1913 2429 1977 decenter,
2479 1917 2687 1964 stemus
2722 1912 3036 1960 reverenter
3082 1921 3095 1956 ε
3135 1900 3388 1957 attenda—

1820 2020 1939 2061 mus
1963 2016 2205 2061 sanctam
2230 2003 2564 2073 anaphoram
2601 2000 2652 2054 in
2687 2013 2819 2068 pace
2842 1996 3109 2068 proferre.

2454 2125 2583 2178 Alta
2616 2138 2757 2177 voce.

1889 2237 2073 2291 Gratia
2115 2237 2325 2291 Domini
2362 2236 2530 2290 noSIri
2585 2234 2712 2288 Jesu
2746 2230 2975 2290 Christi,
3013 2227 3255 2282 charitas
3292 2225 3385 2278 Dei

1820 2340 1868 2383 et
1903 2329 2102 2392 Patris,
2134 2335 2188 2382 et
2215 2326 2641 2382 communicatio
2668 2323 2839 2379 sancti
2873 2320 3110 2389 Spiritus
3153 2318 3225 2372 sit
3262 2332 3390 2371 cum

1822 2420 2078 2475 omnibus
2100 2421 2277 2475 vobis.

1896 2509 2124 2565 Sursum
2161 2510 2345 2564 corda.

1894 2600 2109 2655 Gratias
2145 2614 2371 2671 agamus
2392 2599 2645 2652 Domino.

2387 2722 2646 2778 Sacerdos
2688 2731 2807 2775 orat

1898 2852 1978 2907 Tu
2009 2853 2100 2923 qui
2133 2868 2212 2919 es,
2256 2851 2487 2907 Domine
2521 2860 2576 2904 et
2619 2849 2780 2913 Dens,
2809 2849 2989 2911 Pater,
3022 2846 3385 2914 omnipotens,

1830 2944 2137 3008 adorande;
2168 2944 2390 3013 dignum
2442 2956 2588 3008 vere,
2619 2951 2670 2995 et
2700 2941 2904 3009 justum
2962 2949 3014 2992 ct
3064 2942 3392 2994 conveniens

1830 3037 2098 3108 maiestati
2131 3036 2436 3091 sanctitatis
2462 3042 2589 3098 tute,
2620 3042 2672 3088 te
2711 3033 2955 3098 laudare,
2991 3040 3043 3085 te
3092 3032 3395 3098 celebrare,

161 3127 306 3190 νεῖν,
343 3122 402 3177 σὲ
430 3124 639 3191 ὑμνεῖν,
672 3124 729 3175 σὲ
758 3123 1018 3189 εὐλογεῖν,
1052 3121 1111 3173 σὲ
1142 3123 1488 3191 προσκυνεῖν,
1520 3122 1579 3173 σὲ
1621 3123 1723 3173 εύ-

1841 3148 1879 3188 .e
1938 3131 2280 3194 benedicere,
2318 3135 2370 3183 te
2422 3127 2671 3190 adorare,
2712 3125 2806 3179 tibi
2873 3123 3076 3195 gratias
3136 3135 3399 3193 θεοῖο,ιο

158 3214 438 3284 χαριστείν
461 3252 475 3277 ,
509 3212 568 3265 σὲ
614 3211 857 3276 δοξάζειν
888 3211 975 3263 τὸν
1012 3212 1170 3280 μόνον
1212 3210 1381 3273 ὅντως
1413 3211 1542 3264 ὅντα
1573 3210 1723 3275 Θεὸν,

160 3304 258 3357 καὶ
313 3305 395 3356 σοὶ
441 3303 771 3375 προσφέρειν
824 3303 880 3353 ὲν
920 3300 1113 3372 καρδίᾳ
1162 3299 1596 3369 συντετριμμένῃ
1635 3301 1728 3352 καὶ

160 3393 435 3461 πνεύματι
468 3391 847 3453 ταπεινώσεως
874 3390 970 3458 τὴν
994 3390 1219 3459 λογικὴν
1245 3389 1447 3456 ταύτην
1474 3387 1728 3456 λατρείαν

157 3482 339 3551 ἡμῶν
372 3482 452 3534 ὅτι
494 3483 558 3534 σὺ
591 3476 639 3533 εἷ
666 3484 692 3533 ό
729 3481 1095 3550 χαρισάμενος
1141 3481 1271 3547 ἡμῖν
1302 3478 1400 3543 τὴν
1436 3478 1729 3545 ἐπίγνωσιν

155 3573 257 3640 τῆς
287 3571 386 3640 σῆς
412 3569 686 3641 ἀληθείας.
726 3571 834 3622 Καὶ
856 3571 938 3631 τίς
975 3569 1157 3631 ἱκανὸς
1182 3569 1413 3638 λαλῆσαι
1445 3569 1542 3630 τὰς
1570 3568 1730 3620 δυνα-

160 3661 349 3724 στείας
387 3677 515 3726 σου;
546 3662 813 3723 ἁκουστὰς
850 3662 1073 3729 ποιῆσαι
1122 3662 1301 3723 πάσας
1345 3660 1443 3723 τὰς
1496 3660 1729 3723 αἰνέσεις

159 3753 262 3808 σοῦ
284 3770 298 3819 ;
322 3754 355 3823 ἦ
379 3753 746 3823 διηγήσασθαι
769 3754 945 3805 πάντα
970 3753 1039 3805 τὰ
1064 3752 1343 3822 Θαυμάσιά
1370 3770 1461 3806 σου
1489 3753 1545 3804 ἐν
1567 3751 1730 3804 παντὶ

156 3845 380 3916 καιρῷς
412 3845 657 3898 Δέσποτα
695 3846 803 3898 τῶν
842 3846 1095 3899 ἁπάντων
1121 3886 1135 3910 ,
1173 3845 1344 3914 Κύριε
1373 3844 1605 3914 ούρανοῦ
1636 3843 1731 3898 καὶ

153 3938 289 4005 γῆς.
318 3936 413 3991 καὶ
438 3936 617 4005 πάσης
642 3936 867 3999 κτίσεως
887 3937 1171 4008 όρωμένης
1197 3954 1254 3990 τε
1280 3937 1373 3989 καὶ
1398 3936 1497 4005 οὐχ
1517 3933 1731 4006 ὁρωμέ-

153 4046 283 4098 νης,
319 4031 347 4082 ό
373 4028 677 4099 καθήμενος
707 4029 801 4081 ἐπὶ
835 4029 1025 4098 Θρόνου
1068 4028 1254 4097 δόξης,
1297 4029 1391 4081 καὶ
1422 4028 1731 4081 ἐπιϐλέπων

152 4124 468 4187 ἀϐύσσουςο
520 4124 744 4194 ἁναρχε,
807 4122 1027 4191 ἁόρατε,
1089 4122 1471 4190 ἁκατάληπτε,
1534 4121 1731 4189 ἀπερί-

156 4231 432 4284 στραπτε,
456 4213 798 4275 ἁναλλοίωτε,
825 4214 853 4263 ὁ
876 4212 1067 4279 Πατὴρ
1089 4210 1181 4262 τοῦ
1209 4210 1415 4277 Κυρίου
1438 4210 1594 4279 ἡμῶν
1626 4209 1732 4278 ’1η-

156 4307 261 4361 σοῦ
310 4305 581 4375 Χριστοῦ,
612 4303 703 4357 τοῦ
753 4302 987 4372 μεγάλου
1029 4300 1163 4352 Θεοῦ
1210 4304 1303 4352 καὶ
1339 4300 1591 4369 Σωτῆρος
1636 4300 1735 4368 τῆς

154 4399 383 4460 ἐλπίδος
415 4396 573 4466 ἡμῶν
597 4435 611 4459 ,
649 4397 709 4456 ὃς
734 4396 880 4445 ἐστιν
919 4391 1090 4443 εἰκὼν
1113 4391 1212 4458 τῆς
1248 4391 1344 4458 σῆς
1376 4390 1732 4459 ἁγαθότητος,

152 4489 403 4557 σφραγὶς
436 4486 691 4546 ίσότυπος
718 4485 775 4536 ἐν
807 4481 1007 4549 ἐαυτῷ,
1037 4480 1250 4544 δεικνύς
1276 4498 1336 4533 σε
1361 4481 1452 4533 τὸν
1475 4481 1694 4550 Πατέρα
1718 4498 1732 4512 ·

150 4578 338 4644 Λόγος
379 4575 505 4637 ζῶν,
560 4573 692 4635 Θεὸς
732 4570 1004 4640 ἀληθινὸς,
1044 4571 1077 4638 ἡ
1130 4570 1235 4640 πρὸ
1283 4569 1501 4622 αἰώνων
1552 4569 1737 4638 σοφία,

152 4668 306 4731 ζωὴ,
338 4665 609 4733 ἁγιασμὸς
630 4703 644 4726 ,
675 4663 927 4732 δύναμις,
954 4662 1014 4714 τὸ
1041 4662 1156 4730 φῶς
1183 4662 1244 4715 τὸ
1277 4661 1529 4732 ἀληθινὸν
1555 4702 1569 4725 ,
1607 4662 1738 4732 παρ’

152 4753 227 4809 οὗ
274 4757 338 4809 τὸ
368 4756 591 4826 Πνεῦμα
629 4755 689 4808 τὸ
722 4756 878 4823 ἆγιον
924 4754 1157 4823 ἐξεφάνη
1180 4797 1194 4822 ,
1229 4754 1292 4809 τὸ
1334 4755 1433 4824 τῆς
1481 4754 1741 4824 ἀληθείας

157 4848 418 4917 πνεῦμα,
446 4849 508 4902 τὸ
540 4848 638 4917 τῆς
682 4847 952 4911 υἱοθεσίας
986 4848 1259 4919 χάρισμα,
1287 4849 1314 4899 ό
1342 4845 1599 4917 ἀρραϐὼν
1644 4848 1742 4915 τῆς

155 4941 473 5012 μελλούσης
500 4942 884 5013 κληρονομίας,
906 4942 939 5011 ἡ
966 4938 1191 5011 ἀπαρχὴ
1217 4940 1326 4992 τῶν
1348 4938 1580 4993 αἰωνίων
1602 4939 1741 5005 ἁγα-

156 5033 308 5098 θῶυ,
329 5035 361 5103 ἡ
388 5034 648 5098 ζωοποιὸς
670 5033 919 5102 δύναμις,
945 5035 978 5103 ἡ
1000 5032 1149 5102 πηγὴ
1172 5030 1265 5085 τοῦ
1288 5030 1583 5099 ἁγιασμοῦ,
1610 5029 1742 5098 παρ’

152 5120 232 5180 οἵ)
264 5128 415 5179 πᾶσα
439 5129 615 5191 κτίσις
642 5128 833 5200 λογική
862 5146 919 5180 τε
947 5128 1042 5180 καὶ
1069 5127 1229 5197 νοερὰ
1252 5125 1633 5194 δυναμουμένη
1660 5140 1741 5177 σοι

149 5219 424 5288 λατρεύει
446 5261 460 5285 ,
488 5221 583 5273 καὶ
617 5216 827 5290 σοίτὴν
860 5221 1026 5274 ἀΐδιον
1056 5220 1369 5290 ἀναπέμπει
1400 5217 1739 5285 δοξολογίαν,

148 5312 251 5363 ὅτι
275 5309 344 5363 τὰ
367 5309 657 5380 σύμπαντα
676 5310 835 5364 δοῦλα
861 5311 949 5364 σά·
975 5309 1035 5361 σὲ
1060 5310 1168 5379 γὰρ
1197 5308 1436 5363 αἰνοῦσιν
1464 5308 1741 5376 Ἄγγελοι,

164 5400 792 5473 Ἀρχάγγελοι,Θρόνοι,
813 5401 1164 5470 κυριότητες,
1204 5399 1414 5468 ’Δρχαὶ,
1445 5396 1740 5461 Ἐξουσίαι,

148 5493 469 5563 Δυνάμεις,
497 5494 592 5549 καὶ
620 5494 688 5547 τὰ
726 5492 1090 5561 πολυσὼματα
1126 5491 1404 5561 Χερουὸίμ
1428 5505 1441 5519 ·
1480 5489 1563 5541 σοὶ
1594 5504 1738 5558 παρ-

246 5674 331 5743 (6)
369 5672 501 5740 Quae
554 5684 860 5743 sequuntur
904 5672 1083 5727 omnia
1137 5686 1310 5743 usque
1373 5669 1437 5725 ad
1466 5670 1741 5743 _lac_un:_\_m

149 5738 550 5816 ’ἑξπτέρυγες
586 5738 804 5801 eistant
834 5744 891 5799 in
940 5742 1155 5812 liturgia
1196 5738 1418 5813 Syriaca
1462 5740 1520 5796 S.
1552 5738 1739 5794 Basilii

1766 4453 1813 4511 D

1828 3222 2135 3292 gloriﬁcare
2186 3218 2363 3275 solum
2424 3230 2549 3270 vere
2608 3214 2879 3277 Deum,et
2942 3212 3038 3267 tibi
3096 3212 3290 3267 offerre
3342 3213 3395 3265 in

1828 3313 1993 3369 corde
2028 3312 2263 3367 contrito
2302 3319 2357 3363 et
2392 3308 2585 3378 spiritu
2635 3305 2960 3361 humilitatis
3014 3303 3396 3359 rationabilem

1829 3407 1974 3460 hunc
2011 3403 2218 3458 cultum
2250 3410 2497 3456 nostrum
2531 3417 2543 3453 :
2578 3408 2631 3453 tu
2667 3397 2813 3453 enim
2864 3396 3060 3451 dedisti
3102 3396 3259 3451 nobis
3307 3411 3400 3451 co-

1829 3496 2125 3565 gnitionem
2154 3502 2259 3548 tute
2299 3492 2566 3546 veritatis.
2610 3490 2673 3544 Et
2702 3490 2825 3559 quis
2854 3497 3014 3559 aptus
3060 3489 3163 3543 erit
3216 3488 3400 3557 eloqui

1829 3588 2095 3659 potentias
2156 3585 2314 3642 tuas?
2368 3593 2461 3639 aut
2515 3585 2791 3639 celebrare
2850 3582 3040 3637 laudes
3089 3580 3247 3635 tuas?
3307 3589 3403 3633 aut

1830 3693 2086 3735 enarrare
2118 3679 2299 3731 omnia
2330 3685 2423 3730 tua
2454 3673 2515 3730 in
2547 3675 2694 3730 omni
2753 3683 2998 3743 tempore
3045 3672 3405 3726 admiranda?

1832 3771 2058 3826 Domine
2097 3770 2499 3831 universorum,
2542 3767 2688 3831 coeli,
2726 3776 2904 3829 terrae,
2933 3773 2988 3819 et
3017 3764 3197 3819 omnis
3238 3778 3403 3817 crea-

1832 3870 1967 3916 turm
2017 3860 2244 3915 visibilis
2298 3868 2353 3913 et
2404 3858 2714 3921 invisibilis,
2740 3855 2833 3925 qui
2889 3853 3046 3909 sedes
3082 3854 3137 3907 in
3201 3854 3402 3907 throno

1831 3954 2037 4024 glorise,
2073 3961 2127 4005 et
2188 3951 2418 4005 intueris
2469 3949 2694 4020 abyssos
2740 3966 2753 4000 :
2794 3955 3015 4010 :eterne,
3088 3942 3403 4006 invisibilis,

1833 4044 2416 4113 incomprehensibilis,
2436 4040 2817 4103 immutabilis,
2855 4037 3219 4101 invariabilis,
3245 4036 3406 4089 Pater

1834 4136 2044 4191 Domini
2080 4137 2248 4190 nostri
2277 4135 2402 4189 Jesu
2464 4134 2691 4196 Christi,
2724 4132 2904 4202 magni
2948 4131 3044 4184 Dei
3076 4139 3129 4185 et
3158 4129 3407 4184 Salvato-

1834 4229 1912 4281 ris
1943 4229 2053 4295 spei
2090 4237 2309 4289 nostra},
2336 4226 2428 4293 qui
2469 4235 2554 4279 est
2592 4226 2771 4291 imago
2803 4221 3064 4276 bonitatis
3097 4228 3223 4280 tuae,
3254 4220 3404 4285 sigil-

1837 4320 1945 4371 lttm
1991 4318 2236 4370 eamdem
2302 4326 2504 4377 tecum,
2559 4315 2740 4375 Pater,
2797 4312 3029 4365 formam
3093 4311 3404 4363 exhibens:

1839 4406 2074 4461 Verbum
2140 4407 2339 4467 vivum,
2380 4405 2521 4457 Deus
2578 4417 2761 4465 verus,
2818 4401 3097 4471 sapientia:
3135 4414 3255 4469 qua:
3304 4399 3406 4453 fuit

1839 4508 1963 4553 ante
1995 4497 2215 4558 smcnla,
2242 4496 2372 4559 vita,
2419 4494 2703 4555 sanctitas,
2737 4493 2929 4555 virttis,
2975 4491 3157 4544 lumen
3190 4503 3403 4553 verum,

1841 4588 1984 4657 quod
2014 4586 2269 4641 revelavit
2318 4584 2473 4639 nobis
2519 4581 2779 4653 Spiritum
2833 4589 3108 4641 sanctum,
3147 4577 3403 4648 Spiritum

1841 4680 1993 4733 illum
2040 4677 2305 4739 veritatis,
2351 4677 2551 4729 donum
2594 4672 2924 4741 adoptionis,
2975 4669 3170 4739 pignus
3211 4666 3407 4721 futura:

1842 4769 2193 4831 hmreditatis,
2234 4765 2505 4836 primitias
2542 4776 2873 4819 teternorum
2908 4760 3202 4823 bonorum,
3237 4757 3407 4811 virtu-

1842 4870 1948 4915 tem
1999 4861 2119 4913 vita‘.
2170 4857 2515 4920 cllectricem,
2560 4852 2865 4909 sanctitatis
2912 4849 3137 4913 fontem,
3181 4863 3249 4903 ex
3300 4862 3409 4916 quo

1842 4950 2021 5004 omnis
2051 4958 2304 5003 creatura
2348 4946 2559 5001 ratione
2593 4953 2647 4999 et
2698 4943 2973 4999 intellectu
3026 4941 3253 5010 praedita
3305 4938 3402 4993 tibi

1843 5041 2027 5102 servit,
2054 5049 2423 5106 :eternamque
2461 5035 2555 5089 tibi
2585 5034 2769 5104 glori-.e
2822 5032 3265 5102 prmdicationem
3323 5029 3408 5083 ol-

1844 5131 1979 5197 l‘ert;
2035 5128 2129 5183 tibi
2189 5127 2333 5182 enim
2398 5124 2705 5180 inserviunt
2758 5123 2992 5177 omnia:
3030 5130 3081 5175 to
3131 5121 3407 5175 celebrant

1843 5218 2056 5289 Angeli,
2102 5215 2446 5286 Arcltangeli,
2482 5213 2711 5277 Throni,
2755 5212 3190 5277 Dominationcs,
3249 5209 3407 5263 Prin-

1843 5310 2073 5379 cipatus,
2126 5307 2459 5370 Potestatcs,
2522 5304 2797 5366 Virtutes.
2846 5302 3153 5371 multasque
3204 5299 3409 5369 ﬁguras

1846 5401 2140 5455 referentes
2178 5398 2505 5466 Cherubim;
2548 5397 2754 5452 circum
2812 5401 2864 5448 te
2915 5402 3061 5447 stant
3096 5392 3406 5462 Scrapltim,

1845 5507 1937 5548 sex
1973 5492 2186 5547 alte”...
2254 5489 2361 5546 Fac
2418 5499 2475 5544 ut
2529 5489 2657 5543 dum
2728 5502 2827 5542 nos
2872 5485 3205 5556 ingredimur
3246 5483 3409 5539 simul

1846 5671 2319 5752 apriliﬁcnaudot.
2453 5738 2463 5752 _
2637 5736 2673 5752 η
3022 5734 3031 5744 ,
3115 5732 3147 5752 ο
3204 5731 3240 5752 η
3310 5732 3382 5752 ....

1918 5745 1992 5814 (7)
2027 5741 2247 5812 Legitur
2300 5741 2353 5794 in
2379 5738 2592 5809 vulgata
2635 5736 2817 5792 Graeca
2854 5734 3068 5805 liturgia
3114 5732 3172 5789 S.
3204 5731 3406 5795 Basilii-
