3884 6208
186 329 316 394 1305

1359 328 1419 387 S.
1455 325 1740 388 BASILII
1780 325 2174 389 IIITURGIA.

3286 328 3425 394 1306

182 444 333 511 ἁγίου
364 439 680 509 Πνεύματος
722 439 1100 510 αἰτησάμενοι,
1148 439 1398 503 ἑαυτοὺς,
1433 442 1528 493 καὶ
1578 440 1735 509 ἁ).λή-

1858 453 2123 511 rogantes,
2153 459 2252 498 nos
2279 446 2446 514 ipsos,
2476 455 2528 500 et
2562 444 2699 499 alios
2747 444 3000 506 invicem,
3034 454 3087 498 et
3121 453 3288 498 totam
3344 449 3425 498 νὶ-

182 538 325 597 λους,
355 532 451 585 καὶ
485 532 670 585 πᾶσαν
701 530 800 602 τὴν
857 531 1001 601 ζωὴν
1031 531 1188 601 ἡμῶν
1239 530 1459 600 Χριστῷ
1505 531 1582 601 τῷ
1624 531 1743 601 Θεῴ

183 624 574 698 παραοὼμεθα.

683 731 1060 801 Ἐκφώνησις
1115 729 1249 803 (10).

253 843 361 896 Καὶ
394 841 733 907 καταξίωσον
788 842 959 911 ἡμᾶς,
1010 840 1253 893 Δέσποτα
1317 841 1497 911 ἡμῶν,
1528 843 1744 912 παρῤη-

190 935 304 999 σίας
328 935 713 1005 ἀκατακρίτως
746 934 951 1004 τολμᾷν
973 934 1348 988 ἐπικαλεῖσθαί
1382 950 1439 985 σε
1470 933 1560 986 τὸν
1578 936 1741 985 ἐπου-

193 1026 364 1100 ράνιον
401 1027 534 1080 Θεὸν
563 1025 803 1094 Πατέρα,
832 1026 927 1078 καὶ
952 1025 1131 1090 λέγειν
1166 1040 1180 1053 ·

256 1118 437 1189 Πάτερ
466 1116 647 1188 ⁴ἡμῶν,
671 1118 700 1170 6
728 1119 786 1171 ὲν
813 1119 926 1179 τοῖς
953 1118 1323 1187 οὑρανοῖς.....

771 1223 1166 1293 Ἐκφώνησις.

254 1334 374 1387 Ὅτι
426 1331 521 1386 σοῦ
547 1332 758 1399 ἔστι.νὴ
809 1330 1053 1401 βασιλεία
1096 1332 1190 1385 καὶ
1223 1333 1256 1401 ἡ
1315 1330 1543 1400 δύναμις
1590 1332 1742 1403 καὶὴ

182 1424 326 1489 δόξα,
356 1423 451 1475 τοῦ
480 1420 711 1491 [ἰατρὸς.
737 1420 833 1474 καὶ
864 1420 957 1474 τοῦ
980 1421 1134 1483 Υἱοῦ,
1160 1422 1253 1474 καὶ
1272 1420 1365 1473 τοῦ
1390 1422 1545 1487 ἁγίου
1573 1422 1744 1489 Πνεύέ

186 1530 373 1580 ματος,
428 1514 525 1568 νῦν
576 1516 671 1569 καὶ
714 1513 824 1578 ἀεὶ,
890 1514 987 1568 καὶ
1057 1516 1138 1577 εἰς
1203 1514 1329 1576 τοὺς
1376 1513 1580 1576 αἰῶνας
1637 1514 1745 1568 τῶν

181 1606 407 1661 αἰώνων.

249 1694 453 1765 Εἰρήνη
484 1696 670 1750 πᾶσιν.

758 1804 819 1858 '0
849 1803 1149 1867 διάκονος.

250 1911 361 1974 Tac
396 1913 639 1980 κεφαλὰς
670 1914 824 1985 ὑμῶν
848 1915 925 1985 τῷ
956 1914 1146 1985 Κυρίῳ
1182 1912 1415 1965 κλίνατε.

433 2020 497 2073 '0
532 2021 721 2090 ἱερεὺς
749 2022 1105 2089 κλινάμενος
1133 2019 1447 2087 ἐπεύχεται
1477 2033 1489 2047 ·

246 2128 492 2182 Δέσποτα
521 2128 699 2200 ἡμῶν,
751 2127 944 2199 Κύριε,
978 2129 1005 2179 6
1035 2128 1223 2197 Πατὴρ
1266 2126 1375 2178 τῶν
1416 2123 1738 2193 οἰκτιρμῶν,

174 2220 267 2272 καὶ
294 2220 425 2282 Θεὸς
467 2222 648 2290 πάσης
685 2219 1105 2289 παρακλήσεως,
1140 2217 1269 2279 τοὺς
1304 2214 1737 2268 ὑποκεκὶικὸτας

177 2328 259 2364 σοι
287 2311 386 2373 τὰς
425 2311 631 2366 ἑαυτῶν
660 2310 901 2379 κεφαλὰς
936 2309 1254 2377 εὐλόγησον,
1287 2307 1535 2374 ἁγίασον,
1570 2302 1735 2371 φρού-

179 2419 361 2471 ρησον,
396 2403 689 2472 ὀχύρωσον,
722 2402 1127 2469 ὲνδυνάμωσον’
1186 2398 1294 2453 ἀπὸ
1321 2395 1521 2460 hanc;
1573 2396 1736 2465 ἔργον

176 2493 414 2562 πονηροῦ
450 2493 778 2561 ἁπόστησον,
819 2493 981 2545 παντὶ
1010 2493 1067 2544 δὲ
1098 2492 1246 2561 ἔργῳ
1270 2489 1454 2557 ἀγαθῴ
1480 2488 1735 2554 σύναψον,

176 2580 270 2633 καὶ
310 2580 646 2646 καταξίωσον
672 2580 1053 2650 ἀκατακρίτως
1086 2581 1377 2647 μετασχεῖν
1396 2578 1503 2628 τῶν
1533 2577 1735 2645 ἁχράν-

172 2689 282 2725 των
318 2673 523 2725 τούτων
571 2672 665 2724 καὶ
701 2670 981 2734 ζωοποιῶν
1036 2669 1371 2739 μυστηρίων,
1421 2669 1501 2729 εἰς
1546 2666 1739 2734 ἄθεσιν

175 2763 481 2833 ἁμαρτιῶν,
513 2763 591 2825 εἰς
623 2762 934 2832 Πνεῦματος
965 2761 1121 2828 ἁγίου
1152 2760 1459 2812 κοινωνίαν.

764 2887 1157 2959 Ἐκεςὼνησις.

244 3000 445 3070 Χάριτι
490 3000 585 3055 καὶ
614 3001 917 3071 οἰκτιρμοῖς
958 3000 1050 3052 καὶ
1090 2997 1475 3067 φιλανθρωπὲα
1511 2995 1603 3049 τοῦ
1642 3011 1740 3065 μο-

169 3092 424 3160 νογενοῦς
457 3110 549 3145 σου
590 3092 741 3155 Υίοῦ,
782 3090 902 3161 μεθ’
952 3083 1013 3143 οὗ
1066 3089 1352 3159 εὐλογητὸς
1397 3085 1467 3149 εἷ,
1524 3089 1618 3139 σὺν
1656 3084 1734 3155 τῷ

1769 1789 1816 1853 Β

1848 542 1954 587 tam
2010 548 2247 591 nostram
2288 538 2507 591 Christo
2545 536 2651 590 Deo
2679 539 3105 591 committamus.

2441 734 2804 789 Exclamatio.

1918 843 2020 898 Fac
2043 843 2205 897 etiam
2238 857 2339 896 nos
2369 843 2591 913 dignos,
2629 841 2855 896 Domine
2887 851 3106 906 noster,
3158 853 3217 897 ut
3254 850 3425 896 Conli-

1845 936 2003 989 deute
2041 937 2246 995 animo,
2270 936 2639 990 damnationis
2674 934 2966 998 immunes,
2997 936 3295 991 audeamus
3344 938 3425 989 iu-

1844 1042 2038 1080 vocare
2069 1034 2123 1079 te
2148 1027 2423 1081 emlestem
2466 1026 2678 1081 Patrem
2708 1028 2935 1081 dicendo
2976 1045 2989 1082 :

1916 1115 2078 1167 Pater
2107 1123 2309 1178 uoster,
2348 1116 2439 1185 qui
2471 1132 2530 1170 es
2566 1119 2618 1169 in
2652 1117 2923 1171 cmlis.....

2472 1223 2834 1280 Exclamatio.

1919 1331 2186 1397 Quoniam
2230 1343 2380 1387 tuum
2415 1341 2498 1386 est
2530 1348 2755 1402 regnum
2792 1340 2846 1385 et
2882 1341 3119 1400 potestas
3148 1342 3198 1386 et
3223 1332 3416 1402 gloria.

1849 1426 2042 1487 Patris,
2079 1424 2288 1488 etFilii,
2337 1435 2388 1479 et
2419 1424 2650 1494 Spiritus
2673 1425 2868 1487 sancti,
2904 1441 3056 1479 nunc
3094 1434 3146 1479 et
3182 1440 3420 1494 semper,

1846 1529 1899 1572 et
1924 1520 1976 1572 in
2012 1518 2206 1573 saecula
2236 1518 2587 1573 szeculorum.

1920 1700 2026 1756 Pax
2056 1702 2330 1756 omnibus.

2487 1811 2780 1865 Diaconus.

1909 1916 2098 1987 Crlpila
2124 1928 2301 1973 vestra
2336 1916 2566 1971 Domino
2598 1917 2882 1971 inclinate.

2261 2028 2520 2085 Sacerdos
2561 2030 2849 2082 inclinatus
2885 2037 3047 2082 orat:

1913 2137 2230 2191 Dominator
2258 2135 2454 2199 nostri,
2497 2134 2744 2200 Domine,
2783 2133 2941 2188 Pater
3002 2132 3419 2189 miserationum

1838 2237 1894 2282 et
1937 2229 2078 2282 Deus
2124 2228 2293 2282 totius
2338 2226 2752 2287 consolationis,
2798 2226 3122 2279 inclinantes
3170 2224 3265 2278 tibi
3320 2240 3417 2277 sua

1839 2320 2015 2388 capita
2033 2316 2733 2379 benedicito,sanetilicato,
2756 2316 3051 2372 custodito.
3076 2316 3418 2373 conﬁrmato,

1840 2409 2134 2471 roborato;
2167 2405 2236 2459 ab
2271 2406 2418 2459 omni
2472 2420 2633 2473 opere
2674 2419 2839 2472 pravo
2871 2413 3078 2467 averte,
3132 2402 3279 2455 omni
3313 2418 3415 2455 att-

1842 2506 1947 2551 tem
1984 2499 2134 2566 operi
2188 2498 2332 2551 bono
2360 2505 2515 2564 apta,
2553 2505 2609 2549 et
2641 2497 2835 2563 dignos
2873 2495 3025 2550 etIice
3068 2495 3184 2548 sine
3232 2510 3411 2562 repre-

1842 2591 2104 2645 hensione
2159 2589 2487 2658 participare
2532 2588 2619 2643 his
2672 2588 3034 2644 immaculatis
3090 2596 3143 2641 et
3193 2587 3418 2640 \‘iviticis

1842 2680 2137 2749 mysteriis,
2176 2678 2228 2732 in
2286 2677 2662 2732 remissionem
2712 2688 3058 2748 peccatorum
3090 2676 3144 2730 in
3170 2686 3418 2730 commn-

1840 2772 2168 2826 uicationem
2200 2771 2373 2825 sancti
2394 2768 2656 2840 Spiritus.

2458 2900 2816 2954 Exclamatio.

1913 3006 2097 3061 Gratia
2126 3015 2180 3060 et
2203 3007 2645 3061 miserationibus
2695 3015 2749 3059 et
2779 3005 3111 3074 benignitate
3152 3004 3414 3071 unigeniti

1844 3099 1919 3152 tui
1954 3098 2091 3161 Filii,
2118 3113 2353 3167 quocum
2380 3098 2695 3151 benedictus
2727 3113 2806 3157 es,
2829 3111 2949 3148 cum
2985 3101 3241 3148 sam-toct
3274 3093 3417 3145 bono

171 3158 425 3254 tarvayitp
449 3186 541 3239 καὶ
576 3184 767 3254 ἀγα.θῷ
784 3158 899 3237 ’καὶ
924 3182 1172 3251 ζωοποιῷ
1198 3158 1288 3234 σου
1317 3181 1615 3245 Πνεύμοιτι,
1641 3179 1731 3231 καὶ

1858 3202 1889 3244 ιι
1920 3191 2135 3245 νῖνὶῐὶοο
2172 3188 2400 3260 Spiritu,
2424 3199 2476 3244 et
2505 3204 2648 3243 nunc
2685 3196 2737 3242 et
2768 3202 3003 3256 semper,
3038 3196 3089 3240 et
3122 3185 3174 3238 in
3220 3183 3416 3239 smcula

168 3276 267 3330 νῦν
300 3278 393 3330 καὶ
427 3278 536 3340 ἀεὶ,
562 3277 656 3330 καὶ
678 3277 757 3339 εις
783 3278 911 3338 τοὺς
932 3276 1136 3338 αἰῶνας
1169 3275 1277 3327 τῶν
1310 3274 1543 3327 αἰώνων.

251 3389 315 3441 '0
335 3387 527 3457 ἱερεὺς
555 3388 910 3457 κλινόμενος
944 3388 1281 3456 ἐπεύχεται.

243 3497 507 3568 Πρόσχες,
557 3496 728 3567 Κύριε
792 3496 962 3567 Ἰησοῦ
1006 3495 1207 3565 Χριστὲ
1238 3496 1266 3548 ὁ
1311 3494 1442 3557 Θεὸς
1469 3495 1647 3563 ἡμῶν,
1679 3492 1739 3558 ἐξ

164 3587 332 3654 ἁγίου
371 3586 792 3658 κατοικητηρίου
822 3604 936 3648 σου.
967 3591 1061 3639 καὶ
1096 3586 1203 3639 ἀπὸ
1226 3585 1418 3657 θρόνου
1442 3585 1598 3656 δόξης
1635 3586 1735 3654 τῆς

162 3679 450 3750 βασιλείας
477 3696 569 3731 σου
591 3694 605 3709 ο
634 3681 726 3731 καὶ
756 3678 876 3731 ἐλθὲ
902 3680 978 3742 εἰς
1003 3680 1063 3732 τὸ
1094 3678 1320 3746 ἁγιάσαι
1356 3679 1525 3746 ἡμᾶς,
1558 3679 1585 3730 6
1624 3678 1736 3732 ἄνω

155 3768 246 3836 τῷ
269 3770 443 3841 ΙΙατρὶ
464 3769 898 3840 συγκαθήμενος,
922 3773 1014 3824 καὶ
1036 3764 1135 3824 ὦδε
1156 3773 1290 3841 ἡμῖν
1317 3770 1582 3841 ἀορίστως
1611 3786 1737 3822 συν-

158 3861 282 3915 ὠνο
338 3862 431 3915 καὶ
490 3863 829 3927 καταξίωπν
886 3866 950 3934 τῇ
990 3866 1227 3933 κραταιᾷ
1259 3881 1354 3916 σου
1382 3864 1526 3932 χειρὶ
1565 3880 1733 3932 μετα-

151 3954 187 4006 δ
213 3950 348 4004 ,ῦναι
380 3953 511 4021 ἡμῖν
536 3952 630 4005 τοῦ
657 3953 922 4021 ἀχράντου
966 3952 1218 4022 σώματός
1264 3970 1357 4005 σου
1402 3954 1497 4006 καὶ
1529 3952 1624 4006 τοῦ
1659 3969 1736 4006 τι·

152 4044 293 4115 μίου
315 4043 568 4113 αἵματος,
595 4043 690 4098 καὶ
718 4044 785 4097 δι’
820 4044 976 4113 ἡμῶν
1001 4045 1163 4097 παντὶ
1199 4043 1275 4114 τῷ
1299 4044 1434 4114 λαῷ.

756 4150 818 4205 ’0
852 4151 1150 4219 διάκονος.

238 4262 655 4333 Προσεύχωμεν.

808 4367 869 4419 '0
904 4368 1112 4434 ἱερεύς.

236 4480 318 4532 Τὰ
347 4479 514 4548 Ἀγια
550 4480 660 4539 τοῖς
692 4475 887 4541 ἁγίοις.

249 4588 313 4637 ’0
348 4626 363 4640 .
409 4628 421 4639 .
458 4627 472 4638 .
510 4624 527 4641 .
563 4624 576 4639 .
620 4585 1055 4653 τελειωθείσης,
1104 4585 1201 4637 καὶ
1231 4584 1349 4638 τῶν
1392 4587 1575 4653 ἁγίων
1610 4588 1733 4638 ,ἱει-

156 4657 381 4724 ψάνων
411 4655 531 4708 ἀπὸ
562 4653 681 4726 ’τῆς
713 4651 871 4721 (apag
899 4653 1199 4722 ἀρθέντων
1226 4651 1533 4726 τραπέζῖις,
1561 4657 1726 4709 meo.

157 4723 336 4795 χεῖται
365 4730 399 4776 ό
423 4723 632 4790 ἱερεύς.

237 4850 678 4921 Εὐχαριστοῦμέν
716 4868 817 4916 σοι,
855 4852 1053 4923 Κύριε,
1093 4854 1121 4905 ὁ
1148 4853 1280 4917 Θεὸς
1325 4855 1502 4923 ἡμῶν,
1536 4855 1627 4908 ἐπὶ
1663 4858 1730 4927 τῇ

152 4943 465 5013 μεταλήψει
493 4943 600 4995 τῶν
629 4945 798 5012 ἁγίων
842 4945 938 4999 καὶ
981 4946 1287 5015 ἁχρὰντων,
1316 4948 1596 5001 ἀθανάτων
1626 4951 1719 5003 καὶ

147 5036 505 5104 ἐπουρανίων
538 5026 875 5106 μυστηρίων,
916 5038 953 5091 ἃ
985 5038 1191 5103 ἔδωκας
1219 5041 1351 5108 ἡμῖν
1379 5041 1471 5092 ἐπὶ
1502 5042 1728 5111 εὐεργε-

148 5129 257 5196 σίᾳ
302 5128 482 5198 ήμῶν.
535 5132 630 5182 καὶ
690 5129 829 5184 ἰάσει
866 5131 1089 5186 τῶν.....
1143 5132 1340 5203 ἡμῶν
1409 5135 1587 5189 πάντα
1618 5135 1731 5206 γὰρ

144 5219 450 5283 ἀπέδωκας
481 5220 634 5291 ἡμῖν.

755 5349 1151 5419 Ἑκφὼνησις.

230 5458 342 5512 Καὶ
372 5458 457 5522 ὂδς
482 5460 616 5529 ἡμῖν
648 5460 708 5514 ὲν
743 5463 825 5515 ἐνὶ
859 5463 1086 5532 στόματι
1109 5463 1204 5516 καὶ
1230 5465 1329 5535 μιᾷ
1351 5464 1549 5536 καρδίᾳ
1573 5466 1730 5532 δοξάο

138 5553 273 5620 ζειν
315 5554 408 5605 καὶ
448 5551 707 5622 ἁνυμνεῖν
764 5554 823 5607 τὸ
858 5555 1121 5625 πάντιμον
1161 5556 1257 5609 καὶ
1310 5559 1730 5629 μεγαλοπρεπὲς

1839 3281 2190 3335 satculorutn.

2260 3386 2517 3443 Sacerdos
2545 3386 2828 3439 inclinatus
2857 3393 2993 3436 orat.

1909 3498 2162 3561 Attende,
2195 3496 2422 3552 Domine
2454 3495 2582 3551 Jesu
2637 3495 2874 3556 Christe,
2929 3492 3073 3545 Deus
3105 3500 3307 3552 noster,
3347 3503 3411 3540 cx

1839 3588 2149 3643 habitacula
2179 3596 2370 3643 sancto
2402 3597 2513 3649 tuo,
2540 3596 2593 3639 et
2623 3602 2653 3639 e
2678 3585 2871 3640 throno
2901 3581 3086 3652 gloria!
3123 3579 3272 3647 regni
3305 3578 3413 3641 tui;

1838 3683 2037 3737 etveui
2089 3682 2154 3737 ad
2208 3681 2654 3737 sanetilicandum
2702 3695 2821 3743 nos,
2880 3678 2972 3747 qui
3028 3689 3260 3745 superne
3288 3687 3410 3725 cum

1837 3779 2001 3831 Patre
2025 3776 2201 3840 sedes,
2231 3785 2285 3831 et
2312 3776 2399 3830 hic
2425 3776 2583 3829 nobis
2610 3773 2898 3827 identidem
2933 3772 3099 3835 ades;
3140 3777 3194 3823 et
3221 3767 3413 3835 dignos

1837 3886 1940 3925 nos
1964 3870 2113 3925 eﬂice
2144 3871 2346 3940 potenti
2383 3880 2471 3922 tua
2508 3885 2667 3933 manu
2709 3867 3031 3937 participare
3062 3878 3161 3917 nos
3196 3861 3413 3913 tuoim—

1839 3962 2113 4016 maculato
2158 3963 2375 4032 corpori
2415 3972 2469 4016 et
2497 3962 2733 4031 pretioso
2763 3959 3049 4029 sanguini,
3091 3964 3147 4010 et
3185 3970 3282 4025 per
3316 3968 3421 4006 nos

1837 4071 2053 4111 omnem
2085 4057 2363 4125 populum.

2488 4162 2781 4215 Diacomts.

1907 4268 2160 4325 Oremus.

2491 4369 2772 4424 Sacerdos.

1761 4480 1811 4539 D
1908 4485 2106 4539 Sancta
2131 4484 2355 4538 sanctis.

1836 4630 1851 4646 .
1915 4632 1930 4648 .
1997 4632 2012 4647 .
2075 4631 2091 4647 .
2150 4633 2169 4647 .
2228 4587 2825 4657 Contplcla,etsauctis
2867 4587 3412 4656 fragmentisnsasra

2194 4678 2368 4714 meum
2391 4659 2607 4723 ablatis,
2634 4659 2881 4712 sacerdos
2916 4668 3054 4710 orat.

1902 4861 2113 4917 Gratias
2143 4864 2355 4932 agimus
2383 4862 2500 4924 tibi.
2534 4861 2779 4927 Domine,
2806 4861 2950 4918 Deus
2974 4871 3181 4920 noster.
3207 4861 3259 4916 in
3285 4878 3409 4931 par-

1827 4955 2134 5025 ticipatione
2163 4965 2474 5011 sanctorum
2514 4967 2569 5010 et
2595 4956 3089 5017 inuuaculatorum,
3121 4956 3407 5008 immorta-

1837 5048 1968 5102 lium
2002 5059 2055 5103 et
2077 5049 2376 5104 cmlestium
2414 5048 2791 5119 mysteriorum
2815 5088 2830 5113 ,
2868 5064 2991 5118 qua:
3018 5047 3215 5101 dedisti
3250 5047 3407 5100 nobis

1838 5141 1905 5196 ad
1934 5141 2234 5212 profectum
2285 5150 2555 5205 nostrum,
2590 5150 2644 5195 et
2674 5142 3019 5196 salutem.....
3056 5151 3361 5195 nostrorum
3388 5157 3406 5206 ;

1834 5232 2016 5287 omnia
2045 5231 2188 5287 enim
2225 5233 2382 5287 nobis
2411 5230 2625 5286 dedisti.

2446 5358 2802 5415 Esclamatio.

1907 5471 1969 5523 Et
1992 5468 2061 5522 da
2098 5469 2258 5523 nobis
2287 5468 2341 5523 in
2368 5480 2477 5522 uno
2506 5483 2603 5523 ore
2638 5479 2692 5523 et
2740 5482 2849 5521 uno
2889 5467 3053 5522 corde
3098 5468 3403 5536 gloriﬁcare

1835 5572 1890 5616 et
1950 5562 2225 5616 celebrare
2283 5560 2663 5617 honorandum
2739 5569 2792 5614 et
2851 5570 3145 5629 augustum
3202 5574 3402 5615 nomen

224 5710 341 5781 (1οὶ
382 5709 562 5767 Habes
602 5712 792 5769 eadem
842 5714 895 5769 in
928 5714 992 5770 S.
1017 5713 1203 5769 Basilii
1236 5714 1451 5788 liturgia
1486 5716 1843 5774 Alexandrina
1869 5719 2010 5789 apud
2042 5717 2345 5773 llrnaudot.
