3982 6214
292 340 417 404 1313
1635 333 2156 393 SYNAXARIUM.
3398 334 3535 397 13H

347 452 431 506 ιϐ’.
465 449 573 503 Τοῦ
614 450 777 516 ἁγίου
801 448 1118 511 Μνάσωνος,
1155 447 1249 499 καὶ
1277 444 1385 498 τῶν
1422 446 1516 498 σὺν
1537 444 1709 513 αὐτῷ.
1886 454 1919 502 Α

1697 485 1709 499 .
1886 454 1929 502 Α
2037 447 2117 497 lt).
2164 445 2348 497 Sancti
2389 444 2687 500 Mnesionis
2730 456 2781 499 et
2811 447 3088 499 sociorum
3128 446 3268 513 ejus.

345 540 414 594 κ’.
439 541 546 594 Τοῦ
571 540 730 607 ἁγίου
773 539 1049 609 μάρτυρος
1098 536 1410 608 Ἀρτεμίου.

1329 553 1410 589 ου.
2029 537 2117 589 21).
2147 535 2332 589 Sancti
2374 538 2625 609 martyris
2650 539 2898 592 Artemii.

346 633 455 689 καί.
487 634 595 686 Τοῦ
625 632 776 684 ὁσίου
820 630 1147 701 Ἱλαρίωνος.

1069 647 1147 692 ος.
2029 631 2121 683 21.
2150 629 2298 682 Beati
2326 628 2638 685 llilari0nis.

347 728 450 795 7.3'.
486 724 593 776 Τοῦ
624 723 779 793 ἁγίου
818 721 1126 791 Ἀ6ερκίου.

1036 721 1126 775 ἴου.
2030 719 2122 776 22.
2156 721 2341 776 Sancti
2372 722 2608 776 Abercii.

349 817 456 886 κγ’.
487 817 597 868 Τοῦ
643 815 801 882 ἁγίου
843 813 1145 869 ἀποστόλου
1194 812 1450 865 Ἰακώϐου
1484 809 1576 864 τοῦ
1625 806 1857 877 ἀδελφοῦ

1625 806 1857 877 ἀδελφοῦ
2028 812 2121 867 25.
2151 811 2338 867 Sancti
2371 813 2606 882 apostoli
2638 811 2826 867 Jacobi
2859 813 3043 868 fratris
3084 814 3179 869 Dei

289 907 419 961 Θεοῦ
442 903 874 979 [Ἃδελφοθέου].

350 1000 448 1052 κδ’.
474 997 580 1050 Τοῦ
605 997 761 1065 ἁγίου
810 996 1031 1065 ’Apé'ia,
1063 994 1156 1047 xui
1185 993 1295 1047 τῶν
1331 994 1429 1046 σὺν
1457 992 1626 1062 αὐτῷ.

1596 1011 1626 1043 ι.
2032 994 2122 1048 24.
2151 994 2335 1050 Sancti
2370 999 2587 1051 Aretha:
2639 1008 2694 1053 et
2717 990 2992 1054 Sociornm
3030 1002 3168 1071 ejus.

353 1096 452 1144 κε’.
480 1089 601 1141 Τῶν
634 1088 807 1154 ἁγίων
834 1088 1143 1157 Νοταρίων.

2032 1084 2123 1137 25.
2154 1085 2483 1141 Sanctorum
2520 1089 2890 1148 Notariorum.

353 1183 466 1247 σις’.
505 1181 611 1235 Τοῦ
649 1181 807 1249 ἁγίου
857 1179 1132 1249 μάρτυρος
1168 1175 1505 1246 Δημητρίου.

1384 1175 1505 1229 μίου.
2033 1177 2124 1230 26.
2167 1177 2355 1232 Sancti
2394 1182 2651 1250 martyris
2685 1182 2956 1236 Demetrii.

354 1276 458 1337 κζ’.
487 1273 593 1326 Τοῦ
639 1274 799 1342 ἁγίου
840 1269 1266 1342 Ἀρτεμιδώρου.
1298 1269 1393 1322 καὶ
1422 1266 1530 1319 τῶν
1554 1265 1653 1317 σὺν
1690 1261 1860 1332 αὐτῷ.

1731 1261 1860 1332 ὑτῷ.
2033 1266 2125 1319 27.
2159 1265 2344 1321 Sancti
2377 1266 2705 1322 Artemidori
2768 1281 2819 1323 et
2853 1272 3128 1326 sociorum
3160 1274 3300 1343 ejus.

357 1365 463 1436 κη’.
506 1364 613 1418 Τοῦ
644 1364 801 1432 ἁγίου
827 1363 1126 1429 Στεφάνου,
1146 1362 1242 1414 καὶ
1259 1360 1369 1414 τῶν
1396 1360 1493 1413 σὺν
1523 1356 1696 1427 αὐτῷ.

1651 1356 1696 1426 ᾖ.
2034 1358 2124 1412 28.
2160 1357 2344 1413 Sancti
2373 1358 2635 1430 Stephani
2698 1372 2751 1416 et
2780 1364 3055 1417 sociorum
3084 1365 3223 1434 ejus.

358 1458 459 1512 κθ’.
493 1457 598 1510 Τοῦ
633 1457 779 1508 ὁσίου
822 1455 1145 1526 Ἀϐραμίου.

1054 1455 1145 1507 ἴου.
2032 1450 2119 1505 29.
2151 1450 2297 1505 Beati
2332 1452 2626 1506 Arhratnii.

359 1550 420 1604 λ’.
455 1549 560 1601 Τοῦ
584 1548 739 1617 ἁγίου
767 1546 1050 1617 Κυριακυῦ
1082 1546 1445 1617 πατριάρχου.

1393 1562 1445 1598 υ,
2037 1542 2126 1596 '50.
2162 1541 2345 1598 Sancti
2373 1545 2584 1615 (Syriaci
2623 1548 2963 1614 patriarchae.

359 1641 461 1695 λα’.
493 1640 601 1694 Τοῦ
634 1640 788 1708 ἁγίου
830 1639 1130 1693 ἀποστόλου
1162 1638 1423 1706 Στάχυος,
1474 1636 1571 1688 καὶ
1602 1634 1709 1688 τῶν
1767 1634 1867 1689 σὺν

1860 1652 1867 1681 ι
2035 1634 2125 1688 51.
2157 1637 2345 1691 Sancti
2381 1639 2612 1707 apostoli
2645 1638 2872 1706 Stachii,
2908 1650 2960 1694 et
2994 1641 3267 1696 sociorum
3293 1641 3432 1712 ejus.

293 1732 459 1803 αὐτῷ.

742 1838 898 1892 mm
938 1834 1406 1891 nonnenon.
1896 1805 1939 1860 Β
2410 1836 2665 1892 MENSIS
2704 1837 3104 1896 NOVEMBER.

358 1958 427 2007 α’.
460 1950 581 2005 Τῶν
619 1948 790 2014 ἁγίων
832 1944 1209 2015 Ἀναργύρων.

2043 1945 2094 1999 1.
2131 1944 2457 2001 Sanctorum
2496 1949 2926 2019 Anargyrorum.

357 2044 421 2114 β’.
457 2041 563 2096 Τοῦ
594 2042 752 2109 ἁγίου
798 2036 1134 2096 Ἀκινδύνου,
1169 2036 1262 2088 καὶ
1292 2033 1401 2085 τῶν
1435 2033 1530 2085 σὺν
1564 2030 1735 2100 αὐτῷ.

1619 2030 1735 2100 itif).
2040 2038 2096 2094 2.
2126 2038 2313 2093 Sancti
2340 2041 2611 2112 Acindyni
2660 2052 2716 2098 et
2745 2045 3021 2097 sociorum
3053 2044 3191 2114 ejus.

356 2134 427 2204 γ’.
467 2134 575 2187 Τοῦ
614 2133 772 2200 ἁγίου
816 2129 1109 2199 Ἀκεψιμᾶ,
1143 2126 1371 2179 καὶτῶν
1396 2125 1497 2177 σὺν
1524 2121 1691 2192 αὐτῷ.

1662 2140 1691 2177 ι.
2040 2132 2094 2186 5.
2131 2132 2315 2188 Sancti
2340 2134 2646 2204 Acepsima:
2697 2148 2751 2192 ct
2784 2140 3057 2192 sociorum
3093 2139 3234 2207 ejus.

356 2227 415 2281 δ’.
458 2228 569 2297 Τῆς
602 2224 762 2293 ἁγίας
794 2224 1077 2292 Θεοδότης.

2042 2224 2097 2277 4.
2133 2223 2349 2281 Sanctae
2385 2227 2699 2283 Theodotze.

358 2329 420 2376 ε’.
459 2320 579 2371 Τῶν
608 2317 778 2385 ἁγίων
810 2316 1187 2377 Γαλακτίωνος
1216 2313 1307 2365 καὶ
1353 2310 1717 2378 Ἐπιστήμης.

1709 2347 1717 2360 ι
2046 2315 2100 2369 5.
2141 2315 2466 2371 Sanctorum
2501 2317 2836 2373 Galastionis
2869 2333 2922 2375 et
2958 2322 3281 2391 Epistemcs.

360 2419 433 2477 ς’.
468 2410 575 2464 Τοῦ
612 2410 764 2478 ἁγίου
808 2407 1021 2462 Παύλου
1054 2405 1147 2458 τοῦ
1188 2402 1542 2475 όμολογητοῦ.
1582 2414 1585 2417 ‘

1339 2402 1542 2473 ›γητοῦ.
1582 2414 1585 2417 ‘
2045 2411 2097 2465 6.
2134 2409 2321 2464 Sancti
2361 2412 2516 2466 Pauli
2556 2412 2911 2467 confesstnis.

359 2504 422 2567 ζ’.
462 2502 581 2556 Τῶν
608 2502 779 2571 ἁγίων
810 2498 889 2567 λγ’
925 2498 1240 2569 μαρτύρων.
1760 2560 1783 2579 .

1760 2560 1783 2579 .
2044 2504 2098 2557 7.
2129 2502 2454 2558 Sanctorum
2490 2506 2735 2573 Triginta
2769 2508 2931 2560 trium
2970 2517 3293 2577 martyrum.

356 2595 427 2666 η’.
461 2596 567 2648 Τοῦ
602 2592 946 2664 ἀρχαγγέλου
978 2585 1220 2659 Μιχαὴλ.

1170 2590 1220 2642 λ.
2045 2595 2099 2650 8.
2127 2595 2449 2663 Archangeli
2489 2595 2736 2651 Michael.

362 2686 426 2741 ϐ’.
458 2686 563 2739 Τοῦ
596 2686 750 2753 ἁγίου
778 2683 1071 2753 Τιμοθέου,
1100 2682 1193 2734 καὶ
1224 2679 1475 2750 Μαύρας.

1399 2697 1475 2743 1;.
2048 2684 2101 2739 9.
2131 2683 2316 2738 Sancti
2345 2683 2613 2739 Timothei
2670 2697 2722 2739 et
2754 2686 2971 2740 Μένιππε.

378 2778 429 2833 ι’.
466 2778 573 2831 Τοῦ
603 2778 767 2845 ἁγίου
807 2777 1090 2845 μάρτυρος
1129 2772 1413 2843 Ὀρέστου.
1520 2762 1523 2765 Δ

1314 2789 1413 2826 ῖου.
1520 2762 1523 2765 λ
2051 2776 2139 2831 10.
2176 2775 2359 2830 Sancti
2398 2780 2651 2847 martyris
2689 2778 2886 2833 Oresti.

362 2867 450 2922 ια’.
480 2867 585 2920 Τοῦ
612 2868 769 2935 ἁγίου
799 2866 984 2934 Μηνᾶ,
1018 2863 1112 2914 καὶ
1144 2862 1252 2913 τῶν
1282 2864 1378 2913 σὺν
1410 2860 1581 2931 αὐτῷ.

1575 2901 1581 2913 ν
2057 2870 2142 2923 11.
2171 2869 2353 2923 Sancti
2396 2869 2563 2924 Mena:
2602 2881 2656 2925 et
2706 2873 2984 2926 sociorum
3009 2873 3147 2939 ejus.

365 2959 450 3030 ιβ’.
498 2957 605 3011 Τοῦ
648 2957 804 3025 ἁγίου
847 2955 1094 3009 Ἰωάννου
1126 2952 1221 3005 τοῦ
1276 2953 1624 3023 Ἐλεήμονος.

1524 2971 1624 3016 νος.
2054 2961 2139 3015 12.
2175 2960 2358 3015 Sancti
2387 2961 2619 3015 Joannis
2650 2965 3096 3034 Eleeniosynarii.

368 3059 454 3119 ιγ’.
492 3049 597 3102 Τοῦ
632 3047 1044 3119 Χρυσοστόμου.

2052 3052 2139 3105 15.
2166 3052 2224 3105 S.
2254 3053 2652 3121 Chrysostomi.

367 3142 449 3197 ιδ’.
492 3142 598 3194 Τοῦ
640 3142 798 3207 ἁγίου
833 3136 1135 3191 ἀποστόλου
1159 3135 1447 3189 Φιλίππου.
1904 3154 1939 3214 C

1326 3151 1447 3189 που.
1904 3154 1948 3214 (ς
2049 3141 2136 3194 14.
2169 3140 2351 3196 Sancti
2382 3144 2610 3210 apostoli
2644 3142 2898 3213 Philippi.

368 3246 448 3292 ιε’.
490 3237 611 3289 Τῶν
646 3234 818 3301 ἁγίων
846 3230 1217 3302 ὁμολογητῶν.

2055 3233 2140 3287 15.
2179 3231 2507 3287 Sanctorum
2543 3233 2938 3288 confessorum.

369 3330 465 3396 ις’.
504 3328 611 3383 Τοῦ
652 3328 812 3394 ἁγίου
853 3324 1153 3378 ἀποστόλου
1187 3318 1491 3375 Ματθαίου.

1350 3320 1491 3373 αίου.
2060 3325 2141 3378 16.
2178 3324 2363 3379 Sancti
2395 3327 2624 3394 apostoli
2660 3326 2916 3380 Matthzei.

372 3422 460 3488 ιζ’.
499 3422 664 3475 Λείπ.

2058 3419 2143 3470 17.
2182 3415 2396 3472 Nullius
2433 3424 2489 3471 tit
2518 3420 2736 3472 mentio.

371 3516 461 3585 ιη’.
501 3514 624 3566 Τῶν
673 3511 847 3581 ἁγίων
926 3508 1221 3579 μαρτύρων
1273 3506 1558 3565 Πλάτωνος
1606 3503 1698 3555 καὶ
1748 3503 1882 3553 Ῥωσο

2058 3510 2145 3563 18.
2178 3509 2502 3565 Sanctorum
2530 3522 2826 3582 martyrum
2852 3511 3093 3566 Platonis
3122 3521 3174 3565 et
3207 3512 3456 3567 Romani.

238 3634 241 3639 ‘
304 3624 494 3679 μανου.

378 3698 461 3751 ιθν.
503 3696 610 3751 Τοῦ
657 3696 812 3765 ἁγίου
856 3694 1130 3765 μάρτυρος
1177 3690 1481 3761 Νεοφύτου,
1515 3689 1607 3741 καὶ
1645 3686 1753 3738 τῶν
1785 3685 1881 3736 σὺν

2059 3689 2146 3745 19.
2187 3690 2371 3746 Sancti
2404 3692 2659 3763 martyris
2689 3689 2956 3762 Neophyti
3020 3700 3074 3746 et
3117 3690 3391 3747 sociorum
3422 3690 3563 3762 ejus.

301 3789 476 3844 αὐτῶ.

378 3882 448 3937 κ’.
478 3881 582 3937 Τοῦ
610 3882 765 3950 ἁγίου
816 3876 1095 3948 Μαξίμου,
1127 3873 1352 3930 καὶτῶν
1386 3872 1481 3926 σὺν
1521 3869 1692 3941 αὐτῷ.

1632 3869 1692 3941 ᾧ.
2058 3870 2150 3924 20.
2186 3870 2371 3925 Sancti
2400 3870 2621 3926 Maximi
2681 3884 2735 3927 et
2758 3873 3032 3929 sociorum
3065 3872 3204 3943 ejus.

382 3974 489 4029 κα’.
531 3977 610 4028 Τὰ
642 3976 811 4041 ’Ἅγια
840 3972 952 4024 τῶν
980 3971 1174 4039 ἁγίων.

2061 3964 2152 4017 21.
2183 3961 2379 4018 Sancta
2413 3974 2749 4021 sanctorum.

378 4068 483 4136 κβ’.
532 4066 642 4135 Τῆς
675 4065 833 4133 ἁγίας
869 4062 1144 4123 Κικιλιας.

1096 4079 1144 4123 ς.
2063 4055 2153 4108 22.
2192 4055 2405 4109 Sanctae
2432 4058 2662 4112 Ceciliae.

376 4170 481 4230 κγ’.
521 4161 628 4215 Τοῦ
661 4160 816 4228 ἁγίου
860 4156 1231 4228 Ἀμφιλοχίου.

2061 4146 2153 4201 25.
2198 4145 2384 4201 Sancti
2418 4147 2804 4217 Atnpltilucliii.

382 4254 483 4307 κδ’.
523 4252 628 4305 Τοῦ
663 4250 817 4318 ἁγίου
848 4248 1150 4317 Γρηγορίου
1182 4241 1276 4296 τοῦ
1325 4243 1713 4314 Ἀκράγαντος.

1451 4243 1713 4312 »ἀγαντος.
2057 4237 2149 4289 24.
2183 4237 2371 4290 Sancti
2400 4238 2649 4307 Gregorii
2680 4239 3023 4307 Aeragantis.

382 4354 479 4400 κε’.
529 4344 649 4396 Τῶν
674 4344 843 4410 ἁγίων
875 4339 1168 4410 μαρτύρων
1190 4332 1505 4405 Κλήμεντος
1534 4336 1628 4387 καὶ
1658 4336 1730 4387 Πὲ
1744 4352 1887 4405 τρου.

1882 4374 1887 4388 ,
2063 4327 2155 4379 25.
2195 4328 2520 4381 Sanctorum
2552 4338 2853 4396 martyrum
2889 4329 3186 4382 Clementis
3210 4341 3263 4384 et
3290 4328 3454 4384 Petri.

383 4444 499 4501 xg’.
528 4435 634 4488 Τοῦ
674 4434 823 4487 ὁσίου
870 4430 1148 4485 ’Λλυπίου.
1925 4489 1955 4501 ᾖ

990 4430 1148 4482 σείου.
1925 4489 1964 4501 ﬁ
2066 4419 2157 4473 26.
2192 4418 2342 4472 Beati
2367 4417 2562 4487 Alypii.

524 4529 628 4582 Τοῦ
663 4528 817 4596 ἁγίου
862 4525 1119 4579 Ἰακώϐου
1150 4522 1244 4576 τοῦ
1280 4522 1508 4593 Πέρσου.
1925 4489 1959 4543 ι]

1280 4522 1508 4593 Πέρσου.
1925 4489 1969 4543 D
2076 4510 2167 4563 27.
2205 4508 2389 4562 Sancti
2421 4508 2606 4562 Jacobi
2644 4508 2841 4563 l‘ersaa.

388 4621 495 4692 κη’.
540 4620 649 4674 Τοῦ
681 4612 837 4687 ἁγίου
866 4615 1226 4687 Εἱρηνάρχου.

1128 4633 1226 4684 (ου,
2065 4600 2155 4655 28.
2186 4599 2370 4654 Sancti
2400 4600 2700 4654 lrenarchi.

390 4716 493 4767 κο’.
527 4712 634 4766 Τοῦ
664 4712 810 4764 ὁσίου
840 4708 1152 4763 Θεοδούλου.
2069 4693 2159 4748 99-
2202 4693 2351 4747 Beati
2375 4693 2660 4748 Thcoduli.

391 4809 455 4860 λ’.
487 4805 595 4859 Τοῦ
636 4804 791 4873 ἁγίου
829 4801 1129 4857 ἀποστόλου
1176 4797 1448 4867 Ἀνδρέου.

1347 4798 1448 4850 έου,
2071 4786 2159 4843 50.
2189 4787 2376 4842 Sancti
2403 4788 2638 4859 apostoli
2671 4786 2919 4842 Andreas.

780 4931 937 4986 MHN
982 4922 1444 4982 ΔΕΚΕΜΒΡΙΟΣ.
1905 4916 1912 4922 ’

1905 4916 1912 4922 ’
2448 4917 2702 4973 ΜΕΝδΙδ
2747 4917 2974 4972 DECEM
2985 4916 3138 4974 BER.

393 5045 461 5099 α’.
498 5042 605 5097 Τοῦ
640 5043 795 5112 ἁγίου
830 5040 1110 5110 προφήτου
1136 5033 1353 5103 Ναούμ.

2079 5028 2132 5081 1.
2172 5027 2359 5081 Sancti
2386 5027 2666 5096 prophetae
2707 5025 2940 5081 Nahum.

397 5136 462 5209 β’.
498 5136 605 5190 Τοῦ
638 5134 921 5205 προφήτου
964 5127 1307 5200 Ἀμὸλκούμη

1183 5127 1239 5179 οὐ
1249 5144 1307 5196 μη.
2078 5120 2133 5173 2.
2172 5119 2455 5189 Propheta:
2479 5118 2755 5173 Hahaeuc.

397 5227 464 5298 γ’.
498 5228 606 5281 Τοῦ
636 5228 916 5297 προφήτου
947 5220 1224 5289 Σοφονίου.

1216 5258 1224 5272 .
2077 5214 2129 5268 5.
2160 5212 2443 5282 Propheta:
2480 5211 2788 5281 Sophoniaa.

399 5327 461 5379 δ’.
499 5324 612 5394 Τῆς
646 5321 808 5389 ἁγίας
846 5317 1154 5388 Βαρϐάρας.

1122 5332 1154 5379 ς,
2079 5306 2133 5358 4.
2171 5303 2386 5360 Sancta:
2420 5304 2694 5360 Barbarae.

401 5424 461 5471 ε’.
506 5416 613 5469 Τοῦ
646 5414 794 5468 ὁσίου
823 5411 994 5466 Σάϐα.

948 5429 994 5465 ι,
2083 5396 2134 5450 5.
2166 5394 2316 5449 Beati
2346 5395 2520 5449 Saba}.

406 5517 480 5575 ς’.
523 5508 631 5562 Τοῦ
663 5505 817 5576 ἁγίου
850 5502 1141 5557 Νικολάου.

1048 5508 1141 5555 ιου.
2081 5490 2133 5544 6.
2170 5489 2354 5545 Sancti
2386 5487 2620 5544 Nicolai.

404 5602 472 5667 ξι.
514 5600 622 5653 τοῦ
650 5598 798 5653 ὁσίου
844 5592 1193 5665 Ἀμδροσίου,
2061 5582 2141 5634 ’7.
2171 5580 2321 5634 Beati
2350 5580 2647 5636 Ambrosii.

405 5694 476 5764 η’.
517 5692 624 5746 Τοῦ
650 5690 798 5744 ὁσίου
833 5684 1140 5755 Σωφρονίου
1172 5678 1469 5734 ἐπισκόπου
1504 5673 1749 5745 Κύπρου.

1579 5673 1749 5745 ἱπρου.
2093 5674 2145 5727 8.
2185 5673 2332 5727 Beati
2361 5672 2653 5744 Sophronii
2692 5672 2934 5744 episcopi
2966 5673 3151 5745 Cypri.

409 5788 475 5843 0'.
514 5785 580 5839 Ἦ
618 5779 882 5851 σύλληψις
910 5778 1010 5849 τῆς
1040 5774 1200 5844 ἁγίας
1234 5772 1433 5841 ’Λννης

1372 5786 1433 5841 ης
2097 5764 2149 5819 9.
2188 5766 2486 5837 Conceptio
2524 5774 2726 5824 sanctae
2757 5766 2944 5821 Annae.
