3982 6214
501 285 644 350 1315
1255 277 1643 338 OPUSCULA
1684 272 2096 334 LITURGICA
2139 267 2491 329 INCERTIE
2529 265 2839 328 lETATlS.
3545 267 3650 332 ιξιιδ

566 399 655 454 10.
689 395 840 451 Beati
871 391 1259 464 Amphiloohii.

566 491 654 544 11.
684 487 832 550 Beati
872 485 1061 540 Daniel
1097 483 1330 553 Stylitie.

565 584 653 638 12.
686 581 834 636 Beati
863 578 1208 650 Spyridonis.

565 677 654 730 t3.
695 671 1024 727 Sanctorum
1058 677 1361 738 martyrum
1397 662 1658 719 Eustratii
1711 671 1765 714 et
1792 673 2070 718 sociorum

494 767 636 836 ejus.

577 855 658 910 H.
691 853 1016 907 Sanctorum
1043 847 1379 903 Philemonis
1410 854 1460 897 et
1483 846 1761 896 sociorum
1792 840 1934 908 ejus.

569 947 654 1000 15.
688 944 876 1000 Sancti
903 942 1158 1011 martyris
1187 936 1501 993 Eleutherii.

573 1039 662 1092 l6.
690 1037 974 1106 Propheta:
1000 1032 1204 1103 Aggiei.

575 1133 662 1184 17.
703 1129 1029 1182 Sanctorum
1067 1125 1228 1178 trium
1249 1132 1556 1190 mentitum
1584 1113 1893 1172 -ot;lianicl.

570 1220 660 1274 18.
697 1216 880 1273 Sancti
905 1212 1166 1282 iiiauyris
1185 1206 1522 1266 Sebastiani.

567 1312 653 1366 19.
689 1309 875 1364 Sancti
905 1305 1086 1361 Promi
1119 1311 1175 1358 et
1213 1301 1488 1357 sociorum
1509 1296 1657 1364 ejus.

570 1403 661 1455 20.
704 1397 890 1454 Sancti
925 1392 1343 1464 sacromartyris
1374 1389 1589 1460 lgnatii.

570 1495 662 1546 21.
689 1490 906 1544 Sanctae
928 1486 1180 1540 Juliance.

567 1585 658 1637 ‘22.
695 1582 908 1636 Sanctae
937 1575 1260 1632 Anastasim.

568 1675 668 1743 ‘25.
690 1671 1018 1726 Sanctorum
1050 1667 1242 1720 Decem
1276 1665 1330 1718 in
1371 1664 1550 1718 Creta.

569 1794 641 1805 —
678 1763 979 1817 Sabhatum
1006 1769 1329 1813 sanctorum
1356 1753 1613 1807 Patr-um.

568 1886 641 1899 —-
669 1854 948 1909 Dominica
978 1859 1292 1904 sanctorum
1337 1845 1586 1898 Patrum.

572 1948 664 2002 24.
696 1947 755 2000 In
789 1943 1197 2014 exspectatione
1229 1938 1526 1993 nativitatis
1565 1937 1791 1994 Christi.

576 2039 668 2093 25.
699 2037 756 2091 In
793 2036 1080 2090 matutino.

579 2161 648 2172 -—
682 2130 742 2184 ln
773 2129 1014 2197 litttrgia.

579 2220 672 2274 26.
715 2219 1092 2272 Sanctissimae
1116 2215 1379 2285 Deiparze.

577 2310 671 2364 27.
697 2307 884 2363 Sancti
912 2307 1164 2378 martyris
1192 2306 1479 2375 Stephani.

577 2401 671 2456 28.
710 2399 1037 2455 Sanctorum
1084 2397 1272 2468 viginti
1306 2398 1561 2463 millium,
1591 2407 1645 2450 et
1682 2395 1944 2465 Stephani
1990 2395 2078 2464 ju-

505 2507 698 2549 11101⁸18.

582 2615 655 2628 --
689 2584 988 2640 Sabbatum
1031 2591 1154 2652 post
1194 2581 1402 2635 Christi
1429 2581 1792 2636 nativitatem.

576 2709 647 2721 —
677 2676 958 2732 Dominica
991 2683 1112 2746 post
1140 2673 1342 2729 Christi
1375 2671 1736 2726 nativitatem.

581 2770 674 2824 29.
701 2768 1030 2823 Sanctorum
1063 2764 1434 2835 parvulorum.

577 2861 667 2916 30.
713 2859 861 2915 Beati
896 2857 1153 2912 Marcelli.

562 2955 665 3019 51.
697 2951 882 3007 Sancti
914 2950 1120 3004 lrenaai.

937 3038 1189 3096 MENSIS
1241 3036 1646 3096 JANUARIUS.

585 3137 635 3191 1.
668 3135 725 3190 In
751 3132 1202 3198 Circumcisione,
1232 3139 1286 3185 et
1322 3130 1498 3186 sancti
1537 3129 1744 3184 Basilii.

583 3226 642 3279 9..
677 3226 865 3280 Sancti
890 3223 1156 3279 Silvestri.

578 3316 633 3370 5.
668 3313 854 3370 Saneti
884 3313 1140 3383 martyris
1166 3310 1384 3366 'Gordii.

575 3411 629 3463 4.
655 3409 840 3464 Sancti
871 3407 1126 3478 martyris
1148 3404 1375 3462 Zosimi.

580 3531 652 3544 —-
679 3499 980 3556 Sabbatum
1012 3509 1137 3553 ante
1164 3499 1333 3552 luces.

586 3621 652 3632 ——
685 3591 966 3648 Dominica
999 3601 1126 3644 ante
1147 3590 1318 3645 luces.

587 3685 640 3736 5.
669 3685 724 3738 Ιιι
758 3681 1416 3750 exspectatione‘lucium.

575 3774 630 3828 6.
657 3776 714 3829 In
747 3775 1036 3830 matutino.
1175 3761 1180 3767 ’

597 3898 668 3912 -
698 3869 758 3924 In
783 3868 1023 3937 liturgia.

587 3959 642 4014 7.
671 3959 727 4014 S.
757 3956 1145 4014 Praecursoris.

589 4082 662 4090 —
688 4051 983 4105 Sabhatum
1018 4058 1139 4119 post
1165 4048 1337 4103 luces.

590 4173 662 4185 ——
692 4143 972 4197 Dominica
1001 4150 1123 4212 post
1154 4141 1332 4196 luces.

583 4237 635 4292 8.
671 4235 856 4292 Sancti
887 4233 1160 4305 Hippolyti
1199 4231 1406 4288 Romae.

594 4334 649 4386 9.
681 4331 868 4386 Sancti
896 4331 1152 4402 martyris
1183 4328 1486 4402 Polycncti.

585 4424 671 4478 10.
702 4423 889 4478 Sancti
928 4423 1178 4495 Gregorii
1207 4421 1458 4493 Nysseni.

593 4519 673 4571 ll.
703 4515 850 4570 Beati
873 4515 1190 4571 Theodosii.
1243 4504 1248 4510 '

583 4609 669 4662 12.
703 4607 850 4661 Beati
883 4605 1166 4675 Stephani.

585 4701 672 4754 15.
713 4697 898 4753 Sancti
929 4697 1134 4767 Ermyli
1164 4703 1218 4749 et
1246 4692 1588 4749 Slratunicis.

587 4793 671 4846 M.
711 4790 1038 4845 Sanctorum
1073 4787 1344 4841 Ahhalum
1377 4786 1430 4838 in
1460 4784 1676 4837 Raitlto.

583 4883 670 4936 l5.
702 4882 850 4935 Beati
877 4879 1104 4934 Joannis
1136 4876 1390 4931 mendici.

585 4975 670 5028 16.
706 4971 1039 5026 Veneranda:
1077 4979 1286 5025 catena:
1318 4969 1490 5025 sancti
1525 4967 1692 5023 Petri.

584 5066 671 5120 17.
711 5064 898 5119 Sancti
924 5063 1168 5117 Antonii.

581 5158 670 5214 18.
713 5156 897 5212 Sancti
925 5154 1247 5220 Athanasii,
1276 5152 1558 5224 ctCyrilli.

579 5254 666 5306 19.
707 5250 852 5305 Beati
884 5249 1130 5303 Macarii.

577 5345 667 5398 9.0.
704 5343 852 5398 Beati
877 5341 1174 5412 Enthymii.

577 5439 664 5492 21.
697 5436 884 5490 Sancti
923 5433 1178 5505 martyris
1207 5430 1494 5502 Neophyti.

574 5528 666 5580 22.
709 5527 894 5582 Sancti
925 5525 1220 5580 Timothei.

579 5615 672 5669 25.
704 5615 1030 5676 Sanctorum
1100 5625 1396 5687 martyrum
1432 5615 1734 5670 Clementis
1839 5626 1895 5670 et
1941 5617 2086 5686 Aga-

515 5705 770 5772 thangeh.

2101 388 2154 445 Α
2253 389 2302 436 ι’.
2339 380 2628 459 Τοῦοσίου
2669 378 3037 448 ’Δμιριλοχίοψ

2247 480 2339 529 ια’.
2375 471 2484 525 Τοῦ
2515 470 2662 523 ὁσίου
2693 468 2896 538 Δανιὴλ
2919 468 3009 522 τοῦ
3042 467 3312 521 Etsi-hoe.

2246 565 2333 635 ιβ’.
2371 563 2480 616 Τοῦ
2513 563 2664 616 ὁσίου
2704 561 3068 630 Σπυρίδωνος.

2247 659 2337 721 ιγ’.
2370 652 2493 704 Τῶν
2545 651 2718 720 ἁγίων
2763 648 3056 720 μαρτύρων
3096 648 3427 719 Εὑσξρχτίου,
3469 652 3544 704 xxi
3580 655 3655 705 τῶν

2176 744 2274 797 σὺν
2297 741 2473 812 αὐτῷ.

2248 836 2329 888 ιδ’.
2362 834 2483 886 Τῶν
2515 832 2684 900 ἁγίων
2716 831 3036 902 Φιλήμονος,
3073 831 3168 884 καὶ
3198 831 3301 882 τῶν
3333 831 3419 882 σῦν
3439 832 3579 902 οὐδῷ.

2247 925 2329 981 ιε’.
2367 925 2475 980 Τοῦ
2508 924 2664 993 ἁγίου
2693 923 2976 994 μάρτυρος
3019 922 3370 993 Ἐλευθερίου.
3533 903 3535 905 ’

2249 1025 2344 1085 ις’.
2384 1018 2490 1072 Τοῦ
2521 1022 2802 1088 προφήτου
2833 1014 3119 1084 Ἀγγαίου.

2251 1111 2337 1176 ιζ’.
2373 1111 2496 1165 Τῶν
2529 1109 2701 1178 ἁγίων
2727 1106 2782 1178 γ’
2812 1107 3038 1173 παίδων,
3065 1107 3168 1166 ,καὶ
3197 1106 3414 1176 Δανιὴλ.

2249 1203 2339 1274 ιη’.
2375 1203 2482 1258 Τοῦ
2499 1203 2669 1273 ἁγίου
2708 1199 3386 1272 μάρτυροςεεεασκιανοῦ.

2251 1297 2335 1350 ιθ’.
2370 1295 2477 1352 Τοῦ
2499 1295 2667 1362 ,ἁγίου
2702 1293 2944 1364 Epopea,
2971 1291 3066 1346 καὶ
3086 1291 3197 1345 τῶν
3233 1290 3503 1364 σῦνιαῦτῷ.

2245 1386 2316 1442 κ’.
2351 1387 2458 1440 Τοῦ
2493 1387 2649 1454 ἁγίου
2676 1385 3074 1455 ἱερομὰρτυρο;
3115 1382 3387 1451 Ἰγνατίου.

2247 1487 2356 1534 κατ’.
2391 1478 2505 1548 Τῆς
2535 1478 2698 1547 ἁγίας
2739 1477 3056 1545 Tenney-73;.

2249 1566 2356 1638 xﬁ'.
2398 1568 2512 1637 Τῆς
2537 1566 2705 1636 ἁγίοις
2743 1567 3125 1629 ,⁹Δναστασίας.

2249 1668 2357 1731 κγ’.
2393 1661 2518 1714 Τῶν
2554 1659 2727 1728 ἁγίων
2760 1659 2791 1713 ι’
2825 1659 2935 1713 τῶν
2964 1661 3024 1712 ὲν
3051 1661 3264 1731 Κρήτῃ.

2277 1784 2349 1794 -—
2399 1753 2676 1807 Σάϐϐατον
2696 1753 2809 1807 τῶν
2833 1753 3011 1829 ἁγίων
3035 1753 3301 1830 -Πειςέιρων

2288 1876 2358 1886 -
2396 1845 2653 1917 Κυριακὴ
2681 1845 2791 1900 τῶν
2819 1846 2993 1914 ἁγίων
3019 1846 3299 1915 Πατέρων.

2253 1941 2352 1995 κδ’.
2383 1941 2484 2005 Εἰς
2513 1941 2610 2007 τὴν
2645 1939 2972 2012 παραμονὴν
3000 1939 3102 2009 τῆς
3129 1936 3360 2014 Χριστοῦ
3389 1936 3648 2012 γεννῇςεως.

2251 2039 2351 2087 κε’.
2385 2033 2480 2096 Εἰς
2514 2033 2604 2086 τὸν
2629 2031 2844 2102 ὄρθρον.

2285 2156 2355 2168 --
2397 2125 2491 2189 Et;
2527 2126 2625 2196 τὴν
2654 2121 3020 2193 λειτουργίαν.

2256 2215 2367 2284 κς’.
2406 2217 2517 2287 Τῆς
2548 2216 2852 2287 ὑπεραγίας
2875 2214 3170 2268 Θεοτὸκου.

2253 2308 2357 2373 κζ’.
2393 2308 2500 2362 Τοῦ
2530 2308 2687 2376 ἁγίου
2718 2308 2995 2379 μάρτυρος
3026 2307 3322 2376 Στεφάνου.

2257 2399 2365 2472 κη’.
2424 2400 2545 2455 Τῶν
2594 2400 2766 2469 ἁγίων
2815 2399 3142 2472 δισμυρίων,
3191 2398 3283 2456 καὶ
3335 2396 3564 2472 Στεφάνου
3602 2393 3666 2446 τοῦ

2185 2492 2328 2546 νέου.

2286 2612 2360 2623 -
2393 2582 2670 2638 Σὰὃσὰτον
2710 2581 2850 2654 μετὰ
2879 2580 2979 2653 τὴν
2996 2577 3244 2652 ’Χριστοῦ
3277 2577 3523 2648 γέννησιν.

2289 2707 2361 2716 ——
2395 2674 2647 2748 Κυριακὴ
2680 2674 2818 2746 μετὰ
2847 2673 2944 2745 τὴν
2971 2671 3215 2746 Χριστοῦ
3242 2670 3490 2742 γέννησιν.

2255 2769 2358 2824 κθ’.
2408 2768 2531 2820 Τῶν
2563 2767 2738 2837 ἁγίων
2760 2767 2994 2838 νηπίων.

2256 2861 2322 2915 λ’.
2354 2861 2460 2916 Τοῦ
2490 2860 2638 2914 ὁσίου
2673 2860 3025 2932 Μαρκέλλου.

2258 2952 2361 3007 λα’.
2393 2953 2500 3006 Τοῦ
2529 2953 2684 3020 ἁγίου
2720 2953 3035 3024 Είρηναίου.

2621 3045 2778 3099 MHN
2811 3042 3309 3116 ‘IANNOI‘APIOE.

2256 3146 2325 3194 α’.
2355 3141 2449 3203 Εἰς
2481 3139 2578 3210 τὴν
2612 3137 2936 3209 περιτομὴν,
2969 3138 3066 3190 καὶ
3092 3136 3184 3191 τοῦ
3214 3128 3632 3205 ἁγίουἙασιλείου.

2267 3231 2332 3304 β’.
2376 3231 2483 3286 Τοῦ
2510 3232 2669 3300 ἁγίου
2701 3231 3053 3302 Σιλὸἐστρου.

2259 3332 2328 3394 γ’.
2369 3325 2475 3378 Τοῦ
2502 3324 2661 3392 ἁγίου
2691 3324 2968 3394 μάρτυρος
3000 3323 3243 3396 Γορδίου.

2257 3417 2320 3472 δ’.
2356 3416 2463 3470 Τοῦ
2495 3416 2648 3485 ἁγίου
2681 3417 2959 3488 μάρτυρος
2982 3418 3264 3487 Ζωσίμου.

2254 3537 2325 3551 -—
2365 3508 2640 3563 Σὰὁὸατον
2671 3508 2776 3577 πρὸ
2806 3508 2914 3561 τῶν
2939 3507 3162 3563 Φὼτων.

2255 3630 2329 3640 —
2358 3599 2614 3671 Κυριακὴ
2649 3600 2757 3669 πρὸ
2783 3599 2891 3653 τῶν
2919 3598 3145 3654 Φῶτων.

2263 3690 2324 3744 ε’.
2362 3692 2454 3752 El;
2481 3689 2579 3761 τὴν
2609 3689 2931 3761 παραμονὴν
2951 3691 3061 3744 τῶν
3090 3688 3306 3745 Φὼτων.

2261 3780 2337 3846 ς’.
2371 3783 2463 3845 Εἰς
2492 3783 2583 3834 τὸν
2615 3780 2831 3853 ὄρθρον.

2260 3903 2330 3914 —
2359 3875 2452 3936 Είς
2479 3873 2577 3944 τὴν
2613 3872 2976 3942 λειτουργίαν.

2265 3965 2332 4031 ζ’.
2365 3964 2470 4018 Τοῦ
2501 3964 2840 4035 Προδρομου.

2261 4089 2329 4102 -
2367 4058 2646 4113 Σάϐϐατον
2678 4057 2817 4129 μετὰ
2841 4058 2910 4112 τὰ
2939 4057 3122 4112 Φῶτὰ.

2260 4181 2329 4191 —-
2363 4149 2617 4222 Κυριακὴ
2651 4148 2790 4218 με.τὰ
2813 4151 2888 4201 .τὰ
2915 4149 3093 4202 Φῶτα.

2262 4244 2333 4308 η’.
2375 4237 2481 4292 Τοῦ
2515 4238 2671 4307 ἁγίου
2713 4237 3029 4291 Ἱππολύτου
3073 4237 3310 4308 Ῥώμης.

2266 4331 2331 4384 0’.
2374 4330 2480 4383 Τοῦ
2513 4330 2672 4399 ἁγίου
2707 4331 2982 4402 μάρτυρος
3011 4330 3373 4387 Πολυεύκτου.

2262 4417 2315 4472 ι’.
2350 4418 2456 4472 Τοῦ
2485 4419 2638 4488 ἁγίου
2673 4420 2972 4490 Γρηγορίου
3004 4420 3246 4490 Νῦσσης.

2262 4516 2350 4566 ια’.
2389 4510 2496 4563 Τοῦ
2521 4511 2670 4563 ὁσίου
2694 4511 2994 4568 Θεοδοσίου.

2263 4602 2348 4673 ιβ’.
2383 4602 2489 4657 Τοῦ
2523 4605 2668 4657 ὁσίου
2699 4604 2992 4673 Στεφάνου.

2261 4702 2349 4764 ιγ’.
2381 4695 2487 4749 Τοῦ
2527 4694 2684 4764 ἁγίου
2725 4696 3014 4766 Ἑρμύλου,
3050 4697 3143 4752 καὶ
3173 4696 3540 4768 Στρατονίκους.

2274 4785 2357 4840 ιδ’.
2388 4785 2508 4838 Τῶν
2545 4785 2716 4853 ἁγίων
2759 4785 3032 4840 Ἀϐδὰδων
3070 4788 3175 4841 τῶν
3201 4789 3257 4839 ὲν
3279 4789 3339 4857 τῇ
3379 4782 3564 4852 Ῥαῑῦῷ.

2261 4879 2342 4934 ιε’.
2373 4877 2480 4931 Τοῦ
2507 4879 2654 4932 ὁσίου
2710 4878 2961 4932 Ἰωάννου
2987 4878 3085 4932 τοῦ
3119 4879 3348 4948 πτωχοῦ.

2259 4979 2357 5036 ις’.
2396 4972 2508 5042 Τῆς
2532 4970 2992 5041 τιμίας,ἁλύσεως
3021 4972 3114 5026 τοῦ
3134 4972 3290 5041 ἁγίου
3322 4968 3520 5034 Πέτρου.

2262 5061 2348 5127 ιζ’.
2380 5060 2486 5114 Τοῦ
2513 5060 2671 5130 ἁγίου
2705 5059 3011 5114 ’Δντωνίοω

2267 5161 2355 5225 ιη’.
2388 5153 2495 5207 Τοῦ
2523 5152 2679 5221 ἁγίου
2726 5153 3040 5206 Ἀθανασίου
3069 5149 3165 5204 καὶ
3187 5146 3464 5221 Raptum).

2261 5245 2310 5299 ιθ
2331 5284 2346 5299 .
2372 5243 2480 5297 Τοῦ
2503 5242 2652 5297 ὁσίου
2681 5242 2994 5311 Μακαρίου.

2261 5339 2330 5386 κ’.
2365 5332 2474 5384 Τοῦ
2502 5332 2651 5385 ὁσίου
2679 5329 2981 5399 Εὐθυμίου.

2258 5422 2366 5480 κα’.
2398 5422 2505 5476 Τοῦ
2537 5422 2694 5490 ἁγίου
2734 5423 3010 5492 μάρτυρος
3035 5419 3325 5489 Νεοφύτου.

2258 5517 2363 5589 κβ’.
2401 5515 2509 5570 Τοῦ
2541 5515 2704 5578 ἁγίου
2730 5515 3016 5586 Τιμοθέου.

2262 5587 2370 5682 κγ’
2410 5615 2532 5670 Τῶν
2561 5614 2734 5683 “tu”
2757 5611 3054 5686 μαρτύρων
3083 5598 3487 5680 Κλήμεντος-,καὶ
3517 5587 3656 5659 Ἀγιθι

2189 5706 2444 5774 αγγέλου.
