3982 6214
438 308 586 371 1319
1201 303 1593 363 OPUSCULA
1638 300 2056 366 LITURGlCA
2095 302 2442 363 INCERTIE
2473 302 2785 366 IETATIS.
3576 300 3734 364 1320

509 430 598 483 15.
636 428 819 481 Terra:
856 441 1059 477 nimus.
1648 456 1652 461 .
2049 427 2081 478 Α

1648 456 1652 461 -
2049 427 2091 479 Α
2205 418 2287 474 ιε’.
2322 420 2429 473 Τοῦ
2464 421 2709 491 σεισμοῦ.

508 521 597 574 16.
630 518 784 573 Nulla
836 517 1061 571 mentio.
1098 568 1107 577 κ

902 517 1061 571 entio.
1098 568 1107 577 κ
2178 510 2274 574 ις’.
2313 512 2474 565 Acin.

511 613 599 667 17.
636 610 885 665 Hominis
918 610 1009 664 Dei
1031 609 1223 663 Alexii.
1482 614 1483 617 ‘

2190 604 2278 667 ιζ’.
2324 603 2431 657 Τοῦ
2459 604 2749 673 ἀνθρώπου
2775 604 2867 656 τοῦ
2897 604 3034 657 Θεοῦ
3080 604 3347 670 “Λ).εξίου.

512 706 597 758 18.
630 704 812 758 Sancti
837 701 1023 772 Cyrilli
1054 696 1516 770 Jerosolymitani.

2193 693 2286 765 ιη’.
2316 694 2423 748 Τοῦ
2448 696 2604 763 ἁγίου
2634 696 2905 766 Κυρίλ).ου
2950 696 3488 766 Ἱεροσολυμιτὰνου.

511 796 598 851 19.
633 794 957 849 Sanctorum
988 792 1278 864 (Iltryranti
1310 800 1364 845 et
1396 788 1589 844 Dat-ian

2200 785 2289 842 ιϐ’.
2319 788 2441 841 Τῶν
2472 788 2642 856 ἁγίων
2668 788 2988 858 Χρυσὰνᾶου
3023 790 3115 841 καὶ
3136 790 3391 859 Δαρείας.

506 889 597 940 20.
631 886 786 942 Nulla
826 884 1048 939 mentio.

900 884 1048 939 sntio.
2206 878 2275 935 κ’,
2312 881 2472 936 Acin.

510 979 600 1033 21.
641 976 800 1032 Nulla
828 976 1051 1030 mentio.

920 976 1051 1030 ntio.
2192 972 2301 1027 κα’.
2332 973 2492 1027 Λείπ.

508 1070 601 1125 22.
641 1069 825 1124 Sancti
849 1067 1264 1138 sacromarlyris
1294 1065 1501 1124 Basilii.

2204 1063 2308 1136 κβ’.
2340 1064 2447 1119 Τοῦ
2480 1066 2637 1135 ἁγίου
2667 1066 3057 1140 ίερομὰρτυρος
3096 1065 3403 1120 Bas-laico.

511 1162 599 1217 25.
634 1160 791 1215 Nulla
822 1160 1045 1214 mentio.

926 1160 1045 1214 ilio.
2193 1164 2299 1224 κγ’.
2337 1158 2498 1211 Acin.

510 1252 602 1307 24.
632 1251 787 1305 Nulla
816 1250 1040 1304 mentio.

916 1250 1040 1304 ntio.
2200 1247 2299 1303 κδ’.
2330 1250 2488 1304 Acin.

510 1344 603 1399 25.
634 1340 991 1396 Annuntiatio
1018 1340 1289 1410 Deiparaa.

2189 1338 2285 1393 κε’.
2334 1342 2394 1394 '0
2426 1343 2822 1412 εὐαγγελισμὸς
2850 1344 2949 1415 τῆς
2978 1345 3259 1399 θεοτοκον.

508 1466 581 1477 -
608 1435 940 1503 aniturgia.

2332 1436 2411 1495 ci;
2447 1436 2543 1504 τὴν
2570 1436 2931 1507 λειτουργίαν.

511 1528 602 1582 26.
641 1526 797 1581 Nulla
825 1526 1051 1579 mentio.

918 1526 1051 1579 ntio.
2190 1530 2304 1589 κς⁹.
2332 1525 2490 1579 Acin.

509 1621 598 1674 27.
633 1620 848 1674 Sanctae
871 1618 1149 1674 Matronae.

2206 1619 2309 1681 κζ’.
2365 1618 2472 1686 Τῆς
2509 1618 2671 1682 ἁγίας
2716 1618 3045 1690 Ματρώνας.

510 1713 602 1766 28.
629 1711 782 1765 Nulla
812 1712 1032 1765 mentio.
2063 1767 2082 1778 ,

922 1712 1032 1765 ιιὶο.
2063 1767 2098 1778 n
2194 1709 2301 1778 κη’.
2332 1710 2494 1766 Acin.

511 1803 599 1857 29.
636 1800 792 1855 Nulla
830 1802 1058 1856 mentio.
2060 1767 2083 1820 ί

921 1802 1058 1856 ntio.
2060 1767 2102 1820 Β
2199 1767 2301 1858 κδ’.
2333 1803 2492 1859 Δείπ.

517 1897 607 1950 30.
643 1896 825 1950 Sancti
851 1894 1080 1949 Joannis
1097 1892 1346 1949 CLmaCi.

2196 1896 2259 1949 λ’.
2293 1894 2400 1950 Τοῦ
2428 1898 2581 1965 ἁγίου
2627 1898 2873 1951 Ἰωάννου
2901 1897 2995 1967 τῆς
3025 1898 3331 1968 Κλίμακος.

514 1991 604 2045 51.
638 1989 794 2045 Nulla
827 1988 1052 2044 mentio.

925 1988 1052 2042 ntio.
2197 1987 2299 2041 λα’.
2337 1988 2497 2042 Λείπ.

926 2095 1176 2151 MENSIS
1228 2094 1523 2151 APRILIS.

2619 2098 2775 2151 ΜΒΝ
2817 2099 3202 2152 ΑΠΡΙΛΛῙΟΣ.

514 2212 565 2265 1.
589 2211 768 2266 Beata:
793 2209 999 2265 Mariae.

2197 2202 2267 2259 α’.
2311 2205 2422 2275 Τῆς
2454 2206 2609 2267 ὁσίας
2638 2207 2878 2275 Μαρίας.

509 2303 563 2357 2.
592 2301 920 2356 Sanctorum
944 2302 1236 2370 Ampliiani
1288 2309 1343 2356 et
1366 2299 1580 2355 Etlcsii.

2194 2297 2261 2366 β’.
2297 2297 2419 2349 Τῶν
2448 2298 2619 2367 ἁγίων
2653 2298 2975 2368 Ἀμῖςιανοί
3010 2302 3103 2353 καὶ
3142 2302 3421 2357 Ἐδεσίου.

514 2396 568 2451 5.
595 2393 751 2448 Nulla
780 2393 1005 2447 mentio.

881 2393 1005 2447 ntio.
2193 2396 2265 2458 γ’.
2294 2390 2453 2444 Acin.

509 2490 561 2542 1i.
598 2486 782 2539 Sancti
807 2483 1070 2539 Thcoduli
1106 2492 1159 2538 ct
1180 2485 1451 2538 sociorum
1476 2484 1616 2554 ejus.

2193 2480 2256 2537 δ’.
2286 2482 2394 2535 Τοῦ
2424 2483 2581 2550 ἁγίου
2613 2483 2928 2545 Θεοδούλου.
2966 2486 3061 2539 καὶ
3088 2486 3195 2539 τῶν
3225 2487 3327 2541 σὺν
3356 2490 3540 2561 αὐτῷ.

505 2579 557 2631 5.
596 2577 749 2631 anla
776 2578 1001 2630 mentio.

892 2578 1001 2630 Ilio.
2196 2571 2259 2627 ε’.
2302 2574 2464 2629 Δείπ.

510 2672 564 2725 6.
610 2670 793 2724 Sancti
823 2670 1070 2740 Entycltii
1101 2668 1444 2740 patriarcha).

2196 2662 2272 2729 ς’.
2318 2665 2426 2718 Τοῦ
2455 2665 2611 2734 ἁγίου
2641 2666 2905 2736 Εὐτυχίου
2938 2671 3298 2738 πατριάρχου.

514 2763 567 2815 7.
601 2762 788 2816 Sancti
824 2761 1026 2815 Rufini.

2196 2754 2259 2822 ζ’.
2297 2756 2404 2810 Τοῦ
2434 2758 2589 2825 ἁγίου
2628 2758 2931 2827 Ῥουφίνου.

509 2853 561 2907 8.
591 2851 920 2907 Sanctorum
968 2850 1343 2921 apostolorum
1442 2846 1562 2902 Ruﬁ
1634 2858 1688 2903 et
1746 2850 2020 2906 sociorum

2207 2846 2278 2917 η’.
2328 2849 2450 2903 Τῶν
2488 2850 2663 2918 ἁγίων
2704 2851 3016 2904 ἀποστόλων
3055 2851 3281 2921 Ῥο-Ζφου
3323 2854 3422 2906 καὶ
3455 2856 3572 2908 τῶν
3632 2857 3737 2911 σὺν

438 2945 584 3013 cjnc.

2122 2938 2293 3010 αὐτῷ.

510 3037 562 3093 9.
604 3036 757 3092 Nulla
782 3037 1008 3091 mentio.
1198 3034 1201 3035 ⁷

915 3037 1008 3091 tio.
1198 3034 1201 3035 ⁷
2208 3030 2275 3085 0'.
2326 3031 2487 3086 Acin.

517 3132 597 3185 lt).
633 3130 819 3185 Sancti
859 3129 1115 3200 martyris
1140 3128 1399 3186 Terentii.
2044 3103 2089 3169 ο

2044 3103 2092 3169 C
2204 3128 2257 3177 t'.
2289 3122 2395 3177 Τοῦ
2429 3124 2588 3193 ἁγίου
2620 3124 2897 3196 μάρτυρος
2925 3128 3236 3198 Τερεντίου.

508 3221 596 3276 11.
627 3220 811 3275 Sancti
851 3218 1084 3288 Antipze.

2204 3222 2288 3269 ta'.
2318 3215 2426 3270 Τοῦ
2454 3217 2611 3285 ἁγίου
2649 3220 2889 3273 Ἀντίπα.

508 3313 595 3366 12.
628 3312 781 3365 Nulla
816 3313 1041 3366 mentio.

906 3313 1041 3366 ntio.
2195 3306 2284 3378 ιβ’.
2318 3308 2477 3361 Acin.

507 3407 592 3461 15.
630 3405 787 3460 Nulla
816 3405 1045 3459 mentio.

908 3405 1045 3459 ntio.
2194 3394 2286 3468 ιγ’.
2316 3399 2477 3454 Acin.

510 3499 595 3553 M.
628 3495 787 3552 Nulla
828 3498 1053 3551 mentio.

902 3498 1053 3551 sntio.
2195 3490 2276 3546 ιδ’.
2316 3491 2474 3544 Acin.

509 3592 598 3646 15.
633 3590 790 3645 Nulla
824 3591 1045 3645 mentio.

900 3591 1045 3645 :ntio.
2190 3579 2272 3636 tc'.
2312 3581 2472 3636 Acin.

508 3682 594 3736 16.
631 3682 844 3736 Sancta:
876 3683 1110 3752 Agapcs,
1137 3691 1190 3737 et
1220 3682 1493 3739 sociarum
1520 3683 1661 3754 cjt.s.

2191 3671 2292 3738 ις’.
2336 3672 2449 3744 Τῆς
2473 3674 2634 3745 ἁγίας
2673 3678 2942 3749 Ἃγὰπης.
2975 3681 3067 3734 καὶ
3093 3680 3201 3735 τῶν
3233 3684 3332 3736 σὺν
3360 3686 3538 3758 αὐτῇ.

502 3774 592 3827 17.
628 3771 785 3828 Nulla
820 3775 1046 3827 mentio.

913 3775 1046 3827 ntio.
2191 3765 2279 3829 ιζ’.
2324 3766 2485 3819 Acin.

503 3863 593 3919 18.
624 3862 810 3919 Sancti
851 3864 1061 3919 Jacobi.

2194 3858 2284 3927 ιη’.
2327 3859 2435 3912 Τοῦ
2468 3860 2624 3929 ἁγίου
2666 3862 2945 3919 Ἰακώϐου.

418 3965 429 3975 ⁸
507 3956 596 4011 19.
632 3957 788 4010 Nulla
815 3958 1038 4012 mentio.

893 3958 1038 4012 :ntio.
2190 3951 2277 4007 ιθ’.
2304 3951 2465 4006 Acin.

507 4048 599 4103 20.
634 4046 791 4103 Nulla
815 4049 1042 4104 mentio.

888 4049 1042 4104 :ntio.
2196 4053 2267 4101 κ’.
2301 4047 2460 4102 Δείπ.

504 4139 598 4195 2i.
631 4139 791 4193 Nulla
818 4142 1044 4195 mentio.

933 4142 1044 4195 Itio.
2192 4146 2301 4195 κα¹.
2347 4142 2505 4197 Acin.

502 4231 593 4286 22.
622 4232 765 4288 Beati
792 4231 1064 4287 Theodori
1088 4231 1310 4290 SiceOti.

2182 4232 2290 4303 κβ’.
2324 4233 2432 4287 Τοῦ
2466 4234 2613 4288 ὁσίου
2647 4235 2925 4309 Θεοδώρου
2961 4240 3253 4296 Σικεὼτου.

504 4323 593 4380 25.
624 4323 809 4380 Sancti
842 4335 1097 4397 martyris
1126 4326 1366 4398 Georgii.

2199 4322 2305 4391 tif.
2347 4322 2453 4376 Τοῦ
2489 4325 2648 4393 ἁγίου
2674 4326 2951 4399 μάρτυρος
2975 4329 3267 4400 Γεωργίου.

626 4411 782 4507 anlla
812 4415 1037 4469 mentio.
1100 4505 1147 4507 Π
2042 4446 2073 4507 ι

2042 4446 2097 4507 D
2196 4415 2292 4468 κδ’.
2337 4415 2495 4470 Acin.
3159 4455 3166 4465 .

492 4504 586 4558 25.
621 4503 805 4559 Sancti
827 4506 1064 4575 aposmli
1098 4505 1289 4561 Marci.
2043 4503 2064 4507 ’

2043 4503 2076 4507 ’
2195 4505 2291 4561 κε’.
2332 4507 2438 4562 Τοῦ
2464 4510 2620 4577 ἁγίου
2646 4511 2950 4566 ἀποστόλου
2978 4514 3229 4585 Μάρκου.

495 4595 587 4648 26.
618 4594 803 4652 Sancti
841 4599 1260 4669 sacrontartyris
1292 4598 1495 4654 Basilii.

2192 4606 2305 4665 κς¹.
2343 4602 2450 4654 Τοῦ
2484 4603 2639 4672 ἁγίου
2667 4605 3064 4677 ίερομὰρτυρος
3090 4598 3400 4668 Βασιλιίου.

501 4686 589 4744 27.
623 4686 782 4742 Nulla
808 4690 1033 4743 mentio.

938 4690 1033 4743 tio.
2198 4693 2303 4756 κζ’.
2347 4694 2509 4748 Acin.

499 4775 593 4832 28..
629 4779 792 4833 Nulla
823 4779 1050 4837 mentio.

912 4779 1050 4837 ntio.
2190 4788 2295 4854 κη’.
2320 4783 2480 4836 Acin.

497 4871 591 4925 29.
628 4870 816 4925 Sancti
846 4869 1067 4926 Simeon
1103 4876 1322 4943 cognati
1351 4873 1583 4929 Domini.

2181 4871 2284 4926 30'.
2312 4873 2419 4926 Τοῦ
2448 4874 2605 4943 ἁγίου
2632 4875 2860 4946 Συμεὼν
2881 4876 2975 4931 τοῦ
3009 4880 3307 4950 συγγενοῦς
3336 4881 3430 4936 τοῦ
3465 4886 3705 4956 Κυρίου.

498 4958 591 5015 30.
621 4959 808 5014 Sancti
837 4959 1028 5016 Jacobi
1078 4965 1261 5018 fratris
1293 4964 1411 5019 Dei.

2191 4964 2255 5019 λ’.
2300 4965 2407 5019 Τοῦ
2433 4966 2591 5034 ἁγίου
2635 4967 2891 5022 Ἰακώϐου
2920 4970 3016 5024 τοῦ
3044 4973 3274 5043 ἀδελφοῦ
3303 4976 3468 5032 Θεοῦ.

944 5070 1200 5127 MENSIS
1252 5072 1490 5131 MAIUS.

2684 5078 2841 5131 ΜΒΝ
2872 5081 3105 5136 ΜΔΙΟΣ.

501 5176 553 5229 1.
585 5172 769 5230 Sancti
805 5176 1076 5247 prophetzn
1097 5176 1366 5234 Jcrcmiae.

2179 5200 2250 5240 α.
2290 5182 2399 5238 Τοῦ
2428 5185 2586 5254 ἁγίου
2619 5192 2901 5259 προφήτου
2944 5191 3230 5264 Ἰερεμίου.

490 5266 545 5321 2.
576 5267 763 5323 Sancti
796 5268 1106 5324 Athanasii.

2185 5274 2255 5348 β’.
2299 5276 2407 5330 Τοῦ
2444 5277 2601 5345 ἁγίου
2636 5280 2980 5337 Ἀθανασίου.

495 5359 548 5411 5.
580 5358 765 5413 Sancti
796 5361 1051 5431 martyris
1079 5360 1369 5420 Timothei.

2184 5366 2255 5434 γ’.
2303 5369 2410 5423 Τοῦ
2437 5370 2598 5441 ἁγίου
2626 5374 2905 5447 μάρτυρος
2934 5376 3224 5447 Τιμοθέου.

494 5450 547 5503 4.
576 5449 730 5505 Nulla
753 5452 982 5507 mentio.

855 5452 982 5507 ntio.
2169 5458 2233 5514 δ’.
2266 5461 2427 5515 Acin.

500 5539 551 5591 5.
584 5539 737 5596 Nulla
772 5544 999 5609 mentio,

853 5544 999 5609 :ntio,
2173 5558 2235 5607 c'.
2267 5554 2425 5609 Acin.

498 5629 552 5682 6.
580 5629 717 5687 Justi
745 5634 869 5687 Job.

2173 5652 2250 5709 ς’.
2285 5648 2391 5701 Τοῦ
2420 5650 2629 5705 δικαίου
2670 5651 2788 5705 ’1ώὸ

498 5714 550 5768 7.
577 5717 735 5773 Nulla
760 5724 984 5777 mentio.

860 5724 984 5777 ntio.
2173 5740 2239 5803 ζ’.
2273 5741 2432 5795 Acin.
