3884 6208
112 263 237 322 1321
1438 254 1646 318 ΞΥΝΑΔ

1808 262 1869 317 lU
1883 264 1959 319 Μ.
3212 255 3342 318 13ἳ2

178 376 245 443 η’.
278 373 383 426 Τοῦ
410 373 566 440 ἁγίου
611 372 864 427 ’ῐωὰννου
896 373 987 425 τοῦ
1017 373 1305 441 Θεολὸγου.
1709 423 1712 433 λ

1169 373 1305 441 Ξγου.
1709 381 1751 434 Α
1860 374 1910 428 8.
1950 372 2132 427 Sancti
2167 371 2392 426 Joannis
2424 367 2703 440 Tlieologi.

172 496 241 510 -—
285 468 364 535 Τῇ
396 467 533 535 αὐτῇ
562 465 745 536 ἡμέρᾳ
774 465 1051 536 μάρτυρος
1096 466 1369 517 Ἀκακίου.

1251 466 1369 517 ιίτιυ.
1853 494 1918 507 -—
1949 466 2147 519 Eadem
2169 466 2275 531 die,
2306 468 2560 533 martyris
2580 466 2785 520 Acacii.

172 557 239 613 θ’.
286 558 391 611 Τοῦ
420 560 695 627 προφήτου
736 558 977 611 Ἡσαΐου.

889 564 977 611 ζου.
1840 557 1891 610 9.
1930 555 2217 625 Propheta:
2252 557 2423 611 Isaiae.

172 677 243 687 —
278 650 357 718 Τῇ
396 650 535 717 αὐτῇ
573 648 753 718 ἡμέρᾳ
801 648 895 701 τοῦ
933 649 1085 715 ἁγίου
1124 648 1399 717 μάρτυρος
1442 648 1675 699 Χοιστο-

1874 679 1921 689 -
1948 650 2149 703 Eadem
2182 649 2291 715 dic,
2325 650 2500 705 sancti
2530 650 2781 720 martyris
2813 649 3209 717 Cln'istopltori.

103 740 290 809 φόρου.

240 757 290 793 υ.

178 756 237 881 ff.)
276 827 381 880 T06
406 825 707 879 ἀποστόλου
736 827 999 896 Σίμωνος.

967 846 999 889 ς.
1850 829 1934 883 10.
1964 830 2204 898 Apostoli
2241 830 2501 886 Simonis.

176 914 269 968 ια’.
295 914 400 966 Τοῦ
433 916 588 981 ἁγίου
628 915 904 984 μάρτυρος
931 912 1173 969 Μωκίου.

1124 935 1173 969 υ.
1851 921 1937 975 ll.
1976 920 2158 975 Sancti
2197 924 2451 992 martyris
2484 922 2658 977 Mocii.

182 1005 272 1076 ιβ’.
312 1006 417 1059 Τοῦ
445 1007 593 1060 ὁσίου
628 1008 945 1075 Ἐπιφανίου
975 1010 1069 1060 καὶ
1099 1003 1409 1077 Γερμανοῦ.

1316 1003 1409 1059 λοῦ.
1850 1014 1937 1067 12.
1969 1013 2117 1068 Beati
2146 1013 2431 1083 Epiplianii
2491 1026 2544 1069 ct
2574 1018 2850 1071 Germani.

177 1097 267 1166 ιγ’.
306 1098 463 1152 Acin.

1849 1106 1938 1161 15.
1971 1105 2124 1161 Nulla
2151 1108 2376 1162 mentio.

180 1185 241 1239 ιδ’
247 1226 262 1240 .
291 1186 397 1239 Τοῦ
427 1188 583 1254 ἁγίου
626 1185 919 1258 ἰσιδώρου,
950 1189 1043 1241 καὶ
1072 1187 1391 1257 Παχωμίου.

1208 1187 1391 1257 optioni.
1852 1194 1936 1247 14.
1965 1193 2145 1249 Sancti
2162 1195 2351 1248 lsidori
2378 1206 2428 1249 et
2443 1196 2742 1253 Pacliomii.

182 1285 261 1333 ιε’.
297 1278 456 1333 Acin.

1848 1283 1937 1337 ιε).
1963 1282 2119 1337 Nulla
2154 1285 2373 1339 mentio.

174 1374 269 1431 ις’.
300 1368 405 1421 Τοῦ
438 1367 595 1435 ἁγίου
626 1370 903 1438 προφήτου
939 1367 1231 1438 Ζαχαρίου.

1850 1371 1939 1426 16.
1974 1371 2158 1427 Sancti
2191 1373 2463 1441 prophetae
2489 1375 2782 1432 Zachariae.

184 1455 271 1521 ιζ’.
307 1458 465 1512 Λείπ.

1846 1463 1936 1517 17.
1959 1460 2110 1516 Nulla
2135 1464 2360 1518 mentio.

187 1547 275 1616 ιη’.
306 1550 464 1603 Λείπ.

1840 1552 1928 1607 18.
1966 1553 2119 1608 Nulla
2146 1556 2372 1608 mentio.

180 1640 265 1693 tﬂ'.
310 1639 417 1693 Τοῦ
456 1641 611 1709 ἁγίου
645 1642 964 1711 Πατρικίου.

915 1660 964 1697 υ.
1848 1644 1934 1698 19.
1968 1644 2152 1699 Sancti
2207 1645 2449 1700 Patricii.

178 1737 247 1785 κ’.
291 1731 397 1783 Τοῦ
440 1733 596 1799 ἁγίου
631 1734 945 1787 Θαλελαίου.
1702 1717 1712 1774 ]

939 1773 945 1787 .
1702 1717 1750 1774 Β
1847 1736 1939 1791 eo.
1975 1735 2159 1791 Sancti
2202 1736 2473 1792 Tltalelaei.

166 1821 273 1877 κα’.
299 1823 421 1876 Τῶν
451 1824 621 1892 ἁγίων
659 1826 1091 1890 Κωνσταντίνου,
1125 1828 1216 1880 καὶ
1252 1826 1491 1899 Ἑλένης.

1489 1870 1491 1880 .
1847 1827 1938 1880 2l.
1969 1826 2293 1883 Sanctorum
2322 1830 2661 1884 Constantini
2701 1840 2754 1885 et
2775 1830 3023 1888 "elenes.

177 1911 283 1982 κβ’.
320 1911 428 1965 Τοῦ
465 1914 623 1982 ἁγίου
665 1915 1015 1969 Βασιλίσκου.

909 1933 1015 1969 ιου.
1845 1918 1937 1972 22.
1968 1917 2153 1973 Saneti
2174 1919 2443 1975 Basilisci.

180 2001 291 2071 κγ’.
324 2003 488 2057 Λείπ.

1845 2008 1936 2063 25.
1970 2008 2126 2063 Nulla
2151 2011 2375 2065 mentio.

175 2095 272 2148 κδ’.
318 2092 426 2146 Τοῦ
454 2094 601 2148 ὁσίου
632 2094 855 2165 Συμεὼν
888 2096 983 2150 τοῦ
1011 2097 1324 2168 θαυμαστοῦ
1361 2098 1538 2170 ὅρους.

1399 2116 1538 2170 ρους.
1845 2098 1937 2152 24.
1972 2098 2123 2153 Beati
2165 2098 2387 2154 Simcon
2428 2101 2691 2157 mirabilis
2712 2105 2933 2158 montis.

174 2184 273 2238 κε’.
310 2186 473 2238 Λείπ.

1844 2190 1937 2243 25.
1977 2188 2135 2243 Nulla
2158 2190 2382 2244 mentio.

173 2275 288 2340 κς’.
322 2275 428 2330 Τοῦ
460 2277 616 2346 ἁγίου
645 2278 943 2332 ἀποστόλου
988 2280 1179 2334 Ἰούδα.

1092 2280 1179 2334 δα.
1841 2279 1932 2332 26.
1975 2280 2161 2334 Sancti
2191 2282 2422 2350 apostoli
2452 2281 2625 2339 Iudae.

184 2369 286 2431 κζ’.
319 2368 476 2420 Λείπ.
1843 2370 1933 2423 27.
1956 2367 2111 2423 Nulla
2144 2373 2368 2425 mentio.

177 2468 282 2532 κη’.
314 2461 420 2512 Τοῦ
452 2462 607 2529 ἁγίου
638 2464 918 2533 μάρτυρος
954 2463 1214 2520 Ἐλαδίου,

1123 2464 1214 2520 ἴου,
1844 2458 1932 2512 28.
1966 2457 2153 2512 Sancti
2180 2462 2434 2528 martyris
2466 2461 2657 2517 Elatlii.

173 2550 277 2606 κδ’.
313 2550 425 2621 Τῆς
464 2553 623 2620 ἁγίας
660 2555 933 2624 μάρτυρος
961 2552 1265 2618 Θεοδοσίας.

1842 2549 1935 2604 29.
1964 2550 2177 2603 Sanctae
2201 2554 2455 2621 martyris
2492 2551 2830 2611 Theodosiae.

188 2640 255 2696 λ’.
285 2643 448 2698 Δείπ.

1845 2637 1935 2693 50.
1965 2637 2119 2693 Nulla
2152 2641 2372 2696 mentio.

187 2733 290 2788 λα’.
328 2732 435 2787 Τοῦ
463 2732 621 2800 ἁγίου
650 2734 953 2788 ἀποστόλου
1002 2736 1360 2807 Ἀνδρονίκου.

1228 2737 1360 2791 ῑκου,
1837 2730 1904 2785 51
1918 2773 1930 2786 .
1965 2729 2151 2787 Sancti
2178 2734 2409 2804 apostoli
2438 2734 2762 2795 Andronici.

647 2861 801 2915 ΜΒΝ
833 2862 1129 2917 1οΥΝῘΟΣ.

2282 2859 2533 2916 ΜΕΝ518
2572 2862 2833 2921 JUNIIJS.

187 2994 258 3043 α’.
291 2986 399 3041 Τοῦ
430 2987 586 3055 ἁγίου
627 2988 934 3044 Ἰουστίνου.
1708 3048 1721 3057 Α

826 3005 934 3044 νου.
1708 3048 1744 3057 _
1852 2988 1903 3044 1.
1934 2986 2116 3057 δείδι’ιί
2143 2989 2360 3044 Justini.

182 3076 250 3149 β’.
283 3079 391 3133 Τοῦ
427 3048 582 3147 ἁγίου
620 3079 933 3151 Νικηφόρου
963 3080 1320 3150 πατριάρχου.
1702 3051 1716 3102 1

1278 3101 1320 3136 δ.
1702 3048 1746 3105 c
1852 3078 1907 3136 2.
1939 3048 2123 3133 Sancti
2155 3079 2444 3149 Nicephori
2474 3081 2812 3150 patriam-lite.

182 3172 254 3241 γ’.
286 3170 395 3227 Τοῦ
430 3173 583 3242 ἁγίου
622 3172 895 3243 μάρτυρος
926 3173 1245 3227 Λουκιανοῦ.

1138 3173 1245 3225 νοῦ.
1848 3168 1903 3224 5.
1943 3168 2125 3224 Sancti
2163 3169 2420 3238 martyris
2445 3169 2672 3224 Luciaui

176 3265 241 3319 δ’.
277 3264 384 3317 Τοῦ
419 3265 572 3332 ἁγίου
603 3265 1017 3337 Μητροφάνους.

1003 3304 1017 3316 .
1842 3264 1898 3317 4.
1929 3262 2113 3317 Sancti
2145 3261 2535 3331 Metrophanis.

185 3352 248 3409 ε’.
278 3354 439 3408 Λείπ.

1849 3354 1901 3409 5.
1930 3351 2084 3407 Nulla
2119 3355 2337 3408 mentio.

173 3443 249 3509 ς’.
284 3446 391 3498 Τοῦ
426 3446 580 3514 ἁγίου
621 3446 916 3517 Δωροθέου.

903 3485 916 3499 .
1847 3444 1900 3499 6.
1938 3444 2121 3499 Sancti
2158 3444 2437 3499 Dorotliei.

178 3533 245 3598 ζ’.
282 3534 389 3587 Τοῦ
426 3536 581 3603 ἁγίου
625 3536 904 3607 μάρτυρος
926 3536 1201 3591 Θεοδότου.

1195 3577 1201 3590 ,
1848 3538 1900 3591 7.
1936 3536 2117 3591 Sancti
2155 3540 2405 3608 martyris
2442 3539 2729 3597 Theodoti.

183 3623 259 3696 η’.
294 3626 401 3679 Τοῦ
435 3626 589 3693 ἁγίου
624 3629 903 3698 μάρτυρος
935 3628 1211 3698 Θεοδώρου
1247 3613 1533 3697 Εῦχαῖτου.

1504 3648 1533 3682 ι.
1848 3629 1903 3683 8.
1947 3627 2134 3684 Sancti
2164 3630 2416 3699 martyris
2448 3631 2718 3687 Theodori
2761 3632 3038 3687 Euciiai'a:

180 3716 250 3771 θ’.
280 3718 439 3771 Λείπ.

1842 3722 1895 3775 9.
1932 3719 2088 3775 Nulla
2110 3722 2332 3775 utentia.

179 3816 231 3862 t'.
273 3810 431 3863 Λείπ.

1850 3814 1939 3868 10.
1972 3813 2126 3868 Nulla
2155 3814 2377 3868 mentio.

181 3908 271 3953 ια’.
302 3901 423 3954 Τῶν
451 3903 765 3956 ἀποστόλων
798 3904 1224 3975 Βαρθολομαίου,
1251 3904 1342 3955 καὶ
1375 3900 1647 3973 Βαρνάϐα.

1596 3919 1647 3953 α.
1844 3906 1929 3958 ll.
1950 3905 2330 3975 Apostolorum
2358 3907 2737 3962 Bartliolomzei
2767 3916 2820 3963 et
2850 3906 3130 3969 Barnaban

183 3991 269 4061 ιβ’.
304 3994 410 4045 Τοῦ
441 3994 587 4047 ὁσίου
637 3997 970 4064 Ὀνουφρὶου.

900 4013 970 4050 ου.
1840 3998 1925 4050 12.
1958 3996 2107 4052 Beati
2151 3997 2341 4067 Onuph
2351 3998 2434 4054 rii.

183 4094 274 4155 ιγ’.
308 4089 418 4158 Τῆς
446 4090 608 4157 ἁγίας
649 4090 956 4160 ’Λκυλίνης.

922 4108 956 4154 ;.
1848 4088 1937 4141 15.
1966 4086 2178 4144 Sanctae
2199 4089 2456 4160 Acylinae.

176 4177 259 4230 ιδ’.
292 4177 398 4231 Τοῦ
437 4179 594 4245 ἁγίου
620 4183 898 4249 προφήτου
947 4179 1273 4232 Ἐλισσαίου.

1161 4179 1273 4230 ιίου.
1852 4177 1941 4229 li.
1971 4176 2153 4231 Sancti
2189 4181 2465 4246 propheta:
2498 4181 2695 4235 Elisrei.

179 4268 262 4321 ιε’.
285 4271 444 4323 Λείπ.

1848 4266 1935 4320 15.
1959 4264 2115 4319 Nulla
2142 4269 2364 4321 mentio.

175 4358 270 4423 ις’.
301 4359 407 4412 Τοῦ
435 4360 590 4426 ἁγίου
622 4361 891 4429 Τύχωνος.
1698 4375 1709 4432 ]

1698 4375 1752 4432 Ῑ)
1851 4357 1937 4410 16.
1967 4354 2149 4409 Sancti
2180 4355 2469 4426 Tychonis.

176 4450 260 4514 ιζ’.
287 4450 393 4503 Τοῦ
421 4450 574 4517 ἁγίου
599 4449 855 4519 Μανουὴλ
881 4447 970 4499 καὶ
998 4447 1104 4499 τῶν
1133 4447 1229 4499 σὺν
1250 4447 1415 4516 αὐτῷ.

1406 4488 1415 4499 .
1849 4446 1935 4499 17.
1970 4444 2155 4499 Sancti
2180 4445 2389 4500 lilanucl
2420 4459 2470 4501 et
2504 4450 2775 4502 sociorum
2804 4449 2940 4518 ejus.

173 4548 264 4611 ιη’.
285 4540 391 4592 Τοῦ
418 4541 572 4606 ἁγίου
608 4538 879 4607 μάρτυρος
911 4537 1179 4591 Λεοντίου.

1175 4579 1179 4590 .
1852 4539 1941 4593 18.
1978 4537 2162 4593 Sancti
2198 4540 2449 4606 martyris
2474 4540 2709 4593 Leontii.

173 4628 258 4682 ιϐ’.
290 4629 396 4682 Τοῦ
416 4629 569 4696 ἁγίου
604 4628 869 4696 Ζωσίμου.

1850 4630 1937 4686 19.
1975 4629 2160 4685 Sancti
2199 4630 2422 4685 Zosimi.

173 4726 242 4773 κ’.
278 4720 439 4773 Acin.

1842 4721 1933 4775 20.
1970 4720 2127 4775 Nulla
2156 4723 2377 4777 mentio.

175 4807 280 4860 κα⁶.
317 4808 421 4861 Τοῦ
454 4810 609 4876 ἁγίου
640 4810 913 4879 μάρτυρος
956 4809 1261 4862 Ἰου>.ι;ινοῦ.

1156 4809 1261 4861 νοῦ.
1845 4812 1936 4867 21.
1975 4811 2158 4868 Sancti
2193 4814 2445 4883 martyris
2468 4810 2690 4865 Juliani.

173 4900 279 4970 κβ’.
312 4900 416 4953 Τοῦ
439 4903 596 4968 ἁγίου
634 4903 906 4971 μάρτυρος
932 4900 1213 4954 Εὐσεὸίου.

1183 4918 1213 4952 ὀ
1849 4906 1939 4960 22.
1979 4905 2164 4960 Sancti
2203 4905 2454 4975 martyris
2484 4903 2717 4958 Eusebii.

172 4997 277 5057 κγ’.
304 4992 412 5059 Τῆς
444 4993 605 5058 ἁγίας
630 4992 906 5063 μάρτυρος
940 4990 1318 5060 ’Δγριππίνας.

1303 5029 1318 5044 ο
1848 4998 1941 5052 25.
1981 4997 2193 5053 Sancta:
2228 5000 2478 5071 martyris
2509 4998 2836 5069 Agrippina.

172 5082 268 5134 κδ’.
294 5082 366 5133 Τὸ
395 5084 636 5149 γενέσιον
658 5083 751 5136 τοῦ
783 5083 1113 5154 Προδρόμου.

1109 5122 1113 5134 ι
1844 5091 1937 5145 28.
1969 5089 2235 5146 Nativitas
2265 5092 2643 5161 praeursoris.

172 5172 272 5230 κε’.
308 5175 418 5246 Τῆς
443 5176 604 5243 ἁγίας
642 5174 969 5246 Φεδρωνίας.

1844 5181 1938 5235 25.
1973 5180 2184 5236 Sancta:
2214 5179 2511 5235 Febronire.

96 5312 99 5313 ,
172 5271 290 5330 κς’.
324 5266 430 5318 T06
458 5266 608 5320 ὁσίου
639 5265 895 5336 Σαμψών.

873 5287 895 5318 ι.
1843 5270 1934 5324 26.
1967 5269 2115 5325 Beati
2153 5270 2407 5325 Samson.

169 5356 272 5420 κζ’.
306 5358 465 5410 Λείπ.

1844 5362 1934 5416 27.
1966 5362 2124 5417 Nulla
2164 5364 2388 5418 mentio.

168 5454 276 5517 κη’.
308 5448 415 5500 Τοῦ
438 5449 592 5515 ἁγίου
624 5449 805 5519 Κύρου
833 5452 926 5503 καὶ
966 5449 1233 5505 Ἰωάννου.

1116 5468 1233 5505 πνου.
1845 5453 1936 5509 28.
1967 5453 2151 5510 Sancti
2182 5454 2306 5526 Cyri
2346 5466 2399 5509 et
2423 5454 2650 5512 Joannis

171 5536 274 5591 10'.
299 5538 419 5591 Τῶν
446 5539 618 5606 ἁγίων
647 5541 959 5595 ἀποστόλων
987 5540 1192 5612 Πέτρου
1218 5544 1307 5596 καί
1327 5543 1557 5598 Παύλου.

1843 5546 1937 5600 29.
1971 5544 2297 5600 Sanctorum
2330 5550 2699 5617 apostolorum
2734 5548 2875 5603 Petri
2897 5556 2947 5601 et
2971 5545 3142 5600 l‘auii.

170 5628 235 5683 λ’.
262 5632 382 5683 Τῶν
412 5632 474 5701 ιβ’
504 5632 835 5697 ἀποστόλων.

1838 5640 1928 5692 50.
1962 5638 2255 5694 Duodecim
2286 5641 2659 5709 apostolorum

421 5727 693 5787 PATRHL.
739 5730 853 5786 (in.
898 5726 1055 5789 CVI.
2834 5732 2910 5791 1ιὲ
