3884 6208
108 285 231 347 1329
1250 279 1751 342 SYNAXARIUM
1792 279 2184 338 ALTERUM.
3205 273 3341 329 13Ἵο

165 394 268 461 κς’.
302 394 369 448 ’11
398 394 619 460 σύναξις
644 396 743 465 τῆς
776 394 1080 464 ὑπεραγίας
1113 396 1398 450 Θεοτὸκου.
1680 396 1699 451 ί

1680 396 1726 452 Α
1822 395 1910 448 26.
1941 391 2300 463 Congrcgalio
2327 389 2687 446 sanctissima!
2710 388 2974 457 Deiparte.

166 489 262 552 κζ’.
301 489 406 543 Τοῦ
447 489 602 555 ἁγίου
650 489 1118 559 πρεοτομάρτυρος
1171 491 1467 559 Στεφάνου.
1514 492 1654 544 Σάϐ-

1363 508 1467 543 νου.
1514 492 1654 544 Σάϐ-
1831 486 1920 538 27.
1959 483 2142 538 Sancti
2175 480 2589 552 protomartyris
2613 475 2897 547 Stephani.

97 582 249 636 δατον
297 582 436 650 μετὰ
464 580 564 649 τὴν
609 578 848 649 Χριστοῦ
891 579 1165 651 γέννησιν.
1535 641 1545 650 ,

1535 641 1545 650 ⁸
1832 576 2130 630 Sahhattun
2168 583 2291 644 post
2319 573 2522 629 Christi
2548 571 2913 626 nativitatem.

167 671 408 741 Κυριακὴ
467 669 603 739 μετὰ
636 671 736 739 τὴν
759 670 998 740 Χριστοῦ
1032 672 1308 742 γέννησιν.

1832 667 2111 721 Dominica
2141 676 2261 735 post
2289 665 2491 720 Christi
2527 662 2889 717 nativitatem.

168 762 260 813 ιϐ’.
291 760 411 813 Τῶν
438 761 610 828 ἁγίων
637 760 867 827 νηπίων.

1831 759 1920 814 29.
1950 760 2273 813 Sanctorum
2305 757 2683 827 parvulorum.

164 849 256 904 λα’.
284 851 392 921 Τῆς
435 852 588 912 ὁσίας
628 849 882 918 Μελὰνης
906 852 1002 920 τῆς
1045 853 1342 922 Ῥωμαίοις.

1179 857 1342 917 ιαίας.
1831 851 1920 905 51.
1955 851 2129 904 Beata:
2156 849 2401 903 Melaniae
2430 847 2713 901 Romana).

545 958 699 1011 MilN
759 960 1245 1018 ΙΑΝΝΟΥΑΡΙΟΣ.

2191 958 2445 1014 MENSIS
2497 953 2910 1013 JANUARIUS.

165 1056 230 1103 α’.
272 1051 336 1102 Ἡ
384 1050 525 1102 κατὰ
579 1050 759 1121 σάρκα
811 1054 1082 1123 περιτομὴ
1127 1054 1221 1105 τοῦ
1266 1057 1469 1124 Κυρίου
1500 1058 1659 1125 ἡμῶν

1835 1078 1883 1129 1.
1916 1073 2275 1130 Circumcisio
2302 1072 2599 1126 secundum
2640 1083 2860 1125 carnem
2894 1061 3107 1119 Domini
3153 1058 3325 1115 nostri

114 1140 275 1209 Ἰησοῦ
310 1140 570 1209 Χριστοῦ,
629 1145 725 1197 καὶ
773 1147 963 1215 μνήμη
991 1146 1084 1198 τοῦ
1127 1148 1183 1199 ἐν
1227 1148 1402 1215 ἁγίοις
1451 1150 1648 1219 πατρὸς

1796 1185 1886 1223 esu
1920 1167 2143 1229 Christi,
2174 1175 2228 1220 et
2270 1161 2719 1220 commemoratio
2749 1158 2922 1215 sancti
2961 1153 3129 1227 patris
3157 1152 3330 1207 nostri

100 1230 250 1301 ἡμῶν
279 1231 558 1284 Βασιλείου
585 1234 679 1287 τοῦ
719 1237 979 1303 μεγάλου.

649 1234 979 1327 ῦᾲμεγάλου-
1759 1258 1943 1313 Basilii
1976 1259 2183 1327 magni.

171 1317 232 1389 β’.
267 1319 371 1373 Τοῦ
402 1323 557 1389 ἁγίου
581 1324 904 1397 Σιλόέστρου
937 1328 1094 1381 πὰπα
1135 1329 1374 1400 Ῥώμης.

1332 1348 1374 1391 ξ·
1830 1349 1885 1401 2.
1921 1317 2111 1401 Sancti
2141 1344 2400 1413 Sylvestri
2437 1358 2588 1412 papa:
2612 1340 2866 1394 Romani.

167 1408 231 1477 γ’.
278 1413 339 1464 Ἡ
372 1413 591 1480 σύναξις
619 1415 725 1468 τῶν
756 1417 928 1485 ἁγίων
967 1418 1007 1471 ο’
1041 1421 1376 1476 ἀποστόλων.

1829 1441 1882 1494 3.
1916 1408 2277 1508 Congrega-tio
2322 1408 2637 1490 sanctorum
2670 1430 3021 1501 septuaginta
3063 1425 3336 1496 aposton

1761 1544 1904 1584 rum.

167 1592 437 1649 Σάϐϐατον
469 1598 575 1667 πρὸ
601 1598 709 1651 τῶν
730 1599 948 1655 Φώτων.

1832 1617 2129 1672 Sabbatum
2155 1624 2280 1670 ante
2300 1614 2493 1668 Luces.

168 1684 414 1757 Κυριακὴ
439 1689 545 1758 πρὸ
569 1690 676 1744 τῶν
702 1692 918 1746 Φώτων.
1691 1724 1702 1777 ι

1691 1724 1729 1777 Β
1827 1708 2109 1763 Dominica
2132 1717 2257 1763 ante
2271 1708 2467 1762 Luces.

175 1775 234 1830 ε’.
262 1779 336 1847 Τῇ
369 1785 662 1851 παραμονῇ
692 1783 799 1835 τῶν
821 1783 1037 1838 Φώτων.
1693 1775 1709 1777 ’

1840 1801 1892 1855 5.
1925 1802 1981 1853 In
2012 1801 2419 1869 exspectatione
2446 1799 2699 1852 Lucium.

168 1867 244 1933 ς’.
273 1868 353 1920 Τὰ
379 1866 511 1935 ἁγια
537 1869 831 1937 Θεοφάνια.

1838 1893 1892 1945 6.
1923 1866 2126 1945 Sancta
2146 1890 2239 1945 Dei
2271 1889 2672 1944 manifestatio.

163 1958 224 2011 θ’.
255 1957 357 2010 Τοῦ
394 1959 547 2026 ἁγίου
582 1960 858 2032 μάρτυρος
887 1963 1245 2018 Πολυεύκτου.

1195 1983 1245 2017 υ·
1838 1971 1889 2035 9.
1921 1981 2107 2034 Sancti
2141 1982 2396 2049 martyris
2430 1977 2728 2050 Polyeuct't.

169 2054 220 2103 t'.
279 2048 383 2101 Τοῦ
428 2051 494 2115 ,ὲν
529 2050 706 2116 ἁγίοις
757 2052 959 2123 πατρὸς
1011 2055 1171 2124 ἡμῶν
1214 2056 1519 2129 Γρηγορίου
1554 2061 1660 2115 τοῦ

1598 2061 1660 2115 οὗ
1841 2073 1927 2125 10.
1964 2072 2148 2127 Sancti
2182 2048 2350 2141 patris
2386 2048 2555 2127 nosui
2591 2070 2842 2140 Gregorii
2875 2068 3130 2140 Nysscui.

93 2143 332 2210 Νύσσης.

167 2241 253 2293 ια’.
280 2234 385 2287 Τοῦ
414 2235 569 2303 ἁγίου
597 2237 880 2291 Θεοδοσίου
902 2238 996 2291 τοῦ
1021 2240 1419 2311 κοινοόιάρχὸυ.

1379 2262 1419 2299 ³·
1839 2259 1861 2310 1
1880 2258 1924 2310 1.
1961 2255 2145 2309 Sancti
2172 2255 2461 2309 Theodosii
2492 2252 2913 2308 crenobiarchze.

174 2322 252 2378 ιε’.
287 2324 392 2375 Τοῦ
422 2324 570 2377 ὁσίου
615 2327 861 2381 Ἰωάννου
894 2329 989 2383 τοῦ
1013 2330 1326 2387 καλυσίτου.

1124 2330 1326 2387 υσίτου.
1842 2349 1927 2402 15.
1963 2348 2110 2403 Beati
2140 2346 2367 2400 Joannis
2391 2345 2658 2416 calybitw.

171 2410 261 2476 ις’.
303 2413 367 2465 Ἡ
392 2415 758 2484 προσκύνησις
779 2419 875 2485 τῆς
895 2420 1082 2486 τιμίας
1103 2421 1350 2487 ἁλύσεως
1374 2424 1466 2478 τοῦ
1501 2428 1658 2494 ἁγίου

1842 2437 1929 2490 16.
1960 2437 2220 2491 Adoratio
2250 2410 2570 2492 veneranda:
2599 2444 2808 2489 catenae
2834 2432 3011 2487 sancti
3042 2430 3187 2487 Petri
3213 2447 3356 2504 apo.

96 2503 391 2556 ἀποστόλου
429 2505 659 2576 Πέτρου.
1771 2529 1918 2585 stoli.

172 2593 255 2659 ιζ’.
283 2594 389 2649 Τοῦ
420 2597 568 2649 ὁσίου
599 2598 695 2650 καὶ
729 2598 988 2669 θεοφόρου
1017 2603 1225 2672 πατρὸς
1249 2606 1407 2675 ἡμῶν
1465 2610 1667 2663 Ἀντω-

1842 2618 1927 2672 17.
1960 2618 2109 2673 Beati
2140 2626 2193 2673 et
2223 2618 2511 2688 theophori
2555 2616 2725 2688 patris
2772 2614 2947 2672 nostri
2976 2615 3197 2671 Antonii
3230 2630 3354 2670 ma-

98 2683 211 2736 νίου
241 2683 333 2736 τοῦ
367 2684 624 2754 μεγάλου.
1770 2710 1882 2779 gni.

174 2776 413 2867 mir-Trin;
435 2777 491 2828 ὲν
524 2776 701 2844 ἁγίοις
727 2779 979 2850 πατέρων
1012 2783 1169 2853 ήμῶν
1218 2785 1536 2840 Ἀθανασίου
1572 2792 1665 2843 καὶ

1844 2800 1929 2853 18.
1978 2799 2300 2854 Sanctorum
2348 2808 2661 2854 nostrorum
2719 2806 2935 2867 patrum
2971 2795 3255 2851 Athanasii
3293 2802 3349 2850 et

98 2860 390 2929 Κυρίλλου.

474 2953 486 2961 _
737 2955 751 2961 Α
858 2960 866 2961 ί
939 2957 959 2961 _
1140 2960 1147 2961 ί
1772 2891 1988 2961 Cyrilli.

170 2947 239 3004 κ’.
263 2952 370 3005 Τοῦ
401 2953 550 3006 ὁσίου
586 2955 794 3026 πατρὸς
844 2957 999 3027 ήμῶν
1051 2960 1324 3031 Εὑδυμίου
1357 2966 1450 3019 τοῦ
1496 2971 1630 3037 μεγὰ

96 3040 212 3092 λου.

1538 2971 1669 3037 εγά-
1824 2947 1931 3035 ⁸20.
1963 2947 2108 3035 Beati
2135 2980 2303 3051 patris
2326 2979 2528 3035 nostris
2559 2979 2835 3050 Euthymii
2864 2979 3068 3049 magni.

1697 3062 1738 3092 τ’

130 3056 212 3095 ου.
1697 3062 1739 3120 C

174 3138 279 3187 ια’.
315 3133 421 3187 Τοῦ
454 3134 599 3188 ὁσίου
619 3139 825 3208 πατρὸς
852 3142 1009 3211 ἡμῶν
1046 3145 1300 3216 Μαξίμου
1337 3148 1430 3202 τοῦ
1474 3151 1669 3220 ὁμολο-

1630 3169 1669 3205 δ-
1845 3160 1934 3215 21.
1965 3160 2113 3215 Beati
2144 3162 2315 3231 patris
2347 3162 2518 3217 nostri
2550 3160 2773 3216 Maximi
2802 3160 3164 3217 confessoris.

100 3244 169 3297 γη
176 3244 265 3279 του
275 3266 289 3280 .

174 3325 279 3384 κγ’.
336 3319 443 3373 Τοῦ
495 3320 652 3389 ἁγίου
734 3322 1136 3398 ίερομάρτυρος
1187 3331 1510 3403 Κλήμεντος
1580 3338 1674 3389 καὶ

1842 3328 1935 3381 25.
1967 3325 2148 3383 Sancti
2182 3331 2599 3399 sacromarlyris
2655 3330 2953 3385 Clementis
2985 3338 3041 3385 et
3073 3327 3347 3400 Agathan-

110 3408 540 3478 Ἀγαθαγγέλου.

368 3413 540 3478 γέλου.
1776 3421 1902 3490 geli.

170 3498 270 3552 κε’.
304 3500 410 3553 Τοῦ
451 3505 508 3554 έν
555 3504 732 3571 ἁγίοις
777 3508 987 3577 πατρὸς
1027 3511 1185 3581 ⁴ἡμῶν
1227 3514 1529 3586 Γρηγορίου
1574 3518 1668 3571 τοῦ

1594 3518 1668 3571 τοῦ
1843 3510 1934 3565 25.
1964 3512 2149 3566 Sancti
2175 3512 2345 3582 patris
2378 3515 2549 3569 nostri
2577 3514 2823 3586 Gregorii
2844 3513 3128 3586 Theologi.

94 3588 380 3657 Θεολὸγου.

174 3680 279 3745 κζ’.
316 3685 380 3736 Ἡ
408 3687 706 3759 ἁνακομιδὴ
735 3691 828 3743 τοῦ
870 3692 1123 3765 λειψάνου
1151 3698 1245 3751 τοῦ
1278 3700 1436 3767 ἁγίου
1486 3703 1671 3757 Ἰωάν-

1846 3695 1936 3748 27.
1966 3694 2279 3751 Translatio
2322 3697 2681 3767 reliquiarum
2718 3700 2893 3755 sancti
2924 3698 3155 3756 Joannis
3182 3700 3349 3773 Chry-

91 3790 190 3826 νου
219 3774 314 3827 τοῦ
352 3778 764 3849 Χρυσοστὸμου.

487 3782 764 3849 τοστὸμου.
1775 3786 2021 3837 sostorni.

168 3866 271 3920 λα’.
306 3868 427 3921 Τῶν
452 3870 626 3936 ἁγίων
652 3874 978 3946 ἁναργύρων
1019 3879 1200 3949 Κύρου
1262 3882 1356 3935 καὶ
1402 3883 1667 3941 Ἰωάννου.

1845 3874 1933 3927 31.
1969 3873 2296 3930 Sanctorum
2332 3891 2726 3947 anargyrorum
2758 3877 2883 3950 Cyri
2915 3890 2972 3935 et
2993 3880 3247 3937 Joannis.

532 3981 689 4033 MHN
725 3982 1218 4041 ΦΕΒΡΟΥΑΡΙΟΣ.

2172 3984 2425 4041 MENSIS
2474 3986 2968 4061 FEBRUARIUS.,

160 4090 230 4139 α’.
269 4084 376 4137 Τοῦ
404 4086 560 4154 ἁγίου
593 4090 829 4158 μεγάλου
859 4096 1133 4165 μάρτυρος
1170 4097 1486 4165 Τρύφωνος.

1462 4119 1486 4155 ς,
1847 4093 1897 4145 1.
1937 4093 2119 4149 Sancti
2154 4097 2334 4165 magni
2378 4099 2633 4169 martyris
2663 4098 2996 4171 Tryphonis.

167 4175 233 4245 β’.
282 4178 345 4230 Ἦ
402 4180 696 4251 ὑπαπαντὴ
738 4183 830 4234 τοῦ
863 4185 1066 4254 Κυρίου
1126 4188 1284 4256 ἡμῶν
1326 4190 1501 4259 Ἰησοῦ
1531 4193 1669 4263 Χρι-

1628 4211 1669 4245 ._-
1844 4180 1899 4232 2.
1934 4179 2290 4238 Praesentatio
2318 4185 2531 4239 Domini
2565 4190 2735 4242 nostri
2769 4190 2901 4244 Jesu
2933 4190 3162 4246 Christi.

89 4285 245 4323 στου.

164 4365 236 4427 γ’.
270 4359 378 4411 Τοῦ
412 4360 569 4428 ἁγίου
602 4362 695 4414 καὶ
716 4362 925 4415 δικαίου
958 4366 1181 4436 Συμεὼν
1207 4368 1300 4422 τοῦ
1328 4369 1596 4441 Θεοδὸχου.

1711 4399 1750 4455 D
1851 4367 1903 4420 5.
1937 4367 2123 4422 Sancti
2148 4378 2200 4423 et
2225 4370 2355 4438 justi
2383 4368 2656 4425 Simeonis
2686 4372 2780 4440 qui
2818 4373 2984 4427 Deum
3015 4377 3245 4445 accepit,

160 4459 235 4518 η’.
275 4450 384 4505 Τοῦ
413 4454 571 4520 ἁγίου
629 4455 870 4523 μεγάλου
926 4457 1205 4527 μάρτυρος
1238 4461 1519 4534 Θεοδώρου
1572 4467 1668 4519 τοῦ

1848 4459 1899 4511 8.
1949 4458 2133 4513 Sancti
2199 4462 2380 4532 magni
2434 4462 2689 4531 martyris
2746 4462 3020 4519 Theodori
3080 4468 3353 4524 exercitus

90 4543 477 4613 στρατηλάτου
488 4586 502 4597 .

500 4588 502 4595 ,
1772 4551 2034 4621 praefecti.

160 4635 247 4697 ιζ’.
286 4636 392 4689 Τοῦ
438 4637 597 4704 ἁγίου
656 4640 891 4708 μεγάλου
933 4641 1211 4714 μάρτυρος
1252 4646 1533 4721 Θεοδώρου
1574 4649 1668 4704 τοῦ

1850 4644 1932 4698 17.
1971 4642 2154 4700 Sancti
2187 4646 2364 4716 magni
2397 4646 2653 4717 martyris
2682 4642 2955 4701 Theodori
2982 4647 3233 4707 Teronis.

86 4726 170 4795 Τή
180 4743 373 4795 ρωνος.

160 4818 266 4873 κδ’.
317 4820 380 4873 Ἦ
425 4821 640 4895 εὕρεσις
663 4826 762 4897 τῆς
791 4830 979 4897 τιμίας
1010 4830 1249 4902 κεφαλῆς
1280 4832 1374 4886 τοῦ
1425 4834 1669 4905 Προδρό-

1842 4826 1932 4882 24.
1963 4828 2212 4885 Iuventio
2244 4830 2540 4885 venerandi
2566 4831 2761 4901 capitis
2787 4832 3213 4895 Pracurserisn

86 4927 220 4981 μου.
527 4959 529 4961 .

622 5007 779 5059 MHN
807 5009 1130 5064 ΜΛΡΤΙΟΣ.

2256 5003 2503 5062 ΜΕΝΞΙΞ
2537 5004 2892 5062 MAIiTIUS.‘

162 5090 232 5145 0’.
269 5093 393 5147 Τῶν
418 5095 585 5163 ἁγίων
622 5100 872 5167 μεγάλων
922 5104 1217 5173 μαρτύρων
1251 5103 1305 5175 μ’
1339 5104 1448 5158 τῶν
1486 5105 1545 5158 ὲν
1573 5104 1668 5157 Σε-

1842 5094 1899 5146 9.
1932 5094 2260 5149 Sanctorum
2300 5112 2621 5169 magnorum
2655 5109 2959 5173 martyrum
2990 5100 3346 5173 quadraginta

78 5182 343 5256 ϐαστείᾳ.

1773 5186 1826 5241 in
1856 5185 2125 5242 Sebastia.

153 5276 261 5333 κε’.
314 5278 373 5331 '0
414 5279 808 5351 εῦαγγελισμδς
841 5282 937 5350 τῆς
970 5283 1275 5352 ὑπεραγίας
1314 5284 1605 5342 Θεοτόκου.

1469 5286 1605 5342 ixou.
1840 5280 1932 5333 25.
1962 5282 2320 5337 Annuntiatio
2349 5284 2715 5338 sanctissimae
2738 5283 3003 5355 Deipam.

594 5392 747 5444 MHN
784 5392 1173 5446 ΑΠΡΙΛΛΙΟΣ.

2262 5390 2516 5446 MENSIS
2556 5392 2850 5456 APliiLlS.

151 5505 230 5552 α’.
288 5499 403 5569 Τῆς
429 5502 581 5563 ὁσίας
610 5499 831 5570 Μαρίας
861 5501 959 5570 τῆς
984 5500 1313 5569 Αἰγυπτίας.

1179 5500 1313 5563 τίας.
1846 5502 1895 5555 1.
1928 5501 2103 5556 Beata:
2137 5500 2320 5556 Maria:
2356 5501 2713 5574 IEgyptiacae.

153 5584 267 5656 κβ¹.
316 5589 423 5643 Τοῦ
457 5589 605 5644 ὁσίου
643 5590 847 5660 πατρὸς
897 5589 1055 5661 ἡμῶν
1096 5590 1373 5662 Θεοδώρου
1428 5590 1521 5645 τοῦ
1564 5593 1667 5654 Σῦς

1571 5593 1667 5654 Σῦς
1840 5590 1930 5647 22.
1961 5591 2105 5648 Beati
2136 5593 2302 5663 patris
2334 5592 2509 5655 nostri
2540 5591 2813 5653 Theodori
2840 5593 3105 5665 Syceotm.

73 5678 319 5741 κεώτου.
