3982 6214
150 336 331 393 1333-

231 440 543 508 Εὖαγγέλια
600 442 677 503 εἰς
720 442 939 511 μνήμας
969 442 1258 513 διαφόρους
1283 445 1473 511 ἁγίων.

231 628 326 689 Εἰς
343 626 439 697 τὴν
463 627 764 695 ὑπεραγίαν
790 626 1069 681 Θεοτόκον.
1096 630 1182 691 Et;
1201 629 1451 696 ὲγκαίνια
1473 628 1622 682 ναοῦ.
1642 630 1735 692 Εἰς

949 333 1309 394 FORMULA
1354 334 1907 397 ABJURATIONIS
1945 338 2591 401 ATHINGANORUM.

3280 336 3416 402 I334

1763 454 1803 510 Δ
1904 451 2192 521 Evangelia
2241 450 2293 504 in
2347 448 2893 505 commemorationes
2940 454 3257 505 sanctorum
3315 449 3402 503 di-

1836 553 2045 593 versas.

1906 628 1961 682 In
1992 630 2393 685 sanctissimam
2421 631 2727 700 Deiparam.
2760 629 2816 684 In
2842 629 3235 684 dedicationem
3268 638 3409 683 tem-

148 718 506 787 ἀσωμάτους.
544 719 636 779 Εἰς
676 719 766 771 τὸν
825 718 1156 788 Πρόδρομον.
1192 720 1284 782 Εἰς
1310 724 1611 789 προφήτας.
1642 722 1731 784 Et;

1833 721 1927 790 pli.
1964 722 2017 774 In
2052 722 2442 791 incorporales.
2470 720 2526 775 In
2550 721 2971 776 Praecursorem.
3004 719 3060 773 In
3093 720 3407 789 prophetas.

148 810 513 871 ἀποστόλους.
542 810 633 872 Εἰς
661 810 964 880 μάρτυρας.
993 812 1083 872 Εἰς
1111 811 1204 863 ἕνα
1234 812 1504 883 μάρτυρα.
1527 813 1618 875 Ei;
1634 830 1731 879 γυ-

1834 812 1890 864 ln
1934 813 2229 881 apostolos.
2270 813 2327 867 In
2362 826 2651 883 martyres.
2694 814 2747 867 In
2781 829 2948 867 unum
3000 823 3313 882 martyrem.
3351 813 3407 865 In

152 904 351 961 ναῖκας
388 901 692 971 μάρτυρας.
728 901 821 963 Et;
855 903 1132 971 ἱεράρχας.
1165 903 1257 963 Ei;
1305 902 1726 973 ίερομάρτυρας.

151 996 252 1056 Εἰς
272 995 474 1057 ὁσίους.
511 995 606 1056 Εἰς
655 994 1081 1064 ὁσιομάρτυρας.
1112 996 1206 1057 Εἰς
1231 995 1384 1055 ὀπίας
1434 996 1724 1060 γυναῖκας.

152 1085 250 1146 Ei;
316 1085 517 1151 σχῆμα.
579 1083 673 1145 Εἰς
727 1082 995 1145 ἀσθενεῖς.
1061 1084 1153 1146 Ei;
1210 1082 1595 1152 κοιμηθέντας.
1636 1085 1729 1146 Et;

152 1174 404 1241 σεισμόν.
452 1174 542 1233 Ei:
589 1174 939 1244 ὲμπρησμόν.
974 1174 1068 1236 El;
1123 1174 1447 1244 ἀνομὸρίαν.
1484 1175 1577 1237 Εἰς
1610 1175 1729 1226 ἑπι-

153 1263 361 1333 ξρομὴν
411 1263 604 1316 ἐθνῶν.
642 1265 735 1325 Εἰς
769 1265 1011 1316 ἐπινίκια
1043 1264 1333 1332 βασιλέων.
1381 1265 1503 1318 Ἐπὶ
1545 1264 1731 1334 ἐξομο-

154 1353 521 1421 λογουμένων.
548 1351 642 1416 Εἰς
678 1356 859 1407 πᾶσαν
890 1353 1129 1423 αἴτησιν.

1837 903 2094 957 mulieres
2121 914 2408 974 martyres.
2447 904 2841 977 Inponliﬁces.
2868 904 2927 957 In
2959 914 3405 973 sacromartyres.

1839 992 1898 1046 In
1928 993 2133 1047 beatos.
2173 994 2229 1047 ln
2271 998 2460 1050 beatos
2505 1007 2791 1068 martyres.
2825 996 2880 1049 ln
2914 997 3101 1052 beatas
3131 997 3407 1051 mulir-res.

1829 1080 1884 1133 In
1913 1083 2187 1136 vestitum.
2216 1084 2272 1136 in
2305 1083 2572 1139 infirmos.
2606 1084 2665 1139 In
2700 1085 2797 1140 hos
2827 1086 2919 1155 qui
2951 1085 3316 1141 dormierunt.
3346 1086 3402 1139 In

1830 1180 1989 1225 terrae.
2011 1180 2242 1227 motum.
2273 1170 2330 1227 In
2372 1174 2706 1228 incendium.
2736 1174 2792 1227 In
2833 1176 3096 1244 pluviam.
3124 1175 3181 1229 In
3220 1176 3406 1228 incur-

1830 1262 2039 1316 sionem
2074 1261 2335 1330 gentium.
2368 1261 2427 1315 In
2458 1264 2711 1319 victorias
2740 1264 3154 1333 imperatorum.
3184 1265 3240 1318 In
3274 1280 3408 1319 con-

1831 1353 2134 1409 ﬁtentibus.
2164 1352 2221 1406 ln
2254 1368 2469 1408 omnem
2505 1354 2984 1424 supplicationem.

471 1706 1031 1797 FOBMULA
1107 1710 1394 1799 ABJU
1424 1709 1992 1802 RATIONIS
2062 1698 3079 1809 ATHINGANOBUM.

1430 1902 1655 1963 (Battum!
1698 1900 1784 1950 lib.
1813 1902 1896 1950 cit.
1924 1915 1973 1964 p.
1996 1900 2125 1963 420.)

156 2204 356 2280 'Oazaic
373 2200 509 2280 13h
550 2200 827 2280 6é‘z§0'0m
885 2198 1179 2280 τοὺςζὰπῤ
1231 2199 1586 2280 Ἀθιγγιξνιρν
1636 2198 1713 2280 τῇ

1818 2199 2091 2280 Quomodo
2130 2204 2356 2280 debeant
2386 2206 2548 2280 recipi
2569 2208 2662 2276 qui
2700 2208 2767 2280 ab_
2807 2208 3121 2278 Athinganis
3150 2212 3221 2264 ad
3243 2213 3407 2280 ﬁdem

223 2262 519 2336 ὀρθὸδῖξῴ
555 2262 755 2323 πίόττει
791 2262 1333 2340 προσερχομένους,
1355 2262 1461 2323 ὀιαὶ
1494 2262 1716 2334 ,βαπτίέ

224 2341 423 2400 ζεσθαι
452 2340 814 2409 μέλλοντας.

237 2450 293 2502 '0
323 2448 474 2501 δεῖνα
503 2447 610 2501 ἀπὸ
635 2447 1123 2516 Μελχισεδεκιτῶν,
1170 2447 1283 2500 τῶν
1313 2447 1407 2500 καὶ
1441 2446 1722 2499 Θεοδοτια-

152 2542 284 2601 νων,
333 2537 429 2589 καὶ
467 2536 802 2605 Ἀθιγγάνων
829 2536 1073 2606 προσιὼν
1103 2539 1169 2607 τῇ
1207 2536 1387 2589 πίστει
1426 2537 1536 2589 τῶν
1584 2539 1718 2607 Χρι-

157 2629 409 2689 στιανῶν,
464 2628 523 2680 οὐ
555 2628 642 2681 διά
667 2645 787 2681 τινα
828 2628 970 2697 βίαν,
1016 2629 1048 2697 ἢ
1085 2629 1352 2699 ἀνάγκην,
1382 2630 1413 2698 ἢ
1450 2629 1636 2696 φόϐον,
1681 2630 1712 2698 ἢ

155 2719 441 2787 ἐπήρειαν,
474 2718 506 2788 ἢ
550 2718 760 2779 πενίαν,
802 2718 833 2787 ἥ
880 2718 967 2771 διὰ
1007 2719 1263 2789 χρέω;,ἢ
1315 2718 1566 2788 ἔγκλημα
1598 2720 1720 2772 κατ’

152 2808 290 2875 ἐμοῦ
326 2806 664 2876 κινούμενον,
703 2808 734 2879 ἢ
784 2806 871 2859 διὰ
901 2808 1084 2877 ἕτερόν
1130 2826 1249 2861 τινα
1282 2809 1481 2877 τρόπον
1512 2809 1721 2876 ἀπηγο-

153 2899 440 2969 ρευμένον,
474 2898 587 2950 ἀλλ’
618 2898 692 2961 ὠς
724 2899 782 2963 ἐξ
830 2899 956 2966 ὅλης
999 2900 1197 2969 ψυχῆς,
1250 2900 1342 2953 καὶ
1370 2900 1599 2970 καρδίας
1630 2903 1721 2953 τὸν

150 2990 388 3058 Χριστὸν
417 2989 740 3058 ἀγαπώσης,
773 2991 863 3042 καὶ
893 2991 991 3059 τὴν
1020 2990 1185 3042 αὑτοῦ
1217 2993 1417 3054 πίστιν,
1450 2991 1724 3060 ἀναθεμα-

150 3080 287 3144 τίζω
313 3084 495 3134 πᾶσαν
519 3082 616 3151 τὴν
642 3081 751 3135 τῶν
768 3082 1257 3149 Μελχισεδεκιτῶν,
1288 3084 1407 3153 ἦτοι
1431 3084 1720 3136 Θεοδοτια-

150 3172 261 3224 νῶν
314 3172 409 3225 καὶ
447 3172 781 3239 Ἀθιγγάνων
811 3173 1040 3243 αἵρεσιν,
1074 3174 1169 3225 καὶ
1203 3174 1327 3236 τοὺς
1362 3176 1721 3246 αἱρεσιάρχας

146 3262 419 3326 ἅπαντας,
465 3264 740 3328 Θεόδοτον,
781 3269 944 3334 φημὶ,
1018 3265 1109 3317 τὸν
1146 3266 1376 3331 Σκυτέα,
1438 3268 1531 3319 καὶ
1591 3268 1716 3330 τοὺς

145 3352 317 3405 αὑτοῦ
350 3353 597 3422 μαθητὰς
641 3354 1059 3425 ’Δσκληπιάδην,
1108 3359 1200 3409 καὶ
1238 3357 1582 3427 Ἐρμόιριλον,
1625 3360 1719 3411 καὶ

161 3444 576 3515 Ἀπολλωνίδην,
617 3445 713 3497 καὶ
760 3445 1013 3499 Θεόδοτον
1046 3447 1137 3498 τὸν
1163 3447 1536 3517 Τραπεςίτην,
1564 3451 1717 3513 ὅστις

1967 2273 2317 2327 orthodoxam
2355 2273 2631 2338 accedunt,
2662 2287 2713 2331 et
2750 2273 3011 2346 baptizari
3054 2273 3258 2335 debent.

1896 2448 2111 2503 Talis...
2157 2465 2187 2503 a
2240 2449 2714 2515 Melchisedecitis,
2768 2463 2823 2508 et
2881 2451 3294 2522 Theodotianis,
3345 2468 3401 2512 et

1824 2538 2149 2607 Athinganis
2190 2541 2455 2595 accedens
2496 2541 2563 2595 ad
2603 2543 2758 2597 fidem
2790 2543 3253 2611 Christianorum,
3288 2563 3397 2601 non

1826 2631 1897 2683 ob
1926 2630 2216 2698 quamlibet
2253 2632 2382 2697 vim,
2405 2641 2500 2685 aut
2538 2634 2936 2700 neCessitatem,
2985 2645 3080 2689 aut
3122 2639 3395 2700 timorem,

1827 2727 1920 2771 aut
1948 2718 2143 2783 minas,
2181 2728 2274 2773 aut
2320 2730 2718 2790 paupertatem,
2759 2734 2854 2778 aut
2892 2726 2963 2779 ob
3002 2726 3265 2792 debitum,
3315 2729 3398 2783 vel

1828 2808 2228 2862 accusationem
2290 2820 2476 2864 contra
2538 2827 2624 2866 me
2690 2813 2916 2878 illatam,
2974 2826 3069 2871 aut
3118 2818 3188 2872 ob
3237 2820 3396 2874 aliam

1827 2897 2123 2966 quamlibet
2177 2897 2447 2952 rationem
2494 2901 2844 2969 prohibitam,
2880 2905 2975 2958 sed
3024 2910 3178 2975 quasi
3228 2924 3258 2962 e
3291 2920 3397 2965 tota

1826 2989 2027 3053 anima,
2078 2999 2132 3043 et
2179 2998 2285 3043 toto
2335 2991 2498 3047 corde
2540 2990 2815 3047 Christum
2871 2995 3147 3065 diligente,
3177 3010 3231 3054 et
3278 3004 3399 3071 ejus

1826 3078 2018 3141 ﬁdem.
2071 3081 2472 3136 anathematizo
2524 3098 2742 3139 omnem
2802 3085 3394 3155 Melchisedecitorum,

1828 3170 1877 3224 id
1908 3181 1991 3224 est
2018 3171 2513 3228 Theodotianorum
2560 3183 2613 3229 et
2653 3177 3089 3248 Athinganorum
3123 3184 3395 3249 haeresim,

1822 3270 1877 3317 et
1902 3278 2092 3319 omnes
2116 3264 2526 3333 haeresiarchas,
2564 3266 2929 3336 Theodotum,
2953 3273 3096 3335 dico,
3132 3286 3396 3342 sutorem,

1822 3364 1877 3407 et
1907 3353 2052 3407 illius
2097 3354 2393 3425 discipulos
2442 3358 2819 3428 Asclepiadctn
2867 3372 2921 3416 et
2961 3362 3394 3436 Hermophilum,

1822 3454 1874 3498 et
1897 3445 2292 3514 Apollonidem,
2322 3457 2374 3501 et
2399 3450 2737 3507 Theodotum
2781 3456 3232 3524 nummularium,
3266 3461 3396 3529 qui-

146 3533 388 3600 μάλιστα
434 3534 655 3600 γέγονεν
709 3534 950 3603 ἀρχηγὸς
1002 3534 1101 3600 τῆς
1164 3536 1452 3607 αἱρέσεως⁸
1483 3536 1708 3604 ταύτης.

1818 3550 2034 3605 cunque
2075 3542 2373 3607 prazsertim
2422 3542 2585 3598 fuerit
2617 3546 2721 3599 dux
2769 3548 2928 3603 istius
2964 3550 3209 3606 heresis.
3251 3553 3397 3607 Ana.

159 3621 569 3690 Ἀναθεματίζω
602 3624 695 3677 καὶ
747 3626 871 3687 τοὺς
911 3623 1143 3692 καθεξῆς
1197 3624 1553 3689 διδασκάλους
1606 3626 1713 3680 τῶν

153 3712 517 3780 Ἀθιγγάνων,
569 3714 683 3767 ὅσοι
730 3715 872 3767 κατὰ
923 3716 1116 3781 γενεὰν
1162 3716 1399 3786 ἑκάστην
1445 3717 1572 3787 ἄχρι
1616 3717 1710 3771 τοῦ

133 3805 237 3857 νῦν
272 3804 549 3871 γεγόνασι,
587 3805 680 3857 καὶ
722 3807 833 3858 ὅσοι
873 3806 1110 3875 σήμερόν
1165 3808 1290 3871 είσι,
1333 3810 1426 3861 καὶ
1460 3808 1709 3875 γίνεσθαι

138 3893 451 3963 μέλλουσιν.
496 3894 906 3964 ’Δναθεματίζω
943 3897 1149 3960 πάντας
1189 3899 1313 3960 τοὺς
1353 3901 1710 3968 φρονοῦντας,

134 3984 232 4033 xxi.
264 3982 604 4045 δοξάζοντας,
669 3984 763 4036 καὶ
830 3983 1201 4049 διδάσκοντας,
1259 3990 1353 4040 καὶ
1409 3990 1705 4058 λέγοντας,

131 4075 217 4125 ὅτι
244 4075 272 4124 ό
310 4073 643 4142 Μελχισεδὲκ
700 4075 800 4127 οὐκ
845 4070 913 4143 ἦν
964 4076 1270 4146 ἄνθρωπος,
1303 4080 1438 4132 ἀλλὰ
1476 4082 1707 4152 δύναμις

131 4162 273 4216 Θεοῦ
303 4164 512 4235 μεγάλη
538 4166 890 4237 διατρίὸουσα
916 4170 973 4219 ἐν
1002 4170 1464 4239 ἀκατονομάστοις
1494 4174 1702 4238 τόποις,

133 4256 234 4307 καὶ
259 4256 340 4307 ὅτι
371 4256 571 4323 μείζων
611 4259 705 4309 τοῦ
740 4258 978 4327 Χριστοῦ
1024 4262 1171 4312 ἐστιν
1216 4264 1444 4327 ἐκεῖνος,
1496 4266 1589 4316 καὶ
1619 4265 1707 4317 διὰ

130 4345 294 4397 τοῦτο
319 4346 534 4413 λέγεται
572 4350 599 4401 ὁ
630 4349 883 4417 Χριστὸς,
918 4350 992 4412 ὡς
1043 4350 1316 4421 δεύτερος,
1350 4354 1445 4405 καὶ
1474 4355 1704 4407 ὑποδεέ-

131 4454 347 4507 στερος,
387 4440 523 4491 κατὰ
544 4441 641 4509 τὴν
675 4441 884 4493 ἐκείνου
918 4442 1071 4506 τάξιν
1108 4445 1430 4513 ἱερατεύειν.
1479 4447 1703 4502 Ἀναθε-

130 4528 348 4595 ματίξω
366 4531 491 4593 τοὺς
531 4530 808 4598 λέγοντας,
866 4533 949 4585 ὅτι
984 4534 1337 4604 Μελχισεδὲκ.
1374 4538 1550 4609 ἤτοιή
1597 4558 1698 4610 με-

124 4618 272 4687 γάλη
308 4619 556 4688 δύναμις,
595 4624 623 4674 ὁ
649 4622 801 4686 Θεὸς,
843 4624 937 4677 καὶ
971 4626 1153 4697 πατὴρ
1182 4628 1277 4680 τοῦ
1307 4632 1511 4700 Κυρίου
1543 4632 1702 4702 ἡμῶν

140 4708 318 4773 Ἰησοῦ
348 4707 584 4777 Χριστοῦ
606 4711 744 4774 ἐστι,
773 4714 868 4765 καὶ
887 4714 973 4767 διὰ
994 4715 1151 4769 τοῦτο
1173 4718 1419 4773 καλεῖται
1442 4722 1696 4791 ἀπάτωρ,

128 4800 383 4870 ἀμήτιοιρ,
404 4801 858 4873 ἀγενεαλόγητος.
904 4807 1313 4877 Ἀναθεματίζω
1341 4813 1467 4873 τοὺς
1498 4814 1700 4880 φυλάτ-

135 4906 319 4953 τοντας
350 4892 469 4960 μὲν,
505 4894 582 4957 ὡς
619 4895 903 4962 Ἰουδαίους
926 4899 987 4951 τὸ
1010 4899 1305 4964 Σάϐὅατον,
1344 4902 1419 4966 ὡς
1445 4903 1698 4969 ὲθνικοὺς

127 4980 186 5033 δὲ
211 4982 303 5033 καὶ
350 4982 447 5052 τὴν
494 4987 797 5057 περιτομὴν
831 4988 1212 5054 διαπτύοντας,
1258 4994 1354 5046 καὶ
1404 4993 1465 5047 τὸ
1498 4994 1699 5064 βάπτι-

128 5088 263 5138 σιια.
305 5072 713 5144 Ἀναθεματίζω
740 5081 865 5142 τοὺς
910 5082 1224 5151 χρωμένους
1258 5087 1566 5153 μαντείαις,
1600 5090 1698 5142 καὶ

128 5164 522 5229 φαρμακείαις,
575 5170 668 5219 καὶ
732 5170 1032 5238 γοητείαις,
1088 5171 1184 5225 καὶ
1230 5172 1300 5225 δι’
1365 5176 1547 5232 αὐτῶν
1604 5180 1699 5233 καὶ

129 5246 412 5314 βλάπτειν,
447 5255 541 5306 καὶ
564 5254 795 5325 ὠφελεῖν
825 5258 1145 5329 ἀνθρώπους
1169 5264 1695 5337 ἐπαγγελλομένους.

1817 3626 2115 3685 thematizo
2141 3632 2301 3686 etiam
2335 3645 2624 3702 sequentes
2654 3638 2908 3695 doctores
2932 3640 3395 3714 Athinganorum,

1816 3719 2127 3789 quicunque
2148 3722 2201 3776 in
2228 3738 2444 3792 quaque
2479 3728 2830 3794 generatione
2856 3746 3028 3799 usque
3054 3747 3201 3786 nunc
3217 3733 3389 3787 exsti-

1816 3818 2014 3873 terunt,
2032 3820 2087 3866 et
2107 3812 2418 3884 quicunque
2442 3817 2600 3871 hodie
2626 3819 2921 3886 exsistunt,
2945 3830 3000 3877 et
3026 3822 3140 3877 ﬁert
3168 3823 3389 3879 debent.

1812 3899 2228 3959 Anathematizo
2264 3921 2458 3961 omnes
2483 3910 2809 3979 cogitantes,
2837 3914 3148 3985 Opinantcs,
3186 3916 3393 3972 docen-

1812 4002 1894 4045 tes
1918 4000 1971 4045 et
2010 3993 2253 4049 dicentes
2309 3996 2666 4056 Melchisedec
2709 4018 2817 4057 non
2867 4004 3040 4061 fuisse
3088 4006 3391 4070 hominem,

1812 4083 1904 4137 sed
1934 4084 2184 4141 virtutem
2214 4086 2307 4142 Dei
2340 4105 2588 4159 magnam
2613 4096 2939 4151 residentem
2971 4097 3024 4151 in
3060 4098 3196 4153 locis
3230 4100 3391 4155 inno-

1812 4172 2053 4235 minatis,
2093 4183 2146 4228 et
2189 4176 2450 4245 majorem
2478 4180 2628 4234 illum
2667 4181 2888 4238 Christo
2920 4199 3063 4249 esse,
3105 4196 3159 4239 et
3182 4187 3254 4239 ob
3287 4188 3390 4242 hoc

1811 4260 1917 4315 dici
1979 4263 2258 4318 Christum
2327 4269 2484 4336 quasi
2552 4273 2873 4336 secundum,
2932 4283 2987 4327 et
3049 4275 3388 4343 inferiorem,

1810 4353 2109 4408 secundum
2140 4357 2260 4424 ejus
2290 4360 2535 4413 ordinem
2583 4363 2922 4417 sacerdotem
2965 4380 3109 4420 esse.
3142 4368 3389 4423 Anathe-

1809 4449 2010 4501 matizo
2039 4449 2302 4516 dicentes,
2342 4451 2723 4518 Melchisedec,
2756 4456 2807 4510 id
2830 4464 2914 4510 est
2962 4458 3105 4513 hanc
3129 4460 3391 4514 virtutem

1806 4552 2080 4607 magnam.
2104 4538 2270 4595 Deum
2305 4550 2360 4597 et
2388 4552 2593 4613 patrem
2621 4545 2832 4599 Domini
2864 4548 3039 4603 nostri
3069 4547 3201 4605 Jesu
3227 4549 3387 4605 Chri-

1807 4631 1873 4684 sti
1924 4646 2067 4695 esse,
2112 4642 2167 4687 et
2203 4634 2273 4687 ob
2311 4634 2364 4689 id
2413 4636 2597 4691 vocari
2636 4637 2757 4692 sine
2810 4649 2983 4709 patre,
3022 4642 3140 4697 sine
3189 4651 3382 4714 matre,

1805 4723 1923 4777 sine
1957 4725 2291 4795 genealogis.
2319 4728 2735 4786 Anathematizo
2762 4733 3121 4791 observantes
3161 4737 3383 4806 quidem

1808 4812 2126 4883 Sahbatum,
2166 4828 2224 4873 ut
2264 4818 2503 4883 Iudaeos.
2533 4832 2586 4878 et
2629 4834 3067 4894 contemnentes,
3101 4841 3162 4884 ut
3200 4830 3385 4885 ethni-

1807 4922 1920 4971 cos,
1953 4909 2428 4967 circumcisionem
2467 4921 2522 4968 et
2565 4915 2923 4984 baptismum.
2957 4920 3379 4978 Anathematizo

1808 5008 2021 5054 utentes
2065 5001 2520 5071 divinationibus,
2559 5014 2615 5060 et
2659 5007 2901 5076 pbiltris.
2944 5019 2999 5066 et
3069 5014 3282 5084 magiis,
3330 5024 3383 5070 et

1808 5093 2123 5161 proﬁtentes
2156 5110 2250 5162 per
2278 5097 2392 5151 haec
2426 5098 2681 5153 nocivum
2711 5110 2767 5156 et
2798 5103 3101 5172 profectum
3142 5106 3382 5162 homini-

1810 5184 1911 5238 bus
1972 5187 2239 5251 praestari.
2285 5188 2697 5245 Anathematizo
2753 5193 3073 5250 invocantes
3131 5198 3381 5264 quaedam

1806 5274 2095 5342 dmnonia,
2137 5293 2367 5347 quorum
2406 5281 2578 5349 prima
2630 5296 2895 5340 vocantur
2942 5287 3104 5350 Sorn,
3161 5287 3387 5344 Socban

140 5339 549 5409 Ἀναθεματίζω
579 5348 705 5409 τοὺς
753 5349 1213 5421 ἐπικαλουμένους
1256 5357 1511 5425 δαιμόνιά
1553 5378 1697 5429 τινα,

140 5421 158 5443 ,
294 5428 303 5443 ,
462 5434 485 5443 _
686 5438 697 5443 ,
753 5440 773 5443 _
960 5442 969 5443 ,

1818 5374 1856 5417 ξι
1883 5339 2088 5431 Arche,
2108 5339 2170 5421 οι.
2195 5382 2288 5437 per
2327 5383 2387 5423 ea
2407 5339 2629 5426 'Lunam
2662 5372 2789 5428 inde
2817 5374 2885 5429 ad
2926 5390 2986 5430 se
3018 5377 3379 5443 attrahentes,

129 5421 203 5480 ὧν
250 5428 316 5481 τὰ
373 5434 565 5502 πρῶτα
613 5438 902 5492 καλοῦνται
938 5442 1144 5511 Σωροὺ,
1200 5446 1294 5497 καὶ
1342 5448 1537 5517 Σοχᾶιν,
1597 5455 1692 5506 καὶ

142 5520 317 5590 Ἀρχὲ,
367 5528 461 5576 καὶ
505 5527 571 5580 δι’
602 5530 781 5583 αὐτῶν
820 5532 918 5603 τὴν
957 5534 1196 5605 Σελήνην
1234 5537 1395 5607 δῆθεν
1430 5540 1692 5606 ἕλκοντας

133 5610 265 5679 πρὸς
304 5613 552 5681 ἑαυτοὺς,
580 5620 671 5672 καὶ
698 5622 1015 5692 ἐρωτῶντας
1040 5626 1209 5697 αὐτὴν
1231 5630 1357 5699 περὶ
1379 5624 1453 5682 ὧν
1480 5631 1696 5701 βούλον-

131 5718 236 5756 ται.
302 5706 711 5779 ’Δναθεματίζω
767 5718 894 5778 τοὺς
946 5718 1284 5784 ἐπιτιθέντας
1329 5724 1437 5787 τοῖς
1498 5724 1697 5795 ἄστρα-

1770 5503 1773 5507 .
1808 5467 1860 5509 et
1882 5457 2279 5529 interrogantes
2320 5461 2467 5516 illam
2497 5463 2565 5518 de
2596 5465 2791 5534 quibus
2836 5467 3104 5536 placet....
3139 5470 3377 5524 Anathe—

1809 5548 2008 5602 matizo
2061 5549 2400 5618 imponentes
2454 5553 2632 5610 stellis
2685 5557 2967 5611 hominum
3042 5561 3286 5623 nomina,
3327 5570 3376 5615 et

1809 5654 1903 5709 per
1928 5640 2323 5699 daemoniorum
2357 5645 2674 5716 phantasias
2704 5647 2802 5703 has
2824 5647 2878 5702 in
2907 5648 3137 5706 invicem
3172 5652 3375 5708 moveri

1808 5732 2228 5803 contendentes;
2265 5748 2318 5792 et
2349 5738 2420 5793 ita
2452 5738 2727 5807 dicentes;
2761 5740 2923 5795 stella
2943 5741 3135 5801 talis...
3165 5744 3372 5799 stellam
