3982 6214
365 324 500 389 137

1495 333 1591 392 DE
1629 332 1864 391 FESTO
1902 326 2034 380 ΤΗΣ
2066 325 2464 380 ΑΚΛΘΙΣΤΟΥ

3482 325 3618 391 1338

362 446 570 514 ριοτατῃ
624 442 716 496 καὶ
764 444 1018 514 θηριώδει
1064 446 1308 518 ὠμότητι
1358 446 1453 500 τοῦ
1496 449 1795 517 τηνικαῦτα
1833 447 1930 517 τὴν

2060 447 2324 515 mperium
2368 445 2669 500 Romanum
2720 444 2938 514 regebat
2985 443 3310 515 gravissima
3343 458 3405 499 ac
3442 444 3615 499 ferina

362 534 660 601 ,Ῥωμαίων
691 534 967 594 διέποντος
998 536 1192 606 ἀρχὴν,
1230 538 1323 590 τοῦ
1352 539 1615 606 τυράννου
1645 538 1809 590 Φωκᾶ
1837 536 1930 589 τοῦ

361 625 743 694 στρατιώτου),
776 626 987 691 φθάσας
1011 629 1087 690 είς
1120 628 1459 698 Χαλκηδόνα,
1494 630 1701 682 τίθεται
1747 630 1933 681 λοιπὸν

361 715 450 769 ἐπ’
493 718 661 786 αὐτῆς
713 716 933 786 χάρακα
955 758 968 780 ,
1001 718 1098 770 καὶ
1128 719 1303 773 πάντα
1331 720 1399 773 τὰ
1445 721 1582 788 πρὸς
1617 720 1934 789 πολιορκίαν

358 807 565 875 ταύτης
603 809 702 875 τῆς
738 808 1149 877 μεγαλοπόλεως
1181 808 1553 878 ἐξευτρεπίζει
1576 828 1591 842 ⁸
1640 811 1798 864 τοῦτο
1826 810 1933 880 γὰρ

360 899 510 969 αὐτῷ
538 900 632 951 καὶ
662 899 998 968 βεϐούλευτο,
1024 903 1116 954 καὶ
1143 903 1329 972 τρόπῳ
1355 903 1516 955 παντὶ
1544 901 1930 964 ἐσπουδάζετο,

363 993 549 1045 Ταῦτα
582 993 724 1062 ὀρῶν
752 994 780 1044 6
837 993 1154 1061 Ἡράκλειος
1174 1034 1189 1057 ,
1223 996 1357 1064 μετὰ
1388 997 1479 1047 τὸν
1519 997 1935 1066 τυραννήσαντα.

360 1087 555 1137 Φωκᾶν
603 1085 729 1155 ἄρτι
778 1086 873 1153 τῆς
928 1085 1205 1154 βασιλείας
1256 1087 1690 1156 ἐπειλημμένος,
1731 1087 1936 1156 σφόδρα

364 1177 667 1245 περιαλγὴς
696 1179 789 1227 καὶ
829 1176 1131 1238 κατώδυνος
1176 1178 1448 1244 γεγονὼς,
1478 1178 1650 1230 λιπὼν
1682 1180 1747 1230 τὰ
1781 1178 1934 1246 βασί-

363 1268 510 1328 λεια,
553 1266 641 1318 διὰ
675 1266 769 1318 τοῦ
807 1265 1063 1328 Εὐξείνου
1107 1268 1299 1319 πόντου
1323 1307 1337 1329 ,
1372 1267 1694 1335 συναγαγὼν
1722 1268 1820 1331 τὰς
1857 1267 1936 1319 ἔτι

365 1358 659 1428 περιούσας
708 1358 817 1410 τῶν
881 1360 1304 1428 στρατευμάτων
1364 1359 1659 1428 δυνάμεις,
1725 1358 1936 1427 ἀθρόως

364 1452 513 1504 οὐδὲν
548 1451 937 1520 προμαθόντων
960 1451 1070 1504 τῶν
1118 1452 1175 1503 ἐν
1203 1452 1444 1522 Περσίδι,
1474 1454 1540 1522 τῇ
1586 1451 1739 1521 χώρᾳ
1766 1468 1936 1520 προσ-

366 1543 569 1595 ϐάλλει.
607 1543 769 1604 Γνοὺς
826 1543 883 1595 δὲ
929 1543 1028 1611 τὴν
1086 1543 1445 1612 ἐκστρατείαν
1493 1544 1584 1597 τοῦ
1619 1544 1938 1614 βασιλέωςό

366 1636 580 1706 Σκύθης
628 1637 902 1704 Χαγάνος,
939 1636 1101 1697 εὐθὺς
1137 1637 1313 1705 εἴχετο
1355 1636 1550 1707 ἔργουο
1584 1640 1679 1691 καὶ
1713 1639 1811 1708 τὴν
1839 1639 1939 1705 μὲν

366 1727 662 1790 θάλασσαν,
689 1727 887 1778 πλοίων
920 1724 1157 1795 ἐπλήρου
1187 1726 1295 1777 τῶν
1320 1727 1449 1797 παρ’
1476 1728 1682 1790 αὐτοῖς,
1707 1727 1742 1780 ὃ.
1765 1727 1853 1780 διὰ
1877 1727 1939 1779 τὸ

366 1818 425 1881 ἐξ
472 1818 587 1879 ἐνὸς
636 1817 943 1885 ἐπιμήκους
992 1816 1371 1885 σχεδιάζεσθαι
1426 1817 1614 1881 ξύλου,
1674 1817 1937 1888 μονόξυλα

368 1908 628 1979 βαρόάρῳ
643 1910 793 1977 φωνῇ
810 1907 1338 1978 προσαγορεύονται,
1365 1908 1465 1979 τὴν
1488 1909 1543 1961 δέ
1573 1911 1693 1981 γῆν,
1725 1911 1939 1963 ἱππέων

362 2016 421 2052 τε
452 1999 543 2052 καὶ
572 1996 774 2060 πεζῶν.

446 2086 505 2140 ὐ
536 2087 593 2139 δὲ
636 2086 779 2139 κατὰ
822 2085 920 2154 τὴν
954 2084 1201 2155 βασιλίδα
1242 2084 1390 2149 λαὸς,
1430 2086 1534 2138 ὑπὸ
1589 2087 1815 2156 Σεργίου
1844 2087 1939 2139 τοῦ

364 2176 463 2243 τὴν
517 2175 920 2246 πατριαρχείαν
978 2174 1193 2243 ἔχοντος
1251 2174 1408 2238 τότε,
1471 2175 1640 2229 πολλὰ
1691 2193 1938 2247 παρεκα-

364 2268 540 2331 λεῖτο,
593 2264 855 2335 καὶπρὸς
894 2265 954 2316 τὺ
1000 2265 1077 2334 μὴ
1120 2264 1339 2317 πίπτειν
1381 2263 1714 2331 ὲδιδάσκετο,
1796 2269 1942 2333 Θαρ-

361 2355 537 2424 ιτεῖτε,
575 2352 791 2417 τέκνα,
841 2353 1092 2421 λέγοντος
1117 2372 1130 2384 ·
1165 2353 1261 2407 καί
1288 2355 1481 2423 μόνον
1524 2357 1609 2421 εἰς
1642 2356 1791 2408 Θεὸν
1836 2357 1940 2421 τὰς

363 2446 617 2511 ἐλπίδας
673 2445 842 2514 ἡμῶν
894 2445 1002 2512 τῆς
1052 2447 1353 2512 σωτηρίας
1401 2444 1780 2515 ἀναθώμεθα,
1840 2448 1938 2500 καί

365 2542 514 2607 πρὸς
553 2540 740 2595 αὑτὸν
765 2540 971 2608 χεῖρας
993 2579 1006 2599 ,
1036 2538 1133 2591 καὶ
1170 2536 1400 2605 ὄμματα
1446 2537 1517 2601 ἐξ
1555 2538 1703 2605 ὅλης
1734 2538 1942 2606 ψυχῆς

363 2636 647 2703 αἵρωμεν,
699 2632 797 2686 καὶ
849 2630 1033 2695 αὐτὸς
1082 2630 1152 2684 τὰ
1203 2631 1739 2699 περιστοιχίσαντα
1784 2629 1941 2698 ἡμᾶς

365 2727 521 2780 κακὰ
560 2727 773 2787 λύσει,
810 2723 913 2778 καί
958 2723 1156 2776 πάντα
1202 2723 1274 2776 τὰ
1327 2725 1456 2777 καθ’
1506 2722 1674 2792 ἡμῶν
1703 2723 1942 2776 διασκε-

363 2821 538 2875 δάσει
575 2818 693 2871 τῶν
724 2818 1047 2886 βαρϐάρων
1086 2816 1497 2884 βουλεύματα.
1548 2815 1770 2878 Τούτοις
1810 2817 1941 2886 θαρ-

368 2914 541 2981 ρήσας
583 2909 679 2963 τοῦ
724 2908 950 2977 Σεργίου
993 2910 1105 2971 τοῖς
1138 2908 1317 2975 λόγοις
1349 2909 1377 2959 6
1421 2908 1479 2959 ἐν
1508 2910 1576 2978 τῇ
1608 2907 1761 2961 πόλει
1789 2906 1940 2970 λαὸς,

365 3003 558 3070 ἔμενον
606 3001 806 3062 πάντες
838 3002 904 3068 τῇ
942 2998 1122 3051 πίστει
1169 2998 1559 3068 νευρούμενοι,
1610 3002 1677 3067 τῇ
1724 3000 1804 3062 εἰς
1842 2998 1941 3067 τὴν

2035 536 2371 600 crudelitate,
2400 535 2616 605 tyranni
2659 533 2849 588 Phoce:
2901 534 3002 588 viri
3050 534 3321 593 militaris,
3371 536 3613 589 attritm:

2032 626 2434 680 Chalcedonem
2462 626 2708 687 veniens,
2733 626 2789 679 in
2819 642 2882 679 ea
2915 626 3174 693 deinceps
3204 625 3404 678 vallum
3436 626 3610 688 ponit,

2035 732 2197 792 atque
2222 730 2529 791 opportuna
2564 721 2746 775 omnia
2787 721 2852 775 ad
2892 736 3142 790 magnam
3188 719 3327 773 hanc
3361 719 3619 771 obsiden-

2034 813 2157 866 dam
2202 813 2475 866 civitatem
2505 812 2752 880 disponit
2784 830 2796 865 :
2832 812 2906 865 ita
2956 811 3101 864 enim
3143 810 3219 862 illi
3253 810 3615 863 constitutum

2034 914 2171 970 erat,
2200 905 2413 973 hocque
2449 903 2624 958 modis
2667 903 2923 957 omnibus
2970 905 3240 957 studebat.
3276 900 3399 954 ll’cc
3429 901 3619 952 Vitii'llS

2036 992 2337 1054 Heraclius.
2386 994 2479 1062 qui
2518 1008 2692 1060 nuper
2746 1001 2865 1060 post
2900 1001 3189 1061 tyrannum
3226 988 3462 1041 Phocam
3516 989 3613 1039 im-

2037 1086 2169 1153 perii
2211 1086 2451 1151 regimen
2503 1093 2842 1152 susceperat,
2879 1083 3036 1136 valde
3082 1083 3301 1146 anxius,
3348 1081 3615 1149 gravique

2037 1175 2223 1229 dolore
2283 1175 2529 1239 allectus,
2578 1176 2767 1230 relicta
2819 1176 2988 1243 regia,
3049 1173 3295 1227 collectis
3354 1172 3619 1225 Romanis

2038 1269 2235 1336 copiis.
2265 1283 2387 1336 quae
2431 1268 2753 1335 superstites
2810 1275 2987 1327 erant,
3036 1280 3129 1333 per
3170 1264 3401 1317 Pontum
3456 1262 3620 1315 Euxi-

2039 1376 2192 1423 num,
2223 1370 2466 1428 repente,
2503 1374 2627 1413 cum
2677 1358 2811 1411 nihil
2845 1357 3027 1410 Persa:
3068 1356 3479 1423 cognovissent,
3520 1368 3620 1407 eo-

2040 1466 2158 1504 rurn
2199 1450 2477 1519 regionem
2530 1448 2757 1502 invadit.
2801 1448 3028 1516 Cognita
3083 1456 3263 1500 autem
3319 1444 3617 1513 Chaganus

2041 1540 2242 1611 Scytha
2297 1540 2645 1608 imperatoris
2686 1540 3051 1607 expeditione,
3105 1538 3289 1591 statim
3332 1534 3481 1604 operi
3529 1535 3617 1587 in-

2039 1632 2184 1686 sistit
2216 1650 2227 1684 :
2261 1647 2323 1684 ac
2346 1647 2490 1684 mare
2512 1630 2729 1698 quidem
2774 1629 3045 1700 Scythicis
3097 1628 3267 1695 replet
3315 1626 3625 1695 monoxylis

2044 1723 2319 1785 lintribus,
2356 1722 2437 1775 sic
2486 1720 2719 1774 barbara
2760 1734 2892 1773 voce
2946 1718 3297 1785 nuncupatis,
3354 1716 3498 1784 quod
3554 1730 3619 1767 ex

2046 1828 2154 1867 llllO
2188 1813 2462 1881 przelongo
2507 1812 2674 1880 ligno,
2701 1811 3061 1865 tumultuario
3100 1807 3251 1861 velut
3279 1821 3444 1875 opere
3485 1820 3624 1857 con-

2044 1905 2182 1960 [ecta
2213 1904 2358 1969 sint;
2399 1912 2599 1957 terram
2636 1917 2763 1956 vero
2793 1900 3034 1971 equestri
3071 1899 3242 1952 milite
3264 1913 3328 1952 ac
3354 1896 3619 1966 pedestri.

2118 2086 2344 2155 Sergius
2402 2083 2618 2136 interim
2676 2080 3023 2150 patriarcha,
3069 2079 3329 2149 populum
3388 2077 3441 2129 in
3490 2076 3625 2130 urhe

2040 2176 2188 2245 regia
2239 2173 2599 2245 constitutum
2660 2171 2847 2224 multis
2890 2169 3248 2231 hortabatur,
3290 2166 3627 2231 docebatque

2043 2274 2102 2319 ut
2146 2280 2212 2318 ne
2254 2264 2453 2317 animis
2497 2260 2868 2315 conciderent.
2903 2260 3189 2328 Con/ﬁdite.
3238 2260 3440 2321 aiebat,
3492 2258 3621 2324 filii,

2040 2361 2196 2427 inque
2236 2356 2403 2409 Deum
2456 2353 2626 2406 solum
2672 2364 2866 2407 nostra:
2904 2368 3047 2419 spem
3088 2352 3279 2404 salutis
3314 2352 3625 2419 referamus,

2040 2459 2195 2518 atque
2234 2446 2301 2499 ad
2332 2463 2447 2498 eum
2502 2461 2691 2498 manus
2720 2461 2783 2496 ac
2813 2444 2994 2497 oculos
3033 2458 3099 2496 ea:
3139 2452 3247 2495 toto
3286 2443 3464 2495 animo
3493 2442 3629 2495 leve-

2042 2556 2179 2606 mus,
2215 2540 2425 2608 ipseque
2458 2539 2601 2590 mala
2647 2536 2893 2589 dissolvet
2956 2551 3075 2604 quae
3128 2551 3220 2587 nos
3266 2535 3629 2587 circumstete-

2044 2641 2189 2696 runt,
2219 2647 2280 2682 ac
2307 2630 2485 2683 omnia
2526 2628 2804 2681 adversum
2839 2644 2931 2680 nos
2955 2626 3319 2680 Barbarorum
3345 2626 3625 2695 dissipabit

2043 2721 2286 2777 consilia.
2317 2721 2415 2776 His
2449 2720 2623 2788 Sergii
2660 2719 3007 2774 sermonibus
3053 2719 3329 2772 animatus
3360 2718 3621 2787 populus,

2042 2812 2135 2882 qui
2160 2821 2275 2865 erat
2303 2812 2355 2864 in
2386 2811 2540 2873 urbe,
2576 2818 2899 2863 manserunt
2926 2822 3140 2868 omnes,
3177 2807 3281 2860 [ide
3312 2806 3363 2858 in
3392 2806 3624 2859 inteme-

2042 2917 2217 2961 ratam
2263 2903 2546 2971 Deiparam
2600 2900 2859 2961 roborati,
2898 2910 3064 2966 atque
3109 2899 3162 2950 iu
3210 2912 3359 2961 eum,
3413 2895 3507 2965 qui
3556 2911 3620 2948 ex

2044 2998 2160 3068 ipsa
2208 3012 2302 3065 per
2339 2995 2684 3049 clementiam
2716 2991 2867 3044 nasci
2908 2990 3101 3054 voluit,
3144 2989 3421 3043 Christum
3461 2987 3627 3040 Deum

364 3092 637 3159 ἄχραντον
684 3087 980 3153 Θεοτόκον,
1012 3088 1106 3140 καὶ
1152 3087 1243 3140 τὸν
1275 3086 1334 3151 ἐξ
1373 3088 1544 3157 αὐτῆς
1574 3089 1943 3159 εὐδοκήσαντα

2052 3100 2326 3154 nostrum;
2385 3086 2916 3154 persevwrabantque
2967 3083 3092 3137 forti
3162 3083 3368 3145 animo,
3424 3095 3624 3149 exspe-

365 3183 454 3234 δια
476 3180 669 3249 φιλανθ
680 3179 891 3249 ρωπίαν
920 3179 1175 3248 τεχθῆναι
1207 3180 1444 3249 Χριστὸν
1466 3180 1562 3232 καὶ
1594 3179 1725 3232 Θεὸν
1748 3179 1903 3250 ἡμῶν
1926 3196 1942 3213 ο

368 3272 463 3324 καὶ
509 3270 930 3340 προσῖεχόμενοι
958 3269 1019 3321 τὸ
1055 3269 1203 3332 ἔλεος
1232 3267 1397 3322 αὑτοῦ
1431 3270 1560 3323 ίδεῖν
1602 3270 1689 3322 ἐπ’
1726 3270 1943 3331 αὐτοὺς,

368 3359 703 3429 ἐκαρτέρουν
745 3360 812 3428 τῇ
844 3358 1056 3423 ἐλπίδι,
1098 3353 1158 3412 οὗ
1191 3361 1329 3427 μετὰ
1363 3362 1557 3429 μικρὸν
1588 3361 1683 3414 καὶ
1716 3360 1949 3434 ἠξιώθη-

371 3467 490 3511 σαν,
524 3448 621 3502 καὶ
646 3447 746 3518 τῆς
774 3448 988 3510 ἐλπίδος
1012 3452 1158 3501 κενοὶ
1179 3450 1280 3503 οὐκ
1311 3449 1592 3515 ἐξέπεσον.

452 3541 513 3592 ὐ
561 3539 617 3592 δὲ
655 3539 809 3611 παρὰ
850 3538 1113 3609 βασιλέως
1170 3542 1249 3601 είς
1304 3543 1551 3614 φυλακὴν
1596 3545 1693 3613 τῆς
1741 3546 1949 3611 πόλεως

371 3632 775 3701 καταλειφθεὶς,
803 3632 979 3695 Βῶνος
1012 3631 1203 3701 ὄνομα,
1231 3634 1331 3686 ὅσα
1357 3634 1582 3688 δυνατὸν
1624 3632 1692 3707 ἦν
1719 3639 1949 3709 ἀντιμη-

372 3722 669 3791 χανᾶσθαι,
704 3723 883 3775 πάντα
926 3721 1183 3791 πράττων
1234 3722 1327 3774 καὶ
1358 3722 1549 3784 ποιῶν,
1598 3723 1699 3777 οὐκ
1733 3725 1947 3794 ἠμέλει.

371 3811 632 3865 Βούλεται
666 3813 773 3882 γὰρ
822 3813 851 3864 6
884 3811 1018 3873 Θεὸς
1061 3812 1229 3891 ἡμᾶς,
1265 3814 1341 3881 μὴ
1377 3813 1583 3882 ἀργοὺς
1627 3816 1720 3868 καὶ
1764 3816 1950 3887 ἀπρά-

372 3921 532 3968 κτους
561 3903 852 3975 καθῆσθαι,
902 3904 1039 3959 ἀλλά
1065 3922 1115 3957 τι
1147 3904 1240 3957 καὶ
1268 3905 1508 3974 ἐνεργεῖν
1538 3947 1551 3969 ,
1602 3907 1694 3959 καὶ
1727 3908 1952 3962 ἐπινοεῖ-

373 3998 499 4049 σθαι
551 3997 654 4065 μέν
698 4013 818 4048 τινα
849 3996 942 4049 καὶ
991 3996 1083 4064 ἀφ’
1118 3993 1305 4065 ἡμῶν,
1339 3996 1425 4048 ἐπ’
1461 3997 1622 4049 αὐτὸν
1668 3998 1725 4051 δὲ
1771 4001 1951 4053 πᾶσαν

373 4086 517 4154 ἔχειν
544 4084 819 4154 σωτηρίας
848 4084 946 4155 τὴν
975 4084 1324 4155 προσδοκίαν.
1355 4084 1512 4137 Οὕτω
1538 4090 1631 4139 καὶ
1659 4087 1735 4155 τῷ
1775 4088 1950 4157 Ἰησοῦ

372 4176 450 4245 τῷ
481 4176 631 4228 παιδὶ
661 4176 840 4244 Ναυῆ.
872 4174 1095 4243 ἐνέδρας
1148 4174 1376 4243 ποιῆσαι
1404 4174 1547 4226 κατὰ
1577 4176 1673 4242 τῆς
1702 4175 1828 4239 Γαὶ,
1862 4179 1951 4227 ἐν-

375 4268 619 4321 ετείλατο
648 4282 661 4295 '
715 4266 811 4319 καὶ
867 4265 958 4317 τὸν
1008 4264 1218 4317 Γεδεὼν
1253 4265 1396 4317 κατὰ
1453 4264 1562 4316 τῶν
1600 4266 1952 4335 Μαδιηναίων

374 4360 620 4429 ὑδρίαις,
658 4358 754 4412 κα)⁹
803 4357 1050 4427 λαμπάσι
1086 4355 1408 4422 ἐξώπλισεν.
1460 4356 1600 4409 Ἀλλ’
1627 4356 1658 4408 6
1706 4357 1806 4426 μὲν
1842 4358 1954 4411 Βῶ-

2050 3190 2260 3237 ctantes
2318 3180 2499 3233 videre
2561 3176 2995 3231 misericordiam
3055 3174 3176 3242 ejus
3241 3188 3406 3241 super
3461 3171 3630 3240 ipsos,

2050 3288 2213 3343 quam
2244 3271 2389 3326 brevi
2441 3279 2565 3339 post
2608 3268 2870 3338 consequi
2909 3274 3249 3327 meruerunt,
3279 3279 3377 3319 nec
3411 3262 3567 3318 vacui
3596 3276 3627 3314 a

2051 3377 2150 3417 sua
2182 3375 2277 3431 spe
2305 3359 2644 3413 exciderunt.

2121 3545 2171 3601 Is
2217 3553 2398 3600 autem
2431 3544 2521 3613 qui
2559 3541 2625 3596 ad
2660 3542 2808 3597 urbis
2844 3540 3149 3595 custodiam
3200 3541 3268 3594 ab
3308 3541 3635 3608 imperatore

2052 3638 2273 3693 relictus
2306 3637 2503 3701 fuerat,
2545 3633 2723 3687 Bonus
2756 3632 2996 3697 nomine,
3036 3631 3169 3684 nihil
3218 3646 3324 3683 non
3363 3630 3633 3683 adversus

2052 3730 2414 3784 Barbarorum
2485 3725 2924 3780 machinamenta
3003 3722 3195 3777 sedulo
3269 3720 3631 3783 moliebatur,

2051 3830 2269 3892 quanta:
2297 3820 2439 3873 vires
2478 3828 2655 3872 erant.
2688 3815 2814 3870 Vult
2857 3814 3001 3869 enim
3049 3812 3212 3876 Deus,
3247 3822 3305 3866 ut
3341 3828 3407 3867 ne
3434 3812 3637 3866 inertes

2051 3931 2115 3968 ac
2157 3912 2321 3966 otiosi
2363 3911 2751 3972 desideamus;
2789 3907 2883 3963 sed
2929 3917 2986 3961 ut
3019 3906 3184 3960 etiam
3215 3905 3419 3976 aliquid
3455 3919 3634 3972 opera:

2052 4002 2431 4066 conferamus;
2476 4009 2530 4055 et
2567 4011 2626 4054 ut
2674 3999 2924 4069 quaedam
2965 3999 3186 4068 quidem
3247 4014 3279 4051 a
3325 3996 3488 4050 nobis
3530 3995 3634 4063 ipsi

2055 4096 2416 4158 inveniamus,
2446 4110 2509 4149 ac
2541 4110 2692 4163 spem
2724 4103 2904 4146 tamen
2947 4106 3163 4146 omnem
3210 4089 3403 4144 salutis
3436 4089 3488 4141 in
3520 4087 3639 4156 ipso

2053 4185 2373 4239 habeamus.
2404 4184 2492 4236 Sic
2522 4184 2682 4236 etiam
2715 4184 2885 4250 jussit
2911 4182 3041 4236 Jesu
3077 4180 3190 4233 ﬁlio
3232 4178 3379 4231 Nave
3417 4184 3473 4229 ut
3506 4178 3641 4230 insi-

2054 4274 2172 4327 dias
2205 4281 2424 4340 poneret
2470 4273 2733 4324 adversus
2759 4270 2856 4323 Gai
2893 4270 2943 4331 ¹,
2975 4270 3397 4333 Gedeonemque
3426 4266 3639 4335 hydriis

2057 4379 2122 4416 ac
2159 4362 2500 4430 lampadibus
2572 4361 2838 4412 adversus
2896 4357 3223 4412 Madianitas
3283 4357 3543 4409 instruxit
3592 4359 3636 4409 ³.

375 4470 465 4515 νος
521 4452 674 4521 τείχη
738 4449 955 4521 ὠχύρου
979 4489 992 4510 ,
1037 4452 1129 4500 καὶ
1163 4449 1340 4501 πάντα
1369 4447 1438 4500 τὰ
1468 4448 1605 4517 πρὸς
1647 4450 1944 4519 πολεμικὴν

2055 4456 2324 4509 Caztcrum
2359 4451 2551 4505 Bonus
2598 4450 2819 4520 quidem
2862 4450 3140 4504 muniebat
3178 4464 3388 4513 muros,
3427 4448 3639 4501 omnia-

379 4544 567 4616 χρείαν
608 4543 870 4614 ἐξήρτυε’
902 4541 1127 4610 Σέργιος
1153 4540 1209 4592 δὲ
1257 4541 1285 4591 6
1331 4540 1610 4611 ίεράρχης,
1669 4538 1766 4602 τὰς
1803 4540 1953 4608 ἱερὰς

379 4635 593 4698 εἰκόνας
625 4634 726 4703 τῆς
766 4635 1129 4702 θεομήτορος,
1161 4626 1251 4693 αἷς
1296 4630 1532 4699 μάλιστα
1572 4631 1667 4682 καὶ
1698 4630 1895 4701 βρέφος
1927 4632 1956 4683 6

381 4727 572 4798 Σωτὴρ
619 4723 1035 4789 ἐξεικονισθεὶς,
1068 4725 1127 4774 ἐν
1174 4722 1445 4789 ἀγκάλαις
1485 4723 1583 4792 τῆς
1628 4725 1830 4793 μητρὸς
1866 4723 1955 4774 ἐν-

379 4819 634 4889 ερέρετο,
686 4816 888 4877 ταύτας
941 4813 1143 4878 λαὸὼν,
1181 4813 1398 4885 περιῄει
1440 4813 1508 4866 τὰ
1533 4814 1688 4882 τείχη
1712 4830 1725 4842 ·
1762 4816 1825 4882 τῇ
1858 4814 1956 4884 μὲν

382 4910 555 4975 πόλει,
585 4908 886 4977 ἀσφάλειαν
917 4909 981 4960 ἐκ
1014 4906 1203 4958 τούτου
1229 4905 1686 4975 περιποιούμενος
1710 4922 1724 4937 ·
1756 4908 1868 4967 τοῖς
1896 4906 1954 4959 δὲ

380 5001 684 5071 Βιρόἁροις
724 5002 817 5052 καὶ
866 4998 1164 5067 πολεμίοις,
1201 4998 1430 5066 πτόησιν
1469 4998 1562 5049 καὶ
1594 4995 1814 5066 ὄλεθρον
1858 4998 1956 5050 καὶ

383 5093 561 5162 φυγήν
586 5107 600 5121 ·
639 5090 675 5143 ἃ
706 5093 882 5143 πάντα
922 5090 1117 5159 μικρὸν
1148 5088 1372 5159 ὕστερον
1406 5089 1700 5142 ἐπελθόντα
1744 5090 1951 5155 αὐτοῖς,

383 5181 677 5254 ἀφανισμῷ
703 5182 947 5243 ἅπαντας
978 5181 1174 5234 δέδωκε
1207 5181 1478 5235 παντελεῖ.

456 5275 524 5326 Οἱ
551 5276 690 5326 κατὰ
721 5274 818 5342 τὴν
847 5273 1162 5341 Χαλκηδόνα
1193 5276 1785 5345 στρατοπεδευσάμενοι
1824 5275 1961 5347 Πέρ-

386 5382 474 5417 σαι
518 5365 756 5434 ἤρξαντο
822 5366 1119 5436 πυρπολεῖν
1166 5366 1234 5417 τα
1279 5366 1442 5436 πέριξ
1485 5370 1585 5438 τῆς
1615 5369 1959 5439 Χαλκηδόνος

386 5463 464 5509 και
508 5457 909 5524 γειτνιάζοντα,
942 5458 1035 5511 καὶ
1062 5458 1227 5511 τᾶλλα
1270 5458 1445 5510 πάντα
1478 5462 1675 5524 ποιεῖν,
1722 5460 1821 5512 ὅσα
1848 5462 1960 5521 τοῖς

388 5549 692 5620 πολιορκεῖν
737 5550 1090 5621 προθεμένοις
1117 5551 1446 5619 ἐργάζεσθαι
1486 5550 1712 5621 σύνηθες
1732 5568 1745 5582 ·
1775 5552 1957 5604 ὡσαύ-

463 5728 479 5760 ⁸
506 5728 669 5788 Jt‘isuc
701 5751 792 5789 vnt
865 5732 908 5785 l.
992 5735 1008 5762 ²
1039 5732 1215 5787 Judic.
1391 5731 1448 5759 ⁸ο

2054 4562 2160 4615 que
2186 4545 2324 4599 bello
2348 4553 2655 4612 Opportuna
2689 4544 2917 4611 parabat
2954 4560 2968 4595 :
3006 4552 3062 4594 at
3103 4542 3329 4610 Sergius
3368 4540 3635 4610 pontifex,

2053 4654 2237 4694 sacras
2293 4637 2388 4691 Dei
2439 4635 2732 4690 Genitricis
2794 4635 3083 4705 imagines,
3135 4635 3335 4703 quibus
3401 4632 3640 4686 maxime

2054 4731 2243 4785 infans
2264 4744 2484 4801 quoque
2520 4728 2770 4783 Salvator
2798 4728 2851 4781 in
2893 4729 3037 4782 ulnis
3065 4725 3251 4781 Matris
3281 4738 3637 4795 representa-

2064 4825 2244 4887 batur,
2290 4837 2596 4886 assumens,
2648 4836 2835 4875 muros
2886 4819 3182 4881 circuibat,
3229 4835 3293 4872 ea
3356 4817 3640 4885 supplica-

2059 4914 2230 4975 tione,
2263 4927 2387 4967 cum
2421 4912 2542 4966 urbi
2574 4922 2818 4966 tutamen
2856 4911 3181 4972 concilians,
3226 4918 3341 4962 tum
3389 4907 3647 4960 Barbarus

2062 5021 2127 5059 ac
2160 5005 2410 5059 hostibus
2435 5006 2957 5067 consternationem,
3012 5002 3293 5056 interitum
3323 5017 3387 5055 ac
3428 4999 3642 5066 fugant;

2062 5113 2183 5168 quae
2213 5098 2361 5152 brevi
2414 5099 2493 5151 eis
2541 5098 2710 5163 illata,
2740 5096 3062 5151 omnimodo
3102 5096 3435 5151 exterminio
3477 5094 3647 5146 trali-

2066 5191 2283 5246 derunt.

2141 5280 2409 5346 Quoniam
2452 5296 2578 5335 vero
2603 5281 2781 5335 Persa:
2811 5281 2875 5333 ad
2914 5279 3280 5335 Chalcedonis
3326 5292 3512 5331 muros
3553 5292 3645 5329 ca-

2069 5379 2181 5425 stra
2214 5371 2420 5434 metati,
2446 5370 2626 5425 omnia
2661 5371 2712 5424 in
2737 5370 2968 5424 circuitu
3000 5384 3064 5424 ac
3087 5368 3262 5421 vicina
3287 5365 3644 5426 Chalcedoni,

2068 5471 2348 5532 cmperant
2378 5462 2489 5531 igni
2525 5472 2764 5526 vastare,
2801 5461 3095 5530 omniaque
3125 5459 3230 5512 alia
3277 5458 3342 5512 iis
3378 5468 3641 5511 consueta

2070 5554 2269 5619 facere,
2322 5556 2519 5625 quibus
2562 5555 2916 5611 constitutum
2968 5560 3129 5608 estut
3172 5552 3359 5607 urbem
3405 5550 3641 5621 aliquam
