3884 6208
239 283 370 348 1341

1369 278 1466 336 DE
1507 272 1738 337 FESTO
1775 270 1908 321 ΤΗΣ
1944 269 2362 324 ΑΚΑΘΙΣΤΟΥ.

3339 265 3475 341 1342
3503 257 3508 264 ’

232 398 497 450 κνύουσαν
519 408 531 421 ·
583 389 652 443 τὰ
695 389 749 442 δὲ
785 387 890 441 τῶν
921 384 1144 438 Σκυθῶν
1176 384 1511 454 συγχέουσαν
1555 383 1794 452 μηχανή-

1903 389 2008 433 tcm
2043 379 2366 450 Scytharum
2397 381 2855 445 machinamenta.
2889 397 3195 452 eorumque
3219 383 3474 442 virtutem

233 504 399 557 ματα.
449 483 544 536 καὶ
570 481 670 550 τὴν
702 479 931 546 δύναμιν
961 475 1138 530 αὐτῶν
1168 477 1526 544 σφάλλουσαν,
1561 477 1652 526 καὶ
1697 474 1795 542 τὴν

230 575 520 648 ἐμπειρίαν
552 572 651 642 τὴν
682 573 739 624 ὲν
771 570 1048 639 πολέμοις.

311 667 440 720 Ἐπὶ
475 663 704 726 τούτοις,
744 663 898 730 κοινῇ
938 659 1132 728 γνώμῃ
1179 658 1273 710 τοῦ
1313 657 1650 728 πατριάρχου
1703 657 1798 708 καὶ

229 759 324 812 τοῦ
353 756 507 820 λαοῦ,
538 752 846 824 πέμπονταῖ
886 769 1032 814 τινες
1069 753 1133 804 ὲκ
1165 751 1261 818 τῆς
1291 751 1498 812 πόλεως
1531 749 1667 818 μετὰ
1696 749 1797 800 δὼ-

235 867 377 918 ρων,
429 847 681 917 εἰρηνικά
731 861 790 896 τε
821 842 1050 910 λαλῆσαι
1077 845 1189 904 τοῖς
1237 840 1488 902 Σκύθαις,
1531 840 1626 892 καὶ
1662 839 1798 907 πρὸς

231 944 456 1010 εἰρήνην
487 940 683 1002 αὐτοὺς
714 935 1136 991 ἐκκαλέσασθαι.
1177 933 1316 987 Ἀλλ’
1341 936 1368 986 ὀ
1397 932 1501 1004 θὴρ
1533 932 1733 1001 μᾶλλον
1762 930 1796 998 ἦ

231 1035 516 1100 ἄνθρωπος
566 1033 628 1084 ού
662 1032 822 1101 μόνον
854 1031 915 1082 οὐ
947 1029 1161 1098 δέχεται
1193 1027 1292 1096 τὴν
1315 1029 1595 1096 εἰρηνικην
1623 1025 1792 1094 πρόσ-

232 1123 462 1190 κλησιν,
515 1121 648 1174 ἀλλὰ
712 1121 805 1173 καὶ
861 1119 930 1170 τὰ
969 1117 1340 1188 ἐπιφερόμενα
1384 1117 1531 1184 δῶρα
1581 1115 1794 1179 λαϐὼν,

232 1213 545 1278 ἀπράκτους
595 1209 951 1278 ἀποπέμπει,
1010 1205 1166 1260 τοῦτο
1222 1206 1379 1275 μόνον
1419 1207 1602 1269 αὐτοῖς
1649 1205 1792 1256 ἐπει-

232 1303 349 1352 πών
376 1320 389 1331 ·
432 1301 526 1367 Μὴ
573 1299 882 1354 ἀπατᾶσθε
926 1297 1023 1350 ἐπὶ
1073 1294 1152 1358 τῷ
1181 1293 1333 1360 Θεῷ,
1365 1288 1413 1360 ᾧ
1449 1295 1758 1348 πιστεύετε
1779 1311 1795 1325 ·

231 1390 468 1456 πάντως
524 1392 633 1459 γὰρ
679 1389 887 1457 αὔριον
928 1388 1042 1454 τὴν
1082 1388 1262 1440 πόλιν
1307 1386 1475 1453 ὑμῶν
1501 1386 1793 1453 λήψομαι,

230 1480 324 1532 καὶ
357 1480 583 1545 ταύτην
609 1479 831 1548 ἔρημον
850 1477 1017 1542 θήσω
1041 1494 1053 1506 ·
1087 1474 1262 1542 χάριν
1296 1474 1365 1527 δὲ
1401 1476 1794 1544 συμπαθείας,

227 1570 432 1635 ἀδείας
464 1569 672 1638 δίδωμι
712 1567 976 1637 γυμνοὺς
1021 1566 1401 1631 ἐξελθόντας,
1452 1565 1604 1620 ὅπου
1645 1567 1795 1630 ,ϐού-

227 1662 412 1713 λεσθε
444 1658 749 1713 ἀπελθεῖν.
794 1656 863 1712 Τὸ
914 1656 1152 1720 λοιπὸν,
1199 1656 1545 1721 πορεύεσθε,
1591 1655 1797 1722 ἕτερον

227 1749 649 1819 φιλάνθρωπον
675 1749 813 1817 παρ’
839 1747 986 1817 ἐμοῦ
1013 1746 1207 1815 μηδὲν
1229 1746 1651 1813 ἀναμένοντες.

297 1857 484 1911 Ταῦτα
519 1855 670 1925 παρὰ
715 1853 824 1907 τῶν
873 1851 1231 1922 πεμφθέντων
1275 1849 1627 1911 ἀκούσαντες,
1677 1863 1796 1900 στε-

228 1949 484 2014 νᾶξαντες
524 1947 634 2002 ἀπὸ
669 1946 842 2017 μέσης
869 1943 1120 2012 καρδίας,
1154 1944 1233 2004 εἰς
1267 1940 1526 2010 οὐρανοὺς
1554 1941 1653 2001 τὰς
1691 1941 1798 2007 χεῖ-

231 2058 327 2103 οας
355 2040 634 2092 ἀνέτειναν
657 2081 670 2101 ,
704 2039 798 2090 καὶ
827 2036 1056 2105 δάκρυσι
1105 2033 1319 2095 πολλοῖς
1352 2030 1792 2100 ὲπικλυζόμενοι,

235 2130 720 2194 Ὑπερασπιστὰ,
753 2127 960 2193 ελεγον,
999 2126 1202 2192 Κύριε,
1238 2125 1270 2176 ό
1292 2121 1441 2176 πᾶσι
1471 2121 1594 2186 τοῖς
1616 2125 1790 2188 ὑπερ⁶

224 2222 477 2288 madv-atq
521 2218 1061 2284 ἀντιτασσόμενος,
1102 2208 1175 2268 οὗ
1223 2213 1290 2265 τὸ
1323 2208 1541 2278 κράτος
1566 2210 1798 2264 dar-afua-

226 2326 377 2362 στον
438 2311 535 2362 καὶ
600 2311 635 2375 ἡ
683 2306 1005 2360 δεσποτεία
1055 2302 1466 2367 ἁκατάλυτος,
1523 2301 1795 2354 ἄκουσον

227 2393 369 2456 τοὺς
404 2395 626 2459 λόγους
655 2393 768 2445 τοῦ
792 2390 1098 2458 Βαρϐάρου
1126 2391 1233 2453 οὓς
1257 2390 1618 2443 ἀπέστειλεν
1645 2389 1797 2441 ὀνει-

228 2482 399 2541 ὃίᾰον
445 2498 520 2534 σε
561 2481 668 2533 τὸν
721 2481 961 2533 πάντων
1012 2477 1413 2540 δεσπόζοντα,
1475 2478 1572 2530 καὶ
1608 2478 1797 2544 ῥῦσαι

228 2574 410 2625 πόλιν
434 2573 836 2638 κληρονομίας
869 2585 1008 2627 σου.
1048 2569 1147 2622 καὶ
1179 2569 1336 2623 λαὸν
1380 2569 1470 2633 σῷ
1508 2568 1797 2633 κεκλημέ-

227 2679 338 2715 νον
362 2662 604 2728 ὀνόματι
624 2675 639 2688 ·
667 2660 752 2728 μή
785 2675 926 2712 ποτε
964 2658 1196 2711 εἴπωσιο
1239 2656 1363 2710 Ποῦ
1387 2659 1558 2711 ἐστιν
1584 2659 1616 2708 ό
1653 2659 1798 2720 Θεὸς
1825 2677 1828 2680 ·

230 2751 458 2815 αὐτῶν;
486 2752 653 2805 Ἀλλὰ
692 2750 863 2803 ταῦτα
899 2751 996 2820 μὲν
1029 2751 1056 2802 ὁ
1077 2748 1203 2810 λαός
1225 2765 1242 2782 ο
1267 2748 1400 2812 Θεὸς
1428 2749 1503 2811 δὲ,
1537 2749 1636 2816 τὴν
1666 2751 1798 2818 Περ-

229 2844 338 2895 σῶν
393 2842 530 2912 πρὸς
576 2841 668 2894 τὸν
719 2841 966 2906 Χαγὰνον
1015 2837 1264 2892 διάϐασιν
1309 2839 1376 2908 ἥν
1426 2837 1794 2908 ἐμελέτησαν,

230 2931 548 2986 ἁπεκώλυσε
579 2949 592 2962 ο
647 2930 894 2996 πατάξας
943 2929 1042 2982 οὐκ
1081 2928 1326 2996 ὀλίγους,
1359 2923 1433 2981 ὦν
1465 2928 1601 2998 πρὸς
1639 2928 1798 2998 ἀλλή-

1903 486 1964 524 ac
1993 472 2244 540 peritiam
2268 473 2518 526 bellicam
2560 471 2876 528 deludente.

1972 653 2070 707 llis
2090 655 2160 707 ita
2191 653 2537 720 habentibus,
2571 655 2852 709 communi
2892 655 3227 712 Patriarcba:
3257 661 3476 729 populi-

1900 760 2007 815 que
2051 746 2302 809 consilio,
2350 746 2694 800 destinantur
2755 747 2977 816 quidam
3037 766 3102 803 ex
3159 753 3292 803 urbe
3346 767 3472 805 cum

1901 835 2235 896 muneribus,
2269 837 2360 904 qui
2397 845 2449 890 et
2488 836 2714 903 pacifice
2760 837 2992 907 Scythas
3044 839 3473 908 alloquereutur,

1900 939 2101 992 eosque
2148 925 2216 977 ad
2274 925 2425 989 pacis
2469 925 2671 980 foedera
2717 936 3096 994 provocarent.
3151 927 3467 995 Enimvero,

1901 1030 2007 1068 non
2047 1023 2155 1067 tam
2199 1015 2362 1067 homo
2430 1015 2518 1068 ille
2575 1031 2741 1084 quam
2817 1017 3018 1080 bellua,
3077 1019 3272 1071 nedum
3325 1021 3476 1088 pacis

1900 1105 1988 1159 illa
2049 1105 2257 1158 monita
2298 1119 2406 1158 non
2451 1108 2712 1174 suscepit,
2762 1123 2950 1161 verum
3002 1109 3166 1163 etiam
3238 1111 3476 1178 acceptis

1899 1196 2238 1253 muneribus.
2291 1211 2412 1264 qua:
2465 1195 2858 1260 inferebantur.
2912 1214 2972 1252 re
3015 1199 3214 1254 inlecta
3267 1201 3474 1268 legatos

1901 1285 2137 1348 remisit,
2179 1287 2289 1340 haec
2315 1287 2380 1338 ad
2411 1301 2507 1340 eos
2540 1296 2749 1341 tantum
2781 1289 3046 1357 ailjiciens
3082 1307 3095 1343 :
3138 1289 3220 1344 Ne
3240 1291 3474 1358 decipia-

1899 1373 2026 1426 mini
2055 1374 2108 1425 in
2157 1373 2283 1436 Deo,
2315 1376 2402 1427 cui
2446 1376 2661 1428 creditis
2690 1391 2708 1428 :
2742 1394 2960 1444 prorsus
2995 1380 3132 1431 enim
3176 1380 3229 1432 in
3282 1379 3476 1432 crasti-

1897 1480 2022 1516 num
2053 1473 2274 1517 vestram
2301 1467 2509 1532 capiam
2539 1484 2600 1519 ac
2629 1469 2878 1521 desolabo
2915 1470 3196 1524 civitatem.
3228 1470 3475 1534 Quadam

1900 1554 2237 1608 nihilominus
2268 1556 2481 1621 pietate,
2509 1556 2732 1608 liberum
2781 1559 2919 1624 facio
2951 1573 3007 1611 ut
3033 1563 3162 1612 nudi
3207 1570 3473 1622 excindes,

1899 1661 2000 1713 quo
2035 1645 2214 1706 uultis,
2243 1646 2468 1700 abeatis.
2495 1646 2755 1701 Caeterum
2807 1648 2970 1713 abite,
2999 1651 3133 1704 nihil
3166 1668 3196 1703 α
3231 1667 3310 1704 me
3355 1668 3472 1703 am-

1902 1737 2088 1804 plioris
2108 1739 2468 1806 exspectaturi
2493 1738 2803 1793 clementia’.

1974 1844 2070 1900 His
2123 1846 2269 1900 cives
2319 1845 2544 1908 auditis,
2586 1863 2652 1899 ex
2725 1848 2792 1903 iis
2844 1850 2937 1920 qui
2986 1849 3256 1918 legatione
3306 1850 3478 1904 functi

1901 1945 2104 2001 essent,
2135 1945 2414 2005 gementes
2442 1951 2507 1990 ex
2540 1937 2649 1991 imo
2679 1949 2919 2006 pectore,
2947 1956 3141 1994 manus
3177 1941 3226 1992 in
3277 1941 3474 1993 uelum

1903 2029 2291 2093 tetenderunt;
2351 2027 2635 2096 imbreque
2686 2030 3050 2100 lacrymarum
3099 2031 3259 2085 oll‘usi
3293 2049 3306 2085 :
3342 2033 3479 2085 Pro-

1902 2130 2086 2182 tector,
2129 2117 2467 2186 inquiebant,
2506 2118 2746 2181 Domine,
2803 2127 2891 2188 qui
2939 2125 3195 2177 universis
3243 2123 3478 2189 superbis

1902 2211 2133 2272 resistis;
2159 2210 2314 2278 cujus
2352 2220 2429 2263 est
2470 2209 2907 2278 incomparabilis
2938 2212 3194 2278 potentia,
3228 2222 3276 2263 et
3307 2212 3480 2263 donti-

1901 2303 2047 2354 natio
2095 2299 2429 2364 insolubilis;
2474 2301 2602 2352 audi
2653 2301 2806 2353 verba
2869 2301 3096 2353 Barbari
3151 2300 3318 2356 illius.
3363 2315 3481 2362 qius

1901 2393 2043 2444 misit
2099 2391 2463 2457 improperans
2492 2391 2587 2442 tibi
2627 2393 2862 2444 omnium
2922 2391 3168 2456 Domino,
3222 2403 3269 2444 et
3314 2391 3480 2444 libera

1900 2481 2079 2532 urbem
2111 2479 2444 2532 Imrcditatis
2476 2489 2600 2542 tute,
2633 2496 2696 2532 ac
2721 2481 2996 2548 populum,
3025 2483 3115 2550 qui
3144 2499 3174 2533 a
3213 2491 3261 2534 te
3290 2498 3479 2534 nomen

1900 2571 2096 2633 habet;
2134 2570 2410 2639 nequando
2460 2571 2665 2631 dicant,
2709 2573 2800 2625 ubi
2832 2581 2910 2626 est
2957 2571 3095 2625 Deus
3129 2575 3358 2626 eorum?
3401 2575 3480 2626 Ac

1899 2662 2118 2731 quidem
2163 2663 2278 2717 hac
2326 2663 2607 2733 populus:
2649 2665 2790 2717 Deus
2835 2674 3041 2728 autem,
3071 2663 3364 2718 Persarum
3408 2665 3475 2718 ad

1897 2755 2218 2822 Cbaganum
2270 2755 2560 2808 transitum
2595 2755 2895 2825 prohibuit,
2926 2771 3087 2824 quem
3141 2756 3481 2810 meditaban—

1902 2858 2010 2909 tur,
2039 2846 2224 2900 mullis
2263 2861 2455 2900 eorum
2495 2827 2652 2901 etesis
2719 2847 2818 2914 (4),
2849 2863 2992 2916 quos
3046 2848 3296 2902 subsidio
3346 2847 3474 2900 mit-

1902 2939 2105 2992 tebant.
2139 2937 2312 2991 Porro
2339 2952 2447 2990 non
2481 2937 2980 2997 cessarunt.biduo
3007 2945 3119 2991 toto
3145 2953 3238 2992 seu
3271 2937 3473 2999 tri-luo,

226 3023 350 3084 λους
389 3021 738 3074 ἀπέστελλον.
781 3020 886 3074 Δύο
928 3019 984 3070 δὲ
1015 3020 1110 3072 καὶ
1157 3021 1306 3087 τρεῖς
1341 3019 1540 3087 ἐφεξῆς
1578 3019 1794 3088 ἡμέρας

1903 3029 2321 3090 velitationibus,
2357 3042 2420 3081 ac
2444 3043 2740 3096 paucorum
2777 3044 2872 3096 per
2906 3029 3019 3081 loca
3069 3027 3467 3081 certaminibus

226 3116 648 3185 ἀκροϐολισμοῖς
703 3116 798 3168 καὶ
848 3116 1091 3174 τοπικοῖς
1144 3111 1354 3179 ἐφόδοις
1399 3110 1494 3162 τοῦ
1543 3111 1798 3178 πολεμεῖν

227 3206 325 3256 οὐκ
366 3205 692 3258 ἐπαύσαντο.
736 3203 933 3273 Ἔργον
971 3197 1122 3271 δὲῆν
1156 3202 1220 3253 ὲκ
1258 3199 1488 3270 μελέτης
1521 3199 1796 3269 ἑτοιμαζό-

231 3313 392 3364 μενον
423 3297 498 3366 τῷ
529 3297 676 3358 κυνὶ,
717 3296 859 3348 κατὰ
911 3294 1008 3363 μὲν
1038 3293 1163 3361 γῆν,
1201 3292 1448 3362 μηχανὰς
1483 3309 1796 3361 τειχομαχι-

225 3388 328 3448 κάς
362 3387 711 3456 παραστῆσαι
753 3385 846 3437 καὶ
893 3383 1198 3445 ἑλεπόλειςο
1243 3383 1383 3435 κατᾶ⁸
1413 3382 1688 3436 θάλασσαν
1717 3383 1794 3444 δὲ,

222 3479 292 3529 τὰ
322 3479 472 3546 παρὰ
497 3467 730 3538 Σκύθαις
763 3474 1061 3544 ὲξαρτῦσαι
1099 3473 1362 3544 μονόξυλα
1393 3474 1534 3541 ὑπὲρ
1565 3473 1798 3542 ἀριθμὸν

227 3569 562 3637 ὑπάρχοντα.
593 3568 753 3620 Ὥστε
787 3568 910 3620 καθ’
935 3568 1029 3620 Eva
1056 3566 1245 3634 καιρὸν
1274 3567 1369 3618 καὶ
1397 3565 1526 3632 μίαν
1559 3565 1794 3634 ἡμέραν,

227 3661 487 3726 κροτῆσαι
518 3658 656 3711 κατὰ
683 3659 782 3727 τῆς
813 3659 1018 3721 πόλεως
1041 3658 1295 3726 πόλεμον,
1319 3658 1384 3709 ἐκ
1410 3655 1514 3725 γῆς
1536 3654 1673 3724 ὁμοῦ
1700 3656 1794 3708 καὶ

225 3751 513 3818 θαλάττης.

308 3842 395 3893 Ἐν
427 3842 536 3910 ὅσῳ
568 3841 626 3892 δὲ
655 3840 745 3892 τὸν
781 3841 1021 3892 τοιοῦτον
1060 3839 1287 3909 ἐξήρτυε
1317 3837 1574 3905 πόλεμον,
1617 3834 1798 3888 λαϐὼν

222 3936 345 3987 ὅσον
379 3930 524 4004 εἶχεν
567 3936 626 3987 ὲν
661 3933 915 3987 ἱππεῦσιν
958 3933 1263 3995 ὲπίλεκτον,
1294 3933 1352 3982 ἐν
1397 3934 1508 3992 τοῖς
1538 3929 1797 3982 ἀναπλεοο

225 4027 406 4094 μένοις
454 4025 549 4079 τοῦ
603 4027 798 4078 πόντου
860 4026 1050 4092 γέγονε
1114 4024 1346 4094 μέρεσι,
1403 4023 1480 4092 τῷ
1541 4020 1795 4092 Περσικῷ

223 4118 438 4189 στρατῷ
507 4119 987 4186 ἐπιδεικνύμενος*
1050 4119 1300 4179 κάκεῖνος
1365 4116 1424 4168 δὲ
1496 4116 1565 4168 τὰ
1635 4115 1797 4182 ὅμοια

221 4211 478 4278 ἔπραττε·
532 4211 732 4280 μᾶλλον
769 4209 826 4261 δὲ
849 4250 864 4273 ,
906 4209 934 4259 ὁ
965 4209 1065 4276 μὲν
1091 4208 1147 4270 ἐξ
1190 4207 1398 4267 Ἀσίας.
1427 4208 1455 4256 ὁ
1503 4204 1561 4256 δὲ
1604 4205 1660 4268 ἐξ
1695 4204 1796 4255 Εὐ·-

225 4302 432 4371 ρώπης,
485 4301 735 4369 καθάπερ
780 4299 944 4368 θῆρες
988 4297 1169 4366 ἄγριοι
1209 4297 1451 4364 ὠρύοντο
1501 4294 1641 4345 κατὰ
1698 4293 1796 4360 τῆς

1901 3137 2161 3190 pugnare.
2198 3119 2312 3175 Hoc
2335 3131 2514 3175 autem
2548 3119 2702 3173 canis
2734 3120 2823 3173 ille
2853 3117 3085 3173 consilio
3114 3118 3462 3177 moliebatur.

1901 3222 2123 3266 utterra
2176 3212 2396 3280 quidam
2470 3211 2754 3264 machinas
2819 3209 3136 3262 admoveret
3190 3209 3475 3262 diruendis

1901 3305 2092 3365 muris,
2120 3319 2183 3357 ac
2213 3303 2332 3356 urbi
2375 3302 2789 3369 espugnaudm;
2833 3300 2968 3354 mari
3006 3307 3210 3363 autem,
3245 3297 3478 3369 Scytha-

1903 3411 2020 3448 rum
2053 3402 2263 3463 aptaret
2299 3395 2530 3454 lembos.
2559 3410 2700 3461 quos
2747 3393 2978 3447 habebat
3021 3391 3473 3455 innumerabiles,

1901 3496 1959 3536 ιιι
2000 3499 2110 3536 uno
2156 3492 2401 3553 tempore
2439 3499 2501 3539 ac
2551 3484 2743 3538 ea'lem
2799 3486 2954 3548 bora,
2999 3494 3048 3539 te
3085 3499 3144 3537 ra
3194 3483 3357 3538 simul
3411 3498 3477 3537 ae

1903 3575 2063 3637 mari,
2096 3590 2272 3644 pugna
2307 3576 2510 3629 civitati
2547 3577 2841 3646 ingrueret.

1975 3848 2148 3901 Tanto
2183 3849 2346 3918 igitur
2384 3847 2652 3902 instructo
2696 3847 2818 3900 belli
2873 3856 3156 3916 apparatur,
3200 3845 3476 3914 accipiens

1900 3941 2162 4009 quidquid
2181 3941 2420 4008 equitum
2439 3939 2632 3993 lectius
2660 3947 2796 4002 erat,
2816 3937 2966 3990 venit
2997 3937 3060 3990 ad
3087 3943 3269 4006 partes
3292 3933 3475 3996 Ponti,

1900 4033 2099 4100 quibus
2130 4031 2508 4100 navigabatur,
2539 4046 2706 4099 seque
2741 4031 2917 4097 ipsum
2979 4027 3263 4082 Persarum
3315 4043 3474 4081 exer-

1899 4121 2032 4176 citui
2093 4120 2366 4185 ostendit;
2415 4120 2611 4188 illeque
2645 4120 2883 4173 vicissim
2927 4122 3112 4172 eadem
3153 4119 3325 4172 facit:
3378 4132 3474 4171 seu

1900 4213 2103 4279 potius,
2137 4210 2273 4262 alter
2308 4209 2526 4276 quidem
2555 4225 2620 4260 ex
2669 4210 2817 4268 Asia,
2855 4224 2918 4260 ex
2964 4206 3173 4275 Europa
3209 4209 3364 4267 alter,
3398 4207 3476 4260 uti

1901 4299 2029 4352 fere!
2053 4298 2238 4350 bestia
2269 4297 2492 4363 rugiunt
2529 4296 2795 4348 adversus
2827 4295 3126 4356 civitatem,
3167 4304 3471 4364 promptam

221 4396 426 4454 πόλεως
449 4432 461 4448 .
495 4393 712 4459 ἕτοιμον
743 4390 946 4460 ταύτην
995 4387 1136 4456 ἔχειν
1173 4386 1487 4453 νομίζοντες
1529 4384 1752 4453 θήραμα
1774 4422 1789 4436 .

1903 4390 2004 4443 sibi
2040 4388 2275 4457 praedam
2309 4395 2589 4454 sperantes
2640 4384 2773 4438 fore.
2831 4383 3032 4438 Verum
3066 4385 3190 4452 quis
3226 4387 3475 4455 loquetur

239 4481 383 4533 Αλλᾶ
417 4479 500 4542 τίς
532 4479 756 4548 λαλήσει
785 4477 878 4529 τοῦ
903 4477 1039 4529 Θεοῦ
1055 4476 1122 4528 τὰ
1147 4475 1266 4526 τότε
1291 4474 1599 4542 θαυμασιας
1631 4473 1713 4535 τίς
1735 4472 1792 4523 δὲ

217 4574 315 4639 τῆς
353 4572 625 4640 Παρθένου
660 4570 758 4636 τὴν
799 4571 878 4631 εἱς
918 4569 1064 4638 ἡμᾶς
1095 4565 1497 4634 εὐσπλαγχνίαν
1526 4565 1790 4634 διηγήσα-

222 4665 346 4714 σθαι
379 4659 689 4729 ἐξισχύσεις
729 4659 805 4721 ὡς
846 4659 954 4728 γὰρ
988 4659 1016 4710 ὁ
1056 4657 1306 4723 Χαγάνος
1339 4657 1461 4716 τοὺς
1492 4655 1586 4707 τοῦ
1620 4655 1791 4724 Κέρα-

223 4773 310 4818 ρος
338 4757 571 4817 κόλπους
603 4754 888 4823 ἐπλήρωσε
936 4753 1260 4822 μονοξύλων,
1304 4751 1395 4804 καὶ
1435 4753 1548 4813 τοῖς
1593 4748 1789 4803 ἑαυτοῦ

219 4843 462 4907 ὁπλίταις
486 4846 764 4912 ἐπειρᾶτο,
788 4842 876 4896 διὰ
905 4844 1004 4911 μὲν
1025 4843 1133 4894 τῶν
1158 4841 1538 4909 πολεμούντων
1558 4843 1637 4902 εἰς
1664 4841 1787 4908 γῆν,

219 4936 288 4986 τὰ
321 4934 474 5003 τείχη
513 4934 838 4987 καταϐαλεῖν
871 4935 970 5003 τῆς
1023 4934 1260 4994 πόλεως’
1299 4931 1379 4984 διὸ
1421 4931 1477 4980 δι
1519 4931 1630 4982 τῶν
1665 4948 1790 4983 ναυο

221 5028 537 5098 μαχούντων
566 5030 623 5079 ὲν
650 5029 762 5090 τοῖς
784 5027 1002 5088 κόλποις
1028 5023 1122 5077 τοῦ
1158 5024 1422 5093 Κέρατος,
1455 5022 1653 5092 εύχερῆ
1690 5020 1788 5090 τὴν

290 5232 364 5295 (4)
407 5228 783 5296 Intel'cipimtle
827 5242 890 5280 ac
935 5234 1257 5296 excurrente
1291 5223 1556 5296 Romano
1598 5223 1782 5296 (ortis-

217 5293 360 5355 siu'io
410 5293 620 5360 milite;
652 5309 709 5351 ut
751 5315 815 5352 ex
866 5297 1076 5350 Zonara
1124 5295 1299 5364 colligi
1356 5304 1554 5363 potest.
1607 5293 1787 5348 Etiam

218 5373 274 5426 S.
343 5369 685 5437 Nieepltorus
723 5368 1014 5421 maximam
1073 5365 1395 5437 Sclavorum
1432 5373 1677 5437 stragem
1703 5364 1785 5437 la-

213 5455 353 5495 etam
385 5434 589 5499 nari-at,
620 5441 707 5492 ubi
737 5437 971 5491 hostium
998 5447 1322 5503 stratagema
1349 5435 1621 5487 detectum
1653 5434 1789 5490 fuis-

214 5531 238 5564 μ
278 5517 315 5567 ι.
352 5511 676 5564 itmnittentc
708 5509 858 5561 Bono
897 5505 1126 5572 patricio
1161 5506 1214 5557 in
1245 5504 1516 5564 incautos.
1544 5519 1608 5556 ac
1643 5504 1786 5557 velut

214 5584 328 5634 suis
369 5580 614 5634 subsidio
652 5580 962 5637 venientes,
999 5586 1055 5629 ut
1091 5583 1207 5629 erat
1247 5583 1572 5625 conventum
1609 5573 1675 5626 ad
1709 5576 1785 5626 si.

214 5668 374 5719 pinum
406 5649 602 5706 sublati
635 5650 774 5719 ignis
799 5664 828 5703 e
861 5647 1283 5700 Blacbcruarum
1313 5642 1635 5708 munitione,
1671 5659 1782 5698 Ine-

1842 4543 1850 4551 ,
1899 4480 1992 4534 Dei
2027 4490 2156 4532 tunc
2179 4477 2419 4532 exhibita
2468 4476 2780 4529 mirabilia?
2813 4476 2948 4542 Quis
2990 4491 3118 4531 vero
3151 4475 3391 4545 Virginis
3418 4478 3470 4532 in

1899 4587 2000 4625 nos
2030 4569 2769 4639 impensioremelementiam
2800 4584 2862 4622 ac
2884 4568 3312 4624 misericordiam
3343 4586 3473 4639 pos-

1898 4665 1969 4718 sit
1997 4662 2286 4718 enarrare?
2313 4660 2443 4715 Nam
2479 4663 2566 4715 ubi
2598 4661 2890 4731 Cbaganus
2948 4663 3104 4716 sinus
3135 4661 3316 4716 Cornu
3367 4663 3474 4715 lin-

1896 4755 2091 4815 tribus.
2126 4767 2190 4807 ac
2220 4753 2388 4807 milite
2426 4752 2782 4822 implevisset.
2832 4753 2905 4806 ita
2959 4753 3210 4816 moliens,
3269 4761 3328 4806 ut
3379 4768 3475 4822 per

1893 4861 1990 4900 eos
2011 4843 2228 4914 quidem
2253 4844 2344 4913 qui
2374 4852 2516 4898 terra
2548 4845 2881 4912 pugnabant.
2909 4860 3097 4900 muros
3117 4843 3353 4900 civitatis
3382 4845 3476 4899 de-

1885 4937 2113 5005 jiceret;
2149 4951 2246 5004 per
2277 4950 2369 4990 eos
2397 4944 2578 4989 autem
2625 4937 2716 5004 qui
2750 4936 2804 4990 in
2837 4937 3050 4992 sinibus
3094 4935 3277 4992 Cornu
3306 4952 3472 4991 nava-
3507 4923 3520 4938 ³

1893 5029 1995 5082 lem
2023 5042 2258 5098 pugnam
2286 5037 2440 5082 erant
2470 5028 2680 5093 inituri,
2709 5028 2866 5085 facile
2890 5030 2942 5084 in
2971 5031 3160 5085 urbem
3185 5030 3466 5085 invaderet

1891 5224 1982 5278 dio
2013 5226 2130 5295 ipso
2162 5224 2356 5280 itinere
2376 5225 2838 5294 expeditissimam
2874 5224 3180 5282 Romanam
3211 5226 3467 5288 classem:

1895 5311 2058 5364 quam
2096 5296 2332 5350 hostium
2390 5297 2595 5351 cladem
2653 5297 2752 5352 ista
2803 5297 2940 5350 forte
2993 5299 3271 5356 indicent.
3321 5307 3470 5365 post-

1894 5380 2056 5431 quam
2088 5376 2272 5420 secuta
2306 5366 2491 5436 sitjlla
2526 5366 2762 5420 hostium
2796 5367 3022 5436 irruptio
3057 5368 3123 5420 ad
3158 5367 3469 5422 murosrluic

1894 5447 2135 5497 narrata,
2169 5450 2332 5504 quam
2384 5435 2612 5488 Romani
2663 5435 2925 5491 immensa
2961 5438 3104 5491 mede
3147 5451 3336 5491 eorum
3369 5437 3464 5491 de-

1896 5506 2152 5571 pulerint,
2188 5505 2532 5575 depugnante
2569 5520 2664 5574 pro
2691 5505 2771 5559 eis
2800 5507 2933 5559 mari
2962 5507 3180 5561 interim
3217 5507 3462 5565 immissa

1893 5584 2208 5646 tempestate
2235 5576 2286 5630 in
2323 5577 2558 5630 hostium
2594 5577 2848 5640 classem,
2883 5577 3106 5646 lleipaw
3147 5576 3393 5648 Virgine.
