3982 6214
338 325 474 386 1345

1465 328 1564 387 DE
1600 327 1834 387 FESTO
1873 321 2009 374 ΤΗΣ
2044 320 2462 376 ᾹΚΛΘῙΣΤΟΥ.

3445 318 3582 381 1346

337 443 531 510 ττήρια
562 433 710 512 ᾖδον,
750 440 843 492 καὶ
874 439 1058 508 ἔλεγον
1079 457 1092 470 ’
1137 440 1205 494 ’11
1229 439 1397 504 δεξιά
1431 457 1569 501 σου,
1604 440 1798 509 Κύριε,
1828 440 1906 492 δε·

2017 440 2070 493 in
2109 438 2221 493 haec
2254 436 2420 491 verba
2462 445 2699 502 panxere
2738 448 2750 484 :
2790 430 3013 485 Dextera
3045 438 3159 494 tua,
3191 428 3435 493 Domine,
3468 449 3584 483 ma-

336 531 619 595 ςόεααται
664 531 734 583 ἐν
779 533 977 599 ἰσχύϊ·
1034 534 1072 600 ἡ
1118 532 1286 596 δεξιά
1326 548 1443 586 σου
1492 532 1655 601 χεὶρ,
1691 534 1901 599 Κύριε,

336 623 623 689 ἔθραυσεν
650 620 927 688 ἐχθροὺς.
946 621 1146 686 καὶτῷ
1169 622 1387 687 πλήθει
1427 621 1539 690 τῆς
1572 621 1758 688 δόξης
1785 638 1902 673 σου

330 714 700 781 συνέτριψας
729 713 872 776 τοὺς
901 716 1324 780 ὑπεναντίους.

402 804 511 854 Καὶ
545 801 689 854 οὕτω
726 801 825 871 μὲν
851 804 878 853 ὁ
910 802 1217 872 παράφρων
1240 803 1492 869 Χαγάνος
1539 802 1736 871 πλήθει
1782 802 1903 854 δυσ-

334 893 624 963 αριθμήτῳ
669 893 1137 962 ἐπιστρατεύσας,
1172 894 1289 962 μετ’
1324 892 1586 963 αἰσχύνης
1642 892 1906 959 ὑπέστρε-

329 984 429 1053 ψεν
451 1000 464 1012 ·
496 982 804 1051 ὁμοίωςκαὶ
824 983 884 1034 τὸ
902 982 1166 1053 Περτικὸν
1184 984 1499 1053 στράτευμα
1523 986 1550 1036 ὁ
1572 984 1899 1051 ἐπαγαγὼν,

338 1076 488 1143 χεῖρα
536 1071 632 1123 ἐπὶ¹
663 1072 892 1140 στόματι
934 1071 1067 1134 θεὶς,
1105 1073 1198 1125 καὶ
1232 1072 1292 1123 τὸ
1334 1073 1624 1143 πρόσωπον
1663 1074 1907 1141 καλυψά-

337 1181 496 1233 μενος
516 1201 531 1225 ,
563 1164 673 1216 ἀπὸ
713 1164 823 1216 τῶν
871 1163 1139 1216 τοσούτων
1171 1164 1421 1233 χιλιάδων
1442 1203 1457 1226 ,
1504 1165 1907 1234 εὐαριθμήτους

337 1255 793 1323 ςυνεπαγόμενος,
824 1254 938 1323 μετ’
969 1254 1231 1324 αἰσχύνης
1271 1255 1369 1323 τὴν
1401 1254 1533 1307 ἰδίαν
1564 1254 1746 1325 χώραν
1779 1272 1906 1307 συν-

338 1345 549 1397 έλαϐεν.
587 1345 773 1407 Οὕτως
802 1349 834 1415 ἡ
879 1347 979 1413 τῆς
1031 1345 1180 1408 Θείας
1220 1346 1530 1414 οἰκονομίας
1570 1348 1665 1399 καλ⁵
1706 1348 1907 1414 ἀγαθό-

339 1452 493 1504 τητος
528 1436 817 1505 ὑπουργὸς.
856 1437 889 1505 ἠ
920 1437 1161 1505 παναγία
1190 1438 1285 1488 καὶ
1319 1436 1693 1507 ὑπεράμωμος
1723 1439 1909 1491 Θεοτό-

336 1540 449 1587 κος,
516 1525 548 1593 ἡ
605 1523 713 1576 τῶν
769 1525 1112 1593 Χριστιανῶν
1170 1524 1408 1594 κραταιὰ
1459 1523 1774 1591 ἀντίληψις,
1811 1522 1909 1592 τῆς

338 1616 463 1685 περὶ
508 1616 650 1685 ἡμᾶς
693 1615 1029 1685 ἀντιλήψεως
1060 1615 1157 1685 τὴν
1195 1616 1347 1685 ἰσχὺν
1379 1614 1728 1680 ἐπεδείξατο·
1767 1613 1908 1666 οὕτω

338 1705 582 1774 μεγάλην
631 1706 763 1773 ἡμῖν
799 1710 893 1758 καὶ
938 1705 1240 1775 παράδοξον
1285 1705 1385 1775 τὴν
1428 1705 1703 1775 σωτηρίαν
1753 1705 1909 1773 κεχά-

338 1813 539 1867 ρισται,
566 1790 785 1867 ἧστινος
816 1797 1136 1866 εὐεργεσίας
1159 1799 1237 1859 εἰς
1273 1797 1600 1867 ἀνάμνησιν,
1634 1798 1734 1865 τὴν
1767 1813 1906 1864 παρα
1936 1778 1980 1832 Β

339 1886 497 1939 οὖσαν
573 1886 806 1956 ὲτησίως
872 1887 1147 1957 πανδημεὶ
1204 1887 1425 1953 σύναξιν
1489 1887 1771 1957 ποιοῦμεν,
1814 1887 1907 1938 καὶ

339 1976 629 2047 παννύχιον
658 1980 863 2045 ἄγομεν
883 1978 1099 2047 ἑορτὴν,
1120 1978 1576 2049 εὐχαριστηρίους
1602 1978 1743 2049 ᾠδὰς
1767 1979 1903 2048 αὐτῇ

340 2067 734 2137 προσφέροντες
753 2084 767 2097 ο
801 2067 936 2120 ἀλλὰ
966 2067 1137 2120 ταῦτα
1170 2070 1270 2137 μὲν
1300 2070 1357 2131 ὲς
1385 2067 1681 2122 τοσοῦτον..

404 2176 557 2229 Μετὰ
589 2177 943 2247 παραδρομὴν
999 2178 1056 2229 δὲ
1108 2178 1315 2249 χρόνων
1356 2180 1652 2250 τριάκοντα
1685 2180 1781 2231 καὶ
1825 2180 1905 2245 ἓξ,

340 2266 432 2335 τὴν
465 2265 740 2337 βασιλείαν
786 2269 1055 2331 ἰθύνοντος
1095 2271 1505 2322 Κωνσταντίνου
1564 2271 1654 2321 τού
1703 2272 1907 2338 Πωγω-

340 2359 519 2424 νάτου,
547 2358 708 2411 πάλιν
746 2360 1009 2413 κατέλαῦε
1029 2360 1089 2413 τὸ
1117 2361 1225 2413 τῶν
1269 2361 1582 2431 Ἀγαρηνῶν
1620 2361 1824 2431 σμῆνος
1850 2364 1907 2413 ὲν

338 2448 509 2517 στόλῳ
540 2447 760 2518 μεγάλῳ
790 2450 890 2518 τὴν
918 2448 1324 2502 Κωνσταντίνου
1356 2450 1530 2510 πόλιν,
1562 2451 1655 2501 καὶ.
1693 2467 1903 2519 παραυ-

342 2538 480 2603 τίκα,
516 2539 909 2609 προσώρμισαν
954 2543 1020 2610 τῇ
1053 2540 1302 2610 παραλίῳ
1334 2539 1425 2592 τοῦ
1475 2539 1734 2608 Ἐὅδόμου
1759 2558 1773 2571 ·
1814 2540 1903 2607 ὑφ’

338 2625 410 2683 ὧν
462 2632 762 2701 ναυμαχίαι
815 2632 1158 2702 καθεκὰστην
1198 2633 1462 2699 ἐγίνοντο,
1519 2632 1628 2684 ἀπὸ
1685 2631 1904 2702 ὲαρινοῦ

340 2721 528 2792 καιροῦ
579 2724 741 2792 μέχρι
783 2722 1213 2792 φθικιοπωρινοῦ·
1250 2723 1513 2792 χειμῶνος
1551 2723 1610 2775 δὲ
1656 2724 1906 2791 ἐπιγενο-

339 2816 532 2884 μένου,
596 2815 991 2885 περαιούμενος
1041 2815 1068 2866 ὀ
1122 2815 1231 2867 τῶν
1288 2814 1621 2885 Σαρακηνῶν
1676 2814 1903 2878 στόλος,

338 2905 623 2975 ἐχείμαζεν
648 2908 705 2958 ὲν
742 2907 963 2977 Κυζίκῳ
999 2924 1012 2938 ·
1051 2908 1145 2961 καὶ
1201 2905 1362 2959 πάλιν
1394 2904 1695 2974 ἀρχομένου
1745 2904 1903 2975 ἔαρος

338 2996 547 3049 ἐκεῖθεν
565 2998 919 3066 ἀναγόμενος,
950 2999 1151 3067 ὁμοίως
1187 2996 1281 3050 τοῦ
1312 2996 1398 3049 διὰ
1421 2996 1693 3065 θαλάσσης
1733 2997 1910 3065 εἴχετο

2005 531 2260 601 gniﬁcata
2281 538 2357 582 est
2386 528 2439 581 in
2453 524 2725 593 fortudine
2754 522 3013 590 :jdeattera
3039 531 3158 583 tua,
3192 520 3438 588 Domine,
3463 538 3585 589 per-

2005 622 2168 675 cussit
2205 621 2514 679 inimicum,
2550 626 2598 669 et
2648 616 2705 667 in
2749 613 3089 667 multitudine
3123 612 3306 680 gloriw
3334 621 3438 666 tua:
3464 628 3588 665 con~

2008 712 2201 764 trieisti
2231 709 2469 762 inimicos
2495 708 2535 760 ⁸.

2087 799 2176 853 Sic
2215 807 2395 852 autem
2422 797 2687 866 insipiens
2716 794 3042 862 Chagauus,
3081 792 3172 863 qui
3205 791 3587 846 innumerabili

2007 890 2355 944 multitudine
2418 888 2817 955 expeditionem
2876 885 3127 949 fecisset,
3188 884 3451 939 confusus
3502 899 3591 937 re—

2008 996 2196 1035 versus
2220 991 2303 1035 est
2338 998 2352 1033 :
2387 979 2551 1033 simili
2576 992 2797 1048 quoque
2823 978 3054 1039 ratione,
3081 977 3174 1045 qui
3199 976 3429 1032 ducebat
3465 974 3590 1029 Per-

2008 1087 2192 1125 sarum
2217 1073 2546 1134 exercitum,
2572 1086 2794 1123 manum
2825 1069 2903 1121 ori
2935 1069 3243 1136 imponens,
3278 1083 3341 1120 ac
3379 1069 3587 1121 vultum

2008 1159 2280 1227 Operiens,
2308 1174 2512 1227 paucos
2531 1172 2713 1212 secum
2759 1172 2787 1209 e
2820 1165 2898 1209 tot
2928 1156 3166 1210 millibus
3205 1156 3431 1219 ducens,
3465 1172 3588 1210 cum

2010 1251 2213 1319 pudore
2254 1249 2306 1302 in
2358 1264 2512 1302 suam
2546 1248 2698 1301 venit
2737 1248 3041 1315 regionem.
3074 1247 3129 1299 In
3170 1248 3312 1300 hunc
3344 1248 3589 1312 modum,

2010 1341 2206 1395 divinae
2242 1340 2563 1394 oeconomiae
2620 1354 2685 1393 ac
2730 1338 2995 1392 bonitatis
3030 1338 3296 1401 ministra,
3326 1338 3413 1390 illa
3461 1353 3590 1391 san—

2008 1433 2247 1489 otissima
2280 1446 2617 1501 prorsusque
2658 1431 3004 1485 immaculata
3035 1428 3129 1484 Dei
3179 1430 3421 1484 Genitrix
3447 1470 3460 1493 ,
3489 1446 3590 1499 po-

2009 1534 2130 1579 tens
2160 1526 2246 1578 illa
2279 1524 2718 1579 Christianorum
2749 1523 3017 1585 defensio,
3040 1538 3154 1576 suae
3181 1522 3233 1575 in
3272 1536 3372 1576 nos
3401 1522 3592 1576 defen-

2009 1613 2182 1667 sionis
2218 1612 2512 1681 potentiam
2538 1612 2774 1666 ostendit
2811 1628 2824 1662 :
2863 1612 2941 1664 sic
2978 1626 3169 1679 magna
3208 1625 3303 1665 nos
3338 1626 3401 1665 ac
3425 1611 3594 1665 mira-

2011 1706 2105 1760 bili
2141 1706 2319 1760 salute
2348 1704 2647 1773 impertivit
2674 1703 2762 1767 ;in
2788 1704 2942 1772 cujus
2973 1703 3218 1756 bcuelicii
3247 1703 3592 1767 memoriam,

2009 1805 2330 1866 praesentem
2363 1806 2501 1864 quot
2540 1796 2701 1848 annis
2736 1794 3016 1848 collectam
3053 1794 3220 1848 totius
3255 1794 3435 1862 populi
3460 1808 3595 1847 con-

2008 1895 2174 1940 ventu
2223 1885 2518 1938 solemnem
2562 1884 2807 1951 agimus,
2853 1892 3176 1950 noctemque
3224 1890 3394 1936 totam
3449 1882 3592 1935 cele-

2009 1977 2160 2031 brem
2187 1977 2466 2039 habentes,
2494 1976 2672 2029 eizlem
2697 1991 2792 2043 pro
2817 1974 3113 2045 gratiarum
3159 1975 3377 2027 actione
3406 1972 3590 2027 offeri-

2009 2083 2132 2121 mus
2162 2068 2501 2120 canlicorum
2547 2067 2783 2130 lattdem,
2815 2075 2978 2135 atque
3010 2066 3124 2119 ha-c
3159 2066 3447 2119 hactenus.

2087 2174 2304 2237 Verum,
2356 2175 2445 2228 ubi
2476 2174 2587 2243 jam
2630 2173 2755 2226 anui
2794 2189 2885 2228 sex
2928 2188 3091 2243 supra
3127 2174 3345 2243 triginta
3378 2173 3456 2242 (5)
3490 2173 3560 2227 ab
3588 2203 3619 2221 ~.

2010 2266 2139 2318 hinc
2189 2265 2546 2327 efﬂuxissent,
2618 2264 2978 2320 Constantino
3033 2265 3310 2334 Pogonato
3372 2274 3593 2334 regente

2007 2356 2320 2425 imperium,
2351 2356 2549 2409 iterum
2582 2355 2957 2425 Agarenorum
2976 2370 3203 2408 examen
3235 2354 3592 2423 iugentiCon-

2011 2448 2422 2514 stantinopolim
2452 2448 2628 2501 classe
2670 2447 2823 2513 petit,
2862 2447 3154 2515 statimque
3197 2446 3410 2516 appulsi
3439 2454 3591 2509 sunt,

2011 2539 2076 2591 ad
2103 2551 2319 2607 portum
2349 2537 2618 2592 Hebdomi
2670 2539 2790 2607 (6);
2828 2538 3073 2607 quotidie
3116 2551 3242 2591 vero
3281 2538 3591 2591 committe-

2010 2628 2141 2683 bant
2170 2630 2383 2683 navalia
2410 2630 2619 2698 praelia,
2650 2644 2678 2683 a
2713 2643 2841 2683 vere
2866 2629 2931 2681 ad
2969 2636 3290 2682 autumnum
3317 2668 3331 2692 ,
3362 2638 3590 2696 tumque

2010 2718 2189 2772 hieme
2230 2719 2480 2772 veniente
2546 2717 2996 2778 transfretabant,
3048 2732 3111 2771 ac
3157 2715 3336 2787 Cyzici
3383 2715 3591 2769 hiema-

2011 2811 2144 2865 bant
2175 2828 2188 2865 :
2220 2810 2532 2881 iterumque
2553 2810 2778 2865 ineunte
2814 2825 2937 2864 vere
2990 2809 3117 2863 inde
3146 2809 3366 2863 reducta
3397 2808 3591 2873 classe,

2014 2901 2176 2955 simili
2229 2902 2390 2954 modo
2432 2902 2662 2955 navibus
2722 2901 2901 2969 praelia
2960 2900 3186 2954 inibant.
3246 2900 3382 2954 Cum
3416 2900 3591 2968 itaque

2012 2993 2211 3047 bellum
2274 2994 2326 3047 in
2391 3008 2564 3046 annos
2618 3002 2825 3061 septem
2874 3000 3207 3061 protractum
3277 2990 3491 3054 fuisset,
3530 3006 3591 3045 ac

338 3083 598 3152 πολέμου.
638 3085 809 3137 Ἑπτὰ
847 3082 938 3139 οὖν
975 3087 1117 3138 ἔτεσι
1146 3086 1240 3138 τοῦ
1294 3084 1532 3155 πολέμου
1582 3085 1904 3155 διαρκέσαν-

2013 3086 2205 3139 classis
2249 3085 2645 3139 Saracenorum
2699 3098 2863 3137 naves
2908 3084 3208 3151 plurimas,
3264 3082 3591 3151 multosque,

338 3191 450 3238 τος,
481 3179 508 3228 ὁ
537 3176 644 3228 τῶν
684 3178 1017 3246 Σαρακηνῶν
1042 3178 1225 3240 στόλος
1257 3177 1551 3247 πάμπολλα
1583 3177 1741 3229 πλοῖα
1766 3180 1907 3230 ἁπο-

340 3266 539 3332 6αλὼν,
574 3269 666 3319 καὶ
704 3270 929 3330 πολλοὺς
982 3271 1075 3321 καὶ
1115 3269 1545 3338 ἀναριθμήτους,
1595 3270 1688 3320 καὶ
1740 3270 1905 3338 μαχὶ-

343 3372 473 3425 μους
520 3358 739 3426 ἄνδρας,
770 3359 850 3411 ἔτι
896 3376 953 3411 τε
995 3360 1253 3429 πλείστην
1287 3360 1485 3429 σκευὴν
1508 3353 1582 3412 ὧν
1611 3361 1909 3429 ἐπεφέρετο

339 3450 955 3521 χρειωδῶν,ὐτιέστρεψε
990 3453 1255 3504 καὶαύτὸς
1284 3452 1535 3522 διακενὴς
1574 3454 1653 3514 εἰς
1681 3455 1747 3504 τὰ
1772 3453 1905 3505 ἰδιαο

339 3540 432 3589 καὶ
459 3540 518 3589 ὲν
548 3542 659 3601 τοῖς
686 3543 875 3610 μέρεσι
907 3541 1000 3593 τοῦ
1027 3543 1253 3594 Συλαίου
1278 3542 1586 3611 γενόμενος,
1627 3542 1731 3594 ὐπδ
1779 3559 1910 3611 σιρο-

339 3629 479 3699 δρῶν
512 3632 605 3682 καὶ
628 3633 899 3700 ῥαγδαίων
932 3635 1149 3702 ἀνέμων
1192 3633 1635 3687 ὲπιπνευσάντων
1697 3634 1905 3699 αὐτοῖς,

339 3720 479 3772 κατὰ
505 3721 717 3773 δικαίαν
750 3722 918 3790 ὀργὴν
943 3722 1036 3774 τοῦ
1073 3722 1230 3790 Θεοῦ,
1258 3724 1426 3793 ἄρδην
1459 3723 1726 3777 ἀπώλετο.
1752 3723 1909 3776 Οὕτω

338 3811 484 3862 κατὰ
521 3810 810 3881 διαφόρους
857 3815 1079 3882 καιροὺς
1127 3816 1251 3884 τῇδε
1287 3818 1352 3885 τῇ
1399 3814 1584 3868 θεόθεν
1641 3816 1908 3883 φυλαττο-

346 3902 481 3970 μένῃ
530 3901 684 3953 πόλει
736 3902 1168 3971 προσϐάλλοντες
1230 3905 1278 3956 οξ
1337 3904 1632 3975 ἀλιτήριοι,
1690 3904 1757 3957 τὰ
1810 3904 1909 3973 τῆς

342 3991 642 4058 μανιώδους
692 3993 866 4062 ὁρμῆς
910 3995 1088 4046 αὐτῶν
1134 3996 1598 4066 ἀποπληροῦντες,
1636 3996 1908 4066 ἄπρακτοι

340 4084 434 4134 καὶ
464 4082 724 4153 αἰσχύνης
759 4085 982 4156 πλήρεις
1016 4086 1392 4157 ὐπέστρεφον.ζ

428 4176 589 4229 Ἀλλὰ
622 4177 783 4229 πάλιν
809 4216 824 4240 ,
862 4177 983 4230 ὲπεί⁵
1012 4179 1277 4231 πάντοθεν
1307 4181 1493 4241 αὐτοῖς
1533 4181 1566 4248 ἡ
1623 4179 1907 4232 δυναστεία

339 4268 476 4338 ἤρθη
542 4269 679 4340 πρὸς
742 4269 991 4339 μέγεθος,
1040 4271 1136 4323 καὶ
1186 4272 1295 4325 ἀπὸ
1353 4272 1625 4324 ἀνατολῶν
1678 4272 1773 4324 καὶ
1823 4272 1908 4324 δυ·

339 4360 491 4427 σμῶν
535 4359 770 4430 ηὐξήθη,
814 4360 909 4413 καὶ
942 4363 1023 4425 εἰς
1085 4362 1284 4428 πλῆθος
1318 4363 1580 4427 ἐπέδωκε,
1642 4363 1907 4433 πρότερον

2011 3192 2111 3230 nec
2147 3175 2305 3231 facile
2338 3175 2721 3239 numerabiles,
2748 3185 2911 3244 atque
2950 3176 3001 3228 in
3031 3174 3161 3240 illis,
3198 3174 3485 3228 bellatores
3507 3174 3589 3225 vi-

2009 3282 2101 3322 ros
2129 3284 2193 3323 ac
2244 3278 2518 3333 strenuos,
2580 3268 2903 3333 amisisset;
2957 3268 3021 3319 ad
3087 3267 3199 3320 haec
3251 3282 3379 3319 vero
3424 3266 3589 3319 multa

2005 3356 2221 3426 jactura
2254 3357 2546 3411 necessarii
2580 3367 2922 3410 commeatus
2957 3355 3188 3421 fuisset;
3220 3356 3335 3425 ipsa
3375 3371 3589 3425 quoque

2013 3448 2195 3502 inanis
2243 3448 2306 3501 ad
2350 3463 2450 3503 sua
2484 3462 2699 3501 reversa
2730 3456 2813 3501 est
2849 3466 2861 3501 :
2913 3462 3149 3515 eumque
3186 3448 3250 3499 ad
3294 3447 3452 3514 Sylvi
3505 3462 3587 3499 ve-

2011 3538 2184 3591 uisset
2209 3545 2388 3606 partes
2444 3539 2543 3606 (7),
2576 3536 2882 3591 vehementi
2925 3546 3211 3589 ventorum
3262 3536 3480 3588 turbine
3506 3536 3583 3604 ja-

2012 3637 2179 3693 ctata,
2209 3644 2303 3698 per
2337 3628 2539 3698 justam
2568 3627 2659 3681 Dei
2700 3629 2835 3681 iram
2894 3628 3108 3696 penitus
3148 3626 3319 3680 deleta
3360 3635 3463 3680 est.
3517 3625 3589 3680 Ita

2012 3721 2243 3776 diversis
2270 3720 2605 3791 temporibus
2632 3720 2772 3774 hanc
2802 3735 2829 3771 a
2867 3718 2975 3772 Deo
2994 3727 3374 3773 conservatam
3400 3717 3588 3771 urbem

2012 3810 2196 3864 miseri
2228 3811 2302 3864 illi
2333 3811 2677 3873 adorientes,
2716 3810 2918 3863 furoris
2949 3809 3032 3863 sui
3086 3810 3347 3878 impetum
3405 3808 3587 3877 exple-

2011 3901 2143 3965 turi,
2180 3901 2491 3967 reinfecta,
2522 3917 2585 3956 ac
2602 3902 2924 3956 confusione
2950 3900 3116 3972 pleni,
3152 3899 3326 3954 coacti
3349 3908 3480 3954 sunt
3506 3914 3587 3954 re-

2012 3992 2153 4049 dire.

2081 4177 2294 4233 Rursus
2329 4189 2528 4243 tamen,
2562 4180 2707 4250 quod
2745 4195 2934 4235 eorum
2966 4179 3269 4233 dominatio
3308 4177 3586 4246 undequa-

2009 4285 2115 4338 que
2155 4270 2206 4322 in
2246 4272 2451 4338 majora
2478 4281 2751 4324 crementa
2777 4273 3157 4338 promovisset,
3182 4280 3345 4337 atque
3368 4267 3436 4321 ab
3465 4277 3587 4320 ortu

2009 4363 2075 4415 ad
2128 4375 2388 4415 occasum
2447 4372 2605 4415 aucta
2659 4371 2825 4424 esset,
2880 4375 2944 4413 ac
2992 4358 3337 4412 multitudine
3357 4354 3586 4418 din‘usa;

338 4452 437 4521 μὲν
488 4452 789 4507 κατέλαϐον
842 4454 939 4525 τὴν
994 4454 1103 4506 τῶν
1155 4456 1380 4523 Περσῶν
1436 4454 1752 4523 βασιλείαν·
1806 4452 1905 4507 εἷθ’

2013 4453 2247 4522 primum
2278 4452 2496 4521 quidem
2523 4459 2784 4521 ceperunt
2826 4451 3117 4504 Persarum
3150 4463 3417 4516 regnum;
3443 4456 3583 4501 tum-

333 4540 525 4605 ούτως,
560 4542 660 4613 τὴν
719 4545 994 4611 Αἴγυπτον
1046 4545 1140 4597 καὶ
1201 4544 1427 4614 Λιϐύην,
1473 4544 1701 4607 διδόντες
1749 4545 1905 4614 λόγον

329 4636 442 4695 τοῖς
468 4635 833 4703 Χριστιανοῖς,
863 4637 936 4698 ὡς
958 4638 1018 4688 ού
1052 4637 1331 4706 βιάσονται
1364 4637 1557 4699 αὐτοὺς
1589 4637 1902 4707 παραϐῆναι

331 4726 430 4794 τὴν
468 4726 769 4797 ἀμώμητον
813 4730 908 4781 καὶ
964 4729 1242 4799 όρθόδοξον
1273 4730 1353 4791 εἰς
1380 4729 1612 4797 Χριστὸν
1644 4728 1735 4781 τὸν
1768 4729 1902 4781 Θεὸν

404 4902 423 4934 ⁸
453 4899 625 4956 Exod.
660 4919 749 4961 xv.
787 4905 842 4958 ti.

401 5084 480 5154 (5)
519 5084 715 5138 Incidit
755 5092 972 5153 tempus
1013 5086 1116 5139 hoc
1169 5086 1222 5138 in
1257 5082 1518 5154 Pogonati
1555 5099 1749 5148 annos,
1786 5085 1909 5154 qui-

331 5151 434 5208 bus
463 5151 589 5208 vivo
611 5157 789 5207 adhuc
830 5151 981 5225 patre
1031 5151 1360 5224 imperavit;
1382 5172 1409 5208 ιι
1447 5157 1648 5224 quibus
1679 5151 1841 5209 etiam
1876 5156 1908 5209 6

329 5228 603 5293 synodus,
654 5225 773 5293 ejus
841 5227 1051 5294 imperii
1094 5241 1270 5280 annos
1306 5228 1613 5280 muneravit
1650 5242 1664 5279 :
1707 5242 1812 5295 qtta
1846 5231 1910 5282 de

327 5307 386 5348 re
414 5296 641 5365 satisad
677 5299 805 5349 Acta
832 5297 1092 5365 ejusdem
1135 5298 1347 5365 synodi.

395 5366 472 5433 (6)
524 5364 761 5417 Marcell.
819 5363 1036 5425 Comes.
1094 5363 1332 5419 et'liiSt.
1393 5365 1628 5420 Miscella
1685 5377 1905 5429 vocant,

330 5434 653 5500 Septimum.
689 5435 817 5489 Erat
852 5436 1174 5489 suburbium
1212 5438 1898 5504 Constantinopolitauutu,

324 5515 526 5576 septem
559 5506 881 5559 milliaribus
912 5506 980 5559 ab
1009 5509 1143 5560 urbe
1174 5507 1673 5576 Constantinopoli.

402 5574 481 5646 (7)7
518 5576 607 5646 Sic
627 5576 790 5629 etiam
823 5578 883 5629 S.
909 5575 1269 5646 Nicephorus,
1300 5577 1435 5644 πρὸς
1464 5574 1574 5640 τοῖς
1602 5576 1897 5641 πελάζουσι

321 5645 415 5697 τοῦ
449 5644 674 5696 Συλαίου
708 5646 1011 5715 γενόμενοι·
1046 5644 1143 5697 ubi
1187 5660 1292 5699 non
1330 5648 1464 5701 bene
1508 5649 1793 5714 interpres,
1825 5650 1893 5700 ad

322 5716 556 5779 Sylu'um
589 5731 735 5767 mare
782 5718 997 5784 propius
1035 5718 1287 5769 accedunt
1313 5734 1329 5769 :
1361 5718 1504 5770 aliud
1531 5733 1593 5770 ex
1634 5719 1739 5771 alio
1772 5721 1889 5772 reti-

2012 4560 2120 4615 que
2150 4544 2440 4615 Egyptum
2467 4551 2525 4597 et
2564 4542 2827 4605 Africam,
2868 4542 3052 4611 jurata
3095 4539 3428 4594 Christianis
3461 4539 3584 4601 ﬁde,

2012 4644 2072 4689 ut
2099 4651 2166 4689 ne
2198 4650 2293 4689 eos
2323 4634 2652 4705 inculpatum
2680 4645 2997 4703 rectamque
3031 4631 3084 4685 in
3110 4630 3383 4685 Christum
3416 4629 3584 4684 Deum

2012 4738 2261 4783 nostrum
2293 4729 2471 4793 fidem,
2504 4726 2847 4797 praevaricari
2878 4732 3135 4795 cogerent
3173 4742 3187 4778 :
3215 4739 3378 4794 quam
3405 4732 3585 4779 tamen

2010 5086 2144 5139 dens
2170 5087 2448 5153 proprium
2483 5099 2705 5147 nomen,
2741 5084 3050 5152 adjectione
3076 5083 3183 5153 illa
3234 5084 3444 5138 litterm.
3482 5081 3584 5134 Ζο-

2011 5171 2131 5209 nar.
2165 5152 2297 5208 Cum
2330 5154 2516 5208 classis
2549 5154 2786 5222 reliquid:
2806 5155 2925 5223 jam
2961 5157 3029 5206 ad
3060 5152 3291 5222 Sylaaum
3322 5155 3583 5223 peruenis-

2010 5236 2146 5286 sent,
2195 5235 2300 5279 etc.
2343 5225 2566 5279 Videtur
2600 5221 3035 5292 promontorium
3086 5221 3306 5290 aliquod
3343 5224 3395 5274 in
3424 5221 3583 5273 Pam.

2009 5297 2219 5367 phylia,
2254 5295 2417 5367 cujus
2464 5295 2696 5364 Sylaeus,
2733 5294 2847 5363 ipsa
2880 5296 3068 5367 eadem
3111 5309 3174 5346 ac
3206 5294 3393 5361 Perge,
3432 5302 3489 5344 ιιι
3530 5293 3583 5343 in

2003 5364 2127 5448 jure
2171 5364 2660 5448 Graeco-Romano,
2700 5365 3017 5448 metropolis
3062 5370 3582 5448 erat;'quauqua‘m

2009 5433 2123 5504 ipsa
2154 5439 2330 5504 posita
2361 5443 2478 5488 erat
2529 5437 2595 5487 ad
2650 5435 3045 5486 mediterranea
3092 5450 3103 5485 :
3139 5434 3286 5504 unde
3315 5441 3367 5485 et
3402 5433 3581 5504 sub‘dit

2009 5453 2021 5489 ι
2068 5452 2123 5489 sa
2154 5452 2330 5504 posua
2361 5452 2478 5488 erat
2529 5452 2595 5487 an
2650 5452 3045 5486 mediterranea
3092 5452 3103 5485 :
3144 5452 3286 5485 utine
3315 5452 3367 5485 et
3402 5452 3578 5485 suum!

2007 5452 2208 5567 {onata
2239 5508 2284 5560 si
2316 5507 2404 5573 qni
2435 5504 2739 5557 evasissent
2776 5518 2842 5557 ex
2880 5504 2982 5557 hoc
3018 5502 3323 5573 naufragio,
3354 5518 3439 5555 eos
3479 5501 3578 5555 Ci-

2002 5572 2361 5647 byrazotarum
2388 5574 2572 5627 ducem
2618 5574 2901 5647 delevisse;
2955 5572 3235 5647 nimirum,
3286 5574 3338 5647 i_n
3389 5572 3579 5625 eadem

1998 5641 2125 5700 A'sia
2170 5646 2390 5707 minori,
2431 5647 2519 5699 uhi
2554 5654 2830 5712 ponuntur
2862 5644 2982 5696 dum
3005 5641 3237 5711 Cihyrm,
3267 5643 3431 5699 altera
3459 5658 3577 5696 ma-

2000 5718 2081 5779 ior
2113 5717 2165 5770 in
2198 5717 2430 5777 Phrygia
2459 5733 2473 5777 ;
2511 5717 2689 5768 minor
2721 5716 2889 5767 altera
2931 5714 2982 5766 in
3014 5713 3223 5769 Cilicia.
