3982 6214
536 278 662 336 liii?

1380 275 1765 335 OPUSCULA
1803 274 2145 335 MORALlA
2194 272 2538 334 lNCEBT/E
2573 274 2887 334 AETATIS.
3564 288 3657 353 1313

535 393 669 447 nihil
709 400 1086 457 servaverunt,
1132 392 1241 446 imo
1284 392 1467 460 plures
1500 393 1797 447 all‘eeerunt
1822 396 2105 464 martyrio.

2093 438 2105 456 θ
2142 402 2181 455 Α
2214 394 2371 462 ἡμῶν
2412 393 2615 455 πίστιν,
2667 393 2803 462 ὅπερ
2858 394 2956 445 οὐκ
3014 394 3273 460 ἐφύλαξαν
3302 413 3313 424 ·
3350 399 3460 453 ἀλλὰ
3503 406 3658 472 πολλοὺς

532 483 677 552 quod
719 483 973 552 pretiosa:
1017 484 1199 537 crucis
1236 484 1451 549 signum
1502 486 1837 552 sprevissent
1888 484 2116 553 pedibus

533 575 878 629 conculcarc.
910 574 1021 630 lloc
1045 576 1244 644 quippe
1262 576 1605 629 Christianos
1634 576 1915 645 cogebant.
1939 576 2027 639 At,
2051 585 2111 630 ut

534 666 801 731 dicebam,
823 678 1021 720 terram
1058 683 1275 721 omnem
1325 668 1716 737 depopulantes
1735 670 2111 738 pervaserunt.

533 756 666 809 Cum
721 764 902 809 autem
956 753 1119 809 Indos
1152 771 1373 826 quoque
1416 773 1479 812 ac
1525 756 1834 827 Ethiopes,
1905 774 2112 813 necum:

536 845 837 900 Maurusios
856 846 955 916 (8),
996 846 1159 902 Afros
1186 848 1314 901 item
1347 863 1411 903 ac
1438 848 2114 917 llispanosincursassent.

534 938 597 992 ad
615 947 945 1004 extremum,
972 939 1235 993 adversus
1257 940 1397 995 hanc
1431 957 1649 1011 quoque
1688 943 1888 1012 regiam
1924 944 2113 996 urbem

534 1040 710 1083 castra
735 1040 1044 1097 moverunt,
1065 1047 1175 1101 quo
1195 1047 1314 1087 eam
1333 1042 1611 1102 caperent.
1646 1034 1914 1089 Cancrum
1935 1034 2115 1088 Leone

533 1119 720 1175 Isauro
757 1121 1111 1190 imperatore,
1132 1123 1496 1177 constitutum
1533 1125 1859 1179 habente-ut
1913 1126 2113 1179 tributa

533 1212 906 1280 eispemleret,
935 1214 1006 1265 illi
1026 1214 1240 1267 abunde
1286 1216 1449 1269 etiam
1501 1217 1729 1270 militem
1786 1217 1837 1269 in
1870 1218 2004 1271 urbe
2047 1221 2114 1273 ad

534 1305 847 1372 praesidium
883 1307 1151 1374 cogebant
1190 1307 1430 1375 recipere
1465 1326 1478 1361 :
1515 1308 1635 1361 freti
1675 1310 1935 1364 nimirum
1973 1314 2113 1365 mul-

534 1396 769 1449 titudine
811 1397 1114 1460 exercitus,
1149 1407 1262 1451 tum
1302 1401 1922 1470 propriiipsorum,tum
1948 1419 2109 1473 quem

534 1487 636 1541 sub
668 1488 915 1541 mercede
942 1498 1240 1543 merentem
1276 1490 1569 1555 habebant,
1603 1493 1885 1561 classeque
1920 1496 1986 1548 ad
2015 1510 2113 1548 na-

534 1579 704 1632 valem
746 1594 980 1649 pugnam
1015 1582 1290 1649 expedita,
1337 1593 1594 1652 tantaque
1623 1586 1840 1639 navium
1868 1587 2114 1640 multitu-

533 1670 676 1731 dine,
701 1679 758 1723 ut
783 1685 917 1738 pene
935 1670 1168 1735 inﬁnita,
1186 1674 1248 1724 ad
1271 1673 1417 1725 mille
1454 1688 1516 1727 ac
1539 1675 1848 1742 octingenta
1878 1678 2110 1743 navigia,

533 1770 642 1816 tota
707 1774 1112 1818 accenseretur.
1174 1765 1635 1831 quemadmodum
1678 1768 1971 1835 scripsere,
2018 1769 2109 1837 qui

533 1848 745 1902 illorum
778 1857 1085 1918 temporum
1116 1851 1399 1906 historiam
1435 1855 1766 1924 annalesque
1800 1867 2108 1913 texuerunt.

599 1943 736 1995 Cum
802 1942 988 2011 itaque
1038 1959 1265 1997 errones
1318 1945 1391 1998 illi
1447 1945 1651 2000 Christi
1714 1949 1899 2004 hostes
1944 1968 1974 2003 e
2027 1968 2112 2005 re-

533 2033 689 2102 gione
736 2033 887 2088 urbis
928 2035 1128 2088 milites
1183 2038 1580 2103 collocassent,
1618 2038 1833 2093 interim
1889 2042 2108 2108 quidem

533 2124 734 2177 nullam
777 2125 829 2177 in
856 2139 1046 2179 muros
1082 2126 1493 2195 impressionem
1525 2128 1805 2193 fecerunt,
1846 2133 1991 2200 quod
2022 2148 2112 2187 ve-

532 2214 611 2267 lut
658 2216 712 2268 in
768 2216 885 2269 suis
939 2219 1145 2285 quique
1201 2218 1407 2274 laribus
1445 2233 1814 2287 versarentur,
1858 2225 2111 2281 domibus

533 2306 886 2360 exstruendis
932 2315 1194 2361 vacarent
1231 2310 1427 2377 :plane
1454 2311 1699 2365 destituti
1734 2316 2015 2381 prudentia
2048 2333 2111 2373 ac

534 2399 777 2463 ratione;
809 2411 928 2463 seu,
962 2407 1020 2451 ut
1061 2399 1238 2454 dicam
1271 2402 1418 2470 quod
1464 2417 1550 2456 res
1592 2403 1768 2467 habet,
1800 2406 1909 2459 Deo
1942 2408 2111 2477 impe-

533 2489 733 2554 diente,
777 2505 841 2544 ac
882 2491 937 2544 in
992 2490 1108 2546 suis
1148 2492 1390 2561 ipsorum
1439 2495 1717 2559 consiliis,
1775 2498 1975 2554 stultos
2030 2499 2111 2553 fa-

533 2577 727 2632 ciente.
784 2578 888 2645 Qui
918 2590 1098 2633 autem
1143 2580 1194 2633 in
1248 2583 1466 2636 civitate
1506 2594 1625 2637 erat
1666 2586 1868 2641 Christi
1920 2606 2111 2645 amans

533 2676 783 2738 populus,
812 2670 970 2739 juges
997 2686 1121 2725 cum
1150 2672 1405 2742 lacrymis
1427 2676 1857 2743 supplicationes
1880 2678 2107 2744 faciens,

534 2763 675 2816 velut
710 2764 950 2817 solemne
986 2766 1147 2819 habet
1189 2780 1369 2820 rerum
1412 2767 1574 2819 etiam
1624 2771 1917 2838 tranquillo
1940 2781 2108 2836 statu,

534 2855 1174 2925 venerabilissimumque
1218 2859 1400 2911 crucis
1452 2858 1753 2914 Dominiac
1809 2862 2110 2918 Salvatoris

532 2945 698 2998 nostri
736 2943 864 2999 Jesu
896 2946 1099 3000 Christi
1131 2947 1332 3015 lignum
1368 2948 1572 3010 ferens,
1631 2966 1838 3006 necnon
1873 2955 2111 3009 castissi-

2223 484 2503 553 μάρτυρας
2534 482 2848 545 ἀπέδειξαν,
2879 482 2967 535 διὰ
2996 484 3054 535 τὺ
3073 485 3146 552 μὴ
3164 486 3438 555 πατηθῆναι
3456 492 3660 549 ὐπάὑτῶν

2218 574 2277 625 τὸ
2305 575 2531 643 σημεῖον
2559 572 2653 625 τοῦ
2680 572 2914 642 σταυροῦ
2942 573 3029 625 τοῦ
3060 575 3256 643 τιμίου.
3281 576 3429 630 Τοῦτο
3444 580 3529 650 γὰρ
3544 586 3661 652 πράτ.

2218 682 2330 717 τειν
2363 664 2487 727 τοῦς
2502 665 2864 734 Χριστιανοὺς
2883 664 3208 733 ἠνάγκαζον,
3230 668 3317 719 καὶ
3332 668 3397 731 ὡς
3406 670 3532 736 εφην,
3544 677 3665 727 πᾶσιν

2217 758 2316 825 την
2358 755 2460 823 γῆν
2510 755 2746 823 ἐπῆλθον
2801 756 3214 826 λεηλατοῦντες,
3272 760 3588 830 ἐπιδραμόντες
3630 769 3665 822 δὲ

2219 848 2313 899 καὶ
2351 846 2542 909 Ἰνδοὺς
2571 847 2666 899 καὶ
2699 846 2965 910 Αἰθίοπας
3007 852 3099 901 καί
3132 851 3199 902 τὰ
3238 851 3513 921 Μαυρούσια
3547 857 3664 927 ἔθνη,

2220 937 2428 1001 Λίϐυας
2458 955 2517 990 τε
2574 940 2669 992 καὶ
2732 938 3030 1003 Ἰσπανοὺς,
3101 940 3316 1009 ἔσχατον
3378 945 3566 1010 πάντων,
3602 950 3666 1001 la-

2216 1030 2585 1097 εστράτευσαν
2618 1030 2713 1081 καὶ
2748 1030 2890 1082 κατὰ
2916 1031 3120 1098 ταύτης
3145 1032 3238 1099 τῆς
3264 1031 3490 1100 βασιλίδος
3509 1038 3667 1100 πόλεως,

2220 1119 2535 1189 βουλόμενοι
2566 1120 2775 1191 ταύτην
2822 1123 2983 1175 ἑλεῖν.
3013 1122 3119 1175 Τοῦ
3146 1123 3202 1174 δὲ
3246 1122 3477 1192 βασιλέως
3513 1127 3668 1191 Λέοντος

2217 1209 2309 1262 τοῦ
2346 1210 2592 1281 Ίσαύρου
2621 1212 2745 1283 ἄρτι
2772 1212 2870 1281 τῆς
2914 1212 3186 1281 βασιλείας
3225 1214 3562 1282 ἐπειλημμένον
3586 1235 3669 1286 προ-

2217 1302 2443 1371 θεμένου
2480 1304 2663 1357 δοῦναι
2693 1306 2878 1367 αὐτοῖς
2902 1305 3054 1374 τέλη,
3087 1305 3237 1357 αὐτοὶ
3270 1306 3356 1357 καὶ
3399 1307 3587 1372 φύλακας
3608 1310 3669 1375 ἑγ-

2216 1395 2557 1465 καταστῆσαι
2591 1400 2657 1467 τῇ
2699 1398 2850 1450 πόλει
2895 1398 3297 1461 κατεϐιάζοντο.
3340 1398 3576 1467 Ἐθάρρουν
3600 1402 3671 1469 γὰρ

2215 1485 2292 1556 τῷ
2327 1486 2522 1557 πλήθει
2551 1488 2646 1541 τοῦ
2671 1506 2731 1541 τε
2764 1490 2967 1542 οἰκείου
3004 1490 3101 1542 καὶ
3155 1488 3455 1559 μισθοφόρου
3493 1492 3670 1558 στρατοῦ,

2218 1580 2308 1632 καὶ
2333 1579 2411 1649 τῷ
2443 1578 2916 1649 ὲξευτρεπισθέντι
2963 1580 3177 1649 ἀπείρῳ
3223 1580 3505 1648 ναυμαχικῷ
3542 1582 3670 1649 στόλῳ,

2215 1672 2273 1731 ὃς
2312 1674 2391 1735 είς
2418 1672 2565 1742 χίλια
2601 1673 2695 1725 καὶ
2745 1673 3044 1725 ὀκτακόσια
3075 1673 3230 1724 πλοῖα
3260 1673 3359 1732 πᾶς
3397 1671 3671 1739 annnam.

2166 1740 2187 1783 ³
2219 1762 2294 1824 ὡς
2322 1763 2369 1814 oi
2522 1762 2779 1833 χρονικὰς
2814 1764 3099 1827 συντάξεις
3156 1762 3582 1830 πεφιλοπονηκότες
3618 1765 3655 1813 in

2224 1852 2493 1923 έγραψαν.

2289 1944 2483 2007 Θέντες
2514 1944 2569 1996 δὲ
2619 1944 2680 1997 τὸ
2732 1944 3102 2013 στρατόπεδον
3129 1942 3298 1998 αὐτῶν
3339 1941 3431 2013 πρὸ
3453 1941 3529 1995 τοῦ
3549 1942 3671 2000 ἄστεα

2219 2037 2267 2087 οἱ
2318 2036 2728 2104 πεπλανημένοι
2766 2036 3177 2106 Χριστομάχοι,
3217 2035 3343 2095 τέως
3385 2035 3470 2101 μὲν
3500 2033 3674 2101 οὐδεμίαν

2222 2126 2526 2196 προσόολὴν
2552 2130 2666 2189 τοῖς
2707 2130 2910 2195 τείχεσι
2942 2128 3241 2196 προσῆγον,
3269 2126 3351 2179 διὰ
3395 2126 3445 2178 τδ
3482 2124 3673 2193 σχολάζειν

2220 2218 2313 2270 ἐπὶ
2343 2217 2547 2281 κτίσεις
2574 2219 2913 2289 οίκημάτων,
2941 2219 3018 2282 ὡς
3052 2220 3188 2271 οἴκοι
3222 2219 3450 2288 μένοντες
3478 2258 3492 2280 ,
3528 2219 3668 2285 inp:-

2223 2309 2373 2376 μένοι
2425 2309 2523 2379 μὲν
2570 2310 2834 2378 φρόνησιν
2878 2310 2972 2362 καὶ
3011 2310 3313 2379 λογισμόν·
3355 2310 3408 2361 τὸ
3432 2309 3479 2361 δὲ
3526 2305 3673 2375 ἀληθὲς.

2220 2398 2323 2450 ὑπὸ
2352 2398 2488 2451 Θεοῦ
2524 2400 2884 2468 κωλυόμενοι,
2915 2400 3325 2469 ματαιὼσαντος
3359 2400 3523 2461 αὐτοὺς
3543 2398 3585 2449 ὲν
3606 2399 3675 2455 τοῖς

2219 2488 2443 2551 οίκείοις
2473 2488 2816 2551 διαϐουλίοις.
2855 2490 2913 2541 Ὀ
2957 2490 3014 2542 δὲ
3047 2492 3191 2542 κατὰ
3219 2488 3310 2560 τὴν
3340 2488 3473 2541 πόλιν
3511 2484 3674 2553 e116pr-

2221 2597 2344 2644 στος
2383 2579 2528 2644 λαὸς,
2556 2581 2823 2652 διηνεκεῖς
2861 2583 2999 2652 μετὰ
3051 2581 3298 2652 δακρύων
3345 2580 3599 2649 ποιούμενοι
3617 2576 3675 2634 si:

2218 2672 2387 2738 λιτὰς,
2418 2672 2607 2744 ὥσπερ
2663 2673 2784 2737 ἔθος
2836 2676 3017 2736 αὐτοῖς
3071 2676 3263 2737 ποιεῖν,
3292 2672 3377 2725 καὶ
3414 2672 3465 2722 ὲν
3507 2664 3676 2737 εἰρηνικῇ

2220 2767 2576 2828 καταστάσει,
2607 2764 2670 2817 τό
2694 2782 2754 2817 τε
2799 2766 3115 2819 πάνσεπτον
3144 2766 3294 2830 ξύλον
3315 2764 3399 2816 τοῦ
3422 2758 3603 2830 σταυροῦ
3619 2755 3677 2810 τοί

2221 2856 2425 2926 Κυρίου
2461 2856 2553 2908 καὶ
2580 2855 2832 2926 Σωτῆρος
2856 2859 2889 2927 ἡ
2899 2857 3015 2926 μῶν
3060 2856 3231 2924 Ἰησοῦ
3252 2852 3464 2924 Χριστοῦ
3480 2850 3677 2907 habet.

2219 2946 2314 2999 καὶ
2338 2945 2436 3014 τὴν
2472 2945 2635 3015 ἁγίαν
2664 2947 2847 2999 είκόνα
2894 2948 2991 3017 τῆς
3043 2948 3314 3015 πανὰγνου
3351 2943 3593 3014 Παρθένου,
3622 2954 3671 2988 πιο

532 3048 630 3089 σιω
659 3032 900 3104 Virginis
944 3051 1158 3090 sacram
1192 3037 1512 3107 imaginem,
1563 3056 1780 3095 murum
1824 3043 2104 3109 circuibat,

2103 3086 2110 3109 ›
2138 3076 2183 3138 C
2221 3036 2443 3107 ριῄεσαν
2467 3038 2526 3089 τδ
2564 3040 2763 3107 τεῖχος,
2795 3038 3047 3107 αἴροντες
3073 3040 3164 3091 ἐπὶ
3195 3038 3321 3090 Θεὸν
3342 3036 3429 3097 τὰς
3451 3026 3675 3138 χεῖραςῘκιῖ

533 3126 726 3179 tollens
764 3126 831 3179 ad
884 3126 1052 3182 Deum
1098 3143 1316 3193 manus,
1363 3130 1661 3199 dicensque
1723 3147 1741 3183 :
1780 3151 1796 3184 ι
1850 3133 2111 3206 Exsurge,

533 3213 787 3279 Domine;
816 3232 877 3268 ne
927 3216 1149 3283 repellas
1184 3220 1435 3286 populant
1473 3230 1623 3274 tuum
1654 3223 1709 3275 in
1755 3224 1952 3292 ﬁnem:
1984 3243 2111 3295 quo-

533 3306 673 3359 niam
710 3324 825 3361 ecce
855 3310 1056 3361 inimici
1096 3311 1175 3363 tui
1213 3322 1526 3375 sonuerunt,
1580 3326 1629 3367 et
1658 3318 1751 3384 qui
1782 3318 2002 3372 oderunt
2038 3330 2108 3385 te,

533 3398 825 3453 extulerunt
855 3410 1033 3469 caput.
1072 3400 1155 3454 Ne
1180 3402 1269 3455 des
1304 3402 1662 3459 Ita'reditatem
1714 3417 1859 3461 tuam
1910 3413 1961 3464 in
1989 3428 2111 3466 con—

533 3488 818 3553 fusionem,
854 3501 909 3544 ut
963 3501 1138 3560 gentes
1189 3494 1525 3548 dominentur
1569 3500 1776 3563 nostri;
1832 3504 2110 3571 nequando

533 3574 730 3645 licam,
772 3580 861 3633 ubi
889 3591 965 3635 est
995 3582 1132 3637 Deus
1162 3587 1382 3639 eorum?
1419 3589 1508 3640 sed
1533 3601 1847 3659 cognoscant
1865 3595 1989 3662 quia
2013 3612 2110 3648 no-

532 3685 644 3723 men
689 3672 785 3724 tibi
828 3671 1083 3729 Dominus
1118 3675 1275 3729 Jesus
1318 3676 1601 3746 Christus,
1643 3681 1696 3734 in
1735 3682 1959 3750 gloriam
2014 3686 2112 3739 Dei

532 3763 731 3815 Patris.

597 3850 769 3907 Porro
829 3866 1033 3923 autem,
1094 3866 1154 3910 ut
1213 3875 1357 3914 unus
1400 3862 1525 3930 quis
1559 3864 1795 3920 hostium
1828 3868 2109 3934 Agarenus

534 3943 863 4012 blasphemis
903 3949 1154 4012 vocibus,
1212 3952 1584 4007 Constantiam
1636 3970 1900 4023 vocasset,
1927 3976 1991 4015 ac
2020 3976 2110 4017 ec-

534 4035 751 4089 clesiam
810 4039 957 4090 nudo
1016 4040 1238 4095 nomine
1272 4044 1596 4111 appellasset
1640 4046 1989 4118 Sapientiam,
2054 4054 2106 4109 in

534 4126 823 4197 quamdam
849 4144 1089 4199 praeceps
1120 4147 1243 4185 cum
1269 4149 1411 4202 equo
1439 4134 1612 4192 fat-tus
1639 4138 1849 4194 foveam
1880 4142 2105 4201 interiit.

532 4218 637 4274 Sed
684 4230 740 4273 et
790 4236 979 4275 eorum
1030 4237 1229 4291 praeco,
1280 4239 1405 4279 cum
1452 4230 1791 4287 ascendisset
1841 4233 1893 4287 in
1942 4236 2105 4290 altam

532 4311 801 4375 arborem,
831 4314 896 4364 ad
934 4328 1125 4383 eorum
1173 4319 1565 4373 exsecrandam
1605 4326 1971 4391 precationem
2007 4343 2105 4381 vo-

2222 3130 2471 3195 λέγοντες
2497 3144 2512 3159 ·
2574 3128 2903 3197 Ανάστηθι,
2930 3131 3135 3196 Κύριε,
3149 3130 3233 3199 μὴ
3264 3126 3457 3192 datam
3481 3121 3677 3176 mm

2220 3234 2336 3273 σου
2358 3221 2445 3283 είς
2472 3219 2645 3283 τέλος
2665 3234 2678 3247 ·
2699 3219 2787 3272 ὅτι
2809 3220 2936 3273 ἰδοὺ
2960 3224 3012 3274 οι
3038 3221 3239 3288 ἐχθροί
3262 3235 3369 3271 σου
3394 3216 3602 3282 ἤχησαν,
3619 3226 3668 3260 κα

2219 3314 2273 3364 οἱ
2294 3308 2623 3379 μισοῦντές
2644 3325 2718 3362 σε
2738 3305 2893 3378 ἦραν
2919 3309 3315 3378 κεφαλήν.Μὴ
3338 3304 3444 3370 δῷς
3468 3302 3558 3368 τὴν
3584 3300 3676 3361 κλη·

2212 3402 2509 3471 ρονομίαν
2547 3416 2665 3455 σου
2716 3404 2803 3467 εἰς
2852 3400 3105 3467 ὄνειδος,
3146 3401 3249 3455 τοῦ
3296 3395 3542 3465 κατᾶρξαι
3572 3388 3673 3457 ἡμῶν

2219 3495 2389 3560 ἔθνη.
2418 3495 2653 3562 μήποτε
2681 3492 2927 3545 εῑπωσι·
2954 3492 3085 3545 Ποῦ
3108 3495 3276 3545 ἐστιν
3300 3493 3329 3543 ὀ
3361 3489 3488 3551 Θεὸς
3513 3479 3677 3580 tundit:

2217 3586 2383 3640 ἀλλὰ
2432 3585 2754 3655 γνώτωσαν
2795 3583 2885 3637 ὅτι
2933 3584 3125 3652 ὄνομά
3173 3599 3268 3636 σοι
3297 3582 3482 3648 Κύριος
3524 3576 3677 3639 Ἰησσῦί

2220 3678 2495 3746 Χριστὸς,
2522 3679 2610 3742 εις
2639 3676 2828 3740 δόξαν
2863 3675 3012 3729 Θεοῦ
3051 3676 3297 3743 Πατρός.

2292 3856 2385 3924 Εἷς
2418 3862 2475 3914 δέ
2512 3878 2596 3924 τις
2627 3859 2736 3913 τῶν
2766 3859 3045 3930 πολεμίων
3088 3859 3402 3928 Ἀγαρηνὸς,
3429 3847 3677 3922 βλασφήμοις

2224 3958 2431 4027 ῥήμασι
2462 3954 2889 4008 Κωνσταντίαν
2916 3953 3101 4006 καλῶν
3122 3952 3217 4023 τὴν
3240 3950 3399 4011 πόλιν,
3428 3946 3505 3999 καὶ
3521 3937 3676 4039 τὴνἚξ·

2218 4048 2446 4117 κλησίαν
2491 4046 2631 4116 ψιλῷ
2683 4046 2904 4116 ὀνόματι
2948 4047 3180 4113 Σοφίαν
3238 4035 3675 4113 προσαγορεύωνιεί(

2223 4158 2275 4193 τι
2335 4140 2607 4211 βάραθρον
2626 4139 2723 4191 σὺν
2783 4138 2862 4209 τῷ
2899 4138 3055 4208 ἵππῳ
3111 4136 3273 4190 αὐτοῦ
3317 4118 3674 4223 uasa-tuebun-

2219 4234 2452 4303 εφοάρη.
2491 4231 2653 4285 Ἀλλὰ
2687 4231 2782 4284 και
2823 4234 2852 4285 δ
2893 4231 3071 4301 κῆρυξ
3121 4228 3313 4292 αὐτῶν,
3338 4226 3390 4277 ιν
3418 4213 3679 4289 amotis:

2224 4322 2487 4384 ἀνελθὼν,
2524 4321 2659 4392 πρὸς
2692 4320 2754 4374 τὸ
2774 4320 3008 4391 κηρύξαι
3031 4323 3131 4389 τὴν
3165 4317 3358 4388 μιαρὰν
3388 4310 3538 4365 αὐτῶν
3571 4312 3676 4372 spor

533 4406 607 4459 cis
636 4406 909 4475 praeconio
931 4408 1284 4477 eﬂ'erendam,
1320 4413 1484 4467 simili
1535 4425 1588 4469 et
1640 4418 1755 4486 ipse
1778 4420 1989 4474 ratione
2018 4437 2105 4476 ca-

2108 4454 2109 4461 η
2144 4435 2186 4488 ι)
2216 4416 2402 4487 ευχὴν,
2454 4416 2548 4469 καὶ
2597 4415 2762 4478 αὐτὸς
2816 4415 3017 4483 ὁμοίως
3054 4410 3402 4481 κατενεχθεὶς,
3434 4402 3584 4475 βιαίως
3619 4393 3680 4488 ἢν

533 4499 686 4560 dens,
719 4500 953 4554 violenta
975 4511 1151 4556 morte
1176 4504 1395 4573 impiam
1426 4508 1662 4560 animam
1698 4509 2109 4578 abrupitJ‘ost-

533 4586 752 4640 modum
802 4604 931 4642 vero
988 4606 1112 4643 cum
1167 4594 1334 4646 creati
1389 4596 1499 4647 duo
1533 4598 1809 4652 exercitus
1841 4600 2007 4654 duces
2055 4602 2108 4655 in

532 4677 792 4749 Bnlgaros
818 4696 1036 4735 movere
1062 4683 1453 4751 decrevissent,
1474 4688 1610 4741 alter
1638 4690 1857 4759 quidem
1891 4693 2110 4748 relictus

533 4778 632 4835 est,
690 4773 782 4841 qui
838 4785 1177 4843 expugnaret
1227 4779 1450 4843 urbem;
1509 4780 1649 4834 alter
1707 4784 2105 4850 expeditionem

530 4868 717 4912 contra
758 4860 1023 4931 Bulgaros
1054 4867 1337 4933 suscepit:
1388 4882 1512 4921 cum
1559 4870 1758 4937 quibus
1808 4873 2107 4940 congressi,

2219 4509 2380 4561 ἄθεον
2410 4507 2587 4576 ψυχὴν
2628 4504 2959 4576 ἀπέρρηξεν.
2988 4501 3121 4557 Εἶτα
3155 4503 3293 4558 κατὰ
3321 4495 3591 4563 Βουλγάρων
3623 4487 3677 4576 itif

2222 4574 2901 4665 στρατεύεινδιαγνόντες,
2944 4596 3037 4647 δύο
3076 4591 3363 4664 στρατηγοὶ
3411 4574 3677 4655 γεγονότεςοθ

2225 4690 2323 4757 μὲν
2380 4688 2690 4759 πολιορκεῖν
2730 4688 3059 4757 κατελείφθη
3109 4687 3206 4757 τὴν
3240 4686 3382 4737 πόλιν
3412 4698 3424 4713 ·
3453 4682 3477 4730 ό
3510 4677 3569 4732 δὶα
3591 4668 3675 4738 ﬁl)“

2222 4782 2347 4843 τοὺς
2382 4780 2723 4850 Βουλγὰρους
2767 4780 3092 4849 πολεμήσων
3137 4778 3297 4847 ἀπῄει
3320 4793 3333 4805 ·
3362 4769 3432 4833 οἷς
3486 4768 3558 4822 καὶ
3584 4778 3675 4828 WP'

2214 4872 2493 4934 ϐαλόντες,
2525 4871 2811 4936 ἡττῶνται,
2835 4871 2930 4923 καὶ
2957 4872 3242 4923 πίπτουσιν
3265 4866 3396 4934 ὑπὲρ
3428 4854 3675 4928 δισμυρίους-

534 4949 850 5015 vincuntur,
887 4968 951 5007 ac
979 4969 1142 5023 supra
1184 4956 1294 5011 duo
1325 4959 1492 5012 millia
1526 4962 1748 5016 cadunt.
1788 4963 1891 5029 Qui
1929 4973 2106 5019 autem

2106 4988 2108 5017 ι
2212 4967 2275 5017 Οί
2311 4964 2367 5017 δὲ
2415 4962 2852 5033 περιλειφθέντες
2895 4963 2988 5017 τοῦ
3022 4962 3242 5032 ὀλέθρου
3280 4941 3674 5010 διασωθέντεςβὶκ

530 5051 823 5096 evaserunt
878 5060 1087 5112 necem,
1120 5047 1293 5102 multo
1346 5052 1551 5119 pudore
1581 5052 1759 5108 all‘ecti
1802 5056 1868 5108 ad
1920 5072 2050 5119 eos,
2083 5072 2111 5109 a

530 5132 729 5200 quibus
781 5134 1171 5204 discesserant,
1230 5152 1598 5199 revertuntur.
1631 5144 1765 5201 Cum
1799 5158 1979 5202 autem
2029 5167 2113 5205 re-

532 5227 671 5281 versi
724 5241 1054 5283 conarentur
1096 5232 1357 5290 immissis
1413 5239 1641 5309 navigiis
1682 5242 1733 5294 in
1786 5240 2116 5295 Blacberna-

530 5332 649 5372 rum
684 5330 891 5389 partem
941 5322 1281 5395 irrumpere,
1320 5338 1546 5385 extensa
1569 5340 1762 5386 catena
1789 5348 1816 5384 a
1853 5333 2113 5401 trajectus

600 5471 1060 5554 (8).Ma-U_pt)t36t0t,
1082 5479 1257 5554 inquit
1277 5478 1535 5554 Ortelius,
1551 5489 1790 5554 qua'dam
1808 5500 1929 5554 gens
1948 5483 2101 5539 Plur—

533 5543 646 5621 qiea
674 5544 733 5623 in
757 5543 969 5623 iiIi-iga,
1006 5543 1173 5623 circa:
1200 5548 1455 5618 Tripolim
1499 5543 1783 5623 e't'Syrtim
1808 5543 2098 5623 "Magnam,

538 5611 615 5689 {ui
667 5611 821 5664 hodie
871 5614 1059 5669 Pacali
1120 5611 1392 5689 dicuntur,
1445 5633 1551 5675 etc.
1617 5611 1831 5678 Habent
1872 5611 2097 5689 zonam,

532 5680 829 5748 (Jeorenus,
856 5694 906 5736 et
936 5689 1025 5740 alii
1061 5688 1251 5745 eadem
1288 5680 1399 5746 fere
1432 5708 1461 5745 ιι
1493 5690 1783 5748 Saracenis
1826 5704 1879 5749 et
1910 5697 1963 5748 in
2004 5680 2101 5749 Sa;

2216 5055 2449 5127 αἰσχύνη
2512 5056 2703 5125 πολλῇ,
2760 5054 2898 5125 πρὸς
2956 5057 3103 5119 τοὺς,
3167 5052 3258 5119 ἀφ’
3306 5045 3375 5101 ἄν
3417 5039 3675 5137 διῃρέθησαν.

2218 5150 2641 5219 ὲπανέστρεφον.
2675 5148 3011 5218 Πειρώμενοι
3040 5146 3096 5198 δὲ
3141 5145 3275 5214 μετὰ
3300 5144 3390 5211 τὴν
3417 5139 3679 5198 ὑποστροφήν

2215 5242 2299 5295 διὰ
2328 5242 2436 5293 τῶν
2484 5240 2839 5310 ἐπαγομένων
2884 5239 3082 5291 πλοίων
3124 5240 3215 5289 ἐπὶ
3250 5237 3307 5288 τὸ
3336 5237 3389 5286 ἐν
3430 5224 3674 5315 ωαχέρναξι

2224 5335 2389 5403 μέρος
2422 5330 2617 5397 ἐλθεῖν,
2650 5334 2715 5403 τῇ
2745 5331 3034 5401 ὲκταθείση
3063 5329 3170 5382 ἀπὸ
3202 5325 3293 5379 τοῦ
3327 5321 3589 5392 περάματος
3613 5319 3671 5377 με’

2209 5500 2442 5539 racenos
2470 5495 2618 5557 gesta
2655 5486 2758 5541 sub
2789 5485 2969 5541 Leone
2995 5482 3388 5557 lsanrotcujus
3410 5466 3669 5557 fueritnl

2315 5538 2629 5624 qttamglinis
2656 5538 3036 5622 auspicatioia.
3064 5538 3438 5614 Fuit'Uniams,
3458 5544 3533 5615 qui
3556 5538 3669 5594 53”"

2210 5634 2399 5683 Contra
2436 5626 2595 5683 Iidem
2625 5627 2804 5681 datam
2840 5629 2892 5681 in
2927 5627 3280 5680 Christianos.
