3982 6214
343 298 479 362 1349

1470 293 1567 351 DE
1604 290 1836 350 FESTO
1872 285 2008 337 ΤΗΣ
2045 283 2464 338 ΑΚΑΘΙΣΤΟΥ.

3463 291 3598 356 13ἷιο

337 429 430 482 χρι
483 410 592 462 τῶν
644 407 886 460 Γαλάτου
945 405 1131 458 ἁλύσει
1192 401 1524 461 κωλυθέντες
1574 401 1677 452 οὐκ
1737 400 1910 468 taxum

2022 405 2173 466 parte
2212 397 2380 450 altera
2409 395 2486 465 (9)
2518 395 2586 449 ad
2641 395 2926 450 adversam
2958 395 3163 452 Galattc
3207 411 3431 468 partem,
3468 421 3597 474 pro-

336 501 560 570 ποιῆσαι
582 498 720 568 ὅπερ
750 497 1068 565 προέθεντο.

418 588 880 649 ’Δνακλασθέντες
929 587 1010 650 δὲ,
1045 585 1277 655 ἀνῆλθον
1327 586 1405 647 είς
1451 583 1512 636 τὸ
1548 582 1772 635 στενόν·
1819 582 1910 634 καὶ

335 682 590 751 ὥρμισαν
637 681 706 734 τὰ
740 678 901 731 πλοῖα
943 675 1123 730 αὐτῶν
1148 677 1228 738 είς
1257 675 1318 727 τὸ
1353 675 1645 743 λεγόμενον
1700 671 1910 723 Σωσθέ-

336 791 470 835 νιον,
500 770 596 823 καὶ
631 769 712 831 είς
756 768 979 836 ἑτέρους
1013 766 1386 836 βραχυτάτους
1444 764 1691 834 λιμένας,
1717 755 1792 814 ὧν
1843 761 1910 814 τὰ

337 861 527 921 πλείω,
563 859 669 912 ὑπὸ
708 859 975 928 χειμῶνος
1012 855 1244 926 σφοδροῦ
1300 856 1396 909 καὶ
1430 853 1743 922 πνεύματος
1787 863 1914 902 συν·-

337 951 707 1019 εθλάσθησαν,
755 947 816 1012 ἐξ
855 944 929 1002 ὧν
954 947 1024 1000 τὰ
1057 945 1283 1016 μείζονα
1321 947 1370 998 οἱ
1405 945 1667 1013 Ῥωμαῖοι
1705 957 1914 1011 πυρπο-

339 1043 590 1096 πολοῦσι.
648 1043 756 1094 Καὶ
794 1043 826 1110 ὴ
890 1041 990 1109 μὲν
1045 1040 1202 1102 πόλις
1241 1038 1662 1106 ὲστενοχωρεῖτο
1703 1033 1911 1104 τροφὰς

341 1133 419 1203 μὴ
448 1133 666 1202 ἔχουσα,
693 1132 846 1182 αὐτοὶ
875 1131 933 1182 δὲ
972 1131 1153 1183 πάντα
1194 1127 1429 1196 ἀφειδῶς
1460 1128 1526 1179 τά
1565 1124 1914 1194 προστυγχά-

337 1241 496 1277 νοντα
525 1224 908 1292 ἀφανίσαντες,
946 1222 1041 1276 καὶ
1062 1220 1228 1291 μηδὲν
1245 1221 1326 1281 εἰς
1348 1217 1662 1288 ἀποτροφὴν
1705 1215 1914 1268 ἑαυτῶν

337 1314 810 1376 καταλελοιπότες,
868 1314 948 1375 είς
1001 1310 1260 1378 τοιαύτην
1311 1309 1641 1378 περιέπεσον
1681 1307 1913 1375 ἀπορίαν

337 1407 521 1478 λιμοῦ,
554 1407 628 1468 ὡς
655 1406 873 1475 σαρκῶν
897 1403 1254 1474 ἀνθρωπίνων
1285 1403 1380 1456 καὶ
1393 1399 1547 1464 ζώων
1573 1401 1914 1469 τεθνηκότων

335 1497 771 1566 ἀπογεύσασθαι.
805 1496 1074 1566 ’Ὕστερον
1104 1495 1160 1548 δὲ
1192 1497 1287 1548 καὶ
1316 1494 1413 1566 τὴν
1444 1494 1794 1563 ἀνθρωπίνην
1821 1494 1912 1548 κό-

337 1607 476 1660 προν
525 1589 663 1659 μετά
706 1588 1044 1657 βραχυτάτου
1088 1589 1412 1656 φυράματος
1443 1585 1912 1654 προσμάττοντες,

337 1682 434 1735 καὶ
467 1679 823 1746 ἐξοπτῶντες,
846 1678 1106 1748 κλιϐάνῳ,
1138 1676 1326 1747 ἢσθιον
1364 1691 1378 1705 °
1423 1675 1565 1728 ὥστε
1615 1676 1681 1727 ἐκ
1724 1674 1913 1728 τούτου

2014 488 2165 542 hibiti
2195 497 2322 542 sunt
2350 487 2402 542 id
2443 497 2700 556 praestare
2731 488 2875 557 quod
2905 489 3280 546 decreverant.

2083 578 2160 632 Eo
2181 594 2434 633 successu
2467 579 2707 633 animum
2727 581 3143 649 despondentes,
3169 599 3291 638 sese
3345 585 3398 638 in
3425 601 3595 656 augu-

2012 676 2156 724 stum
2189 670 2370 723 sinum
2398 680 2718 738 receperunt
2745 687 2759 736 ;
2801 685 3010 739 suaque
3034 674 3244 741 navigia
3283 675 3348 727 ad
3377 685 3593 744 portum

2012 761 2216 816 dictum
2241 761 2590 814 Sosthenium
2641 762 2888 831 aliosque
2920 765 3336 833 angustissimos
3374 771 3599 836 appule-

2014 865 2163 918 runt,
2200 871 2265 910 ac
2309 870 2437 926 pars
2485 856 2663 924 major
2722 858 2895 912 valida
2949 868 3268 928 tempestate
3319 877 3383 915 ac
3436 878 3596 916 vento

2015 948 2247 1002 contrita
2279 957 2427 1012 sunt,
2453 965 2687 1018 quorum
2716 949 2920 1018 majora
2951 949 3178 1005 Romani
3216 953 3593 1010 incenderunt.

2015 1039 2092 1091 Ac
2144 1037 2365 1107 quidem
2411 1040 2605 1093 civitas
2635 1040 2880 1092 ciborum
2948 1048 3170 1108 penuria
3227 1046 3592 1101 aretabatur:

2018 1131 2202 1183 hostes
2260 1145 2389 1182 vero
2416 1145 2540 1182 cum
2583 1131 2742 1183 obvia
2799 1147 3028 1200 quaeque
3070 1135 3221 1187 nullo
3277 1137 3596 1191 discrimine

2015 1222 2414 1283 devastassent,
2452 1222 2696 1289 nihilque
2729 1223 2792 1274 ad
2818 1227 3185 1278 necessarium
3225 1239 3589 1281 cmmm'atum

2017 1309 2118 1361 sibi
2152 1310 2523 1378 reliquissent,
2555 1310 2606 1362 in
2636 1325 2755 1362 eam
2793 1326 3025 1365 aunome
3052 1317 3331 1378 penuriam
3391 1321 3592 1372 redacti

2018 1409 2164 1464 sunt,
2187 1410 2246 1454 ut
2270 1415 2445 1467 neque
2469 1401 2536 1454 ab
2564 1401 2818 1455 hun-anis
2839 1402 3121 1466 carnibus,
3151 1413 3244 1457 aut
3272 1406 3592 1460 animalium

2020 1490 2162 1543 ultro
2196 1501 2536 1545 mortuorum
2570 1493 2933 1548 Cadaver-ibus
2964 1495 3343 1551 abstinuerint.
3377 1498 3517 1564 Quin
3542 1510 3597 1552 et

2019 1591 2231 1650 postea,
2274 1582 2510 1636 humana
2580 1584 2696 1652 ipsa
2759 1594 3026 1649 stercora,
3083 1585 3281 1655 exiguo
3329 1574 3596 1643 fermento

2024 1673 2360 1743 subigentes,
2413 1689 2478 1727 ac
2514 1675 2730 1727 clibano
2787 1688 3174 1743 excoquentes,
3223 1679 3508 1746 esitaruut;
3540 1694 3597 1735 ut

335 1733 563 1833 πολλούς
612 1769 720 1823 τῶν
755 1733 1304 1837 ὀνομαστῶν-αύτῶν
1362 1767 1454 1820 καὶ
1505 1765 1792 1836 μαχητῶν,
1842 1767 1909 1835 τῇ

2017 1766 2136 1819 ideo
2166 1766 2320 1819 multi
2351 1766 2490 1820 inter
2525 1767 2648 1820 illos
2680 1768 2779 1820 viri
2813 1767 3074 1832 illustres,
3131 1785 3194 1823 ac
3228 1771 3395 1826 l’ortes
3423 1773 3594 1828 bella-

335 1865 489 1917 πόλει
551 1862 916 1932 προσρυῆναι.
962 1862 1070 1913 Καὶ
1121 1859 1405 1927 Αἰγύπτιοι
1472 1859 1594 1928 μὲν,
1625 1858 1912 1918 διώκοντες

335 1955 460 2017 τοὺς
483 1953 544 2018 ἐξ
589 1953 823 2023 Ἰσραὴλ,
852 1951 1296 2016 Κατέδυσανείς
1314 1951 1513 2014 ,βυθὸν
1540 1949 1682 2002 ὡσεὶ
1713 1950 1906 2012 λίθος·

334 2045 598 2114 ἐπήγαγε
628 2043 738 2112 γὰρ
757 2043 848 2097 ἐπ’
889 2043 1114 2107 αὐτοὺς
1139 2043 1350 2108 Κύριος
1381 2042 1447 2094 τὸ
1479 2039 1634 2108 ὕδωρ
1658 2041 1767 2106 τῆς
1819 2044 1914 2092 θα-

337 2136 598 2202 λάσσης,
627 2135 725 2187 καί
772 2134 970 2197 πόντῳ
1025 2132 1336 2200 ἐκάλυψεν
1363 2132 1606 2196 αὐτούς.
1663 2130 1914 2200 Σαρακη·

335 2228 418 2279 νο).
479 2226 537 2278 δὲ
577 2225 867 2294 φεύγοντες
901 2224 994 2293 ἀφ’
1021 2226 1199 2293 ἡμῶν,
1231 2226 1298 2276 τά
1360 2223 1500 2276 αὐτὰ
1549 2223 1758 2283 τούτοις
1817 2237 1909 2272 πε-

337 2317 589 2369 πόνθασι.
625 2316 866 2370 Ααίλαπι
899 2317 1008 2383 γὰρ
1034 2316 1129 2368 καὶ
1157 2314 1431 2382 καταιγίδι
1457 2315 1706 2382 ξενοφυεῖ
1729 2329 1786 2365 τε
1818 2314 1913 2365 καὶ

339 2407 723 2478 βρασματὼδει
764 2409 904 2460 κατὰ
932 2407 1229 2470 θάλασσαν,
1265 2406 1450 2475 σιεδὺν
1480 2407 1625 2466 ἆπας
1658 2407 1862 2466 ἐκεῖνος
1884 2406 1913 2457 ὁ

337 2499 610 2568 χιλιόναυς
631 2497 849 2551 διόλωλε
889 2497 1095 2558 στόλος.
1129 2499 1286 2549 Κατὰ
1317 2496 1427 2565 γὰρ
1460 2496 1520 2547 τὸ
1545 2497 1772 2562 Αἰγαῖον
1817 2495 1913 2546 πέ-

338 2589 504 2658 λαγος
527 2588 620 2642 τοῦ
672 2589 924 2642 πλείστου
981 2588 1169 2640 στόλου
1228 2587 1650 2651 κατχπλέοντος,
1705 2584 1913 2654 χάλαζα

343 2683 439 2751 μὲν
471 2681 530 2745 ἐξ
554 2681 784 2751 ούρανοῦ
813 2681 1121 2750 κατηνέχθη
1166 2679 1441 2749 ραγδαίως
1475 2693 1489 2707 ·
1526 2676 1716 2746 ὥσπερ
1748 2677 1804 2729 δὲ
1831 2675 1914 2727 σί-

337 2773 499 2842 δηρος
525 2771 601 2841 τῷ
633 2773 763 2842 πυρὶ
817 2771 1226 2840 προσομιλήσας
1272 2767 1662 2838 ἀναθερμαίνει
1689 2767 1749 2819 τὸ
1805 2767 1912 2836 ψυ-

339 2863 492 2933 χρὸν,
519 2863 662 2916 οὕτω
691 2863 754 2932 δὴ
781 2865 873 2914 καὶ
895 2863 944 2915 oi
973 2865 1071 2930 τῆς
1099 2861 1338 2932 χαλάζης
1373 2860 1529 2924 λίθοι,
1568 2861 1678 2922 τοῖς
1713 2859 1912 2912 θαλατ-

338 2957 470 3016 τίοις
525 2953 791 3023 ῥεύμασιν
844 2953 1195 3022 ἐμπεσόντες,
1233 2951 1538 3020 ἀναὸρὰσαι
1589 2950 1761 3004 ταῦτα
1814 2968 1914 3003 πε·

2014 1864 2181 1922 tores,
2214 1857 2268 1910 in
2312 1857 2501 1910 urbem
2543 1858 2736 1926 dilapsi
2765 1860 2894 1911 sint.
2953 1859 3033 1915 Ac
3065 1860 3299 1931 IEgyptii
3351 1865 3593 1932 quidem.

2014 1957 2404 2017 persequentes
2439 1949 2715 2012 lsraelem,
2754 1949 2979 2003 demersi
3008 1961 3131 2004 sunt
3168 1954 3221 2005 in
3271 1954 3594 2022 profundum

2012 2041 2148 2092 sicut
2176 2040 2335 2108 lapis:
2371 2040 2582 2093 induxit
2629 2042 2766 2093 enim
2801 2041 3080 2103 Dominus,
3105 2061 3264 2113 super
3309 2062 3394 2099 eos
3430 2064 3595 2116 aquas

2012 2132 2200 2196 maris,
2233 2141 2280 2183 et
2309 2140 2468 2200 ponto
2500 2133 2702 2200 operuit
2726 2148 2811 2184 eos
2831 2133 2873 2186 ".
2903 2133 2969 2186 At
3015 2131 3303 2189 Saracenis
3353 2135 3535 2205 fugam
3565 2154 3594 2189 a

2013 2221 2175 2274 nobis
2232 2223 2642 2290 arripieutibus,
2727 2223 2916 2276 eadem
2973 2224 3311 2279 acciderunt.
3389 2225 3593 2281 Oborta

2013 2312 2282 2380 siquidem
2317 2315 2573 2379 procella,
2618 2314 2968 2383 insolitaque.
3005 2329 3066 2368 ac
3120 2316 3301 2385 magni
3338 2327 3503 2372 aestus
3539 2318 3590 2370 in

2014 2408 2151 2460 mari
2205 2415 2549 2475 tempestate,
2601 2416 2710 2461 tota
2748 2422 2882 2475 pene
2931 2409 3232 2461 millenaria
3294 2410 3383 2463 illa
3407 2411 3597 2465 classis

2014 2499 2194 2568 periit.
2224 2497 2360 2552 Cum
2411 2499 2554 2551 enim
2609 2514 2732 2565 pars
2773 2499 3004 2550 maxima
3062 2499 3128 2550 ad
3179 2498 3422 2568 Egazum
3450 2518 3598 2556 nare

2015 2593 2347 2657 navigasset,
2392 2588 2661 2642 horrenda
2681 2589 2888 2657 grando
2918 2604 2947 2643 e
2971 2591 3110 2643 creto
3137 2575 3352 2644 cecidit.
3387 2589 3593 2656 Quem-

2014 2681 2307 2734 admodum
2363 2690 2566 2744 autem,
2609 2680 2654 2734 si
2711 2681 2850 2750 ignis
2881 2680 3027 2734 ferro
3067 2682 3308 2744 accedat,
3347 2694 3590 2735 naturam

2015 2769 2266 2838 frigidam
2293 2771 2346 2823 in
2385 2771 2624 2824 calorem
2683 2771 2865 2835 solvit;
2896 2772 2976 2825 sic
3027 2787 3158 2826 sane
3203 2781 3258 2827 et
3313 2773 3594 2844 graudinei

2016 2863 2221 2930 lapides
2252 2863 2474 2916 marinis
2527 2861 2782 2916 ﬂuctibus
2830 2863 2978 2928 illisi,
3032 2873 3163 2917 aestu
3195 2865 3433 2933 quodam
3483 2864 3596 2920 fer-

2015 2952 2197 3004 vidum
2247 2949 2547 3015 faciebant;
2599 2965 2776 3019 eoque
2824 2960 2960 3004 aestu
3017 2952 3282 3006 dissoluta
3333 2954 3448 3022 pice
3480 2970 3587 3022 qua

340 3047 626 3113 ποιήκασι,
659 3047 752 3098 καὶ
789 3045 867 3114 τῷ
896 3046 1121 3113 τοιούτῳ
1169 3044 1399 3113 βρασμῷ
1428 3043 1773 3114 διαλυθείσης
1818 3044 1910 3114 τῆς

2026 3043 2262 3095 hostimn
2310 3057 2478 3096 naves
2522 3043 2772 3096 obductae
2812 3052 2989 3105 erant,
3021 3042 3437 3111 iuspicieutibus
3467 3061 3595 3098 ocu-

337 3136 829 3205 ἔπικεχρωσμένης
855 3135 1054 3205 πίσσης
1084 3137 1204 3197 ταῖς
1233 3135 1425 3188 ὁλκάσι
1470 3133 1579 3187 τῶν
1614 3135 1909 3204 πολεμίων,

338 3225 589 3293 αὑθωρὺν
613 3225 690 3296 τῷ
749 3225 894 3296 βυθῷ
951 3226 1297 3289 κατεδύοντο,
1339 3227 1470 3280 δέκα
1506 3227 1663 3296 μόνον
1728 3228 1911 3290 αὐτοῖς

339 3317 764 3386 περισωθέντων
818 3317 1038 3370 πλοίων.
1078 3318 1192 3370 Kal.
1228 3313 1296 3389 ἦν
1334 3318 1462 3370 ίδείν
1488 3320 1546 3371 ὲν
1571 3319 1773 3378 πάσαις
1794 3319 1912 3380 ταῖς

337 3410 542 3477 νήσας,
568 3410 762 3471 ἀκταῖς
790 3425 850 3461 τε
882 3411 975 3461 καὶ
1011 3409 1293 3480 προϐόλοις
1318 3410 1552 3480 λιμένων
1580 3412 1672 3462 καὶ
1703 3409 1908 3480 ὅρμων,

342 3501 583 3571 σωρηδὸν
616 3501 744 3562 τοὺς
777 3502 1004 3569 νεκροὺς
1035 3502 1217 3554 αὐτῶν
1244 3501 1689 3572 διερριμμένους.

410 3591 596 3645 Ταῦτα
655 3591 758 3661 μὲν
821 3592 1038 3646 ἅπαντα
1109 3596 1197 3657 είς
1251 3593 1464 3664 γενεὰν
1522 3591 1753 3659 ἑτέραν,
1782 3591 1913 3658 ψαλ-

346 3684 518 3752 μικῶς
547 3686 740 3750 εἰπεῖν,
767 3683 1233 3753 διητείστωσαν,
1269 3684 1365 3736 καὶ
1387 3682 1534 3736 ἅπαν
1569 3683 1742 3753 στόμα
1774 3683 1912 3751 Χρι-

343 3774 595 3838 στιανῶν,
622 3777 1016 3846 προσφωνείτω
1040 3778 1104 3830 τὸ
1139 3776 1281 3846 ἱερὸν
1297 3775 1476 3844 λόγιον
1509 3776 1646 3845 μετὰ
1674 3773 1768 3827 τοῦ
1803 3779 1910 3826 Δα-

339 3864 447 3932 ϐὶδ,
475 3865 716 3934 λέγοντος
758 3883 773 3899 ο
804 3867 910 3932 Σὺ,
944 3867 1134 3940 Κύριε,
1165 3869 1536 3936 συνέτριψσς
1580 3868 1683 3932 τὰς
1729 3883 1912 3936 κεφα-

411 4041 615 4097 ’Exod.
668 4058 755 4105 xv,
807 4042 860 4096 5.
936 4041 1120 4098 'Psal.
1151 4058 1226 4110 ct,
1257 4042 1342 4098 19.

431 4221 485 4288 9)
517 4220 718 4275 Eodem
767 4234 930 4275 sensu
981 4219 1350 4289 Synaxarium
1385 4219 1587 4274 editum
1609 4261 1623 4285 ,
1657 4219 1764 4272 ἀπὸ
1801 4219 1910 4271 τῶν

338 4289 580 4345 Γαλάτου
622 4290 728 4353 ἕως
775 4291 848 4360 τὰς
884 4289 1061 4360 τείχη·
1109 4301 1170 4343 ιιι
1223 4301 1372 4344 torus
1421 4290 1535 4356 ipse
1568 4290 1913 4360 clauderetur

2020 3135 2085 3188 lis
2124 3134 2394 3203 profundo
2446 3134 2848 3204 mergebantur;
2901 3144 2958 3188 ut
3004 3144 3216 3188 tantum
3248 3135 3436 3190 decem
3479 3137 3592 3206 (10)

2020 3226 2329 3280 incolumes
2357 3241 2422 3278 ex
2453 3241 2517 3278 eo
2547 3225 2835 3294 naufragio
2893 3226 3292 3296 superaverint.
3354 3228 3594 3298 Eratque

2019 3315 2226 3381 videre,
2287 3315 2478 3370 insulis
2539 3316 2816 3381 omnibus,
2873 3319 3116 3387 orisque,
3177 3317 3468 3383 littoribus,
3531 3335 3594 3374 ac

2021 3408 2426 3475 promontoriis,
2461 3421 2650 3460 eorum
2682 3418 2929 3462 mortuos
2970 3411 3266 3463 acervatim
3310 3410 3438 3466 hinc
3469 3410 3594 3466 inde

2020 3506 2327 3567 congestos.

2089 3591 2230 3642 Sane
2263 3604 2392 3644 vero
2430 3590 2683 3644 universa
2731 3590 2865 3656 inec,
2923 3598 2984 3644 ut
3014 3589 3209 3658 loquar
3248 3606 3372 3646 cum
3439 3592 3592 3648 Psal—

2017 3679 2200 3745 miSIa,
2251 3690 2565 3732 enarrentur
2613 3681 2669 3733 in
2725 3681 3059 3749 generatione
3109 3680 3365 3734 altera':
3417 3696 3592 3751 osque

2015 3785 2178 3824 omne
2204 3771 2633 3826 Christianorum
2701 3787 2915 3826 sacrum
2974 3771 3104 3826 illud
3155 3772 3433 3826 oraculum
3466 3788 3590 3827 cum

2019 3863 2223 3919 Davide
2291 3866 2572 3930 acclatnet,
2602 3879 2666 3920 ac
2717 3865 2912 3920 dicat:
2971 3865 3358 3920 Contribulasti
3413 3867 3591 3933 capita

2015 4226 2188 4293 erant,
2217 4232 2439 4293 quarum
2475 4225 2716 4293 quaedam
2759 4221 2954 4293 auxilii
2979 4221 3180 4288 ferendi
3215 4225 3410 4291 gratia,
3442 4241 3589 4293 qure-

2017 4287 2143 4338 dam
2176 4287 2427 4338 mercium
2468 4288 2802 4352 appulerant,
2836 4287 2985 4340 intra
3005 4287 3234 4344 catenas'
3259 4287 3471 4354 sistunt,
3499 4312 3590 4348 ar-

336 4363 514 4416 sinus.
542 4360 658 4431 No_n
693 4356 1058 4431 meminerunt
1088 4360 1253 4428 hujus
1289 4370 1491 4431 catenae
1534 4359 1594 4431 S_.
1643 4357 1908 4431 Nicepho-
1944 4373 1990 4429 ι)
2020 4356 2276 4408 bitrantes
2309 4372 2369 4431 ea
2393 4371 2448 4406 se
2479 4359 2682 4410 ratione
2717 4357 3037 4431 exclusuros
3053 4361 3202 4412 aditu
3226 4365 3422 4431 regiam
3446 4367 3588 4417 clas-

333 4446 432 4484 rus
463 4445 564 4484 nec
613 4428 812 4482 Zonar.
845 4428 1115 4482 Laonicus
1152 4443 1332 4480 tamen
1373 4429 1408 4480 ι.
1448 4443 1519 4480 vn
1552 4428 1910 4484 Turciearum

333 4515 543 4562 rerum,
569 4502 653 4551 vel
682 4499 953 4561 eamdem,
976 4499 1058 4550 vel
1086 4499 1318 4552 similem
1335 4497 1616 4550 describit.
1646 4499 1736 4549 Sic
1766 4497 1910 4549 enim

335 4571 412 4622 ait
457 4582 768 4637 supremam
803 4568 954 4637 urbis
1011 4568 1631 4637 Constantinoiiolilana:
1669 4566 1915 4637 obsidio-

335 4654 459 4692 nem
489 4633 766 4690 rél'erens:
798 4635 1058 4706 Ἕλληνες
1087 4637 1186 4706 μὲν
1206 4633 1298 4706 οὖν
1323 4633 1396 4699 ὡς
1427 4636 1912 4689 έπύθοντοὲπιέναι

338 4709 489 4773 σφίσι
523 4707 612 4758 τὸν
653 4706 879 4774 βασιλέα
918 4705 1105 4758 στόλου
1149 4706 1237 4757 διὰ
1279 4705 1588 4775 θαλάσσης,
1628 4705 1793 4768 πέδας
1829 4721 1912 4756 σι-

334 4776 506 4846 δηρᾶς
542 4775 920 4846 διατείνοντες,
977 4777 1084 4846 ἀπὸ
1120 4775 1220 4842 τῆς
1255 4775 1375 4827 κατ’
1415 4776 1642 4845 ἀντικρὺ
1680 4776 1908 4846 πόλεως,

334 4844 500 4907 ις⁷τδ
551 4847 726 4914 τεῖχος
767 4844 860 4897 τοῦ
905 4845 1226 4914 Βυζαντίου,
1279 4847 1429 4914 παρὰ
1478 4844 1586 4914 τὴν
1617 4845 1911 4914 ἀκρόπολιν

334 4915 696 4984 καλουμένην.
735 4916 840 4966 Καὶ
871 4918 969 4976 τάς
998 4931 1056 4965 τε
1083 4913 1249 4984 ναῦς,
1282 4915 1401 4966 ὅσαι
1441 4913 1630 4984 ἔτυχον
1663 4913 1910 4984 παραγεέ

334 4986 559 5053 νόμεναι
603 4983 790 5048 αὑτοῦ,
822 4986 878 5037 αἱ
917 4985 1014 5052 μὲν
1047 4985 1182 5053 μετά
1235 4983 1584 5053 ξυμμαχιιῶν,
1618 4985 1673 5036 αἱ
1715 4984 1770 5035 δὲ
1816 4983 1910 5034 καὶ

333 5052 606 5121 ἐμπορίας
661 5055 843 5122 χάριν,
882 5052 1141 5121 φέροντες
1178 5052 1512 5105 καθίστασαν
1550 5057 1608 5116 ἐς
1655 5054 1753 5114 τὰς
1809 5055 1907 5104 πέ-

333 5124 450 5182 δας’
507 5124 601 5175 καὶ
641 5121 782 5175 οὕτω
828 5122 1128 5175 διενοοῦντο
1165 5123 1487 5175 διακωλύειν
1519 5125 1610 5175 τὸν
1645 5123 1909 5192 βασιλέως

337 5193 541 5250 στόλον,
579 5194 654 5260 μὴ
687 5192 942 5261 παριέναι
976 5195 1126 5255 εῖσω,
1159 5195 1214 5253 ἐς
1242 5196 1332 5244 τὸν
1367 5193 1656 5258 Βυζαντίου
1688 5193 1904 5262 λιμένα.

337 5263 524 5330 Διήκει
560 5265 668 5332 γὰρ
705 5262 876 5333 ἐντὸς
900 5264 991 5314 ἐπὶ
1025 5264 1256 5333 σταδίοις
1305 5267 1446 5315 κο.τὰ
1480 5263 1579 5332 μὲν
1609 5263 1707 5333 τὴν
1755 5263 1907 5314 πόλιν

331 5331 681 5404 ὀγδοήκοντα·
713 5335 804 5383 ἐπὶ
835 5331 891 5385 δὲ
924 5334 1022 5402 τὴν
1055 5332 1221 5401 ἀλλην
1265 5331 1491 5404 ᾕπειρον
1511 5334 1634 5404 -τῆς
1665 5331 1865 5404 ἠχώρας
1889 5370 1903 5395 ,

333 5403 426 5453 ἐπὶ
470 5405 666 5452 ἐκατὲν
706 5404 797 5453 καὶ
846 5401 1200 5471 πεντήκοντα.
1249 5401 1416 5455 Gra'ci
1465 5402 1553 5454 ubi
1603 5401 1908 5455 intellexere

331 5474 611 5523 adversum
642 5487 696 5524 se
728 5472 1010 5524 aduentare
1041 5475 1265 5524 classem
1299 5472 1518 5540 regiam,
1550 5482 1764 5540 catenas
1791 5474 1902 5540 {er-

332 5555 450 5592 reas
499 5542 562 5592 ab
603 5541 748 5604 urbe,
783 5555 900 5609 qua:
947 5556 1014 5593 ea:
1056 5542 1273 5593 adverso
1325 5539 1436 5592 erat
1486 5539 1720 5609 (nempe
1766 5539 1902 5594 Pera

332 5625 426 5662 seu
477 5609 688 5677 Galata)
731 5610 1074 5663 extenderunt
1112 5611 1163 5662 in
1213 5609 1462 5678 Byzantii
1502 5619 1710 5675 portum
1741 5611 1906 5678 juxta

329 5694 503 5731 arcem
537 5696 695 5738 quam
743 5690 946 5734 vocant.
989 5678 1161 5733 Naves
1198 5692 1475 5747 prwterea,
1518 5690 1764 5747 quotquot
1801 5680 1903 5732 ad-

2017 4441 2146 4488 sem,
2200 4442 2265 4477 ne
2314 4425 2454 4476 intra
2491 4436 2700 4492 portum
2740 4426 2958 4482 ueniret.
3011 4428 3066 4481 Is
3109 4432 3246 4482 enim
3283 4425 3361 4482 'ad
3407 4437 3585 4486 urbem

2014 4504 2160 4560 patet
2203 4496 2394 4546 stadiis
2441 4497 2764 4564 octunginta,
2811 4499 2964 4563 inque
3014 4499 3362 4553 continentem
3421 4502 3584 4554 aliam

2016 4580 2124 4638 sese
2149 4564 2372 4638 porrigit
2402 4565 2594 4638 stadiis
2621 4576 2828 4638 centum
2863 4576 2910 4617 et
2940 4567 3344 4638 quinquaginta.
3373 4571 3584 4626 Eadem

2016 4633 2129 4687 fere
2175 4633 2433 4698 Frauzes,
2483 4636 2518 4687 Ι.
2561 4651 2644 4699 ιιι,
2675 4651 2724 4688 c.
2751 4635 2806 4697 8,
2848 4649 2906 4690 ut
2939 4633 2994 4690 et
3044 4633 3226 4692 Slibe'l.
3267 4641 3320 4692 in
3358 4641 3584 4696 historia

2015 4709 2206 4777 Venet.
2256 4705 2296 4777 l.
2347 4720 2458 4777 vu,_
2495 4708 2635 4772 apud
2685 4722 2844 4777 quem
2890 4711 3057 4762 turris
3109 4708 3198 4762 illa
3251 4711 3392 4777 apud
3441 4710 3584 4767 Lao-

2015 4774 2198 4848 n_icum
2256 4775 2618 4848 iunmninata,
2668 4776 2947 4830 Gallorum
2996 4779 3165 4831 turris
3218 4774 3519 4848 appellatur
3568 4800 3582 4836 :

2013 4845 2082 4917 ab
2133 4859 2322 4897 eorum
2375 4844 2525 4917 forte
2566 4848 2819 4914 praesidio
2877 4849 3004 4900 dum
3067 4849 3200 4901 urbe
3250 4844 3584 4917 potirentur.

2013 4911 2232 4968 Grande
2261 4931 2399 4982 opus
2437 4911 2599 4982 hujus
2628 4927 2856 4978 catenae,
2890 4928 2947 4970 ut
2979 4929 3159 4971 tamen
3193 4911 3441 4974 tradente
3477 4921 3587 4973 Deo

2015 4985 2321 5056 nequiverit
2350 4983 2557 5056 '_l‘u_r_cas
2589 5000 2748 5055 portu
2783 4988 3098 5056 prohibere.
3133 4989 3206 5042 De
3245 4991 3460 5045 duabus
3487 5007 3583 5044 ea-

2013 5061 2186 5130 tenus;
2205 5054 2401 5122 quibus
2421 5053 2630 5130 _Xerces
2658 5053 3000 5130 Bosphorum
3026 5059 3254 5130 revinxit
3283 5061 3424 5114 haud
3458 5076 3585 5130 pro-

2011 5123 2100 5194 cul
2147 5123 2645 5192 Constantinopoli,
2697 5123 2912 5194 egregie
2963 5126 3154 5179 Gillius
3202 5131 3255 5180 in
3309 5145 3410 5182 suo
3449 5123 3584 5183 Bos-

2013 5191 2206 5268 phoro,
2261 5208 2288 5244 a
2349 5208 2459 5268 quo
2515 5191 2688 5249 etiam
2735 5191 3334 5268 'tlonstantinopolitani
3394 5209 3584 5268 portus

2011 5263 2467 5334 atupliorAnotitia
2499 5274 2677 5333 potest
2709 5267 2839 5334 peti.

2011 5331 2192 5410 milli)
2242 5331 2322 5410 ita
2374 5331 2596 5410 quoilue
2655 5331 2920 5410 zonaras,
2973 5336 3181 5410 addens
3233 5336 3473 5410 quinque
3515 5355 3578 5392 ex

2010 5398 2421 5463 illis,rabunde
2462 5398 2651 5469 captas
2689 5422 2719 5459 a
2771 5407 3072 5467 Romanis,
3115 5416 3173 5459 ut.
3209 5398 3328 5459 alite
3369 5398 3578 5461 tantum

2009 5471 2252 5538 quinque
2287 5475 2668 5542 superaverint
2701 5477 2874 5530 cladis
2923 5477 2989 5529 ad
3036 5491 3168 5530 suos
3208 5477 3434 5530 nuntiat.
3483 5478 3576 5531 Vi-

2009 5543 2122 5662 der'i
2157 5550 2331 5608 potest
2356 5543 2413 5596 ὃ.
2439 5541 2665 5614 Niceph.
2692 5547 2826 5602 satis
2859 5556 3112 5601 accurate
3136 5547 3238 5600 ista
3265 5547 3579 5603 describens

2009 5626 2061 5662 Ill
2121 5624 2296 5662 ΛΞΟΙΜΞ.

2008 5626 2061 5664 ΙΙΙ
2100 5624 2296 5666 Leone.
