3982 6214
525 270 656 335 1351

1338 264 1730 325 OPUSCULA
1774 262 2124 323 MOBALIA
2166 259 2519 322 INCERT/E
2554 255 2864 319 lETATIS.

3559 264 3664 329 1353

522 398 813 444 draconum
846 390 898 441 in
928 386 1103 456 aqua’
1165 384 1243 438 Ad
1305 385 1417 438 haec
1472 384 1693 437 accedat
1729 391 1783 437 et
1831 375 2104 435 canticum

2146 389 2180 442 Α
2213 380 2330 445 ,ιὰς
2359 378 2479 432 τῶν
2502 381 2846 445 δρακόντων
2869 377 2964 429 ἐπὶ
3001 376 3106 429 τοῦ
3137 376 3341 443 ὕδατος
3366 395 3377 407 ·
3409 388 3662 449 προστιθέτω

526 494 624 547 pro
657 477 804 531 exitu
856 474 1071 528 lsraelis
1118 471 1404 539 magnifica
1452 486 1582 524 voce
1618 487 1631 520 :
1675 468 1958 523 Cantemus
1993 468 2099 521 Do.

528 569 708 632 mino;
733 567 956 636 gloriose
1006 565 1145 618 enim
1186 560 1557 630 magni/iratus
1580 570 1656 614 est
1682 561 1746 613 ¹⁰.

600 656 719 710 Huc
769 654 871 708 loci
894 653 1125 708 deducto
1168 666 1444 714 sermone,
1509 650 1801 718 animoque
1831 648 1883 701 in
1924 647 2012 702 Dei
2040 663 2104 702 ac

532 747 770 808 Domini,
814 752 1239 814 praesanctaeque
1281 756 1343 794 ac
1394 742 1567 795 solius
1609 740 1871 806 Deiparze,
1926 738 2102 791 maxi-

535 854 747 894 morum
779 836 1108 891 mirabilium
1185 833 1574 889 sublimitatem
1631 830 1939 893 intendens,
1993 843 2105 899 prae

532 940 756 1000 stupore
783 929 1016 997 elinguis
1082 928 1171 991 fio,
1223 924 1610 979 deficientibus
1676 922 1855 975 verbis
1890 930 1949 973 ut
1988 934 2104 973 rem

532 1022 735 1090 possim
767 1035 1005 1087 aequare.
1036 1018 1167 1083 Quae
1191 1016 1334 1069 enim
1380 1015 1560 1084 lingua
1600 1015 1940 1081 magnisona,
1980 1010 2104 1063 Vir-

532 1113 710 1181 ginem
740 1125 803 1163 ac
826 1110 1131 1177 Deiparam,
1186 1106 1364 1174 dignis
1410 1104 1695 1173 praconiis
1754 1103 1925 1170 possit
1961 1102 2107 1155 cele-

533 1204 694 1257 brare
719 1201 742 1253 ?
777 1199 1063 1266 Quomodo
1082 1207 1261 1251 autem
1291 1197 1612 1250 mirabiliter
1644 1194 1943 1247 mirabilem
1989 1193 2107 1260 ejus

533 1293 780 1348 laudabit
808 1291 1037 1360 gratiam
1084 1288 1396 1355 fontemque
1445 1287 1744 1341 clementiae
1794 1284 2107 1351 magnifica-

535 1384 634 1447 bit,
662 1398 724 1437 ac
751 1383 953 1451 gratias
989 1378 1216 1433 referet?
1268 1377 1531 1446 Equidem
1568 1392 1666 1445 par
1722 1386 1860 1437 erat,
1906 1382 1966 1426 ut
2017 1388 2108 1426 eas

538 1475 632 1528 Dei
676 1474 935 1528 Genitrici
987 1472 1187 1541 gratias
1224 1468 1578 1530 referremus,
1636 1481 1758 1535 qu'e
1814 1464 1946 1533 ipsis
1975 1478 2107 1516 con-

537 1572 686 1618 stant
714 1563 991 1631 Operibus.
1030 1560 1241 1629 Quippe
1261 1574 1348 1623 ea,
1376 1558 1604 1627 ejusque
1622 1556 1790 1610 Natus
1816 1570 1927 1625 pra:
1948 1554 2109 1607 tibia-

537 1670 657 1707 rum
720 1667 783 1705 ac
836 1666 1165 1719 organorum
1226 1647 1677 1703 modulatissimis
1732 1645 1980 1707 canticis,
2039 1645 2105 1697 iis

537 1747 855 1801 delectatur.
883 1742 1023 1797 Sunt
1074 1757 1221 1807 vero,
1276 1750 1335 1794 ut
1367 1753 1467 1807 ego
1514 1736 1829 1807 pronuntio,
1868 1735 2104 1789 charitas

538 1852 648 1892 non
680 1837 826 1899 ﬁcta,
866 1851 989 1904 quae
1030 1847 1245 1888 summa
1292 1840 1376 1886 est
1408 1830 1543 1899 legis
1589 1838 1645 1883 et
1702 1828 2106 1897 prophetarum;

537 1928 752 1984 sincera
785 1926 1024 1980 fraterna
1081 1922 1323 1985 dilectio;
1364 1920 1671 1989 compassio
1708 1933 1812 1972 non
1860 1915 2105 1969 affectata

537 2034 601 2072 ac
628 2035 692 2072 ex
738 2016 953 2081 animo;
994 2015 1177 2069 divina
1237 2012 1542 2082 virginitas;
1593 2009 1841 2078 legitimae
1889 2007 2106 2076 nuptia';

540 2106 1035 2175 irreprehensibilis
1075 2106 1342 2159 castitas:
1371 2103 1599 2171 justitizn
1652 2102 1824 2169 vigor;
1851 2108 2109 2153 constans

538 2198 804 2252 fortitudo
830 2196 1096 2250 adversus
1135 2195 1286 2259 vitia;
1316 2192 1611 2262 composita
1664 2192 1971 2261 prudentia;
2001 2189 2110 2241 lar-

541 2305 620 2355 gae
644 2288 1022 2355 elcemosynte;
1054 2285 1389 2338 continentia
1417 2298 1522 2335 non
1553 2293 1786 2346 tumens;
1828 2279 2107 2333 humilitas

542 2376 608 2427 ad
635 2374 1111 2442 compunctioncm
1136 2371 1344 2426 facilis:
1379 2373 1443 2423 ad
1479 2372 1590 2424 haec
1615 2381 1820 2430 autem,
1851 2372 1959 2422 vita
1992 2370 2111 2422 sine

541 2465 790 2526 crimine;
827 2464 952 2517 boni
986 2477 1163 2516 mores
1202 2477 1266 2516 ac
1290 2462 1543 2522 modesti;
1593 2460 1810 2514 animus
1838 2458 2108 2528 prudens;

541 2572 604 2609 os
625 2557 762 2609 bene
792 2556 1045 2624 loquens;
1068 2555 1251 2622 lingua
1284 2553 1492 2617 favens;
1528 2567 1710 2607 sermo
1744 2550 2112 2616 rationabilis;

542 2647 735 2701 oculus
767 2660 873 2699 non
916 2647 1241 2714 impudicus;
1272 2660 1465 2698 manus
1489 2644 1624 2697 nihil
1682 2641 2110 2706 incontinentes;

545 2736 626 2791 ira
650 2752 753 2790 non
788 2737 905 2789 sine
925 2734 1152 2803 judicio,
1179 2734 1263 2787 vel
1290 2733 1493 2787 furoris
1517 2736 1718 2802 impetu
1755 2746 1915 2785 secus
1945 2731 2117 2784 ratio-

545 2843 668 2880 nem
700 2827 941 2892 trahens;
976 2826 1213 2895 aliaque,
1270 2826 1470 2895 quibus
1500 2828 1661 2878 homo
1695 2824 1759 2877 ad
1797 2824 1890 2877 Dei
1938 2823 2116 2878 factus

548 2919 858 2986 imaginem,
890 2932 953 2971 ac
996 2918 1281 2971 ordinatus
1323 2930 1447 2969 cum
1476 2915 1585 2969 Deo
1632 2930 1732 2969 ceu
1785 2916 2024 2984 pretioso
2055 2930 2119 2969 ac

545 3007 931 3063 venustissime
952 3008 1154 3061 mundo
1176 3005 1466 3060 ambitiose
1504 3014 1749 3061 ornetur.

617 3192 691 3247 lis
740 3190 1024 3261 Oportebat
1061 3190 1302 3259 Deipara:
1374 3188 1576 3258 Virgini
1622 3188 1826 3258 gratias
1892 3186 2114 3254 referre;

547 3284 770 3354 quando
821 3292 876 3338 et
924 3282 1161 3336 moralcs
1211 3281 1553 3351 pbiIOSOpbi,
1602 3281 1862 3351 Operibus
1909 3280 2117 3344 dicunt,

550 3392 657 3428 non
692 3374 892 3440 verbis,
925 3374 1220 3441 gratiarum
1258 3372 1527 3425 actionem
1558 3370 1791 3424 deliniri.
1854 3369 1992 3435 Quia
2027 3371 2114 3423 ni-

552 3467 847 3521 hilominus
890 3465 1145 3519 imbecilli
1194 3473 1409 3527 natura,
1450 3478 1513 3517 ac
1568 3462 1751 3515 animo
1780 3476 1994 3531 segnes,
2051 3460 2119 3514 ad
2178 3476 2181 3479 ·

550 3558 767 3612 virtutis
801 3558 1016 3612 labores
1058 3557 1321 3626 pigriores
1346 3555 1631 3618 efﬁcimur,
1666 3556 1943 3624 leviusque
1998 3569 2120 3607 eam

551 3650 894 3719 attingimus,
917 3657 1105 3717 atque,
1144 3658 1202 3700 ut
1232 3648 1441 3711 dicunt,
1464 3657 1710 3702 extremo
1730 3648 1920 3716 digito,
1948 3662 2121 3715 eoque

551 3739 850 3792 referendis
918 3739 1103 3808 gratiis
1157 3753 1454 3806 earumque
1535 3738 1866 3791 exsolvendo
1942 3737 2122 3790 debito

553 3830 789 3898 impares
820 3846 1030 3895 sumus;
1060 3830 1141 3883 vel
1165 3830 1323 3883 nudis
1363 3830 1553 3884 saltem
1593 3829 1774 3884 verbis
1807 3837 2119 3883 constantes

553 3922 758 3987 gratias
786 3921 1112 3975 inferamus.
1151 3921 1414 3974 Levantes
1451 3934 1581 3987 ergo
1622 3935 1805 3973 vocem
1854 3930 2120 3981 nostram,

553 4025 617 4064 ac
653 4023 856 4063 mentes
882 4012 1113 4064 sublime
1143 4012 1432 4079 erigentes,
1460 4012 1511 4063 in
1543 4014 1686 4064 hunc
1715 4009 2124 4079 modumjubilo

550 4102 832 4155 dicamus:
870 4100 1130 4170 Equidem
1160 4102 1384 4170 Deipara
1429 4100 1678 4165 Domina,
1725 4102 1940 4155 insitam
1969 4117 1997 4154 a
2029 4118 2124 4155 na-

554 4200 675 4245 tura
696 4193 1036 4245 clementiam
1068 4192 1732 4262 habens,,haudquaquam
1761 4193 1901 4261 genti
1927 4203 2126 4247 nostrae

552 4279 891 4348 providentia
933 4277 1155 4332 defuisti
1190 4300 1201 4333 :
1234 4280 1326 4333 sed
1352 4280 1496 4333 velut
1522 4281 1829 4333 communis
1860 4280 2124 4334 Christia-

2201 471 2257 522 δὲ
2282 472 2371 524 καί
2392 470 2453 521 τὸ
2479 464 2571 521 ἐπὶ
2594 472 2689 538 τῆς
2712 467 2892 530 ἐξόδου
2931 468 3141 536 Ἰσραὴλ
3162 463 3306 537 ᾆσμα
3323 473 3664 541 μεγαλοφὼνως·

2207 563 2483 630 νᾼσωμεν.
2505 558 2586 623 τῷ
2616 559 2811 624 Κυρίῳ
2838 574 2851 588 ο
2889 556 3147 623 ἐνδόξως
3176 559 3278 626 γὰρ
3307 560 3619 626 δεδόξασται.

2289 647 2557 701 Ἐνταῦθα
2581 646 2674 699 τοῦ
2709 645 2870 713 λόγου
2900 646 3211 715 γενόμενος,
3232 647 3319 699 καὶ
3351 650 3468 718 πρὸς
3502 654 3551 705 τὸ
3576 655 3675 724 ὕψος

2204 740 2423 809 ἀφορῶν
2470 738 2577 791 τῶν
2639 738 2912 808 μεγίστων
2961 741 3276 808 Θαυμασίων
3334 741 3417 793 τοῦ
3458 743 3567 796 Θεοῦ
3610 752 3679 799 καὶ

2206 833 2498 895 Δεσπότου,
2523 830 2617 883 καί
2662 830 2763 898 τῆς
2803 830 3107 901 ὐπεραγίας
3143 831 3235 885 καὶ
3275 832 3425 901 μόνης
3454 833 3677 901 Θεοτόκου,

2206 924 2421 993 ἄφωνος
2476 924 2568 975 ὐπ’
2621 922 2937 991 ἐκπλήξεως
2985 924 3224 993 γίνομαι,
3249 924 3339 993 οὐχ
3370 927 3591 995 εὑρίσκων
3616 932 3681 981 λό-

2205 1032 2334 1081 γους
2372 1014 2695 1085 ίσορῤὁπους
2736 1017 2850 1077 τοῖς
2887 1017 3196 1085 πράγμασι.
3228 1016 3355 1069 Ποία
3382 1019 3473 1087 γὰρ
3505 1024 3681 1089 μεγαλό-

2207 1122 2380 1171 φωνος
2423 1103 2664 1171 γλῶσσα,
2698 1104 2795 1174 τὴν
2854 1106 3128 1175 Παρθένον
3176 1106 3267 1160 καὶ
3301 1108 3525 1160 Θεοτόκον
3559 1113 3681 1174 ἀξίως

2206 1195 2344 1263 εὐφη
2355 1197 2516 1264 μήσει
2537 1213 2552 1260 ;
2578 1195 2695 1258 πῶς
2728 1195 3055 1265 παραδόξως»
3081 1196 3309 1267 ὑμνήσει
3335 1198 3422 1268 τὴν
3451 1202 3683 1269 παράδοξον

2206 1287 2411 1355 ταύτης
2460 1289 2640 1356 χάριν,
2698 1287 2794 1339 καὶ
2844 1288 2942 1356 τὴν
2994 1288 3178 1357 πηγὴν
3220 1290 3312 1354 τῆς
3358 1290 3683 1359 φιλανθρωπίας

2206 1377 2441 1443 δοξάσει,
2459 1380 2550 1430 καὶ
2576 1379 2674 1447 τὴν
2697 1378 3046 1448 εὐχαριστίαν
3061 1380 3331 1447 προσοίσει
3351 1382 3501 1444 ςἘδει
3517 1383 3683 1452 μὲνγὰρ

2208 1470 2375 1539 ἡμᾶς,
2408 1470 2504 1538 τὴν
2540 1469 2606 1521 δι’
2636 1468 2811 1537 ἔργων
2841 1469 3193 1539 εὐχαριστίαν
3226 1471 3492 1539 προσάγειν
3514 1471 3685 1539 :15an-

2212 1560 2431 1630 μήτορι.
2486 1560 2671 1630 Ταύτῃ
2724 1560 2835 1629 γὰρ
2879 1559 3070 1628 ἥδεται
3118 1558 3312 1627 μᾶλλον
3353 1560 3470 1629 αὐτή
3506 1577 3552 1612 τε
3579 1561 3685 1612 καὶό

2208 1650 2411 1720 ταύτης
2442 1650 2589 1714 Υἱὸς,
2620 1650 2764 1721 ἢπερ
2791 1650 2966 1703 αὐλῶν
3000 1650 3098 1702 καὶ
3144 1650 3379 1718 ὀργάνων
3426 1654 3689 1719 pomum-:6.-

2210 1757 2329 1804 ταις
2375 1740 2561 1809 ᾠδαῖς.
2597 1740 2744 1810 Αὕτη
2799 1739 2856 1792 δέ
2891 1743 3063 1804 ἐστιν,
3112 1740 3188 1802 ὡς
3240 1739 3343 1807 ἐγώ
3373 1758 3508 1810 φημι,
3548 1744 3685 1810 ἀγάπῃ

2211 1833 2592 1900 ἀνυπόκριτος,
2628 1832 2796 1898 νόμου
2831 1832 2924 1883 καὶ
2955 1832 3253 1899 προφητῶν
3280 1826 3405 1883 οὐσα
3447 1832 3687 1899 κεφάλαιον

2211 1921 2535 1991 φιλαδελφία
2588 1923 2892 1986 ἁνόθευτος,
2950 1925 3268 1992 συμπάθεια
3330 1924 3679 1993 ἁνεπίστροφος,

2211 2014 2480 2085 παρθενία
2496 2014 2696 2076 ἔνθεος,
2734 2015 2907 2084 γάμος
2929 2015 3155 2085 ἔννομος
3178 2056 3194 2079 ,
3230 2016 3515 2085 σωφροσύνη
3534 2017 3687 2068 ἀκατά-

2210 2121 2451 2171 γνωστος
2477 2145 2491 2166 ,
2532 2104 2850 2174 δικαιοσύνη
2906 2107 3161 2169 σύντονος
3183 2147 3199 2172 ,
3238 2106 3443 2175 ἀνδρεία
3478 2109 3587 2159 κατὰ
3607 2106 3682 2158 τῶν

2214 2195 2399 2247 παθῶν
2442 2195 2715 2265 ἐμμονος,
2747 2198 3035 2265 ,φρόνησις
3096 2196 3376 2260 εὔτακτος,
3433 2196 3683 2265 ἐλεημοσύνη

2210 2285 2437 2354 δαψιλὴς
2460 2326 2474 2349 ,
2510 2285 2804 2356 ἐγκράτεια
2838 2286 3073 2357 ἄτυφος,
3116 2286 3424 2348 ταπείνωσις
3463 2286 3680 2337 abutim-

2212 2390 2380 2436 κτος·
2435 2375 2527 2427 καὶ
2593 2373 2729 2444 πρὸς
2774 2374 3030 2439 τούτοις,
3088 2373 3199 2443 βίος
3252 2373 3502 2442 ἄληπτος,
3539 2374 3681 2441 τρίπος

2213 2464 2535 2535 εὔχρηστος,
2593 2459 2721 2533 ἦθος
2772 2464 3020 2533 μέτριον,
3083 2463 3205 2526 νοῦς
3257 2460 3682 2528 εὐσύνετος,οτ6μα

2214 2554 2434 2608 εὔλαλον
2458 2593 2472 2616 ,
2519 2553 2739 2621 γλῶσσα
2792 2552 3041 2623 εὔφημος
3068 2592 3083 2617 ,
3118 2552 3271 2620 λόγος
3294 2551 3517 2619 εὔλογος,
3544 2548 3689 2615 ὀφθαλι

2217 2644 2315 2713 μδς
2361 2646 2461 2695 οὐκ
2508 2641 2805 2704 ἀκόλαστος
2838 2684 2853 2707 ,
2908 2644 3092 2711 χεῖρες
3136 2641 3236 2694 οὐκ
3283 2641 3534 2710 ἀκρατεῖς,
3572 2637 3687 2697 πόδες

2214 2736 2315 2789 οὐκ
2349 2732 2490 2799 ὀξεῖς
2535 2735 2671 2804 πρὸς
2698 2733 2921 2796 κακίαν,
3003 2733 3179 2803 θυμὸς
3219 2734 3314 2785 οὐκ
3356 2731 3590 2798 ἀλόγιστος
3627 2729 3694 2780 καὶ

2218 2826 2551 2897 παρασύρων
2595 2826 2686 2878 τὸν
2712 2825 2973 2894 λογισμὸν
3007 2826 3094 2897 τῷ
3123 2825 3222 2894 τῆς
3266 2824 3442 2893 μανίας
3470 2822 3650 2893 ῥεύματι
3675 2834 3685 2847 ’

2220 2918 2413 2983 κᾶλλα,
2438 2912 2517 2981 οἷς
2541 2918 2607 2970 ἂν
2638 2918 2666 2969 ό
2696 2918 2815 2969 κατ’
2838 2918 3025 2969 εἰκόνα
3083 2915 3430 2986 πεποιημένος
3458 2913 3691 2982 ἄνθρωπος.

2146 3032 2188 3088 c
2221 3010 2314 3063 καὶ
2354 3008 2492 3079 μετὰ
2521 3009 2658 3062 Θεοῦ
2688 3009 3051 3079 τεταγμένος,
3086 3010 3162 3072 ὡς
3191 3009 3369 3078 κόσμῳ
3388 3005 3617 3060 πολυτελεῖ
3630 3003 3694 3055 καὶ

2223 3101 2411 3171 ὡραίῳ
2435 3099 2927 3168 ὲγκαλλωπίσαιτο.

2295 3192 2393 3245 Διὰ
2432 3191 2638 3245 τούτων
2680 3191 2786 3245 ἔδει
2828 3196 2894 3263 τῇ
2952 3192 3206 3263 Θεοτὸκῳ
3256 3191 3570 3263 εὐχαριστεῖν,
3608 3185 3696 3238 ἐπεὶ

2227 3282 2317 3333 καὶ
2340 3282 2437 3351 τὴν
2465 3283 2815 3353 εὐχαριστίαν
2845 3283 3054 3355 ἔργοις,
3095 3285 3207 3336 ἀλλ’
3231 3283 3289 3336 οὐ
3318 3283 3473 3351 λόγοις
3489 3275 3697 3348 ὁρίζεσθαί

2227 3388 2391 3439 φασιν
2424 3374 2473 3425 oi
2503 3375 2674 3425 ταῦτα
2698 3375 2871 3441 σοφοί.
2909 3374 3067 3426 Ἐπεὶ
3094 3374 3150 3427 δὲ
3178 3374 3237 3426 τὸ
3267 3373 3358 3443 τῆς
3386 3371 3562 3440 φύσεως
3581 3364 3695 3434 ἡμῶν

2226 3464 2471 3527 ἀσθενὲς,
2513 3464 2608 3517 καὶ
2634 3465 2695 3517 τὸ
2719 3467 2815 3536 τῆς
2841 3466 3083 3528 διανοίας
3114 3465 3311 3531 νωθρὸν
3335 3462 3551 3516 ἀποκνεῖν
3584 3457 3690 3526 ἡμᾶς

2228 3556 2362 3626 πρὸς
2385 3557 2444 3608 τὸ
2466 3557 2562 3626 τῆς
2587 3558 2788 3626 ἀρετῆς
2815 3557 3076 3610 ἐπίπονον
3115 3559 3275 3622 ποιεί,
3304 3555 3390 3609 καὶ
3415 3551 3586 3623 βραχέα
3603 3548 3697 3600 2mi-

2228 3663 2323 3715 της
2385 3646 2702 3715 ἁπτόμεθα,
2766 3649 2859 3700 καὶ
2913 3650 3024 3717 ὅσῳ
3071 3650 3282 3711 εἰπεῖν,
3323 3646 3459 3714 ἄκρῳ
3496 3638 3699 3704 δακτύλῳ.

2230 3740 2323 3791 καὶ
2372 3739 2461 3791 διὰ
2508 3739 2667 3792 τοῦτο
2711 3739 2846 3809 πρὸς
2900 3740 2998 3809 τὴν
3045 3742 3256 3793 ἔκτισιν
3296 3739 3384 3807 τῆς
3433 3730 3702 3805 εὐχαριστίας

2230 3830 2422 3894 ἐνδεῶς
2448 3831 2666 3900 ἔχομεν,
2695 3830 2796 3884 κᾶν
2818 3831 2915 3901 τὴν
2951 3831 3037 3884 διὰ
3074 3831 3329 3903 ῥημάτων
3354 3827 3501 3897 ψιλῶν
3527 3820 3701 3884 εἰσενέγ-

2230 3939 2435 3992 κωμεν.
2492 3921 2836 3988 Ὑψῶσαντες
2892 3921 2989 3991 τὴν
3037 3923 3223 3992 φωνὴν
3274 3919 3479 3981 ἑαυτῶν,
3514 3916 3593 3969 καὶ
3633 3911 3700 3968 τὰς

2231 4014 2431 4085 φρένας
2486 4012 2933 4084 μετεωρίσαντες,
2965 4012 3144 4076 οὔτως
3198 4015 3424 4081 εἴπωμεν
3467 4010 3515 4059 ὲν
3550 4001 3696 4080 dial!-

2230 4103 2356 4173 γμῷ
2384 4118 2396 4129 ·
2432 4103 2503 4155 Σὺ
2540 4102 2659 4171 μὲν.
2687 4096 2732 4155 ὦ
2765 4102 3031 4156 Δέσποινα
3058 4103 3305 4164 Θεοτόκε,
3324 4102 3380 4153 τὸ
3404 4096 3692 4167 φιλάνθρωπον

2231 4196 2294 4248 ὲκ
2333 4195 2428 4262 τῆς
2483 4193 2697 4261 φύσεως
2745 4192 2966 4262 ἔχουσα,
3006 4196 3067 4247 οὐ
3124 4194 3357 4255 διέλιπες
3406 4182 3697 4259 προνοουμένη

2230 4287 2324 4339 τοῦ
2377 4286 2565 4351 γένους
2615 4287 2798 4354 ἡμῶν,
2866 4284 2981 4337 ἀλλ’
3033 4286 3220 4356 ὥσπερ
3272 4285 3438 4354 μήτηρ
3484 4277 3605 4343 κοινὴ
3634 4269 3699 4325 τοῦ

554 4384 637 4422 na
670 4368 848 4437 gentis
911 4384 1130 4437 parens,
1172 4368 1405 4423 filiorum
1449 4385 1658 4434 amans,
1718 4384 1781 4424 ac
1829 4371 2129 4425 visceribus

2162 4380 2205 4434 D
2235 4377 2343 4429 τῶν
2394 4377 2737 4446 Χριστιανῶν
2779 4379 2989 4444 γένους,
3031 4378 3282 4446 φιλόπαις
3312 4374 3434 4444 ὁμοῦ
3484 4369 3560 4422 καὶ
3600 4361 3703 4432 φιλὸο

555 4459 802 4522 aﬂluens,
838 4460 916 4513 sic
939 4474 1152 4528 semper
1209 4469 1297 4512 tua
1335 4460 1491 4515 nobis
1550 4461 1808 4515 beneficia
1864 4461 2128 4528 imper-tis;

557 4568 659 4606 nos
730 4552 948 4605 salvans
980 4567 997 4615 ;
1031 4558 1358 4619 protegens;
1406 4551 1752 4613 custodiens,
1801 4567 1828 4604 a
1874 4554 2130 4621 periculis

555 4644 838 4708 liberans;
886 4657 1136 4695 eruensa
1200 4643 1610 4697 tentationibus.
1660 4641 1771 4697 Nos
1813 4653 1990 4697 autem
2034 4659 2130 4711 pro

553 4734 823 4801 ejusmoJi
845 4732 1048 4800 gratias
1073 4731 1307 4801 agimus;
1335 4732 1443 4784 alto
1472 4733 1619 4784 vocis
1650 4734 1917 4800 praeconio
1964 4748 2130 4801 agno-

555 4823 764 4875 scimus
811 4822 973 4885 dona;
1003 4820 1266 4875 beneﬁcia
1298 4837 1402 4875 non
1431 4823 1807 4886 occultamus;
1848 4826 2130 4892 magnifice

557 4911 811 4964 canimus
865 4919 957 4962 tua
1000 4911 1293 4973 mirabilia,
1357 4922 1508 4964 tuum
1544 4913 1594 4963 in
1624 4927 1726 4965 nos
1777 4913 2013 4965 studium
2068 4930 2131 4967 ac

555 5005 744 5052 cura'm
795 4999 1201 5067 glorificamus;
1239 5000 1655 5069 magniﬁcamus
1708 5001 2125 5068 providentiam;

556 5094 951 5165 protectionem
985 5094 1273 5148 laudamus
1295 5111 1309 5160 ;
1328 5095 1589 5147 auxilium
1621 5110 1717 5148 ceu
1742 5095 1868 5163 qnid
1886 5095 2127 5147 divinum

556 5186 876 5253 t-tlerimus;
957 5187 1391 5242 misericordiam
1442 5203 1693 5242 sermone
1762 5188 2126 5241 celebramus.

556 5282 732 5349 Atque
766 5296 863 5351 pro
904 5280 971 5334 iis
1020 5281 1387 5351 quidemquae
1436 5288 1854 5350 praecesserunt,
1913 5287 2128 5332 tuorum

559 5387 832 5428 memores
869 5372 1164 5439 donorum,
1200 5388 1265 5429 ac
1298 5388 1362 5427 ex
1389 5388 1552 5441 quam
1585 5372 1777 5426 multis
1808 5381 1901 5425 tuo
1943 5369 2132 5425 favore

556 5465 694 5518 eruti
717 5465 891 5520 simus
923 5465 1204 5535 periculis,
1236 5465 1531 5533 gratiarum
1580 5466 1814 5521 actionis
1849 5466 2126 5519 canticum

628 5641 806 5694 ’Psal.
848 5660 1031 5707 Lxxm,
1068 5645 1145 5698 15.
1230 5644 1268 5674 '°
1302 5642 1468 5695 ﬁxed.
1498 5643 1629 5701 ΠΛ

2236 4483 2485 4535 στοργος.
2521 4464 2693 4528 οὕτως
2724 4468 2811 4520 ἀεὶ
2838 4468 2935 4530 τὰς
2975 4467 3072 4530 σὰς
3104 4466 3408 4537 εὐεργεσίας
3433 4453 3704 4527 ἐπιχορηγεῖς

2234 4558 2365 4626 ἡμῖν
2392 4598 2404 4619 ,
2454 4556 2795 4618 διασώζουσα
2819 4596 2833 4621 ,
2900 4558 3304 4625 περισκέπουσα
3326 4595 3338 4615 ,
3391 4550 3667 4619 φυλάττουσα
3692 4576 3701 4593 ι

2234 4647 2496 4701 κινδύνων
2545 4648 2941 4718 ἐλευθεροῦσα,
2985 4646 3306 4719 πειρασμῶν
3345 4640 3701 4696 ἀπαλλάττουσι·

2234 4741 2392 4809 ἡμεῖς
2454 4739 2511 4791 δὲ
2569 4741 2688 4792 ἀντὶ
2725 4739 2950 4803 τούτων,
2984 4736 3428 4810 εὐχαριστοῦμεν,
3470 4723 3708 4792 ἀνακηρύτ-

2231 4846 2396 4898 τομεν
2452 4829 2553 4891 τὰς
2626 4831 2877 4900 χάριτας,
2948 4831 3008 4881 οὐ
3056 4829 3360 4898 κρύπτομεν
3438 4813 3704 4887 εὐεργεσίας·

2236 4919 2467 4987 ᾍδομεν
2524 4918 2919 4988 μεγαλοφὼνως
2980 4921 3047 4971 τὰ
3099 4919 3165 4969 σὰ
3216 4906 3707 4983 θαυμάσια.τὴνκη·

2231 5009 2483 5079 δεμονίαν
2572 5009 2899 5079 δοξάζομεν,
2974 5010 3071 5079 τὴν
3162 5008 3405 5076 πρόνοιαν
3477 4990 3709 5079 μεγαλύνο-

2239 5115 2372 5165 μεν,
2403 5098 2502 5167 τὴν
2556 5098 2890 5167 προστασίαν
2959 5096 3254 5166 ὐμνοῦμεν,
3284 5094 3375 5160 τὴν
3414 5085 3617 5156 βοήθειαν

2235 5162 2558 5259 θειάζομεν,
2603 5162 2726 5259 ’τὴν
2780 5162 3181 5259 εὐσπλαγχνίαν
3222 5179 3579 5250 δοξολογοῦμεν.
3630 5162 3708 5267 150‘-

2241 5282 2349 5353 μὴν
2376 5285 2487 5344 τοῖς
2520 5282 2850 5352 παρελθοῦσι
2877 5280 3211 5352 μεμνημένοι
3250 5278 3353 5329 τῶν
3394 5272 3487 5324 σῶν
3524 5267 3708 5353 δωρξωνο

2237 5376 2331 5426 καὶ
2357 5372 2418 5437 ἐξ
2452 5374 2593 5427 ὅσων
2632 5374 2893 5427 κινδύνων
2946 5370 3287 5443 ὲρῤύσθημεν
3323 5364 3403 5417 διὰ
3436 5358 3534 5415 σοῦ,
3556 5347 3708 5408 ταύτην

2238 5482 2319 5521 σοι
2344 5464 2443 5535 τὴν
2472 5466 2890 5535 εὐχαριστήριον
2921 5464 3063 5535 ᾠδὴν
3091 5463 3165 5523 ὡς
3204 5460 3349 5529 χρέος
3395 5447 3671 5522 προσάγομεν
3692 5446 3707 5463 ⁸
