3884 6208
140 313 277 378 1353

1444 308 1473 368 Ι
1477 310 1575 369 ΑΜ
1585 308 1665 369 BI
1705 308 2065 371 ASCETICI.

3245 264 3387 368 1354‘

136 423 234 475 οὐκ
282 418 534 484 ἀντάξιον
577 418 680 489 μὲν
712 418 879 474 οὖσαν
913 420 1034 483 ταῖς
1084 419 1204 482 σαῖς
1231 418 1612 492 εὐεργεσίαις·
1648 423 1702 475 τι

1809 422 1934 487 hoc,
1976 437 2077 477 ceu
2098 420 2339 476 debitum
2408 419 2504 473 tibi
2564 417 2870 484 oﬂ‘erimus;
2919 433 3031 475 non
3085 419 3234 474 velut
3273 422 3379 474 tuis

138 514 241 583 γὰρ
286 511 351 565 ἂν
396 511 491 563 καί
537 509 623 579 εἴη
678 511 887 564 τούτων
937 511 1219 577 ἀντάξιον;
1261 512 1421 582 πλὴν,
1454 514 1584 581 φίλα
1613 531 1697 566 σοι

136 606 203 658 τὰ
226 605 328 657 τῶν
362 602 471 655 σῶν
493 603 698 657 παίδων
726 603 1070 673 ψελλίσματα
1087 618 1101 632 '
1138 604 1233 655 imi
1249 605 1307 657 δὲ
1330 608 1444 667 τοῖς
1468 608 1553 659 ὲνε
1564 606 1703 659 στῶ-

141 714 189 748 σι
242 697 332 749 καὶ
375 692 639 747 λυποῦσιν
706 696 888 764 ἡμᾶς,
965 694 1400 765 παρακαλοῦμεν
1442 698 1542 767 τὴν
1601 699 1701 768 σὴν

143 788 401 857 ὀξυτάτην
450 785 703 856 βοήθειαν
738 801 752 815 ·
792 785 1023 855 δεόμεθα
1062 786 1161 854 τῆς
1210 786 1309 857 σῆς
1364 787 1704 859 ἀντιλήψεως

137 880 289 933 λῦσαι
314 878 380 932 τὰ
398 881 458 932 ὲν
491 878 569 948 τῷ
601 878 750 949 μέσῳ
773 878 1199 949 προσκόμματαο
1229 878 1583 934 διασκεδάσαι
1602 879 1702 951 τὴν

136 969 430 1039 ἐπέχουσαν
446 969 593 1037 ἡμᾶς
623 966 854 1036 νεφέλην
873 984 933 1019 τε
965 967 1063 1020 καὶ
1087 968 1472 1037 σκοτόμαιναν,
1518 969 1610 1036 ὐφ’
1632 964 1704 1037 ἦς

133 1060 315 1131 ὥσπερ
328 1060 386 1115 ὲν
410 1059 752 1129 νυκτομαχίᾳ
781 1058 1053 1129 βάλλομεν
1069 1075 1131 1111 τε
1166 1060 1257 1112 καὶ
1291 1058 1602 1130 βαλλόμεθα
1621 1076 1634 1089 ·
1667 1059 1700 1128 ἢ

138 1152 331 1222 μᾶλλον
350 1152 547 1213 εἰπεῖν,
562 1150 751 1220 ὥσπερ
767 1150 815 1201 οἱ
838 1151 1172 1221 μαινόμενοι,
1193 1151 1303 1204 τῶν
1322 1151 1466 1204 ἰδίων
1480 1151 1703 1221 σαρκῶν

132 1241 435 1311 ἁπτόμεθα,
462 1242 557 1293 καὶ
579 1239 883 1310 ἀγνοοῦμεν
911 1241 1038 1305 τοὺς
1058 1244 1365 1310 συγγενεῖς,
1388 1242 1483 1293 καὶ
1496 1241 1557 1293 τὸ
1576 1242 1703 1309 ὁμό-

135 1334 293 1400 φυλον
314 1333 414 1385 οὐκ
436 1330 894 1402 ἑπιγινώσκομεν.
924 1333 1032 1385 Καὶ
1066 1333 1241 1385 ταῦτα
1274 1332 1591 1403 τολμῶμεν·
1624 1331 1701 1383 τί-

134 1443 249 1492 νες;
282 1426 330 1478 οἱ
363 1423 457 1477 τοῦ
484 1424 649 1478 αὐτοῦ
696 1425 911 1495 ιιατρὸς
932 1466 946 1491 ,
981 1425 1077 1478 τοῦ
1126 1426 1243 1488 ἑνὸς
1290 1425 1529 1494 Χριστοῦ
1550 1466 1566 1491 ,
1595 1424 1699 1491 τῆς

132 1518 297 1587 αὐτῆς
349 1517 617 1581 πίστεως,
650 1516 745 1568 τοῦ
789 1518 956 1570 αὐτοῦ
990 1517 1392 1587 βαπτίσματος,
1436 1516 1534 1587 τῆς
1575 1516 1704 1585 μιᾶς

141 1609 499 1679 Ἐκκλησίας,
532 1610 638 1663 τῶν
676 1610 858 1664 αὐτῶν
899 1609 1220 1678 μυστηρίων
1264 1608 1585 1679 ἠξιωμένοι,
1619 1608 1705 1660 ἵνα

129 1703 206 1771 μὴ
243 1701 399 1770 λόγον
450 1702 829 1772 ἀποτείνωμεν
881 1701 1111 1771 μακρόν.
1147 1700 1248 1753 Διὰ
1289 1700 1449 1753 τοῦτο
1472 1699 1707 1753 ἱκετεύο-

1807 529 2049 583 congrue
2077 512 2357 567 beneﬁciis
2385 512 2711 581 respondeat
2736 529 2750 566 ι
2772 512 2902 581 quid
2929 513 3077 567 enim
3106 513 3269 567 etiam
3313 512 3381 565 iis

1807 592 2112 673 congruum
2155 602 2341 658 haberi
2389 602 2599 673 possit?
2660 605 2941 659 enimvero
2975 605 3146 659 amica
3210 605 3380 659 habes

1808 697 2045 751 ﬁliorum
2080 695 2470 752 balbutimenta
2508 714 2524 755 :
2573 695 2678 750 Pro
2727 697 2793 751 iis
2821 705 3004 751 autem
3056 697 3215 751 malis
3260 713 3382 767 quae

1808 787 2091 855 ingruunt,
2120 800 2186 841 ac
2224 786 2384 842 nobis
2440 786 2668 842 molesta
2718 795 2872 852 sunt,
2934 788 3285 843 obsecramus
3322 797 3382 843 ut

1806 877 2007 932 festino
2032 877 2296 933 auxilitum
2337 877 2637 947 impendas.
2694 879 2969 947 Rogamus
3005 894 3103 947 pro
3156 890 3249 933 tuo
3285 896 3383 951 pa-

1808 967 2038 1023 trocinio
2081 983 2145 1022 ac
2178 968 2367 1032 tutela,
2408 977 2469 1022 ut
2528 968 2687 1024 tollas
2740 969 3063 1025 oﬂendicula
3093 970 3148 1024 in
3201 972 3381 1026 medio

1806 1058 2162 1125 etsistentia;
2213 1060 2474 1129 dispellas
2529 1075 2659 1115 vero
2707 1073 3065 1131 occupantem
3122 1062 3376 1117 nebulam

1807 1162 1874 1201 ac
1906 1158 2083 1201 atram
2146 1150 2460 1219 caliginem,
2519 1165 2626 1218 qua
2692 1151 2901 1214 etet-ali,
2957 1166 3054 1206 ceu
3117 1162 3381 1206 nocturna

1805 1253 2006 1306 pugna,
2038 1237 2297 1292 cauiimus
2329 1240 2552 1307 pariter,
2571 1238 2962 1308 cmdimurquc;
2996 1241 3075 1294 rel
3104 1250 3162 1294 ut
3189 1241 3384 1298 melius

1807 1329 2009 1392 dicam,
2048 1330 2125 1381 uti
2153 1328 2367 1394 furiosi,
2406 1340 2623 1385 nostras
2649 1331 2905 1400 ipsorum
2934 1347 3129 1387 carnes
3175 1333 3383 1388 discer-

1806 1420 2023 1490 pimus;
2062 1437 2168 1473 non
2228 1422 2575 1491 agnoscimus
2629 1433 2912 1492 cognatos,
2967 1438 3033 1478 ac
3091 1426 3381 1480 contribu-

1807 1516 1886 1569 les
1922 1515 2218 1570 nescimus.
2252 1516 2426 1585 Atque
2449 1517 2563 1571 haec
2597 1517 2865 1572 audemus
2897 1535 2910 1571 :
2948 1517 3180 1583 Quinam
3214 1521 3382 1576 vero?

1808 1605 1911 1669 Qui
1945 1604 2205 1659 nimirum
2244 1604 2565 1675 dignatione
2597 1605 2804 1672 divina,
2844 1607 3093 1661 eumdem
3140 1608 3381 1671 Patrem;

1807 1696 2090 1750 Christum
2122 1713 2317 1761 unum,
2367 1700 2612 1751 eamdem
2654 1697 2841 1761 ﬁdem,
2913 1699 3053 1754 idem
3091 1700 3381 1769 baptisma,

132 1809 233 1861 μεν
271 1792 370 1863 τὴν
400 1791 500 1863 σὴν
542 1792 969 1862 εὐσπλαγχνίαν,
1030 1789 1211 1845 οἶκτον
1244 1790 1433 1844 λαϐεῖν
1472 1791 1567 1843 τοῦ
1610 1790 1702 1843 σοῦ

1814 1800 1980 1839 unam
2013 1787 2339 1851 Ecclesiam,
2373 1800 2717 1844 sacramenta
2755 1791 3071 1844 communia
3106 1792 3187 1860 (ut
3229 1807 3296 1847 ne
3327 1795 3382 1846 in

128 1882 263 1937 λαοῦ
300 1885 395 1937 καὶ
424 1885 525 1953 τῆς
554 1884 923 1955 κληρονομίας
966 1900 1083 1950 σου,
1118 1884 1211 1937 καὶ
1236 1882 1431 1952 στῆναι
1471 1881 1716 1956 πρέσϐιν.

126 1977 267 2048 πρὸς
296 1975 388 2029 τὸν
415 1977 480 2030 ὲκ
518 1976 614 2031 σοῦ
645 1976 908 2046 τεχθέντα
932 1976 1064 2028 Θεὸν
1100 1975 1279 2046 ἡμῶν,
1313 1976 1408 2027 καὶ
1438 1974 1706 2045 βοηθῆσαι

134 2070 237 2140 μὲν
290 2071 421 2139 ἡμῖν
472 2070 542 2123 τὰ
594 2069 796 2140 ἔσχατα
852 2067 1280 2133 κινδυνεύουσιν,
1312 2065 1591 2131 ἐξελέσθαι
1649 2064 1707 2117 δὲ

122 2164 273 2233 ἡμᾶς
321 2162 618 2232 συμφορῶν
676 2163 1013 2230 ἀνηκέστων.
1062 2158 1224 2231 Ὁρᾷς
1261 2160 1428 2224 ὅσοις,
1474 2154 1519 2212 ὧ
1568 2157 1704 2208 Δέσ-

122 2272 306 2320 ποινα,
325 2252 1026 2324 κακοῖςπεριαντλούμεθα.
1043 2252 1355 2317 Ἀνάστηθι
1374 2250 1487 2305 οὖν
1504 2249 1601 2301 καὶ
1617 2246 1704 2316 μὴ

119 2341 337 2410 ἀπώσῃ
368 2344 452 2408 εις
476 2343 677 2407 τέλος.
708 2342 832 2395 Ἵνα
858 2342 914 2394 τί
942 2341 1009 2394 τὸ
1041 2340 1368 2408 πρόσωπόν
1412 2354 1529 2391 σου
1556 2338 1696 2391 ἀπο·

122 2431 425 2500 οτρέφεις,
452 2438 549 2484 καὶ
578 2431 998 2496 ἐπιλανθάνεις
1027 2431 1138 2497 τῆς
1167 2428 1466 2495 πτωχείας
1502 2425 1705 2493 mulir;

120 2526 391 2579 Διάλυσον
426 2526 555 2587 τούς
605 2524 984 2593 ἐπικειμένους
1029 2522 1224 2589 φόϐους
1279 2521 1376 2572 καὶ
1418 2520 1657 2587 τρόμους
1689 2533 1703 2546 ο

119 2617 281 2671 ἄνελε
316 2618 415 2680 τὰς
454 2615 790 2685 φιλονείκους
834 2614 1119 2675 ἐνστάσεις
1151 2628 1165 2641 ·
1199 2612 1407 2664 παῦσον
1443 2610 1541 2671 τὰς
1596 2609 1701 2679 μά-

117 2726 226 2778 χας
269 2709 363 2760 καὶ
425 2708 550 2770 τοὺς
580 2707 854 2776 πολέμους
882 2704 1163 2757 ’κόπασον
1223 2702 1320 2771 τὴν
1370 2701 1490 2753 καθ’
1549 2698 1706 2769 ἡμῶν

118 2797 445 2868 κινηθεῖσαν
474 2797 643 2868 ὀργὴν
668 2797 759 2850 τοῦ
790 2795 926 2849 Θεοῦ
952 2796 1047 2848 καὶ
1077 2794 1305 2866 Θραῦσιν
1334 2809 1349 2823 ⁸
1379 2792 1706 2861 καταπράῦ-

114 2908 211 2945 νον
243 2890 342 2954 τὰς
372 2891 432 2943 ὲν
458 2890 534 2960 τῷ
567 2892 718 2960 μέσῳ
755 2888 971 2953 στάσεις
1003 2888 1099 2941 καὶ
1149 2885 1417 2956 ταραχὰς,
1452 2886 1546 2938 καὶ
1604 2902 1704 2953 γαι-

114 2981 294 3052 λήνην
347 2980 443 3034 καὶ
482 2983 709 3051 εἰρήνην
750 2980 1054 3051 βράϐευσον
1111 2979 1227 3041 τοῖς
1269 2977 1511 3042 οἰκέταις
1557 2994 1655 3031 σου
1689 2993 1702 3008 ⁸

117 3072 207 3125 ἵνα
271 3074 390 3135 ταῖς
448 3072 670 3135 πολλαῖς
742 3070 1088 3142 εὐεργεσίαις
1122 3069 1533 3140 ζπροστεθείσης
1612 3070 1706 3123 καὶ

112 3162 353 3234 ταύτης,
384 3163 857 3235 ρινακηρύττωμεν
882 3162 1177 3225 διαπαντὸς
1209 3162 1278 3215 τὰ
1310 3162 1379 3215 σὰ
1409 3162 1698 3233 τεράστια.

196 3349 347 3406 Ἀλλ’
399 3349 631 3403 ἐνταῦθα
676 3349 979 3420 γενόμενοι,
1016 3349 1113 3402 καὶ
1140 3348 1209 3403 τὰ
1238 3346 1385 3401 ἱστία
1413 3346 1508 3401 τοῦ
1538 3346 1699 3415 λόγου

105 3443 477 3514 χαλάσαντες,
523 3442 603 3502 εἰς
654 3442 746 3493 τὸν
805 3440 1025 3511 ἀσφαλῆ
1074 3442 1174 3511 τῆς
1235 3438 1445 3510 σιωπῆς
1510 3439 1703 3509 ὡρμή-

106 3550 307 3603 σωμεν
376 3532 600 3603 λιμέναο
676 3534 852 3585 έκεῖνο
913 3533 1075 3585 πάλιν
1146 3534 1274 3595 τοὺς
1344 3532 1701 3602 συνειλεγμέ-

102 3644 239 3690 νους
302 3625 742 3695 ἀναμνήσαντες,
780 3624 855 3695 μὴ
903 3625 1224 3695 ἀγνώμονας
1286 3625 1520 3695 φανῆναι
1573 3624 1701 3694 περὶ

98 3718 208 3788 τὴν
246 3715 535 3785 εὐεργέτιν
584 3716 679 3767 καὶ
710 3715 1008 3769 Δέσποιναν
1031 3730 1044 3745 ⁸
1090 3714 1226 3786 μηδὲ
1273 3715 1359 3769 διὰ
1388 3715 1496 3767 τῶν
1520 3714 1699 3784 ἔργων

98 3805 638 3879 εὐεργετουμένους,
671 3807 851 3858 ὀκνεῖν
874 3805 973 3876 τὴν
998 3806 1087 3860 διὰ
1120 3805 1229 3858 τῶν
1264 3805 1442 3872 λόγων
1472 3806 1700 3875 εὐχαρισ-

99 3901 273 3967 στιαν
309 3897 648 3967 προσφέρειν
680 3913 696 3928 ·
728 3896 825 3950 καὶ
852 3898 960 3967 γὰρ
986 3897 1170 3962 πάλιν,
1202 3898 1280 3959 εὶς
1308 3898 1457 3967 ἡμᾶς
1486 3896 1547 3949 τὸ
1573 3895 1702 3966 κέρ-

92 3966 190 4055 ὧς
225 3966 544 4044 ἐπάνεισιν.
594 3988 722 4041 Ἐὰν
750 3988 859 4060 γὰρ
890 3966 983 4041 ἐπὶ
1016 3991 1128 4051 τοῖς
1178 3966 1449 4057 φθάσασιν
1478 3988 1699 4057 εὐχάρι-

95 4100 225 4137 στοι
260 4078 580 4150 γενώμεθα,
611 4080 853 4153 μεγάλην
887 4082 1101 4145 ἑαυτοῖς
1131 4081 1267 4151 πρὸς
1329 4082 1397 4134 τὰ
1437 4081 1699 4151 μέλλοντα

91 4167 521 4241 εὐτρεπίσομεν
551 4171 888 4241 παρρησίαν,
923 4172 1017 4224 καὶ
1049 4171 1156 4223 τῶν
1198 4172 1529 4239 ἀπορρήτων
1558 4172 1696 4236 ἁγα-

90 4265 214 4319 θῶν
251 4261 599 4331 ὲπιτύχομεν
635 4278 650 4292 ο
693 4263 877 4332 χάριτι
907 4262 1004 4316 καὶ
1044 4262 1425 4331 φιλανθρωπίᾳ
1455 4261 1548 4313 τοῦ
1597 4262 1700 4311 Ku-

94 4357 227 4430 ρίου
276 4353 445 4425 ἡμῶν
485 4352 663 4423 Ἰησοῦ
694 4352 953 4423 Χριστοῦ,
985 4346 1029 4420 ᾧ
1050 4354 1083 4423 ἡ
1107 4350 1233 4415 δόξα
1277 4351 1370 4404 καὶ
1400 4352 1460 4403 τὸ
1498 4353 1699 4413 κοὰτος

88 4450 181 4513 είς
205 4445 349 4509 τοὺς
382 4444 607 4508 αὶῶνας.
650 4445 844 4515 Ἀμήν.

1808 1878 2032 1948 longum
2074 1894 2259 1934 sermo
2288 1880 2468 1951 abeat)
2499 1880 2786 1935 habemus.
2831 1880 3195 1947 Quamobrem
3254 1899 3386 1952 sup-

1807 1969 1975 2038 plices
2005 1970 2362 2025 obsccramus
2396 1980 2547 2025 tuam
2580 1971 2948 2033 clementiam.
2990 1984 3049 2026 ut
3079 1973 3155 2026 tui
3179 1975 3383 2042 populi,

1808 2078 1869 2113 ac
1908 2071 2015 2115 tua:
2066 2062 2398 2117 hareditatis
2454 2062 2790 2129 miserearis,
2832 2064 3092 2133 adsisque
3150 2065 3385 2120 interce-

1808 2153 1945 2208 dens
1977 2154 2118 2221 apud
2160 2163 2347 2207 natum
2396 2170 2465 2208 ex
2495 2164 2547 2208 te
2576 2153 2743 2208 Deum
2805 2164 3077 2217 nostrum,
3113 2171 3178 2211 ac
3226 2157 3386 2212 nobis

1810 2245 1862 2298 in
1893 2255 2143 2299 extremo
2170 2245 2487 2301 constitutis
2534 2246 2775 2315 periculo
2825 2247 3128 2311 auxilieris.
3159 2258 3322 2318 atque
3353 2265 3383 2303 a

1807 2335 2103 2405 deploratis
2134 2337 2334 2406 eripias
2361 2337 2790 2392 calamitatibus.
2840 2338 3026 2401 Vides,
3063 2353 3097 2394 0
3128 2340 3382 2405 Domina,

1808 2436 1941 2493 quot
1973 2428 2216 2497 undique
2261 2428 2420 2482 malis
2450 2427 2850 2483 absumamnr:
2898 2429 3137 2501 Exsurge
3197 2433 3383 2502 igitur,

1808 2526 1857 2568 ει
1892 2518 2196 2586 ηεξνεμειισε
2222 2519 2275 2571 in
2302 2518 2482 2586 ﬁnem.
2522 2518 2631 2572 Cur
2683 2520 2870 2587 faciem
2901 2530 3047 2575 luam
3095 2527 3311 2590 avertis,
3337 2536 3386 2578 et

1808 2607 2126 2663 Oblivisceris
2144 2611 2334 2680 inopia:
2350 2621 2543 2665 nostrw
2558 2611 2627 2665 “?
2644 2612 2883 2668 Dissolve
2902 2614 3279 2670 incumbentes
3297 2632 3389 2671 no-

1814 2697 1899 2753 bis
1926 2699 2151 2755 timores
2183 2715 2248 2755 ac
2265 2710 2548 2764 tremores;
2572 2702 2700 2756 tolle
2726 2704 3388 2776 contentiosasopponen-

1810 2789 1942 2844 tium
1962 2806 2202 2862 pugnas;
2224 2794 2349 2849 scda
2367 2811 2575 2865 pugnos
2592 2811 2653 2849 ac
2666 2795 2801 2850 bella
2823 2798 2981 2860 ;siste
3003 2810 3200 2853 motam
3219 2800 3269 2855 in
3285 2816 3388 2855 nos

1810 2879 1902 2934 Dei
1940 2880 2075 2936 iram
2092 2899 2154 2938 ac
2174 2884 2588 2950 contritionem;
2616 2900 2881 2956 compone
2896 2888 3105 2943 medias
3137 2900 3381 2945 nostrum

1809 2974 2106 3029 seditiones
2131 2989 2194 3028 ac
2226 2976 2588 3037 turbationes,
2620 2976 2837 3046 tuisque
2866 2977 3089 3034 famulis
3116 2984 3389 3051 tranquil-

1811 3065 2021 3120 litatem
2050 3082 2115 3122 ac
2148 3083 2337 3136 pacem
2363 3068 2622 3133 concede;
2659 3076 2718 3122 ut
2764 3069 3011 3138 pluribus
3047 3071 3155 3126 illis
3183 3074 3388 3129 beneﬁ-

1808 3158 1930 3224 ciis,
1963 3160 2165 3228 quibus
2188 3174 2291 3214 nos
2320 3159 2636 3222 cumulasti,
2662 3161 2952 3216 accedente
2983 3162 3245 3219 benrlicio
3264 3166 3385 3229 hoc,

1808 3259 1901 3305 tua
1934 3250 2177 3322 prodigia
2216 3252 2551 3322 sempiterno
2577 3255 2851 3321 praeconio
2882 3253 3243 3313 celebremus.

1876 3342 1995 3398 Huc
2024 3351 2205 3398 autem
2237 3344 2472 3399 deducto
2497 3359 2771 3409 sermone,
2813 3361 2878 3401 ac
2904 3346 3025 3416 ejus
3060 3348 3388 3405 contrahen-

1806 3444 1887 3490 tes
1920 3436 2054 3501 rela,
2084 3435 2149 3489 ad
2185 3444 2358 3488 tutum
2388 3435 2588 3490 silentii
2620 3445 2836 3506 portum
2887 3438 3243 3507 applicentus;
3285 3441 3391 3497 hoc

1810 3527 2006 3580 iterum
2041 3524 2401 3580 admonentes
2439 3525 2725 3581 collectum
2779 3537 3006 3592 emtum,
3078 3538 3140 3583 ut
3198 3544 3268 3585 ne
3299 3530 3386 3585 in-

1804 3616 1945 3686 grati
1973 3631 2098 3685 erga
2123 3617 2420 3672 beneﬁcam
2443 3633 2509 3672 ac
2527 3618 2813 3672 Dominam
2842 3618 3152 3688 videamur;
3186 3636 3385 3693 neque,

1804 3710 1898 3778 qui
1927 3708 2060 3778 ipsis
2096 3709 2263 3764 rebus
2302 3709 2568 3764 beneﬁcio
2621 3710 2795 3766 simus
2823 3713 3023 3778 aﬂ‘ecti,
3065 3713 3147 3769 vel
3188 3715 3380 3768 saltem

1805 3802 1986 3857 verbis
2021 3802 2317 3872 gratiarum
2350 3803 2622 3859 actionem
2669 3805 2864 3860 omne
2902 3807 3238 3877 negligamus
3275 3825 3288 3862 :
3328 3808 3383 3861 in

1806 3909 1949 3963 quos
1986 3896 2248 3949 nimirum
2299 3897 2497 3951 iterum
2530 3906 2838 3952 revertatur
2890 3902 3256 3954 commodum.
3298 3899 3386 3954 Si-

1806 3987 2026 4056 quidem
2061 3988 2207 4042 enim
2237 4003 2337 4057 pro
2389 3988 2665 4059 prioribus
2719 3990 2878 4045 bonis
2915 3992 3056 4062 grati
3093 3991 3384 4056 fuerimus,

1806 4095 2059 4148 magnam
2094 4079 2255 4133 nobis
2290 4080 2359 4133 ad
2410 4079 2595 4135 futura
2629 4081 2882 4139 ﬁduciam
2923 4085 3384 4152 comparabimus,

1805 4185 1868 4223 ac
1896 4184 2258 4239 assequemur
2296 4171 2683 4227 incnarrabilia
2709 4189 2773 4228 ac
2804 4190 3005 4229 arcana
3060 4177 3222 4241 bona;
3254 4194 3385 4247 gra-

1806 4261 1879 4313 tia
1917 4261 1985 4314 ac'
2010 4262 2386 4315 misericordia
2422 4260 2639 4316 Domini
2668 4266 2841 4316 nostri
2879 4262 3009 4318 Jesu
3041 4267 3241 4321 Christi
3293 4268 3381 4322 cui

1805 4350 1975 4420 gloria
2010 4365 2072 4404 ac
2098 4359 2344 4420 potestas
2378 4351 2433 4405 in
2465 4354 2685 4407 saecula.
2724 4357 2914 4407 Amen.

1362 4743 1685 4806 iNCERTl
1745 4742 2147 4807 AUCTORIS

564 4924 1016 5016 VERSUS
1093 4923 1550 5011 lAMBlCl
1634 4922 1780 5011 DE
1844 4922 2218 5013 REBUS
2272 4923 2915 5015 ASCETICIS.

1088 5114 1151 5179 (Ε
1186 5130 1274 5166 ms.
1302 5129 1417 5166 stec.
1453 5129 1515 5165 xv
1546 5112 1677 5165 Bibl.
1703 5113 1939 5164 Laurent.
1968 5114 2194 5177 BANDINI,
2226 5115 2265 5177 Ι,
2296 5116 2424 5179 ιοδ.)

695 5381 849 5453 Ἔπη
882 5384 1106 5453 χρυσᾶ.

71 5476 241 5549 Ἐγώ
280 5489 352 5528 σε
388 5470 583 5543 φιλῶν,
620 5474 718 5527 καὶ
746 5476 852 5547 πρὸ
886 5476 1052 5529 τῶνδε
1109 5479 1217 5531 τῶν
1256 5477 1450 5548 λόγων,

56 5572 317 5631 Μᾶλλον
343 5565 406 5621 δὲ
438 5566 651 5621 πενθῶν
685 5568 788 5622 ὐπὸ
817 5568 1139 5639 φιλοσοφίας
1162 5611 1177 5638 ,

139 5727 182 5760 ⁸⁸
205 5719 380 5779 Psal.
406 5734 561 5787 XLlli,
593 5721 684 5776 25.

500 5814 773 5875 Parnm.
805 5818 917 5876 GR.
964 5817 1121 5878 CVI.

2346 5388 2600 5443 Carmina
2644 5407 2825 5444 aurea.

1805 5482 1881 5536 Te
1914 5482 2143 5550 diligens
2167 5481 2454 5553 plusquam
2490 5483 2663 5538 valeat
2696 5498 2760 5537 os
2780 5482 2982 5548 dicere,

1796 5576 1876 5632 Ac
1905 5575 2092 5631 dolens
2118 5574 2281 5630 etiam
2308 5576 2376 5630 ob
2408 5574 2680 5646 ingentem
2706 5573 2813 5629 vim
2845 5588 3074 5644 amoris,

2897 5813 2974 5875 b3
