3884 6208
158 333 283 398 1357
1462 326 1682 389 ΙΑΜΒΙ

1865 326 2086 388 ETICI.
3264 318 3399 383 1358

154 445 260 518 Τῆς
288 444 479 517 ήδονῆς
509 442 570 496 τὸ
597 441 801 514 νέκταρ
830 440 929 511 ὀψὲ
962 439 1093 509 γοῦν
1124 437 1263 509 φύγε
1284 456 1298 471 ·

158 538 261 589 Καὶ
283 534 394 606 γὰρ
429 532 633 587 ὀδυνῶν
667 532 922 603 προξενεῖ
944 547 1030 583 σοι
1059 528 1307 599 πικρίαν.

160 626 300 687 Ἕως
331 626 479 687 τίνος
514 624 799 693 χρήματα,
831 622 927 675 καὶ
959 618 1320 689 λειτουργίαι,

158 716 307 786 Τάχα
333 715 388 767 δὲ
423 715 518 768 καὶ
548 715 823 784 κτήματα,
848 712 942 765 καὶ
969 709 1274 781 παροινίαι,

161 807 332 877 Μέχρι
359 807 501 869 τίνος
532 805 763 868 κόλακες
790 801 1081 858 ὲκλύσουσί
1111 818 1204 864 σε;

162 895 322 948 Γενοῦ
360 894 673 963 δανειστὴς,
704 892 781 963 τῷ
805 891 926 961 Θεῷ
958 891 1045 952 δὸς
1076 890 1167 943 τὸν
1197 888 1312 957 βίον
1332 904 1343 917 ·

175 987 486 1056 Ὀφειλέτης
521 988 630 1055 γάρ
659 986 797 1047 ἐστι,
826 985 919 1036 καὶ
948 980 1282 1053 χρεωλύτης.

164 1077 270 1128 Καὶ
301 1075 391 1137 σὸς
426 1074 733 1145 δανειστὴς,
773 1073 874 1126 κᾶν
900 1072 1063 1141 δοκῇς
1098 1069 1173 1140 μὴ
1203 1066 1525 1138 λαμϐάνειν,

165 1162 577 1232 Κατοψοφαγῶν
608 1163 708 1232 τῆς
741 1162 919 1231 ψυχῆς
951 1177 1045 1213 σου
1077 1160 1139 1211 τὸ
1163 1158 1344 1229 χρέος.

167 1257 311 1328 Πλὴν
338 1257 431 1326 ἥδε
464 1256 617 1326 κοινὴ
644 1255 813 1309 τῶνδε
854 1254 965 1307 τῶν
992 1253 1160 1306 ὄντων
1191 1251 1351 1322 φύσις

167 1349 239 1401 Τὸ
266 1349 355 1400 σὸν
388 1349 523 1415 πρὸς
552 1348 721 1416 αὐτὴν
751 1347 853 1399 οὐκ
892 1344 1190 1414 ἀπαιτήσει
1216 1343 1375 1413 χρέος
1394 1358 1409 1372 ·

166 1438 391 1499 Πάντως
420 1436 522 1491 κᾶν
551 1438 745 1507 ἀλγῇς,
780 1436 885 1489 κᾶν
917 1433 1210 1504 φιλόψυχος
1240 1433 1392 1501 ἔχῃς.

169 1531 464 1601 Οίχήσεται
498 1531 606 1599 γὰρ
638 1531 717 1591 εἰς
746 1527 808 1581 τὸ
834 1528 944 1597 πῦρ
972 1528 1007 1598 ἡ
1042 1525 1340 1596 Θερμότης,

170 1623 243 1675 Τὸ
273 1621 437 1692 ξηρὸν
472 1623 551 1684 είς
585 1620 713 1690 γῆν,
754 1623 834 1684 εἰς
861 1619 1004 1689 ὕδωρ
1032 1620 1067 1688 ἡ
1087 1616 1387 1688 ψυχρότης»

183 1712 314 1781 ’Λὴρ
349 1711 393 1763 δ’
415 1712 501 1763 ἐπ’
542 1712 703 1764 αὐτὸν
734 1711 829 1764 καὶ
858 1711 919 1764 τὸ
943 1710 1166 1780 ρευστὸν
1197 1708 1458 1780 ἁρπάσει.

173 1804 353 1874 Κείσῃ
382 1804 442 1856 δὲ
468 1804 660 1874 νεκρὸς
687 1804 792 1858 ὑπὸ
814 1805 1044 1873 γυμνοῖς
1075 1801 1307 1863 ὀστέοις,

186 1895 244 1948 '0
269 1896 363 1949 νῦν
404 1896 679 1967 περιττὸς,
709 1900 802 1949 καὶ
837 1892 1366 1963 κατεϐλακευμάνος,

178 1989 339 2057 Ὄφις
365 1987 421 2040 δὲ
453 1987 548 2040 τοῦ
577 1987 819 2051 τένοντος
850 1988 1242 2057 ὲκρηγήσεται.

174 2079 240 2131 Τί
270 2080 380 2151 πῦρ
419 2082 476 2132 ὲν
509 2079 646 2150 ὀργῇ
682 2079 823 2132 κατὰ
849 2078 943 2131 τοῦ
976 2077 1143 2139 πέλας
1180 2075 1397 2140 πνέειςς

175 2170 241 2222 Τί
264 2170 319 2222 δὲ
351 2169 703 2240 βρυχηθμοὺς
734 2169 977 2234 αὐθαδῶς
1007 2166 1303 2237 ὑποκρίνῃ,

177 2262 287 2314 Καὶ
315 2265 381 2332 τῇ
408 2262 598 2333 λεοντῇ
628 2261 727 2327 τὰς
764 2264 977 2332 χρυσᾶς
1016 2265 1235 2314 πάντων
1261 2256 1462 2328 ψύχαῖι

181 2354 291 2406 Καὶ
314 2352 421 2416 ζῶν
449 2354 661 2424 ἀτερπῆ
692 2354 786 2407 καὶ
809 2352 978 2422 φιλῶν
1001 2352 1131 2422 περὶ
1160 2351 1306 2421 βίον;

181 2441 248 2493 Τί
278 2440 321 2493 δ’
352 2440 429 2504 ὡς
462 2442 633 2509 φάγος
656 2442 919 2510 πάρδαλις
951 2442 1161 2509 ὑπόδρα
1197 2441 1438 2510 βλέπεις,

184 2534 296 2587 Καὶ
319 2532 679 2598 δεινοπαθετς,
711 2535 807 2586 καὶ
830 2533 1185 2603 λαρυγγίζεις
1214 2534 1393 2604 μάτην

189 2625 483 2696 ’Δντικρυς
513 2625 794 2694 ἡμίγυμνε
832 2625 997 2694 σεμνὲ
1026 2624 1241 2695 κοχλία,

187 2714 407 2770 Μᾶλλον
436 2716 492 2769 δὲ
522 2713 634 2783 γὺψ
661 2713 868 2769 ἄνωθεν
898 2716 1164 2786 ἁρπάζων
1190 2715 1351 2787 κρέα,

188 2807 335 2879 Πλὴν
362 2805 483 2862 οὕτε
515 2806 742 2876 νεϐρῶν,
778 2806 902 2860 οὔτε
934 2806 1206 2879 περδίκων
1233 2807 1417 2862 πάλιν.

202 2898 439 2969 ’Λνδρῶν
469 2899 543 2965 δὲ,
580 2899 788 2953 παπαὶί
813 2895 1113 2969 δυστυχῶν,
1138 2900 1232 2952 καὶ
1254 2898 1550 2971 σωφρόνων
1573 2912 1588 2961 ;

191 2989 455 3053 Πλούσιος
489 2985 559 3056 εί,
587 2988 753 3043 δέδιθι
785 2992 884 3061 τὴν
916 2990 1039 3043 τότε
1068 2989 1268 3060 φλόγα..

193 3084 291 3145 Τίς
324 3082 433 3153 γὰρ
468 3080 731 3150 ἀναψύξει
755 3097 815 3133 σε
841 3081 1085 3151 διψῶντα
1111 3082 1326 3151 δρόσος,

194 3174 260 3226 El
291 3174 365 3244 μὴ
396 3174 460 3226 σὺ
492 3175 618 3237 τοὺς
659 3173 897 3243 πένητας
931 3172 1122 3226 ἐνθάδε
1153 3172 1416 3244 Θρὲψειςς

195 3262 363 3326 Σύνες
395 3263 478 3325 τίς
500 3264 528 3315 ό
560 3262 771 3326 πλάσας
802 3278 862 3314 σε
895 3263 991 3313 καὶ
1026 3261 1401 3331 μεταπλάσας,

208 3352 471 3423 Ἐπείπερ
500 3354 577 3417 είς
613 3352 742 3424 χοῦν
781 3352 1030 3406 ἐκπεσὼν
1063 3352 1422 3423 συνετρίϐης;

204 3446 280 3497 “ll
308 3445 389 3508 τίς
421 3446 581 3515 χάριν
612 3446 713 3515 σὴν
746 3447 835 3497 καὶ
857 3445 1015 3513 Θεὸς,
1046 3445 1143 3497 καὶ
1172 3443 1420 3515 σαρκίον,

201 3535 312 3587 Καὶ
341 3536 424 3597 τίς
456 3534 761 3600 πεπονθὼς,
797 3536 893 3589 καὶ
918 3536 1105 3589 παθῶν
1140 3536 1327 3606 μείνας
1351 3536 1493 3605 δίχα,

203 3713 402 3769 ΙΙαΘῶν
427 3714 628 3785 ἀμιγῆ,
670 3716 762 3768 καὶ
792 3712 997 3786 φθορᾶς
1028 3713 1196 3779 ἔδειξε
1224 3731 1318 3780 σε;

205 3895 393 3949 Ταῦτα
423 3894 636 3955 σκόπει,
670 3894 935 3963 βέλτιστε,
979 3894 1271 3963 σωφρόνως
1311 3892 1470 3964 ἔχων,

206 3988 322 4042 Kal.
353 3986 551 4057 μηκέτι
574 3985 818 4055 (θαύμαζε
847 3986 947 4055 τὴν
971 3987 1264 4057 ἀμετρίαν.

207 4081 290 4133 Τὰ
314 4081 422 4151 γὰρ
453 4080 531 4132 ἐτι
570 4078 836 4150 μέλλοντα
869 4080 946 4149 μὴ
977 4080 1158 4148 σχόντι
1190 4077 1429 4149 βλέπειν,

218 4173 281 4226 '0
312 4173 410 4242 τῆς
444 4172 703 4242 τελευτῆς
744 4172 1024 4239 ἀγνοεῖταί
1064 4187 1145 4223 σοι
1180 4172 1392 4241 χρόνος.

211 4266 430 4334 ’Ὠσπερ
463 4265 525 4315 τὸ
555 4264 650 4315 νῦν
686 4262 795 4332 πῦρ
826 4261 947 4313 οὐδὲ
989 4261 1228 4331 μετρίως
1258 4262 1470 4329 φλέγει,

214 4357 395 4425 Πυρδς
424 4353 533 4424 γὰρ
563 4352 726 4407 είκών
755 4356 927 4416 ἐστιν,
960 4352 1021 4404 οὐ
1057 4351 1168 4421 πῦρ
1197 4354 1295 4421 τὴν
1321 4351 1503 4420 φύσιν,

215 4445 378 4499 Οῦτω
410 4444 574 4496 οεατὰ
622 4444 716 4495 καὶ
745 4443 806 4493 τὸ
840 4441 951 4507 πῦρ
980 4442 1043 4493 τὸ
1081 4442 1401 4511 παμφάγον.

230 4539 289 4591 ὐ
323 4538 491 4608 Ουμὸς
520 4536 779 4599 ἐξέκαυσε
808 4534 1074 4605 τυράννου
1112 4533 1353 4605 βρέμων,

219 4632 346 4694 Τοῖς
376 4632 482 4683 τῶν
510 4630 646 4681 νέων
683 4627 933 4697 σώμασιν
973 4626 1172 4697 εὑρέθη
1198 4626 1408 4696 δρόσος,

233 4723 579 4791 Ἀπόκρυφον
603 4719 714 4789 πῦρ
747 4720 1071 4793 ζωγραφοῦν
1101 4720 1231 4789 πρὶν
1261 4718 1389 4774 ἄλλο
1415 4735 1469 4770 τι
1495 4732 1510 4749 ·

238 4812 326 4875 Ὠς
359 4814 424 4866 ἂν
455 4811 710 4883 διδσχοῇς
736 4814 829 4864 τὸν
868 4812 999 4864 Θεὸν
1030 4811 1139 4882 πῦρ
1170 4812 1264 4863 καὶ
1291 4811 1502 4881 δρόσος,

224 4904 318 4969 Εἰς
350 4904 447 4975 τὴν
482 4904 645 4973 βάτον
678 4903 808 4973 πῦρ,
840 4905 919 4966 είς
945 4903 1003 4955 δὲ
1032 4903 1125 4955 τὸν
1161 4904 1325 4955 πόκον
1372 4902 1581 4972 δρόσος.

224 4996 317 5066 Μὴ
344 4994 599 5065 διδράσῃς
636 4995 874 5063 μάλιστα
905 4992 996 5045 τὸν
1031 4992 1200 5044 τύπον
1243 4991 1479 5062 βλέπων.

225 5090 318 5159 Μὴ
345 5089 454 5158 γὰρ
481 5088 617 5149 ὅλως
647 5084 835 5154 ἕφλεξε
867 5086 1028 5155 νηδὺν
1061 5086 1340 5156 ιιαρῡένου

227 5182 437 5252 Σαρκδς
471 5179 781 5251 μετασχὼν,
810 5181 906 5233 καὶ
934 5180 1065 5243 Θεὸς
1090 5178 1281 5249 μείνας
1312 5177 1496 5231 πάλιν.

240 5274 534 5344 Ἐστήκασι
563 5272 621 5326 δὲ
644 5276 745 5343 τῆς
780 5272 977 5341 φλογὸς
1012 5272 1211 5334 ζῶντες
1257 5271 1441 5341 μέσον,

229 5369 342 5419 Καὶ
379 5366 645 5434 τεττίγων
670 5365 890 5437 ᾄδουσιν
918 5365 968 5417 oi
1009 5364 1196 5425 παῖδες
1237 5362 1444 5432 τρόπον
1480 5386 1483 5387 ν

227 5458 545 5529 Σιτούμενοι
572 5458 680 5530 γὰρ
706 5462 803 5528 τῆς
841 5457 1159 5527 ἐνεχθείσης
1188 5455 1404 5525 δρόσου,

236 5552 329 5615 Ὠς
358 5554 417 5605 ὲν
452 5550 601 5622 Θέρει
628 5552 886 5619 στέγουσι
914 5549 1014 5619 τὴν
1043 5547 1205 5618 δεῦρο
1242 5547 1414 5610 ζέσιν.

226 5644 524 5716 Πεπήγασι
554 5644 599 5698 δ’
628 5639 722 5699 οὖν
744 5644 843 5713 τῆς
872 5641 1001 5713 βοῆς
1029 5638 1373 5708 πεπαυμένοι
1399 5654 1412 5667 ·

230 5737 347 5809 Τὴν
376 5738 483 5810 γὰρ
514 5736 719 5809 σιωπὴι
764 5735 1115 5808 ζωγραφοῦσι
1152 5735 1243 5788 τὸν
1264 5733 1451 5799 τύπον,

1754 446 1798 501 Α
1831 439 1897 492 Ει
1931 454 2097 495 suave
2136 436 2349 492 tandem
2384 436 2566 508 gaudii
2601 444 2787 490 nectar
2817 434 2969 504 fuge,

1833 529 1962 585 Fert
1995 529 2207 584 scilicet
2232 530 2444 583 tristem
2471 526 2721 583 dolorum
2751 526 2987 594 ecplam.

1835 624 2137 693 Quousque
2165 624 2404 687 tandem,
2433 637 2642 692 quaeso.
2674 635 2899 675 munera
2929 626 2982 672 et
3014 619 3180 681 bona,

1836 717 2077 786 Aurique
2105 716 2262 785 copia
2290 724 2344 769 et
2379 714 2529 769 furor
2556 714 2863 779 dementiae,

1838 806 2137 876 Quousque
2168 804 2440 861 te'omnes
2464 805 2807 859 blandientes
2834 798 3124 856 divident?

1841 897 1931 950 Sis
1972 897 2285 962 fenerator;
2318 897 2384 949 da
2413 905 2559 949 luam
2590 894 2755 948 vitam
2789 892 2929 958 Deo;

1840 987 1934 1041 Est
1967 1002 2203 1056 namque
2230 988 2459 1051 debitor,
2491 985 2763 1053 fidemque
2795 984 3010 1043 liberat,

1842 1078 2103 1149 Tuusque
2134 1080 2425 1145 fenerator,
2449 1078 2699 1147 quamvis
2735 1092 2841 1130 non
2876 1072 3111 1129 videaris
3141 1071 3408 1139 accipere,

1843 1168 1956 1223 Sibi
1989 1172 2257 1224 devorans
2286 1171 2485 1223 anima:
2512 1180 2619 1221 tute
2646 1167 2912 1221 debitum.

1844 1262 2048 1316 Natura
2069 1261 2188 1327 sed,
2215 1272 2402 1331 gentes
2431 1275 2553 1329 quae
2586 1261 2637 1312 in
2671 1274 2838 1313 unum
2872 1254 3099 1324 colligit,

1844 1355 2018 1409 Debes
2048 1356 2193 1424 quod
2227 1355 2302 1408 illi
2327 1370 2437 1407 non
2475 1352 2707 1421 reposcit
2732 1347 3013 1403 debitum?

1843 1446 2104 1512 Quamvis
2138 1460 2353 1514 semper
2382 1444 2568 1498 doleas
2589 1452 2643 1495 et
2672 1441 2838 1493 vitam
2869 1453 3041 1501 ames,

1844 1534 2025 1589 Abibit
2051 1535 2105 1587 in
2133 1534 2309 1603 ignem
2342 1533 2434 1602 qui
2466 1531 2561 1585 tibi
2584 1531 2727 1586 inest
2750 1528 2921 1590 calor,

1846 1624 2065 1680 Siccum
2097 1625 2149 1677 in
2186 1632 2407 1687 terram,
2439 1622 2492 1675 in
2520 1635 2717 1690 aquam
2743 1617 3023 1687 frigidum,

1850 1716 1917 1769 Et
1947 1731 2040 1769 aer
2073 1715 2354 1768 humidum
2392 1724 2449 1767 et
2476 1715 2676 1768 fluxum
2709 1710 2961 1779 abripiet.

1770 1778 1820 1839 Β
1851 1805 1931 1860 Tu
1964 1820 2093 1859 vero
2115 1813 2366 1858 mortuus
2386 1801 2597 1871 jacebis
2626 1798 2729 1853 sub
2760 1778 2923 1853 nudis
2952 1796 3193 1859 ossibus,

1852 1895 1956 1962 Qui
1989 1910 2134 1950 nunc
2163 1895 2327 1948 nimia
2367 1903 2548 1962 torpes
2577 1891 2930 1961 pinguedine,

1853 1985 1917 2039 Et
1943 2000 2169 2055 serpens
2197 1994 2303 2038 tuae
2331 1984 2598 2053 superbia:
2629 1982 3025 2050 disrumpetur,

1852 2076 1963 2131 Cur
1991 2078 2168 2147 ignem
2193 2076 2365 2130 iratus
2396 2084 2582 2129 contra
2612 2073 2919 2144 proximum
2948 2072 3149 2142 spiras,

1855 2169 1930 2224 Et
1955 2170 2169 2238 rugitus
2202 2167 2414 2223 feroces
2443 2166 2646 2221 videris
2677 2166 2951 2227 emittere,

1860 2258 1928 2313 Et
1953 2261 2172 2314 leonina
2201 2261 2339 2329 pelle
2370 2259 2600 2313 indutus
2629 2257 2940 2320 insolescis,

1858 2351 2136 2422 Vivasque
2161 2351 2459 2419 injucunda
2489 2358 2545 2404 et
2569 2363 2720 2404 ames
2753 2346 2967 2402 vitam?

1860 2442 1970 2495 Cur
2000 2456 2166 2494 vorax
2202 2450 2260 2494 ut
2292 2440 2532 2508 pardalis
2556 2447 2708 2493 torve
2735 2439 2939 2492 circum
2971 2435 3163 2497 tueris.

1864 2533 1929 2587 Et
1960 2532 2322 2603 imaginosum
2351 2532 2576 2601 pateris,
2608 2540 2664 2585 et
2692 2530 2898 2585 clamas
2924 2529 3179 2590 inaniter,

1868 2623 2012 2679 Vere
2043 2623 2263 2678 horrida
2284 2634 2450 2693 atque
2480 2623 2626 2678 nuda
2652 2623 2820 2677 lima:
2847 2621 3110 2686 insolens,

1872 2717 1981 2769 Aut
2003 2716 2187 2770 vultur
2219 2730 2249 2769 e
2279 2731 2497 2770 summo
2524 2714 2783 2770 auferens
2806 2729 3025 2769 carnem
3058 2715 3207 2785 polo,

1867 2806 1985 2863 Non
2017 2808 2397 2872 hinnulorum,
2430 2808 2546 2862 sive
2576 2808 2857 2876 perdicum
2892 2816 3097 2874 tamen,

1873 2898 2002 2962 Sed,
2039 2900 2178 2952 heu!
2212 2898 2456 2952 virorum
2476 2911 2775 2966 pauperum
2804 2906 2859 2951 et
2883 2898 3334 2967 temperantiurnl

1873 2990 2034 3044 Dives
2057 3003 2137 3053 es,
2169 2989 2297 3043 time
2324 2988 2565 3043 futuram
2586 2988 2887 3042 ﬂammam.

1794 3121 1841 3183 Ο
1878 3087 2000 3153 Quo
2031 3085 2175 3140 enim
2209 3100 2332 3140 rore
2358 3083 2773 3155 reirigeraberis
2800 3092 2930 3140 tunc
2967 3084 3179 3152 sitiens,

1884 3178 1941 3231 Si
1971 3189 2026 3230 tu
2057 3189 2322 3246 pauperes
2347 3174 2436 3231 liic
2467 3189 2574 3228 non
2605 3173 2845 3229 alueris?

1878 3272 2164 3340 Cognosce
2189 3267 2315 3337 quis
2341 3276 2393 3322 te
2423 3264 2642 3321 ﬁnxerit
2668 3275 2721 3320 et
2744 3268 3046 3334 retinxerit,

1876 3358 2331 3427 Quandoquidem
2368 3358 2423 3409 in
2466 3357 2742 3425 pulverem
2766 3372 2825 3410 es
2864 3373 3189 3412 reversurus
3223 3376 3237 3411 :

1877 3451 1971 3505 Vel
1995 3451 2119 3519 quis
2152 3450 2226 3503 lui
2259 3448 2432 3516 gratia
2465 3447 2609 3502 Deus
2640 3463 2748 3501 una
2783 3448 2947 3503 simul
2976 3460 3030 3504 et
3057 3465 3210 3515 caro,

1879 3542 2034 3609 Quis,
2076 3542 2320 3611 inquam,
2358 3556 2575 3610 passus,
2608 3542 2858 3610 quamvis
2890 3543 3134 3611 passioni
3182 3558 3290 3599 non
3327 3543 3462 3598 sub-

3239 3630 3431 3703 [ditus,

1881 3720 2132 3778 Ostendit
2185 3727 2240 3775 te
2298 3720 2549 3775 futurum
2602 3721 2958 3792 passionibus
3004 3734 3059 3778 et
3106 3724 3463 3793 corruptione

3160 3812 3391 3867 liberum
3415 3811 3440 3865 ἲ

1887 3903 2008 3956 llaec
2037 3903 2342 3966 considera,
2374 3904 2600 3972 optime,
2645 3903 2825 3958 sobrie
2854 3912 2903 3957 te
2934 3919 3149 3973 gerens,

1884 3994 2071 4060 Neque
2102 3995 2338 4062 amplius
2364 3996 2431 4049 de
2458 3995 2819 4049 immensitate
2848 3996 3229 4063 obstupeseas,

1897 4085 2033 4139 Nam
2067 4102 2188 4153 quae
2221 4095 2350 4139 sunt
2378 4084 2559 4139 futura
2593 4102 2698 4141 non
2726 4088 2853 4141 licet
2881 4087 3089 4150 videre,

1895 4177 1963 4230 Et
1990 4178 2269 4244 ignoratur
2299 4192 2421 4244 qum
2447 4179 2517 4230 sit
2546 4178 2669 4231 finis
2698 4179 2982 4245 temporis.

1901 4265 2059 4320 Sicut
2085 4266 2223 4334 ignis
2254 4280 2364 4334 quo
2395 4281 2537 4319 nunc
2566 4266 2792 4329 utimur,
2828 4282 2935 4318 non
2966 4267 3075 4318 urit
3101 4266 3332 4327 modice,

1900 4357 2035 4410 Nam
2072 4356 2212 4423 ignis
2243 4365 2325 4408 est
2356 4356 2556 4425 imago,
2587 4371 2693 4408 non
2726 4355 2868 4423 ignis
2901 4366 3116 4417 natura,

1826 4450 1867 4505 D
1902 4448 1993 4502 Sic
2017 4447 2390 4515 contemplare
2418 4445 2592 4514 ignem
2625 4446 2975 4499 devorantem
3016 4445 3223 4498 omnia.

1897 4540 2163 4595 Accendit
2183 4538 2313 4593 olim
2341 4540 2484 4592 hunc
2508 4553 2661 4593 mens
2692 4539 2911 4608 tyranni
2942 4536 3177 4599 fervida.

1902 4630 2011 4687 Sed
2045 4647 2135 4686 ros
2170 4630 2365 4700 puellis
2388 4628 2562 4684 factus
2588 4638 2673 4683 est
2704 4631 3087 4700 gaudentibus,

1900 4726 2172 4777 Arcanum
2199 4720 2377 4790 ignem
2408 4719 2679 4784 indicans,
2699 4735 2861 4788 quam
2897 4720 3023 4789 quid
3047 4720 3229 4785 aliud;

1903 4814 1976 4871 Ut
2007 4815 2279 4885 intelligas
2311 4813 2479 4867 Deum
2504 4828 2624 4868 esse
2653 4813 2829 4883 ignem
2852 4823 2899 4867 et
2938 4829 3140 4878 rorem,

1914 4908 2097 4977 ignem
2130 4907 2185 4960 in
2219 4905 2380 4969 rubo,
2408 4914 2461 4959 et
2486 4919 2661 4958 rorem
2693 4905 2745 4958 in
2778 4906 2992 4959 veliere.

1907 4997 2015 5051 Nec
2042 4997 2273 5051 multum
2318 4995 2549 5051 distabis
2592 5011 2621 5048 a
2654 5011 2804 5059 vero,
2830 4997 2873 5050 si
2925 5006 3109 5067 typum
3143 4996 3480 5066 perpendes;

1907 5090 2042 5143 Nam
2077 5098 2288 5142 uterum
2324 5088 2550 5141 omnino
2578 5103 2685 5140 non
2719 5087 3021 5143 (-OInbussit
3045 5087 3305 5159 Virginis,

1909 5181 2014 5247 Qui
2039 5182 2314 5250 particeps
2349 5180 2531 5234 carnis
2554 5178 2699 5234 Deus
2723 5195 2940 5249 semper
2975 5191 3179 5235 manet.

1910 5273 1971 5328 In
2004 5272 2184 5326 medio
2218 5270 2558 5325 flammarum
2588 5270 2693 5324 vivi
2721 5280 3010 5336 steterunt,

1914 5367 1981 5422 Et
2009 5366 2323 5420 cicadarutu
2353 5379 2504 5418 more
2539 5365 2804 5418 canebant
2836 5364 2987 5433 pueri
3013 5380 3027 5429 ;

1912 5458 2049 5512 Nam
2084 5456 2305 5512 enutriti
2338 5470 2501 5526 super
2529 5456 2717 5511 induto
2750 5470 2896 5520 rore,

1914 5547 2045 5602 Loci
2067 5546 2431 5608 exustioncm,
2464 5554 2525 5598 ut
2550 5546 2656 5599 illae
2688 5547 2894 5599 aestatis
2926 5556 3192 5616 tempore,
3222 5542 3485 5602 ferebant.

1918 5642 2145 5698 Stabant
2174 5642 2313 5696 firmi
2342 5650 2621 5696 cessantes
2655 5658 2684 5695 a
2711 5642 3049 5698 clamoribus
3085 5659 3099 5696 :

1915 5732 2039 5803 lpso
2072 5733 2221 5791 enint
2262 5732 2481 5788 silentio
2511 5741 2697 5803 typum
2730 5732 3063 5797 indicabant.
