3982 6214
240 338 363 400 1361

937 338 1709 401 INTERPRETATIONES
1749 340 2191 404 DIVINORUM
2230 337 2791 404 MANDATORUM.

3357 335 3495 400 1‘362

231 446 691 516 άπηγορευμένας
734 444 960 517 πράξεις
995 450 1137 501 τισὶν
1188 450 1619 520 ὑποτάσσομενοι
1671 468 1809 521 προ·

1937 453 2217 508 ιτοίιίιιίισε
2276 454 2520 510 actiones
2593 451 2870 521 aliquibus
2944 448 3175 515 subjecti
3233 458 3492 517 przrtextu

234 541 391 609 φάσει
439 538 720 608 ὑπακοῆς,
769 539 865 592 καὶ
906 540 1149 607 ἔκκοπῆς
1182 540 1504 611 θελημάτων
1532 580 1547 605 ,
1584 540 1661 610 τῷ
1684 541 1803 593 δια-

234 632 372 699 σόλῳ
391 673 405 693 ,
442 631 535 685 καὶ
566 633 678 692 τοῖς
711 631 769 684 ὲν
801 630 993 685 πόλεσι
1027 631 1310 699 δημοσίοις
1340 633 1769 703 παρεικάζονται
1789 672 1805 697 ,

235 724 331 777 οὐκ
359 720 718 789 ἐκφεύξονται
768 720 825 776 δὲ
879 722 941 775 τὸ
998 726 1176 793 κρῖμα
1222 722 1317 776 τοῦ
1372 723 1530 789 Θεοῦ,
1583 723 1709 778 οὔτε
1755 727 1806 779 οἱ

236 814 619 878 ὑπακούοντες,
647 812 769 866 οὕτε
797 814 846 866 oi
882 813 1287 879 ἐπιτάττοντες,
1315 813 1430 868 ἀλλ’
1451 814 1678 880 ἕκαστος
1707 816 1809 871 δώο

238 924 313 959 σει
344 906 499 969 δίκας
533 904 675 960 κατὰ
704 905 803 969 τάς
826 904 1056 975 πράξεις
1084 904 1277 960 αὑτοῦ.

302 995 371 1064 γ’.
413 994 711 1066 Ἐρμηνεία
742 995 851 1048 τῶν
897 994 1071 1048 θείων
1096 995 1325 1049 ἐντολῶν
1362 996 1458 1052 τοῦ
1495 998 1701 1068 Κυρίου
1750 1000 1812 1053 ἐν

237 1087 488 1156 ἐπιτομῇ,
525 1086 588 1139 εκ
616 1102 677 1138 τε
705 1086 801 1139 τοῦ
832 1086 1259 1157 Χρυσοστόμου,
1315 1089 1411 1141 καὶ
1441 1089 1648 1153 ἑτέρων
1691 1090 1805 1144 δια⁹

238 1180 417 1249 φόρων
434 1178 695 1249 Πατέρων
720 1179 992 1247 κεφάλαια
1027 1182 1374 1233 συντείνοντα
1405 1182 1483 1245 είς
1508 1181 1606 1246 τὰς
1637 1182 1810 1248 αὑτάς

238 1271 552 1342 ἑρμηνείας·
586 1271 682 1324 καὶ
711 1271 795 1324 ὅτι
826 1272 855 1324 6
881 1271 968 1325 διὰ
1000 1272 1101 1342 τὴν
1132 1273 1334 1344 ἀρετὴν
1364 1274 1591 1343 πάσχων
1624 1275 1811 1339 κακῶς

238 1364 384 1431 παρὰ
408 1360 517 1415 τῶν
545 1360 851 1431 ἀνθρώπων
876 1354 1029 1425 οὗτος
1065 1363 1427 1433 μακαριστὸς,
1452 1365 1480 1417 ό
1504 1364 1562 1417 δὲ
1584 1365 1651 1419 δι’
1678 1366 1811 1419 αὐτὸ

236 1452 295 1505 τ’)
325 1452 494 1505 κακὸν
526 1452 753 1523 πάσχων
781 1453 1098 1518 πανάθλιος⁸
1132 1456 1227 1509 καὶ
1258 1456 1339 1508 ὅτι
1368 1458 1429 1510 οὐ
1463 1456 1689 1511 δυνατὸν
1720 1459 1810 1513 τὸν

239 1541 295 1592 ὲν
313 1541 481 1609 ἀρετῇ
510 1538 692 1602 ζῶντα.
713 1543 865 1612 παρὰ
891 1543 1106 1597 πάντων
1133 1545 1353 1599 ἀκούειν
1376 1546 1578 1611 καλῶς’
1605 1549 1697 1603 καὶ⁸
1727 1550 1811 1603 ὄτι

237 1630 283 1682 οἱ
329 1628 574 1694 θέλοντες
624 1632 775 1703 ’παρά
826 1633 1045 1688 πάντων
1097 1636 1393 1700 ἐπαίνους,
1443 1635 1590 1693 οῦτοι
1643 1641 1812 1694 πᾶσιν

238 1720 491 1790 ἀρέσκειν
513 1722 875 1788 σπουδάζουσι
898 1742 912 1755 ο
939 1727 1032 1779 καὶ
1061 1728 1144 1781 ὅτι
1174 1730 1239 1781 ὲκ
1258 1729 1450 1783 τούτου
1480 1732 1812 1802 γνωρίζεται

1914 543 2255 607 οὺθάἰοηῑῐω,
2301 553 2355 599 et
2395 542 2774 614 abnegationis
2822 542 3140 605 voluntatis,
3176 541 3415 603 diabolo,
3442 551 3495 595 et

1915 635 2000 689 bis
2034 636 2127 705 qui
2157 635 2370 704 publice
2403 635 2594 689 vivunt
2627 635 2683 688 in
2709 634 2934 689 urbibus
2961 632 3359 695 assimilautur,
3384 648 3492 685 non

1914 720 2172 792 cﬁugient
2217 722 2312 777 Dei
2373 721 2659 792 iudicium.
2708 735 2886 791 neque
2938 720 3276 783 obedientes,
3322 732 3497 787 neque

1909 810 2186 881 jubeutes,
2222 815 2318 870 sed
2350 813 2586 885 quisque
2620 812 2772 867 dabit
2808 827 2998 883 poenas
3028 810 3335 867 secundum
3369 824 3497 866 suas

1916 906 2179 960 actiones.

1985 995 2037 1050 5.
2074 996 2395 1066 Explanatio
2430 998 2738 1053 divinorum
2765 996 3147 1052 mandatorum
3184 993 3401 1049 Domini
3440 993 3493 1047 iu

1915 1089 2261 1157 compendio,
2307 1098 2362 1144 et
2407 1105 2475 1145 ex
2526 1090 2923 1161 Chrysostomo
2974 1096 3030 1142 et
3086 1086 3209 1142 aliis
3263 1086 3497 1140 diversis

1916 1179 2170 1236 Patribus
2201 1181 2378 1251 capita
2408 1182 2745 1237 conferentia
2778 1183 2829 1235 in
2862 1182 2996 1237 istas
3029 1179 3442 1249 explanationes
3474 1194 3490 1231 :

1916 1278 1973 1326 et
2003 1272 2148 1340 quod
2180 1272 2269 1328 ille
2298 1272 2390 1342 qui
2416 1272 2485 1328 ob
2515 1272 2773 1326 virtutem
2811 1271 2949 1325 male
2987 1271 3192 1341 patitur
3223 1270 3293 1325 ab
3321 1270 3500 1324 homi-

1917 1362 2078 1417 nibus
2109 1363 2463 1419 beatissimus
2490 1370 2595 1427 est,
2624 1363 2715 1433 qui
2742 1371 2921 1417 autem
2961 1362 3032 1415 ob
3079 1362 3258 1431 ipsum
3292 1361 3496 1414 malum

1916 1453 2126 1522 patitur
2160 1453 2324 1508 miser
2348 1461 2433 1509 est
2473 1470 2488 1507 :
2529 1461 2584 1508 et
2634 1452 2780 1521 quod
2828 1450 3170 1521 impossibile
3216 1458 3301 1503 est
3344 1448 3495 1502 illum

1918 1545 2012 1615 qui
2049 1545 2104 1599 in
2134 1544 2338 1600 virtute
2378 1544 2525 1614 degit
2570 1545 2639 1599 ab
2671 1543 2924 1598 omnibus
2974 1542 3113 1597 bene
3152 1539 3341 1595 audire
3383 1556 3397 1593 :
3444 1547 3501 1593 et

1919 1632 2063 1702 quod
2096 1633 2441 1702 exquirentes
2498 1632 2568 1687 ab
2622 1632 2881 1688 omnibus
2916 1632 3127 1696 laudes,
3158 1631 3212 1685 hi
3244 1629 3499 1685 omnibus

1918 1725 2133 1794 placere
2158 1725 2376 1779 student
2410 1741 2425 1779 :
2465 1726 2690 1795 etquod
2734 1741 2799 1779 ex
2846 1739 2913 1781 eo
2947 1724 3299 1795 cognoscitur
3328 1723 3500 1777 falsus

238 1811 265 1863 ό
294 1809 775 1879 ψευδοδιδάσκαλος
798 1853 813 1877 ,
842 1815 937 1868 καὶ
968 1818 996 1869 ό
1023 1816 1485 1889 ψευδοπροφήτης
1514 1822 1580 1874 ὲκ
1610 1822 1705 1877 τοῦ
1734 1826 1810 1895 μὴ

1937 1814 2105 1869 loctor
2140 1823 2197 1869 et
2244 1813 2415 1870 falsus
2443 1816 2727 1887 pr0pheta,
2760 1829 2885 1870 cum
2923 1830 3031 1870 non
3058 1815 3256 1871 doceat
3299 1829 3366 1869 ex
3417 1813 3503 1868 di-

239 1904 509 1957 διδάσκειν
540 1907 605 1959 ὲκ
642 1907 751 1961 τῶν
781 1908 941 1963 θείων
969 1910 1203 1980 Γραφῶν
1223 1952 1238 1975 ,
1276 1911 1391 1966 ἀλλ’
1421 1914 1486 1967 ὲκ
1516 1915 1616 1984 τῆς
1645 1916 1814 1971 αὑτοῦ

242 1996 464 2066 καρδίας
501 1998 638 2068 πρὸς
664 1998 762 2062 τὰς
796 2001 1029 2055 ἑκάστου
1064 2004 1385 2075 ἐπιθυμίας.

304 2086 365 2139 δ’.
404 2088 542 2159 Περὶ
571 2091 876 2162 άποταγῆςο
930 2094 1026 2147 καὶ
1066 2094 1149 2148 ὃτι
1202 2097 1372 2151 κακὸν
1425 2100 1459 2170 ή
1514 2100 1817 2171 ὲπιδλαὸὴς

238 2176 478 2245 ὁμόνοια,
504 2178 600 2231 καὶ
627 2182 881 2250 κρεῖσσόν
909 2184 1026 2235 ἐστι
1055 2185 1479 2258 διαχωρίζεσθαι
1506 2191 1616 2243 τῶν
1638 2193 1816 2245 τοιού-

240 2283 365 2320 των»
422 2270 516 2322 καὶ
548 2271 629 2323 ὅτι
681 2273 1026 2328 ἐπικίνδυνον
1075 2278 1391 2349 ἀποκείρειν
1422 2283 1549 2345 τοὺς
1583 2285 1817 2351 γυναῖκα

241 2359 331 2410 καὶ
385 2360 549 2415 τέκνα
586 2361 841 2432 ἔχοντας,
888 2366 921 2432 ἢ
953 2368 1129 2431 άλλως
1162 2372 1279 2433 πῶς
1314 2372 1626 2444 ἀδιαφόρως
1658 2375 1818 2429 τοῦτο

241 2454 435 2517 ποιεῖν,
465 2455 559 2506 καὶ
589 2456 706 2519 πῶς
732 2458 840 2527 χρὴ
871 2458 1080 2524 πάντας
1105 2464 1231 2526 τοὺς
1256 2464 1533 2529 τοιούτους
1560 2466 1817 2537 δέχεσθαι

241 2543 297 2593 ὲν
334 2547 739 2615 μοναστηρίοις’
779 2550 873 2602 καὶ
901 2552 983 2604 ὅτι
1016 2552 1192 2621 μέγαν
1220 2555 1466 2609 κίνδυνον
1500 2556 1633 2627 ἔχει,
1668 2561 1764 2612 καὶ
1790 2563 1818 2614 ὀ

240 2633 436 2700 διδοὺς,
470 2638 564 2690 καὶ
592 2638 620 2690 ὁ
646 2638 961 2709 λαμϐάνων,
996 2644 1091 2697 καὶ
1128 2646 1158 2698 ὀ
1190 2647 1527 2701 συνευδοκῶν
1553 2650 1642 2702 διά
1680 2669 1819 2721 χρη-

247 2726 429 2794 μάτων
479 2728 578 2790 τὰς
625 2731 874 2802 είσδοχάς
912 2734 1159 2795 γίνεσθαι
1202 2740 1353 2810 παρὰ
1387 2740 1447 2793 τὸ
1479 2744 1600 2805 ταῖς
1645 2742 1819 2808 θείαις

242 2817 431 2872 δοκοῦν
462 2821 733 2891 Γραφαῖς’
772 2826 867 2879 καὶ
894 2826 978 2879 ὅτι
1014 2828 1114 2899 τὴν
1171 2831 1466 2903 μοναδικὴν
1502 2834 1779 2891 πολιτείαν
1802 2879 1816 2903 ,

245 2911 420 2975 ἄλλως
449 2914 567 2979 πῶς
601 2919 651 2969 ot
690 2918 934 2991 Πατέρες
972 2921 1032 2975 οὐ
1062 2922 1343 2993 δέχονται,
1372 2928 1419 2978 εί
1447 2927 1521 2996 μὴ
1551 2928 1691 2981 κατά
1721 2928 1822 3000 τὴν

245 3006 571 3073 νομοθεσίαν
601 3008 710 3087 τῶν
751 3012 1066 3082 άσκητικῶν
1102 3015 1197 3068 τοῦ
1240 3018 1476 3086 μεγάλου
1513 3020 1817 3075 Βασιλείού.

318 3094 379 3151 ε’.
410 3098 546 3170 Περὶ
566 3100 851 3172 ἀποταγῆς
873 3104 1096 3159 δούλων·
1122 3109 1214 3161 καὶ
1234 3109 1315 3161 ὅτι
1332 3111 1381 3162 oi
1405 3112 1530 3175 τοὺς
1548 3112 1822 3177 τοιούτους

248 3186 529 3258 δεχόμενοι
562 3192 913 3264 ἀδιακρίτως,
951 3198 1046 3251 καὶ
1077 3200 1227 3270 παρὰ
1258 3200 1356 3264 τὰς
1390 3202 1537 3266 Θείας
1573 3204 1822 3275 Γραφάς,

249 3279 282 3349 ἢ
315 3283 465 3352 παρὰ
489 3284 717 3357 γνώμην
749 3289 856 3342 τῶν
892 3291 1036 3346 ἰδίων
1074 3294 1353 3347 δεσποτῶν
1405 3295 1822 3368 ἀποκείροντες,

250 3370 349 3439 τῆς
372 3376 657 3439 κοινωνίας
677 3378 1022 3448 χωρίζονται,
1049 3385 1144 3435 καὶ
1161 3384 1649 3456 ἀναθεματίζονται
1672 3388 1828 3460 παρὰ

249 3463 359 3514 τῶν
392 3464 553 3519 θείων
598 3472 873 3533 κανόνων,
902 3473 949 3523 οἱ
980 3472 1037 3524 δὲ
1084 3473 1259 3528 δοῦλοι
1294 3478 1433 3530 κατὰ
1462 3480 1588 3543 τοὺς
1627 3480 1828 3546 ἔξωθεν

252 3553 453 3645 νόμους
485 3558 922 3625 ἀναδουλοῦνται,
960 3564 1056 3616 ἐὰν
1090 3567 1164 3633 μὴ
1188 3568 1288 3635 τὴν
1320 3568 1571 3639 ἄσκησιν,
1602 3572 1697 3626 καὶ
1728 3573 1829 3645 τὴν

254 3644 490 3718 ἁκριδὴν
518 3650 793 3706 πολιτείαν
819 3652 926 3707 τῶν
958 3655 1132 3723 ἁγίων
1162 3659 1541 3729 μετέρχονται.

331 3835 406 3891 ς’.
438 3831 572 3900 Περὶ
600 3832 707 3885 τῶν
737 3834 1167 3906 ἀναχωρούντων
1194 3840 1304 3894 ἀπὸ
1327 3842 1706 3916 άδελφότητοςο
1738 3850 1832 3904 καὶ

255 3918 340 3970 ὅτι
380 3921 408 3971 ὀ
453 3919 540 3973 διὰ
581 3923 851 3991 σαρκικὴν
898 3927 1239 3997 ἀνάπαυσιν,
1299 3931 1331 4002 ἢ
1393 3933 1481 3987 διά
1545 3939 1832 4011 προκοπὴν

255 4012 529 4107 κοσμικὴν
558 4014 667 4067 ἀπὸ
698 4016 1055 4091 ἀδελφότητος
1088 4025 1409 4097 ἀναχωρῶν,
1441 4030 1564 4084 λίαν
1591 4033 1833 4107 ἀπόϐλη-

251 4106 346 4168 τός
380 4106 496 4158 ἐστι
524 4108 674 4176 παρὰ
706 4108 782 4178 τῷ
810 4108 949 4179 Θεῷ,
1001 4114 1096 4166 καὶ
1139 4117 1381 4188 ἀρνητὴς
1424 4120 1518 4172 τοῦ
1555 4106 1831 4191 ἐπαγγέλ-

258 4215 459 4268 ματος’
491 4201 586 4253 καὶ
615 4200 697 4253 ὅτι
734 4203 781 4254 οἱ
809 4202 943 4257 θεῖοι
975 4208 1196 4269 κανόνες
1231 4210 1357 4270 τοὺς
1398 4212 1706 4278 τοιούτους,
1741 4216 1836 4268 καὶ

256 4291 383 4351 τοὺς
402 4291 827 4361 ἀναδεχομένους
850 4295 1068 4358 αὐτοὺς,
1093 4296 1191 4365 τῆς
1212 4298 1496 4361 κοινωνίας
1520 4303 1834 4371 χωρίζουσιο

262 4382 357 4433 καὶ
405 4382 486 4435 ὅτι
513 4385 563 4435 oi
606 4383 696 4436 διὰ
742 4385 837 4437 τὸν
866 4384 1000 4438 Θεὸν
1033 4385 1221 4439 ἄλλοτε
1256 4387 1490 4458 ἀλλαχοῦ
1526 4392 1833 4463 ἑλκόμενοι,

1916 1909 2057 1968 riuis
2086 1908 2406 1979 Scripturis,
2438 1910 2533 1965 sed
2557 1926 2588 1965 e
2611 1909 2830 1980 proprio
2856 1925 2957 1967 suo
2997 1910 3162 1966 corde
3193 1908 3498 1966 secundum

1916 2000 2183 2070 Cujusque
2210 2001 2542 2056 voluntates.

1986 2095 2040 2148 4.
2074 2093 2150 2149 De
2178 2094 2518 2163 professione
2555 2095 2810 2166 religiosa
2850 2115 2863 2152 :
2893 2105 2948 2153 et
2974 2095 3122 2167 quod
3164 2095 3369 2150 malum
3416 2103 3501 2149 est

1920 2185 2076 2240 noxia
2112 2186 2465 2250 unanimitas,
2494 2197 2548 2242 et
2593 2187 2787 2243 melius
2812 2196 2895 2243 est
2923 2202 2951 2242 a
2982 2187 3184 2242 talibus
3222 2186 3500 2257 separari;

1917 2287 1972 2332 et
2013 2278 2155 2344 quod
2203 2279 2567 2346 periculosum
2620 2288 2705 2333 est
2748 2280 2972 2334 tondere
3015 2280 3117 2334 bos
3148 2279 3242 2348 qui
3276 2292 3499 2332 uxorem

1918 2378 1973 2423 et
2002 2368 2201 2423 liberos
2233 2368 2452 2434 habent,
2490 2368 2569 2423 vel
2601 2368 2763 2424 aliter
2786 2383 3009 2439 quoquo
3045 2371 3210 2423 modo
3242 2368 3497 2423 indiscri-

1920 2460 2169 2514 minatitn
2205 2460 2255 2513 id
2286 2475 2469 2529 agere,
2495 2472 2549 2517 et
2578 2464 2855 2533 quomodo
2899 2472 3112 2533 oportet
3144 2477 3335 2517 omnes
3369 2463 3505 2517 tales

1921 2551 2162 2619 recipere
2203 2550 2258 2604 in
2296 2553 2683 2620 monasteriis;
2732 2562 2787 2609 et
2843 2554 2985 2625 quod
3030 2568 3231 2625 magno
3261 2553 3504 2622 pericqu

1923 2659 1983 2698 se
2026 2645 2249 2711 exponit
2295 2653 2349 2698 et
2381 2644 2521 2701 dans
2552 2654 2608 2700 et
2648 2646 2923 2717 recipiens
2968 2655 3022 2701 et
3073 2646 3393 2716 permittens
3431 2646 3505 2699 ob

1921 2735 2183 2805 pecunias
2212 2736 2575 2793 admissiones
2616 2738 2729 2794 fieri
2765 2750 2960 2795 contra
3005 2740 3312 2795 divinarum
3348 2740 3502 2794 Seri-

1922 2836 2203 2896 pturarum
2255 2829 2579 2884 sententiam
2631 2847 2645 2885 :
2694 2840 2747 2887 et
2796 2832 2942 2901 quod
3000 2833 3318 2888 monasticae
3380 2832 3504 2887 vitae.

1923 2923 2217 2987 rationem,
2271 2924 2421 2977 nullo
2478 2924 2585 2981 alio
2625 2926 2785 2980 modo
2818 2924 3007 2981 Patres
3046 2927 3344 2996 accipiunt,
3397 2925 3502 2979 nisi

1924 3015 2223 3072 secundum
2251 3016 2673 3071 constitutiones
2703 3016 2970 3071 asceticas
2996 3015 3174 3083 magni
3215 3014 3426 3069 Basilii.

1998 3107 2049 3162 5.
2082 3107 2156 3161 De
2188 3105 2528 3177 professione
2572 3108 2824 3177 religiosa
2874 3122 3155 3162 servorum
3197 3124 3211 3160 :
3255 3116 3308 3161 et
3357 3105 3502 3174 quod

1927 3199 2002 3253 illi
2032 3198 2124 3269 qui
2158 3199 2294 3255 tales
2320 3199 2585 3269 recipiunt
2616 3199 2948 3263 indistincte,
2977 3208 3031 3253 et
3062 3207 3251 3253 contra
3286 3197 3505 3252 divinas
3540 3228 3541 3231 η

1929 3288 2258 3361 Scripturas,
2293 3300 2347 3346 et
2376 3299 2563 3347 contra
2596 3294 2921 3346 sententiam
2947 3290 3294 3361 propriorum
3331 3288 3508 3343 domi-

1928 3398 2126 3439 norum
2162 3384 2408 3447 tondent,
2436 3398 2463 3437 a
2499 3385 2891 3439 communione
2930 3393 3257 3455 separantur
3286 3390 3339 3437 et
3372 3398 3509 3436 aua-

1931 3476 2357 3532 thematizantur
2404 3477 2604 3533 divinis
2654 3478 2978 3544 cauonibus,
3014 3477 3154 3532 servi
3208 3485 3389 3530 autem
3422 3490 3508 3530 se-

1931 3568 2170 3623 cundum
2196 3579 2448 3625 externas
2474 3571 2618 3640 leges
2652 3585 2868 3625 rursum
2901 3568 3150 3624 servituti
3193 3568 3510 3638 mancipau-

1932 3667 2042 3722 tur,
2068 3661 2171 3715 nisi
2209 3661 2368 3716 vitam
2393 3662 2707 3730 asceticam,
2725 3671 2779 3718 et
2809 3671 3009 3717 rectam
3036 3669 3349 3717 sanctorum
3389 3658 3512 3712 vitze

1934 3752 2198 3807 rationem
2227 3752 2645 3822 amplectantur.

2004 3843 2057 3899 6.
2086 3844 2159 3898 De
2200 3843 2605 3899 discedentibus
2648 3857 2676 3895 a
2724 3840 3063 3897 fraternitate
3095 3860 3109 3895 :
3146 3850 3198 3896 et
3252 3840 3395 3911 quod
3426 3839 3516 3894 ille

1934 3937 2026 4007 qui
2054 3945 2275 4009 propter
2309 3936 2582 3992 carnalem
2612 3936 2870 4005 quietem,
2896 3935 2980 3990 vel
3007 3935 3339 3989 mundanam
3372 3932 3517 3987 utili-

1935 4038 2102 4085 tatem
2137 4045 2167 4085 a
2218 4027 2555 4085 fraternitate
2599 4029 2855 4094 discedit,
2888 4027 3119 4081 multum
3156 4025 3300 4097 apud
3344 4024 3511 4080 Deum

1936 4121 2360 4190 cnntemptibilis
2393 4132 2498 4186 est,
2516 4132 2568 4177 et
2591 4120 2955 4191 promissione
2982 4120 3261 4189 privatus;
3287 4126 3340 4171 et
3362 4115 3510 4187 quod

1938 4211 2106 4265 divini
2138 4226 2379 4265 canones
2402 4214 2537 4266 tales
2578 4213 2847 4275 homines,
2875 4220 2929 4262 et
2954 4227 3050 4264 eos
3099 4210 3194 4277 qui
3242 4208 3519 4274 recipiunt

1940 4301 2080 4364 illos,
2127 4313 2157 4352 a
2227 4302 2615 4353 communione
2672 4308 2959 4367 separant;
3004 4306 3058 4350 et
3114 4296 3260 4366 quod
3320 4295 3373 4348 lii
3425 4297 3518 4363 qui

1939 4395 2159 4458 propter
2190 4385 2356 4441 Deum
2389 4386 2545 4440 aliter
2588 4386 2696 4441 alio
2735 4385 3045 4448 trahuntur,
3088 4393 3142 4439 et
3181 4384 3519 4439 discedentes

256 4472 354 4524 καὶ
380 4471 789 4543 ἀναχωροῦντες
818 4474 1111 4537 ὲπαινετοὶ,
1148 4476 1245 4528 καὶ
1274 4477 1337 4529 οὐ
1369 4478 1697 4549 χωρίζονται
1735 4482 1823 4552 τῆς

1942 4475 2254 4538 laudantur,
2302 4488 2478 4543 neque
2521 4489 2550 4528 a
2608 4473 2947 4529 fraternitate
3003 4482 3344 4544 separantur,
3391 4473 3518 4544 quia

256 4563 637 4633 ἀδελφότητος,
666 4565 747 4618 ὅτι
775 4565 1088 4635 οἰκονομίαν
1118 4567 1438 4638 πληροῦσιν.

334 4654 396 4720 ξ.
426 4657 562 4726 Περὶ
582 4657 847 4726 διαφορᾶς
871 4658 1199 4714 σκανδάλων
1227 4664 1318 4715 καὶ
1344 4664 1427 4717 ὅτι
1457 4664 1549 4719 τὸν
1582 4667 1838 4722 ποιοῦντα

265 4747 486 4817 ἐντολὴν
509 4748 666 4811 Θεοῦ,
700 4750 731 4820 ἢ
765 4752 1094 4818 παραδόσεις
1126 4755 1299 4823 άγίων
1333 4758 1617 4829 Πατέρων,
1645 4762 1704 4815 οὐ
1733 4761 1838 4833 χρὴ

260 4840 364 4909 τὴν
398 4840 595 4910 πρᾶξιν
642 4842 1077 4913 καταλιμπάνειν
1124 4846 1213 4899 διὰ
1252 4852 1378 4912 τοὺς
1409 4851 1838 4922 σκανδαλιζομέ-

261 4946 411 4994 νους·
439 4932 533 4986 καὶ
560 4934 641 4986 ὅτι
665 4935 698 5004 ἡ
722 4936 915 5007 εἰρήνη
939 4976 953 5000 ,
983 4938 1078 4990 καὶ
1108 4938 1140 5007 ἡ
1168 4940 1303 5010 εὐχὴ
1333 4940 1425 4993 τὸν
1455 4942 1606 5009 ἀξιον
1640 4944 1714 5013 μὴ
1749 4945 1839 4996 εὖ·

262 5023 457 5095 ροῦσα,
517 5026 836 5095 ἐπιστρέφει
891 5029 1055 5082 πάλιν
1108 5032 1246 5101 πρὸς
1294 5033 1386 5087 τὸν
1440 5035 1841 5090 ἀποστέλλοντα

259 5115 460 5183 ταῦτα,
490 5116 633 5169 οὕτω
657 5119 750 5170 καὶ
779 5121 811 5189 ἡ
843 5122 1059 5191 κατάρα
1085 5125 1411 5195 ἐπιστρέφει
1439 5128 1603 5182 πάλιν
1632 5129 1726 5182 ἐπὶ
1749 5128 1840 5183 τὸν

262 5211 469 5270 ἀδίκως
502 5211 959 5265 σκανδαλισθέντα
990 5217 1083 5268 καὶ⁵
1116 5218 1529 5288 καταρώμενον.

336 5298 407 5369 η’.
438 5300 573 5371 Περὶ
600 5301 937 5355 διδασκάλων
966 5304 1248 5377 διαφορᾶςο
1286 5308 1380 5361 καὶ
1412 5309 1495 5361 ὅτι
1525 5308 1755 5380 φοϐερὸν
1780 5310 1842 5363 τὺ

261 5392 445 5460 κρῖμα
489 5389 581 5443 τοῦ
620 5391 972 5457 διδασκάλου,
1018 5395 1113 5448 ἐὰν
1145 5397 1299 5467 παρά
1340 5396 1439 5459 τὰς
1470 5398 1692 5461 ἐντολάς
1746 5398 1840 5451 τοῦ

262 5483 402 5536 Θεοῦ
433 5482 682 5555 διδάσκῃο
721 5484 814 5539 καὶ
858 5485 941 5538 ὅτι
968 5485 1248 5540 πείθεσθαι
1279 5487 1492 5552 τούτοις
1528 5489 1610 5542 δεῖ
1637 5491 1703 5543 ὲκ
1733 5490 1843 5543 τῶν

264 5572 429 5628 θείων
448 5572 681 5644 Γραφῶν
695 5573 1029 5629 διδάσκουσι.

340 5663 404 5719 θ’.
431 5662 568 5735 Περὶ
591 5664 854 5736 διαφορᾶς
880 5664 1069 5734 ὀργῆς,
1096 5666 1189 5719 καὶ
1214 5666 1389 5737 θυμοῦ
1412 5668 1635 5739 εὐλόγου
1664 5687 1724 5723 τε
1750 5669 1842 5725 καὶ

269 5755 469 5826 ἀλόγου
493 5771 510 5791 ο
561 5756 657 5813 καὶ
689 5756 770 5813 ὅτι
811 5756 872 5811 οὐ
907 5755 1137 5813 πάντοτε
1173 5758 1444 5828 συμφέρει
1485 5762 1545 5817 τὸ
1584 5762 1655 5818 μὴ
1691 5762 1842 5827 ὀργίσ

1941 4566 2185 4622 divinum
2229 4566 2568 4636 preposilum
2597 4565 2897 4635 complent.

2010 4660 2063 4713 7.
2093 4657 2166 4712 De
2205 4658 2509 4714 diii‘ercntia
2558 4657 2936 4713 scandalorum
2976 4674 2991 4712 ι
3030 4667 3084 4712 et
3135 4658 3280 4729 quod
3328 4661 3521 4714 obser-

1942 4760 2159 4805 vantem
2191 4751 2281 4806 Dei
2305 4752 2475 4822 legem
2498 4760 2551 4807 et
2582 4751 2903 4807 traditiones
2927 4761 3239 4807 sanctorum
3271 4753 3517 4819 Patrum,

1942 4854 2048 4894 non
2083 4849 2297 4910 oportet
2328 4841 2522 4909 agendi
2557 4842 2823 4896 rationem
2878 4841 3259 4912 derelinquere
3294 4844 3363 4897 ob
3395 4843 3517 4899 illos

1940 4933 2032 5002 qui
2070 4934 2546 5001 seandalizautur;
2578 4943 2633 4990 et
2670 4935 2814 5005 quod
2843 4950 2970 5004 pax,
3008 4944 3062 4988 et
3083 4937 3260 4991 oratio
3291 4936 3515 5006 dignum

1944 5039 2050 5077 non
2079 5025 2383 5091 inveniens,
2421 5041 2639 5082 rursum
2673 5026 2958 5081 revertitur
2991 5027 3057 5081 ad
3086 5027 3236 5081 illum
3278 5029 3370 5097 qui
3404 5028 3522 5081 haec

1940 5115 2160 5179 emittit,
2190 5118 2260 5172 ita
2293 5128 2348 5173 et
2378 5118 2689 5173 maledictio
2718 5120 3010 5174 revertitur
3042 5135 3238 5174 rursus
3275 5120 3339 5173 ad
3372 5120 3522 5173 hunc

1942 5208 2033 5277 qui
2073 5208 2274 5277 injuste
2304 5209 2708 5264 scandalizatur
2735 5217 2789 5263 et
2820 5210 3112 5264 maledicit.

2016 5294 2068 5348 8.
2105 5296 2177 5349 De
2203 5296 2487 5351 doctorum
2526 5295 2828 5352 differentia
2859 5312 2875 5352 :
2912 5306 2965 5352 et
2989 5296 3134 5366 quod
3172 5296 3514 5365 tremendum

1944 5393 2027 5441 est
2056 5385 2299 5441 doctoris
2326 5387 2614 5455 judicium,
2648 5388 2693 5442 si
2742 5396 2929 5442 contra
2972 5387 3066 5441 Dei
3108 5388 3255 5454 leges
3289 5388 3518 5453 doceat;

1944 5486 1998 5532 et
2022 5478 2165 5546 quod
2198 5479 2420 5534 obedire
2458 5479 2564 5534 illis
2600 5488 2810 5549 oportet
2849 5479 2942 5549 qui
2974 5477 3278 5534 secundum
3308 5478 3521 5533 divinas

1946 5569 2258 5637 Scripturas
2287 5570 2501 5624 docent.

2014 5661 2066 5715 9.
2099 5660 2173 5716 De
2204 5660 2506 5717 diﬁcrentia
2531 5661 2644 5727 iraa,
2668 5660 2968 5716 secundum
2996 5660 3261 5715 rationem
3296 5668 3348 5713 et
3382 5674 3518 5713 con-

1950 5764 2032 5813 tra
2082 5756 2396 5815 rationem:
2437 5764 2492 5813 et
2551 5754 2697 5825 quod
2761 5771 2868 5811 non
2923 5770 3137 5826 semper
3159 5752 3376 5825 expedit
3412 5766 3519 5807 non
