3982 6214
540 283 681 349 i363

1385 283 1777 346 OPUSCULA
1809 284 2154 347 MORALIA
2189 284 2543 348 lNCERT/E
2580 286 2891 348 ΑΞΤΑΤΙΞ.

3588 290 3692 356 13ὃί

535 400 722 463 irasci,
781 397 876 454 sed
933 396 1155 468 quando
1195 404 1411 468 tempus
1460 399 1720 467 postulat;
1771 398 1927 468 Saepe
1967 398 2113 455 enim

2157 407 2191 463 Α
2220 402 2430 467 ζεσθαι,
2462 404 2578 458 ἀλλ’
2606 404 2736 457 ὅταν
2758 406 2787 457 ὁ
2821 403 3008 474 καιρὸς
3030 403 3193 474 καλῇ.
3219 401 3461 468 Πολλάκις
3484 405 3572 477 γὰρ
3595 424 3692 480 ιρι.

534 488 972 546 mansuetudinis
1023 495 1283 557 praetextu
1336 487 1587 542 cadimus
1631 488 1687 541 in
1729 488 1954 557 laqueos
1997 490 2115 542 dia-

539 584 667 646 boli,
701 592 754 636 et
783 597 812 635 a
854 582 962 634 Deo
1010 594 1371 648 separamur;
1423 579 1722 648 aliquando
1758 588 1938 633 autem
1970 581 2114 634 cele-

538 677 669 727 riter
694 675 898 741 justam
926 672 1064 726 iram
1104 671 1466 741 suscipientes
1509 680 1660 725 extra
1697 672 2112 726 convenientem

537 767 679 817 viam
709 764 1081 817 ambulamus.

610 856 698 910 10.
752 853 826 908 De
874 853 1094 922 injuria,
1138 861 1192 906 et
1236 852 1602 921 qualicunque
1664 849 2016 912 contumelia,
2059 858 2115 903 et

536 948 727 1002 otiosis
753 946 937 1001 verbis
978 961 993 1000 :
1019 954 1074 1002 et
1104 945 1249 1014 quod
1285 960 1391 999 non
1427 944 1604 997 solum
1637 944 1707 996 0b
1732 941 2110 998 homicidium.

539 1038 949 1094 fornicationem
996 1045 1055 1090 et
1086 1035 1410 1090 adulterium
1460 1036 1511 1088 in
1556 1034 1860 1100 gehennam
1907 1032 2115 1086 incide-

537 1146 684 1194 mus,
719 1129 814 1185 sed
857 1134 1020 1184 etiam
1051 1128 1122 1182 ob
1156 1126 1407 1194 injurias,
1436 1134 1491 1176 et
1539 1139 1659 1193 qua:
1706 1122 1851 1191 apud
1894 1136 1996 1176 nos
2034 1120 2113 1173 vi-

536 1223 734 1277 dentur
761 1223 898 1277 viles
935 1219 1322 1284 contumelias,
1348 1216 1445 1271 sed
1501 1226 1681 1269 tamen
1731 1229 1840 1268 non
1882 1213 2111 1282 aequalis

540 1324 600 1369 ut
621 1314 936 1381 castigatio;
972 1320 1023 1367 et
1052 1311 1197 1380 quod
1230 1308 1538 1364 vindicandi
1588 1322 1649 1361 se
1700 1306 1893 1375 gratia,
1937 1304 2020 1359 vel
2054 1303 2111 1357 in

538 1406 685 1459 nulla
717 1420 773 1459 re
796 1404 1173 1467 conveniente,
1206 1416 1313 1454 non
1340 1407 1555 1469 oportet
1587 1398 1805 1467 injuriis
1848 1397 1931 1453 vel
1978 1412 2113 1453 con-

539 1496 777 1551 tumeliis
804 1495 1065 1563 impetere
1090 1493 1345 1559 aliquem,
1376 1490 1470 1545 sed
1493 1498 1577 1543 est
1604 1489 1657 1543 in
1691 1503 1760 1543 eo
1804 1488 2111 1544 differentia

538 1595 596 1642 ut
628 1588 791 1642 inira
829 1585 1013 1655 justa;
1059 1594 1115 1640 et
1146 1584 1291 1653 quod
1338 1583 1428 1637 ille
1468 1583 1559 1651 qui
1603 1580 1876 1635 immerito
1922 1579 2111 1635 convi-

539 1681 704 1735 tiatur
732 1679 917 1745 alicui,
943 1693 973 1731 a
1006 1677 1392 1732 communione
1418 1682 1723 1743 separatur.

2219 497 2381 565 φάσει
2418 496 2731 567 πραΰτητος
2774 494 3120 564 ἐμπίπτομεν
3161 496 3238 556 εἰς
3270 494 3362 555 τὰς
3398 495 3592 559 παγίδας
3625 501 3692 552 τοῦ

2216 590 2489 653 διαϐόλου,
2537 588 2632 642 καὶ
2681 585 3028 656 χωριζόμεθα
3074 586 3182 639 ἀπὸ
3214 584 3305 636 τοῦ
3348 584 3469 637 Θεοῦ
3492 624 3506 647 ,
3531 588 3632 640 πότε
3654 590 3693 643 δὲ

2214 684 2357 751 τάχα
2402 681 2597 750 δικαίῳ
2642 678 2800 749 θυμῷ
2853 677 3126 747 χρώμενοι
3181 676 3274 730 τοῦ
3322 677 3585 747 πρέποντος
3619 680 3693 745 ἔξω

2216 771 2583 842 πορευόμεθα.

2288 868 2337 916 ι’.
2376 863 2511 931 Περὶ
2546 861 2846 929 λοιδορίας,
2873 859 2969 912 καὶ
3002 858 3261 917 παντοίας
3287 858 3497 928 ὕϐρεως,
3521 861 3597 912 καὶ
3620 860 3693 928 ἀρ-

2215 950 2488 1019 γολογίαςσ
2525 952 2620 1003 καὶ
2649 952 2728 1003 ὅτι
2775 950 2834 1001 οὐ
2868 950 3026 1017 μόνον
3054 950 3145 1002 διὰ
3173 950 3347 1015 φόνον,
3375 950 3459 1001 καὶ
3481 952 3692 1015 πορνείαν,

2215 1044 2312 1096 καὶ
2339 1042 2607 1112 μοιχείαν,
2638 1043 2715 1102 είς
2744 1043 2966 1109 γέενναν
2987 1039 3389 1108 ἐμπεσούμεθα,
3418 1041 3530 1091 ἀλλὰ
3546 1042 3693 1093 καὶδιὰ

2157 1194 2177 1202 η
2214 1135 2502 1204 λοιδορίας,
2550 1134 2646 1188 καὶ
2682 1132 2781 1195 τὰς
2821 1134 2953 1202 παρ’
2994 1134 3127 1201 ἡμῖν
3163 1132 3470 1200 φαινομένας
3510 1131 3693 1194 εὐτελεῖς

2215 1226 2423 1297 ὕϐρεις,
2452 1226 2568 1279 ἀλλ’
2600 1226 2749 1294 ὅμως
2778 1226 2878 1277 οὐκ
2904 1225 2990 1294 ἴση
3022 1226 3054 1292 ἡ
3084 1224 3325 1286 κόλασιςο
3350 1224 3434 1276 καὶ
3458 1225 3529 1277 ὅτι
3552 1224 3690 1277 ἕνεκεν

2212 1318 2307 1371 τοῦ
2336 1316 2572 1370 ἐκδικεῖν
2612 1315 2823 1375 ἑαυτὸν,
2862 1314 2893 1385 ἢ
2944 1316 3040 1368 ἐπὶ
3080 1313 3266 1384 μηδενὶ
3313 1314 3617 1382 προσήκοντι,
3646 1315 3690 1365 οὐ

2211 1411 2293 1464 δεῖ
2316 1410 2596 1479 λοιδορεῖν,
2628 1407 2659 1477 ἢ
2697 1407 2940 1476 ὑδρίζειν
2968 1406 3090 1458 τινὰ
3110 1445 3123 1467 ,
3160 1404 3275 1457 ἀλλ’
3307 1404 3411 1457 ἔστι
3444 1404 3524 1456 καὶ
3548 1404 3690 1457 τούτου

2212 1502 2447 1572 διαφορὰ
2480 1499 2626 1554 καθὰ
2649 1501 2743 1552 καὶ
2768 1498 2846 1568 τῷ
2869 1498 3068 1568 δικαίῳ
3099 1494 3274 1565 θυμιῖν
3310 1498 3398 1548 καὶ
3425 1497 3495 1549 ὅτι
3517 1497 3693 1558 δάπλῶς

2212 1590 2489 1664 χλευάζων
2523 1591 2664 1656 τινὰ,
2701 1590 2797 1658 τῆς
2818 1589 3110 1651 κοινωνίας
3132 1588 3430 1658 χωρίζεται.

599 1771 696 1825 11.
726 1771 801 1826 De
850 1772 969 1823 rixa
1022 1783 1147 1822 eum
1192 1767 1465 1836 proximo,
1514 1774 1568 1817 et
1607 1779 1704 1832 per
1745 1762 1945 1817 multos
1991 1775 2114 1814 mo-

2157 1751 2187 1806 Β
2287 1763 2377 1819 ια’.
2412 1764 2548 1835 Περὶ
2588 1761 2683 1816 τοῦ
2719 1758 3137 1816 διαλλάττεσθαι
3163 1757 3239 1828 τῷ
3268 1757 3501 1825 πλησίον,
3529 1758 3602 1810 καὶ
3629 1756 3690 1809 διὰ

534 1869 635 1921 dos
660 1863 903 1919 facienda
924 1860 1369 1917 reconciliatione
1403 1876 1415 1912 :
1442 1866 1494 1911 et
1521 1856 1662 1924 quod
1695 1862 1913 1923 propter
1942 1852 2108 1907 Deum

534 1958 770 2027 aliquem
805 1955 1059 2025 aﬂligere,
1087 1952 1280 2008 salutis
1308 1959 1391 2005 est
1424 1947 1758 2018 procuratio,
1786 1957 1842 2000 et
1875 1946 2111 2013 irrepre-

534 2048 822 2106 hensibilis
864 2057 948 2102 est
985 2045 1077 2115 qui
1102 2044 1315 2107 amixit,
1370 2042 1460 2112 qni
1512 2052 1696 2095 autem
1751 2038 1981 2092 amictus
2028 2046 2112 2092 est

532 2140 784 2197 excusari
814 2139 974 2194 debet
997 2147 1050 2191 et
1076 2135 1299 2205 corrigi.

604 2232 695 2287 12.
732 2231 807 2284 De
853 2243 1127 2285 consensu
1166 2228 1220 2280 in
1262 2225 1701 2289 fornicationem,
1734 2234 1788 2277 et
1830 2223 1951 2292 ejus
1981 2235 2109 2289 pro-

533 2322 858 2395 prietatibus
884 2338 897 2374 :
926 2329 979 2375 et
1006 2319 1154 2388 quod
1188 2333 1255 2371 ex
1289 2316 1569 2385 impudico
1620 2315 1911 2370 mulierum
1951 2326 2110 2379 aspe-

532 2427 650 2482 ctu,
679 2426 734 2471 et
778 2412 1217 2474 conversatione,
1243 2418 1299 2465 et
1344 2424 1411 2462 ex
1463 2408 1587 2462 aliis
1627 2406 1814 2461 multis
1839 2404 2021 2459 causis
2054 2403 2107 2455 in

534 2524 635 2565 nos
688 2508 976 2562 incurrunt
1033 2500 1348 2571 passiones;
1383 2508 1436 2553 et
1473 2497 1617 2568 quod
1666 2496 1758 2551 ubi
1814 2496 2110 2565 episcopus

532 2610 628 2655 aut
653 2598 958 2655 monachus
994 2595 1141 2664 degit
1173 2592 1411 2664 hospitio
1462 2598 1731 2659 receptus,
1764 2596 1859 2641 aut
1889 2586 2108 2656 pr0pria

533 2695 846 2761 inspectans
880 2687 1117 2756 negotia,
1143 2701 1252 2739 non
1286 2692 1501 2753 oportet
1575 2682 1771 2735 adesse
1824 2678 2105 2741 mulieres,

532 2784 626 2837 sed
658 2796 766 2834 non
815 2778 1018 2832 intrare
1059 2775 1110 2829 in
1162 2775 1419 2829 tabernas
1465 2771 1573 2825 illis
1634 2767 1946 2839 praecipitur
1989 2765 2110 2820 sine

532 2874 764 2944 quadam
789 2868 1131 2932 necessitate,
1160 2867 1246 2921 vel
1276 2863 1600 2935 spectaculis
1630 2870 1685 2916 et
1712 2857 2110 2930 hippodromiis

532 2965 830 3028 interesse;
864 2968 918 3014 et
971 2956 1116 3028 quod
1147 2956 1271 3010 laici
1305 2955 1553 3010 ludentes
1608 2962 1703 3007 aut
1753 2951 2015 3006 saltantes
2052 2948 2105 3002 in

533 3049 1146 3112 commemorationibus
1190 3056 1526 3111 sanctorum,
1576 3059 1606 3097 a
1663 3041 2101 3097 Christianorum

536 3162 764 3207 numero
787 3152 1128 3214 separantur.

609 3239 697 3294 15.
729 3238 806 3292 De
853 3235 1121 3289 adulterio
1166 3240 1220 3287 et
1268 3229 1675 3285 fornicatione:
1713 3234 1768 3280 et
1808 3223 1954 3294 quod
1998 3237 2109 3277 nou

536 3333 657 3389 sine
683 3329 922 3400 periculo
963 3336 1048 3383 est
1077 3326 1197 3381 viro
1231 3322 1475 3394 separari
1521 3336 1551 3375 a
1582 3334 1681 3374 sua
1709 3318 1941 3386 conjuge
1972 3330 2111 3385 prte-

534 3430 619 3475 ter
662 3420 923 3474 rationem
975 3414 1392 3477 fornicationis;
1449 3418 1502 3465 et
1563 3408 1709 3478 quod
1754 3405 1838 3460 vir
1888 3402 2108 3473 quidem

537 3510 863 3566 fornicatam
903 3522 1129 3561 uxorem
1165 3503 1411 3567 dimittit,
1448 3500 1494 3555 si
1544 3514 1670 3553 vero
1733 3512 1839 3551 non
1887 3494 2111 3548 dimise-

538 3606 609 3658 rit
632 3602 920 3670 subjicitur
956 3592 1389 3667 reprehensioni,
1432 3606 1572 3646 uxor
1600 3599 1780 3643 autem
1833 3587 2112 3642 fornican-

538 3708 645 3751 tem
682 3696 859 3747 virum
892 3707 999 3744 non
1030 3687 1275 3748 dimittit,
1316 3684 1408 3738 sed
1452 3684 1613 3738 debet
1658 3679 1974 3748 corporales
2015 3675 2110 3745 qui

537 3802 567 3840 e
597 3786 715 3838 viro
742 3783 997 3837 eveniunt
1045 3794 1275 3848 angores
1324 3774 1582 3840 sufferre;
1615 3782 1669 3828 et
1699 3772 1843 3841 quod
1880 3770 2112 3824 clericus

540 3878 629 3931 tali
665 3878 897 3946 quadam
930 3875 1086 3942 culpa
1114 3870 1401 3925 otl‘cndens
1425 3867 1742 3935 deponitur,
1774 3874 1828 3918 et
1857 3877 1964 3917 non
1993 3861 2107 3929 jam

542 3968 705 4022 habet
746 3966 1198 4035 appellationem;
1246 3971 1298 4016 et
1347 3961 1491 4030 quod
1536 3974 1641 4014 non
1693 3964 1909 4025 oportet
1951 3952 2112 4007 Chri-

540 4061 745 4115 stianos
762 4055 1032 4126 eonjugiis
1056 4054 1272 4109 misceri
1294 4068 1418 4107 cum
1439 4050 1742 4115 haereticis;
1769 4044 1989 4117 etquod
2019 4058 2113 4099 eos

539 4154 632 4222 qui
665 4151 924 4206 mulieres
956 4148 1177 4218 rapiunt
1206 4146 1405 4200 divina:
1428 4144 1575 4213 leges
1613 4139 2112 4202 excommunicant;

539 4243 637 4310 qui
679 4251 859 4295 autem
902 4238 1272 4298 consentiunt,
1304 4235 1351 4290 si
1400 4233 1622 4303 quidem
1669 4230 1852 4286 clerici
1888 4228 2111 4295 fuerint,

539 4335 917 4401 deponuntur;
943 4330 988 4385 si
1022 4338 1200 4382 autem
1233 4325 1379 4388 laici,
1411 4332 1758 4395 separantur.

612 4424 698 4478 Η.
754 4422 826 4475 De
889 4421 1225 4491 juramento.
1272 4426 1327 4472 et
1361 4414 1627 4471 mendacii
1670 4411 2024 4468 differentia:
2060 4420 2112 4469 et

2157 4434 2191 4487 ι)
2293 4415 2371 4470 ιδ’.
2411 4416 2545 4484 Περὶ
2578 4415 2739 4482 ὅρκου
2786 4411 2880 4465 καὶ
2933 4410 3194 4479 διαφορᾶς
3238 4402 3446 4472 ψεύδους

2214 1857 2423 1913 πολλῶν
2456 1857 2669 1927 τρόπων
2699 1855 2971 1907 ποιεῖσθαι
3018 1852 3118 1915 τὰς
3169 1851 3511 1917 καταλλαγάς·
3541 1851 3613 1901 καὶ
3633 1848 3690 1900 ὅτι

2212 1949 2272 2002 τὸ
2314 1948 2454 2002 κατὰ
2497 1947 2628 2000 Θεδν
2657 1945 2849 1999 λυπεῖν
2891 1960 3054 2009 τινα,
3101 1941 3370 2012 σωτηρίας
3411 1941 3511 1993 ἐστὶ
3550 1938 3689 2005 πρόξε-

2210 2059 2322 2102 νον,
2350 2041 2445 2094 καὶ
2472 2037 2810 2107 ἀνέγκλητός
2849 2038 2999 2089 ἐστιν
3033 2037 3061 2088 ὁ
3088 2034 3353 2102 λυπήσας,
3381 2035 3408 2085 ὁ
3429 2034 3477 2084 δὲ
3496 2028 3688 2098 tantist;

2211 2130 2661 2203 ἀπολογήσασθαι
2690 2131 2959 2200 χρεωστεῖ
2983 2168 2999 2192 ,
3027 2128 3125 2180 καὶ
3154 2123 3535 2193 διορθώσασθαι.

2286 2222 2372 2293 ιβ’.
2412 2223 2546 2293 Περὶ
2582 2219 3036 2288 συγκαταθέσεως
3071 2218 3169 2286 τῆς
3218 2216 3480 2285 πορνείας,
3514 2209 3683 2263 καὶτῶν

2215 2316 2520 2385 ἰδιωμάτων
2559 2314 2759 2380 αὐτῆς·
2800 2310 2893 2363 καὶ
2931 2311 3016 2362 ὅτι
3061 2311 3126 2361 ὲκ
3173 2306 3265 2360 τοῦ
3293 2303 3500 2364 ἀναιδῶς
3526 2301 3681 2370 βλέπειν

2212 2408 2499 2474 γυναῖκας,
2535 2405 2631 2457 καλ⁵
2665 2400 3081 2455 συνδιαιτᾶσθαι
3114 2399 3323 2459 αὐταῖς,
3356 2397 3441 2449 καὶ
3462 2397 3514 2445 ἐκ
3537 2391 3686 2445 πολλῶν

2210 2497 2416 2567 ἐτέρων
2437 2496 2626 2549 αἰτιῶν
2649 2494 2974 2563 ἐπέρχονται
3001 2493 3136 2561 ἡμῖν
3155 2490 3222 2543 τὰ
3243 2488 3401 2557 πάθηο
3423 2486 3503 2538 κιιλ⁵
3520 2486 3581 2536 ὅτι
3597 2481 3687 2533 ἔνθα

2211 2590 2510 2649 ἐπίσκοπος
2532 2627 2546 2650 ,
2576 2586 2608 2656 ἢ
2643 2584 2873 2655 μοναχδς
2908 2583 3088 2651 διάγει
3139 2579 3473 2648 ξενιζόμενος,
3507 2576 3534 2643 ἢ
3563 2574 3688 2625 οἰκεῖα

2210 2680 2674 2749 ἐπισκεπτόμενος
2708 2676 3015 2746 πράγματα
3039 2716 3054 2739 ,
3085 2675 3148 2728 οὐ
3198 2672 3301 2743 χρὴ
3350 2670 3565 2737 παρεῖναι
3617 2678 3687 2728 τυ·

2212 2774 2427 2837 ναῖκας,
2462 2770 2576 2823 ἀλλ’
2621 2769 2741 2823 οὐδὲ
2772 2770 2852 2831 είς
2879 2767 3182 2838 καπηλεῖον
3208 2764 3419 2819 εἰσιέναι
3434 2760 3610 2818 τούτους
3630 2757 3687 2805 ἐν·

2208 2862 2464 2915 τέταλται
2494 2859 2664 2930 χωρίς
2692 2875 2839 2921 τινος
2892 2858 3166 2927 ἀνάγκης,
3202 2854 3235 2924 ἢ
3266 2851 3511 2921 θεωρίαις,
3530 2846 3601 2898 καὶ
3624 2849 3686 2895 ἰτ-

2211 2953 2536 3025 ποδρομίαις
2565 2948 2869 3020 σχολάζειν*
2896 2949 2996 3002 καὶ
3030 2949 3114 3002 ὅτι
3142 2949 3190 3000 οἱ
3211 2943 3378 2998 λαῖκοὶ
3400 2934 3683 3003 παίζοντες,ἢ

2210 3043 2531 3114 ὀρχούμενοι
2583 3043 2639 3095 ἐν
2691 3044 2810 3104 ταῖς
2866 3041 3117 3109 μνήμαις
3157 3037 3262 3089 τῶν
3293 3033 3476 3103 ἁγίων,
3503 3029 3577 3098 τῆς
3609 3026 3686 3076 τὼν

2214 3134 2555 3208 Χριστιανῶν
2572 3130 2891 3203 χωρίζονται
2922 3130 3155 3194 τάξεως.

2287 3235 2376 3298 ιγ’.
2403 3228 2537 3297 Περὶ
2564 3226 2809 3296 μοιχείας
2836 3225 2933 3276 καὶ
2984 3222 3263 3293 πορνείαςο
3288 3219 3375 3273 καὶ
3398 3217 3470 3269 ὅτι
3492 3212 3568 3265 οὒκ
3584 3206 3685 3261 ἀκίν-

2209 3320 2366 3376 δυνόν
2397 3322 2544 3373 ἐστιν
2570 3318 2728 3386 ἀνδρὶ
2748 3314 3088 3386 χωρίζεσθαι
3117 3314 3223 3368 ἀπὸ
3244 3312 3336 3380 τῆς
3360 3303 3501 3362 αὐτοῦ
3519 3298 3682 3369 συμϐίω

2211 3411 2369 3475 ἐκτὸς
2402 3410 2561 3477 λόγου
2598 3407 2875 3477 πορνείαςο
2917 3406 3014 3457 καὶ
3045 3406 3131 3457 ὅτι
3160 3406 3187 3456 ὁ
3221 3401 3313 3472 μὲν
3346 3396 3469 3463 ἀνὴρ
3494 3401 3680 3459 πορνευο-

2216 3505 2384 3575 μένην
2400 3504 2633 3571 γυναῖκα
2653 3499 2900 3562 ἀπολύει,
2928 3497 3028 3550 ἐὰν
3045 3497 3099 3549 δὲ
3127 3494 3201 3565 μὴ
3217 3490 3461 3558 ἀπολύσῃ,
3476 3484 3681 3575 inmutat

2212 3568 2290 3665 τῷ
2338 3568 2682 3661 ἐγκλήματι,
2716 3593 2750 3657 ἡ
2791 3589 2847 3641 δὲ
2894 3588 3036 3657 γυνὴ
3085 3584 3402 3656 πορνεύοντα
3444 3575 3579 3641 ἄνδρα
3608 3568 3684 3665 ὀὐκ

2212 3659 2461 3747 ἀπολύει,
2488 3659 2623 3736 αλλὰ
2646 3679 2751 3750 χρὴ
2778 3680 2875 3740 τὰς
2907 3679 3062 3746 παρὰ
3083 3677 3177 3729 τοῦ
3199 3673 3380 3743 ἀνδρὸς
3402 3659 3683 3750 ἐπερχομένας

2215 3776 2534 3849 σωματικὰς
2570 3748 2778 3842 θλίψεις
2824 3773 3126 3840 ὑποφέρειν
3152 3786 3164 3797 ·
3199 3767 3289 3820 καὶ
3315 3766 3389 3817 ὅτι
3434 3761 3459 3811 ὁ
3495 3748 3683 3849 κληρικδς

2212 3871 2439 3941 τοιούτῳ
2462 3868 2572 3922 τινὶ
2597 3867 2905 3935 ἐγκλήματι
2941 3860 3255 3934 περιπεσὼν
3286 3852 3594 3920 καθαιρεὴαιυ
3620 3836 3685 3892 iul

2214 3964 2314 4017 οὐκ
2349 3961 2429 4015 ἔτι
2470 3960 2581 4029 ἔχει
2609 3957 2912 4026 ἀνάκλησιν
2934 3969 2946 3982 ·
2986 3956 3085 4008 καὶ
3118 3955 3197 4005 δτι
3227 3951 3285 4003 οὐ
3310 3950 3381 4001 δεῖ
3409 3932 3682 4029 Χριστιανούς

2214 4020 2646 4122 ὲπιγαμὸρεύειν
2678 4020 2821 4118 πρὸς.
2841 4043 3178 4116 αἱρετικούς’
3212 4041 3302 4095 καὶ
3330 4039 3403 4091 ὃτι
3429 4033 3533 4092 τοὺς

2215 4110 2407 4210 ζοντας
2452 4110 2794 4211 γυναῖκαςοί
2824 4110 2958 4192 θεῖοι
3010 4137 3167 4207 νόμοι
3201 4130 3521 4202 ἀφορίζουσιν
3542 4117 3621 4211 ,Δοῑ
3642 4110 3677 4161 δὲ

2218 4208 2686 4298 συνευδοκοῦντες,
2720 4232 2769 4285 εί
2805 4232 2903 4300 μὲν
2934 4226 3187 4299 κληρικοὶ
3213 4220 3338 4279 εἷεν.
3364 4208 3680 4282 καθαιροῦντιι»

2216 4329 2265 4380 εἰ
2289 4327 2344 4379 δὲ
2373 4325 2574 4389 λαῖκοὶ,
2604 4322 2975 4391 ἀφορίζονται.
3576 4388 3584 4393 Α
3632 4381 3647 4393 .

3469 4410 3479 4423 ·
3522 4388 3594 4441 καὶ
3630 4388 3683 4432 ὅτι

543 4516 688 4584 quod
720 4511 1018 4582 juratncnti
1064 4510 1311 4574 violatio,
1357 4517 1413 4562 et
1444 4504 1788 4560 mendacium
1831 4502 1989 4573 juxta
2026 4516 2115 4555 ra—

2157 4476 2185 4487 ν
2217 4510 2384 4579 ὅρκου
2436 4476 2744 4576 πάράέασις
2768 4543 2784 4567 ,
2825 4502 2920 4555 καὶ
2951 4476 3147 4569 ψεῦδος
3194 4495 3327 4549 κατὰ
3369 4490 3543 4545 δίκαιον
3573 4476 3682 4581 λόγον

544 4612 688 4663 tione
726 4606 801 4670 tit,
833 4603 1054 4674 quando
1083 4617 1175 4671 per
1203 4601 1318 4654 haec
1345 4613 1375 4653 a
1412 4598 1520 4652 Deo
1546 4597 1826 4667 jubcmur.

616 4700 702 4753 l5.
740 4698 815 4752 De
863 4694 1120 4766 patientia
1153 4703 1206 4747 et
1228 4691 1553 4746 aversione:
1584 4696 1638 4741 et
1667 4688 1811 4757 quod
1844 4700 1950 4740 non
1993 4684 2117 4738 red-

543 4793 672 4844 dere
720 4788 921 4842 malum
973 4799 1096 4837 cum
1133 4782 1296 4844 malo,
1327 4788 1382 4835 et
1424 4778 1745 4833 benefacere
1792 4773 2116 4830 nocentibus

544 4878 841 4935 Christiani
902 4874 1183 4944 proprium
1237 4881 1348 4939 est;
1397 4883 1451 4926 et
1500 4869 1644 4939 quod
1694 4868 1972 4923 trahentes
2021 4880 2117 4919 eos

545 4971 641 5040 qui
679 4976 875 5022 nocent
904 4965 955 5020 id
990 4964 1303 5029 tribunalia,
1339 4961 1706 5031 subjiciuntur
1748 4958 1952 5014 Christi
1986 4957 2118 5026 legi-

547 5062 670 5121 bus,
727 5066 782 5111 et
838 5073 868 5111 a
928 5055 1313 5111 communione
1367 5054 1675 5109 divinorum
1731 5049 2114 5122 mysteriorum

546 5154 854 5224 privamur;
882 5158 935 5205 et
959 5148 1104 5220 quod
1139 5146 1449 5201 sacerdotes
1483 5145 1695 5200 ﬁdelem
1722 5144 1802 5198 vel
1842 5143 2116 5197 infidelem

546 5248 823 5302 hominem
854 5242 1124 5299 caedentes
1150 5240 1349 5294 divinae
1382 5240 1523 5308 leges
1553 5238 1865 5306 deponunt;
1899 5244 1951 5289 et
1973 5235 2116 5304 quod

548 5337 850 5393 monachos
889 5335 1159 5390 caedentes
1214 5329 1655 5401 qualemcunque
1698 5328 1999 5391 hominem,
2026 5340 2116 5379 se-

528 5436 741 5497 parant
787 5428 931 5497 leges
983 5424 1179 5480 divinae
1211 5438 1240 5475 a
1267 5422 1680 5485 communione;
1723 5428 1776 5473 et
1813 5418 1958 5487 quod
1994 5432 2117 5486 pro-

550 5520 736 5572 hibent
765 5521 864 5574 hos
895 5517 985 5588 qui
1024 5533 1127 5570 non
1170 5514 1236 5569 ad
1278 5514 1329 5568 id
1374 5514 1613 5582 deputati
1646 5522 1773 5567 sunt
1814 5512 1867 5567 in
1917 5511 2115 5566 bellum

552 5607 751 5661 habere
780 5608 865 5662 vel
895 5620 1079 5662 emere
1101 5619 1254 5659 arma
1280 5602 1494 5666 bellica,
1528 5611 1726 5672 praeter
1768 5616 1968 5672 parvos
2000 5601 2119 5671 gla-

548 5696 667 5749 dius
696 5711 802 5750 non
825 5697 893 5752 ad
927 5698 1127 5751 bellum
1163 5704 1354 5765 aptos;
1398 5702 1454 5747 et
1488 5694 1555 5749 de
1601 5693 1904 5749 differentia
1939 5693 2117 5749 homi-

2219 4571 2449 4671 γίνεται,
2471 4571 2599 4652 ὅταν
2626 4595 2992 4667 χωριζὼμεθα
3020 4592 3127 4647 ἀπὸ
3154 4589 3243 4643 τοῦ
3274 4583 3397 4638 Θεοῦ
3424 4578 3498 4631 διὰ
3516 4571 3677 4671 τούτων·

2292 4699 2373 4745 ιε’.
2406 4658 2541 4759 llept
2569 4658 2918 4751 ἀνεξικακίας
2959 4684 3053 4738 καὶ
3105 4673 3508 4751 άπροσπαοείαςο
3534 4660 3603 4759 καὶ
3624 4658 3680 4708 ὅτι

2217 4782 2276 4835 τὸ
2306 4781 2381 4851 μὴ
2412 4755 2707 4832 ἀποδοῦναι
2732 4775 2903 4829 κακὸν
2933 4774 3057 4827 ἀντὶ
3091 4767 3258 4826 κακοῦ
3281 4807 3295 4830 ,
3332 4765 3416 4817 καὶ
3442 4760 3493 4811 τὸ
3522 4755 3679 4851 eis???

2217 4877 2330 4926 τεῖν
2358 4873 2481 4933 τοὺς
2512 4867 2918 4939 ἐπηρεάζοντας
2935 4859 3260 4932 Χριστιανοῦ
3299 4857 3442 4910 ίδιον·
3469 4847 3545 4901 καὶ
3564 4844 3623 4939 ὅτι
3645 4844 3679 4939 ei

2218 4964 2467 5023 ἕλκοντες
2522 4959 2649 5021 τοὺς
2688 4956 3089 5026 ἐπηρεάζοντας
3128 4954 3205 5012 είς
3243 4943 3543 5008 δικαστήρια,

2219 5071 2427 5108 κεινται
2463 5054 2572 5113 τοῖς
2601 5049 2696 5102 τοῦ
2729 5046 2965 5117 Χριστοῦ
2996 5044 3174 5114 νόμοις
3200 5080 3215 5105 ,
3242 5038 3332 5091 καὶ
3359 5034 3445 5101 τῆς
3471 5018 3678 5116 κοινωνίξς

2218 5148 2327 5200 τῶν
2363 5144 2521 5198 θείων
2561 5140 2875 5212 μυστηρίων
2910 5132 3326 5203 ἁποστεροῦνται
3351 5144 3364 5158 ’
3397 5122 3477 5176 καὶ
3499 5119 3563 5168 ὅτι
3589 5119 3675 5212 τθυξ

2230 5192 2321 5200 ----
2561 5192 2623 5212 Γ-
2649 5192 2693 5194 -_
2727 5192 2757 5211 η
3118 5192 3129 5203 '

2222 5235 2387 5305 ἱερεῖς
2419 5232 2719 5291 τύπτοντας
2769 5228 2980 5289 πιστὸν,
3030 5226 3063 5295 ἢ
3102 5224 3317 5278 ἄπιστον
3363 5212 3610 5281 ἄνθρωπον,
3644 5192 3675 5298 ξε

2221 5328 2355 5381 θεῖοι
2384 5327 2537 5395 νόμοι
2583 5322 2927 5394 καθαιροῦσιο
2966 5321 3058 5371 καὶ
3098 5317 3179 5368 ὅτι
3224 5313 3340 5372 τοὺς
3372 5299 3674 5395 μοναχοῦςλτξν

2222 5384 2461 5483 πτοντας
2479 5384 2791 5488 οἱονδήποτε
2821 5414 3103 5484 ἄνθρωπον
3122 5449 3137 5471 ,
3166 5404 3481 5475 ἀφορίζουσιν
3512 5390 3551 5488 oi
3585 5384 3673 5488 Otia:

2220 5511 2373 5579 νόμοι
2410 5510 2509 5579 τῆς
2536 5506 2839 5566 κοινωνίαςσ
2870 5504 2962 5556 καὶ
2979 5496 3327 5554 ὃτικωλύουσι
3346 5490 3456 5549 τοὺς
3475 5481 3536 5554 μὴ

2221 5570 2629 5672 εκέιρισμίένους
2678 5598 2757 5658 εἰς
2820 5594 3054 5662 πόλεμον
3078 5589 3254 5659 ἔχειν,
3282 5586 3311 5653 ῆ
3340 5574 3552 5672 ὠνεῖσθαι

2223 5662 2514 5763 malagmata,
2546 5693 2593 5744 εἰ
2622 5688 2698 5761 μὴ
2733 5685 2906 5758 μικρά
2938 5681 3195 5755 μαχαίρια
3232 5676 3305 5749 μὴ
3330 5664 3597 5743 ἐνεργοῦντα
3618 5662 3668 5706 ili
