3982 6214
258 364 398 425 1365

965 360 1731 423 INTERPRETATIONES
1769 360 2202 422 DIVINORUM
2247 358 2799 419 MANDATORUM.

3361 357 3495 419 1360

255 472 527 541 πόλεμον
562 470 658 525 καὶ
697 471 828 542 περὶ
859 473 1123 543 διαφορᾶς
1163 474 1339 541 φόνων
1362 516 1376 536 ,
1423 474 1689 526 ἑκουσίων
1733 472 1827 523 καὶ

1953 471 2221 531 :idiorum.
2250 468 2683 523 voluntariorum
2727 475 2781 520 et
2829 482 2933 521 non
2964 467 3415 530 voluntariorum,
3450 479 3503 522 ct

254 561 552 616 ἀκουσίωνο
592 564 689 615 καὶ
719 562 801 615 ὃτι
832 562 929 632 τῆς
958 562 1120 632 ψιλῆς
1162 564 1418 633 πορνείας
1464 563 1769 632 ἐπιτίμιον,
1800 564 1828 615 ὁ

254 653 513 713 ἀκούσιος
542 651 719 720 φόνος.

334 738 430 803 ις’.
470 740 604 809 Περὶ⁵
640 739 879 803 ἀκακίας
936 740 1030 793 καὶ
1060 741 1392 812 ἀφελότητος
1418 759 1431 773 ·
1466 743 1558 795 καὶ
1586 743 1669 794 ὅτι
1700 744 1832 795 ἀκα-

257 830 353 884 κία
376 830 495 883 ἐστὶ
514 831 573 883 τὸ
597 830 672 899 μὴ
697 831 821 899 περί
841 848 991 894 τινος
1013 832 1183 886 κακὸν
1206 832 1538 901 λογίζεσθαι,
1567 834 1830 903 φρόνιμον

256 923 316 975 δὲ
359 919 496 975 εἶναι
546 924 627 985 είς
664 923 725 976 τὸ
768 922 991 991 ἀγαθὸν,
1026 925 1119 977 καὶ
1167 926 1249 978 ὅτι
1303 925 1483 995 ἀγαθὴ
1524 926 1831 995 πανουργία

257 1014 426 1078 ἐστὶν,
456 1015 588 1067 ὅταν
615 1032 699 1078 τις
727 1018 883 1069 τοῦτο
916 1016 1049 1086 πρὸς
1084 1017 1289 1085 ἀγαθὸν
1328 1020 1455 1087 ποιῇ
1478 1033 1491 1047 ·
1531 1018 1627 1071 καὶ
1654 1018 1736 1070 ὅτι
1770 1017 1833 1070 τὸ

257 1106 501 1159 τοιοῦτον
537 1108 829 1177 φρόνησις,
870 1109 965 1162 καὶ
1003 1110 1286 1178 οἰκονομία
1326 1108 1541 1179 ἀγαθή·
1574 1110 1665 1162 καὶ
1703 1110 1832 1163 ὅταν

257 1197 421 1252 τοῦτο
447 1198 522 1269 μὴ
551 1199 782 1269 ἔχωμεν,
812 1203 892 1263 είς
918 1200 1088 1253 πολλὰ
1116 1201 1265 1254 κακὰ
1298 1202 1724 1272 περιπίπτομεν.

336 1284 418 1350 ιε’.
455 1288 590 1357 Περὶ
620 1290 889 1358 ὑπακοῆς,
930 1291 1026 1343 καὶ
1067 1291 1150 1344 ὅτι
1178 1293 1238 1345 οὑ
1266 1292 1346 1344 δεῖ
1377 1292 1745 1363 ἐκλαμϐάνειν
1774 1294 1834 1346 τὸ

260 1375 431 1443 ὄνομα
465 1377 560 1444 τῆς
591 1378 836 1447 ὑπακοῆς
860 1379 1072 1447 ἀλόγως
1097 1382 1176 1444 εἰς
1203 1381 1264 1433 τὸ
1293 1382 1592 1435 ὑπακούειν
1619 1382 1698 1451 τῷ
1725 1382 1837 1436 διαο

261 1466 423 1536 ϐόλῳ,
459 1468 595 1521 ἀλλὰ
630 1470 916 1539 προσέχειν
958 1473 1016 1525 ἑν
1046 1473 1303 1544 ἀκριϐείᾳ
1335 1476 1456 1536 ταῖς
1492 1474 1661 1538 θείαις
1698 1477 1835 1548 Γρα-

261 1562 413 1627 φαίς,
454 1561 549 1613 καὶ
587 1561 787 1614 εἰδέναι
819 1564 949 1615 ποία
997 1565 1115 1617 ἐστὶ
1154 1564 1247 1618 τοῦ
1283 1564 1419 1617 Θεοῦ
1449 1566 1693 1635 ὑπακοὴ,
1741 1567 1835 1618 καὶ

262 1652 393 1703 ποία
430 1652 523 1705 τοῦ
566 1654 968 1723 ἀντικειμένου*
1018 1657 1110 1710 καὶ
1154 1657 1237 1711 ὅτι
1282 1655 1377 1710 δύο
1420 1657 1658 1711 ὑπακοαί
1704 1660 1833 1721 εἱσι,

261 1741 445 1805 καθὼς
472 1744 689 1815 εἴρηται
711 1784 726 1808 ,
759 1747 854 1799 καὶ
887 1747 983 1801 ἐὰν
1015 1748 1089 1819 μὴ
1122 1750 1481 1819 προσέχωμεν
1507 1791 1520 1813 ,
1556 1751 1830 1820 ἐμπεσού-

264 1833 405 1903 μεθα
434 1838 548 1900 τοῖς
574 1838 667 1890 τοῦ
697 1837 944 1893 διαϐόλου
982 1840 1240 1903 δικτύοις.

333 1921 422 1995 ιη’.
472 1925 605 1995 Περὶ
641 1926 966 1996 θελημάτων
1002 1929 1252 1991 οἰκείων,
1283 1930 1377 1982 καὶ
1406 1930 1704 2000 ἀλλοτρίων
1738 1930 1835 1983 καὶ

264 2015 419 2066 ποῖον
447 2014 659 2083 θέλημά
682 2016 829 2071 ἐστιν
851 2016 1073 2083 ἀγαθὸν,
1095 2019 1188 2071 καὶ
1206 2021 1355 2071 ποῖον
1377 2019 1466 2071 τοῦ
1489 2020 1830 2072 ὑπεναντίουο

263 2105 361 2158 καὶ
386 2107 469 2159 ὅτι
495 2106 565 2158 τὰ
591 2109 732 2160 κατὰ.
755 2108 1024 2178 σαρκικὴν
1058 2109 1365 2164 ἀνάπαυσιν
1395 2110 1674 2179 γινόμενα,
1701 2110 1836 2179 ape-

264 2214 400 2267 τερα
429 2197 714 2267 θελήματά
735 2200 863 2261 είσι,
887 2199 954 2252 τὰ
971 2200 1027 2253 δὲ
1060 2201 1137 2271 μὴ
1166 2201 1413 2266 τοιαῦτα,
1444 2203 1578 2257 ἀλλὰ
1608 2206 1746 2258 κατὰ
1777 2204 1838 2257 τὸ

266 2287 480 2356 θέλημα
511 2287 617 2340 τῶν
650 2287 808 2342 θείων
836 2288 1066 2358 Γραφῶν
1094 2290 1377 2359 γινόμενα,
1405 2292 1577 2346 ταῦτά
1608 2295 1715 2346 εἰσι
1740 2294 1837 2347 τοῦ

266 2377 421 2430 Θεοῦ·
452 2378 547 2431 καὶ
572 2378 655 2430 ὅτι
675 2380 725 2431 οἱ
760 2380 817 2430 εν
847 2382 958 2442 τοῖς
995 2381 1402 2449 μοναστηρίοις,
1430 2380 1463 2451 ἦ
1494 2383 1551 2434 ὲν
1581 2385 1701 2445 ταῖς
1728 2384 1838 2437 τῶν

268 2466 551 2535 κοσμικῶν
593 2468 893 2535 ὑωταγαῖς
945 2469 1020 2537 μὴ
1054 2469 1410 2538 προσέχοντες
1433 2507 1449 2533 ,
1488 2471 1657 2523 πολλὰ
1702 2488 1839 2539 1:90-

269 2558 432 2627 φάσει
459 2558 758 2626 ὑποταγῆς,
786 2560 879 2612 καὶ
910 2560 1176 2628 ὑπακοῆς,
1211 2562 1303 2612 καὶ
1336 2562 1577 2631 ὲκκοπῆς
1600 2562 1839 2633 θελημά-

267 2666 376 2702 των
406 2648 805 2719 προκόπτουσιν
826 2689 843 2715 ,
888 2650 922 2720 ἢ
974 2649 1172 2718 μᾶλλον
1205 2652 1413 2715 εἰπεῖν,
1448 2651 1525 2721 τῷ
1571 2652 1801 2723 διαϐόλῳ
1822 2694 1837 2717 ,

275 2743 366 2793 καὶ
392 2740 504 2802 τοῖς
522 2738 705 2809 ἔργοις
729 2742 896 2795 αὑτοῦ
931 2742 1345 2795 νῖδποτιᾶισσονεαι⁸
1380 2745 1472 2797 καὶ
1502 2745 1585 2798 ὅτι
1613 2746 1703 2799 διὰ
1733 2747 1842 2799 τῶν

269 2829 651 2901 ἁμελεστέρων
692 2832 743 2884 οί
782 2832 1059 2886 σπουδαῖοι
1098 2834 1409 2887 πίπτουσιν.

342 3008 427 3062 ιθ’.
463 3010 598 3079 Περὶ
623 3010 831 3079 ἀγαθοῦ
871 3011 1208 3082 θελήματος,
1242 3013 1323 3066 ὅτι
1351 3014 1378 3065 ό
1409 3014 1575 3067 ποιῶν
1605 3014 1737 3067 αὐτὸ
1780 3015 1841 3068 οὐ

1930 558 2075 627 quod
2110 574 2270 611 mera:
2305 558 2680 612 fornicationis
2708 557 2947 610 valorem
3000 556 3161 610 habet
3191 556 3517 610 iuvolunta-.

1931 652 2068 703 rium
2098 650 2473 704 homicidium.

2003 742 2088 794 16.
2143 741 2214 794 De
2254 743 2607 809 simplicitate
2636 750 2690 795 et
2717 743 2954 794 candore
2990 758 3002 793 :
3038 749 3089 793 et
3118 739 3264 810 quod
3295 740 3505 810 simpli-

1932 831 2072 885 citas
2105 841 2189 885 est
2234 846 2341 885 non
2394 833 2638 900 cogitare
2672 832 2875 885 malum
2921 831 2988 885 de
3028 832 3232 897 aliquo,
3267 833 3505 900 pruden-

1934 927 2040 973 tem
2073 928 2251 973 autem
2283 934 2405 973 esse
2434 921 2484 972 in
2520 920 2746 983 bonum,
2773 928 2826 971 et
2856 920 2998 985 quod
3037 922 3181 971 bona
3223 928 3305 973 est
3335 918 3505 979 fraus,

1933 1010 2153 1078 quando
2192 1008 2389 1078 aliquis
2414 1023 2477 1061 ea
2525 1009 2577 1062 in
2606 1009 2808 1061 bonum
2840 1008 3037 1073 utitur;
3062 1015 3115 1060 et
3140 1007 3285 1074 quod
3315 1006 3505 1059 talium

1934 1099 2075 1153 ratio
2106 1099 2389 1167 prudentia
2417 1108 2474 1153 et
2497 1098 2900 1153 administratio
2939 1102 3075 1150 bona
3107 1106 3221 1163 est;
3246 1106 3300 1151 et
3338 1112 3507 1166 quan-

1934 1191 2003 1245 do
2034 1190 2138 1243 illis
2167 1206 2271 1243 non
2313 1190 2536 1252 utimur,
2570 1190 2623 1242 in
2655 1190 2823 1242 multa
2862 1190 3001 1242 mala
3035 1188 3364 1244 decidimus.

2007 1279 2093 1335 Π.
2122 1277 2199 1333 De
2234 1277 2566 1341 obedientia,
2589 1287 2641 1331 et
2669 1279 2817 1345 quod
2850 1293 2955 1330 nou
2996 1288 3212 1346 oportet
3243 1280 3507 1332 adhibere

1936 1386 2132 1424 nomen
2204 1368 2527 1423 obedientia:
2592 1369 2713 1422 sine
2777 1369 2989 1421 ratione
3038 1369 3104 1420 ad
3158 1368 3508 1422 indicandum

1935 1461 2302 1517 obedientiam
2361 1460 2599 1523 diabolo,
2651 1461 2745 1515 sed
2794 1476 2985 1530 parere
3054 1463 3108 1514 in
3182 1463 3512 1517 rectitudine

1937 1551 2135 1607 divinis
2167 1550 2486 1619 Scripturis,
2519 1559 2575 1605 et
2598 1552 2741 1606 scire
2766 1567 2891 1619 quze
2916 1553 2988 1606 sit
3023 1552 3133 1606 Deo
3176 1554 3509 1616 obedientia,

1936 1652 1989 1697 et
2030 1660 2153 1711 qum.
2202 1643 2514 1698 adversario
2549 1660 2562 1699 :
2596 1653 2649 1697 et
2698 1644 2842 1712 quod
2874 1643 2994 1697 dua:
3015 1654 3146 1697 sunt
3189 1644 3510 1697 obedientia:

1939 1736 2080 1791 sicut
2106 1737 2309 1791 dictum
2332 1748 2435 1801 est,
2464 1746 2516 1789 et
2541 1737 2643 1791 nisi
2670 1753 2974 1805 pareamus,
3012 1738 3269 1793 cademus
3307 1740 3361 1792 iu
3394 1738 3515 1792 dia-

1858 1801 1905 1859 B
1934 1828 2038 1882 holi
2076 1828 2233 1882 retia.

2004 1919 2092 1974 18.
2124 1919 2201 1974 De
2249 1920 2623 1974 voluntatibus
2670 1924 2903 1989 propriis
2942 1933 2996 1976 et
3020 1923 3237 1988 alteuts,
3282 1931 3338 1977 et
3383 1938 3505 1991 qua:

1934 2011 2185 2066 voluntas
2226 2011 2295 2065 sit
2329 2010 2495 2071 bona,
2534 2022 2584 2062 ct
2629 2026 2745 2078 qua!
2783 2013 2853 2065 sit
2902 2013 3199 2066 adversarii
3241 2022 3339 2066 :et
3368 2013 3514 2082 quod

1935 2116 2055 2169 qua:
2088 2103 2388 2157 secundum
2442 2102 2713 2156 carnalem
2763 2102 3175 2159 delectationem
3225 2104 3379 2165 fiunt,
3412 2118 3519 2155 no-

1936 2202 2062 2247 stra:
2101 2192 2411 2249 voluntates
2454 2204 2601 2255 sunt,
2647 2208 2768 2260 qua:
2798 2203 2979 2246 autem
3025 2210 3131 2247 non
3171 2193 3507 2262 huiusmodi,

1937 2284 2033 2338 Sed
2105 2286 2407 2338 secundum
2470 2283 2783 2350 divinarum
2846 2284 3251 2352 Scripturarum
3322 2294 3514 2337 nutum

1939 2375 2097 2439 fiunt,
2127 2374 2219 2428 Dei
2254 2376 2560 2431 voluntates
2600 2383 2760 2441 sunt;
2798 2382 2853 2427 et
2877 2375 3019 2443 quod
3064 2374 3139 2427 illi
3173 2373 3265 2443 qui
3307 2375 3359 2427 in
3397 2387 3517 2427 mo-

1938 2467 2219 2524 nasteriis.
2247 2467 2331 2520 vel
2383 2467 2435 2519 in
2489 2468 2676 2523 mundi
2730 2467 3105 2522 subordinatis
3138 2469 3371 2522 statibus
3407 2483 3515 2522 non

1940 2557 2218 2618 obcdiunt,
2276 2556 2506 2610 multum
2558 2566 2819 2625 praetextu
2868 2556 3339 2611 suliordinationis
3382 2559 3514 2613 obe-

1938 2646 2153 2701 dientite
2179 2646 2625 2715 etabnegationis
2652 2647 2704 2700 in
2739 2647 2969 2714 propriis
2990 2647 3357 2702 voluntatibus
3388 2664 3516 2716 pro-

1940 2736 2150 2793 ﬁciunt.
2181 2744 2277 2790 aut
2323 2736 2519 2791 melius
2568 2736 2863 2803 loquendo,
2898 2736 3116 2791 diabolo
3165 2746 3219 2791 et
3260 2740 3520 2808 operibus

1940 2828 2060 2893 ejus
2087 2827 2480 2892 subjiciuntur,
2512 2834 2566 2881 et
2606 2827 2751 2897 quod
2786 2843 2881 2897 per
2914 2843 2976 2883 ea
3009 2844 3130 2899 qua:
3170 2831 3537 2900 negliguntur.

1943 2917 2215 2973 ferventes
2239 2918 2458 2974 cadunt.

2017 3009 2103 3063 t9.
2139 3009 2213 3064 De
2245 3010 2388 3064 bona
2436 3008 2740 3073 voluntate,
2780 3025 2941 3079 quam
2975 3011 3067 3079 qui
3101 3010 3229 3065 facit
3259 3027 3368 3067 non
3404 3016 3523 3068 sine

271 3099 605 3172 παρέρχεται
639 3102 769 3156 ἄνευ
813 3102 1073 3173 θλίψεωςο
1107 3106 1201 3156 καὶ
1227 3104 1338 3167 ότι,
1375 3105 1507 3158 ὅταν
1536 3105 1673 3175 μετᾶ
1706 3124 1839 3176 προσ

1953 3099 2349 3157 dillicultatibus
2396 3111 2646 3156 versatur
2672 3122 2686 3156 :
2712 3110 2767 3155 et
2804 3101 2970 3171 quod,
3004 3103 3223 3170 quando
3255 3118 3379 3157 cum
3426 3119 3522 3157 ar-

271 3188 466 3259 θυμίας
498 3189 630 3243 αὐτὸ
655 3190 957 3261 διέρχηται,
984 3191 1085 3244 οὐκ
1106 3192 1425 3247 αἰσθάνεται
1454 3194 1553 3264 τῆς
1582 3193 1836 3264 θλίψεως,

270 3278 396 3332 ὅταν
425 3279 483 3333 δὲ
509 3280 792 3352 ψυχρανθῇ
823 3281 922 3349 τῆς
956 3281 1286 3352 προθυμίας,
1319 3283 1439 3337 τότε
1471 3286 1565 3339 καὶ
1602 3285 1701 3355 τῆς
1728 3286 1842 3339 θλί-

269 3370 415 3439 ψεως
454 3370 807 3426 αἰσθάνεται’
862 3374 957 3425 καὶ
1008 3375 1137 3444 περὶ
1188 3375 1296 3429 τῶν
1346 3376 1685 3431 ἀλλοιώσεων
1730 3378 1841 3435 τῶν

272 3459 484 3513 πολλῶν
514 3461 626 3514 τῶν
673 3461 1083 3516 ἁκολουθουσῶν
1134 3468 1203 3535 τῇ
1251 3465 1484 3537 διανοίᾳ,
1528 3470 1623 3521 καὶ
1670 3469 1729 3521 ὲν
1772 3469 1838 3539 τῇ

273 3550 408 3619 εὐχῇ
466 3549 948 3621 δοκιμαζομένωνο
1012 3552 1106 3606 καὶ
1159 3555 1289 3626 περὶ
1350 3556 1694 3626 ἐπιγνώσεως
1745 3558 1841 3613 τοῦ

275 3638 578 3710 θελήματος
603 3639 699 3694 τοῦ
727 3640 890 3695 Θεοῦ.

350 3728 418 3784 κ’.
444 3730 579 3802 Περὶ
612 3730 1000 3802 ὲλεημοσὺνης,
1030 3732 1121 3785 καὶ
1146 3732 1265 3798 πῶς
1288 3734 1394 3806 χρὴ
1414 3735 1615 3808 ταύτην
1645 3740 1843 3793 ποιεῖν·

274 3822 372 3875 καὶ
394 3822 475 3875 ὅτι
502 3822 591 3875 τὸν
622 3822 698 3893 μὴ
720 3823 915 3893 ἔχοντά
940 3841 1013 3888 τι,
1037 3824 1100 3877 οὐ
1124 3825 1206 3879 δεῖ
1239 3829 1529 3898 μεριμνᾷν,
1554 3831 1649 3883 καὶ
1676 3847 1847 3902 φρον-

272 3912 467 3978 τίζειν,
503 3914 637 3967 ἀλλὰ
678 3915 814 3985 μόνα
849 3917 1109 3986 παρέχειν
1142 3919 1210 3972 τὰ
1244 3920 1374 3989 παρ’
1414 3920 1561 3990 αὑτῷ
1589 3921 1841 3994 εὑρισκό-

276 4020 449 4073 μενα’
478 4005 571 4058 καὶ
607 4006 734 4077 περὶ
772 4004 866 4058 τοῦ
901 4007 1273 4077 παραϐάλλειν
1310 4010 1561 4080 ἀλλήλοις
1585 4026 1599 4041 ⁸
1634 4014 1728 4065 καὶ
1760 4013 1843 4067 ὅτι

272 4097 333 4149 οὐ
361 4097 466 4167 χρὴ
495 4095 623 4158 τοὺς
650 4096 915 4165 μοναχοὺς
943 4099 1215 4168 προφάσει
1245 4100 1614 4172 ὲλεημοσύνης
1642 4104 1843 4161 διδόναι

272 4203 325 4241 τι
353 4188 464 4250 τοῖς
499 4188 640 4241 κατά
660 4187 839 4256 σάρκα
873 4189 1044 4253 ἰδίοις,
1072 4190 1208 4243 ἀλλὰ
1241 4191 1434 4256 ξένοις,
1467 4197 1722 4261 πτωχοῖς,
1751 4195 1846 4247 καὶ

275 4277 595 4348 ἀναπήροις·
622 4277 717 4330 καὶ
734 4278 815 4329 ὅτι
845 4277 905 4330 οὐ
934 4279 1041 4347 χρὴ
1069 4280 1190 4340 τοὺς
1216 4281 1528 4349 ἁκτήμονας
1553 4284 1845 4350 μοναχοὺς,

272 4368 339 4420 ὲκ
362 4366 455 4421 τοῦ
477 4366 640 4439 ἔργου
667 4367 867 4431 αὐτῶν,
889 4366 922 4436 ἢ
951 4369 1044 4422 καὶ
1066 4369 1173 4421 ἀπὸ
1197 4370 1371 4425 ἄλλων
1402 4372 1620 4440 τρόπων
1644 4372 1848 4428 διδόναι

1948 3188 2079 3243 dore
2136 3189 2279 3243 illaut
2352 3190 2672 3259 susceperit,
2722 3188 3093 3245 difﬁcultatem
3170 3208 3277 3246 non
3329 3194 3521 3258 sentit,

1948 3278 2166 3346 quando
2198 3286 2383 3333 autem
2429 3280 2498 3334 ab
2531 3278 2732 3335 ardore
2756 3278 3039 3345 defecerit,
3068 3290 3200 3337 tunc
3238 3281 3522 3337 dichulta—

1948 3379 2057 3424 tem
2110 3370 2309 3437 sentit;
2356 3380 2411 3425 et
2449 3370 2520 3427 de
2559 3372 2960 3429 mutationibus
3002 3374 3295 3428 multarum
3337 3390 3520 3430 rerum

1948 3476 2071 3528 quae
2124 3460 2439 3529 cogitationi
2494 3460 2876 3531 insequuntur,
2904 3471 2961 3518 et
3009 3464 3063 3517 in
3115 3466 3363 3521 oratione
3396 3481 3521 3537 pro-

1949 3552 2179 3618 bantur;
2205 3552 2351 3608 etde
2374 3552 2689 3624 cognitione
2718 3554 3016 3610 voluntatis
3041 3553 3151 3611 Dei.

2020 3726 2112 3784 20.
2165 3726 2239 3782 De
2294 3727 2645 3799 eleemosyna
2698 3737 2754 3784 et
2788 3728 3068 3797 quomodo
3111 3736 3329 3800 oportet
3374 3729 3527 3787 illam

1951 3811 2133 3872 facere
2168 3831 2181 3867 :
2215 3822 2271 3871 et
2299 3815 2443 3885 quod
2476 3831 2584 3870 non
2613 3816 2815 3887 aliquid
2846 3818 3130 3875 habentem
3161 3834 3270 3876 non
3307 3829 3527 3890 oportet

1951 3908 2175 3963 anxium
2221 3917 2275 3964 et
2310 3910 2606 3966 sollicitum
2650 3925 2797 3975 esse,
2823 3913 2918 3967 sed
2942 3913 3058 3968 sola
3106 3923 3365 3984 prastare
3400 3929 3525 3985 qua:

1951 3998 2095 4069 apud
2140 4015 2199 4055 se
2247 4001 2638 4068 inveniuntur;
2673 4010 2728 4058 et
2764 4002 2832 4058 de
2879 4004 3085 4060 mutuis
3137 4005 3526 4071 relationibus;

1950 4099 2007 4144 et
2048 4092 2193 4158 quod
2226 4107 2335 4146 non
2365 4102 2579 4161 oportet
2620 4095 2921 4149 monachos
2968 4096 3246 4165 'praatextu
3293 4097 3529 4152 oleemoo

1954 4194 2101 4248 syutn
2164 4180 2292 4235 dare
2347 4183 2555 4251 aliquid
2633 4184 2717 4236 his
2781 4187 2872 4252 qui
2942 4187 3241 4241 secundum
3303 4202 3526 4241 carnem

1953 4268 2185 4336 proximi
2230 4280 2380 4331 sunt,
2424 4272 2517 4324 sed
2565 4272 2811 4335 advenis,
2866 4274 3054 4340 egenis
3103 4286 3156 4327 et
3217 4275 3527 4339 debilibus;

1954 4367 2008 4411 et
2047 4359 2188 4427 quod
2225 4373 2333 4412 non
2368 4368 2579 4427 oportet
2607 4376 2873 4429 pauperes
2906 4364 3231 4427 monachos,
3258 4379 3322 4419 ex
3362 4380 3531 4435 opere

272 4460 380 4512 τινὶ
418 4458 597 4529 ἔχοντι
630 4458 727 4522 τὰς
761 4460 951 4529 χρείας
981 4459 1148 4513 αὑτοῦ
1172 4502 1186 4523 ,
1217 4462 1352 4514 ἀλλὰ
1381 4462 1595 4531 χωλοῖς,
1631 4465 1726 4519 καὶ
1757 4484 1840 4519 τυ-

1956 4464 2077 4513 suo,
2102 4448 2188 4503 vel
2225 4449 2389 4503 etiam
2443 4450 2551 4504 alio
2606 4451 2769 4504 modo
2808 4451 2938 4505 dare
2968 4452 3045 4506 illi
3083 4455 3176 4524 qui
3206 4455 3366 4512 habet
3400 4474 3531 4516 suas

274 4550 454 4617 φλοῖς,
486 4550 581 4603 καὶ
615 4549 1035 4621 ἐστερημένοις
1084 4552 1179 4606 καὶ
1228 4553 1311 4605 ὅτι
1352 4554 1412 4605 οὐ
1455 4553 1535 4608 δεῖ
1574 4555 1845 4625 προφάσει

274 4639 642 4707 ἑλεημοσύνης
674 4637 874 4690 διδόναι
907 4638 1030 4692 τινὰ
1060 4640 1117 4691 ἐν
1151 4641 1497 4712 μοναστηρίῳ
1544 4646 1803 4715 κτήματα
1825 4662 1841 4677 ’

274 4730 370 4782 καὶ
412 4731 538 4790 τοὺς
594 4728 703 4781 τῶν
744 4729 1087 4799 ἁκτημὸνων,
1142 4732 1237 4783 καὶ
1282 4733 1713 4804 ὲσταυρωμὲνων
1765 4737 1846 4809 τῷ

274 4821 465 4891 κόσμῳ
488 4820 586 4890 τὴν
617 4821 933 4891 ἐπωνυμίαν
958 4822 1179 4890 ἔχοντας
1207 4825 1287 4885 είς
1312 4824 1486 4877 ταῦτα
1518 4824 1677 4880 πάλιν
1710 4827 1847 4881 καθ-

276 4912 474 4979 έλκειν,
505 4912 627 4965 ἐπεὶ
657 4913 882 4981 κινδύνῳ
913 4912 1233 4965 ὑπόκειται·
1277 4915 1371 4967 καὶ
1413 4916 1495 4967 ὅτι
1528 4919 1555 4969 ό
1584 4917 1846 4988 κληρικδς

275 5007 469 5071 τόκους
519 5006 786 5073 ἁπαιτῶν,
828 5006 860 5077 ἢ
914 5007 989 5078 μὴ
1039 5007 1209 5071 διδοὺς
1243 5011 1353 5071 τοῖς
1392 5009 1594 5063 ἑνδεέσι
1647 5011 1844 5065 καθαι-

284 5098 481 5167 ρεῖται.

353 5194 460 5243 κα’.
494 5190 617 5242 ’Ὁτι
651 5189 899 5260 κρεῖσσόν
943 5192 1091 5244 ἐστιν
1127 5193 1204 5255 εἰς
1235 5193 1361 5255 τοὺς
1391 5194 1628 5263 πένητας
1669 5193 1849 5246 διανέ-

285 5296 409 5349 μειν
439 5280 506 5333 τὰ
535 5279 865 5350 χρήματα,ἢ
896 5280 1224 5349 προσφέρειν
1251 5281 1389 5334 αὐτὰ
1423 5284 1480 5333 ὲν
1508 5284 1848 5353 ἐκκλησίαις,

284 5372 378 5425 καὶ
410 5371 769 5432 καλλωπίζειν
813 5371 1000 5433 αὑτάς·
1044 5372 1138 5425 καὶ
1182 5372 1264 5424 ὅτι
1301 5374 1437 5442 μόνα
1466 5373 1536 5426 τὰ
1579 5376 1851 5443 ἀναγκαῖα

285 5462 621 5536 προσφέρειν
664 5461 769 5532 χρὴ
815 5463 874 5514 ὲν
932 5462 1049 5524 ταῖς
1102 5461 1457 5530 ἐκκλησίαις,
1492 5462 1561 5516 τὰ
1594 5464 1651 5516 δὲ
1691 5465 1853 5520 λοιπὰ

286 5554 708 5610 καταναλίσκειν
741 5556 820 5616 είς
849 5553 972 5616 τοὺς
1010 5552 1248 5621 πένητας
1269 5569 1283 5583 °
1326 5555 1418 5607 καὶ
1452 5553 1615 5607 πόσον
1654 5557 1854 5626 μέτρον

286 5646 394 5718 χρὴ
418 5644 620 5701 διδόναι
646 5642 755 5698 τῶν
784 5642 932 5697 ἰδίων
959 5640 1276 5714 χρημάτων·
1311 5642 1403 5696 καὶ
1434 5642 1516 5694 ὅτι
1542 5642 1593 5696 οἱ
1629 5644 1857 5713 μοναχοὶ

289 5737 606 5795 ὑπόκεινται
653 5737 855 5794 διδόναι
907 5732 1318 5807 ἐλεημοσύνην,
1370 5733 1500 5789 ὅταν
1552 5733 1646 5789 καὶ
1702 5734 1856 5791 αὑτοὶ

1954 4541 2331 4604 necessitates,
2379 4542 2472 4597 sed
2528 4542 2772 4604 claudis,
2816 4544 2999 4607 caecis,
3052 4555 3107 4605 et
3156 4548 3409 4603 nudatis:
3474 4558 3531 4605 et

1950 4632 2094 4705 quod
2129 4649 2237 4689 non
2276 4644 2489 4704 Oportet
2531 4644 2791 4703 praetequ
2848 4636 3212 4709 elecmosyna:
3240 4640 3372 4696 dare
3428 4641 3532 4697 ali-

1952 4742 2091 4797 quas
2122 4727 2454 4781 monasterio
2508 4727 2918 4797 possessiones;
2948 4738 3003 4782 et
3057 4744 3152 4784 eos
3200 4731 3293 4799 qui
3327 4747 3530 4801 paupe-

1951 4834 2075 4874 rum
2105 4828 2159 4873 et
2182 4819 2572 4875 crucilixorum
2621 4819 2827 4874 mundo
2876 4836 3072 4876 nomen
3104 4820 3304 4887 habent
3332 4822 3398 4877 ad
3426 4823 3528 4878 ista

1955 4926 2146 4967 rursus
2192 4910 2483 4977 adducere,
2539 4909 2797 4982 quoniam
2858 4912 3157 4983 periculum
3211 4914 3430 4980 subest;
3475 4922 3533 4969 et

1951 5003 2098 5074 quod
2126 5003 2359 5058 clericus
2392 5018 2590 5059 usuras
2612 5003 2863 5075 exigens,
2888 5003 2970 5059 vel
3000 5021 3104 5059 non
3135 5006 3273 5061 dans
3319 5006 3531 5078 egenti-

1952 5095 2056 5149 bus
2086 5095 2396 5163 deponitur.

2023 5186 2112 5239 2|.
2139 5186 2291 5250 Quod
2328 5185 2524 5241 melius
2554 5195 2636 5241 est
2667 5188 2722 5241 in
2755 5200 2960 5258 egenos
2992 5187 3133 5242 bona
3172 5188 3524 5248 distribuere,

1956 5292 2117 5347 quam
2149 5277 2239 5331 illa
2306 5277 2361 5332 iu
2417 5276 2678 5333 ecclesias
2728 5277 2940 5348 largiri,
2983 5287 3038 5331 ct
3073 5294 3167 5334 eas
3221 5278 3526 5332 adornat-cz

1956 5377 2011 5425 et
2038 5376 2238 5438 quanta
2285 5383 2539 5422 mensura
2580 5376 2794 5439 oportet
2842 5370 2972 5424 dare
3012 5369 3226 5438 propria
3271 5370 3438 5432 bona,
3471 5376 3525 5423 et

1956 5459 2101 5529 quod
2120 5459 2371 5513 monachi
2390 5459 2757 5527 subjiciuntur
2781 5461 2845 5513 ad
2867 5460 3099 5515 dandam
3121 5460 3520 5530 eleemosynam

1958 5552 2174 5622 quando
2216 5560 2270 5606 et
2298 5550 2401 5619 ipsi
2435 5551 2503 5604 ab
2557 5551 2680 5605 aliis
2722 5552 2993 5620 accipiant
3025 5560 3079 5603 et
3121 5561 3436 5614 exerceant,
3470 5561 3525 5606 et

1960 5646 2024 5699 ad
2075 5643 2197 5698 aliis
2254 5656 2410 5711 Opem
2446 5640 2723 5698 ferendam
2771 5644 2991 5715 quando
3030 5652 3084 5699 et
3122 5644 3224 5714 ipsi
3285 5645 3353 5698 ab
3406 5645 3527 5699 aliis

1960 5750 2119 5806 opem
2168 5732 2461 5804 recipiant;
2501 5744 2553 5791 et
2604 5736 2749 5806 quod
2787 5736 2841 5790 in
2877 5745 3119 5804 tempore
3165 5736 3525 5806 eleetnosynae
