3884 6208
226 292 363 354 1369

926 290 1689 355 INTERPBETATIONES
1731 294 2175 357 DIVINORUM
2218 296 2777 360 MANDATORUM.

3335 302 3474 367 13ῖο

218 408 367 460 ἔστιν
396 404 749 473 ἀγαθοποιείν
793 420 939 468 τινα,
985 405 1091 458 κᾶν
1137 406 1304 475 μήπω
1332 406 1535 479 τέλειος
1674 408 1785 461 άλλ¹

1897 408 2077 464 facere
2111 409 2295 473 alicui,
2332 419 2387 464 et
2437 411 2484 464 si
2524 412 2769 465 nondum
2824 413 3095 481 perlectus
3126 414 3232 480 sit;
3261 418 3353 471 sed
3384 425 3471 472 est

217 498 363 551 ἔστιν
431 496 538 549 ὑπὸ
594 494 904 559 κενοδοξίας
963 494 1242 558 ἕλκεσθαι.
1305 496 1337 565 ἢ
1408 495 1634 566 ἀμελεῖν
1695 498 1793 567 τῆς

218 586 412 640 ἑαυτοῦ
459 586 755 656 σωτηρίας.
807 588 903 642 καὶ
953 589 1154 659 μᾶλλον
1193 591 1325 644 ὅταν
1369 592 1463 644 καὶ
1505 591 1711 663 ἑτέροις
1758 594 1791 663 ή

217 679 453 746 ὠφέλεια
478 678 811 748 χρησιμεύῃ.

289 770 394 840 κη’.
426 771 560 839 Περὶ
590 769 921 840 προσευχῆς,
955 771 1048 823 καὶ
1080 769 1197 834 πῶς
1232 772 1340 843 χρὴ
1375 771 1665 842 εὔχεσθαι·
1698 773 1792 826 καὶ

220 864 297 917 ὑτι
330 862 409 931 τῷ
437 863 662 932 νήφοντι
686 861 909 914 δυνατόν
949 865 1098 914 ἐστιν
1126 865 1185 915 ἓν
1222 866 1384 917 παντὶ
1416 866 1563 935 τόπῳ
1607 865 1701 918 καὶ
1734 866 1790 917 ἐν

224 954 381 1007 παντὶ
412 953 559 1022 ἔργῳ
588 952 820 1004 πάντοτε
844 952 1208 1015 ἀδιαλείπτως
1236 953 1666 1023 προσεύχεσθαι·
1696 954 1791 1007 καὶ

216 1047 296 1100 ὅτι
344 1046 436 1099 τὸν
514 1045 701 1107 κακῶς
749 1046 1080 1115 πράττοντα,
1133 1046 1226 1098 καὶ
1270 1047 1482 1115 πατέρα
1520 1046 1792 1100 καλοῦντα

214 1139 308 1189 τὸν
357 1136 491 1188 Θεὸν
523 1138 589 1188 ἐν
619 1138 685 1205 τῇ
732 1136 886 1205 εὐχῇ,
917 1137 945 1188 6
997 1136 1352 1205 καταχθόνιος
1390 1139 1418 1190 6
1455 1138 1564 1191 τῶν
1604 1138 1790 1191 κακῶν

213 1228 547 1299 δημιουργὸς
598 1228 717 1280 υἱὸν
797 1228 1082 1297 κέκτηται,
1152 1228 1246 1280 καὶ
1335 1227 1517 1298 πατὴρ
1580 1228 1789 1281 ἐκείνου

213 1321 384 1372 ἐστίν.

286 1411 387 1465 κθ⁸.
419 1411 599 1473 Τόπος
637 1409 969 1479 προσευχῆς,
988 1409 1084 1461 καὶ
1106 1407 1349 1479 διαγωγὴ
1379 1408 1745 1481 άναχωρητῶν
1771 1426 1785 1440 ο

214 1501 310 1553 καὶ
361 1501 445 1553 δτι
488 1501 811 1569 ἀνάρμοστα
852 1499 1063 1561 τούτοις
1095 1499 1165 1551 τὰ
1214 1501 1271 1551 ὲν
1308 1501 1429 1562 ταῖς
1472 1499 1789 1569 ἐκκλησίαις

214 1592 549 1661 ψαλλόμενα,
577 1592 688 1643 εῐτε
720 1586 866 1659 ἦχοι,
901 1590 1009 1641 εἴτε
1033 1591 1309 1659 τροπάρια
1334 1606 1348 1619 ·
1390 1591 1484 1642 καὶ
1510 1592 1593 1643 ὅτι
1623 1590 1789 1658 όδίχα

214 1682 549 1752 χειροτονίας
595 1684 710 1745 τοῖς
757 1681 1019 1743 τοιούτοις
1054 1682 1345 1751 ἐγχειρῶν,
1388 1681 1676 1734 ὑπόκειται
1708 1681 1787 1751 τῷ

216 1772 552 1841 ἐγκλήματι.

285 1860 349 1915 λ’.
381 1862 563 1923 Τύπος
594 1861 904 1932 προσευχῆς
932 1862 1043 1924 τοῖς
1070 1862 1127 1914 ὲν
1152 1859 1391 1930 συνοδίᾳ,
1422 1860 1516 1912 καὶ
1540 1858 1784 1930 διαγωγῇ

208 1952 320 2005 τῶν
347 1954 404 2005 ἐν
445 1952 768 2023 ἐκκλησίαις
804 1953 1187 2022 συναγομένων
1210 1967 1224 1983 ο
1256 1951 1350 2006 καὶ¹
1375 1953 1459 2005 ὅτι
1488 1953 1587 2022 οὐχ
1616 1954 1789 2021 ἁρμόι

211 2043 297 2106 ζει
333 2046 450 2107 τοῖς
499 2045 892 2115 συναγομένοις
935 2043 1005 2096 τὰ
1048 2042 1159 2096 τῶν
1198 2043 1569 2114 άναχωρητῶν
1618 2044 1788 2113 πράτ-

213 2152 353 2200 τειν,
381 2135 458 2198 ὡς
489 2136 608 2188 οὐδὲ
632 2137 864 2198 ἐκείνοις
890 2135 960 2189 τὰ
988 2135 1218 2199 τούτων,
1251 2135 1387 2189 ἀλλὰ
1416 2136 1558 2188 κατὰ
1578 2135 1786 2188 δίκαιον

211 2226 375 2295 λόγον
420 2229 487 2298 τῇ
538 2227 831 2299 ψαλμῳδίξι
910 2227 1234 2297 κεχρῆσθαι,
1287 2225 1363 2297 μὴ
1417 2228 1602 2296 μέντοι
1650 2227 1787 2296 πρὸς

212 2318 459 2387 κραυγὴν
491 2319 847 2381 ὲκῦιάζεσθαι
880 2319 979 2389 τὴν
1018 2318 1206 2387 φύσιν,
1242 2318 1379 2371 ἀλλὰ
1421 2318 1657 2388 σεμνῶς,
1696 2320 1789 2371 καὶ

213 2408 353 2459 κατὰ
398 2409 467 2459 τὰ
518 2407 639 2461 θεῖα
683 2408 842 2475 λόγια
875 2408 1157 2471 εὐλαϐὦςο
1215 2409 1309 2460 καὶ
1353 2410 1439 2460 δτι
1495 2410 1621 2468 τοὺς
1682 2410 1783 2477 μὲν

216 2498 382 2568 ἱερεῖς
406 2498 707 2567 ψάλλοντας
732 2500 1002 2561 ἁνοίκεια,
1028 2500 1122 2552 καὶ
1150 2500 1226 2569 μὴ
1256 2500 1614 2567 τετυπωμένα
1640 2498 1791 2568 παρὰ

214 2586 323 2640 τῶν
370 2586 532 2639 θείων
561 2587 844 2657 Πατέρων,
876 2588 909 2657 ἢ
942 2586 1421 2651 ἀναγινώσκοντας
1456 2589 1543 2639 ἐπ’
1586 2589 1789 2655 ἐκκλη-

217 2677 362 2740 σίας,
400 2678 452 2730 οἱ
481 2679 616 2730 θεῖοι
656 2678 879 2741 κανόνες
926 2677 1271 2747 καθαιροῦσι,
1318 2679 1442 2740 τοὺς
1488 2678 1543 2729 δὲ
1572 2678 1788 2740 λοιποὺς

212 2768 675 2838 ὰναθεματίζουσι
698 2786 713 2801 ο
746 2771 839 2825 καὶ
870 2770 951 2823 ὅτι
984 2771 1046 2823 οὐ
1087 2770 1191 2841 χρὴ
1234 2772 1293 2821 ὲν
1325 2770 1485 2823 παντὶ
1516 2770 1667 2838 τόπῳ
1695 2770 1790 2838 τὴν

214 2860 366 2913 θείαν
410 2861 783 2932 προσκομιδὴν
828 2862 1071 2914 ὲκτελεῖν
1098 2878 1110 2889 ’
1150 2863 1245 2914 καὶ
1274 2863 1356 2914 ὅτι
1384 2861 1444 2913 οὐ
1479 2860 1584 2930 χρὴ
1621 2878 1791 2913 κατα-

216 2953 433 3021 φρονεῖν
466 2952 575 3005 τῶν
624 2954 918 3019 συνάξεων,
974 2954 1069 3006 καὶ
1119 2956 1290 3023 χωρίς
1334 2952 1558 3019 εὐλόγου
1608 2952 1788 3013 αἰτίας

214 3042 715 3113 ἀπολιμπάνεσθαι.

1898 516 1928 554 a
1957 515 2094 554 vana
2130 500 2301 569 gloria
2351 502 2578 563 attrahi,
2610 511 2665 555 et
2705 503 2978 571 negligere
3009 520 3167 558 suam
3212 507 3468 573 salutem,

1895 601 1949 647 et
1990 593 2289 663 prazsertim
2315 596 2532 663 quando
2563 596 2685 650 aliis
2719 596 2925 651 utilitas
2958 598 3244 666 profuerit.

1962 772 2053 827 28.
2098 772 2171 827 De
2215 773 2461 827 oratione
2504 782 2557 826 et
2604 773 2880 841 quomodo
2933 783 3147 843 oportet
3192 786 3475 831 orarezet

1892 865 2036 932 quod
2061 864 2302 934 vigilanti
2334 864 2595 932 possibile
2623 876 2709 918 est
2740 865 2791 918 in
2812 867 2961 919 omni
3000 867 3210 930 loco,et
3240 868 3293 920 in
3322 868 3471 921 omni

1893 972 2058 1025 opere
2103 958 2301 1026 ubique
2349 957 2470 1010 sine
2524 957 2930 1011 intermissione
2962 974 3158 1023 orare;
3215 968 3271 1012 et
3327 959 3472 1027 quod

1892 1049 2035 1102 male
2067 1060 2337 1117 agentem,
2373 1059 2427 1102 et
2476 1060 2687 1117 patrem
2723 1059 3004 1103 vocantem
3051 1049 3219 1103 Deum
3251 1050 3306 1103 in
3346 1066 3473 1102 (ητις

1893 1139 2058 1203 tione,
2108 1139 2499 1195 subterraneus
2555 1140 2826 1194 malorum
2888 1150 3079 1195 auctor
3123 1141 3292 1194 lilium
3329 1141 3473 1195 obti-

1892 1239 2003 1292 net,
2030 1240 2084 1283 et
2125 1230 2268 1283 illius
2300 1238 2455 1298 pater
2493 1240 2600 1283 est.

1958 1403 2048 1458 29.
2082 1404 2283 1472 Regula
2298 1404 2581 1467 orationis,
2606 1413 2657 1456 ct
2682 1404 2950 1458 institutio
2972 1404 3423 1459 anaehoretarum
3454 1423 3467 1458 :

1889 1503 1942 1548 et
1974 1495 2117 1563 quod
2152 1494 2518 1549 discordantia
2541 1494 2609 1547 ab
2637 1494 2742 1549 illis
2772 1511 2893 1563 quze
2938 1496 2990 1548 iu
3036 1496 3286 1550 ecclesiis
3329 1496 3473 1563 psal-

1889 1584 2097 1649 luntur,
2140 1587 2254 1640 sive
2280 1585 2488 1655 hymni,
2515 1586 2628 1639 sive
2665 1586 2905 1655 troparia
2927 1627 2943 1651 ,
2971 1597 3024 1640 et
3058 1588 3199 1655 quod
3245 1587 3334 1639 ille
3378 1591 3471 1655 qui

1891 1679 2009 1732 sine
2056 1678 2399 1733 ordinatione
2448 1677 2645 1731 talibus
2702 1694 2760 1731 sc
2844 1677 3116 1733 immiscet
3183 1678 3472 1747 subjicitur

1826 1771 1865 1824 Β
1890 1769 2081 1837 culpae.

1960 1856 2051 1911 '50.
2076 1855 2279 1925 Regula
2318 1857 2583 1911 orationis
2616 1856 2700 1910 his
2725 1857 2817 1925 qui
2858 1857 2911 1911 in
2965 1866 3233 1911 concentu
3264 1866 3316 1911 et
3342 1873 3476 1910 con-

1886 1948 2173 2004 Suettidine
2202 1957 2330 2001 sunt
2354 1958 2803 2016 congregatorum
2834 1948 2885 2001 in
2919 1947 3163 2003 ecclesiis
3209 1958 3294 2002 :et
3326 1950 3470 2018 quod

1889 2052 1996 2091 non
2030 2038 2285 2092 convenit
2321 2040 2665 2107 congregatis
2698 2053 2821 2106 qua:
2850 2046 2979 2093 sunt
3012 2040 3469 2093 anacltoretarum

1888 2124 2091 2190 facere,
2130 2136 2188 2181 ut
2223 2126 2306 2181 his
2340 2143 2445 2180 non
2475 2131 2872 2198 convenitqure
2894 2129 3107 2181 illorum
3130 2138 3258 2183 sunt
3283 2145 3469 2199 agere.

1888 2218 1979 2271 sed
2016 2219 2314 2271 secundum
2342 2218 2546 2283 justam
2584 2219 2846 2273 rationem
2881 2219 3181 2288 psalmodia
3220 2220 3318 2280 uti,
3360 2235 3468 2272 non

1889 2315 2068 2363 tamen
2095 2307 2162 2361 ad
2198 2308 2467 2364 clamores
2496 2318 2704 2364 natura:
2740 2310 3055 2363 violentiam
3083 2308 3356 2370 faciendo,
3374 2309 3473 2363 sed

1888 2394 2166 2459 decenter,
2188 2406 2241 2448 et
2264 2397 2347 2464 pie
2368 2398 2671 2451 secundum
2701 2398 2881 2451 (Ιὶνίιισ
2914 2406 3219 2466 praecepta;
3252 2407 3305 2451 et
3325 2400 3473 2467 quod

1890 2486 2203 2539 sacerdotes
2235 2487 2454 2553 quidem
2482 2488 2775 2554 psallentes
2819 2488 3031 2541 insueta
3056 2527 3071 2547 ,
3102 2497 3157 2541 et
3192 2504 3314 2558 qua:
3365 2505 3472 2542 nou

1890 2585 2019 2629 sunt
2049 2576 2296 2631 instituta
2352 2593 2379 2631 a
2415 2579 2620 2632 sanctis
2672 2578 2947 2643 Pan-ibus,
2998 2580 3078 2634 vel
3115 2580 3357 2649 legentes
3417 2581 3471 2634 in

1890 2668 2159 2731 ccclesiis,
2189 2668 2355 2721 divini
2404 2684 2643 2724 canones
2680 2670 2993 2739 deponunt,
3027 2679 3254 2726 caeteros
3288 2680 3472 2725 autem

1892 2759 2394 2827 anathematizant;
2427 2770 2481 2815 et
2521 2762 2663 2827 quod
2714 2778 2820 2815 non
2852 2771 3070 2831 oportet
3095 2762 3146 2815 in
3168 2762 3318 2816 omni
3351 2761 3471 2817 loco

1890 2849 2131 2904 divinum
2155 2851 2361 2905 cultum
2392 2867 2648 2923 peragere
2675 2863 2761 2918 ;et
2783 2854 2928 2923 quod
2964 2870 3073 2907 non
3098 2864 3312 2923 oportet
3336 2869 3470 2910 con-

1894 2953 2133 2995 temnere
2184 2943 2635 3013 congregationes
2689 2954 2743 2999 et
2791 2945 2910 3000 sine
2944 2946 3256 2999 rationabili
3302 2959 3472 2999 causa

1892 3036 2167 3093 omittere.

287 3136 390 3186 λα’.
441 3134 577 3203 Περὶ
618 3133 727 3188 τῶν
759 3133 899 3204 μετὰ
942 3134 1105 3204 εὐχῆς
1152 3136 1209 3187 ἐν
1240 3133 1345 3205 ὁδῷ
1386 3134 1697 3198 ὁδευόντων,
1756 3134 1785 3203 ἢ

1961 3129 2049 3182 51.
2075 3127 2149 3182 De
2178 3127 2262 3182 his
2288 3128 2381 3198 qui
2417 3144 2539 3183 cum
2591 3127 2839 3183 oratione
2882 3129 2985 3184 iter
3016 3130 3343 3199 suscipiunt,
3375 3140 3472 3184 aut

216 3222 387 3293 ἑτέρῳ
444 3225 748 3295 οἱῳδήποτε
821 3226 1117 3297 πειρασμῷ
1166 3227 1633 3295 περιπιπτόντων
1695 3226 1789 3279 καὶ

215 3315 295 3367 ὅτι
335 3314 396 3367 οὐ
429 3315 509 3367 δεῖ
558 3317 697 3387 μόνῃ
726 3320 791 3387 τῇ
842 3319 977 3389 εὐχῇ
1011 3318 1259 3389 θαρρεῖν,
1304 3319 1395 3370 καὶ
1446 3333 1788 3388 καταφρονηο

216 3405 383 3467 τιιιῶς
416 3407 751 3473 διακεῖσθαι,
798 3410 902 3462 κᾶν
932 3407 1084 3477 amo,-
1114 3406 1170 3483 ᾖ.
1201 3410 1230 3461 6
1262 3408 1402 3479 ὑπὲρ
1432 3407 1598 3463 αὑτοῦ
1641 3408 1791 3478 εὐχό-

223 3512 408 3564 μενος,
456 3497 595 3549 ἀλλὰ
633 3499 729 3551 καὶ
777 3499 877 3571 τὴν
917 3501 1046 3569 παρ’
1089 3500 1282 3553 ἑαυτοῦ
1332 3501 1514 3553 πᾶσαν
1552 3498 1789 3568 σπουδὴν

219 3588 539 3658 εἰσφέρειν
593 3589 689 3643 καὶ
742 3591 823 3643 ὅτι
874 3592 980 3661 χρὴ
1034 3593 1126 3645 τὸν
1184 3592 1489 3662 πειρασμόν
1540 3590 1786 3660 φεύγειν,

216 3678 345 3731 ὅταν
374 3679 619 3742 κίνδυνος
647 3678 877 3750 ψυχικὸς
911 3682 969 3747 ἐξ
1014 3681 1181 3734 αὑτοῦ
1218 3682 1611 3751 προσδοκᾶται,
1639 3679 1733 3733 καὶ
1760 3680 1788 3731 6

218 3770 294 3839 μὴ
328 3769 498 3832 οὕτως
546 3771 713 3823 ποιῶν
760 3772 1045 3825 ὑπόκειται
1077 3772 1155 3843 τῷ
1190 3773 1499 3843 ἐγκλήματι
1523 3786 1538 3801 ⁸
1575 3771 1671 3823 καὶ
1704 3771 1787 3824 ὃτι

214 3862 369 3923 ἐλπὶς
411 3863 615 3930 ματαία
656 3862 825 3928 ἐστὶν,
873 3864 1002 3916 ὅταν
1051 3864 1126 3934 μὴ
1168 3862 1663 3931 προαγωνιζόμεθα
1693 3862 1787 3914 ἐπὶ

213 3952 291 4021 τῷ
328 3952 473 4022 ἔργῳ
510 3954 602 4006 τοῦ
649 3954 783 4006 Θεοῦ
809 3971 821 3985 ·
860 3956 953 4007 καὶ
998 3955 1126 4024 περὶ
1155 3955 1419 4027 διαφορᾶς
1462 3952 1782 4023 μαρτύρων,

213 4032 308 4097 καὶ
351 4045 702 4116 ὁμολογητῶν
730 4064 743 4077 ο
786 4046 881 4099 καὶ
921 4047 1002 4099 ὅτι
1033 4046 1136 4099 κᾶν
1168 4046 1304 4116 ἀθλῇ
1342 4064 1443 4111 τις,
1479 4047 1540 4099 οὐ
1582 4065 1784 4116 στεῖρα-

211 4139 398 4191 νοῦται
449 4140 543 4192 ἐὰν
604 4139 678 4206 μὴ
724 4139 973 4207 νομίμως
1023 4139 1252 4209 ἀθλήσῃ,
1297 4139 1439 4190 κατὰ
1481 4138 1573 4189 τὸν
1639 4138 1782 4191 θεῖον

210 4226 453 4295 δηλονότι
504 4228 828 4279 ’Λπόστολον
852 4243 867 4257 θ
915 4229 1009 4279 καὶ
1036 4229 1119 4279 ὃτι
1149 4229 1198 4279 οἱ
1238 4228 1601 4293 φυλάσσοντες
1641 4228 1784 4294 άπερ

209 4318 587 4386 ὡμολόγησαν,
618 4320 651 4387 ἢ
682 4321 737 4370 ὲν
765 4319 842 4387 τῷ
887 4317 1017 4387 θείῳ
1042 4318 1399 4387 βαπτίσματι,
1440 4317 1473 4386 ἢ
1500 4318 1558 4369 ὲν
1585 4320 1648 4385 τῇ
1684 4334 1784 4385 μο-

212 4408 403 4478 ναδικῇ
432 4409 696 4477 πολιτείᾳ,
727 4407 1056 4476 όμολογηταὶ
1086 4406 1391 4462 καλοῦνται.

281 4500 380 4569 λβ’.
414 4500 537 4554 ’Ότι
579 4501 606 4552 6
650 4498 815 4568 εὐχὴν
862 4499 1012 4568 παρά
1041 4516 1200 4551 τινων
1234 4498 1504 4568 ἐπιζητῶν
1536 4498 1697 4562 αὐτὸς
1726 4498 1783 4551 δὲ

212 4589 449 4656 ἀμελῶν,
482 4589 633 4640 οὐδὲν
661 4588 973 4657 ὠφελεῖται,
1005 4588 1107 4643 κᾶν
1138 4589 1291 4657 ἅγιος
1387 4592 1414 4642 ὁ
1444 4590 1738 4660 εὐχόμενος
1766 4606 1779 4619 ·

212 4679 307 4731 καὶ
337 4679 420 4731 ὅτι
452 4679 501 4729 οί
546 4678 620 4748 μὴ
668 4678 871 4744 καλῶς,
905 4682 999 4732 καὶ
1044 4680 1164 4733 κατ’
1190 4681 1348 4744 ἀξίαν
1390 4680 1651 4749 βιοῦντες,
1681 4682 1783 4734 οὐκ

210 4766 544 4834 ὠφελοῦνται
594 4772 659 4823 ἐκ
705 4770 799 4822 τοῦ
854 4770 1012 4838 ἁγίου
1065 4771 1464 4842 βαπτίσματος,
1519 4770 1781 4833 ὡσαύτως

211 4859 332 4911 οὐδὲ
358 4862 405 4912 οἱ
438 4863 662 4930 μοναχοὶ
698 4863 793 4915 ἐὰν
826 4862 901 4932 μὴ
925 4863 1045 4917 κατ’
1068 4864 1225 4928 ἀξίαν
1250 4863 1344 4917 τοῦ
1374 4864 1653 4933 σχήματος
1685 4879 1783 4915 πο-

210 4948 568 5018 λιτεύσαιντο,
597 4954 770 5018 οὕτως
807 4956 902 5009 καὶ
932 4955 988 5009 οἵ
1020 4973 1173 5019 τινας
1220 4954 1633 5025 ἰδιοποιούμενοι
1674 4954 1780 5007 τῶν

210 5046 379 5112 ἁγίων
423 5046 524 5099 οὐκ
567 5046 1013 5117 ὠφεληθήσονται
1059 5047 1235 5101 πλέον
1262 5047 1371 5100 τῶν
1436 5048 1637 5111 ἄλλων,
1688 5048 1781 5100 καὶ

210 5138 657 5206 κολασθήσονται,
696 5140 744 5191 ot
787 5138 888 5209 μὲν
930 5140 1109 5192 πιστοὶ
1141 5139 1323 5192 πλεῖον
1366 5138 1473 5192 τῶν
1511 5138 1776 5203 ἀπίστων,

206 5230 255 5279 οἱ
314 5228 372 5280 δὲ
439 5232 663 5300 μοναχοὶ
714 5231 897 5283 πλεῖον
960 5231 1069 5283 τῶν
1128 5232 1268 5284 κατὰ
1324 5232 1551 5300 κόσμου,
1614 5232 1664 5283 οἰ
1721 5230 1778 5281 δὲ

210 5320 627 5391 ἰδιοποιούμενοι
680 5339 833 5385 τινας
886 5322 1068 5375 πλεῖον
1101 5322 1209 5375 τῶν
1240 5325 1314 5393 μὴ
1368 5323 1587 5376 εἰδότων
1628 5324 1779 5390 παρά

206 5412 367 5465 τινών
426 5431 482 5466 τι
517 5414 761 5481 ἀγαθόν’
805 5415 888 5469 ὃτι
933 5416 1189 5486 ἀφορμὴν
1245 5414 1518 5485 σωτηρίας
1564 5413 1779 5484 ἔχοντες

204 5500 350 5558 οὗτοι
404 5506 628 5572 πάντες,
680 5508 748 5577 τῇ
792 5507 1005 5560 ἑαυτῶν
1049 5506 1367 5577 ἀπροσεξία,
1428 5506 1524 5559 καὶ
1561 5508 1628 5577 τῇ
1680 5521 1779 5558 πο-

206 5596 345 5665 νηρᾷ
394 5597 733 5668 προαιρέσει,
770 5597 999 5661 ἑαυτοὺς
1048 5600 1113 5668 τῇ
1146 5597 1366 5651 κολάσει
1413 5596 1734 5665 παρέδωκαν
1762 5611 1773 5624 ·

145 5680 155 5693 ’
208 5691 300 5744 καὶ
344 5691 429 5745 ὅτι
471 5691 650 5754 ὀλίνος
677 5690 795 5747 λίαν
826 5692 945 5744 ἐστὶ
970 5690 1079 5745 τῶν
1110 5688 1434 5757 σωζομένων
1468 5691 1496 5742 ὁ
1521 5689 1775 5757 ἀριθμὸς,

1891 3218 1992 3273 alia
2020 3219 2385 3289 qualicunque
2422 3220 2718 3274 tcutalione
2754 3232 3038 3274 versantur
3062 3239 3075 3274 :
3100 3229 3153 3275 et
3183 3222 3326 3290 quod
3362 3237 3470 3275 non

1891 3319 2107 3380 oportet
2139 3311 2255 3367 sola
2298 3311 2352 3364 in
2388 3312 2639 3365 oratione
2682 3311 2976 3376 condidere,
3008 3320 3061 3365 et
3101 3314 3340 3383 segniter
3368 3313 3465 3367 im-

1891 3404 2116 3469 morari,
2142 3404 2241 3458 etsi
2259 3412 2481 3459 sanctus
2519 3404 2683 3456 fuerit
2715 3404 2807 3470 qui
2841 3419 2940 3473 pro
2974 3418 3035 3459 se
3082 3404 3342 3467 oraverit,
3375 3405 3468 3458 sed

1889 3493 2052 3548 etiam
2078 3508 2295 3549 omnem
2318 3510 2384 3549 ex
2418 3510 2475 3548 se
2503 3493 2768 3549 fervorem
2805 3491 2998 3549 afferre
3027 3509 3247 3549 necesse
3269 3504 3351 3549 est
3374 3512 3388 3560 ;
3415 3504 3471 3550 et

1889 3584 2032 3653 quod
2076 3593 2294 3653 oportet
2344 3585 2696 3640 tentationem
2729 3585 2950 3655 fugere,
2993 3586 3213 3654 quando
3255 3586 3472 3655 pericu-

1889 3675 2003 3730 lum
2036 3675 2321 3745 spirituale
2355 3692 2423 3731 ex
2459 3677 2561 3731 hac
2607 3676 2804 3739 oritur,
2845 3686 2899 3731 et
2944 3678 3037 3747 qui
3092 3692 3200 3732 non
3251 3677 3323 3731 ita
3359 3679 3472 3748 agit

1887 3764 2176 3832 subjicitur
2195 3766 2397 3835 eulpre;
2418 3775 2471 3820 et
2500 3766 2644 3835 quod
2668 3783 2790 3834 spes
2818 3782 2952 3821 vana
2984 3776 3088 3831 est,
3112 3767 3333 3837 quando
3361 3784 3467 3820 non

1891 3862 1985 3916 toti
2054 3862 2421 3918 incumbimus
2476 3862 2545 3917 ad
2579 3879 2715 3932 opus
2767 3864 2890 3931 Dei;
2940 3874 2995 3919 et
3044 3865 3111 3920 de
3162 3864 3469 3919 ditiorentia

1888 3962 2186 4023 martyrum
2223 3965 2275 4007 et
2304 3954 2721 4018 confessurum;
2758 3964 2812 4009 et
2854 3955 3000 4025 quod
3036 3956 3081 4010 si
3119 3957 3244 4025 quis
3293 3965 3469 4009 certa-

1887 4045 2043 4107 verit,
2072 4060 2180 4099 non
2242 4056 2539 4100 coronatur
2575 4046 2678 4099 nisi
2736 4047 2975 4116 legitime
3028 4049 3339 4109 certaverit,
3385 4062 3469 4101 se-

1886 4135 2123 4189 condum
2176 4136 2344 4189 divini
2398 4138 2640 4204 Apostoli
2678 4139 2982 4192 evidentem
3037 4140 3380 4201 doctrinam;
3416 4149 3469 4192 et

1886 4225 2030 4291 quod
2058 4225 2108 4277 hi
2142 4227 2235 4292 qui
2266 4238 2485 4279 servant
2517 4241 2641 4294 qua:
2667 4227 2901 4281 confessi
2935 4229 3181 4291 sunt,ch
3208 4229 3261 4281 in
3285 4228 3469 4281 divino

1885 4315 2233 4383 baptismate,
2274 4316 2352 4368 vel
2380 4316 2432 4368 in
2481 4318 2787 4372 monastica
2827 4316 3209 4382 institutione,
3249 4316 3467 4372 contes-

1888 4420 2051 4460 801³65
2072 4417 2361 4459 ιὀεοιιιιιτ.

1958 4495 2049 4551 32.
2074 4496 2229 4562 Quod
2259 4498 2347 4551 ille
2382 4497 2475 4566 qui
2505 4499 2810 4554 orationem
2836 4497 2907 4553 ab
2931 4496 3208 4567 aliquibus
3240 4499 3464 4569 expetit,

1887 4585 2003 4656 ipse
2038 4595 2218 4641 autem
2255 4587 2480 4641 minime
2512 4599 2707 4653 curat,
2761 4589 2895 4644 nihil
2927 4588 3179 4643 utilitatis
3215 4591 3463 4660 percipit,

1884 4679 2048 4733 etiam
2084 4680 2127 4734 si
2161 4688 2384 4735 sanctus
2406 4680 2479 4734 sit
2520 4682 2613 4749 qui
2644 4691 2767 4736 orat
2796 4699 2810 4737 :
2841 4690 2895 4736 et
2939 4681 3085 4749 quod
3123 4682 3197 4736 illi
3232 4683 3326 4753 qui
3358 4699 3465 4737 non

1886 4783 2033 4829 recte
2062 4790 2161 4829 nec
2193 4776 2327 4829 bene
2364 4777 2575 4835 vivunt,
2599 4776 2799 4829 nullam
2835 4776 3123 4830 utilitatem
3159 4774 3467 4845 percipiunt

1883 4878 1913 4916 c
1945 4874 2134 4917 sancto
2170 4864 2516 4929 baptismate,
2549 4865 3013 4934 quemadmodum
3068 4866 3274 4919 nullam
3296 4864 3463 4919 etiam

1886 4957 2161 5021 monachi,
2198 4958 2299 5012 nisi
2338 4959 2639 5013 secundum
2693 4969 2872 5013 status
2908 4958 3296 5029 obligatione")
3331 4972 3465 5011 con-

1883 5048 2086 5104 vcrsati
2116 5049 2244 5113 sint,
2292 5050 2364 5103 ita
2394 5050 2707 5119 quicunque
2757 5059 2976 5105 sanctos
3016 5050 3120 5103 sibi
3158 5049 3466 5103 attribuunt

1884 5156 1990 5195 non
2048 5142 2309 5209 majorem
2358 5158 2521 5211 quam
2574 5143 2667 5196 alii
2718 5144 3006 5196 utilitatem
3040 5142 3365 5210 percipient,
3409 5150 3464 5191 et

1884 5233 2179 5301 punientur
2206 5271 2221 5295 ,
2258 5232 2442 5287 ﬁdeles
2494 5233 2713 5301 quidem
2771 5231 2945 5301 magis
2985 5244 3151 5300 quam
3195 5228 3462 5289 inﬁdeles,

1884 5325 2139 5380 monachi
2177 5337 2359 5379 autem
2392 5325 2566 5395 magis
2604 5340 2767 5393 quam
2801 5322 3102 5385 saecularis,
3130 5329 3185 5376 et
3228 5320 3321 5390 qui
3355 5320 3459 5375 sibi

1883 5418 2094 5487 aliquos
2129 5419 2433 5473 attribuunt
2466 5419 2637 5488 magis
2684 5402 2859 5487 quam
2898 5416 2974 5470 illi
3006 5416 3099 5485 qui
3131 5430 3243 5469 non
3295 5429 3458 5468 nove-

1882 5519 2012 5563 runt
2040 5510 2108 5562 ab
2137 5508 2409 5578 aliquibus
2440 5510 2739 5578 quidquam
2763 5506 2918 5572 boui;
2938 5506 3085 5576 quod
3110 5505 3454 5560 occasionem

1882 5598 2073 5654 salutis
2123 5599 2382 5653 habentes
2420 5614 2613 5654 omnes
2658 5598 2773 5663 isti,
2810 5613 2911 5653 sua
2956 5595 3172 5653 incuria
3213 5604 3268 5651 et
3316 5596 3457 5649 mala

1884 5690 2206 5755 intentione,
2240 5705 2299 5744 se
2353 5690 2701 5757 castigationi
2758 5697 3158 5763 exposuerunt;
3212 5695 3263 5744 et
3310 5686 3453 5758 quod
