  <div class='ocr_page' id='page_1' title='image "/cluster/home/n/w/nwhite01/storage/ocr_20150623/106/hvd.32044073502346/692.png"; bbox 0 0 3884 6208; ppageno 0'>
   <div class='ocr_carea' id='block_1_1' title="bbox 172 276 309 344">
    <p class='ocr_par' dir='ltr' id='par_1_1' title="bbox 172 276 309 344">
     <span class='ocr_line' id='line_1_1' title="bbox 172 276 309 344; baseline 0 -3"><span class='ocrx_word' id='word_1_1' title='bbox 172 276 309 344; x_wconf 81' lang='grc'>1373</span> 
     </span>
    </p>
   </div>
   <div class='ocr_carea' id='block_1_2' title="bbox 880 288 2733 379">
    <p class='ocr_par' dir='ltr' id='par_1_2' title="bbox 880 288 2733 379">
     <span class='ocr_line' id='line_1_2' title="bbox 880 288 2733 379; baseline 0.016 -31"><span class='ocrx_word' id='word_1_2' title='bbox 880 288 1653 362; x_wconf 84' lang='lat' dir='ltr'>INTERPRETATIONES</span> <span class='ocrx_word' id='word_1_3' title='bbox 1686 303 1852 363; x_wconf 85' lang='lat' dir='ltr'>DIVI</span> <span class='ocrx_word' id='word_1_4' title='bbox 1860 304 2133 368; x_wconf 80' lang='lat' dir='ltr'>NORUM</span> <span class='ocrx_word' id='word_1_5' title='bbox 2174 310 2733 379; x_wconf 81' lang='lat' dir='ltr'>MANDATORUM.</span> 
     </span>
    </p>
   </div>
   <div class='ocr_carea' id='block_1_3' title="bbox 3286 319 3423 384">
    <p class='ocr_par' dir='ltr' id='par_1_3' title="bbox 3286 319 3423 384">
     <span class='ocr_line' id='line_1_3' title="bbox 3286 319 3423 384; baseline 0 -1"><span class='ocrx_word' id='word_1_6' title='bbox 3286 319 3423 384; x_wconf 73' lang='grc' dir='ltr'>13Ἱὲ</span> 
     </span>
    </p>
   </div>
   <div class='ocr_carea' id='block_1_4' title="bbox 165 389 1727 500">
    <p class='ocr_par' dir='ltr' id='par_1_4' title="bbox 165 389 1727 478">
     <span class='ocr_line' id='line_1_4' title="bbox 165 389 1727 478; baseline 0.015 -37"><span class='ocrx_word' id='word_1_7' title='bbox 165 389 413 444; x_wconf 79' lang='grc' dir='ltr'>διδόντων</span> <span class='ocrx_word' id='word_1_8' title='bbox 434 408 449 424; x_wconf 88' lang='grc'><strong>·</strong></span> <span class='ocrx_word' id='word_1_9' title='bbox 480 394 575 448; x_wconf 88' lang='grc' dir='ltr'>καὶ</span> <span class='ocrx_word' id='word_1_10' title='bbox 596 395 677 449; x_wconf 79' lang='grc' dir='ltr'>ὅτι</span> <span class='ocrx_word' id='word_1_11' title='bbox 707 396 808 450; x_wconf 78' lang='grc' dir='ltr'>οὐκ</span> <span class='ocrx_word' id='word_1_12' title='bbox 836 397 1049 463; x_wconf 82' lang='grc' dir='ltr'>ἔξεστιν</span> <span class='ocrx_word' id='word_1_13' title='bbox 1075 404 1213 466; x_wconf 83' lang='grc' dir='ltr'>ὅλως</span> <span class='ocrx_word' id='word_1_14' title='bbox 1245 409 1358 467; x_wconf 85' lang='grc' dir='ltr'>τοῖς</span> <span class='ocrx_word' id='word_1_15' title='bbox 1394 413 1672 478; x_wconf 84' lang='grc' dir='ltr'>μοναχοῖς,</span> <span class='ocrx_word' id='word_1_16' title='bbox 1705 412 1727 465; x_wconf 71' lang='lat' dir='ltr'>i</span> 
     </span>
    </p>
   </div>
   <div class='ocr_carea' id='block_1_5' title="bbox 1836 389 3426 500">
    <p class='ocr_par' dir='ltr' id='par_1_5' title="bbox 1846 418 3426 500">
     <span class='ocr_line' id='line_1_5' title="bbox 1846 418 3426 500; baseline 0.012 -32"><span class='ocrx_word' id='word_1_17' title='bbox 1846 418 2152 479; x_wconf 79' lang='lat' dir='ltr'><strong>monachis,</strong></span> <span class='ocrx_word' id='word_1_18' title='bbox 2186 419 2267 474; x_wconf 83' lang='lat' dir='ltr'>vel</span> <span class='ocrx_word' id='word_1_19' title='bbox 2316 423 2674 480; x_wconf 53' lang='lat' dir='ltr'><strong>sacularilins</strong></span> <span class='ocrx_word' id='word_1_20' title='bbox 2712 426 2930 482; x_wconf 78' lang='lat' dir='ltr'>clericis</span> <span class='ocrx_word' id='word_1_21' title='bbox 2960 442 3157 485; x_wconf 84' lang='lat' dir='ltr'><strong>vacare</strong></span> <span class='ocrx_word' id='word_1_22' title='bbox 3189 433 3426 500; x_wconf 81' lang='lat' dir='ltr'><strong>negotiis</strong></span> 
     </span>
    </p>
   </div>
   <div class='ocr_carea' id='block_1_6' title="bbox 163 483 1739 565">
    <p class='ocr_par' dir='ltr' id='par_1_6' title="bbox 163 483 1739 565">
     <span class='ocr_line' id='line_1_6' title="bbox 163 483 1739 565; baseline 0.016 -34"><span class='ocrx_word' id='word_1_23' title='bbox 163 483 277 544; x_wconf 86' lang='grc' dir='ltr'>τοῖς</span> <span class='ocrx_word' id='word_1_24' title='bbox 307 483 447 535; x_wconf 85' lang='grc' dir='ltr'>κατὰ</span> <span class='ocrx_word' id='word_1_25' title='bbox 480 486 685 555; x_wconf 81' lang='grc' dir='ltr'>κόσμον</span> <span class='ocrx_word' id='word_1_26' title='bbox 716 490 993 560; x_wconf 84' lang='grc' dir='ltr'>κληρικοῖς</span> <span class='ocrx_word' id='word_1_27' title='bbox 1028 496 1311 563; x_wconf 72' lang='grc' dir='ltr'>σχολάζειν</span> <span class='ocrx_word' id='word_1_28' title='bbox 1340 499 1477 562; x_wconf 78' lang='grc' dir='ltr'>ὅλως</span> <span class='ocrx_word' id='word_1_29' title='bbox 1508 505 1620 565; x_wconf 89' lang='grc' dir='ltr'>τοῖς</span> <span class='ocrx_word' id='word_1_30' title='bbox 1644 504 1739 556; x_wconf 85' lang='grc' dir='ltr'>τοῦ</span> 
     </span>
    </p>
   </div>
   <div class='ocr_carea' id='block_1_7' title="bbox 166 573 1735 657">
    <p class='ocr_par' dir='ltr' id='par_1_7' title="bbox 166 573 1735 657">
     <span class='ocr_line' id='line_1_7' title="bbox 166 573 1735 657; baseline 0.017 -35"><span class='ocrx_word' id='word_1_31' title='bbox 166 573 373 641; x_wconf 87' lang='grc' dir='ltr'>κόσμου</span> <span class='ocrx_word' id='word_1_32' title='bbox 406 578 727 646; x_wconf 80' lang='grc' dir='ltr'>πράγμασιν</span> <span class='ocrx_word' id='word_1_33' title='bbox 756 581 788 650; x_wconf 69' lang='grc' dir='ltr'><strong>ἢ</strong></span> <span class='ocrx_word' id='word_1_34' title='bbox 818 588 1112 638; x_wconf 84' lang='grc' dir='ltr'>πακτεύειν</span> <span class='ocrx_word' id='word_1_35' title='bbox 1138 592 1394 657; x_wconf 83' lang='grc' dir='ltr'>κτήματα</span> <span class='ocrx_word' id='word_1_36' title='bbox 1412 608 1426 621; x_wconf 71' lang='grc' dir='ltr'>ο</span> <span class='ocrx_word' id='word_1_37' title='bbox 1453 594 1544 645; x_wconf 77' lang='grc' dir='ltr'>καὶ</span> <span class='ocrx_word' id='word_1_38' title='bbox 1568 595 1651 647; x_wconf 80' lang='grc' dir='ltr'>ὅτι</span> <span class='ocrx_word' id='word_1_39' title='bbox 1686 597 1735 648; x_wconf 84' lang='grc' dir='ltr'>οἱ</span> 
     </span>
    </p>
   </div>
   <div class='ocr_carea' id='block_1_8' title="bbox 167 662 1741 747">
    <p class='ocr_par' dir='ltr' id='par_1_8' title="bbox 167 662 1741 747">
     <span class='ocr_line' id='line_1_8' title="bbox 167 662 1741 747; baseline 0.015 -34"><span class='ocrx_word' id='word_1_40' title='bbox 167 662 301 715; x_wconf 87' lang='grc' dir='ltr'>θεῖοι</span> <span class='ocrx_word' id='word_1_41' title='bbox 368 668 594 731; x_wconf 78' lang='grc' dir='ltr'>κανόνες</span> <span class='ocrx_word' id='word_1_42' title='bbox 664 672 959 741; x_wconf 72' lang='grc' dir='ltr'>ἐπιτιμῶσι</span> <span class='ocrx_word' id='word_1_43' title='bbox 1029 680 1140 740; x_wconf 86' lang='grc' dir='ltr'>τοῖς</span> <span class='ocrx_word' id='word_1_44' title='bbox 1215 687 1567 747; x_wconf 71' lang='grc' dir='ltr'>φροντισταῖς</span> <span class='ocrx_word' id='word_1_45' title='bbox 1630 686 1741 739; x_wconf 87' lang='grc' dir='ltr'>τῶν</span> 
     </span>
    </p>
   </div>
   <div class='ocr_carea' id='block_1_9' title="bbox 165 755 1737 844">
    <p class='ocr_par' dir='ltr' id='par_1_9' title="bbox 165 755 1737 844">
     <span class='ocr_line' id='line_1_9' title="bbox 165 755 1737 844; baseline 0.016 -39"><span class='ocrx_word' id='word_1_46' title='bbox 165 755 445 821; x_wconf 81' lang='grc' dir='ltr'>τοιούτων,</span> <span class='ocrx_word' id='word_1_47' title='bbox 496 761 853 829; x_wconf 78' lang='grc' dir='ltr'>ἐπιμένοντας</span> <span class='ocrx_word' id='word_1_48' title='bbox 886 766 943 820; x_wconf 85' lang='grc' dir='ltr'>δὲ</span> <span class='ocrx_word' id='word_1_49' title='bbox 979 771 1044 838; x_wconf 82' lang='grc' dir='ltr'>τῇ</span> <span class='ocrx_word' id='word_1_50' title='bbox 1079 770 1321 843; x_wconf 75' lang='grc' dir='ltr'>ἀπαθείᾳ</span> <span class='ocrx_word' id='word_1_51' title='bbox 1360 774 1737 844; x_wconf 79' lang='grc' dir='ltr'>καθαιροῦσιν.</span> 
     </span>
    </p>
   </div>
   <div class='ocr_carea' id='block_1_10' title="bbox 239 846 1741 938">
    <p class='ocr_par' dir='ltr' id='par_1_10' title="bbox 239 846 1741 938">
     <span class='ocr_line' id='line_1_10' title="bbox 239 846 1741 938; baseline 0.016 -40"><span class='ocrx_word' id='word_1_52' title='bbox 239 846 337 909; x_wconf 73' lang='grc' dir='ltr'>λζ’.</span> <span class='ocrx_word' id='word_1_53' title='bbox 395 849 518 901; x_wconf 85' lang='grc' dir='ltr'>Ὅτι</span> <span class='ocrx_word' id='word_1_54' title='bbox 571 853 632 904; x_wconf 82' lang='grc' dir='ltr'>ού</span> <span class='ocrx_word' id='word_1_55' title='bbox 682 853 764 906; x_wconf 87' lang='grc' dir='ltr'>δεῖ</span> <span class='ocrx_word' id='word_1_56' title='bbox 811 863 1140 929; x_wconf 74' lang='grc' dir='ltr'>κατηγορεῖν</span> <span class='ocrx_word' id='word_1_57' title='bbox 1183 881 1368 928; x_wconf 85' lang='grc' dir='ltr'>τινων,</span> <span class='ocrx_word' id='word_1_58' title='bbox 1414 865 1600 919; x_wconf 76' lang='grc' dir='ltr'>ἕνεκεν</span> <span class='ocrx_word' id='word_1_59' title='bbox 1643 870 1741 938; x_wconf 86' lang='grc' dir='ltr'>τῆς</span> 
     </span>
    </p>
   </div>
   <div class='ocr_carea' id='block_1_11' title="bbox 167 938 1742 1027">
    <p class='ocr_par' dir='ltr' id='par_1_11' title="bbox 167 938 1742 1027">
     <span class='ocr_line' id='line_1_11' title="bbox 167 938 1742 1027; baseline 0.016 -38"><span class='ocrx_word' id='word_1_60' title='bbox 167 938 475 1006; x_wconf 79' lang='grc' dir='ltr'>ἀναγκαίας</span> <span class='ocrx_word' id='word_1_61' title='bbox 505 944 641 1014; x_wconf 87' lang='grc' dir='ltr'>πρὸς</span> <span class='ocrx_word' id='word_1_62' title='bbox 678 946 738 1000; x_wconf 83' lang='grc' dir='ltr'>τὸ</span> <span class='ocrx_word' id='word_1_63' title='bbox 773 948 872 1019; x_wconf 83' lang='grc' dir='ltr'>ζῇν</span> <span class='ocrx_word' id='word_1_64' title='bbox 918 954 1128 1020; x_wconf 89' lang='grc' dir='ltr'>χρείας,</span> <span class='ocrx_word' id='word_1_65' title='bbox 1177 958 1270 1007; x_wconf 78' lang='grc' dir='ltr'>καὶ</span> <span class='ocrx_word' id='word_1_66' title='bbox 1304 958 1440 1027; x_wconf 65' lang='grc' dir='ltr'>πρὸς</span> <span class='ocrx_word' id='word_1_67' title='bbox 1482 962 1609 1024; x_wconf 82' lang='grc' dir='ltr'>τοὺς</span> <span class='ocrx_word' id='word_1_68' title='bbox 1654 962 1742 1012; x_wconf 79' lang='grc' dir='ltr'>λέ-</span> 
     </span>
    </p>
   </div>
   <div class='ocr_carea' id='block_1_12' title="bbox 167 1035 1740 1120">
    <p class='ocr_par' dir='ltr' id='par_1_12' title="bbox 167 1035 1740 1120">
     <span class='ocr_line' id='line_1_12' title="bbox 167 1035 1740 1120; baseline 0.017 -40"><span class='ocrx_word' id='word_1_69' title='bbox 167 1046 388 1098; x_wconf 88' lang='grc' dir='ltr'>γοντας,</span> <span class='ocrx_word' id='word_1_70' title='bbox 428 1035 509 1087; x_wconf 86' lang='grc' dir='ltr'>ὅτι</span> <span class='ocrx_word' id='word_1_71' title='bbox 560 1038 654 1089; x_wconf 69' lang='grc' dir='ltr'>καὶ</span> <span class='ocrx_word' id='word_1_72' title='bbox 693 1041 846 1093; x_wconf 73' lang='grc' dir='ltr'>αὐτοὶ</span> <span class='ocrx_word' id='word_1_73' title='bbox 892 1044 941 1095; x_wconf 88' lang='grc' dir='ltr'>οί</span> <span class='ocrx_word' id='word_1_74' title='bbox 992 1045 1301 1102; x_wconf 79' lang='grc' dir='ltr'>διδάσκαλοι</span> <span class='ocrx_word' id='word_1_75' title='bbox 1343 1051 1740 1120; x_wconf 79' lang='grc' dir='ltr'>παραὸαίνουσι</span> 
     </span>
    </p>
   </div>
   <div class='ocr_carea' id='block_1_13' title="bbox 166 1124 1742 1212">
    <p class='ocr_par' dir='ltr' id='par_1_13' title="bbox 166 1124 1742 1212">
     <span class='ocr_line' id='line_1_13' title="bbox 166 1124 1742 1212; baseline 0.016 -39"><span class='ocrx_word' id='word_1_76' title='bbox 166 1124 265 1185; x_wconf 76' lang='grc' dir='ltr'>τὰς</span> <span class='ocrx_word' id='word_1_77' title='bbox 295 1127 516 1191; x_wconf 73' lang='grc' dir='ltr'>ἐντολὰς</span> <span class='ocrx_word' id='word_1_78' title='bbox 548 1131 641 1184; x_wconf 89' lang='grc' dir='ltr'>τοῦ</span> <span class='ocrx_word' id='word_1_79' title='bbox 675 1132 810 1187; x_wconf 87' lang='grc' dir='ltr'>Θεοῦ</span> <span class='ocrx_word' id='word_1_80' title='bbox 851 1136 937 1189; x_wconf 69' lang='grc' dir='ltr'>διὰ</span> <span class='ocrx_word' id='word_1_81' title='bbox 972 1139 1031 1190; x_wconf 82' lang='grc' dir='ltr'>τὸ</span> <span class='ocrx_word' id='word_1_82' title='bbox 1059 1139 1201 1208; x_wconf 78' lang='grc' dir='ltr'>ἐχειν</span> <span class='ocrx_word' id='word_1_83' title='bbox 1228 1142 1425 1205; x_wconf 75' lang='grc' dir='ltr'>αὐτοὺς</span> <span class='ocrx_word' id='word_1_84' title='bbox 1466 1148 1605 1212; x_wconf 72' lang='grc' dir='ltr'>μετὰ</span> <span class='ocrx_word' id='word_1_85' title='bbox 1637 1146 1742 1198; x_wconf 84' lang='grc' dir='ltr'>πά-</span> 
     </span>
    </p>
   </div>
   <div class='ocr_carea' id='block_1_14' title="bbox 170 1218 1741 1299">
    <p class='ocr_par' dir='ltr' id='par_1_14' title="bbox 170 1218 1741 1299">
     <span class='ocr_line' id='line_1_14' title="bbox 170 1218 1741 1299; baseline 0.014 -31"><span class='ocrx_word' id='word_1_86' title='bbox 170 1232 269 1286; x_wconf 84' lang='grc' dir='ltr'>σης</span> <span class='ocrx_word' id='word_1_87' title='bbox 301 1218 590 1287; x_wconf 76' lang='grc' dir='ltr'>ἀκριϐείας</span> <span class='ocrx_word' id='word_1_88' title='bbox 626 1224 695 1276; x_wconf 74' lang='grc' dir='ltr'>τὰ</span> <span class='ocrx_word' id='word_1_89' title='bbox 725 1226 955 1298; x_wconf 84' lang='grc' dir='ltr'>χρειώδη</span> <span class='ocrx_word' id='word_1_90' title='bbox 1000 1229 1094 1282; x_wconf 84' lang='grc' dir='ltr'>τοῦ</span> <span class='ocrx_word' id='word_1_91' title='bbox 1130 1232 1381 1299; x_wconf 81' lang='grc' dir='ltr'>σώματος</span> <span class='ocrx_word' id='word_1_92' title='bbox 1406 1250 1421 1264; x_wconf 90' lang='grc'><strong>·</strong></span> <span class='ocrx_word' id='word_1_93' title='bbox 1463 1237 1561 1288; x_wconf 80' lang='grc' dir='ltr'>καὶ</span> <span class='ocrx_word' id='word_1_94' title='bbox 1593 1237 1645 1288; x_wconf 88' lang='grc' dir='ltr'>τί</span> <span class='ocrx_word' id='word_1_95' title='bbox 1680 1237 1741 1289; x_wconf 84' lang='grc' dir='ltr'>τὸ</span> 
     </span>
    </p>
   </div>
   <div class='ocr_carea' id='block_1_15' title="bbox 166 1306 1741 1396">
    <p class='ocr_par' dir='ltr' id='par_1_15' title="bbox 166 1306 1741 1396">
     <span class='ocr_line' id='line_1_15' title="bbox 166 1306 1741 1396; baseline 0.016 -41"><span class='ocrx_word' id='word_1_96' title='bbox 166 1306 378 1375; x_wconf 83' lang='grc' dir='ltr'>πρέπον</span> <span class='ocrx_word' id='word_1_97' title='bbox 411 1310 615 1381; x_wconf 81' lang='grc' dir='ltr'>ἔνδυμα</span> <span class='ocrx_word' id='word_1_98' title='bbox 651 1316 999 1386; x_wconf 85' lang='grc' dir='ltr'>Χριστιανοῖς</span> <span class='ocrx_word' id='word_1_99' title='bbox 1020 1336 1033 1347; x_wconf 82' lang='lat'><strong><em>°</em></strong></span> <span class='ocrx_word' id='word_1_100' title='bbox 1079 1322 1174 1375; x_wconf 76' lang='grc' dir='ltr'>καὶ</span> <span class='ocrx_word' id='word_1_101' title='bbox 1204 1325 1330 1394; x_wconf 78' lang='grc' dir='ltr'>περὶ</span> <span class='ocrx_word' id='word_1_102' title='bbox 1376 1325 1610 1396; x_wconf 79' lang='grc' dir='ltr'>διαίτης,</span> <span class='ocrx_word' id='word_1_103' title='bbox 1645 1328 1741 1380; x_wconf 77' lang='grc' dir='ltr'>καὶ</span> 
     </span>
    </p>
   </div>
   <div class='ocr_carea' id='block_1_16' title="bbox 165 1399 1741 1485">
    <p class='ocr_par' dir='ltr' id='par_1_16' title="bbox 165 1399 1741 1485">
     <span class='ocr_line' id='line_1_16' title="bbox 165 1399 1741 1485; baseline 0.015 -39"><span class='ocrx_word' id='word_1_104' title='bbox 165 1399 424 1465; x_wconf 84' lang='grc' dir='ltr'>φορεσιας</span> <span class='ocrx_word' id='word_1_105' title='bbox 465 1402 573 1455; x_wconf 85' lang='grc' dir='ltr'>τῶν</span> <span class='ocrx_word' id='word_1_106' title='bbox 608 1406 928 1474; x_wconf 76' lang='grc' dir='ltr'>πρεπόντων</span> <span class='ocrx_word' id='word_1_107' title='bbox 969 1416 1245 1482; x_wconf 81' lang='grc' dir='ltr'>μοναχοῖς,</span> <span class='ocrx_word' id='word_1_108' title='bbox 1282 1414 1376 1467; x_wconf 79' lang='grc' dir='ltr'>καὶ</span> <span class='ocrx_word' id='word_1_109' title='bbox 1417 1417 1741 1485; x_wconf 78' lang='grc' dir='ltr'>ἡγουμένοις</span> 
     </span>
    </p>
   </div>
   <div class='ocr_carea' id='block_1_17' title="bbox 168 1486 1741 1578">
    <p class='ocr_par' dir='ltr' id='par_1_17' title="bbox 168 1486 1741 1578">
     <span class='ocr_line' id='line_1_17' title="bbox 168 1486 1741 1578; baseline 0.018 -43"><span class='ocrx_word' id='word_1_110' title='bbox 168 1486 375 1556; x_wconf 74' lang='grc' dir='ltr'>ἱερεῦσι</span> <span class='ocrx_word' id='word_1_111' title='bbox 427 1508 486 1545; x_wconf 86' lang='grc' dir='ltr'>τε</span> <span class='ocrx_word' id='word_1_112' title='bbox 539 1498 633 1549; x_wconf 74' lang='grc' dir='ltr'>καὶ</span> <span class='ocrx_word' id='word_1_113' title='bbox 690 1500 1045 1569; x_wconf 73' lang='grc' dir='ltr'>ἀρχιερεῦσισ</span> <span class='ocrx_word' id='word_1_114' title='bbox 1095 1506 1189 1558; x_wconf 76' lang='grc' dir='ltr'>καὶ</span> <span class='ocrx_word' id='word_1_115' title='bbox 1238 1506 1321 1559; x_wconf 80' lang='grc' dir='ltr'>ὃτι</span> <span class='ocrx_word' id='word_1_116' title='bbox 1362 1508 1423 1559; x_wconf 80' lang='grc' dir='ltr'>οὐ</span> <span class='ocrx_word' id='word_1_117' title='bbox 1466 1509 1572 1578; x_wconf 86' lang='grc' dir='ltr'>χρὴ</span> <span class='ocrx_word' id='word_1_118' title='bbox 1612 1510 1741 1572; x_wconf 83' lang='grc' dir='ltr'>τοὺς</span> 
     </span>
    </p>
   </div>
   <div class='ocr_carea' id='block_1_18' title="bbox 161 1581 1740 1670">
    <p class='ocr_par' dir='ltr' id='par_1_18' title="bbox 161 1581 1740 1670">
     <span class='ocr_line' id='line_1_18' title="bbox 161 1581 1740 1670; baseline 0.015 -40"><span class='ocrx_word' id='word_1_119' title='bbox 161 1581 437 1645; x_wconf 75' lang='grc' dir='ltr'>τοιούτους</span> <span class='ocrx_word' id='word_1_120' title='bbox 467 1586 699 1654; x_wconf 76' lang='grc' dir='ltr'>ἱματίοις</span> <span class='ocrx_word' id='word_1_121' title='bbox 721 1591 1164 1659; x_wconf 80' lang='grc' dir='ltr'>ἐξαλλάσσεσθαι,</span> <span class='ocrx_word' id='word_1_122' title='bbox 1185 1600 1279 1651; x_wconf 80' lang='grc' dir='ltr'>καὶ</span> <span class='ocrx_word' id='word_1_123' title='bbox 1302 1599 1436 1653; x_wconf 79' lang='grc' dir='ltr'>ἄλλα</span> <span class='ocrx_word' id='word_1_124' title='bbox 1463 1601 1560 1670; x_wconf 70' lang='grc' dir='ltr'>μὲν</span> <span class='ocrx_word' id='word_1_125' title='bbox 1589 1601 1740 1670; x_wconf 83' lang='grc' dir='ltr'>ἔχειν</span> 
     </span>
    </p>
   </div>
   <div class='ocr_carea' id='block_1_19' title="bbox 164 1671 1734 1763">
    <p class='ocr_par' dir='ltr' id='par_1_19' title="bbox 164 1671 1734 1763">
     <span class='ocr_line' id='line_1_19' title="bbox 164 1671 1734 1763; baseline 0.018 -43"><span class='ocrx_word' id='word_1_126' title='bbox 164 1671 301 1763; x_wconf 66' lang='grc' dir='ltr'>πρὸς</span> <span class='ocrx_word' id='word_1_127' title='bbox 333 1673 557 1740; x_wconf 80' lang='grc' dir='ltr'>ἔνδειξιν</span> <span class='ocrx_word' id='word_1_128' title='bbox 588 1680 857 1753; x_wconf 83' lang='grc' dir='ltr'>ἀπαντῆς,</span> <span class='ocrx_word' id='word_1_129' title='bbox 889 1686 1023 1740; x_wconf 79' lang='grc' dir='ltr'>ἄλλα</span> <span class='ocrx_word' id='word_1_130' title='bbox 1053 1689 1109 1741; x_wconf 87' lang='grc' dir='ltr'>δέ</span> <span class='ocrx_word' id='word_1_131' title='bbox 1140 1689 1280 1743; x_wconf 80' lang='grc' dir='ltr'>οἴκοι</span> <span class='ocrx_word' id='word_1_132' title='bbox 1313 1692 1734 1763; x_wconf 79' lang='grc' dir='ltr'>καθεζομένους,</span> 
     </span>
    </p>
   </div>
   <div class='ocr_carea' id='block_1_20' title="bbox 1845 507 3425 589">
    <p class='ocr_par' dir='ltr' id='par_1_20' title="bbox 1845 507 3425 589">
     <span class='ocr_line' id='line_1_20' title="bbox 1845 507 3425 589; baseline 0.013 -31"><span class='ocrx_word' id='word_1_133' title='bbox 1845 507 2195 564; x_wconf 71' lang='lat' dir='ltr'><strong>szecularibus</strong></span> <span class='ocrx_word' id='word_1_134' title='bbox 2216 519 2297 564; x_wconf 87' lang='lat' dir='ltr'>vel</span> <span class='ocrx_word' id='word_1_135' title='bbox 2330 515 2711 581; x_wconf 79' lang='lat' dir='ltr'>possessiones</span> <span class='ocrx_word' id='word_1_136' title='bbox 2740 518 2941 585; x_wconf 84' lang='lat' dir='ltr'>pacisci</span> <span class='ocrx_word' id='word_1_137' title='bbox 2966 536 2980 583; x_wconf 85' lang='lat'><strong>;</strong></span> <span class='ocrx_word' id='word_1_138' title='bbox 3001 528 3055 574; x_wconf 93' lang='lat' dir='ltr'>et</span> <span class='ocrx_word' id='word_1_139' title='bbox 3078 522 3225 589; x_wconf 83' lang='lat' dir='ltr'><strong>quod</strong></span> <span class='ocrx_word' id='word_1_140' title='bbox 3256 523 3425 578; x_wconf 82' lang='lat' dir='ltr'><strong>divini</strong></span> 
     </span>
    </p>
   </div>
   <div class='ocr_carea' id='block_1_21' title="bbox 1844 603 3426 680">
    <p class='ocr_par' dir='ltr' id='par_1_21' title="bbox 1844 603 3426 680">
     <span class='ocr_line' id='line_1_21' title="bbox 1844 603 3426 680; baseline 0.011 -29"><span class='ocrx_word' id='word_1_141' title='bbox 1844 613 2084 654; x_wconf 83' lang='lat' dir='ltr'><strong>canones</strong></span> <span class='ocrx_word' id='word_1_142' title='bbox 2115 603 2523 669; x_wconf 81' lang='lat' dir='ltr'><strong>reprehendunt</strong></span> <span class='ocrx_word' id='word_1_143' title='bbox 2573 606 2672 662; x_wconf 85' lang='lat' dir='ltr'><strong>ltos</strong></span> <span class='ocrx_word' id='word_1_144' title='bbox 2720 608 2812 676; x_wconf 89' lang='lat' dir='ltr'>qui</span> <span class='ocrx_word' id='word_1_145' title='bbox 2843 610 3045 664; x_wconf 90' lang='lat' dir='ltr'><strong>talibus</strong></span> <span class='ocrx_word' id='word_1_146' title='bbox 3082 613 3335 680; x_wconf 91' lang='lat' dir='ltr'><strong>student,</strong></span> <span class='ocrx_word' id='word_1_147' title='bbox 3372 624 3426 669; x_wconf 87' lang='lat' dir='ltr'>et</span> 
     </span>
    </p>
   </div>
   <div class='ocr_carea' id='block_1_22' title="bbox 1845 694 3069 767">
    <p class='ocr_par' dir='ltr' id='par_1_22' title="bbox 1845 694 3069 767">
     <span class='ocr_line' id='line_1_22' title="bbox 1845 694 3069 767; baseline 0.011 -26"><span class='ocrx_word' id='word_1_148' title='bbox 1845 702 2253 755; x_wconf 83' lang='lat' dir='ltr'><strong>perseverantes</strong></span> <span class='ocrx_word' id='word_1_149' title='bbox 2288 694 2339 747; x_wconf 94' lang='lat' dir='ltr'>in</span> <span class='ocrx_word' id='word_1_150' title='bbox 2377 694 2738 752; x_wconf 69' lang='lat' dir='ltr'>indifferentia</span> <span class='ocrx_word' id='word_1_151' title='bbox 2768 699 3069 767; x_wconf 87' lang='lat' dir='ltr'><strong>deponunt.</strong></span> 
     </span>
    </p>
   </div>
   <div class='ocr_carea' id='block_1_23' title="bbox 1914 866 3422 941">
    <p class='ocr_par' dir='ltr' id='par_1_23' title="bbox 1914 866 3422 941">
     <span class='ocr_line' id='line_1_23' title="bbox 1914 866 3422 941; baseline 0.006 -21"><span class='ocrx_word' id='word_1_152' title='bbox 1914 867 2003 920; x_wconf 80' lang='grc'>57.</span> <span class='ocrx_word' id='word_1_153' title='bbox 2032 866 2185 933; x_wconf 87' lang='lat' dir='ltr'><strong>Quod</strong></span> <span class='ocrx_word' id='word_1_154' title='bbox 2217 886 2322 923; x_wconf 90' lang='lat' dir='ltr'><strong>non</strong></span> <span class='ocrx_word' id='word_1_155' title='bbox 2365 881 2577 939; x_wconf 88' lang='lat' dir='ltr'><strong>oportet</strong></span> <span class='ocrx_word' id='word_1_156' title='bbox 2615 873 2830 941; x_wconf 85' lang='lat' dir='ltr'><strong>aliquos</strong></span> <span class='ocrx_word' id='word_1_157' title='bbox 2862 874 3115 929; x_wconf 80' lang='lat' dir='ltr'>incusare</span> <span class='ocrx_word' id='word_1_158' title='bbox 3142 914 3155 934; x_wconf 84' lang='lat'><em>.</em></span> <span class='ocrx_word' id='word_1_159' title='bbox 3185 876 3255 927; x_wconf 86' lang='lat' dir='ltr'>ob</span> <span class='ocrx_word' id='word_1_160' title='bbox 3301 876 3422 928; x_wconf 76' lang='lat' dir='ltr'><strong>vita:</strong></span> 
     </span>
    </p>
   </div>
   <div class='ocr_carea' id='block_1_24' title="bbox 1846 962 3423 1034">
    <p class='ocr_par' dir='ltr' id='par_1_24' title="bbox 1846 962 3423 1034">
     <span class='ocr_line' id='line_1_24' title="bbox 1846 962 3423 1034; baseline 0.007 -24"><span class='ocrx_word' id='word_1_161' title='bbox 1846 962 2181 1020; x_wconf 77' lang='lat' dir='ltr'><strong>necessaria.</strong></span> <span class='ocrx_word' id='word_1_162' title='bbox 2216 970 2269 1013; x_wconf 92' lang='lat' dir='ltr'>et</span> <span class='ocrx_word' id='word_1_163' title='bbox 2303 963 2373 1017; x_wconf 87' lang='lat' dir='ltr'>ob</span> <span class='ocrx_word' id='word_1_164' title='bbox 2406 978 2500 1018; x_wconf 89' lang='lat' dir='ltr'>eos</span> <span class='ocrx_word' id='word_1_165' title='bbox 2540 966 2631 1033; x_wconf 92' lang='lat' dir='ltr'><strong>qui</strong></span> <span class='ocrx_word' id='word_1_166' title='bbox 2664 966 2873 1029; x_wconf 88' lang='lat' dir='ltr'><strong>dicunt,</strong></span> <span class='ocrx_word' id='word_1_167' title='bbox 2907 967 3051 1034; x_wconf 86' lang='lat' dir='ltr'><strong>quod</strong></span> <span class='ocrx_word' id='word_1_168' title='bbox 3082 977 3135 1019; x_wconf 89' lang='lat' dir='ltr'>et</span> <span class='ocrx_word' id='word_1_169' title='bbox 3174 966 3275 1034; x_wconf 83' lang='lat' dir='ltr'><strong>ipsi</strong></span> <span class='ocrx_word' id='word_1_170' title='bbox 3327 967 3423 1021; x_wconf 82' lang='lat' dir='ltr'><strong>do-</strong></span> 
     </span>
    </p>
   </div>
   <div class='ocr_carea' id='block_1_25' title="bbox 1844 1053 3420 1125">
    <p class='ocr_par' dir='ltr' id='par_1_25' title="bbox 1844 1053 3420 1125">
     <span class='ocr_line' id='line_1_25' title="bbox 1844 1053 3420 1125; baseline 0.004 -22"><span class='ocrx_word' id='word_1_171' title='bbox 1844 1058 2023 1103; x_wconf 82' lang='lat' dir='ltr'><strong>ctores</strong></span> <span class='ocrx_word' id='word_1_172' title='bbox 2042 1053 2245 1105; x_wconf 78' lang='lat' dir='ltr'><strong>violant</strong></span> <span class='ocrx_word' id='word_1_173' title='bbox 2277 1053 2365 1107; x_wconf 71' lang='lat' dir='ltr'><strong>llei</strong></span> <span class='ocrx_word' id='word_1_174' title='bbox 2393 1070 2657 1124; x_wconf 67' lang='lat' dir='ltr'><strong>praecepta</strong></span> <span class='ocrx_word' id='word_1_175' title='bbox 2692 1058 2834 1111; x_wconf 88' lang='lat' dir='ltr'><strong>in&#39;eo</strong></span> <span class='ocrx_word' id='word_1_176' title='bbox 2865 1058 3012 1125; x_wconf 90' lang='lat' dir='ltr'><strong>quod</strong></span> <span class='ocrx_word' id='word_1_177' title='bbox 3042 1058 3273 1111; x_wconf 77' lang='lat' dir='ltr'><strong>habeant</strong></span> <span class='ocrx_word' id='word_1_178' title='bbox 3294 1072 3420 1110; x_wconf 80' lang='lat' dir='ltr'>cum</span> 
     </span>
    </p>
   </div>
   <div class='ocr_carea' id='block_1_26' title="bbox 1842 1144 3419 1220">
    <p class='ocr_par' dir='ltr' id='par_1_26' title="bbox 1842 1144 3419 1220">
     <span class='ocr_line' id='line_1_26' title="bbox 1842 1144 3419 1220; baseline 0.006 -25"><span class='ocrx_word' id='word_1_179' title='bbox 1842 1144 1987 1195; x_wconf 88' lang='lat' dir='ltr'><strong>omni</strong></span> <span class='ocrx_word' id='word_1_180' title='bbox 2018 1146 2444 1215; x_wconf 70' lang='lat' dir='ltr'><strong>securitatequae</strong></span> <span class='ocrx_word' id='word_1_181' title='bbox 2467 1150 2613 1203; x_wconf 89' lang='lat' dir='ltr'><strong>utilia</strong></span> <span class='ocrx_word' id='word_1_182' title='bbox 2639 1160 2766 1205; x_wconf 91' lang='lat' dir='ltr'><strong>sunt</strong></span> <span class='ocrx_word' id='word_1_183' title='bbox 2790 1153 3003 1218; x_wconf 82' lang='lat' dir='ltr'><strong>corpori</strong></span> <span class='ocrx_word' id='word_1_184' title='bbox 3030 1169 3041 1203; x_wconf 92' lang='lat'>:</span> <span class='ocrx_word' id='word_1_185' title='bbox 3065 1160 3117 1205; x_wconf 91' lang='lat' dir='ltr'>et</span> <span class='ocrx_word' id='word_1_186' title='bbox 3141 1151 3419 1220; x_wconf 84' lang='lat' dir='ltr'><strong>quodnam</strong></span> 
     </span>
    </p>
   </div>
   <div class='ocr_carea' id='block_1_27' title="bbox 1843 1236 3421 1297">
    <p class='ocr_par' dir='ltr' id='par_1_27' title="bbox 1843 1236 3421 1297">
     <span class='ocr_line' id='line_1_27' title="bbox 1843 1236 3421 1297; baseline 0.006 -10"><span class='ocrx_word' id='word_1_187' title='bbox 1843 1236 2097 1288; x_wconf 90' lang='lat' dir='ltr'><strong>convenit</strong></span> <span class='ocrx_word' id='word_1_188' title='bbox 2149 1253 2270 1292; x_wconf 81' lang='lat' dir='ltr'><strong>esse</strong></span> <span class='ocrx_word' id='word_1_189' title='bbox 2329 1241 2761 1297; x_wconf 77' lang='lat' dir='ltr'><strong>Christianorum</strong></span> <span class='ocrx_word' id='word_1_190' title='bbox 2794 1243 3211 1297; x_wconf 82' lang='lat' dir='ltr'><strong>indumentum:</strong></span> <span class='ocrx_word' id='word_1_191' title='bbox 3253 1250 3308 1296; x_wconf 88' lang='lat' dir='ltr'>et</span> <span class='ocrx_word' id='word_1_192' title='bbox 3354 1242 3421 1296; x_wconf 88' lang='lat' dir='ltr'>de</span> 
     </span>
    </p>
   </div>
   <div class='ocr_carea' id='block_1_28' title="bbox 1842 1325 3421 1400">
    <p class='ocr_par' dir='ltr' id='par_1_28' title="bbox 1842 1325 3421 1400">
     <span class='ocr_line' id='line_1_28' title="bbox 1842 1325 3421 1400; baseline 0.004 -23"><span class='ocrx_word' id='word_1_193' title='bbox 1842 1325 1988 1380; x_wconf 89' lang='lat' dir='ltr'><strong>victu</strong></span> <span class='ocrx_word' id='word_1_194' title='bbox 2006 1337 2057 1380; x_wconf 75' lang='lat' dir='ltr'>et</span> <span class='ocrx_word' id='word_1_195' title='bbox 2075 1329 2266 1382; x_wconf 84' lang='lat' dir='ltr'><strong>vestitu</strong></span> <span class='ocrx_word' id='word_1_196' title='bbox 2288 1332 2742 1388; x_wconf 75' lang='lat' dir='ltr'><strong>convenientibus</strong></span> <span class='ocrx_word' id='word_1_197' title='bbox 2764 1335 3070 1399; x_wconf 85' lang='lat' dir='ltr'><strong>monachis,</strong></span> <span class='ocrx_word' id='word_1_198' title='bbox 3101 1345 3153 1386; x_wconf 89' lang='lat' dir='ltr'>et</span> <span class='ocrx_word' id='word_1_199' title='bbox 3177 1333 3421 1400; x_wconf 61' lang='lat' dir='ltr'><strong>praesuli-</strong></span> 
     </span>
    </p>
   </div>
   <div class='ocr_carea' id='block_1_29' title="bbox 1842 1413 3420 1489">
    <p class='ocr_par' dir='ltr' id='par_1_29' title="bbox 1842 1413 3420 1489">
     <span class='ocr_line' id='line_1_29' title="bbox 1842 1413 3420 1489; baseline 0.006 -23"><span class='ocrx_word' id='word_1_200' title='bbox 1842 1413 1944 1466; x_wconf 83' lang='lat' dir='ltr'>bus</span> <span class='ocrx_word' id='word_1_201' title='bbox 1982 1416 2357 1470; x_wconf 78' lang='lat' dir='ltr'><strong>sacerdotibus</strong></span> <span class='ocrx_word' id='word_1_202' title='bbox 2386 1428 2439 1470; x_wconf 92' lang='lat' dir='ltr'>et</span> <span class='ocrx_word' id='word_1_203' title='bbox 2477 1419 2824 1486; x_wconf 75' lang='lat' dir='ltr'><strong>pontificibus</strong></span> <span class='ocrx_word' id='word_1_204' title='bbox 2847 1437 2861 1483; x_wconf 87' lang='lat'><strong>;</strong></span> <span class='ocrx_word' id='word_1_205' title='bbox 2884 1432 2938 1474; x_wconf 92' lang='lat' dir='ltr'>et</span> <span class='ocrx_word' id='word_1_206' title='bbox 2966 1421 3109 1488; x_wconf 92' lang='lat' dir='ltr'><strong>quod</strong></span> <span class='ocrx_word' id='word_1_207' title='bbox 3129 1436 3236 1475; x_wconf 86' lang='lat' dir='ltr'><strong>non</strong></span> <span class='ocrx_word' id='word_1_208' title='bbox 3254 1436 3420 1489; x_wconf 81' lang='lat' dir='ltr'><strong>opor-</strong></span> 
     </span>
    </p>
   </div>
   <div class='ocr_carea' id='block_1_30' title="bbox 1843 1505 3419 1578">
    <p class='ocr_par' dir='ltr' id='par_1_30' title="bbox 1843 1505 3419 1578">
     <span class='ocr_line' id='line_1_30' title="bbox 1843 1505 3419 1578; baseline 0.005 -22"><span class='ocrx_word' id='word_1_209' title='bbox 1843 1513 1917 1557; x_wconf 90' lang='lat' dir='ltr'>tet</span> <span class='ocrx_word' id='word_1_210' title='bbox 1951 1505 2085 1559; x_wconf 84' lang='lat' dir='ltr'><strong>tales</strong></span> <span class='ocrx_word' id='word_1_211' title='bbox 2114 1518 2293 1561; x_wconf 84' lang='lat' dir='ltr'><strong>vestes</strong></span> <span class='ocrx_word' id='word_1_212' title='bbox 2322 1508 2677 1573; x_wconf 79' lang='lat' dir='ltr'><strong>confundere,</strong></span> <span class='ocrx_word' id='word_1_213' title='bbox 2698 1510 2792 1563; x_wconf 89' lang='lat' dir='ltr'>sed</span> <span class='ocrx_word' id='word_1_214' title='bbox 2818 1510 2955 1565; x_wconf 89' lang='lat' dir='ltr'><strong>alias</strong></span> <span class='ocrx_word' id='word_1_215' title='bbox 2974 1511 3192 1578; x_wconf 82' lang='lat' dir='ltr'><strong>quidem</strong></span> <span class='ocrx_word' id='word_1_216' title='bbox 3222 1511 3419 1565; x_wconf 82' lang='lat' dir='ltr'><strong>habere</strong></span> 
     </span>
    </p>
   </div>
   <div class='ocr_carea' id='block_1_31' title="bbox 1840 1596 3417 1668">
    <p class='ocr_par' dir='ltr' id='par_1_31' title="bbox 1840 1596 3417 1668">
     <span class='ocr_line' id='line_1_31' title="bbox 1840 1596 3417 1668; baseline 0.006 -21"><span class='ocrx_word' id='word_1_217' title='bbox 1840 1596 1908 1648; x_wconf 87' lang='lat' dir='ltr'>ad</span> <span class='ocrx_word' id='word_1_218' title='bbox 1968 1599 2336 1653; x_wconf 87' lang='lat' dir='ltr'><strong>ostensionem</strong></span> <span class='ocrx_word' id='word_1_219' title='bbox 2388 1601 2587 1668; x_wconf 93' lang='lat' dir='ltr'><strong>publici</strong></span> <span class='ocrx_word' id='word_1_220' title='bbox 2615 1603 2794 1656; x_wconf 86' lang='lat' dir='ltr'><strong>cultus</strong></span> <span class='ocrx_word' id='word_1_221' title='bbox 2819 1641 2835 1667; x_wconf 89' lang='lat'>,</span> <span class='ocrx_word' id='word_1_222' title='bbox 2870 1603 3005 1658; x_wconf 88' lang='lat' dir='ltr'><strong>alias</strong></span> <span class='ocrx_word' id='word_1_223' title='bbox 3038 1614 3217 1658; x_wconf 80' lang='lat' dir='ltr'><strong>autem</strong></span> <span class='ocrx_word' id='word_1_224' title='bbox 3268 1604 3417 1658; x_wconf 86' lang='lat' dir='ltr'><strong>domi</strong></span> 
     </span>
    </p>
   </div>
   <div class='ocr_carea' id='block_1_32' title="bbox 1841 1690 3414 1765">
    <p class='ocr_par' dir='ltr' id='par_1_32' title="bbox 1841 1690 3414 1765">
     <span class='ocr_line' id='line_1_32' title="bbox 1841 1690 3414 1765; baseline 0.002 -21"><span class='ocrx_word' id='word_1_225' title='bbox 1841 1690 2113 1753; x_wconf 80' lang='lat' dir='ltr'><strong>sedentes.</strong></span> <span class='ocrx_word' id='word_1_226' title='bbox 2147 1691 2239 1746; x_wconf 89' lang='lat' dir='ltr'>sed</span> <span class='ocrx_word' id='word_1_227' title='bbox 2272 1694 2549 1746; x_wconf 86' lang='lat' dir='ltr'><strong>communi</strong></span> <span class='ocrx_word' id='word_1_228' title='bbox 2582 1703 2636 1748; x_wconf 91' lang='lat' dir='ltr'>et</span> <span class='ocrx_word' id='word_1_229' title='bbox 2663 1695 2896 1763; x_wconf 84' lang='lat' dir='ltr'><strong>simplici</strong></span> <span class='ocrx_word' id='word_1_230' title='bbox 2929 1704 3049 1765; x_wconf 78' lang='lat' dir='ltr'><strong>toga</strong></span> <span class='ocrx_word' id='word_1_231' title='bbox 3079 1710 3290 1763; x_wconf 85' lang='lat' dir='ltr'><strong>semper</strong></span> <span class='ocrx_word' id='word_1_232' title='bbox 3315 1695 3414 1760; x_wconf 90' lang='lat' dir='ltr'><strong>uti,</strong></span> 
     </span>
    </p>
   </div>
   <div class='ocr_carea' id='block_1_33' title="bbox 160 1759 1727 1855">
    <p class='ocr_par' dir='ltr' id='par_1_33' title="bbox 160 1759 1727 1855">
     <span class='ocr_line' id='line_1_33' title="bbox 160 1759 1727 1855; baseline 0.025 -44"><span class='ocrx_word' id='word_1_233' title='bbox 160 1759 297 1855; x_wconf 77' lang='grc' dir='ltr'>ἄλλα</span> <span class='ocrx_word' id='word_1_234' title='bbox 349 1770 527 1836; x_wconf 79' lang='grc' dir='ltr'>κοινῇ,</span> <span class='ocrx_word' id='word_1_235' title='bbox 577 1773 668 1825; x_wconf 73' lang='grc' dir='ltr'>καὶ</span> <span class='ocrx_word' id='word_1_236' title='bbox 712 1774 920 1829; x_wconf 77' lang='grc' dir='ltr'>εὐτελεῖ</span> <span class='ocrx_word' id='word_1_237' title='bbox 972 1780 1129 1850; x_wconf 83' lang='grc' dir='ltr'>στολῇ</span> <span class='ocrx_word' id='word_1_238' title='bbox 1187 1783 1363 1855; x_wconf 80' lang='grc' dir='ltr'>πάντῃ</span> <span class='ocrx_word' id='word_1_239' title='bbox 1408 1759 1727 1853; x_wconf 37' lang='lat' dir='ltr'>REX-picem;</span> 
     </span>
    </p>
   </div>
   <div class='ocr_carea' id='block_1_34' title="bbox 1836 1759 3415 1855">
    <p class='ocr_par' dir='ltr' id='par_1_34' title="bbox 1838 1788 3415 1855">
     <span class='ocr_line' id='line_1_34' title="bbox 1838 1788 3415 1855; baseline 0.003 -20"><span class='ocrx_word' id='word_1_240' title='bbox 1838 1798 2014 1850; x_wconf 85' lang='lat' dir='ltr'><strong>neque</strong></span> <span class='ocrx_word' id='word_1_241' title='bbox 2063 1794 2348 1850; x_wconf 78' lang='lat' dir='ltr'><strong>exornata,</strong></span> <span class='ocrx_word' id='word_1_242' title='bbox 2383 1801 2560 1854; x_wconf 87' lang='lat' dir='ltr'><strong>neque</strong></span> <span class='ocrx_word' id='word_1_243' title='bbox 2596 1796 2795 1855; x_wconf 66' lang='lat' dir='ltr'><strong>praeter</strong></span> <span class='ocrx_word' id='word_1_244' title='bbox 2836 1788 3206 1843; x_wconf 74' lang='lat' dir='ltr'><strong>necessarium</strong></span> <span class='ocrx_word' id='word_1_245' title='bbox 3257 1802 3415 1841; x_wconf 77' lang='lat' dir='ltr'><strong>usum</strong></span> 
     </span>
    </p>
   </div>
   <div class='ocr_carea' id='block_1_35' title="bbox 160 1852 1736 1945">
    <p class='ocr_par' dir='ltr' id='par_1_35' title="bbox 160 1852 1736 1945">
     <span class='ocr_line' id='line_1_35' title="bbox 160 1852 1736 1945; baseline 0.018 -43"><span class='ocrx_word' id='word_1_246' title='bbox 160 1852 255 1903; x_wconf 74' lang='grc' dir='ltr'>καὶ</span> <span class='ocrx_word' id='word_1_247' title='bbox 272 1856 422 1945; x_wconf 84' lang='grc' dir='ltr'>μήτε</span> <span class='ocrx_word' id='word_1_248' title='bbox 454 1860 928 1939; x_wconf 83' lang='grc' dir='ltr'>ἐσχηματισμένῃ.</span> <span class='ocrx_word' id='word_1_249' title='bbox 967 1873 1105 1941; x_wconf 81' lang='grc' dir='ltr'>μήτε</span> <span class='ocrx_word' id='word_1_250' title='bbox 1134 1877 1287 1943; x_wconf 75' lang='grc' dir='ltr'>παρὰ</span> <span class='ocrx_word' id='word_1_251' title='bbox 1430 1852 1736 1944; x_wconf 77' lang='grc' dir='ltr'>ἀναγκαίαν</span> 
     </span>
    </p>
   </div>
   <div class='ocr_carea' id='block_1_36' title="bbox 159 1943 1733 2035">
    <p class='ocr_par' dir='ltr' id='par_1_36' title="bbox 159 1943 1733 2035">
     <span class='ocr_line' id='line_1_36' title="bbox 159 1943 1733 2035; baseline 0.008 -26"><span class='ocrx_word' id='word_1_252' title='bbox 159 1943 350 2035; x_wconf 73' lang='grc' dir='ltr'>Χρείαν</span> <span class='ocrx_word' id='word_1_253' title='bbox 404 1949 685 2024; x_wconf 83' lang='grc' dir='ltr'>πολυτίμῳ</span> <span class='ocrx_word' id='word_1_254' title='bbox 738 1961 1012 2027; x_wconf 67' lang='grc' dir='ltr'>παρεκτὸς</span> <span class='ocrx_word' id='word_1_255' title='bbox 1060 1965 1161 2031; x_wconf 85' lang='grc' dir='ltr'>τῆς</span> <span class='ocrx_word' id='word_1_256' title='bbox 1210 1943 1486 2035; x_wconf 74' lang='grc' dir='ltr'>ἱερατικῆς</span> <span class='ocrx_word' id='word_1_257' title='bbox 1520 1943 1615 2019; x_wconf 78' lang='grc' dir='ltr'>καὶ</span> <span class='ocrx_word' id='word_1_258' title='bbox 1652 1970 1733 2022; x_wconf 76' lang='grc' dir='ltr'>δτι</span> 
     </span>
    </p>
   </div>
   <div class='ocr_carea' id='block_1_37' title="bbox 157 2034 1730 2129">
    <p class='ocr_par' dir='ltr' id='par_1_37' title="bbox 157 2034 1730 2129">
     <span class='ocr_line' id='line_1_37' title="bbox 157 2034 1730 2129; baseline 0.017 -46"><span class='ocrx_word' id='word_1_259' title='bbox 157 2034 408 2129; x_wconf 75' lang='grc' dir='ltr'>τοιαύτας</span> <span class='ocrx_word' id='word_1_260' title='bbox 440 2043 673 2129; x_wconf 67' lang='grc' dir='ltr'>τροφὰς,</span> <span class='ocrx_word' id='word_1_261' title='bbox 710 2049 800 2099; x_wconf 74' lang='grc' dir='ltr'>καὶ</span> <span class='ocrx_word' id='word_1_262' title='bbox 843 2050 1118 2121; x_wconf 78' lang='grc' dir='ltr'>ἐνδύματα</span> <span class='ocrx_word' id='word_1_263' title='bbox 1160 2056 1266 2125; x_wconf 81' lang='grc' dir='ltr'>χρὴ</span> <span class='ocrx_word' id='word_1_264' title='bbox 1299 2034 1452 2127; x_wconf 80' lang='grc' dir='ltr'>ἔχειν</span> <span class='ocrx_word' id='word_1_265' title='bbox 1480 2058 1569 2111; x_wconf 75' lang='grc' dir='ltr'>τὸν</span> <span class='ocrx_word' id='word_1_266' title='bbox 1592 2060 1730 2129; x_wconf 85' lang='grc' dir='ltr'>Χρι-</span> 
     </span>
    </p>
   </div>
   <div class='ocr_carea' id='block_1_38' title="bbox 161 2126 1734 2215">
    <p class='ocr_par' dir='ltr' id='par_1_38' title="bbox 161 2126 1734 2215">
     <span class='ocr_line' id='line_1_38' title="bbox 161 2126 1734 2215; baseline 0.018 -40"><span class='ocrx_word' id='word_1_267' title='bbox 161 2126 377 2180; x_wconf 86' lang='grc' dir='ltr'>στιανὸν</span> <span class='ocrx_word' id='word_1_268' title='bbox 408 2126 495 2183; x_wconf 77' lang='grc' dir='ltr'>οἷα</span> <span class='ocrx_word' id='word_1_269' title='bbox 524 2134 665 2188; x_wconf 82' lang='grc' dir='ltr'>κατὰ</span> <span class='ocrx_word' id='word_1_270' title='bbox 689 2137 780 2189; x_wconf 79' lang='grc' dir='ltr'>τὸν</span> <span class='ocrx_word' id='word_1_271' title='bbox 810 2140 996 2205; x_wconf 87' lang='grc' dir='ltr'>τόπον,</span> <span class='ocrx_word' id='word_1_272' title='bbox 1028 2143 1085 2194; x_wconf 86' lang='grc' dir='ltr'>ἐν</span> <span class='ocrx_word' id='word_1_273' title='bbox 1113 2137 1158 2211; x_wconf 84' lang='grc' dir='ltr'>ᾧ</span> <span class='ocrx_word' id='word_1_274' title='bbox 1187 2126 1440 2215; x_wconf 87' lang='grc' dir='ltr'>παροικεῖ</span> <span class='ocrx_word' id='word_1_275' title='bbox 1466 2148 1526 2200; x_wconf 77' lang='grc' dir='ltr'>τὸ</span> <span class='ocrx_word' id='word_1_276' title='bbox 1555 2126 1734 2202; x_wconf 74' lang='grc' dir='ltr'>κοινὸν</span> 
     </span>
    </p>
   </div>
   <div class='ocr_carea' id='block_1_39' title="bbox 165 2215 1729 2301">
    <p class='ocr_par' dir='ltr' id='par_1_39' title="bbox 165 2215 1729 2301">
     <span class='ocr_line' id='line_1_39' title="bbox 165 2215 1729 2301; baseline 0.019 -36"><span class='ocrx_word' id='word_1_277' title='bbox 165 2215 261 2267; x_wconf 83' lang='grc' dir='ltr'>τοῦ</span> <span class='ocrx_word' id='word_1_278' title='bbox 324 2219 477 2286; x_wconf 87' lang='grc' dir='ltr'>λαοῦ,</span> <span class='ocrx_word' id='word_1_279' title='bbox 542 2225 637 2278; x_wconf 77' lang='grc' dir='ltr'>καὶ</span> <span class='ocrx_word' id='word_1_280' title='bbox 689 2228 739 2281; x_wconf 86' lang='grc' dir='ltr'>οἱ</span> <span class='ocrx_word' id='word_1_281' title='bbox 794 2234 1002 2301; x_wconf 74' lang='grc' dir='ltr'>πτωχοὶ</span> <span class='ocrx_word' id='word_1_282' title='bbox 1046 2236 1247 2298; x_wconf 79' lang='grc' dir='ltr'>πάντες</span> <span class='ocrx_word' id='word_1_283' title='bbox 1290 2239 1430 2291; x_wconf 86' lang='grc' dir='ltr'>κατά</span> <span class='ocrx_word' id='word_1_284' title='bbox 1489 2241 1550 2291; x_wconf 80' lang='grc' dir='ltr'>τὸ</span> <span class='ocrx_word' id='word_1_285' title='bbox 1598 2241 1729 2294; x_wconf 83' lang='grc' dir='ltr'>ἐκά-</span> 
     </span>
    </p>
   </div>
   <div class='ocr_carea' id='block_1_40' title="bbox 160 2312 1731 2398">
    <p class='ocr_par' dir='ltr' id='par_1_40' title="bbox 160 2312 1731 2398">
     <span class='ocr_line' id='line_1_40' title="bbox 160 2312 1731 2398; baseline 0.022 -44"><span class='ocrx_word' id='word_1_286' title='bbox 160 2320 286 2357; x_wconf 90' lang='grc' dir='ltr'>στου</span> <span class='ocrx_word' id='word_1_287' title='bbox 335 2312 676 2385; x_wconf 79' lang='grc' dir='ltr'>ἐπάγγελμα,</span> <span class='ocrx_word' id='word_1_288' title='bbox 721 2323 960 2376; x_wconf 85' lang='grc' dir='ltr'>ἐσθίουσί</span> <span class='ocrx_word' id='word_1_289' title='bbox 988 2342 1047 2377; x_wconf 83' lang='grc' dir='ltr'>τε</span> <span class='ocrx_word' id='word_1_290' title='bbox 1084 2328 1177 2380; x_wconf 72' lang='grc' dir='ltr'>καὶ</span> <span class='ocrx_word' id='word_1_291' title='bbox 1218 2330 1516 2391; x_wconf 80' lang='grc' dir='ltr'>ἐνδύονται,</span> <span class='ocrx_word' id='word_1_292' title='bbox 1549 2334 1731 2398; x_wconf 87' lang='grc' dir='ltr'>καθὼς</span> 
     </span>
    </p>
   </div>
   <div class='ocr_carea' id='block_1_41' title="bbox 160 2398 1587 2488">
    <p class='ocr_par' dir='ltr' id='par_1_41' title="bbox 160 2398 1587 2488">
     <span class='ocr_line' id='line_1_41' title="bbox 160 2398 1587 2488; baseline 0.02 -40"><span class='ocrx_word' id='word_1_293' title='bbox 160 2398 255 2450; x_wconf 76' lang='grc' dir='ltr'>καὶ</span> <span class='ocrx_word' id='word_1_294' title='bbox 282 2402 313 2468; x_wconf 80' lang='grc' dir='ltr'><strong>ἡ</strong></span> <span class='ocrx_word' id='word_1_295' title='bbox 338 2402 749 2476; x_wconf 79' lang='grc' dir='ltr'>ἐνανθρώπησις</span> <span class='ocrx_word' id='word_1_296' title='bbox 778 2413 871 2465; x_wconf 87' lang='grc' dir='ltr'>τοῦ</span> <span class='ocrx_word' id='word_1_297' title='bbox 909 2416 1113 2484; x_wconf 76' lang='grc' dir='ltr'>Κύριον</span> <span class='ocrx_word' id='word_1_298' title='bbox 1144 2420 1291 2488; x_wconf 72' lang='grc' dir='ltr'>ἡμᾶς</span> <span class='ocrx_word' id='word_1_299' title='bbox 1328 2422 1587 2486; x_wconf 78' lang='grc' dir='ltr'>ἐδίδαξεν.</span> 
     </span>
    </p>
   </div>
   <div class='ocr_carea' id='block_1_42' title="bbox 232 2487 1731 2584">
    <p class='ocr_par' dir='ltr' id='par_1_42' title="bbox 232 2487 1731 2584">
     <span class='ocr_line' id='line_1_42' title="bbox 232 2487 1731 2584; baseline 0.017 -42"><span class='ocrx_word' id='word_1_300' title='bbox 232 2487 334 2561; x_wconf 86' lang='grc' dir='ltr'>λη’.</span> <span class='ocrx_word' id='word_1_301' title='bbox 371 2494 507 2562; x_wconf 86' lang='grc' dir='ltr'>Περὶ</span> <span class='ocrx_word' id='word_1_302' title='bbox 545 2499 800 2567; x_wconf 87' lang='grc' dir='ltr'>πλούτου,</span> <span class='ocrx_word' id='word_1_303' title='bbox 832 2505 924 2556; x_wconf 75' lang='grc' dir='ltr'>καὶ</span> <span class='ocrx_word' id='word_1_304' title='bbox 952 2507 1162 2572; x_wconf 78' lang='grc' dir='ltr'>πενίας,</span> <span class='ocrx_word' id='word_1_305' title='bbox 1190 2510 1422 2574; x_wconf 74' lang='grc' dir='ltr'>καὶπῶς</span> <span class='ocrx_word' id='word_1_306' title='bbox 1444 2513 1506 2581; x_wconf 72' lang='grc' dir='ltr'>δὴ</span> <span class='ocrx_word' id='word_1_307' title='bbox 1527 2515 1731 2584; x_wconf 87' lang='grc' dir='ltr'>γνωρί-</span> 
     </span>
    </p>
   </div>
   <div class='ocr_carea' id='block_1_43' title="bbox 161 2585 1733 2674">
    <p class='ocr_par' dir='ltr' id='par_1_43' title="bbox 161 2585 1733 2674">
     <span class='ocr_line' id='line_1_43' title="bbox 161 2585 1733 2674; baseline 0.017 -43"><span class='ocrx_word' id='word_1_308' title='bbox 161 2596 331 2674; x_wconf 83' lang='grc' dir='ltr'>σομεν</span> <span class='ocrx_word' id='word_1_309' title='bbox 358 2585 425 2637; x_wconf 72' lang='grc' dir='ltr'>τά</span> <span class='ocrx_word' id='word_1_310' title='bbox 452 2587 695 2654; x_wconf 89' lang='grc' dir='ltr'>τοιαῦτα,</span> <span class='ocrx_word' id='word_1_311' title='bbox 736 2594 785 2645; x_wconf 89' lang='grc' dir='ltr'>εἱ</span> <span class='ocrx_word' id='word_1_312' title='bbox 818 2595 882 2647; x_wconf 84' lang='grc' dir='ltr'>ἐκ</span> <span class='ocrx_word' id='word_1_313' title='bbox 913 2596 1047 2649; x_wconf 81' lang='grc' dir='ltr'>Θεοῦ</span> <span class='ocrx_word' id='word_1_314' title='bbox 1094 2599 1251 2661; x_wconf 86' lang='grc' dir='ltr'>είσιν,</span> <span class='ocrx_word' id='word_1_315' title='bbox 1297 2600 1329 2669; x_wconf 74' lang='grc' dir='ltr'><strong>ἢ</strong></span> <span class='ocrx_word' id='word_1_316' title='bbox 1362 2601 1421 2664; x_wconf 81' lang='grc' dir='ltr'>ἐξ</span> <span class='ocrx_word' id='word_1_317' title='bbox 1454 2602 1733 2674; x_wconf 73' lang='grc' dir='ltr'>ἐνεργείας</span> 
     </span>
    </p>
   </div>
   <div class='ocr_carea' id='block_1_44' title="bbox 156 2672 1732 2759">
    <p class='ocr_par' dir='ltr' id='par_1_44' title="bbox 156 2672 1732 2759">
     <span class='ocr_line' id='line_1_44' title="bbox 156 2672 1732 2759; baseline 0.017 -35"><span class='ocrx_word' id='word_1_318' title='bbox 156 2672 253 2726; x_wconf 86' lang='grc' dir='ltr'>τοῦ</span> <span class='ocrx_word' id='word_1_319' title='bbox 281 2678 656 2748; x_wconf 85' lang='grc' dir='ltr'>ἀντικειμένου</span> <span class='ocrx_word' id='word_1_320' title='bbox 676 2698 693 2715; x_wconf 77' lang='grc' dir='ltr'><strong>ο</strong></span> <span class='ocrx_word' id='word_1_321' title='bbox 721 2686 815 2739; x_wconf 72' lang='grc' dir='ltr'>καὶ</span> <span class='ocrx_word' id='word_1_322' title='bbox 847 2688 929 2740; x_wconf 81' lang='grc' dir='ltr'>ὅτι</span> <span class='ocrx_word' id='word_1_323' title='bbox 954 2691 982 2742; x_wconf 81' lang='grc' dir='ltr'>ὁ</span> <span class='ocrx_word' id='word_1_324' title='bbox 1018 2690 1075 2756; x_wconf 81' lang='grc' dir='ltr'>ἐξ</span> <span class='ocrx_word' id='word_1_325' title='bbox 1109 2692 1323 2755; x_wconf 75' lang='grc' dir='ltr'>ἀδικίας</span> <span class='ocrx_word' id='word_1_326' title='bbox 1362 2672 1590 2759; x_wconf 84' lang='grc' dir='ltr'>πλοῦτος</span> <span class='ocrx_word' id='word_1_327' title='bbox 1631 2698 1732 2751; x_wconf 85' lang='grc' dir='ltr'>οὐκ</span> 
     </span>
    </p>
   </div>
   <div class='ocr_carea' id='block_1_45' title="bbox 158 2766 1732 2859">
    <p class='ocr_par' dir='ltr' id='par_1_45' title="bbox 158 2766 1732 2859">
     <span class='ocr_line' id='line_1_45' title="bbox 158 2766 1732 2859; baseline 0.016 -41"><span class='ocrx_word' id='word_1_328' title='bbox 158 2766 306 2820; x_wconf 78' lang='grc' dir='ltr'>ἐστιν</span> <span class='ocrx_word' id='word_1_329' title='bbox 336 2770 400 2824; x_wconf 75' lang='grc' dir='ltr'>ἐκ</span> <span class='ocrx_word' id='word_1_330' title='bbox 429 2772 525 2825; x_wconf 88' lang='grc' dir='ltr'>τοῦ</span> <span class='ocrx_word' id='word_1_331' title='bbox 554 2774 711 2840; x_wconf 83' lang='grc' dir='ltr'>Θεοῦ,</span> <span class='ocrx_word' id='word_1_332' title='bbox 746 2778 841 2831; x_wconf 77' lang='grc' dir='ltr'>καὶ</span> <span class='ocrx_word' id='word_1_333' title='bbox 868 2780 1043 2834; x_wconf 83' lang='grc' dir='ltr'>ταῦτα</span> <span class='ocrx_word' id='word_1_334' title='bbox 1085 2783 1186 2852; x_wconf 76' lang='grc' dir='ltr'>μὲν</span> <span class='ocrx_word' id='word_1_335' title='bbox 1214 2788 1324 2850; x_wconf 86' lang='grc' dir='ltr'>τοῖς</span> <span class='ocrx_word' id='word_1_336' title='bbox 1356 2788 1499 2839; x_wconf 85' lang='grc' dir='ltr'>κατά</span> <span class='ocrx_word' id='word_1_337' title='bbox 1528 2789 1732 2859; x_wconf 87' lang='grc' dir='ltr'>κόσμον</span> 
     </span>
    </p>
   </div>
   <div class='ocr_carea' id='block_1_46' title="bbox 156 2865 1730 2950">
    <p class='ocr_par' dir='ltr' id='par_1_46' title="bbox 156 2865 1730 2950">
     <span class='ocr_line' id='line_1_46' title="bbox 156 2865 1730 2950; baseline 0.013 -35"><span class='ocrx_word' id='word_1_338' title='bbox 156 2865 517 2935; x_wconf 79' lang='grc' dir='ltr'>γνωρίζονται</span> <span class='ocrx_word' id='word_1_339' title='bbox 542 2884 555 2898; x_wconf 90' lang='grc'><strong>·</strong></span> <span class='ocrx_word' id='word_1_340' title='bbox 592 2868 705 2933; x_wconf 76' lang='grc' dir='ltr'>τοῖς</span> <span class='ocrx_word' id='word_1_341' title='bbox 740 2870 799 2923; x_wconf 73' lang='grc' dir='ltr'>δὲ</span> <span class='ocrx_word' id='word_1_342' title='bbox 840 2873 931 2926; x_wconf 81' lang='grc' dir='ltr'>τὸν</span> <span class='ocrx_word' id='word_1_343' title='bbox 971 2877 1261 2945; x_wconf 81' lang='grc' dir='ltr'>μοναχικὸν</span> <span class='ocrx_word' id='word_1_344' title='bbox 1303 2878 1417 2947; x_wconf 85' lang='grc' dir='ltr'>βίον</span> <span class='ocrx_word' id='word_1_345' title='bbox 1454 2881 1730 2950; x_wconf 83' lang='grc' dir='ltr'>μετιοῦσιν</span> 
     </span>
    </p>
   </div>
   <div class='ocr_carea' id='block_1_47' title="bbox 156 2953 1729 3045">
    <p class='ocr_par' dir='ltr' id='par_1_47' title="bbox 156 2953 1729 3045">
     <span class='ocr_line' id='line_1_47' title="bbox 156 2953 1729 3045; baseline 0.014 -40"><span class='ocrx_word' id='word_1_346' title='bbox 156 2953 502 3025; x_wconf 83' lang='grc' dir='ltr'>ἀνάρμοστόν</span> <span class='ocrx_word' id='word_1_347' title='bbox 528 2962 677 3015; x_wconf 90' lang='grc' dir='ltr'>ἐστιν</span> <span class='ocrx_word' id='word_1_348' title='bbox 710 2964 775 3017; x_wconf 90' lang='grc' dir='ltr'>ἐκ</span> <span class='ocrx_word' id='word_1_349' title='bbox 802 2964 1006 3019; x_wconf 86' lang='grc' dir='ltr'>τούτων</span> <span class='ocrx_word' id='word_1_350' title='bbox 1036 2967 1412 3039; x_wconf 84' lang='grc' dir='ltr'>διακρίνεσθαι</span> <span class='ocrx_word' id='word_1_351' title='bbox 1436 2988 1452 3004; x_wconf 78' lang='grc' dir='ltr'><strong><em>ο</em></strong></span> <span class='ocrx_word' id='word_1_352' title='bbox 1481 2972 1590 3026; x_wconf 89' lang='grc' dir='ltr'>τῶν</span> <span class='ocrx_word' id='word_1_353' title='bbox 1618 2973 1729 3045; x_wconf 86' lang='grc' dir='ltr'>γὰρ</span> 
     </span>
    </p>
   </div>
   <div class='ocr_carea' id='block_1_48' title="bbox 1838 1874 3411 1948">
    <p class='ocr_par' dir='ltr' id='par_1_48' title="bbox 1838 1874 3411 1948">
     <span class='ocr_line' id='line_1_48' title="bbox 1838 1874 3411 1948; baseline 0.003 -22"><span class='ocrx_word' id='word_1_354' title='bbox 1838 1874 2101 1942; x_wconf 89' lang='lat' dir='ltr'><strong>pretiosa,</strong></span> <span class='ocrx_word' id='word_1_355' title='bbox 2130 1886 2351 1945; x_wconf 74' lang='lat' dir='ltr'><strong>excepta</strong></span> <span class='ocrx_word' id='word_1_356' title='bbox 2380 1880 2734 1944; x_wconf 88' lang='lat' dir='ltr'><strong>sacerdotali;</strong></span> <span class='ocrx_word' id='word_1_357' title='bbox 2762 1890 2815 1934; x_wconf 86' lang='lat' dir='ltr'>et</span> <span class='ocrx_word' id='word_1_358' title='bbox 2840 1880 2985 1948; x_wconf 87' lang='lat' dir='ltr'><strong>quod</strong></span> <span class='ocrx_word' id='word_1_359' title='bbox 3027 1880 3187 1933; x_wconf 84' lang='lat' dir='ltr'><strong>talem</strong></span> <span class='ocrx_word' id='word_1_360' title='bbox 3210 1879 3411 1933; x_wconf 90' lang='lat' dir='ltr'><strong>victum</strong></span> 
     </span>
    </p>
   </div>
   <div class='ocr_carea' id='block_1_49' title="bbox 1835 1968 3413 2041">
    <p class='ocr_par' dir='ltr' id='par_1_49' title="bbox 1835 1968 3413 2041">
     <span class='ocr_line' id='line_1_49' title="bbox 1835 1968 3413 2041; baseline 0.003 -23"><span class='ocrx_word' id='word_1_361' title='bbox 1835 1975 1884 2019; x_wconf 92' lang='lat' dir='ltr'>et</span> <span class='ocrx_word' id='word_1_362' title='bbox 1930 1977 2131 2021; x_wconf 84' lang='lat' dir='ltr'><strong>vestem</strong></span> <span class='ocrx_word' id='word_1_363' title='bbox 2196 1968 2396 2023; x_wconf 84' lang='lat' dir='ltr'><strong>habere</strong></span> <span class='ocrx_word' id='word_1_364' title='bbox 2427 1971 2587 2025; x_wconf 84' lang='lat' dir='ltr'><strong>debet</strong></span> <span class='ocrx_word' id='word_1_365' title='bbox 2647 1971 3042 2035; x_wconf 85' lang='lat' dir='ltr'><strong>Christianum,</strong></span> <span class='ocrx_word' id='word_1_366' title='bbox 3094 1972 3306 2041; x_wconf 86' lang='lat' dir='ltr'><strong>qualem</strong></span> <span class='ocrx_word' id='word_1_367' title='bbox 3358 1972 3413 2024; x_wconf 89' lang='lat' dir='ltr'><strong>in</strong></span> 
     </span>
    </p>
   </div>
   <div class='ocr_carea' id='block_1_50' title="bbox 1835 2058 3415 2133">
    <p class='ocr_par' dir='ltr' id='par_1_50' title="bbox 1835 2058 3415 2133">
     <span class='ocr_line' id='line_1_50' title="bbox 1835 2058 3415 2133; baseline 0.004 -23"><span class='ocrx_word' id='word_1_368' title='bbox 1835 2058 1958 2110; x_wconf 86' lang='lat' dir='ltr'><strong>loco</strong></span> <span class='ocrx_word' id='word_1_369' title='bbox 1992 2060 2081 2113; x_wconf 87' lang='lat' dir='ltr'>ubi</span> <span class='ocrx_word' id='word_1_370' title='bbox 2137 2060 2319 2127; x_wconf 76' lang='lat' dir='ltr'><strong>degit,</strong></span> <span class='ocrx_word' id='word_1_371' title='bbox 2352 2076 2645 2117; x_wconf 89' lang='lat' dir='ltr'><strong>commune</strong></span> <span class='ocrx_word' id='word_1_372' title='bbox 2692 2064 2892 2133; x_wconf 87' lang='lat' dir='ltr'><strong>plebis;</strong></span> <span class='ocrx_word' id='word_1_373' title='bbox 2932 2073 2985 2118; x_wconf 91' lang='lat' dir='ltr'>et</span> <span class='ocrx_word' id='word_1_374' title='bbox 3023 2064 3178 2133; x_wconf 80' lang='lat' dir='ltr'><strong>egeni</strong></span> <span class='ocrx_word' id='word_1_375' title='bbox 3223 2077 3415 2116; x_wconf 89' lang='lat' dir='ltr'><strong>omnes</strong></span> 
     </span>
    </p>
   </div>
   <div class='ocr_carea' id='block_1_51' title="bbox 1833 2152 3413 2222">
    <p class='ocr_par' dir='ltr' id='par_1_51' title="bbox 1833 2152 3413 2222">
     <span class='ocr_line' id='line_1_51' title="bbox 1833 2152 3413 2222; baseline 0.002 -19"><span class='ocrx_word' id='word_1_376' title='bbox 1833 2152 2137 2204; x_wconf 88' lang='lat' dir='ltr'><strong>secundum</strong></span> <span class='ocrx_word' id='word_1_377' title='bbox 2190 2153 2457 2222; x_wconf 86' lang='lat' dir='ltr'><strong>cujusque</strong></span> <span class='ocrx_word' id='word_1_378' title='bbox 2528 2156 2943 2222; x_wconf 82' lang='lat' dir='ltr'><strong>promissionem</strong></span> <span class='ocrx_word' id='word_1_379' title='bbox 2997 2156 3167 2210; x_wconf 90' lang='lat' dir='ltr'><strong>edunt</strong></span> <span class='ocrx_word' id='word_1_380' title='bbox 3211 2165 3265 2209; x_wconf 89' lang='lat' dir='ltr'>ct</span> <span class='ocrx_word' id='word_1_381' title='bbox 3318 2169 3413 2207; x_wconf 84' lang='lat' dir='ltr'><strong>ve-</strong></span> 
     </span>
    </p>
   </div>
   <div class='ocr_carea' id='block_1_52' title="bbox 1833 2242 3237 2307">
    <p class='ocr_par' dir='ltr' id='par_1_52' title="bbox 1833 2242 3237 2307">
     <span class='ocr_line' id='line_1_52' title="bbox 1833 2242 3237 2307; baseline 0.005 -12"><span class='ocrx_word' id='word_1_382' title='bbox 1833 2242 2096 2307; x_wconf 83' lang='lat' dir='ltr'><strong>Stiuntnr,</strong></span> <span class='ocrx_word' id='word_1_383' title='bbox 2119 2242 2262 2298; x_wconf 89' lang='lat' dir='ltr'><strong>sicut</strong></span> <span class='ocrx_word' id='word_1_384' title='bbox 2288 2244 2598 2299; x_wconf 89' lang='lat' dir='ltr'><strong>incarnatio</strong></span> <span class='ocrx_word' id='word_1_385' title='bbox 2631 2245 2842 2301; x_wconf 85' lang='lat' dir='ltr'><strong>Domini</strong></span> <span class='ocrx_word' id='word_1_386' title='bbox 2875 2262 2973 2302; x_wconf 87' lang='lat' dir='ltr'><strong>nos</strong></span> <span class='ocrx_word' id='word_1_387' title='bbox 2999 2247 3237 2302; x_wconf 86' lang='lat' dir='ltr'><strong>edocuit.</strong></span> 
     </span>
    </p>
   </div>
   <div class='ocr_carea' id='block_1_53' title="bbox 1902 2517 3411 2591">
    <p class='ocr_par' dir='ltr' id='par_1_53' title="bbox 1902 2517 3411 2591">
     <span class='ocr_line' id='line_1_53' title="bbox 1902 2517 3411 2591; baseline 0.004 -19"><span class='ocrx_word' id='word_1_388' title='bbox 1902 2517 1993 2573; x_wconf 81' lang='lat'>58.</span> <span class='ocrx_word' id='word_1_389' title='bbox 2034 2518 2108 2572; x_wconf 88' lang='lat' dir='ltr'><strong>De</strong></span> <span class='ocrx_word' id='word_1_390' title='bbox 2137 2518 2377 2584; x_wconf 89' lang='lat' dir='ltr'><strong>divitiis,</strong></span> <span class='ocrx_word' id='word_1_391' title='bbox 2412 2529 2465 2575; x_wconf 90' lang='lat' dir='ltr'>et</span> <span class='ocrx_word' id='word_1_392' title='bbox 2499 2529 2853 2591; x_wconf 69' lang='lat' dir='ltr'><strong>paupertate,</strong></span> <span class='ocrx_word' id='word_1_393' title='bbox 2902 2530 2957 2577; x_wconf 88' lang='lat' dir='ltr'>et</span> <span class='ocrx_word' id='word_1_394' title='bbox 2993 2524 3265 2591; x_wconf 75' lang='lat' dir='ltr'><strong>quomodo</strong></span> <span class='ocrx_word' id='word_1_395' title='bbox 3318 2539 3411 2578; x_wconf 84' lang='lat' dir='ltr'>eo-</span> 
     </span>
    </p>
   </div>
   <div class='ocr_carea' id='block_1_54' title="bbox 1832 2612 3412 2682">
    <p class='ocr_par' dir='ltr' id='par_1_54' title="bbox 1832 2612 3412 2682">
     <span class='ocr_line' id='line_1_54' title="bbox 1832 2612 3412 2682; baseline 0.004 -20"><span class='ocrx_word' id='word_1_396' title='bbox 1832 2626 2160 2679; x_wconf 76' lang='lat' dir='ltr'><strong>gnosccmus</strong></span> <span class='ocrx_word' id='word_1_397' title='bbox 2201 2612 2304 2667; x_wconf 91' lang='lat' dir='ltr'><strong>ista</strong></span> <span class='ocrx_word' id='word_1_398' title='bbox 2352 2628 2418 2667; x_wconf 87' lang='lat' dir='ltr'>an</span> <span class='ocrx_word' id='word_1_399' title='bbox 2465 2628 2532 2668; x_wconf 79' lang='lat' dir='ltr'><strong>ex</strong></span> <span class='ocrx_word' id='word_1_400' title='bbox 2568 2613 2680 2669; x_wconf 85' lang='lat' dir='ltr'><strong>Deo</strong></span> <span class='ocrx_word' id='word_1_401' title='bbox 2714 2614 2844 2680; x_wconf 89' lang='lat' dir='ltr'><strong>sint,</strong></span> <span class='ocrx_word' id='word_1_402' title='bbox 2880 2615 2961 2670; x_wconf 88' lang='lat' dir='ltr'>vel</span> <span class='ocrx_word' id='word_1_403' title='bbox 2992 2631 3057 2668; x_wconf 82' lang='lat' dir='ltr'><strong>ex</strong></span> <span class='ocrx_word' id='word_1_404' title='bbox 3095 2618 3412 2682; x_wconf 75' lang='lat' dir='ltr'><strong>operatione</strong></span> 
     </span>
    </p>
   </div>
   <div class='ocr_carea' id='block_1_55' title="bbox 1832 2704 3408 2777">
    <p class='ocr_par' dir='ltr' id='par_1_55' title="bbox 1832 2704 3408 2777">
     <span class='ocr_line' id='line_1_55' title="bbox 1832 2704 3408 2777; baseline 0.001 -20"><span class='ocrx_word' id='word_1_405' title='bbox 1832 2704 2127 2759; x_wconf 85' lang='lat' dir='ltr'><strong>adversarii</strong></span> <span class='ocrx_word' id='word_1_406' title='bbox 2160 2721 2175 2759; x_wconf 92' lang='lat'><strong>:</strong></span> <span class='ocrx_word' id='word_1_407' title='bbox 2205 2705 2423 2775; x_wconf 87' lang='lat' dir='ltr'><strong>etquod</strong></span> <span class='ocrx_word' id='word_1_408' title='bbox 2444 2706 2647 2762; x_wconf 75' lang='lat' dir='ltr'><strong>divitiae</strong></span> <span class='ocrx_word' id='word_1_409' title='bbox 2678 2723 2800 2777; x_wconf 63' lang='lat' dir='ltr'><strong>quze</strong></span> <span class='ocrx_word' id='word_1_410' title='bbox 2831 2722 2899 2762; x_wconf 74' lang='lat' dir='ltr'><strong>ex</strong></span> <span class='ocrx_word' id='word_1_411' title='bbox 2938 2708 3207 2776; x_wconf 82' lang='lat' dir='ltr'><strong>injustitia</strong></span> <span class='ocrx_word' id='word_1_412' title='bbox 3228 2715 3352 2761; x_wconf 89' lang='lat' dir='ltr'><strong>sunt</strong></span> <span class='ocrx_word' id='word_1_413' title='bbox 3377 2720 3408 2758; x_wconf 90' lang='lat' dir='ltr'>a</span> 
     </span>
    </p>
   </div>
   <div class='ocr_carea' id='block_1_56' title="bbox 1836 2796 3404 2870">
    <p class='ocr_par' dir='ltr' id='par_1_56' title="bbox 1836 2796 3404 2870">
     <span class='ocr_line' id='line_1_56' title="bbox 1836 2796 3404 2870; baseline 0.002 -22"><span class='ocrx_word' id='word_1_414' title='bbox 1836 2796 1945 2851; x_wconf 82' lang='lat' dir='ltr'><strong>Deo</strong></span> <span class='ocrx_word' id='word_1_415' title='bbox 1970 2812 2075 2850; x_wconf 89' lang='lat' dir='ltr'>non</span> <span class='ocrx_word' id='word_1_416' title='bbox 2098 2808 2246 2864; x_wconf 89' lang='lat' dir='ltr'><strong>sunt,</strong></span> <span class='ocrx_word' id='word_1_417' title='bbox 2264 2808 2319 2853; x_wconf 88' lang='lat' dir='ltr'>et</span> <span class='ocrx_word' id='word_1_418' title='bbox 2342 2799 2457 2854; x_wconf 69' lang='lat' dir='ltr'><strong>haec</strong></span> <span class='ocrx_word' id='word_1_419' title='bbox 2479 2800 2700 2870; x_wconf 86' lang='lat' dir='ltr'><strong>quidem</strong></span> <span class='ocrx_word' id='word_1_420' title='bbox 2724 2800 3081 2855; x_wconf 75' lang='lat' dir='ltr'><strong>stecularibus</strong></span> <span class='ocrx_word' id='word_1_421' title='bbox 3106 2811 3230 2854; x_wconf 82' lang='lat' dir='ltr'><strong>nota</strong></span> <span class='ocrx_word' id='word_1_422' title='bbox 3250 2807 3404 2861; x_wconf 82' lang='lat' dir='ltr'><strong>sunt;</strong></span> 
     </span>
    </p>
   </div>
   <div class='ocr_carea' id='block_1_57' title="bbox 1833 2888 3408 2960">
    <p class='ocr_par' dir='ltr' id='par_1_57' title="bbox 1833 2888 3408 2960">
     <span class='ocr_line' id='line_1_57' title="bbox 1833 2888 3408 2960; baseline 0.002 -19"><span class='ocrx_word' id='word_1_423' title='bbox 1833 2888 1920 2941; x_wconf 79' lang='lat' dir='ltr'><strong>liis</strong></span> <span class='ocrx_word' id='word_1_424' title='bbox 1953 2897 2133 2943; x_wconf 87' lang='lat' dir='ltr'><strong>autem</strong></span> <span class='ocrx_word' id='word_1_425' title='bbox 2163 2893 2256 2960; x_wconf 89' lang='lat' dir='ltr'>qui</span> <span class='ocrx_word' id='word_1_426' title='bbox 2289 2894 2649 2947; x_wconf 86' lang='lat' dir='ltr'><strong>monasticam</strong></span> <span class='ocrx_word' id='word_1_427' title='bbox 2698 2892 2867 2946; x_wconf 83' lang='lat' dir='ltr'><strong>vitam</strong></span> <span class='ocrx_word' id='word_1_428' title='bbox 2908 2891 3229 2960; x_wconf 80' lang='lat' dir='ltr'><strong>proﬁtentur</strong></span> <span class='ocrx_word' id='word_1_429' title='bbox 3252 2890 3408 2944; x_wconf 78' lang='lat' dir='ltr'><strong>inde-</strong></span> 
     </span>
    </p>
   </div>
   <div class='ocr_carea' id='block_1_58' title="bbox 1833 2981 3406 3050">
    <p class='ocr_par' dir='ltr' id='par_1_58' title="bbox 1833 2981 3406 3050">
     <span class='ocr_line' id='line_1_58' title="bbox 1833 2981 3406 3050; baseline -0.001 -16"><span class='ocrx_word' id='word_1_430' title='bbox 1833 2994 1965 3034; x_wconf 87' lang='lat' dir='ltr'><strong>cens</strong></span> <span class='ocrx_word' id='word_1_431' title='bbox 1992 2989 2075 3034; x_wconf 90' lang='lat' dir='ltr'>est</span> <span class='ocrx_word' id='word_1_432' title='bbox 2110 2996 2208 3050; x_wconf 90' lang='lat' dir='ltr'>per</span> <span class='ocrx_word' id='word_1_433' title='bbox 2257 2982 2374 3036; x_wconf 69' lang='lat' dir='ltr'><strong>haec</strong></span> <span class='ocrx_word' id='word_1_434' title='bbox 2402 2983 2671 3044; x_wconf 85' lang='lat' dir='ltr'><strong>discerni;</strong></span> <span class='ocrx_word' id='word_1_435' title='bbox 2706 2997 2832 3035; x_wconf 84' lang='lat' dir='ltr'>nam</span> <span class='ocrx_word' id='word_1_436' title='bbox 2885 2981 3074 3035; x_wconf 90' lang='lat' dir='ltr'><strong>talium</strong></span> <span class='ocrx_word' id='word_1_437' title='bbox 3113 2981 3406 3050; x_wconf 85' lang='lat' dir='ltr'><strong>promissio</strong></span> 
     </span>
    </p>
   </div>
   <div class='ocr_carea' id='block_1_59' title="bbox 155 3048 1727 3161">
    <p class='ocr_par' dir='ltr' id='par_1_59' title="bbox 155 3048 1727 3134">
     <span class='ocr_line' id='line_1_59' title="bbox 155 3048 1727 3134; baseline 0.015 -37"><span class='ocrx_word' id='word_1_438' title='bbox 155 3048 411 3103; x_wconf 76' lang='grc' dir='ltr'>τοιούτων</span> <span class='ocrx_word' id='word_1_439' title='bbox 455 3053 488 3122; x_wconf 80' lang='grc' dir='ltr'>ἠ</span> <span class='ocrx_word' id='word_1_440' title='bbox 541 3054 847 3123; x_wconf 78' lang='grc' dir='ltr'>ἐπαγγελία</span> <span class='ocrx_word' id='word_1_441' title='bbox 892 3059 991 3130; x_wconf 80' lang='grc' dir='ltr'>τὴν</span> <span class='ocrx_word' id='word_1_442' title='bbox 1036 3060 1248 3115; x_wconf 84' lang='grc' dir='ltr'>τελείαν</span> <span class='ocrx_word' id='word_1_443' title='bbox 1308 3066 1582 3134; x_wconf 84' lang='grc' dir='ltr'>πτωχείαν</span> <span class='ocrx_word' id='word_1_444' title='bbox 1634 3067 1727 3120; x_wconf 79' lang='grc' dir='ltr'>καὶ</span> 
     </span>
    </p>
   </div>
   <div class='ocr_carea' id='block_1_60' title="bbox 1836 3048 3407 3161">
    <p class='ocr_par' dir='ltr' id='par_1_60' title="bbox 1836 3048 3407 3143">
     <span class='ocr_line' id='line_1_60' title="bbox 1836 3048 3407 3143; baseline 0.003 -18"><span class='ocrx_word' id='word_1_445' title='bbox 1836 3048 2129 3140; x_wconf 76' lang='lat' dir='ltr'><strong>perfectam</strong></span> <span class='ocrx_word' id='word_1_446' title='bbox 2170 3082 2542 3143; x_wconf 84' lang='lat' dir='ltr'><strong>paupertatem</strong></span> <span class='ocrx_word' id='word_1_447' title='bbox 2581 3084 2636 3131; x_wconf 89' lang='lat' dir='ltr'>et</span> <span class='ocrx_word' id='word_1_448' title='bbox 2672 3075 3076 3130; x_wconf 79' lang='lat' dir='ltr'><strong>mendicitatem</strong></span> <span class='ocrx_word' id='word_1_449' title='bbox 3115 3048 3407 3143; x_wconf 80' lang='lat' dir='ltr'><strong>pollicetur</strong></span> 
     </span>
    </p>
   </div>
   <div class='ocr_carea' id='block_1_61' title="bbox 153 3141 1723 3228">
    <p class='ocr_par' dir='ltr' id='par_1_61' title="bbox 153 3141 1723 3228">
     <span class='ocr_line' id='line_1_61' title="bbox 153 3141 1723 3228; baseline 0.013 -36"><span class='ocrx_word' id='word_1_450' title='bbox 153 3141 541 3215; x_wconf 85' lang='grc' dir='ltr'>ἀκτημοσύνην</span> <span class='ocrx_word' id='word_1_451' title='bbox 569 3149 969 3217; x_wconf 78' lang='grc' dir='ltr'>ἐπαγγέλλεται</span> <span class='ocrx_word' id='word_1_452' title='bbox 996 3154 1057 3205; x_wconf 82' lang='grc' dir='ltr'>ἐν</span> <span class='ocrx_word' id='word_1_453' title='bbox 1083 3154 1286 3218; x_wconf 80' lang='grc' dir='ltr'>πάσαις</span> <span class='ocrx_word' id='word_1_454' title='bbox 1305 3160 1428 3220; x_wconf 87' lang='grc' dir='ltr'>ταῖς</span> <span class='ocrx_word' id='word_1_455' title='bbox 1462 3159 1723 3228; x_wconf 81' lang='grc' dir='ltr'>Γραφαῖς.</span> 
     </span>
    </p>
   </div>
   <div class='ocr_carea' id='block_1_62' title="bbox 224 3231 1728 3319">
    <p class='ocr_par' dir='ltr' id='par_1_62' title="bbox 224 3231 1728 3319">
     <span class='ocr_line' id='line_1_62' title="bbox 224 3231 1728 3319; baseline 0.013 -35"><span class='ocrx_word' id='word_1_456' title='bbox 224 3231 320 3289; x_wconf 85' lang='grc' dir='ltr'>λθ’.</span> <span class='ocrx_word' id='word_1_457' title='bbox 348 3237 481 3307; x_wconf 83' lang='grc' dir='ltr'>Περὶ</span> <span class='ocrx_word' id='word_1_458' title='bbox 496 3238 591 3291; x_wconf 85' lang='grc' dir='ltr'>τοῦ</span> <span class='ocrx_word' id='word_1_459' title='bbox 619 3241 693 3311; x_wconf 75' lang='grc' dir='ltr'>μὴ</span> <span class='ocrx_word' id='word_1_460' title='bbox 710 3244 950 3312; x_wconf 79' lang='grc' dir='ltr'>ἀκρίτως</span> <span class='ocrx_word' id='word_1_461' title='bbox 976 3245 1184 3315; x_wconf 82' lang='grc' dir='ltr'>κρίνειν</span> <span class='ocrx_word' id='word_1_462' title='bbox 1208 3247 1300 3300; x_wconf 77' lang='grc' dir='ltr'>τὸν</span> <span class='ocrx_word' id='word_1_463' title='bbox 1322 3250 1567 3319; x_wconf 81' lang='grc' dir='ltr'>πλησίον,</span> <span class='ocrx_word' id='word_1_464' title='bbox 1594 3251 1728 3303; x_wconf 87' lang='grc' dir='ltr'>καθ-</span> 
     </span>
    </p>
   </div>
   <div class='ocr_carea' id='block_1_63' title="bbox 154 3324 1728 3411">
    <p class='ocr_par' dir='ltr' id='par_1_63' title="bbox 154 3324 1728 3411">
     <span class='ocr_line' id='line_1_63' title="bbox 154 3324 1728 3411; baseline 0.013 -34"><span class='ocrx_word' id='word_1_465' title='bbox 154 3324 297 3396; x_wconf 86' lang='grc' dir='ltr'>άπερ</span> <span class='ocrx_word' id='word_1_466' title='bbox 355 3329 405 3380; x_wconf 89' lang='grc' dir='ltr'>οί</span> <span class='ocrx_word' id='word_1_467' title='bbox 432 3329 741 3402; x_wconf 79' lang='grc' dir='ltr'>ὑποκριταὶ,</span> <span class='ocrx_word' id='word_1_468' title='bbox 780 3342 1080 3405; x_wconf 81' lang='grc' dir='ltr'>φαρισαῖοι,</span> <span class='ocrx_word' id='word_1_469' title='bbox 1107 3338 1580 3411; x_wconf 87' lang='grc' dir='ltr'>καὶγραμματεῖς.</span> <span class='ocrx_word' id='word_1_470' title='bbox 1616 3343 1728 3396; x_wconf 76' lang='grc' dir='ltr'>Καὶ</span> 
     </span>
    </p>
   </div>
   <div class='ocr_carea' id='block_1_64' title="bbox 153 3417 1728 3502">
    <p class='ocr_par' dir='ltr' id='par_1_64' title="bbox 153 3417 1728 3502">
     <span class='ocr_line' id='line_1_64' title="bbox 153 3417 1728 3502; baseline 0.013 -36"><span class='ocrx_word' id='word_1_471' title='bbox 153 3417 262 3485; x_wconf 71' lang='grc' dir='ltr'>γάρ</span> <span class='ocrx_word' id='word_1_472' title='bbox 291 3422 479 3485; x_wconf 75' lang='grc' dir='ltr'>μεστοὶ</span> <span class='ocrx_word' id='word_1_473' title='bbox 511 3422 619 3475; x_wconf 89' lang='grc' dir='ltr'>τῶν</span> <span class='ocrx_word' id='word_1_474' title='bbox 651 3425 834 3478; x_wconf 85' lang='grc' dir='ltr'>κακῶν</span> <span class='ocrx_word' id='word_1_475' title='bbox 865 3427 1017 3491; x_wconf 77' lang='grc' dir='ltr'>ὄντες</span> <span class='ocrx_word' id='word_1_476' title='bbox 1059 3432 1276 3493; x_wconf 86' lang='grc' dir='ltr'>ἐκεῖνοι,</span> <span class='ocrx_word' id='word_1_477' title='bbox 1310 3432 1397 3484; x_wconf 85' lang='grc' dir='ltr'>ἐπ’</span> <span class='ocrx_word' id='word_1_478' title='bbox 1423 3431 1728 3502; x_wconf 84' lang='grc' dir='ltr'>ἐλαχίστοις</span> 
     </span>
    </p>
   </div>
   <div class='ocr_carea' id='block_1_65' title="bbox 150 3503 1724 3594">
    <p class='ocr_par' dir='ltr' id='par_1_65' title="bbox 150 3503 1724 3594">
     <span class='ocr_line' id='line_1_65' title="bbox 150 3503 1724 3594; baseline 0.013 -36"><span class='ocrx_word' id='word_1_479' title='bbox 150 3503 291 3576; x_wconf 77' lang='grc' dir='ltr'>ἦσαν</span> <span class='ocrx_word' id='word_1_480' title='bbox 327 3513 545 3581; x_wconf 69' lang='grc' dir='ltr'>σφοδροὶ</span> <span class='ocrx_word' id='word_1_481' title='bbox 576 3514 863 3580; x_wconf 75' lang='grc' dir='ltr'>ἐξετασταὶ</span> <span class='ocrx_word' id='word_1_482' title='bbox 892 3523 1030 3574; x_wconf 87' lang='grc' dir='ltr'>κατὰ</span> <span class='ocrx_word' id='word_1_483' title='bbox 1070 3523 1178 3575; x_wconf 90' lang='grc' dir='ltr'>τῶν</span> <span class='ocrx_word' id='word_1_484' title='bbox 1213 3524 1438 3594; x_wconf 84' lang='grc' dir='ltr'>ἐτέρων,</span> <span class='ocrx_word' id='word_1_485' title='bbox 1482 3526 1598 3578; x_wconf 81' lang='grc' dir='ltr'>ἀλλ’</span> <span class='ocrx_word' id='word_1_486' title='bbox 1635 3527 1724 3579; x_wconf 83' lang='grc' dir='ltr'>ὅτε</span> 
     </span>
    </p>
   </div>
   <div class='ocr_carea' id='block_1_66' title="bbox 154 3602 1725 3685">
    <p class='ocr_par' dir='ltr' id='par_1_66' title="bbox 154 3602 1725 3685">
     <span class='ocr_line' id='line_1_66' title="bbox 154 3602 1725 3685; baseline 0.013 -35"><span class='ocrx_word' id='word_1_487' title='bbox 154 3615 238 3661; x_wconf 85' lang='grc' dir='ltr'>τις</span> <span class='ocrx_word' id='word_1_488' title='bbox 263 3602 562 3672; x_wconf 79' lang='grc' dir='ltr'>καθαρεύει</span> <span class='ocrx_word' id='word_1_489' title='bbox 593 3606 703 3660; x_wconf 87' lang='grc' dir='ltr'>τῶν</span> <span class='ocrx_word' id='word_1_490' title='bbox 734 3612 943 3673; x_wconf 83' lang='grc' dir='ltr'>κακῶν,</span> <span class='ocrx_word' id='word_1_491' title='bbox 979 3613 1103 3666; x_wconf 84' lang='grc' dir='ltr'>τότε</span> <span class='ocrx_word' id='word_1_492' title='bbox 1130 3614 1210 3667; x_wconf 85' lang='grc' dir='ltr'>δεῖ</span> <span class='ocrx_word' id='word_1_493' title='bbox 1238 3616 1444 3685; x_wconf 86' lang='grc' dir='ltr'>κρίνειν</span> <span class='ocrx_word' id='word_1_494' title='bbox 1471 3617 1597 3679; x_wconf 80' lang='grc' dir='ltr'>τοὺς</span> <span class='ocrx_word' id='word_1_495' title='bbox 1633 3617 1725 3669; x_wconf 79' lang='grc' dir='ltr'>ὑπ’</span> 
     </span>
    </p>
   </div>
   <div class='ocr_carea' id='block_1_67' title="bbox 151 3691 1726 3773">
    <p class='ocr_par' dir='ltr' id='par_1_67' title="bbox 151 3691 1726 3773">
     <span class='ocr_line' id='line_1_67' title="bbox 151 3691 1726 3773; baseline 0.013 -31"><span class='ocrx_word' id='word_1_496' title='bbox 151 3691 313 3744; x_wconf 74' lang='grc' dir='ltr'>αὐτὸν</span> <span class='ocrx_word' id='word_1_497' title='bbox 357 3696 558 3764; x_wconf 82' lang='grc' dir='ltr'>μέντοι,</span> <span class='ocrx_word' id='word_1_498' title='bbox 583 3701 643 3751; x_wconf 72' lang='grc' dir='ltr'>οὐ</span> <span class='ocrx_word' id='word_1_499' title='bbox 685 3702 791 3769; x_wconf 82' lang='grc' dir='ltr'>μὴν</span> <span class='ocrx_word' id='word_1_500' title='bbox 827 3704 953 3765; x_wconf 77' lang='grc' dir='ltr'>τοὺς</span> <span class='ocrx_word' id='word_1_501' title='bbox 996 3704 1233 3768; x_wconf 60' lang='grc' dir='ltr'>ἔξωθεν</span> <span class='ocrx_word' id='word_1_502' title='bbox 1268 3709 1362 3761; x_wconf 77' lang='grc' dir='ltr'>καὶ</span> <span class='ocrx_word' id='word_1_503' title='bbox 1413 3710 1494 3762; x_wconf 85' lang='grc' dir='ltr'>ὅτι</span> <span class='ocrx_word' id='word_1_504' title='bbox 1538 3709 1726 3773; x_wconf 69' lang='grc' dir='ltr'>κακῶς</span> 
     </span>
    </p>
   </div>
   <div class='ocr_carea' id='block_1_68' title="bbox 148 3787 1719 3870">
    <p class='ocr_par' dir='ltr' id='par_1_68' title="bbox 148 3787 1719 3870">
     <span class='ocr_line' id='line_1_68' title="bbox 148 3787 1719 3870; baseline 0.012 -35"><span class='ocrx_word' id='word_1_505' title='bbox 148 3787 437 3852; x_wconf 72' lang='grc' dir='ltr'>νενοήκασί</span> <span class='ocrx_word' id='word_1_506' title='bbox 461 3805 606 3854; x_wconf 87' lang='grc' dir='ltr'>τινες</span> <span class='ocrx_word' id='word_1_507' title='bbox 636 3792 694 3846; x_wconf 75' lang='grc' dir='ltr'>τὸ</span> <span class='ocrx_word' id='word_1_508' title='bbox 729 3795 890 3863; x_wconf 71' lang='grc' dir='ltr'>ῥητὸν</span> <span class='ocrx_word' id='word_1_509' title='bbox 919 3796 1013 3848; x_wconf 88' lang='grc' dir='ltr'>τοῦ</span> <span class='ocrx_word' id='word_1_510' title='bbox 1034 3798 1263 3867; x_wconf 84' lang='grc' dir='ltr'>Κυρίου,</span> <span class='ocrx_word' id='word_1_511' title='bbox 1288 3801 1719 3870; x_wconf 83' lang='grc' dir='ltr'>ἐμπορευόμενοι</span> 
     </span>
    </p>
   </div>
   <div class='ocr_carea' id='block_1_69' title="bbox 145 3873 1718 3961">
    <p class='ocr_par' dir='ltr' id='par_1_69' title="bbox 145 3873 1718 3961">
     <span class='ocr_line' id='line_1_69' title="bbox 145 3873 1718 3961; baseline 0.012 -35"><span class='ocrx_word' id='word_1_512' title='bbox 145 3873 203 3926; x_wconf 84' lang='grc' dir='ltr'>δὲ</span> <span class='ocrx_word' id='word_1_513' title='bbox 260 3878 326 3929; x_wconf 66' lang='grc' dir='ltr'>τὶ</span> <span class='ocrx_word' id='word_1_514' title='bbox 374 3881 634 3948; x_wconf 81' lang='grc' dir='ltr'>χρήματα</span> <span class='ocrx_word' id='word_1_515' title='bbox 687 3883 772 3936; x_wconf 81' lang='grc' dir='ltr'>διὰ</span> <span class='ocrx_word' id='word_1_516' title='bbox 814 3886 922 3939; x_wconf 88' lang='grc' dir='ltr'>τῶν</span> <span class='ocrx_word' id='word_1_517' title='bbox 968 3887 1229 3957; x_wconf 81' lang='grc' dir='ltr'>ἀνοήτων,</span> <span class='ocrx_word' id='word_1_518' title='bbox 1275 3892 1371 3941; x_wconf 83' lang='grc' dir='ltr'>καὶ</span> <span class='ocrx_word' id='word_1_519' title='bbox 1410 3892 1718 3961; x_wconf 78' lang='grc' dir='ltr'>ἐπιζημίων</span> 
     </span>
    </p>
   </div>
   <div class='ocr_carea' id='block_1_70' title="bbox 148 3969 1724 4049">
    <p class='ocr_par' dir='ltr' id='par_1_70' title="bbox 148 3969 1724 4049">
     <span class='ocr_line' id='line_1_70' title="bbox 148 3969 1724 4049; baseline 0.014 -33"><span class='ocrx_word' id='word_1_520' title='bbox 148 3969 469 4034; x_wconf 78' lang='grc' dir='ltr'>μετανοιῶν,</span> <span class='ocrx_word' id='word_1_521' title='bbox 493 3969 763 4039; x_wconf 81' lang='grc' dir='ltr'>λέγουσιν,</span> <span class='ocrx_word' id='word_1_522' title='bbox 794 3976 956 4028; x_wconf 83' lang='grc' dir='ltr'>ὅτιού</span> <span class='ocrx_word' id='word_1_523' title='bbox 976 3978 1057 4030; x_wconf 88' lang='grc' dir='ltr'>δεῖ</span> <span class='ocrx_word' id='word_1_524' title='bbox 1078 3978 1284 4047; x_wconf 85' lang='grc' dir='ltr'>κρίνειν</span> <span class='ocrx_word' id='word_1_525' title='bbox 1310 3982 1453 4046; x_wconf 83' lang='grc' dir='ltr'>τινὰ,</span> <span class='ocrx_word' id='word_1_526' title='bbox 1485 3983 1580 4036; x_wconf 75' lang='grc' dir='ltr'>καὶ</span> <span class='ocrx_word' id='word_1_527' title='bbox 1608 3987 1724 4049; x_wconf 89' lang='grc' dir='ltr'>τοῖς</span> 
     </span>
    </p>
   </div>
   <div class='ocr_carea' id='block_1_71' title="bbox 144 4057 1425 4136">
    <p class='ocr_par' dir='ltr' id='par_1_71' title="bbox 144 4057 1425 4136">
     <span class='ocr_line' id='line_1_71' title="bbox 144 4057 1425 4136; baseline 0.012 -30"><span class='ocrx_word' id='word_1_528' title='bbox 144 4057 439 4126; x_wconf 79' lang='grc' dir='ltr'>αἱρετικοῖς</span> <span class='ocrx_word' id='word_1_529' title='bbox 474 4062 536 4113; x_wconf 87' lang='grc' dir='ltr'>ἐκ</span> <span class='ocrx_word' id='word_1_530' title='bbox 565 4062 755 4115; x_wconf 89' lang='grc' dir='ltr'>τούτου</span> <span class='ocrx_word' id='word_1_531' title='bbox 789 4065 1130 4136; x_wconf 84' lang='grc' dir='ltr'>συναρίθμιοι</span> <span class='ocrx_word' id='word_1_532' title='bbox 1156 4068 1425 4134; x_wconf 80' lang='grc' dir='ltr'>γένονται.</span> 
     </span>
    </p>
   </div>
   <div class='ocr_carea' id='block_1_72' title="bbox 220 4147 1719 4227">
    <p class='ocr_par' dir='ltr' id='par_1_72' title="bbox 220 4147 1719 4227">
     <span class='ocr_line' id='line_1_72' title="bbox 220 4147 1719 4227; baseline 0.008 -29"><span class='ocrx_word' id='word_1_533' title='bbox 220 4147 293 4213; x_wconf 87' lang='grc' dir='ltr'>μ’.</span> <span class='ocrx_word' id='word_1_534' title='bbox 336 4149 457 4200; x_wconf 77' lang='grc' dir='ltr'>Ὀτι</span> <span class='ocrx_word' id='word_1_535' title='bbox 492 4150 553 4201; x_wconf 83' lang='grc' dir='ltr'>ού</span> <span class='ocrx_word' id='word_1_536' title='bbox 586 4150 665 4202; x_wconf 85' lang='grc' dir='ltr'>δεῖ</span> <span class='ocrx_word' id='word_1_537' title='bbox 695 4152 901 4219; x_wconf 85' lang='grc' dir='ltr'>κρίνειν</span> <span class='ocrx_word' id='word_1_538' title='bbox 936 4154 1061 4216; x_wconf 80' lang='grc' dir='ltr'>τοὺς</span> <span class='ocrx_word' id='word_1_539' title='bbox 1089 4156 1255 4223; x_wconf 81' lang='grc' dir='ltr'>ἱερεῖς</span> <span class='ocrx_word' id='word_1_540' title='bbox 1290 4156 1403 4208; x_wconf 74' lang='grc' dir='ltr'>εἴτε</span> <span class='ocrx_word' id='word_1_541' title='bbox 1431 4156 1657 4220; x_wconf 88' lang='grc' dir='ltr'>δικαίως</span> <span class='ocrx_word' id='word_1_542' title='bbox 1685 4159 1719 4227; x_wconf 80' lang='grc' dir='ltr'>ἢ</span> 
     </span>
    </p>
   </div>
   <div class='ocr_carea' id='block_1_73' title="bbox 143 4238 1718 4317">
    <p class='ocr_par' dir='ltr' id='par_1_73' title="bbox 143 4238 1718 4317">
     <span class='ocr_line' id='line_1_73' title="bbox 143 4238 1718 4317; baseline 0.006 -27"><span class='ocrx_word' id='word_1_543' title='bbox 143 4238 367 4299; x_wconf 80' lang='grc' dir='ltr'>ἀδίκως,</span> <span class='ocrx_word' id='word_1_544' title='bbox 422 4241 456 4308; x_wconf 78' lang='grc' dir='ltr'>ἢ</span> <span class='ocrx_word' id='word_1_545' title='bbox 518 4242 793 4305; x_wconf 75' lang='grc' dir='ltr'>ἐξετάζειν</span> <span class='ocrx_word' id='word_1_546' title='bbox 840 4243 1056 4306; x_wconf 82' lang='grc' dir='ltr'>αύτούς.</span> <span class='ocrx_word' id='word_1_547' title='bbox 1094 4245 1162 4296; x_wconf 73' lang='grc' dir='ltr'>Εἴ</span> <span class='ocrx_word' id='word_1_548' title='bbox 1187 4262 1241 4297; x_wconf 88' lang='grc' dir='ltr'>τι</span> <span class='ocrx_word' id='word_1_549' title='bbox 1288 4248 1398 4317; x_wconf 75' lang='grc' dir='ltr'>γὰρ</span> <span class='ocrx_word' id='word_1_550' title='bbox 1450 4248 1718 4315; x_wconf 78' lang='grc' dir='ltr'>σφαλῶσι,</span> 
     </span>
    </p>
   </div>
   <div class='ocr_carea' id='block_1_74' title="bbox 144 4330 1721 4408">
    <p class='ocr_par' dir='ltr' id='par_1_74' title="bbox 144 4330 1721 4408">
     <span class='ocr_line' id='line_1_74' title="bbox 144 4330 1721 4408; baseline 0.005 -27"><span class='ocrx_word' id='word_1_551' title='bbox 144 4330 464 4395; x_wconf 81' lang='grc' dir='ltr'>κριθήσεται</span> <span class='ocrx_word' id='word_1_552' title='bbox 508 4333 659 4400; x_wconf 78' lang='grc' dir='ltr'>παρὰ</span> <span class='ocrx_word' id='word_1_553' title='bbox 707 4334 803 4385; x_wconf 84' lang='grc' dir='ltr'>τοῦ</span> <span class='ocrx_word' id='word_1_554' title='bbox 847 4333 1011 4395; x_wconf 87' lang='grc' dir='ltr'>Θεοῦ,</span> <span class='ocrx_word' id='word_1_555' title='bbox 1054 4336 1146 4388; x_wconf 80' lang='grc' dir='ltr'>καὶ</span> <span class='ocrx_word' id='word_1_556' title='bbox 1186 4336 1593 4408; x_wconf 77' lang='grc' dir='ltr'>ἐλεγχθήσεται,</span> <span class='ocrx_word' id='word_1_557' title='bbox 1628 4339 1721 4391; x_wconf 84' lang='grc' dir='ltr'>καὶ</span> 
     </span>
    </p>
   </div>
   <div class='ocr_carea' id='block_1_75' title="bbox 1831 3164 2511 3237">
    <p class='ocr_par' dir='ltr' id='par_1_75' title="bbox 1831 3164 2511 3237">
     <span class='ocr_line' id='line_1_75' title="bbox 1831 3164 2511 3237; baseline 0.007 -20"><span class='ocrx_word' id='word_1_558' title='bbox 1831 3164 1885 3218; x_wconf 89' lang='lat' dir='ltr'><strong>in</strong></span> <span class='ocrx_word' id='word_1_559' title='bbox 1910 3166 2166 3221; x_wconf 70' lang='lat' dir='ltr'><strong>omnibus</strong></span> <span class='ocrx_word' id='word_1_560' title='bbox 2190 3166 2511 3237; x_wconf 80' lang='lat' dir='ltr'><strong>Seripturis.</strong></span> 
     </span>
    </p>
   </div>
   <div class='ocr_carea' id='block_1_76' title="bbox 1899 3255 3411 3331">
    <p class='ocr_par' dir='ltr' id='par_1_76' title="bbox 1899 3255 3411 3331">
     <span class='ocr_line' id='line_1_76' title="bbox 1899 3255 3411 3331; baseline 0.001 -21"><span class='ocrx_word' id='word_1_561' title='bbox 1899 3255 1987 3310; x_wconf 72' lang='lat'>39.</span> <span class='ocrx_word' id='word_1_562' title='bbox 2025 3255 2101 3310; x_wconf 85' lang='lat' dir='ltr'><strong>De</strong></span> <span class='ocrx_word' id='word_1_563' title='bbox 2140 3270 2247 3311; x_wconf 87' lang='lat' dir='ltr'>non</span> <span class='ocrx_word' id='word_1_564' title='bbox 2269 3259 2563 3325; x_wconf 87' lang='lat' dir='ltr'><strong>judicando</strong></span> <span class='ocrx_word' id='word_1_565' title='bbox 2595 3260 2885 3315; x_wconf 82' lang='lat' dir='ltr'><strong>temerarie</strong></span> <span class='ocrx_word' id='word_1_566' title='bbox 2918 3261 3189 3331; x_wconf 82' lang='lat' dir='ltr'><strong>proximo,</strong></span> <span class='ocrx_word' id='word_1_567' title='bbox 3223 3270 3281 3314; x_wconf 90' lang='lat' dir='ltr'><strong>ut</strong></span> <span class='ocrx_word' id='word_1_568' title='bbox 3308 3258 3411 3329; x_wconf 78' lang='lat' dir='ltr'>hy-</span> 
     </span>
    </p>
   </div>
   <div class='ocr_carea' id='block_1_77' title="bbox 1829 3345 3404 3413">
    <p class='ocr_par' dir='ltr' id='par_1_77' title="bbox 1829 3345 3404 3413">
     <span class='ocr_line' id='line_1_77' title="bbox 1829 3345 3404 3413; baseline 0.005 -18"><span class='ocrx_word' id='word_1_569' title='bbox 1829 3345 2072 3412; x_wconf 75' lang='lat' dir='ltr'><strong>pocritze,</strong></span> <span class='ocrx_word' id='word_1_570' title='bbox 2106 3346 2380 3413; x_wconf 64' lang='lat' dir='ltr'><strong>pltarisaai,</strong></span> <span class='ocrx_word' id='word_1_571' title='bbox 2420 3357 2475 3402; x_wconf 89' lang='lat' dir='ltr'>et</span> <span class='ocrx_word' id='word_1_572' title='bbox 2522 3349 2738 3403; x_wconf 64' lang='lat' dir='ltr'><strong>seribre.</strong></span> <span class='ocrx_word' id='word_1_573' title='bbox 2796 3350 3003 3403; x_wconf 81' lang='lat' dir='ltr'><strong>Etenim</strong></span> <span class='ocrx_word' id='word_1_574' title='bbox 3030 3351 3210 3405; x_wconf 82' lang='lat' dir='ltr'><strong>referti</strong></span> <span class='ocrx_word' id='word_1_575' title='bbox 3245 3351 3404 3403; x_wconf 82' lang='lat' dir='ltr'><strong>malis</strong></span> 
     </span>
    </p>
   </div>
   <div class='ocr_carea' id='block_1_78' title="bbox 1827 3438 3403 3503">
    <p class='ocr_par' dir='ltr' id='par_1_78' title="bbox 1827 3438 3403 3503">
     <span class='ocr_line' id='line_1_78' title="bbox 1827 3438 3403 3503; baseline 0.002 -14"><span class='ocrx_word' id='word_1_576' title='bbox 1827 3450 1951 3489; x_wconf 92' lang='lat' dir='ltr'>cum</span> <span class='ocrx_word' id='word_1_577' title='bbox 1978 3450 2161 3492; x_wconf 83' lang='lat' dir='ltr'><strong>essent</strong></span> <span class='ocrx_word' id='word_1_578' title='bbox 2183 3438 2292 3503; x_wconf 85' lang='lat' dir='ltr'><strong>isti,</strong></span> <span class='ocrx_word' id='word_1_579' title='bbox 2330 3439 2385 3492; x_wconf 91' lang='lat' dir='ltr'><strong>in</strong></span> <span class='ocrx_word' id='word_1_580' title='bbox 2426 3441 2669 3496; x_wconf 87' lang='lat' dir='ltr'><strong>minimis</strong></span> <span class='ocrx_word' id='word_1_581' title='bbox 2695 3451 2852 3495; x_wconf 88' lang='lat' dir='ltr'><strong>erant</strong></span> <span class='ocrx_word' id='word_1_582' title='bbox 2884 3451 3069 3495; x_wconf 87' lang='lat' dir='ltr'><strong>contra</strong></span> <span class='ocrx_word' id='word_1_583' title='bbox 3100 3442 3236 3496; x_wconf 85' lang='lat' dir='ltr'><strong>alios</strong></span> <span class='ocrx_word' id='word_1_584' title='bbox 3274 3441 3403 3495; x_wconf 89' lang='lat' dir='ltr'><strong>dili-</strong></span> 
     </span>
    </p>
   </div>
   <div class='ocr_carea' id='block_1_79' title="bbox 1827 3531 3401 3601">
    <p class='ocr_par' dir='ltr' id='par_1_79' title="bbox 1827 3531 3401 3601">
     <span class='ocr_line' id='line_1_79' title="bbox 1827 3531 3401 3601; baseline 0.004 -22"><span class='ocrx_word' id='word_1_585' title='bbox 1827 3536 2016 3597; x_wconf 80' lang='lat' dir='ltr'><strong>gentes</strong></span> <span class='ocrx_word' id='word_1_586' title='bbox 2030 3537 2343 3595; x_wconf 69' lang='lat' dir='ltr'><strong>exactores;</strong></span> <span class='ocrx_word' id='word_1_587' title='bbox 2376 3531 2468 3584; x_wconf 87' lang='lat' dir='ltr'><strong>sed</strong></span> <span class='ocrx_word' id='word_1_588' title='bbox 2500 3531 2720 3599; x_wconf 76' lang='lat' dir='ltr'><strong>quando</strong></span> <span class='ocrx_word' id='word_1_589' title='bbox 2749 3531 2949 3601; x_wconf 82' lang='lat' dir='ltr'><strong>aliquis</strong></span> <span class='ocrx_word' id='word_1_590' title='bbox 2990 3533 3230 3585; x_wconf 86' lang='lat' dir='ltr'><strong>mundus</strong></span> <span class='ocrx_word' id='word_1_591' title='bbox 3257 3542 3341 3585; x_wconf 92' lang='lat' dir='ltr'>est</span> <span class='ocrx_word' id='word_1_592' title='bbox 3369 3548 3401 3585; x_wconf 86' lang='lat' dir='ltr'>a</span> 
     </span>
    </p>
   </div>
   <div class='ocr_carea' id='block_1_80' title="bbox 1827 3619 3407 3692">
    <p class='ocr_par' dir='ltr' id='par_1_80' title="bbox 1827 3619 3407 3692">
     <span class='ocr_line' id='line_1_80' title="bbox 1827 3619 3407 3692; baseline 0.003 -21"><span class='ocrx_word' id='word_1_593' title='bbox 1827 3619 2007 3683; x_wconf 85' lang='lat' dir='ltr'><strong>malis,</strong></span> <span class='ocrx_word' id='word_1_594' title='bbox 2035 3629 2163 3675; x_wconf 88' lang='lat' dir='ltr'><strong>tunc</strong></span> <span class='ocrx_word' id='word_1_595' title='bbox 2188 3621 2349 3675; x_wconf 86' lang='lat' dir='ltr'><strong>debet</strong></span> <span class='ocrx_word' id='word_1_596' title='bbox 2374 3620 2619 3689; x_wconf 87' lang='lat' dir='ltr'><strong>judicare</strong></span> <span class='ocrx_word' id='word_1_597' title='bbox 2646 3621 2866 3691; x_wconf 85' lang='lat' dir='ltr'><strong>quidem</strong></span> <span class='ocrx_word' id='word_1_598' title='bbox 2899 3622 3111 3692; x_wconf 87' lang='lat' dir='ltr'><strong>hosqui</strong></span> <span class='ocrx_word' id='word_1_599' title='bbox 3144 3623 3247 3677; x_wconf 90' lang='lat' dir='ltr'><strong>sibi</strong></span> <span class='ocrx_word' id='word_1_600' title='bbox 3272 3623 3407 3677; x_wconf 73' lang='lat' dir='ltr'><strong>sul)-</strong></span> 
     </span>
    </p>
   </div>
   <div class='ocr_carea' id='block_1_81' title="bbox 1828 3713 3407 3783">
    <p class='ocr_par' dir='ltr' id='par_1_81' title="bbox 1828 3713 3407 3783">
     <span class='ocr_line' id='line_1_81' title="bbox 1828 3713 3407 3783; baseline 0.002 -19"><span class='ocrx_word' id='word_1_601' title='bbox 1828 3719 1987 3773; x_wconf 88' lang='lat' dir='ltr'><strong>sunt;</strong></span> <span class='ocrx_word' id='word_1_602' title='bbox 2019 3726 2126 3765; x_wconf 90' lang='lat' dir='ltr'><strong>non</strong></span> <span class='ocrx_word' id='word_1_603' title='bbox 2157 3721 2349 3766; x_wconf 83' lang='lat' dir='ltr'><strong>autem</strong></span> <span class='ocrx_word' id='word_1_604' title='bbox 2374 3729 2467 3767; x_wconf 86' lang='lat' dir='ltr'>eos</span> <span class='ocrx_word' id='word_1_605' title='bbox 2493 3714 2584 3783; x_wconf 86' lang='lat' dir='ltr'><strong>qui</strong></span> <span class='ocrx_word' id='word_1_606' title='bbox 2629 3713 2763 3769; x_wconf 81' lang='lat' dir='ltr'><strong>loris</strong></span> <span class='ocrx_word' id='word_1_607' title='bbox 2804 3723 2967 3769; x_wconf 88' lang='lat' dir='ltr'><strong>sunt:</strong></span> <span class='ocrx_word' id='word_1_608' title='bbox 2996 3722 3050 3769; x_wconf 92' lang='lat' dir='ltr'>et</span> <span class='ocrx_word' id='word_1_609' title='bbox 3091 3714 3232 3783; x_wconf 91' lang='lat' dir='ltr'><strong>quod</strong></span> <span class='ocrx_word' id='word_1_610' title='bbox 3261 3713 3407 3767; x_wconf 88' lang='lat' dir='ltr'><strong>male</strong></span> 
     </span>
    </p>
   </div>
   <div class='ocr_carea' id='block_1_82' title="bbox 1827 3801 3405 3876">
    <p class='ocr_par' dir='ltr' id='par_1_82' title="bbox 1827 3801 3405 3876">
     <span class='ocr_line' id='line_1_82' title="bbox 1827 3801 3405 3876; baseline 0.004 -23"><span class='ocrx_word' id='word_1_611' title='bbox 1827 3801 2213 3857; x_wconf 80' lang='lat' dir='ltr'><strong>intellexerunt</strong></span> <span class='ocrx_word' id='word_1_612' title='bbox 2260 3805 2479 3873; x_wconf 88' lang='lat' dir='ltr'><strong>quidam</strong></span> <span class='ocrx_word' id='word_1_613' title='bbox 2523 3805 2727 3860; x_wconf 82' lang='lat' dir='ltr'><strong>dictum</strong></span> <span class='ocrx_word' id='word_1_614' title='bbox 2765 3805 3017 3869; x_wconf 88' lang='lat' dir='ltr'><strong>Domini,</strong></span> <span class='ocrx_word' id='word_1_615' title='bbox 3064 3806 3405 3876; x_wconf 78' lang='lat' dir='ltr'><strong>negotiantes</strong></span> 
     </span>
    </p>
   </div>
   <div class='ocr_carea' id='block_1_83' title="bbox 1826 3895 3403 3965">
    <p class='ocr_par' dir='ltr' id='par_1_83' title="bbox 1826 3895 3403 3965">
     <span class='ocr_line' id='line_1_83' title="bbox 1826 3895 3403 3965; baseline 0.001 -17"><span class='ocrx_word' id='word_1_616' title='bbox 1826 3901 2009 3948; x_wconf 85' lang='lat' dir='ltr'><strong>autem</strong></span> <span class='ocrx_word' id='word_1_617' title='bbox 2064 3895 2203 3948; x_wconf 84' lang='lat' dir='ltr'><strong>bona</strong></span> <span class='ocrx_word' id='word_1_618' title='bbox 2240 3910 2335 3965; x_wconf 87' lang='lat' dir='ltr'>per</span> <span class='ocrx_word' id='word_1_619' title='bbox 2382 3898 2629 3951; x_wconf 86' lang='lat' dir='ltr'><strong>insanam</strong></span> <span class='ocrx_word' id='word_1_620' title='bbox 2674 3906 2729 3951; x_wconf 85' lang='lat' dir='ltr'>et</span> <span class='ocrx_word' id='word_1_621' title='bbox 2762 3895 3040 3951; x_wconf 73' lang='lat' dir='ltr'><strong>funestam</strong></span> <span class='ocrx_word' id='word_1_622' title='bbox 3083 3896 3403 3951; x_wconf 81' lang='lat' dir='ltr'><strong>conversio-</strong></span> 
     </span>
    </p>
   </div>
   <div class='ocr_carea' id='block_1_84' title="bbox 1824 3985 3397 4058">
    <p class='ocr_par' dir='ltr' id='par_1_84' title="bbox 1824 3985 3397 4058">
     <span class='ocr_line' id='line_1_84' title="bbox 1824 3985 3397 4058; baseline 0.001 -19"><span class='ocrx_word' id='word_1_623' title='bbox 1824 4000 1972 4050; x_wconf 86' lang='lat' dir='ltr'><strong>nem,</strong></span> <span class='ocrx_word' id='word_1_624' title='bbox 2008 3985 2196 4041; x_wconf 85' lang='lat' dir='ltr'><strong>dieunt</strong></span> <span class='ocrx_word' id='word_1_625' title='bbox 2216 3990 2359 4055; x_wconf 91' lang='lat' dir='ltr'><strong>quod</strong></span> <span class='ocrx_word' id='word_1_626' title='bbox 2387 4003 2492 4041; x_wconf 92' lang='lat' dir='ltr'><strong>non</strong></span> <span class='ocrx_word' id='word_1_627' title='bbox 2523 3998 2737 4057; x_wconf 87' lang='lat' dir='ltr'><strong>oportet</strong></span> <span class='ocrx_word' id='word_1_628' title='bbox 2768 3987 3015 4056; x_wconf 78' lang='lat' dir='ltr'><strong>judicare</strong></span> <span class='ocrx_word' id='word_1_629' title='bbox 3038 4002 3397 4058; x_wconf 84' lang='lat' dir='ltr'><strong>quemquam,</strong></span> 
     </span>
    </p>
   </div>
   <div class='ocr_carea' id='block_1_85' title="bbox 1825 4076 2977 4149">
    <p class='ocr_par' dir='ltr' id='par_1_85' title="bbox 1825 4076 2977 4149">
     <span class='ocr_line' id='line_1_85' title="bbox 1825 4076 2977 4149; baseline 0.005 -21"><span class='ocrx_word' id='word_1_630' title='bbox 1825 4076 2061 4144; x_wconf 87' lang='lat' dir='ltr'><strong>indeque</strong></span> <span class='ocrx_word' id='word_1_631' title='bbox 2085 4079 2463 4132; x_wconf 76' lang='lat' dir='ltr'><strong>haereticorum</strong></span> <span class='ocrx_word' id='word_1_632' title='bbox 2502 4080 2793 4149; x_wconf 69' lang='lat' dir='ltr'><strong>partit-ipes</strong></span> <span class='ocrx_word' id='word_1_633' title='bbox 2818 4081 2977 4134; x_wconf 86' lang='lat' dir='ltr'><strong>liuut.</strong></span> 
     </span>
    </p>
   </div>
   <div class='ocr_carea' id='block_1_86' title="bbox 1894 4167 3402 4239">
    <p class='ocr_par' dir='ltr' id='par_1_86' title="bbox 1894 4167 3402 4239">
     <span class='ocr_line' id='line_1_86' title="bbox 1894 4167 3402 4239; baseline 0.003 -19"><span class='ocrx_word' id='word_1_634' title='bbox 1894 4167 1984 4220; x_wconf 73' lang='grc' dir='ltr'>ιο.</span> <span class='ocrx_word' id='word_1_635' title='bbox 2039 4167 2195 4231; x_wconf 83' lang='lat' dir='ltr'><strong>Quod</strong></span> <span class='ocrx_word' id='word_1_636' title='bbox 2236 4184 2344 4221; x_wconf 93' lang='lat' dir='ltr'><strong>non</strong></span> <span class='ocrx_word' id='word_1_637' title='bbox 2371 4180 2582 4237; x_wconf 87' lang='lat' dir='ltr'><strong>oportet</strong></span> <span class='ocrx_word' id='word_1_638' title='bbox 2613 4172 2861 4239; x_wconf 86' lang='lat' dir='ltr'><strong>judicare</strong></span> <span class='ocrx_word' id='word_1_639' title='bbox 2902 4172 3248 4235; x_wconf 85' lang='lat' dir='ltr'><strong>sacerdotes,</strong></span> <span class='ocrx_word' id='word_1_640' title='bbox 3284 4171 3402 4224; x_wconf 89' lang='lat' dir='ltr'><strong>sive</strong></span> 
     </span>
    </p>
   </div>
   <div class='ocr_carea' id='block_1_87' title="bbox 1819 4256 3399 4330">
    <p class='ocr_par' dir='ltr' id='par_1_87' title="bbox 1819 4256 3399 4330">
     <span class='ocr_line' id='line_1_87' title="bbox 1819 4256 3399 4330; baseline 0.004 -22"><span class='ocrx_word' id='word_1_641' title='bbox 1819 4256 1985 4325; x_wconf 89' lang='lat' dir='ltr'><strong>juste,</strong></span> <span class='ocrx_word' id='word_1_642' title='bbox 2030 4258 2146 4311; x_wconf 88' lang='lat' dir='ltr'><strong>sive</strong></span> <span class='ocrx_word' id='word_1_643' title='bbox 2189 4258 2413 4325; x_wconf 82' lang='lat' dir='ltr'><strong>injuste.</strong></span> <span class='ocrx_word' id='word_1_644' title='bbox 2446 4261 2529 4312; x_wconf 89' lang='lat' dir='ltr'>vel</span> <span class='ocrx_word' id='word_1_645' title='bbox 2561 4261 2628 4312; x_wconf 91' lang='lat' dir='ltr'>de</span> <span class='ocrx_word' id='word_1_646' title='bbox 2672 4260 2778 4313; x_wconf 89' lang='lat' dir='ltr'><strong>illis</strong></span> <span class='ocrx_word' id='word_1_647' title='bbox 2820 4262 3129 4329; x_wconf 83' lang='lat' dir='ltr'><strong>exquirere.</strong></span> <span class='ocrx_word' id='word_1_648' title='bbox 3170 4260 3224 4314; x_wconf 89' lang='lat' dir='ltr'>Si</span> <span class='ocrx_word' id='word_1_649' title='bbox 3267 4263 3399 4330; x_wconf 85' lang='lat' dir='ltr'><strong>quid</strong></span> 
     </span>
    </p>
   </div>
   <div class='ocr_carea' id='block_1_88' title="bbox 1824 4346 3399 4414">
    <p class='ocr_par' dir='ltr' id='par_1_88' title="bbox 1824 4346 3399 4414">
     <span class='ocr_line' id='line_1_88' title="bbox 1824 4346 3399 4414; baseline 0.003 -15"><span class='ocrx_word' id='word_1_650' title='bbox 1824 4346 1969 4399; x_wconf 90' lang='lat' dir='ltr'><strong>enim</strong></span> <span class='ocrx_word' id='word_1_651' title='bbox 1996 4346 2343 4407; x_wconf 61' lang='lat' dir='ltr'><strong>odenderint,</strong></span> <span class='ocrx_word' id='word_1_652' title='bbox 2372 4346 2755 4414; x_wconf 86' lang='lat' dir='ltr'><strong>judicabitura</strong></span> <span class='ocrx_word' id='word_1_653' title='bbox 2792 4347 2937 4410; x_wconf 83' lang='lat' dir='ltr'><strong>Deo,</strong></span> <span class='ocrx_word' id='word_1_654' title='bbox 2973 4358 3027 4402; x_wconf 88' lang='lat' dir='ltr'>et</span> <span class='ocrx_word' id='word_1_655' title='bbox 3066 4349 3399 4403; x_wconf 84' lang='lat' dir='ltr'><strong>condemna-</strong></span> 
     </span>
    </p>
   </div>
   <div class='ocr_carea' id='block_1_89' title="bbox 143 4420 1727 4506">
    <p class='ocr_par' dir='ltr' id='par_1_89' title="bbox 143 4420 1718 4496">
     <span class='ocr_line' id='line_1_89' title="bbox 143 4420 1718 4496; baseline 0.006 -24"><span class='ocrx_word' id='word_1_656' title='bbox 143 4424 203 4472; x_wconf 82' lang='grc' dir='ltr'>ἐν</span> <span class='ocrx_word' id='word_1_657' title='bbox 226 4420 306 4487; x_wconf 85' lang='grc' dir='ltr'>τῷ</span> <span class='ocrx_word' id='word_1_658' title='bbox 335 4420 430 4471; x_wconf 88' lang='grc' dir='ltr'>νῦν</span> <span class='ocrx_word' id='word_1_659' title='bbox 456 4422 639 4487; x_wconf 80' lang='grc' dir='ltr'>αἰῶνι,</span> <span class='ocrx_word' id='word_1_660' title='bbox 675 4423 773 4475; x_wconf 78' lang='grc' dir='ltr'>καὶ</span> <span class='ocrx_word' id='word_1_661' title='bbox 808 4426 866 4477; x_wconf 84' lang='grc' dir='ltr'>ἐν</span> <span class='ocrx_word' id='word_1_662' title='bbox 890 4426 970 4495; x_wconf 82' lang='grc' dir='ltr'>τῷ</span> <span class='ocrx_word' id='word_1_663' title='bbox 1001 4426 1267 4493; x_wconf 82' lang='grc' dir='ltr'>μέλλοντι,</span> <span class='ocrx_word' id='word_1_664' title='bbox 1297 4426 1328 4496; x_wconf 84' lang='grc' dir='ltr'>ἦ</span> <span class='ocrx_word' id='word_1_665' title='bbox 1369 4430 1461 4481; x_wconf 78' lang='grc' dir='ltr'>καὶ</span> <span class='ocrx_word' id='word_1_666' title='bbox 1487 4429 1594 4480; x_wconf 75' lang='grc' dir='ltr'>ὑπὸ</span> <span class='ocrx_word' id='word_1_667' title='bbox 1622 4428 1718 4482; x_wconf 85' lang='grc' dir='ltr'>τοῦ</span> 
     </span>
    </p>
   </div>
   <div class='ocr_carea' id='block_1_90' title="bbox 1836 4420 3401 4506">
    <p class='ocr_par' dir='ltr' id='par_1_90' title="bbox 1836 4436 3401 4506">
     <span class='ocr_line' id='line_1_90' title="bbox 1836 4436 3401 4506; baseline 0.001 -15"><span class='ocrx_word' id='word_1_668' title='bbox 1836 4438 1969 4491; x_wconf 72' lang='lat' dir='ltr'><strong>uitur</strong></span> <span class='ocrx_word' id='word_1_669' title='bbox 2009 4437 2059 4489; x_wconf 93' lang='lat' dir='ltr'><strong>in</strong></span> <span class='ocrx_word' id='word_1_670' title='bbox 2093 4436 2193 4490; x_wconf 91' lang='lat' dir='ltr'>hoc</span> <span class='ocrx_word' id='word_1_671' title='bbox 2222 4438 2476 4506; x_wconf 71' lang='lat' dir='ltr'><strong>praesenti</strong></span> <span class='ocrx_word' id='word_1_672' title='bbox 2522 4438 2723 4491; x_wconf 70' lang='lat' dir='ltr'><strong>szeculo</strong></span> <span class='ocrx_word' id='word_1_673' title='bbox 2776 4449 2830 4492; x_wconf 92' lang='lat' dir='ltr'>et</span> <span class='ocrx_word' id='word_1_674' title='bbox 2865 4438 2917 4491; x_wconf 95' lang='lat' dir='ltr'><strong>in</strong></span> <span class='ocrx_word' id='word_1_675' title='bbox 2951 4438 3169 4500; x_wconf 76' lang='lat' dir='ltr'><strong>futuro.</strong></span> <span class='ocrx_word' id='word_1_676' title='bbox 3227 4441 3307 4493; x_wconf 85' lang='lat' dir='ltr'>vel</span> <span class='ocrx_word' id='word_1_677' title='bbox 3364 4457 3401 4494; x_wconf 68' lang='grc' dir='ltr'>ιι</span> 
     </span>
    </p>
   </div>
   <div class='ocr_carea' id='block_1_91' title="bbox 148 4513 1715 4589">
    <p class='ocr_par' dir='ltr' id='par_1_91' title="bbox 148 4513 1715 4589">
     <span class='ocr_line' id='line_1_91' title="bbox 148 4513 1715 4589; baseline 0.005 -26"><span class='ocrx_word' id='word_1_678' title='bbox 148 4513 396 4581; x_wconf 79' lang='grc' dir='ltr'>μείζονος</span> <span class='ocrx_word' id='word_1_679' title='bbox 433 4513 624 4583; x_wconf 75' lang='grc' dir='ltr'>ἱερέως</span> <span class='ocrx_word' id='word_1_680' title='bbox 647 4529 663 4545; x_wconf 77' lang='grc'><strong>⁸</strong></span> <span class='ocrx_word' id='word_1_681' title='bbox 710 4518 805 4568; x_wconf 83' lang='grc' dir='ltr'>καὶ</span> <span class='ocrx_word' id='word_1_682' title='bbox 836 4518 974 4570; x_wconf 83' lang='grc' dir='ltr'>ὅτιὸ</span> <span class='ocrx_word' id='word_1_683' title='bbox 1018 4519 1094 4589; x_wconf 84' lang='grc' dir='ltr'>μὴ</span> <span class='ocrx_word' id='word_1_684' title='bbox 1135 4521 1257 4571; x_wconf 81' lang='grc' dir='ltr'>κατ’</span> <span class='ocrx_word' id='word_1_685' title='bbox 1295 4520 1454 4584; x_wconf 77' lang='grc' dir='ltr'>ἀξίαν</span> <span class='ocrx_word' id='word_1_686' title='bbox 1490 4522 1715 4589; x_wconf 80' lang='grc' dir='ltr'>διάγων,</span> 
     </span>
    </p>
   </div>
   <div class='ocr_carea' id='block_1_92' title="bbox 145 4604 1718 4681">
    <p class='ocr_par' dir='ltr' id='par_1_92' title="bbox 145 4604 1718 4681">
     <span class='ocr_line' id='line_1_92' title="bbox 145 4604 1718 4681; baseline 0.008 -28"><span class='ocrx_word' id='word_1_687' title='bbox 145 4605 246 4655; x_wconf 80' lang='grc' dir='ltr'>οὐκ</span> <span class='ocrx_word' id='word_1_688' title='bbox 293 4604 441 4656; x_wconf 80' lang='grc' dir='ltr'>ἔστιν</span> <span class='ocrx_word' id='word_1_689' title='bbox 481 4605 659 4676; x_wconf 86' lang='grc' dir='ltr'>ἱερεύς</span> <span class='ocrx_word' id='word_1_690' title='bbox 686 4622 699 4635; x_wconf 81' lang='lat'><strong><em>°</em></strong></span> <span class='ocrx_word' id='word_1_691' title='bbox 748 4609 845 4660; x_wconf 78' lang='grc' dir='ltr'>καὶ</span> <span class='ocrx_word' id='word_1_692' title='bbox 884 4610 964 4662; x_wconf 82' lang='grc' dir='ltr'>ὅτι</span> <span class='ocrx_word' id='word_1_693' title='bbox 1010 4612 1071 4663; x_wconf 82' lang='grc' dir='ltr'>οῦ</span> <span class='ocrx_word' id='word_1_694' title='bbox 1114 4611 1221 4681; x_wconf 79' lang='grc' dir='ltr'>χρὴ</span> <span class='ocrx_word' id='word_1_695' title='bbox 1268 4612 1718 4675; x_wconf 80' lang='grc' dir='ltr'>σκανδαλίζεσθαι</span> 
     </span>
    </p>
   </div>
   <div class='ocr_carea' id='block_1_93' title="bbox 144 4695 1712 4776">
    <p class='ocr_par' dir='ltr' id='par_1_93' title="bbox 144 4695 1712 4776">
     <span class='ocr_line' id='line_1_93' title="bbox 144 4695 1712 4776; baseline 0.01 -32"><span class='ocrx_word' id='word_1_696' title='bbox 144 4696 276 4763; x_wconf 81' lang='grc' dir='ltr'>περὶ</span> <span class='ocrx_word' id='word_1_697' title='bbox 303 4695 374 4749; x_wconf 80' lang='grc' dir='ltr'>τὰ</span> <span class='ocrx_word' id='word_1_698' title='bbox 405 4696 707 4766; x_wconf 84' lang='grc' dir='ltr'>τελούμενα</span> <span class='ocrx_word' id='word_1_699' title='bbox 750 4699 838 4753; x_wconf 76' lang='grc' dir='ltr'>διὰ</span> <span class='ocrx_word' id='word_1_700' title='bbox 866 4702 967 4767; x_wconf 82' lang='grc' dir='ltr'>τὴν</span> <span class='ocrx_word' id='word_1_701' title='bbox 1008 4702 1321 4773; x_wconf 79' lang='grc' dir='ltr'>φαυλότητα</span> <span class='ocrx_word' id='word_1_702' title='bbox 1351 4702 1446 4756; x_wconf 89' lang='grc' dir='ltr'>τοῦ</span> <span class='ocrx_word' id='word_1_703' title='bbox 1487 4705 1676 4776; x_wconf 80' lang='grc' dir='ltr'>ἱερέως</span> <span class='ocrx_word' id='word_1_704' title='bbox 1699 4720 1712 4734; x_wconf 84' lang='grc'><em>’</em></span> 
     </span>
    </p>
   </div>
   <div class='ocr_carea' id='block_1_94' title="bbox 146 4787 1719 4861">
    <p class='ocr_par' dir='ltr' id='par_1_94' title="bbox 146 4787 1719 4861">
     <span class='ocr_line' id='line_1_94' title="bbox 146 4787 1719 4861; baseline 0.006 -24"><span class='ocrx_word' id='word_1_705' title='bbox 146 4787 237 4838; x_wconf 77' lang='grc' dir='ltr'>καὶ</span> <span class='ocrx_word' id='word_1_706' title='bbox 264 4787 346 4839; x_wconf 84' lang='grc' dir='ltr'>ὅτι</span> <span class='ocrx_word' id='word_1_707' title='bbox 372 4789 434 4840; x_wconf 85' lang='grc' dir='ltr'>οὐ</span> <span class='ocrx_word' id='word_1_708' title='bbox 468 4787 678 4850; x_wconf 81' lang='grc' dir='ltr'>πάντας</span> <span class='ocrx_word' id='word_1_709' title='bbox 709 4795 1008 4861; x_wconf 87' lang='grc' dir='ltr'>χειροτονεῖ</span> <span class='ocrx_word' id='word_1_710' title='bbox 1035 4793 1064 4857; x_wconf 77' lang='grc' dir='ltr'>ὁ</span> <span class='ocrx_word' id='word_1_711' title='bbox 1093 4792 1247 4856; x_wconf 80' lang='grc' dir='ltr'>Θεὸς,</span> <span class='ocrx_word' id='word_1_712' title='bbox 1286 4792 1377 4847; x_wconf 80' lang='grc' dir='ltr'>διὰ</span> <span class='ocrx_word' id='word_1_713' title='bbox 1403 4795 1620 4847; x_wconf 88' lang='grc' dir='ltr'>πάντων</span> <span class='ocrx_word' id='word_1_714' title='bbox 1657 4794 1719 4847; x_wconf 75' lang='grc' dir='ltr'>δέ</span> 
     </span>
    </p>
   </div>
   <div class='ocr_carea' id='block_1_95' title="bbox 143 4877 1714 4950">
    <p class='ocr_par' dir='ltr' id='par_1_95' title="bbox 143 4877 1714 4950">
     <span class='ocr_line' id='line_1_95' title="bbox 143 4877 1714 4950; baseline 0.007 -23"><span class='ocrx_word' id='word_1_715' title='bbox 143 4877 377 4947; x_wconf 79' lang='grc' dir='ltr'>ἐνεργεῖ,</span> <span class='ocrx_word' id='word_1_716' title='bbox 424 4879 513 4933; x_wconf 81' lang='grc' dir='ltr'>διὰ</span> <span class='ocrx_word' id='word_1_717' title='bbox 551 4880 612 4933; x_wconf 85' lang='grc' dir='ltr'>τὸ</span> <span class='ocrx_word' id='word_1_718' title='bbox 644 4882 888 4950; x_wconf 81' lang='grc' dir='ltr'>σωθῆναι</span> <span class='ocrx_word' id='word_1_719' title='bbox 923 4883 1015 4935; x_wconf 70' lang='grc' dir='ltr'>τὸν</span> <span class='ocrx_word' id='word_1_720' title='bbox 1042 4883 1174 4937; x_wconf 82' lang='grc' dir='ltr'>λαόν</span> <span class='ocrx_word' id='word_1_721' title='bbox 1199 4899 1211 4912; x_wconf 88' lang='grc'><strong>·</strong></span> <span class='ocrx_word' id='word_1_722' title='bbox 1250 4886 1344 4937; x_wconf 76' lang='grc' dir='ltr'>καὶ</span> <span class='ocrx_word' id='word_1_723' title='bbox 1387 4886 1469 4937; x_wconf 82' lang='grc' dir='ltr'>ὅτι</span> <span class='ocrx_word' id='word_1_724' title='bbox 1500 4887 1566 4937; x_wconf 86' lang='grc' dir='ltr'>ἐκ</span> <span class='ocrx_word' id='word_1_725' title='bbox 1618 4885 1714 4938; x_wconf 88' lang='grc' dir='ltr'>τοῦ</span> 
     </span>
    </p>
   </div>
   <div class='ocr_carea' id='block_1_96' title="bbox 142 4970 1714 5046">
    <p class='ocr_par' dir='ltr' id='par_1_96' title="bbox 142 4970 1714 5046">
     <span class='ocr_line' id='line_1_96' title="bbox 142 4970 1714 5046; baseline 0.007 -26"><span class='ocrx_word' id='word_1_726' title='bbox 142 4970 489 5039; x_wconf 70' lang='grc' dir='ltr'>προσεθίζειν</span> <span class='ocrx_word' id='word_1_727' title='bbox 530 4972 678 5041; x_wconf 79' lang='grc' dir='ltr'>ἡμᾶς</span> <span class='ocrx_word' id='word_1_728' title='bbox 728 4977 1093 5045; x_wconf 82' lang='grc' dir='ltr'>καταφρονεῖν</span> <span class='ocrx_word' id='word_1_729' title='bbox 1127 4974 1236 5028; x_wconf 91' lang='grc' dir='ltr'>τῶν</span> <span class='ocrx_word' id='word_1_730' title='bbox 1279 4976 1492 5046; x_wconf 84' lang='grc' dir='ltr'>ἱερέων,</span> <span class='ocrx_word' id='word_1_731' title='bbox 1542 4994 1714 5031; x_wconf 84' lang='grc' dir='ltr'>κατα-</span> 
     </span>
    </p>
   </div>
   <div class='ocr_carea' id='block_1_97' title="bbox 141 5062 877 5129">
    <p class='ocr_par' dir='ltr' id='par_1_97' title="bbox 141 5062 877 5129">
     <span class='ocr_line' id='line_1_97' title="bbox 141 5062 877 5129; baseline 0.008 -16"><span class='ocrx_word' id='word_1_732' title='bbox 141 5062 449 5129; x_wconf 81' lang='grc' dir='ltr'>φρονοῦμεν</span> <span class='ocrx_word' id='word_1_733' title='bbox 478 5064 572 5116; x_wconf 73' lang='grc' dir='ltr'>καὶ</span> <span class='ocrx_word' id='word_1_734' title='bbox 598 5064 695 5118; x_wconf 83' lang='grc' dir='ltr'>τοῦ</span> <span class='ocrx_word' id='word_1_735' title='bbox 718 5066 877 5120; x_wconf 86' lang='grc' dir='ltr'>Θεοῦ.</span> 
     </span>
    </p>
   </div>
   <div class='ocr_carea' id='block_1_98' title="bbox 216 5152 1715 5223">
    <p class='ocr_par' dir='ltr' id='par_1_98' title="bbox 216 5152 1715 5223">
     <span class='ocr_line' id='line_1_98' title="bbox 216 5152 1715 5223; baseline 0.005 -20"><span class='ocrx_word' id='word_1_736' title='bbox 216 5158 322 5219; x_wconf 86' lang='grc' dir='ltr'>μα’.</span> <span class='ocrx_word' id='word_1_737' title='bbox 360 5152 495 5223; x_wconf 66' lang='grc' dir='ltr'>Περὶ</span> <span class='ocrx_word' id='word_1_738' title='bbox 529 5155 919 5223; x_wconf 83' lang='grc' dir='ltr'>προχειρίσεως</span> <span class='ocrx_word' id='word_1_739' title='bbox 959 5156 1238 5220; x_wconf 80' lang='grc' dir='ltr'>ἐξουσιῶν,</span> <span class='ocrx_word' id='word_1_740' title='bbox 1274 5158 1365 5209; x_wconf 78' lang='grc' dir='ltr'>καὶ</span> <span class='ocrx_word' id='word_1_741' title='bbox 1395 5158 1477 5211; x_wconf 87' lang='grc' dir='ltr'>ὅτι</span> <span class='ocrx_word' id='word_1_742' title='bbox 1506 5158 1567 5210; x_wconf 83' lang='grc' dir='ltr'>οῦ</span> <span class='ocrx_word' id='word_1_743' title='bbox 1604 5157 1715 5210; x_wconf 80' lang='grc' dir='ltr'>πά-</span> 
     </span>
    </p>
   </div>
   <div class='ocr_carea' id='block_1_99' title="bbox 142 5245 1713 5319">
    <p class='ocr_par' dir='ltr' id='par_1_99' title="bbox 142 5245 1713 5319">
     <span class='ocr_line' id='line_1_99' title="bbox 142 5245 1713 5319; baseline 0.008 -23"><span class='ocrx_word' id='word_1_744' title='bbox 142 5260 245 5307; x_wconf 90' lang='grc' dir='ltr'>σας</span> <span class='ocrx_word' id='word_1_745' title='bbox 292 5245 391 5315; x_wconf 82' lang='grc' dir='ltr'>μέν</span> <span class='ocrx_word' id='word_1_746' title='bbox 442 5245 540 5309; x_wconf 66' lang='grc' dir='ltr'>τὰς</span> <span class='ocrx_word' id='word_1_747' title='bbox 587 5248 840 5312; x_wconf 80' lang='grc' dir='ltr'>ἐξουσίας</span> <span class='ocrx_word' id='word_1_748' title='bbox 882 5251 1289 5319; x_wconf 78' lang='grc' dir='ltr'>προχειρίζεται</span> <span class='ocrx_word' id='word_1_749' title='bbox 1334 5254 1363 5304; x_wconf 86' lang='grc' dir='ltr'>ό</span> <span class='ocrx_word' id='word_1_750' title='bbox 1414 5253 1565 5317; x_wconf 80' lang='grc' dir='ltr'>Θεὸς,</span> <span class='ocrx_word' id='word_1_751' title='bbox 1625 5254 1713 5308; x_wconf 78' lang='grc' dir='ltr'>διὰ</span> 
     </span>
    </p>
   </div>
   <div class='ocr_carea' id='block_1_100' title="bbox 138 5337 1712 5415">
    <p class='ocr_par' dir='ltr' id='par_1_100' title="bbox 138 5337 1712 5415">
     <span class='ocr_line' id='line_1_100' title="bbox 138 5337 1712 5415; baseline 0.006 -26"><span class='ocrx_word' id='word_1_752' title='bbox 138 5337 333 5390; x_wconf 82' lang='grc' dir='ltr'>πασῶν</span> <span class='ocrx_word' id='word_1_753' title='bbox 384 5338 439 5390; x_wconf 90' lang='grc' dir='ltr'>δέ</span> <span class='ocrx_word' id='word_1_754' title='bbox 479 5341 810 5410; x_wconf 81' lang='grc' dir='ltr'>ἐνεργειῶν·</span> <span class='ocrx_word' id='word_1_755' title='bbox 859 5344 953 5395; x_wconf 78' lang='grc' dir='ltr'>καὶ</span> <span class='ocrx_word' id='word_1_756' title='bbox 995 5344 1078 5395; x_wconf 83' lang='grc' dir='ltr'>ὃτι</span> <span class='ocrx_word' id='word_1_757' title='bbox 1124 5343 1531 5415; x_wconf 76' lang='grc' dir='ltr'>προχειρίζεται</span> <span class='ocrx_word' id='word_1_758' title='bbox 1582 5346 1712 5399; x_wconf 84' lang='grc' dir='ltr'>πολ-</span> 
     </span>
    </p>
   </div>
   <div class='ocr_carea' id='block_1_101' title="bbox 134 5430 1714 5504">
    <p class='ocr_par' dir='ltr' id='par_1_101' title="bbox 134 5430 1714 5504">
     <span class='ocr_line' id='line_1_101' title="bbox 134 5430 1714 5504; baseline 0.006 -22"><span class='ocrx_word' id='word_1_759' title='bbox 134 5430 297 5493; x_wconf 86' lang='grc' dir='ltr'>λάκις</span> <span class='ocrx_word' id='word_1_760' title='bbox 322 5432 413 5483; x_wconf 75' lang='grc' dir='ltr'>καὶ</span> <span class='ocrx_word' id='word_1_761' title='bbox 434 5432 686 5499; x_wconf 80' lang='grc' dir='ltr'>ἀναξίους</span> <span class='ocrx_word' id='word_1_762' title='bbox 710 5434 740 5485; x_wconf 83' lang='grc' dir='ltr'>ό</span> <span class='ocrx_word' id='word_1_763' title='bbox 775 5434 927 5500; x_wconf 77' lang='grc' dir='ltr'>Θεὸς,</span> <span class='ocrx_word' id='word_1_764' title='bbox 954 5436 1049 5489; x_wconf 74' lang='grc' dir='ltr'>καὶ</span> <span class='ocrx_word' id='word_1_765' title='bbox 1076 5438 1252 5503; x_wconf 82' lang='grc' dir='ltr'>οἱμὲν</span> <span class='ocrx_word' id='word_1_766' title='bbox 1276 5437 1439 5501; x_wconf 80' lang='grc' dir='ltr'>ἄξιοι,</span> <span class='ocrx_word' id='word_1_767' title='bbox 1473 5437 1548 5501; x_wconf 84' lang='grc' dir='ltr'>ὡς</span> <span class='ocrx_word' id='word_1_768' title='bbox 1573 5438 1714 5504; x_wconf 75' lang='grc' dir='ltr'>ἄξιοι</span> 
     </span>
    </p>
   </div>
   <div class='ocr_carea' id='block_1_102' title="bbox 133 5522 1714 5596">
    <p class='ocr_par' dir='ltr' id='par_1_102' title="bbox 133 5522 1714 5596">
     <span class='ocr_line' id='line_1_102' title="bbox 133 5522 1714 5596; baseline 0.007 -25"><span class='ocrx_word' id='word_1_769' title='bbox 133 5522 595 5592; x_wconf 77' lang='grc' dir='ltr'>προχειρίζονται,</span> <span class='ocrx_word' id='word_1_770' title='bbox 630 5524 683 5576; x_wconf 82' lang='grc' dir='ltr'>οἱ</span> <span class='ocrx_word' id='word_1_771' title='bbox 727 5525 787 5577; x_wconf 75' lang='grc' dir='ltr'>δὲ</span> <span class='ocrx_word' id='word_1_772' title='bbox 834 5526 1045 5592; x_wconf 81' lang='grc' dir='ltr'>ἀνάξιοι</span> <span class='ocrx_word' id='word_1_773' title='bbox 1088 5528 1223 5596; x_wconf 82' lang='grc' dir='ltr'>πρὸς</span> <span class='ocrx_word' id='word_1_774' title='bbox 1256 5527 1504 5580; x_wconf 82' lang='grc' dir='ltr'>παιδείαν</span> <span class='ocrx_word' id='word_1_775' title='bbox 1551 5528 1714 5582; x_wconf 82' lang='grc' dir='ltr'>πάλιν</span> 
     </span>
    </p>
   </div>
   <div class='ocr_carea' id='block_1_103' title="bbox 132 5612 1713 5688">
    <p class='ocr_par' dir='ltr' id='par_1_103' title="bbox 132 5612 1713 5688">
     <span class='ocr_line' id='line_1_103' title="bbox 132 5612 1713 5688; baseline 0.008 -23"><span class='ocrx_word' id='word_1_776' title='bbox 132 5612 251 5667; x_wconf 85' lang='grc' dir='ltr'>τῶν</span> <span class='ocrx_word' id='word_1_777' title='bbox 287 5615 708 5685; x_wconf 84' lang='grc' dir='ltr'>ἁμαρτανόντων</span> <span class='ocrx_word' id='word_1_778' title='bbox 737 5634 750 5647; x_wconf 91' lang='grc'>·</span> <span class='ocrx_word' id='word_1_779' title='bbox 796 5620 891 5671; x_wconf 79' lang='grc' dir='ltr'>καὶ</span> <span class='ocrx_word' id='word_1_780' title='bbox 926 5620 1010 5672; x_wconf 84' lang='grc' dir='ltr'>ὅτι</span> <span class='ocrx_word' id='word_1_781' title='bbox 1048 5618 1127 5688; x_wconf 82' lang='grc' dir='ltr'>τῷ</span> <span class='ocrx_word' id='word_1_782' title='bbox 1160 5619 1308 5688; x_wconf 75' lang='grc' dir='ltr'>αὐτῷ</span> <span class='ocrx_word' id='word_1_783' title='bbox 1336 5620 1525 5688; x_wconf 84' lang='grc' dir='ltr'>τρόπῳ</span> <span class='ocrx_word' id='word_1_784' title='bbox 1570 5622 1713 5677; x_wconf 81' lang='grc' dir='ltr'>κατὰ</span> 
     </span>
    </p>
   </div>
   <div class='ocr_carea' id='block_1_104' title="bbox 134 5704 1710 5783">
    <p class='ocr_par' dir='ltr' id='par_1_104' title="bbox 134 5704 1710 5783">
     <span class='ocr_line' id='line_1_104' title="bbox 134 5704 1710 5783; baseline 0.006 -26"><span class='ocrx_word' id='word_1_785' title='bbox 134 5704 355 5761; x_wconf 82' lang='grc' dir='ltr'>δικαίαν</span> <span class='ocrx_word' id='word_1_786' title='bbox 400 5706 584 5777; x_wconf 77' lang='grc' dir='ltr'>κρίσιν</span> <span class='ocrx_word' id='word_1_787' title='bbox 631 5708 770 5764; x_wconf 84' lang='grc' dir='ltr'>Θεοῦ</span> <span class='ocrx_word' id='word_1_788' title='bbox 820 5707 1225 5783; x_wconf 72' lang='grc' dir='ltr'>παραδιδόμεθα</span> <span class='ocrx_word' id='word_1_789' title='bbox 1269 5712 1327 5764; x_wconf 80' lang='grc' dir='ltr'>ἐν</span> <span class='ocrx_word' id='word_1_790' title='bbox 1360 5713 1471 5776; x_wconf 86' lang='grc' dir='ltr'>τοῖς</span> <span class='ocrx_word' id='word_1_791' title='bbox 1506 5712 1710 5777; x_wconf 75' lang='grc' dir='ltr'>ἔθνεσι,</span> 
     </span>
    </p>
   </div>
   <div class='ocr_carea' id='block_1_105' title="bbox 1823 4527 3403 4600">
    <p class='ocr_par' dir='ltr' id='par_1_105' title="bbox 1823 4527 3403 4600">
     <span class='ocr_line' id='line_1_105' title="bbox 1823 4527 3403 4600; baseline 0.002 -18"><span class='ocrx_word' id='word_1_792' title='bbox 1823 4529 2030 4597; x_wconf 86' lang='lat' dir='ltr'><strong>majore</strong></span> <span class='ocrx_word' id='word_1_793' title='bbox 2068 4528 2306 4597; x_wconf 89' lang='lat' dir='ltr'><strong>quodam</strong></span> <span class='ocrx_word' id='word_1_794' title='bbox 2342 4527 2624 4581; x_wconf 82' lang='lat' dir='ltr'><strong>sacerdote</strong></span> <span class='ocrx_word' id='word_1_795' title='bbox 2660 4539 2759 4583; x_wconf 90' lang='lat' dir='ltr'>:et</span> <span class='ocrx_word' id='word_1_796' title='bbox 2790 4530 2936 4597; x_wconf 90' lang='lat' dir='ltr'><strong>quod</strong></span> <span class='ocrx_word' id='word_1_797' title='bbox 2989 4531 3077 4584; x_wconf 92' lang='lat' dir='ltr'><strong>ille</strong></span> <span class='ocrx_word' id='word_1_798' title='bbox 3122 4531 3216 4600; x_wconf 89' lang='lat' dir='ltr'><strong>qui</strong></span> <span class='ocrx_word' id='word_1_799' title='bbox 3250 4539 3403 4587; x_wconf 83' lang='lat' dir='ltr'><strong>recte</strong></span> 
     </span>
    </p>
   </div>
   <div class='ocr_carea' id='block_1_106' title="bbox 1820 4618 3396 4692">
    <p class='ocr_par' dir='ltr' id='par_1_106' title="bbox 1820 4618 3396 4692">
     <span class='ocr_line' id='line_1_106' title="bbox 1820 4618 3396 4692; baseline 0.004 -20"><span class='ocrx_word' id='word_1_800' title='bbox 1820 4634 1927 4672; x_wconf 91' lang='lat' dir='ltr'><strong>non</strong></span> <span class='ocrx_word' id='word_1_801' title='bbox 1962 4618 2129 4686; x_wconf 79' lang='lat' dir='ltr'><strong>degit,</strong></span> <span class='ocrx_word' id='word_1_802' title='bbox 2165 4632 2273 4671; x_wconf 91' lang='lat' dir='ltr'><strong>non</strong></span> <span class='ocrx_word' id='word_1_803' title='bbox 2310 4618 2569 4673; x_wconf 88' lang='lat' dir='ltr'><strong>sacerdos</strong></span> <span class='ocrx_word' id='word_1_804' title='bbox 2608 4628 2718 4684; x_wconf 87' lang='lat' dir='ltr'><strong>est;</strong></span> <span class='ocrx_word' id='word_1_805' title='bbox 2765 4630 2818 4673; x_wconf 88' lang='lat' dir='ltr'>et</span> <span class='ocrx_word' id='word_1_806' title='bbox 2852 4621 2997 4690; x_wconf 91' lang='lat' dir='ltr'><strong>quod</strong></span> <span class='ocrx_word' id='word_1_807' title='bbox 3030 4638 3138 4675; x_wconf 90' lang='lat' dir='ltr'>non</span> <span class='ocrx_word' id='word_1_808' title='bbox 3181 4632 3396 4692; x_wconf 86' lang='lat' dir='ltr'><strong>oportet</strong></span> 
     </span>
    </p>
   </div>
   <div class='ocr_carea' id='block_1_107' title="bbox 1818 4711 3396 4784">
    <p class='ocr_par' dir='ltr' id='par_1_107' title="bbox 1818 4711 3396 4784">
     <span class='ocr_line' id='line_1_107' title="bbox 1818 4711 3396 4784; baseline 0.003 -19"><span class='ocrx_word' id='word_1_809' title='bbox 1818 4711 2177 4765; x_wconf 79' lang='lat' dir='ltr'><strong>seandalizari</strong></span> <span class='ocrx_word' id='word_1_810' title='bbox 2212 4722 2431 4779; x_wconf 85' lang='lat' dir='ltr'><strong>propter</strong></span> <span class='ocrx_word' id='word_1_811' title='bbox 2456 4725 2518 4767; x_wconf 88' lang='lat' dir='ltr'>ea</span> <span class='ocrx_word' id='word_1_812' title='bbox 2550 4727 2673 4781; x_wconf 58' lang='lat' dir='ltr'><strong>qua!</strong></span> <span class='ocrx_word' id='word_1_813' title='bbox 2706 4713 2841 4768; x_wconf 79' lang='lat' dir='ltr'><strong>tinet</strong></span> <span class='ocrx_word' id='word_1_814' title='bbox 2873 4715 2944 4769; x_wconf 87' lang='lat' dir='ltr'><strong>ob</strong></span> <span class='ocrx_word' id='word_1_815' title='bbox 2977 4715 3277 4784; x_wconf 83' lang='lat' dir='ltr'><strong>nequitiam</strong></span> <span class='ocrx_word' id='word_1_816' title='bbox 3306 4731 3396 4769; x_wconf 84' lang='lat' dir='ltr'><strong>sa-</strong></span> 
     </span>
    </p>
   </div>
   <div class='ocr_carea' id='block_1_108' title="bbox 1816 4802 3396 4875">
    <p class='ocr_par' dir='ltr' id='par_1_108' title="bbox 1816 4802 3396 4875">
     <span class='ocr_line' id='line_1_108' title="bbox 1816 4802 3396 4875; baseline 0.002 -17"><span class='ocrx_word' id='word_1_817' title='bbox 1816 4802 2053 4859; x_wconf 85' lang='lat' dir='ltr'><strong>cerdotis</strong></span> <span class='ocrx_word' id='word_1_818' title='bbox 2080 4820 2094 4868; x_wconf 85' lang='lat'><strong>;</strong></span> <span class='ocrx_word' id='word_1_819' title='bbox 2118 4812 2173 4856; x_wconf 90' lang='lat' dir='ltr'>et</span> <span class='ocrx_word' id='word_1_820' title='bbox 2199 4804 2343 4872; x_wconf 83' lang='lat' dir='ltr'><strong>quod</strong></span> <span class='ocrx_word' id='word_1_821' title='bbox 2364 4818 2468 4857; x_wconf 93' lang='lat' dir='ltr'><strong>non</strong></span> <span class='ocrx_word' id='word_1_822' title='bbox 2499 4816 2691 4859; x_wconf 87' lang='lat' dir='ltr'><strong>omnes</strong></span> <span class='ocrx_word' id='word_1_823' title='bbox 2720 4805 2938 4860; x_wconf 81' lang='lat' dir='ltr'><strong>ordinat</strong></span> <span class='ocrx_word' id='word_1_824' title='bbox 2970 4805 3136 4871; x_wconf 82' lang='lat' dir='ltr'><strong>Deus,</strong></span> <span class='ocrx_word' id='word_1_825' title='bbox 3160 4823 3256 4875; x_wconf 78' lang='lat' dir='ltr'>per</span> <span class='ocrx_word' id='word_1_826' title='bbox 3275 4822 3396 4861; x_wconf 88' lang='lat' dir='ltr'>om-</span> 
     </span>
    </p>
   </div>
   <div class='ocr_carea' id='block_1_109' title="bbox 1817 4894 3391 4966">
    <p class='ocr_par' dir='ltr' id='par_1_109' title="bbox 1817 4894 3391 4966">
     <span class='ocr_line' id='line_1_109' title="bbox 1817 4894 3391 4966; baseline 0.003 -19"><span class='ocrx_word' id='word_1_827' title='bbox 1817 4905 2108 4949; x_wconf 73' lang='lat' dir='ltr'><strong>nrsauteat</strong></span> <span class='ocrx_word' id='word_1_828' title='bbox 2133 4904 2389 4962; x_wconf 87' lang='lat' dir='ltr'><strong>operatur</strong></span> <span class='ocrx_word' id='word_1_829' title='bbox 2415 4894 2481 4948; x_wconf 86' lang='lat' dir='ltr'><strong>ad</strong></span> <span class='ocrx_word' id='word_1_830' title='bbox 2510 4894 2831 4949; x_wconf 84' lang='lat' dir='ltr'><strong>salvandnm</strong></span> <span class='ocrx_word' id='word_1_831' title='bbox 2851 4896 3133 4965; x_wconf 88' lang='lat' dir='ltr'><strong>populum,</strong></span> <span class='ocrx_word' id='word_1_832' title='bbox 3158 4906 3211 4951; x_wconf 88' lang='lat' dir='ltr'>et</span> <span class='ocrx_word' id='word_1_833' title='bbox 3244 4898 3391 4966; x_wconf 84' lang='lat' dir='ltr'><strong>quod</strong></span> 
     </span>
    </p>
   </div>
   <div class='ocr_carea' id='block_1_110' title="bbox 1815 4986 3391 5051">
    <p class='ocr_par' dir='ltr' id='par_1_110' title="bbox 1815 4986 3391 5051">
     <span class='ocr_line' id='line_1_110' title="bbox 1815 4986 3391 5051; baseline 0.003 -12"><span class='ocrx_word' id='word_1_834' title='bbox 1815 4988 2184 5041; x_wconf 82' lang='lat' dir='ltr'><strong>assuesccndo</strong></span> <span class='ocrx_word' id='word_1_835' title='bbox 2224 4986 2293 5039; x_wconf 86' lang='lat' dir='ltr'><strong>ad</strong></span> <span class='ocrx_word' id='word_1_836' title='bbox 2338 4988 2793 5042; x_wconf 76' lang='lat' dir='ltr'><strong>contemnendum</strong></span> <span class='ocrx_word' id='word_1_837' title='bbox 2837 4987 3187 5051; x_wconf 81' lang='lat' dir='ltr'><strong>sacerdotes.</strong></span> <span class='ocrx_word' id='word_1_838' title='bbox 3220 4989 3391 5044; x_wconf 82' lang='lat' dir='ltr'><strong>Deum</strong></span> 
     </span>
    </p>
   </div>
   <div class='ocr_carea' id='block_1_111' title="bbox 1815 5077 2448 5147">
    <p class='ocr_par' dir='ltr' id='par_1_111' title="bbox 1815 5077 2448 5147">
     <span class='ocr_line' id='line_1_111' title="bbox 1815 5077 2448 5147; baseline 0.006 -18"><span class='ocrx_word' id='word_1_839' title='bbox 1815 5077 1993 5147; x_wconf 85' lang='lat' dir='ltr'><strong>ipsum</strong></span> <span class='ocrx_word' id='word_1_840' title='bbox 2028 5077 2448 5133; x_wconf 87' lang='lat' dir='ltr'><strong>contemnimus.</strong></span> 
     </span>
    </p>
   </div>
   <div class='ocr_carea' id='block_1_112' title="bbox 1884 5165 3385 5238">
    <p class='ocr_par' dir='ltr' id='par_1_112' title="bbox 1884 5165 3385 5238">
     <span class='ocr_line' id='line_1_112' title="bbox 1884 5165 3385 5238; baseline 0.003 -19"><span class='ocrx_word' id='word_1_841' title='bbox 1884 5166 1972 5219; x_wconf 69' lang='grc'>41.</span> <span class='ocrx_word' id='word_1_842' title='bbox 2014 5165 2085 5218; x_wconf 73' lang='lat' dir='ltr'><strong>[te</strong></span> <span class='ocrx_word' id='word_1_843' title='bbox 2142 5169 2528 5234; x_wconf 84' lang='lat' dir='ltr'><strong>procuratione</strong></span> <span class='ocrx_word' id='word_1_844' title='bbox 2581 5167 2925 5237; x_wconf 77' lang='lat' dir='ltr'><strong>dignitatum,</strong></span> <span class='ocrx_word' id='word_1_845' title='bbox 2984 5176 3038 5221; x_wconf 88' lang='lat' dir='ltr'>et</span> <span class='ocrx_word' id='word_1_846' title='bbox 3083 5170 3228 5238; x_wconf 91' lang='lat' dir='ltr'><strong>quod</strong></span> <span class='ocrx_word' id='word_1_847' title='bbox 3280 5186 3385 5223; x_wconf 90' lang='lat' dir='ltr'>non</span> 
     </span>
    </p>
   </div>
   <div class='ocr_carea' id='block_1_113' title="bbox 1813 5256 3389 5326">
    <p class='ocr_par' dir='ltr' id='par_1_113' title="bbox 1813 5256 3389 5326">
     <span class='ocr_line' id='line_1_113' title="bbox 1813 5256 3389 5326; baseline 0.001 -16"><span class='ocrx_word' id='word_1_848' title='bbox 1813 5272 2007 5310; x_wconf 82' lang='lat' dir='ltr'><strong>omnes</strong></span> <span class='ocrx_word' id='word_1_849' title='bbox 2061 5256 2354 5325; x_wconf 79' lang='lat' dir='ltr'><strong>dignitates</strong></span> <span class='ocrx_word' id='word_1_850' title='bbox 2407 5268 2662 5326; x_wconf 85' lang='lat' dir='ltr'><strong>procurat</strong></span> <span class='ocrx_word' id='word_1_851' title='bbox 2716 5259 2878 5321; x_wconf 79' lang='lat' dir='ltr'><strong>Deus,</strong></span> <span class='ocrx_word' id='word_1_852' title='bbox 2936 5259 3033 5313; x_wconf 83' lang='lat' dir='ltr'>sed</span> <span class='ocrx_word' id='word_1_853' title='bbox 3071 5275 3167 5326; x_wconf 84' lang='lat' dir='ltr'>per</span> <span class='ocrx_word' id='word_1_854' title='bbox 3197 5275 3389 5314; x_wconf 73' lang='lat' dir='ltr'><strong>omnc-s</strong></span> 
     </span>
    </p>
   </div>
   <div class='ocr_carea' id='block_1_114' title="bbox 1813 5348 3389 5421">
    <p class='ocr_par' dir='ltr' id='par_1_114' title="bbox 1813 5348 3389 5421">
     <span class='ocr_line' id='line_1_114' title="bbox 1813 5348 3389 5421; baseline 0.005 -23"><span class='ocrx_word' id='word_1_855' title='bbox 1813 5348 2161 5414; x_wconf 80' lang='lat' dir='ltr'><strong>operationes</strong></span> <span class='ocrx_word' id='word_1_856' title='bbox 2204 5356 2617 5418; x_wconf 86' lang='lat' dir='ltr'><strong>procurantur:</strong></span> <span class='ocrx_word' id='word_1_857' title='bbox 2662 5358 2711 5403; x_wconf 90' lang='lat' dir='ltr'>et</span> <span class='ocrx_word' id='word_1_858' title='bbox 2774 5350 2920 5419; x_wconf 89' lang='lat' dir='ltr'><strong>quod</strong></span> <span class='ocrx_word' id='word_1_859' title='bbox 2965 5351 3141 5405; x_wconf 88' lang='lat' dir='ltr'><strong>elevat</strong></span> <span class='ocrx_word' id='word_1_860' title='bbox 3188 5352 3389 5421; x_wconf 70' lang='lat' dir='ltr'><strong>srpius</strong></span> 
     </span>
    </p>
   </div>
   <div class='ocr_carea' id='block_1_115' title="bbox 1814 5436 3381 5510">
    <p class='ocr_par' dir='ltr' id='par_1_115' title="bbox 1814 5436 3381 5510">
     <span class='ocr_line' id='line_1_115' title="bbox 1814 5436 3381 5510; baseline 0.005 -22"><span class='ocrx_word' id='word_1_861' title='bbox 1814 5436 1957 5492; x_wconf 84' lang='lat' dir='ltr'><strong>Deus</strong></span> <span class='ocrx_word' id='word_1_862' title='bbox 1988 5438 2259 5507; x_wconf 68' lang='lat' dir='ltr'><strong>indignos,</strong></span> <span class='ocrx_word' id='word_1_863' title='bbox 2286 5448 2343 5493; x_wconf 88' lang='lat' dir='ltr'>et</span> <span class='ocrx_word' id='word_1_864' title='bbox 2368 5438 2517 5510; x_wconf 79' lang='lat' dir='ltr'><strong>digni</strong></span> <span class='ocrx_word' id='word_1_865' title='bbox 2550 5440 2770 5508; x_wconf 89' lang='lat' dir='ltr'><strong>quidem</strong></span> <span class='ocrx_word' id='word_1_866' title='bbox 2800 5448 2859 5494; x_wconf 92' lang='lat' dir='ltr'><strong>nt</strong></span> <span class='ocrx_word' id='word_1_867' title='bbox 2891 5440 3039 5510; x_wconf 76' lang='lat' dir='ltr'><strong>digni</strong></span> <span class='ocrx_word' id='word_1_868' title='bbox 3075 5442 3381 5506; x_wconf 83' lang='lat' dir='ltr'><strong>elevantur,</strong></span> 
     </span>
    </p>
   </div>
   <div class='ocr_carea' id='block_1_116' title="bbox 1815 5527 3384 5601">
    <p class='ocr_par' dir='ltr' id='par_1_116' title="bbox 1815 5527 3384 5601">
     <span class='ocr_line' id='line_1_116' title="bbox 1815 5527 3384 5601; baseline 0.006 -21"><span class='ocrx_word' id='word_1_869' title='bbox 1815 5527 2020 5596; x_wconf 74' lang='lat' dir='ltr'><strong>indigni</strong></span> <span class='ocrx_word' id='word_1_870' title='bbox 2072 5539 2255 5583; x_wconf 84' lang='lat' dir='ltr'><strong>autem</strong></span> <span class='ocrx_word' id='word_1_871' title='bbox 2311 5530 2378 5584; x_wconf 87' lang='lat' dir='ltr'>ad</span> <span class='ocrx_word' id='word_1_872' title='bbox 2428 5532 2828 5586; x_wconf 85' lang='lat' dir='ltr'><strong>correctionem</strong></span> <span class='ocrx_word' id='word_1_873' title='bbox 2882 5535 3262 5601; x_wconf 81' lang='lat' dir='ltr'><strong>peccantium;</strong></span> <span class='ocrx_word' id='word_1_874' title='bbox 3329 5548 3384 5590; x_wconf 87' lang='lat' dir='ltr'>et</span> 
     </span>
    </p>
   </div>
   <div class='ocr_carea' id='block_1_117' title="bbox 1813 5619 3381 5694">
    <p class='ocr_par' dir='ltr' id='par_1_117' title="bbox 1813 5619 3381 5694">
     <span class='ocr_line' id='line_1_117' title="bbox 1813 5619 3381 5694; baseline 0.004 -20"><span class='ocrx_word' id='word_1_875' title='bbox 1813 5619 1963 5689; x_wconf 85' lang='lat' dir='ltr'><strong>quod</strong></span> <span class='ocrx_word' id='word_1_876' title='bbox 1990 5619 2184 5675; x_wconf 85' lang='lat' dir='ltr'><strong>eodem</strong></span> <span class='ocrx_word' id='word_1_877' title='bbox 2215 5620 2379 5675; x_wconf 89' lang='lat' dir='ltr'><strong>modo</strong></span> <span class='ocrx_word' id='word_1_878' title='bbox 2424 5623 2724 5677; x_wconf 81' lang='lat' dir='ltr'><strong>secundum</strong></span> <span class='ocrx_word' id='word_1_879' title='bbox 2747 5623 2956 5691; x_wconf 82' lang='lat' dir='ltr'><strong>justum</strong></span> <span class='ocrx_word' id='word_1_880' title='bbox 2988 5624 3080 5679; x_wconf 86' lang='lat' dir='ltr'>Dei</span> <span class='ocrx_word' id='word_1_881' title='bbox 3115 5625 3381 5694; x_wconf 83' lang='lat' dir='ltr'><strong>judicium</strong></span> 
     </span>
    </p>
   </div>
   <div class='ocr_carea' id='block_1_118' title="bbox 1818 5715 3383 5785">
    <p class='ocr_par' dir='ltr' id='par_1_118' title="bbox 1818 5715 3383 5785">
     <span class='ocr_line' id='line_1_118' title="bbox 1818 5715 3383 5785; baseline 0.004 -17"><span class='ocrx_word' id='word_1_882' title='bbox 1818 5715 2083 5772; x_wconf 84' lang='lat' dir='ltr'><strong>tradimur</strong></span> <span class='ocrx_word' id='word_1_883' title='bbox 2116 5715 2170 5771; x_wconf 92' lang='lat' dir='ltr'><strong>in</strong></span> <span class='ocrx_word' id='word_1_884' title='bbox 2201 5716 2474 5785; x_wconf 77' lang='lat' dir='ltr'><strong>gentibus,</strong></span> <span class='ocrx_word' id='word_1_885' title='bbox 2511 5726 2566 5773; x_wconf 92' lang='lat' dir='ltr'>ct</span> <span class='ocrx_word' id='word_1_886' title='bbox 2611 5716 2681 5775; x_wconf 80' lang='lat' dir='ltr'>de</span> <span class='ocrx_word' id='word_1_887' title='bbox 2730 5716 3049 5776; x_wconf 72' lang='lat' dir='ltr'><strong>diversitate</strong></span> <span class='ocrx_word' id='word_1_888' title='bbox 3094 5720 3383 5776; x_wconf 84' lang='lat' dir='ltr'><strong>modorum</strong></span> 
     </span>
    </p>
   </div>
  </div>
