3982 6214
599 282 735 347 1375

1454 288 1840 350 OPUSCULA
1884 290 2225 350 MORALIA
2268 290 2619 353 INCERT/E
2656 280 2967 350 (ETATISJ
3595 302 3681 369 i376

580 399 1062 465 derelictionibus;
1088 408 1141 455 et
1162 402 1305 470 quod
1332 417 1440 456 non
1460 416 1523 456 ex
1548 402 1745 457 oblatis
1766 411 1819 456 et
1834 404 2152 457 consecratis

2110 404 2168 457 lis
2198 410 2241 463 Α
2274 404 2366 456 καὶ
2402 403 2533 474 περὶ
2579 402 2844 471 διαφορᾶς
2872 401 3083 470 τρόπων
3114 402 3518 473 ἐγκαταλείψεωςο
3554 416 3617 464 χιι
3638 419 3682 471 δη

582 490 685 545 sibi
717 492 1005 547 utilitatem
1034 493 1231 562 accipit
1258 493 1420 547 Deus.

652 670 743 723 ιε.
780 671 852 726 De
886 672 1087 728 divinis
1121 671 1341 741 judiciis
1385 684 1477 729 :et
1511 675 1658 743 quod
1692 676 1876 730 nullus
1929 690 1992 729 ea
2026 674 2167 729 eii'n-

582 777 708 829 gere
741 772 935 829 potest,
973 765 1119 818 sicut
1161 764 1427 820 Dominus
1463 767 1762 821 declaravit
1790 768 2001 831 dicens,
2022 766 2164 834 quod

588 852 677 905 «in
694 868 804 920 quo
830 852 1453 923 judiciojudicaveritis,
1472 856 1852 923 judicabiinini
1873 874 1921 921 ς»
1948 854 2165 926 etquod

580 945 762 997 omnia
797 944 937 1000 Deus
962 946 1235 1014 intuetur,
1264 947 1365 1002 etsi
1399 948 1651 1002 videatur
1675 948 1743 1003 ad
1792 958 2008 1018 tempus
2062 964 2160 1017 pa-

582 1033 775 1089 tienter
805 1035 1079 1090 sustinere
1102 1076 1116 1101 ,
1149 1047 1204 1092 et
1233 1054 1342 1091 non
1384 1039 1597 1093 ulcisci.

650 1124 740 1178 45.
777 1126 854 1179 De
894 1125 1221 1183 facientibus
1270 1130 1448 1199 signa,
1498 1140 1551 1186 et
1593 1132 2069 1201 prophetantibus,
2107 1141 2162 1187 et

579 1216 819 1270 visiones
852 1218 1164 1275 videntibus
1210 1237 1304 1290 per
1354 1222 1447 1276 Dei
1498 1232 1688 1276 nutum
1728 1241 1741 1276 :
1775 1233 1828 1277 et
1857 1224 2003 1291 quod
2056 1240 2161 1279 nou

578 1317 796 1375 oportet
822 1308 874 1361 in
908 1310 1037 1363 talia
1066 1312 1334 1381 aspicere,
1379 1323 1433 1366 et
1478 1329 1544 1367 ex
1593 1314 1659 1368 iis
1705 1322 1928 1368 sanctos
1960 1314 2161 1368 habere

578 1398 671 1466 qui
703 1408 893 1466 agunt,
938 1401 1031 1454 sed
1073 1402 1122 1454 iu
1179 1402 1336 1456 tidem
1378 1413 1583 1456 rectam
1626 1413 1679 1457 et
1718 1404 2156 1459 observationem

580 1491 961 1545 mandatorum
1008 1491 1131 1559 Dei;
1170 1502 1223 1547 et
1253 1494 1398 1563 quod
1435 1495 1591 1547 multi
1628 1495 1867 1548 lidelium
1903 1496 2158 1563 deplm-a-

580 1581 743 1634 bilem
776 1581 941 1635 vitam
984 1583 1271 1648 habentes,
1320 1586 1473 1655 signa
1526 1596 1578 1641 et
1614 1588 1857 1656 prodigia
1911 1597 2161 1657 patrare-

581 1684 730 1738 runt,
763 1684 817 1728 et
849 1692 994 1729 nune
1033 1686 1274 1745 patrant,
1327 1687 1379 1732 et
1425 1680 1811 1743 revelationes,
1843 1689 1896 1734 et
1926 1681 2161 1750 prephc-

2268 494 2389 546 οῦδὲ
2420 493 2528 546 τῶν
2566 491 2749 561 αὐτοῦ⁸
2776 492 3113 561 ἀνακτόρων,
3154 492 3240 544 καὶ
3270 493 3562 564 ἀναθημάτων
3581 506 3686 569 caiis-

2268 599 2357 635 ται
2392 584 2419 635 δ
2444 581 2597 644 Θεός.

2342 672 2449 742 μβν.
2494 672 2629 743 Περὶ
2670 672 2830 726 θείων
2875 671 3154 743 χριμάτων
3180 689 3192 703 ·
3223 674 3310 726 καὶ
3334 676 3403 728 ὅτι
3430 679 3563 742 οὐδεὶς
3582 684 3687 737 wh

2266 764 2572 832 ἀποφυγεῖν
2600 764 2846 826 δύναται,
2886 763 3067 827 καθὼς
3094 766 3122 817 ό
3159 765 3347 833 Κύριος
3376 769 3613 837 ἀπεφήνατο
3634 774 3689 827 λέ.

2266 873 2403 923 γων,
2427 856 2509 928 ὅτι
2549 873 2567 907 ι
2590 854 2678 908 Ἑν
2705 849 2749 922 ᾧ
2787 856 3019 926 κρίματι
3049 858 3274 925 κρίνετε,
3300 857 3612 928 κριθήσεσθεη
3632 871 3689 916 καὶ

2265 942 2347 995 ὅτι
2369 943 2545 996 πάντα
2572 944 2600 996 ὁ
2620 943 2752 1006 Θεὸς
2774 944 2968 1014 ἐφορᾷ,
2982 944 3085 997 κᾶν
3101 943 3222 1016 δόξῃ
3250 946 3366 1016 πρὸς
3393 949 3538 1017 καιρὸν
3558 968 3689 1021 μακρορ

2267 1031 2479 1103 ουμείν,
2507 1034 2601 1086 καὶ
2629 1034 2704 1105 μὴ
2734 1032 3148 1105 ἐπεξέρχεσθαι.

2340 1125 2453 1194 μγ’.
2506 1126 2643 1197 Περὶ
2702 1126 2812 1179 τῶν
2872 1126 3168 1181 ποιοῦντων
3225 1132 3419 1198 σημεῖα.
3448 1133 3520 1185 καὶ
3551 1152 3687 1205 προφη-

2266 1218 2533 1271 τευόντων
2548 1220 2642 1271 καὶ
2659 1218 3131 1288 ἐνυπνιαζομένων
3152 1221 3286 1274 κατά
3300 1223 3572 1293 συγχώρησιν
3586 1228 3685 1280 Θειῦο

2265 1309 2359 1361 καὶ
2386 1310 2469 1361 ὅτι
2499 1309 2561 1361 οὑ
2598 1308 2678 1362 δεῖ
2706 1309 2951 1379 βλέπειν,
2982 1313 3061 1374 είς
3108 1312 3173 1365 τὰ
3203 1312 3425 1375 τοιαῦτα,
3450 1316 3521 1366 καὶ
3543 1318 3587 1369 ix
3614 1321 3688 1371 wi-

2262 1416 2371 1452 των
2430 1401 2616 1468 ἁγίους
2670 1401 2816 1471 ἔχειν
2848 1403 2976 1466 τοὺς
3011 1401 3352 1469 πράσσοντας,
3381 1404 3475 1458 ἀλλ’
3501 1408 3557 1469 tl;
3575 1409 3688 1462 πίστιν

2263 1487 2450 1557 ὀρθὴν,
2498 1489 2592 1542 καὶ
2642 1490 2907 1561 ἐργασίαν
2955 1491 3067 1544 τῶν
3099 1493 3314 1545 ἐντολῶν
3374 1494 3484 1547 Θεοῦ
3513 1500 3607 1548 ’καὶ
3638 1500 3687 1551 ὅτι

2264 1578 2451 1632 πολλοὶ
2481 1581 2592 1633 τῶν
2646 1580 2854 1635 πιστῶν
2892 1581 3070 1653 ἐξώλη
3102 1583 3210 1651 βίον
3227 1583 3439 1654 ἔχοντες,
3475 1591 3614 1658 σημεῖα
3631 1593 3689 1642 καὶ

2262 1669 2466 1741 τέρατα
2504 1672 2783 1735 ἐτέλεσαν,
2816 1674 2911 1726 καὶ
2943 1674 3270 1739 ἐπιτελοῦσι,
3302 1679 3384 1730 καὶ
3425 1680 3685 1747 ἀποκαλύψεις

580 1765 683 1820 tias
712 1766 875 1821 locuti
901 1776 1050 1834 sunt,
1086 1770 1423 1839 deeipientes
1447 1781 1499 1825 et
1536 1774 1783 1841 decepti;
1821 1774 2152 1842 prepositum

2114 1789 2158 1826 [η
2196 1750 2237 1804 Β
2265 1762 2361 1813 καὶ
2419 1765 2753 1832 προφητείας
2786 1766 3083 1836 ἐλάλησαν,
3131 1766 3432 1833 πλανῶντες,
3458 1771 3527 1821 καὶ
3552 1772 3686 1823 πλανώ-

577 1858 723 1911 enim
759 1859 890 1913 illud
929 1869 1013 1915 est
1041 1862 1373 1925 daemonum,
1410 1876 1464 1918 ut
1508 1880 1605 1934 per
1639 1866 1884 1935 prodigia
1916 1868 1968 1918 in
2005 1881 2163 1920 erro-

580 1962 691 2000 rem
723 1949 923 2004 multos
964 1950 1261 2017 adducant,
1307 1955 1583 2021 quomodo
1632 1955 1806 2009 malas
1843 1971 2035 2009 eorum
2070 1971 2163 2009 ac-

580 2040 757 2093 tiones
780 2040 1141 2107 comitentur;
1178 2052 1231 2097 et
1267 2043 1505 2099 lneretiei
1535 2046 1736 2114 smpius
1772 2047 1964 2100 eodem
1997 2048 2163 2100 modo

580 2130 735 2199 signa
781 2134 1092 2201 perﬁciunt,
1125 2146 1384 2205 tanquam
1428 2155 1456 2191 a
1486 2139 1831 2193 demonibus
1874 2139 2045 2208 adjuti
2093 2140 2159 2193 ad

580 2222 962 2278 sustinendam
1016 2240 1170 2279 suam
1249 2228 1534 2292 haeresim;
1586 2231 1681 2284 sed
1740 2231 1865 2285 licet
1921 2231 2157 2294 lidelem,

507 2376 513 2382 '
578 2311 661 2364 vel
682 2312 950 2367 inﬁdelem
970 2315 1023 2368 in
1042 2317 1304 2371 exercitio
1332 2321 1578 2387 corporis
1598 2321 1818 2376 insolito
1836 2323 2155 2386 viderimus,

587 2404 675 2459 vel
706 2405 756 2458 in
787 2406 1004 2462 deserto
1033 2408 1382 2477 incolentem,
1404 2414 1486 2468 vel
1518 2412 1930 2484 Seripturarum
1964 2417 2158 2486 cogni—

578 2498 782 2551 tionem
808 2515 1058 2570 magnam
1096 2504 1407 2569 habentem,
1465 2507 1549 2561 vel
1578 2522 1646 2563 ex
1679 2508 1981 2578 improviso
2010 2510 2159 2564 Scri-

580 2600 772 2657 ptum
815 2602 1198 2660 exponentem,
1249 2612 1388 2665 quas
1436 2609 1593 2653 antea
1626 2616 1733 2653 non
1783 2611 2029 2664 noverat.
2063 2604 2147 2656 vel

580 2695 780 2749 corpus
798 2682 1027 2752 alicujus
1045 2685 1279 2740 multum
1304 2697 1426 2756 post
1450 2698 1663 2759 tempus
1686 2706 1793 2745 non
1815 2701 2158 2762 corruptum,

579 2770 661 2821 vel
697 2772 842 2825 a!ind
880 2773 1008 2842 quid
1052 2776 1181 2841 tale,
1222 2792 1329 2831 non
1362 2778 1623 2836 debemus
1659 2781 1713 2835 in
1746 2797 1990 2837 errorem
2023 2784 2160 2838 inci-

580 2860 710 2915 dere
735 2872 788 2916 et
814 2878 910 2919 eos
941 2874 1163 2921 sanctos
1186 2880 1477 2937 reputare;
1508 2873 1554 2925 si
1586 2872 1730 2927 enim
1759 2888 1865 2927 non
1891 2875 2163 2930 exsistunt

583 2949 732 3017 prius
771 2951 824 3004 in
868 2953 975 3008 illis
1004 2955 1284 3011 evidenter
1329 2958 1716 3013 mandatorum
1755 2959 1849 3016 Dei
1882 2966 2158 3031 operatio-

582 3053 700 3103 nes,
727 3052 781 3094 et
804 3041 949 3097 dona
981 3042 1241 3112 Spiritus,
1283 3062 1406 3116 quae
1433 3048 1503 3102 ab
1534 3049 1797 3119 Apostolo
1826 3066 2159 3108 enumerari-

582 3136 690 3190 tur,
723 3135 775 3181 et
806 3143 915 3183 non
946 3130 1164 3186 oderint
1191 3148 1387 3189 vanam
1424 3135 1589 3206 hujus
1618 3140 1807 3193 mundi
1844 3141 2097 3210 gloriam,
2127 3158 2157 3197 a

580 3216 922 3275 daemonibus
977 3220 1341 3292 inspirantur,
1390 3236 1444 3282 et
1489 3239 1842 3287 reservantur
1896 3234 1983 3288 his
2041 3250 2164 3305 qua:

584 3308 729 3363 Deus
753 3311 855 3365 scit
880 3312 1121 3381 judiciis.

653 3485 742 3538 44.
777 3486 933 3553 Quod
963 3489 1167 3546 bomnn
1199 3503 1283 3549 est
1318 3504 1372 3550 et
1403 3494 1515 3552 Deo
1563 3508 1849 3569 acceptum
1895 3503 2116 3572 operari
2145 3522 2159 3557 :

581 3585 637 3626 et
667 3578 812 3643 quod
847 3595 877 3631 e
902 3594 1009 3633 non
1036 3583 1318 3651 operando
1343 3586 1501 3642 multi
1535 3588 1589 3643 in
1622 3599 1846 3660 peccata
1872 3593 2161 3651 innumera

581 3664 859 3719 declinant
889 3667 1021 3723 etin
1052 3670 1300 3729 diversas
1352 3676 1621 3743 Intereses;
1654 3689 1710 3735 et
1760 3682 1904 3751 quod
1942 3695 2163 3754 oportet

582 3750 896 3823 idessequi,
912 3773 980 3811 ne
992 3758 1086 3812 ﬁat
1104 3761 1263 3817 nobis
1285 3768 1490 3833 peccati
1514 3770 1753 3835 occasio,
1778 3750 1875 3839 per
1896 3750 1997 3828 hoc
2013 3775 2159 3844 quod

582 3847 882 3902 secundum
906 3850 1313 3921 Scripturarum
1337 3861 1663 3915 sententiam
1687 3865 1888 3919 accidit
1905 3883 1920 3931 ;
1936 3876 1991 3920 et
2014 3868 2159 3936 quod

582 3940 676 4007 qui
702 3951 899 4009 potest,
924 3956 975 4000 et
1004 3962 1114 4001 non
1140 3959 1419 4017 operatur,
1447 3961 1505 4005 ut
1534 3955 1862 4012 ambitiosus
1893 3973 1923 4011 a
1948 3958 2056 4013 Deo
2074 3960 2163 4030 ju—

582 4032 834 4099 dicatur;
879 4045 935 4090 et
975 4040 1122 4107 quod
1175 4041 1433 4098 doctores
1476 4046 1665 4112 etiam,
1717 4057 1771 4102 et
1816 4051 2076 4118 praesules
2108 4063 2162 4108 et

584 4122 868 4188 pantitices
908 4127 975 4179 ad
1008 4128 1305 4194 spirituale
1329 4142 1383 4185 et
1408 4133 1669 4189 sensibile
1701 4151 1840 4206 opus
1864 4140 2161 4197 admoveo-

583 4220 671 4264 tttr
699 4212 929 4267 tendens
962 4216 1013 4268 in
1047 4214 1140 4271 Dei
1170 4220 1413 4285 cultum;
1446 4222 1720 4292 siquidem
1753 4226 1954 4297 duplex
1991 4230 2159 4288 homo

582 4304 862 4360 sensibilis
905 4318 959 4361 et
990 4308 1323 4381 intelligens,
1359 4323 1416 4369 et
1446 4326 1661 4386 oportet
1698 4318 1846 4375 illius
1876 4327 2160 4392 operatio-

578 4409 703 4449 nem
729 4395 1000 4467 duplicem
1034 4416 1178 4458 esse.

648 4685 739 4740 ιε.
782 4685 857 4743 De
908 4690 1121 4747 artibus
1157 4709 1278 4764 quae
1332 4700 1686 4767 promissioni
1750 4708 2153 4765 monachorum

579 4779 911 4835 conveniunt
955 4792 1043 4837 :et
1081 4785 1243 4852 quod‘
1267 4787 1357 4841 illa
1400 4789 1557 4845 decet
1586 4797 1886 4852 monachos
1912 4803 2154 4868 operari,

578 4882 700 4935 quae
718 4885 895 4939 neque
912 4875 1245 4944 praescripta:
1273 4878 1533 4935 horarum
1563 4886 1884 4952 psalmodize
1916 4892 1997 4945 vel
2024 4908 2153 4946 ora-

578 4960 735 5027 tioni,
766 4978 943 5034 nequc
963 4970 1189 5024 omnino
1221 4969 1312 5027 Dei
1343 4976 1517 5029 cultui
1546 4977 1994 5046 impedimentum
2025 4984 2156 5037 aﬂ‘e-

576 5061 723 5115 rant,
755 5055 1003 5113 ducendo
1047 5060 1101 5114 in
1146 5062 1366 5133 aliquod
1408 5066 1693 5135 spirituale
1738 5070 2154 5128 detrimentum.

648 5229 739 5285 46.
775 5230 1062 5296 Quomodo
1094 5246 1311 5304 oportet
1333 5239 1571 5308 aliquem
1607 5242 1837 5297 vendere
1866 5253 1921 5299 et
1950 5261 2154 5315 emere,

579 5337 648 5376 ne
681 5322 820 5379 Deus
847 5324 1154 5382 offendatur
1182 5344 1197 5382 :
1230 5338 1286 5384 et
1314 5332 1531 5400 quodgid
1559 5332 2000 5391 Christianorum
2029 5353 2156 5408 pro-

581 5415 757 5480 prium
788 5425 871 5471 est
899 5417 1016 5473 Izedi
1049 5420 1231 5488 potius
1258 5438 1424 5492 quam
1455 5424 1648 5481 laedere
1676 5427 1730 5479 in
1761 5429 2155 5497 negotiationi-

583 5504 715 5572 bus;
744 5510 966 5579 etquod
998 5512 1098 5566 hos
1126 5514 1219 5583 qui
1258 5516 1656 5584 negotiationes
1689 5519 1741 5573 in
1787 5522 2037 5577 ecclesiis
2068 5522 2155 5577 fa-

582 5596 753 5661 ciunt,
780 5600 894 5654 sive
928 5604 1246 5668 monachos,
1277 5606 1395 5659 sive
1426 5606 1612 5672 laicos,
1644 5608 1813 5663 divini
1853 5626 2093 5668 canones
2124 5631 2153 5670 a

581 5689 971 5745 communione
992 5704 1269 5762 separant,
1297 5698 1758 5765 quemadmodum
1782 5711 1837 5756 ct
1857 5710 2035 5759 castus
2058 5704 2151 5771 qui

2192 4437 2239 4494 D

2277 1868 2429 1920 μενοι
2459 1868 2473 1882 ο
2510 1854 2712 1915 σκοπὸς
2735 1856 2845 1926 γὰρ
2866 1859 3027 1910 τοῦτο
3047 1858 3155 1911 τῶν
3183 1858 3441 1928 δαιμόνων,
3463 1861 3525 1912 ἶνα
3546 1861 3604 1912 διὲ
3627 1861 3688 1911 τῶν

2273 1945 2517 2013 σημείων
2568 1947 2999 2018 ἀποπλανήσωσι
3049 1949 3288 2015 πολλοὺς,
3318 1952 3444 2014 ὅπως
3481 1955 3567 2014 ταῖς
3590 1968 3688 2019 πονη-

2270 2038 2390 2103 ραῖς
2415 2036 2593 2103 αὐτῶν
2611 2039 2877 2108 πράξεσιν
2904 2042 3327 2112 ἀκολουθήσωτι,
3351 2046 3431 2097 καὶ
3460 2045 3686 2113 αἱρετικοὶδέ

2270 2128 2528 2191 πολλάκις
2558 2129 2637 2199 τῷ
2684 2131 2834 2201 αὐτῴ
2891 2132 3083 2203 τρόπω
3132 2137 3317 2205 σημεῖα
3362 2134 3688 2196 ἐπιτελοῦσιυ,ὼ;

2269 2218 2419 2289 παρὰ
2464 2220 2571 2273 τῶν
2609 2222 2885 2292 δαιμόνων
2944 2225 3316 2295 ἐνεργούμενοι
3360 2226 3435 2279 διὰ
3457 2227 3504 2279 τὸ
3527 2226 3684 2288 emicat

2265 2308 2365 2377 τὴν
2397 2310 2608 2364 ἑαυτῶν
2634 2312 2849 2383 αἵρεσιν
2876 2329 2891 2341 ⁸
2940 2315 3081 2369 ἀλλὰ
3115 2317 3215 2369 κᾶν
3241 2317 3408 2370 πιστὸν
3432 2318 3458 2387 ἢ
3479 2317 3628 2370 ἄπιστον
3654 2318 3687 2365 ἓν

2269 2400 2500 2469 ἀσκήσει
2529 2408 2815 2474 σωματικῇ
2876 2406 3279 2479 ὑπερϐαλλούσῃ
3314 2406 3688 2476 “committim-

2268 2504 2358 2556 μῳ
2381 2491 2808 2563 κατοικοῦντα,ῆ
2831 2494 3070 2564 Γραφῶν
3087 2498 3378 2567 ἐπιστήμην
3394 2496 3688 2567 πολλὴνίχοντιν

2264 2578 2299 2647 ἢ
2326 2581 2682 2651 αὐτοσχεδίως
2716 2585 3080 2641 συντάττοντα
3103 2588 3201 2650 τὰς
3236 2590 3449 2659 Γραφὲς,
3477 2589 3533 2657 μὴ
3567 2588 3690 2642 ταύτις

2265 2669 2457 2740 πρώην
2473 2672 2671 2739 εἰδότα,
2694 2675 2726 2745 ἢ
2760 2675 2923 2745 σῶμά
2935 2695 3080 2741 τινος
3106 2680 3275 2750 χρόνῳ
3304 2678 3456 2749 πολλῷ
3481 2678 3537 2748 μὴ
3550 2675 3690 2742 bini:-

2270 2760 2381 2829 ρὲν,
2413 2760 2444 2831 ἦ
2485 2762 2671 2833 ἕτερόν
2704 2782 2755 2818 τι
2799 2768 3080 2834 τοσοῦτον,
3107 2770 3168 2823 οὐ
3218 2771 3315 2841 χρὴ
3364 2769 3606 2827 πλανᾶσθαι,
3636 2764 3692 2816 καὶ

2266 2849 2508 2919 νομίζειν
2535 2853 2757 2918 τούτους
2792 2856 2990 2924 ἁγίους
3018 2873 3032 2888 °
3068 2860 3116 2912 εί
3136 2861 3241 2929 γὰρ
3273 2858 3343 2931 μὴ
3383 2858 3691 2929 προῦπάρχουσεν

2266 2942 2325 2993 ἐν
2358 2943 2543 3008 αὐτοῖς
2574 2946 2852 3017 ὁρώμεναι
2875 2951 2932 3002 αί
2968 2950 3080 3004 τῶν
3104 2952 3319 3006 ἐντολῶν
3344 2951 3425 3005 τοῦ
3460 2949 3603 3018 Κυρίου
3637 2947 3691 3013 ἑρ-

2268 3033 2478 3101 γασίαι,
2510 3036 2605 3089 κει)⁵
2631 3039 2688 3091 al
2730 3040 2931 3110 δωρεαὶ
2963 3042 3059 3096 τοῦ
3114 3043 3407 3115 Πνεύματος
3426 3043 3471 3097 σί
3500 3039 3604 3108 παρὰ
3635 3034 3691 3088 τώ

2281 3125 2604 3181 ’Λποστόλου
2621 3131 2735 3200 ἀπη
2745 3132 2828 3202 ριθ
2836 3150 2909 3203 μη
2919 3133 3102 3202 μέναι,
3118 3136 3208 3189 καὶ
3224 3136 3493 3189 παντάπασι
3504 3133 3691 3203 enim“

2264 3216 2362 3284 τὴν
2393 3216 2558 3289 κενὴν
2585 3219 2745 3285 δόξαν
2774 3221 2866 3274 τοῦ
2891 3222 3104 3293 κόσμου
3153 3223 3352 3287 τούτου,
3400 3224 3485 3275 ὑπὸ
3515 3216 3689 3285 δαιμόνων

2265 3307 2641 3379 ἐνεργοῦνται,
2663 3312 2696 3382 ἢ
2739 3314 3200 3385 παραχωροῦνται
3236 3310 3312 3379 οἷς
3331 3310 3425 3368 οἶδε
3442 3312 3543 3373 Θεὸς
3558 3307 3685 3377 κρίμσο

2266 3414 2371 3453 σιν.

2339 3491 2441 3561 μδ’.
2467 3494 2591 3547 ’Ὀτι
2622 3495 2803 3564 καλὸν,
2838 3498 2934 3552 καὶ
2956 3500 3311 3554 εὐαπόδεκτον
3333 3497 3399 3567 τῷ
3418 3493 3511 3563 Θεῷ
3529 3492 3571 3545 τὸ
3592 3486 3691 3559 ὲρτά·

2264 3582 2452 3647 (ἵεσθαι
2487 3603 2499 3615 ·
2536 3589 2630 3640 καὶ
2660 3588 2744 3641 ὄτι
2792 3592 2857 3644 ἐκ
2890 3590 2990 3644 τοῦ
3026 3591 3101 3663 μὴ
3139 3589 3454 3662 ἐργάζεσθαι,
3478 3583 3609 3638 πολλοὶ
3643 3580 3689 3636 εἰς

2264 3674 2468 3745 πλῆθος
2498 3677 2922 3749 ἁμαρτημάτων
2960 3682 3288 3745 ἐκκλίνουσι,
3316 3681 3397 3733 καὶ
3418 3678 3482 3739 είς
3502 3672 3691 3739 διαφόρως

2264 3768 2505 3840 αἱρέσεις
2538 3786 2550 3798 ⁸
2581 3771 2676 3824 καὶ
2707 3773 2789 3825 δτι
2815 3773 2922 3844 χρὴ
2957 3772 3279 3844 ἐξακριϐοῦν
3306 3770 3456 3833 τοῦτο,
3484 3766 3621 3835 μήτ-ως
3639 3758 3692 3824 τέ’

2263 3874 2423 3927 νηται
2441 3862 2576 3930 ἡμίν
2597 3861 2872 3931 πρόφασις
2884 3864 3165 3935 ἁμαρτίας
3185 3862 3335 3917 διὰτὸ
3358 3858 3480 3929 παρὰ
3499 3856 3544 3908 τὸ
3558 3851 3689 3917 θέλιμι

2263 3950 2372 4002 τῶν
2397 3951 2628 4022 Γραφῶν
2645 3953 2804 4008 τοῦτο
2838 3956 3199 4027 μετέρχεσθαι
3235 3972 3249 3987 ·
3288 3953 3369 4007 καὶ
3391 3954 3459 4005 ὅτι
3493 3951 3513 4000 ό
3543 3944 3689 4007 δυνάμε-

2266 4057 2375 4103 νοςν
2402 4042 2495 4093 καὶ
2541 4043 2614 4114 μὴ
2662 4044 3056 4114 δργαξόμενος,
3090 4046 3166 4110 ὼς
3212 4045 3492 4109 πλεονέκτης
3530 4034 3685 4104 κρίνεται

2265 4133 2417 4203 παρά
2445 4133 2523 4203 τῷ
2554 4134 2673 4205 θεῷ
2698 4152 2710 4164 ’
2744 4136 2838 4187 καὶ
2859 4137 2943 4189 ὃτι
2969 4138 3063 4191 καὶ
3089 4139 3137 4191 οί
3158 4135 3454 4195 διδάσκαλοι,
3479 4124 3690 4188 καὶάπρθ·

2266 4223 2536 4287 εστῶτες.
2564 4226 2657 4278 atati.
2689 4226 2844 4279 αὐτοὶ
2872 4229 2921 4279 oi
2950 4228 3225 4299 ἀρχιερεῖς
3249 4227 3371 4296 μετά
3390 4220 3465 4275 τοῦ
3488 4224 3687 4307 πνευμστξο

2266 4315 2364 4368 κοῦ
2396 4316 2580 4385 ἔργου,
2606 4317 2701 4371 καὶ
2752 4317 3015 4389 αἰσθητοῦ
3042 4320 3294 4373 ἅπτονται
3339 4310 3615 4368 συντείνοντος
3645 4310 3690 4389 είς

2267 4406 2599 4466 οεοσέδειαν.
2656 4387 2919 4479 Ἐπείπερ
2952 4411 3174 4475 διπλοῦς
3200 4413 3227 4464 ό
3252 4408 3495 4479 ἄνθρωπος
3527 4387 3691 4459 αἰσθητάς

2263 4515 2324 4550 τε
2371 4500 2465 4552 καί⁵
2493 4500 2701 4569 νοητὸς,
2728 4502 2826 4555 καὶ
2855 4502 2961 4572 χρὴ
3013 4502 3111 4574 τὴν
3156 4500 3311 4556 αὑτοῦ
3357 4491 3562 4569 ἐργασίαν
3605 4479 3690 4534 εἶναι

2262 4590 2508 4646 διπλοῦν.

2337 4710 2437 4772 με’.
2476 4704 2630 4775 Περὶ,
2664 4698 2774 4759 οἷαι
2808 4705 2992 4777 τέχναι
3020 4707 3097 4777 τῷ
3129 4703 3468 4794 ἐπαγγέλματι
3590 4698 3689 4794 “of

2261 4790 2373 4862 χῶν
2422 4791 2723 4863 ἁρμόζουσι
2754 4810 2769 4827 ’
2804 4774 2903 4849 κάλ
2929 4798 3012 4850 ὅτι
3057 4774 3226 4849 ταῦτα
3253 4793 3366 4855 τοὺς
3402 4780 3604 4859 μοναχοῦς

2265 4885 2420 4954 μδξει
2457 4883 2809 4955 ἐργάξεσθαι,
2845 4886 2946 4940 ὅσα
3003 4888 3138 4958 μήτε
3186 4887 3249 4957 τῇ
3304 4874 3591 4944 τετυπωμένῃ
3624 4878 3689 4958 “vi

2261 4946 2420 5045 ῶρῶν
2460 4946 2836 5046 ᾧαλμίῴίφῆ
2892 4978 2958 5047 τῇ
3003 4946 3169 5046 Isim,
3225 4946 3344 5043 ῖιηθν
3370 4969 3482 5027 ὅλως
3527 4963 3573 5029 τι]
3604 4946 3689 5049 uti

2261 5066 2395 5117 Θεὸν
2422 5065 2649 5137 λατρείᾳ
2702 5067 3076 5136 ἐμποδίζουσι,
3106 5065 3391 5133 κατάγοντα
3410 5060 3477 5120 εἰς
3494 5049 3687 5110 simul"

2260 5175 2313 5211 τι
2340 5158 2590 5228 ψυχικόν.

2333 5256 2451 5320 με’.
2482 5250 2603 5313 Πῶς
2652 5252 2757 5321 χρή
2823 5268 2945 5304 τινα
2993 5250 3190 5304 πωλεῖν
3237 5248 3322 5301 καὶ
3372 5236 3648 5325 ἀγοράζεινοξ

2265 5343 2340 5413 μὴ
2370 5342 2718 5414 προσκρούσῃ
2748 5342 2887 5413 Θεῷο
2911 5343 3002 5397 καὶ
3027 5344 3109 5396 ὄτι
3130 5340 3277 5394 τοῦτο
3299 5337 3412 5391 τδιον
3434 5332 3683 5399 Χριστιανῶν

2261 5435 2321 5487 τὸ
2361 5434 2687 5505 ζημιοῦσθαι
2736 5437 2959 5506 μᾶλλον,
3007 5436 3039 5506 ἢ
3071 5431 3289 5504 ζημιοῦν
3313 5433 3365 5482 ἐν
3390 5427 3490 5485 ταῖς
3518 5423 3683 5485 πραγμα-

2260 5527 2432 5589 τείαις
2468 5543 2481 5558 ·
2507 5526 2599 5581 καὶ
2642 5528 2723 5580 ὅτι
2752 5528 2879 5589 τοὺς
2933 5529 2989 5581 ἐν
3045 5527 3161 5588 ταῖς
3205 5516 3483 5589 ἐκκλησίαις
3519 5510 3683 5637 ττπὲιὲ

2330 5618 2341 5632 ο
2577 5619 2602 5631 ο
2644 5635 2661 5637 μ
2802 5620 2825 5637 ι
2977 5618 3151 5637 .-ωειλ
3200 5615 3227 5637 ,ι
3284 5608 3470 5637 \_r..-.'.—
3524 5616 3546 5637 η

2261 5618 2409 5681 τείας
2450 5619 2761 5683 ποιοῦντας,
2798 5620 2830 5690 ἢ
2888 5615 3229 5690 μονακοδῖνῆ
3284 5589 3682 5718 λαῖκῗὺῇιῗμθῗὲ

2266 5707 2491 5773 κανόνες
2522 5708 2623 5777 τῆς
2677 5708 2963 5775 κοινωνίας
3016 5694 3587 5777 ἁφορίζονσιν,ὡσαντωί
3629 5688 3668 5727 ’τί

3638 5228 3685 5277 In
