3884 6208
192 323 310 388 1377

883 303 1651 371 INTERPRETATIONES
1688 298 2134 364 DIVINORUM
2172 295 2734 359 MANDATORUM.

3300 294 3438 355 1278

183 439 270 501 τὰς
295 430 589 504 γινομένας
634 421 980 494 πανηγύρεις
1046 420 1189 492 μετὰ
1242 415 1642 487 πραγματειῶν
1700 415 1758 466 ἐν

1880 426 1992 466 :um
2051 409 2515 481 negotiationibus
2554 409 2691 462 litim
2728 406 2781 461 in
2823 407 3438 462 commemorationibns

182 534 293 594 ταῖς
314 528 422 581 τῶν
453 523 627 593 ἁγίων
663 519 877 592 μνείαις
899 514 1203 570 κωλύουσιν
1219 514 1269 566 οί
1298 512 1550 581 θεοφόροι
1576 507 1753 562 Πατέ-

187 637 268 690 ρες
291 632 306 646 ’
343 616 437 669 xui.
468 614 551 667 ὅτι
581 611 740 682 χάριν
774 605 1142 669 κατανύξεως,
1179 606 1271 656 καὶ
1306 601 1636 673 προσευχῆς,
1666 601 1756 653 καὶ

183 706 533 777 ἀναγνώσεως
560 702 669 755 τῶν
721 699 886 753 θείων
928 694 1184 767 Γραφῶν,
1220 693 1314 747 καὶ
1373 691 1753 762 ὑπομνήσεως,

184 775 465 867 καὶτςήλου
511 793 619 846 τῶν
667 789 840 857 ἁγίων
878 785 1201 853 συνάγονται
1236 784 1284 834 οἱ
1326 776 1663 851 Χριστιανοὶ.
1695 775 1754 827 οὐ

184 892 356 959 μέντοι
390 888 479 942 διά
507 901 659 947 τινας
689 879 1065 949 ἐπιτηδεύσεις
1095 877 1188 929 καὶ
1218 870 1541 945 ἁγορασίας.

252 981 354 1052 μζ’.
391 980 549 1048 Περὶ,
588 970 699 1028 οἷαι
732 973 916 1042 τέχναι
962 972 1076 1031 τοῖς
1120 967 1265 1020 κατὰ
1316 964 1520 1033 κόσμον
1579 961 1755 1031 ἁρμό-

184 1074 326 1138 ζουσι
359 1088 372 1102 ·
404 1070 500 1123 καὶ
528 1068 610 1121 ὅτι
640 1068 673 1135 ἠ
707 1061 930 1133 ἰατρικὴ
955 1061 1140 1129 τέχνη.
1173 1057 1269 1111 καὶ
1322 1057 1380 1107 ἐν
1412 1056 1527 1118 τοῖς
1561 1069 1757 1121 κοσμιο

184 1168 311 1229 κοῖς,
334 1162 427 1217 καὶ
460 1165 517 1214 ἐν
551 1161 663 1221 τοῖς
686 1157 965 1227 μοναχοῖς,
992 1153 1093 1206 ούκ
1127 1152 1274 1203 ἔστιν
1304 1146 1633 1217 ἀπὸὂλητος,
1665 1142 1760 1197 καὶ

182 1258 290 1320 πῶς
315 1256 397 1309 δεῖ
422 1254 560 1324 αύτῇ
594 1248 829 1321 χρᾶσθαι
854 1249 950 1300 καὶ
1001 1245 1083 1297 ὃτι
1132 1242 1273 1304 τινὲς
1337 1238 1610 1309 προφάσει
1659 1237 1759 1306 τῆς

184 1346 427 1419 ἰατρικῆς
460 1345 813 1415 μετέρχονται
842 1340 942 1401 τὰς
969 1336 1205 1405 ἐπῳδάς,
1242 1334 1337 1387 καὶ
1384 1332 1453 1385 τά
1485 1330 1761 1400 λεγόμενα

183 1435 543 1506 φυλακτήρια,
586 1433 680 1485 καὶ
732 1430 802 1483 τά
832 1429 998 1497 ὃμοια
1048 1425 1256 1478 τούτων
1282 1439 1295 1451 ·
1339 1422 1435 1476 καὶ
1483 1421 1568 1475 ὅτι
1612 1419 1761 1480 τινὲς

179 1530 429 1599 ἄρκτους,
478 1525 571 1579 καὶ
626 1523 791 1591 ἔτερα
823 1520 939 1583 ζῶα
995 1518 1352 1588 περιάγουσιν
1412 1514 1507 1567 ἐπὶ
1546 1512 1758 1581 παιδιᾷ,

178 1617 266 1680 οὒς
286 1615 714 1685 ἐπιστρέφοντας
747 1610 871 1680 μὲν,
903 1608 997 1662 καὶ
1041 1605 1437 1676 μετανοοῦντας
1469 1603 1605 1674 πρὸς
1636 1600 1762 1671 χρό-

179 1724 264 1761 νον
311 1706 603 1776 χωρίζουσι
641 1706 740 1773 τῆς
807 1698 1114 1762 κοινωνίας,
1167 1697 1505 1768 ἐμμένοντας
1570 1693 1627 1746 δὲ
1658 1692 1761 1761 τῆς

176 1796 282 1850 τῶν
307 1792 653 1866 Χριστιανῶν
688 1790 984 1862 χωρίζουσι
1015 1788 1275 1850 πίστεως.

250 1882 359 1955 μη’.
411 1884 545 1954 Περὶ
600 1879 1165 1951 εύνούχωνδιαφορᾶς
1238 1876 1332 1930 καὶ
1386 1874 1550 1928 πόθεν
1601 1871 1761 1925 τοῦτο

178 1974 332 2029 ἔλασε
356 1975 456 2045 τὴν
479 1974 657 2043 ἀρχήν
683 1989 696 2002 ·
732 1972 811 2024 ἐτι
838 1971 896 2023 δὲ
929 1968 1026 2023 καὶ
1051 1968 1179 2038 περί
1211 1984 1372 2019 τινων
1414 1965 1555 2018 κατὰ
1598 1963 1761 2033 φύσιν

178 2070 358 2132 αὐτοῖς
392 2071 727 2140 προσόντων,
756 2066 852 2119 καὶ
887 2065 1020 2117 πότε
1070 2064 1328 2117 δύνανται
1356 2060 1604 2130 γενέσθαι
1631 2058 1764 2128 κλη-

179 2161 318 2231 ρικοί
352 2175 367 2192 ο
400 2160 496 2213 καὶ
520 2160 599 2212 ὅτι
628 2159 730 2211 οὐκ
775 2156 1206 2211 ἀπαλλάττονται
1263 2153 1358 2206 τοῦ
1409 2151 1618 2215 πάθους
1665 2152 1763 2221 τῆς

178 2253 455 2323 πορνείας,
485 2253 625 2305 ἁλλὰ
667 2252 929 2322 χειρόνως
983 2246 1351 2317 πολεμοῦνται
1389 2263 1404 2279 ο
1443 2246 1539 2299 καὶ
1577 2245 1661 2297 ὃτι
1711 2244 1760 2295 oi

178 2342 425 2414 κληρικοί
448 2360 599 2406 τινας
629 2340 1033 2410 εύνουχίζοντες
1063 2338 1477 2411 καθαιροῦνται,
1499 2337 1549 2390 οί
1567 2337 1625 2391 δὲ
1646 2335 1764 2389 λαῖ-

180 2434 266 2487 κοὶ
293 2434 392 2503 τῆς
418 2433 703 2492 κοινωνίας
730 2428 1107 2499 ἀφορίζονται.

251 2523 358 2594 μθ’.
386 2525 521 2594 Περὶ
572 2519 958 2582 ταπεινώσεως
992 2535 1006 2549 ·
1034 2519 1127 2571 καὶ
1158 2519 1242 2571 ὅτι
1275 2517 1337 2570 ού
1367 2517 1496 2581 τοὺς
1538 2517 1765 2586 γινομέ-

180 2617 302 2679 νοῦς
328 2614 620 2676 ταπεινοὺς
666 2611 855 2665 ἐνεκέν
908 2626 1056 2672 τινος
1109 2610 1514 2679 ὑστερήσεωςό
1558 2608 1765 2677 Κύριος

183 2707 501 2779 μακαρίζει,
528 2705 661 2759 ἀλλὰ
690 2706 818 2767 τοὺς
840 2702 1087 2764 ἐκόντας.
1120 2700 1216 2754 καὶ
1239 2699 1543 2772 τρέμοντας
1574 2701 1643 2753 τά
1676 2700 1765 2752 λό-

179 2817 275 2868 για
304 2799 399 2852 τοῦ
450 2797 609 2861 Θεοῦ,
642 2795 740 2849 καὶ
785 2798 952 2847 ποίαν
978 2792 1482 2863 ταπεινοφροσύνην
1526 2794 1555 2846 ό
1594 2793 1767 2861 Λόγος

179 2892 418 2948 διδάσκει
448 2906 461 2919 ·
496 2889 591 2943 καὶ
618 2890 699 2943 ὅτι
731 2890 854 2942 ὅσον
881 2887 1028 2940 ἐστὶν
1056 2888 1083 2940 ό
1102 2885 1414 2956 ιάνθρωπος
1446 2888 1505 2939 ἐν
1534 2889 1599 2956 τῇ
1629 2887 1769 2955 άμεο

179 2985 324 3055 λείᾳ,
376 2984 472 3037 ἐπὶ
521 2982 724 3053 ταύτην
780 2980 1037 3051 ἐπιῦῆναι
1083 2980 1143 3033 ού
1182 2980 1425 3044 δύναται,
1458 2980 1538 3034 διό
1575 2998 1628 3033 τι
1666 2981 1767 3033 οὐκ

179 3073 288 3131 οἶδε
315 3077 369 3129 τί
403 3075 535 3146 παρ’
565 3073 729 3130 αὐτοῦ
758 3074 913 3145 ζητεῖ
932 3075 960 3127 ό
989 3072 1146 3138 Θεδς,
1170 3074 1264 3127 καὶ
1287 3072 1363 3136 ὼς
1387 3071 1593 3135 τέλειος
1624 3075 1766 3142 μέγα

181 3260 278 3314 καὶ
308 3259 676 3329 δικαιοσύνης,
708 3259 803 3312 καὶ
834 3260 985 3320 ποῖος
1012 3257 1231 3325 λέγεται
1258 3256 1497 3327 καθαρὸς
1523 3258 1588 3326 τῇ
1632 3271 1768 3326 καρ-

181 3354 275 3425 δίᾳ
306 3372 322 3386 ο
356 3354 451 3406 καὶ⁵
504 3354 588 3406 ὅτι
627 3352 737 3405 τῶν
795 3352 895 3422 μὲν
943 3350 1165 3405 τελείων
1213 3352 1331 3403 ἐστί
1363 3350 1426 3403 τὸ
1459 3350 1768 3421 εἰρηνεύειν

179 3444 311 3506 τοὺς
336 3443 703 3513 μαχομένους,
729 3441 839 3495 τῶν
854 3441 911 3494 δὲ
932 3441 1338 3513 ἀσθενεστέρων
1361 3440 1458 3509 τὴν
1480 3441 1616 3494 ίδίαν
1634 3456 1771 3510 καρ-

180 3533 323 3597 δίαν,
358 3535 453 3586 καὶ
478 3533 579 3602 τὴν
598 3534 706 3586 τῶν
725 3534 910 3597 αὐτοῖς
940 3534 1084 3587 κατὰ
1108 3533 1240 3587 Θεὸν
1259 3534 1591 3604 ἀγαπητῶν.

254 3621 320 3681 ν’.
350 3625 470 3678 Ὀτι
502 3624 601 3687 τὰς
632 3624 726 3678 τοῦ
754 3625 960 3694 Κυρίου
995 3625 1214 3688 ἐντολὰς
1257 3627 1532 3697 προτιμᾷν
1562 3627 1662 3692 δεῖ,
1711 3627 1771 3678 ἐν

180 3716 423 3787 δευτέρῳ
455 3716 512 3768 δὲ
541 3716 640 3779 τὰς
668 3717 775 3770 τῶν
821 3714 1128 3787 ἀνθρώπων
1156 3716 1484 3786 παραδόσεις
1517 3733 1529 3745 ’
1561 3719 1656 3770 καί⁹
1687 3718 1769 3771 ὃτι

183 3811 236 3863 οί
279 3811 381 3873 τὰς
410 3808 635 3871 ἐντολὰς
668 3807 760 3862 τοῦ
806 3808 1013 3879 Κυρίου
1048 3809 1126 3879 μὴ
1157 3809 1542 3879 φυλάττοντες,
1574 3811 1770 3881 σχολά-

184 3902 378 3969 ζοντες
402 3902 459 3955 δὲ
487 3904 567 3964 είς
625 3904 724 3966 τὰς
774 3902 883 3954 τῶν
929 3903 1181 3972 πατέρων
1213 3903 1375 3972 δῆθεν
1421 3903 1768 3973 παραδόσεις,

182 3998 284 4050 καὶ
314 3995 447 4048 αὐτὸ
484 3993 644 4047 τοῦτο
690 3997 832 4049 κατὰ
858 3994 1382 4065 άνθρωπαρέσκειαν
1418 3994 1766 4065 ἐργάζονται,

181 4092 268 4143 ἔτι
301 4091 396 4142 καὶ
431 4089 560 4156 περὶ
581 4087 909 4159 διακρίσεων
939 4090 1004 4141 ἐκ
1052 4087 1326 4159 διαφόρων
1358 4087 1591 4160 Γραφῶν
1646 4105 1772 4141 συν-

184 4182 522 4253 ισταμένων,
565 4180 694 4250 περὶ
749 4179 1061 4231 ὑποθέσεων
1088 4180 1198 4232 τῶν
1230 4178 1471 4247 ἐχουσῶν
1511 4180 1609 4249 μὲν
1632 4178 1774 4232 κατὰ

178 4277 287 4344 τὴν
322 4273 469 4336 λέξιν
498 4272 556 4322 ἓν
594 4271 786 4339 ὄνομα,
818 4269 1010 4331 διπλᾶς
1029 4268 1087 4320 δὲ
1118 4271 1213 4321 καὶ⁵
1255 4269 1488 4337 τριπλᾶς
1521 4272 1620 4333 τὰς
1667 4269 1773 4321 ὐπ-

182 4364 383 4425 ακοὰς,
405 4360 514 4413 οἷον
547 4363 578 4430 ἡ
610 4360 845 4430 ὑπακοὴ.
878 4360 973 4411 καὶ
994 4359 1055 4410 τὸ
1079 4357 1312 4426 θέλημα,
1337 4358 1479 4427 καὶή
1511 4358 1772 4427 ἁπλότης,

1790 3134 1837 3191 C

180 3170 390 3239 φρονεῖ,
424 3168 504 3221 ἔτι
538 3166 646 3238 μὴν
696 3166 943 3238 καὶπερὶ
989 3166 1247 3229 πένθους,
1284 3168 1380 3218 καὶ
1431 3165 1763 3236 πραότητος,
1790 3165 1838 3197 "

1858 513 2173 560 sanctorum
2205 501 2501 572 prohibent
2527 500 2701 555 sancti
2749 498 2971 565 Patres;
3003 510 3057 553 et
3092 499 3238 570 quod
3282 514 3437 553 com-

1858 597 2171 667 punctionis
2198 609 2387 658 causa,
2412 602 2468 647 ct
2492 592 2784 653 orationis,
2812 601 2867 646 et
2899 591 3155 646 lectioois
3184 591 3439 659 Scriptu-

1857 705 2066 755 rarum,
2097 698 2151 743 et
2199 687 2479 742 memoriae
2507 694 2561 739 ct
2599 684 2923 739 imitationis
2958 693 3274 738 sanctorum
3308 698 3440 734 ron-

1858 791 2154 852 gregantur
2184 776 2507 842 Christiani,
2541 792 2651 830 non
2701 785 2883 830 autem
2918 786 3144 844 prepter
3168 774 3441 843 quaslibet

1858 890 2020 930 curas
2049 885 2102 929 ct
2141 871 2562 943 negotiationes.

1928 968 2018 1022 47.
2048 967 2123 1021 De
2167 966 2377 1019 artibus
2425 979 2547 1033 qum
2574 959 2934 1016 saecularibus
2966 957 3305 1012 conveniunt
3337 972 3350 1007 :
3390 964 3444 1008 et

1858 1061 2003 1131 quod
2039 1075 2129 1113 ars
2164 1056 2474 1119 medicinae,
2502 1065 2556 1108 et
2585 1055 2639 1108 in
2669 1051 3031 1107 szecularihus
3067 1058 3123 1102 ct
3148 1049 3202 1101 in
3246 1062 3442 1100 mona-

1859 1154 1979 1209 chis
2025 1167 2135 1206 non
2179 1146 2610 1217 contemptibilis
2644 1153 2747 1206 est,
2802 1152 2857 1197 et
2896 1139 3172 1211 quomodo
3224 1146 3445 1207 oportet

1860 1247 2011 1300 illum
2043 1256 2329 1304 exercere;
2357 1250 2405 1293 et
2433 1238 2580 1309 quod
2612 1236 2780 1305 aliqui
2806 1234 3100 1289 occasione
3128 1229 3420 1285 medicinae

1860 1339 2122 1394 adhibent
2153 1335 2554 1389 incantationes
2576 1341 2629 1386 et
2657 1346 2778 1400 quae
2803 1329 3065 1383 dicuntur
3093 1324 3419 1395 philacteria

1860 1439 1914 1484 ct
1941 1430 2028 1483 his
2055 1428 2295 1491 similia;
2328 1434 2382 1479 et
2419 1424 2563 1493 quod
2596 1422 2767 1491 aliqui
2799 1434 2958 1475 ursos
2994 1429 3049 1472 et
3087 1417 3193 1471 alia
3228 1416 3445 1471 anima-

1861 1523 1931 1577 lia
1968 1520 2389 1575 circumducunt
2437 1516 2757 1575 educantes,
2806 1526 2948 1581 quos
2978 1524 3277 1564 conversos
3318 1507 3443 1577 qni-

1861 1612 1983 1667 dem
2024 1620 2075 1664 et
2125 1607 2451 1678 pwnitentes
2482 1604 2549 1657 ad
2597 1612 2813 1670 tempus
2841 1608 3098 1669 separant
3125 1613 3153 1651 a
3191 1612 3443 1651 commu-

1865 1706 2050 1769 nione,
2100 1708 2514 1773 perseverantes
2544 1704 2726 1750 autem
2777 1709 2804 1748 a
2845 1692 2950 1747 ﬁde
3003 1690 3444 1746 Christianorum

1790 1790 1832 1846 Β
1860 1804 2134 1866 separant.

1932 1887 2022 1941 48.
2072 1886 2145 1942 De
2201 1883 2582 1940 cunuchorum
2633 1877 2961 1939 differentia,
3015 1884 3068 1930 et
3124 1874 3267 1929 unde
3303 1873 3435 1927 illud

1864 1982 2082 2036 initium
2126 1978 2322 2041 duxit;
2387 1976 2569 2030 adhuc
2621 1982 2803 2026 autem
2852 1970 2919 2025 de
2960 1967 3288 2038 quihusdam
3325 1980 3446 2035 qua:

1866 2081 2057 2126 natura
2090 2071 2203 2125 illic
2227 2070 2449 2131 adsunt,
2493 2075 2544 2119 et
2570 2064 2792 2134 quando
2818 2070 3048 2131 possunt
3079 2057 3192 2112 ﬁeri
3224 2056 3440 2111 clerici:

1862 2175 1917 2221 et
1947 2165 2095 2234 quod
2149 2178 2257 2216 non
2288 2161 2610 2215 eximuntur
2654 2172 2683 2211 a
2728 2155 2986 2226 passione
3033 2147 3443 2205 fornicationis.

1864 2256 1960 2313 sed
1987 2256 2251 2310 violenter
2288 2254 2679 2321 impugnantur
2709 2266 2724 2313 ;
2753 2257 2806 2302 et
2837 2247 2981 2315 quod
3014 2244 3201 2299 clerici
3232 2242 3446 2311 aliquos

1864 2348 2150 2404 eunuchos
2176 2345 2443 2399 facientes
2471 2342 2852 2412 deponuntur,
2874 2338 2997 2392 laici
3032 2346 3212 2391 autem
3236 2350 3264 2388 a
3298 2348 3450 2389 com-

1866 2441 2127 2493 munione
2159 2446 2507 2506 separantur.

1938 2532 2029 2586 49.
2055 2528 2132 2583 De
2161 2529 2500 2581 humilitate:
2531 2537 2584 2580 et
2612 2524 2757 2594 quod
2795 2538 2903 2577 non
2941 2523 3062 2577 illos
3087 2522 3182 2592 qui
3213 2519 3450 2573 humiles

1869 2625 2002 2677 iiuut
2026 2630 2247 2691 propter
2268 2620 2565 2691 quamdam
2596 2616 3008 2672 inferioritatem
3037 2613 3302 2667 Dominus
3330 2612 3452 2665 bea-

1868 2727 1953 2773 tos
1978 2716 2133 2779 dicit,
2175 2716 2273 2771 sed
2306 2713 2401 2784 qui
2437 2715 2720 2768 voluntate
2770 2710 2909 2764 ﬁunt
2951 2717 3006 2763 et
3060 2705 3450 2761 observatione

1868 2815 2263 2878 praceptorum
2292 2804 2385 2859 Dei
2412 2821 2427 2863 :
2461 2813 2515 2858 et
2548 2804 2767 2873 qualem
2818 2800 3183 2854 humilitatem
3212 2797 3451 2852 Verbum

1868 2902 2056 2965 ducet;
2082 2909 2136 2954 et
2165 2897 2309 2969 quod
2352 2897 2576 2966 quando
2615 2898 2782 2948 homo
2829 2893 2882 2946 in
2920 2891 3132 2946 incuria
3177 2889 3347 2959 jacet,
3384 2887 3451 2941 ad

1871 2994 2019 3047 illam
2056 2991 2355 3046 ascendere
2397 2987 2609 3057 nequit,
2658 3000 2723 3039 eo
2748 2985 2896 3054 quod
2934 2983 3107 3037 nescit
3152 2980 3285 3050 quid
3311 2980 3453 3034 Deus

1870 3089 1938 3141 ab
1966 3101 2032 3141 eo
2054 3093 2236 3155 petat;
2263 3091 2317 3137 et
2344 3081 2490 3152 quod
2518 3078 2797 3149 perfectus
2830 3091 3025 3144 magna
3050 3074 3236 3136 sentit,
3269 3071 3452 3126 adhuc

1870 3188 2052 3235 autem
2081 3184 2135 3232 et
2158 3176 2225 3232 de
2253 3175 2424 3238 luctu,
2459 3175 2525 3227 de
2569 3168 3015 3231 mansuetudine,
3056 3175 3107 3221 et
3132 3164 3371 3235 justitia,
3401 3174 3455 3216 et

1869 3271 2050 3341 qualis
2083 3268 2287 3323 dicitur
2321 3265 2560 3320 mundus
2585 3263 2787 3325 corde;
2822 3272 2876 3316 et
2903 3259 3047 3331 quod
3086 3257 3452 3328 perfecturum

1870 3374 1950 3419 est
1982 3361 2270 3433 paciﬁcare
2289 3358 2577 3420 bellantes,
2598 3356 2925 3411 debiliornm
2956 3360 3140 3406 autem
3170 3347 3453 3418 praprium

1870 3473 1987 3521 cor,
2036 3464 2091 3509 ct.
2134 3468 2231 3509 cor
2279 3467 2471 3507 eorum
2518 3465 2661 3521 quos
2707 3448 2811 3519 ipsi
2861 3456 3083 3518 propter
3126 3443 3296 3498 Deum
3328 3440 3456 3495 dili-

1872 3558 2026 3621 gunt.

1945 3639 2036 3695 50.
2069 3636 2224 3704 Quod
2274 3634 2491 3689 Domini
2542 3632 2799 3687 mandata
2836 3629 3096 3700 pralerre
3125 3635 3369 3697 oportet,
3400 3625 3453 3679 in

1873 3729 2117 3785 secundo
2148 3736 2329 3781 autem
2362 3725 2483 3777 loco
2510 3723 2795 3776 hominum
2828 3719 3187 3774 traditiones:
3225 3726 3280 3771 et
3310 3715 3459 3786 quod

1875 3822 1951 3875 iiii
1985 3821 2078 3891 qui
2108 3819 2366 3873 mandata
2401 3815 2620 3870 Domini
2666 3829 2774 3869 non
2821 3822 3064 3874 servant,
3107 3810 3330 3866 student
3359 3823 3459 3861 au-

1876 3924 1983 3968 tem
2021 3913 2105 3968 bis
2148 3928 2288 3981 quas
2326 3917 2529 3965 vocant
2570 3916 2785 3978 patrum
2825 3904 3239 3969 traditionibus,
3270 3910 3323 3956 et
3357 3901 3461 3954 hoc

1876 4009 2053 4078 ipsum
2089 4015 2148 4061 ut
2198 4003 2515 4059 hominibus
2544 4001 2798 4071 placeant
2829 4005 3030 4067 agunt;
3063 3995 3251 4050 adhuc
3294 3993 3460 4048 etiam

1875 4101 1943 4155 de
1988 4096 2403 4155 discriminibus
2454 4108 2576 4163 quae
2624 4107 2721 4162 per
2771 4088 3088 4144 differentes
3143 4085 3461 4155 Scripturas

1878 4192 2264 4246 instituuntur.
2310 4188 2378 4240 de
2413 4185 2680 4253 subjectis
2726 4198 2851 4252 qua:
2903 4181 3106 4235 habent
3133 4177 3357 4245 quidem
3404 4175 3461 4229 in

1879 4278 2106 4347 legendo
2140 4290 2305 4330 unam
2337 4288 2544 4335 vocem,
2582 4270 2856 4339 duplicem
2892 4277 3077 4321 autem
3104 4278 3158 4320 et
3187 4265 3459 4333 triplicem

1880 4367 2320 4439 intelligentiam,
2339 4375 2397 4418 ut
2415 4362 2798 4430 intelligentia,
2817 4360 3091 4421 voluntas,
3114 4356 3462 4425 simplicitas,

186 4455 288 4509 καὶ
332 4456 365 4524 ἡ
402 4453 689 4523 φρόνησις,
719 4452 815 4504 καὶ
847 4452 880 4517 ἡ
912 4450 1141 4514 ἀκακία,
1170 4448 1344 4501 ταῦτα
1368 4450 1545 4502 πάντα
1584 4449 1768 4510 διπλᾶς

1887 4460 2197 4533 prudentia,
2226 4454 2561 4517 innocentia,
2596 4454 2712 4508 haec
2742 4450 2928 4505 omnia
2957 4448 3227 4520 dupliCem
3261 4449 3468 4503 habent

185 4548 378 4617 ἔχουσι
413 4547 513 4608 τὰς
537 4542 822 4614 διαφορὰς,
854 4543 1021 4613 ἤγουν
1056 4542 1324 4613 σαρκικὴν
1369 4542 1463 4594 καὶ
1486 4558 1783 4611 πνευματι-

188 4640 303 4708 κήν
334 4655 347 4669 ·
384 4638 467 4690 ἐτι
504 4637 562 4689 δὲ
590 4636 687 4689 καὶ
728 4634 857 4704 περὶ
910 4633 1282 4705 δικαιοσύνης,
1323 4635 1418 4687 καὶ
1473 4633 1783 4704 ἁγιότητος,

188 4731 292 4783 καὶ
321 4730 439 4793 πῶς
469 4730 595 4792 τοὺς
629 4726 852 4799 ἔχοντας
872 4726 1043 4781 ταῦτα
1059 4728 1425 4797 γνωρίσομεν.

264 4821 369 4876 να’.
404 4824 538 4893 Περὶ
575 4822 864 4893 μετανοίας
895 4824 959 4874 ἐκ
990 4821 1096 4874 τῶν
1138 4820 1299 4873 θείων
1320 4820 1554 4891 Γραφῶν
1577 4836 1783 4891 μαρτυ·

192 4912 313 4983 ρίαι
342 4926 357 4941 ·
388 4914 483 4966 καὶ
519 4912 637 4975 πῶς
673 4912 753 4964 δεῖ
772 4909 1121 4980 ἐξαγορεύειν
1160 4910 1253 4963 καὶ
1283 4912 1585 4977 μετανοεῖν.

271 5004 377 5075 νβ’.
413 5004 822 5074 Ὑποδείγματα
864 5004 995 5073 περὶ
1066 5003 1382 5073 μετανοίας,
1444 5003 1540 5055 καὶ
1593 5000 1786 5069 ἐξαγο-

193 5095 442 5167 ρεύσεως
463 5113 477 5128 ·
510 5095 605 5148 καὶ
625 5097 707 5148 ὃτι
737 5095 798 5147 ού
858 5094 963 5165 χρὴ
994 5094 1091 5157 τὰς
1118 5093 1257 5147 κατὰ
1282 5092 1531 5163 ἀνάγκην
1562 5096 1784 5163 γινομέ-

196 5192 453 5261 μένας,ἢ
507 5190 651 5243 κατὰ
689 5189 1006 5257 οἰκονομίαν
1040 5187 1163 5241 τινὰ
1193 5187 1532 5260 πρόσκαιρον
1587 5187 1785 5255 ἐξαγοο

192 5284 442 5355 ρεύσεις,
465 5284 561 5337 καὶ
583 5283 962 5354 συγχωρήσεις
994 5283 1303 5353 ἁμαρτιῶν,
1328 5284 1557 5336 πάντοτε
1580 5283 1785 5346 ταύτας

190 5380 282 5438 εἰς
315 5375 623 5446 μαρτυρίαν
664 5374 983 5446 προφέρειν,
1014 5373 1131 5428 ἀλλ’
1157 5375 1285 5427 ὃταν
1331 5375 1495 5428 πάλιν
1544 5375 1786 5438 τοιοῦτος

190 5467 409 5539 ἐπέλθῃ
430 5468 622 5539 καιρός
659 5484 672 5498 ·
702 5468 797 5520 καὶ
830 5468 912 5520 ὅτι
965 5469 1026 5519 τὸ
1058 5465 1132 5536 μὴ
1188 5465 1356 5529 δόλως
1388 5465 1643 5537 δέχεσθαι
1680 5484 1780 5537 με-

186 5562 441 5627 τάνοιαν,
468 5559 503 5632 ἢ
529 5560 690 5614 πάλιν
707 5559 915 5627 ἀλόγως
946 5558 1510 5630 φιλανθρωπεύεσθαι,
1546 5563 1637 5615 καὶ
1658 5562 1785 5614 ἄνευ

190 5656 424 5724 ἐντολῆς
442 5672 606 5721 τινος,
652 5656 687 5726 ἢ
716 5653 947 5725 καρπῶν
977 5654 1346 5725 μετανοίας,ἢ
1381 5654 1530 5725 παρὰ
1568 5654 1636 5708 τά
1679 5672 1786 5707 πα-

196 5749 506 5822 ραδοθέντα
520 5767 591 5804 πα
602 5748 671 5822 ρὰ
691 5748 797 5802 τῶν
821 5747 981 5802 θείων
1006 5747 1265 5819 ιῐατέρων
1287 5751 1587 5820 συχχωρεῖν
1604 5748 1786 5821 ἀμαρ-

1886 4552 2285 4617 diﬁ'erentiam,
2353 4547 2631 4604 carnalem
2696 4544 2907 4601 scilicet
2971 4551 3026 4597 et
3085 4541 3465 4612 spiritualem;

1885 4647 2065 4701 adhuc
2094 4653 2275 4698 autem
2304 4641 2370 4696 de
2391 4637 2628 4710 justitia,
2655 4645 2711 4692 ct
2751 4633 3063 4699 sanctitate,
3104 4641 3158 4688 et
3186 4631 3466 4700 quomodo

1887 4738 2004 4792 haec
2038 4736 2300 4791 habentes
2331 4730 2738 4808 cognoscimus.

1958 4832 2048 4886 5|.
2085 4831 2159 4885 De
2208 4827 2529 4898 prenitentia
2558 4842 2587 4880 e
2620 4825 2820 4879 divinis
2858 4821 3161 4892 Scripturis
3219 4820 3466 4874 testimo-

1890 4925 2011 4979 nia:
2044 4933 2098 4977 et
2132 4922 2407 4990 quomodo
2437 4925 2650 4989 oportet
2682 4914 2924 4971 conﬁteri
2958 4922 3012 4969 ct
3038 4913 3327 4983 pceuitere.

1961 5016 2050 5071 δὲ.
2095 5015 2355 5085 Exempla
2399 5013 2467 5067 de
2516 5008 2840 5082 pmnitcntia
2892 5017 2944 5062 et
2993 5006 3345 5063 confessione
3376 5024 3388 5059 :
3416 5014 3471 5058 et

1889 5110 2033 5179 quod
2060 5124 2166 5164 non
2205 5113 2421 5177 oportet
2448 5107 2562 5159 haec
2597 5117 2720 5174 quae
2750 5118 2845 5172 per
2880 5101 3264 5156 necessitatem
3300 5098 3466 5159 ﬁunt,

1888 5201 1973 5256 vel
2003 5216 2094 5271 per
2136 5198 2540 5254 institutionem
2572 5194 2865 5265 quamdam
2916 5199 3284 5269 opportunam
3333 5203 3469 5245 con-

1889 5291 2157 5347 fossiones
2198 5300 2253 5344 et
2301 5288 2655 5344 remissiones
2701 5291 3076 5355 peccatorum,
3148 5280 3374 5337 omnino
3415 5279 3471 5333 in

1892 5384 2275 5439 testimonium
2332 5382 2625 5445 adducere,
2681 5379 2775 5435 sed
2827 5376 3049 5448 quando
3104 5376 3305 5431 iterum
3369 5374 3474 5429 tale

1892 5488 2108 5548 tempus
2140 5476 2455 5538 advenerit;
2492 5484 2542 5530 ct
2572 5474 2715 5545 quod
2747 5472 3122 5544 pmnitentiam
3158 5469 3474 5524 fraudulen-

1893 5581 1996 5636 ter,
2046 5587 2155 5625 non
2214 5571 2483 5640 accipere,
2533 5569 2616 5623 vel
2666 5584 2859 5623 rursus
2903 5566 3021 5622 sine
3069 5565 3284 5620 ratione
3336 5564 3475 5619 bene

1892 5662 2141 5723 tractari,
2174 5671 2227 5717 et
2273 5660 2393 5716 sine
2438 5659 2623 5730 aliqua
2673 5658 2977 5728 prassione,
3008 5656 3093 5711 vel
3138 5654 3474 5725 pmnitcntizr

1894 5753 2186 5822 l'ruetilms,
2212 5754 2295 5809 vel
2323 5764 2515 5810 contra
2541 5752 2864 5808 traditioncs
2900 5757 3213 5807 sanctorum
3246 5746 3472 5802 Patrum
