3884 6208
230 260 363 325 1381

932 265 1700 329 INTERPRETATIONES
1739 266 2183 332 DIVINORUM
2218 272 2779 341 MANDATORUM.

3343 281 3481 349 1382

221 379 282 431 τὸ
300 377 418 431 δέον
438 378 635 448 τροφαὶ
650 377 948 451 ἀπόϐλητοι
969 383 1078 435 εισι
1109 397 1125 412 ⁸
1147 382 1247 435 καὶ
1292 384 1374 436 ὅτι
1403 384 1566 453 φύσει
1598 386 1631 455 ἡ
1682 385 1782 439 τῶν

1899 395 2101 455 menta,
2134 392 2562 461 contemptibilia
2600 401 2759 459 sunt;
2791 399 2846 445 et
2884 392 3032 464 quod
3064 402 3261 451 natura
3293 398 3478 456 homi-

220 466 523 537 ἀνθρώπων
545 471 720 542 τροφὴ
743 472 896 542 παρὰ
927 472 1023 526 τοῦ
1057 475 1403 545 Δημιουργοῦ
1454 477 1690 547 ὡρίσθη,
1714 479 1801 532 οἷα

220 558 317 611 καὶ
361 561 470 621 τοῖς
499 559 683 625 ζώοις,
723 564 751 615 ό
799 564 989 632 χόρτος
1020 565 1121 634 τῆς
1158 567 1260 636 γῆς
1303 566 1573 636 δηλονότι,
1600 572 1691 621 καὶ
1732 570 1802 623 τά

221 651 514 719 σπέρματα
544 667 557 681 ’
591 653 687 704 καὶ
740 655 820 706 ὅτι
863 655 1056 725 καιροῦ
1105 674 1235 709 ποτε
1289 659 1521 727 εὐλόγου
1584 677 1798 729 συμπε-

222 740 425 805 σόντος,
449 743 527 804 είς
561 742 717 807 δόξαν
745 744 881 797 Θεοῦ
914 747 1353 819 μεταλαμϐάνειν
1405 751 1511 821 χρὴ
1544 752 1638 803 τὸν
1673 752 1797 822 βουο

218 830 442 900 λόμενον
490 834 598 887 ἀπὸ
622 836 841 890 πάντων
869 838 970 891 ὅσα
1018 842 1127 904 τοῖς
1164 846 1420 912 μοναχοῖς
1454 844 1789 913 ἀφώρισται.

290 921 388 984 ξα’.
427 924 563 994 Περὶ
593 925 850 996 βρώσεως
911 929 1005 983 καὶ
1056 931 1267 995 πόσεως
1302 935 1411 986 τῶν
1450 936 1509 987 ὲν
1535 938 1647 999 τοῖς
1680 953 1796 989 κοι-

218 1011 417 1075 νοϐίοις
437 1014 751 1082 διαγόντων,
780 1018 859 1071 ἔτι
899 1020 954 1073 δὲ
980 1022 1074 1073 καὶ
1100 1023 1225 1093 περὶ
1258 1025 1632 1096 ἀναχωρητῶν
1658 1044 1669 1056 ·
1700 1024 1795 1080 καί⁸

217 1103 300 1153 ὅτι
323 1104 383 1155 ού
414 1104 494 1156 δεῖ
518 1107 813 1174 γογγύζειν
837 1110 1021 1164 ἕνεκεν
1049 1113 1325 1183 βρώσεως,
1356 1116 1795 1187 ἢὰποσχίζεσθαι

214 1194 313 1261 τῆς
349 1195 627 1265 τραπέζης
654 1198 762 1251 τῶν
798 1201 1062 1271 ἀδελφῶν,
1092 1204 1187 1258 καὶ
1215 1204 1382 1276 ῑτερα
1414 1207 1693 1277 ἐπιζητεῖν
1727 1209 1796 1261 τὰ

216 1282 452 1353 ἡδύτερα
511 1288 605 1339 καὶ
657 1290 1064 1363 εὑχρηστότερα
1106 1307 1120 1321 ⁸
1178 1295 1272 1347 καὶ
1323 1296 1405 1348 ὅτι
1473 1296 1634 1367 ἄρτος
1695 1299 1789 1350 κα)⁵

219 1374 508 1444 σπέρματα
540 1379 888 1451 ἐκπληρώσει
920 1384 1018 1454 τὴν
1044 1388 1233 1457 χρείαν
1260 1388 1355 1441 τοῦ
1388 1388 1659 1458 σώματος,
1702 1390 1797 1443 καὶ

218 1464 361 1536 ὕδωρ
390 1467 487 1537 τὴν
519 1469 678 1539 δίψαν
711 1472 788 1543 τῷ
822 1474 1116 1542 ὑγιαίνοντι
1136 1494 1153 1509 θ
1184 1480 1277 1532 καὶ
1303 1480 1383 1533 ὅτι
1431 1481 1625 1550 καιροῦ
1661 1498 1793 1534 ποτε

216 1557 436 1625 εὐλόγου
469 1566 858 1631 συμπεσόντος,
908 1570 989 1632 είς
1014 1569 1172 1637 δόξαν
1195 1571 1328 1625 Θεοῦ
1353 1573 1793 1644 μεταλαμϐάνειν

214 1644 303 1698 τὸν
338 1648 660 1720 βουλόμενον
691 1657 876 1724 τυροῦ,
912 1659 1005 1711 καὶ
1034 1660 1162 1725 ώοῦ,
1196 1662 1290 1715 καὶ
1332 1662 1532 1732 ίχθύος,
1570 1664 1789 1719 καὶτῶν

213 1738 491 1802 τοιούτων,
524 1743 617 1795 καὶ
644 1746 745 1799 ὅσα
773 1750 884 1811 τοῖς
914 1753 1166 1819 μοναχοῖς
1192 1753 1522 1824 ἀφώρισται.

283 1827 382 1897 ξβ’.
420 1832 552 1902 Περὶ
582 1835 837 1905 βρώσεως
868 1841 962 1892 καὶ
1008 1842 1216 1905 πόσεως
1248 1844 1356 1895 τῶν
1388 1846 1530 1899 κατὰ
1583 1847 1788 1917 κόσμον

211 1917 478 1987 βιωτικῶν
512 1942 526 1956 ·
567 1927 663 1980 καὶ
690 1927 807 1993 πῶς
837 1930 917 1983 δεῖ
938 1932 1610 2005 τρέφεσθαιΧριστιανούς
1642 1954 1657 1970 ’
1694 1941 1786 1992 καὶ

208 2010 290 2101 δτι
327 2012 639 2084 σπέρματα,
689 2022 782 2073 καὶ
829 2022 992 2093 χλόην
1040 2025 1100 2090 ἐξ
1167 2026 1344 2097 ἀρχῆς
1393 2029 1787 2101 ἐνομοθέτησεν

206 2100 238 2153 ό
286 2102 418 2166 Θεὸς
465 2107 591 2171 τοὺς
643 2110 966 2182 ἀνθρώπους
1027 2115 1229 2169 ἐσθίειν
1257 2133 1274 2149 ο
1325 2120 1419 2172 καὶ
1449 2120 1531 2173 ὃτι
1558 2122 1591 2189 ὴ
1619 2100 1786 2192 κρεω-

208 2195 377 2260 φαγία
415 2198 561 2270 καὶὴ
598 2202 878 2257 οίνοποσία
910 2206 1046 2276 μετὰ
1072 2207 1163 2260 τὸν
1184 2210 1571 2281 κατακλυσμὸν
1590 2214 1781 2265 ἔπεισ-

206 2282 337 2349 ἧλθε
371 2288 448 2356 τῷ
476 2289 595 2358 βίῳ,
625 2294 721 2346 καὶ
749 2298 863 2359 τοῖς
888 2298 1030 2352 κατὰ
1057 2299 1261 2370 κόσμον
1292 2302 1354 2353 ὲν
1394 2301 1574 2373 καιρῷ
1608 2304 1781 2372 ἀναγ-

212 2374 347 2440 καίῳ
361 2377 535 2431 ταῦτα
555 2384 861 2454 ἀπόϐλητα.

281 2464 379 2532 ἔτ’.
415 2470 546 2540 Περὶ
575 2478 925 2542 χειροτονίας,
949 2479 1043 2531 καὶ
1073 2481 1447 2551 καθαιρέσεως
1468 2483 1777 2553 κληρικῶν·

212 2559 303 2609 καὶ
338 2559 420 2611 ὃτι
453 2562 504 2612 οἱ
539 2565 685 2632 παρὰ
716 2568 841 2629 τοὺς
895 2568 1236 2638 ὡρισμένους
1274 2573 1500 2642 χρόνους
1536 2590 1779 2644 χειροτο-

207 2646 459 2714 νηθέντες
512 2654 922 2723 καθαιροῦνται,
956 2660 1050 2712 καὶ
1078 2662 1107 2711 ὁ
1138 2662 1321 2725 κύϐοις
1354 2662 1653 2732 σχολάζων,
1687 2666 1781 2718 καὶ

208 2737 402 2803 μέθαις
434 2740 691 2813 κληρικὸς
707 2745 1067 2817 καθαιρείται,
1088 2754 1117 2804 ὁ
1136 2752 1190 2804 δὲ
1213 2752 1401 2817 λαῖκδς
1426 2756 1775 2825 ἀφορίζεται·

205 2828 299 2919 καί
329 2829 410 2882 ὅτι
431 2834 459 2879 ό
491 2834 600 2887 ἀπὸ
626 2836 726 2905 τῆς
766 2839 1180 2913 ἀρχιερωσύνης
1204 2846 1285 2907 είς
1338 2847 1438 2917 τὴν
1475 2847 1777 2919 μοναχικὴν

204 2918 359 2982 τάξιν
398 2922 586 2991 ἐλθὼν,
618 2928 717 2980 οὐκ
756 2929 1134 3001 ἔτιίεράτευσε
1170 2952 1184 2965 ·
1213 2937 1307 2987 καὶ
1346 2937 1474 3005 περὶ
1507 2937 1777 3005 διαφόρων

1904 495 2034 534 num
2062 495 2188 536 esca
2230 498 2257 535 a
2296 484 2556 539 Creatore
2594 485 2908 555 praescripta
2940 496 3045 551 est,
3074 486 3237 543 sicuti
3274 498 3329 544 et
3358 494 3481 547 ani-

1901 570 2159 637 malibus,
2188 582 2344 627 terra:
2378 572 2561 628 fenum
2598 576 2880 630 evidenter
2900 587 2952 631 et
2976 579 3217 646 semina;
3250 593 3303 636 et
3329 585 3473 651 quod

1902 667 2150 728 tempore
2204 672 2512 729 opportuno
2572 665 2945 735 contingente,
2996 667 3047 720 in
3090 669 3318 738 gloriam
3383 675 3473 729 Dei

1902 761 2117 819 Oportet
2136 754 2384 822 accipere
2412 756 2683 811 volentem
2718 758 2785 812 ab
2808 760 3086 826 omnibus,
3118 773 3323 831 quanta
3357 783 3476 820 nio-

1902 844 2093 899 nacbis
2125 848 2534 914 permittuntur.

1970 935 2057 989 61.
2120 936 2197 991 De
2254 940 2375 994 cibo
2427 950 2481 996 et
2535 952 2665 1011 potu
2720 958 2907 999 eorum
2956 949 3049 1017 qui
3097 950 3149 1005 in
3207 956 3476 1011 rmnobiis

1899 1024 2121 1094 degunt,
2149 1030 2380 1083 ctetiam
2412 1031 2478 1085 de
2504 1034 2854 1091 anachoretis
2878 1053 2891 1089 :
2920 1046 2973 1092 et
3000 1042 3142 1107 quod
3171 1058 3281 1097 non
3312 1060 3478 1114 Opor-

1900 1127 1972 1173 tet
1993 1135 2339 1176 murmurare
2360 1137 2579 1193 propter
2597 1127 2800 1193 cibum,
2826 1130 2908 1184 vel
2930 1130 3209 1189 discedere
3227 1152 3256 1190 a
3282 1153 3471 1193 mensa

1897 1208 2153 1275 fratrum,
2185 1222 2239 1268 et
2269 1213 2375 1267 alia
2402 1220 2691 1285 exquirere
2717 1219 3050 1285 jncundiora
3082 1232 3138 1278 et
3188 1226 3469 1296 dulciora;

1896 1309 1949 1355 ct
1992 1304 2137 1371 quod
2194 1305 2352 1373 panis
2397 1318 2451 1361 et
2501 1308 2709 1363 semina
2750 1311 3031 1367 satiabunt
3086 1320 3469 1375 necessitatem

1894 1394 2174 1462 corporis,
2206 1405 2258 1449 et
2288 1411 2428 1465 aqua
2459 1398 2608 1452 sitim
2640 1400 2779 1456 bene
2809 1403 3049 1471 valenti;
3080 1416 3133 1460 et
3157 1412 3303 1477 quod
3335 1422 3471 1466 tcm~

1897 1497 2027 1549 pore
2058 1483 2303 1552 legitimo
2348 1486 2719 1558 contingente,
2770 1490 2823 1543 in
2864 1492 3091 1561 gloriam
3128 1495 3222 1551 Dei
3258 1507 3472 1569 Oportet

1896 1576 2141 1643 accipere
2162 1576 2433 1631 volentem
2465 1592 2710 1645 caseum,
2748 1596 2873 1649 ova,
2900 1584 3129 1653 piscem,
3158 1600 3212 1643 et
3241 1591 3464 1655 similia,

1894 1676 2097 1736 quanta
2138 1669 2425 1723 monachis
2452 1670 2856 1738 permittuntur.

1970 1838 2059 1892 62.
2102 1840 2177 1894 De
2200 1842 2324 1897 cibo
2349 1851 2403 1895 et
2433 1849 2563 1911 potu
2592 1857 2781 1898 eorum
2807 1845 2899 1913 qui
2922 1849 2973 1900 in
3009 1849 3214 1903 mundo
3248 1849 3467 1905 vivunt:

1892 1942 1946 1985 ct
1971 1934 2248 2001 quomodo
2272 1933 2472 1988 debent
2500 1935 2571 1989 ali
2603 1935 2899 1991 Christiani
2924 1956 2938 2003 ;
2975 1949 3029 1993 et
3058 1941 3203 2008 quod
3231 1942 3465 2005 semina,

1892 2033 1946 2078 et
1973 2025 2198 2079 herbam
2226 2040 2258 2078 a
2295 2026 2562 2096 principio
2594 2028 2831 2083 instituit
2869 2029 3012 2085 Deus
3045 2032 3117 2085 ab
3150 2032 3467 2089 hominibus

1894 2116 2243 2182 manducari;
2276 2128 2330 2172 ct
2355 2119 2501 2187 quod
2533 2119 2717 2175 carnis
2751 2136 2902 2189 esus,
2928 2132 2983 2177 et
3007 2123 3118 2178 vini
3149 2134 3310 2194 potus
3332 2135 3462 2193 post

1889 2203 2155 2258 diluvium
2203 2206 2258 2260 in
2318 2208 2578 2261 mundum
2631 2210 3009 2277 intraverunt,
3050 2220 3105 2267 et
3155 2214 3240 2269 his
3283 2214 3373 2284 qui
3410 2216 3463 2269 in

1889 2296 2097 2351 mundo
2139 2307 2269 2352 sunt
2304 2298 2359 2353 in
2397 2310 2637 2369 tempore
2666 2303 2980 2358 necessario
3026 2303 3133 2358 ista
3168 2306 3462 2373 rejicienda

1889 2396 2039 2441 sunt.

1959 2478 2050 2531 63.
2081 2477 2155 2531 De
2195 2479 2562 2543 ordinatione.
2607 2489 2661 2534 et
2707 2481 3053 2551 depositione
3085 2485 3415 2543 clericorum
3442 2504 3461 2541 :

1886 2576 1941 2622 ct
1965 2569 2107 2637 quod
2133 2568 2208 2622 illi
2236 2570 2328 2638 qui
2353 2581 2547 2638 praeter
2566 2579 2770 2625 statuta
2802 2582 3046 2641 tempora
3070 2575 3309 2630 ordinati
3334 2589 3464 2633 sunt

1886 2656 2257 2725 deponuntur,
2280 2666 2335 2713 et
2363 2659 2456 2728 qui
2496 2660 2617 2714 talis
2633 2671 2689 2716 et
2718 2663 3079 2719 ebrietatibus
3112 2676 3270 2721 vocat
3301 2666 3464 2721 cleri-

1885 2763 1984 2803 cus
2012 2748 2325 2819 deponitur,
2352 2751 2524 2807 laicus
2549 2762 2730 2807 autem
2758 2765 3081 2824 separatur;
3109 2767 3164 2811 et
3194 2759 3343 2827 quod
3371 2759 3462 2814 ille

1884 2840 1980 2908 qui
2025 2857 2052 2893 a
2085 2850 2228 2896 statu
2262 2843 2587 2897 sacerdotali
2625 2845 2680 2898 in
2729 2848 3093 2901 monasticum
3136 2850 3459 2916 ingreditur,

1880 2930 1990 2999 jam
2021 2946 2127 2984 non
2155 2931 2456 2985 ministerio
2485 2948 2645 2987 sacro
2675 2945 2861 2999 vacat;
2897 2946 2950 2989 et
2974 2938 3042 2990 de
3069 2937 3303 2992 diversis
3326 2940 3459 2992 sub-

203 3008 532 3067 ὑποθέσεων⁹
567 3018 659 3068 καὶ
693 3019 773 3071 ὅτι
803 3019 859 3072 ἒν
889 3021 1105 3090 πνεῦμα
1141 3025 1443 3093 ἐνήργησεν
1479 3026 1559 3088 εἷς
1583 3043 1640 3078 τε
1676 3030 1775 3087 τὰς

1907 3024 2072 3086 iactis;
2107 3030 2159 3075 et
2191 3024 2332 3092 quod
2368 3039 2509 3078 unus
2560 3025 2792 3092 spiritus
2828 3026 3122 3094 inspiravit
3176 3029 3228 3081 in
3265 3029 3457 3084 locali-

200 3105 448 3165 τοπικὲς,
484 3107 577 3159 καὶ
626 3109 707 3171 είς
760 3109 859 3173 τὰς
904 3114 1292 3182 οίκουμενικὰς
1339 3115 1586 3178 συνόδους
1613 3132 1627 3148 ο
1685 3119 1780 3169 καὶ

199 3189 303 3259 χρὴ
326 3192 430 3254 ἓως
456 3194 652 3259 αἰῶνος
681 3200 806 3263 τοὺς
842 3202 1207 3271 Χριστιανοὺς
1237 3207 1364 3267 τοὺς
1393 3205 1570 3269 θείους
1598 3207 1779 3260 αὐτῶν

201 3281 491 3348 φυλάττειν
522 3289 772 3354 κανόνας.

1890 3115 1991 3169 bus
2019 3124 2071 3168 et
2088 3116 2141 3167 in
2161 3116 2506 3184 generalibus
2523 3116 2776 3185 synodis;
2797 3124 2850 3171 et
2875 3127 3089 3187 Oportet
3111 3119 3455 3175 Christianos

1886 3222 2125 3262 canones
2163 3206 2378 3262 divinos
2413 3223 2599 3262 carum
2633 3208 2953 3265 observare.

711 3407 840 3461 Post
877 3411 1125 3479 paginam
1151 3412 1225 3478 ς’,
1261 3427 1416 3482 caput
1457 3416 1686 3484 primum
1720 3415 1795 3469 ita
1828 3414 2033 3483 incipit,
2079 3412 2300 3481 pra'ﬁa'o
2327 3411 2503 3464 rubris
2534 3412 2726 3466 litteris
2762 3411 2958 3466 titulo:

277 3540 574 3612 Ἐρμηνεία
624 3543 732 3597 τῶν
760 3545 988 3599 ἐντολῶν
1022 3548 1114 3600 τοῦ
1148 3550 1351 3620 Κυρίου
1404 3551 1559 3622 ἡμῶν
1600 3551 1771 3620 Ἰησοῦ

196 3631 456 3701 Χριστοῦ,
503 3632 657 3704 λόγος
719 3635 1100 3707 διαλαμϐάνων
1153 3645 1280 3710 περὶ
1318 3642 1418 3711 τῆς
1465 3642 1772 3705 ὑποθέσεως

194 3721 289 3775 τοῦ
327 3721 556 3791 βιϐλίου.
591 3726 739 3797 Αὐτὴ
768 3729 800 3796 ἡ
844 3727 1024 3797 βίβλος
1051 3729 1149 3792 τάς
1182 3730 1279 3783 τοῦ
1316 3733 1521 3804 Κυρίου
1554 3734 1651 3803 μὲν
1682 3736 1768 3785 ἐν·

193 3815 374 3878 τολὰς,
402 3817 622 3880 καὶτὰς
653 3819 859 3872 τούτων
908 3822 1207 3891 ἑρμηνείας
1250 3826 1519 3895 περιέχει,
1572 3843 1768 3895 συναρ-

196 3908 464 3977 μοζούσας
488 3909 543 3963 δὲ
562 3910 785 3974 ταύταις
813 3913 907 3965 καὶ
933 3913 1395 3979 ἐξακολουθούσας
1418 3918 1638 3987 ὁμοίως,
1670 3920 1766 3972 καὶ

190 4002 288 4063 τὰς
342 4001 451 4053 τῶν
480 4003 649 4071 ἁγίων
707 4001 964 4075 Ιίατέρων
993 4006 1337 4071 διδασκαλίας
1380 4010 1771 4083 συμπεριείλη-

189 4106 307 4157 φεν,
331 4090 562 4145 ἕκαστον
594 4096 658 4145 ὲκ
688 4093 919 4158 θατέρου
948 4096 1228 4164 λαμϐάνον
1256 4098 1357 4168 τὴν
1389 4100 1647 4169 ἀφορμὴν
1672 4118 1766 4154 κε-

190 4182 413 4251 φάλαιον
447 4186 706 4252 φέρουσα,
739 4188 834 4236 καὶ
858 4186 1045 4255 ῶσπερ
1084 4206 1167 4250 τις
1216 4191 1587 4257 χρυσόπλοκος
1614 4196 1763 4260 σχοῖ-

188 4289 275 4333 νος
297 4274 384 4325 διὰ
422 4275 603 4336 λίιων,
646 4276 737 4328 καὶ
774 4278 1134 4346 μαργαριτῶν
1160 4280 1359 4347 τιμίων
1384 4278 1759 4351 ὲξυφασμὲνη.

1954 3548 2236 3618 Expositio
2311 3548 2693 3601 mandatorum
2768 3547 2989 3602 Domini
3076 3549 3249 3602 nostri
3317 3546 3448 3604 Jesu

1878 3640 2103 3703 Christi,
2137 3654 2316 3693 sermo
2346 3646 2587 3691 tractans
2622 3638 2688 3691 de
2720 3637 2968 3707 subjecto
3001 3636 3145 3692 libri.
3180 3634 3279 3691 llic
3308 3638 3450 3693 liber

1876 3729 2092 3784 Domini
2126 3733 2401 3796 mandata,
2443 3738 2496 3783 et
2527 3732 2722 3783 horum
2766 3728 3161 3799 explicationes
3211 3730 3450 3799 comple-

1873 3823 2059 3887 ctitur,
2097 3822 2380 3889 adaptatas
2407 3822 2494 3875 his
2528 3830 2581 3875 et
2607 3820 2980 3877 consectarias
3012 3820 3200 3883 simul,
3238 3830 3291 3876 et
3321 3835 3449 3875 san-

1869 3926 2082 3971 ctorum
2100 3913 2323 3967 Patrum
2347 3913 2626 3967 doctrinas
2655 3912 2920 3976 continet,
2940 3910 3236 3981 praeferens
3265 3911 3443 3980 quod-

1869 4018 1974 4072 que
2004 4012 2170 4073 caput
2215 4018 2244 4056 e
2288 4002 2521 4074 singulis
2571 4002 2830 4057 Patribus
2868 4002 3088 4056 titulum
3131 4016 3357 4057 sumens
3389 4008 3446 4055 ct

1867 4098 2010 4148 sicut
2036 4106 2226 4148 catena
2258 4110 2322 4147 cx
2357 4110 2494 4149 auro
2527 4093 2790 4149 fabricata
2821 4101 2875 4148 et
2908 4092 3181 4167 lapidibus
3212 4101 3270 4147 et
3295 4105 3446 4145 mss-

1867 4187 2056 4254 guritls
2087 4186 2371 4238 adornata.

265 4363 732 4419 Ultimuntdesinit
770 4384 789 4420 :
816 4370 940 4429 Τοῖς
990 4369 1046 4421 δὲ
1106 4370 1429 4439 φιλομαθέσι
1465 4373 1636 4425 πολλὰ
1669 4374 1763 4425 καὶ

1939 4374 2159 4431 Sciendi
2213 4376 2427 4446 cupidis
2478 4375 2649 4431 multa
2693 4386 2748 4432 et
2798 4375 2903 4430 alia
2953 4373 3171 4430 aliunde
3216 4375 3441 4429 omnino

186 4455 320 4507 ἄλλα
351 4457 678 4527 πολλαχόθεν
709 4456 921 4522 ἔξεστιν
960 4460 1225 4532 ἐξευρεῖν.

1868 4470 2160 4540 exquirere
2190 4469 2337 4524 licet.

671 4595 733 4649 In
762 4595 951 4650 ultima
993 4598 1204 4652 tandem
1235 4601 1442 4671 pagina:
1480 4620 1597 4671 ora,
1633 4605 1956 4675 fugientibus
1986 4610 2151 4677 ferme
2192 4611 2382 4663 litteris
2418 4611 2526 4663 Iiwc
2561 4608 2755 4678 scripta
2786 4617 2949 4664 sunt:

254 4729 464 4800 ’Ὠσπερ
498 4729 635 4796 ξένοι
683 4736 933 4806 χαίρουσι
980 4739 1209 4809 πατρίδα
1276 4742 1564 4815 ἐμϐλέψαι,
1612 4743 1755 4797 οὕτω

186 4825 277 4875 καὶ
299 4823 348 4875 οἱ
388 4826 687 4895 γράφοντες
719 4829 923 4898 βιϐλίου
952 4830 1126 4897 τέλος.

1940 4744 2092 4800 Sicut
2124 4746 2383 4815 pcrigrini
2410 4746 2644 4816 gaudent
2678 4745 2914 4817 patriam
2943 4743 3235 4815 inspicere,
3271 4743 3347 4799 ita
3384 4752 3439 4799 et

1866 4838 2173 4895 scribentes
2200 4839 2361 4895 libelli
2394 4839 2577 4893 tinent.
