3982 6214
490 285 624 350 1383

1328 286 1720 347 OPUSCULA
1760 286 2105 347 MORALIA
2145 282 2500 345 ΙΝΩΕΡιΤιΕ
2537 279 2847 341 )ETATIS.

3598 271 3756 336 133$

2036 422 3715 453 Μ

1524 591 2713 713 ΑΠΟΦΘΕΓΜΑΤΑ

1246 843 1581 929 ΑΓΙΩΝ
1664 839 2271 929 ΘΕΟΦΟΡΩΝ
2344 838 2861 927 ΠΑΤΕΡΩΝ
2914 827 2973 918 ⁸.

2092 1047 2168 1064 σ-υ

1471 1189 2745 1309 APOPHTHEGMATA

906 1456 1623 1552 SANCTORUM
1700 1451 2721 1546 THEOPHORORUM
2801 1451 3323 1541 PATRUM.

1437 1671 1533 1734 (Ex
1562 1667 1815 1721 Αιιεεάοῐίις
1837 1670 1881 1718 J.
1911 1668 1995 1718 Fr.
2019 1669 2339 1728 Boissonade,
2373 1673 2490 1717 tom.
2514 1667 2552 1728 Ι,
2575 1680 2627 1731 p.
2654 1666 2788 1731 109.)

557 1970 823 2026 ιοιεηιίαξ.
863 1967 1055 2024 Venite
1078 1977 1130 2023 et
1176 1968 1456 2022 mittamus
1487 1969 1719 2037 lapidem
1768 1968 1821 2021 in
1863 1983 2055 2038 panem
2098 1981 2137 2032 Α

486 2067 629 2135 ejus,
659 2075 713 2118 et
740 2063 1029 2118 eradamus
1077 2076 1200 2115 eum
1258 2062 1324 2116 de
1354 2072 1495 2115 terra
1548 2061 1865 2115 viventium.
1920 2061 2060 2117 Ecce

487 2159 707 2213 domum
745 2154 884 2210 Juda
915 2155 1171 2209 tollamus
1192 2154 1259 2209 de
1290 2154 1470 2207 medio
1504 2168 1717 2207 eorum.

554 2333 762 2387 Basilii.
785 2362 854 2372 -
874 2333 1056 2387 Rebus
1078 2330 1298 2400 quidem
1326 2330 1756 2384 modestiurihus
1786 2338 1841 2383 et
1868 2344 2065 2384 neces-

487 2424 646 2479 sariis
671 2425 735 2478 ad
761 2423 1049 2478 vivendum
1071 2439 1245 2492 usque
1262 2423 1327 2476 ad
1357 2423 1641 2476 utilitatem
1674 2424 2063 2487 inhaareatnus,

487 2517 657 2569 etiam
696 2516 748 2569 in
789 2516 872 2569 his
902 2514 1206 2569 satietatem
1240 2496 1509 2567 evitantes
1551 2530 1564 2566 :
1600 2512 1765 2567 rebus
1796 2528 1922 2566 vero
1944 2528 2067 2581 qua:

487 2609 554 2662 ad
583 2608 908 2675 voluptatem
942 2614 1070 2659 sunt
1136 2605 1362 2658 omnino
1395 2604 1793 2660 abstineamus.

574 2696 973 2769 Chrysostomi.
1008 2725 1076 2736 -
1102 2693 1401 2749 Moderatio
1426 2705 1479 2748 ct
1506 2693 1788 2763 frugalitas
1819 2697 2067 2752 sanitatis

490 2800 665 2844 mater
688 2798 791 2854 est,
824 2788 965 2845 unde
986 2786 1179 2841 medici
1212 2801 1225 2836 :
1253 2784 1540 2839 Insatietas
1570 2786 1692 2850 cibi,
1730 2787 1956 2852 sanitas,
1988 2791 2068 2843 di-

490 2892 641 2937 runt.
676 2882 733 2935 Si
769 2894 897 2934 vero
927 2878 1255 2932 abstinentia
1292 2886 1462 2930 tuater
1497 2877 1747 2931 sanitatis
1778 2886 1881 2941 cst,
1916 2892 2064 2948 patet

490 2972 791 3025 satietatem
846 2967 1159 3021 morborum
1195 2980 1315 3020 esse
1347 2975 1595 3019 matrem.

557 3061 803 3131 Gregorii
834 3058 1117 3129 Theologi.
1136 3088 1202 3100 -υ-
1224 3056 1460 3111 Satietas
1484 3056 1856 3112 conviciorum
1882 3066 2066 3127 pater:

492 3168 598 3206 non
648 3153 811 3223 igitur
865 3151 960 3205 tibi
1014 3162 1182 3205 suave
1228 3148 1333 3203 erit
1390 3157 1598 3218 guttur,
1649 3149 1793 3218 quod
1818 3150 2069 3204 devastat

491 3245 671 3299 omnia
698 3260 820 3313 qua:
849 3243 1067 3297 dantur.

562 3356 868 3411 Athanasii.
902 3383 969 3395 —-
990 3353 1223 3409 Satietas
1253 3368 1471 3407 carnem
1503 3348 1669 3405 elﬁcit
1692 3349 2062 3407 lascivientem
2102 3329 2141 3384 Β

493 3458 546 3503 et
574 3448 1044 3514 recalcitrantem;
1077 3444 1434 3516 temperantia
1474 3451 1656 3497 autem
1687 3442 1835 3497 illam
1870 3447 2065 3499 morti-

494 3542 619 3596 tleat
640 3550 693 3596 et
715 3540 954 3609 subjicit.

562 3632 807 3704 Gregorii
835 3632 1092 3703 Nysseni.
1122 3666 1190 3676 —-
1216 3635 1403 3708 Neque
1435 3636 1580 3692 enim
1606 3638 1826 3694 athletis
1857 3653 1913 3691 in
1949 3650 2067 3691 cer-

497 3723 716 3777 taminis
764 3732 1006 3793 tempore
1040 3725 1186 3781 utilis
1223 3736 1307 3782 est
1343 3728 1586 3793 satietas,
1657 3742 1832 3798 neque
1869 3727 2067 3782 ascetis

495 3812 834 3867 certantibus
863 3828 1097 3883 semper.

566 3926 773 3995 Cyrilli.
799 3956 870 3965 —
900 3928 1037 3982 Vera
1094 3930 1455 3998 temperantia
1488 3945 1593 3983 non
1628 3930 1953 3985 abstinentia
1986 3939 2069 3985 est

497 4019 955 4087 completa;illud
999 4022 1146 4075 enim
1182 4038 1384 4092 corpus
1432 4022 1701 4087 debilitat,
1759 4022 1854 4077 sed
1901 4023 2067 4078 satie-

498 4117 662 4163 tatem
687 4108 877 4163 evitat.

572 4197 753 4254 Sabw.
788 4228 855 4240 —
890 4196 994 4265 Qui
1038 4208 1185 4254 amat
1212 4200 1377 4255 Deum
1412 4201 1708 4270 angelicam
1740 4204 1906 4257 vitam
1938 4203 2069 4258 vivit

500 4292 555 4347 in
592 4291 1055 4371 terra,jejunans,
1092 4292 1352 4363 psallens,
1385 4292 1637 4363 vigilans,
1669 4310 1854 4351 orans.

572 4488 873 4558 Euthymii.
928 4518 998 4531 —-
1051 4488 1257 4543 Merces
1316 4492 1689 4559 temperantiae
1753 4495 2067 4563 passionum

500 4580 692 4649 quies;
718 4580 833 4635 haec
858 4589 1039 4635 autem
1076 4581 1467 4651 perfectionem
1509 4593 1750 4650 generat,
1791 4602 1911 4655 qua:
1945 4603 2069 4656 pro-

502 4671 624 4740 pius
656 4670 805 4725 ducit
838 4672 903 4725 ad
930 4670 1120 4726 Deum.

574 4762 726 4816 Pauli
752 4761 991 4816 Thebani.
1032 4761 1235 4817 —Non
1267 4762 1374 4819 cibi
1414 4765 1539 4818 mali
1581 4773 1729 4831 sunt,
1756 4766 1846 4819 sed
1878 4768 2076 4822 intem-

502 4856 778 4925 perantia:
832 4853 1041 4907 nullum
1094 4853 1241 4907 enim
1300 4852 1395 4907 Dei
1440 4869 1664 4924 operum
1710 4856 1934 4921 malum,
1983 4858 2074 4912 sed

504 4944 707 4997 abusus
730 4950 1012 5011 peccatum
1037 4949 1139 4995 est.

573 5032 754 5087 Autis.
787 5061 845 5072 —
883 5029 1001 5085 Non
1059 5040 1275 5101 oportet
1323 5041 1565 5087 metuere
1611 5033 1919 5087 daemonum
1977 5036 2077 5088 im.

502 5131 694 5193 petus:
726 5120 1067 5178 orationibus
1096 5122 1243 5177 enim
1274 5134 1325 5179 et
1346 5122 1571 5191 jejuniis
1603 5135 1655 5179 ct
1684 5125 1787 5179 ﬁde
1813 5127 1862 5179 iu
1894 5125 2074 5179 Durni-

502 5229 633 5269 num
664 5214 847 5270 statim
878 5214 966 5269 isti
1000 5213 1275 5270 decidunt.

570 5305 808 5362 Arsenii.
837 5336 907 5346 —
937 5304 1039 5373 Qui
1069 5306 1213 5379 ligna
1263 5308 1317 5363 in
1364 5308 1487 5378 igne
1519 5308 1759 5379 congerit
1799 5309 2071 5364 ﬂammam

571 5480 884 5555 ‘HEcodice
913 5482 1243 5555 regioiltib'o,
1276 5498 1397 5553 pag.
1433 5486 1557 5551 20l,
1592 5484 1614 5537 l
1648 5500 1802 5555 seqq.

573 5554 649 5621 (l)
681 5552 883 5608 Jerem.
911 5552 995 5617 si,
1018 5554 1106 5616 l9,
1139 5552 1589 5609 cum’varietate.

575 5622 651 5690 (2)
679 5621 1068 5694 [lespiciuntur
1105 5622 1450 5694 Hippocratis
1480 5624 1634 5694 Epid.
1668 5640 1738 5683 vt.
1767 5626 1820 5687 4,
1848 5625 1940 5678 ‘20-
1970 5623 2069 5677 Isi.

505 5686 674 5743 dorus
694 5686 806 5746 Peli
835 5708 887 5757 v,
912 5692 1018 5747 528
1046 5712 1059 5749 :
1094 5686 1310 5747 ἴσθἰ’ὃτι
1345 5697 1435 5747 καὶ
1465 5686 1825 5764 Ἱπποκράτης
1846 5697 1873 5747 ὁ
1893 5694 2066 5757 Κῶος,

2088 1842 2159 1856 .-

2252 1967 2538 2039 Ίερεμίου.
2562 1996 2636 2007 —
2661 1967 2829 2020 Δεῦτε
2863 1966 2942 2037 (ι)
2981 1967 3075 2020 καὶ
3116 1966 3451 2038 ἐμϐάλωμεν
3483 1968 3644 2023 λίθον
3677 1972 3763 2033 εἰς

2163 2061 2256 2115 τὸν
2286 2062 2452 2130 ἄρτον
2499 2058 2689 2127 αὐτοῦ,
2741 2060 2837 2112 καὶ
2878 2060 3229 2129 ἐπιτρίψωμεν
3275 2061 3443 2113 αὐτὸν
3497 2062 3613 2113 ἀπὸ
3654 2064 3758 2130 γῆς

2164 2149 2403 2214 ζώντων.
2454 2148 2582 2203 Ἰδοὺ
2608 2148 2701 2202 τὸν
2723 2143 2872 2202 οἷκον
2912 2146 3081 2202 Ἰούδα
3119 2148 3447 2218 ἐκϐάλωμεν
3478 2151 3551 2203 ἐκ
3582 2152 3748 2220 μέσου

2163 2240 2366 2296 αὐτῶν.

2237 2332 2539 2386 Βασιλείου.
2577 2360 2648 2373 -—-
2678 2332 2803 2395 Τοῖς
2838 2332 2935 2401 μὲν
2964 2331 3364 2400 εὐτελεστέροις
3413 2332 3518 2384 καὶ
3576 2334 3735 2398 αναγ-

2168 2425 2347 2489 καίοις
2380 2424 2518 2495 πρὸς
2555 2424 2617 2477 τὸ
2646 2425 2746 2495 ζῇν
2774 2426 2935 2493 μέχρι
2958 2424 3055 2493 τῆς
3080 2424 3269 2493 χρείας
3299 2424 3747 2494 προσδιατρξψω-

2170 2535 2292 2587 μεν,
2329 2523 2424 2571 καὶ
2451 2520 2509 2571 ὲν
2536 2516 2749 2581 τούτοις
2800 2517 2890 2568 τὸν
2937 2518 3100 2585 κόρον
3128 2515 3477 2578 ἐκκλίνοντες
3506 2531 3523 2545 ⁸
3562 2518 3672 2568 τῶν
3697 2516 3751 2567 ἃ

2169 2609 2305 2679 πρὸς
2338 2609 2529 2680 ἡδονὴν
2559 2607 2790 2663 καθόλου
2821 2605 3174 2676 ἀπεχώμεθα.

2242 2700 2347 2753 Τοῦ
2382 2700 2794 2771 Χρυσοστόμου.
2832 2727 2903 2738 -
2938 2698 3001 2749 'H
3037 2696 3286 2750 εὐτέλεια
3316 2696 3412 2750 καὶ
3457 2699 3491 2765 ὴ
3534 2698 3756 2765 λιτότης

2170 2790 2357 2859 ὐγείας
2377 2791 2559 2859 μήτηρ
2577 2789 2745 2851 ἐστὶν,
2766 2786 2888 2839 ὅθεν
2915 2786 3088 2855 ἰατροὶ
3106 2784 3184 2853 (2)
3227 2785 3456 2852 Ἀκορὶη
3492 2783 3753 2853 τροφῆς,

2169 2882 2360 2951 ὑγείη,
2396 2880 2581 2949 φασίν·
2612 2880 2660 2931 εἰ
2686 2878 2741 2930 δὲ
2765 2877 2937 2930 ἔνδεια
2961 2878 3145 2948 μήτηρ
3176 2875 3384 2943 ὑγείας,
3409 2875 3639 2945 εὐδηλον
3672 2878 3757 2929 δτι

2170 2975 2204 3043 ἡ
2228 2970 2513 3042 πλησμονὴ
2546 2972 2728 3041 μήτηρ
2758 2969 2929 3022 νόσων
2965 2968 3132 3022 ἐστίν.

2241 3064 2545 3136 Γρηγορίου
2613 3062 2707 3114 τοῦ
2777 3060 3068 3129 Θεολόγου.
3151 3088 3225 3101 -
3299 3060 3477 3130 Κόρος
3563 3059 3754 3129 πατὴρ

2174 3156 2381 3227 ὖὸρεως
2407 3157 2503 3225 (5).
2534 3154 2624 3221 Μὴ
2655 3152 2751 3208 οὖν
2781 3152 3145 3222 γλυκανθήτω
3168 3169 3252 3205 σοι
3278 3152 3517 3222 φάρυγξ,
3551 3144 3617 3205 οὗ
3652 3170 3754 3206 κα-

2171 3248 2463 3319 τασύρεται
2498 3249 2604 3299 πᾶν
2633 3246 2693 3299 τὸ
2719 3245 3013 3316 διδόμενον.

2257 3361 2597 3416 Ἀθανασίου.
2634 3359 2903 3430 -Κόρος
2930 3361 2995 3429 τῇ
3029 3358 3191 3429 σαρκὶ
3242 3373 3597 3427 σκιρτηματα
3651 3359 3751 3425 ἑμ-

2173 3458 2320 3509 ποιεῖ
2352 3456 2446 3508 καὶ
2471 3455 2807 3524 φρυάγματα
2827 3468 2842 3482 ·
2877 3451 3174 3521 ἐγκράτεια
3199 3450 3256 3503 δὲ
3284 3450 3457 3519 αὐτὴν
3486 3451 3745 3503 cmuci-

2174 3550 2256 3616 ζει
2280 3549 2373 3603 καὶ
2396 3547 2749 3614 δουλαγωγεῖ.

2244 3640 2544 3711 Γρηγορίου
2579 3638 2819 3707 Νύσσης.
2849 3663 2912 3674 -—
2938 3633 3076 3688 Οὔτε
3097 3634 3206 3703 γὰρ
3228 3631 3487 3701 ἀθληταῖς
3511 3633 3574 3685 ὲν
3604 3634 3754 3702 ἀγῶ-

2176 3750 2264 3797 νος
2298 3730 2475 3802 καιρῷ
2501 3729 2784 3799 λυσιτελὴς
2817 3730 2844 3780 ό
2868 3727 3026 3798 κόρος
3062 3726 3231 3791 ἐστὶν,
3258 3723 3384 3778 οὐτε
3414 3725 3532 3787 τοῖς
3569 3727 3746 3795 ἀσκη-

2176 3826 2296 3887 ταῖς
2333 3820 2757 3891 ἀγωνιζομένοις
2786 3817 2894 3874 ἀεί.

2249 3935 2537 4007 Κυρξλλου.
2574 3963 2643 3974 —
2699 3931 2763 3985 'H
2806 3930 3013 4001 ἀληθὴς
3071 3929 3366 3999 ἐγκράτεια
3410 3930 3513 3982 οὐκ
3570 3931 3748 3981 ἀσιτία

2178 4030 2293 4082 ἐστὶ
2356 4026 2644 4095 παντελής·
2701 4023 2860 4077 τοῦτο
2908 4025 3016 4093 γὰρ
3056 4021 3152 4075 τοῦ
3193 4023 3446 4093 σώματος
3496 4024 3734 4086 ἔκλυσις·

2178 4118 2313 4173 ἀλλὰ
2352 4118 2512 4187 κόρου
2549 4114 2831 4184 ἀποφυγή.

2250 4211 2424 4265 Σάδα.
2453 4237 2522 4250 ο-
2562 4208 2620 4262 '0
2650 4206 2881 4275 ἀγαπῶν
2907 4205 3001 4258 τὸν
3015 4204 3146 4259 Θεὸν
3178 4206 3467 4274 ἀγγελικὴν
3496 4205 3604 4275 ﬁlo»
3631 4205 3742 4274 βιοῖ

2180 4306 2271 4359 ἐπὶ
2298 4303 2399 4373 τῆς
2420 4301 2545 4372 γῆς.
2577 4298 2877 4370 νηστεύων,
2902 4297 3142 4367 ψάλλων,
3172 4298 3492 4368 ἀγρυπνῶν,
3521 4315 3747 4367 προσευ-

2179 4396 2425 4465 χόμενος.

2254 4486 2552 4556 Εὐθυμίου.
2588 4483 2885 4547 -Μισθδς
2916 4483 3018 4553 τῆς
3058 4482 3389 4554 ἐγκρατείας
3414 4485 3449 4555 ἡ
3477 4485 3749 4538 ἀπάθεια’

2179 4580 2213 4650 ἡ
2242 4578 2299 4632 δὲ
2348 4575 2588 4630 ἀπάθεια
2620 4574 2793 4627 τίκτει
2836 4572 2933 4646 τὴν
2964 4572 3271 4643 διάκρισιν
3331 4573 3365 4643 ἡ
3419 4574 3479 4626 δὲ
3526 4576 3755 4644 πλησίον

2098 4682 2142 4743 C
2176 4670 2298 4736 ἄγει
2329 4667 2486 4721 Θεοῦ.

2255 4757 2466 4812 Παύλου
2496 4755 2591 4809 τοῦ
2622 4753 2883 4824 Θηὸαῑου.
2915 4783 2978 4797 -
3009 4753 3083 4806 Οὐ
3141 4752 3210 4804 τὰ
3258 4751 3525 4821 βρώματα
3586 4754 3757 4813 κακὰ,

2180 4850 2296 4905 ἀλλ’
2329 4853 2362 4919 ἡ
2405 4846 2844 4918 γαστριμαργία·
2897 4844 3049 4897 οὐδὲν
3083 4844 3191 4916 γὰρ
3224 4842 3335 4897 τῶν
3359 4842 3453 4896 τοῦ
3486 4842 3625 4895 Θεοῦ
3652 4862 3758 4897 κα-

2180 4944 2297 5009 κὸν,
2332 4941 2447 4998 ἀλλ’
2472 4943 2505 5012 ἡ
2533 4941 2880 5011 παράχρησις
2902 4938 3170 5008 ἁμαρτία.

2270 5032 2506 5095 Ἀντοῢς.
2536 5061 2607 5071 -
2640 5032 2715 5084 Οὐ
2744 5031 2825 5083 δεῖ
2864 5028 3150 5098 φοὸεῖσθαι
3176 5028 3277 5091 τὰς
3302 5028 3613 5097 προσϐολὰς
3650 5030 3761 5080 τῶν

2180 5124 2458 5190 δαιμόνων
2479 5139 2493 5154 ⁸
2530 5123 2716 5192 εὐχαῖς
2747 5122 2855 5191 γὰρ
2890 5123 2985 5173 καὶ
3006 5119 3285 5190 νηστείαις
3318 5122 3415 5173 καὶ
3450 5122 3517 5190 τῇ
3554 5123 3639 5183 εἰς
3666 5122 3758 5172 τὸν

2181 5216 2385 5286 Κύριον
2414 5216 2597 5268 πῐστει
2627 5216 2916 5269 πίπτουσιν
2944 5213 3107 5276 εὐθὺς
3148 5214 3369 5266 ἐκεῖνοι.

2269 5307 2566 5377 ’Λρσενίοω
2618 5336 2685 5345 -
2719 5305 2778 5358 Ὀ
2808 5303 2945 5370 ξύλα
2980 5303 3378 5367 ἒπιστοιὸάζων
3421 5302 3556 5373 πυρὶ
3612 5287 3759 5371 αἴρει

2173 5476 2217 5550 ᾧ
2248 5483 2446 5545 πάντες
2476 5483 2739 5545 εἴκουσιν,
2767 5479 2871 5549 ἔφη
2909 5479 3008 5549 τὴν
3036 5481 3251 5549 ὑγίειαν
3279 5480 3658 5551 διατηρείσθαι
3686 5483 3751 5548 τῇ

2177 5556 2394 5622 ἁκορίῃ.

2250 5612 2547 5693 (f.)"Sunt
2580 5621 2669 5673 illa
2707 5622 2879 5688 prima
2912 5622 3079 5675 verba
3126 5623 3182 5676 in
3210 5620 3373 5693 (ἐι-οε.
3411 5619 3541 5676 Naz.
3593 5618 3747 5674 Orat.

2180 5692 2315 5757 xvu,
2345 5709 2468 5762 pag.
2498 5692 2633 5759 275;
2662 5693 2869 5760 reliqua
2909 5706 3015 5746 non
3054 5693 3255 5762 reperi.
