3982 6214
279 290 414 351 13εὸ

1395 281 2056 342 ᾺΡΟΡΠΤΠΕΟΜΑΤΑ
2088 281 2230 341 PAT
2241 279 2425 337 RUM.

3389 265 3523 327 1386

274 402 482 468 φλόγα·
518 399 545 448 ὁ
588 396 630 448 δ’
661 395 953 465 ἐμπιπλῶν
1001 394 1099 466 τὴν
1141 395 1383 465 γαστέρα
1427 395 1530 465 τὴν
1575 396 1851 464 πυρκαϊὰν

2023 395 2216 462 neipit;
2267 395 2358 462 qui
2393 400 2631 445 ventrem
2684 386 2843 440 satiat
2892 383 3203 455 passionum
3249 379 3521 435 fornacem

273 491 382 543 τῶν
403 488 591 543 παθῶν
614 486 925 551 ὲξανάπτει.

354 580 616 652 Ἐφραίμ.
673 603 744 620 -ι
801 578 1078 646 Μέγιστον
1125 578 1286 632 καλὸν
1319 580 1352 648 ἡ
1417 579 1734 647 ἐγκράτεια.
1786 579 1852 629 Ἠ

281 674 381 746 μὲν
401 672 706 745 ἀδδηφαγία
736 669 1022 736 καταλύει,
1048 672 1082 740 ἠ
1111 670 1169 723 δὲ
1203 671 1502 741 ἐγκράτεια
1553 669 1849 738 οἰκοδομεῖ.

351 850 582 922 Παχώμ.
611 879 683 891 -
703 848 955 916 Μοναχός
985 848 1136 900 ἐστιν
1168 849 1196 901 ὁ
1228 847 1335 900 τῶν
1370 848 1572 900 ὑλικῶν
1597 848 1690 901 τὸν
1729 847 1851 902 νοῦν

279 941 652 1011 ἁποχωρίσας,
667 939 734 993 δι’
757 938 1107 1009 ἐγκρατείας,
1125 939 1220 990 καὶ
1255 938 1496 1007 ἀγάπης,
1513 937 1606 991 καὶ
1623 954 1856 1007 προσευ-

281 1032 382 1102 χῆς
413 1029 845 1102 προσκαρτερῶν
870 1028 948 1100 τῷ
973 1028 1113 1099 Θεῷ.

367 1122 720 1176 Ἰωαννικίου.
768 1151 840 1160 -
885 1121 1065 1190 Κόρος
1114 1119 1418 1191 βρωμάτων
1451 1120 1706 1191 πορνείας
1751 1137 1857 1173 πα-

289 1212 414 1282 τήρ·
440 1212 618 1281 θλίψις
657 1212 715 1266 δὲ
741 1213 950 1276 κοιλίας
981 1212 1206 1280 ἁγνείας
1231 1210 1516 1282 πρόξενος.

355 1302 639 1356 Θεοδοσίου
673 1302 768 1355 τοῦ
819 1302 1220 1373 κοινοῦιάρχου.
1255 1331 1321 1342 —-
1354 1300 1428 1352 Τὸ
1457 1303 1682 1369 κρατεῖν
1731 1299 1852 1368 ὅλης

286 1391 542 1459 γαστρὸς,
580 1393 802 1461 κρατεῖν
831 1394 946 1444 ἐστι
970 1392 1079 1443 τῶν
1105 1389 1318 1444 παθῶν.

359 1484 465 1536 Τοῦ
494 1486 592 1554 τῆς
629 1484 932 1554 Κλίμακος.
963 1512 1030 1524 --
1059 1483 1281 1545 Κοιλίας
1318 1482 1400 1554 (4)
1434 1481 1592 1552 κόρος
1627 1481 1857 1552 ἐξήρανε

287 1576 476 1644 πηγάς
498 1592 513 1607 ·
541 1574 682 1646 αὕτη
710 1577 765 1629 δὲ
793 1575 1129 1646 ξηρανθείσα
1158 1574 1452 1643 ἐγέννησεν
1475 1573 1665 1627 ὕδατα.

376 1666 647 1738 Ἰσιδώρου
669 1666 762 1720 τοῦ
800 1665 1202 1736 Πηλουσιώτου.
1233 1694 1302 1706 —-
1331 1667 1574 1735 Μοναχὲ,
1608 1665 1684 1737 μὴ
1721 1668 1858 1738 πέσῃ

1954 485 2212 540 incendit.

2023 577 2280 646 Ephrem.
2314 603 2383 616 --—
2411 572 2707 626 Maximum
2763 572 2961 624 bonum
3014 577 3098 624 est
3143 568 3520 638 temperantia.

1952 665 2368 732 lntemperantia
2423 663 2642 732 quidem
2689 660 2935 716 ciborum
3001 658 3265 723 dissolvit,
3324 669 3528 726 tempe-

1955 756 2130 810 rantia
2161 764 2344 810 autem
2374 753 2626 810 adiﬁcat.

2027 847 2286 901 Pacomii.
2320 877 2388 886 --
2445 844 2744 900 Monachus
2788 854 2869 898 est
2909 844 3018 912 qui
3065 859 3094 896 a
3151 842 3529 897 materialibus

1957 947 2134 993 mente
2163 955 2222 993 se
2254 938 2462 1002 eximit,
2499 953 2594 1007 per
2641 939 3053 1004 temperantiam
3100 945 3155 990 et
3183 936 3526 991 dilectionem

1953 1038 2007 1083 et
2035 1029 2336 1084 orationem
2372 1044 2729 1099 perseverans
2763 1028 2816 1081 in
2852 1028 2978 1081 Deo.

2023 1117 2315 1172 Joannicii.
2346 1147 2416 1158 —
2439 1119 2672 1174 Satietas
2689 1119 2934 1172 ciborum
2955 1117 3333 1173 fornicationis
3357 1125 3528 1187 pater,

1958 1210 2166 1264 ventris
2189 1219 2369 1264 autem
2412 1211 2748 1278 eompressio
2781 1212 3072 1278 puritatem
3106 1220 3347 1280 praestat.

2026 1300 2316 1355 Theodosii
2340 1301 2733 1355 coenobiarchi.
2758 1332 2818 1341 -—
2842 1300 3069 1354 Vincere
3091 1311 3268 1355 totum
3292 1310 3531 1357 ventrem

1955 1402 2039 1447 est
2069 1393 2285 1446 vincere
2312 1392 2615 1461 passiones.

2026 1480 2590 1537 JoannisCiimaci.—
2605 1481 2819 1538 Ventris
2848 1483 3072 1538 satietas
3095 1482 3318 1538 siccavit
3335 1483 3532 1550 fontes;

1959 1584 2143 1628 venter
2169 1586 2348 1629 autem
2377 1575 2614 1630 siccatus
2641 1575 2898 1645 produxit
2932 1590 3123 1644 aquas.

2035 1666 2226 1721 lsidori
2254 1665 2642 1722 Pelusiotaa.—
2660 1666 2942 1730 Monache,
2974 1683 3038 1721 ne
3065 1671 3222 1723 cadat
3250 1667 3301 1722 in
3328 1677 3378 1722 te
3397 1668 3537 1740 ignis

293 1758 405 1829 πῦρ
424 1759 514 1811 ἐπὶ
547 1759 605 1811 σὲ
634 1758 694 1811 τὸ
719 1761 780 1812 ὲκ
810 1757 910 1827 τῆς
937 1758 1152 1828 τρυφῆς
1169 1773 1184 1789 ο
1208 1760 1304 1811 καὶ
1335 1759 1437 1811 οὐκ
1458 1759 1577 1828 wet
1596 1759 1686 1811 τὸν
1709 1759 1860 1829 ἥλιον

2017 1757 2054 1810 ri
2082 1765 2171 1812 est
2197 1773 2228 1811 ε
2255 1757 2564 1827 voluptate:
2595 1767 2647 1812 et
2675 1773 2782 1814 non
2815 1758 3025 1815 videbis
3056 1761 3224 1816 solem
3265 1761 3409 1816 hunc
3445 1761 3537 1833 ju-

291 1848 384 1900 τὸν
414 1848 514 1915 τῆς
554 1848 899 1919 δικαιοσύνης
924 1848 1015 1901 τὸν
1045 1849 1255 1902 ἄδυτον.

364 1939 638 2011 Μαξίμου.
674 1970 740 1982 --
785 1941 1048 2010 Νηστεία,
1086 1942 1180 1994 καὶ
1219 1941 1516 2012 ἀγρυπνία,
1550 1945 1644 1996 καὶ
1691 1962 1859 2014 προσ-

294 2030 447 2099 ευχὴ,
485 2033 577 2084 καὶ
609 2032 912 2100 μετάδοσις,
939 2032 1099 2099 φύσει
1123 2033 1297 2085 καλά·
1355 2033 1467 2086 ἀλλ’
1497 2036 1591 2087 ἐὰν
1624 2035 1712 2086 διὰ
1770 2053 1860 2088 κε-

295 2122 532 2184 νοδοξίας
563 2124 842 2188 γίνωνται,
873 2122 934 2174 οὐ
958 2123 1118 2176 καλά.

380 2209 620 2264 Ἰωάννου
675 2209 768 2262 τοῦ
807 2211 1193 2281 Δαμασκηνοῦ.
1253 2239 1322 2250 —-
1377 2212 1588 2280 Ὥσπερ
1637 2213 1864 2282 ὑϐριστῇ

1963 1849 2123 1904 sntiat
2142 1849 2503 1906 inaccessum.

2038 1937 2290 1994 Maximi:
2305 1971 2373 1980 —
2393 1940 2689 2010 Jejuuium,
2721 1943 2928 2012 vigilia,
2949 1944 3146 2008 oratio,
3162 1945 3534 2017 eleemosyua,

1967 2039 2161 2082 natura
2186 2039 2311 2083 Sunt
2333 2029 2510 2096 bona;
2539 2033 2655 2094 sed,
2687 2033 2732 2086 si
2770 2034 2840 2086 ob
2865 2048 3055 2086 vanam
3117 2035 3342 2105 gloriam
3381 2039 3536 2100 ﬁant,

1966 2134 2072 2172 non
2093 2130 2219 2174 sunt
2253 2121 2413 2176 bona.

2034 2210 2260 2266 Joannis
2281 2211 2697 2269 Damasceni.—
2720 2215 2874 2270 Sicut
2895 2217 3280 2289 violentoeqnc
3303 2219 3536 2286 frenum,

299 2302 462 2372 πώλῳ
491 2301 726 2372 χαλινὸν,
779 2301 1168 2371 ὲπενέγκωμεν
1211 2306 1275 2372 τῇ
1337 2306 1499 2372 σαρκὶ
1527 2304 1622 2372 τὴν
1663 2306 1866 2372 ἐγκρά-

2017 2316 2039 2352 I
2063 2303 2214 2355 carni
2252 2303 2598 2370 imponamus
2633 2310 3067 2374 temperantiam.

302 2407 360 2442 τε
370 2407 472 2442 ιαν.

337 2516 341 2520 -
375 2478 592 2533 Νείλου.
613 2508 682 2518 —
701 2479 812 2531 Οὐκ
835 2479 980 2533 ἔστιν
1004 2480 1316 2552 ἁμαρτίατὸ
1339 2482 1472 2552 πρὸς
1496 2482 1669 2552 βραχὺ
1699 2499 1866 2553 προσ-

303 2569 480 2622 ελθεῖν
513 2571 576 2639 τῇ
606 2569 726 2623 καθ’
758 2570 966 2642 ἡμέραν
997 2576 1173 2644 τροφῇ
1200 2575 1340 2626 κατὰ
1388 2575 1609 2643 καιρόν·
1642 2573 1748 2643 χρὴ
1790 2573 1867 2635 δὲ,

308 2660 448 2729 μετὰ
471 2654 571 2730 τὴν
590 2661 780 2730 χρείαν
808 2661 900 2715 τοῦ
936 2660 1205 2733 σώματος,
1244 2665 1323 2727 είς
1355 2665 1582 2734 οὐρανὸν
1614 2664 1868 2734 ἀναπέμ-

307 2768 374 2802 πε
383 2768 430 2802 ιν
459 2751 516 2802 τδ
544 2751 816 2820 φρόνημα.

376 2839 481 2892 Τοῦ
522 2840 825 2895 Στουδίτου.
859 2871 926 2883 -
956 2843 1067 2914 Τὴν
1109 2845 1384 2915 νηστείαν,
1415 2844 1488 2908 ὡς
1524 2845 1742 2915 φύλακα
1771 2847 1873 2914 ἁγ-

2040 2477 2166 2533 Nili.
2197 2509 2266 2518 --
2291 2477 2407 2533 Non
2448 2490 2532 2535 est
2557 2493 2844 2551 peccatqu
2872 2483 3108 2539 breviter
3145 2502 3334 2541 vat-are
3357 2492 3541 2559 quoti-

1974 2569 2139 2624 diauo
2167 2571 2295 2624 cibo
2331 2573 2631 2628 secundum
2666 2584 2910 2642 tempus:
2941 2587 3158 2645 oportet
3185 2591 3386 2644 autem,
3420 2593 3544 2652 post.

1976 2663 2217 2731 corporis
2249 2660 2623 2729 refectionem,
2655 2665 2708 2718 in
2740 2667 2936 2720 coelum
2959 2677 3193 2723 mentem
3227 2670 3540 2728 immittere.

2045 2842 2299 2899 Studitae.
2327 2866 2392 2882 --
2419 2843 2720 2914 Jejuuium,
2761 2855 2826 2900 ut
2867 2850 3150 2904 custodem
3189 2852 3441 2921 puritatis
3490 2865 3548 2909 et

304 2933 452 2995 νεεας
493 2935 586 2986 καὶ
631 2935 838 3005 μητέρα
870 2935 1142 3002 ἀπαθείας
1178 2939 1469 3008 τιμῶντες,
1510 2939 1753 3008 ἀδελφοὶ,
1811 2942 1874 2992 ὲκ

2017 2943 2206 2989 latrem
2245 2936 2560 3004 passionum
2603 2938 2801 3007 quietis
2829 2940 3178 3009 honorantes,
3219 2943 3440 3012 fratres,
3479 2963 3546 3001 ex

304 3025 473 3078 πόθου
499 3024 892 3095 ἅσπασώμεθα.

390 3114 608 3182 Ἰωσήφ.
639 3144 705 3153 -
733 3115 970 3184 Νηστεία
995 3117 1209 3188 καθαρά
1230 3118 1554 3187 μακρυσμὸς
1575 3117 1872 3188 ἁμαρτίας,

1896 3063 1944 3120 C
1976 3043 2162 3082 amore
2193 3029 2606 3095 amplectamur.

2048 3118 2286 3187 Iosephi.
2323 3151 2392 3161 -——
2415 3120 2689 3192 Jejuniu-m
2715 3139 2910 3194 purum
2934 3127 3136 3196 peccati
3167 3133 3390 3195 amatio,
3425 3148 3550 3202 pas-

309 3204 667 3274 ἀλλοτρίωσις
712 3206 923 3274 παθών,
978 3208 1166 3278 ἀγάπη
1211 3209 1346 3275 πρὸς
1383 3209 1536 3273 Θεὸν,
1568 3211 1876 3280 προσευχῆς

2017 3215 2197 3268 ionum
2237 3215 2513 3279 exsilium,
2563 3216 2780 3271 dilectio
2826 3219 2878 3272 in
2917 3219 3111 3286 Deum,
3155 3223 3418 3280 orationis
3463 3237 3548 3278 at-

307 3298 618 3366 ὲ-.;ιμὲλεια.

380 3389 705 3458 Θεοφάνους.
740 3419 806 3433 --
845 3389 904 3442 ⁸0
934 3389 1299 3461 ὑπωπιασμδς
1349 3390 1442 3443 τοῦ
1487 3391 1738 3461 σώματος
1783 3393 1876 3447 καὶ

307 3482 343 3551 ἡ
373 3480 712 3551 δουλαγωγία
773 3483 864 3535 ὑπ’
897 3481 1109 3544 οὐδενὸς
1162 3481 1323 3537 ἄλλου
1352 3481 1622 3546 τοσοῦτον,
1653 3485 1726 3548 ώς
1769 3485 1876 3538 ὑπὸ

309 3573 410 3642 τῆς
442 3572 795 3642 ἐγκρατείας,
827 3572 1240 3642 κατορθοῦνται.

383 3662 490 3715 Τοῦ
541 3662 815 3732 Γραπτοῦ.
867 3691 938 3702 —
981 3661 1311 3731 Ἐγκράτεια
1377 3661 1524 3714 ἐστὶν
1576 3663 1878 3731 ἑμπαθείας

311 3752 615 3822 ἀναίρεσις,
659 3751 849 3825 παθῶν
893 3750 1276 3820 ἁλλοτρίωσις,
1314 3750 1460 3822 ζωῆς
1505 3755 1878 3824 πνευματικῆς

315 3844 478 3912 ἀρχή-

387 3935 671 3991 Νικολάου.
701 3966 775 3976 —
800 3935 890 4004 Μὴ
913 3937 1123 4003 άπατῶ,
1158 3941 1378 4010 μοναχὲ,
1403 3942 1482 3994 ὅτι
1506 3940 1586 3994 ἔνι
1615 3940 1879 4010 σωθῆναι,

319 4027 476 4096 ἡδονῇ
514 4028 605 4079 καὶ
628 4027 904 4096 κενοδοξία
931 4027 1271 4084 δουλεύοντα.

387 4117 685 4187 Γρηγορίου
741 4117 834 4170 τοῦ
880 4118 1326 4190 Θαυματουργοῦ.
1381 4122 1739 4192 -Νηστεία,
1791 4124 1883 4174 καὶ

318 4207 621 4278 ἀγρυπνία,
652 4210 747 4263 καὶ
779 4210 968 4274 κόπος,
998 4211 1098 4262 οὐκ
1122 4210 1286 4263 ἐῶσιν
1317 4211 1502 4278 αὔξειν
1547 4214 1646 4282 τὴν
1692 4213 1883 4265 ὲπιθυ-

312 4316 465 4370 μιαν.

1981 3307 2170 3360 lentio.

2053 3399 2421 3468 TheOphanis.
2455 3429 2525 3438 —
2552 3398 2896 3459 Mortiﬁcatio
2922 3406 3169 3473 corporis
3200 3415 3256 3460 et
3283 3408 3550 3478 subiectio

1981 3507 2074 3560 per
2096 3491 2229 3544 nihil
2259 3491 2405 3546 aliud
2432 3501 2662 3555 tantum,
2684 3505 2949 3564 quantum
2985 3509 3079 3565 per
3111 3499 3548 3567 temperantiam,

1984 3593 2368 3651 procurentur.

2057 3673 2338 3743 Grapti.~—
2389 3673 2773 3744 Temperantia
2832 3687 2916 3732 est
2963 3680 3291 3734 turbationis
3322 3682 3554 3747 ablatio,

1985 3762 2299 3830 passionum
2340 3765 2613 3831 exsilium,
2654 3765 2776 3821 vita:
2808 3769 3104 3838 spiritualis
3132 3771 3479 3842 principium.

2055 3938 2287 3995 Nicolai.
2316 3972 2380 3984 —
2404 3939 2482 3998 Ne
2525 3943 2840 4014 decipiaris,
2879 3951 3163 4012 monacho,
3212 3953 3352 4017 quod
3389 3954 3560 4022 possit

1986 4031 2184 4086 salvari
2215 4033 2306 4102 qui
2336 4033 2597 4103 voluptati
2639 4046 2692 4091 et
2727 4053 2878 4091 vame
2901 4039 3088 4106 gloriae
3112 4044 3301 4096 servit.

2056 4121 2729 4199 GregoriiThaumaturgi.
2754 4159 2823 4168 —
2852 4128 3151 4201 Ieiunium,
3171 4136 3376 4204 vigilia,
3405 4136 3558 4192 labor

1987 4229 2095 4267 non
2129 4215 2316 4270 sinunt
2338 4231 2588 4272 crescere
2623 4223 3147 4286 concupiscentiam.

385 4390 686 4460 Γνωμικὸν.
723 4421 792 4431 -
822 4392 986 4463 Ψυχὴ
1024 4392 1134 4464 γάρ
1167 4393 1254 4446 ἀεὶ
1299 4393 1655 4465 ἀνθρωπίνων
1715 4395 1876 4462 αἱμά-

2058 4386 2405 4443 Gnomicum.
2428 4420 2494 4428 —
2523 4389 2671 4444 Mens
2698 4393 2843 4444 enim
2877 4408 3090 4463 semper
3106 4397 3400 4452 humanum
3431 4416 3557 4454 sau~

311 4498 422 4534 των
449 4467 826 4551 διψῶσαξτοῐς
878 4483 988 4536 τῶν
1013 4484 1428 4554 προτεθυμὲνων
1463 4487 1522 4538 οὐ
1564 4485 1880 4556 κορὲννυται

314 4572 624 4643 πτώμασιν.

383 4665 690 4735 Γνωμικὸν.
725 4698 796 4710 —
836 4670 1051 4738 Πέφυκε
1101 4671 1212 4742 γὰρ
1275 4671 1336 4725 τὸ
1388 4669 1733 4741 ἀνθρώπινον
1786 4671 1884 4740 οὐχ

310 4751 458 4807 οὕτω
483 4757 604 4818 ταῖς
632 4757 1031 4829 παρελθούσαις
1054 4760 1343 4831 τιμωρίαις
1366 4759 1777 4827 ἁσφαλξζεσθαι,
1811 4759 1885 4822 ὡς

311 4846 434 4908 ταῖς
461 4846 771 4916 ὁρωμέναις
800 4849 1251 4920 σωφρονίζεσθαι,
1286 4851 1382 4904 καὶ
1409 4850 1521 4904 τῶν
1563 4849 1888 4920 φθασάντων

313 4935 551 5007 ὑπάρχει
603 4938 896 5009 βεϐαίωσις
948 4941 1123 5012 ἡτῶν
1154 4941 1462 5012 ἑστηκότων
1511 4940 1888 5011 συμφώνησις.

385 5027 695 5099 Γνωμικόν.
726 5061 798 5072 —-
826 5028 982 5086 Οἶδεν
1000 5032 1199 5103 ἀνδρὸς
1239 5032 1443 5104 ἀρετὴν
1493 5031 1760 5087 αἰδεῖσθαι
1796 5032 1890 5084 καὶ

314 5116 597 5188 πολέμιος.

397 5208 746 5266 Ἀθανασίου.
774 5242 843 5253 -
873 5213 988 5267 Οὔκ
1023 5213 1172 5268 ἐστιν
1199 5217 1232 5286 ἡ
1259 5215 1569 5286 πρόγνωσις
1617 5214 1766 5268 αἰτία
1794 5213 1887 5267 τοῦ
1957 5212 1974 5222 ’”

315 5301 604 5369 μέλλοντος
647 5305 890 5372 ἔσεσθαι,
938 5307 1078 5362 ἀλλὰ
1125 5309 1186 5361 τὸ
1237 5307 1428 5378 μέλλον
1470 5307 1689 5363 ἔσεσθαι
1717 5308 1890 5361 αἴτιόν

314 5392 432 5446 ἐστι
453 5396 553 5464 τῆς
580 5399 946 5468 προγνώσεως
970 5415 984 5429 ο
1015 5401 1076 5453 οὐ
1101 5400 1212 5471 γὰρ
1237 5402 1301 5470 τῇ
1342 5399 1653 5470 προγνώσει
1696 5400 1890 5453 ἕπεται

313 5483 376 5539 τὸ
411 5487 625 5557 μέλλον,
658 5490 794 5544 ἀλλὰ
821 5491 900 5562 τῷ
943 5491 1195 5561 μέλλοντι
1243 5492 1436 5546 ἕπεται
1482 5494 1516 5562 ἡ
1561 5493 1888 5561 πρόγνωσις.

389 5663 469 5734 (4)
497 5662 694 5721 Joann.
732 5665 896 5721 Clim.
923 5682 979 5738 p.
1019 5667 1147 5722 205.

638 5763 904 5824 ΡΑτῐιοι..
950 5765 1065 5825 Gn.
1098 5763 1228 5824 CVI
1239 5809 1255 5826 .

1992 4480 2210 4548 guinem
2268 4480 2459 4536 sitiens
2495 4481 2794 4551 primarum
2842 4485 3189 4540 victimarum
3231 4488 3562 4547 immolatio—

1992 4572 2154 4628 nibus
2184 4589 2292 4627 non
2322 4573 2573 4627 satiatur.

2063 4664 2504 4719 Guomicum.-—-
2525 4665 2726 4720 Natura
2773 4667 3068 4723 humanum
3104 4680 3186 4724 est
3215 4687 3320 4725 non
3357 4680 3560 4727 tantum

1995 4755 2284 4827 praeteritis
2313 4757 2487 4824 pomis
2517 4758 2852 4828 praemuniri,
2899 4767 3161 4829 quantum
3205 4763 3563 4831 prmsentibus

1993 4849 2378 4919 sapientiorem
2405 4850 2544 4914 ﬁeri,
2583 4859 2638 4905 et
2673 4851 3070 4920 praeteritorum
3102 4854 3448 4908 conﬁrmatio
3479 4866 3564 4910 est

1992 4940 2343 5008 praisentium
2370 4949 2689 4995 concentus.

2059 5029 2412 5083 Guomicum.
2448 5059 2516 5072 -—
2543 5027 2703 5083 Novit
2750 5029 2850 5084 viri
2904 5031 3159 5084 virtutem
3193 5034 3428 5086 revereri
3481 5033 3564 5086 vel

1993 5117 2270 5174 inimicus.
2662 5119 2670 5124 ”

2067 5210 2372 5266 Athanasii.
2390 5241 2460 5252 —
2481 5210 2599 5266 Non
2628 5221 2712 5268 est
2731 5212 3069 5281 praseienu‘a
3087 5227 3251 5266 causa
3274 5214 3391 5281 ejus
3418 5215 3564 5282 quod

1996 5302 2239 5358 futurum
2269 5313 2370 5368 est,
2410 5305 2502 5358 sed
2535 5303 2678 5372 quod
2722 5303 2965 5357 futurum
2998 5313 3082 5359 est
3107 5320 3274 5360 causa
3313 5314 3398 5361 est
3429 5321 3569 5376 pra:-

1995 5395 2272 5463 seientiac;
2301 5410 2408 5451 non
2434 5396 2580 5453 enim
2603 5396 3000 5466 prmscicntiam
3028 5397 3273 5467 sequitur
3297 5398 3565 5464 futurum,

1999 5487 2090 5543 sed
2114 5485 2616 5560 futurumsequitur
2630 5486 2990 5559 praaseientia.
3012 5483 3233 5542 Minime
3260 5487 3423 5558 igitur
3438 5503 3576 5556 prie-

3047 5763 3122 5822 Ῐιῖι
