4044 6426
1533 744 1705 791 ANNO
1749 746 1977 793 DOMINI
2017 747 2225 792 DCCCC.

1188 978 2528 1196 JOSEPPUS
2733 1212 2740 1217 .

1553 1556 2168 1672 NOTITIA

1155 1831 1479 1896 (Bibliotheca
1499 1828 1836 1892 Gallandt'anit,
1866 1834 1984 1880 tom.
2005 1828 2132 1889 XIV,
2166 1827 2364 1893 Proleg.
2397 1841 2445 1890 p.
2481 1827 2574 1891 ιιι.)

304 2211 350 2267 1.
377 2209 488 2266 Nec
518 2208 646 2280 quis
670 2208 855 2274 fuerit,
890 2223 991 2265 nec
1018 2223 1127 2278 quo
1157 2209 1278 2264 loco
1297 2209 1380 2264 vel
1405 2219 1652 2280 tempore
1677 2208 1875 2266 vixerit
1897 2207 2194 2277 Ioseppus,
2220 2208 2336 2262 sive
2357 2205 2652 2276 Iosephus,
2687 2204 2809 2260 libri
2839 2203 3236 2276 hypomnestici
3279 2209 3496 2270 auctor,

235 2299 501 2354 convenit
533 2298 676 2352 inter
707 2298 1006 2368 scriptores
1041 2315 1055 2353 :
1089 2306 1149 2352 ιιι
1171 2297 1310 2352 nihll
1337 2297 1518 2352 dicam
1543 2298 1610 2354 de
1639 2296 1817 2353 Cavaei
1842 2299 2136 2362 sententia,
2169 2295 2540 2352 existimantis
2573 2309 2638 2349 ex
2662 2294 2824 2349 titulo
2848 2295 3049 2363 capitis
3069 2294 3233 2365 primi
3259 2293 3497 2350 fortasse

239 2389 310 2441 ad
347 2387 654 2457 marginem
699 2387 954 2456 ascripti,
992 2400 1101 2456 quo
1135 2384 1406 2456 Iosephus
1436 2387 1701 2443 Hebraeus
1744 2387 1892 2443 illius
1918 2385 2228 2457 argumenti
2257 2391 2520 2440 tractator
2555 2381 2924 2447 indicabatur,
2957 2381 3159 2435 factum
3193 2380 3364 2437 fuisse
3395 2381 3497 2435 1ιο-

238 2473 373 2527 mini
401 2471 626 2541 Iosephi
665 2488 888 2537 nomen,
939 2474 1026 2528 cui
1055 2482 1241 2543 postea
1275 2475 1340 2529 ad
1381 2475 1676 2530 discrimen
1711 2473 1882 2531 Iudaei
1928 2475 2222 2532 adhaeserit
2253 2473 2552 2531 Christiani
2592 2472 2931 2543 appellatio._
2954 2469 3244 2526 Fabricius
3282 2470 3356 2542 (τι)
3392 2486 3496 2526 non

236 2571 357 2615 ante
392 2560 573 2615 seculi
614 2575 668 2614 xl
701 2560 907 2614 exitum
933 2561 1138 2617 vixisse
1191 2563 1528 2633 suspicatur,
1558 2579 1624 2619 ex
1662 2579 1785 2634 cap.
1819 2563 1944 2626 156,
1980 2565 2033 2618 in
2065 2575 2175 2634 quo
2209 2561 2534 2634 Hippolytus
2567 2557 2866 2621 Thebanus
2893 2558 3138 2613 affertur.
3165 2558 3395 2614 Cavazus
3420 2558 3495 2627 (b)

239 2649 404 2703 refert
429 2651 496 2704 ad
522 2665 729 2704 annum
765 2650 972 2707 Christi
1004 2651 1134 2707 420.
1173 2651 1500 2710 Gallandius
1526 2665 1712 2710 noster
1748 2655 1803 2708 in
1842 2653 1959 2709 suis
1989 2651 2323 2706 adversariis
2361 2649 2706 2719 consignavit
2741 2647 2809 2701 ad
2841 2662 3045 2701 annum
3088 2645 3295 2702 Christi
3331 2645 3496 2700 l000.

233 2735 314 2789 Ex
339 2736 575 2792 Fabricii
616 2738 933 2809 prmfatione
959 2752 1176 2796 constat
1209 2740 1484 2817 Oudinum
1514 2741 1829 2798 confudisse
1857 2751 2139 2813 perperam
2165 2739 2462 2808 Josephum
2507 2746 2754 2793 nostrum
2803 2751 2929 2793 cum
2960 2735 3255 2805 Gorjonide
3283 2753 3298 2789 :
3326 2735 3490 2789 Lam—

237 2825 448 2879 becium
493 2827 622 2882 item
667 2827 806 2894 falli,
849 2830 944 2898 qui
992 2831 1060 2885 ad
1103 2829 1402 2902 Iosephum
1448 2829 1695 2886 Flavium
1738 2829 2014 2901 pertinere
2056 2836 2230 2898 putat.
2273 2827 2526 2891 Cavazus,
2574 2825 2695 2882 loco
2731 2825 2844 2895 jam
2889 2825 3152 2888 excitato,
3201 2823 3497 2893 aliquando

236 2913 487 2967 eumdem
515 2930 639 2969 cum
681 2913 920 2986 Iosepho’
945 2912 1272 2984 Tiberiensi,
1305 2919 1371 2974 ab
1406 2918 1713 2989 Epiphanio
1740 2926 2043 2972 memorato
2075 2917 2170 2988 (c),
2220 2916 2374 2970 illum
2415 2931 2475 2970 se
2514 2913 2710 2970 fecisse
2746 2912 3060 2969 confitetur.
3097 2911 3273 2968 Tanta
3309 2911 3498 2967 crudi-

235 3008 417 3054 torum
452 3002 677 3059 dissidia
718 3006 877 3061 nobis
909 3021 1130 3076 quoque
1167 3007 1233 3062 de
1264 3007 1517 3074 veritate,
1553 3007 1598 3063 s‘i
1659 3007 1775 3061 fieri
1811 3014 2013 3076 potest.
2069 3003 2388 3074 inquirendi
2421 3003 2735 3058 facultatem
2773 3001 3040 3073 praebent.
3072 3000 3152 3056 Ex
3185 2999 3306 3072 ipso
3330 3001 3498 3072 igitur

229 3085 474 3160 Iosepho
496 3107 611 3146 rem
635 3092 940 3149 extundere
969 3095 1234 3162 nitamur,
1266 3104 1324 3150 ut
1349 3095 1562 3167 aliquid
1596 3096 1791 3151 saltem
1821 3093 2174 3166 plausibilius
2202 3091 2385 3148 dicere
2415 3106 2708 3163 queamus.

305 3199 376 3254 ll.
407 3201 611 3256 Auctor
643 3203 828 3273 itaque
866 3213 1053 3260 noster
1096 3205 1273 3276 capite
1311 3205 1498 3272 statim
1544 3207 1722 3276 primo
1760 3205 1865 3262 sub
1905 3221 2060 3260 num.
2092 3205 2179 3271 l5,
2229 3203 2441 3266 scribit,
2475 3202 2543 3257 de
2572 3199 2774 3270 Phaleg
2819 3203 3050 3270 loquens
3085 3218 3099 3255 :
3149 3198 3496 3271 Πληροῦνται

232 3287 327 3338 ἐπ’
357 3288 519 3342 αὑτὸν
545 3289 655 3343 ἀπὸ
692 3290 866 3362 Ἀδὰμ
889 3291 984 3363 ἔτη
1013 3309 1081 3364 ⁴γ’
1109 3292 1248 3347 ὥστε
1280 3287 1419 3346 εἶναι
1448 3292 1509 3346 τδ
1537 3293 1713 3364 ἥμισυ
1748 3289 1842 3346 τοῦ
1872 3297 2066 3364 χρόνον
2101 3294 2200 3364 τῆς
2233 3293 2518 3364 παρούσης
2542 3294 2600 3344 ἐν
2619 3291 2769 3357 ὲξάδι
2796 3291 3050 3362 χιλιάδων
3079 3292 3495 3355 καταστάσεως.

231 3372 584 3445 Compleutur
604 3378 656 3432 in
691 3395 750 3432 eo
786 3379 850 3433 ab
889 3381 1058 3434 Adam
1103 3382 1234 3436 anui
1285 3376 1446 3442 5000,
1484 3381 1632 3436 itaut
1667 3382 1826 3451 fuerit
1872 3382 2154 3434 dimidium
2193 3378 2438 3447 temporis
2472 3379 2746 3446 prwsentis
2781 3380 3012 3447 computi
3042 3375 3096 3432 in
3127 3380 3339 3433 senario
3375 3380 3499 3434 mil-

233 3460 591 3517 lenariorum.
633 3464 920 3521 Scribebat
971 3467 1138 3538 igitur
1165 3466 1441 3537 Iosephus
1489 3466 1630 3522 intra
1673 3477 1886 3524 sextum
1931 3469 2112 3524 adhuc
2149 3465 2541 3531 millenarium,
2590 3473 2755 3534 atque
2793 3473 2856 3519 ut
2905 3479 3029 3520 cum
3083 3467 3321 3521 maxime
3348 3482 3495 3532 sero,

234 3551 434 3606 ultimo
481 3552 656 3621 ipsius
708 3556 849 3609 sexti
898 3556 1190 3610 millenarii
1228 3569 1396 3610 anno.
1442 3555 1577 3611 Cum
1631 3569 1795 3627 porro
1825 3556 1997 3612 Graeci
2044 3571 2110 3611 ex
2145 3567 2256 3610 tera
2289 3568 2388 3609 sua
2430 3553 2715 3626 historica,
2759 3555 2918 3623 cuius
2943 3563 3138 3610 auctor
3171 3554 3494 3623 Africanus.

229 3639 473 3693 natalem
503 3641 704 3696 Christi
731 3640 1052 3712 consignent
1075 3645 1144 3699 ad
1179 3659 1384 3699 annum
1421 3643 1610 3700 mundi
1655 3645 1816 3709 5500,
1853 3660 2086 3716 eamque
2121 3639 2392 3715 epo’cham
2437 3643 2694 3699 octennio
2725 3643 2971 3714 vulgaris
3005 3658 3150 3713 pone
3183 3653 3490 3716 sequatur;

234 3728 387 3782 unde
431 3744 460 3782 a
493 3730 638 3784 civili
675 3733 994 3787 earumdem
1026 3732 1342 3789 Graecorum
1378 3746 1484 3788 aera
1520 3733 1663 3788 idem
1708 3733 1907 3789 natalis
1944 3731 2152 3788 Christi
2198 3733 2318 3787 dies
2361 3732 2430 3787 ad
2469 3746 2674 3785 annum
2708 3730 3073 3802 consignatur
3109 3733 3300 3786 mundi
3333 3733 3497 3797 5508,

231 3817 604 3886 consequitur
634 3817 934 3889 Iosephum
961 3821 1251 3890 scripsisse
1280 3821 1346 3876 ad
1375 3835 1655 3876 summum
1697 3835 1844 3878 anno
1868 3821 2072 3878 Christi
2100 3821 2228 3890 492,
2265 3831 2360 3876 aut
2390 3822 2436 3876 si
2459 3821 2635 3876 mavis
2664 3821 2820 3890 sequi
2855 3819 3131 3876 Panodori
3157 3835 3323 3875 teram
3351 3820 3503 3876 Grae-

228 3917 438 3956 corum
472 3905 925 3972 ecclesiasticam,
964 3924 1086 3978 quae
1124 3919 1314 3963 natum
1348 3910 1553 3965 asserit
1580 3909 1860 3965 Christum
1907 3925 2054 3966 anno
2097 3912 2284 3967 mundi
2319 3911 2483 3978 5494,
2515 3912 2798 3981 scripserit
2838 3910 3112 3980 Iosephus
3143 3920 3329 3966 noster
3355 3926 3501 3965 anno

228 4005 363 4044 aera:
390 3991 630 4060 vulgaris
655 3994 781 4057 507,
811 3994 954 4050 sicut
983 4010 1086 4052 suo
1110 3996 1232 4052 loco
1258 3996 1326 4052 ad
1351 3998 1559 4053 calcem
1587 3998 1997 4054 adnotavimus.
2029 4000 2099 4055 At
2124 4001 2270 4055 enim
2301 4013 2409 4054 non
2433 3999 2780 4068 cOgimur,ex
2809 3999 2973 4053 modo
2996 3999 3253 4068 loquendi
3272 3998 3498 4068 Iosephi

232 4095 448 4132 annum
481 4082 707 4151 praecise
736 4084 1120 4152 determinare,
1156 4085 1440 4157 multoque
1470 4087 1654 4143 minus
1685 4102 1910 4144 necesse
1936 4087 2205 4142 habemus
2231 4087 2384 4142 illum
2421 4085 2741 4141 eriistimare
2773 4093 3118 4156 postremum
3151 4083 3323 4140 fuisse
3353 4086 3496 4139 sexti

229 4169 556 4226 millenarii.
591 4171 736 4228 Satis
761 4182 844 4230 est
875 4175 923 4228 si
959 4175 1271 4230 necessario
1303 4191 1566 4245 cogamur
1600 4185 1822 4248 propter
1852 4176 1913 4230 τὺ
1939 4176 2224 4246 παρούσης
2252 4189 2518 4240 asserere,
2559 4173 2710 4229 illum
2741 4187 2848 4229 non
2890 4174 3035 4228 ultra
3074 4181 3288 4228 sextum
3321 4172 3502 4227 mille-

227 4259 459 4312 narium
494 4261 804 4329 ponendum
851 4275 988 4319 esse.
1029 4261 1216 4319 Potest
1242 4279 1375 4334 ergo
1414 4264 1480 4319 ad
1528 4264 1804 4335 quintum,
1847 4273 2106 4334 quartum
2148 4263 2442 4318 tertiumve
2479 4260 2740 4316 Steculum
2788 4259 3065 4328 pertinere
3115 4275 3130 4312 :
3172 4273 3283 4313 non
3315 4267 3498 4314 tamen

236 4344 483 4401 ulterius
518 4355 651 4402 actas
695 4349 842 4405 illius
876 4348 1094 4420 ﬁgenda
1139 4359 1241 4406 est.
1271 4350 1458 4408 Sensit
1487 4352 1653 4423 hujus
1692 4353 1804 4408 vim
1848 4350 2156 4422 argumenti
2190 4349 2439 4413 Cavaeus,
2484 4348 2644 4418 cujus
2676 4347 2814 4402 alias
2851 4346 2940 4401 hic
2990 4347 3500 4403 animadversiones

223 4434 618 4500 subjiciemus.

312 4553 405 4609 Ill.
436 4552 692 4612 Ultimam
721 4575 886 4630 quam
913 4572 1179 4617 memorat
1205 4563 1460 4618 haeresim
1488 4564 1784 4634 Iosephus,
1820 4570 1905 4619 est
1942 4557 2583 4630 Anthropomorphitica.
2625 4555 2698 4610 Ea
2724 4571 2889 4626 porro
2923 4555 3088 4626 caspit
3119 4554 3264 4610 circa
3293 4569 3499 4608 annum

223 4642 446 4698 Christi
478 4643 600 4700 399.
643 4646 923 4703 Pertineat
947 4649 1116 4720 igitur
1153 4648 1425 4721 Iosephus
1456 4661 1640 4707 noster
1681 4652 1786 4706 hoc
1811 4649 2034 4722 quidem
2060 4644 2383 4718 argumento
2405 4648 2471 4702 ad
2496 4647 2652 4701 initia
2684 4647 2870 4700 saeculi
2912 4645 3118 4715 quinti.
3147 4642 3339 4699 Ohviat
3373 4643 3502 4698 huic

219 4741 568 4801 argumento
590 4733 872 4791 Fabricius
889 4736 991 4808 (ά),
1012 4737 1267 4808 inquiens
1284 4740 1530 4809 potuisse
1544 4739 1842 4812 Iosephum
1860 4753 1967 4794 non
1992 4737 2133 4791 ultra
2166 4736 2456 4803 haereticos
2485 4733 2860 4805 quartisaeculi
2877 4748 3185 4796 excurrere,
3213 4730 3358 4800 quod
3379 4728 3502 4800 Epi-

228 4821 510 4887 plranium
534 4823 604 4876 ob
622 4825 809 4878 oculos
834 4825 1112 4880 habuerit.
1148 4825 1254 4880 Sed
1281 4843 1445 4897 quam
1470 4827 1658 4898 jejuna
1687 4838 1743 4882 et
1777 4827 1974 4897 frigida
2009 4827 2124 4881 haec
2157 4826 2298 4880 ratio
2324 4826 2415 4891 sit,
2450 4837 2609 4878 nemo
2639 4839 2745 4876 non
2781 4822 2948 4878 sentit
2977 4822 3031 4875 in
3066 4821 3287 4876 homine
3305 4821 3492 4876 smculi

225 4903 310 4956 XI
336 4904 456 4972 jam
498 4911 856 4971 senescentis,
891 4911 1049 4980 cujus
1082 4911 1394 4967 institutum
1430 4913 1504 4968 sit
1548 4912 1813 4975 libellum,
1846 4915 1963 4970 sive
2005 4914 2441 4984 promptuarium
2477 4915 2544 4966 ad
2581 4911 2905 4966 memoriam
2948 4926 3131 4965 rerum
3182 4909 3502 4980 hujusmodi

217 4993 615 5049 conscribere.
660 4997 741 5050 An
773 5013 850 5052 ιι.
883 4997 946 5052 C.
979 4996 1263 5054 Fabricius
1287 4998 1653 5071 Epiphanium
1685 5001 1792 5056 sibi
1831 5003 1900 5056 oh
1931 5004 2124 5059 oculos
2155 5003 2539 5074 proposuisset
2583 5001 2688 5054 hac
2713 5009 2892 5065 aetate,
2942 5000 2986 5054 si
3033 5000 3277 5054 laborem
3326 4999 3498 5052 illius-

223 5083 387 5135 modi
427 5081 1128 5155 fuissctaggressus?Num
1155 5089 1321 5142 etiam
1353 5097 1517 5159 caput
1555 5091 1941 5157 conclusisset,
1982 5101 2043 5145 ut
2078 5090 2354 5161 Iosephus
2387 5091 2536 5155 facit,
2573 5090 2862 5158 inquiens:
2903 5087 2998 5141 lla!
3029 5097 3153 5142 sunt
3179 5103 3304 5156 ergo
3329 5087 3497 5140 luere-

217 5186 323 5222 se:
352 5186 476 5238 quw
505 5182 691 5225 contra
714 5183 956 5228 sanctam
990 5174 1287 5229 Ecclesium
1327 5187 1460 5230 ortw
1494 5179 1662 5232 sunt?
1693 5179 1941 5245 Accedit,
1972 5179 2117 5248 quod
2147 5176 2420 5248 Iosephus
2449 5177 2589 5232 duas
2625 5185 2832 5231 tantum
2865 5185 2918 5231 et
2949 5175 3231 5244 sexaginta
3271 5176 3504 5227 hrerescs

209 5267 665 5324 commemorat,
711 5260 1046 5330 Epiphanius
1081 5278 1213 5317 vero
1240 5265 1542 5334 octoginta.
1582 5264 1924 5336 Epiphanius
1979 5267 2306 5320 Aucoratum
2375 5280 2560 5329 suum,
2592 5274 2650 5319 ut
2677 5273 2828 5319 notat
2851 5265 2967 5335 ipse
2991 5262 3291 5324 Fabricius,
3327 5259 3503 5329 scrip-

213 5348 304 5398 sit
331 5347 394 5397 Λ.
420 5344 483 5398 C.
514 5346 643 5412 373,
683 5348 910 5418 ideoque
937 5365 1073 5404 xxnt
1101 5361 1154 5407 et
1192 5352 1338 5421 quod
1365 5353 1633 5418 excurrit,
1677 5369 1856 5410 annos
1899 5364 2026 5411 ante
2055 5363 2208 5409 ortos
2245 5353 2838 5424 Anthropomorphitas
2879 5367 2946 5407 ex
2990 5350 3168 5406 ϐενεεί
3209 5347 3502 5403 sententia.

214 5431 360 5488 Non
392 5435 574 5505 potuit
595 5449 726 5507 ergo
757 5437 827 5492 ob
856 5439 1047 5496 oculos
1081 5440 1282 5497 habere
1303 5441 1701 5513 Epiphaniam:
1737 5458 1839 5500 nec
1873 5443 2018 5498 ultra
2052 5457 2218 5512 quam
2245 5441 2312 5496 ad
2346 5440 2561 5496 initium
2602 5439 2793 5496 saeculi
2819 5437 2998 5510 quinti
3030 5436 3322 5506 pertinere.

309 5637 393 5712 (ξι)
628 5650 760 5692 tom.
795 5640 840 5693 X
872 5656 996 5710 pag.
1031 5640 1147 5698 109.
1177 5653 1230 5698 et
1263 5643 1317 5698 in
1348 5643 1484 5702 Cod.
1519 5643 1716 5704 Pscud.
2009 5641 2080 5712 (c)
2109 5640 2410 5712 lla-nx“.
2447 5655 2598 5712 num.
2629 5639 2684 5701 4,
2717 5652 2868 5712 seqq.

300 5709 385 5776 (ὁ)
425 5708 492 5762 11.
525 5707 589 5763 ι.
624 5725 748 5779 pag.
775 5707 898 5765 ⁸257⁷.
948 5707 955 5710 Ἴ

2013 5707 2090 5782 (Α)
2126 5712 2188 5764 Β.
2228 5711 2290 5765 (ἐ.
2326 5720 2456 5765 tom.
2499 5708 2605 5775 VII,
2631 5724 2753 5778 pag.
2786 5709 2907 5763 421.

566 5806 826 5865 ΡΑτῐιοῑ..
865 5808 980 5867 Gtt.
1016 5808 1144 5868 CVI
1158 5854 1171 5870 .

3043 5803 3078 5864 ‘l
