4044 6424
444 356 511 422 ll
1866 362 2282 424 ‘JOSEPPUS.
3642 359 3704 422 l2

480 476 600 532 ιν.
643 477 808 534 Addit
836 476 1087 544 Cavaeus,
1130 478 1281 533 illum
1337 477 1589 547 uuspiam
1626 476 1963 534 Nestorianae
1996 480 2221 536 haeresis
2258 477 2592 535 mentionem
2618 476 2817 544 facere,
2850 491 2957 533 non
2989 475 3043 531 in
3068 476 3339 549 catalogo,
3386 492 3494 534 non
3544 475 3699 535 alibi.

440 565 572 632 Quae
598 581 720 619 cum
750 576 867 619 orta
901 566 970 619 sit
1001 567 1071 619 A.
1110 565 1172 619 (Ζ.
1202 564 1328 629 -118,
1355 567 1435 619 vel
1468 574 1525 619 ut
1551 566 1728 620 serius
1763 566 1889 629 419,
1919 568 2169 638 cogimur
2199 566 2326 621 inde
2344 576 2561 621 aetatem
2586 565 2734 621 illius
2755 566 2951 621 iterum
2973 581 3083 620 non
3106 565 3246 621 ultra
3281 566 3434 620 initia
3467 566 3650 621 saeculi
3670 584 3703 623 v

438 654 752 707 detrudere.
793 653 1055 721 Equidem
1101 651 1379 707 fatendum
1414 652 1465 705 in
1501 653 1607 706 fine
1646 668 1767 722 cap.
1806 654 1907 709 159
1943 656 2083 709 inter
2117 653 2409 709 haereticos
2432 653 2852 708 commemorari
2890 651 3283 718 llominicolas,
3326 669 3434 722 quo
3480 654 3704 707 nomine

439 737 748 793 Nestoriani
780 739 985 793 censeri
1020 748 1268 807 possunt.
1301 739 1405 793 Sed
1436 739 1751 809 hujusmodi
1784 742 2101 810 appellatio,
2131 743 2260 811 quia
2302 749 2570 812 quantum
2616 740 2842 795 memini
2889 740 2995 795 nisi
3043 738 3191 809 apud
3227 739 3496 808 quosdam
3533 740 3703 795 med.i

438 827 535 880 aevi
568 828 863 896 scriptorcs
890 827 1149 891 occurrit,
1177 828 1477 883 assumcnti
1511 829 1797 899 cujusdam
1829 845 1931 885 nos
1956 830 2117 887 facile
2153 833 2205 885 in
2251 829 2623 902 suspicionem
2651 828 2923 884 adducere
2952 836 3152 897 potest.
3191 824 3317 882 Haec
3352 827 3699 898 potissimum

439 930 503 967 ex
540 914 756 967 Cavt-o.

513 1021 577 1073 V.
617 1024 912 1077 Possumus
941 1032 993 1077 et
1016 1024 1153 1077 alias
1185 1026 1476 1081 nonnullas
1507 1026 2016 1082 animadversiones
2041 1024 2339 1096 subjicere.
2367 1024 2560 1096 Capite
2579 1024 2651 1079 25
2687 1033 2935 1079 recenset
2966 1034 3160 1078 auctor
3190 1024 3363 1079 libros
3406 1024 3704 1079 canonicos

440 1110 504 1163 ν.
548 1109 609 1163 Τ.
633 1126 835 1181 eosque
871 1122 1158 1166 enumerat
1198 1128 1331 1178 χχιι,
1370 1128 1478 1167 non
1515 1117 1804 1170 recensitis
1838 1116 2160 1168 nominatim
2208 1113 2663 1182 Paralipomenis,
2707 1112 2847 1167 forte
2878 1112 3006 1181 quia
3040 1112 3143 1165 sub
3174 1110 3414 1181 Regibus
3457 1127 3707 1180 compre-

440 1198 769 1251 hendantur.
813 1198 889 1251 Ea
920 1214 1083 1267 porro
1120 1201 1445 1253 numerandi
1495 1202 1640 1255 ratio
1664 1201 1927 1256 vetustior
1948 1214 2050 1267 est,
2082 1218 2247 1271 quam
2272 1203 2529 1257 sarculum
2556 1218 2589 1255 x
2621 1202 2703 1255 vel
2736 1215 2811 1265 ιιι,
2848 1201 2959 1255 imo
2986 1200 3297 1255 communis
3340 1200 3395 1253 in
3431 1198 3705 1267 prioribus

438 1283 699 1338 Ecclesia:
725 1285 962 1350 saeculis,
992 1294 1046 1339 ct
1071 1286 1340 1341 vetustior
1367 1288 1543 1342 adhuc
1574 1303 1737 1350 penes
1766 1287 2042 1343 Hebraeos.
2071 1289 2208 1343 Nam
2249 1306 2314 1345 ex
2363 1288 2601 1358 Josepho
2647 1289 2725 1359 (α)
2772 1302 2838 1342 eo
2879 1301 3109 1341 numero
3151 1286 3275 1339 olim
3327 1286 3395 1339 ab
3440 1284 3704 1339 lsraelitis

439 1372 824 1436 censebantur,
856 1388 953 1442 pro
977 1388 1203 1427 numero
1222 1373 1470 1428 videlicet
1502 1374 1830 1430 Litterarum
1852 1374 2241 1431 llebraicarum
2273 1396 2286 1433 :
2315 1377 2457 1447 quod
2483 1377 2644 1432 etiam
2675 1392 2738 1431 ex
2766 1374 2999 1445 Origene
3029 1372 3559 1428 autumatEusehius
3587 1373 3659 1436 (ὁ)
3688 1389 3702 1424 :

418 1460 577 1515 Sunt
637 1469 811 1515 autem
858 1477 970 1515 χχιι
1003 1462 1127 1515 libri
1154 1462 1315 1531 juxta
1351 1463 1625 1518 Ilebrwos.
1666 1464 1861 1518 Postea
1887 1480 2016 1519 vero
2042 1464 2185 1535 apud
2215 1465 2477 1520 recutitos
2506 1464 2762 1528 obtinuit,
2792 1474 2852 1517 ut
2893 1478 2957 1517 ex
2986 1462 3213 1530 repetita
3247 1469 3326 1514 ter
3366 1461 3541 1514 littera
3574 1459 3702 1521 Jod,

443 1550 632 1617 viginti
649 1557 885 1617 quatuor
906 1558 1348 1616 numerarentur,
1369 1566 1475 1619 quo
1494 1552 1656 1604 etiam
1676 1551 1891 1607 nomine
1908 1551 2517 1622 xas’tgoxhvbodicque
2537 1559 2706 1605 totum
2728 1564 2927 1618 corpus
2948 1548 3202 1601 bildicum
3220 1562 3379 1601 suum
3394 1546 3699 1615 appellant:

396 1662 401 1665 >
440 1638 757 1692 sicutetiam
790 1637 1283 1707 apudChristianos
1307 1638 1571 1706 quosdam
1592 1639 1915 1708 interpretes
1943 1640 2254 1707 capiuntur,
2290 1638 2818 1707 exinterpretatione
2852 1652 2975 1689 xxrv
3005 1634 3283 1689 seniorum
3308 1634 3375 1687 de
3400 1634 3601 1702 quibus
3641 1633 3707 1685 fit

443 1723 645 1777 mentio
666 1723 719 1776 in
742 1722 1086 1793 Apocalypsi.
1110 1723 1329 1777 Accedit
1348 1725 1756 1778 nomenclatura
1780 1727 2094 1781 earumdem
2113 1726 2375 1780 librorum
2396 1727 2537 1797 apud
2556 1725 2850 1794 .Iosepltum
2880 1732 3149 1787 nostrum,
3170 1737 3289 1791 qua:
3307 1718 3587 1791 Origenem
3607 1736 3706 1788 po-

407 1812 715 1866 tissimum
755 1812 1035 1882 exprimit,
1076 1824 1134 1867 ut
1179 1812 1349 1881 liquet
1368 1828 1430 1867 ex
1482 1830 1538 1868 ιι.
1595 1815 1681 1878 10,
1733 1815 1822 1869 ubi
1868 1815 2067 1870 tertius
2100 1821 2437 1884 quartusque
2474 1813 2681 1883 Regum
2720 1810 3070 1881 appellantur
3127 1808 3455 1863 Vammelcch
3483 1806 3657 1862 David
3685 1824 3706 1861 :

440 1903 586 1973 quod
629 1902 814 1956 itidem
858 1904 908 1957 in
952 1902 1073 1955 loco
1122 1902 1289 1956 citato
1321 1901 1540 1957 Eusebii
1572 1904 1831 1960 occurrit.

511 2018 602 2071 Vl.
636 2015 770 2069 Dum
807 2014 1077 2085 Josepltus
1108 2015 1432 2084 interpretes
1463 2016 1763 2085 Scriptura:
1786 2018 1943 2072 aﬂ'ert
1982 2018 2077 2090 (ε),
2116 2016 2417 2071 Lucianum
2446 2030 2551 2069 non
2588 2020 3001 2076 commemorat,
3035 2011 3191 2081 cujus
3221 2010 3401 2066 versio
3451 2008 3705 2065 Nicome-

440 2106 542 2159 dia:
571 2104 711 2173 apud
736 2103 952 2157 Judaeos
978 2102 1078 2156 sub
1100 2101 1461 2156 Constantino
1496 2102 1564 2155 Μ.
1602 2114 1809 2172 reperta
1843 2114 1953 2171 est,
1982 2114 2109 2159 ante
2137 2119 2343 2159 annum
2371 2101 2576 2156 Christi
2597 2101 2724 2166 557,
2758 2113 2867 2169 quo
2885 2099 3283 2153 Constantinus
3313 2095 3439 2152 fatis
3476 2111 3703 2150 conces—

440 2192 633 2247 sit.‘Ea
655 2206 819 2263 porro
854 2190 1252 2260 interpretatio,
1281 2189 1777 2261 teste‘llieronytno
1818 2191 1918 2261 (ιι),
1968 2193 2111 2261 apud
2155 2208 2330 2246 omnes
2362 2190 2680 2245 Orientales
2730 2186 2997 2240 Erclesias
3047 2185 3112 2238 ab
3159 2184 3441 2238 Antiochia
3479 2182 3705 2237 CPolim

430 2296 599 2350 usque
623 2278 925 2333 obtinebat.
958 2276 1058 2331 Vix
1085 2292 1214 2346 ergo
1248 2278 1395 2332 credi
1437 2287 1613 2347 potest
1640 2278 1924 2348 ignorasse
1962 2278 2561 2347 .losepbum-eelebrem
2584 2276 2718 2330 adeo
2743 2274 3128 2342 vulgatamque
3159 2270 3694 2341 interpretationem,

432 2369 523 2421 'siu
555 2368 736 2421 minus
766 2366 950 2421 statim
986 2365 1054 2419 ab
1091 2364 1312 2419 inventu
1350 2366 1492 2434 ejus,
1529 2374 1675 2419 certe
1707 2376 1995 2436 postquam
2031 2375 2111 2420 tot
2146 2365 2417 2421 Ecclesiae
2446 2369 2788 2433 pervaserat,
2820 2362 2866 2415 si
2891 2367 3028 2414 adeo
3051 2359 3141 2413 ille
3167 2372 3291 2412 sero
3330 2357 3607 2411 ﬂoruisset
3644 2365 3710 2409 ut

437 2456 724 2511 Fabricius
764 2456 868 2510 sibi
893 2454 1026 2510 velle
1059 2454 1291 2509 videtur.
1334 2455 1487 2509 Adde
1515 2455 1664 2509 illum
1693 2455 1852 2509 codd.
1880 2455 2180 2525 Scriptura:
2208 2468 2369 2508 usum
2393 2451 2565 2506 fuisse
2591 2450 2822 2504 nimium
2860 2446 3160 2516 corruptis,
3198 2444 3341 2513 quod
3372 2444 3562 2513 utique
3591 2458 3704 2497 non

443 2546 664 2599 iecisset
689 2552 810 2614 ροδι
840 2541 1173 2597 Lucianeam
1223 2542 1541 2596 editionem.
1581 2541 1657 2595 Ex
1690 2543 1774 2597 his
1805 2543 1945 2596 haud
1980 2544 2049 2597 ab
2095 2558 2154 2597 re
2178 2540 2433 2611 scriptori
2470 2547 2660 2593 nostro
2697 2535 2960 2591 saeculum
3009 2540 3265 2603 quartum
3312 2529 3704 2597 assignat-eris.

518 2656 624 2711 \‘ll.
665 2656 1037 2711 Cettfirmatur
1062 2656 1180 2710 haec
1214 2656 1390 2709 aetatis
1422 2654 1539 2724 ejus
1566 2656 1772 2725 epocha
1809 2672 1872 2710 ex
1912 2671 1978 2710 eo
2010 2653 2156 2726 quod
2185 2654 2363 2723 capite
2403 2652 2506 2706 150
2541 2648 2788 2705 ultimam
2828 2644 3264 2717 persecutionem
3297 2640 3556 2697 Ecclesiae
3579 2640 3703 2694 illa-

444 2758 552 2802 tam
585 2754 982 2799 commemorat
1018 2744 1121 2799 sub
1149 2741 1369 2798 .Iuliano
1405 2744 1665 2813 Apostata
1699 2745 2019 2813 contigisse,
2044 2741 2300 2797 videlicet
2337 2740 2490 2794 circa
2524 2740 2591 2793 A.
2617 2736 2678 2791 C.
2709 2735 2835 2790 562.

518 2854 651 2910 Vill.
693 2852 948 2909 Nonnihil
977 2854 1141 2907 etiam
1179 2852 1465 2923 scriptoris
1506 2854 1678 2908 nostri
1710 2854 2019 2921 antiquitas
2046 2851 2483 2915 commendatur,
2518 2864 2582 2903 ex
2622 2862 2687 2901 eo
2720 2849 2864 2916 quod
2892 2860 3012 2915 cap.
3072 2843 3174 2899 150
3208 2842 3485 2898 Christum
3512 2848 3707 2894 natum

443 2945 590 3000 dicat
619 2946 684 2997 A.
711 2942 779 2997 M.
809 2941 971 3006 5500,
1006 2957 1125 3010 qua:
1161 2941 1411 2995 videlicet
1438 2949 1522 2997 est
1543 2940 1856 2998 Graecorum
1886 2957 1995 2995 mra
2022 2939 2285 2996 historica
2313 2937 2583 3001 Africani,
2617 2936 2709 3006 qui
2747 2934 2935 2988 ﬂoruit
2967 2933 3113 2988 circa
3141 2932 3205 2984 A.
3241 2931 3303 2984 C.
3336 2930 3464 2991 2:20,
3488 2928 3711 2982 cadent-

444 3049 552 3103 que
584 3033 817 3085 maxime
848 3030 992 3083 inter
1018 3027 1366 3083 Christianos
1393 3027 1611 3084 Graecos
1636 3030 1859 3097 antiqua
1893 3045 1905 3081 :
1938 3045 2103 3099 quam
2144 3037 2379 3081 exeunte
2418 3025 2638 3081 demum
2672 3022 2872 3078 saeculo
2909 3028 3106 3091 quarto
3129 3020 3230 3075 sub
3263 3016 3573 3073 Theodosio
3607 3016 3711 3068 ad-

432 3122 665 3177 modum
696 3114 1099 3188 frequentanda
1127 3116 1341 3186 excepit
1373 3131 1479 3170 mra
1506 3116 1681 3171 civilis
1704 3126 1926 3187 propter
1949 3116 2297 3172 indietiones.
2518 3104 2521 3109 ’

518 3230 608 3287 ιΧ.
644 3227 795 3284 Adde
819 3228 1057 3299 denique
1092 3242 1240 3295 eum,
1272 3228 1450 3298 capite
1483 3229 1605 3295 114,
1651 3236 1731 3283 tot
1770 3228 1965 3284 aﬂ‘erre
2014 3230 2285 3300 μαντειῶν
2317 3229 2466 3285 varia
2498 3242 2695 3296 genera
2732 3242 2795 3281 ac
2835 3224 3081 3291 nomina,
3122 3232 3182 3278 ut
3222 3237 3343 3278 sese
3375 3220 3705 3289 scriptorem

434 3322 640 3392 prodat
665 3316 1116 3373 manifestissime
1147 3332 1209 3370 ea
1236 3325 1393 3371 (etate
1424 3316 1719 3382 viventem,
1742 3332 1849 3388 qua
1877 3319 2058 3374 adhuc
2082 3318 2444 3374 ethnicismus
2478 3317 2638 3385 longe
2670 3316 2881 3385 lateque
2908 3312 3286 3383 grassabatur,
3311 3319 3366 3364 et
3389 3307 3709 3378 superstitio

448 3410 653 3479 passim
681 3404 981 3461 obtinebat.
1018 3402 1131 3458 lloc
1158 3404 1226 3459 de
1265 3404 1534 3474 scriptore
1571 3407 1752 3476 quarti
1790 3422 1957 3476 quam
1985 3406 2255 3463 undecimi
2293 3405 2476 3461 saeculi
2502 3403 2841 3475 probabilius
2868 3401 3126 3457 aﬂirtnari
3152 3406 3351 3470 potest.

520 3520 588 3571 X.
622 3516 802 3572 Unum
841 3516 1037 3569 obesse
1058 3513 1294 3577 videtur,
1326 3515 1470 3585 quod
1504 3530 1623 3585 eap.
1672 3514 1793 3569 156.
1835 3515 2185 3586 Hippolytum
2214 3512 2537 3568 Thebanum
2571 3512 2767 3582 alleget
2799 3530 2812 3566 :
2848 3525 2915 3565 ex
2955 3524 3063 3580 quo
3112 3515 3371 3576 appareat
3403 3501 3709 3572 Josepltum

443 3607 747 3661 inclinante
772 3603 973 3659 saeculo
1016 3618 1066 3655 ιιι
1119 3601 1391 3657 ﬂoruisse.
1425 3603 1486 3655 Et
1517 3604 1631 3657 haec
1669 3616 1803 3657 sane
1838 3608 1979 3657 ratio
2004 3613 2109 3667 est,
2138 3618 2259 3674 quae
2288 3603 2597 3659 Fabricium
2646 3617 2676 3655 a
2711 3600 2887 3655 Cavzei
2915 3599 3181 3652 sententia
3204 3593 3430 3649 divellit.
3463 3592 3533 3647 At
3565 3606 3711 3661 prte-

452 3710 699 3764 tcrquant
730 3692 875 3763 quod
914 3691 1203 3745 Fabricius
1238 3691 1352 3760 ipse
1379 3692 1749 3747 subodoratus
1774 3703 1857 3748 est
1886 3695 1971 3763 (e),
2002 3702 2167 3763 caput
2194 3692 2323 3747 illud
2360 3692 2593 3746 fortasse
2616 3686 3005 3744 assumendum
3034 3699 3154 3737 esse
3178 3683 3352 3735 aliena
3387 3694 3552 3733 manu
3574 3677 3708 3733 sub-

438 3788 699 3854 junctum
721 3822 736 3847 ,
769 3782 898 3835 dtttu
934 3780 1008 3833 ait
1038 3796 1049 3832 :
1080 3776 1139 3831 Si
1174 3787 1331 3845 caput
1365 3778 1468 3832 156
1501 3779 1565 3831 ab
1601 3779 1715 3845 ipso
1754 3790 1968 3834 auctore
1998 3792 2104 3846 est;
2136 3781 2237 3834 alia
2274 3780 2438 3835 etiam
2470 3779 2671 3833 fatetur
2696 3790 2816 3845 qua:
2844 3788 2908 3828 ex
2948 3785 3105 3840 :equo
3146 3767 3440 3823 illiusmodi
3477 3774 3705 3821 senten-

438 3875 587 3927 .tiam
623 3881 677 3925 ct
703 3867 1028 3940 hypotbcsin
1052 3875 1321 3921 evertant.
1366 3866 1441 3920 Illi
1471 3866 1616 3921 enim
1654 3868 1881 3937 perinde
1905 3882 2068 3939 atque
2105 3870 2264 3924 nobis
2294 3870 2380 3923 via
2413 3867 2646 3923 ineunda
2677 3871 2845 3928 esset,
2879 3869 2937 3915 ιιι
2971 3862 3108 3915 ratio
3138 3858 3399 3914 reddatur
3426 3856 3708 3927 quomodo

444 3960 691 4032 potuerit
721 3956 1044 4011 Theodorus
1074 3952 1513 4019 Cautuariensis,
1551 3954 1644 4023 qui
1678 3955 1816 4009 obiit
1839 3971 1983 4011 anno
2002 3957 2131 4021 G90,
2162 3958 2214 4011 in
2251 3956 2501 4026 Angliam
2539 3954 2749 4025 primus
2772 3950 3027 4005 attulisse
3055 3946 3433 4018 apOgrapbutn
3455 3944 3709 3999 hominis

441 4051 543 4119 qui
573 4046 771 4104 saeculo
804 4061 855 4099 χι
916 4043 1210 4097 inclinante
1240 4039 1488 4097 ﬂorebat.
1526 4042 1797 4114 Quidquid
1828 4044 1915 4099 ille
1945 4045 2312 4116 responderit,
2338 4058 2440 4099 nos
2480 4042 2764 4113 hypothcsl
2800 4045 3001 4093 nostrae
3027 4033 3591 4091 accommodaremus.

522 4157 617 4214 XI.
653 4156 757 4211 Sed
792 4164 1182 4223 revera-caput
1215 4151 1345 4206 illud
1379 4166 1500 4206 esse
1525 4168 1738 4207 merum
1770 4154 2203 4209 additamentum
2236 4154 2413 4209 aliena
2449 4167 2615 4206 manu
2649 4158 2901 4205 assutum
2927 4146 3124 4203 exinde
3150 4145 3338 4215 liquet,
3376 4143 3519 4213 quod
3550 4158 3709 4212 suptu

452 4248 581 4304 ritrri
610 4248 718 4317 jam
742 4258 866 4314 cap.
897 4242 1022 4296 155.
1049 4240 1317 4295 Joannem
1352 4251 1404 4294 et
1439 4239 1759 4295 Zachariam
1792 4256 1945 4296 more
1985 4258 2083 4297 suo
2114 4240 2627 4296 commemoraverit
2666 4257 2679 4293 :
2714 4235 3056 4293 brevissimis
3091 4248 3285 4302 nempe
3315 4232 3497 4287 verbis
3522 4241 3573 4286 et
3606 4248 3707 4301 per

440 4333 976 4403 interrogationem;
1014 4329 1103 4383 ltic
1134 4343 1265 4382 vero
1304 4335 1511 4381 mutata
1550 4328 1876 4399 epigrapltes
1913 4343 2075 4383 scena
2129 4337 2183 4382 et
2212 4328 2421 4382 ratione
2450 4326 2689 4389 dicendi,
2717 4324 3037 4379 historicum
3073 4319 3537 4389 apospasmatium
3572 4333 3705 4385 pro-

451 4424 578 4477 liais
596 4421 683 4476 sui
713 4418 955 4473 anetoris
987 4415 1171 4470 verbis
1205 4414 1453 4469 aﬂ‘ertur.
1480 4414 1592 4469 lioc
1622 4415 1920 4471 discrimen
1952 4423 2333 4470 assumcntum
2366 4414 2497 4469 illud
2519 4428 2641 4469 esse
2671 4411 2887 4467 abunde
2916 4408 3136 4478 prodit:
3164 4406 3438 4474 simulque
3465 4404 3708 4458 ostendt

454 4524 670 4578 tempus
698 4504 958 4573 descripti
1001 4502 1145 4557 illius
1176 4502 1403 4567 codicis,
1432 4511 1486 4555 et
1513 4502 1672 4571 cujus
1702 4503 1879 4557 astatis
1912 4503 2128 4558 codices
2171 4502 2579 4572 suppeditarint
2611 4500 2971 4570 fragmentum
3018 4493 3147 4549 illud
3182 4490 3421 4562 Josepho
3470 4489 3708 4560 subjun-

440 4611 620 4665 Clum,
653 4594 833 4652 saeculi
867 4607 1060 4661 nempe
1100 4607 1131 4644 χ
1170 4601 1230 4644 ιιι
1255 4590 1546 4645 Rteruerus
1572 4592 1625 4645 in
1656 4592 1807 4660 praef.
1830 4607 1860 4646 a
1889 4590 2139 4646 Fabricio
2173 4591 2431 4659 allegatus
2462 4588 2730 4659 perhibet.

527 4707 638 4761 Xll.
662 4704 736 4758 Es
753 4705 820 4759 iis
834 4717 956 4773 qum
975 4702 1257 4756 attulimus
1275 4701 1847 4758 animadversionibus
1867 4700 2236 4765 cum'nostris,
2262 4709 2373 4754 tum
2397 4700 2637 4753 virorum
2657 4695 3017 4757 eruditorum,
3033 4690 3237 4760 liquido
3264 4698 3507 4759 apparet,
3530 4705 3627 4744 nos
3650 4691 3705 4745 in

449 4814 569 4849 eam
601 4792 932 4847 sententiam
984 4804 1156 4859 prono
1201 4790 1384 4845 animo
1421 4790 1692 4855 inclinari,
1730 4806 1854 4859 qua:
1897 4788 2198 4858 Josepbum
2231 4789 2376 4844 hunc
2422 4788 2797 4842 Christianum
2828 4782 3101 4837 mediante
3129 4780 3329 4835 steculo
3362 4788 3559 4849 quarto
3598 4780 3707 4835 ﬂo-

453 4885 631 4937 ruisse
659 4879 937 4949 opinatur.
962 4878 1030 4931 At
1054 4878 1305 4947 quisnatn
1343 4878 1389 4932 is
1416 4876 1603 4942 fuerit,
1632 4879 1791 4947 longe
1822 4878 2003 4933 adhuc
2025 4878 2297 4933 diﬂicilior
2326 4888 2381 4932 et
2411 4876 2725 4947 impeditior
2754 4871 2986 4943 quaestio
3013 4882 3114 4925 est.
3149 4870 3372 4923 Cavmus
3402 4870 3521 4923 loco
3545 4884 3709 4938 supe-

454 4975 565 5023 rius
580 4968 817 5022 excitato
835 4966 1051 5021 scribit:
1082 4964 1230 5035 Stepe
1253 4966 1376 5019 olim
1393 4966 1695 5032 suspicatus
1718 4982 1832 5021 sum
1862 4965 1998 5019 hunc
2014 4982 2112 5019 non
2131 4966 2295 5019 alium
2316 4960 2966 5035 fuisse,qnam.losephum
2982 4959 3134 5013 illum
3151 4957 3592 5020 Tiberiadensem,
3608 4959 3707 5027 qui

448 5076 514 5113 es:
542 5058 854 5110 Jndworum
889 5055 1149 5123 apostolo,
1176 5070 1266 5107 seu
1300 5070 1563 5108 assessore
1586 5054 1972 5122 patriarchali,
2003 5054 2177 5121 factus
2210 5064 2286 5107 est
2322 5053 2690 5111 Christianus,
2729 5060 2780 5104 et
2816 5068 2846 5102 a
2879 5048 3229 5103 Constantino
3280 5044 3355 5099 Μ.
3389 5045 3457 5098 ad
3489 5046 3705 5099 comitis

446 5147 761 5217 dignitatem
792 5152 1014 5196 evectus.
1050 5142 1126 5195 De
1154 5143 1305 5210 cujus
1336 5144 1667 5195 conversione
1702 5152 1751 5196 et
1784 5144 2004 5211 egregiis
2042 5160 2165 5213 erga
2208 5141 2501 5195 Ecclesium
2530 5140 2733 5193 meritis
2767 5138 2900 5190 mira
2927 5137 3103 5205 plane,
3141 5144 3299 5203 atque
3326 5134 3459 5187 satis
3491 5134 3708 5197 prolixe

446 5243 636 5287 narrat
670 5230 1001 5300 Epiphanius
1038 5229 1127 5301 (Γ),
1172 5231 1212 5281 A
1256 5245 1354 5285 sua
1387 5239 1567 5284 tamen
1604 5231 1872 5285 sententia
1911 5232 2135 5284 recessit
2167 5229 2228 5283 ν.
2264 5228 2324 5282 C.
2363 5229 2464 5282 hac
2495 5227 2749 5281 inductus
2774 5224 3213 5278 ratiocinatione.
3240 5219 3387 5276 Obiit
3422 5221 3708 5276 Constat»-

452 5324 597 5375 tinus
622 5320 692 5374 M.
720 5335 863 5373 anno
901 5318 1026 5383 557,
1058 5328 1184 5371 ante
1207 5332 1366 5385 quem
1396 5326 1545 5371 certe
1569 5317 1635 5370 ad
1659 5318 1875 5371 comitis
1905 5316 2224 5386 dignitatem
2256 5317 2457 5385 Joseph
2478 5317 2565 5370 ille
2589 5314 2925 5369 Tiberiensis
2956 5312 3111 5367 evehi
3138 5312 3346 5366 debuit.
3375 5310 3507 5363 Cum
3528 5322 3709 5376 pono

450 5409 541 5462 ille
582 5408 881 5476 penultinto
919 5405 1037 5459 loco
1070 5402 1519 5459 Maecdonianam
1567 5404 1817 5460 haeresim
1851 5416 2262 5471 commemoret,
2311 5404 2773 5473 Macedoniusque
2826 5400 3022 5455 obierit
3061 5414 3151 5454 an.
3188 5398 3322 5463 560,
3362 5411 3426 5451 ac
3469 5392 3711 5450 haeresis

519 5644 595 5711 (ιι)
632 5640 811 5712 Lib._t,
849 5654 1017 5696 contr.
1049 5642 1272 5712 Appian.
2203 5642 2280 5711 (tl)
2321 5642 2378 5695 In
2416 5641 2559 5712 apol.
2586 5640 2707 5712 adv.
2744 5638 2923 5692 Rufin.

522 5708 597 5779 (ὁ)
640 5712 707 5771 tt.
742 5708 809 5762 E.
840 5713 929 5763 ιιι».
960 5730 1029 5776 \‘I,
1063 5708 1237 5766 ciet.

2198 5708 2272 5780 (cl
2300 5708 2463 5765 IL'G.
2490 5724 2621 5763 tom.
2659 5709 2725 5775 Χ,
2753 5726 2873 5779 pag.
2905 5708 3022 5762 109.

520 5777 593 5853 (ε)
624 5780 752 5851 CaP-
781 5780 902 5834 1'22-
2199 5777 2265 5852 (f)
2300 5784 2377 5835 Ad
2408 5781 2600 5835 Ehion.
2630 5777 2763 5834 1ι;ρι·ζ
2795 5777 2925 5845 axx,
2956 5792 3107 5831 num.
3137 5777 3169 5831 4
3191 5791 3345 5846 seqq.
