4044 6416
353 363 422 428 13
1839 357 2170 418 NOTITIA.
2534 347 2549 367 ’
3566 361 3630 426 1’1-

352 475 507 532 illius
532 473 798 529 damnata
831 471 1049 527 demum
1086 469 1250 525 fuerit
1283 484 1374 524 an.
1404 468 1609 536 581,iu
1642 467 1852 540 synodo
1879 468 2221 524 oecumenica
2256 471 2493 526 secunda
2534 490 2546 526 :
2587 473 2670 527 vix
2701 476 2853 530 credi
2911 486 3091 548 potest
3119 477 3472 546 superstitem
3500 486 3632 536 tunc

355 563 538 616 adhuc
563 560 734 615 fuisse
773 558 1071 628 Iosephum
1114 566 1389 622 nostrum,
1436 557 1529 627 qui
1567 571 1713 611 anno
1751 555 1864 626 jam
1911 555 2045 620 355,
2080 572 2188 626 quo
2225 556 2567 627 Epiphanius
2613 563 2757 618 aedes
2801 564 2948 619 illius
2997 567 3132 620 adiit
3177 566 3242 619 ad
3279 565 3628 620 invisendum

359 649 658 706 Eusebium
689 647 1096 703 Vercellensem
1127 645 1270 715 apud
1298 645 1449 699 illum
1475 643 1868 714 hospitantem,
1893 643 2166 714 decrepita
2193 646 2307 715 jam
2343 656 2460 702 erat
2486 658 2664 712 aetate.
2695 665 2870 707 annos
2895 661 3060 707 natus
3089 652 3310 708 circiter
3342 653 3434 708 70.
3474 653 3633 706 Fuis-

359 747 446 792 set
471 736 617 790 enim
645 736 868 806 quando
903 734 1196 788 damnatus
1227 741 1310 787 est
1347 732 1700 787 Macedonius
1732 745 2003 786 annorum
2041 733 2260 789 circiter
2298 734 2389 790 96.
2420 737 2573 792 Adde
2599 740 2876 795 reccnseri
2908 741 2977 796 ab
3009 741 3102 796 illo
3132 741 3323 796 ultimo
3364 742 3484 796 loco
3515 743 3631 794 An-

365 823 882 894 thropOntorphitas
911 820 1222 885 haereticos,
1257 835 1492 889 quorum
1523 819 1722 889 placita
1757 819 1898 874 inter
1934 821 2234 877 monachos
2264 823 2451 878 Nitriw
2477 823 2768 880 fervebant
2803 828 3040 882 maxime
3075 843 3219 882 anno
3240 829 3362 884 599.
3391 828 3519 883 llazc
3552 843 3637 882 ra-

364 913 590 968 tiocinia
636 912 919 967 hominem
962 910 1237 965 eruditum
1275 909 1662 963 deterruerunt
1691 921 1721 960 a
1763 907 1937 977 priori
1979 910 2270 975 sententia,
2307 921 2715 984 suaseruntque
2752 923 3006 985 reputare
3036 913 3337 986 Iosephqu
3371 926 3622 972 nostrum

362 1002 536 1056 alium
562 1017 593 1054 a
626 997 936 1054 Tiberiensi
969 998 1277 1068 Epiphanio
1306 996 1410 1067 ipsi
1441 1003 1952 1052 commemoratum.

437 1111 581 1166 XIII.
625 1109 756 1174 Sed,
793 1118 851 1164 ut
880 1110 1025 1177 quod
1057 1122 1171 1163 rem
1207 1122 1331 1162 esse
1368 1114 1522 1178 puto,
1557 1105 1716 1160 fateri
1745 1104 1907 1160 velim
1959 1106 2075 1163 hac
2113 1121 2434 1180 argumenta
2465 1113 2608 1182 apud
2643 1125 2727 1166 me
2757 1114 2891 1168 tanti
2929 1128 3036 1167 non
3070 1122 3219 1177 sunt,
3247 1121 3306 1167 ut
3333 1113 3633 1184 Iosephum

363 1199 751 1255 Christianum
795 1213 826 1250 a
855 1196 1162 1252 Tiberiensi
1205 1210 1496 1251 secernere
1531 1209 1716 1262 c0gar.
1761 1191 1962 1248 Fateor
1999 1211 2090 1251 an.
2136 1197 2360 1253 demum
2413 1200 2511 1255 581
2564 1201 2880 1256 damnatam
2914 1201 3534 1271 lmresim‘Macedonii;
3566 1219 3635 1257 au

363 1288 596 1357 proinde
625 1295 752 1339 ante
774 1299 979 1338 annum
1008 1283 1160 1338 illum
1195 1291 1451 1354 tanquam
1489 1281 1736 1336 haeretici
1769 1279 2000 1351 produci
2028 1295 2137 1335 non
2169 1293 2466 1352 potuerunt
2499 1300 2765 1354 sequaces
2791 1285 2972 1340 illius?
3001 1284 3253 1340 Concedo
3279 1287 3418 1342 inter
3448 1302 3635 1341 tuoua-

362 1377 505 1432 chos
527 1374 718 1429 Nitriae
743 1381 1073 1443 grassatam,
1110 1387 1258 1427 anno
1303 1371 1541 1424 maxime
1577 1369 1705 1432 399,
1754 1368 2434 1440 Anthropomorpltiticam
2463 1373 2749 1441 haeresim;
2799 1390 2980 1429 annon
3051 1374 3282 1443 proinde
3319 1385 3444 1431 ante
3478 1376 3630 1430 illum

367 1478 574 1518 annum
615 1462 759 1516 inter
786 1460 1078 1516 haereticos
1117 1458 1330 1514 censeri
1374 1466 1697 1528 potuerunt,
1724 1473 1847 1512 cum
1888 1457 2192 1526 praesertim
2233 1460 2566 1515 haberentur
2591 1477 2690 1531 pro
2739 1461 2957 1516 sarculo
2999 1461 3444 1527 Manichaeorum,
3476 1472 3530 1517 et
3563 1467 3631 1518 ab

365 1552 692 1608 orthodoxis
716 1553 1057 1607 evitarentur
1079 1551 1265 1605 statim
1302 1548 1372 1603 ab
1407 1548 1582 1603 Audei
1616 1548 1794 1614 obitu,
1821 1548 1915 1616 qui
1945 1555 2196 1602 mortuus
2222 1554 2307 1600 est
2341 1562 2430 1602 an.
2460 1547 2609 1603 570?
2641 1549 2805 1614 Quid,
2833 1550 2983 1620 quod
3006 1550 3419 1605 Macedoniaute
3442 1561 3497 1605 et
3520 1552 3630 1606 An-

367 1639 908 1709 thr0pomorphiticaa
946 1637 1176 1692 hmresis
1206 1635 1661 1691 commemoratio
1689 1635 2124 1689 additamentum
2156 1647 2277 1687 esse
2300 1642 2500 1702 potest,
2538 1636 2683 1703 quod
2718 1651 2784 1690 ex
2815 1637 3067 1707 margine
3104 1638 3158 1692 in
3203 1646 3410 1692 textum
3454 1639 3637 1692 immi-

368 1727 564 1796 grarit,
606 1727 751 1795 quod
783 1726 913 1780 item
938 1725 1005 1780 de
1037 1723 1232 1781 haeresi
1266 1722 1769 1794 ’Λνορωπολατρῶν
1793 1721 2056 1793 judicium
2089 1720 2201 1776 fieri
2240 1730 2440 1792 queat,
2489 1721 2534 1776 si
2576 1723 2795 1792 quidem
2833 1725 2935 1778 sub
2959 1739 3025 1780 eo
3057 1725 3281 1781 nomine
3324 1723 3638 1782 Nestoriani
3707 1777 3714 1791 ι

367 1815 636 1871 veniunt?

440 1921 584 1978 XIV.
611 1921 795 1992 Neque
815 1922 981 1977 etiam
1011 1922 1288 1976 hominem
1323 1920 1392 1976 ad
1425 1937 1518 1976 sex
1551 1929 1605 1974 et
1637 1918 1934 1990 nonaginta
1961 1919 2141 1973 artatis
2161 1933 2336 1975 annos
2363 1934 2524 1989 posse
2547 1921 2832 1989 pervenire
2856 1923 3177 1980 incredibile
3199 1925 3492 1982 admodum
3519 1938 3601 1984 est
3627 1947 3639 1982 :

373 2011 679 2082 praesertim
709 2025 831 2064 cum
875 2009 1217 2079 Epiphanius
1244 2008 1390 2064 idem
1425 2008 1515 2062 ille
1543 2009 1660 2078 ipse
1692 2007 1901 2062 amicus
1924 2015 1979 2060 et
2013 2006 2215 2074 hospes
2245 2003 2468 2074 Iosephi
2504 2005 2864 2076 Tiberiensis,
2894 2013 3116 2080 quando
3139 2014 3310 2069 cessit
3339 2013 3499 2070 CPoli
3543 2017 3644 2072 sub

370 2098 628 2163 Arcadio,
657 2107 820 2152 natus
853 2105 1006 2152 esset
1045 2111 1224 2152 annos
1257 2095 1359 2149 115
1400 2110 1467 2150 ac
1490 2109 1712 2148 menses
1748 2105 1884 2155 tres,
1932 2101 1991 2146 ut
2033 2102 2187 2149 notat
2215 2093 2357 2147 idem
2394 2092 2625 2149 Cavazus
2667 2096 2721 2149 in
2755 2097 2847 2152 illo
2876 2097 2976 2168 (a).
3009 2099 3143 2154 Cum
3169 2116 3333 2170 porro
3362 2119 3468 2158 non
3502 2105 3646 2162 alius

374 2187 684 2241 innotescat
717 2200 814 2254 per
852 2199 917 2238 ea
945 2193 1192 2254 tempora
1243 2183 1330 2238 cui
1374 2183 1570 2238 melius
1597 2191 1864 2252 congruat
1889 2179 2379 2252 hypomuesticon,
2420 2197 2585 2251 quam
2620 2180 2898 2254 Iosephus
2934 2187 3027 2242 ille
3061 2187 3425 2255 Tiberiensis,
3456 2207 3559 2248 nos
3588 2194 3644 2247 in

373 2272 480 2328 hac
509 2284 665 2343 parte
693 2271 768 2332 Is.
795 2269 1054 2328 Vossium
1079 2270 1388 2341 sequimur,
1418 2270 1510 2340 qui
1542 2278 1786 2324 nostrum
1819 2267 2117 2338 Iosephum
2147 2283 2178 2322 a
2214 2267 2524 2324 Tiberiensi
2563 2271 2651 2325 ille
2684 2287 2790 2326 non
2811 2272 3095 2330 discernit.

446 2383 565 2438 XV.
607 2382 763 2438 Iluuc
781 2385 884 2440 sub
920 2382 1144 2454 Iosephi
1185 2383 1404 2439 comitis
1430 2382 1652 2436 nomine
1676 2380 1838 2451 vulgo
1872 2379 2115 2451 agnosci,
2148 2390 2204 2434 et
2237 2380 2380 2434 inter
2399 2392 2621 2438 sanctos
2657 2383 2886 2438 relatum
2909 2401 3077 2440 essca
3101 2386 3306 2445 Graecis
3331 2388 3650 2460 Latinisque

373 2481 614 2538 constat,
640 2471 799 2541 cujus
830 2470 1343 2527 commemorationi
1372 2471 1650 2539 assignata
1671 2469 1786 2523 dies
1811 2467 1880 2520 2‘2
1935 2465 2066 2522 Iulii
2099 2468 2194 2540 (ὁ).
2236 2469 2308 2523 Ex
2343 2470 2843 2543 ipsometIosepho
2865 2474 3054 2529 didicit
3083 2475 3204 2545 ejus
3232 2478 3399 2532 vitam
3432 2476 3491 2533 S.
3516 2479 3649 2550 Epi-

375 2561 637 2632 phanius,
671 2571 726 2615 ct
757 2561 810 2614 in
847 2575 948 2615 suo
982 2559 1228 2613 Panario
1253 2558 1452 2625 refert,
1493 2573 1558 2612 ex
1595 2573 1708 2627 quo
1740 2557 1922 2612 cmteri
1947 2557 2278 2624 hauserunt,
2306 2556 2527 2630 Fleury,
2559 2559 2774 2625 Baillet,
2800 2569 2907 2616 etc.
2932 2562 3159 2618 Summa
3190 2579 3255 2619 eo
3285 2567 3444 2620 redit.
3478 2565 3650 2621 Natus

373 2661 461 2706 est
489 2649 757 2718 Iosephus
785 2650 852 2704 A.
877 2649 941 2704 C.
973 2648 1104 2714 286,
1128 2648 1420 2703 Tiberiade
1456 2647 1681 2702 civitate
1705 2645 2031 2708 Palaestinae,
2067 2661 2133 2702 ex
2165 2645 2364 2698 illustri
2410 2646 2553 2701 inter
2587 2645 2807 2704 Iudaeos
2853 2649 3096 2714 familia,
3137 2653 3484 2724 apostolique
3505 2657 3649 2724 apud

375 2754 569 2793 eorum
616 2738 985 2806 patriarcham
1026 2736 1277 2792 lIiIlclem
1323 2750 1538 2791 munus
1590 2735 1797 2790 ebibat.
1835 2734 1970 2789 Cum
2007 2735 2060 2788 in
2109 2733 2497 2802 gravissimqu
2530 2735 2785 2791 morbum
2829 2738 3113 2796 incidisset
3143 2739 3324 2807 llillel,
3359 2743 3651 2799 accersivit

383 2828 623 2882 vicinum
655 2825 968 2881 Tiberiadis
997 2825 1338 2894 episcopum,
1367 2839 1397 2877 a
1425 2837 1534 2893 quo
1564 2822 1815 2877 sanitatis
1848 2820 2076 2877 obtentu
2113 2823 2444 2890 baptismum
2478 2825 2707 2896 recepit.
2743 2825 2799 2882 Id
2836 2829 2974 2883 ciant
3005 2831 3320 2886 observavit
3349 2832 3648 2903 Iosephus,

381 2918 478 2985 qui
504 2916 671 2971 etiam
710 2915 847 2971 vidit
879 2915 1036 2971 llillel
1074 2913 1219 2969 haud
1249 2929 1473 2984 parvam
1504 2912 1626 2966 auri
1668 2911 1776 2965 vim
1821 2910 2037 2966 dedisse
2066 2911 2345 2980 episcopo,
2391 2921 2450 2964 ut
2494 2928 2594 2979 pro
2626 2927 2685 2968 se
2720 2914 3052 2972 oblationem
3094 2917 3317 2975 faceret.
3353 2920 3526 2978 Biduo
3557 2926 3654 2980 tri-

379 3008 563 3061 duove
593 3016 741 3076 post,
769 3009 878 3060 vita
902 3004 1090 3059 functo
1110 3002 1321 3068 Ilillclc,
1353 3012 1638 3074 parentem
1675 2999 1826 3054 illum
1861 2999 2100 3054 suumin
2137 2997 2486 3068 patriarchali
2523 2999 2790 3070 dignitate
2827 3001 2997 3057 Iudas
3029 3003 3176 3060 filius
3212 3007 3656 3067 adolescentulus

377 3094 616 3164 excepit.
646 3093 856 3150 Interea
886 3092 1086 3163 Ioseph
1111 3101 1164 3148 et
1190 3093 1412 3147 tutelam
1441 3091 1598 3161 pueri
1636 3099 1690 3144 et
1716 3087 2256 3144 administrationem
2297 3087 2747 3156 patriarchaliqu
2791 3106 3078 3146 munerum
3120 3095 3326 3150 obibat.
3370 3095 3447 3150 Ex
3477 3114 3542 3152 co
3569 3098 3655 3153 fa-

376 3191 529 3235 ctum
553 3190 657 3244 est,
697 3191 756 3234 ut
797 3195 893 3249 spe
928 3179 1273 3235 invenienda:
1311 3194 1528 3251 magnae
1573 3176 1816 3245 pecunia:
1856 3175 2302 3246 gazophylacium
2339 3174 2659 3232 Tiberiense
2698 3179 2957 3248 aperiret,
3001 3195 3101 3234 nec
3133 3188 3318 3236 tamen
3350 3185 3456 3240 nisi
3485 3186 3654 3243 libros

379 3269 651 3338 repererit
679 3287 693 3323 :
728 3267 871 3322 inter
903 3283 1042 3338 quos
1071 3266 1299 3322 Ioannis
1333 3265 1688 3337 Evangelium
1726 3273 1781 3320 et
1819 3263 1956 3318 Acta
1987 3264 2368 3331 apostolorum
2409 3262 2678 3320 IIebraice
2718 3267 3014 3337 descripta.
3041 3269 3175 3324 Cum
3212 3269 3380 3328 Iudas
3408 3274 3461 3327 in
3493 3290 3656 3331 omne

381 3357 601 3413 facinus
624 3355 966 3428 proﬂigatus,
986 3356 1223 3412 evidenti
1244 3357 1333 3411 Dei
1359 3356 1602 3426 potentia
1626 3355 1769 3425 turpi
1793 3369 1888 3424 spe
1902 3351 2212 3414 cecidisset,
2231 3348 2454 3420 Iosephi
2474 3352 2720 3406 animum
2740 3369 2829 3409 res
2858 3354 2950 3409 illa
2971 3371 3142 3426 usque
3160 3358 3298 3412 adeo
3315 3360 3567 3428 perculit,
3599 3372 3659 3416 ut

382 3446 611 3516 quietus
664 3460 944 3513 nunquam
977 3445 1324 3499 consisteret.
1354 3444 1449 3499 Dei
1481 3444 1644 3498 etiam
1669 3443 1882 3497 monitu
1903 3440 2105 3512 saepius
2129 3447 2360 3494 vocatus
2391 3449 2451 3494 ut
2477 3439 2532 3494 in
2556 3439 2835 3496 Christum
2873 3443 3147 3511 crederet;
3184 3447 3402 3502 tandem
3433 3464 3658 3518 asperso

379 3546 755 3602 cnergumeno
790 3546 932 3602 aqua
953 3532 1106 3603 signo
1131 3533 1312 3587 crucis
1345 3547 1374 3586 a
1413 3546 1472 3587 se
1503 3531 1793 3586 benedicta
1823 3531 1890 3584 ad
1936 3527 2241 3599 periculum
2278 3526 2401 3581 fidei
2434 3528 2786 3597 capiendum,
2813 3532 2882 3586 ab
2913 3547 3091 3602 eoque
3114 3533 3364 3589 daemone
3396 3537 3650 3607 expulso,

378 3622 712 3691 vulgatoque
735 3635 834 3690 per
859 3619 1048 3674 urbem
1078 3619 1384 3687 miraculo;
1427 3620 1574 3690 quod
1616 3629 1800 3674 tamen
1838 3617 2011 3673 Judaei
2053 3623 2316 3686 putarunt
2348 3615 2500 3670 illum
2546 3625 2897 3688 perpetrasse
2933 3636 2998 3674 ex
3042 3623 3496 3690 pronuntiatione
3526 3636 3580 3681 et
3609 3629 3661 3682 vi

382 3707 625 3763 nominis
654 3706 1118 3776 tetragrammati;
1142 3705 1382 3776 Spiritus
1403 3706 1578 3762 sancti
1609 3705 1846 3776 impulsu
1863 3703 2090 3777 pronius
2108 3705 2175 3760 ad
2194 3704 2356 3760 fidem
2371 3705 2620 3761 animum
2643 3706 2968 3764 inclinavit:
2997 3720 3292 3768 nectamen
3316 3713 3422 3770 nisi
3455 3715 3666 3788 aliquot

379 3806 510 3866 post
539 3811 712 3850 annos
742 3795 1010 3866 baptizari
1045 3809 1164 3850 sese
1191 3810 1388 3864 passus
1412 3804 1517 3849 est.

451 3910 822 3966 X\’l.lnterea
845 3926 970 3966 cum
1001 3910 1054 3965 in
1085 3910 1331 3966 Ciliciam
1360 3910 1602 3966 venisset
1627 3924 1694 3965 ex
1713 3923 1938 3966 munere
1969 3910 2052 3966 sui
2091 3909 2306 3968 Iudaici
2327 3913 2694 3984 apostolatus,
2714 3914 2784 3969 ab
2811 3913 3071 3984 episcopo
3102 3914 3342 3971 civitatis
3377 3917 3664 3988 cujusdam

381 3999 679 4070 Evangelia
711 3999 936 4070 legenda
961 3999 1194 4067 accepit.
1223 3996 1468 4053 Vexatus
1497 4013 1527 4052 a
1556 3998 1672 4055 suis
1707 3998 1773 4053 ad
1817 3998 2242 4054 Constantinum
2271 3999 2342 4056 M.
2375 4017 2434 4057 se
2457 4003 2688 4073 recepit,
2711 4017 2741 4058 a
2763 4017 2874 4074 quo
2907 4002 3128 4058 comitis
3156 4003 3481 4074 dignitatem
3509 4007 3657 4061 obti-

381 4092 528 4156 nuit,
558 4106 622 4145 ac
654 4092 862 4145 veniam
889 4100 1153 4160 praeterea
1194 4088 1642 4144 aedificandorum
1670 4089 2025 4158 templorum.
2058 4090 2218 4144 Anno
2243 4089 2350 4144 ’555
2384 4090 2686 4147 Eusebium
2704 4092 3116 4148 Vercellensem
3145 4093 3344 4147 exsilio
3369 4093 3664 4165 profugum

381 4179 441 4251 in
463 4181 609 4234 aedes
641 4195 769 4234 suas
793 4180 1020 4250 recepit,
1048 4178 1114 4233 ad
1141 4192 1306 4248 quem
1335 4178 1680 4232 invisendum
1708 4177 1957 4248 sequenti
1983 4192 2130 4232 anno
2165 4177 2272 4232 556
2307 4169 2598 4233 veniitavit
2639 4176 2696 4232 S.
2728 4179 3092 4248 Epiphanius.
3116 4180 3248 4234 Erat
3280 4189 3412 4236 tunc
3437 4179 3662 4250 Ioseph,

383 4269 561 4322 relatu
593 4266 652 4322 S.
686 4265 955 4332 Doctoris,
981 4281 1158 4321 annos
1215 4275 1382 4322 natus
1415 4266 1511 4332 70;
1545 4281 1718 4335 quare
1752 4275 1807 4320 et
1833 4265 2066 4320 natalem
2108 4263 2229 4333 ejus
2266 4264 2334 4318 ad
2368 4280 2574 4319 annum
2607 4265 3057 4336 consignavimus
3092 4265 3224 4321 286.
3257 4267 3422 4322 Beato
3447 4271 3666 4324 laudent

387 4357 495 4412 ﬁne
522 4357 804 4427 quievisse
827 4372 894 4410 ex
923 4369 988 4410 eo
1025 4355 1332 4420 erudimur,
1355 4356 1500 4425 quod
1530 4355 1672 4408 inter
1700 4363 1922 4408 sanctos
1946 4353 2015 4408 ab
2034 4353 2276 4408 Ecclesia
2309 4355 2498 4409 referri
2525 4354 2796 4409 videatur.

458 4460 622 4516 XVII.
647 4462 834 4517 Editus
864 4471 948 4517 est
974 4461 1212 4532 primum
1239 4459 1713 4531 IosephiLz'bellus
1741 4459 2062 4514 memorialis
2086 4476 2114 4514 a
2140 4460 2394 4517 Fabricio
2425 4463 2479 4516 in
2515 4461 2646 4518 Cod.
2678 4462 2940 4534 Pseudep.
2983 4463 3182 4521 Veteris
3213 4466 3532 4522 Testamemi
3555 4469 3625 4540 (ε)
3653 4491 3665 4523 :

385 4553 533 4607 unde
573 4560 628 4606 et
665 4567 764 4605 nos
796 4552 1138 4620 accepimus.
1161 4549 1481 4606 Vcrsionem
1509 4559 1694 4605 tamen
1723 4558 1968 4604 nostram
1989 4549 2386 4605 adornavimus
2411 4549 2483 4605 ob
2515 4550 2787 4607 rationem
2809 4552 2937 4606 alibi
2969 4567 3112 4624 saepe
3136 4561 3669 4610 commemoratam:

383 4651 552 4711 atque
583 4640 664 4694 sic
697 4647 906 4693 textum
947 4638 1099 4694 illius
1130 4638 1534 4703 ordinavimus,
1569 4646 1627 4692 ut
1653 4637 1920 4693 lectorum
1958 4637 2254 4693 commodo
2286 4636 2525 4691 maxime
2569 4636 2989 4695 inserviremus.
3027 4639 3074 4694 ls
3103 4641 3421 4711 quicunque
3443 4644 3664 4699 demum

382 4727 576 4793 fuerit,
604 4736 701 4781 aut
726 4741 1058 4796 quacunque
1081 4726 1301 4780 tandem
1328 4735 1487 4781 atate
1509 4725 1732 4788 vixerit,
1761 4725 1979 4780 erudita
2015 4725 2188 4778 multa
2218 4724 2378 4779 nobis
2408 4725 2722 4795 suppeditat
2743 4726 3136 4784 alibi'fortasse
3168 4746 3279 4785 non
3315 4730 3668 4787 invenienda.

387 4813 611 4870 Utinam
647 4815 714 4870 ad
743 4830 846 4870 nos
882 4814 1095 4883 integer
1130 4813 1502 4882 pervenisset!
1537 4822 1631 4867 aut
1651 4812 1851 4882 aliquis
1880 4811 1965 4866 vir
1992 4812 2186 4869 doctus
2229 4823 2284 4867 et
2313 4812 2518 4870 laboris
2544 4814 2760 4883 patiens
2783 4816 2955 4871 simili
2984 4827 3183 4873 conatu
3209 4817 3484 4888 jacturam
3511 4819 3673 4877 nobis

393 4905 714 4960 resarcirct.

470 5101 539 5169 [τὴ
569 5098 698 5169 Pag.
734 5096 857 5152 117.
2153 5095 2225 5169 (c)
2249 5095 2378 5169 Pag.
2409 5097 2535 5152 337.

487 5167 542 5239 I7)
580 5168 797 5224 Baillet.
