4044 6464
356 476 424 539 27
440 520 453 526 ο
1845 468 2150 532 JOSEPPI
3545 462 3617 525 28

361 596 564 661 thelici,
590 596 1041 664 eversionemque
1092 592 1403 663 reipublicae
1439 592 1753 648 Israeliticae.
1807 608 1974 663 pro-,

2169 590 2227 642 ὲν
2262 586 2435 653 nam
2468 584 2879 656 θυσιαστηρίου,
2915 585 3009 637 καὶ
3025 581 3124 654 τὴν
3166 581 3496 653 καθαίρεσιν.
3513 584 3619 651 τῆς

365 688 628 755 phetavit.
680 690 738 740 In
807 687 1039 741 adventu
1120 694 1300 738 autem
1370 683 1585 738 Domini
1653 683 1934 739 fuerunt:

2182 679 2397 749 Ἰσραὴλ
2427 676 2702 739 πολιτείας
2746 676 3154 747 προφητεύσας.
3215 674 3326 728 Kal.
3381 675 3473 727 ἐπὶ
3520 675 3620 744 τῆς

364 777 434 831 25
458 776 778 842 Zacharias,
814 776 1039 831 Joannis
1092 775 1337 844 baptista:
1375 784 1546 844 pater,
1576 775 1646 827 24
1677 771 1935 845 Symeon,

2147 772 2344 834 »ουσίας
2365 769 2457 823 τοῦ
2490 769 2720 839 Κυρίου,
2754 765 2838 835 κγ’
2874 765 3169 836 Ζαχαρίας,
3194 766 3223 818 6
3269 764 3363 816 τοῦ
3409 764 3618 816 Βαπτι-

358 869 427 922 25
473 867 708 923 Joannes
740 868 993 935 baptista,
1044 867 1115 921 26
1162 868 1465 934 Agabus“.
1516 866 1622 919 Alii
1656 865 1820 919 etiam
1881 866 1937 919 in

2147 866 2166 919 5
2215 865 2465 918 Ἰωάννου
2506 861 2712 930 πατήρ·
2746 857 2822 912 κδ’
2866 856 3117 927 Συμεὼν,
3180 854 3258 910 κε’
3300 855 3556 925 Ἰωάννης
3592 856 3621 907 6

361 961 526 1016 Israel
585 962 803 1016 fuerunt
852 962 1145 1031 prophetae,
1187 962 1256 1014 27
1287 962 1415 1017 Aias
1441 962 1509 1027 ⁸⁸,
1549 959 1618 1014 28
1652 958 1752 1014 Jeu
1794 958 1938 1014 ﬁlius

2147 957 2374 1027 πιστής,
2415 952 2507 1018 κς⁹
2552 951 2815 1021 Ἀγαϐος.
2852 951 2963 1003 Kal.
3015 950 3165 1004 ἄλλοι
3224 948 3334 1019 (26)
3369 948 3462 1000 ἐπὶ
3521 944 3619 999 τοῦ

362 1051 561 1105 Anani.

2147 1049 2269 1121 »αὴλ
2283 1047 2535 1116 γεγόνασι
2560 1044 2860 1117 προφῆται.
2882 1042 2965 1107 κζ’
2994 1042 3167 1105 Ἄτας,
3188 1047 3272 1112 κη’
3293 1039 3455 1111 [Ἰηοῦ
3481 1038 3619 1110 (27)]

2041 1144 2156 1207 υίὸς
2200 1141 2402 1196 Ἀνανί.

361 1247 510 1303 CAP.
556 1249 694 1303 XVI.
732 1280 804 1289 —
838 1249 1099 1373 Quwnaqt
1146 1251 1359 1318 fuerunt
1411 1250 1781 1318 prop/telamo:
1820 1264 1940 1301 ntu-

1083 1337 1235 1374 teres.

2147 1256 2293 1309 ΨΑΛ.
2346 1254 2465 1319 ις’.
2496 1281 2566 1292 -
2618 1251 2786 1389 Time
2818 1246 3182 1319 προφήτιδες
3218 1248 3501 1318 γυναῖκες
3529 1266 3622 1319 γε·

2766 1334 2971 1373 νασιν.

1083 1337 1235 1374 teres.

2693 1334 2971 1374 τονασιν.

435 1434 459 1486 1
502 1431 737 1496 Sarrha,
792 1432 827 1485 2
875 1434 1143 1497 Rebecca,
1194 1432 1227 1485 5
1269 1430 1436 1484 Maria
1494 1429 1695 1500 Moysis
1758 1443 1935 1493 soror,

2147 1436 2163 1489 ,'
2194 1437 2402 1508 Σάρρᾳ,
2435 1434 2478 1504 β’
2538 1430 2825 1496 Ῥεϐέκκα,
2858 1429 2905 1499 γ’
2934 1430 3183 1501 Μαρίαή
3219 1431 3314 1484 τοῦ
3344 1431 3625 1494 Μωῦσέως

362 1525 397 1578 4
435 1525 719 1594 Sepphora
752 1525 951 1595 Moysis
987 1540 1146 1587 uxor,
1176 1524 1208 1578 5
1244 1523 1547 1585 Deborrha,
1607 1537 1729 1591 quae
1774 1521 1943 1575 Bara-

2147 1528 2273 1597 λφὴ,
2296 1527 2339 1580 δ’
2358 1524 2614 1595 Σεπφόρα
2632 1527 2665 1594 ἡ
2690 1522 2783 1576 τοῦ
2805 1523 3083 1585 Μωῦσέως
3110 1524 3270 1593 γυνὴ,
3300 1530 3340 1575 ε’
3358 1523 3624 1594 Δεϐόρρα,

364 1626 490 1664 cum
524 1612 590 1665 ad
642 1611 841 1665 bellum
879 1612 1049 1677 misit,
1106 1612 1138 1666 6
1182 1611 1335 1677 Ulda,
1366 1611 1397 1663 7
1451 1611 1609 1665 Anna
1666 1610 1944 1666 Samuelis

2147 1618 2203 1671 δν
2236 1615 2423 1687 Βαρὰκ
2453 1614 2547 1667 ἐπὶ
2601 1615 2695 1666 τὸν
2747 1613 2987 1682 πόλεμον
3023 1614 3307 1677 στείλασα,
3344 1612 3397 1677 ς’
3440 1612 3625 1677 ’ολδᾶ,

367 1712 560 1756 mater.
591 1703 655 1758 Et
687 1703 740 1757 in
777 1704 1011 1759 adventu
1042 1703 1259 1758 Domini
1310 1703 1568 1758 fuerunt:
1610 1703 1642 1758 8
1674 1702 1940 1768 Elisabet,

2147 1711 2291 1763 Αννα
2319 1709 2352 1777 ἡ
2388 1708 2483 1760 τοῦ
2517 1706 2774 1776 Σαμουὴλ
2804 1705 3013 1776 μήτηρ.
3059 1705 3169 1757 Καὶ
3221 1705 3317 1757 ἐπὶ
3366 1704 3467 1769 τῆς
3520 1721 3628 1758 πα·-

365 1803 420 1847 et
442 1793 612 1850 Maria
644 1795 895 1864 Deipara,
927 1804 982 1851 et
1010 1798 1166 1851 Anna
1196 1794 1490 1851 Phanuelis
1540 1795 1649 1850 ﬁlia
1680 1795 1746 1851 de
1801 1796 1943 1850 tribu

2152 1809 2270 1872 σίας
2298 1807 2394 1861 τοῦ
2424 1808 2656 1877 Κυρίου·
2718 1804 2767 1877 η’
2835 1804 3119 1858 Ἐλισάϐετ
3145 1844 3160 1870 ,
3214 1802 3310 1856 καὶ
3359 1798 3545 1869 Μαρία
3588 1797 3625 1865 ἠ

369 1885 527 1940 Aser.
1980 1898 2335 1993 ΒΘεοτόκος,
2392 1898 2489 1950 καὶ
2526 1896 2701 1950 Ἀννα
2754 1892 3003 1962 Θυγάτηρ
3050 1889 3297 1960 Φανουὴλ
3348 1889 3412 1941 ὲκ
3456 1884 3631 1955 φυλῆς

2067 1990 2258 2059 Ἀσήρ.

542 2090 697 2147 CAP.
725 2090 892 2145 XVII.
924 2122 992 2133 -—
1018 2090 1060 2145 I.
1097 2089 1202 2154 Qui
1231 2105 1374 2159 reges
1417 2089 1491 2157 pii
1528 2088 1768 2156 fuerunt.

2147 2096 2307 2149 ΦΑΛ.
2346 2095 2608 2151 IZ'.—-A'.
2646 2098 2811 2219 Τίνι-85
2843 2094 3116 2175 εὐσεϐεῖς
3145 2092 3425 2162 γεγόνασι
3445 2087 3632 2152 ,ϐασι-

2815 2184 2919 2219 εις.

2815 2184 2919 2231 εις.

441 2266 466 2319 1
505 2265 695 2329 David,
729 2265 763 2319 2
785 2266 913 2331 Asa,
944 2266 978 2319 5
1007 2264 1290 2334 Josaphat,
1322 2264 1355 2316 4
1386 2263 1635 2329 Ezekias,
1680 2265 1712 2318 5
1740 2262 1947 2318 .Iosias.

2147 2278 2175 2332 t'
2229 2278 2413 2344 Δαϐὶδ,
2471 2278 2517 2347 β’
2578 2276 2735 2342 Ἀσὰ,
2794 2282 2842 2345 γ’
2909 2271 3202 2341 Ἰωσαφὰτ,
3259 2268 3298 2322 δ’
3362 2266 3636 2333 Ἐζεκίας,

373 2358 631 2412 Salomon
662 2371 793 2411 vero
827 2366 881 2411 et
903 2354 1067 2410 Ozias
1102 2356 1157 2408 in
1190 2363 1474 2409 senectute
1508 2353 1606 2407 Dei
1660 2354 1787 2415 iura
1817 2368 1952 2407 con—

2150 2370 2365 2433 Ῑωσίας.
2424 2366 2678 2438 Σολομὼν
2722 2367 2779 2420 δὲ
2815 2367 2905 2419 καὶ
2967 2365 3149 2429 Ὀζίας
3186 2362 3321 2432 πρὸς
3355 2360 3416 2413 τδ
3458 2360 3637 2428 γῆρας

376 2457 741 2520 tempserunt,
772 2449 903 2503 dum
927 2449 1080 2518 prior
1104 2447 1428 2500 mulieribus
1458 2444 1691 2500 ethnicis
1710 2445 1955 2500 emanci-

2147 2462 2447 2532 ιγὼρησαν,
2478 2463 2506 2512 6
2547 2459 2645 2530 μὲν
2671 2458 2915 2527 γυναιξὶν
2966 2456 3205 2518 ἐθνικαῖς
3263 2451 3548 2522 ὑπαχθεὶς,
3608 2450 3640 2501 6

374 2548 538 2610 patus
558 2550 664 2606 est,
695 2541 833 2595 alter
867 2538 1211 2596 sacerdotale
1242 2553 1442 2592 munus
1469 2538 1622 2591 obire
1648 2552 1818 2592 ausus
1848 2546 1953 2592 est.

2147 2552 2567 2624 ίερατεύσασθαι
2600 2549 3056 2621 ὑπερηφανήσας.

683 2655 746 2711 ll.
786 2655 1016 2721 Quinam
1053 2671 1195 2724 reges
1222 2654 1383 2723 impie
1408 2662 1649 2724 egerim!-
2305 2665 2384 2723 θ’.
2415 2666 2580 2732 Τίνες
2614 2662 2898 2729 βασιλεῖς
2930 2660 3383 2725 ἐδυσσέϐησαν.

450 2773 476 2827 1
511 2771 720 2838 Joram,
767 2771 802 2825 2
836 2770 1129 2834 Ochozias,
1164 2771 1196 2823 5
1226 2768 1373 2832 Joas,
1403 2769 1436 2822 4
1460 2766 1734 2831 Amasias,
1764 2767 1795 2820 5
1830 2765 1958 2821 Joa—

2147 2780 2183 2833 1'
2222 2780 2448 2853 Ἰωρὰμ,
2491 2778 2534 2849 β’
2602 2776 2873 2848 Ὀχοζίας,
2925 2782 2972 2845 γ’
3030 2775 3206 2839 Ίωὰς,
3263 2770 3301 2825 δ’
3350 2768 3643 2840 Ἀμασίας.

379 2864 553 2931 tham,
586 2866 619 2919 6
664 2864 868 2928 Achaz,
919 2864 948 2915 7
994 2863 1297 2928 Manasses,
1348 2863 1381 2917 8
1418 2862 1622 2924 Amon,
1659 2860 1692 2915 9
1732 2858 1956 2926 Jachas,

2152 2872 2410 2943 Ίωάθαμ,
2464 2876 2515 2937 ς’
2580 2869 2777 2940 Ἀχαζ,
2826 2867 2870 2933 ζ’
2924 2866 3246 2935 Μανασσῆς,
3309 2869 3358 2934 η’
3432 2860 3638 2929 Ἀμὼν,

382 2956 448 3011 10
470 2956 753 3013 Sedccias.
794 2956 923 3011 Saul
958 2970 1123 3025 porro
1150 2955 1239 3025 qui
1262 2954 1473 3025 primus
1505 2951 1772 3022 regnavit,
1830 2952 1960 3004 dum

2168 2962 2372 3033 ’1ἀχας,
2431 2962 2463 3015 ι’
2495 2960 2770 3023 Σεδεκίας.
2826 2958 2997 3011 Σαοὺλ
3022 2957 3079 3009 δὲ
3129 2957 3158 3007 6
3206 2955 3307 3024 τῆς
3357 2949 3644 3022 βασιλείας

381 3050 583 3105 invidia
617 3050 672 3104 in
708 3049 876 3104 David
900 3057 1170 3112 movetur,
1196 3063 1225 3101 a
1262 3048 1465 3117 pietate
1485 3044 1711 3110 excidit,
1740 3043 1962 3113 Deoque

2147 3056 2453 3126 ιρξὰμενος,
2488 3051 2699 3124 φθονῶν
2743 3051 2821 3121 τῷ
2865 3050 3029 3103 Δαϐὶδ
3061 3048 3289 3112 ἐξέπεσε
3323 3044 3424 3116 τῆς
3485 3043 3646 3096 εὐσεο

382 3140 709 3195 inobediens
732 3139 868 3194 fuit:
903 3155 967 3195 ac
988 3140 1205 3194 tandem
1264 3140 1330 3193 ad
1366 3137 1773 3205 vcntriloquam
1824 3151 1962 3191 con-

2147 3149 2238 3212 ῗας,
2266 3147 2359 3201 κα).
2385 3146 2519 3199 Θεοῦ
2564 3142 2963 3214 ἀνηκούστησε,
3007 3140 3101 3193 καὶ
3148 3137 3304 3199 τέλος
3349 3137 3651 3203 ἐγγαστρι-

384 3232 546 3301 fugit.

2150 3239 2226 3309 θῳ
2255 3238 2668 3309 προσπέφευγε.

383 3346 535 3402 CAP.
566 3345 755 3403 XVIII.
784 3379 853 3388 —
882 3348 1127 3469 Quinam,
1149 3349 1202 3472 il;
1231 3348 1424 3419 populo
1446 3348 1657 3417 fuerunt
1683 3346 1811 3417 falsi
1830 3362 1959 3415 pro-

1072 3436 1103 3486 p
1124 3436 1169 3473 te
1198 3435 1263 3473 ω.

2147 3355 2320 3409 ΞΦΑΛ.
2363 3352 2469 3407 1Η¹.
2495 3382 2565 3393 ——
2594 3352 2761 3415 Τίνες
2806 3342 3301 3473 ἔξευδοπροφῆται
3324 3341 3392 3395 ἐν
3414 3338 3495 3404 τῷ
3522 3332 3658 3400 ,1αῷ

2699 3436 2805 3489 γεγ
2842 3432 3006 3472 ram.

460 3528 483 3581 1
521 3526 781 3583 Sedecias
807 3529 950 3584 Illius
986 3529 1200 3595 Chana,
1225 3529 1321 3600 qui
1372 3544 1499 3585 cum
1537 3530 1967 3601 quadringentis

2147 3545 2187 3592 α’
2222 3539 2332 3610 (28)
2396 3538 2653 3601 Σεδεκίας
2689 3536 2803 3599 υἱὸς
2851 3532 3023 3594 Χανὰ,
3054 3532 3081 3583 6
3118 3527 3255 3599 μετὰ
3302 3525 3411 3579 τῶν
3460 3538 3659 3590 τετρα-

387 3619 667 3687 praphetis
689 3617 961 3675 Jezabelis
988 3620 1275 3674 Achabnm
1325 3621 1606 3689 decipiens
1656 3621 1871 3674 induxit
1901 3621 1968 3675 ad

2147 3632 2271 3685 σίων
2316 3629 2785 3701 ψευδοπροφητῶν
2830 3627 2930 3696 τῆς
2996 3620 3236 3686 Ἰεζάϐελ
3286 3617 3512 3671 ἀπατῶν
3559 3614 3663 3668 τὸν

386 3711 793 3781 expeditionem
814 3720 1005 3767 contra
1046 3711 1280 3767 Remoth
1305 3712 1491 3766 urbem
1520 3713 1726 3767 Galaad
1749 3714 1815 3766 δ’.

2150 3724 2291 3797 χαὰϐ
2318 3727 2398 3789 εἰς
2432 3724 2531 3794 τὴν
2580 3721 2816 3793 Ῥεμὼθ,
2868 3717 3023 3773 πόλιν
3055 3714 3148 3768 τοῦ
3184 3709 3420 3774 Γαλαὰδ,
3475 3708 3662 3778 παρά-

458 3887 495 3940 2
518 3886 795 3957 Prophetas
821 3887 1085 3945 Jesahelis
1114 3905 1259 3945 cccc.
1288 3905 1427 3960 quos
1454 3889 1635 3944 IIelias
1660 3889 1968 3956 convictos,

2189 3834 2257 3873 ιν,

2147 3818 2189 3981 ἔ
2239 3911 2303 3963 Οἱ
2341 3915 2382 3961 υ¹
2451 3909 2551 3977 τῆς
2587 3904 2827 3970 Ἰεζάϐελ
2860 3904 3160 3975 προφῆται,
3200 3900 3293 3964 οὒς
3339 3898 3524 3960 Ἠλίας
3551 3894 3668 3948 ἁπ-

391 3994 490 4048 per
507 3994 732 4033 manum
751 3980 940 4049 populi
972 3980 1271 4035 interfecit.

462 4070 787 4136 3Paschor,
842 4071 934 4141 qui
969 4070 1267 4125 Jcremiam
1325 4072 1555 4127 inclusit
1605 4073 1659 4125 in
1719 4087 1969 4136 carcere,

394 4168 656 4229 tanquam
696 4159 791 4229 qui
844 4160 913 4214 ad
974 4158 1493 4216 Nabuchodonosor
1552 4161 1714 4215 vellet
1775 4160 1974 4216 coniu—

396 4265 522 4320 gere
548 4250 614 4304 ⁸⁸.

466 4341 501 4394 4
539 4342 785 4397 Ananias
812 4342 960 4398 ﬁlius
986 4343 1166 4409 Alom,
1197 4343 1289 4412 qui
1336 4341 1590 4399 Jeremiae
1625 4343 1803 4412 lignea
1838 4343 1971 4413 juga

2147 4360 2189 4412 δ’
2220 4359 2471 4420 Ἀνανίας
2528 4357 2641 4420 υίὸς
2698 4355 2908 4426 Ἀλὼμ,
2939 4357 2967 4408 ὁ
2997 4354 3065 4408 τὰ
3107 4351 3200 4405 τοῦ
3256 4344 3521 4418 Ἰερεμίου
3573 4340 3673 4405 ξύ-

395 4434 666 4505 conl'regit
716 4436 783 4489 ad
828 4436 1121 4507 imaginem
1165 4435 1363 4490 futura:
1426 4434 1711 4505 Babylonii
1764 4436 1974 4491 contri-

2147 4468 2203 4503 να
2236 4449 2391 4504 κλοιὰ
2426 4448 2747 4520 συντρίψας,
2782 4449 2840 4501 ἐν
2872 4444 3229 4513 ὑποδείγματι
3280 4437 3373 4490 τοῦ
3427 4433 3517 4486 τὸν
3550 4429 3665 4483 Bst-

398 4524 566 4578 tionis
594 4524 661 4576 ⁸⁷.

2078 4002 2319 4067 ελέγξας,
2350 4000 2438 4053 διὰ
2464 4000 2557 4053 τοῦ
2590 3998 2720 4051 λαοῦ
2746 3997 3131 4067 διεχειρίσατο.

2147 4100 2195 4163 γ’
2226 4092 2482 4163 Πασχὼρ,
2520 4093 2548 4143 6
2604 4089 2984 4161 τὺνἸερεμίαν
3002 4086 3289 4157 ἐγκλείσας
3321 4085 3379 4135 ἐν
3419 4079 3665 4152 φυλακῇ,

2075 4185 2152 4247 ὡς
2181 4183 2316 4253 πρὸς
2341 4183 2432 4236 τὸν
2462 4179 2943 4251 Ναϐουχοδονόσορ
2973 4174 3414 4245 καταφεύγοντα.

2086 4540 2347 4595 ϐυλώνιον
2383 4540 2789 4612 συντρίϐεσθαι.

471 4616 506 4669 5
536 4614 776 4672 Samaeas
806 4617 1083 4689 Babylone
1125 4617 1395 4688 captivus,
1431 4617 1523 4685 qui
1555 4616 1719 4671 etiam
1756 4617 1974 4687 scripsit

2159 4634 2199 4688 ε’
2230 4634 2500 4705 Σαμαίας,
2520 4609 2529 4612 ν
2552 4635 2580 4686 6
2602 4633 2659 4685 ἐν
2682 4630 2962 4683 Βαϐυλῶνι
2988 4627 3354 4699 αἰχμάλωτος,
3375 4626 3404 4677 ὁ
3437 4624 3530 4678 καὶ
3565 4625 3675 4676 Σο-

401 4704 796 4779 Jerosolymant
829 4711 892 4764 ad
940 4711 1278 4779 Sophoniam
1312 4709 1653 4765 sacerdotem
1703 4719 1762 4763 ut
1816 4709 1974 4778 puni-

2147 4728 2249 4799 wiq.
2277 4728 2357 4799 τῷ
2384 4728 2521 4798 ἱερεῖ
2551 4725 2779 4796 γράφων
2812 4726 2868 4777 ὲν
2890 4726 2957 4793 τῇ
2998 4718 3378 4791 Ἰερουσαλὴμ,
3408 4721 3678 4787 τιμωρεῖ-

400 4807 554 4853 retur
585 4798 868 4867 Jeremias,
910 4814 1169 4871 tanquam
1211 4803 1304 4871 qui
1339 4801 1605 4857 scriberet
1628 4801 1695 4856 ad
1726 4801 1974 4872 degentes

2147 4798 2340 4873 ιαιντὸν
2381 4818 2676 4888 Ἰερεμίαν,
2715 4815 2789 4879 ὡς
2820 4817 2931 4878 τοῖς
2961 4816 3017 4866 ὲν
3049 4811 3330 4866 Βαϐυλῶνι
3362 4808 3680 4879 γράφοντα,

406 4888 701 4961 Babylone,
761 4894 855 4948 ditt
894 4893 1495 4964 comperendinandam
1533 4909 1653 4949 esse
1698 4893 1974 4963 captivita-

2147 4929 2189 4983 ιν
2221 4910 2600 4981 αίχμαλωσίαν
2639 4906 2976 4962 ἀποτείνειν.

406 4993 516 5039 tem
536 4986 604 5039 ⁸⁸.

478 5078 516 5134 6
538 5080 726 5135 Achab
762 5081 902 5137 ﬁlius
925 5082 1096 5137 Kulite
1118 5084 1183 5137 θ’.

2167 5090 2220 5155 ς’
2266 5089 2432 5160 Ἀχὰὸ
2465 5090 2577 5153 υἱὸς
2600 5087 2850 5142 Κουλίου.

485 5172 516 5224 7
548 5172 614 5227 Ει
642 5174 901 5232 Sedekias
925 5176 1069 5232 ﬁlius
1097 5175 1339 5243 Maasiaz,
1373 5179 1767 5249 prophetantes
1796 5188 1974 5236 contr:

2168 5181 2212 5246 ζ’
2243 5181 2351 5235 Καὶ
2375 5180 2629 5243 Σεδεκίας
2660 5179 2912 5234 Μαασίου
2934 5177 3079 5232 κατὰ
3101 5175 3194 5230 τοῦ
3212 5172 3478 5245 Ἰερεμίου
3543 5185 3690 5239 προ-

410 5265 701 5325 Jerentiam
722 5269 788 5323 ⁷ο.
955 5277 965 5287 ’

2147 5270 2453 5341 ητεύοντες.

486 5433 668 5489 “Act.
717 5449 793 5495 xl,
824 5433 918 5489 28.
999 5430 1160 5485 “Ill.
1200 5429 1330 5495 Reg.
1385 5432 1608 5493 xiv,18.
1687 5429 1819 5483 “Ill
1869 5429 1999 5500 Reg.
2044 5429 2289 5497 mni").
2383 5424 3059 5491 “Jerem.xxxvm,l,6.
3177 5420 3444 5476 "Jerctn.
3478 5432 3686 5483 xxvm,

421 5501 587 5560 LII).
664 5505 708 5536 ί⁸
737 5503 936 5559 Jcrem.
973 5519 1122 5567 xm,
1148 5502 1237 5554 24.
1276 5502 1321 5533 ⁶⁹
1352 5501 1483 5556 ibid.
1525 5502 1619 5555 21.
1666 5500 1863 5554 “ibid.

496 5677 609 5749 (26)
648 5680 837 5735 Aliena
870 5682 988 5737 ιιωο
1008 5680 1253 5752 margine
1285 5680 1337 5733 in
1370 5687 1578 5733 textum
1605 5678 1859 5732 videnlur
1893 5676 1974 5730 ἰιηε

2147 5676 2254 5752 pud
2269 5672 2545 5752 ⁵(Σιεεειιοηιἶ
2572 5667 2773 5723 Strom.
2804 5683 2843 5733 ι,
2868 5682 2922 5737 p.
2956 5664 3082 5730 526,
3115 5661 3237 5725 Ἰοῦ,
3268 5659 3382 5723 υίὸς
3410 5653 3711 5722 ’Λνανίουρ

429 5743 712 5809 ῐηὶὲνείεεο.
1131 5743 1158 5752 ν
2100 5743 2610 5815 ΙιιίὶίὸιιδγΑηαηίφ.
2999 5805 3012 5815 _
3086 5805 3097 5815 _
3172 5803 3182 5815 .

500 5803 613 5889 (27)
650 5821 764 5876 Hoc
785 5836 978 5874 nomen
1012 5823 1161 5877 deest
1182 5821 1236 5875 in
1259 5820 1447 5877 Grzcco
1476 5816 2003 5889 Fabricii,occurrit
2172 5803 2285 5883 (28)
2319 5814 2417 5889 llic
2468 5811 2547 5889 in.
2571 5810 2761 5889 Grzeco
2782 5805 3014 5887 .nun'teri
3068 5803 3481 5864 desiderantur,
3541 5812 3691 5868 quos

433 5880 812 5947 in'versione.
849 5892 1028 5957 Quare
1064 5892 1277 5948 videatu
1357 5908 1385 5945 a
1438 5899 1651 5961 typogr.
1704 5887 1997 5943 omissum.
2105 5880 2379 5941 commodi
2413 5880 2586 5951 gratia
2622 5880 2947 5949 adjecimus.
