4044 6440
492 441 563 505 43

1981 426 2157 487 JOSE
2166 425 2281 487 PPI

3693 422 3768 488 tt

496 555 619 618 .lob,
655 561 711 607 ut
742 548 944 619 aliquid
977 554 1165 602 contra
1198 544 1490 599 Dominum
1518 545 1902 616 pronuntiaret
1929 558 1942 596 :
1971 558 2071 597 nec

2201 545 2436 596 ἱέστατον
2485 540 2604 595 ’1ὼὸ
2632 540 2811 593 λαλεῖν
2847 538 2999 611 ῥῆμά
3032 557 3083 593 τι
3112 540 3249 611 πρὸς
3286 539 3514 609 Κύριον,
3556 539 3671 592 ἀλλ’
3707 540 3770 592 οὐ

500 657 678 701 tamen
731 642 910 713 potuit
948 641 1019 695 ob
1064 637 1567 693 constantissimae:
1608 636 1680 706 pii
1712 634 1815 689 viri
1856 642 2081 689 senten-

503 738 649 791 danL

568 830 769 883 Eodem
802 840 1017 896 quoque
1042 822 1206 878 modo
1230 822 1702 893 sapientissimum
1739 820 2076 877 Salontonem

504 920 767 980 mulieres,
800 932 936 986 quas
965 927 1156 969 contra
1187 914 1357 984 legem
1386 913 1651 977 duxerat,
1687 920 2080 982 persuaserunt

504 1021 557 1065 ιιι
592 1012 788 1080 templa
823 1008 1117 1063 aediﬁcaret
1144 1004 1509 1071 daemonibus,
1540 1019 1679 1074 quos
1715 1004 1820 1058 illae
1854 1015 1913 1059 ut
1946 1002 2078 1059 deos

495 1101 919 1155 venerabantur.

562 1191 780 1245 Jezabel
801 1190 1086 1245 Achabum
1116 1188 1335 1243 seduxit
1373 1196 1429 1241 ιιι
1458 1187 1693 1242 Αςιειιιιε
1722 1186 2075 1251 sacriﬁcaret,

500 1292 548 1338 el.
618 1287 1041 1352 persequeretur
1109 1280 1435 1348 prophetam
1532 1277 1726 1335 Eliam.
1790 1277 1970 1343 Quare
2022 1277 2076 1331 iu

499 1384 792 1441 utrumque
820 1373 992 1425 ultum
1027 1378 1131 1424 est.

562 1462 841 1526 Gotholia,
867 1461 1074 1516 Achahi
1106 1470 1161 1515 et
1184 1458 1451 1515 Jezabelis
1481 1458 1610 1525 ﬁlia,
1632 1474 1753 1529 qua:
1782 1468 1979 1514 conata
1996 1468 2080 1514 est

499 1558 722 1624 perdere
756 1570 929 1625 genus
968 1552 1286 1608 Davidicum
1323 1566 1421 1622 per
1450 1566 1567 1619 eos,
1604 1551 1697 1621 qui
1732 1551 1838 1607 sibi
1870 1551 2081 1606 obtem-

488 1648 784 1718 perabant.

569 1741 873 1804 "erudias,
915 1754 1037 1809 quae
1075 1736 1289 1808 impulit
1319 1734 1590 1791 Herodem
1633 1736 1700 1791 ad
1746 1735 2079 1791 interﬁcien-

497 1835 623 1888 dum
651 1832 956 1902 Baptistam
990 1829 1280 1895 Joannem,
1308 1842 1407 1899 per
1426 1827 1596 1883 ﬁliam
1630 1842 1788 1884 suam
1809 1825 2079 1882 concinne

497 1924 806 1980 saltantem.

486 2060 649 2115 CAP.
680 2058 793 2112 XL.
841 2087 908 2097 —
939 2054 1078 2121 Quot
1126 2053 1370 2106 mulieres
1408 2052 1550 2105 viros
1596 2049 1847 2118 beneﬁcio
1887 2047 2081 2121 aﬂ'efe-

563 2141 724 2192 runt,
758 2138 805 2181 et
836 2117 1035 2197 perﬁca
1074 2140 1191 2193 qua:
1229 2131 1457 2191 operata:
1508 2130 1665 2187 sunt,
1693 2117 1922 2188 accepta:
1968 2117 2078 2172 Deo

562 2201 797 2268 fuerunt.

561 2312 762 2369 Sari-Ita
794 2311 1179 2380 obtemperans
1210 2305 1547 2372 Abrahamo,
1577 2304 1878 2374 dicensque
1900 2318 1961 2359 se
1985 2318 2080 2358 so-

481 2421 671 2460 rorem
704 2404 852 2457 illius
871 2418 994 2457 esse
1025 2403 1180 2471 juxta
1211 2399 1563 2455 conditiones
1591 2397 1762 2459 illius,
1782 2396 1854 2450 ob
1873 2405 2077 2450 metum

376 2537 379 2541 ν
490 2495 841 2553 contumelia:
868 2502 1089 2563 propter
1106 2490 1574 2561 pulchritudinem
1596 2488 1735 2558 ejus.
1754 2485 2081 2542 ltidemora-

442 3740 452 3796 Ι

484 2589 570 2643 νὴ
626 2602 776 2652 eum,
816 2592 876 2640 ut
914 2585 1087 2639 coiret
1128 2598 1254 2637 cum
1303 2582 1501 2637 ancilla
1544 2582 1707 2650 Agar,
1747 2595 1857 2650 quo
1905 2578 2076 2633 ﬁlium

490 2686 837 2751 procrearet,
872 2692 940 2730 ne
965 2684 1187 2746 propter
1216 2689 1274 2729 se
1317 2674 1562 2729 sterilem
1596 2673 1714 2729 sine
1744 2671 1933 2727 liberis
1964 2672 2080 2741 ipse

484 2781 707 2837 quoque
739 2775 1066 2819 moreretur.

557 2855 760 2911 Rachel
792 2868 838 2910 et
870 2853 971 2907 Lia
1001 2870 1122 2924 qua:
1148 2854 1600 2922 obtemperarunt
1634 2852 1754 2905 viro
1789 2866 1891 2906 suo
1922 2866 2075 2905 cum-

484 2960 596 3014 que
641 2952 845 2998 secutae
908 2952 1034 2999 sunt
1096 2942 1150 2997 in
1186 2943 1550 2998 Cliananazam
1577 2982 1589 3005 ,
1629 2943 1817 2997 relicta
1850 2950 2078 3013 paterna

487 3038 673 3092 domo.

558 3128 791 3182 Rebecca
822 3104 1094 3193 siniiliter,
1129 3141 1251 3197 quae
1300 3127 1574 3182 desiderio
1607 3127 1872 3185 nominati
1916 3125 2079 3182 dum-

488 3229 637 3275 taxat
660 3220 766 3273 viri
800 3219 884 3274 sui
913 3218 1066 3271 Isaac
1085 3259 1100 3283 ,
1128 3219 1348 3288 reliquit
1380 3219 1547 3274 larem
1576 3230 1865 3290 paternum
1889 3260 1903 3285 ,
1932 3228 1986 3274 et
2008 3217 2074 3273 ad

485 3326 751 3384 sponsum
790 3310 1089 3364 contendit.

558 3399 814 3453 Gedeonis
854 3415 1009 3463 uxor,
1045 3414 1168 3469 qum
1206 3408 1539 3454 metuentem
1580 3400 1842 3455 maritum
1898 3400 2073 3471 angeli

486 3490 910 3561 apparitionem,
936 3498 1149 3544 recreat
1174 3505 1203 3543 a
1235 3490 1453 3558 timore,
1480 3492 1608 3545 dum
1631 3492 1929 3547 salutarent
1954 3507 2074 3563 per-

484 3584 801 3638 suasionem
843 3581 1086 3637 insinuat
1124 3582 1199 3637 illi
1240 3582 1308 3638 de
1344 3584 1532 3639 divino
1566 3585 1928 3656 beneplarito.

567 3767 825 3831 Melcliol,
855 3782 978 3837 qua“:
1016 3765 1275 3821 Davidem
1313 3767 1541 3838 jamjam
1596 3784 1625 3823 a
1667 3768 1831 3823 Saule
1866 3769 2075 3825 interﬁ-

445 3835 454 3853 ⁸
484 3861 743 3916 eiendum
778 3860 1072 3914 demittens
1107 3874 1204 3928 per
1235 3858 1531 3915 fenestram
1552 3901 1566 3928 ,
1604 3860 1785 3932 fugam
1812 3863 1861 3916 ei
1888 3880 1916 3915 a
1944 3878 2075 3918 nece

478 3952 822 4022 procuravit.

558 4045 795 4116 Abigail,
826 4060 947 4116 quae
979 4045 1147 4100 Nabal
1178 4046 1606 4117 perditissimum
1646 4049 1920 4104 hominem
1949 4065 2073 4105 mox

484 4139 959 4205 interﬁciendum,
1018 4140 1110 4210 qui
1162 4139 1334 4194 David
1398 4141 1728 4196 contumelia
1781 4142 2071 4209 all'ecerat,

482 4236 684 4306 eripuit
737 4236 806 4290 ab
861 4236 1083 4290 interitu
1117 4251 1214 4306 per
1254 4236 1691 4292 adhortationem
1724 4252 1831 4306 qua
1866 4252 1963 4292 usa
1993 4248 2076 4292 est

482 4331 549 4382 ad
585 4329 748 4383 David
775 4368 791 4392 ,
829 4344 990 4400 quem
1028 4329 1186 4384 donis
1220 4343 1317 4398 pro
1356 4330 1474 4384 viro
1503 4344 1605 4384 suo
1638 4329 1895 4399 placavit.

552 4420 836 4475 Bethsabee
868 4421 1178 4477 Salomonis
1203 4431 1399 4485 mater,
1432 4437 1553 4491 qua:
1594 4423 1896 4477 secundum
1938 4438 2073 4479 con-

482 4513 604 4567 silia
637 4512 903 4568 Natlianis
936 4513 1218 4584 prophetae
1242 4555 1256 4579 ,
1293 4514 1405 4569 ﬁlio
1438 4530 1665 4585 regnum
1703 4517 2070 4585 comparavit,

2178 634 2472 699 δυνηθεῖσα
2503 632 2591 687 διὰ
2622 634 2685 686 τὸ
2716 634 3130 703 ἰσχυρογνωμον
3153 631 3248 685 τοῦ
3274 631 3555 696 εὐσεϐοῦς.

2250 818 2406 871 Οὒτω
2434 816 2498 887 δὴ
2521 817 2615 871 καὶ
2642 817 2733 868 τὸν
2758 814 3075 884 σοφώτατον
3101 813 3461 881 Σολομῶν-τα
3486 812 3777 883 γυναῖκες

2178 909 2244 973 ἃς
2280 910 2610 979 παρανόμως
2642 909 2883 978 ἠγάγετο
2909 948 2925 973 ,
2960 908 3040 969 είς
3072 908 3200 968 τοὺς
3237 906 3399 968 ναοὺς
3438 905 3777 973 οἰκοδομεῖν,

2177 996 2259 1067 οἷς
2294 996 2457 1057 αὗται
2491 1001 2745 1072 δαίμοσιν
2777 1000 2851 1064 ὠς
2878 1000 3021 1065 θεοῖς
3058 1001 3265 1069 ἐτίμων
3294 1016 3307 1030 ·
3345 998 3664 1052 ἀνέπεισαν.

2261 1185 2515 1248 Ἰεζάϐελ
2534 1187 2625 1239 τὸν
2661 1184 2868 1255 ’Δχαὰϐ
2890 1186 2956 1254 τῇ
2994 1183 3266 1255 Ἀστὰρτῃ
3290 1180 3439 1235 θύειν
3462 1181 3776 1250 ἠπάτησεν,

2180 1281 2272 1333 καὶ
2301 1280 2393 1332 τὸν
2423 1278 2710 1351 προφήτην
2735 1276 3018 1331 ἐκδιώκειν
3066 1275 3276 1340 Ἠλίαν,
3306 1273 3386 1327 διὸ
3413 1273 3509 1326 καὶ
3537 1270 3780 1341 τετιμώ-

2181 1391 2396 1445 ρηνται.

2251 1464 2515 1518 Γοθολία
2544 1464 2576 1534 ἠ
2602 1462 2699 1516 τοῦ
2741 1462 2947 1533 ’Δχαὰδ
2975 1462 3065 1515 καὶ
3090 1460 3191 1529 τῆς
3226 1457 3465 1523 Ἰεζάϐελ
3496 1455 3771 1525 θυγάτηρ,

2180 1558 2240 1611 τὸ
2267 1556 2363 1613 τοῦ
2393 1556 2558 1609 Δα6“ιδ
2578 1556 2735 1623 γένος
2768 1554 3027 1624 ἀφανίσαι
3061 1552 3149 1606 διὰ
3175 1550 3283 1604 τῶν
3305 1548 3567 1620 ,ἐπηκόων
3599 1547 3777 1616 αὐτῆς

2182 1649 2574 1720 μηχανωμένη.

2264 1739 2547 1810 Ἡρωδιὰς
2590 1738 2683 1791 τὸν
2744 1737 2991 1808 Ἡρώδην
3030 1735 3275 1804 φονεύειν
3326 1736 3418 1787 τὸν
3458 1730 3781 1801 Βαπτιστὴν

2194 1834 2445 1903 Ἰωάννην
2465 1872 2479 1895 ,
2509 1830 2600 1884 διὰ
2632 1830 2730 1900 τῆς
2759 1828 3050 1898 εὐρύθμως
3085 1825 3473 1897 ὀρχησαμένης
3499 1824 3598 1895 τῆς
3641 1824 3779 1876 ἑαυ-

2110 1925 2151 1980 Β
2181 1926 2279 1996 τῆς
2309 1924 2578 1996 Θυγατρὸς
2608 1924 3025 1991 ὲπαγαγομένη.

2183 2060 2436 2115 ΚΕΦΑΛ.
2480 2059 2571 2114 Μ’.
2597 2089 2667 2099 -
2703 2060 2883 2112 Ὅσαι
2913 2056 3197 2126 γξυναῖκες
3232 2056 3376 2121 τοὺς
3407 2054 3635 2126 ἄνδρας
3668 2053 3777 2126 εὐε-

2251 2130 2629 2198 ηργέτησαν,
2673 2128 2772 2183 καί
2813 2129 2887 2182 δι’
2919 2120 3010 2182 ὧν
3046 2120 3315 2196 ἔδρασαν
3342 2120 3656 2194 εὐάρεστοι
3691 2120 3779 2187 τῷ

2253 2200 2374 2267 Θεῷ
2404 2201 2709 2272 γεγόνασι.

2250 2314 2448 2383 Σάρῤα
2474 2313 2761 2367 πεισθεῖσα
2798 2311 2877 2383 τῷ
2920 2311 3195 2384 Ἀϐραὰμ,
3229 2311 3323 2364 καὶ
3352 2310 3590 2376 λέγουσα
3617 2307 3785 2363 ἀδελ-

2182 2406 2289 2478 φὴν
2314 2406 2480 2461 αὑτοῦ
2507 2401 2650 2460 εἶναι
2675 2407 2819 2460 κατά
2842 2406 2942 2471 τὰς
2965 2404 3252 2465 ὑποθέσεις
3274 2402 3440 2456 αὑτοῦ
3472 2402 3609 2471 (57),
3634 2401 3779 2471 πρὸς

2178 2500 2279 2562 τὰς
2306 2500 2394 2553 διὰ
2424 2500 2485 2553 τὸ
2508 2499 2703 2569 κάλλος
2731 2499 2902 2569 αὐτῆς
2932 2497 3219 2569 ἐπηρείας.
3259 2496 3369 2550 Καὶ
3402 2495 3564 2548 πάλιν
3592 2510 3782 2561 παρα-

2180 2591 2453 2645 καλοῦσαν
2482 2591 2647 2646 αὑτδν
2680 2591 3043 2660 συγγενέσθαι
3073 2594 3142 2661 τῇ
3175 2589 3441 2661 παιδίσκῃ
3464 2588 3532 2658 τῇ
3564 2587 3775 2656 Ἀγαρ,

2180 2686 2269 2739 ἵνα
2314 2686 2723 2757 καταστήσαιτο
2779 2684 3027 2747 παιδίον,
3078 2684 3216 2753 πρὸς
3247 2683 3309 2735 τὸ
3366 2682 3441 2751 μὴ
3481 2679 3550 2733 δι’
3598 2679 3779 2751 αὐτὴν

2182 2778 2400 2847 στεῖραν
2430 2772 2618 2841 οὖσαν,
2652 2777 2858 2832 ἄπαιδα
2878 2776 2971 2829 καὶ
3000 2775 3162 2828 αὑτὸν
3188 2772 3484 2827 ἀποθανεῖν

2264 2869 2483 2938 Ῥαχὴλ
2542 2868 2639 2925 καὶ
2689 2870 2803 2922 Ala
2864 2866 3237 2921 ὑπακούουσαι
3288 2864 3369 2936 τῷ
3422 2863 3615 2935 ἀνδρὶ,
3673 2862 3782 2918 καὶ

2179 2960 2573 3014 ἀκολουθοῦσαι
2602 2960 2753 3031 αὐτῷ
2783 2962 2863 3024 είς
2896 2961 2993 3032 τὴν
3024 2959 3363 3026 Χαναναίαν,
3393 2958 3483 3011 τὸν
3513 2956 3778 3027 πατρῷον

2176 3047 2331 3106 οἷκον
2357 3052 2892 3123 καταλιμπάνουσαι.

2263 3144 2538 3199 Ῥεϐέκκα
2564 3145 2620 3198 δὲ
2649 3145 2852 3213 ὁμοίως
2871 3184 2884 3209 ,
2916 3142 3007 3197 τοῦ
3049 3143 3212 3212 μόνον
3244 3140 3645 3212 ὀνομασθέντος
3673 3141 3778 3194 ἀν-

2178 3236 2303 3307 δρὸς
2362 3236 2537 3307 αὐτῆς
2597 3235 2785 3290 Ἰσαὰκ
2833 3235 3005 3305 πόΊῳ,
3060 3233 3323 3288 κατέλιπε
3356 3232 3457 3304 τὴν
3506 3230 3780 3303 πατρῴαν

2178 3328 2381 3393 ἑστίαν,
2416 3327 2511 3380 καὶ
2541 3327 2680 3396 πρὸς
2700 3326 2792 3380 τὸν
2820 3326 3109 3397 μνηστῆρα
3135 3324 3484 3391 ὲξανάγεται.

2261 3418 2324 3474 Ἠ
2351 3418 2459 3473 τοῦ
2492 3416 2730 3471 Γεδεὼν
2775 3415 2969 3487 γυνὴ,
3011 3416 3266 3469 δείσαντα
3310 3413 3403 3466 τὸν
3455 3412 3628 3483 ἄνδρα
3670 3414 3779 3485 τὴν

2176 3512 2272 3565 τοῦ
2314 3511 2550 3580 ἀγγέλου
2587 3512 2914 3580 ἐπιφάνειαν
2968 3508 3232 3581 ρώννυσιν
3280 3507 3390 3559 ἀπὸ
3432 3505 3527 3560 τοῦ
3574 3507 3773 3573 δέους,

2177 3606 2362 3659 πίστιν
2398 3604 2549 3676 αὑτῷ
2578 3606 2677 3677 τὴν
2725 3604 2833 3659 ἀπὸ
2863 3603 3091 3675 γνώμης
3127 3602 3239 3673 (58)
3292 3602 3566 3656 ἐντιθείσα
3594 3604 3779 3673 σωτή-

2179 3716 2315 3770 ριον.

2249 3789 2545 3859 Μελχὼλ,
2578 3789 2670 3843 τὸν
2714 3788 2879 3843 Δαϐὶδ
2923 3788 3273 3860 ἀναιρεῖσθαι
3318 3788 3425 3843 ὑπὸ
3460 3788 3555 3843 τοῦ
3595 3789 3778 3844 Σαοὺλ

2180 3884 2481 3955 μέλλοντα,
2530 3882 2901 3952 καθιμώσασα
2948 3884 3039 3937 διὰ
3089 3883 3338 3954 θυρίδος,
3378 3881 3476 3936 καὶ
3526 3882 3781 3955 δρασμὸν

2176 3974 2326 4046 αὐτῷ
2354 3975 2444 4028 τὸν
2478 3975 2586 4029 ἀπὸ
2616 3973 2711 4027 τοῦ
2738 3975 2902 4045 φόνου
2928 3976 3435 4047 περιποιησαμένη.

2265 4066 2325 4124 Ἡ
2353 4064 2632 4135 Ἀὄιγατλ,
2661 4066 2696 4137 ή
2720 4065 2810 4119 τὸν
2832 4065 3023 4119 Ναδὰλ
3053 4066 3403 4142 πανώλεθρον
3425 4070 3778 4141 ἀναιρεῖσθαι

2180 4159 2469 4229 μέλλοντα,
2495 4158 2586 4212 τὸν
2609 4159 2771 4213 Δαϐιδ
2796 4159 3179 4231 ὲνυδρίταντα,
3214 4164 3495 4234 ῥυσαμένη
3528 4165 3629 4232 τῆς
3654 4165 3776 4217 δια-

2176 4256 2351 4323 φορᾶς
2384 4251 2475 4307 διὰ
2494 4252 2594 4323 τῆς
2629 4252 3033 4325 παρακλήσεως
3062 4255 3160 4325 τῆς
3191 4256 3330 4326 πρὸς
3355 4258 3544 4323 Δαὸὶδ,
3575 4258 3779 4329 δώροις

2176 4344 2338 4399 αὐτὸν
2379 4344 2519 4415 ὑπὲρ
2552 4343 2647 4397 τοῦ
2682 4345 2877 4416 ἀνδρὸς
2915 4345 3409 4419 ἐξευμενισαμένη.

2259 4433 2322 4487 Ἦ
2352 4434 2407 4487 δὲ
2438 4432 2534 4486 τοῦ
2561 4430 2875 4502 Σολομῶνος
2905 4434 3091 4506 μήτηρ
3113 4436 3151 4503 ἡ
3215 4435 3550 4503 Βηθσαϐεὲ,
3577 4436 3779 4506 ήκατὰ

2175 4528 2275 4591 τὰς
2304 4528 2398 4583 τοῦ
2442 4530 2724 4600 προφήτου
2772 4529 2962 4583 Νάθαν
3007 4529 3327 4601 ὑποθήκας,
3361 4532 3459 4602 τὴν
3492 4532 3775 4602 βασιλείαν

481 4605 552 4657 du
581 4622 609 4654 ιι
644 4603 711 4657 de
745 4602 973 4657 ausibus
1019 4603 1246 4657 Adoniae
1289 4602 1551 4659 Davidem
1589 4605 1883 4660 Certiorem
1920 4605 2067 4660 facit.

2201 4618 2259 4687 τῷ
2287 4618 2389 4689 υἱῷ
2432 4621 2914 4693 περιποιησαμένη
2936 4661 2951 4685 ,
2987 4621 3248 4688 διδάξασα
3277 4623 3369 4676 τὸν
3398 4624 3564 4679 Δαδὶδ
3596 4626 3664 4679 τὰ
3692 4626 3777 4697 τῷ

550 4786 696 4841 Raab
734 4786 840 4842 ﬁde
869 4786 1012 4857 apud
1047 4786 1218 4842 Deum
1256 4799 1479 4859 accepta
1509 4788 1629 4857 fuit,
1662 4804 1783 4860 qua)
1814 4790 2065 4860 specula-

481 4891 629 4933 tores
659 4880 932 4944 servavit,
967 4895 1090 4934 cum
1125 4896 1219 4950 per
1247 4881 1411 4935 aliam
1443 4882 1584 4936 viam
1620 4884 1721 4938 ltos
1748 4884 2028 4941 dimittens
2048 4925 2063 4950 ,

477 4981 592 5025 tum
627 4970 775 5025 initis
809 4986 931 5025 cum
961 4972 1071 5026 illis
1102 4973 1276 5042 pactis
1305 4974 1371 5027 de
1402 4974 1597 5029 salute.

547 5156 683 5211 Ruth
729 5157 1002 5222 Moabitis,
1064 5175 1185 5230 qua:
1224 5178 1254 5215 a
1294 5175 1455 5217 socru
1510 5163 1581 5218 ob
1621 5164 1770 5234 pium
1806 5164 2060 5220 allectum

472 5250 742 5307 indivulsa
768 5252 992 5320 mansit,
1017 5263 1181 5323 atque
1204 5254 1257 5307 in
1286 5253 1585 5311 Ecclesiam
1613 5257 1704 5313 Dei
1726 5258 1937 5314 censita
1956 5269 2059 5315 est.

545 5434 739 5490 Mulier
790 5438 942 5502 item,
998 5454 1119 5508 qua:
1175 5439 1663 5495 sceleratissimum
1723 5441 2061 5509 Abimclech,

468 5526 563 5595 qui
589 5527 824 5582 crudelia
856 5532 1026 5585 multa
1052 5532 1105 5586 in
1139 5533 1399 5601 populum
1440 5540 1750 5602 patraverat
1771 5574 1786 5599 ,
1824 5536 2064 5589 maximo

469 5618 762 5688 populares
810 5634 941 5676 suos
988 5624 1284 5691 promerita
1345 5624 1614 5681 beneﬁcio
1642 5666 1658 5694 ,
1709 5626 1868 5681 mola:
1917 5628 2063 5698 frag-

535 5801 648 5871 (57)
686 5798 842 5857 Forte
873 5804 1023 5859 deest
1055 5807 1215 5861 Θεοῦ.

2187 4710 2415 4782 Ἀδωνίᾳ
2448 4712 2845 4783 τετολμημένα.

2259 4801 2435 4855 Ῥαὰϐ
2470 4802 2527 4855 δὲ
2558 4802 2647 4856 διὰ
2684 4804 2923 4869 πίστεως
2969 4806 3249 4877 εὐδοκιμεῖ
3296 4810 3449 4878 παρὰ
3502 4809 3579 4880 τῷ
3622 4810 3773 4883 Θεῷ,

2171 4893 2514 4959 δεασώζουσα
2548 4896 2674 4960 τοὺς
2704 4898 3087 4962 κατασκόπους
3109 4940 3125 4967 ,
3161 4901 3258 4954 καὶ
3309 4902 3378 4955 δι’
3422 4902 3592 4973 ἄλλης
3639 4905 3774 4959 ὁδοῦ

2169 4986 2394 5051 τούτους
2443 4988 2797 5055 ἀπολύουσα,
2850 4991 2945 5044 καὶ
2989 4993 3262 5064 συνθήκας
3310 4996 3442 5067 περὶ
3488 4999 3776 5069 σωτηρίας

2173 5078 2310 5148 πρὸς
2333 5078 2533 5143 αὐτοὺς
2565 5082 2891 5153 ποιουμένη.

2258 5170 2425 5225 Ῥοὺο
2454 5174 2487 5243 ἡ
2522 5174 2836 5237 Μωαϐῖτις,
2866 5177 2899 5245 ή
2933 5178 3034 5248 τῆς
3066 5179 3273 5249 ἑκυρᾶς
3300 5178 3390 5233 διὰ
3422 5180 3587 5233 πόθον
3622 5180 3777 5252 ἱερὸν

2169 5260 2502 5333 ἀχώριστος,
2542 5264 2637 5318 καὶ
2678 5266 2759 5330 είς
2791 5265 3119 5339 Ἐκκλησίαν
3172 5271 3382 5341 Κυρίου
3434 5288 3776 5325 καταταττο-

2172 5356 2331 5426 μένη.

2240 5448 2349 5499 Καὶ
2382 5447 2419 5515 ἡ
2468 5449 2623 5517 γυνὴ
2646 5491 2659 5514 ,
2689 5452 2721 5521 ἡ
2757 5453 2851 5503 τὸν
2882 5451 3251 5521 ὲναγέστατον
3304 5454 3603 5525 Ἁϐιμέλεχ
3627 5495 3641 5520 ,
3674 5455 3775 5509 τὸν

2166 5539 2314 5592 δεινὰ
2376 5542 2520 5593 κιτὰ
2580 5542 2676 5594 τοῦ
2733 5544 2865 5596 λαοῦ
2926 5547 3342 5616 ἐργασάμενον,
3399 5549 3657 5617 μέγιστόν
3714 5568 3771 5601 τι

2170 5631 2505 5702 κατώρθωσε
2537 5634 2614 5706 τῷ
2643 5636 2777 5707 λαῷ,
2819 5639 2986 5709 μύλου
3034 5640 3310 5710 κλάσματι
3342 5640 3529 5694 τοῦτον
3569 5644 3634 5695 ὲκ
3666 5643 3773 5698 τοῦ

2164 5813 2466 5889 corivcnit?
2499 5813 2623 5872 llaec
2653 5826 2799 5872 certe
2835 5816 3153 5889 Itypotlicsis
3187 5819 3399 5875 tolleret
3433 5835 3627 5876 omnes
3658 5821 3773 5879 dif-

422 5884 437 5951 2"
535 5874 650 5943 (58)
686 5871 767 5926 Au
804 5890 935 5945 ergo
965 5878 1070 5931 sub
1096 5877 1409 5935 conditione
1433 5879 1499 5936 de
1531 5880 1757 5950 repudio
1786 5879 1927 5935 inter
1955 5897 2050 5938 eos
2161 5884 2449 5940 iicnltatcs.
