4044 6416
333 398 412 466 45
1152 442 1159 449 .
1525 386 1899 456 LIBELLUS
1937 393 2437 472 MEMORIALIS.
3549 394 3619 459 te

332 515 589 584 τείχους,
651 509 795 565 κατά
847 508 942 564 τοῦ
1000 507 1237 581 κράνους
1297 506 1463 562 αὐτοῦ
1522 509 1919 580 ἀπορῤιφὲντι,

2057 519 2215 562 uento
2265 508 2333 561 de
2371 522 2529 562 muro
2581 508 2633 562 in
2671 516 2833 579 caput
2886 505 3008 577 ejus
3044 507 3326 579 proiecto,
3360 524 3388 563 c
3438 511 3619 565 medio

332 604 628 659 ἀνελοῦσα.

411 696 521 749 Καὶ
547 698 581 766 ἡ
624 696 717 749 τὸν
750 692 935 749 Σαὸεὲ
966 692 1046 757 δὲ,
1080 691 1171 746 τὸν
1200 690 1294 745 τοῦ
1323 691 1534 762 Βοχορὶ,
1564 690 1929 761 προκατειλη-

332 791 480 857 φὸτα
500 791 600 859 τὴν
630 788 800 842 Ἅϐελ
824 787 1173 858 καλουμένην
1202 787 1377 852 πόλιν,
1409 785 1517 839 ἀπὸ
1541 785 1636 839 τοῦ
1664 784 1929 855 βασιλέως

329 884 655 936 ἀποστάντα
688 881 851 935 Δαὸὶδ
892 880 1283 943 ἀποκτείνασα,
1311 880 1409 933 καὶ
1433 880 1529 950 τὴν
1555 880 1801 950 κεφαλὴν
1829 885 1929 934 αὺ-

332 977 434 1030 τοῦ
462 976 552 1029 διὰ
574 973 668 1029 τοῦ
692 976 910 1045 τείχους
941 974 1019 1045 τῷ
1065 974 1223 1027 Ἰωὰδ
1251 973 1487 1045 ῥίψασα,
1524 972 1687 1026 καλὸν
1717 974 1811 1027 καὶ
1842 990 1930 1026 σο-

331 1069 436 1136 φὺν
467 1069 631 1140 ἔργον
659 1067 1004 1133 ἀπεδείξατο,
1047 1066 1178 1138 ὅλην
1209 1066 1365 1120 πόλιν
1397 1065 1716 1137 πολιορκίας
1760 1068 1930 1137 ῥυσα-

333 1162 501 1232 μένη.

407 1252 557 1323 Σοφὴ
584 1252 639 1305 δὲ
682 1253 776 1305 καὶ
805 1254 838 1323 ἡ
872 1252 1210 1318 Θεκουῗτις,
1242 1252 1275 1321 ἡ
1306 1251 1400 1305 τὸν
1446 1250 1801 1322 Ἀὁεσσαλὼμ
1830 1254 1929 1322 τῆς

330 1347 520 1413 φυγῆς
560 1344 664 1397 ὑπὸ
706 1342 800 1396 τοῦ
840 1343 1048 1415 πατρὸς
1084 1342 1352 1414 κληθῆναι
1383 1342 1731 1414 ποιησαμένη
1756 1383 1771 1408 ,
1806 1344 1930 1407 ταῖς

331 1435 434 1488 τοῦ
473 1434 632 1488 ἰωάὄ
662 1435 985 1506 ὑποθήκαις.

410 1528 573 1582 Σαϐὰ
618 1527 677 1581 δὲ
724 1529 757 1598 ὴ
814 1526 925 1581 τῶν
971 1527 1245 1583 Αἰθιόπων
1297 1526 1508 1599 βασιλὶς
1558 1530 1661 1599 τῆς
1732 1527 1927 1599 σοφίας

330 1620 507 1672 ἕνεκα
553 1612 871 1690 Σολομῶνος
908 1620 989 1684 εἰς
1043 1620 1143 1691 τὴν
1200 1620 1463 1675 Ἰουδαίαν
1495 1621 1788 1687 σταλείσα,
1837 1621 1929 1674 ἐπὶ

334 1710 504 1781 σοφία
538 1712 633 1764 καὶ
658 1709 796 1779 αὑτὴ
821 1711 1039 1766 δικαίαν
1068 1712 1410 1783 ἀπενείματο
1440 1714 1628 1784 τιμήν.

2032 600 2273 653 sustulit.

2105 691 2237 745 Item
2263 707 2386 760 qum
2408 690 2570 745 Sabee
2602 693 2770 747 lilium
2810 691 3067 756 Bochori,
3092 696 3182 763 qui
3204 694 3316 765 jam
3347 709 3623 764 praeoccuo

2033 792 2256 853 paverat
2286 785 2560 839 civitatem
2596 786 2820 840 nomine
2847 787 3002 852 Abel,
3036 788 3419 858 defeceratque
3453 804 3482 841 a
3519 789 3621 841 Da-

2035 877 2157 930 vide
2182 891 2324 947 rege,
2354 874 2647 941 interfecit,
2672 886 2725 931 et
2747 888 2909 947 caput
2936 879 3057 948 ejus
3082 896 3177 949 per
3208 896 3423 934 murum
3447 879 3622 933 .loabo

2034 967 2267 1037 projecit
2300 986 2313 1022 :
2342 984 2454 1038 quo
2484 978 2796 1039 perpetrato
2837 971 3069 1039 pulchro
3097 987 3163 1026 ac
3207 973 3443 1041 sapienti
3489 971 3622 1026 faci-

2034 1076 2199 1127 nore,
2238 1060 2427 1116 urbem
2467 1070 2637 1116 totam
2670 1062 2741 1117 ab
2774 1062 3061 1118 obsidione
3088 1064 3366 1119 liberavit.

2109 1239 2374 1297 Thecuitis
2404 1252 2458 1297 et
2495 1243 2611 1313 ipsa
2643 1243 2863 1315 sapiens
2886 1284 2901 1308 ,
2935 1260 3057 1315 quae
3090 1247 3417 1305 adhortante
3447 1250 3623 1306 Joaho

2033 1331 2232 1400 effecit,
2272 1343 2329 1388 ut
2360 1334 2620 1390 Absalom
2658 1336 2727 1391 ab
2769 1336 2967 1393 exsilio
2998 1353 3027 1391 a
3064 1348 3218 1408 patre
3246 1354 3619 1399 revocaretur.

2105 1526 2249 1581 Saba
2282 1540 2501 1597 quoque
2533 1526 2718 1596 regina
2752 1526 3099 1599 Aﬂthiopum,
3126 1545 3246 1599 qua:
3274 1530 3343 1586 ob
3370 1530 3624 1588 Salomo-

2035 1623 2121 1674 nis
2152 1620 2478 1690 sapientiam
2512 1620 2614 1676 iter
2643 1621 2697 1675 in
2748 1620 2986 1677 ledaeam
3018 1624 3287 1683 instituit.
3322 1640 3386 1679 ac
3429 1628 3499 1680 ob
3535 1642 3626 1681 sa-

2033 1711 2297 1782 pientiam
2349 1712 2468 1783 ipsa
2509 1712 2764 1769 similiter
2793 1716 3152 1784 promeritum
3187 1714 3451 1775 honore'ut
3491 1734 3626 1775 con-

2041 1809 2233 1855 secuta
2256 1810 2365 1857 est.

418 1897 494 1951 Ἦ
522 1898 709 1967 χήρα,
745 1898 783 1967 ὴ
825 1899 896 1952 ἐν
933 1899 1263 1970 Σαρέφθοις
1304 1900 1398 1955 τδν
1449 1900 1637 1955 Ἠλίαν
1668 1901 1924 1968 δεξιωσα-

2122 1891 2289 1946 Vidua
2326 1892 2720 1964 Sarepltlltana,
2774 1910 2897 1967 quae
2929 1895 3101 1953 Etiam
3134 1901 3350 1971 excepit
3386 1902 3627 1973 hospitio

337 1988 507 2057 μένη,
547 1989 644 2042 ἐπὶ
676 1992 807 2060 τιμῇ
841 1992 905 2061 τῇ
947 1990 1099 2061 παρὰ
1130 1990 1288 2045 Θεοῦ.

422 2080 486 2133 'll
521 2080 659 2152 γυνὴ
705 2083 737 2152 ἡ
773 2083 1149 2152 Σουναμῐτις,
1198 2084 1231 2156 ή
1261 2082 1351 2137 τὸν
1388 2082 1694 2138 Ἐλισσαῖον
1724 2084 1931 2150 δεξιου-
2000 2100 2005 2105 ·

332 2170 501 2241 μένη,
532 2172 627 2225 καὶ
656 2169 804 2227 οἷκον
830 2174 981 2245 αὐτῷ
1013 2174 1263 2245 σχολαῖον
1291 2175 1685 2246 εὐτρεπίσασα,
1720 2176 1932 2247 μεγάλα

329 2259 436 2314 καὶ
462 2262 555 2313 τὸν
584 2262 753 2334 ἄνδρα
787 2266 884 2319 καὶ
915 2265 1007 2319 τὸν
1035 2266 1235 2337 ἑαυτῆς
1264 2263 1414 2321 οἷκον
1445 2266 1676 2338 ῶνησεν.
1713 2269 1843 2322 Υίόν
1871 2287 1931 2323 τε

332 2354 449 2424 γὰρ
487 2354 551 2406 οὐ
592 2355 859 2428 πρότερον
893 2357 1023 2413 ὄντα
1067 2358 1207 2431 αὐτῇ
1259 2359 1551 2432 ἐκτήσατο,
1600 2360 1697 2414 καὶ
1741 2361 1932 2417 τοῦτον

332 2445 706 2511 ἀποθανόντα,
743 2450 923 2513 ζῶντα
952 2450 1268 2521 ἀπειλήφει.

420 2539 512 2592 Ἐν
538 2538 594 2592 δὲ
617 2542 681 2612 τῇ
712 2541 899 2611 χάριτι
928 2545 993 2612 τῇ
1026 2544 1166 2596 κατὰ
1190 2543 1447 2615 Χριστὸν,
1469 2543 1567 2615 τὴν
1598 2543 1692 2598 τοῦ
1723 2542 1930 2615 κόσμου

330 2631 619 2699 σωτηρίαν
685 2634 885 2700 Μαρία
947 2633 1345 2703 διηκονήσατο,
1417 2637 1731 2708 γεννήσασα
1796 2638 1931 2708 ἡμῖν

330 2722 503 2791 σαρκὶ
533 2721 623 2774 τὸν
657 2726 922 2793 μονογενῆ
952 2722 1082 2777 Υίδν
1104 2723 1199 2777 τοῦ
1226 2723 1386 2791 Θεοῦ,
1417 2724 1510 2779 τὸν
1535 2726 1741 2796 Κύριον
1771 2727 1931 2797 ήμῶν

343 2813 562 2883 Ἰησοῦν
590 2814 849 2883 Χριστόν.

421 2906 735 2961 Ἐλισάσετ
753 2947 769 2973 ,
805 2908 839 2979 ἠ
867 2906 958 2962 τοῦ
986 2909 1260 2981 Ζαχαρίου
1289 2912 1449 2981 γυνὴ,
1480 2909 1573 2965 τὸν
1620 2910 1930 2983 πρόδρομον

327 2994 432 3050 τοῦ
488 2996 697 3068 Κυρίου
744 2998 1001 3068 Ἰωάννην
1044 3001 1136 3054 τὸν
1183 3000 1490 3073 βαπτιστὴν
1546 3001 1925 3069 συλλαϐοῦσα,

329 3088 431 3141 καὶ
463 3088 837 3159 προφητεύειν
870 3089 1120 3158 ἠξίωται.

2035 1986 2106 2042 ob
2133 1986 2379 2042 divinum
2412 1988 2701 2044 honorem.

2110 2078 2306 2135 Mulier
2351 2079 2684 2148 Sunamitis,
2718 2098 2841 2153 quae
2870 2084 3087 2155 excepit
3128 2085 3416 2152 Eliszeum,
3444 2097 3499 2143 et
3526 2089 3625 2143 ha-

2033 2171 2334 2228 bitaculum
2366 2174 2469 2243 ipsi
2502 2184 2786 2231 vacantem
2812 2178 3160 2247 prazparavit,
3192 2194 3300 2249 quo
3328 2180 3623 2250 plurimum

2028 2265 2173 2334 juvit
2202 2276 2258 2321 et
2285 2268 2541 2321 maritum
2575 2284 2735 2323 suum
2758 2279 2813 2324 et
2834 2270 3060 2325 domum
3087 2288 3240 2327 suam
3274 2273 3627 2329 totam.Cum

2031 2356 2177 2411 enim
2229 2367 2391 2414 antea
2435 2359 2625 2415 liberis
2654 2370 2898 2425 careret,
2939 2363 3109 2417 filium
3146 2366 3367 2433 genuit,
3401 2366 3626 2420 ethunc

2033 2448 2287 2502 eumdem
2317 2449 2424 2503 vita
2454 2449 2726 2516 functum,
2757 2451 2951 2505 iterum
2990 2453 3169 2507 vivum
3204 2456 3427 2523 recepit.

2105 2538 2372 2610 Tempore
2413 2542 2601 2610 gratia:
2647 2540 2887 2607 Christi,
2943 2543 3116 2597 Maria
3161 2547 3351 2600 mundi
3386 2546 3619 2602 salutem

2034 2628 2389 2695 ministravit,
2418 2648 2540 2702 quae
2567 2633 2724 2687 nobis
2741 2649 2905 2688 carne
2929 2636 3118 2704 genuit
3153 2637 3495 2706 unigenitum
3530 2638 3625 2693 Dei

2034 2721 2571 2791 FiliumLDomiuum
2605 2733 2853 2780 nostrum
2882 2724 3070 2782 Jesum
3110 2727 3407 2784 Christum.

2105 2907 2401 2974 Etisabeth,
2445 2924 2583 2964 uxor
2608 2909 2913 2977 Zachariaa,
2949 2927 3345 2977 praacursorem
3406 2914 3625 2973 Domini

2029 2997 2296 3056 Joannem
2327 3001 2624 3073 Baptistam
2662 3004 2946 3074 concepit,
2979 3016 3143 3077 atque
3172 3008 3473 3065 oroohetiat
3502 3026 3627 3065 mu—

2030 3107 2163 3148 nere
2190 3095 2411 3165 dignata
2446 3103 2551 3150 est.

404 3180 521 3252 Τήν
561 3197 623 3234 τε
664 3180 961 3236 ἀνάστασιν
1003 3184 1097 3237 τοῦ
1147 3184 1354 3255 Κυρίου
1394 3186 1453 3239 al
1507 3185 1662 3253 τρεῖς
1710 3186 1929 3255 Μαρίαι

2115 3183 2590 3241 Resurrectionem
2648 3201 2869 3257 quoque
2922 3187 3210 3244 Domini”
3271 3200 3377 3247 tres
3433 3192 3625 3249 Marii:

330 3271 555 3343 πρῶται
584 3272 942 3346 θεασάμεναι,
970 3278 1084 3340 τοῖς
1108 3276 1382 3347 μαθηταῖς
1416 3279 1787 3350 ἀπήγγειλαν.

418 3364 587 3418 Ἀλλά
645 3366 740 3419 καὶ
798 3365 1051 3421 Ἰωάννα
1097 3368 1131 3438 ἠ
1182 3368 1278 3420 τοῦ
1338 3370 1637 3439 ἐπιτρόπου
1688 3370 1931 3442 Ἡρώδου

329 3458 497 3527 γυνὴ,
533 3459 673 3529 μετά
705 3460 799 3513 καὶ
825 3460 1001 3515 ἄλλων
1031 3460 1373 3514 πιστοτάτων
1402 3462 1679 3530 γυναικῶν
1706 3464 1934 3518 ἀκολου-

331 3550 508 3605 θοῦσα
539 3552 618 3621 τῷ
656 3551 866 3624 Κυρίῳ,
897 3555 965 3609 τά
1006 3554 1263 3625 χρήματα
1290 3556 1665 3627 ἐπιφερομένη
1697 3557 1932 3627 κατηνά-

328 3643 433 3696 λου
466 3646 550 3707 εἰς
582 3644 684 3715 τὴν
714 3644 993 3702 διακονίαν
1022 3646 1133 3701 τῶν
1166 3647 1451 3719 ἑπομένων
1479 3649 1557 3720 τῷ
1586 3650 1822 3721 Σωτῆρι.

332 3801 594 3857 ΚΕΦΔΛ.
638 3802 775 3858 MA'.
806 3835 879 3845 —
929 3806 1099 3878 Τίνες
1146 3806 1365 3874 ἄνδρες
1415 3806 1514 3863 ἐπὶ
1558 3807 1745 3878 σοφίᾳ
1787 3810 1931 3863 θαυ-

857 3877 1079 3945 μαστοὶ
1108 3879 1414 3948 γεγόνασι.

408 4031 543 4102 Eius
576 4033 671 4087 καὶ
727 4033 952 4103 ’1άφεθ,
987 4036 1377 4107 όπισθοφανεῖς
1423 4037 1791 4103 ἐπιϐαίνοντες
1831 4036 1932 4110 τὴν

330 4126 435 4181 τοῦ
468 4127 679 4200 πατρὸς
712 4128 1100 4200 κατακαλύψαι
1129 4132 1465 4203 γυμνότητα.

420 4220 649 4290 Ἰωσὴφ
670 4262 685 4287 ,
721 4222 820 4285 τὰς
855 4222 978 4277 καθ’
1023 4224 1216 4279 ἑαυτὸν
1250 4224 1541 4297 ὑποφέρων
1573 4225 1754 4294 σοφῶς
1786 4242 1929 4295 συμο

332 4315 535 4385 φοράς,
565 4315 663 4369 καὶ
691 4315 758 4369 τά
785 4315 1043 4386 ὀνείρατα
1072 4317 1326 4383 διαλύων,
1359 4316 1454 4373 καὶ
1486 4317 1578 4371 τὸν
1602 4317 1793 4390 καιρὸν
1820 4318 1931 4372 τῶν

332 4406 612 4475 εύφοριιῖιν
645 4408 736 4461 καὶ
768 4406 865 4461 τοῦ
896 4407 1055 4479 λιμοῦ
1091 4409 1387 4478 πανσόφως
1425 4410 1749 4480 οίκονομῶν.

409 4498 772 4565 Βεσσελεὴλ
795 4501 824 4553 6
850 4497 947 4553 τοῦ
982 4500 1124 4572 Ὀρὶ,
1157 4502 1252 4554 καὶ
1283 4502 1493 4556 Ἐλιὰϐ
1517 4503 1545 4554 6
1570 4501 1665 4555 τοῦ
1705 4503 1928 4572 ’Δχισα-

335 4590 473 4661 μάχ,
502 4592 554 4643 οί
579 4591 681 4662 τὴν
710 4590 863 4661 ίεράν
892 4591 1097 4662 σκηνὴν
1130 4593 1522 4663 ἐργασάμενοι.
1852 4588 1859 4595 ’

410 4685 626 4751 Χουσὶ,
658 4688 687 4739 6
708 4684 802 4738 τοῦ
838 4683 1005 4738 Δα6¹ιδ
1031 4684 1351 4756 σύμϐουλος,
1382 4686 1480 4759 τὴν
1511 4685 1606 4741 τοῦ
1650 4686 1932 4757 ’Δχιτόφελ

335 4779 535 4847 σοφίαν
560 4778 1113 4848 μεταχειρισάμενος.

308 4927 319 4939 _
407 4871 716 4940 Σολομὼν,
748 4870 893 4941 ὁτῆς
924 4870 1119 4939 σοφίας
1151 4870 1398 4941 χάρισμα
1424 4869 1813 4941 κομισάμενος.

412 4961 476 5012 οι
506 4959 623 5012 vlo!
658 4958 871 5013 Μαοὺλ
891 4998 906 5023 ,
933 4958 1102 5013 Αίθάν
1133 4960 1226 5014 καὶ
1265 4959 1460 5031 Ἐσρᾶν
1495 4962 1591 5015 καὶ
1626 4961 1804 5031 Ἠμᾶν
1837 4960 1933 5015 καὶ

328 5048 562 5118 Χαλχὰλ
613 5049 709 5102 καὶ
741 5050 975 5121 Δαρδᾶν.
1023 5052 1159 5122 Περὶ
1205 5044 1280 5105 ὧν
1310 5052 1405 5105 καὶ
1442 5054 1490 5106 οί
1530 5054 1588 5105 ἐν
1621 5057 1739 5116 ταῖς
1768 5040 1928 5107 Πασι-

328 5142 531 5208 λείαις,
555 5144 631 5208 ὠς
650 5144 854 5213 σοφῶν,
873 5144 1017 5198 κατὰ
1040 5144 1151 5217 (59)
1180 5147 1248 5201 τὰ
1267 5144 1361 5200 τοῦ
1385 5146 1718 5217 Σολομῶνος,
1737 5149 1926 5219 μνήμη

328 5235 571 5305 γίνεται.

420 5329 625 5385 ἰωὸαὲ
654 5331 683 5384 6
720 5330 1033 5402 ἀρχιερεὺς,
1078 5333 1108 5385 6
1136 5330 1236 5402 τὴν
1274 5331 1531 5387 Γοθολίαν
1577 5335 1929 5401 ἀποκτείνας,

330 5420 434 5475 καὶ
465 5421 560 5475 τὸν
600 5423 667 5474 ἐκ
710 5420 806 5475 τοῦ
848 5423 1138 5477 Δαϐιδικοῦ
1172 5423 1363 5493 γένους
1416 5424 1571 5490 una;
1618 5426 1797 5497 σοφῶς
1850 5428 1930 5491 εἰς

330 5512 620 5583 βασιλείαν
646 5530 688 5565 π
691 5514 1005 5584 ροαγαγών.

408 5688 457 5724 ⁸⁹
493 5688 691 5746 Matth.
725 5706 900 5759 um,
933 5692 1041 5759 56;
1083 5692 1249 5752 Marc.
1292 5711 1404 5762 stt,
1434 5696 1485 5751 l.

412 5853 527 5923 (59)
558 5852 719 5911 Forte
749 5854 908 5923 μετά.

1592 5695 1638 5728 ⁹⁰
1682 5694 1816 5752 Luc.
1873 5712 1992 5763 vni,
2029 5696 2082 5753 5.

2034 3293 2156 3349 quae
2190 3279 2379 3347 prima:
2406 3277 2680 3346 viderunt,
2722 3280 2988 3351 apostolis
3024 3283 3445 3340 annuntiarunt.

2103 3366 2318 3423 Joanna
2344 3369 2511 3423 etiam
2542 3369 2588 3401 ⁹⁰
2620 3386 2758 3424 uxor
2788 3369 3026 3443 (Clamat)
3050 3376 3422 3443 procuratoris
3449 3374 3623 3433 Hero-

2035 3458 2142 3524 dis,
2168 3474 2292 3514 cum
2326 3458 2453 3514 aliis
2486 3458 2819 3514 fidelissimis
2848 3460 3174 3518 mulieribus
3203 3463 3495 3520 Dominum
3533 3482 3622 3522 se-

2033 3558 2194 3612 cuta,
2245 3562 2485 3617 opesque
2538 3563 2724 3603 secum
2763 3547 2997 3605 aﬂerens
3044 3551 3391 3621 impendebat
3424 3556 3477 3609 in
3520 3557 3625 3610 mi-

2035 3644 2323 3700 nisterium
2346 3660 2560 3709 eorutn,
2589 3644 2684 3715 qui
2715 3643 3011 3701 Dominum
3053 3649 3479 3706 comitabantur.

2034 3803 2189 3861 CAP.
2228 3803 2365 3859 XLI.
2400 3835 2468 3846 —
2514 3803 2747 3871 Quinam
2785 3805 2882 3877 viri
2931 3803 2993 3859 ob
3032 3808 3346 3877 sapientiam
3388 3809 3626 3865 admira-

2634 3877 2765 3930 tioni
2792 3876 3029 3945 fuerunt.

2105 4033 2226 4087 Sent
2256 4043 2309 4089 et
2339 4032 2588 4103 lup/mh.
2620 4034 2713 4103 qui
2749 4042 2896 4104 terga
2931 4043 3203 4091 vertentes
3228 4048 3622 4104 accesserunt,

2032 4137 2143 4192 quo
2167 4122 2339 4191 patris
2373 4122 2676 4176 nuditatem
2711 4124 3083 4192 cooperirent.

2104 4213 2299 4282 Joseplt
2358 4228 2490 4269 suas
2566 4214 2910 4268 calamitates
2970 4214 3245 4282 sapienter
3300 4216 3622 4281 sustinens,

2033 4306 2247 4361 somnia
2280 4305 2409 4360 item
2449 4307 2817 4375 interpretans
2838 4346 2854 4369 ,
2888 4314 3213 4375 tempusque
3246 4307 3540 4364 fertilitatis
3567 4320 3625 4365 et

2040 4400 2204 4455 famis
2228 4400 2636 4469 sapientissime
2666 4400 3015 4470 dispensans.

2105 4496 2389 4564 Besseleel,
2433 4496 2579 4551 ﬁlius
2619 4494 2735 4561 Ori,
2777 4506 2830 4552 et
2864 4496 3044 4561 Eliab,
3075 4497 3217 4553 [ilius
3238 4498 3631 4569 Acltisamach;

2035 4590 2127 4662 qui
2157 4605 2376 4644 sacrum
2405 4588 2838 4644 Tabernaeulutn
2872 4600 3321 4646 construxerunt.

2105 4680 2289 4746 Clmsi,
2318 4679 2537 4735 Davidis
2573 4681 2954 4750 consiliarius,
3002 4682 3095 4752 qui
3134 4682 3357 4738 dextere
3395 4686 3624 4742 Achito-

2034 4773 2212 4844 pltelis
2240 4772 2565 4843 sapientiam
2592 4774 2807 4827 evertit.

2106 4864 2383 4930 Salomon,
2420 4865 2514 4936 qui
2546 4866 2828 4935 sapientia:
2861 4866 3134 4922 charisma
3169 4880 3499 4925 consecutus
3519 4882 3622 4926 est.

2108 4956 2243 5013 Filii
2276 4958 2448 5022 Maul,
2487 4957 2693 5012 IEthatt
2723 4970 2777 5013 et
2808 4960 3003 5023 Esran,
3038 4969 3093 5015 et
3123 4960 3351 5028 lleman,
3375 4973 3430 5018 et
3459 4964 3621 5018 Chal-

2034 5051 2179 5115 chal,
2213 5061 2264 5106 et
2300 5050 2537 5106 Dardau.
2568 5050 2642 5105 De
2664 5051 2868 5118 quibus
2888 5051 3052 5106 etiam
3079 5052 3305 5108 inlibris
3330 5053 3535 5122 [legunt
3553 5056 3621 5121 ",

2035 5162 2132 5201 ceu
2164 5156 2285 5217 post
2317 5145 2665 5200 Salumoneut
2698 5146 3143 5216 sapientissimis,
3170 5148 3228 5202 lit
3257 5150 3479 5204 mentio.

2102 5330 2275 5386 Jodae
2303 5330 2567 5402 pontifex,
2597 5334 2685 5401 qui
2717 5331 3028 5387 Gotholiam
3061 5331 3368 5396 interfecit,
3402 5340 3457 5389 et
3489 5331 3621 5390 Joas

2032 5439 2097 5479 ex
2127 5423 2384 5479 Davidico
2408 5440 2603 5495 genere
2628 5433 2817 5479 natum
2846 5424 3119 5494 sapienter
3149 5423 3216 5480 ad
3241 5439 3469 5497 regnum
3489 5440 3620 5503 pro-

2034 5528 2200 5573 τειιι.

2189 5696 2231 5730 ⁹¹
2271 5696 2337 5752 111
2387 5696 2521 5769 Reg.
2578 5712 2651 5763 tv,
2710 5696 2803 5755 5|.
