4044 6434
419 381 490 444 4⁸1
1928 377 2021 437 JO:

2127 375 2229 436 L‘PI
3625 372 3691 434 43

494 497 705 563 Daniel,
740 493 832 567 qui
874 499 1134 568 mysticas
1185 511 1372 566 regum
1429 494 1664 548 iisionrs
1717 493 1994 546 rcvelavit.

2173 492 2416 560 Δανιὴλ,
2472 495 2497 545 ὁ
2549 491 2614 546 τὰ
2669 488 2906 563 μυστικᾶ
2956 489 3067 543 τῶν
3121 490 3384 560 βασιλέων
3445 490 3694 561 θεάματα

425 594 498 646 lle
529 607 638 662 quo
667 594 831 647 etiam
864 593 928 646 ad
960 593 1238 646 diabolum
1264 591 1468 643 dictum
1495 598 1576 641 est
1609 607 1620 640 :
1665 585 1919 656 Nunquid
1951 595 2006 638 tu

2127 583 2535 648 ὶποκαλύπτων,
2565 601 2627 636 πε
2637 583 2692 654 pi.
2714 576 2773 633 οἶδ
2799 583 2894 634 καὶ
2922 581 3061 650 πρὸς
3080 582 3172 634 τὸν
3195 581 3440 635 διάϐολον
3458 585 3688 653 εἴρηται·

423 688 712 755 sapientior
739 702 791 741 es
827 685 1044 740 Daniele
1073 683 1158 736 "?

2127 676 2205 743 lli;
2231 676 2314 730 σὺ
2345 676 2684 744 σοφώτερος
2711 670 2768 728 εἷ
2789 673 2896 728 τοῦ
2932 671 3197 742 Δανιή.ι;

497 778 724 843 Esdras,
749 778 844 846 qui
883 791 1070 832 sacras
1100 775 1334 829 Litteras
1385 784 1506 838 p05t
1544 771 1777 826 reditum
1822 769 2007 841 populi

2185 769 2470 838 Ἔσδρας,
2493 770 2521 821 ὁ
2545 767 2656 822 τῶν
2679 766 2838 838 ἱερῶν
2863 767 3119 836 Γραφῶν,
3146 766 3287 837 μετά
3308 765 3407 836 τὴν
3437 766 3501 818 ἐκ
3528 765 3698 818 Βαϐυ-

425 867 630 924 ludaici
661 869 728 924 de
762 868 1040 938 Babylone
1073 865 1348 922 recensuit
1375 865 1440 917 ⁸³.

2127 863 2278 926 ιῶνος
2315 863 2410 916 τοῦ
2455 859 2746 915 Ἰουδαῖκοῦ
2768 859 2899 914 λαοῦ
2935 860 3236 925 ἐπάνοδον,
3267 861 3490 929 μνήμην
3533 877 3694 928 ποιη-

2111 970 2180 1006 σα
2187 968 2372 1022 μενος.

2110 1065 2360 1122 ΚΕΦΑΛ.
2398 1064 2528 1120 MB’.
2559 1095 2628 1104 —
2665 1065 2832 1130 Τίνες
2874 1062 2973 1118 ἐπὶ
3011 1065 3197 1133 σοφίᾳ
3231 1061 3515 1132 γυναῖκες
3557 1068 3697 1117 θαυ-

424 1074 570 1128 CAP.
596 1070 756 1129 XLII.
779 1100 849 1112 —-
881 1071 1013 1137 Qute
1047 1068 1292 1122 mulieres
1326 1069 1589 1138 sapientia
1629 1065 1860 1119 maxime
1897 1062 2009 1116 cla-

2613 1135 2841 1205 μασταὶ
2876 1136 3180 1206 γεγόνασι.

1083 1148 1324 1192 ruerunt.

492 1254 748 1321 Thamar,
771 1267 895 1323 quae
909 1251 936 1307 ,Ι
945 1251 1105 1306 udam
1137 1252 1204 1306 ad
1236 1248 1604 1321 procreandos
1631 1247 1833 1302 liberos
1850 1243 2000 1299 vaire

420 1347 662 1417 pellexit.

493 1439 744 1503 Rebecca,
773 1451 895 1508 qua:
923 1452 1009 1491 res
1036 1437 1108 1490 ita
1139 1433 1564 1499 administravit,
1591 1443 1650 1486 ut
1679 1431 1884 1486 Jacobo
1913 1442 2010 1498 pa-

2196 1429 2499 1495 'Pe£?éxxa,
2533 1430 2610 1501 τῷ
2645 1430 2840 1485 Ἰακὼϐ
2865 1431 2964 1496 τάς
2993 1434 3145 1504 παρά
3173 1433 3268 1486 τοῦ
3302 1434 3508 1505 πατρὸς
3542 1434 3698 1487 εὐλο-

423 1544 593 1587 terna:
625 1529 1036 1586 benedictiones
1069 1528 1352 1592 darentur,
1383 1538 1622 1595 eumque
1669 1525 1724 1578 in
1757 1523 2011 1593 Mesopo-

2127 1523 2238 1590 ria;
2295 1523 2707 1595 οἰκονομήσασα
2744 1524 2997 1594 δοθῆναι,
3037 1526 3133 1580 καὶ
3167 1527 3247 1590 είς
3297 1527 3395 1599 τὴν
3445 1528 3699 1582 Μεσοπο-

425 1625 644 1680 tamiam
691 1623 758 1677 ad
785 1621 1168 1692 cognationem
1207 1633 1365 1674 suam
1409 1617 1595 1683 misit,
1623 1623 1842 1687 propter
1873 1617 2009 1672 iram

2127 1618 2320 1688 ιαμῑαν
2366 1618 2533 1672 αὑτὸν
2581 1619 2716 1689 πρὸς
2746 1618 2846 1688 τὴν
2887 1620 3085 1689 ἑαυτῆς
3125 1621 3445 1690 συγγένειαν
3487 1621 3700 1691 ἐκπέμ-

425 1715 587 1771 Εδευ,
2114 1727 2316 1773 πουσα,
2347 1710 2435 1763 διά
2461 1713 2562 1778 τὴν
2584 1709 2678 1763 τοῦ
2722 1711 2892 1764 Ἦοαῦ
2933 1711 3114 1782 μῆνιν.

487 1806 730 1874 Josabel,
745 1802 1228 1875 lilia'rcgisloram,
1245 1799 1559 1856 uxorlodae
1574 1801 1865 1870 pontiﬁcis.
1889 1799 2011 1855 Ilaec

2200 1801 2557 1872 Ἰωστιϐὲλ,ἡ
2582 1803 2675 1855 τοῦ
2698 1802 2961 1872 βασιλέως
2988 1803 3144 1873 Ἰωρά
3153 1821 3193 1874 μ
3210 1803 3478 1876 θυγάτηρ,
3519 1805 3702 1858 ἰιυδαὲ

425 1899 715 1954 occultavit
743 1897 874 1953 Joas
909 1862 1078 1950 lilium
1112 1893 1365 1949 chozite
1394 1891 1582 1947 fratris
1629 1892 1715 1948 sui
1743 1929 1760 1954 ,
1793 1901 1849 1945 ut
1882 1908 1948 1946 ne
1977 1908 2008 1946 a

2127 1896 2168 1949 se
2197 1895 2290 1948 τοῦ
2325 1862 2628 1965 ἀρχιερέως
2655 1862 2816 1966 γυνὴ,
2841 1862 3100 1966 κρύψασα
3143 1862 3300 1960 ”ιωάέ
3325 1862 3436 1951 τὸν.
3454 1862 3701 1968 ’δχοζίου

425 1991 652 2047 Godolia
684 1988 1100 2048 inter-liceretur,
1133 1999 1371 2054 cumque
1403 1983 1666 2048 servavit,
1695 1999 1805 2052 quo
1830 1983 2006 2052 palam

2127 1987 2203 2041 τοῦ
2246 1988 2477 2058 ἀδελφοῦ
2506 1989 2680 2058 αὐτῆς
2726 1989 2864 2052 υίὸν,
2908 1989 2995 2042 ἵνα
3026 1989 3102 2060 μὴ
3151 1989 3289 2059 πρὸς
3315 1989 3416 2059 τῆς
3447 1989 3703 2054 Γοδολίας

2185 1247 2386 1317 Θάμαρ
2412 1287 2426 1312 ,
2459 1248 2552 1302 ἐπὶ
2587 1248 2934 1316 παιδογονίαν
2965 1249 3056 1302 τὸν
3097 1248 3301 1303 Ἰούδαν
3333 1252 3694 1320 σοφισαμένη.

418 2083 576 2139 lleret
607 2082 800 2136 adesse
827 2091 1210 2134 successorem
1245 2073 1489 2131 Davidici
1522 2077 1694 2147 regni.

493 2259 788 2316 Sunamitis
821 2258 965 2312 haud
1019 2257 1200 2312 minus
1244 2255 1488 2325 sapiens,
1518 2269 1640 2324 qua:
1689 2258 2007 2324 prophetam

423 2353 679 2408 Eliszeum
735 2350 974 2419 hospitio
1016 2348 1253 2418 excepit,
1293 2347 1410 2402 sive
1442 2346 1514 2401 ob
1547 2359 1905 2416 pra-paratam
1933 2348 2010 2401 illi

427 2447 684 2509 domum,
717 2442 831 2497 sive
875 2441 949 2496 ob
993 2439 1376 2495 assiduitatem
1421 2454 1550 2509 erga
1599 2440 1921 2508 prophetam
1941 2439 2008 2493 ³⁵.

425 2557 577 2613 CAP.
613 2552 800 2609 XLlll.
833 2583 902 2595 -—
927 2552 1160 2618 Quinam
1185 2552 1246 2604 ob
1279 2551 1499 2604 nimiam
1529 2550 1868 2619 sapientiam,
1897 2551 2011 2619 ipsa

835 2640 934 2679 sua
958 2623 1220 2692 sapientia
1250 2622 1586 2675 interierunt.

498 2739 602 2804 Qui
646 2738 838 2792 turrim
872 2737 938 2790 ad
979 2735 1180 2789 etnlum
1225 2749 1398 2803 usque
1444 2735 1837 2805 pertingentcm
1879 2736 2012 2789 aedi-

427 2831 592 2883 ﬁcari:
636 2829 925 2892 volebant,
958 2825 1266 2895 linguarum
1313 2826 1584 2879 divisione
1615 2825 1830 2894 disjecti
1863 2835 2009 2881 sunt.

503 2922 740 2983 Pharao,
772 2919 866 2990 qui
893 2928 1016 2973 astu
1046 2918 1229 2987 pepuli
1258 2918 1536 2973 interitum
1570 2919 2009 2980 machinahatur,

426 3030 635 3085 easque
672 3014 724 3066 in
748 3025 938 3066 servos
974 3011 1209 3065 retinere
1245 3011 1459 3065 volebat
1490 3049 1506 3077 ,
1538 3010 1773 3080 ipsomet
1812 3019 2010 3065 conatu

429 3123 530 3160 suo
563 3104 791 3160 interiit.

497 3195 818 3254 Abtmetech,
855 3189 1126 3247 Gedeonis
1159 3191 1320 3257 illius,
1344 3191 1475 3246 dum
1506 3189 1655 3261 val‘re
1680 3192 1746 3246 ad
1783 3206 1840 3247 se
1873 3191 2010 3262 regi-
2039 3207 2084 3269 ρ

432 3305 554 3343 men
583 3290 801 3342 trahere
832 3288 1024 3341 nititur
1048 3327 1062 3352 ,
1093 3300 1158 3339 ac
1206 3285 1404 3340 fratres
1438 3300 1569 3340 suos
1594 3301 1698 3339 Lxx
1735 3287 2008 3350 interﬁcit,

423 3397 460 3435 ιι
495 3380 814 3434 muliercula
845 3394 943 3434 ceu
977 3378 1132 3432 canis
1165 3377 1528 3446 interemptus
1551 3387 1656 3432 est.

502 3471 658 3538 Sani,
701 3471 1048 3526 machinatus
1085 3467 1306 3524 Davidis
1337 3483 1550 3534 necem,
1601 3470 1924 3540 hastamque
1957 3469 2010 3522 in

427 3564 583 3618 illum
623 3574 1020 3633 contorquens,
1045 3560 1269 3632 proprio
1297 3559 1478 3632 gladio
1501 3561 1722 3616 interiit.

502 3752 811 3823 Achiwphel
843 3751 1059 3808 funesta
1085 3750 1314 3806 consilia
1348 3748 1674 3810 meditatus,
1701 3749 1795 3803 sed
1831 3749 2013 3805 minus

433 3849 693 3916 probatus
724 3845 867 3914 apud
917 3843 1242 3899 Abessalom
1289 3841 1558 3897 industria
1599 3839 1790 3905 Chusi,
1819 3841 2013 3910 laqueo

429 3939 596 3991 vitam
619 3937 814 3991 linivit.

509 4033 612 4098 Qui
667 4028 939 4085 Danielem
991 4026 1240 4084 leonibus
1296 4026 1662 4098 objiciendum
1712 4033 2011 4094 curarunt,

433 4130 652 4197 ipsitnct
684 4122 814 4178 feris
842 4120 1063 4190 objecti.

504 4221 569 4272 Et
598 4217 778 4270 adhuc
807 4223 991 4279 antea,
1019 4211 1236 4282 Iosephi
1265 4211 1480 4281 fratres,
1505 4210 1598 4282 qui
1633 4218 1815 4265 astuto
1839 4207 2015 4264 consi-

425 4313 505 4365 lio
547 4307 634 4362 usi
667 4314 834 4368 sunt,
876 4311 936 4358 ut
979 4303 1192 4357 irritam
1249 4301 1542 4356 redderent
1587 4314 1736 4369 spem
1786 4297 1908 4367 ejus
1947 4299 2015 4350 dc

435 4399 652 4468 propria
686 4395 860 4465 gloria
894 4408 959 4448 ex
990 4391 1218 4448 somniis
1253 4399 1575 4459 conceptam
1603 4427 1620 4453 ,
1651 4388 1719 4442 ab
1752 4389 1900 4440 illius
1923 4385 2013 4456 ju-

411 4493 574 4546 dicio
597 4504 655 4543 sc
684 4500 926 4555 suasque
949 4500 1035 4540 res
1055 4498 1250 4538 omnes
1270 4482 1504 4552 pendere
1525 4480 1731 4549 experti
1759 4488 1908 4533 sunt.

436 4605 589 4659 CAP.
623 4600 810 4656 XLIV.
840 4628 910 4640 —
940 4598 1173 4663 Quinam
1203 4595 1422 4650 veritate
1445 4596 1706 4664 sapienter
1727 4593 2014 4658 occultata,

934 4669 1162 4724 salutem
1189 4668 1516 4721 invenerunt.

514 4786 807 4850 Abraham,
831 4785 925 4854 qui
951 4783 1087 4838 dixit
1123 4782 1383 4836 Sarrham
1412 4795 1655 4835 sororem
1688 4793 1845 4834 suam
1874 4792 2018 4841 esse,

437 4897 506 4934 ne
545 4888 763 4947 propter
791 4877 936 4930 illam
969 4876 1038 4929 ab
1068 4873 1338 4944 [Egyptiis
1364 4873 1736 4927 occumberet.

509 4971 719 5041 Moyses
764 4970 830 5024 ad
867 4967 1184 5038 Egyptium
1213 4968 1400 5021 dicens
1423 5006 1436 5030 ,
1466 4967 1632 5019 trium
1665 4966 1876 5018 dierum
1923 4961 2018 5016 iti-

436 5079 567 5119 nere
594 5078 654 5118 sc
682 5063 942 5132 populum
969 5075 1067 5128 pro
1091 5058 1183 5113 Dei
1210 5058 1360 5113 cultu
1382 5059 1765 5111 abducturum.

510 5155 729 5211 Samuel
765 5169 974 5224 ungens
1005 5152 1171 5207 David
1205 5151 1255 5205 in
1291 5165 1498 5220 regem.
1527 5158 1580 5203 et
1607 5149 1796 5202 dicens
1827 5163 1884 5202 se
1917 5159 2016 5216 pro

436 5247 711 5304 olle-renda
744 5246 962 5300 victima
993 5244 1208 5298 venisse
1237 5241 1571 5296 Bcthlehem.

505 5337 776 5391 Jonuthan
808 5337 998 5391 dicens
1029 5336 1092 5388 ad
1127 5343 1334 5406 patrem
1368 5348 1526 5388 suum
1558 5330 1686 5385 Saul
1721 5330 1789 5385 de
1824 5329 2015 5395 David,

433 5429 584 5499 quod
613 5431 681 5483 ab
727 5444 784 5485 se
830 5428 1224 5500 postulaverit,
1289 5435 1350 5480 ut
1398 5425 1501 5480 sibi
1573 5425 1760 5479 liceret
1810 5425 1890 5478 ire
1964 5423 2018 5476 in

433 5519 774 5576 Betltlehem.

508 5611 684 5665 David
727 5611 943 5680 fugiens
985 5612 1204 5669 Saulem
1231 5650 1247 5676 ,
1297 5620 1349 5665 et
1388 5610 1574 5666 dicens
1602 5610 1666 5665 ad
1699 5610 2015 5665 Abimelcclt

502 5797 549 5830 ⁵³
580 5797 781 5852 Ezeclt.
819 5813 1012 5865 xxvm,
1040 5799 1093 5852 5.
1171 5797 1456 5853 9’llEsdr.
1484 5812 1599 5863 vm,
1630 5798 1682 5849 9..
1761 5797 1805 5827 ³⁵
1831 5795 1892 5850 lV’
1949 5795 2078 5866 Reg.

2111 2082 2396 2152 ἀναιρεθῇ,
2430 2082 2524 2136 καὶ
2551 2079 2838 2150 φυλάξασα
2866 2083 2946 2145 είς
2969 2081 3066 2153 τὴν
3092 2081 3191 2150 τῆς
3221 2080 3517 2152 Δαυῖτικῆς
3545 2079 3700 2151 βασι-

2112 2171 2262 2234 λείας
2291 2173 2579 2240 ἔκφανσιν.

2183 2263 2331 2334 Σοφὴ
2378 2264 2471 2316 καὶ
2499 2264 2538 2330 ιιὶ
2572 2265 2925 2334 Σουναμῖτις
2950 2303 2965 2330 ,
3003 2264 3036 2334 ἠ
3069 2263 3162 2316 τὸν
3191 2262 3481 2334 προφήτην
3519 2261 3669 2316 Ἐλισ

2116 2357 2267 2410 σαῖον
2311 2356 2686 2428 δεξιωσαμένη
2713 2395 2730 2420 ,
2783 2358 2848 2428 τῇ
2895 2373 2956 2410 τε
3007 2357 3108 2426 τῆς
3141 2356 3317 2420 οἰκίας
3351 2357 3698 2427 παρασκευῇ,

2114 2448 2211 2501 καὶ
2233 2450 2297 2518 τῇ
2328 2451 2623 2520 παραμονῇ
2651 2450 2717 2520 τῇ
2747 2448 2846 2502 τοῦ
2875 2449 3177 2520 προφήτου.

2115 2564 2366 2618 ΚΕΦΛΛ.
2403 2561 2535 2617 Ml".
2586 2593 2656 2604 —
2703 2565 2870 2629 Τίνες
2902 2563 3000 2617 ἐπὶ
3046 2563 3342 2631 δεινότητι
3388 2563 3699 2632 γενόμενοι

2218 2634 2418 2703 σοφοὶ,
2453 2633 2552 2688 διὰ
2580 2633 2691 2702 τῆς
2733 2633 2965 2690 ἑαυτῶν
2998 2635 3221 2704 σοφίας
3252 2635 3589 2689 ἀπώλοντο.

2190 2748 2254 2799 Οἱ
2283 2745 2390 2799 τὸν
2410 2746 2643 2816 πύργον
2663 2747 2966 2818 οἰκοδομεῖν
2984 2747 3090 2812 ἕως
3105 2746 3339 2820 ούρανοῦ
3360 2745 3698 2819 βουλόμενοι,

2115 2835 2386 2890 διελύοντο
2415 2839 2480 2907 τῇ
2518 2838 2856 2910 πολυφωνίᾳ.

2186 2929 2397 2995 Φαραὼ
2427 2927 2927 3001 κατασοφιζόμενος
2951 2930 3050 3002 τὴν
3081 2932 3177 2986 τοῦ
3218 2932 3345 2986 λαοῦ
3377 2931 3699 3006 διαφθορὰν,

2117 3022 2209 3074 καὶ
2233 3019 2488 3089 κατέχειν
2508 3020 2586 3084 εἰς
2605 3021 2825 3085 δούλους
2850 3021 3200 3092 βουλόμενος,
3226 3021 3704 3092 συναπολλύμενος

2115 3115 2181 3182 τῇ
2216 3113 2442 3184 τοιαύτῃ
2474 3113 2834 3183 ἐπιχειρήσει.

2202 3205 2508 3274 ’Λϐιμέλεχ
2547 3205 2576 3257 ὁ
2605 3204 2698 3258 τοῦ
2735 3205 2939 3259 Γεδεὼν
2973 3205 3106 3271 υίὸς,
3139 3206 3493 3277 σοφιζόμενος
3519 3205 3706 3277 ἐαυτῷ

2115 3297 2217 3368 τὴν
2268 3297 2442 3368 ἀρχὴν
2481 3297 2982 3367 περιποιήσασθαι,
3034 3297 3131 3352 καὶ
3169 3299 3296 3362 τοὺς
3350 3305 3392 3351 ο⁹
3435 3297 3704 3366 ἀδελφοὺς

2117 3389 2426 3459 φονεύσας,
2484 3389 2589 3442 ὑπὸ
2642 3389 2900 3458 γυναικὸς
2955 3389 3030 3453 ὡς
3080 3389 3228 3443 κύων
3285 3390 3701 3462 ἀναιρούμενος.

2188 3479 2388 3533 Σαοὺλ
2415 3478 2812 3550 μηχανώμενος
2839 3480 2938 3550 τὴν
2967 3481 3062 3534 τοῦ
3086 3481 3249 3536 Δαϐὶδ
3276 3481 3577 3552 ἀναίρεσιν,
3608 3482 3704 3534 καὶ

2114 3569 2177 3623 τὸ
2211 3570 2338 3641 δόρυ
2390 3570 2512 3625 κατ’
2560 3571 2726 3626 αὐτοῦ
2773 3571 3014 3643 βάλλων,
3057 3573 3162 3626 ὑπὸ
3204 3572 3298 3627 τοῦ
3349 3572 3481 3626 ίδίου
3513 3572 3704 3642 ξίφους

2113 3658 2476 3730 διολλύμενος.

2198 3753 2510 3822 Ἀχιτόφελ
2531 3751 2682 3807 δεινά
2710 3751 3062 3824 σοφιζόμενος
3089 3753 3184 3808 καὶ
3208 3754 3705 3826 παρευδοκιμηθεὶς

2116 3846 2253 3917 πρὸς
2283 3847 2374 3901 τὸν
2415 3847 2793 3919 ’Λὸεσσαλὼμ,
2826 3847 2930 3902 ὑπὸ
2963 3846 3056 3900 τοῦ
3087 3847 3294 3919 Χουσῆ,
3328 3848 3536 3922 ἀγχόνῃ
3567 3867 3706 3920 χρη-

2117 3939 2375 4008 σάμενος.

2195 4032 2259 4084 οι
2288 4031 2398 4084 τὸν
2421 4031 2647 4099 Δανιὴλ
2673 4033 3143 4103 συσκευασάμενοι
3173 4035 3285 4098 τοῖς
3306 4034 3522 4088 λέουσιν
3547 4035 3706 4088 ἐκδο-

2118 4121 2298 4192 θῆναι,
2333 4122 2488 4175 αὐτοὶ
2519 4125 2629 4186 τοῖς
2663 4123 2872 4195 θηρίοις
2903 4124 3238 4188 ὲκδοθέντες.

2191 4215 2298 4268 Καὶ
2355 4214 2436 4269 ἔτι
2488 4217 2792 4288 πρότερον,
2852 4220 2907 4272 οἱ
2969 4218 3078 4273 τοῦ
3143 4218 3358 4288 Ἰωσὴφ
3409 4220 3656 4290 ἀδελφοὶ
3687 4261 3706 4286 ,

2115 4307 2406 4376 ἀφανίζειν
2461 4308 2626 4362 αὑτοῦ
2684 4309 2783 4380 τὴν
2833 4311 2900 4363 ὲκ
2953 4309 3065 4364 τῶν
3113 4310 3408 4378 ὀνειράτων
3459 4311 3709 4378 ἐπίδοξον

2121 4403 2451 4474 προσδοκίαν
2485 4405 2838 4476 σοφισάμενοι
2859 4449 2873 4473 ,
2903 4406 3008 4460 ὑπὸ
3035 4407 3135 4480 τὴν
3161 4406 3343 4477 κρίσιν
3372 4407 3542 4462 αὐτοῦ
3569 4407 3712 4478 περὶ

2119 4495 2215 4580 τοῦ
2246 4496 2450 4561 παντὸς
2477 4497 2704 4554 ἔκειντο.

2124 4610 2376 4664 ΚΕΦΑΛ.
2410 4611 2542 4666 M.\'.
2588 4640 2658 4652 -——
2708 4613 2874 4678 Τίνες
2915 4611 3230 4681 ἐπικρύψει
3277 4610 3384 4680 τῆς
3421 4612 3714 4680 ἀληθείας

2497 4681 2699 4750 σοφοί,
2728 4683 3033 4750 σωτηρίαν
3059 4683 3330 4750 εὕραντο.

2209 4794 2458 4865 Ἀϐραὰμ
2479 4795 2714 4866 ἀδελφὴν
2741 4795 2936 4850 ἑαυτοῦ
2966 4797 3140 4865 λέγων
3169 4790 3310 4851 εἶναι
3338 4795 3437 4868 τὴν
3465 4797 3710 4870 Σάρραν,

2126 4887 2212 4940 ἴνα
2253 4888 2328 4958 μὴ
2355 4888 2460 4940 ὑπὸ
2489 4887 2596 4941 τῶν
2625 4889 2942 4957 Αἰγυπτίων
2971 4889 3040 4943 δι’
3069 4889 3239 4959 αὐτὴν
3279 4889 3561 4960 ἀναιρεθῇ.

2195 4978 2458 5048 Μωῢσῆς
2475 4981 2610 5050 πρὸς
2635 4979 2724 5032 τὸν
2749 4981 3043 5048 Αίγύπτιον
3069 4980 3266 5049 λέγων,
3296 4981 3462 5052 τριῶν
3482 4981 3718 5053 ἡμερῶν

2123 5069 2214 5121 τὸν
2240 5067 2368 5121 λαὸν
2397 5069 2486 5120 ἐπὶ
2511 5067 2608 5140 τὴν
2634 5068 2769 5121 Θεοῦ
2801 5069 3057 5141 λατρείαν
3078 5069 3324 5134 ἀπάξειν.

2198 5159 2486 5228 Σαμουὴλ
2533 5160 2703 5232 χρίων
2747 5163 2838 5214 τὸν
2869 5161 3034 5214 Δαϐὶδ
3064 5163 3143 5225 είς
3194 5161 3420 5230 βασιλέα
3443 5203 3459 5230 ,
3490 5165 3583 5217 ἐπὶ
3624 5164 3722 5218 θυ-

2129 5249 2250 5303 σίαν
2279 5250 2507 5318 φάσκων
2541 5251 2619 5314 εἰς
2650 5251 2746 5322 τὴν
2774 5251 3022 5322 Βηθλεὲμ
3053 5254 3425 5320 ἀφικνεῖσθαι.

2211 5341 2496 5396 Ἰωνάθην
2545 5342 2719 5411 λέγων
2777 5343 2914 5414 πρὸς
2959 5344 3051 5398 τὸν
3093 5344 3290 5397 ἑαυτοῦ
3351 5345 3564 5418 πατέρα
3616 5346 3721 5402 τὸν

2129 5429 2301 5512 Σαοὺλ
2353 5431 2482 5500 περὶ
2514 5431 2608 5484 τοῦ
2644 5432 2840 5499 Δαϐὶδ,
2878 5434 2952 5497 ὡς
2993 5433 3086 5486 ὑπ’
3120 5433 3287 5488 αὐτοῦ
3333 5436 3723 5509 παρακληθεὶς

2127 5523 2214 5595 εἴη
2253 5523 2332 5586 εἰς
2356 5524 2455 5594 τὴν
2491 5523 2736 5595 Βηθλεὲμ
2764 5526 3008 5580 ἀπιέναι.

2211 5615 2264 5666 Ὁ
2298 5614 2474 5668 Δαϐὶδ
2502 5615 2719 5685 φεύγων
2760 5617 2850 5673 τὸν
2882 5618 3074 5685 Σαοὺλ,
3126 5618 3263 5690 πρὸς
3297 5617 3386 5674 τδν
3421 5618 3572 5692 ἱερέα
3616 5619 3725 5680 τὸν

2127 5811 2198 5859 tv,
2246 5796 2330 5861 l0,
2363 5795 2450 5850 50.
