4044 6454
439 349 506 416 51
1934 341 2240 404 JOSEPPI
3646 328 3716 389 52

500 458 657 519 CAP.
689 456 919 514 XLVIII.
952 488 1016 497 —-—
1056 456 1286 523 Quinam
1337 456 1552 525 [uerunt
1579 451 1901 523 fratricidw.

503 574 639 631 Cain
669 573 871 629 occidit
902 570 1153 627 Abelum.
1192 567 1515 633 Abimeicch,
1555 566 1699 621 tilias
1741 562 2015 621 Gedeonis

2041 455 2090 512 Δ
2188 449 2438 505 ΚΕΦΔΛ.
2462 448 2605 503 MH’.
2631 477 2699 488 —
2733 446 2896 511 Τίνες
2922 443 3225 513 ἀδελφοὺς
3252 442 3637 498 ἀπέκτειναν.

2189 564 2343 620 Κάτν
2390 562 2483 617 τὸν
2524 561 2711 618 Ἅϐελ.
2747 560 3051 630 Ἀϐιμέλεχ
3102 561 3131 613 ὁ
3178 559 3272 612 τοῦ
3325 558 3536 612 Γεδεὼν
3587 560 3702 623 υἱὸς

433 684 541 724 LXX
610 667 810 723 fratres
855 680 1007 719 suos.
1068 661 1323 715 Absalom
1373 660 1702 715 Amuonem.
1751 656 2010 713 Salomon

2125 658 2242 720 τοὺς
2273 658 2348 711 0'.
2412 652 2802 722 Ἀὄεσσαλὼμ
2850 653 2943 705 τὸν
3000 650 3234 722 Ἀμνὼν.
3285 650 3570 715 Σολομὼν
3620 650 3714 704 τὸν

433 757 724 813 Arioniam.
759 755 948 811 Jorant
974 754 1116 809 ﬁlius
1141 750 1403 823 Josaphat
1440 749 1481 806 V
1518 748 1717 806 fratres
1762 763 1895 806 suos
1926 749 2014 803 in-

434 849 651 905 terfecit
680 850 749 903 ".

430 966 584 1024 CAP.
617 963 803 1018 XLIX.
827 993 897 1003 —
930 962 1163 1027 Quinam
1194 960 1557 1014 misericordia
1593 958 1678 1012 usi
1703 966 1890 1011 contra
1918 956 2016 1011 Dei

661 1043 1005 1097 voluntatem,
1035 1041 1312 1101 propterea
1345 1030 1609 1099 interfecti
1639 1038 1785 1082 sunt.

500 1148 657 1213 Saul,
691 1149 784 1218 qui
812 1164 921 1202 non
952 1145 1154 1201 occidit
1190 1144 1340 1216 Agag
1376 1159 1559 1215 regem
1596 1142 1851 1206 Amalec,
1888 1156 2013 1197 cum

422 1241 612 1310 jussus
656 1240 850 1296 fuisset.
891 1255 1016 1294 cum
1060 1236 1416 1293 internecioni
1449 1237 1617 1298 dare.
1652 1234 1746 1289 sed
1776 1236 2018 1304 pepercit

427 1334 475 1386 «ιί
512 1341 705 1388 contra
754 1332 1003 1386 divinum
1060 1328 1299 1391 Numen,
1339 1329 1632 1383 damnatur
1675 1341 1704 1380 a
1748 1324 2015 1395 propheta

430 1424 653 1480 Samuel
686 1423 753 1479 ad
794 1423 942 1494 regni
973 1422 1352 1477 amissionem.

498 1605 679 1659 Achab
713 1619 836 1660 enm
869 1604 1170 1673 accepisset
1197 1602 1395 1658 Aderis
1422 1601 1591 1656 lilium
1630 1597 1802 1671 Syria:
1830 1612 2015 1668 regem

427 1697 812 1763 occidendum,
849 1706 1040 1752 contra
1098 1705 1261 1766 atque
1316 1693 1462 1751 Deus
1506 1694 1741 1759 volebat,
1776 1693 2018 1763 pepercit

2131 751 2407 805 Ἀδωνίαν.
2448 748 2656 819 Ἰωρὰμ
2678 750 2706 802 ὁ
2738 746 2833 802 τοῦ
2876 746 3149 816 ἰωσάφατ
3172 746 3287 810 υίὸς
3320 747 3446 809 τοὺς
3477 753 3518 798 ε’
3549 746 3710 799 ἀδελ-

2118 843 2253 913 φοὺς
2290 841 2479 895 αὐτοῦ.

2119 955 2370 1011 ΚΕΦΑΛ.
2405 953 2542 1010 ΜΘ’.
2584 984 2649 994 —-
2704 948 2874 1018 Τίνες
2912 949 3074 1016 παρὰ
3111 950 3178 1004 τὸ
3218 949 3445 1004 δοκοῦν
3470 948 3552 1012 τῷ
3589 948 3718 1015 Θεῷ

2434 1022 2956 1095 χρηστενυσάμενοι
2981 1021 3393 1089 ἀναιροῦνται.

2192 1136 2393 1192 Σαοὺλ
2447 1137 2524 1208 μὴ
2568 1136 2901 1198 ἀποκτείνας
2939 1136 3122 1203 Ἀγαγ
3157 1133 3250 1186 τὸν
3295 1133 3392 1187 τοῦ
3457 1132 3709 1202 ’Δμαλὴκ

2122 1230 2371 1302 βασιλέα,
2404 1226 2771 1300 προσταχθεὶς
2805 1227 3153 1299 πανώλεθρον
3192 1226 3357 1278 αὑτὸν
3375 1225 3708 1294 διαφθεῖραι,

2119 1324 2256 1379 ἀλλὰ
2307 1322 2639 1393 φεισάμενος
2684 1319 2852 1374 αὑτοῦ
2908 1320 3061 1390 παρὰ
3110 1319 3173 1372 τὸ
3217 1318 3409 1371 δοκοῦν
3441 1318 3520 1389 τῷ
3565 1318 3707 1387 Θεῷ,

2120 1414 2513 1487 κατακρίνεται
2552 1414 2658 1466 ὑπὸ
2691 1411 2785 1466 τοῦ
2824 1413 3105 1484 προφήτου
3141 1410 3398 1482 Σαμουὴλ
3433 1410 3534 1481 τὴν
3573 1409 3711 1463 καθ-

2118 1510 2334 1580 αίρεσιν
2360 1508 2459 1577 τῆς
2490 1506 2789 1576 βασιλείας.

2202 1600 2428 1667 Ἀχαὰϐ
2464 1598 2796 1669 παραλαϐὼν
2836 1597 2927 1651 τὸν
2958 1596 3054 1650 τοῦ
3108 1596 3272 1666 Ἄδερ
3321 1595 3438 1648 υἱὸν
3485 1594 3711 1665 βασιλέα

2120 1691 2318 1763 Συρίας
2360 1692 2440 1754 εἰς
2482 1691 2784 1761 ἀναίρεσιν,
2827 1688 2981 1759 παρά
3034 1688 3133 1759 τὴν
3178 1687 3273 1742 τοῦ
3328 1687 3467 1741 Θεοῦ
3511 1687 3709 1759 βουλὴν

430 1790 631 1845 tradito
660 1789 766 1845 sibi
825 1788 879 1843 in
935 1803 1149 1853 necem,
1179 1787 1272 1857 qui
1324 1796 1669 1857 contemptor
1707 1786 1884 1841 iuerat
1920 1786 2010 1842 Dei

2125 1784 2261 1837 ἐλεεῖ
2296 1783 2387 1837 τὸν
2420 1783 2709 1837 ἐκδοθέντα
2744 1781 2894 1852 αὐτῴ
2942 1782 3021 1845 είς
3059 1780 3311 1842 θάνατον,
3357 1797 3711 1852 καταφρονη-

427 1881 613 1936 lsrael.
641 1879 1005 1947 Quamobrem
1038 1878 1266 1950 ipsemet
1292 1878 1624 1934 omnimodae
1652 1878 2014 1934 internecioni

426 1973 658 2029 traditus
681 1983 786 2028 est.

498 2060 602 2131 Qui
624 2060 815 2130 jussus
854 2060 1033 2130 fuerat
1064 2075 1093 2113 a
1126 2060 1388 2130 prepbeta
1428 2069 1713 2130 percutere
1742 2060 1919 2131 ipsum
1957 2061 2012 2115 in

424 2153 729 2206 evidentem
757 2151 1045 2221 imaginem
1088 2151 1445 2222 benignitatis
1480 2149 1577 2206 Dei
1607 2166 1732 2222 erga
1766 2152 2013 2206 immori-

425 2239 614 2309 gerum
637 2240 845 2306 Achab,
873 2240 1026 2295 audit
1060 2240 1164 2297 sibi
1195 2256 1558 2297 occursurum
1582 2242 1797 2297 leonem
1831 2242 2010 2299 ferum

423 2343 649 2404 propter
678 2332 1127 2388 inobedicntiam.
1158 2331 1224 2386 Et
1252 2347 1385 2388 sane
1416 2332 1469 2387 in
1504 2347 1629 2388 eum
1666 2334 1915 2389 incidens
1943 2350 2011 2391 ex

423 2424 639 2489 itinere,
673 2424 742 2479 ab
771 2424 864 2480 ilio
889 2423 1212 2480 interfectus
1240 2433 1325 2480 est
1352 2426 1423 2481 ”.

498 2512 763 2584 Propheta
808 2515 911 2570 sub
950 2511 1284 2569 Jeroboamo
1324 2514 1528 2570 missus
1572 2513 1624 2568 in
1672 2514 1897 2580 Bethel,
1958 2526 2016 2572 ut

426 2607 747 2676 praediceret
791 2606 1397 2677 pseudoiirophetarum
1453 2607 1699 2663 futuram
1750 2609 1804 2662 in
1852 2608 2013 2663 altari

425 2700 862 2756 combustionem
890 2740 905 2765 ,
939 2700 1241 2771 iussusque
1270 2716 1339 2757 ne
1369 2700 1425 2756 in
1462 2701 1687 2770 regione
1716 2700 1880 2757 Israel
1915 2717 2009 2757 co-

428 2792 672 2847 mederet
701 2792 998 2857 biberetve,
1028 2806 1155 2847 cum
1197 2792 1345 2848 dicto
1374 2792 1606 2849 audiens
1647 2808 1755 2848 non
1787 2792 2012 2859 inisset,

425 2902 454 2938 ιι
487 2884 604 2940 fero
625 2884 787 2942 leone
820 2899 887 2941 ex
913 2884 1108 2940 itinere
1129 2884 1403 2941 occiditur
1438 2885 1478 2940 '.

2116 1878 2219 1943 τὴν
2242 1876 2507 1946 γεγονότα
2553 1875 2649 1929 τοῦ
2697 1874 2834 1928 Θεοῦ
2880 1873 3116 1945 Ἰσραήλ.
3151 1873 3353 1945 Διόπερ
3403 1873 3567 1938 αὐτὸς
3611 1874 3704 1941 ἐξ·

2118 1966 2277 2037 εδόθη
2315 1969 2382 2037 τῇ
2411 1967 2678 2035 παγγενεϊ
2708 1965 2997 2036 διαφθορᾷ.

2200 2061 2264 2115 '0
2303 2058 2659 2127 κελευσθείς
2690 2059 2798 2113 ὑπὸ
2839 2059 2935 2112 τοῦ
2968 2059 3251 2130 προφήτου
3280 2058 3582 2112 πατάσσειν
3611 2058 3709 2111 αὐ-

2115 2153 2229 2216 τὸν,
2274 2152 2353 2214 είς
2386 2150 2609 2221 ἔλεγχον
2640 2149 2743 2220 τῆς
2790 2149 2885 2203 τοῦ
2925 2148 3131 2219 Ἀχαὰδ
3170 2149 3403 2219 ἁνηκόου
3438 2148 3533 2202 τοῦ
3568 2148 3708 2202 Θεοῦ

2118 2242 2534 2314 φιλανθρωπίας
2555 2283 2570 2306 .
2597 2242 2695 2297 καὶ
2729 2241 2804 2312 μὴ
2844 2240 3116 2305 πατάξας,
3146 2239 3323 2294 λέοντι
3354 2240 3708 2311 περιπίπτειν

2116 2334 2308 2390 ἀκούει
2335 2333 2423 2388 διὰ
2447 2332 2545 2402 τὴν
2575 2334 2861 2404 παρακοὴν
2892 2330 2971 2403 τῷ
3010 2331 3207 2402 θηρίῳ.
3254 2331 3364 2384 Καὶ
3390 2330 3568 2401 τούτῳ
3606 2348 3707 2384 πε-

2122 2426 2362 2497 ριπεσὼν
2400 2425 2543 2480 κατὰ
2576 2425 2676 2494 τὴν
2709 2424 2851 2489 ὁδὸν,
2896 2425 2988 2479 ὑπ’
3019 2422 3186 2477 αὐτοῦ
3236 2426 3330 2478 καὶ
3369 2424 3702 2496 ἀναιρεῖται.

2204 2520 2267 2574 '0
2303 2516 2617 2590 προφήτης
2663 2518 2769 2572 ὑπὸ
2800 2517 2897 2573 τοῦ
2949 2517 3234 2589 Ἰεροϐοὶιμ
3267 2518 3349 2581 είς
3376 2517 3477 2586 τὴν
3526 2515 3706 2588 Βεθὴλ

2117 2611 2468 2677 ἀποσταλεὶς,
2501 2608 2793 2680 προλέγειν
2819 2608 2917 2681 τὴν
2944 2608 3055 2662 τῶν
3082 2608 3547 2679 ψευδοπροφητῶν
3576 2608 3701 2661 ἐσο-

2119 2705 2289 2777 μένην
2338 2705 2432 2759 ὲπὶ
2478 2703 2571 2758 τοῦ
2620 2703 3012 2775 θυσιαστηρίου
3052 2704 3416 2767 κατάκαυσιν,
3464 2703 3560 2756 καὶ
3610 2720 3705 2757 κε-

2116 2795 2365 2860 λευσθεὶς
2393 2797 2474 2860 εἰς
2507 2796 2608 2867 τὴν
2639 2792 2736 2850 τοῦ
2787 2796 3007 2867 Ἰσραὴλ
3037 2795 3112 2867 μὴ
3139 2794 3461 2866 ὲστιαθῆναι
3491 2794 3701 2864 χώραν,

2116 2886 2549 2959 παρακουσθεὶς,
2593 2885 2699 2940 ὑπὸ
2734 2886 2952 2951 λέοντος
3003 2885 3192 2958 θηρίου
3241 2884 3387 2940 κατὰ
3433 2885 3534 2958 τὴν
3581 2884 3706 2940 ὁδὸν

2116 2980 2429 3052 ἔφοκεῦετο.

424 3088 578 3171 CAP.
614 3086 677 3142 L.
710 3120 780 3130 —
814 3086 1047 3155 Quinam
1071 3088 1304 3171 justitia:
1331 3088 1760 3187 καίει-νικηφόροι
1791 3098 2010 3172 mortem

2125 3096 2369 3187 KEfltAé.
2554 3124 2626 3187 1—
2685 3095 2852 3187 ζίνες
2914 3091 3580 3187 ιιισίίζόνιδικαέοσένηξ
3613 3091 3707 3176 ’τὸ

493 3160 667 3228 ipsam
690 3170 1037 3227 receperunt:
1077 3168 1125 3215 et
1155 3162 1371 3214 auinam
1398 3158 1460 3214 ob
1491 3161 1818 3229 impietatem
1849 3160 2011 3215 vitam

493 3231 881 3299 produxerunt.

492 3341 808 3399 Jeroboami
855 3345 998 3416 regis
1042 3344 1208 3411 ﬁlius,
1251 3360 1376 3400 eum
1412 3344 1829 3400 adolescentior
1862 3354 2012 3400 esset

423 3433 680 3498 moritur,
707 3434 961 3503 quoniam
1000 3437 1264 3489 inventum
1294 3444 1372 3489 est
1401 3435 1612 3489 verbum
1638 3435 1831 3489 bonum
1864 3436 1921 3489 in
1950 3452 2010 3491 eo

422 3527 729 3591 aDomino,
770 3537 831 3582 ut
880 3527 1018 3583 dixit
1067 3529 1267 3583 Acbias
1311 3530 1575 3599 propheta
1618 3529 1685 3584 ad
1732 3530 1851 3583 Ano
1895 3545 2012 3584 ma-

424 3628 562 3673 trem
598 3618 719 3688 ejus
755 3620 822 3674 de
852 3619 1001 3674 illius
1033 3622 1141 3675 vita
1185 3620 1561 3676 sciscitantem
1595 3622 1636 3675 ’.

493 3709 675 3767 Jusias
698 3710 1071 3780 pientissimus
1091 3727 1187 3769 rex
1216 3712 1286 3767 ob
1305 3713 1577 3781 justitiam
1604 3713 1857 3779 moritur,
1884 3730 2009 3769 cum

425 3802 671 3858 audisset
707 3803 777 3857 ab
811 3802 947 3857 Olda
981 3804 1300 3873 prophetiae
1332 3824 1346 3859 :
1391 3804 1519 3860 Haec
1552 3805 1683 3858 dicit
1719 3805 2011 3860 Dominus:

429 3894 561 3948 Ecce
601 3912 693 3966 ego
728 3912 955 3966 aggrego
986 3908 1033 3950 te
1062 3894 1131 3949 ad
1157 3908 1331 3965 patres
1366 3908 1503 3959 tuos,
1543 3899 2012 3968 aggregaberisque

424 3987 481 4040 in
506 4002 653 4055 pace,
682 3996 739 4039 ut
767 4003 829 4041 ue
852 3987 1059 4041 videant
1091 3988 1233 4042 oculi
1257 3990 1333 4042 tui
1358 3991 1535 4043 omnia
1568 3992 1733 4055 mala,
1775 4006 1892 4060 qua:
1918 4007 2010 4059 ego

420 4080 611 4133 induco
633 4095 791 4149 super
806 4080 943 4135 hunc
973 4081 1168 4147 locum,
1200 4081 1552 4152 populumque
1574 4083 1871 4136 universum
1896 4083 1939 4137 ³.

493 4346 557 4403 ll.
601 4347 771 4411 Cain,
820 4358 880 4404 ut
927 4349 980 4403 in
1032 4350 1319 4420 septimam
1367 4352 1776 4421 generationem
1828 4366 2009 4419 paena:

2186 3166 2516 3220 ἀποθανεῖν
2552 3165 2937 3235 ἐκομίσαντο·
2971 3166 3071 3217 καὶ
3106 3163 3268 3229 τίνες
3305 3163 3381 3217 δι’
3415 3164 3711 3230 ἀσεϐείας

2188 3236 2547 3290 ἐπεϐίωσαν.

2200 3346 2261 3401 '0
2284 3346 2379 3401 τοῦ
2420 3346 2699 3417 Ίεροὸοὰμ
2732 3345 3003 3417 βασιλέως
3033 3345 3173 3409 υίὸς,
3210 3345 3330 3409 νέος
3361 3346 3437 3399 ὣν
3462 3344 3710 3415 ἀποθνή-

2116 3456 2259 3503 σκει,
2325 3438 2535 3507 ἐπειδὴ
2574 3440 2789 3509 εὑρέθη
2816 3440 2983 3509 ῥῆμα
3013 3439 3240 3509 ἀγαθὸν
3263 3438 3331 3492 ἐν
3352 3436 3513 3504 αὐτῷ
3542 3438 3708 3507 παρὰ

2114 3533 2360 3600 Κυρίου,
2397 3531 2473 3595 ὡς
2510 3532 2698 3602 ’Δχίας
2727 3534 2755 3586 ὁ
2785 3533 3074 3602 προφήτης
3105 3533 3241 3602 πρὸς
3285 3530 3423 3583 Ἀνῶ
3453 3529 3551 3600 τὴν
3599 3546 3708 3601 μη-

2113 3621 2248 3692 τέρα
2279 3620 2468 3685 αὑτοῦ,
2500 3622 2631 3693 περὶ
2659 3621 2760 3692 τῆς
2793 3620 2942 3690 ζωῆς
2972 3621 3138 3674 αὐτοῦ
3175 3620 3490 3691 ἐρωτῶσαν,
3529 3620 3658 3690 ἔφη.

2197 3712 2411 3777 Ἰωσίας
2461 3713 2768 3784 εὐσεϐήσας
2818 3716 2846 3767 ό
2897 3713 3189 3782 βασιλεὺς,
3243 3714 3336 3766 ἐπὶ
3379 3713 3704 3786 δικαιοσύνῃ

2114 3804 2472 3875 ἀποθνήσκει,
2506 3805 2750 3869 ἀκούσας
2776 3806 2930 3875 παρὰ
2964 3806 3064 3872 τῆς
3105 3805 3443 3875 προφήτιδας
3489 3806 3702 3877 Ὀλδῆς⁶

2118 3894 2264 3949 Τάδε
2287 3895 2450 3965 λέγει
2477 3897 2712 3965 Κύριοςο
2752 3896 2899 3951 Ἰδοὺ
2926 3897 3041 3966 ἐγὼ
3064 3896 3430 3965 προστίθημι
3454 3912 3529 3950 σε
3550 3896 3709 3965 πρὸς

2111 3986 2255 4052 τοὺς
2303 3986 2565 4054 πατέρας
2607 4003 2745 4053 σου,
2786 3986 2885 4041 καὶ
2934 3986 3322 4056 προστεθήσῃ
3360 3987 3431 4041 ἐν
3464 3988 3705 4057 εἰρήνῃ,

2114 4079 2214 4131 ἵνα
2239 4077 2325 4147 μὴ
2358 4077 2573 4133 ἴδωσιν
2600 4082 2655 4133 οι
2712 4080 3010 4149 ὀφθαλμοί
3048 4096 3166 4133 σου
3195 4078 3392 4132 πάντα
3422 4079 3496 4133 τὰ
3521 4082 3704 4145 κακὰ,

2113 4170 2153 4225 ἅ
2199 4171 2314 4240 ἐγὼ
2342 4170 2546 4241 ἐπάγω
2595 4170 2694 4225 ἐπὶ
2729 4172 2836 4225 τὸν
2873 4174 3063 4226 τόπον
3101 4170 3341 4236 τοῦτον,
3372 4171 3471 4224 καί
3504 4169 3708 4225 πάντα

2114 4263 2223 4316 τὸν
2248 4264 2427 4317 λαόν.

2186 4356 2350 4422 Κάῐν,
2383 4356 2472 4410 ἵνα
2503 4356 2582 4417 είς
2614 4356 2848 4427 ἑϐδόμην
2888 4356 3224 4425 γενεὰν......
3255 4356 3356 4428 τὴν
3394 4356 3494 4427 τῆς
3535 4354 3703 4409 ἀδελ-

421 4439 584 4494 lueret
607 4440 629 4472 ⁸
670 4439 980 4495 fratricidii.
1014 4440 1338 4497 Chananaeae
1385 4442 1512 4498 item
1548 4452 1758 4513 gentes,
1791 4450 1851 4496 ut
1885 4458 2009 4512 pec-

2125 4448 2429 4518 φοκτονίας.
2465 4447 2576 4501 Καὶ
2604 4448 2670 4501 τὰ
2701 4447 3026 4502 Χαναναίων
3049 4448 3201 4518 ἔθνη,
3228 4448 3315 4502 ἵνα
3336 4446 3708 4518 πληρωθῶσιν

420 4542 542 4587 cata
569 4547 755 4585 carum
788 4532 1172 4601 implerentur.

418 4644 573 4701 CAP.
605 4643 693 4699 LI.
722 4675 793 4685 —
830 4644 1065 4711 Quinam
1098 4648 1243 4730 ,ᾔκιρεὶ
1276 4656 1402 4702 sunt
1442 4663 1545 4702 non
1571 4657 1892 4719 tegrotantes
1923 4649 2011 4704 dc-

1126 4734 1312 4773 vivere.

493 4831 717 4894 Aaron,
749 4833 842 4900 qui
879 4830 1072 4901 jussus
1111 4842 1191 4888 est
1229 4833 1283 4887 in
1320 4842 1566 4888 montem
1602 4830 1920 4896 ascendere,
1948 4842 2008 4888 ut

420 4932 726 4976 moreretur
751 4921 795 4974 ⁸.

491 5014 708 5086 Moyses
734 5015 828 5085 qui
860 5017 1035 5072 audiit
1060 5035 1073 5071 :
1101 5019 1335 5074 Ascende
1366 5022 1419 5074 in
1447 5030 1675 5076 montem
1708 5023 1928 5091 Nabau,
1954 5036 2003 5081 et

418 5124 626 5163 morere
661 5110 702 5162 ⁸.

492 5201 701 5262 Daniel.
733 5202 825 5270 qui
864 5202 933 5257 ab
964 5206 1159 5272 angelo
1187 5204 1360 5259 audiit
1391 5223 1404 5259 :
1442 5204 1519 5259 Tu
1557 5222 1675 5261 vero
1705 5208 1924 5264 ambula
1954 5220 2003 5265 et

418 5295 700 5363 requiesce.
729 5293 795 5350 Et
833 5296 1121 5366 requiesces
1154 5313 1493 5366 resurgesque
1516 5298 1569 5351 in
1604 5298 1835 5368 gloriam
1858 5310 2008 5355 tuam

420 5384 474 5436 in
504 5386 587 5439 die
614 5388 902 5453 constituta
935 5387 977 5441 ⁷.

489 5475 732 5533 Joannes
762 5481 1095 5552 evangelista
1130 5481 1173 5534 ⁸.

2115 4541 2296 4595 αὐτῶν
2326 4541 2380 4594 αἱ
2415 4540 2704 4611 ἁμαρτίαι.

2115 4656 2368 4711 ΚΕΦΛΛ.
2402 4655 2534 4712 ΝΑ’.
2580 4686 2650 4696 -—-
2689 4655 2858 4721 Τίνες
2904 4658 2977 4710 οὑ
3006 4656 3386 4724 νοσήσαντες
3432 4654 3709 4724 ἀποθνή-

2605 4743 2781 4780 σκειν
2811 4727 3190 4782 ἐκελεύοντο.

2199 4838 2435 4911 Ἀαρὼν,
2481 4840 2562 4902 είς
2609 4838 2670 4892 τὸ
2701 4839 2826 4911 ὅρος
2870 4838 3118 4893 ἀνελθεῖν
3171 4838 3552 4911 κελευόμενος,
3608 4838 3710 4895 ἵνα.

2113 4930 2382 5002 ἀποθάνῃ.

2186 5022 2450 5092 Μωῦσῆς,
2500 5022 2768 5091 Ἂνάϐηθι
2813 5024 2899 5089 είς
2930 5024 2994 5077 τὸ
3027 5023 3158 5091 ὅρος
3204 5024 3411 5080 Ναόαῦ
3451 5025 3551 5079 καί
3604 5042 3713 5080 τε-

2110 5115 2317 5175 λεύτα,
2352 5115 2589 5171 ἁκούων.

2188 5206 2387 5278 Δανιὴλ
2432 5206 2647 5260 ἀκούων
2687 5207 2839 5277 παρὰ
2881 5207 2974 5261 τοῦ
3023 5207 3283 5275 ἀγγέλου·
3317 5208 3427 5262 Καὶ
3466 5207 3549 5262 σὺ
3582 5207 3717 5273 βά-

2110 5296 2249 5363 διζε,
2281 5297 2380 5351 καὶ
2404 5298 2742 5353 ἀναπαύου.
2771 5298 2879 5351 Καὶ
2902 5298 3231 5367 ἀναπαύσῃ
3255 5299 3353 5352 καί
3373 5298 3716 5371 ἀναστήσῃ

2108 5392 2194 5457 είς
2229 5389 2343 5457 τὴν
2374 5389 2564 5455 δόξαν
2592 5406 2729 5457 σου,
2755 5393 2841 5457 είς
2869 5389 3243 5460 προθεσμίαν
3271 5389 3530 5461 ἡμερῶν.

2192 5480 2444 5552 Ἰωάννης
2471 5483 2499 5534 ὁ
2532 5483 2927 5554 εὐαγγελιστής
2956 5481 3091 5554 (61).

491 5615 536 5695 ξε
568 5616 609 5673 ll
640 5616 816 5695 Par_a_l_.
846 5624 1037 5695 seu}.
1115 5621 1160 5652 ’9
1195 5620 1548 5695 lleregaxx,
1578 5622 1666 5695 55.
1746 5624 1760 5653 ¹
1797 5621 1860 5677 ΙΙΙ
1892 5621 2010 5689 [ἶρις

2125 5640 2229 5695 un,
2254 5623 2301 5685 l,
2338 5622 2423 5676 l8.
2502 5624 2522 5654 ²
2554 5622 2621 5695 ill
2657 5622 2786 5695 Reg.
2824 5624 3048 5690 xtv,15.
3129 5623 3149 5655 ³
3181 5621 3247 5679 ιν
3274 5621 3406 5694 Reg.
3433 5639 3572 5691 χιιι,
3599 5623 3713 5681 20.

420 5683 442 5719 ⁸
468 5686 604 5743 Gen.
631 5705 704 5753 tv,
739 5690 823 5744 15.
898 5693 918 5722 ⁵
953 5692 1111 5746 Num.
1142 5708 1233 5755 xx,
1261 5694 1354 5755 ‘25,
1377 5683 1479 5748 "29.
1538 5683 1577 5724 ’⁸
1608 5694 1760 5747 Deut.
1789 5683 2010 5756 xxxnﬂi

2161 5695 2178 5724 ⁷
2219 5683 2351 5748 um.
2382 5709 2478 5759 xu,
2510 5694 2596 5757 ιδ.

498 5800 610 5874 (61)
634 5801 769 5860 Vide
790 5802 925 5861 Cod.
956 5808 1248 5878 apocryph.
1280 5805 1415 5863 Novi
1448 5806 1713 5872 Testatur,
1741 5822 1861 5878 pag.
1894 5805 2023 5867 589.
