4044 6440
480 304 554 370 55
1975 310 2277 371 JOSEPPI
3684 309 3750 369 56

476 426 629 484 CAP.
665 426 826 483 LVII.
855 458 921 469 ——
953 427 1185 495 Quinam
1206 428 1331 480 dum
1352 427 1645 495 efferuntur
1683 427 1874 496 dejecti
1911 437 2052 480 sunt.

2200 429 2412 484 ζΕΦΑΛ.
2451 428 2574 483 NZ'.
2608 457 2674 467 ——
2710 427 2875 492 Τίνες
2909 422 3462 494 ἀλαζονευσάμενοι
3498 430 3747 492 κατηνέ-

552 607 658 674 Qui
684 608 875 661 turrim
900 606 952 660 in
983 605 1182 661 crelum
1210 603 1607 675 pertingentem
1637 604 1911 662 mdilicare
1931 606 2062 667 dum

480 695 692 758 volunt,
731 694 1057 762 multilingui
1095 708 1226 748 voce
1257 693 1418 747 scissi
1454 703 1608 749 sunt.

555 780 790 847 Pharao,
818 782 909 851 qui
935 781 986 834 in
1015 796 1113 835 sua
1149 782 1391 851 potentia
1418 782 1754 853 gloriabatur
1779 785 2064 851 audacter,

479 882 533 926 et
566 872 820 927 dicebat:
853 872 1021 926 Deam
1044 889 1147 926 non
1176 874 1319 938 novi,
1345 883 1391 928 et
1416 875 1664 942 populum
1698 893 1799 930 non
1829 878 2063 944 dimitto,

484 964 532 1017 is
574 973 697 1032 post
725 964 910 1018 decem
950 966 1138 1036 plagas
1170 981 1295 1020 cum
1328 970 1589 1023 universo
1620 971 1861 1025 exercitu
1899 972 2068 1026 maris

481 1054 639 1124 aquis
666 1056 898 1111 obrutus
931 1066 1035 1110 est.

554 1143 813 1209 Roboam,
846 1146 940 1214 qui
964 1146 1094 1199 dum
1126 1149 1309 1217 populi
1343 1150 1546 1205 nullam
1583 1152 1743 1205 habet
1772 1152 2065 1216 rationem,

480 1246 531 1291 et
550 1235 673 1307 plus
694 1252 860 1307 quam
898 1250 1048 1307 pater
1077 1238 1199 1308 ejus
1230 1240 1490 1297 Salomon
1517 1243 1634 1297 vult
1659 1259 1874 1313 sapere,
1907 1260 1935 1298 a
1969 1261 2067 1315 pa-

484 1337 640 1381 terno
664 1328 869 1382 excidit
900 1328 1154 1398 imperio.

553 1415 788 1484 Goliam,
823 1406 1314 1491 superbe'sapiens
1346 1425 1609 1480 adversus
1639 1425 1811 1481 aciem
1847 1427 2071 1481 univer-

483 1525 601 1564 sam
634 1510 812 1565 sancti
844 1513 1050 1582 populi,
1112 1514 1259 1570 velut
1297 1516 1473 1583 canis,
1507 1517 1684 1587 lapide
1715 1532 1841 1571 eum
1879 1533 2072 1587 percu-

406 1594 413 1601 ’
486 1602 654 1658 tiente
679 1603 1107 1673 adolescentulo,
1136 1608 1354 1664 cecidit.

554 1696 863 1751 Abessalom
894 1699 985 1768 qui
1021 1700 1090 1754 ob
1118 1716 1357 1768 comam,
1382 1712 1435 1758 et
1461 1704 1697 1762 Adonias
1727 1710 1820 1778 qui
1856 1709 1925 1762 ob
1956 1706 2071 1762 for-

2822 500 3085 566 χθησαν.

2238 616 2302 667 Ol
2332 614 2425 667 τὸν
2476 613 2554 676 είς
2593 610 2825 681 οὐρανὸν
2859 611 3115 678 διήκοντα
3152 607 3510 678 βουληθέντες
3550 607 3752 659 οἰκοδο-

2171 710 2291 779 μεῖν
2321 708 2573 776 πύργον,
2613 708 2680 774 τῇ
2715 702 3084 771 πολυγλώσσῳ
3122 701 3530 769 διασχισθέντες
3579 702 3750 770 φωνῇ.

2239 799 2452 867 Φαραὼ
2499 800 2592 852 ἐπὶ
2625 798 2689 866 τῇ
2723 796 2918 849 ἑαυτοῦ
2948 794 3176 864 δυνάμει
3212 793 3638 863 θρασυνόμενος.
3666 794 3756 844 καὶ

2168 890 2366 958 λέγων·
2414 887 2527 943 Τὸν
2577 886 2726 940 Θεὸν
2771 887 2883 939 οὐκ
2925 884 3271 952 ἐπίσταμαι,
3320 884 3418 936 καὶ
3452 882 3558 936 τὸν
3602 882 3755 935 λαὸν

2169 985 2281 1038 οὐκ
2318 980 2680 1037 ἀποστέλλω
2702 995 2716 1009 ⁸
2763 976 2902 1048 μετὰ
2931 977 3029 1040 τὰς
3073 975 3206 1029 δέκα
3246 974 3459 1045 πληγὰς
3480 1016 3494 1041 ,
3527 973 3635 1027 ὑπὸ
3665 973 3758 1043 βυ-

2172 1076 2263 1129 θὸν
2295 1073 2641 1143 πανστρατιᾷ
2665 1070 3101 1139 καλυπτόμενος.

2254 1162 2507 1233 Ῥοϐοὰμ
2537 1162 2962 1231 καταφρονήσας
3003 1158 3099 1211 τοῦ
3130 1156 3285 1215 λαοῦ.
3321 1156 3418 1209 καὶ
3454 1155 3627 1227 μείζω
3657 1155 3754 1208 τοῦ

2173 1255 2488 1326 Σολομῶνος
2527 1254 2621 1307 τοῦ
2656 1251 2851 1306 ἑαυτοῦ
2885 1251 3088 1321 πατρὸς
3123 1248 3358 1319 θελήσας
3384 1251 3628 1320 φρονεῖν,
3657 1251 3757 1319 τῆς

2174 1348 2451 1418 πατρικῆς
2486 1346 2745 1410 ἐξέπεσεν
2775 1345 2971 1415 ἀρχῆς.

2244 1441 2470 1493 romae
2512 1438 2656 1508 μέγα
2703 1437 2985 1507 φρονήσας
3028 1435 3174 1489 κατὰ
3223 1432 3587 1505 παρατάξεως
3626 1432 3757 1503 ὅλης

2172 1530 2269 1584 τοῦ
2315 1528 2461 1600 ἱεροῦ
2509 1525 2659 1590 λαοῦ,
2694 1528 2769 1590 ὼς
2820 1526 2987 1590 κύων,
3032 1525 3165 1595 λίθῳ
3212 1523 3426 1579 νεανίου
3472 1521 3762 1592 βάλλοντος

2173 1623 2357 1685 αὑτὸν,
2389 1622 2719 1676 κατέπεσεν.

2259 1710 2649 1779 Ἀϐεσσαλὼμ
2678 1709 2771 1761 ἐπὶ
2802 1708 2968 1778 κόμῃ,
3001 1706 3094 1760 καὶ
3129 1705 3415 1769 Ἀδωνίας
3454 1703 3547 1755 ἐπὶ
3573 1700 3763 1754 κάλλει

488 1805 634 1844 mam
668 1790 793 1847 elati
825 1800 1004 1859 erant,
1027 1792 1422 1851 inhonoratum
1456 1797 1561 1852 sibi
1594 1800 1715 1855 vitae
1746 1800 1907 1855 ﬁnem
1939 1816 2069 1854 con-

2200 1803 2539 1876 κπαρθέντες,
2571 1775 2844 1869 ἀτίμωτον
2872 1775 3082 1860 ἑαυτοῖς
3115 1796 3228 1866 βίον
3253 1791 3650 1863 κατέστρεψαν.

487 1881 765 1940 ciliarunt.

556 1973 982 2047 Babyloniorum
1026 1994 1117 2034 res
1152 1978 1529 2035 Seunaclterim
1582 1982 1739 2039 valde
1797 1982 2071 2039 ferociens

484 2066 557 2122 ob
583 2068 823 2124 devictas
855 2080 1065 2141 gentes,
1085 2080 1138 2125 et
1167 2072 1431 2128 adversus
1457 2073 1769 2138 Ezechiam,
1805 2084 2067 2145 tanquam

485 2158 577 2225 qui
607 2158 789 2227 juvari
816 2161 965 2217 nullo
988 2162 1150 2218 modo
1166 2175 1373 2233 posset,
1400 2180 1495 2234 per
1524 2164 1833 2235 Rapsacum
1866 2169 2070 2231 elatus,

484 2264 646 2304 suum
673 2250 845 2320 ipsius
874 2254 1173 2309 exercitum
1202 2255 1467 2312 divinitus
1502 2256 1753 2311 immissa
1786 2257 1940 2328 plaga
1968 2259 2070 2314 sub

484 2356 656 2395 unum
689 2344 952 2414 temporis
976 2355 1317 2402 momentum
1347 2347 1628 2414 amittens,
1656 2357 1823 2419 atque
1853 2360 2071 2421 arrepta

484 2431 635 2502 fuga,
668 2434 821 2491 solus
859 2436 1093 2493 evadens
1125 2437 1178 2492 in
1214 2446 1414 2494 terram
1450 2454 1630 2503 suam,
1662 2441 1861 2496 ibidem
1894 2457 1924 2496 a
1956 2443 2073 2497 suis

484 2524 672 2592 pueris
700 2525 1018 2583 interfectus
1046 2538 1152 2585 est.

560 2617 736 2688 Syria:
774 2635 867 2673 rex
918 2619 1093 2674 Adadi
1132 2621 1314 2687 illius,
1368 2622 1463 2691 qui
1507 2622 1636 2677 dum
1680 2621 1967 2677 minitatur
2013 2638 2074 2678 se

488 2713 805 2769 universum
854 2713 1217 2768 lsraeliticum
1257 2714 1522 2785 populum
1558 2715 1920 2771 internecioni
1972 2716 2073 2771 da-

486 2816 695 2873 turum,
729 2806 799 2861 ab
828 2806 1274 2863 adolescentibus
1298 2823 1540 2873 ccxxx",
1571 2808 1756 2863 decem
1790 2819 2072 2880 pugnato-

487 2912 609 2952 rum
637 2910 865 2952 suorum
902 2896 1069 2951 millia
1100 2897 1309 2963 amisit,
1339 2906 1621 2968 totumque
1647 2912 1877 2969 regnum
1909 2913 2073 2954 suum

489 2985 727 3057 perdidit
748 2986 816 3041 ".

561 3078 727 3137 Ozias
762 3096 878 3145 rex,
913 3079 1007 3150 qui
1034 3079 1105 3134 ob
1132 3079 1405 3149 justitiam
1440 3080 1707 3151 superbos
1734 3081 1960 3147 spiritus
1983 3099 2075 3139 su-

488 3186 669 3233 mens,
707 3171 1006 3241 volensque
1041 3173 1382 3227 sacerdotem
1428 3186 1612 3243 agere,
1648 3173 1799 3243 lepra
1853 3189 2076 3243 percus-

489 3278 607 3327 sus,
639 3279 749 3317 non
784 3263 951 3318 modo
978 3278 1171 3335 regno,
1214 3264 1310 3319 sed
1343 3265 1509 3319 domo
1533 3264 1699 3320 etiam
1728 3265 1942 3335 ejectus
1969 3276 2072 3322 est.

562 3351 1057 3409 Nabuchodonosor
1084 3355 1157 3411 ob
1194 3356 1442 3410 omnium
1475 3356 1721 3427 gentium
1755 3359 2074 3423 victoriam,

490 3455 820 3514 auctamque
847 3446 1200 3519 Babylonem,
1229 3462 1394 3519 super
1414 3462 1606 3504 omnes
1637 3449 1840 3515 elatus,
1874 3450 2077 3507 amissa

490 3533 730 3589 hominis
752 3543 955 3602 mente,
988 3534 1117 3589 ἴστω
1143 3536 1316 3590 instar
1343 3534 1588 3590 animum
1616 3536 1872 3593 obtinuit.

567 3709 872 3764 Plurimus
905 3710 1069 3767 etiam
1100 3710 1172 3769 oh
1211 3712 1486 3781 propriam
1520 3712 1791 3783 justitiam
1836 3714 1946 3769 alte
1988 3729 2078 3770 sa-

490 3801 669 3871 piens,
695 3809 860 3870 atque
884 3816 951 3855 ex
976 3816 1041 3856 ea
1063 3802 1117 3856 in
1147 3802 1500 3872 publicanum
1525 3803 1787 3859 audacter
1808 3805 2076 3870 invectus,

485 3894 755 3963 justitiam
791 3892 996 3951 amisit.

490 4003 647 4062 CAP.
679 4003 861 4082 LVlll.
896 4036 968 4047 —
999 4005 1230 4082 Quinam
1259 4015 1472 4082 propter
1492 4007 1851 4082 humilitatem
1874 4007 1944 4062 ad
1971 4009 2080 4082 glo-

775 4078 914 4130 riam
950 4086 1000 4131 et
1040 4076 1408 4131 celsitudinem
1441 4080 1601 4131 evecti
1642 4088 1786 4134 sunt.

560 4192 775 4263 Ioseph,
808 4192 937 4248 dum
970 4193 1236 4262 patienter
1269 4193 1660 4264 humiliterque
1695 4196 1933 4251 sustinet
1960 4210 2076 4251 mo-

488 4291 678 4347 lestias
710 4289 887 4344 illatas
915 4288 1020 4344 sibi
1052 4304 1080 4341 a
1112 4286 1375 4343 fratribus
1407 4297 1462 4343 et
1513 4299 1760 4360 reputata
1806 4289 1935 4345 hera
1958 4332 1973 4358 ,
2008 4291 2075 4346 ad

491 4383 779 4453 imperium
811 4380 1029 4453 iEgypti
1064 4388 1356 4450 provectus
1388 4389 1491 4435 est.

559 4474 730 4528 Jacob
762 4473 1005 4545 fugitans
1038 4472 1225 4527 fratris
1268 4472 1469 4534 minas,
1509 4472 1948 4544 hospitalemque
1978 4490 2078 4543 pro
2114 4493 2156 4548 ί)

493 4567 670 4637 patrio
694 4566 864 4624 larem
891 4565 1215 4629 immutans,
1246 4564 1453 4618 divitiis
1477 4572 1531 4619 et
1558 4565 1861 4621 honoribus
1883 4582 2078 4621 cumu-

491 4661 636 4714 latus
665 4673 920 4714 reversus
954 4666 1056 4712 est.

562 4750 735 4805 Jadas
769 4749 1062 4819 procidens
1090 4762 1277 4804 coram
1310 4748 1515 4818 Joseph
1549 4748 1593 4780 “
1624 4750 1695 4803 ob
1725 4763 1788 4802 ea
1813 4788 1828 4812 ,
1865 4764 1987 4818 qua:
2023 4750 2076 4805 in

492 4842 641 4895 illum
680 4855 962 4915 perperam
1001 4848 1149 4909 gesta
1174 4838 1409 4908 fuerant,
1440 4841 1639 4911 regalis
1672 4842 1940 4912 prosapiae
1973 4857 2074 4896 au-

488 4943 608 4989 ctor
635 4942 694 4987 ut
726 4932 875 4986 ﬂeret
906 4931 1104 5001 dignus
1135 4932 1351 4987 habitus
1384 4941 1489 4987 est.

555 5022 871 5082 Gabaonin
916 5022 1048 5077 dum
1098 5021 1285 5078 Jcsum
1336 5025 1575 5089 adeunt,
1615 5026 1837 5095 quando
1882 5038 2072 5097 gentes

488 5116 831 5180 debellabat,
868 5129 965 5185 per
994 5114 1359 5169 humilitatem
1399 5114 1452 5169 in
1501 5116 1614 5171 suis
1661 5118 1899 5186 propriis
1951 5134 2074 5188 per-

486 5217 829 5274 manserunt,
857 5209 1135 5264 consecuti
1165 5207 1614 5264 incolumitatem.

558 5303 731 5358 David
774 5302 980 5372 jugiter
1011 5301 1236 5357 humilis
1270 5302 1325 5355 in
1360 5303 1447 5368 iis,
1482 5318 1604 5373 quae
1648 5319 1677 5358 a
1706 5304 1871 5360 Saule
1902 5305 2071 5361 susti-

491 5395 676 5462 nebat,
705 5410 931 5467 rcgnum
960 5409 1183 5467 quoque
1212 5394 1469 5449 obtinuit.

561 5483 821 5540 Jeremias
847 5486 1115 5558 vapulans
1154 5496 1210 5541 et
1241 5486 1554 5542 custoditus
1594 5488 1647 5543 in
1683 5505 1902 5545 carcere
1938 5506 2067 5562 pro-

492 5584 611 5645 pter
635 5592 857 5633 veraces
882 5578 1285 5648 praedictiones,
1310 5578 1439 5634 dum
1474 5580 1593 5636 haac
1620 5582 1901 5639 humiliter
1930 5585 2069 5656 pati-

568 5730 609 5763 “
643 5728 703 5787 ΠΙ
736 5727 865 5801 Reg.
896 5749 983 5797 xx,
1018 5733 1101 5787 15.
1185 5736 1223 5766 ¹²
1257 5733 1388 5789 ch.
1436 5750 1579 5801 κων,
1620 5734 1697 5790 l8.

2264 1986 2322 2037 Ὀ
2354 1982 2463 2036 τῶν
2501 1978 2861 2034 Βαϐυλωνίων
2904 1974 3153 2046 βασιλεὺς
3181 1968 3591 2039 Σενναχηρεὶμ
3619 1967 3769 2036 μέγα

2178 2073 2505 2145 θρασυνθεὶς
2538 2070 2629 2123 ἐπὶ
2657 2071 2723 2138 τῇ
2757 2067 2866 2119 τῶν
2916 2064 3088 2118 ἐθνῶν
3128 2060 3463 2133 παραλήψει,
3496 2059 3592 2111 καὶ
3621 2058 3772 2109 κατὰ

2176 2167 2273 2222 τοῦ
2334 2164 2604 2229 Ἐζεκίου,
2650 2161 2726 2223 ὡς
2787 2158 2862 2229 μὴ
2914 2154 3219 2225 δυναμένου
3266 2149 3627 2221 βοηθεῖσθαι,
3680 2146 3771 2200 διὰ

2188 2258 2466 2327 Ῥαψάκου
2492 2251 2881 2322 κατεπαρθεὶς,
2912 2249 3003 2301 τὸν
3034 2246 3228 2300 ἑαυτοῦ
3254 2244 3482 2315 στρατόν
3518 2241 3772 2309 θεηλὰτῳ

2181 2352 2365 2422 πληγῇ
2404 2348 2508 2402 ὑπὸ
2542 2347 2672 2417 μίαν
2700 2341 2890 2413 καιροῦ
2929 2339 3102 2412 ῥοπὴν
3126 2336 3384 2399 ἁπολλῦς,
3433 2334 3531 2388 καὶ
3556 2331 3769 2402 δραπέ-

2180 2461 2277 2513 της
2302 2483 2316 2507 ,
2355 2441 2513 2512 μόνος
2546 2435 2963 2506 ἀποδιδράσκων
2996 2434 3077 2495 είς
3104 2432 3205 2501 τὴν
3247 2426 3441 2481 ἑαυτοῦ
3486 2424 3615 2495 γῆν,
3661 2422 3770 2475 κά-

2180 2538 2330 2589 κεῖσε
2357 2533 2493 2602 πρδς
2522 2531 2631 2586 τῶν
2656 2529 2871 2583 οίκείων
2900 2525 3106 2580 παίδων
3131 2520 3547 2591 ἀναιρούμενος.

2262 2630 2326 2681 '0
2353 2628 2572 2695 Σηρίας
2605 2620 2909 2689 ,βασιλεὺς
2953 2617 3173 2672 Ἀδάδου
3203 2618 3231 2669 ό
3276 2614 3391 2677 υίὸς
3414 2655 3428 2678 ,
3465 2613 3645 2668 πάντα
3674 2615 3772 2664 τὸν

2180 2721 2274 2775 τοῦ
2304 2718 2522 2791 Ἰσραὴλ
2550 2716 2677 2770 λαὸν
2719 2712 3007 2782 ἀφανίζειν
3052 2708 3315 2771 ἀπειλῶν,
3342 2705 3430 2759 διὰ
3460 2704 3773 2775 παιδαρίων

2160 2800 2294 2885 σλβ¹
2319 2832 2332 2845 ·
2375 2811 2598 2883 μυρίους
2627 2803 2961 2875 πολεμιστὰς
2991 2800 3186 2856 ἑαυτοῦ
3221 2798 3506 2862 ἀπόλλυσι,
3545 2796 3641 2850 καὶ
3667 2795 3773 2865 τὴν

2182 2906 2311 2977 ὃλην
2342 2902 2535 2957 ἑαυτοῦ
2571 2898 2851 2971 βασιλείαν
2884 2892 3241 2964 διεφθείρετο.

2268 3079 2455 3146 Ὀζίας
2483 3080 2509 3132 ό
2545 3075 2798 3148 βασιλεὺς
2824 3073 2914 3126 ἐπὶ
2940 3069 3255 3141 δικαιοσύνῃ
3290 3068 3431 3140 μέγα
3462 3065 3772 3137 φρονήσας,

2182 3174 2277 3228 καὶ
2321 3170 2569 3241 ἱερᾶσθαι
2614 3166 2961 3239 βουλόμενος,
3007 3161 3328 3233 λεπρωθεὶς,
3362 3159 3423 3212 οὺ
3473 3158 3636 3230 μόνον
3666 3157 3775 3225 τῆς

2184 3263 2485 3336 βασιλείας,
2513 3260 2649 3314 ἀλλὰ
2676 3259 2772 3311 xal.
2800 3257 2898 3326 τῆς
2923 3255 3101 3318 οἰκίας
3128 3252 3465 3319 ὲξεϐἁλλετο.

2252 3350 2794 3420 Ναϐουχοδονόσορ
2827 3348 2921 3400 ἐπὶ
2963 3348 3030 3416 τῇ
3081 3345 3298 3398 πάντων
3343 3343 3613 3413 κρατήσει
3658 3341 3780 3396 τῶν

2182 3448 2374 3508 ἐθνῶν,
2412 3446 2506 3499 καὶ
2546 3446 2641 3511 τῆς
2675 3440 2999 3504 Βαϐυλῶνος
3042 3437 3292 3508 αὐξήσει,
3329 3435 3472 3505 ὑπὲρ
3520 3434 3779 3497 ἅπαντας

2181 3540 2468 3612 ἐπαρθεὶς,
2518 3538 2617 3609 τὴν
2655 3534 2748 3589 τοῦ
2792 3532 3087 3605 ἀνθρώπου
3133 3530 3373 3585 διάνοιαν
3407 3526 3775 3599 ἀφαιρεθεὶς,

2182 3634 2371 3704 θηρίου
2409 3630 2588 3700 ψυχὴν
2621 3628 2716 3682 καὶ
2747 3626 2947 3697 τρόπον
2974 3623 3196 3695 ἔσχηκε.

2252 3724 2362 3776 Καὶ
2404 3719 2731 3791 Φαρισαῖος
2760 3718 2853 3771 ἐπὶ
2898 3719 2964 3787 τῇ
3012 3713 3206 3768 ἑαυτοῦ
3247 3714 3569 3786 δικαιοσύνῃ
3623 3712 3780 3784 μέγα

2182 3813 2481 3883 φρονήσας,
2526 3809 2622 3863 καὶ
2654 3809 2745 3860 ἐπὶ
2772 3804 2944 3877 ταύτῃ
2972 3804 3116 3859 κατὰ
3143 3803 3240 3858 τοῦ
3266 3803 3501 3859 τελώνου
3533 3803 3780 3875 θρασυν-

2181 3904 2317 3967 θεὶς,
2346 3902 2446 3974 τὴν
2478 3897 2828 3969 δικαιοσύνην
2860 3896 3127 3952 ἀπόλωλε.

2181 4018 2431 4073 ΚΕΦΑΛ.
2476 4015 2609 4069 ΝΗ’.
2633 4041 2706 4054 -—
2739 4013 2906 4080 Τίνες
2943 4010 3043 4065 διὰ
3077 4012 3644 4081 ταπεινοφροσύνην
3684 4015 3782 4080 είς

2552 4084 2741 4148 δόξαν
2766 4084 2864 4137 καὶ
2907 4082 3065 4152 ὕψος
3090 4082 3393 4151 ἤχθησαν.

2265 4198 2489 4267 Ἰωσὴφ
2512 4236 2527 4261 ,
2568 4196 3075 4267 ταπεινοφρονὴσας
3113 4195 3199 4264 ἐφ’
3232 4189 3314 4259 οἷς
3366 4195 3629 4265 ὑπέμεινε
3672 4214 3784 4268 xu-

2180 4293 2366 4353 λεποῖς
2410 4290 2562 4360 παρὰ
2607 4287 2716 4340 τῶν
2748 4286 2994 4355 ἀδελφῶν
3025 4288 3119 4340 καὶ
3148 4287 3248 4355 τῆς
3289 4286 3645 4358 νομισθείσης
3679 4288 3783 4343 δε-

2184 4381 2437 4450 σποίνης,
2468 4381 2548 4442 είς
2573 4377 2635 4431 τὸ
2667 4378 2888 4447 κρατεῖν
2912 4377 3015 4446 τῆς
3038 4377 3316 4445 Αἰγύπτου
3348 4378 3643 4449 προήγετο.

2264 4472 2480 4529 Ἰακὼϐ
2535 4470 2754 4541 φεύγων
2802 4469 2901 4533 τὰς
2937 4469 3032 4523 τοῦ
3081 4469 3314 4539 ἀδελφοῦ
3364 4471 3617 4536 ἀπειλὰς,
3673 4473 3785 4526 καὶ

2181 4567 2343 4636 ξένην
2372 4563 2495 4617 ἀντὶ
2533 4561 2634 4632 τῆς
2661 4558 2922 4630 πατρῴας
2953 4559 3140 4613 έστίαν
3177 4559 3573 4632 ἀλλαξάμενος,
3602 4559 3783 4615 πλού-

2182 4657 2665 4727 σιοςιὲπανήρχετο
2691 4653 2786 4705 καὶ
2812 4651 3015 4722 τίμιος.

2264 4749 2484 4815 Ἰούδας
2536 4743 2817 4799 ἐπιπεσὼν
2860 4744 2940 4813 τῷ
2997 4744 3193 4814 Ἰωσὴφ
3228 4744 3314 4814 ἐφ’
3356 4740 3439 4809 οἷς
3478 4746 3559 4809 είς
3604 4743 3784 4798 αὐτὸν

2182 4841 2638 4914 ἐπλημμέλησαν,
2675 4832 2958 4907 βασιλικοῦ
3005 4834 3196 4901 γένους
3226 4834 3474 4901 ἀξιοῦται
3509 4835 3785 4904 γενέσθαι

2180 4937 2476 5008 φύλαρχος,

2256 5030 2625 5084 Γαϐαωνῖται
2670 5028 2765 5082 τὸν
2833 5026 3043 5097 Ἰησοῦν
3082 5024 3410 5086 ὑπελθόντες
3440 5024 3498 5076 ὲν
3543 5022 3610 5092 τῇ
3657 5021 3783 5074 τῶν

2184 5122 2354 5177 ἐθνῶν
2398 5122 2735 5193 παραλήψει,
2797 5120 2887 5173 διὰ
2928 5118 3435 5188 ταπεινοφροσύνης
3468 5116 3525 5166 ὲν
3552 5116 3663 5175 τοῖς
3692 5115 3785 5166 οἰ-

2183 5215 2355 5277 κείοις
2389 5214 2733 5284 μεμενήκασι
2754 5253 2767 5277 ,
2804 5214 2904 5280 τῆς
2935 5209 3211 5281 σωτηρίας
3242 5206 3624 5279 τετυχηκότες.

2256 5308 2433 5361 Δαϐίδ
2469 5307 2535 5360 δι’
2584 5306 2707 5359 ὅλου
2754 5302 3198 5373 ταπεινοφρονῶν
3251 5303 3337 5370 ἐφ’
3386 5296 3465 5363 οἷς
3520 5298 3627 5350 ὑπὸ
3675 5297 3784 5350 τοῦ

2180 5402 2354 5455 Σαοὺλ
2379 5401 2662 5472 ὑπέμεινε,
2695 5400 2789 5453 καὶ
2824 5399 2920 5469 τὴν
2948 5397 3227 5468 βασιλείαν
3250 5395 3657 5465 ἀπελάμϐανεν.

2264 5493 2549 5562 Ἱερεμίας
2576 5492 2916 5561 τυπτόμενος
2950 5492 3043 5543 καὶ
3070 5488 3503 5559 φυλακιζὸμενος
3532 5488 3625 5540 ἐπὶ
3649 5491 3783 5552 ταῖς

2178 5585 2404 5655 ἀληθέσι
2461 5584 2837 5656 προρρήσεσι,
2889 5583 2985 5637 καὶ
3047 5581 3230 5653 φέρων
3284 5579 3782 5651 ταπεινοφρόνως,
