4044 6476
360 402 432 468 59
1862 389 2166 451 JOSEPPI
3242 350 3247 357 ’
3568 384 3639 444 oo

360 534 539 575 rorem
570 515 810 572 Thamar
841 513 1104 583 virginem
1137 508 1370 574 vitiavit,
1404 518 1458 564 et
1494 516 1617 578 post
1651 516 1940 564 contume-

2070 507 2141 578 ὴν
2185 505 2420 576 ἀδελφὴν
2472 505 2672 573 Θάμαρ
2721 501 2992 573 παρθένον
3037 501 3307 572 φθείρας,
3369 503 3467 555 καὶ
3501 474 3667 599 μετὰέ

358 611 485 664 liam
511 626 541 664 c
575 608 739 663 domo
771 622 869 661 sua
898 606 1042 660 illam
1067 603 1246 673 ejecit.
1277 600 1610 663 Abessalom,
1637 600 1730 669 qui
1764 611 1947 667 pater-

2048 601 2148 668 τὴν
2181 598 2339 668 ὕϐριν
2369 598 2467 668 τῆς
2497 595 2695 650 ἑαυτοῦ
2719 595 2928 657 οἰκείας
2951 593 3307 663 ἀποπέμψας.
3348 594 3634 647 Ἀϐεσσα-

359 718 460 756 nus
492 716 692 755 uxores
726 700 778 752 in
812 700 981 767 patris
1020 693 1402 766 ignominiam,
1442 690 1677 746 consilio
1712 689 1943 745 Achito-

2048 690 2177 760 λὼμ
2198 689 2294 753 τὰς
2316 690 2411 743 τοῦ
2442 690 2645 761 πατρλις
2670 690 2937 758 γυναῖκας
2961 687 3047 739 ἐπ’
3074 686 3269 755 ἀτιμία
3289 687 3385 741 τοῦ
3408 686 3634 756 πατρὸς,

359 793 556 865 phelis,
580 792 789 847 incestu
818 788 1028 859 polluit.

2050 783 2244 855 γνώμῃ
2272 782 2367 836 τοῦ
2404 782 2708 853 ’Λχιτόφελ,
2738 780 3083 852 διαφθείρας.

463 929 619 985 CAP.
658 927 846 983 LXIII.
874 957 944 967 —
973 926 1205 992 Quinam
1259 924 1549 979 binomines
1594 924 1835 994 fuerunt.

2149 916 2399 971 ΚΕΦΑΛ.
2430 914 2548 969 ΞΓ.
2581 945 2650 955 -
2686 915 2853 980 Τίνες
2875 913 3157 983 διώνυμοι
3191 913 3536 983 γεγόνασιν.

467 1043 618 1095 ὸιΙιοι·
646 1041 847 1112 Moysis
878 1054 1058 1105 socer,
1088 1039 1184 1110 qui
1217 1040 1382 1095 etiam
1420 1036 1629 1108 Raguel
1660 1044 1715 1093 et
1758 1035 1936 1091 Jobab

2134 1032 2321 1099 Ἰοθὸρ
2352 1033 2381 1085 6
2438 1030 2533 1084 τοῦ
2578 1030 2855 1093 Μωῦσέως
2902 1029 3177 1100 γαμϐρὸς,
3232 1029 3328 1082 καὶ
3370 1028 3641 1099 Ῥαγουὴλ

364 1132 538 1187 analit.

2052 1124 2147 1178 καὶ
2188 1122 2383 1177 Ἰω6ὰ6
2414 1122 2795 1192 κικλήσκεται.

434 1224 547 1279 Rea:
610 1222 741 1279 (ἱειή
787 1224 833 1256 ¹⁶
898 1238 1063 1293 penes
1151 1238 1314 1293 quem
1374 1221 1543 1277 David
1608 1220 1825 1293 fugiens
1891 1235 1954 1276 se

2135 1215 2200 1268 '0
2224 1215 2526 1281 βασιλεὺς
2543 1216 2680 1278 Γὲθ,
2700 1214 2830 1285 παρ’
2853 1214 2913 1268 ὃν
2941 1215 3107 1269 Δαϐιδ
3134 1212 3323 1283 φυγὼν
3346 1214 3640 1284 κατήγετο.

390 1317 618 1370 rontulit.

365 1328 618 1372 contulit.

433 1406 706 1477 Josephus
780 1423 945 1478 porro
1020 1408 1115 1475 ait,
1176 1405 1462 1461 Melchiam
1530 1404 1950 1460 denominatum

2138 1394 2445 1466 Ἰὠσηππος
2480 1395 2535 1449 δέ
2572 1412 2706 1465 φησι
2737 1396 2873 1466 (69.),
2908 1394 3149 1465 Μελχὶαν
3192 1393 3514 1461 ὠνομάσθαι
3539 1394 3646 1446 ὑπδ

364 1498 536 1553 fuisse
567 1515 595 1552 a
623 1500 943 1568 parentibus
973 1498 1215 1569 Moysem
1236 1498 1379 1551 inter
1408 1496 1946 1560 circumcidendum,

2054 1487 2163 1542 τῶν
2209 1487 2413 1554 γονέων
2455 1487 2697 1556 Μωῦσῆν
2744 1487 2801 1538 ὲν
2835 1489 2901 1556 τῇ
2952 1488 3249 1557 περιτομῇ,
3295 1485 3401 1537 ὑπὸ
3451 1484 3505 1537 δὲ
3547 1486 3646 1552 τῆς

365 1592 455 1659 qni
490 1598 673 1644 tamen
716 1605 747 1643 a
782 1590 1076 1660 recipiente
1104 1605 1228 1645 eum
1268 1589 1568 1645 Pharaonis
1600 1589 1706 1643 lilia
1741 1587 1956 1659 Moyses

2056 1577 2434 1648 ἀναλαϐούσης
2461 1578 2623 1631 αὑτὸν
2652 1580 2751 1649 τῆς
2785 1577 2881 1631 τοῦ
2912 1576 3114 1647 Φαραὼ
3149 1577 3444 1647 θυγατρὸς,
3477 1578 3647 1631 Μωῦ-

366 1681 675 1750 appellatus
707 1680 829 1736 fuit.

2058 1674 2157 1726 σὲα
2191 1671 2672 1743 προσωνομάσθαι.

440 1771 648 1826 Gedeon
691 1772 879 1841 judex,
907 1773 1002 1843 qui
1032 1771 1175 1829 idem
1199 1781 1283 1829 est
1313 1782 1480 1844 atque
1512 1771 1793 1827 Jerobaal.
1985 1756 2028 1812 Β

1985 1756 2028 1812 Β
2126 1763 2363 1818 Γεδεὼν
2391 1763 2419 1815 6
2449 1756 2725 1834 κριτὴς,ᾧ
2756 1762 2915 1825 αὑτός
2948 1763 3099 1815 ἔστιν
3134 1758 3452 1832 Ἰεροϐαάλ.¹

439 1862 699 1926 Adonias,
736 1863 830 1933 qui
860 1871 913 1917 et
935 1861 1154 1917 Ornias.

2142 1855 2437 1920 ’Λδονίας,
2464 1856 2492 1906 6
2520 1855 2615 1907 καὶ
2656 1854 2873 1923 Ὀρνεας
2904 1852 3041 1924 (63).

443 1952 700 2007 Ochosias
724 1992 739 2015 ,
764 1954 854 2023 qui
885 1964 939 2007 et
968 1952 1181 2009 Lazias.

2147 1946 2435 2017 Ὀχοζῖας,
2464 1949 2492 2000 6
2520 1948 2615 2000 καὶ
2638 1947 2869 2011 Λαζίας.

442 2041 727 2103 Heliacim,
758 2045 849 2112 qui
888 2057 942 2098 et
973 2044 1206 2099 Joacim.

2145 2041 2472 2110 Ἠλιακεὶμ,
2498 2044 2524 2095 6
2553 2043 2646 2095 καὶ
2683 2042 2961 2112 Ἰωακείμ.

444 2134 678 2187 ldithum
708 2136 932 2203 psaltes,
979 2136 1073 2205 qui
1103 2147 1156 2190 et
1187 2137 1403 2190 Etham.

2146 2133 2403 2203 Ἰδιθοὺμ
2435 2135 2463 2186 6
2489 2132 2804 2204 ψαλμῳδὸς,
2838 2135 2865 2186 6
2900 2134 2993 2188 καὶ
3037 2134 3232 2204 Ἐθάμ.

442 2226 686 2291 Chiram,
715 2228 811 2297 qui
860 2230 964 2284 sub
1004 2229 1302 2286 Salomone
1348 2230 1614 2301 templum
1645 2231 1961 2298 aediﬁcavit,

2131 2225 2352 2295 Χειρὰμ
2382 2227 2410 2279 6
2455 2226 2548 2278 ἐπὶ
2594 2223 2688 2277 τοῦ
2728 2224 3049 2295 Σαλομῶνος
3092 2228 3183 2280 τὸν
3215 2227 3341 2281 ναὸν
3384 2227 3652 2298 δειμάμια

373 2320 484 2373 alio
519 2320 745 2374 nomine
780 2319 1002 2377 Echias.

2064 2336 2178 2383 νος,
2212 2320 2241 2372 6
2276 2318 2371 2371 καὶ
2414 2318 2618 2387 Ἐχίας.

446 2410 672 2477 Esdras,
707 2414 803 2483 qui
832 2422 886 2469 et
920 2412 1204 2469 Salathiel.

2142 2409 2423 2478 Ἔσδρας,
2452 2410 2481 2462 6
2509 2409 2604 2462 καὶ
2631 2409 2922 2480 Σαλαθιήλ.

448 2502 775 2568 Nat/iunias,
839 2520 1002 2575 quem
1052 2505 1564 2561 Nabuchodonosor
1620 2510 1963 2565 transnomi-

2137 2502 2463 2568 Ναθανίιις,
2507 2501 2565 2555 ὃν
2616 2502 3003 2572 μετωντῖμασεν
3043 2502 3522 2573 Ναϐουχοδονόσορ
3555 2505 3654 2556 Σε-

375 2596 529 2649 navit
559 2594 869 2651 Sedcciam.

677 2596 869 2651 eciam.
2069 2592 2274 2648 δεκίαν.

450 2686 506 2741 In
537 2687 688 2741 Novo
717 2686 1068 2743 Testamento
1095 2704 1108 2741 :
1140 2686 1358 2754 Petrus,
1391 2689 1486 2759 qui
1524 2698 1580 2744 ct
1621 2690 1813 2745 Simon
1878 2691 1962 2747 vel

2144 2689 2255 2741 Kal
2296 2690 2353 2741 ὲν
2398 2690 2464 2759 τῇ
2513 2689 2663 2761 Νέᾳ·
2702 2688 2944 2758 Πέτρος,
2977 2690 3005 2742 6
3032 2688 3126 2742 καὶ
3177 2688 3361 2759 Σίμων
3412 2688 3505 2741 καὶ
3552 2688 3653 2739 Zu-

382 2778 645 2849 Symeon,
675 2789 771 2833 aut
804 2779 1043 2848 Cephas.

1004 2795 1043 2833 5.
2076 2779 2223 2850 μεὼν
2251 2780 2348 2834 καὶ
2380 2782 2601 2852 Κηφᾶς.

456 2869 703 2935 Thomas,
737 2872 831 2941 qui
860 2879 916 2926 et
957 2870 1241 2940 Didymus.

2148 2872 2377 2939 Θωμᾶς,
2409 2875 2438 2928 6
2465 2876 2560 2930 καὶ
2578 2864 2719 2927 ’Δεδυ
2729 2892 2849 2943 μος.

455 2961 797 3028 ΤΙιαάάαιιιε,
858 2963 952 3032 qui
993 2973 1047 3016 et
1088 2962 1377 3027 Lehbaens,
1410 2974 1465 3019 et
1519 2964 1693 3019 Judas
1748 2966 1961 3021 Jacobi.

2148 2962 2465 3029 Θαδδαῖος,
2499 2967 2526 3018 6
2555 2965 2649 3017 καὶ
2689 2964 2954 3027 Λεϐϐαῖος
2999 2962 3095 3017 καὶ
3133 2961 3337 3018 Ἰούδας
3373 2958 3651 3013 Ἰακώϐου.

457 3054 694 3121 Marcus,
727 3056 817 3124 qui
849 3064 902 3110 et
924 3054 1184 3110 Joannes.
1996 3087 2043 3148 ο

1996 3087 2043 3148 c
2144 3056 2407 3125 Μάρκος,
2443 3059 2472 3111 6
2498 3058 2593 3110 καὶ
2634 3057 2913 3128 Ἰωάννης.

384 3187 536 3244 CAP.
576 3188 762 3245 LXlV.
792 3219 864 3229 —
893 3190 1123 3257 Quinam
1144 3191 1395 3264 secundo
1454 3193 1664 3247 nomine
1695 3195 1970 3264 cognomi-

2074 3189 2323 3244 ΚΕΦΑΛ.
2375 3185 2492 3244 ΞΣ.
2527 3219 2597 3228 --
2629 3191 2797 3264 Τίνες
2839 3190 3096 3257 δευτέρῳ
3142 3190 3388 3259 ὀνόματι
3432 3187 3656 3241 ἐπωνο-

1040 3262 1153 3314 uati
1177 3273 1322 3317 siml.
1760 3261 1777 3264 ⁷

1760 3261 1777 3264 ⁷
2687 3261 3039 3329 μάσθησαν.

454 3373 650 3427 Abram
678 3375 1097 3445 cognominatus
1135 3385 1219 3431 est
1252 3376 1557 3433 Abraham.

1496 3393 1557 3433 η.
2154 3375 2371 3443 Ἀὄρὰμ
2402 3375 2771 3445 ἐπωνομάσθη
2814 3374 3022 3447 ’Λϐραά
3031 3392 3091 3444 μ.

454 3465 646 3532 Iacob,
681 3467 864 3523 Israel.

2158 3467 2377 3532 Ἰακὼϐ,
2425 3468 2664 3537 Ἰσραήλ.

455 3557 672 3628 Ioseph,
703 3560 1077 3630 Komphthom
1128 3562 1368 3616 bancch.

2158 3557 2403 3626 Ἰωσὴφ,
2437 3558 2714 3627 Κόμφθομ.
2751 3558 2922 3628 βανήχ
2954 3558 3088 3626 (6-4).

458 3651 720 3716 Ananias,
757 3650 1020 3718 Sedrach,
1064 3651 1315 3720 Azarias,
1346 3652 1575 3721 Misach,
1608 3652 1826 3720 Misael,
1862 3654 1974 3709 Ab-

2162 3650 2459 3716 Ἀνανίας,
2507 3651 2749 3720 Σεδράχο
2807 3650 3075 3719 Ἀζαρίας
3127 3653 3355 3707 Μισάκ·
3392 3646 3662 3722 Μισαῆλ,

386 3742 615 3812 denego,
646 3740 860 3809 Daniel,
886 3741 1153 3798 Baltasar.

2089 3742 2427 3810 Ἀϐδενεγώ’
2474 3745 2723 3811 Δανιὴλ,
2757 3744 3068 3815 Βαλτάσαρ.

459 3834 719 3898 Paschor,
744 3835 1163 3906 transmigrator
1196 3838 1261 3893 ".

1146 3851 1163 3891 r
1196 3838 1261 3893 ".
2145 3835 2429 3904 Πασχὼρ,
2469 3836 2743 3905 μέτοικος.

461 3926 525 3980 Et
555 3927 609 3981 in
638 3925 791 3982 Novo
812 3926 1167 3984 Testamento
1187 3948 1201 3985 :
1223 3927 1407 3984 Simon
1435 3929 1859 4002 cognominatus
1885 3941 1972 3986 cst.

1909 3941 1972 3986 rst.
2147 3928 2256 3980 Kal
2282 3928 2343 3982 ὲν
2369 3929 2434 3999 τῇ
2471 3928 2587 4000 Νέᾳ
2605 3944 2618 3957 ο
2655 3929 2853 3997 Σίμων
2877 3928 3245 3999 ἐπωνομάσθη
3281 3930 3506 3998 Πέτρος.

390 4021 611 4076 Petrus.

455 4113 691 4170 Joannes
723 4126 775 4171 ct
797 4115 1033 4173 Iacobus
1083 4118 1346 4188 apostoli,
1386 4118 1718 4192 Boanerges,
1754 4120 1862 4177 hoc
1887 4128 1977 4176 est

2159 4099 2434 4169 Ἰωάννης
2463 4101 2559 4154 καὶ
2595 4101 2867 4169 Ἰάκωϐος
2896 4102 2947 4155 οἱ
2989 4102 3301 4168 ἀποστολοι,
3338 4102 3669 4172 Βοανεργὲς,

392 4208 485 4261 lilii
518 4209 767 4264 tonitrni.

2075 4195 2102 4249 ὃ
2133 4194 2304 4259 ἐστιν,
2335 4195 2444 4247 υἱοὶ
2472 4192 2730 4266 βροντῆς.

998 4409 1229 4465 LIBER
1281 4410 1365 4469 11.
1411 4408 1417 4416 ’
2004 4364 2059 4424 D

2004 4364 2059 4424 Β
2685 4403 2958 4457 ΒΙΒΑοΣ
2995 4405 3079 4457 θ’.

336 4588 351 4615 ἱ
459 4525 612 4581 CAP.
640 4523 799 4579 LXV.
830 4556 899 4566 —
921 4525 1053 4591 Quir
1085 4527 1151 4580 de
1177 4543 1282 4580 una
1313 4527 1590 4583 divinitate
1622 4535 1933 4597 usurpantut

2086 4515 2339 4569 ΚΕΦΔΛ.
2377 4513 2497 4568 ΞΕ’.
2538 4542 2605 4552 -
2637 4512 2779 4567 Τίνα
2816 4512 2889 4566 τὰ
2919 4510 3020 4565 ἐπὶ
3067 4510 3176 4579 τῆς
3205 4511 3350 4582 μιᾶς
3390 4512 3676 4581 θεότητος

2575 4582 3179 4652 παραλαμϐανόμενα.

462 4696 625 4761 Audi,
658 4696 848 4761 Israel,
883 4697 1138 4751 Dominus
1167 4698 1303 4752 Deus
1359 4708 1480 4753 tuus
1506 4739 1522 4764 ,
1552 4700 1807 4755 Dominus
1838 4718 1976 4757 unus

2160 4700 2369 4753 Ἄκουε
2422 4696 2694 4766 Ἰσραὴλ,
2750 4697 2969 4764 Κύριος
3016 4699 3049 4750 ὀ
3088 4696 3234 4761 Θεός
3258 4709 3396 4760 σου,
3454 4695 3676 4764 Κύριος

391 4797 489 4844 est.
530 4788 643 4857 Ego
683 4804 801 4842 sum
850 4788 1108 4842 Dominus
1152 4789 1290 4844 Deus
1333 4801 1471 4844 tuus.
1519 4792 1584 4845 Et
1627 4801 1972 4862 cngnoscant,

2080 4785 2167 4856 εἷς
2189 4789 2381 4843 ἐστιν.
2423 4786 2572 4857 Ἐγώ
2597 4789 2715 4855 ειμι
2746 4786 2963 4853 Κύριος
2988 4788 3021 4839 ό
3050 4785 3194 4851 Θεός
3222 4799 3364 4839 σου.
3387 4784 3498 4838 Καὶ
3523 4785 3673 4855 γνώ-

394 4883 532 4949 quod
561 4892 616 4934 tu
648 4880 902 4935 Dominus
939 4881 1106 4947 solus,
1138 4880 1429 4936 altissimus
1452 4884 1502 4936 in
1523 4899 1727 4937 omnem
1756 4894 1974 4939 terram.

2078 4898 2300 4948 τωσιιν,
2340 4882 2429 4934 ὅτι
2461 4880 2543 4935 σὺ
2590 4880 2805 4946 Κύριος
2854 4879 3066 4948 μόνος,
3104 4878 3366 4946 ὕψιστος
3401 4878 3499 4932 ἐπὶ
3549 4876 3670 4933 πᾶ-

399 4969 466 5023 Ει
507 4970 771 5025 Dominus
809 4970 1017 5041 inquit:
1056 4970 1122 5025 Ut
1146 4982 1466 5042 cognoscant
1503 4983 1552 5028 te
1614 4974 1784 5028 solum
1802 4991 1979 5028 verum

2079 4990 2204 5028 σαν
2223 4972 2339 5042 τὴν
2368 4971 2504 5042 γῆν.
2527 4971 2640 5024 Καὶ
2665 4970 2693 5022 6
2718 4970 2921 5039 Κύριός
2954 4986 3119 5039 φησιν
3140 4985 3154 4999 ο
3182 4969 3317 5046 "Ira
3330 4969 3673 5038 γινώσκωσι

397 5059 585 5114 Deum.
649 5060 790 5114 Area
845 5076 1066 5131 quoque
1118 5062 1173 5115 in
1241 5078 1350 5133 qua
1423 5064 1540 5118 Noe
1594 5075 1845 5121 servatus
1872 5075 1979 5129 est,

2081 5077 2157 5117 σε
2184 5062 2291 5117 τὸν
2310 5062 2507 5131 μόνον
2532 5060 2829 5129 ἀληθινὸν
2862 5061 3032 5114 Θεόν.
3066 5060 3176 5113 Καὶ
3204 5060 3236 5130 ή
3284 5058 3514 5123 κιϐωτὸς
3544 5062 3605 5113 ὲν

396 5155 451 5209 in
488 5171 652 5208 unum
689 5155 934 5210 cubitum
989 5157 1403 5212 terminabatur.
1440 5157 1614 5212 Unum
1673 5169 1793 5215 erat
1836 5170 1978 5215 tem-

2082 5157 2111 5210 6
2155 5156 2281 5209 Νῶε
2325 5154 2580 5226 διεσώθη,
2611 5155 2695 5217 εἰς
2735 5153 2845 5208 ἕνα
2871 5154 3053 5225 πῆχυν
3098 5156 3453 5209 συνετελείτο.
3506 5151 3613 5221 Εἷς
3643 5156 3675 5208 6

396 5249 569 5318 plum,
601 5249 655 5304 in
693 5263 803 5320 quo
838 5249 980 5305 Deus
1009 5250 1312 5306 colebatur.
1353 5248 1473 5305 Una
1509 5250 1642 5317 Lex,
1672 5252 1811 5308 Area
1850 5270 1979 5309 una.

2085 5249 2231 5314 ναὸς,
2258 5248 2317 5302 ἐν
2345 5240 2389 5318 ᾧ
2410 5249 2438 5301 6
2463 5247 2596 5308 Θεὸς
2624 5246 2968 5319 ὲλατρεύετο.
2995 5241 3100 5314 Εἷς
3125 5248 3153 5301 6
3177 5248 3362 5320 νόμος.
3404 5247 3468 5303 Ἦ
3500 5247 3677 5303 κιϐω-

2086 5341 2178 5405 τὸς
2196 5342 2331 5410 μία.

474 5513 517 5543 ¹⁶
556 5511 576 5565 ι
626 5512 756 5582 Reg.
786 5531 958 5581 xxvn,
1000 5516 1055 5577 2,
1161 5518 1202 5549 ¹⁷
1250 5515 1455 5571 Jerem.
1518 5534 1608 5580 xx,
1682 5519 1735 5572 5.

480 5668 593 5737 (62)
625 5670 702 5750 l_)e
737 5671 854 5724 loco
870 5673 1108 5750 _Jn_sephi
1146 5690 1256 5750 non
1294 5685 1527 5750 constat.
1560 5677 1690 5731 Vide
1720 5678 1983 5750 Clenient.
2147 5680 2281 5750 ,(64)
2318 5679 2399 5733 Al.
2436 5678 2944 5750 Psontomphanech.
2981 5678 3043 5735 V.
3082 5677 3270 5734 Kirch.
3307 5676 3358 5732 in
3393 5672 3588 5730 Prodr.
3624 5685 3683 5731 et

411 5738 610 5819 Strage.
635 5741 686 5819 Ξ.
716 5756 840 5810 pag.
870 5738 1079 5819 5_43,_e_t
1108 5746 1293 5819 gmfcr
1322 5745 1537 5819 Denter.
1567 5764 1760 5815 χχχιιι,
1789 5748 1841 5802 5.

725 5756 840 5810 pag.
870 5738 1079 5819 5_43,_e_t
1108 5746 1293 5819 gmfcr
1322 5745 1537 5819 Denter.
1567 5764 1760 5815 χχχιιι,
1789 5748 1841 5802 5.
2099 5738 2322 5819 ΟΕιιὶιίο.

484 5812 594 5878 (65)
634 5812 860 5880 Ριοςορ.
897 5813 949 5866 in
982 5813 1066 5867 III
1115 5814 1234 5884 Reg.
1273 5831 1309 5884 ι,
1344 5816 1395 5870 5.
