4044 6420
271 373 342 440 61
1453 373 1828 436 LIBELLUS
1861 374 1874 434 I

1982 373 2369 437 MORIALIS.
3479 378 3552 440 62
3641 368 3648 373 ’

275 488 535 543 ΚΕΦΑΛ.
564 483 699 554 Ξςν.
727 514 796 526 -
835 485 975 542 Τίνα
1018 485 1089 540 δὲ
1126 485 1196 541 τὰ
1244 484 1342 538 ἐπὶ
1373 484 1664 554 δυαδικῆς
1719 488 1867 540 imo-
1897 492 1945 548 Α

929 557 1222 622 στάσεως.
1790 591 1792 593 ›

348 671 708 738 Ποιήσωμεν
747 668 1068 735 ἄνθρωπον
1117 666 1245 719 κατ’
1286 663 1493 718 εἰκόνα
1545 661 1865 732 ἡμετέραν,

272 763 378 815 καὶ
410 763 541 817 καθ’
575 761 885 830 ὁμοίωσιν.
940 756 1088 812 Ἰδοὺ
1117 755 1366 826 γέγονεν
1415 755 1623 824 Ἀδὰμ,
1659 753 1741 820 ὡς
1778 748 1868 820 εἷς

267 853 342 917 ἐξ
374 851 564 922 ἡμῶν.
604 853 662 904 Τί
700 852 768 905 τὸ
811 850 1002 920 ὄνομα
1039 848 1250 912 αὐτοῦ,
1281 847 1321 916 ἢ
1369 847 1428 901 τί
1459 847 1527 901 τὸ
1567 846 1758 914 ὄνομα
1785 843 1866 911 τῷ

269 943 382 1011 υἱῷ
411 945 638 1008 αὐτοῦ;
680 945 775 998 καὶ
806 946 835 997 ὁ
883 942 1082 1014 Κύριός
1117 956 1313 1010 φησιν·
1364 938 1513 1009 Ἐγὼ
1556 938 1656 993 καὶ
1689 941 1721 992 ό
1747 941 1868 993 Πα-

270 1037 388 1104 τὴρ
412 1037 483 1090 ἓν
507 1037 716 1106 ἐσμεν.
751 1034 879 1098 Καὶ,
912 1035 1059 1098 Ἵνα,
1082 1029 1425 1103 γινώσκωσι
1448 1043 1522 1084 σε
1543 1027 1649 1082 τὸν
1671 1029 1866 1097 μόνον

267 1129 573 1197 ἀληθινὸν
599 1127 770 1191 Θεὸν,
806 1124 907 1180 καί
937 1124 1010 1179 ὃν
1047 1122 1415 1188 ἀπέστειλας
1449 1120 1695 1188 Ἰησοῦν
1731 1122 1866 1189 Χρι-

269 1223 430 1274 στὸν
458 1221 538 1282 εἰς
565 1219 656 1272 τὸν
689 1219 914 1286 κόσμον.
937 1217 1046 1269 Καὶ
1093 1213 1258 1268 πάλιν
1278 1227 1291 1241 '
1311 1213 1721 1281 Ἔλευσόμεθα
1747 1210 1864 1280 ἐγὼ

269 1315 373 1366 καὶ
402 1317 435 1367 ό
469 1311 688 1378 πατὴρ,
727 1309 826 1363 καὶ
851 1309 1054 1378 μονὴν
1090 1307 1229 1375 παρ’
1259 1303 1420 1372 αὐτῷ
1464 1304 1855 1374 ποιησόμεθα.

284 1407 378 1461 Ἐν
406 1406 522 1460 δύο
555 1405 746 1470 πλαξ“ν
775 1403 805 1455 ὁ
829 1403 993 1474 νόμος
1031 1401 1402 1470 ὲγγέγραπτο.
1428 1399 1545 1452 Δύο
1569 1399 1664 1450 καὶ
1703 1398 1762 1451 ὲν
1782 1395 1861 1467 τῷ

271 1497 530 1568 μυστικῷ
563 1496 770 1566 ᾄσματι
797 1493 895 1548 τοῦ
917 1493 1154 1563 νυμφίου
1173 1493 1224 1546 οἱ
1257 1490 1476 1562 μασθοὶ,
1507 1483 1590 1553 οἷς
1615 1491 1649 1561 ὴ
1672 1489 1860 1560 νύμφη

269 1591 565 1660 τρέφεται,
602 1591 660 1642 ὲν
694 1589 843 1658 νόμῳ
877 1586 972 1639 καὶ
994 1586 1200 1656 χάριτι.
1234 1583 1350 1640 Δύο
1371 1583 1464 1636 καὶ
1492 1582 1593 1653 τῆς
1619 1581 1862 1654 νύμφης,

269 1685 333 1736 τὸ
367 1680 649 1753 ἱερατικὸν
675 1681 769 1734 καὶ
800 1679 987 1734 λαῖκδν
1023 1676 1234 1748 τάγμα.

2255 484 2409 541 CAP.
2445 483 2638 567 LXVI.
2661 514 2728 567 έ-
2762 484 2896 567 ριιω
2929 502 3047 542 vero
3074 487 3140 542 de
3181 487 3382 558 duplici
3435 490 3560 542 sub-

2591 564 2857 610 sistentia.

2044 673 2323 727 Faciamus
2347 672 2608 725 hominem
2630 672 2920 726 secundum
2955 673 3240 743 imaginem
3301 682 3562 738 nostram,

1969 775 2018 819 et
2039 765 2326 818 secundum
2375 765 2799 820 similitudinem.
2857 763 2992 818 Ecce
3039 765 3207 818 erasit
3249 765 3423 819 Adam
3467 781 3561 818 ceu

1970 873 2103 910 unus
2141 873 2206 909 ea:
2252 856 2422 911 nobis.
2473 855 2626 920 Quod
2676 871 2864 909 nomen
2907 854 3043 924 ejus,
3081 855 3162 910 uel
3201 856 3342 925 quod
3372 872 3562 910 nomen

1965 948 2078 1018 ﬁlio
2116 948 2230 1016 ejus
2259 949 2284 1001 Σ)
2322 946 2585 1001 Dominus
2645 961 2866 1014 quoque
2924 947 3098 1001 dicit:
3154 945 3268 1015 Ego
3322 958 3370 1000 et
3398 946 3562 1001 Pater

1966 1056 2130 1093 unum
2159 1056 2365 1093 sumus.
2398 1039 2572 1108 Atque
2601 1055 2615 1091 :
2660 1036 2723 1092 Ut
2751 1049 3070 1107 cognoscant
3097 1048 3146 1093 te
3179 1039 3350 1092 solum
3379 1054 3559 1092 verum

1966 1129 2157 1194 Deum,
2185 1143 2234 1186 et
2255 1148 2406 1202 quem
2441 1130 2635 1183 misisti
2671 1127 2852 1184 Jesum
2875 1129 3148 1184 Christum
3179 1129 3233 1184 in
3267 1129 3559 1183 mundum.

1966 1225 2032 1279 Et
2056 1239 2288 1278 rursus:
2356 1220 2631 1276 Veniemus
2677 1236 2770 1291 ego
2803 1229 2852 1274 et
2897 1219 3078 1288 Pater,
3136 1231 3186 1274 et
3236 1221 3562 1274 mansionem

1965 1313 2106 1384 apud
2146 1328 2266 1367 eum
2292 1312 2574 1381 faciemus.
2601 1309 2658 1364 In
2685 1309 2892 1366 duabus
2933 1311 3136 1366 tabulis
3167 1311 3251 1365 lex
3285 1311 3564 1381 descripta

1963 1415 2101 1460 erat.
2140 1405 2272 1459 Ilua:
2292 1411 2422 1459 sunt
2454 1403 2507 1458 in
2538 1403 2769 1474 mystico
2810 1402 3027 1458 cantico
3059 1401 3248 1472 sponsi
3279 1417 3556 1466 mammae,

1963 1499 2164 1569 quibus
2189 1513 2390 1568 sponsa
2419 1497 2679 1562 nutritur,
2710 1495 2827 1565 lego
2866 1510 3061 1565 nempe
3089 1504 3144 1550 et
3185 1495 3398 1565 gratia.-
3425 1493 3556 1546 Duu:

1965 1600 2099 1654 item
2130 1590 2304 1660 ipsius
2325 1604 2565 1660 sponsae,
2606 1587 2963 1645 sacerdotalis
3008 1601 3207 1657 nempe
3272 1593 3332 1642 et
3387 1585 3562 1642 laicus

1965 1685 2130 1740 ordo.

273 1821 532 1875 ΚΕΦΔᾹ.
562 1817 680 1874 ΞΖ’.
701 1845 772 1862 —-
822 1818 962 1896 Τίνα
991 1815 1064 1896 tu
1086 1813 1186 1868 ἐπὶ
1222 1811 1531 1882 τριαδικῆς
1550 1811 1862 1880 παραλαμ-

1997 1819 2154 1878 CAP.
2212 1816 2421 1874 LXVII.
2479 1848 2546 1858 —
2571 1819 2644 1872 Et
2681 1833 2924 1896 quianam
2975 1817 3042 1872 de
3077 1815 3340 1872 Trinitatc
3383 1815 3530 1872 acci-

912 1886 1232 1956 ϐανόμενα.

346 2007 552 2069 Δεῦτε,
593 2003 958 2070 καταϐάντες
983 2002 1340 2072 συγχέωμεν
1364 1999 1495 2056 ἐκεῖ
1521 1999 1629 2066 τὰς
1670 1995 1868 2068 γλώσ-

272 2117 398 2165 σας
424 2097 647 2154 αῠτῶν.
680 2097 755 2152 Τὸ
777 2097 1074 2166 Βάπτισμει
1097 2095 1158 2149 τὸ
1187 2097 1246 2148 ἐν
1273 2094 1486 2165 Τριάδι,
1508 2094 1589 2156 είς
1609 2091 1670 2145 τὸ
1695 2091 1871 2159 ὄνομα

274 2196 371 2248 τοῦ
407 2193 641 2263 Πατρὺς,
667 2190 878 2245 καὶτοῦ
915 2187 1064 2256 Υῑοῠ,
1097 2187 1192 2242 καὶ
1215 2187 1307 2241 τοῦ
1336 2187 1494 2256 ἁγίου
1522 2184 1866 2255 Πνεύματος.

277 2288 422 2355 Ἰρέα
450 2287 615 2358 νοερὰ
650 2285 932 2353 τάγματα,
981 2279 1274 2353 οὐρανίων,
1310 2279 1534 2350 ἀερίων,
1584 2277 1867 2347 ἐπιγείων.

283 2380 452 2448 Τρεῖς
481 2380 575 2434 τοῦ
604 2377 804 2440 παντὸς
831 2377 1026 2445 γένους
1067 2372 1372 2444 ἀνθρώπιον
1406 2371 1694 2442 γενάρχαι,
1723 2369 1868 2440 Σὴμ,

280 2473 438 2540 Χὰμ,
472 2471 675 2540 Ίὰφεθ.
704 2467 864 2536 Τρεῖς
876 2469 923 2521 οξ
941 2465 1036 2520 τοῦ
1054 2464 1184 2519 λαοῦ
1205 2463 1564 2535 πατριάρχαι,
1594 2459 1868 2533 Ἀϐραὰμ,

290 2565 507 2628 Ἰσαὰκ,
560 2561 778 2617 Ἰακώϐ.
825 2562 889 2614 Ἦ
927 2559 1157 2621 κιϐωτὸς
1201 2559 1261 2611 ὲν
1381 2555 1507 2610 Νῶε
1557 2550 1869 2617 διεσώζετο,

281 2660 436 2721 τρεῖς
489 2655 760 2725 ἀριθμοὺς
811 2652 997 2725 ἔφερε,
1033 2651 1125 2705 τὸν
1151 2652 1234 2713 A',
1261 2649 1352 2704 τὸν
1376 2647 1458 2714 N',
1502 2648 1594 2702 τὸν
1658 2648 1716 2700 T'
1776 2647 1874 2702 καὶ

282 2752 367 2814 εἰς
423 2749 525 2802 ’ἐνα
554 2750 733 2818 πῆχυν
780 2743 1208 2816 συνεπληροῦτο,
1260 2743 1296 2813 ἡ
1345 2741 1514 2813 μονὰς
1571 2742 1632 2794 ὲν
1678 2739 1874 2810 Τριάδι

285 2843 638 2914 γνωρίζεται.
680 2839 847 2908 Τρεῖς
889 2837 1116 2907 ἄγγελοι
1165 2835 1242 2904 τῷ
1293 2835 1547 2905 Ἀϐραὰμ
1585 2831 1870 2904 ὤφθησαν,

283 2939 386 3008 τὴν
409 2935 751 3006 ἐπαγγελίαν
769 2934 864 2988 τοῦ
888 2936 952 2988 ὲκ
973 2932 1195 3002 στείρας
1213 2930 1330 2984 υἱοῦ
1348 2927 1686 2999 ποιούμενοι.
1713 2924 1874 2995 Τρεῖς

286 3030 474 3098 ἑορταὶ
494 3027 737 3097 νόμιμοι,
789 3025 1034 3095 ἐτήσιον
1078 3021 1240 3093 ἑορτὴ
1302 3019 1398 3074 τοῦ
1453 3019 1657 3087 eam,
1712 3015 1876 3088 ἑορτὴ

289 3121 390 3189 τῆς
427 3116 833 3189 Πεντηκοστῆς,
900 3115 1067 3186 ἑορτὴ
1091 3112 1201 3167 τῶν
1235 3109 1654 3182 Σκηνοπηγιῶν.
1695 3106 1878 3177 Τριῶν

2669 1890 2912 1958 piantur.

2031 2005 2272 2068 Venite,
2339 2003 2707 2058 descendentes
2782 2003 3173 2070 confundamns
3231 2000 3306 2055 ibi
3351 1999 3568 2070 linguas

1969 2116 2172 2156 eorum.
2231 2096 2508 2168 Baptisma
2567 2097 2713 2165 quod
2760 2093 2815 2148 in
2865 2092 3067 2148 Triade
3127 2093 3463 2154 celebratur,
3499 2091 3556 2144 in

1971 2192 2194 2246 nomine
2221 2189 2420 2249 Patris,
2445 2196 2501 2242 et
2529 2186 2678 2251 Filii,
2701 2195 2756 2240 et
2771 2185 2952 2240 sancti
2987 2184 3251 2255 Spiritus.
3281 2182 3407 2237 Tres
3431 2191 3568 2237 sunt

1973 2283 2361 2340 intellectuales
2400 2279 2642 2345 ordines,
2671 2277 2997 2341 cielestium,
3028 2289 3341 2339 aereorum,
3381 2281 3560 2326 terre-

1973 2378 2167 2433 strium
2188 2375 2255 2428 ¹⁸.
2279 2373 2406 2428 Tres
2434 2371 2586 2426 fuere
2601 2371 2769 2425 totius
2795 2367 3020 2424 humani
3041 2367 3260 2437 generis
3285 2371 3564 2427 auctores,

1975 2468 2099 2524 Seni
2111 2467 2327 2534 ,Cham,
2343 2461 2687 2534 Japhet.Tres
2703 2459 2887 2531 populi
2907 2455 3562 2530 pall-iarcliai,Abraham,

1974 2558 2362 2624 Isaae,Jacob.
2393 2557 2557 2620 Area,
2596 2557 2650 2609 in
2669 2569 2775 2624 qua
2822 2551 2938 2607 Noe
2987 2558 3240 2606 servatus
3286 2554 3392 2611 est,
3451 2554 3565 2602 tres

1975 2665 2234 2709 numeros
2263 2648 2578 2714 exhibebat,
2606 2662 2738 2711 xxx,
2765 2661 2818 2708 L,
2845 2658 2962 2709 ccc,
2991 2650 3046 2698 et
3107 2643 3161 2696 in
3187 2654 3358 2696 unum
3408 2635 3568 2691 cubi-

1973 2754 2086 2799 tum
2117 2740 2571 2802 consumebatur,
2602 2751 2708 2808 qua
2742 2751 2801 2791 re
2851 2733 3048 2790 Unitas
3081 2733 3136 2787 in
3164 2729 3434 2785 Trinitate
3485 2725 3572 2780 di-

1975 2834 2279 2906 gnoscitur.
2315 2830 2441 2886 Tres
2475 2830 2652 2901 angeli
2675 2829 2992 2884 Abrahamo
3015 2826 3116 2880 visi
3147 2831 3300 2886 sunt,
3330 2818 3564 2892 promis-

1976 2927 2187 2983 sionem
2217 2924 2285 2980 de
2313 2922 2595 2978 nascituro
2627 2936 2693 2976 ex
2714 2919 2888 2975 sterili
2926 2918 3037 2972 lilio
3083 2914 3368 2970 facientes.
3427 2907 3560 2964 Tres

1977 3014 2358 3071 solemnitates
2390 3012 2510 3084 lege
2558 3011 2899 3075 constitutas,
2949 3004 3247 3077 quotannis
3300 3017 3562 3058 occurre-

1980 3109 2153 3162 bant:
2212 3104 2534 3161 solemnitas
2582 3101 2781 3167 Phase,
2849 3099 3172 3156 solemnitas
3197 3095 3569 3154 Pentecostes.

289 3187 506 3282 ἀνδρῶν
537 3212 571 3282 ἡ
596 3187 882 3281 ῖμαρτυρία
926 3205 1134 3278 ἀληθής
1174 3207 1309 3259 ἔστι.
1354 3204 1516 3273 Τρεῖς
1546 3203 1608 3256 τὸ
1652 3201 1874 3271 Πνεῦμα

1982 3199 2302 3256 solemnitas
2325 3195 2856 3252 Tabernaculorum.
2886 3191 3072 3246 Trium
3111 3188 3400 3244 hominum
3487 3192 3573 3240 te-

293 3301 609 3374 μαρτυρίας
653 3301 831 3372 φέρει,
865 3299 1000 3369 περὶ
1032 3299 1341 3366 ἀληθείας,
1383 3295 1516 3364 περὶ
1566 3293 1878 3348 δικαιοσύ-

291 3413 427 3462 νης,
455 3395 556 3448 καὶ
597 3392 732 3461 περὶ
784 3392 1056 3460 κρίσεως.
1102 3388 1265 3457 Τρεῖς
1312 3391 1369 3442 ὲν
1405 3387 1566 3458 ’ᾼδου
1615 3387 1643 3438 ὁ
1675 3383 1878 3454 Κύριος

293 3485 595 3556 πεποίηται
625 3483 860 3555 ἡμέρας,
887 3476 952 3537 οὗ
981 3479 1151 3544 τύπος
1184 3475 1252 3551 ἢν
1278 3481 1307 3534 ὁ
1352 3479 1557 3540 Ἰωνᾶς.

294 3621 554 3678 ΚΕΦΑΛ.
584 3618 710 3672 Ξιιο.
745 3646 816 3657 -—
850 3615 1016 3680 Τίνες
1048 3612 1208 3668 εἰσίν
1250 3615 1303 3666 οι
1352 3610 1603 3680 σταθμοὶ
1637 3609 1748 3680 τῆς
1775 3623 1884 3665 πο-

543 3690 712 3758 ρείας
739 3687 847 3742 τοῦ
888 3685 1063 3750 λαοῦ,
1100 3687 1156 3738 οι
1185 3683 1286 3738 ἀπ’
1313 3683 1634 3753 Αἰγύπτου.

371 3808 445 3864 α’.
478 3804 573 3876 Τῷ
589 3804 790 3877 πρώτῳ
829 3801 983 3873 μηνὶ,
1010 3801 1076 3871 τῇ
1103 3798 1266 3852 πέντε
1296 3796 1394 3850 καὶ
1425 3796 1630 3868 δεκάτῃ
1652 3793 1750 3849 τοῦ
1780 3811 1885 3865 μη-

299 3892 626 3972 νὶς,[οὗτος
676 3896 733 3950 δέ
787 3896 936 3948 ἐστιν
988 3894 1018 3946 ὁ
1068 3889 1219 3958 παρὰ
1266 3888 1543 3943 Μακεδόσι
1603 3884 1882 3958 ξανθικὸς]

301 3991 529 4062 ἀπῆραν
555 3987 666 4042 ἀπὸ
700 3983 1000 4056 Ῥαμεσσῆ,
1024 3983 1092 4052 τῇ
1123 3978 1388 4050 ἐπαύριον
1417 3978 1512 4031 τοῦ
1540 3977 1746 4047 πάσχα,
1789 3994 1888 4046 φα-

300 4084 495 4154 γόντες
531 4079 594 4133 τὸ
647 4076 918 4150 πρόϐατον
967 4072 1031 4127 τὸ
1079 4070 1265 4126 Φασὲκ
1316 4071 1397 4134 είς
1428 4069 1530 4140 τὴν
1581 4067 1886 4138 Αἴγυπτον.

304 4176 535 4250 Πρῶτον
561 4173 744 4227 τοίνυν
778 4167 1019 4241 σταθμὸν
1043 4161 1206 4239 ἦλθον
1243 4165 1324 4228 εἰς
1354 4163 1573 4234 Σοκχώθ
1606 4162 1742 4234 (65).

377 4269 423 4341 β’
440 4269 538 4332 Εἰς
566 4265 798 4320 Βουθέω.

375 4365 426 4429 τ’
451 4360 550 4423 εις
567 4355 795 4428 ιιηρώθ.

374 4453 418 4507 δ
452 4451 742 4506 ’Δπέναντι
763 4445 1086 4517 Μαγδώλου.

377 4555 418 4603 ε’
461 4545 756 4602 ’Δπέναντι
791 4540 994 4614 Ἦρώθ.

380 4640 435 4708 ς’
466 4642 743 4712 Διέὅησαν
775 4637 877 4709 τὴν
925 4635 1206 4691 θάλασσαν
1243 4633 1322 4697 εἰς
1356 4635 1456 4703 τὴν
1495 4631 1724 4703 ἔρημον,
1768 4628 1887 4683 ὁδὸν

1983 3292 2306 3347 stimonium
2348 3304 2510 3344 verax
2533 3287 2784 3342 habetur.
2811 3284 2934 3340 Tria
2965 3281 3201 3352 Spiritus
3259 3276 3571 3335 testimonia

1983 3384 2108 3450 fert,
2139 3384 2201 3437 de
2234 3379 2801 3450 veritate,dejustitia,
2829 3384 2883 3430 et
2913 3376 2977 3430 de
2997 3370 3398 3444 judicio.Apud
3430 3367 3571 3424 infe-

1985 3491 2077 3532 ros
2112 3485 2216 3530 tres
2248 3474 2367 3530 dies
2401 3471 2669 3527 Dominus
2697 3468 2829 3541 egit,
2869 3466 3030 3536 cujus
3051 3467 3223 3534 ligura
3241 3469 3360 3518 erat
3378 3459 3570 3516 Jonas.

1983 3610 2136 3668 CAP.
2199 3606 2435 3667 LXVIII.
2467 3636 2540 3647 —
2571 3605 2704 3672 Quae
2770 3612 2893 3657 sunt
2919 3599 3219 3654 mansiones
3249 3597 3433 3668 populi
3507 3596 3574 3650 ab

2419 3677 2654 3748 Egypto
2681 3672 3086 3746 proﬁciscentis.

2059 3794 2247 3850 Primo
2278 3805 2486 3856 mense,
2545 3787 2759 3844 decima
2794 3784 2985 3856 quinta
3019 3782 3108 3838 die
3141 3779 3345 3835 mensis
3375 3777 3446 3848 (is
3496 3783 3574 3830 est

1988 3887 2294 3946 Xantbicus
2322 3882 2465 3955 apud
2505 3878 2855 3947 Macedonas)
2889 3873 3118 3947 profecti
3152 3878 3282 3927 sunt
3343 3869 3411 3923 de
3465 3867 3575 3920 Ra-

1991 3995 2190 4043 messe.
2225 3975 2490 4048 postridie
2516 3971 2762 4035 Pascba,
2808 3983 2936 4024 cum
2958 3962 3331 4023 comedissent
3373 3972 3576 4028 agnum

1990 4074 2168 4129 Phase
2189 4071 2244 4126 in
2267 4069 2522 4140 Egypto.
2551 4064 2719 4136 Igitur
2737 4061 2916 4134 prima
2967 4055 3259 4113 mansione
3310 4056 3576 4109 venerunt

1991 4166 2044 4222 iu
2081 4161 2384 4220 Socchoth.

2065 4252 2317 4310 Secunda
2347 4249 2664 4317 inbuthan.

2064 4347 2252 4403 Tertia
2282 4345 2338 4400 in
2369 4341 2595 4397 Peroth.

2064 4441 2270 4508 Quarta
2295 4453 2325 4492 θ
2353 4433 2575 4504 regione
2606 4427 2865 4500 Magdoli.

1925 4548 1970 4604 ι)
2067 4534 2319 4601 Quintae
2365 4527 2586 4595 regione
2627 4521 2858 4578 Herotli.

2064 4627 2232 4683 Sexta
2266 4619 2605 4677 transierunt
2645 4627 2797 4668 mare
2830 4617 2890 4666 ut
2917 4606 3167 4664 venirent
3191 4603 3244 4660 in
3278 4602 3582 4668 desertum,

311 4704 476 4806 τριῶν
506 4704 732 4804 ἡμερῶν
763 4704 1126 4801 περάσαντες,
1151 4723 1318 4800 ἦλθον
1359 4727 1440 4789 εἰς
1471 4726 1705 4796 Πικρίαν
1733 4723 1874 4796 τρίτῃ

2002 4722 2196 4778 itinere
2217 4717 2427 4772 dierum
2453 4712 2618 4766 trium
2647 4709 2701 4763 in
2728 4704 2865 4761 illud
2891 4709 3258 4774 penetrantes,
3287 4706 3580 4752 venerunt-

314 4829 497 4900 ἡμέρᾳ.
519 4827 620 4899 τὴν
649 4825 916 4894 διαίρεσιν
941 4823 1041 4894 τῆς
1075 4820 1351 4891 θαλάσσης
1383 4817 1728 4883 ὁδεύσαντες.

383 5012 428 5080 ζ’
455 5010 599 5065 Σταθ
609 5011 729 5080 μὸν,
759 5005 924 5081 ἦλθον
949 5004 1058 5060 ἀπὸ
1078 5005 1178 5074 τῆς
1209 5003 1464 5074 Πικρίας,
1487 5002 1523 5073 ἦ
1550 5001 1667 5055 ἐστι
1692 4997 1892 5070 Μερῤὰ

319 5106 490 5178 πηγὴ,
527 5107 608 5168 εἰς
649 5102 857 5173 Ἐλεὶμ,
890 5099 1020 5154 ἔνθα
1044 5093 1200 5170 εὖρον
1234 5097 1418 5169 πηγὰς
1459 5093 1548 5166 ιβ’,
1585 5095 1681 5149 καὶ
1717 5092 1892 5164 φοινι-

319 5217 418 5263 κας
449 5197 514 5253 o'.

387 5290 436 5364 η’
469 5291 743 5361 Σταθμδν,
784 5289 892 5345 ἀπὸ
931 5287 1031 5358 τῆς
1067 5284 1256 5356 Ἐλεὶμ
1287 5279 1464 5358 ,ἦλθον
1504 5282 1585 5347 εἰς
1623 5279 1905 5337 θάλασσαν

334 5382 628 5454 Ἐρυθρὰν.

393 5475 435 5530 θ’
482 5477 620 5530 ’Δπδ
648 5474 925 5543 θαλάσσης
962 5473 1233 5546 Ἐρυθρᾶς
1278 5473 1357 5536 είς
1401 5465 1661 5539 Ῥαφικά.

397 5655 443 5688 ¹³
466 5653 708 5724 Philipp.
748 5668 808 5719 ιι,
841 5651 905 5707 10
951 5667 965 5719 ;
997 5648 1194 5721 Ephes.
1226 5663 1289 5715 ιι,
1316 5645 1370 5702 2.

2003 4831 2110 4886 que
2141 4814 2196 4868 in
2231 4806 2517 4865 locumubi
2541 4818 2699 4875 aquae
2727 4807 2885 4856 erant
2914 4809 3135 4861 amarae,
3168 4792 3345 4848 tribus
3386 4789 3584 4845 diebus

2004 4923 2099 4979 per
2122 4904 2358 4960 divisum
2390 4914 2540 4954 mare
2563 4897 2664 4952 iter
2694 4892 2978 4948 facientes.

2077 4997 2318 5067 Septima
2347 4990 2633 5047 mansione
2661 4992 2976 5042 venerunta
3000 4981 3125 5036 loco
3155 4992 3357 5034 amarae
3403 4989 3583 5045 aqum,

1998 5089 2091 5161 qui
2115 5066 2198 5144 est
2227 5085 2442 5141 Merrha
2465 5081 2608 5147 fons,
2639 5081 2694 5136 in
2733 5077 2905 5143 Elim;
2941 5075 3036 5130 ubi
3085 5074 3416 5129 invenerunt
3447 5066 3582 5137 gfon~

2003 5195 2085 5238 ses
2109 5195 2206 5246 xu,
2240 5185 2294 5233 et
2321 5175 2534 5248 palmas
2566 5187 2695 5228 ιιι.

2077 5279 2281 5331 Octava
2350 5271 2658 5335 mansione,
2715 5266 2784 5322 ab
2817 5264 2957 5320 Elim
3005 5265 3277 5316 venerunt
3320 5254 3388 5312 ad
3434 5265 3584 5307 mare

2007 5371 2283 5428 Rubrum.

2081 5461 2234 5518 Nona
2259 5476 2290 5516 a
2317 5457 2456 5516 mari
2493 5455 2683 5513 Rubro
2715 5453 2770 5509 in
2801 5448 3072 5522 Rapbica.

403 5806 515 5873 (85)
557 5808 762 5864 Confer
837 5806 945 5862 huc
983 5804 1156 5862 Exod.
1205 5818 1330 5874 xm,
1367 5800 1440 5858 20
1473 5820 1488 5868 ;
1522 5816 1676 5858 xvm.
1717 5797 1944 5855 Numer.
1976 5811 2170 5854 χχχιιι.
2205 5790 2430 5862 Joseph.
2476 5785 2741 5856 Antiquit.
2770 5799 2834 5850 ιι,
2860 5781 2911 5837 6.
