4044 6500
385 466 456 527 63
1884 451 2185 518 JOSEPPI
3599 456 3678 519 64

461 586 688 641 Decima
722 583 776 638 in
803 583 968 638 aliam
1005 581 1167 636 Elim.
2011 580 2055 635 Α

1162 620 1167 634 ,
2011 580 2055 635 Α
2156 570 2187 625 ι’
2219 573 2307 637 Εἰς
2341 573 2508 643 ἄλλην
2552 572 2759 644 Ἐλείμ.

457 675 758 732 Undecima
785 676 839 729 in
875 673 1185 745 Rapliidim,
1209 670 1298 726 ubi
1323 667 1546 723 Amalec
1581 679 1876 737 aggressus
1896 672 1981 719 est

2158 674 2225 721 ta.’
2274 668 2368 731 Εἰς
2409 667 2720 736 Ῥαφιδεὶμ,
2756 666 2892 720 ὅπου
2946 663 3185 734 ἐπῆλθεν
3215 665 3244 718 6
3293 663 3542 745 Ἀμαλὴκ
3594 664 3679 733 τῷ

394 765 654 835 populum
715 766 813 820 sed
844 765 1074 820 sublatis
1097 777 1128 816 a
1158 760 1345 831 Moyse
1375 759 1632 813 manibus
1657 754 1982 828 prolligatus

2086 759 2219 830 λαῷ,
2249 760 2343 814 καὶ
2373 761 2494 824 ταῖς
2541 759 2810 830 ὲπάρσεσι
2840 757 2948 812 τῶν
2989 756 3272 822 Μωῦσέως
3307 757 3508 828 χειρῶν
3545 774 3683 810 κατ-

393 865 497 912 est.

2085 850 2310 923 εϐλήθη.

469 948 799 1004 Duodecimn
831 947 887 1001 in
903 945 1179 1002 desertum
1207 943 1364 1000 Sina.

1272 960 1364 999 na.
2160 941 2225 1012 ιβ’
2264 941 2353 996 Ἐν
2382 943 2450 1012 τῇ
2491 942 2684 1012 ἐρήμῳ
2717 940 2868 1011 Σινᾷ.

469 1041 685 1096 Decima
726 1040 884 1095 tertia
917 1040 972 1092 in
1009 1041 1326 1108 sepulcrum
1379 1037 1858 1108 concupiscentize,
1894 1038 1986 1094 ubi

2162 1033 2228 1103 ιγ’
2295 1035 2382 1087 Ἐν
2415 1035 2658 1104 μνήματι
2687 1032 2789 1102 τῆς
2824 1031 3146 1100 ἐπιθυμίας,
3189 1030 3319 1084 ἔνθα
3347 1029 3518 1084 πολλὰ
3543 1048 3683 1098 γογ-

397 1135 630 1188 multum
665 1142 1093 1196 murmurantes,
1124 1132 1325 1202 quiain
1356 1131 1680 1185 memoriam
1725 1141 1984 1188 venerunt

2089 1129 2380 1199 γύσαντες,
2425 1129 2656 1198 ἐπείπερ
2704 1129 2784 1190 εἰς
2815 1128 3123 1195 ἀνάμνησιν
3161 1121 3327 1195 ἦλθον
3378 1118 3454 1178 ὧν
3483 1125 3683 1193 ἧσθιον

397 1227 556 1297 panis
588 1225 952 1294 carniumque
1009 1239 1148 1294 quas
1206 1225 1258 1277 in
1299 1222 1536 1294 [Egypto
1587 1224 1980 1290 comedebant,

2090 1223 2272 1292 ἄρτων
2304 1222 2361 1274 ὲν
2392 1219 2657 1288 Αἰγύπτῳ
2705 1219 2800 1272 καὶ
2825 1217 3028 1286 κρεῶν,
3055 1217 3334 1272 κατεϐόων
3369 1219 3464 1270 τοῦ
3505 1220 3682 1271 Μωῦ-

397 1316 774 1382 clamavernnt
801 1324 994 1369 contra
1020 1313 1286 1385 Moysem,
1308 1323 1363 1368 et
1385 1312 1811 1384 promissionem
1832 1329 1990 1368 acce-

2093 1317 2255 1379 σέως,
2282 1312 2376 1367 τοῦ
2419 1313 2594 1386 μάννα
2633 1310 2728 1366 τοῦ
2766 1311 2826 1378 ἐξ
2859 1309 3094 1380 οὐρανοῦ
3121 1310 3414 1379 νιφομένου
3444 1309 3685 1379 βρώμα-

398 1417 600 1478 perunt
630 1424 865 1470 mannae.
899 1407 1006 1463 cibi
1052 1408 1360 1463 videlicete
1420 1406 1561 1462 cmlo
1607 1406 1902 1476 ningentis.
1946 1407 1989 1460 Δ

2090 1425 2181 1472 τος
2208 1406 2308 1476 τὴν
2337 1406 2630 1475 ὑπόσχεσιν
2666 1405 3014 1471 ἐκομίσαντο.
3061 1403 3193 1456 Ἀπὸ
3219 1403 3314 1456 τοῦ
3349 1403 3446 1448 -ἓ-
3491 1401 3628 1436 ³--η-
3674 1429 3684 1436 .

400 1502 657 1572 sepulcro
683 1500 1170 1572 concupiscentiae,

964 1501 1170 1564 sentiae,
2096 1503 2225 1574 μίας
2257 1502 2561 1571 μνήματος.

470 1593 696 1649 Decima
755 1604 949 1664 quarta
1029 1593 1268 1649 statione
1323 1599 1594 1665 venerunt
1620 1591 1675 1647 in
1733 1591 1987 1648 Aseroth.

1510 1599 1594 1649 ml.
1620 1591 1675 1647 in
1733 1591 1987 1648 Aseroth.
2167 1595 2224 1650 ιδ’
2255 1593 2500 1664 Σταθμδν
2528 1590 2691 1664 ἦλθον
2715 1595 2795 1656 εἰς
2837 1590 3107 1664 ’Λσηρώ0.

472 1681 697 1739 Decima
727 1685 922 1755 quinta
953 1683 1008 1739 in
1035 1682 1328 1739 Ramatha.

1069 1684 1328 1739 lamatlla.
2169 1687 2229 1743 ιε’
2259 1690 2348 1752 Εἰς
2397 1687 2666 1757 Ῥαμαθά.

473 1774 692 1832 Decima
718 1787 871 1832 sexta
903 1776 958 1832 in
989 1776 1448 1846 Remmophercs.

1228 1777 1448 1846 phercs.
2169 1790 2245 1846 ις’
2277 1782 2368 1844 Εἰς
2411 1778 2825 1850 Ῥεμμωφερές.

477 1867 697 1925 Decima
729 1872 958 1941 septima
988 1871 1042 1924 in
1069 1870 1300 1926 Elbona.
2029 1914 2072 1969 Β

1070 1870 1300 1926 Elbona.
2029 1914 2072 1969 Β
2175 1874 2359 1939 ιζἘίς
2403 1873 2667 1969 Ἑλόῶνα.

478 1961 699 2018 Decima
725 1974 918 2020 octava
955 1967 1008 2019 in
1042 1965 1315 2021 Deseleth.
2033 1961 2068 1969 ⁷

1060 1965 1315 2021 )cseleth.
2033 1961 2068 1969 ’⁷
2175 1967 2242 2038 ιη’
2278 1969 2369 2029 Εἰς
2407 1964 2657 2017 Δεσελὲθ.

481 2053 698 2108 Decima
725 2070 870 2110 nona
890 2057 942 2109 in
977 2056 1326 2112 Ismaeelatb.

1175 2058 1326 2112 :Iatb.
2175 2063 2237 2116 ιθ¹
2273 2059 2366 2123 Εἰς
2400 2056 2772 2129 Εἰσμακελάο.

481 2143 751 2200 Vicesima
781 2146 832 2200 in
870 2147 1104 2217 Saphar.

985 2150 1104 2203 har.
2171 2156 2220 2213 κ’
2250 2158 2342 2220 Εἰς
2368 2155 2582 2224 Σαφάρ.

483 2236 754 2293 Vicesima
778 2243 952 2310 prima
995 2245 1048 2297 in
1079 2244 1412 2304 Charadatli.

1096 2244 1412 2304 Illaradatll.
2172 2247 2257 2304 κα⁹
2285 2249 2380 2310 Εἰς
2409 2245 2693 2315 Χαραδὰθ.

480 2325 751 2384 Vicesima
775 2332 1016 2387 secunda
1049 2332 1102 2388 in
1142 2333 1430 2392 Macelntlt.

1142 2333 1430 2392 Macelotlt.
2172 2341 2258 2410 κβ¹
2291 2341 2385 2402 Εἰς
2408 2332 2703 2392 Μακελώθ.

481 2416 751 2476 Vicesima
786 2423 944 2478 tertia
971 2422 1025 2478 in
1053 2423 1375 2483 Chattoatlt.

1083 2424 1375 2483 illattoatlt.
2174 2429 2258 2500 κγ’
2297 2431 2384 2491 Ei;
2411 2425 2680 2482 Χαττοάθ.

488 2511 754 2568 vicesima
779 2523 982 2584 quarta
1024 2517 1078 2572 in
1113 2518 1337 2576 Taratli.

1024 2517 1078 2572 in
1113 2518 1337 2576 Tat'atli.
2172 2521 2255 2576 κδ’
2287 2523 2382 2585 Εἰς
2407 2519 2615 2591 Ταράο.

484 2599 758 2659 Vicesima
784 2607 979 2676 quinta
1007 2608 1060 2662 in
1101 2607 1366 2681 Matg’eca.

1101 2607 1366 2681 Malg'eca.
2174 2614 2252 2669 κε’
2285 2615 2380 2677 Εἰς
2408 2611 2697 2679 Ματγεκά.

484 2689 759 2750 Vicesima
793 2708 944 2753 sexta
983 2699 1036 2754 in
1069 2700 1349 2759 Selmona.

1100 2701 1349 2759 ielmona.
2174 2705 2266 2772 κς¹
2298 2707 2392 2770 Εἰς
2414 2703 2697 2776 Σελμῶνα.

486 2781 757 2841 Vicesima
786 2789 1021 2859 septima
1055 2791 1109 2846 in
1133 2794 1448 2850 Masnruth.

1277 2795 1448 2850 truth.
2175 2799 2258 2864 κζ’
2288 2800 2381 2863 Εἰς
2411 2789 2776 2868 Μασουρούθζ
2835 2788 2871 2796 ”

492 2878 762 2938 Vicesima
791 2894 986 2942 octava
1017 2888 1073 2942 in
1105 2888 1334 2946 Babetli.

1024 2888 1073 2942 in
1105 2888 1334 2946 Babetli.
2178 2892 2264 2964 κη’
2297 2894 2389 2957 Εἰς
2424 2892 2621 2947 Βάὗεο.

491 2971 765 3031 Vicesima
799 2991 942 3033 nona
973 2978 1026 3033 in
1052 2992 1290 3037 montem
1321 2983 1548 3041 Galaad.

1321 2983 1548 3041 Galaad.
2183 2987 2265 3040 κθ⁹
2294 2988 2387 3050 Εἰς
2414 2986 2475 3039 τὸ
2503 2986 2633 3057 ὅρος
2662 2983 2895 3038 Γαλαὰδ.

489 3063 790 3124 Triccsima
826 3070 882 3125 in
913 3070 1248 3129 Senabatha.

1070 3074 1248 3129 liatha.
2176 3079 2220 3134 λ’
2246 3081 2338 3144 Εἰς
2366 3077 2667 3132 Σεναϐαθά.

488 3154 790 3214 Triccsima
815 3162 992 3232 prima
1032 3165 1087 3219 in
1117 3164 1389 3222 Serbona.

1117 3164 1389 3222 Sel'bona.
2180 3172 2260 3226 λα’
2287 3172 2381 3233 Εἰς
2412 3168 2688 3240 Σεὸρωνά.

490 3249 794 3309 Triccsima
822 3257 1063 3312 secunda
1093 3258 1147 3312 in
1180 3258 1382 3316 Gesion
1413 3262 1602 3333 gaber.
2029 3266 2076 3325 ϐ

1251 3260 1382 3316 :sion
1413 3262 1602 3333 gaber.
2029 3266 2076 3325 ο
2175 3265 2254 3336 λβ⁹
2283 3267 2377 3326 Ei;
2414 3261 2622 3316 Γεσιῶν
2652 3259 2848 3332 γαϐἐρ.

491 3363 791 3421 Triccsima
825 3369 1006 3436 tertia,
1040 3369 1094 3425 in
1147 3387 1336 3429 mense
1360 3375 1522 3430 tertio
1589 3376 1659 3433 ab
1725 3380 1897 3444 exitu,
1949 3397 2004 3435 m

2181 3379 2262 3448 λγ⁹
2299 3379 2387 3433 Ἐν
2416 3377 2547 3448 μηνὶ
2593 3374 2764 3448 τρίτῳ
2791 3373 2899 3428 ἀπὸ
2934 3374 3033 3443 τῆς
3076 3370 3280 3438 ἐξόδου,
3307 3373 3365 3425 ὲν
3397 3371 3462 3440 τῇ
3496 3369 3701 3440 ἐρήμῳ

419 3457 699 3514 desertum
737 3457 894 3517 Sina.
926 3461 1027 3518 llic
1079 3462 1276 3520 Jothor
1312 3481 1471 3522 socer
1506 3469 1709 3541 Moysis
1747 3473 1896 3527 venit
1940 3473 2008 3529 ad

2111 3471 2264 3542 Σινᾷ.
2323 3467 2590 3523 Ἐνταῦθα
2649 3465 2820 3537 Ἰοθὸρ
2870 3465 2899 3517 6
2943 3463 3229 3525 Μωῦσέως
3277 3461 3528 3532 γαμϐρὸς
3583 3479 3690 3514 παν

419 3563 568 3614 etim,
607 3551 888 3609 adducens
917 3554 967 3610 ei
1022 3571 1252 3612 uxorem
1283 3567 1339 3614 et
1373 3559 1597 3617 liberos.
1653 3561 1755 3618 llic
1807 3564 2006 3636 obtigit

2116 3564 2396 3637 ραγίνεται
2427 3561 2565 3631 πρὸς
2601 3558 2788 3623 αὐτὸν,
2830 3557 2982 3625 ἄγων
3015 3555 3162 3626 αὐτῷ
3198 3556 3302 3626 τὴν
3328 3557 3563 3623 γυναῖκα
3597 3555 3704 3608 καὶ

422 3645 692 3713 apparitio
713 3645 805 3702 Dei
838 3647 982 3704 facta
1015 3648 1210 3722 Moysi,
1231 3661 1286 3707 et
1313 3653 1704 3710 documentum
1729 3664 1784 3712 et
1813 3658 2008 3713 admo-

2110 3657 2238 3716 τοὺς
2266 3653 2436 3716 υἱούς.
2483 3649 2753 3705 Ἐνταῦθα
2784 3647 2921 3702 Θεοῦ
2945 3648 3237 3717 ἐπιφάνεια
3265 3647 3403 3717 πρὸς
3427 3647 3700 3714 Μωῦσῆν,

423 3737 559 3791 ηἰιίο
593 3738 658 3792 ad
681 3743 966 3809 populum,
1001 3743 1186 3814 populi
1245 3760 1467 3816 quoque
1519 3749 1775 3817 impietas
1815 3750 1889 3806 ob
1932 3751 2014 3805 vi-

2113 3748 2210 3803 xa‘t
2237 3745 2559 3801 διδασκαλία
2583 3743 2720 3816 πρὸς
2753 3741 2847 3796 τὸν
2879 3740 3008 3794 λαὸν
3039 3738 3133 3793 καὶ
3160 3739 3433 3800 νουθεσία,
3473 3738 3570 3801 καὶ
3599 3739 3707 3793 τοῦ

423 3828 541 3883 tulo
570 3829 786 3886 oblatas
835 3833 1110 3891 victimas.
1172 3833 1404 3905 Propter
1450 3837 1618 3909 impia
1683 3857 1817 3897 vero
1839 3843 2014 3899 scele-

2113 3839 2246 3895 λαοῦ
2278 3837 2569 3894 δυσσέϐεια
2607 3835 2703 3888 ἐπὶ
2743 3836 2810 3906 τῇ
2859 3831 3214 3905 μοσχοθυσιᾳ.
3281 3829 3437 3884 Ἐπεὶ
3479 3829 3591 3900 (66)
3639 3830 3704 3884 δὲ

424 3936 486 3974 ra
519 3922 745 3988 punitus
773 3925 1032 3995 populus,
1057 3935 1246 3983 utnon
1275 3927 1416 3984 foret
1472 3929 1826 4002 ingressurus
1898 3944 2012 3990 ter-

2113 3929 2454 3993 δυσσεϐειαις
2480 3926 2892 3998 τιμωρούμενος
2921 3924 2950 3977 6
2975 3922 3104 3987 λαὸς
3129 3922 3266 3994 πρὸς
3302 3922 3364 3975 τὸ
3391 3922 3466 3992 μὴ
3501 3922 3704 3992 ἐπιϐῆ-

424 4027 542 4066 ram
571 4015 976 4084 promissionis,
1003 4018 1360 4076 excidebatur
1380 4022 1727 4080 errabundus
1770 4041 1866 4096 per
1915 4027 2012 4083 de-

2114 4044 2201 4080 ναι
2249 4026 2314 4095 τῇ
2364 4023 2436 4093 γῇ
2485 4022 2586 4090 τῆς
2634 4017 2990 4087 ἐπαγγελίας,
3043 4014 3353 4088 περιείλετο
3398 4014 3542 4068 κατὰ
3599 4014 3709 4085 τὴν

424 4116 656 4162 sertum.
683 4109 750 4164 Et

2115 4119 2324 4190 ἔρημον
2348 4113 2723 4184 πλανώμενος,
2751 4112 2849 4166 καὶ

496 4221 796 4280 Triccsima
829 4237 1023 4297 quarta
1060 4229 1348 4287 mansione
1370 4231 1590 4289 deducti
1615 4242 1748 4291 sunt
1802 4234 1858 4291 in
1911 4233 2011 4292 de-

2185 4229 2259 4284 λδ⁹
2285 4228 2622 4300 Τριακοστὸν
2672 4226 2934 4298 τέταρτον
2969 4223 3211 4296 σταθμὸν
3233 4223 3316 4287 εἰς
3361 4222 3458 4295 τὴν
3492 4220 3707 4294 ἔρημον

424 4322 630 4370 sertum
660 4315 903 4388 Phagan,
939 4334 1062 4390 quae
1090 4329 1173 4376 est
1203 4322 1400 4380 Gades.

2115 4324 2300 4394 Φαγᾶν
2327 4323 2620 4393 κατήγετο,
2655 4320 2690 4391 ἦ
2721 4321 2839 4373 ἔστι
2870 4318 3069 4382 Κὰδες.

461 4394 467 4400 ’
498 4403 798 4463 Triccsima
834 4409 1024 4478 quinta
1058 4425 1087 4465 a
1117 4410 1293 4468 Cadcs
1327 4413 1378 4466 in
1434 4421 1676 4470 montem
1735 4414 2011 4471 Idumaeas.

2187 4417 2260 4471 λε’
2303 4416 2434 4470 Ἀπὸ
2494 4415 2705 4484 Κάδης,
2757 4413 2840 4476 εἰς
2887 4411 2949 4466 τδ
3005 4411 3130 4484 ὅρος
3181 4409 3282 4482 τῆς
3323 4409 3523 4482 Ἐδὼμ.
3572 4402 3705 4463 Ὧδε

427 4497 529 4554 llic
581 4501 813 4555 moritur
859 4502 1078 4570 Aaron,
1135 4519 1281 4558 anno
1338 4504 1763 4575 quadragesimo
1824 4508 2011 4562 exitus

2118 4508 2452 4578 ἀποθνήσκει
2493 4504 2727 4576 Ἀαρὼν,
2781 4504 2840 4557 ὲν
2883 4502 2994 4556 ἔτει
3033 4501 3462 4573 τεσσαρακοστῷ
3490 4501 3587 4572 τῆς
3615 4499 3709 4565 ἐξ·

426 4591 609 4660 populi
629 4592 697 4646 de
721 4591 978 4663 :Egypto,
1015 4608 1205 4649 mense
1257 4595 1470 4664 quinto,
1507 4596 1600 4666 qui
1632 4597 1773 4667 apud
1827 4597 2008 4653 Mace-

2163 4602 2234 4652 ῖου
2272 4595 2379 4651 ἀπὸ
2421 4593 2701 4663 Αἰγύπτου
2731 4592 2826 4646 τοῦ
2859 4592 3014 4657 λαοῦ,
3055 4591 3134 4664 τῷ
3171 4591 3413 4662 πέμπτῳ
3453 4591 3604 4660 μηνὶ,
3642 4591 3706 4654 ὃς
3757 4605 3760 4607 ·

426 4682 600 4742 donas
629 4691 713 4738 est
743 4683 909 4751 Lous,
941 4685 1186 4741 calendis
1221 4687 1448 4752 mensis,
1483 4702 1606 4742 cum
1635 4698 1786 4744 esset
1835 4705 2013 4746 anno-

2114 4694 2232 4746 ἐστι
2256 4687 2403 4761 παρὰ
2419 4687 2692 4742 Μακεδόσι
2718 4685 2877 4751 λῶος,
2915 4686 3013 4756 μιᾷ
3035 4684 3128 4738 τοῦ
3156 4683 3349 4756 μηνὸς,
3379 4679 3448 4756 ἦν
3473 4683 3530 4737 δὲ
3562 4682 3706 4737 ἐτῶν

427 4791 548 4838 rum
579 4775 817 4833 CXXIII.

663 4775 817 4833 LXIII.
2119 4788 2260 4855 ρκγν.

498 4869 800 4925 Triccsima
831 4879 983 4927 sexta
1018 4872 1306 4929 mansione
1360 4875 1430 4930 ab
1462 4872 1538 4930 0r
1596 4884 1783 4933 monte
1837 4892 2006 4933 vene-

2185 4873 2296 4946 (67)
2324 4871 2414 4939 λς·’
2461 4871 2594 4926 Ἀπὸ
2625 4873 2725 4943 Ὢρ
2769 4869 2864 4924 τοῦ
2921 4869 3104 4941 ὅρους,
3153 4869 3484 4941 τριακοστὸν
3541 4869 3709 4924 ἕκτον

429 4971 554 5022 runt
579 4961 632 5016 in
670 4961 918 5017 Elmona.

2121 4967 2382 5038 σταθμὸν,
2417 4962 2582 5038 ἦλθον
2613 4967 2692 5029 εἰς
2727 4963 3002 5035 Ἐλμῶνα.

499 5052 799 5109 Triccsima
833 5056 1061 5125 septima
1095 5055 1145 5112 in
1172 5057 1368 5114 ΡΙιῑηο.

986 5071 1061 5112 ma
1095 5055 1145 5112 in
1172 5057 1368 5114 Pltino.
2195 5059 2271 5124 λζ’
2301 5063 2394 5126 Εἰς
2422 5059 2583 5114 Φινώ.

500 5143 798 5212 Triccsima
840 5155 1030 5203 octava
1054 5149 1105 5202 in
1140 5146 1338 5204 Oboth.
1371 5165 1380 5178 ί

1054 5149 1105 5202 in
1140 5146 1338 5204 ObOlIl.
1371 5165 1380 5178 -
2194 5150 2276 5222 λη’
2310 5154 2402 5216 Εἰς
2445 5151 2636 5206 Ὠ6ὡο.

499 5237 801 5292 Triccsima
832 5254 972 5293 nona
1002 5239 1055 5293 in
1072 5238 1183 5306 ϐαι,
1202 5241 1254 5295 in
1270 5239 1468 5297 ﬁnibus
1494 5240 1671 5297 Moab.
1705 5238 1760 5294 In
1790 5240 1875 5296 his
1897 5238 2018 5294 ﬁni-

2195 5245 2274 5302 λθ¹
2307 5247 2400 5308 Εἰς
2422 5244 2542 5306 Γαὶ,
2569 5241 2664 5297 ἐπὶ
2687 5241 2796 5314 τῶν
2817 5241 2984 5312 ὁρίων
3011 5240 3206 5296 Μωάὃ.
3247 5242 3336 5294 Ἐν
3359 5241 3567 5306 τούτοις
3594 5245 3713 5308 τοῖς

430 5331 534 5391 ltus
567 5347 659 5387 rex
699 5330 1061 5388 Moabitarum
1110 5334 1342 5404 advocat
1404 5350 1622 5406 magum
1681 5333 1922 5399 Balaam,
1955 5341 2016 5387 ut

2120 5339 2290 5411 ὁρίοις
2317 5339 2345 5392 6
2377 5334 2632 5407 βασιλεὺς
2682 5332 2794 5387 τῶν
2827 5331 3134 5386 Μωαδιτῶν
3183 5332 3342 5386 καλεῖ
3384 5334 3477 5388 τὸν
3529 5335 3713 5405 μάγον

432 5425 720 5481 maledicat
753 5427 977 5497 populo.

2125 5431 2216 5485 τὸν
2253 5427 2501 5497 Βαλαὰμ,
2537 5421 2953 5494 καταράσασθαι
2986 5423 3078 5476 τὸν
3107 5422 3254 5478 λαόν.

503 5533 934 5606 Quadragesima
956 5539 1216 5606 statione,
1263 5555 1295 5595 a
1327 5539 1508 5604 Moab,
1529 5539 1752 5609 punitus
1783 5536 2018 5610 populus

2199 5540 2252 5613 μ’
2287 5539 2557 5610 Σταθμδν,
2606 5535 2715 5592 ἀπὸ
2755 5535 2850 5590 τοῦ
2885 5536 3085 5602 Meum,
3131 5538 3468 5610 τιμωρηθεὶς
3509 5541 3603 5594 ἐπὶ
3633 5541 3720 5613 τῷ

436 5635 720 5698 propterea
751 5631 894 5698 quod
925 5631 1124 5690 initiati
1150 5633 1387 5692 fuissent
1418 5635 1810 5706 Beelphegoro,
1848 5648 2016 5690 vene-

1863 5648 2016 5690 renc-
2127 5633 2444 5703 τελεσθῆναι
2473 5628 2552 5701 τῷ
2576 5629 2922 5701 Βεελφεγὼρ,
2955 5625 3118 5702 ἦλθον
3151 5631 3230 5695 εἰς
3261 5631 3460 5703 Ζαρέθ.

438 5729 567 5774 runt
590 5720 641 5775 in
667 5721 884 5778 Zareth.

509 5924 624 6001 (66)
663 5925 824 5984 Forte
855 5925 964 5991 ἐπί,
997 5937 1050 5985 ct
1085 5946 1207 5986 mox
1233 5931 1435 6001 Φαρᾶν.

2213 5933 2320 6001 (67}
2349 5933 2505 5988 Deest
2537 5931 2652 5986 haec
2704 5933 2830 5981 nota
2857 5922 2908 5981 in
2929 5921 3074 5979 edito
3118 5915 3370 5974 Fabricii.
