4044 6410
241 359 308 422 65
1427 361 1808 428 LIBELLUS
1847 369 2349 436 MEMORIALIS.
3461 390 3535 452 66

307 471 404 545 μα’
436 472 528 536 Ei;
557 473 801 543 σοπερὲιν
833 472 944 544 (68)
984 468 1211 542 Ἀρνών.

313 565 403 638 μβ⁴
435 566 527 629 Εἰς
565 567 774 636 ⁴ἰτρέαρ.

313 657 405 726 μγ¹
435 659 526 722 Εἰς
557 657 884 726 Δεϐὅωγάδ.

309 749 398 819 με
427 751 521 814 Εἰς
543 749 772 820 Γαιμῶν
802 749 1103 821 Δεδλαθέμ.

309 841 398 914 με’
429 845 520 906 Εἰς
545 844 616 898 τὰ
641 843 746 915 ὅρη
777 843 848 896 τὰ
879 844 1128 916 ’Δμωρῆ,
1164 844 1423 902 ἀπέναντι
1446 845 1663 902 Ναϐαῦ.

303 1019 408 1092 εις-⁸
451 1022 576 1076 Ἐπὶ
603 1020 826 1092 δυσμῶν
857 1022 1054 1090 Μωᾶϐ,
1089 1025 1233 1080 κατὰ
1265 1025 1499 1099 ἰεριχὼο

301 1198 398 1271 μζ*
440 1201 566 1254 Ἐπὶ
591 1200 685 1254 τὸν
727 1199 1022 1272 Ἰορδάνην,
1049 1203 1328 1274 ἀναμέσον
1348 1197 1534 1276 Σιμὼο
1562 1207 1667 1273 ἕως
1687 1210 1832 1264 Μελ-

233 1295 350 1356 ait,
389 1293 452 1346 τὸ
477 1293 623 1347 κατὰ
663 1293 896 1364 δυσμάς.
951 1295 1224 1350 Ἐνταῦθα
1257 1299 1500 1370 Μωῦσῆς
1541 1303 1828 1374 κατέληξε,

231 1388 324 1438 καὶ
355 1385 421 1438 τὸ
469 1387 894 1458 Δευτερονόμιον
926 1387 1144 1458 γράψας
1191 1392 1370 1461 πέραν
1417 1393 1512 1446 τοῦ
1561 1395 1828 1466 Ἰορδάνου

231 1479 284 1530 ἑν
311 1482 382 1548 τῇ
411 1481 608 1550 ἐρήμῳ
637 1480 774 1550 πρὸς
806 1479 1040 1550 δυσμὰς,
1068 1483 1325 1550 κατέλεξε
1355 1485 1435 1557 τῷ
1457 1485 1594 1559 λαῷ,
1623 1491 1682 1544 ὲν
1717 1491 1828 1544 ἔτει

229 1572 670 1645 τεσσαρακοστῷ
696 1575 796 1643 τῆς
839 1571 1042 1638 ἐξόδου,
1077 1575 1352 1650 ἑνδεκάτῳ
1385 1581 1537 1652 μηνὶ,
1584 1576 1742 1646 οὗτος
1770 1585 1828 1638 δέ

229 1667 344 1716 ἐστι
397 1664 618 1736 ὃξστρος
665 1666 817 1738 παρὰ
847 1668 1144 1736 Μακεδόσι,
1197 1673 1460 1744 νεομηνία
1503 1674 1596 1727 τοῦ
1634 1677 1823 1746 μηνός.

231 1759 340 1811 Καὶ
371 1759 696 1824 κελευσθεὶς
741 1763 988 1817 ἀνελθεῖν
1027 1765 1122 1819 ἐπὶ
1149 1759 1221 1838 τεῇ
1273 1770 1487 1838 κορυφῇ
1539 1767 1632 1821 τοῦ
1663 1769 1824 1840 ὅρους

1862 489 1907 544 Α
2010 483 2440 558 Quadragesima
2479 491 2724 560 primain
2773 495 3054 566 regionem
3117 499 3258 556 ultra
3319 504 3529 562 Arnou.

2015 573 2449 650 Quadragesima
2485 584 2726 638 secunda
2769 585 2823 640 in
2869 587 3096 644 Plu-ear.

2012 670 2444 743 Quadragesima
2479 677 2637 732 tertia
2679 679 2732 732 in
2763 679 3080 753 Debbogad.

2011 765 2444 840 Quadragesima
2473 779 2670 839 quarta
2699 771 2751 828 in
2781 771 3004 830 Gazmon
3035 777 3379 836 Deblatltem.

2009 859 2444 934 Quadragesima
2471 865 2662 934 quinta
2713 867 2768 922 in
2831 877 3048 928 montes
3113 875 3416 942 Amoraeos,
3449 895 3532 933 re-

1937 951 2098 1024 gione
2125 952 2334 1010 Nabau.

2007 1045 2436 1119 Quadragesima
2477 1059 2630 1105 sexta
2654 1050 2707 1106 in
2731 1053 3100 1112 occidentales
3128 1069 3314 1130 partes
3369 1063 3532 1120 Moab

1933 1137 2082 1194 circa
2114 1138 2356 1196 Jericlio.
2978 1197 2984 1204 .

2007 1230 2442 1303 Quadragcsima
2495 1234 2725 1305 septima
2751 1235 2817 1290 ad
2877 1235 3173 1295 Iordanem
3236 1243 3382 1299 inter
3435 1245 3530 1302 Si—

1933 1326 2086 1378 motlt
2115 1341 2290 1395 usque
2317 1327 2384 1382 ad
2425 1325 2620 1383 Melsat
2651 1329 2718 1384 ad
2747 1328 3136 1398 .Occidentem.
3169 1334 3268 1392 llic
3313 1338 3528 1410 Moyses

1931 1415 2116 1472 vivere
2161 1417 2345 1484 desiit,
2376 1420 2616 1488 quicum
2664 1420 3154 1480 Deuteronomtum
3213 1430 3527 1498 scripsisset

1931 1510 2075 1564 ultra
2115 1510 2410 1568 Jordanem
2437 1512 2492 1568 in
2513 1511 2732 1570 deserto
2757 1516 2822 1570 ad
2850 1517 3228 1584 Occidentem,
3263 1521 3395 1576 illud
3429 1539 3526 1593 po-

1929 1600 2058 1670 pulo
2092 1603 2364 1669 recitavit,
2403 1619 2550 1660 anno
2573 1605 2642 1660 ab
2672 1607 2822 1661 exitu
2859 1609 3302 1679 quadragesimo,
3333 1629 3524 1672 mense

1930 1693 2247 1758 undecimo,
2284 1695 2379 1764 qui
2434 1704 2518 1752 est
2557 1697 2918 1753 Macedonum
2951 1699 3184 1768 Distros,
3214 1702 3350 1772 ipsis
3371 1721 3516 1758 men-

1929 1785 2008 1840 sis
2035 1787 2302 1842 calendis.
2339 1786 2541 1846 Jussus
2575 1805 2742 1861 porro
2787 1793 3088 1848 ascendere
3139 1794 3193 1848 in
3259 1797 3517 1852 verticem

226 1851 443 1920 Φασγᾶ,
497 1855 594 1907 καὶ
646 1853 946 1914 θεάσασθαι
987 1862 1170 1916 πᾶσαν
1200 1859 1300 1930 τὴν
1348 1860 1448 1931 τῆς
1489 1863 1823 1930 ἐπαγγελίας

1937 1877 2140 1932 montis
2172 1877 2410 1951 Pbasga,
2445 1890 2496 1937 et
2523 1881 2722 1936 intueri
2753 1897 2972 1939 omnem
2993 1885 3382 1954 promissionis
3405 1895 3520 1942 tero

225 1943 331 2012 ῖῆν
365 1945 684 2018 πόρρωθεν,
733 1950 856 2004 ἐκεῖ
891 1953 1185 2024 γενόμενος
1231 1951 1374 2006 έτῶν
1410 1953 1606 2008 ἑκατὸν
1650 1955 1826 2009 εἰκοσι

223 2037 344 2089 τελε
353 2040 482 2093 ini.

837 2229 912 2286 BI
921 2234 1016 2287 BA
1027 2235 1119 2288 ΟΣ
1155 2239 1234 2291 Δ’.

227 2340 486 2396 ΚΕΦΔΛ.
511 2341 634 2398 ΞΘ’.
667 2375 736 2385 —
773 2342 918 2399 Τίνα
954 2347 1146 2412 ἐστίν,
1189 2347 1228 2402 ἁ
1271 2349 1542 2405 τεθέαται
1580 2354 1614 2406 ό
1651 2350 1825 2406 Mem-

311 2413 444 2480 σῆς
472 2413 804 2483 θαυμάσια,
833 2416 934 2470 καὶ
963 2416 1038 2471 δι’
1059 2419 1250 2474 αὐτοῦ
1287 2423 1736 2490 κατείργασται.

305 2525 400 2577 Ἑν
425 2525 504 2596 τῷ
543 2528 676 2599 Σινᾷ
703 2529 822 2598 ὄρει
861 2530 964 2602 τὴν
1003 2532 1164 2603 βάτον
1197 2535 1302 2605 ὁρᾷ
1335 2538 1659 2607 καιομένην,
1687 2537 1823 2592 ἀλλὰ

223 2617 574 2688 χλοάζουσαν
597 2623 694 2676 καὶ
721 2625 796 2696 μὴ
823 2627 1290 2701 κατακαιομένην.
1325 2631 1562 2700 Σημεῖον
1591 2633 1824 2704 αἰτήσας

221 2717 538 2782 παρασχεῖν
565 2714 664 2785 τῆς
696 2719 778 2780 εἰς
823 2717 925 2788 τὴν
969 2719 1247 2789 Αἴγυπτον
1285 2721 1452 2776 αὐτοῦ
1497 2725 1822 2796 ἀποστολῆς,

213 2807 318 2874 τὴν
345 2807 558 2876 ῥάϐδον
597 2811 696 2880 τὴν
735 2813 1064 2886 ποιμενικὴν
1117 2816 1334 2888 ῥίπτειν
1382 2817 1692 2884 ἐκελεύετο,
1727 2819 1822 2872 καὶ

223 2897 392 2950 πάλιν
447 2899 542 2953 τὸν
583 2903 708 2970 ὅφιν
757 2905 868 2958 ἀπὸ
917 2906 1018 2976 τῆς
1069 2909 1271 2978 κέρκου
1321 2908 1678 2981 δραξάμενος,
1739 2913 1822 2977 είς

221 2991 430 3061 ράεδον
477 2993 742 3064 ἐπανῆγε.
797 2996 908 3069 Τὴν
956 3001 1116 3070 χεῖρα
1171 3001 1554 3072 ἀποκρύπτειν
1603 3005 1686 3066 εἰς
1726 3004 1820 3058 τὸν

219 3083 434 3138 κόλπον
479 3087 859 3158 κελευόμενος,
893 3090 1096 3164 λευκὴν
1123 3093 1255 3146 ὡσεὶ
1288 3093 1424 3165 χιὼν
1473 3097 1568 3178 καξι
1601 3096 1818 3169 παρηλ-

217 3175 518 3249 λαγμένην
549 3179 811 3250 ἐξήγαγε,
844 3183 937 3235 καὶ
971 3183 1136 3238 πάλιν
1165 3185 1492 3256 ἀποκρύψας
1517 3175 1712 3260 αὐτὴν,
1741 3189 1820 3252 si;
1845 3219 1890 3283 Ο

211 3269 280 3322 τὸ
303 3270 460 3323 κατὰ
499 3271 666 3340 φύσιν
693 3275 1158 3331 ἀποκαταστόωαν
1186 3279 1559 3350 ἐπανήγαγεν.
1599 3281 1819 3335 Κατιὼν

215 3361 312 3415 ἐπὶ
339 3363 449 3435 τὴν
483 3365 842 3435 προτεθεῖσαν
865 3368 1016 3440 αὐτῷ
1039 3369 1388 3442 λειτουργίαν
1419 3373 1501 3436 εἰς
1527 3373 1625 3443 τὴν
1653 3375 1820 3442 Αἴγυ-

217 3473 380 3522 πτον,
421 3459 644 3529 ἀγγέλῳ
693 3461 1008 3533 περιτυχὼν
1053 3463 1413 3533 ἀπεπνίγετο,
1467 3465 1586 3519 ἀλλ’
1615 3468 1649 3538 ὴ
1680 3467 1818 3538 γυνὴ

215 3549 457 3616 γνοῦσα,
485 3551 580 3604 τὸν
607 3553 840 3622 ἄγγελον
867 3556 1340 3628 ὲξευμενισαμένη
1362 3575 1378 3590 ο
1427 3560 1700 3628 Νυμφίος
1735 3561 1819 3614 σύ

213 3659 316 3710 μοι
381 3643 470 3696 δι’
521 3645 809 3714 αἱμάτων,
839 3647 990 3719 αὐτῷ
1047 3649 1307 3721 φήσασα,
1365 3652 1465 3720 τῆς
1518 3650 1821 3716 ἐπιθέσεως

215 3735 480 3807 ἀπεῖρξε.

285 3825 604 3880 Κατελθὼν
631 3829 710 3892 εις
749 3829 850 3900 τὴν
879 3830 1178 3899 Αἴγυπτον,
1217 3831 1281 3885 τὺ
1321 3832 1701 3903 δαμαζόμενοι)
1724 3833 1818 3887 τοῦ

213 3919 346 3972 λαοῦ
377 3919 594 3990 πλῆθος
619 3921 722 3976 ὑπὸ
739 3925 806 3994 τῇ
833 3923 942 3977 τῶν
969 3925 1286 3994 Αἰγυπτίων
1305 3925 1650 3998 δουλαγωγιᾳ
1678 3945 1821 4000 παρ-

217 4015 586 4086 εμυθήσατο,
640 4015 716 4078 ὡς
766 4018 869 4070 ὑπὸ
920 4017 1058 4072 Θεοῦ
1120 4019 1206 4090 εἵη
1256 4020 1670 4092 ἀπεσταλμένος
1721 4021 1820 4092 τὴν

213 4107 550 4177 ἐλευθερίαν
583 4107 765 4172 αὐτοῖς
792 4109 1144 4180 πορίσασθαι.
1174 4111 1286 4165 Καὶ
1315 4111 1393 4183 τῷ
1420 4111 1634 4182 βασιλεῖ
1655 4114 1820 4167 ἀπει-

213 4196 410 4252 θοῦντι
441 4203 747 4270 συγχωρεῖν
763 4201 853 4255 τὸν
877 4201 1006 4256 λαὸν
1029 4203 1124 4256 ἐπὶ
1145 4203 1283 4258 Θεοῦ
1307 4203 1567 4275 λατρείαν
1591 4205 1818 4274 ἐξιέναι,

217 4293 318 4355 τὰς
347 4292 492 4346 δέκα
525 4292 744 4363 πληγὰς
789 4296 1062 4367 ἐπήγαγε,
1095 4295 1191 4351 τοῦ
1231 4297 1364 4352 λαοῦ
1405 4299 1656 4362 συνόντος
1705 4301 1820 4364 τοῖς

215 4385 574 4451 Αἰγυπτίοις,
606 4388 702 4438 καὶ
736 4385 906 4458 μηδὲν
935 4387 1000 4442 έκ
1027 4387 1140 4442 τῶν
1173 4388 1403 4462 πληγῶν
1438 4389 1527 4444 διὰ
1567 4388 1667 4461 τὴν
1695 4407 1820 4444 συν-

213 4476 416 4529 ουσίαν
448 4477 842 4548 ὑφισταμένου.

287 4661 499 4735 Πρὼτῃ
537 4662 638 4734 μὲν
680 4665 788 4735 γὰρ
837 4664 1021 4738 πληγῇ
1071 4668 1140 4720 τὰ
1175 4667 1459 4738 Αἰγύπτου
1514 4667 1681 4724 ὕδατα
1736 4671 1819 4736 εἰς

215 4753 436 4822 αἵματα
479 4753 772 4826 μετέϐαλε,
811 4758 902 4811 καὶ
929 4759 1092 4813 πάλιν
1126 4761 1499 4834 παρακληθεὶς
1547 4764 1818 4818 ἀντεκαθ-

217 4847 342 4920 ίπη
371 4865 386 4879 ·
425 4847 473 4918 β’
503 4848 712 4920 πληγῇ,
753 4849 1044 4923 βατράχων
1093 4853 1287 4925 πλήθει
1332 4855 1431 4927 τὴν
1479 4857 1698 4912 ἃπασαν
1725 4857 1817 4911 Αἴ-

215 4958 436 5008 γυπτον
469 4941 734 5013 ἐπλήρου.
782 4945 933 4998 Ἐπεὶ
967 4945 1136 5000 δὲκαὶ
1156 4947 1368 5013 τούτοις
1398 4951 1651 5014 ἀπεῖπον,
1686 4967 1815 5004 συν-

213 5033 452 5102 αγαγὼν
502 5033 717 5087 σκιπῶν
743 5035 854 5108 (69)
909 5037 1142 5090 ἄπλετον
1185 5041 1365 5110 γένος,
1409 5039 1501 5095 τὸν
1544 5043 1684 5113 ἀέρα
1717 5041 1814 5114 τῆς

213 5125 506 5195 Αἰγύπτου
553 5128 959 5197 σύνεμέστωσε.
997 5131 1316 5202 Κυνόμυιάν
1359 5149 1418 5186 τε
1471 5134 1564 5187 ἐπὶ
1611 5135 1823 5199 τούτοις

215 5221 317 5288 τὴν
353 5219 867 5291 ἀναισχυντοτάτην
909 5222 1145 5294 ἐπέφερε
1194 5227 1310 5288 τοῖς
1351 5225 1697 5294 Αἰγυπτίοις,
1729 5227 1818 5299 ἣν,

215 5315 318 5364 οικ
349 5311 678 5366 ἐνδιδόντων
721 5313 814 5366 τὸν
853 5313 980 5368 λαὸν
1024 5317 1102 5379 εἰς
1133 5315 1232 5388 τὴν
1261 5317 1357 5371 τοῦ
1389 5317 1524 5372 Θεοῦ
1563 5319 1820 5392 λατρείαν

217 5402 548 5472 πφελθείν,
601 5405 920 5474 εἰργάσατο.
984 5407 1111 5463 Ἐπὶ
1159 5407 1217 5463 δὲ
1267 5408 1519 5476 τούτοις,
1573 5410 1819 5483 χάλαζαν

217 5497 512 5566 ἐπήγαγεν
540 5497 874 5570 ἀναιροῦσαν
907 5500 1052 5572 ἅπερ
1082 5497 1328 5574 ὕπαιθρα
1354 5503 1819 5574 κατελαμϐάνετο.

295 5655 346 5688 ³³
375 5651 554 5710 Exod.
577 5671 653 5724 tv,
683 5657 776 5713 26.

297 5813 422 5884 (63)
453 5813 592 5870 Puto
629 5816 916 5886 legendum
938 5818 1000 5872 τὸ
1027 5819 1219 5891 πέραν.

1931 1983 2048 2023 ram
2089 1971 2331 2037 eminus,
2391 1973 2462 2028 ibi
2497 1988 2676 2030 annos
2721 1985 2886 2034 natus
2939 1989 3162 2035 centum
3211 1991 3266 2036 et
3325 1981 3517 2054 viginti

1929 2055 2058 2113 fatis
2089 2060 2387 2116 concessit.

2537 2243 2766 2302 LIBER
2793 2247 2896 2304 IV.

1926 2353 2082 2409 CAP.
2125 2355 2711 2437 LXIX._-_Qutena_m
2779 2362 2906 2416 cidit
2955 2363 3230 2419 mirabilia
3285 2366 3516 2437 Moyses,

2249 2429 2328 2482 vel
2369 2430 2532 2483 etiam
2565 2430 2628 2484 ab
2655 2432 2772 2500 ipso
2799 2441 3020 2500 patrata
3046 2445 3192 2490 sunt.

1999 2539 2057 2595 In
2092 2541 2222 2596 Sina
2252 2551 2439 2598 monte
2479 2543 2678 2598 rubum
2704 2545 2850 2600 videt
2882 2547 3186 2615 ardentem,
3210 2549 3302 2604 sed
3331 2558 3512 2606 tamen

1925 2635 2215 2700 virentem,
2244 2651 2345 2691 nec
2376 2637 2728 2708 absumptum
2759 2640 2900 2708 igne.
2969 2640 3106 2696 Cum
3167 2645 3518 2714 postulasset

1927 2743 2088 2800 posse
2117 2730 2378 2787 exhibere
2399 2731 2614 2803 signum
2651 2747 2766 2787 suae
2799 2733 2854 2786 in
2883 2731 3176 2806 Egyptum
3211 2737 3516 2804 missionis,

1925 2821 2258 2891 pastoralem
2289 2825 2497 2893 virgam
2527 2825 2796 2894 projicere
2819 2825 3062 2896 iubetur,
3099 2837 3266 2899 atque
3312 2829 3512 2884 iterum

1919 2909 2234 2984 serpentem
2278 2917 2452 2970 cauda
2483 2917 2896 2988 apprehendens
2929 2919 2982 2974 in
3013 2919 3220 2990 virgam
3279 2921 3514 2978 reduxit.

1927 3006 2150 3062 Manum
2186 3009 2468 3066 occultare
2507 3009 2560 3064 in
2595 3011 2720 3067 sinu
2751 3011 2963 3082 jussus,
2995 3013 3174 3069 albam
3207 3031 3304 3069 ceu
3333 3015 3514 3072 nivem

1925 3111 1979 3156 ct
2001 3103 2344 3158 immutatam
2381 3104 2592 3170 eduxit,
2629 3105 2940 3176 iterumque
2971 3123 3092 3161 cam
3121 3109 3422 3175 occultans,
3457 3109 3514 3165 in

1927 3197 2234 3251 naturalem
2271 3205 2472 3252 statum
2509 3199 2816 3254 restitutam
2849 3201 3108 3254 extraxit.
3147 3200 3515 3260 l‘roﬁciscens

1925 3287 1980 3340 in
2011 3285 2304 3359 Egyptnm
2332 3289 2398 3343 ad
2425 3305 2626 3345 munus
2661 3289 2937 3360 publicum
2970 3291 3073 3347 sibi
3112 3293 3373 3348 divinitus
3407 3291 3515 3347 im-

1927 3381 2412 3452 positum,angelo
2463 3382 2694 3436 obvians
2747 3381 3120 3439 suﬂoeabatur
3179 3387 3316 3440 :scd
3374 3399 3517 3440 uxor

1927 3467 2032 3526 hoc
2067 3487 2392 3542 agnoscens,
2420 3474 2633 3544 placato
2659 3475 2873 3547 angelo,
2906 3477 3034 3531 dttm
3068 3477 3138 3531 ait
3162 3477 3247 3533 ei:
3279 3477 3514 3547 Sponsus

1928 3574 1984 3618 tu
2004 3565 2134 3618 mihi
2159 3581 2252 3636 per
2279 3567 2638 3638 sanguines”,
2663 3569 2731 3623 ab
2749 3569 3104 3640 aggressione
3129 3573 3392 3626 coercuit.

1995 3833 2132 3888 Cum
2158 3835 2270 3904 jam
2298 3833 2351 3888 in
2387 3833 2682 3906 Egyptum
2728 3835 3124 3901 descendisset,
3185 3849 3510 3906 oppressum

1924 3924 2322 3995 Subactumque
2359 3925 2619 3995 populum
2684 3926 3086 3996 amplissimum
3111 3927 3180 3980 ab
3227 3923 3514 3996 Egyptia-

1925 4032 2045 4071 rum
2076 4019 2341 4072 servitute
2379 4019 2790 4087 consolabatur,
2831 4017 3127 4083 aﬂirmans,
3156 4020 3298 4089 quod
3325 4035 3354 4074 a
3403 4017 3512 4074 Deo

1925 4109 2129 4164 missus
2188 4109 2384 4165 fuisset
2409 4111 2476 4165 ad
2525 4111 2926 4182 procurandam
2991 4111 3124 4180 ipsis
3187 4111 3510 4167 libertatem.

1926 4201 2056 4272 Regi
2091 4209 2290 4266 autem,
2317 4201 2411 4271 qui
2441 4217 2550 4258 non
2585 4203 2826 4258 obedivit
2853 4203 3154 4258 concedere
3199 4206 3420 4273 populo,
3453 4215 3511 4258 ut

1923 4297 2112 4353 liceret
2137 4295 2185 4351 ei
2210 4295 2480 4367 protlcisci
2514 4309 2612 4367 pro
2643 4297 2872 4352 colendo
2904 4295 3038 4364 Deo,
3072 4297 3260 4351 decem
3322 4295 3510 4364 plagas

1923 4390 2168 4445 adduxit.
2194 4389 2270 4444 Ac
2290 4388 2519 4460 pepulns
2541 4389 2759 4460 quidem
2794 4405 2900 4444 una
2928 4404 3052 4444 cum
3084 4389 3356 4460 Aigyptiis
3385 4403 3509 4443 ver-

1922 4483 2152 4538 sabatur
2177 4500 2192 4551 ;
2223 4483 2362 4537 nihil
2395 4492 2576 4538 tamen
2597 4483 2932 4539 incommodi
2956 4497 3021 4538 ex
3049 4481 3224 4554 plagis
3251 4481 3358 4538 illis
3381 4495 3509 4553 pro-

1852 4579 1896 4637 D
1927 4585 2045 4647 pter
2075 4577 2547 4632 conversationem
2577 4577 2904 4633 sustinebat.

1997 4669 2176 4724 Prima
2209 4685 2445 4740 namque
2480 4671 2634 4742 plaga
2681 4669 2902 4742 Egypti
2935 4683 3107 4741 aquas
3131 4671 3184 4725 in
3213 4669 3512 4742 sanguines

1925 4763 2196 4817 convertit
2226 4781 2239 4817 :
2273 4777 2604 4834 rursumque
2625 4774 2848 4835 rogatus
2879 4765 2931 4818 in
2967 4765 3242 4835 prepriatn
3275 4779 3368 4818 cas
3415 4780 3512 4820 na-

1929 4859 2110 4910 turam
2137 4855 2395 4911 restituit.
2429 4855 2680 4911 Secunda
2731 4858 2908 4927 plaga,
2949 4871 3208 4910 ranarum
3265 4858 3507 4912 multitu-

1925 4945 2053 5002 dine
2084 4947 2394 5002 universam
2438 4945 2733 5018 Egyptum
2785 4947 3046 5017 implevit.
3099 4946 3235 5001 Cum
3285 4963 3415 5002 vero
3459 4959 3514 5002 et

1925 5037 2012 5094 liis
2039 5039 2414 5094 inobedientes
2437 5047 2646 5105 essent,
2669 5039 2947 5095 adducens
2967 5039 3238 5109 ingentem
3270 5041 3508 5094 culicum

1931 5127 2222 5198 familiam,
2255 5145 2438 5186 aerem
2475 5129 2696 5202 Egypti
2731 5131 3042 5198 complevit.
3070 5131 3150 5186 Ad
3197 5132 3332 5198 bmc,
3358 5147 3512 5187 mus-

1928 5237 2047 5279 cam
2138 5239 2357 5294 quoque
2441 5226 2718 5290 caninam,
2787 5223 3322 5294 impudentissimum
3379 5223 3510 5278 illud

1925 5317 2150 5384 animal,
2183 5317 2396 5372 induxit
2431 5317 2483 5372 in
2522 5315 2828 5388 Egyptios,
2867 5331 3030 5386 quam
3088 5316 3252 5370 etiam
3305 5314 3509 5378 intulit,

1925 5409 2036 5464 illis
2061 5425 2257 5481 nempe
2287 5425 2396 5466 non
2429 5411 2898 5481 permittentibus,
2941 5417 3000 5462 ut
3035 5409 3267 5478 populus
3293 5407 3359 5461 ad
3417 5405 3509 5461 Βιιί

1932 5503 2139 5560 cultum
2207 5505 2548 5575 procederet.
2603 5501 2849 5559 Subinde
2898 5503 3222 5574 grandinem
3287 5499 3513 5558 adduxit

2001 5821 2114 5893 (69)
2177 5821 2340 5878 Forte
2371 5819 2600 5887 κνιπῶν,
2631 5833 2817 5878 errore
2843 5831 3054 5894 typogr.
