4044 6442
538 421 605 486 67
2025 413 2109 473 J0

2217 411 2329 471 PPI
3732 423 3795 471 es

538 530 916 587 conﬁcientem
977 542 1318 600 quaecunque
1352 526 1455 579 sub
1503 524 1591 579 dio
1636 523 1939 595 deprendit.
1988 522 2101 576 Fne

2240 523 2469 574 Ἔπειτα
2505 519 2741 591 ἀκρίδων
2767 519 2927 589 νέφη,
2949 520 3073 583 τούς
3118 521 3360 589 καρποὺς
3390 521 3635 583 ἅπαντας
3678 538 3797 573 κατ-

538 632 666 677 runt
695 630 876 691 postea
902 620 1234 674 locustarum
1270 617 1459 679 nubes,
1491 631 1613 684 qnzn
1661 622 2122 683 consumpserunt

538 714 723 782 fruges
773 712 1106 775 universas;
1172 707 1409 761 tenebrze
1464 705 1593 759 item
1626 706 1775 759 solos
1839 704 2121 774 Aigyptios

536 804 849 868 obruentes,
878 802 970 855 sed
1003 799 1134 853 nihil
1161 797 1512 853 obscuritatis
1550 796 1789 850 llebraais
1813 795 2117 849 aﬂercntes.

539 896 810 949 Decimam
841 905 1072 961 eamque
1125 905 1433 960 supremam
1461 889 1596 959 ipsis
1643 889 1855 959 plagam
1902 886 2119 951 inﬂixit,

540 985 1034 1056 primogenitorum
1089 992 1343 1048 mortem,
1388 997 1511 1052 quae
1568 983 1859 1036 confertim
1922 981 2121 1035 actidit

540 1092 653 1132 uno
682 1076 982 1145 eodemque
1010 1074 1271 1143 temporis
1296 1082 1593 1127 momento.

606 1168 732 1223 Post
785 1182 1064 1237 egressura
1128 1166 1312 1236 populi
1352 1181 1417 1219 ex
1483 1164 1753 1235 Egypto,
1804 1164 2124 1234 insequente

532 1275 657 1313 eum
689 1258 1071 1330 {Egypliorum
1112 1257 1375 1321 exercitu,
1414 1256 1757 1325 Erythrazum
1794 1270 1945 1309 mare
1985 1255 2124 1308 divi-

532 1349 603 1403 sit
638 1357 695 1402 ut
724 1350 954 1417 populus
979 1346 1371 1418 pertransiret:
1414 1346 1722 1414 iterumque
1747 1345 1876 1399 illud
1912 1346 2127 1399 reduxit

532 1452 700 1507 super
736 1439 1113 1507 insequentem
1143 1449 1347 1505 regem,
1401 1450 1563 1504 quem
1618 1436 1803 1489 obruit
1852 1435 2124 1505 profundo

536 1530 728 1594 maris,
764 1530 909 1600 quod
934 1530 1082 1600 virga
1110 1529 1401 1598 percussit,
1421 1528 1880 1596 quemadmodum
1901 1528 2029 1582 illud
2054 1526 2123 1582 ad

532 1622 824 1677 transitum
853 1622 1035 1691 populi
1088 1621 1253 1675 etiam
1283 1630 1439 1675 antea
1475 1629 1841 1690 percusserat.

601 1797 1013 1852 Amarulcntam
1046 1811 1246 1867 aquam
1292 1795 1522 1852 Merrhaa
1554 1796 1723 1853 fontis
1750 1799 1801 1852 in
1859 1798 2122 1853 ﬂuentum

533 1888 806 1941 convertit
835 1887 1091 1957 potabile,
1127 1888 1388 1942 immerso
1416 1889 1469 1941 in
1519 1904 1640 1943 eam
1711 1891 1879 1959 ligno,
1924 1906 2119 1959 quem-

533 2072 831 2141 pluiturum
868 2071 1036 2125 Deum
1075 2072 1125 2125 in
1157 2071 1374 2126 deserto
1400 2070 1468 2124 ad
1507 2073 1690 2142 populi
1744 2073 2120 2140 nutritionem,

533 2172 696 2232 atque
723 2164 796 2215 ita
830 2160 1032 2216 evenit.
1059 2158 1499 2231 Ortygometram
1555 2161 1929 2217 devolaturam
1980 2177 2123 2231 pra:-

531 2253 739 2318 dicens,
764 2256 1184 2322 concupiscente
1212 2255 1414 2323 populo
1439 2254 1773 2309 manducare
1800 2269 2015 2320 carnes,
2046 2253 2121 2309 ita

531 2345 585 2399 in
622 2345 717 2400 Dei
742 2347 1107 2415 cognitionem
1131 2346 1430 2414 ipsummet
1457 2347 1718 2416 populum
1747 2347 2007 2401 erudivit.
2042 2346 2121 2401 Ex

530 2435 685 2490 arida
718 2445 870 2506 petra
907 2435 1106 2491 baculo
1154 2451 1441 2505 percussa,
1502 2437 1802 2492 ﬂuvialium
1856 2453 2121 2507 aquarum

532 2527 811 2597 copiosum
838 2527 1041 2582 ﬂuxum
1064 2527 1353 2585 derivavit.
1378 2529 1637 2584 Mannum
1656 2530 1974 2585 extensione
1993 2530 2118 2585 belli

532 2619 822 2674 victoriam
856 2619 1121 2674 adversus
1152 2619 1451 2675 irruentem
1481 2620 1906 2676 Amalecitarum
1963 2636 2121 2675 exer-

532 2712 703 2766 citum
774 2712 977 2782 p0pnlo
999 2715 1352 2783 comparavit.

607 2803 804 2873 Legem
838 2820 871 2859 a
901 2805 1013 2860 Deo
1055 2807 1266 2876 accepit
1308 2808 1362 2861 in
1421 2807 1626 2878 duplici
1675 2809 1859 2864 tabula
1909 2808 2121 2866 descri-

532 2901 705 2961 ptam,
729 2901 1021 2963 postquam
1052 2894 1416 2964 quadraginta
1436 2895 1745 2965 jejunasset
1767 2896 1885 2953 dies
1914 2916 1927 2952 :
1953 2907 2119 2968 atque

534 3000 752 3038 rursum
788 2994 1008 3055 propter
1037 2985 1222 3056 populi
1259 2987 1615 3058 impietatem,
1652 2987 1842 3044 fractis
1883 2990 1991 3045 illis
2031 2990 2118 3045 di-

532 3075 735 3133 vinitus
765 3076 1051 3149 descriptis
1083 3078 1301 3142 tabulis,
1330 3079 1527 3134 iterum
1555 3081 1858 3137 ascendens
1887 3082 1939 3135 in
1960 3096 2119 3136 mon.

2229 612 2598 666 αναλώσασαι.
2638 613 2836 673 Σκότος
2883 629 2939 664 τε
2972 613 3169 680 μόνους
3215 613 3462 676 σκοτίξον
3490 612 3614 674 τοὺς
3645 614 3798 679 Αίγυο

2229 706 2442 769 πτίους,
2484 706 2593 767 τοῖς
2635 703 2907 773 Ἑϐραίοις
2937 703 2997 754 οὐ
3037 703 3444 772 μελαινόμενον.
3475 704 3715 771 Δεκάτην
3744 703 3799 754 δὲ

2230 800 2325 853 καὶ
2368 796 2685 850 τελευταίαν
2740 794 3038 866 ἐπέρριψεν
3068 795 3249 857 αὐτοῖς
3298 794 3536 866 πληγὴν,
3575 794 3666 847 τὸν
3694 792 3798 845 τῶν

2230 890 2614 962 πρωτοτόκων,
2652 888 2862 959 ’ἀθρόον
2914 887 3018 941 ὐπδ
3076 888 3208 958 μίαν
3258 878 3449 958 καῖροῦ
3504 886 3679 958 ῥοπὴν
3707 884 3798 938 θά-

2229 998 2411 1035 νατον.

2300 1161 2455 1215 Μετὰ
2484 1160 2539 1213 δὲ
2583 1158 2682 1229 τὴν
2715 1158 2892 1225 ἔξοδον
2920 1156 3013 1211 τοῦ
3063 1156 3194 1210 λαοῦ
3242 1157 3341 1225 τὴν
3382 1156 3477 1210 ἀπ’
3503 1155 3799 1224 Αἰγύπτου,

2230 1252 2609 1315 ἐπιδιώκοντος
2640 1251 2801 1303 αὐτὸν
2822 1249 2915 1303 τοῦ
2944 1250 3239 1317 Αἰγυπτίου
3260 1247 3512 1318 στρατοῦ,
3530 1248 3628 1317 τὴν
3658 1248 3804 1315 Ἐρυ-

2232 1346 2367 1416 θράν
2400 1344 2593 1396 διεῖλεν
2626 1343 2902 1396 Θάλασσαν
2938 1344 3017 1405 εἰς
3056 1341 3228 1394 δίοδον
3254 1341 3350 1393 τοῦ
3379 1340 3531 1405 λαοῦ,
3564 1342 3657 1393 καὶ
3696 1342 3803 1394 πά·

2231 1435 2317 1488 λιν
2342 1435 2621 1504 ἐπήγαγεν
2652 1431 2857 1502 ταύτην
2888 1433 3031 1485 κατά
3057 1431 3153 1484 τοῦ
3187 1430 3471 1495 διώκοντος
3519 1431 3800 1500 βασιλέως,

2230 1525 2638 1594 δνοέπεκάλυψε
2672 1525 2751 1595 τῷ
2798 1525 2896 1595 τῆς
2930 1523 3205 1594 θαλάσσης
3255 1522 3423 1595 βυθῷ,
3457 1524 3664 1593 πλήξας
3705 1523 3804 1594 τὴν

2231 1615 2508 1669 θάλασσαν
2558 1614 2757 1686 passo,
2789 1613 2981 1684 ὥσπερ
3036 1613 3206 1685 αὐτὴν
3250 1616 3331 1678 είς
3384 1613 3482 1686 τὴν
3524 1614 3621 1667 τοῦ
3672 1614 3802 1667 λαοῦ

2230 1706 2403 1761 δίοδον
2436 1708 2530 1760 καὶ
2564 1707 2830 1777 πρότερον
2855 1707 3077 1785 ἐσπληξε.

2303 1797 2377 1850 Τὸ
2404 1796 2597 1867 πικρὸν
2622 1795 2765 1867 ὕδωρ
2795 1798 3020 1868 Μερρᾶς
3045 1796 3147 1867 τῆς
3172 1796 3354 1868 πηγῆς
3378 1798 3457 1860 είς
3488 1797 3637 1865 νᾶμα
3673 1812 3807 1865 μετ-

2154 1856 2196 1912 B
2227 1889 2386 1943 έὸαλε
2415 1856 2666 1958 πότιμον,
2705 1856 2864 1956 ξύλον
2883 1856 3066 1959 ,βάψας
3386 1856 3577 1959 ὥσπερ
3605 1856 3686 1958 δὴ.
3708 1887 3807 1939 καὶ

492 2047 503 2055 ⁸
533 1980 824 2035 admodum
856 1981 1064 2035 scilicet
1093 1980 1352 2048 etjussus
1383 1979 1582 2033 fuerat.
1635 1978 1831 2035 Manna
1875 1981 2125 2051 praedixit
2174 1992 2175 1995 ‘

2224 1981 2528 2037 ἐκελεύετο.
2557 1983 2748 2037 Μάννα
2771 1983 2999 2053 προεῖπε
3020 1980 3134 2035 ὕειν
3156 1982 3246 2035 τὸν
3273 1981 3407 2034 Θεὸν
3434 1983 3492 2035 ὲν
3515 1983 3582 2052 τῇ
3608 1980 3806 2050 ἐρήμῳ

2224 2076 2305 2138 είς
2355 2074 2455 2144 τὴν
2500 2073 2596 2128 τοῦ
2643 2074 2775 2127 λαοῦ
2827 2073 3147 2146 διατροφὴν,
3206 2074 3303 2127 καὶ
3342 2072 3515 2136 οὕτως
3570 2072 3803 2140 ἐγίνετο.

2234 2166 2684 2238 Ὀρτυγομήτραν
2710 2164 3079 2219 καθίπτασθαι
3102 2162 3397 2235 προειπὼν,
3425 2161 3805 2232 ἐπιθυμὴταν-

2222 2275 2313 2320 τος
2340 2258 2479 2327 κρέα
2510 2260 2706 2326 φαγεῖν
2736 2256 2831 2310 τοῦ
2862 2255 3017 2319 λαοῦ,
3050 2258 3130 2319 εἰς
3171 2255 3499 2323 θεογνωσίαν
3548 2253 3638 2306 τὸν
3670 2252 3805 2305 λαὸν

2224 2347 2615 2417 ἐπαιδαγώγει.
2656 2348 2749 2402 Ἐκ
2776 2347 2948 2418 ξηρᾶς
2986 2349 3192 2419 πέτρας
3242 2347 3424 2418 ῥάϐδῳ
3474 2346 3804 2416 πληγείσης,

2224 2440 2505 2509 ποταμίων
2546 2440 2756 2495 ὑδάτων
2800 2441 2995 2512 ἀθρόον
3052 2440 3210 2511 ῥύσιν
3244 2442 3544 2511 προήκατο.
3582 2437 3806 2507 Χειρῶν

2222 2533 2443 2586 ἐκτάσει
2468 2532 2707 2602 πολέμου
2730 2532 2914 2601 νίκην,
2946 2533 3089 2586 κατά
3109 2532 3202 2587 τοῦ
3223 2533 3543 2595 ἐπελθόντος
3562 2532 3805 2602 στρατοῦ

2222 2623 2317 2677 τοῦ
2370 2624 2639 2697 Ἀμαλὴκ,
2672 2625 2748 2693 τῷ
2782 2624 2896 2695 λαῷ
2920 2624 3240 2695 εἰργάσατο.

2290 2801 2476 2873 Νόμον
2529 2801 2747 2868 ἐδέξατο
2775 2801 2924 2874 παρὰ
2949 2801 3085 2855 Θεοῦ
3138 2801 3196 2854 ἐν
3225 2800 3471 2872 διπτύχῳ
3516 2800 3806 2871 γραφέντα

2220 2896 2393 2949 ιιτλακὶ⁹
2422 2896 2834 2965 τεσσαράκοντα
2884 2894 3187 2965 νηστεύσας
3233 2895 3470 2965 ἡμέρας,
3503 2895 3596 2946 καὶ
3636 2894 3807 2946 πάλιν

2216 2988 2309 3042 διὰ
2334 2988 2436 3059 τὴν
2467 2987 2563 3041 τοῦ
2588 2987 2716 3041 λαοῦ
2745 2987 3089 3053 δυσσέϐειαν,
3122 2989 3221 3051 τὰς
3264 2988 3636 3057 θεογράπτους
3668 3003 3809 3040 συν-

2218 3078 2417 3149 τρίψας
2467 3078 2702 3144 πλάκας,
2737 3078 2988 3148 δεύτερον
3018 3077 3216 3141 ἐπιϐάς
3258 3079 3336 3147 τῷ
3361 3079 3492 3148 Σινᾷ
3529 3078 3667 3148 ὄρει,
3699 3077 3811 3131 καὶ

534 3177 639 3223 tem
671 3168 822 3236 Sina,
853 3186 977 3225 cum
1001 3170 1255 3227 similiter
1272 3170 1576 3242 jejunasset
1636 3172 1774 3229 alios
1809 3175 1925 3230 dies
1981 3189 2113 3243 qua-

2217 3170 2520 3240 νηστεύσας
2546 3172 2748 3240 ὁμοίως
2780 3171 2946 3233 ἄλλας
2986 3171 3199 3241 ἡμέρας
3227 3171 3660 3241 τεσσαράκοντα,
3701 3171 3811 3223 τὸν

531 3260 802 3330 dragiuta,
827 3262 998 3332 legem
1022 3264 1221 3317 iterum
1252 3266 1547 3334 reportavit
1565 3264 1619 3320 in
1650 3264 1718 3321 iis
1744 3265 1963 3329 tabulis,
1981 3279 2119 3337 quas

531 3366 595 3405 ex
628 3351 802 3421 lapide
833 3354 1047 3409 excisas
1079 3369 1267 3410 secum
1307 3355 1628 3411 adduxerat.
1663 3356 1961 3412 Descendit
1991 3357 2113 3427 glo-

532 3443 777 3498 rilicatus
819 3442 959 3500 facie
986 3446 1142 3512 adeo,
1186 3454 1342 3502 utne
1369 3450 1603 3519 populus
1655 3450 1875 3520 quidem
1934 3459 2118 3520 posset

531 3530 585 3585 in
617 3547 739 3587 eum
767 3533 942 3588 aciem
968 3534 1268 3591 intendere.
1311 3535 1432 3607 Ipse
1460 3539 1624 3593 etiam
1668 3539 1945 3609 legislator
2017 3541 2118 3595 fuit

532 3625 781 3677 omnium
803 3623 1010 3693 jurium
1039 3627 1248 3696 populi.
1306 3627 1533 3685 Divinas
1581 3631 1821 3686 visiones
1865 3634 2115 3702 accipere

530 3728 642 3783 prae
669 3714 938 3770 universis
966 3717 1247 3787 prophetis
1280 3719 1537 3790 dignatus
1572 3732 1676 3777 est.
1724 3722 2108 3779 Intellectualis

529 3802 849 3858 substantiae
865 3804 1218 3861 admirandos
1251 3807 1598 3866 characteres
1625 3812 1978 3881 conspicatus
2005 3824 2109 3880 est,

530 3892 600 3947 ad
630 3908 867 3963 quorum
924 3896 1194 3953 rationem
1232 3913 1453 3955 sacrum
1501 3902 1916 3959 tabernaculum
1976 3920 2111 3962 con-

528 3995 742 4040 struere
764 3986 954 4057 jussus
985 3988 1107 4043 fuit.

603 4079 836 4136 Sacrum
901 4083 1317 4141 tabernaculum
1365 4087 1529 4143 velnti
1589 4087 1824 4143 formam
1886 4089 2108 4144 intelle-

527 4171 730 4227 ctualis
767 4174 1020 4230 essentia
1080 4175 1386 4233 fabricavit.
1417 4177 1647 4235 Sacrum
1700 4180 1962 4244 chrisma,
2013 4195 2109 4249 per

524 4262 675 4333 quod
739 4267 1103 4323 sacerdotium
1159 4270 1415 4338 initiavit,
1458 4272 1789 4341 composuit.
1843 4271 2104 4327 Summos

530 4356 844 4413 sacerdotes
877 4361 1084 4414 creavit
1108 4364 1384 4417 Aaronem
1416 4363 1640 4418 fratrem
1691 4363 1920 4434 ejusque
1970 4364 2106 4419 libe-

524 4462 640 4514 ros,
688 4464 784 4517 per
816 4449 946 4504 illud
978 4451 1220 4507 chrisma
1282 4455 1429 4523 quod
1482 4454 1817 4510 confecerat.
1867 4456 2102 4511 Sacrum

2229 3266 2394 3335 νόμον
2410 3266 2466 3317 ἐν
2486 3259 2572 3328 αἷς
2596 3264 2890 3335 ἀνεκόμισε
2910 3262 3176 3329 λαξεύσας
3196 3262 3411 3329 πλαξὶν,
3434 3263 3806 3317 ἀνενεώσατο.

2218 3357 2292 3411 Τὸ
2338 3358 2630 3427 πρόσωπον
2686 3357 2891 3428 κατέϐη
2935 3357 3339 3427 δεδοξασμένος,
3385 3356 3459 3420 ὡς
3508 3358 3647 3425 μήτε
3702 3357 3813 3409 τὶν

2216 3451 2345 3505 λαὸν
2374 3451 2567 3520 ἐνορᾷν
2600 3448 2746 3520 αὐτῷ
2771 3449 3056 3503 δύνασθαι.
3092 3450 3199 3503 Καὶ
3218 3450 3380 3513 αὐτὸς
3404 3450 3463 3502 δὲ
3494 3448 3813 3519 νομοθέτης

2216 3544 2303 3596 ἐπὶ
2338 3544 2474 3596 πᾶσι
2498 3544 2609 3605 τοῖς
2638 3541 2973 3611 δικαιώμασι
3002 3541 3095 3594 τοῦ
3122 3541 3252 3595 λαού
3278 3542 3595 3612 γεγένηται.
3631 3540 3815 3604 Θείας

2214 3637 2479 3701 ὀπτασίας
2508 3638 2659 3708 παρὰ
2690 3637 2900 3700 πάντας
2928 3638 3057 3700 τοὺς
3078 3638 3363 3708 προφήτας
3396 3637 3645 3705 ἠξίωται.
3678 3637 3817 3706 Τῆς

2214 3731 2407 3799 νοερᾶς
2464 3729 2651 3791 οὐσίας
2699 3729 3046 3799 θαυμαστοὺς
3087 3730 3448 3798 χαρακτῆρας
3501 3729 3816 3796 ἐθεάσατο,

2214 3820 2350 3892 πρὸς
2374 3818 2468 3884 οὓς
2489 3819 2589 3891 τὴν
2620 3820 2771 3891 ἱερὰν
2793 3820 2998 3891 σκηνὴν
3024 3819 3456 3884 κατασκευάζειν
3486 3817 3813 3875 ἐκελεύετο.

2284 4080 2397 4150 Τὴν
2448 4078 2603 4149 ίεράν
2667 4076 2874 4148 σκηνὴν
2926 4076 3220 4131 ἀντίτυπον
3268 4074 3368 4143 τῆς
3423 4076 3616 4147 νοερᾶς
3663 4093 3821 4130 κατ-

2207 4174 2505 4226 εσκεύασεν
2527 4172 2733 4234 οὐσίας.
2763 4171 2835 4225 Τὸ
2874 4172 3015 4242 ἱερὸν
3047 4173 3277 4241 χρίσμα,
3334 4171 3394 4221 ἐν
3424 4165 3468 4239 ᾧ
3507 4171 3606 4238 τὴν
3631 4173 3824 4241 ἱερω-

2210 4266 2377 4336 σύνην
2412 4266 2702 4327 καθεσθεὶς
2759 4264 2907 4337 [sic],
2947 4265 3266 4335 συνέθηκεν.
3313 4264 3631 4333 Ἀρχιερέας
3676 4264 3817 4316 ἁπ-

2208 4360 2375 4424 έδειξε
2410 4360 2499 4412 τὸν
2529 4357 2758 4426 ἀδελφὸν
2799 4356 3007 4427 Ἀαρὼν
3048 4357 3143 4410 καὶ
3186 4357 3314 4419 τούς
3343 4357 3534 4410 τούτου
3570 4356 3823 4423 παῖδας,

2208 4452 2278 4505 δι’
2321 4444 2382 4504 οὗ
2412 4449 2787 4504 κατεσκεύασε
2841 4448 3166 4521 χρίσματος.
3199 4448 3312 4519 Τὴν
3373 4448 3522 4518 ἱεράν
3579 4450 3826 4520 σκηνὴν

526 4537 941 4591 tabernaculum
969 4548 1024 4593 et
1046 4554 1391 4611 quaecunque
1443 4543 1497 4597 in
1539 4544 1659 4613 ipso
1701 4554 1860 4599 erant
1910 4553 2101 4600 sancto

2217 4545 2302 4598 καὶ
2341 4544 2520 4597 πάντα
2574 4545 2643 4596 τὰ
2695 4547 2752 4597 ἐν
2801 4545 2939 4615 αὐτῇ
2972 4543 3049 4615 τῷ
3080 4541 3222 4613 ἁγίῳ
3279 4541 3543 4612 χρίσματι
3588 4542 3833 4611 χρίσας

525 4627 822 4683 chrismate
845 4644 1055 4700 ungens
1078 4632 1459 4688 sanetiﬂcavit.

595 4716 895 4773 Sabbatum
950 4722 1069 4791 ipse
1103 4723 1315 4792 primus
1370 4725 1657 4792 stabilivit,
1713 4727 2151 4799 demonstrans_

522 4808 656 4864 illud
689 4825 785 4880 per
826 4812 1100 4882 dUplicem
1131 4830 1346 4871 manna:
1377 4820 1775 4887 collectionem,
1832 4832 1888 4876 et
1920 4823 2104 4878 incoro

521 4912 737 4970 ruptam
774 4903 895 4973 ejus
932 4909 1427 4974 conservationem,
1459 4927 1581 4966 cum
1633 4924 1794 4969 antea
1851 4915 2098 4984 ignotum

519 5005 687 5050 esset.
724 4993 860 5051 Tres
894 4997 1012 5069 lege
1056 5011 1230 5056 statas
1290 5004 1662 5060 solemnitates
1708 5007 1906 5075 populo
1964 5022 2101 5076 prae-

519 5088 745 5158 scripsit
782 5091 1080 5158 quotannis
1109 5093 1485 5151 celebrandas.
1520 5095 1577 5149 ln
1616 5111 1711 5152 eos
1743 5099 1837 5167 qui
1868 5100 2095 5154 vitulum

472 5224 480 5257 ι
517 5180 896 5237 conﬂaverant
931 5183 1319 5239 animadvertit
1350 5202 1445 5257 per
1471 5198 1822 5246 accurrentes
1852 5190 1978 5257 sibi,
2011 5192 2096 5246 in-

519 5272 763 5329 terfectis
804 5275 979 5330 tribus
1012 5276 1423 5333 obstinatorum
1474 5281 1737 5339 millibus.

586 5362 797 5433 Populo
834 5365 987 5435 leges
1043 5367 1186 5421 tulit.
1248 5367 1567 5424 Numeravit
1599 5372 1761 5426 etiam
1804 5372 2020 5431 Levitas
2063 5389 2094 5429 a

473 5456 485 5545 ί
517 5456 715 5525 populo
746 5473 1063 5515 secernens.
1108 5459 1183 5515 De
1208 5462 1495 5517 sacriﬁciis
1523 5464 1793 5534 agitandis
1818 5467 1927 5522 illis
1963 5483 2096 5539 prae-

518 5556 680 5616 cepta
719 5548 889 5615 dedit,
928 5559 984 5604 et
1013 5550 1080 5605 de
1110 5554 1414 5621 gestatione
1440 5556 1583 5609 sacri
1620 5558 1979 5623 tabernaculi,
2041 5568 2095 5615 et

517 5638 585 5692 de
619 5639 760 5693 bene
782 5642 1033 5697 ordinata
1056 5644 1417 5713 profectione.
1460 5646 1642 5717 Ignem
1675 5664 1839 5718 super
1894 5650 2088 5718 altare,

518 5728 609 5783 ubi
636 5730 871 5797 primum
902 5734 1040 5788 ritus
1072 5736 1351 5806 religionis
1375 5753 1717 5804 processere,
1742 5741 1962 5796 coalitus
1995 5742 2093 5797 de-

517 5820 868 5875 scendentem
903 5827 1162 5891 ostendit,
1190 5828 1280 5897 qui
1318 5837 1372 5883 et
1410 5828 1766 5888 inexstinctus
1797 5833 2085 5890 remansit.

2285 4638 2400 4692 ίασε
2411 4678 2425 4693 .

2285 4641 2425 4693 ίασε.

2206 4641 2554 4783 ἠγΣσὶόίὶατον
2608 4729 2772 4794 αὐτὸς
2826 4728 3042 4800 πρῶτος
3096 4728 3358 4799 ὡρίσατο,
3410 4728 3585 4793 δείξας
3626 4729 3832 4797 αὐτὸ,

2203 4821 2290 4875 διὰ
2325 4822 2423 4891 τῆς
2459 4821 2652 4890 διπλῆς
2697 4822 2929 4891 ἐκλογῆς
2962 4821 3057 4875 tot":
3116 4822 3314 4891 μάννα,
3371 4820 3463 4874 καὶ
3506 4822 3601 4888 τῆς
3649 4823 3840 4894 ἀσή-

2203 4930 2341 4966 πτου
2400 4912 2664 4983 διαμονῆς
2715 4912 2906 4979 αὐτοῦ,
2964 4913 3025 4965 οὐ
3083 4914 3355 4984 πρότερον
3413 4912 3837 4982 ἐγνωσμένον.

2204 5005 2367 5075 Τρεῖς
2425 5006 2695 5075 νομίμους
2767 5006 2959 5077 ἐορτὰς
3019 5005 3099 5074 τῷ
3156 5006 3269 5074 λαῷ
3326 5005 3614 5075 παρέδωκε
3690 5009 3841 5063 τοῦ

2201 5099 2453 5153 ἐνιαυτοῦ
2484 5100 2785 5169 ἑορτάξειν.
2823 5100 2962 5162 Τοὺς
3015 5100 3522 5169 μοσχοποιήσαντας
3571 5100 3846 5168 ἐτιμωο

2201 5193 2407 5264 ρήσατο
2435 5192 2524 5245 διά
2550 5193 2659 5245 τῶν
2710 5191 3275 5261 προσδεδραμηκότων
3327 5190 3495 5261 αὐτῷ,
3561 5208 3847 5265 τρισχι-

2199 5282 2349 5347 λίους
2379 5287 2506 5347 τοὺς
2530 5284 3003 5355 ἀνεπιστρέπτους
3031 5284 3386 5346 ἀποκτείνας.

2270 5375 2375 5427 Τὸν
2408 5374 2537 5428 λαὸν
2592 5374 3007 5445 ἐνομοθέτησεν.
3076 5374 3455 5446 ’Δπηρίθμησε
3500 5376 3595 5428 καὶ
3650 5379 3853 5445 τοὺς

2197 5466 2433 5528 Λευῖτας
2481 5466 2576 5519 ἀπ’
2606 5466 2787 5519 αὐτῶν
2820 5462 3042 5521 διελών.
3074 5466 3209 5537 Περὶ
3240 5467 3444 5521 θυσιῶν
3474 5468 3658 5529 αὐτοῖς
3715 5470 3859 5525 δι-

2196 5555 2447 5621 ετάξατο,
2467 5558 2561 5609 καὶ
2580 5556 2875 5628 ἀπάρσεως
2891 5558 2989 5628 τῆς
3014 5558 3164 5628 ἱερᾶς
3190 5557 3416 5629 σκηνῆς,
3430 5560 3524 5611 καὶ
3549 5576 3703 5627 πορε
3718 5561 3863 5628 (cz;

2195 5648 2485 5703 εὐτάκτου.
2524 5648 2643 5721 Πῦρ
2665 5650 2760 5703 ἐπὶ
2780 5650 2841 5703 τὸ
2872 5650 3283 5722 θυσιαστήριον,
3318 5655 3460 5705 κατὰ
3488 5654 3587 5722 τὴν
3617 5669 3662 5702 π
3674 5655 3870 5722 pd)-

2192 5758 2293 5811 την
2322 5742 2548 5813 πρόοδον
2591 5743 2652 5809 ἐξ
2709 5745 2942 5815 οὐρανοῦ
2998 5745 3502 5816 καταϐιὸαζόμενον
3550 5745 3865 5816 ἔδειξεν,

2191 5835 2221 5888 ὃ
2252 5836 2346 5890 καὶ
2377 5836 2650 5909 διέμεινεν
2685 5839 2974 5895 ἄσϐεστον.
3008 5840 3150 5906 Τοὺς
3180 5842 3634 5911 προσαγαγόντας
3692 5847 3873 5903 οὐκ
