4044 6412
282 445 288 453 -
305 379 377 466 ἐς)

1471 402 1848 463 LIBELLUS
1885 403 2388 465 MEMORIALIS.

3487 408 3562 472 70

313 523 373 578 ὲκ
403 514 592 569 τούτου
633 514 834 584 πυρὸς,
872 513 1062 567 Ναδάὀ
1118 515 1211 566 καὶ
1255 511 1469 567 Ἀϐιοὺδ
1506 515 1635 574 τοὺς
1694 513 1876 584 ἀρχιε-

1985 511 2287 570 Oll‘ercntcs
2317 531 2384 569 ex
2411 529 2519 568 non
2557 513 2665 569 isto
2693 513 2815 584 igne
2851 512 3037 570 Nadab
3069 523 3123 570 ct
3157 515 3334 570 Abiud
3371 532 3559 572 sacer-

312 611 433 676 ps'q,
463 603 712 676 θεηλάτῳ
738 605 924 676 πληγῇ
949 606 1364 668 καταπεσόντας
1394 603 1668 668 ἀπέδειξε.

299 785 304 792 ’
370 785 643 856 Καθαρῶν
667 786 763 839 καὶ
794 785 871 857 μὴ
904 784 1166 856 καθαρῶν
1196 783 1350 848 ζώων
1382 783 1658 856 διάκρισιν
1685 784 1877 854 ἐποιή-

309 896 446 935 σατο.
494 878 669 947 ’Υπὲρ
733 879 1022 949 ἁμαρτιῶν
1075 877 1286 942 λύσεως
1332 877 1432 940 τὰς
1482 877 1881 947 ἀφωρισμένας

309 971 489 1035 θυσίας
519 970 749 1034 ἐπέταξε
781 971 892 1024 δεῖν
926 969 1323 1041 προσάγεσθαι.
1355 969 1590 1039 Λεπρῶν
1624 970 1719 1022 καὶ
1752 970 1882 1022 ἀνα-

308 1067 490 1135 πήρων
543 1064 848 1134 διακρίσεις
898 1063 1008 1116 ἀπὸ
1066 1061 1169 1133 τῆς
1201 1062 1357 1132 ἱερᾶς
1397 1064 1726 1130 συναγωγῆς
1775 1061 1881 1114 ὑπ-

306 1157 495 1222 έδειξε,
517 1157 613 1210 καὶ
634 1155 764 1227 περὶ
792 1154 1114 1226 καθάρσεως
1142 1153 1322 1208 αὐτῶν
1355 1153 1476 1207 τίνα
1506 1151 1881 1224 προσάγεσθαι

305 1250 392 1302 καί
421 1249 573 1310 ὅπως
626 1246 732 1316 χρὴ
780 1245 1086 1310 διετάξατο.
1134 1246 1276 1308 Τοὺς
1315 1244 1687 1316 ’Λμορῤαίους
1720 1245 1879 1297 ἀναι-

305 1343 438 1411 μωτὶ
472 1339 778 1401 κατελθὼν,
804 1338 901 1407 τὴν
926 1340 1031 1408 γῆν
1053 1338 1236 1391 αὐτῶν
1264 1339 1385 1400 ταῖς
1419 1337 1514 1389 δύο
1551 1334 1748 1405 φυλαῖς
1782 1335 1878 1390 τοῦ

318 1431 534 1486 Ῥουσὶν
553 1430 760 1486 καὶτοῦ
792 1431 900 1485 Γὰδ
925 1429 1224 1500 ἀπένειμεν
1251 1430 1330 1492 είς
1353 1429 1612 1500 κλήρους.
1641 1429 1743 1482 Τὸν
1772 1428 1880 1482 τῶν

303 1525 647 1582 Μαδιανιτῶν
683 1525 863 1578 ἀνεῖλε
907 1523 1154 1595 βασιλέα,
1187 1523 1396 1576 καὶτὸν
1422 1523 1618 1593 μάντιν
1645 1522 1880 1594 Βαλαὰμ

302 1616 750 1688 κακοσύμὼυλον
803 1615 956 1687 αὐτῷ
1020 1617 1165 1670 κατά
1215 1613 1312 1668 τοῦ
1361 1614 1496 1668 λαοῦ
1562 1615 1878 1686 γενόμενον.

303 1709 434 1772 Τοὺς
490 1707 852 1770 τελεσθέντας
884 1707 965 1776 τῷ
1002 1705 1331 1778 Βεελςρεγὼρ
1355 1707 1421 1760 ὲκ
1452 1705 1545 1759 τοῦ
1592 1705 1724 1759 λαοῦ
1768 1704 1883 1758 δισ-

309 1801 538 1874 μυρίους
591 1799 1061 1871 τετρακισχιλίους
1079 1799 1608 1872 ἀναιρεθησομένους
1629 1800 1877 1869 προεῖπε.

363 1975 602 2046 Σημεϊον
627 1976 723 2029 καὶ
745 1974 918 2028 τύπον
943 1972 1044 2027 τοῦ
1075 1972 1346 2045 σωτηρίου
1372 1973 1606 2044 σταυροῦ
1643 1972 1703 2024 ὲν
1725 1964 1880 2042 ᾧπερ

299 2067 596 2137 ἀνέστησεν
625 2067 749 2138 δφει
769 2066 958 2138 χαλκῷ
987 2066 1456 2140 προκατεόάλετο,
1491 2060 1536 2134 ᾧ
1586 2065 1881 2136 προσέχον-

295 2175 380 2222 τες
399 2161 448 2212 oi.
478 2158 807 2229 δακνόμενοι
840 2159 946 2212 ὑπὸ
971 2158 1081 2212 τῶν
1105 2157 1284 2229 δφεων
1310 2159 1410 2212 οὐκ
1431 2157 1774 2213 ἀπώλλυντο.

362 2343 541 2396 Πέντε
581 2340 909 2418 βίϐλους,τῷ
951 2340 1068 2412 λαῷ
1098 2340 1408 2408 συνέταξεν,
1432 2341 1512 2404 εἷς
1550 2357 1611 2393 τε
1642 2339 1874 2410 μελέτην

292 2435 516 2504 διηνεκῆ
564 2435 661 2489 καὶ
685 2433 1044 2488 διδασκαλίαν
1070 2433 1248 2503 λόγων
1295 2434 1480 2504 ἱερῶν,
1522 2434 1618 2486 καὶ
1657 2435 1880 2504 μνήμην

292 2527 394 2580 τῶν
425 2526 576 2596 ὑπὲρ
607 2525 791 2580 αὐτῶν
823 2526 919 2579 καὶ
963 2527 1042 2590 είς
1081 2526 1279 2590 αὐτοὺς
1321 2524 1732 2596 γεγενημένων,
1786 2525 1881 2576 καὶ

297 2617 640 2688 προφητείαν
659 2615 770 2670 τῶν
803 2616 1068 2669 ἐπιόντων
1097 2617 1280 2679 αὐτοῖς
1301 2614 1512 2679 δεινῶν,
1539 2613 1784 2684 ῥᾳθυμίᾳ
1817 2630 1876 2666 τε

291 2708 397 2762 ἀπὸ
422 2709 528 2778 τῆς
546 2707 856 2776 εὐσεϐείας,
886 2708 983 2760 καὶ
1007 2707 1295 2761 ἀποκλίσει
1316 2709 1384 2778 τῇ
1409 2707 1504 2759 ὲπὶ
1532 2706 1878 2769 δυσσέϐειαν,

293 2803 608 2854 κατέλιπεν.
665 2800 827 2854 Ἀλλὰ
874 2802 970 2854 καὶ
1024 2799 1168 2871 ᾠδὴν
1200 2799 1410 2862 αὐτοῖς,
1469 2797 1607 2868 μετά
1647 2797 1746 2868 τὴν
1787 2800 1879 2849 ἐπὶ

290 2894 384 2963 τὴν
405 2892 500 2947 διὰ
535 2892 814 2965 θαλάσσης
847 2892 1124 2962 σωτηρίαν
1172 2889 1625 2960 καταλεχθεῖσαν,
1680 2889 1878 2959 ἑτέραν

288 2983 435 3058 ᾖσεν,
485 2985 565 3049 ὡς
595 2986 665 3038 τὰ
691 2984 820 3054 ἔθνη
867 2974 1339 3054 προτιμηθήσεται
1369 2983 1554 3035 αὐτῶν
1603 2982 1874 3051 δυσσεὸη-

291 3076 526 3141 σάντων,
559 3078 627 3129 τὰ
656 3077 900 3148 πρότερα
953 3075 1213 3140 ἀσύνετα,
1247 3076 1341 3127 καὶ
1372 3075 1478 3127 ὑπὸ
1509 3074 1645 3127 Θεοῦ
1705 3090 1878 3144 προσ-

1982 607 2160 672 dotes,
2192 606 2455 662 divinitus
2506 607 2756 663 immisso
2790 608 3015 664 vulnere
3061 608 3449 665 accumbentes
3478 625 3566 664 os-

1983 697 2177 753 tendit.

2051 787 2380 843 Mundorum
2410 797 2600 844 etnon
2636 788 2969 844 mundorum
3004 791 3330 846 animalium
3367 790 3564 846 discri-

1981 897 2106 936 men
2134 881 2333 937 eﬂecit.
2366 881 2473 935 Pro
2501 889 2850 952 peccatorum
2899 883 3222 938 remissione
3264 885 3564 938 constituta

1985 974 2254 1030 sacriﬁcia
2296 975 2552 1045 praecepit
2580 974 2764 1029 otl‘erri
2800 985 3076 1044 oportere.
3109 973 3473 1045 Leprosorum
3499 989 3566 1030 ac

1982 1067 2196 1123 defectu
2223 1068 2590 1122 laborantium
2633 1068 2970 1122 sceretiones
3019 1082 3050 1122 a
3083 1082 3246 1122 sacro
3274 1077 3417 1124 coetu
3460 1069 3561 1123 ob-

1984 1159 2282 1216 servandas
2305 1159 2494 1224 edixit,
2521 1168 2686 1228 atque
2718 1172 2818 1228 pro
2838 1158 3153 1212 corumdem
3184 1160 3564 1228 purilicatione

1983 1267 2106 1322 quae
2161 1260 2217 1305 et
2281 1251 2560 1321 quomodo
2619 1249 2898 1304 oﬂ'erenda
2957 1257 3143 1304 essent
3205 1250 3562 1320 praescripsit.

1980 1342 2316 1399 Amorrbazis
2339 1343 2459 1398 sine
2485 1357 2711 1397 suorum
2737 1343 3004 1412 sanguine
3036 1341 3303 1407 subactis,
3361 1343 3560 1396 terram

1986 1436 2207 1491 illorum
2244 1435 2460 1490 duabus
2489 1434 2741 1490 tribubus
2766 1433 2958 1489 Ruben
2990 1442 3047 1488 et
3123 1433 3238 1488 Gad
3282 1435 3334 1487 in
3379 1443 3562 1488 sortes

1982 1529 2291 1585 distribuit.
2328 1527 2747 1582 Madianitarum
2778 1541 2959 1596 regem
3002 1523 3242 1589 sustulit,
3271 1533 3563 1592 vatemque

1982 1619 2203 1675 Balaam
2235 1619 2460 1690 pessimi
2495 1620 2636 1690 apud
2662 1635 2787 1674 eum
2820 1628 3099 1673 auctorem
3125 1615 3340 1670 consilii
3367 1614 3563 1669 adver-

1983 1728 2080 1768 sus
2105 1713 2392 1783 populum.
2420 1710 2670 1766 lnitiatos
2701 1710 3066 1780 Beelpliegoro
3095 1722 3161 1762 ex
3189 1707 3410 1777 populo,
3466 1707 3560 1779 qui

1983 1805 2050 1861 ad
2081 1805 2273 1876 viginti
2305 1812 2541 1876 quatuor
2565 1803 2735 1858 millia
2765 1810 2942 1868 erant,
2968 1799 3324 1855 internecioni
3355 1799 3566 1855 dandos

1984 1899 2258 1970 prtedixit.
2939 1961 2943 1966 ι

2057 1991 2284 2062 Signum
2316 2005 2381 2046 ac
2413 2000 2599 2061 typum
2650 1985 2948 2044 salutiferae
2973 1985 3156 2040 crucis
3211 1985 3265 2039 in
3299 1992 3554 2039 anteces-

1986 2099 2109 2140 sum
2140 2082 2390 2139 exhibuit
2422 2083 2565 2136 ineo
2601 2094 2763 2150 quem
2795 2078 2970 2134 erexit
3022 2092 3175 2132 :eneo
3226 2083 3478 2146 serpente
3542 2090 3560 2129 :

1983 2177 2038 2231 in
2073 2191 2236 2246 quem
2271 2175 2615 2229 intendentes
2661 2171 2756 2242 qui
2793 2185 2824 2224 a
2848 2168 3194 2239 serpentibus
3241 2166 3411 2222 mersi
3443 2165 3562 2221 fue-

1981 2275 2126 2330 rant,
2159 2279 2265 2320 non
2309 2263 2628 2318 interibant.

2053 2356 2311 2424 Quinque
2348 2356 2519 2410 libros
2552 2353 2752 2424 populo
2781 2352 3109 2423 composuit,
3142 2365 3281 2420 quos
3342 2349 3422 2404 eis
3472 2364 3560 2403 re-

1981 2449 2143 2520 liquit
2180 2450 2245 2502 ad
2275 2448 2461 2517 jugem
2514 2445 2924 2500 meditationem
2954 2458 3019 2498 ac
3070 2441 3416 2511 disciplinam
3473 2453 3562 2495 sa-

1982 2556 2205 2597 crorum
2235 2553 2575 2600 sermonum,
2607 2535 2676 2591 ad
2705 2535 3026 2590 memoriam
3062 2534 3191 2588 item
3217 2546 3410 2587 eorum
3438 2546 3562 2602 qua:

1981 2649 2080 2705 pro
2126 2632 2260 2701 ipsis
2303 2631 2388 2686 vel
2445 2639 2638 2684 contra
2689 2629 2838 2699 ipsos
2878 2626 3018 2681 facta
3051 2634 3198 2692 sunt,
3235 2623 3288 2678 in
3328 2623 3563 2693 prepbe-

1982 2725 2111 2778 tiam
2140 2737 2358 2792 quoque
2379 2721 2810 2775 obventurorum
2835 2715 2968 2787 ipsis
2996 2715 3288 2779 malorum,
3321 2713 3437 2767 sive
3490 2711 3562 2765 ob

1982 2815 2297 2872 socordiam
2330 2814 2384 2867 in
2413 2814 2576 2868 rebus
2606 2811 2908 2882 religionis,
2950 2810 3066 2864 sive
3117 2807 3193 2862 ‘ob
3235 2804 3564 2878 propensio-

1982 2923 2104 2963 nem
2141 2909 2194 2962 in
2227 2907 2584 2976 impietatem.
2619 2905 2759 2971 Quin
2791 2902 2956 2958 etiam
2983 2916 3205 2957 carmen
3237 2899 3367 2966 illis,
3415 2913 3555 2969 prae-

1983 3007 2066 3053 ter
2093 2997 2222 3051 illud
2255 2997 2401 3066 quod
2438 2996 2727 3050 recitatum
2789 2991 2972 3047 fuerat
3001 2991 3071 3045 ob
3094 2989 3406 3043 evasionem
3467 2999 3563 3055 per

1982 3090 2225 3145 medium
2261 3105 2434 3150 mare,
2483 3087 2631 3141 aliud
2661 3084 2886 3145 cecinit.
2937 3083 3092 3137 aiens
3129 3088 3317 3152 gentes
3367 3079 3562 3149 praela-

287 3168 638 3238 ληφθήσεται
663 3168 801 3239 πρὸς
837 3166 1224 3239 παροργισμδν
1251 3166 1452 3232 αὐτῶν,
1488 3167 1597 3219 τῶν
1639 3168 1732 3218 ἐπὶ
1756 3167 1876 3227 ταῖς

1983 3195 2098 3240 tum
2130 3183 2196 3238 iri
2234 3182 2370 3253 ipsis
2401 3182 2566 3252 impie
2604 3178 2921 3250 agentibus,
2957 3191 3082 3246 quae
3114 3173 3266 3244 prius
3294 3172 3563 3241 insipien-

288 3259 516 3323 πολλαῖς
577 3259 1049 3331 εἰδωλολατρείαις
1081 3259 1542 3330 παροργισάντων
1588 3258 1679 3311 τὸν
1721 3258 1873 3310 Θεόν.

290 3352 447 3404 Ἔστι
481 3351 547 3405 δὲ
574 3351 645 3406 τά
677 3352 842 3404 πέντε
891 3349 1058 3406 αὐτοῦ
1111 3350 1292 3422 βιϐλία
1342 3352 1582 3416 Γένεσις,
1634 3349 1874 3417 Ἔξοδος,

285 3443 598 3510 Λευῖτικδν,
643 3441 918 3514 Ἀριθμοὶ,
959 3440 1408 3514 Δευτερονόμιον.

284 3775 539 3832 ΚΕΦΑΛ,
569 3775 649 3832 0’.
699 3805 771 3817 —
805 3777 945 3834 Τίνα
983 3775 1057 3833 τὰ
1108 3775 1210 3834 διὰ
1289 3776 1494 3847 Ἰησοῦ
1541 3777 1649 3833 τοῦ
1702 3776 1873 3848 Ναυῆ

349 3848 831 3902 ἐπιτελεσθέντα
879 3849 1122 3918 σημεῖα,
1159 3847 1259 3903 καί
1289 3850 1363 3904 δι’
1396 3849 1586 3904 αὑτοῦ
1640 3849 1720 3917 τῷ
1749 3847 1876 3917 λίιῷ

351 3919 854 3988 κατεργασθέντα
889 3921 1182 3990 θαύματα.

349 4081 461 4133 Τὸν
506 4080 788 4150 Ἰορδάνην
816 4080 1086 4150 ποταμὸν,
1111 4083 1192 4144 είς
1214 4080 1278 4134 τὸ
1312 4080 1602 4152 παρελθεῖν
1634 4083 1728 4134 τὸν
1750 4081 1876 4136 λα’,ν

284 4173 378 4224 ἐπὶ
407 4172 516 4238 τὴν
549 4173 649 4241 τῆς
683 4173 1027 4240 ἐπαγγελίας
1061 4173 1188 4243 γῆν,
1211 4173 1398 4224 διεῖλε.
1427 4172 1645 4226 Δώδεκα
1670 4172 1874 4238 λίθους,

280 4265 429 4316 κατᾶ
470 4263 713 4333 ἀριθμὸν
739 4264 848 4316 τῶν
879 4263 1091 4318 δώδεκα
1129 4262 1336 4333 φυλῶν,
1382 4265 1449 4317 ὲκ
1480 4251 1583 4317 τοῦ’
1625 4263 1875 4335 ποταμοῦ

281 4355 732 4426 ἀνακομισθῆναι
769 4355 1065 4425 μεγάλους,
1099 4357 1181 4420 είς
1215 4357 1562 4427 μνημόσυνον
1587 4357 1875 4410 ἀποτεθει-

280 4450 484 4517 μένους
517 4448 598 4518 τῷ
623 4447 739 4518 λαῷ
772 4448 873 4518 τῆς
901 4448 1130 4519 πορείας
1167 4448 1360 4513 αὑτοῦ,
1385 4449 1484 4520 τῆς
1509 4448 1598 4502 διὰ
1620 4449 1717 4502 τοῦ
1776 4449 1877 4519 ξη-

1981 3288 2062 3335 tes
2093 3287 2273 3344 erant,
2319 3292 2550 3348 qumque
2577 3292 2605 3329 a
2642 3276 2750 3329 [)eo
2779 3281 3135 3328 assuntcntur
3175 3270 3244 3324 ad
3295 3268 3559 3323 irritatio-

1979 3387 2106 3427 nem
2138 3371 2403 3440 ipsorum,
2437 3369 2635 3436 quippe
2679 3365 2771 3434 qui
2807 3363 2995 3418 multis
3056 3361 3379 3417 idololatriis
3426 3374 3558 3414 exa-

1979 3462 2324 3519 cerbavcrint
2355 3459 2548 3514 Deum.
2605 3457 2748 3511 Sunt
2778 3471 2941 3526 porro
2993 3455 3236 3523 quinque
3257 3451 3380 3506 libri
3439 3449 3559 3519 ejus

1979 3555 2230 3618 Genesis,
2285 3553 2526 3616 Exodus,
2561 3549 2855 3611 Leviticus,
2907 3546 3150 3610 Numeri,
3218 3543 3561 3627 Deutcrono;

1979 3650 2174 3705 mium.

1978 3801 2135 3859 CAP.
2171 3799 2339 3855 LXX.
2367 3828 2436 3838 —
2471 3796 2606 3864 Qum
2633 3805 2755 3851 sunt
2799 3793 3070 3868 prodigia_
3101 3790 3166 3845 ab
3206 3789 3350 3868 [esu
3409 3784 3560 3868 Nave

2049 3881 2370 3998 perpetrata,
2437 3861 2505 3927 (ι’
2537 3886 2630 3940 per
2687 3861 2854 3938 ipsum
2908 3861 3102 3935 populo
3162 3861 3350 3930 σῇσι-ια
3388 3861 3558 3911 mira-

2048 3963 2108 3999 cu
2137 3963 2190 3999 a.
3220 3969 3228 3978 .

2047 4096 2338 4152 Jordanent
2379 4096 2603 4150 ﬂuvium
2634 4092 2838 4155 divisit,
2873 4099 2931 4143 ut
2959 4087 3192 4158 populus
3217 4081 3474 4138 transiret
3501 4079 3557 4133 iu

1981 4197 2184 4244 terram
2245 4187 2651 4259 promissionis.
2735 4181 3026 4238 Duodecim
3097 4177 3324 4246 lapides,
3393 4173 3552 4241 juxta

1977 4296 2268 4336 numerum
2304 4279 2592 4335 duodecim
2643 4276 2911 4338 tribuum,
2961 4284 3189 4342 magnos
3223 4283 3289 4322 ex
3334 4263 3560 4319 ﬂuuiiine

1980 4371 2164 4425 atIerri
2220 4370 2407 4440 jussit,
2443 4367 2750 4438 deponique
2784 4381 2815 4420 a
2866 4363 3067 4435 populo
3122 4361 3177 4414 in
3232 4354 3556 4412 memoriam

1981 4463 2196 4517 itineris
2225 4462 2333 4526 sui,
2370 4462 2516 4532 quod
2549 4460 2857 4516 confecerat
2903 4471 3000 4527 per
3054 4451 3296 4509 medium
3373 4445 3557 4503 arefa-

283 4539 378 4608 ροῦ
417 4541 730 4610 γενομένου
761 4540 1037 4611 ποταμοῦ,
1068 4538 1424 4612 προσέταξεν.
1463 4541 1577 4604 Τὰς
1605 4542 1872 4613 ἑξήκοντα

1980 4566 2124 4612 ctum
2155 4555 2377 4610 ﬂumen.
2408 4555 2673 4609 Sexcenta
2704 4552 2874 4606 millia
2898 4547 3082 4619 pepuli
3113 4542 3342 4614 lapideis
3360 4537 3557 4610 gladiis

280 4633 564 4702 μυριάδας
592 4633 690 4686 τοῦ
734 4632 868 4688 λαοῦ
914 4633 1197 4704 πετρίναις
1218 4634 1516 4704 περιέτεμε
1549 4635 1869 4706 μαχαίραις.

276 4725 357 4777 Τὰ
393 4728 453 4777 ὲν
503 4723 720 4795 Ἱεριχὼ
755 4726 911 4795 τείχη
951 4724 1270 4794 σαλπίγγων
1299 4727 1405 4796 ἠχῇ
1446 4727 1871 4796 κατεστρέψατο.

276 4817 381 4870 Τὸν
414 4818 859 4886 ἱεροσυλήσαντα
896 4817 1211 4887 Ἀχαραῖον,
1251 4817 1413 4878 δι’,δν
1438 4821 1466 4872 ὁ
1498 4817 1625 4882 λαὸς
1649 4821 1871 4890 ἡττᾶτο,

276 4909 570 4979 κληρωτὸν
642 4909 938 4980 ἀνεύρηκε,
1003 4909 1098 4962 καὶ
1151 4909 1490 4964 λιθόλευστον
1525 4913 1725 4968 ἀνεῖλε.
1763 4913 1874 4975 Τὰς

276 5003 469 5064 πόλεις
495 5001 607 5054 τῶν
634 5001 826 5065 ἐθνῶν,
859 5006 954 5054 καὶ
975 5003 1102 5063 τοὺς
1123 5000 1362 5070 βασιλεῖς
1394 5003 1575 5056 αὐτῶν
1600 5003 1874 5072 ἀναιμωῖὶ

274 5096 654 5166 παρείληφεν.
723 5093 892 5166 ’Υπὲρ
943 5095 1330 5161 Γαϐαωνιτῶν,
1390 5095 1500 5147 τῶν
1557 5095 1874 5164 αὐτομόλων

272 5187 351 5258 τῷ
372 5186 498 5258 λαῷ
532 5186 861 5255 γεγονότων,
896 5187 1173 5258 πολεμῶν,
1208 5189 1290 5252 είς
1322 5188 1536 5242 τελείαν
1581 5188 1740 5259 νίκην
1774 5189 1874 5260 τὴν

232 5299 244 5370 ί
274 5278 420 5348 ὑπὲρ
449 5277 642 5370 αὐτῶν
664 5278 758 5330 τὸν
778 5277 935 5370 ἡλίου
957 5278 1159 5349 δρόμον
1186 5279 1409 5351 ἔστησε.

228 5426 240 5454 ι

343 5370 491 5434 Ταῖς
551 5369 748 5438 φυλαῖς
805 5369 948 5424 κατά
1001 5370 1240 5442 κλήρους
1273 5371 1456 5424 αὐτῶν
1505 5372 1605 5444 τὴν
1637 5374 1764 5443 γῆν,
1806 5375 1874 5444 ἣν

275 5462 617 5532 παρειλήφει
646 5462 797 5533 παρὰ
815 5461 925 5517 τῶν
949 5461 1143 5527 ἐθνῶν,
1171 5462 1484 5534 κατένειμε.
1533 5465 1625 5536 Τῷ
1683 5482 1874 5520 πιστο-

271 5558 421 5628 τάτῳ
445 5555 636 5610 Χαλὲδ
671 5555 750 5626 τῷ
776 5555 871 5610 τοῦ
918 5557 1162 5629 Ἰειρωνῆ,
1197 5559 1289 5612 τὸν
1322 5559 1472 5625 ἀξιον
1522 5559 1690 5613 αὑτοῦ
1739 5561 1874 5632 κλῆ-

275 5665 367 5717 ρον
401 5649 700 5720 ἀπένειμε.
730 5648 842 5720 Τὴν
875 5649 1064 5714 Ῥαά6,
1096 5652 1197 5720 τὴν
1226 5654 1351 5715 τοὺς
1380 5653 1756 5712 κατασκόπους
1785 5654 1870 5706 δε-

275 5742 555 5812 ξαμένην,
606 5743 856 5814 ἐτίμησε,
912 5742 992 5813 τῷ
1043 5743 1159 5814 λαῷ
1217 5745 1633 5813 συγκατατάξας
1678 5748 1872 5818 αὑτήν.

273 5833 401 5898 Τοῖς
436 5833 655 5904 ἱερεῦσι
705 5837 798 5889 καὶ
845 5836 960 5899 τοῖς
1003 5836 1262 5902 Λευῖταις
1290 5836 1389 5901 τὰς
1421 5837 1605 5901 πόλεις
1663 5841 1756 5894 καὶ
1806 5842 1873 5895 τὰ

1980 4645 2344 4701 circumcidit.
2361 4642 2698 4699 Jericliuntis
2717 4653 2904 4696 muros
2920 4638 3174 4693 tubarum
3193 4645 3328 4688 sono
3341 4627 3555 4683 evertit.

1975 4738 2300 4793 Acharzeum
2334 4736 2511 4792 iurent
2548 4735 2900 4805 sacrilegum,
2930 4739 3152 4802 propter
3182 4739 3343 4796 quem
3376 4735 3555 4791 popu-

1977 4833 2064 4886 lus
2097 4831 2351 4886 hostibus
2385 4831 2772 4892 succubuerat,
2805 4843 2902 4897 per
2931 4833 3109 4880 sortes
3139 4817 3369 4881 invenit,
3402 4823 3454 4868 et
3477 4813 3558 4866 la-

1976 4925 2221 4994 pidatum
2257 4923 2375 4977 neci
2405 4923 2574 4976 dedit.
2605 4920 2863 4976 Gentium
2929 4917 3114 4978 urbes,
3171 4920 3226 4967 et
3260 4921 3414 4978 reges
3465 4919 3559 4958 ea-

1979 5031 2100 5069 rum
2160 5016 2299 5069 citra
2357 5014 2680 5082 sanguinem
2724 5013 2886 5082 cepit.
2927 5009 3034 5064 Pro
3065 5001 3406 5063 Gabaonitis,
3461 4994 3553 5064 qui

1976 5122 2096 5163 st‘se
2125 5117 2320 5177 sponte
2370 5107 2633 5163 dederant
2693 5104 2916 5175 populo,
2971 5102 3168 5156 bellum
3215 5108 3430 5167 gerens,
3482 5087 3553 5141 ad

1979 5196 2278 5268 perfectam
2305 5200 2589 5252 victoriam
2618 5212 2717 5268 pro
2737 5196 2842 5250 illis
2874 5190 3239 5251 referendam,
3270 5183 3405 5239 solis
3429 5195 3552 5234 cur-

1979 5306 2100 5344 sum
2137 5291 2297 5344 stitit.

2048 5381 2327 5438 Tribubus
2396 5397 2493 5452 per
2532 5390 2709 5439 sortes
2741 5395 2932 5437 earum
3001 5387 3223 5437 terram,
3279 5385 3440 5441 quam
3489 5365 3557 5421 de

1978 5475 2234 5548 gentibus
2273 5485 2580 5546 acceperat,
2631 5473 2930 5530 distribuit.
2982 5467 3278 5523 Fidissimo
3346 5461 3556 5519 Chaleb

1975 5564 2239 5636 Jeplionis
2265 5566 2399 5632 tilio,
2439 5565 2659 5635 dignam
2706 5564 2800 5618 illo
2832 5560 3200 5617 haereditatem
3233 5553 3558 5626 assignavit.

1982 5657 2158 5723 Raab,
2223 5672 2347 5726 quae
2403 5658 2783 5726 exploratores
2840 5662 3180 5722 susceperat.
3242 5650 3555 5714 honoravit,

1977 5765 2101 5804 eam
2133 5751 2318 5820 populi
2347 5749 2569 5804 civitate
2597 5749 2875 5803 donando.
2915 5746 3308 5802 Sacerdotibus
3351 5757 3416 5798 ac
3449 5740 3552 5795 Le-

1980 5843 2104 5899 vitis
2146 5845 2311 5901 urbes
2343 5854 2506 5914 atque
2539 5844 2799 5900 suburbia
2833 5843 3155 5914 assignavit.
3196 5841 3302 5896 Sex
3359 5834 3554 5906 rcl'ugii
