4044 6418
451 423 516 490 Ἶι
791 454 793 457 -
1933 417 2232 479 JOSEPPI
3647 415 3718 477 ’ῙΞ

453 535 705 591 civitates
727 531 1033 595 constituit.
1064 529 1319 585 universa
1352 537 1607 598 operatus
1633 526 1698 580 ad
1762 527 2027 579 amussim

2156 521 2775 593 τροάστειαάποδέδωκε.
2822 520 2931 584 Τὰς
2951 521 3413 592 φυγαδευτηρίους
3445 522 3504 590 ἓξ
3536 524 3726 590 πόλεις

457 627 824 682 Mosaicarnm
873 623 1352 679 constitutionnm.
1395 621 1530 672 Dum
1595 617 1894 672 dimitteret
1928 632 2026 686 po-

458 723 646 790 pulum
702 719 770 773 ad
825 717 1170 771 baareditates
1216 727 1353 783 quas
1397 713 1620 782 ipsemet
1652 710 2026 774 distribuerat,

461 811 692 881 lapidem
723 807 895 863 erexit
924 807 977 860 iu
1037 803 1411 859 testimonium
1461 815 1677 866 eorum,
1728 816 1851 870 qua:
1907 799 2041 870 ipsis

461 903 604 955 dicta
638 898 874 962 fuerant,
906 895 1052 965 quod
1113 909 1238 948 vera
1267 902 1470 948 essent.
1506 890 1581 945 Ea
1641 904 1806 961 porro
1866 888 2038 953 fuere,

461 993 605 1062 quod
649 999 769 1060 post
815 988 1021 1041 obitum
1073 985 1220 1040 illius
1259 983 1572 1039 derelicmri
1637 991 1821 1036 essent
1875 980 2042 1033 Deum

464 1081 787 1136 salvatorem
886 1083 1051 1140 atque
1136 1072 1490 1143 praepositum
1572 1085 1733 1126 suum
1833 1081 2044 1122 necnon

465 1169 734 1226 adlimsuri
770 1168 1011 1236 gentium
1047 1166 1256 1219 idolis:
1313 1163 1671 1234 quamobrem
1738 1170 1793 1216 et
1850 1161 1950 1228 ipsi
2013 1173 2044 1212 a

479 1264 591 1318 Deo
616 1261 884 1323 derelicti.
917 1257 1261 1314 daemonibus
1314 1270 1451 1326 quos
1483 1256 1762 1326 elegerunt
1795 1253 2044 1308 tradendi

466 1364 672 1418 essent,
730 1368 795 1408 ac
854 1362 978 1423 post
1039 1351 1239 1405 multas
1293 1349 1820 1413 animadversiones,
1903 1360 2045 1415 quas

466 1452 628 1502 etiam
684 1448 739 1500 in
771 1445 1015 1516 paternis
1069 1441 1480 1498 Imreditatibus
1515 1442 1770 1508 degentes
1813 1436 2046 1493 subituri

467 1548 616 1606 sunt,
654 1538 978 1607 ejectioncm
1035 1535 1104 1589 de
1172 1544 1316 1588 terra
1363 1533 1476 1595 illa,
1544 1530 2048 1601 dispersionemque

467 1631 610 1687 inter
647 1637 834 1700 gentes
871 1627 1291 1698 ignominiosam
1323 1624 1427 1680 sibi
1457 1623 1819 1679 obventuram
1851 1622 2045 1677 scient.

468 1787 623 1846 CAP.
675 1785 860 1843 LXXI.
916 1813 988 1826 -ο
1040 1786 1300 1850 ρυωηαηι
1347 1782 1617 1838 mirabilia
1669 1797 1763 1851 per
1829 1779 2048 1834 Iudices

1105 1856 1250 1927 facta
1276 1864 1420 1909 sunt.

539 2013 975 2073 Adonibezecum
1007 2028 1184 2085 regem
1231 2011 1664 2075 Pbilistinorum,
1694 2009 1789 2080 qui
1830 2007 2050 2079 regibus

469 2109 812 2180 septuaginta
841 2117 1082 2162 extrema
1110 2105 1476 2159 membrorum
1501 2109 1872 2168 truncavcrat,
1926 2101 2049 2152 vin-

468 2212 655 2258 centes
686 2200 851 2265 bello,
910 2197 1031 2267 ejus
1078 2196 1242 2266 pedes
1299 2209 1605 2264 manusque
1670 2193 2046 2255 succiderunt,

469 2296 847 2366 plurimosque
882 2290 1085 2345 milites
1111 2289 1259 2343 illius
1291 2303 1386 2358 per
1422 2287 1623 2342 tribum
1684 2283 1821 2340 Juda
1883 2285 2052 2338 inter-

470 2383 687 2438 necioni
721 2381 1035 2435 dederunt.-

547 2473 750 2543 Regem
788 2469 1151 2524 Moabitarum
1185 2467 1356 2537 quiin
1396 2467 1719 2521 servitutem
1790 2465 2050 2536 populum

471 2567 795 2634 redegerat;
831 2561 980 2615 Edon
1014 2557 1230 2632 [Eglun]
1255 2559 1369 2628 ipse
1401 2559 1738 2624 vocabatur;
1775 2558 1890 2612 Aod
1955 2558 2048 2628 ju-

472 2653 578 2706 dex
621 2650 936 2710 adveniens,
983 2659 1245 2717 tanquam
1284 2649 1377 2717 qui
1432 2647 1728 2703 benevolus
1775 2647 1875 2717 ipsi
1928 2663 2053 2716 pio—

472 2753 593 2814 pter
630 2743 952 2811 obsequium
980 2739 1196 2795 futurus
1227 2749 1393 2802 esset,
1429 2755 1764 2810 muneraque
1795 2740 2050 2803 afferens,

472 2837 598 2887 dolo
634 2830 926 2886 interfecit.
961 2830 1096 2886 Cum
1125 2832 1270 2885 enim
1326 2831 1682 2886 ambidexter
1714 2841 1860 2887 esset
1909 2831 2050 2893 Aod,

473 2926 628 2997 quasi
660 2925 822 2979 vellet
869 2925 945 2978 illi
1000 2924 1255 2994 privatim
1305 2924 1462 2979 utilia
1498 2925 1747 2996 quaedam
1801 2940 2046 2988 narrare,

474 3020 698 3073 sinistra
737 3033 922 3083 manu,
952 3017 1170 3071 nemine
1200 3026 1484 3087 praesente,
1521 3017 1573 3072 in
1628 3017 1884 3072 cubiculo
1925 3032 2049 3072 eum

474 3111 744 3166 confodit.

2075 1882 2122 1943 B

2141 615 2414 681 ἀπέδειξε,
2472 606 2653 668 ’πάντα
2713 613 3076 683 κατορθώσας
3128 614 3272 668 κατά
3326 613 3426 678 τὰς
3479 615 3727 680 Μωσέως

2143 709 2448 778 ὑποθήκας.
2519 706 2798 760 Ἀπολύων
2843 706 2935 760 τὸν
2969 705 3100 760 λαὸν
3150 707 3245 759 ἐπὶ
3269 707 3396 769 τοὺς
3465 707 3727 778 κλήρους,

2142 800 2237 863 οὓς
2276 799 2601 869 κατένειμεν
2652 797 2837 861 αὐτὸς,
2874 797 3024 851 λίθον
3051 798 3281 868 ἔστησεν
3308 799 3388 861 είς
3425 798 3730 870 μαρτύριον

2143 893 2252 947 τῶν
2283 892 2376 946 ὑπ’
2436 891 2605 945 αὑτοῦ
2636 889 2948 962 λεγομένων
3008 891 3215 956 αὐτοῖς,
3257 888 3333 955 ὡς
3397 891 3575 962 ἀληθῆ
3617 891 3726 960 εἴη.

2151 986 2216 1040 Ἀ
2249 985 2306 1039 δὲ
2361 981 2452 1057 ἦν,
2498 985 2574 1048 ὡς
2615 987 2731 1056 μετ’
2757 985 2921 1040 αὑτὸν
2943 982 3337 1054 καταλείψουσι
3369 983 3466 1037 τὸν
3511 983 3730 1054 σωτῆρα

2148 1079 2242 1130 καὶ
2276 1076 2590 1148 προστάτην
2631 1076 2812 1131 αὐτῶν
2835 1075 3130 1147 γενόμενον
3158 1076 3314 1142 Θεὸν,
3360 1080 3455 1129 καί⁵
3483 1078 3598 1138 τοῖς
3621 1075 3732 1128 τῶν

2147 1167 2318 1222 ἐθνῶν
2351 1168 2594 1233 εἰδώλοις
2625 1169 3113 1240 προστεθήσονται,
3140 1168 3262 1222 ὅθεν
3298 1168 3390 1222 καὶ
3425 1167 3584 1221 αὐτοί⁹
3623 1186 3732 1220 πα·

2151 1258 2531 1329 ραλειφθέντες
2585 1258 2692 1313 ὑπὸ
2745 1257 2902 1322 Θεοῦ,
2949 1257 3206 1326 δαίμοσιν
3264 1254 3461 1328 οἷσπερ
3519 1256 3733 1311 εἵλαντο

2148 1349 2550 1420 ὲκδοθήσονται,
2613 1351 2706 1403 καὶ
2740 1349 2880 1421 μετά
2931 1349 3133 1414 πολλὰς
3191 1348 3484 1420 τιμωρίας,
3520 1349 3586 1412 ἃς
3635 1349 3734 1402 καὶ

2148 1447 2206 1500 έν
2241 1451 2355 1513 τοῖς
2389 1447 2668 1520 πατρῴοις
2709 1447 2934 1519 κλήροις
2959 1441 3378 1517 ὑποστήσονται,
3409 1445 3507 1516 τὴν
3569 1444 3731 1499 ἐκϐο-

2149 1537 2267 1610 λὴν,
2295 1539 2394 1610 τὴν
2421 1540 2529 1593 ἀπὸ
2550 1539 2651 1610 τῆς
2675 1539 2803 1610 γῆς,
2830 1541 2922 1592 καὶ
2944 1540 3024 1604 είς
3046 1538 3117 1592 τὰ
3137 1538 3267 1609 ἔθνη
3293 1537 3600 1609 διασπορὰν
3634 1553 3732 1606 γει

2148 1631 2456 1702 νησομένην
2492 1629 2672 1684 αὐτῶν
2699 1629 2898 1700 ἄτιμον
2935 1629 3349 1699 ὲπιγνὼσονται.

2154 1785 2402 1840 sema.
2443 1787 2568 1840 oa'.
2595 1818 2663 1829 —
2698 1787 2838 1840 Τίνα
2868 1745 2940 1840 ἑὰ
2970 1785 3068 1840 διὰ
3096 1785 3218 1840 τῶν
3244 1783 3460 1855 κριτῶν
3503 1782 3734 1854 θαυμά-

2711 1873 2816 1912 ma
2854 1858 3166 1927 γενόμενα.

2227 2014 2332 2069 Τὸν
2372 2012 2732 2072 Ἀδωνιϐεζέκ
2761 2009 2986 2082 βασιλέα
3012 2007 3120 2064 τῶν
3162 2007 3526 2080 Ἀλλοφύλων,
3581 2008 3734 2064 €650-

2155 2107 2406 2177 μήκοντα
2443 2105 2683 2175 βασιλεῖς
2740 2104 3262 2175 ἀκρωτηριάσαντα,
3315 2102 3735 2174 πολεμήσαντες

2153 2197 2331 2250 ποδῶν
2381 2197 2477 2250 καὶ
2503 2194 2706 2266 χειρῶν
2767 2193 3046 2263 ἐξέτεμον,
3106 2192 3201 2245 καὶ
3269 2191 3501 2262 μυρίους
3561 2188 3734 2243 αὐτοῦ

2153 2288 2494 2362 στρατιώτας
2521 2287 2609 2342 διὰ
2630 2289 2726 2358 τῆς
2748 2285 2844 2340 τοῦ
2889 2285 3062 2340 Ἰούδα
3091 2283 3264 2354 φυλῆς
3295 2283 3524 2337 ἀνεῖλον.

2223 2471 2328 2525 Τὸν
2355 2469 2583 2541 βασιλέα
2646 2465 2958 2523 Μωαϐιτῶν
2986 2461 3435 2534 δουλαγωγοῦντα
3465 2463 3557 2516 τὸν
3580 2462 3736 2523 λαὸν,

2165 2561 2329 2613 Ἐδὼν
2359 2555 2623 2632 [Ἐγλὼν]
2671 2558 2727 2612 δὲ
2749 2554 2901 2623 οὗτος
2951 2556 3218 2616 ἐκαλεῖτο.
3279 2553 3417 2608 Ἀὼδ
3467 2557 3496 2609 ό
3540 2553 3737 2627 κριτὴς

2153 2650 2419 2717 ἐπελθὼν,
2451 2651 2528 2716 ὡς
2559 2649 2746 2714 εὖνους
2772 2649 2923 2720 αὐτῷ
2954 2647 3083 2718 περὶ
3113 2646 3209 2717 τὴν
3255 2647 3501 2719 ὑπακοὴν
3537 2647 3736 2716 ἐσόμε-

2152 2761 2263 2806 νος,
2293 2743 2386 2796 καὶ
2415 2743 2818 2814 δωροδοκήσας,
2844 2741 3023 2795 ἀνεῖλε
3056 2739 3214 2811 δόλῳ.
3258 2738 3738 2810 Ἀμφοτεροδέξιος

2152 2836 2260 2907 γὰρ
2282 2835 2356 2888 ὣν
2381 2837 2410 2889 ὁ
2452 2834 2612 2901 Ἀὼδ,
2641 2835 2716 2897 ὼς
2749 2834 3076 2904 βουλόμενος
3104 2833 3254 2904 αὐτῷ
3296 2833 3401 2904 ἰδίᾳ
3456 2849 3509 2884 τι
3556 2831 3739 2897 λέγειν

2153 2927 2263 2979 τῶν
2317 2927 2729 2998 συμφερόντων,
2797 2927 2863 2996 τῇ
2919 2925 3190 2995 εὐωνύμῳ
3244 2925 3410 2995 χειρὶ,
3467 2923 3738 2995 παρόντος

2153 3017 2396 3083 οὐθενὸς,
2421 3019 2500 3083 είς
2531 3018 2622 3071 τὸν
2653 3015 2890 3070 κοιτῶνα
2926 3017 3088 3071 αὐτὸν
3115 3001 3496 3088 διεχειρίσατο.

545 3201 788 3258 Sisaram
856 3217 1095 3273 quoque,
1133 3201 1571 3257 Channnaaorum
1631 3202 2040 3271 imperatorem,

2228 3197 2331 3250 Τὸν
2361 3195 2567 3266 Σισάρα
2605 3195 2768 3251 πάλιν
2797 3194 3025 3267 βασιλέα
3064 3197 3174 3250 τῶν
3213 3197 3534 3252 Χαναναίων
3593 3216 3736 3270 κρα-

475 3297 568 3360 qni
611 3296 812 3365 p0pulo
841 3295 1228 3349 dominabatur
1257 3304 1478 3364 propter
1532 3295 1650 3366 ejus
1709 3295 1874 3364 impia
1925 3294 2055 3350 faci-

481 3402 630 3451 nora,
669 3385 865 3439 mulier
915 3384 1162 3455 quaedam
1220 3382 1490 3450 Debbora,
1537 3383 1760 3439 mittens
1785 3382 2052 3437 Baracum

477 3473 756 3528 imminent
807 3475 875 3528 de
932 3474 1075 3528 tribu
1132 3472 1503 3542 Nepblhalim,
1555 3473 1703 3528 hunc
1746 3473 2054 3535 debellavit,

467 3573 642 3632 atque
673 3565 871 3618 milites
901 3565 1119 3633 quidem
1171 3565 1289 3632 ejus
1347 3576 1588 3633 quatuor
1626 3565 1797 3618 millia
1824 3563 2052 3630 cecidit;

481 3656 658 3722 ipsum
702 3671 833 3709 vero
868 3655 1110 3710 Sisaram
1165 3657 1341 3710 solum
1377 3655 1746 3725 aufugientem
1808 3673 1838 3711 e
1890 3657 2055 3721 bello,

479 3744 632 3800 .lazel
674 3747 922 3816 quaedam
956 3748 1145 3801 animo
1193 3748 1432 3816 gestiens
1468 3747 1666 3802 mulier
1716 3749 1768 3801 iu
1827 3751 2055 3803 domum

488 3853 644 3891 suam
676 3838 1081 3908 confugientem
1134 3839 1299 3893 veluti
1349 3839 1401 3893 in
1459 3841 1670 3911 asylum
1732 3840 2055 3908 suscipiens,

485 3929 623 3983 lacte
658 3939 810 3998 potat
845 3931 1144 3994 sitientem,
1169 3941 1222 3984 et
1271 3931 1422 3985 humi
1455 3931 1593 4000 sopit
1622 3947 1638 3997 ;
1697 3930 2056 3985 dormientem

483 4029 664 4075 autem
700 4021 900 4090 ipsum,
933 4021 1086 4076 clavo
1117 4037 1214 4094 per
1262 4031 1506 4092 tempora
1555 4021 1769 4086 adacto,
1799 4022 2056 4077 confecit.

485 4111 690 4164 llaraco
712 4125 836 4164 eum
911 4125 1105 4181 capere
1164 4112 1456 4182 quaerenti,
1515 4109 1663 4166 Jazel
1711 4113 1946 4166 ostendit
1999 4113 2053 4167 in

482 4211 624 4256 terra
653 4204 994 4256 transfixum.

551 4292 739 4348 Itidem
769 4294 1104 4350 instantibus
1159 4295 1358 4366 popqu
1398 4294 1731 4363 llladiauitis,
1765 4304 2059 4366 propterea

480 4386 624 4451 quod
654 4401 683 4438 a
727 4383 834 4438 Deo
861 4387 930 4440 ob
993 4386 1301 4456 impietates
1358 4387 1539 4442 fuerat
1586 4388 1902 4454 derelictus,
1953 4387 2060 4442 Ge-

481 4477 622 4530 deon
678 4492 775 4547 per
819 4477 1070 4548 angelum
1125 4479 1290 4548 judex
1351 4479 1694 4548 proponitur.
1739 4478 1847 4533 lste
1894 4493 2058 4548 porro

2154 3288 2352 3342 τοῦντα
2406 3287 2501 3340 τοῦ
2557 3287 2690 3342 λαοῦ
2725 3288 2812 3342 διὰ
2863 3288 2923 3342 τὸ
2976 3287 3300 3355 δυσσεϐεῖν,
3362 3289 3608 3362 Δεὸόρρα
3653 3309 3740 3355 τις

2156 3381 2315 3451 γυνὴ,
2361 3381 2620 3436 στείλασα
2649 3381 2739 3436 τὸν
2763 3381 2974 3453 Βαράκ,
3002 3381 3093 3434 τὸν
3114 3380 3176 3434 ὲκ
3201 3380 3371 3453 φυλῆς
3394 3381 3736 3452 Νεφθαλεὶμ,

2158 3473 2351 3528 τοῦτον
2379 3472 2815 3544 κατεπολέμησε,
2849 3474 2942 3526 καὶ
2972 3473 3446 3544 τετρακισχιλίους
3507 3474 3605 3546 μὲν
3640 3477 3742 3528 αύο

2156 3565 2250 3619 τοῦ
2286 3565 2625 3637 στρατιώτας
2650 3567 2886 3638 ἀναιρεῖ,
2913 3567 3076 3621 αὑτὸν
3098 3567 3154 3620 δὲ
3178 3567 3270 3621 τὸν
3313 3569 3524 3638 Σισάρα
3577 3570 3742 3638 μόνον

2158 3658 2474 3728 ἀποδράντα
2495 3657 2587 3711 τοῦ
2619 3658 2884 3728 πολέμου,
2927 3657 3108 3728 Ἰαζήλ
3136 3675 3221 3722 τις
3256 3659 3556 3730 μαινομένη
3601 3661 3742 3730 γυνὴ

2159 3749 2432 3818 φεύγοντα
2464 3749 2600 3818 πρὸς
2629 3750 2728 3819 τὴν
2759 3749 2959 3819 ἑαυτῆς
2992 3750 3194 3815 οἰκίαν,
3235 3750 3311 3814 ὡς
3363 3751 3443 3813 είς
3488 3767 3740 3819 καταφυ-

2159 3844 2263 3912 γὴν
2308 3841 2731 3912 προσηκαμένη,
2789 3841 3000 3904 ποτίζει
3032 3841 3267 3908 γάλακτι
3323 3841 3583 3912 διψῶντα,
3645 3847 3744 3898 καὶ

2159 3936 2543 4005 κατακοιμίζει
2590 3935 2718 4006 τρὸς
2779 3934 2856 4005 τῷ
2912 3934 3120 4004 ἐδάφει.
3194 3935 3745 4006 Ἀποκαθευδήσαντα

2160 4024 2218 4078 δὲ
2252 4025 2436 4088 αὑτὸν,
2471 4025 2749 4078 πάσσαλον
2788 4025 2878 4079 διά
2903 4026 2997 4080 τοῦ
3025 4027 3260 4098 κράνους
3291 4027 3605 4098 περάσασα,
3627 4029 3745 4082 δια-

2161 4119 2390 4189 χρᾶταν
2434 4117 2688 4188 ζητοῦντι
2715 4118 2770 4170 δὲ
2810 4119 2975 4172 αὐτὸν
3017 4119 3348 4173 καταλαϐεῖν
3397 4118 3475 4189 τῷ
3528 4120 3740 4192 Βαράκ,

2159 4209 2433 4263 δείκνυσιν
2478 4209 2658 4280 Ἰαζὴλ
2685 4211 2744 4263 ὲν
2774 4214 2838 4282 τῇ
2871 4214 2942 4282 γῇ
2973 4212 3491 4283 καταπεπαρμένον.

2233 4303 2403 4356 Πάλιν
2434 4303 2750 4358 Μαδιναίων
2782 4305 3152 4375 ἐπικειμένων
3177 4305 3256 4375 τῷ
3284 4305 3420 4376 λαῷ,
3446 4305 3534 4359 διὰ
3563 4305 3625 4359 τὸ
3648 4306 3745 4360 ἐπὶ

2160 4396 2283 4457 ταῖς
2317 4393 2667 4457 δυσσεϐείαις
2691 4395 2797 4449 ὑπὸ
2829 4395 2965 4449 Θεοῦ
2996 4396 3504 4466 ἐγκαταλελεῖφθαι,
3536 4397 3746 4452 Γεδεὼν

2163 4484 2230 4538 δι’
2259 4485 2493 4554 ἀγγέλου
2526 4487 2889 4557 προόάλλεται
2920 4489 3138 4559 κριτής.
3170 4487 3278 4542 Καὶ
3307 4493 3532 4560 σημεῖον
3586 4483 3746 4556 οὗτος

485 4569 701 4637 signum
757 4569 1334 4639 pestulatbujusmodi
1375 4570 1478 4627 sibi
1539 4571 1680 4633 dari,
1739 4571 1782 4624 si
1834 4569 2051 4639 quidem

2161 4579 2324 4644 αἰτεῖ,
2369 4580 2418 4632 εί
2449 4581 2754 4650 προστῆναι
2786 4574 2896 4645 οἷός
2935 4599 2994 4635 τε
3046 4583 3131 4652 εἴη
3185 4583 3282 4636 τοῦ
3315 4583 3468 4645 λαοῦ,
3503 4585 3746 4640 τοιοῦτον

485 4671 722 4724 ρι-ασεεεθ
748 4657 946 4725 populo
980 4672 1078 4726 par
1103 4667 1270 4714 esset.
1339 4657 1544 4713 Lanam
1603 4659 1660 4712 in
1716 4668 1858 4713 terra
1890 4659 2059 4727 depo-

488 4760 642 4806 nens,
680 4761 800 4799 eam
834 4748 1130 4815 postulavit
1158 4748 1328 4803 imbui
1359 4764 1507 4813 rore,
1564 4757 1707 4803 terra
1744 4764 1866 4818 qua:
1910 4749 2054 4803 circa

483 4836 656 4889 vellus
681 4847 846 4899 esset,
874 4839 1008 4892 nihil
1048 4842 1271 4894 omnino
1309 4841 1553 4896 humoris
1583 4841 1895 4910 recipiente.
1954 4839 2058 4895 Ubi

483 4943 613 4981 vero
638 4927 780 4982 istud
811 4930 1016 4994 evenit,
1046 4931 1243 4985 iterum
1275 4932 1594 5002 postulavit,
1638 4945 1698 4987 ut
1729 4933 1887 4988 tellus
1937 4949 2060 5003 qua:

482 5018 626 5072 circa
663 5018 844 5072 lanam
891 5029 1009 5075 erat
1044 5020 1276 5076 humore
1326 5023 1686 5088 madesceret,
1749 5024 1871 5077 lana
1937 5039 2062 5078 vero

481 5109 745 5177 impluvia
777 5119 1038 5165 maneret.
1074 5110 1208 5166 Cum
1261 5126 1424 5182 porro
1468 5114 1694 5169 vidisset
1744 5116 1824 5169 sic
1889 5114 2062 5170 conti-

482 5201 627 5268 gisse
663 5203 1122 5268 quemadmodum
1158 5205 1549 5272 postulaverat,
1586 5221 1706 5276 qua:
1751 5206 1855 5273 sibi
1906 5222 2060 5260 man-

481 5294 605 5345 data
655 5293 871 5347 fuerant
920 5297 1255 5366 aggreditur.
1310 5298 1590 5352 Convocat
1639 5299 1821 5368 igitur,
1868 5308 1925 5352 ut
1958 5298 2060 5353 sibi

483 5381 638 5453 opem
668 5387 843 5442 ferant
873 5399 1148 5459 quotquot
1179 5406 1244 5444 ex
1278 5397 1479 5461 pepulo
1534 5394 1584 5446 id
1635 5404 1892 5464 praestare
1948 5396 2060 5448 vel-

483 5474 618 5537 lent,
659 5477 708 5529 iu
763 5477 902 5532 bello
943 5482 1207 5536 adversus
1257 5484 1442 5537 hostes
1491 5486 1860 5556 suscipiendo.
1922 5484 2054 5541 Con-

482 5566 710 5620 veniunt
753 5569 861 5624 duo
900 5579 954 5625 et
991 5573 1179 5642 viginti
1220 5575 1412 5630 millia.
1451 5576 1647 5632 Multos
1708 5595 1874 5647 porro
1933 5595 2058 5634 cum

483 5656 717 5711 dixisset
747 5660 796 5713 ei
832 5660 976 5717 Deus
1009 5679 1130 5720 esse
1155 5681 1249 5722 eos
1274 5670 1364 5736 qui
1397 5681 1792 5736 convenerant,
1831 5672 2062 5726 meticu-

486 5747 636 5801 losos
667 5749 1020 5808 dimittendos
1050 5759 1291 5814 mandat.
1331 5758 1426 5814 llis
1468 5762 1712 5818 dimissis
1778 5773 2062 5818 remanent

489 5838 674 5894 decem
715 5842 904 5897 millia.
938 5843 1188 5915 Cumque
1221 5852 1374 5906 vellet
1412 5851 1554 5908 Deus
1614 5855 1689 5909 illi
1745 5855 2057 5924 ostendere,

2160 4671 2310 4741 αύτῷ
2337 4670 2577 4740 δοθῆναι.
2636 4673 2812 4726 Πόκον
2854 4674 3193 4745 ἀποθέμενος
3219 4676 3275 4729 έν
3323 4679 3390 4746 τῇ
3423 4680 3518 4747 γῇ,
3552 4677 3747 4732 τοῦτον

2161 4762 2281 4832 ¹ᾔτει
2304 4763 2480 4836 δρόσῳ
2510 4764 2870 4836 πληροῦσθαι,
2906 4766 3004 4835 τῆς
3033 4767 3161 4837 περὶ
3175 4768 3268 4821 τὸν
3291 4769 3458 4823 πόκον
3478 4771 3580 4840 γῆς
3607 4769 3747 4840 μηδ·

2159 4853 2302 4916 όλως
2366 4854 2790 4926 ὑγραινομένης.
2834 4856 2923 4920 Ὦς
2970 4857 3025 4911 δὲ
3059 4857 3233 4922 οὕτως
3285 4861 3519 4929 ἐγίνετο,
3578 4862 3750 4918 πάλιν

2164 4945 2306 5014 ᾔτει.
2339 4946 2400 4999 τὸ
2433 4949 2532 5015 μὲν
2561 4951 2694 5020 περὶ
2715 4950 2807 5004 τὸν
2838 4951 3005 5005 πόκον
3031 4950 3226 5020 ἔδαφος
3249 4953 3628 5024 ὑγραίνεσθαι,
3653 4954 3748 5009 τὸν

2160 5037 2216 5090 δὲ
2249 5037 2417 5090 πόκον
2447 5039 2640 5094 ἁΰετον
2677 5042 2884 5111 μένειν.
2925 5043 3013 5107 Ὡς
3042 5044 3099 5098 δὲ
3135 5043 3242 5098 εἶδε
3277 5045 3420 5099 οὕτω
3450 5047 3752 5118 γενόμενον

2163 5128 2238 5190 ὡς
2265 5130 2480 5200 ᾐτήκει,
2516 5131 2776 5202 ἐνεχείρει
2823 5135 2935 5197 τοῖς
2990 5136 3512 5206 προστεταγμένοις.
3567 5138 3755 5191 Καλεῖ

2163 5218 2296 5286 γοῦν
2324 5221 2665 5291 συνάρασθαι
2705 5221 2854 5293 αύτῷ
2889 5224 3016 5288 τοὺς
3074 5224 3436 5296 βουλομένους
3469 5227 3564 5279 τοῦ
3613 5227 3750 5280 λαοῦ

2164 5313 2256 5364 ἐπὶ
2288 5312 2378 5366 τὸν
2409 5312 2620 5384 έχθρῶν
2650 5315 2908 5386 πόλεμον.
2942 5317 3050 5370 Καὶ
3105 5318 3465 5391 συνέρχονται
3497 5318 3754 5389 δισχίλιοι

2164 5404 2259 5456 καὶ
2311 5404 2610 5475 δισμύριοι.
2667 5407 2903 5471 Πολλοὺς
2951 5408 3009 5461 δὲ
3061 5409 3213 5482 αὑτῷ
3275 5410 3402 5474 τοὺς
3455 5411 3756 5483 συνεληλυ-

2164 5493 2324 5556 θότας
2371 5495 2400 5546 ό
2457 5495 2590 5559 Θεὸς
2635 5497 2805 5551 εἰπὼν
2839 5493 2999 5566 εἶναι,
3055 5499 3411 5571 ἀποπέμπειν
3464 5500 3756 5556 ἐκελεύετο

2163 5583 2292 5647 τοὺς
2315 5583 2545 5649 δειλούς.
2581 5587 2819 5642 Μένουσι
2868 5589 2956 5662 δὴ,
2988 5589 3196 5645 τούτων
3250 5591 3749 5663 ἀποπεμφθέντων,

2167 5675 2374 5746 μύριοι.
2434 5677 2771 5752 Βουλόμενος
2816 5682 2873 5735 δὲ
2901 5685 2929 5737 ό
2959 5683 3090 5747 Θεὸς
3154 5683 3305 5754 αὐτῷ
3347 5684 3636 5750 δεικνύειν,
3668 5685 3753 5749 ὡς

2161 5767 2222 5820 οὗ
2278 5768 2661 5840 πολεμούντων
2718 5773 2919 5844 πλήθει
2961 5776 3250 5847 περιέσται
3305 5775 3414 5830 τῶν
3463 5775 3746 5846 πολεμίων

2166 5859 2409 5930 ἀπείρων
2439 5862 2630 5932 ὄντων,
2661 5864 2798 5920 ἀλλὰ
2827 5866 2947 5939 θείᾳ
2969 5869 3138 5939 χειρὶ,
3165 5867 3328 5924 πάλιν
3348 5866 3495 5939 αύτῷ
3527 5867 3749 5927 κελεύει
