4044 6454
260 403 312 464 73
1381 394 1756 458 LIBELLUS
1793 391 2300 456 MEMORIALIS.
3409 395 3480 455 τι

258 513 458 572 κατιέναι
511 513 648 584 πρὸς
698 513 776 584 τῷ
812 511 1204 584 παρακειμένῳ
1265 512 1520 583 ποταμῷ,
1571 515 1796 567 κάκεῖσε

1910 510 2046 581 quod
2119 521 2466 578 nequaquam
2537 509 2608 560 ob
2673 503 3001 560 bellatorum
3074 504 3480 560 multitudinem

251 605 444 660 δεικνύει
474 603 600 666 τοὺς
660 601 1150 672 συνελευσομένους
1187 602 1246 654 ὲν
1281 603 1346 671 τῇ
1381 603 1552 674 μάχῃ.
1591 601 1676 663 Ὠς
1734 601 1790 654 δὲ

255 701 318 760 εἰς
347 694 472 764 ὕδωρ
504 696 649 748 πιεῖν
675 694 726 747 οἱ
792 693 978 766 μύριοι
1015 691 1352 762 κατέϐησαν,
1409 691 1792 762 ἐπιτηρεῖσοαι

253 787 498 842 κελεύεται
546 786 616 838 τὰ
668 785 916 856 στόματα
955 787 1066 848 τοῖς
1122 783 1276 837 ὕδασι
1329 784 1792 847 καταϐάλλοντας,

254 875 781 946 κατακαμπτομένους
827 877 884 929 ὲν
920 875 997 944 τῷ
1048 877 1245 938 πίνειν,
1303 876 1397 928 καὶ
1430 877 1560 938 τοὺς
1608 877 1795 947 χερσὶν

253 968 585 1039 ἀνιμωμένους
621 969 682 1020 τὸ
721 968 912 1032 ποτὸν,
943 969 1038 1020 καὶ
1069 966 1373 1028 λάπτοντας
1404 967 1536 1020 ὡσεὶ
1601 967 1782 1026 κύνες.

253 1053 382 1112 Οὗτοι
415 1059 464 1111 δὲ
495 1057 762 1128 ὤφθησαν
792 1061 943 1120 ὄντες
973 1059 1128 1128 μόνοι
1159 1061 1490 1127 τριακόσιοι.
1527 1059 1636 1110 Καὶ
1688 1059 1790 1110 πά-

251 1150 318 1202 λιν
370 1147 580 1217 πέμψας
668 1148 1032 1208 ἑπτακοσίους
1116 1147 1212 1198 καὶ
1284 1147 1788 1217 ἐννεακισχιλίους,

251 1241 408 1293 ἀκούει
467 1238 542 1301 ὡς
592 1238 681 1290 διὰ
745 1237 853 1288 τῶν
913 1237 1248 1306 τριακοσίων
1314 1237 1442 1302 τοὺς
1499 1237 1794 1308 πολεμίους

253 1325 462 1396 ἀμαχητὶ
491 1325 862 1394 τροπώσεται.
903 1324 1120 1392 ’Υδρίας
1147 1321 1240 1378 οὖν
1291 1327 1475 1388 αὐτοῖς
1535 1327 1794 1396 ἐπιφέρες

249 1419 352 1472 σθαι
381 1419 468 1470 καὶ
515 1417 810 1486 λαμπάδας
859 1418 916 1468 ὲν
971 1420 1038 1488 τῇ
1087 1417 1352 1484 εὐωνύμῳ
1383 1407 1527 1488 χὲιρὶ
1561 1420 1794 1484 κελεύει,

250 1515 327 1564 καὶ
349 1511 644 1578 σάλπιγγας
669 1511 728 1562 ἐν
751 1511 816 1578 τῇ
840 1508 991 1579 δεξιᾷ
1010 1527 1024 1539 ο
1058 1503 1180 1561 εἶτα
1227 1509 1641 1582 ἀπορρίψαντας
1697 1511 1796 1573 τὰς

246 1601 424 1673 ὑδρίας,
458 1601 747 1666 σαλπίζειν
775 1599 868 1653 καὶ
906 1599 1136 1669 ἐπιϐοᾷν
1164 1615 1176 1628 ’
1227 1599 1518 1669 Ῥομφαία
1544 1598 1624 1666 τῷ
1675 1599 1798 1666 Θεῷ

245 1695 326 1748 καί
359 1693 430 1760 τῷ
459 1693 719 1748 Γεδεὼν.
786 1693 1004 1746 Τούτων
1049 1693 1106 1746 δὲ
1155 1691 1299 1745 οὕτω
1338 1693 1699 1763 τελουμένων,
1746 1695 1796 1746 oi

247 1787 464 1856 πολέμιοι
501 1785 573 1838 δι’
596 1785 807 1839 ἑαυτῶν
831 1781 1152 1848 ἐκόπτοντοτ
1181 1784 1386 1854 πλῆθος
1437 1784 1590 1848 ὄντες
1633 1785 1794 1839 ἄπει-

1901 606 2072 658 victor
2103 612 2248 656 esset
2280 601 2518 666 futurus,
2553 601 2806 669 quamvis
2839 600 3034 654 inliniti
3058 609 3240 654 essent
3265 599 3481 662 hostes,

1898 695 1992 750 sed
2033 693 2102 750 ob
2129 695 2375 748 divinum
2413 691 2678 746 auxilium
2711 709 2726 746 :
2777 691 2974 746 iterum
3007 691 3054 745 ei
3109 689 3383 760 prmcipit,
3421 698 3486 744 ut

1898 791 1964 844 ad
1997 805 2164 859 prope
2197 787 2436 858 positum
2461 786 2661 840 ﬂumen
2710 786 3026 851 descendat,
3063 785 3249 855 ibique
3280 785 3356 839 illi
3391 799 3478 840 os-

1900 883 2071 936 tendit
2106 881 2198 952 qui
2233 895 2356 934 cum
2393 879 2485 933 illo
2515 878 2582 932 ad
2613 893 2850 948 pugnam
2899 885 3088 933 essent
3117 875 3270 931 ituri.
3302 877 3482 943 Quum

1899 972 2044 1026 enim
2081 973 2270 1026 decem
2301 971 2508 1026 milleni
2543 970 2618 1022 illi
2671 969 2735 1022 ad
2789 968 3077 1024 bibendam
3127 984 3324 1038 aquam
3383 971 3480 1024 dc-

1900 1065 2267 1128 scendissent,
2299 1061 2670 1118 observandos
2723 1061 2888 1116 edicit
2927 1062 3198 1128 homines,
3237 1062 3333 1132 qui
3385 1076 3482 1116 ora

1903 1159 2063 1228 aquis
2115 1156 2490 1226 imprimerent
2550 1156 2972 1224 procumbentes
3030 1154 3098 1208 ad
3163 1155 3480 1220 bibendum,

1897 1267 1994 1305 eos
2025 1251 2152 1304 item
2199 1252 2294 1319 qui
2349 1249 2548 1318 palmis
2597 1249 2854 1302 haustum
2907 1248 3204 1314 traherent,
3269 1247 3480 1302 lambe-

1902 1351 2132 1411 rentque
2179 1349 2238 1396 ut
2288 1355 2470 1395 canes.
2523 1339 2635 1394 Visi
2673 1349 2800 1395 sunt
2855 1339 3172 1406 huiusmodi
3229 1341 3480 1395 homines

1901 1431 2189 1487 dumtaxat
2215 1433 2468 1486 trecenti.
2503 1431 2701 1486 lterum
2737 1447 2868 1502 ergo
2899 1431 3024 1486 data
3057 1431 3292 1486 abeundi
3323 1431 3480 1486 venia

1901 1533 2094 1572 novem
2131 1520 2239 1574 illis
2283 1520 2526 1574 millibus
2550 1529 2606 1576 et
2629 1521 3010 1591 septingentis,
3036 1521 3188 1575 audit
3215 1521 3482 1586 futurum,

1902 1618 1959 1662 ut
2005 1625 2106 1676 ope
2151 1619 2516 1666 trecentorum
2573 1628 2764 1666 eorum
2821 1613 3168 1668 adversarios
3205 1627 3313 1668 non
3353 1629 3486 1668 con-

1902 1711 2047 1756 serta
2083 1704 2200 1758 acie
2230 1704 2283 1758 in
2310 1703 2494 1774 fugam
2527 1713 2722 1759 vertat.
2751 1703 2915 1760 Jubet
2969 1720 3101 1774 ergo
3152 1713 3210 1758 ut
3265 1705 3486 1774 lagenas

1907 1793 2013 1847 sibi
2065 1793 2297 1848 aderant
2353 1797 2742 1866 lampadasquc
2802 1796 2856 1849 in
2897 1795 3122 1850 sinistra
3183 1809 3373 1857 manu,
3423 1810 3489 1846 ac

248 1895 342 1948 ρον,
373 1879 460 1931 καὶ
489 1878 764 1948 τέσσαρας
798 1877 1040 1946 βασιλεῖς
1069 1881 1197 1940 τοὺς
1252 1877 1549 1946 πολεμίους
1595 1895 1792 1948 χειρω-

1910 1888 2056 1944 .ubas
2084 1889 2140 1942 in
2175 1890 2421 1944 dextera.
2463 1890 2672 1944 Deinde
2703 1901 2761 1944 ut
2783 1890 3017 1960 abjectis
3059 1889 3294 1960 lagonis,
3327 1889 3482 1944 clan—

245 1973 450 2040 σάμενος
477 1969 781 2034 πελεκίζει,
817 1971 907 2022 τὸν
941 1969 1127 2039 Ὡρὴϐ,
1159 1969 1254 2024 καὶ
1287 1970 1380 2023 τὸν
1413 1970 1550 2040 Ζὴφ,
1589 1971 1795 2024 καὶτὸν

245 2063 402 2126 Ζεϐεὲ,
439 2063 534 2114 καὶ
575 2062 855 2132 Σαλμανᾶ,
883 2062 1230 2116 Μαδιανιτῶν
1282 2065 1378 2115 καὶ
1415 2063 1796 2133 Ἀμαληκιτῶν

241 2155 348 2217 τοὺς
373 2154 649 2223 βασιλέας.

1905 1987 2035 2048 gant
2063 1989 2115 2033 et
2149 1981 2488 2048 obstrepant,
2530 1981 2753 2037 Gladius
2805 1983 2912 2036 Deo
2945 1992 2995 2036 et
3043 1980 3294 2036 Gedeom'.
3357 1979 3490 2046 Quae

1905 2075 2130 2128 cnniita
2195 2085 2414 2142 peracta
2467 2075 2722 2141 fuissent,
2767 2077 2956 2132 hostes
3017 2091 3114 2145 per
3144 2091 3204 2130 se
3248 2076 3483 2130 invicem

1907 2163 2314 2234 feriuntur/qni
2361 2167 2710 2222 multitudine
2737 2175 2896 2222 erant
2933 2167 3156 2231 inﬁniti,
3215 2175 3482 2235 qualum--

243 2260 332 2313 que
350 2262 492 2317 reges
529 2247 877 2302 adversarios
905 2247 1123 2318 subegit
1168 2256 1221 2302 et
1270 2249 1450 2304 securi
1503 2253 1800 2322 percussit,
1837 2254 1980 2312 Orcb
2029 2269 2082 2314 et
2135 2257 2304 2327 Zeph,
2345 2268 2397 2312 et
2426 2257 2604 2314 Zebee
2626 2269 2680 2314 et
2727 2259 3008 2320 Salmana,
3071 2259 3166 2328 qui
3220 2257 3485 2312 Madiaui-

243 2347 398 2393 tarum
419 2339 918 2395 Amalecitarumve
961 2356 1114 2412 reges
1141 2353 1318 2400 erant.

298 2431 441 2484 Μετὰ
493 2434 550 2484 δὲ
614 2433 792 2487 ταῦτα
847 2433 1012 2486 πάλιν
1069 2437 1374 2506 ἁμαρτόντι
1426 2437 1505 2506 τῷ
1541 2438 1656 2508 λαῷ
1707 2445 1802 2495 καὶ

237 2519 584 2582 δυσσεῦοὗντι.
625 2525 944 2594 ἐπικρατεῖς
975 2526 1024 2577 oi
1057 2527 1310 2598 πολέμιοι
1340 2528 1608 2597 γίνονται.
1655 2535 1792 2604 Κρι-

237 2615 324 2683 τής
359 2615 568 2684 Ἰεφθάε
601 2617 628 2668 ὁ
655 2616 960 2689 Γαλααδίτη
967 2637 994 2683 ς
1018 2619 1406 2690 προϐάλλεται,
1444 2623 1504 2687 ὃς
1549 2626 1804 2695 πολεμιῖιν

239 2707 290 2757 τὸ
315 2706 416 2760 τῶν
457 2709 818 2779 Ἀμμανιτῶν
847 2711 1023 2777 ἔθνος,
1058 2712 1334 2783 ἐπηύξατο
1359 2715 1496 2785 πρὸς
1539 2721 1606 2788 τῇ
1657 2719 1799 2790 νίκῃ,

233 2797 314 2849 τὶν
333 2799 664 2854 ἀπαντῶντα
709 2803 858 2874 αὐτῷ
889 2803 1096 2856 ἀνιόντι
1128 2805 1192 2858 ἐκ
1225 2805 1326 2874 τῆς
1357 2806 1552 2860 ἑαυτοῦ
1577 2809 1797 2880 πρῶτον

236 2889 395 2953 οἰκίας
443 2897 826 2963 προσαγαγεῖν
883 2895 1028 2966 ὑπὲρ
1084 2895 1187 2964 τῆς
1237 2897 1397 2963 νίκης
1440 2899 1519 2961 είς
1584 2901 1795 2956 θυσίαν.

245 2983 476 3057 Ἀπαντᾷ
503 2986 642 3052 γοῦν
671 2987 821 3057 αὐτῷ
867 2987 1164 3059 μονογενὴς
1212 2989 1506 3058 παρθένος,
1549 2991 1617 3062 ἣν
1659 2989 1799 3064 εἶχε,

237 3071 486 3146 θυγάτηρ,
521 3076 625 3131 καὶ
665 3079 985 3150 προσήγαγε
1013 3081 1242 3150 ταύτην,
1274 3081 1568 3154 ἐπιδούσης
1600 3087 1801 3158 ἑαυτὴν

235 3167 318 3216 καὶ
338 3165 432 3236 τῆς
461 3167 660 3238 κόρης.

295 3257 456 3312 Πάλιν
485 3259 546 3312 δὲ
571 3259 684 3313 ἀπὸ
713 3261 814 3330 τῆς
843 3261 1130 3326 εὐσεϐείας
1161 3264 1695 3336 ἀπορρᾳθυμήσαντι
1721 3270 1798 3340 τῷ

229 3346 332 3418 λαῷ
359 3352 450 3403 καὶ
481 3354 971 3424 καταπατουμένφ
993 3355 1128 3423 πρὸς
1157 3357 1511 3423 Φιλίσθαίων’
1543 3360 1638 3414 καὶ
1661 3361 1763 3431 θρη
1781 3390 1800 3401 ’

231 3441 392 3497 νοῦντι
424 3446 528 3516 τὴν
554 3446 886 3515 ἐπάχθειαν,
921 3447 1164 3519 Σαμψὼν
1213 3449 1531 3520 Ναζηραῖος
1557 3455 1624 3523 τῇ
1668 3455 1801 3507 ἁνα-

229 3539 422 3607 στροφῇ
441 3537 664 3606 γίνεται
693 3539 908 3610 κριτὴς,
942 3540 1000 3603 ὃς
1039 3543 1096 3592 ὲν
1121 3544 1240 3606 ταῖς
1299 3542 1476 3614 θριξὶν
1524 3541 1640 3616 εἶχε
1699 3547 1796 3617 τὴν

229 3625 468 3696 δύναμιν.
503 3631 624 3684 Καὶ
659 3631 876 3700 πρῶτον
930 3633 1032 3702 μὲν
1082 3633 1274 3687 λέοντα
1339 3637 1481 3689 κατὰ
1543 3637 1642 3707 τὴν
1686 3638 1804 3692 ὁδὸν

229 3719 362 3788 αὐτῷ
385 3724 864 3792 περιτετυχηκότα
898 3723 1132 3788 ἔκτεινε,
1170 3727 1292 3789 ταῖς
1325 3729 1486 3797 χερσὶ
1530 3730 1800 3801 περιδρα-

229 3807 470 3879 ξάμενος.
499 3813 743 3868 Ἔπειτα
770 3813 1030 3868 εἰσελθὼν
1063 3819 1142 3878 εἰς
1163 3817 1292 3872 Θέαν
1319 3818 1414 3871 τοῦ
1439 3820 1636 3890 νεκροῦ
1665 3822 1804 3875 λέον·

225 3917 328 3965 τος,
355 3906 452 3957 καὶ
475 3905 664 3976 εὑρὼν
695 3906 862 3976 ἐσμὸν
901 3907 1172 3978 μελισσῶν
1201 3910 1668 3981 ἐπικαθεζόμενον
1701 3917 1801 3967 αύ-

227 3993 314 4045 τοῦ
341 3995 420 4065 τῷ
470 3997 712 4068 κρανίῳ,
753 3999 876 4068 μέλι
924 3999 1107 4053 λαϐὼν
1163 4001 1220 4065 ἐξ
1269 4002 1437 4055 αὐτοῦ
1499 4005 1796 4075 βέϐρωκεν.

235 4087 628 4162 Ἀθετούμενος
675 4095 764 4146 διὰ
793 4097 1052 4162 γυναῖκα,
1081 4097 1150 4167 ἣν
1185 4097 1404 4170 ὲθνικὴν
1453 4099 1620 4151 οὖσαν
1660 4099 1802 4169 ἠγά-

225 4193 364 4244 γετο,
411 4183 573 4254 παρὰ
619 4185 715 4238 τοῦ
777 4185 988 4256 πατρὸς
1059 4189 1252 4257 αὐτῆς,
1299 4192 1628 4258 τιμωρεῖται
1677 4192 1802 4253 τοὺς

228 4275 544 4342 σνμφύλους
603 4275 769 4330 αὐτοῦ
827 4277 1022 4349 ταύτῃ.
1092 4279 1450 4349 Τριακοσίους
1509 4281 1804 4347 ἀλώπεκας

217 4365 651 4439 ’συὶ-λαϐόμενος,
689 4369 788 4422 καὶ
813 4371 956 4424 κατὰ
983 4371 1078 4423 δύο
1121 4373 1440 4442 προσδήσας
1481 4374 1666 4428 αὐτῶν
1705 4377 1806 4438 τὰς

225 4455 452 4526 κέρκους
513 4459 803 4530 λαμπάσιν
855 4461 1218 4531 ὲξημμέναις,
1269 4466 1412 4517 κατὰ
1462 4466 1563 4528 τὰς
1619 4466 1806 4537 χώρας

1977 2446 2107 2500 Post
2138 2446 2252 2501 haec
2281 2461 2475 2501 rursus
2501 2446 2782 2516 peccantis
2809 2445 2994 2516 populi
3041 2453 3097 2502 et
3121 2445 3286 2515 impie
3323 2461 3488 2515 agen-

1905 2538 1972 2590 tis
1995 2537 2198 2592 domini
2228 2537 2468 2592 evadunt
2507 2541 2711 2594 hostes.
2773 2536 2951 2593 Judex
2981 2538 3277 2608 prmﬁcitur
3320 2537 3490 2609 Ieph-

1907 2631 2029 2686 thae
2057 2629 2390 2696 Galaadites,
2431 2631 2523 2700 qui
2549 2647 2673 2686 cum
2705 2640 2864 2700 gente
2886 2631 3256 2687 Ammanitica
3285 2633 3486 2688 bellum

1905 2721 2310 2776 commissurus
2338 2721 2487 2775 vovit
2543 2735 2644 2791 pro
2683 2722 2936 2786 victoria,
2991 2722 3307 2777 oblaturum
3333 2737 3392 2778 se
3433 2723 3488 2777 in

1908 2813 2242 2868 sacrificium
2279 2829 2378 2883 pro
2427 2814 2653 2868 victoria
2703 2829 3090 2886 quemcunque
3134 2816 3374 2885 primum
3423 2815 3492 2870 de

1905 2904 2068 2958 domo
2095 2919 2194 2958 sua
2232 2905 2522 2960 revertenti
2573 2915 2954 2961 occurrentem
3024 2906 3358 2963 oﬂendisset.
3388 2906 3494 2962 Oc-

1904 2997 2075 3050 currit
2109 3011 2234 3051 vero
2266 2995 2314 3050 ei
2355 2997 2633 3065 unigenita
2665 2998 2816 3068 virgo
2845 2999 2975 3064 lilia,
2999 3015 3163 3067 quam
3197 3001 3437 3055 habebat
3473 3018 3486 3053 :

1905 3101 2069 3156 quam
2122 3089 2286 3142 etiam
2346 3088 2564 3154 obtulit,
2599 3089 2781 3157 puella
2816 3104 2876 3143 se
2905 3090 3082 3160 ipsam
3132 3105 3350 3160 quoque
3411 3092 3490 3142 ul-

1833 3179 1877 3236 c
1913 3184 1997 3230 tro
2025 3175 2309 3230 oll‘erente.

1983 3263 2180 3320 lterum
2221 3267 2273 3320 in
2307 3267 2503 3336 pietate
2535 3267 2922 3338 refrigesecnle
2952 3269 3174 3337 populo,
3208 3270 3494 3324 com-ulca-

1913 3363 2077 3424 toqnc
2133 3371 2164 3410 a
2227 3356 2583 3418 Philisthmis,
2624 3371 2747 3410 cum
2780 3356 3148 3410 calamitatem
3199 3371 3495 3426 conquere-

1912 3455 2082 3514 retur,
2119 3445 2177 3501 iit
2220 3447 2389 3516 judex
2444 3447 2677 3501 Samson
2717 3445 2995 3500 Nazirzeus
3049 3447 3491 3508 conversatione.

1910 3537 2007 3607 qui
2034 3537 2100 3592 oin
2133 3539 2344 3608 capillis
2377 3553 2505 3592 suas
2531 3539 2674 3592 vires
2716 3538 2968 3594 habebat.
3011 3539 3093 3594 Ac
3143 3539 3322 3609 primo
3374 3540 3497 3609 qui-

1910 3631 2033 3706 dem
2070 3631 2281 3685 leonem
2311 3630 2530 3684 obvium
2570 3629 2672 3684 sibi
2697 3647 2763 3685 ex
2793 3631 2988 3685 itinere
3019 3629 3294 3686 interfecit
3319 3631 3496 3685 mani-

1912 3727 2015 3783 bus
2049 3728 2452 3798 apprehensum
2514 3745 2527 3781 :
2580 3727 2774 3781 deinde
2820 3741 3100 3796 regressus
3155 3727 3220 3781 ad
3272 3729 3496 3797 conspi-

1911 3821 2168 3875 ciendum
2203 3829 2478 3875 mortuum
2516 3819 2669 3874 illutn
2694 3819 2906 3874 leonem
2935 3859 2950 3882 ,
2991 3837 3115 3875 cum
3153 3835 3314 3889 apum
3367 3838 3498 3874 exa-

1915 3928 2036 3966 men
2074 3913 2376 3966 invenisset
2405 3911 2648 3966 insidens
2703 3911 2757 3965 in
2798 3912 2916 3981 eius
2963 3911 3219 3976 calvaria,
3279 3923 3499 3980 arrepto

1915 4005 2100 4066 melle,
2163 4021 2228 4058 ex
2266 4005 2358 4057 ido
2385 4005 2642 4058 comedit.
2705 4004 3067 4075 Repudiatus,
3141 4021 3209 4059 ne
3268 4017 3497 4060 uxdrem

1915 4097 2140 4150 haberet
2171 4097 2451 4150 Iunlierem
2498 4097 2796 4160 ethnicam,
2837 4113 3000 4164 quam
3030 4097 3231 4150 ducere
3259 4097 3498 4162 volebat,

1915 4185 1982 4236 ab
2009 4183 2124 4249 ejus
2177 4193 2346 4251 patre.
2385 4183 2721 4236 contribules
2757 4183 2904 4236 illius
2951 4193 3234 4252 propterea
3279 4185 3358 4238 sie
3419 4187 3502 4238 nl-

1917 4284 2004 4328 tus
2035 4285 2140 4326 est.
2198 4271 2385 4342 Captis
2418 4271 2672 4326 trecentis
2705 4271 2985 4340 vulpibus,
3025 4272 3278 4338 binisque
3302 4289 3496 4328 earnm

1916 4365 2109 4418 caudis
2170 4363 2444 4432 colligatis
2512 4377 2636 4415 cum
2697 4361 2948 4416 accensis
3023 4361 3388 4431 lampadibus,
3443 4363 3497 4418 in

1917 4471 2077 4524 agros
2106 4456 2352 4510 dimittit.
2385 4453 2498 4509 Hoc
2529 4453 2692 4525 igitur
2731 4455 2893 4508 modo
2923 4455 3101 4524 l‘rngcs
3128 4469 3316 4508 eorum
3373 4455 3498 4509 uni-

225 4543 509 4600 ἀπέλυσεν.
539 4547 700 4602 Οὕτω
729 4548 864 4616 γοῦν
887 4550 1070 4604 αὐτῶν
1095 4550 1340 4616 ἅπαντας
1371 4553 1498 4616 τοὺς
1558 4553 1802 4624 καρποὺς

1921 4565 2106 4604 versas
2143 4549 2298 4619 (erat
2326 4563 2565 4618 namque
2597 4548 2794 4602 messis
2857 4547 3110 4620 tempus)
3169 4549 3494 4606 combussit.

225 4637 328 4704 (καὶ
356 4638 468 4709 γὰρ
489 4634 566 4710 ἦν
595 4641 808 4711 ἀμητοῦ
835 4641 1050 4711 καιρὸς)
1101 4645 1423 4714 ἐνέπρησεν.
1447 4647 1678 4698 Ἔπειτα
1711 4663 1810 4698 πο-

227 4727 450 4797 λεμοῦσι
481 4735 606 4795 τοῖς
647 4733 996 4798 Ἀλλοφύλοις
1027 4736 1120 4787 τὶν
1143 4737 1275 4790 λαὸν
1307 4737 1396 4790 διὰ
1423 4739 1524 4806 τὴν
1548 4737 1810 4809 τοιαύτην

227 4824 312 4874 τοῦ
343 4823 602 4894 Σαμψὼν
639 4825 880 4890 ἀδικίαν,
932 4825 1084 4888 λύσις
1117 4825 1464 4897 ὁμολογεῖται
1503 4830 1598 4883 τοῦ
1649 4831 1812 4884 πολέ-

229 4929 322 4980 μου
351 4916 641 4983 γενέσθαι,
672 4918 721 4969 εί
753 4919 844 4970 τὸν
879 4916 1120 4987 Σαμψὼν
1159 4919 1381 4988 δέσμιον
1415 4921 1600 4984 αὐτοῖς
1631 4939 1812 4992 παρα-

233 5005 382 5076 δῷεν.
413 5011 534 5062 Καὶ
565 5009 830 5078 δήσαντες
860 5009 1060 5062 ἑκόντα
1102 5011 1151 5062 οἱ
1199 5012 1573 5080 προσήκοντες
1633 5014 1812 5068 καλω-

223 5099 368 5164 δίοις,
401 5103 725 5172 παρέδοσαν
752 5105 863 5166 τοῖς
913 5101 1286 5169 numam;
1327 5103 1385 5156 '0
1417 5104 1472 5157 δὲ
1497 5107 1814 5176 παραυτίκα

225 5193 286 5245 τὰ
313 5193 498 5264 δεσμὰ
525 5193 855 5265 διαρρήξας,
885 5193 981 5246 καὶ
1039 5195 1288 5262 σιαγόνος
1335 5195 1528 5249 ὀστέου
1589 5214 1817 5268 περιτυ-

225 5287 326 5354 χὼν
347 5289 504 5354 ὖνου,
541 5287 754 5358 χιλίους
787 5287 970 5340 αὐτῶν
997 5287 1056 5339 ἐν
1079 5287 1228 5356 αὐτῷ
1251 5286 1428 5340 παίων
1467 5289 1813 5346 ἀπέκτεινεν.

239 5377 322 5432 Ἐκ
351 5381 410 5434 δὲ
433 5379 542 5433 τοῦ
575 5379 747 5432 κόπου
770 5378 870 5450 τῆς
903 5379 1242 5449 ἀναιρέσεως
1273 5381 1455 5432 αὐτῶν
1500 5381 1646 5449 δίψει
1689 5383 1818 5452 φλε-

229 5473 476 5538 τῦμενος,
517 5472 831 5528 ἀπώλλυτο.
863 5473 975 5525 Καὶ
1007 5471 1170 5525 πάλιν
1215 5471 1514 5526 ἀπολαϐὼν
1553 5473 1652 5543 τὴν
1697 5491 1816 5528 σια-

229 5563 374 5628 γόνα,
407 5563 570 5636 ὕδωρ
599 5563 750 5635 αύτῷ
783 5564 1028 5635 ῥύσασαν
1057 5567 1182 5618 ὅσον
1212 5565 1470 5620 ἰάσασθαι
1518 5570 1618 5639 τὴν
1659 5568 1818 5636 δίψαν

233 5655 478 5722 ὴῦύνατο,
521 5655 750 5728 εὕρατο.
821 5657 1046 5710 Ἀλλοτε
1097 5657 1156 5712 δὲ
1209 5659 1538 5731 προσϐαλὼν
1593 5664 1658 5732 τῇ
1714 5662 1751 5712 Γ
1755 5679 1818 5714 αα

231 5747 390 5812 ζαέων
457 5749 662 5814 πόλει,
717 5751 815 5802 καὶ
875 5750 1226 5822 καθεσθὴσας
1305 5753 1455 5823 παρά
1535 5771 1642 5806 τινι
1725 5771 1822 5823 γυ-

233 5847 392 5908 ναικὶ,
421 5843 558 5912 ἔφυ)
574 5843 766 5895 ἀττετο
789 5845 940 5912 παρὰ
958 5843 1066 5896 τῶν
1094 5843 1328 5898 πολιτῶν
1361 5847 1494 5916 πρὸς
1514 5845 1818 5916 ἀναίρεσιν·

555 5935 830 5996 Ρλτιιοι.
875 5937 990 5999 Gn.
1038 5941 1188 6001 CVI.

1919 4637 2165 4692 Subinde.
2201 4637 2533 4692 bellantibus
2569 4635 2904 4690 Philistluris
2937 4651 3064 4690 cum
3106 4636 3306 4706 populo
3333 4653 3490 4708 prep-

1918 4743 1998 4786 ter
2031 4732 2171 4786 banc
2199 4730 2486 4785 Samsonis
2519 4745 2741 4794 noxam,
2771 4730 3096 4783 c0nveuitur
3128 4729 3494 4788 dirimendum

1917 4825 2142 4886 bellum,
2163 4826 2207 4878 si
2226 4823 2442 4893 quidem
2468 4820 2792 4876 Samsonem
2813 4823 2923 4876 illis
2945 4823 3183 4876 vinctum
3203 4825 3498 4880 traderent.

1921 4915 2234 4970 Vincieutes
2259 4928 2398 4985 ergo
2445 4911 2531 4967 sui
2591 4913 2868 4967 hominem
2909 4914 2961 4966 id
3035 4915 3180 4968 ultro
3233 4913 3500 4970 ferentem

1917 5007 2180 5070 restibus,
2209 5007 2548 5059 tradiderunt
2575 5003 2933 5060 Philistlm'is.
2957 5004 3026 5060 At
3052 5006 3140 5060 ille
3171 5007 3354 5060 statim
3383 5007 3502 5060 vin-

1920 5101 2042 5154 t-nla
2069 5102 2410 5169 dirumpens,
2443 5099 2776 5166 inventoque
2799 5115 2921 5153 esse
2965 5099 3202 5153 maxilla:
3249 5101 3410 5164 asini,
3437 5117 3502 5155 eo

1921 5195 2174 5248 millenos
2196 5209 2386 5248 eorum
2421 5194 2638 5247 medens
2667 5191 2961 5246 interfecit.
2995 5191 3076 5247 0h
3105 5193 3346 5247 laborem
3375 5207 3502 5245 vero

1923 5288 2318 5342 internecionis
2352 5287 2570 5341 illorum
2609 5287 2697 5342 siti
2742 5287 2960 5350 ardens,
3005 5287 3227 5355 jamjam
3275 5287 3506 5340 deiicere

1921 5381 2230 5435 videbatur.
2293 5381 2494 5434 lterum
2561 5380 2728 5450 igitur
2800 5391 3016 5448 arrepta
3083 5378 3343 5444 maxilla,
3399 5379 3504 5434 sibi

1923 5489 2122 5543 aquam
2156 5473 2546 5528 scatttrientem
2575 5474 2798 5543 reperit,
2829 5481 3030 5541 quanta
3064 5470 3152 5524 siti
3187 5473 3390 5526 mederi
3417 5489 3508 5541 po-

1925 5578 2084 5624 terat.
2116 5569 2424 5638 Aliquando
2449 5571 2714 5622 accedens
2753 5567 2816 5620 ad
2853 5565 3170 5620 Gazaeorum
3206 5567 3508 5632 civitatem,

1927 5661 2348 5730 hospitatusque
2377 5675 2541 5730 penes
2574 5659 2868 5728 quanulam
2904 5657 3209 5724 mulierem,
3245 5661 3506 5714 observa-

1927 5753 2056 5807 bant
2087 5767 2210 5807 eum
2246 5753 2618 5816 civitatenses,
2657 5759 2713 5802 ut
2742 5763 2772 5801 e
2804 5747 2982 5802 medio
3017 5748 3287 5804 tollerent.
3322 5747 3390 5801 At
3421 5750 3510 5803 ille

1930 5853 2094 5898 noctu
2173 5849 2549 5912 experrectus,
2617 5841 3084 5912 conspicatusque
3139 5839 3396 5896 custodes
3451 5839 3504 5892 in

3114 5936 3152 5995 3
