4044 6416
577 386 650 450 75
2055 387 2354 448 JOSEPBC
2755 435 2759 439 .
3770 388 3836 449 76

582 498 753 568 portis
805 497 1161 562 dormientes,
1216 510 1380 566 super
1439 493 1686 549 humeris
1734 508 1859 548 cum
1905 494 2143 564 pOSIibu:

2263 499 2290 549 ὁ
2323 496 2380 549 δὲ
2416 495 2632 566 νύκτωρ
2683 477 2951 568 ἐγερθεῗς,
3000 499 3093 552 καὶ
3146 498 3273 563 τοὺς
3311 496 3558 566 φύλακας
3608 495 3668 548 ὲν
3721 498 3835 558 ταῖς

579 591 933 660 vectibusque
964 591 1096 659 ipsis
1130 598 1184 643 et
1211 587 1491 658 apsidibus
1519 598 1706 657 portas
1739 587 2058 652 sustollens,
2097 589 2148 642 in

577 685 830 754 opposito
858 683 1064 738 civitati
1101 681 1244 737 clivo
1280 679 1558 749 deposuit,
1587 680 1680 748 qui
1716 681 1903 734 decem
1957 679 2151 734 stadiis

575 775 784 828 aberat.

647 953 830 1006 Victus
863 965 1080 1022 quoque
1135 958 1323 1020 postea
1351 947 1586 1004 ethnicaa
1611 946 1947 1002 mulierculae
1999 945 2145 1001 desi-

570 1045 745 1110 derio,
796 1058 919 1097 cum
969 1043 1162 1097 fuisset
1194 1042 1602 1098 circumventus
1675 1048 1732 1093 ut
1779 1038 2036 1102 ediceret,
2095 1037 2148 1092 in

570 1151 808 1204 quanam
844 1149 900 1187 re
930 1141 1144 1188 tantum
1201 1134 1370 1188 robur
1402 1131 1726 1202 possideret,
1760 1129 2013 1187 hostibus
2052 1128 2149 1184 de-

567 1230 716 1283 ditus
751 1236 853 1282 est.
886 1227 1186 1296 Postquam
1219 1226 1365 1280 enim
1412 1226 1561 1280 novit
1603 1222 1924 1279 muliercula
1983 1221 2151 1276 robur

567 1319 621 1372 in
660 1319 910 1374 crinibus
947 1319 1067 1388 ejus
1101 1318 1339 1388 positum
1368 1332 1510 1380 esse,
1544 1315 1816 1370 imbellem
1869 1330 1994 1369 eum
2027 1313 2149 1368 red-

565 1411 703 1466 didit
747 1411 930 1467 crines
985 1411 1297 1465 attondens.
1356 1408 1699 1478 Accipientcs
1749 1407 1916 1475 igitur
1972 1406 2147 1468 illum,

566 1505 842 1572 captivum
899 1504 1138 1559 habuere
1174 1504 1382 1567 hostes,
1443 1502 1850 1570 illudebantque
1905 1500 1954 1554 ei
2007 1495 2148 1566 apud

570 1599 703 1653 deos
734 1612 866 1652 suos
896 1596 1274 1657 convivantes,
1309 1595 1640 1661 cmcalisquc
1677 1591 1853 1646 oculis
1899 1605 2022 1644 eum
2071 1588 2150 1644 sic

567 1689 896 1744 multarunt.
934 1689 1003 1742 At
1033 1688 1131 1742 ubi
1157 1687 1332 1742 sensit
1366 1687 1594 1756 capillos
1617 1701 1749 1741 suos
1784 1685 2148 1746 succrevisse,

567 1797 631 1835 ac
673 1783 841 1836 robur
872 1780 1051 1836 inesse
1090 1779 1226 1845 sibi,
1260 1789 1382 1833 orat
1423 1778 1616 1843 Deum,
1650 1788 1706 1831 ut
1734 1777 2028 1831 vindictam
2063 1775 2146 1831 sui

2261 587 2466 651 πύλαις
2498 587 2860 652 καθεύδοντας
2924 589 3288 661 θεασάμενος,
3352 589 3442 642 ἐπ’
3491 588 3658 657 ὤμων
3707 588 3840 657 μετά

2259 679 2370 733 τῶν
2420 681 2811 751 παραστάδων,
2874 681 3094 751 μοχλοῖς
3162 682 3347 743 αὐτοῖς
3378 681 3472 733 καὶ
3517 680 3696 748 ἀψίσι,
3749 680 3839 742 τὰς

2260 771 2437 834 πύλας
2470 771 2770 842 ἀράμενος,
2825 775 2906 836 είς
2939 773 3030 825 τὸν
3085 773 3428 842 καταντικρύ
3471 773 3571 843 τῆς
3634 771 3839 835 πόλεως

2260 860 2451 931 βουνὸν
2477 863 2736 926 ἀπέθετο,
2769 862 2900 915 δέκα
2933 863 3184 928 σταδίους
3215 864 3505 932 ἀπέχοντα.

2339 951 2622 1024 Ἦττηθεὶς
2670 952 2716 1006 δ’
2773 953 2852 1016 είς
2905 952 3132 1024 ὕστερον
3171 953 3491 1016 ἀλλοεθνοῦς
3539 951 3692 1022 πόθῳ
3743 969 3838 1019 γυ-

2257 1044 2465 1108 ναικὸς,
2501 1045 2598 1098 καὶ
2622 1045 2721 1115 τὴν
2763 1044 2938 1114 ἀλκὴν
2966 1046 3025 1099 ὲν
3062 1045 3169 1099 τίνι
3205 1045 3470 1114 κέκτηται
3504 1043 3840 1114 βιασαμένης

2257 1133 2420 1189 αὑτὸν
2451 1133 2714 1201 ἐξειπεῖν,
2769 1133 3042 1205 προύδόθη
3072 1139 3185 1199 τοῖς
3217 1135 3518 1205 πολεμίοις.
3563 1134 3713 1186 Ἐπεὶ
3733 1132 3839 1202 γὰρ

2256 1226 2399 1295 ἔγνω
2421 1227 2480 1280 τὸ
2506 1226 2726 1293 γύναιον
2745 1227 2844 1296 τὴν
2864 1227 3036 1298 ἀλκὴν
3065 1229 3122 1281 ὲν
3149 1230 3268 1292 ταῖς
3288 1229 3463 1300 θριξὶν
3480 1227 3629 1296 αὐτῷ
3656 1229 3844 1297 παρεῖ-

2257 1335 2367 1379 ναι,
2395 1317 2605 1388 ἀναλκῆ
2632 1317 2887 1382 διέδειξεν
2921 1317 3108 1372 τοῦτον
3137 1319 3552 1390 ἀποξυρὰσασα.
3574 1319 3842 1379 Λαϐόντες

2256 1410 2312 1463 δὲ
2337 1411 2520 1474 αὐτὸν,
2551 1409 2903 1479 αἰχμάλωτον
2931 1405 3075 1480 εἶχον
3093 1411 3142 1462 οἱ
3165 1411 3434 1481 πολέμιοι,
3465 1411 3559 1464 καὶ
3575 1411 3841 1464 κατέπαι·

2259 1501 2350 1566 ζον
2375 1501 2540 1554 αὑτοῦ
2575 1504 2724 1570 παρὰ
2751 1503 2880 1565 τοὺς
2906 1503 3112 1555 ἑαυτῶν
3144 1501 3299 1565 θεοὺς
3331 1503 3718 1571 εὐωχούμενοι,
3748 1501 3842 1552 καὶ

2257 1595 2373 1656 τοῖς
2407 1592 2652 1663 ὄμμασιν
2705 1593 2868 1647 αὐτὸν
2926 1594 3281 1664 πηρώσαντες
3333 1594 3613 1657 ἐκόλαζον.
3659 1592 3746 1655 Ὠς
3785 1591 3843 1642 δὲ

2257 1684 2477 1752 ἐπέγνω
2507 1685 2606 1748 τὰς
2666 1685 3056 1762 τρίχαςοαύτοῦ
3083 1687 3358 1755 προῐέναι,
3396 1689 3489 1738 καὶ
3523 1686 3622 1754 τὴν
3671 1681 3844 1752 ἀλκὴν

2258 1773 2598 1843 ἐγγίνεσθαι,
2631 1776 2925 1846 ἐπεύχεται
2961 1777 3038 1847 τῷ
3064 1777 3185 1846 Θεῷ
3214 1776 3312 1846 τὴν
3357 1777 3638 1846 ἐκδίκησιν
3673 1774 3845 1827 αὑτοῦ

565 1871 758 1928 faciat.
799 1872 937 1926 Cum
972 1885 1100 1941 ergo
1136 1870 1557 1925 con-vivantihns
1588 1869 1840 1922 hostibus
1867 1867 2009 1937 apud
2055 1881 2143 1922 eo-

2256 1867 2548 1921 ποιεϊσθαι.
2608 1867 2720 1920 Καὶ
2789 1866 3048 1938 βληθεὶς,
3111 1868 3505 1937 εὐωχουμένων
3580 1866 3687 1918 τῶν
3755 1868 3849 1934 ἑχ-

565 1980 688 2020 rum
724 1965 878 2032 deos,
913 1964 1184 2018 adductus
1211 1960 1406 2016 fuisset
1447 1970 1509 2014 ut
1543 1961 1899 2026 illuderetur;
1954 1963 2147 2014 ducem

563 2061 913 2128 precabatur,
954 2064 1012 2108 ut
1038 2069 1095 2110 se
1120 2054 1185 2108 ad
1226 2053 1513 2108 columnas
1542 2052 1787 2115 duceret,
1849 2066 1968 2120 qua:
2004 2059 2145 2104 tem-

563 2150 711 2219 plum
736 2147 1099 2204 sustinebant.
1133 2145 1237 2201 Ubi
1261 2144 1350 2199 ille
1376 2159 1476 2199 nec
1495 2145 1767 2198 videntem
1793 2157 1859 2197 eo
1885 2142 2142 2206 adduxit,

563 2239 978 2311 apprehendens
1030 2237 1286 2292 manibus
1341 2237 1534 2291 ambas
1573 2235 1884 2298 columnas,
1947 2251 2145 2305 magna

561 2349 694 2388 voce
721 2331 971 2387 clamans
1019 2329 1086 2383 ad
1117 2328 1312 2395 Deum,
1341 2328 1393 2381 in
1443 2327 1829 2381 interitumsui
1852 2327 2149 2397 populique

563 2424 658 2494 qni
689 2428 1023 2476 convenerat
1050 2419 1115 2474 ad
1150 2417 1600 2487 conspiciendum
1650 2433 1777 2472 eum
1828 2433 1893 2472 ex
1953 2425 2148 2472 conlu-

565 2513 751 2578 mclia,
788 2511 1051 2580 templum
1081 2508 1304 2564 evulsit.
1335 2505 1451 2563 Hoc
1502 2507 1665 2579 igitur
1693 2505 1858 2561 modo
1909 2514 1964 2560 et
2009 2513 2149 2560 tem-

566 2604 714 2675 plum
748 2603 1043 2662 convulsit.
1075 2610 1126 2657 et
1166 2601 1408 2671 seipsum
1474 2615 1598 2655 cum
1647 2614 1842 2670 magna
1907 2598 2147 2655 civitatis

565 2695 917 2752 multitudine
952 2711 983 2750 e
1007 2693 1188 2750 medio
1223 2693 1467 2758 sustulit,
1507 2692 1669 2763 longe
1696 2691 1879 2762 plures
1940 2689 2147 2745 interﬁ-

567 2790 721 2846 ciens
749 2790 880 2845 dum
905 2787 1160 2854 moritur,
1184 2801 1348 2858 quam
1385 2801 1525 2856 quos
1552 2785 1706 2841 vivus
1739 2783 2038 2840 occiderat.

670 2923 823 2990 CAP.
856 2922 1066 2978 LXXII.
1096 2953 1162 2964 —-
1199 2921 1332 2988 Quae
1356 2921 1494 2975 mira
1525 2921 1758 2991 patravit
1797 2919 2039 2978 Samuel.

630 3105 768 3160 Cum
805 3104 984 3159 adhuc
1020 3103 1234 3174 puellus
1259 3110 1426 3165 esset,
1455 3100 1695 3155 divinam
1729 3099 1904 3155 audiit
1953 3114 2145 3154 vocem

2252 1957 2398 2028 θρῶν
2427 1958 2582 2030 παρὰ
2620 1961 2745 2021 τοὺς
2771 1959 3000 2012 ἐκείνων
3033 1960 3208 2024 θεοὺς,
3258 1959 3339 2022 είς
3397 1958 3457 2010 τὸ
3506 1956 3850 2020 καταπαίςε-

2252 2049 2395 2115 σθαι,
2431 2049 2586 2118 ἠξίου
2645 2049 2736 2102 τὸν
2793 2049 3004 2118 ὁδηγὸν,
3051 2050 3204 2121 παρά
3228 2049 3357 2112 τοὺς
3409 2049 3596 2109 κίονας
3655 2047 3844 2115 ἄγειν,

2249 2145 2376 2205 τοὺς
2437 2143 2529 2195 τὸν
2582 2142 2710 2196 ναὸν
2779 2142 3182 2213 ὑποφέροντας.
3253 2142 3343 2205 Ὠς
3419 2141 3478 2194 δὲ
3548 2135 3683 2210 ἦγεν
3745 2139 3854 2208 οὐχ

2249 2236 2485 2305 ὁρῶντα,
2525 2236 2864 2306 δραξάμενος
2894 2239 3002 2292 τῶν
3051 2237 3143 2292 δύο
3170 2238 3382 2302 κιόνων,
3419 2237 3514 2291 καὶ
3543 2237 3685 2307 μέγα
3719 2236 3856 2307 βοή-

2254 2345 2352 2391 σας
2386 2329 2522 2398 πρὸς
2554 2328 2648 2383 τὸν
2680 2329 2834 2394 Θεὸν,
2863 2329 2985 2382 καθ’
3027 2329 3223 2383 ἑαυτοῦ
3285 2331 3380 2384 καὶ
3432 2328 3528 2382 τοῦ
3585 2331 3851 2381 συναυλι-

2251 2420 2475 2484 σθέντος
2536 2421 2617 2484 είς
2661 2421 2762 2491 τὴν
2813 2422 2900 2490 ἐφ’
2954 2421 3113 2490 ὓϐριν
3167 2421 3296 2475 θέαν
3332 2421 3500 2476 αὐτοῦ
3561 2420 3716 2487 λαοῦ,
3751 2421 3853 2473 τὸν

2248 2513 2378 2565 ναὸν
2406 2513 2774 2566 ἐπεσπάσατο.
2796 2512 2954 2567 Οὕτω
2982 2513 3112 2582 γοῦν
3159 2514 3251 2567 τόν
3292 2531 3353 2567 τε
3384 2513 3512 2568 ναὸν
3555 2515 3853 2566 κατέσπα-

2253 2621 2366 2669 σεν,
2427 2606 2522 2659 καὶ
2583 2606 2778 2658 ἑαυτὸν
2829 2605 2968 2675 μετά
3015 2605 3110 2659 τοῦ
3171 2605 3272 2675 τῆς
3338 2601 3546 2670 πόλὲως
3599 2605 3856 2676 πλήθους

2249 2696 2454 2761 ἀνεῖλε,
2494 2695 2717 2760 πλείους
2761 2696 3089 2762 ἀποκτείνας
3157 2699 3216 2752 ἐν
3243 2696 3319 2768 τῷ
3361 2697 3643 2769 θνήσκειν,
3688 2697 3856 2769 ἥπερ

2250 2785 2362 2850 ζῶν
2395 2789 2744 2843 ἀπέκτεινεν.

2250 2921 2503 2976 ΚΕΦΑΛ.
2540 2923 2660 2976 ΟΒ’.
2688 2950 2759 2964 ——
2797 2923 2935 2976 Τίνα
2969 2923 3101 2993 ἐστὶ
3133 2923 3206 2977 τὰ
3236 2923 3334 2977 διὰ
3387 2923 3676 2993 Σαμουὴλ
3705 2922 3858 2977 δισ-

2675 2991 3063 3063 πεπραγμένα
3116 2997 3407 3062 θαύματα.

2323 3127 2629 3197 Μειράκιον
2687 3127 2762 3180 ὢν
2794 3127 2896 3192 ἔτι,
2948 3129 3099 3192 θείας
3125 3129 3290 3200 ἧκουε
3318 3129 3502 3198 φωνῆς
3529 3129 3588 3180 ὲν
3614 3131 3684 3200 τῇ
3718 3129 3864 3201 ἱερᾷ

568 3199 834 3254 educatus
866 3197 920 3251 in
953 3211 1110 3252 sacro
1143 3196 1519 3258 tabernaculo,
1557 3195 1802 3248 futurum
1833 3193 2041 3248 scilicet
2089 3201 2143 3247 ut

2254 3193 2818 3291 σκηνῇ-τρεφόμενος,
2849 3221 2925 3284 ὡς
2969 3221 3118 3274 Ἦλεὶ
3211 3193 3502 3293 ἀρχιερεύς
3545 3193 3864 3285 massa-0;;

565 3290 682 3346 llcli
713 3306 836 3345 cum
869 3299 981 3344 tota
1012 3289 1180 3344 domo
1233 3287 1479 3359 pontifex
1509 3303 1538 3341 a
1571 3286 1850 3354 pontificio
1879 3283 2139 3341 detrude-

561 3393 735 3438 retur.
771 3381 897 3438 Fuit
926 3381 1182 3438 sacerdos
1215 3382 1378 3436 simul
1428 3390 1482 3434 et
1539 3379 1803 3450 propheta
1863 3387 1918 3434 et
1972 3378 2144 3448 judex

558 3476 766 3548 populi,
806 3487 967 3546 atque
1001 3475 1055 3529 in
1083 3474 1430 3530 aristocratia
1463 3473 1682 3529 clavum
1717 3472 2038 3541 reipublicae
2065 3481 2146 3525 te-

559 3583 698 3623 nens
729 3567 962 3636 insignis
1005 3563 1108 3620 fuit
1144 3581 1238 3635 per
1277 3565 1483 3620 omnia.
1518 3565 1786 3633 P0pulum
1820 3564 2041 3618 edocuit
2068 3563 2145 3615 le-

559 3674 687 3728 gum
726 3655 1103 3710 observationi
1133 3670 1356 3725 operam
1394 3655 1552 3720 dare;
1594 3664 1652 3708 ut
1707 3662 1974 3725 pugnaret
2018 3666 2144 3706 cum

557 3748 953 3805 Philisthazis"
989 3748 1251 3802 doctrinae
1297 3755 1542 3815 tempore
1575 3745 1979 3816 ingruentibus,
2023 3744 2145 3798 ani-

557 3856 681 3895 mos
713 3839 947 3906 suffecit,
980 3839 1109 3892 dum
1141 3838 1397 3892 admonet
1422 3854 1487 3893 nc
1515 3845 1821 3892 metuerent
1846 3837 2146 3907 aggressio-

568 3949 690 3988 nem
729 3933 1100 3987 multitudinis
1146 3932 1610 3987 adversariorum.
1647 3931 1839 3986 Statim
1900 3931 2064 4001 igitur
2112 3944 2142 3983 a

559 4022 961 4092 supplicatione
1006 4030 1229 4093 peracto
1261 4023 1557 4089 sacrificio,
1619 4023 1806 4077 hostes
1854 4021 1907 4075 in
1958 4019 2142 4092 fugam

555 4114 739 4179 vertit,
773 4127 838 4167 ac
863 4113 1150 4167 victoriam
1179 4113 1246 4168 de
1281 4113 1388 4168 illis
1445 4112 1648 4182 populo
1705 4111 1952 4177 tradidit,
2002 4125 2143 4180 quos

557 4207 756 4261 divites
814 4205 1086 4261 eﬂecitex
1142 4205 1358 4274 spoliis,
1388 4221 1508 4275 quae
1572 4205 1936 4265 abstulerunt,
1992 4212 2144 4273 post-

555 4315 721 4369 quam
758 4313 854 4356 eos
917 4298 1262 4354 interfecere.
1317 4297 1528 4367 Populo
1576 4297 1890 4366 postulante
1939 4304 1998 4350 ut
2044 4310 2144 4350 ceu

555 4392 779 4461 reliqua:
812 4401 1003 4461 gentes
1038 4405 1067 4443 a
1095 4406 1221 4460 rcgc
1250 4390 1673 4459 gubernaretur,
1715 4387 1938 4443 Saulem
1965 4388 2140 4454 unxit,

554 4483 717 4552 eique
780 4491 944 4537 uncto
1012 4483 1263 4550 przcdixit
1328 4496 1579 4552 qnmnam
1646 4481 1844 4536 indicia
1909 4497 1976 4534 cx
2047 4479 2142 4534 iti-

557 4588 685 4626 nere
752 4571 970 4626 abcunti
1029 4580 1387 4625 occurrerent
1437 4583 1608 4637 regno
1639 4569 1784 4624 illius
1841 4568 2003 4624 ﬁdem
2057 4567 2138 4623 fa-

556 4665 774 4719 cientia.

626 4754 820 4809 Habita
854 4755 996 4825 apud
1036 4755 1303 4825 populum
1357 4753 1623 4809 concione
1683 4754 1750 4809 de
1798 4755 2005 4824 optima
2051 4753 2135 4810 sui

557 4848 827 4918 superiori
863 4857 1106 4918 tempore
1160 4849 1553 4918 rempublicam
1591 4848 2013 4903 administrandi
2049 4862 2137 4901 ra-

554 4940 725 5004 tione,
758 4937 978 4992 edocuit
1002 4948 1054 4993 et
1110 4948 1166 4993 ut
1203 4937 1415 5008 legibus
1450 4939 1779 4996 adhaereret.
1812 4945 1867 4992 et
1899 4952 2022 5007 quae
2049 4952 2137 4992 cs-

553 5039 635 5085 set
663 5029 815 5097 regni
847 5038 1122 5098 potestas;
1153 5045 1330 5099 neque
1353 5031 1498 5085 enim
1535 5039 1739 5100 quanta
1768 5041 1914 5086 esset
1973 5044 2137 5085 nove-

553 5134 697 5180 rant.
743 5123 994 5179 Ostendit
1045 5123 1180 5194 ipsis
1216 5123 1504 5179 innnctum
1567 5141 1775 5195 regem.
1827 5123 1950 5191 Quo
2007 5138 2137 5179 vero

553 5215 712 5270 fidem
767 5215 1087 5270 conciliaret
1146 5215 1451 5271 verissimis
1513 5217 1696 5273 verbis
1753 5218 1870 5273 suis
1920 5218 2138 5288 Deoque

551 5306 811 5375 acceptis,
848 5304 1019 5360 Deum
1053 5305 1272 5377 rogavit
1305 5315 1362 5360 ut
1389 5306 1607 5375 pluvias
1640 5307 1951 5364 exhiberet.
2013 5307 2138 5361 Sta-

549 5397 759 5467 timque
786 5397 1104 5453 tonitrubus
1135 5412 1198 5453 ac
1225 5398 1492 5454 divinitus
1527 5399 1794 5456 immissis
1825 5400 1997 5472 signis
2039 5403 2137 5456 ob-

551 5491 917 5558 venientibus,
955 5507 1128 5560 usque
1163 5492 1300 5547 adeo
1334 5491 1475 5547 Deus
1499 5492 1658 5562 pluit,
1682 5502 1744 5547 ut
1786 5495 1993 5550 veritus
2042 5511 2136 5564 po-

553 5578 712 5646 pulus
753 5581 950 5649 pluviae
977 5584 1108 5648 vim,
1141 5584 1496 5640 confiteretur
1546 5601 1660 5640 rem
1721 5587 1826 5642 sibi
1854 5587 2136 5658 {divinitus

555 5669 900 5726 manifestam
934 5688 1076 5741 esse,
1109 5686 1397 5748 orarctque
1446 5679 1715 5749 propheta
1775 5679 1968 5748 Deum,
2028 5698 2137 5752 quo

625 5821 671 5853 ²⁰
699 5821 716 5875 1
743 5821 873 5892 Reg.
905 5840 1002 5880 vn.

2249 3313 2359 3366 ἀπὸ
2391 3312 2490 3382 τῆς
2539 3313 2938 3382 ἁρχιεροσύνης
2999 3313 3369 3384 καθαιρείται.
3441 3313 3644 3384 Ἰερεὺς
3700 3316 3868 3385 ὁμοῦ

2249 3406 2346 3460 καὶ
2370 3405 2668 3476 προφήτης
2715 3406 2808 3460 καὶ
2849 3406 3048 3477 κριτὴς
3081 3405 3376 3476 γενόμενος
3422 3406 3518 3458 τοῦ
3567 3405 3728 3470 λαοῦ,
3799 3410 3869 3459 ἐν

2248 3495 2647 3567 ἀριστοκρατία
2680 3497 3065 3565 πρυτανεύσας
3095 3495 3387 3566 διέπρεψεν
3416 3500 3473 3550 ὲν
3496 3497 3688 3550 ἀπασι.
3740 3499 3875 3550 Τὸν

2249 3587 2377 3641 λαὸν
2404 3588 2526 3640 εύνο
2533 3591 2652 3656 μεῖν
2670 3588 2939 3641 ἐδίδασκε⁶
2957 3589 3051 3640 καὶ
3064 3606 3092 3641 τ
3103 3587 3177 3640 ῶν
3205 3587 3543 3655 Ἀλλοφύλων
3558 3589 3683 3641 πολε
3694 3592 3872 3658 μεῖ·.·,

2247 3679 2389 3733 κατά
2414 3680 2504 3733 τὸν
2527 3680 2630 3749 τῆς
2659 3680 3008 3743 διδασκαλίας
3057 3682 3249 3752 καιρὸν
3308 3680 3644 3734 ἐπελθόντων
3692 3697 3792 3733 πα
3809 3699 3881 3751 ρ-

2248 3771 2540 3843 εθάρρυνε,
2580 3772 2866 3841 παραινῶν
2897 3773 2971 3843 μὴ
3018 3773 3254 3826 δεδιέναι
3303 3774 3398 3825 τοῦ
3445 3771 3683 3842 πλήθους
3733 3775 3877 3828 τῶν

2253 3865 2531 3935 πολεμίων
2565 3865 2664 3936 τὴν
2696 3865 2907 3933 ἔφοδον.
2947 3865 3266 3936 Παραυτίκα
3296 3865 3354 3919 δὲ
3387 3864 3485 3933 τῆς
3522 3866 3836 3931 synagqu
3858 3887 3878 3921 :

2251 3957 2573 4028 ἱερουργῶν,
2621 3958 2746 4020 τοὺς
2779 3957 3075 4028 πολεμίους
3111 3958 3404 4028 ἐτρέψατο,
3438 3960 3533 4011 καὶ
3561 3960 3659 4027 τὴν
3709 3963 3882 4012 κατ’

2249 4049 2432 4102 αὐτῶν
2452 4049 2704 4102 ἀπεδίδου
2730 4047 2807 4119 τῷ
2837 4048 2951 4118 λαῷ
2980 4049 3162 4117 νίκην,
3191 4048 3485 4111 πλουσίους
3512 4049 3569 4113 ἐξ
3592 4042 3666 4101 ὧν
3703 4067 3847 4102 κατ
3873 4082 3887 4090 -

2247 4140 2503 4211 ειλήφασι
2553 4141 2767 4193 σκύλων
2820 4141 2958 4210 μετά
3001 4140 3100 4212 τὴν
3138 4140 3351 4210 αἰρεσιν
3374 4141 3556 4194 αὐτῶν
3605 4143 3890 4212 ποιησά-

2249 4249 2431 4304 μενος.
2464 4234 2758 4302 Αίτήσαντι
2791 4233 2868 4304 τῷ
2895 4233 3010 4303 λαῷ
3041 4236 3152 4296 τοῖς
3196 4232 3406 4286 ἔθνεσιν
3433 4234 3523 4286 ίσα
3554 4233 3894 4304 βασιλεύε-

2249 4324 2396 4390 σθαι,
2433 4325 2661 4395 κέχρικε
2691 4325 2783 4377 τὸν
2808 4326 3004 4390 Σαοὺλ,
3049 4327 3142 4378 καὶ
3189 4326 3456 4395 προεῖπεν
3514 4323 3665 4393 αὐτῷ
3723 4343 3894 4396 χρι-

2251 4415 2432 4469 σθέντι
2454 4418 2521 4469 τὰ
2555 4415 2697 4468 κατά
2729 4415 2826 4485 τὴν
2853 4416 2970 4469 ὁδὸν
3017 4416 3235 4468 ἀπιόντι
3259 4417 3564 4469 πιστωτικά
3590 4417 3693 4486 τῆς
3761 4418 3900 4489 βει-

2249 4507 2456 4570 σιλείας
2493 4507 2706 4576 ἀπαντή
2716 4523 2877 4560 σοντα
2905 4507 2967 4559 σύ
2977 4506 3174 4577 μδολα.

2312 4769 2717 4839 Δημηγορήσας
2751 4767 2827 4835 τῷ
2853 4766 2966 4837 λαῷ
3005 4768 3135 4838 περὶ
3176 4769 3275 4839 τῆς
3327 4769 3523 4823 ἑαυτοῦ
3557 4771 3895 4845 πρότερον

2241 4858 2693 4930 ἀριστοκρατίας,
2729 4861 2826 4913 καὶ
2869 4860 3086 4926 διδάξας
3122 4861 3394 4930 εὐνομεῖν,
3432 4863 3525 4915 καὶ
3577 4865 3678 4932 τὴν
3750 4865 3901 4936 βα-

2243 4951 2449 5014 σιλείας
2483 4951 2772 5015 ἐξουσίαν’
2803 4952 2926 5006 οὐδὲ
2972 4953 3082 5024 γὰρ
3127 4953 3348 5024 ᾔδεισαν
3407 4954 3568 5025 ἡλίκη
3605 4972 3620 4984 °
3695 4960 3898 5010 dua-

2240 5043 2512 5095 δείκνυσιν
2545 5043 2730 5106 αὐτοῖς
2771 5043 2862 5095 τὸν
2910 5044 3278 5114 κεχρισμένον
3319 5045 3563 5115 βασιλέα.
3601 5048 3780 5116 Πρίς
3823 5053 3907 5106 δὲ,

2243 5135 2512 5187 πίστωσιν
2541 5135 2709 5188 αὑτοῦ
2739 5135 2846 5189 τῶν
2872 5135 3140 5206 ἀληθινῶν
3166 5140 3256 5190 καί
3288 5137 3395 5190 τῶν
3426 5138 3545 5208 Θεῷ
3599 5138 3909 5214 εὐδοκῆ-

2239 5244 2350 5280 των
2372 5226 2568 5295 λόγων,
2601 5227 2844 5298 ὖμὸρους
2901 5229 3137 5297 αἰτήσας
3165 5229 3258 5283 τὸν
3308 5230 3443 5282 Θεὸν
3491 5241 3914 5303 παρασχεῖν⁹

2241 5318 2336 5372 καὶ
2377 5320 2697 5388 παραυτίκα
2729 5318 2968 5390 βροντῶν
3001 5320 3095 5374 καὶ
3127 5321 3470 5392 θεοσημειῶν
3493 5324 3918 5394 γενομένων,

2239 5403 2370 5463 ὗσεν
2399 5412 2427 5463 ὁ
2469 5411 2602 5474 Θεὸς
2639 5410 2916 5476 τοσοῦτον,
2969 5412 3046 5476 ὡς
3105 5413 3360 5467 δείσαντα
3415 5414 3509 5468 τὸν
3557 5414 3701 5467 λαὸν
3773 5403 3930 5491 τ-ὴν

2241 5502 2579 5574 ἐπομϐρίαν,
2611 5503 2950 5573 ὁμολογῆσαι
3001 5505 3206 5572 γνῶσιν
3241 5506 3389 5576 ἔχειν
3434 5506 3502 5561 δι’
3537 5505 3731 5560 αὑτοῦ
3782 5515 3928 5567 τοῦ

2239 5595 2401 5662 Θεοῦ,
2441 5598 2535 5650 καὶ
2564 5597 2825 5669 δεηθῆναι
2857 5598 2952 5650 τοῦ
2991 5597 3130 5652 Θεοῦ
3180 5600 3276 5653 τοῦ
3329 5601 3637 5671 προφήτου,
3723 5619 3832 5656 πε
3852 5613 3936 5673 pl

2239 5686 2337 5755 τῆς
2365 5687 2475 5739 τῶν
2515 5688 2740 5760 ὄμϐρων
2765 5688 2985 5758 ἀνοχῆς.
3037 5691 3366 5762 Ἀμαρτόντι
3399 5690 3478 5760 τῷ
3527 5687 3735 5746 Σαοὺλ
3785 5701 3935 5752 x11
