4044 6464
223 455 272 514 77
823 475 826 478 λ
1345 441 1518 503 LIBE
1528 441 1718 501 LLUS
1758 437 2262 500 MEMORIALIS.

3371 433 3442 494 78

223 555 592 632 ἀνηκουστοῦντι
635 553 770 624 περὶ
824 554 894 609 τά
927 553 1410 624 προστασσόμενα,
1473 554 1606 624 περὶ
1657 570 1755 606 κα-

1894 549 2072 604 ιιιινίεε
2117 555 2524 604 averruncaret.
2551 547 2684 604 Cum
2721 555 3000 616 peccasset
3027 543 3178 611 Saul,
3227 559 3330 598 nec
3377 545 3444 599 iis

221 653 470 720 Bupéaw;
513 649 786 718 προσεῖπε
818 648 918 716 τῆς
971 646 1276 716 βασιλείας,
1333 647 1430 699 καὶ
1463 645 1539 708 ὡς
1587 645 1760 716 ἑτέρῳ

221 743 406 804 δέδοται,
444 739 652 804 ζῶντος
705 738 790 792 ἔτι
851 737 1039 800 αὐτοῦ,
1091 737 1242 806 παρά
1283 739 1380 792 τοῦ
1442 738 1604 792 Θεοῦ.
1657 737 1760 792 Τὸν

219 833 354 888 Δαόὶδ
373 833 478 884 υίὸν
513 831 718 885 Ἰεσσαὶ
749 830 842 884 τοῦ
891 829 1268 901 Βτιθλεεμίτου
1315 831 1458 901 χρίει
1512 829 1759 900 βασιλέα,

221 925 506 997 κρατιῦντος
533 922 616 976 ἔτι
649 923 746 975 τοῦ
803 921 1000 983 Σαοὺλ,
1041 922 1137 975 καὶ
1176 925 1444 992 προεῖπεν
1493 922 1644 992 αὐτῷ
1686 921 1760 983 ὡς

219 1018 464 1086 εὐάρεστος
501 1014 656 1068 ἔσται
683 1013 763 1084 τῷ
790 1013 930 1084 Θεῷ.
957 1015 1196 1085 Γηραιὸς
1224 1015 1518 1084 γενόμενος
1548 1017 1628 1077 είς
1659 1014 1762 1083 τὴν

219 1107 376 1162 ἐλυτοῦ
399 1107 548 1158 πόλιν
569 1106 822 1178 τελευτᾷ,
855 1107 1008 1168 υἱοὺς
1065 1104 1406 1176 καταλείψας
1438 1109 1538 1158 οὐκ
1577 1105 1766 1170 ἀξίους

219 1201 298 1269 τῆς
329 1199 508 1252 ἑαυτοῦ
551 1199 822 1268 διαδοχῆς.

219 1417 430 1472 ΚΕΦΔΔ.
465 1417 591 1470 Ol".
625 1449 696 1458 —
736 1419 880 1470 Τίνα
921 1418 1052 1472 ἐστὶ
1087 1417 1158 1470 τὰ
1203 1417 1282 1481 τῷ
1317 1419 1496 1473 Δαϐὶδ
1540 1437 1766 1486 38.1m-

245 1487 422 1558 πιένα,
439 1487 538 1542 καὶ
561 1490 648 1554 εἰς
669 1489 858 1541 αὑτὸν
876 1490 1176 1556 θαύματος
1197 1488 1340 1552 ἄξια
1355 1491 1718 1558 πραχθέντα.

271 1597 512 1668 Χρισθεὶς
545 1601 628 1662 εἰς
661 1597 890 1667 βασιλέα
931 1598 1092 1668 ἔμενε
1123 1599 1191 1652 τὰ
1221 1599 1314 1652 τοῦ
1349 1600 1558 1669 πατρδς
1589 1600 1770 1668 νέμων

217 1691 428 1759 ποίμνια,
475 1691 619 1752 τέως
675 1693 786 1752 τοῖς
839 1690 1152 1761 ἀνθρώποις
1194 1689 1270 1744 ὢν
1313 1691 1614 1759 ἄγνωστος.
1666 1691 1771 1744 Τὸν

129 1843 132 1850 ι
215 1782 250 1834 Γ
247 1782 436 1835 ετθσίον
479 1781 680 1835 Γολιάθ
729 1781 901 1852 ἄνδρα
955 1783 1192 1851 γίγαντα
1241 1783 1387 1836 κατά
1434 1783 1640 1846 παντὸς
1672 1783 1769 1836 τοῦ

1863 656 1986 712 qua:
2014 641 2294 710 sibijussa
2346 640 2566 696 fuerant.
2615 640 2811 695 fuisset
2863 639 3010 694 dicto
3071 638 3338 701 audiens,
3379 639 3447 692 de

1865 732 2168 788 auferendo
2219 733 2270 786 ei
2311 747 2479 802 regno
2529 732 2862 802 praelocutus
2893 739 2998 794 est,
3029 729 3287 799 quodque
3335 729 3446 798 jam

1865 825 2018 878 alteri
2051 824 2311 880 traditum
2360 823 2545 889 fuerit,
2579 825 2700 893 ipso
2753 823 2938 878 adhuc
2997 824 3318 891 superstite.
3381 821 3451 876 ab

1865 917 1984 985 ipso
2013 915 2144 971 Deo.
2180 915 2439 971 Davidem
2489 917 2660 970 lilium
2703 915 2874 972 Jessre
2925 916 3342 972 Bethlebemitat
3395 917 3449 969 in

1867 1023 2046 1077 regem
2079 1009 2255 1079 ungit,
2296 1009 2460 1062 Saule
2488 1009 2670 1064 adhuc
2712 1009 3002 1078 imperium
3036 1009 3340 1072 obtinente,
3375 1011 3454 1062 ei-

1867 1115 1975 1169 que
2039 1101 2289 1170 praedixit
2337 1099 2452 1156 fore
2511 1102 2723 1169 utique,
2773 1110 2834 1155 ut
2889 1101 3002 1155 Deo
3059 1109 3316 1168 acceptus
3361 1100 3452 1153 sit.

1868 1192 2004 1245 Cum
2039 1207 2204 1246 senex
2229 1201 2398 1256 esset,
2431 1191 2485 1246 in
2517 1207 2614 1246 sua
2651 1193 2870 1246 civitate
2901 1193 3151 1254 moritur,
3183 1191 3324 1244 lilios
3371 1205 3456 1243 re-

1871 1279 2127 1347 linquens
2157 1279 2302 1332 haud
2339 1294 2471 1334 sane
2499 1281 2696 1350 dignos
2726 1282 2818 1350 qui
2853 1281 2926 1334 illi
2951 1281 3324 1336 succederent.

1871 1411 2022 1467 CAP.
2065 1411 2302 1467 LXXIII.
2337 1443 2406 1452 -——-
2441 1412 2698 1477 Qumnam
2749 1425 2870 1467 sunt
2925 1413 3140 1466 Daridis
3189 1423 3358 1483 gesta,
3405 1425 3456 1468 et

2175 1485 2418 1554 prodigia
2444 1485 2590 1537 illius
2625 1486 2798 1554 gratia
2831 1495 3150 1554 perpetrata.

1945 1597 2156 1654 Unctus
2195 1599 2250 1653 in
2285 1615 2468 1668 regem
2515 1601 2886 1668 perseveravit
2936 1615 3158 1668 pascere
3205 1609 3462 1668 paternos

1874 1707 2088 1762 greges,
2124 1692 2342 1762 ignotus
2374 1692 2593 1746 interim
2632 1691 2970 1745 hominibus.
3006 1690 3311 1746 Gcttbmum
3350 1693 3462 1746 Go-

1875 1785 2004 1837 lith
2043 1785 2222 1838 virum
2269 1785 2568 1854 gigantem,
2611 1785 2704 1854 qui
2761 1785 3027 1839 adversus
3079 1799 3298 1839 omnem
3357 1782 3466 1838 Ile--

225 1871 463 1941 Ἐϐραίων
489 1873 860 1940 στρατοπέδου
896 1873 1443 1943 κατακενοτομοῦντα
1473 1873 1772 1927 κατέὅαλεν

1894 1889 2150 1929 iratorum
2179 1874 2482 1930 exercitum
2512 1874 2752 1929 inaniter
2781 1875 3129 1941 efferebatur,
3158 1873 3467 1944 profligavit

211 1961 308 2026 ἐνὸς
349 1961 492 2016 λίθου
531 1962 686 2034 βολῇ.
714 1964 952 2028 Λέοντας
981 1965 1198 2036 ἀναιρεί
1229 1966 1322 2019 καὶ
1351 1967 1610 2036 ἄρκτους,
1653 1969 1774 2018 ἑπι-

215 2055 394 2120 πνξγων
425 2055 576 2124 χειρὶ
609 2057 733 2117 τοὺς
766 2055 1020 2118 ἐπιόντας
1051 2056 1128 2126 τῷ
1174 2057 1340 2109 αὐτοῦ
1381 2059 1639 2127 ποιμνίῳ.
1671 2057 1775 2110 Τὺν

209 2146 500 2216 ἐνοχλοῦντα
525 2149 760 2218 δαίμονα
795 2149 874 2218 τῷ
901 2149 1074 2203 Σαοὺλ
1097 2149 1318 2218 ψάλλων
1341 2151 1512 2203 ἔπαυε
1561 2155 1660 2220 τῆς
1687 2154 1776 2204 ἐν-

207 2239 478 2308 οιλήσεως,
531 2243 630 2293 καὶ⁵
681 2243 1030 2310 κατεπράϋνε
1088 2241 1166 2311 τῷ
1221 2243 1331 2312 (70)
1385 2243 1561 2296 Σαοὺλ
1591 2243 1774 2314 ἄχθος.

213 2327 330 2390 Τοὺς
349 2329 748 2395 δεκαπλασίως
775 2332 930 2399 παρά
953 2333 1045 2384 τὸν
1073 2333 1296 2402 βασιλέα
1323 2335 1414 2388 τὸν
1438 2335 1610 2389 Σαοὺλ
1635 2355 1780 2406 μαρ-

207 2419 518 2489 τυρούμενος
551 2421 700 2492 ἔχειν
753 2424 906 2493 παρά
956 2425 1420 2494 προφητεύουσῶν
1451 2427 1510 2477 ἐν
1539 2427 1781 2496 χορείαις

211 2511 492 2580 παρθένων,
547 2514 652 2566 οὐκ
699 2515 962 2583 ὲπαίρετο
1001 2514 1112 2584 (7i)
1165 2518 1279 2579 τοῖς
1333 2517 1612 2581 ἐπαίνοις,
1665 2519 1779 2571 ἀλλ’

205 2603 464 2671 ἐφθονεῖτο
495 2606 640 2674 πρὶς
685 2604 780 2658 τοῦ
824 2605 1108 2673 βασιλέως.
1146 2607 1256 2670 Τὰς
1288 2606 1380 2660 τοῦ
1418 2608 1778 2677 φθονοῦντος,

209 2695 434 2766 ἀναιρεῖν
487 2697 660 2750 αὑτὸν
703 2698 969 2762 πολλάκις
1013 2701 1390 2770 ὁρμήσαντος,
1426 2702 1656 2772 προνοίᾳ
1687 2703 1782 2755 τοῦ

205 2785 324 2840 Θεοῦ
369 2789 608 2858 διέφυγε
660 2792 870 2859 χεῖρας.
923 2791 1034 2854 Τάς
1079 2791 1394 2862 ὀρισθείσας
1441 2794 1591 2862 αὺτῷ
1641 2795 1782 2864 ὑπὲρ

207 2883 487 2950 μνηστείας
519 2883 625 2952 τῆς
655 2883 874 2952 Μελχὸλ
905 2885 1052 2936 κατὰ
1081 2885 1366 2956 δεινότητα
1400 2888 1494 2940 τοῦ
1537 2888 1746 2958 πατρὸς
1765 2930 1780 2954 ,

201 2972 381 3026 ἑκατὸν
409 2975 680 3045 ἐκόμισεν
707 2975 1100 3046 ἀκροϐυστίας.
1126 2978 1268 3042 Τοὺς
1301 2979 1652 3050 πεμφθέντας
1680 2981 1786 3034 ὑπὸ

203 3062 288 3116 τοῦ
311 3065 484 3118 Σαοὺλ
509 3068 672 3134 ἄγειν
699 3067 862 3119 αὑτὸν
888 3068 975 3120 ἐπ’
1003 3069 1304 3140 ἀναιρέσει,
1335 3071 1786 3142 προφητεύοντας

203 3154 412 3210 ἔϐλεπεν
461 3157 640 3211 αὐτοῦ
679 3159 776 3229 τὴν
807 3159 1106 3227 βασιλείαν.
1157 3160 1270 3215 Καὶ
1303 3161 1465 3216 πάλιν
1516 3165 1644 3226 τοὺς
1691 3165 1784 3219 ἄλ-

1879 1967 2043 2022 unius
2075 1967 2271 2035 lapidis
2295 1965 2469 2036 jaclu.
2515 1967 2727 2022 Leones
2761 1967 3017 2021 interlicit
3049 1977 3103 2022 et
3135 1983 3314 2034 ursos,
3349 1965 3468 2022 suf-

1880 2059 2069 2115 focans
2096 2075 2192 2115 eos
2219 2059 2334 2116 suis
2360 2061 2636 2126 manibus,
2661 2061 2790 2113 dum
2829 2061 3107 2130 proprium
3141 2060 3468 2130 aggrediun-

1879 2162 1968 2207 tur
2003 2169 2242 2224 gregem.
2293 2151 2605 2207 Datmouem
2642 2153 2951 2207 turbantem
2991 2152 3118 2206 Saul
3156 2153 3396 2222 psallens
3437 2167 3468 2204 a

1880 2246 2186 2302 divexando
2215 2245 2574 2315 compescuit,
2626 2243 2916 2313 Saulisque
2968 2244 3274 2299 molestiam
3319 2244 3470 2298 miti-

1881 2339 2044 2408 gavit.
2083 2335 2322 2406 Decuplo
2377 2336 2614 2404 majores
2653 2335 2842 2390 laudes
2875 2351 2987 2406 prae
3017 2351 3141 2405 rege
3170 2334 3332 2388 Saule
3362 2335 3469 2389 sibi

1881 2445 2003 2485 esse
2035 2429 2250 2483 debitas
2277 2444 2404 2482 cum
2456 2436 2670 2483 testata:
2714 2427 2938 2482 fuissent
2991 2427 3379 2495 prepbetantes
3413 2426 3469 2479 in

1884 2521 2100 2574 choreis
2151 2518 2414 2589 virgines,
2473 2533 2578 2572 non
2615 2517 2736 2571 ideo
2783 2517 3110 2571 efferebatur
3153 2517 3419 2570 encomiis
3455 2533 3469 2569 :

1885 2613 2016 2682 quin
2079 2611 2223 2682 apud
2292 2611 2439 2681 regis
2499 2609 2758 2664 invidiam
2823 2608 3069 2662 olfendit.
3140 2607 3472 2674 Invidentis,

1885 2717 2120 2771 etunque
2171 2717 2314 2772 saepe
2357 2701 2605 2756 occidere
2652 2698 2948 2753 annitentis
3009 2713 3205 2752 manus
3249 2698 3472 2768 ell‘ugit,

1888 2795 2068 2850 divina
2105 2794 2206 2850 sibi
2257 2793 2563 2864 opitulante
2610 2792 2973 2861 providentia.
3011 2789 3143 2857 Quae
3189 2791 3293 2846 sibi
3336 2805 3475 2861 prac-

1888 2885 2079 2940 stituta
2115 2885 2334 2940 fuerant
2365 2885 2437 2940 ob
2471 2885 2691 2954 nuptias
2723 2883 2955 2938 Melcbol
2991 2899 3054 2937 ex
3107 2884 3349 2938 suavitate
3375 2897 3476 2955 pa-

1891 2979 1989 3034 tris
2023 2977 2192 3044 illius,
2233 2987 2450 3032 centum
2485 2977 2752 3047 praeputia
2783 2975 2984 3030 attulit.
3019 2977 3145 3040 Eos,
3181 2975 3275 3046 qui
3323 2975 3476 3030 missi

1889 3069 2109 3126 fuerant
2161 3086 2192 3126 a
2246 3069 2412 3126 Saule
2455 3078 2518 3124 ut
2567 3052 2903 3124 adducerent
2947 3085 3070 3123 eum
3098 3084 3208 3138 quo
3245 3068 3478 3122 interliei

1891 3171 2107 3232 posset,
2167 3162 2555 3233 proplietantes
2603 3161 2738 3216 vidit
2788 3177 2947 3216 suum
3003 3161 3176 3231 ipsius
3227 3177 3476 3232 regnum.

203 3245 316 3311 λους
359 3251 758 3320 πεμφῡέντας,
797 3253 867 3306 τὰ
897 3254 1039 3308 αύτά
1081 3256 1194 3317 τοῖς
1240 3256 1532 3326 προτέροις
1567 3273 1786 3327 προφη-

1896 3253 2244 3324 Rursumque
2286 3255 2456 3318 alios,
2508 3253 2597 3323 qui
2631 3255 2757 3308 item
2805 3255 2957 3309 missi
3000 3253 3236 3316 fuerant,
3286 3253 3478 3310 eadem

201 3341 464 3406 τεύοντας.
534 3345 698 3398 Ἐπεὶ
749 3345 804 3398 δὲ
851 3347 1216 3417 παρεγίνετο,
1259 3347 1334 3418 μὴ
1365 3347 1638 3402 πιστεύων
1677 3353 1790 3414 τοῖς

203 3434 614 3504 ἀπαγγέλλουσι
655 3438 787 3508 περὶ
828 3437 940 3492 τῶν
981 3440 1444 3510 προφητευόντων
1473 3482 1487 3504 ,
1540 3443 1567 3494 ὁ
1617 3443 1791 3496 Σαοὺλ

197 3525 472 3595 ἀναίρεσιν
531 3527 705 3582 αὑτοῦ
750 3528 818 3582 δι’
855 3529 1051 3582 ἑαυτοῦ
1103 3532 1379 3584 ποιεῖσθαι
1433 3533 1790 3603 βουλόμενος,

199 3620 286 3670 καὶ
313 3620 479 3683 αὐτὸς
510 3621 784 3675 ὲόλέπετο
818 3621 1179 3693 προφητεύων
1211 3625 1540 3694 ἀσχημόνως
1563 3627 1663 3696 τὴν
1693 3626 1790 3680 τοῦ

197 3710 320 3766 Θεοῦ
379 3712 713 3782 βασιλείαν·
772 3715 832 3780 ἐξ
887 3717 1080 3769 ἑαυτοῦ
1143 3717 1252 3788 γάρ
1315 3718 1635 3789 γενόμενος,
1698 3721 1795 3774 καὶ¹

195 3809 580 3878 γυμνούμενος
631 3811 689 3862 ὲν
741 3810 1018 3883 ὑπαίθρῳ,
1065 3812 1241 3865 ταῦτα
1274 3813 1488 3881 ἀγνοῶν
1523 3813 1788 3883 ἀνεφθέγ-

195 3915 330 3964 γετο.
359 3901 604 3971 1ιεύγιον
637 3903 731 3956 τὸν
759 3905 954 3966 Σαοὺλ,
990 3906 1070 3968 είς
1097 3905 1198 3976 τὴν
1237 3906 1521 3976 ἱερατικὴν
1550 3907 1795 3962 ἐπελθὼν

197 3993 363 4060 ςὸλιν,
391 3995 502 4064 τὴν
533 3995 638 4048 τοῦ
677 3997 718 4048 Γ
719 3996 872 4048 ολιάθ
903 3997 1196 4066 ἐκομίζετο
1238 3999 1538 4068 μάχαιραν,
1571 4000 1670 4070 τὴν
1703 4001 1794 4053 ὑπ’

195 4087 352 4140 αὑτοῦ
383 4090 672 4159 πρότερον
701 4090 1078 4154 ἀνατεθείσαν,
1113 4091 1207 4143 καὶ
1239 4092 1364 4153 τοὺς
1401 4091 1582 4161 ἱεροὺς
1607 4092 1798 4163 ἤσθιεν

195 4177 302 4246 ἅμα
350 4183 470 4243 τοῖς
511 4181 676 4250 αὑτῷ
725 4181 980 4234 συνοῦσιν
1034 4184 1254 4252 ἄρτους.
1309 4183 1432 4251 Ὑφ’
1481 4179 1548 4255 ἧς
1585 4185 1798 4255 εἰλήφει

191 4273 512 4343 κακοσχόλῳ
545 4274 648 4326 τοῦ
697 4275 906 4344 πατρὸς
939 4274 1132 4345 γνώμῃ
1176 4275 1436 4342 γυναικὸς
1465 4275 1603 4346 πρὸς
1639 4275 1798 4328 ἀναί-

195 4381 358 4432 ρεσιν,
407 4368 522 4420 ὑπὸ
561 4367 770 4437 ταύτης
808 4367 1132 4432 διεσώζετο,
1169 4368 1259 4422 διὰ
1296 4367 1514 4439 Θυρίδος
1543 4369 1704 4421 αὐτὸν
1735 4369 1800 4421 ὲκ

191 4455 292 4508 τῶν
321 4459 584 4526 φονικῶν
625 4458 722 4510 τοῦ
777 4459 981 4529 πατρὸς
1020 4460 1220 4529 χειρῶν
1265 4463 1346 4522 εἰς
1379 4463 1557 4530 φυγὴν
1587 4461 1797 4530 ἐκπεμ-

191 4547 386 4618 gis-15.
439 4551 544 4612 Εἰς
607 4549 835 4618 βασιλέα
885 4551 984 4620 τῆς
1017 4551 1280 4620 Γετθίνης
1329 4551 1500 4604 ἐλθὼν
1548 4551 1796 4620 Ἀγχοῦς,

193 4641 278 4693 καὶ
311 4641 704 4710 ἐπιγνωσθεὶς
735 4643 896 4706 αὐτὸς
921 4641 996 4697 ὣν
1039 4645 1068 4696 ὁ
1099 4644 1188 4696 τὸν
1214 4644 1410 4696 Γολιάθ
1452 4645 1798 4710 καταϐαλὼν,

193 4733 490 4804 ἐπιληψίαν
529 4737 926 4806 σοφισάμενος,
959 4737 1054 4790 καὶ
1093 4736 1181 4790 διὰ
1213 4737 1418 4807 ταύτην
1463 4737 1798 4802 οἱκτισθεὶς,

189 4826 456 4882 ἀπελύετο
477 4831 594 4896 τῆς
625 4830 980 4900 ἀναιρέσεως.

254 4921 362 4975 T06
391 4923 588 4975 Σαοὺλ
615 4922 702 4974 διὰ
733 4921 834 4992 τὴν
871 4921 1038 4974 αὑτοῦ
1081 4921 1328 4986 δεξίωσιν
1362 4921 1644 4984 ἀνελόντος
1675 4923 1800 4985 τοὺς

189 5017 264 5064 τν¹
313 5015 516 5086 ἱερεῖς,
556 5013 878 5082 πεφευγότα
911 5011 1002 5064 τὸν
1035 5013 1300 5082 Ἀϐιάθαρ
1331 5013 1679 5082 ὑποδέχεται,
1709 5013 1802 5066 καὶ

191 5109 346 5172 αὑτὸς
387 5112 452 5161 ὲν
501 5110 718 5175 φυγαῖς
759 5107 983 5176 διάγων,
1031 5107 1124 5160 καὶ
1157 5109 1216 5160 ἐν
1241 5111 1355 5169 τοῖς
1385 5107 1597 5159 δέουσιν
1642 5107 1802 5175 ἱερω-

192 5200 384 5268 μένων.
433 5200 596 5261 Τοὺς
643 5200 900 5260 ἐπιόντας
940 5197 1234 5269 πολεμίους
1263 5199 1340 5267 τῷ
1369 5197 1506 5267 λαῷ,
1539 5195 1802 5250 ὲκδιωκό-

197 5308 346 5358 μενος
376 5293 488 5361 τῆς
531 5291 829 5356 Ἰουδαίας,
871 5291 964 5344 ἐπὶ
994 5285 1068 5344 ὧν
1097 5291 1210 5360 (7:2)
1242 5289 1501 5361 ἐπολέμει
1521 5329 1536 5354 ,
1573 5291 1804 5352 καὶτοῖς

193 5383 560 5440 ἐπιδιώκουσιν
607 5385 774 5436 αὑτὸν
813 5383 1062 5454 ἔπεμπεν
1096 5381 1504 5452 ἀφαιρούμενος
1555 5382 1664 5434 ἀπὸ
1698 5383 1806 5434 τῶν

197 5481 471 5548 πολεμίων
523 5477 712 5531 ἐθνῶν
761 5477 828 5530 τὰ
875 5477 1069 5531 σκύλα.
1124 5476 1455 5530 Ἐπελϐὁντα
1508 5473 1600 5528 τὸν
1635 5475 1810 5528 Σαοὺλ

195 5567 468 5642 δεύτερον,
509 5571 634 5624 οὐκ
663 5569 896 5634 ἀνεῖλεν,
936 5569 1073 5622 ἀλλὰ
1113 5569 1208 5622 καὶ
1256 5570 1460 5638 σημεῖα
1507 5567 1609 5637 τῆς
1651 5567 1806 5620 1x56-

199 5677 326 5723 σεως
355 5661 568 5726 αὑτοῦ,
607 5659 689 5730 πῆ
723 5659 824 5730 μὲν
853 5659 924 5714 τὰ
962 5659 1060 5730 τῆς
1093 5657 1370 5730 χλαμύδος
1401 5656 1708 5728 κράσπεδα,
1732 5658 1808 5729 πῆ

259 5821 368 5886 (70)
415 5819 600 5874 Forte
641 5815 721 5870 τό.

259 5893 368 5960 {7|}
409 5891 696 5960 ὲπῄρετο.

1895 3364 2018 3406 cum
2049 3347 2324 3418 prioribus
2354 3347 2738 3416 prophetan'les
2763 3345 3073 3402 vidit.Cum
3107 3357 3288 3401 autem
3321 3348 3486 3403 adve-

1897 3443 2089 3504 nisset,
2141 3451 2428 3511 propterea
2477 3442 2623 3512 quod
2691 3443 2761 3498 iis
2804 3456 2912 3495 non
2945 3442 3224 3504 credebat,
3265 3457 3386 3511 qua:
3417 3443 3485 3497 de

1895 3534 2352 3605 prophetantibus
2385 3535 2632 3588 nuntiata
2665 3533 2901 3598 fuerant,
2952 3535 3182 3603 ipsemet
3217 3533 3346 3588 Saul
3385 3550 3484 3588 ιο-

1900 3627 2016 3680 lens
2059 3641 2156 3696 per
2202 3640 2262 3680 se
2312 3625 2466 3680 illum
2518 3641 2548 3678 e
2601 3625 2783 3680 medio
2832 3625 3050 3692 tollere;
3113 3625 3226 3694 ipse
3265 3639 3486 3694 quoque.

1897 3728 2082 3775 cretus
2115 3725 2200 3774 est
2225 3719 2557 3789 prepbetaus
2588 3719 2731 3774 haud
2767 3719 2838 3773 ita
2876 3719 3071 3773 decore
3113 3735 3336 3789 regnum
3368 3719 3488 3778 Dei.

1897 3811 2063 3867 Extra
2095 3826 2154 3867 se
2185 3815 2328 3867 enim
2354 3821 2563 3883 raptus,
2598 3813 2892 3882 nudusque
2914 3813 3016 3866 sub
3047 3811 3160 3876 dio,
3199 3812 3311 3866 haec
3332 3811 3489 3880 igno-

1895 3921 2029 3962 rans
2072 3907 2567 3962 sermocinabalttr.
2623 3905 2842 3960 Saulcnt
2897 3905 3134 3976 fugiens,
3173 3903 3396 3958 veniens
3433 3904 3487 3957 in

1898 3999 2172 4054 civitatem
2205 3998 2622 4064 sacerdotalem,
2651 3999 2975 4068 gestandum
3007 3998 3217 4066 acet-pit
3247 3997 3486 4067 gladium

1899 4089 2138 4154 Goliatlt,
2170 4089 2264 4158 qui
2296 4091 2365 4143 ab
2399 4089 2518 4158 ipso
2549 4089 2703 4158 prius
2734 4087 3015 4141 dedicatus
3045 4089 3224 4140 fuerat
3253 4103 3266 4138 :
3301 4101 3492 4140 saeros

1901 4180 2090 4235 itidem
2132 4179 2369 4234 comedit
2417 4195 2587 4249 panes
2624 4193 2750 4232 cum
2788 4179 2854 4231 iis
2888 4179 2980 4246 qui
3017 4193 3201 4230 secum
3239 4175 3490 4229 aderant.

1900 4273 1942 4326 A
1979 4273 2208 4326 muliere
2238 4285 2402 4341 quam
2449 4279 2735 4338 acceperat
2761 4285 2827 4324 ex
2851 4270 3120 4322 malitiosa
3161 4268 3330 4336 patris
3364 4283 3494 4321 seu-

1901 4365 2100 4431 tentia,
2151 4381 2260 4434 quo
2311 4364 2520 4418 scilicet
2570 4363 3002 4424 interficeretur,
3055 4361 3122 4414 ab
3156 4361 3258 4415 hac
3300 4361 3488 4413 eadem

1905 4469 2154 4514 servatus
2181 4467 2283 4524 est,
2313 4458 2442 4512 dum
2473 4457 2621 4511 illum
2654 4473 2752 4526 per
2780 4455 3072 4510 fenestram
3102 4469 3166 4508 ex
3197 4454 3496 4523 sanguino-

1909 4551 2068 4606 lentis
2107 4553 2278 4620 patris
2303 4551 2559 4605 manibus
2601 4551 2668 4603 in.
2691 4549 2874 4619 fugam
2905 4549 3108 4602 emisit.
3153 4547 3233 4600 Ad
3269 4547 3496 4601 Ancbus

1907 4644 2133 4697 veniens
2175 4657 2352 4712 regem
2393 4641 2645 4707 Gettinae,
2699 4641 3026 4710 agnitusquc
3065 4638 3208 4710 quod
3253 4640 3300 4693 is
3351 4645 3498 4692 esset

1908 4737 1998 4805 qui
2027 4735 2241 4790 Goliath
2275 4735 2678 4805 proﬂigavcrat,
2721 4735 3040 4803 epilepsiam
3092 4733 3383 4797 simulans,
3427 4733 3497 4785 ob

1907 4843 2139 4896 eamque
2173 4829 2224 4881 in
2250 4828 2624 4884 misericordia
2654 4828 2896 4890 habitus,
2924 4841 3110 4879 necem
3143 4825 3337 4879 evasit.

1981 4917 2116 4971 Cum
2169 4917 2322 4980 Saul,
2375 4917 2468 4988 qui
2530 4933 2652 4971 eum
2703 4917 3155 4987 persequebatur,
3203 4915 3501 4971 occidisset

1910 5026 2040 5066 cccr.
2091 5011 2423 5073 sacerdotes,
2487 5009 2782 5080 fugientem
2821 5007 3182 5062 Abiatbarum
3234 5008 3493 5077 suscipit,

1912 5119 2036 5158 cum
2071 5111 2126 5157 ct
2172 5103 2374 5171 ipsein
2429 5101 2556 5171 fuga
2610 5104 2854 5173 degeret,
2888 5102 3257 5174 indiget-etque
3295 5101 3360 5153 iis
3407 5100 3498 5166 qui

1915 5212 2027 5250 rem
2067 5195 2169 5250 sibi
2211 5211 2424 5250 sacram
2461 5196 2726 5250 facerent.
2764 5191 2962 5250 Hostes
3001 5193 3258 5263 populum
3307 5205 3500 5260 aggre-

1915 5289 2148 5354 dientes,
2183 5291 2308 5344 dum
2359 5289 2411 5343 in
2443 5287 2630 5344 Juda'a
2669 5288 2758 5342 vix
2787 5289 3007 5358 quietus
3046 5286 3350 5340 consistere
3377 5295 3502 5351 pos-

1917 5390 2020 5444 set,
2059 5381 2452 5450 superveniens
2495 5381 2864 5451 oppugnabat,
2897 5389 2951 5433 et
2987 5378 3052 5432 ad
3087 5391 3180 5430 eos
3221 5373 3310 5443 qui
3349 5372 3500 5426 illum

1918 5475 2410 5544 persequebantur,
2447 5475 2622 5545 spolia
2667 5473 2936 5534 mittebat,
2988 5485 3108 5539 qua:
3153 5468 3219 5520 ab
3269 5465 3508 5520 inimicis

1919 5567 2172 5638 gentibus
2230 5566 2562 5622 detraxerat.
2615 5561 2966 5619 Invadentem
3027 5562 3222 5615 iterum
3282 5557 3506 5614 Saulem

1921 5673 2267 5729 nequaquam
2321 5659 2640 5714 interfecit:
2677 5657 2810 5727 quin
2857 5655 3043 5726 potius
3075 5651 3276 5708 indicia
3317 5650 3510 5709 dimis—

1992 5815 2106 5886 (72)
2145 5815 2306 5871 Forte
2337 5815 2529 5872 ἐπιών.
