4044 6432
587 417 658 480 79
2077 413 2380 476 JOSEPPI
3785 415 3849 476 80

587 537 759 592 siouis
774 535 915 605 ejus,
942 533 1104 590 modo
1124 531 1426 604 chlamydis
1451 529 1742 598 fimbriam,
1770 530 1932 586 modo
1952 529 2164 585 hastam

2283 533 2334 585 δὲ
2363 534 2422 586 τὸ
2451 533 2577 604 δόρυ
2608 534 2702 587 καὶ⁵
2734 531 2793 584 τὺ
2827 529 3170 583 νυκτιπὸτιον
3202 528 3537 600 ἀφελόμενος
3579 531 3847 595 ἀπεδίδου,

587 641 642 685 et
675 628 819 697 quod
865 627 1169 683 abstulerat
1207 633 1534 679 nocturnum
1572 624 1849 694 poculum,
1878 621 2166 689 reddebat;

588 723 883 778 ostendens
930 735 1150 774 manere
1183 734 1242 773 sc
1278 718 1448 772 Deum
1495 717 1790 783 vindicem,
1826 725 2043 770 tametsr
2078 728 2171 769 ac-

588 815 825 885 cepisset
853 813 922 866 ab
950 826 1013 866 eo
1044 811 1094 864 id
1121 808 1408 878 praestandi
1440 808 1776 862 facultatem.
1807 806 1863 860 In
1895 807 2170 862 montibus

591 921 646 961 et
683 905 914 960 desertis
940 911 1186 973 tempore
1218 901 1359 970 fugae
1389 900 1614 971 degens,
1665 899 1946 954 custodem
1978 900 2173 969 agebat

590 1012 839 1069 gregum,
876 995 1054 1064 iisque
1098 993 1265 1046 etiam
1297 995 1389 1061 qui
1427 1005 1619 1061 greges
1652 989 2024 1059 possidebant,
2077 990 2172 1043 de-

585 1089 860 1144 fensorem
885 1102 944 1142 se
964 1087 1257 1156 praebebat.
1283 1082 1693 1138 Conviciantem
1724 1080 2012 1146 Nabalum,
2041 1082 2170 1134 dum

586 1183 656 1237 ab
685 1198 748 1236 eo
786 1191 1030 1250 tempore
1081 1189 1322 1233 tonsurae
1351 1176 1534 1230 ovium
1585 1174 1910 1229 munuscula
1951 1173 2021 1227 ob
2071 1190 2170 1228 cu-

586 1275 821 1329 stodiam
862 1286 1088 1343 gregum
1122 1271 1458 1340 postularet,
1504 1281 1605 1320 nec
1638 1265 2030 1320 contumeliam
2062 1266 2169 1336 pati

585 1380 744 1435 atque
791 1364 977 1416 animo
1031 1359 1319 1430 potuisset,
1349 1355 1576 1426 jamjam
1615 1351 2007 1408 interfecturus
2042 1367 2170 1421 pro-

586 1456 843 1528 perabat,
887 1453 991 1508 nisi
1039 1451 1259 1522 sapiens
1310 1449 1557 1519 qumdam
1610 1443 1833 1500 Nabalis
1874 1459 2033 1505 uxor,
2082 1442 2169 1495 cui

585 1563 786 1602 nomen
833 1546 1046 1614 Abigea
1081 1551 1218 1606 erat,
1255 1555 1379 1596 cum
1412 1538 1730 1592 muneribus
1763 1536 1812 1590 ci
1843 1549 2163 1595 occurrens,

585 1638 924 1712 propheticis
963 1633 1208 1689 leniissct
1242 1631 1612 1688 sermonibus.
1657 1628 1864 1684 Vindex
1909 1627 2032 1698 ejus
2069 1627 2172 1681 fuit

588 1735 736 1790 licus
769 1751 784 1789 :
835 1730 1006 1786 Nabal
1042 1730 1238 1800 quippe
1270 1728 1537 1782 citissime
1575 1724 1825 1781 moritur.
1860 1723 1998 1778 Cum
2026 1722 2171 1776 enim

552 1849 558 1855 ’
586 1829 635 1883 is
654 1828 767 1898 jam
794 1824 1072 1894 crapulam
1123 1820 1567 1883 obdormivisset,
1614 1817 2033 1888 agnovissetque
2063 1829 2169 1882 qua

587 1936 711 1974 cum
749 1917 1022 1973 affecisset
1070 1912 1422 1976 contumelia,
1473 1921 1527 1966 et
1574 1925 1695 1980 qua:
1730 1920 1994 1978 passurus
2030 1912 2168 1968 erat,
2204 1881 2245 1939 Β

587 2019 735 2064 metu
765 2006 1050 2077 perculsus
1081 2002 1236 2055 obiit.
1270 2000 1406 2053 Cum
1440 2000 1664 2052 Auchus
1695 1997 1852 2051 vellet
1888 1994 2043 2048 illum
2075 1994 2168 2047 ha-

585 2101 715 2155 bere
738 2098 947 2153 socium
978 2096 1030 2148 in
1058 2094 1198 2146 bello
1226 2091 1490 2145 adversus
1515 2089 1758 2149 Saulem,
1789 2103 1897 2140 non
1925 2085 2172 2140 siverunt

587 2193 639 2247 id
672 2192 780 2256 sui,
829 2189 1081 2259 quamvis
1120 2187 1170 2239 id
1203 2199 1422 2255 quoque
1460 2183 1626 2235 David
1681 2181 1864 2236 vellet.
1909 2179 2087 2233 Aliam
2118 2187 2173 2233 et

589 2285 676 2339 hic
713 2283 780 2338 ab
831 2283 948 2350 ipso
999 2279 1106 2332 Ι).το
1141 2292 1302 2347 Opem
1337 2275 1478 2329 tulit.
1507 2273 1642 2327 Cum
1674 2273 1816 2326 enim
1853 2271 2012 2325 vellet
2059 2270 2203 2339 ipse.

588 2390 828 2448 pugnare
858 2389 981 2427 cum
1017 2368 1348 2425 l’hilisthzeis
1391 2381 1500 2436 quo
1540 2365 1728 2435 prtulio
1760 2364 1889 2417 Saul
1917 2381 1980 2418 ac
2004 2361 2172 2415 Jona-

590 2471 714 2523 thas
744 2465 924 2521 casuri
967 2470 1184 2526 essent,
1217 2459 1483 2514 dimissus
1515 2457 1584 2511 ab
1629 2457 1850 2509 Auchus
1889 2470 1953 2508 ex
1994 2470 2172 2524 pugna

588 2559 854 2614 adversus
878 2555 1136 2625 ρονιιιιιιιι
1161 2567 1347 2615 suum,
1378 2549 1643 2604 intellexit
1670 2548 1919 2603 civitates
1947 2545 2084 2600 Juda
2107 2549 2175 2601 ab

589 2649 906 2704 Amalecitis
950 2647 1194 2717 spoliari.
1260 2643 1446 2714 Itaque
1489 2657 1584 2698 eos
1621 2642 1902 2697 insecutus
1961 2640 2099 2694 tollit
2147 2655 2176 2693 c

592 2745 772 2800 medio
806 2741 1183 2805 adversarios,
1231 2755 1294 2794 ac
1322 2737 1550 2793 remittit
1581 2737 1647 2791 iis
1685 2735 1779 2806 qui
1813 2734 2027 2804 spoliati
2061 2734 2176 2788 fue-

589 2847 715 2894 rant
761 2851 891 2892 suas
927 2851 1117 2889 eorum
1155 2846 1352 2887 uxores
1385 2845 1448 2885 ac
1487 2829 1709 2894 liberos,
1760 2829 1948 2898 sicque
1981 2827 2088 2882 dux
2125 2836 2179 2880 ct

590 2940 966 3003 propugnator
999 2942 1098 2998 pro
1148 2926 1372 2979 inimico
1409 2922 1586 2978 factus
1623 2930 1708 2978 est
1737 2922 1872 2976 suis.
1925 2918 2066 2974 lliuc
2095 2919 2165 2974 le-

589 3040 712 3096 gem
743 3023 899 3087 tulit,
933 3019 1172 3074 hOstium
1209 3016 1382 3086 spolia
1428 3014 1947 3084 impedimentorum
1988 3019 2176 3066 custo-

592 3116 756 3170 dibus
808 3122 864 3168 et
917 3109 1364 3179 belligerantihus
1414 3122 1482 3162 ex
1539 3122 1697 3176 aequo
1746 3105 2123 3160 distribuenda
2160 3143 2174 3166 ,

2271 625 2485 688 δεικνὺς
2517 624 2590 688 ὼς
2620 623 2754 676 Θεὸν
2797 621 3059 692 ἀναμένει
3095 622 3188 674 τὸν
3231 623 3597 692 ἀμυνόμενον,
3627 624 3721 675 καί
3751 641 3849 694 περ

2272 715 2452 770 λαϐὼν
2495 718 2627 786 παρ’
2668 715 2837 770 αὐτοῦ
2881 717 2979 770 τοῦ
3022 714 3283 769 δύνασθαι
3311 715 3409 786 τὴν
3456 715 3727 781 ἐξουσίαν.
3771 719 3853 769 Ἐν

2271 812 2386 872 τοῖς
2433 809 2585 880 ὄρεσι
2619 809 2716 862 καὶ
2761 811 2881 873 ταῖς
2930 811 3191 881 ἐρημίαις
3247 808 3389 861 κατὰ
3428 808 3522 861 τὸν
3549 809 3646 879 τῆς
3680 809 3853 878 φυγῆς

2273 902 2466 972 καιρὸν
2515 902 2738 969 διάγων,
2796 901 2971 970 φύλαξ
3017 902 3227 970 ἐγίνετο
3283 899 3392 953 τῶν
3428 901 3719 970 ποιμνίων,
3767 905 3854 953 καὶ

2272 996 2384 1057 τοῖς
2411 993 2480 1047 τὰ
2523 995 2753 1064 ποίμνια
2813 995 3198 1064 κεκτημένοις,
3246 989 3314 1062 ἦν
3361 993 3457 1046 καὶ
3482 993 3695 1056 τούτοις
3740 994 3855 1046 ἐπί-

2272 1103 2494 1157 κουρος.
2537 1085 2928 1156 Ἐνυϐρίσαντα
2955 1085 3044 1138 τὸν
3069 1085 3259 1138 Νάϐαλ
3290 1084 3452 1138 αὑτὸν
3476 1086 3533 1137 ὲν
3559 1084 3734 1155 καιρῷ
3763 1086 3854 1152 τῆς

2277 1179 2482 1248 κουρᾶς
2515 1176 2624 1231 τῶν
2670 1176 2983 1249 προϐάτων,
3009 1177 3262 1243 εὐλογίας
3294 1177 3434 1245 ὑπὲρ
3477 1177 3576 1246 τῆς
3612 1176 3858 1248 φυλακῆς

2272 1269 2382 1322 τῶν
2421 1270 2688 1340 ποιμνίων
2731 1271 3056 1342 αἰτήσαντα,
3107 1271 3206 1339 τὴν
3263 1268 3423 1341 ὓϐριν
3467 1269 3566 1339 οὐχ
3608 1269 3856 1336 ὑποίσας,

2273 1359 2500 1429 ἔμελλεν
2523 1361 2769 1430 ἀναιρεῖν
2795 1362 3068 1431 ὁρμήσας,
3100 1361 3150 1412 εί
3180 1360 3254 1430 μὴ
3282 1360 3422 1430 σοφή
3449 1377 3534 1423 τις
3561 1363 3594 1431 ἠ
3627 1359 3720 1413 τοῦ
3746 1360 3861 1415 Νά-

2273 1451 2377 1504 ϐαλ
2416 1453 2554 1522 γυνὴ
2601 1453 2888 1526 (Ἀϐιγαία
2917 1453 2974 1507 δὲ
3022 1449 3090 1524 ἦν
3138 1453 3310 1523 ὄνομα
3356 1455 3520 1523 αὐτῇ)
3555 1454 3861 1507 ἀντιάσασα

2273 1547 2386 1608 τοῖς
2421 1545 2616 1615 δώροις
2655 1547 2842 1612 αὐτὸν,
2876 1547 2972 1600 καὶ
3014 1548 3376 1618 προφητικοῖς
3420 1545 3739 1616 ὲξευμένισε
3775 1545 3864 1598 λόο

2275 1655 2412 1706 γοις.
2472 1637 2802 1692 Ἐκδικείται
2854 1639 2989 1710 προς
3034 1638 3126 1692 τοῦ
3182 1638 3340 1704 Θεοῦ,
3395 1637 3491 1691 τοῦ
3540 1638 3730 1692 Nam
3766 1639 3864 1707 τὴν

2273 1731 2538 1800 ταχίστην
2568 1730 2951 1793 ἀποθανόντος.
2997 1729 3302 1800 Ἀνανὴψας
3333 1729 3444 1800 γὰρ
3474 1724 3628 1792 οὗτος
3660 1733 3724 1783 ἐκ
3764 1729 3866 1798 τῆς

2279 1825 2469 1894 μέθης,
2525 1825 2620 1878 καὶ
2657 1825 2818 1891 γνοὺς
2866 1823 3010 1892 ἆπερ
3055 1823 3349 1892 ἐνύϐρισε,
3404 1823 3501 1876 καὶ
3549 1823 3586 1876 a
3629 1823 3870 1890 πάσχειν

2275 1916 2488 1987 ἔμελλε,
2538 1917 2688 1988 φόϐῳ
2730 1917 3107 1986 καταπλαγεὶς
3137 1916 3462 1970 ἁπεθάνετο.
3495 1915 3598 1968 Τον
3634 1914 3870 1985 Ἀγχοῦς

2275 2007 2599 2079 βουλόμενον
2630 2008 2775 2079 ἔχειν
2801 2009 2965 2063 αὐτον
3000 2009 3290 2079 σύμμαχον
3323 2011 3381 2061 ὲν
3399 2007 3478 2078 τῷ
3518 2007 3661 2061 κατὰ
3688 2008 3869 2060 Σαοὺλ

2274 2100 2520 2170 πολέμῳ,
2565 2101 2664 2153 οὐκ
2711 2100 2837 2154 εἴων
2887 2101 2935 2154 οἱ
2963 2099 3138 2169 τούτῳ
3188 2103 3584 2169 προσήκοντες,
3626 2100 3721 2150 καί
3763 2116 3872 2169 περ

2275 2191 2368 2243 καὶ
2398 2189 2492 2242 τοῦ
2523 2189 2687 2243 Δαϐὶδ
2720 2189 3068 2260 βουλομένου.
3104 2188 3303 2254 Ἄλλην
3335 2188 3430 2239 καὶ
3457 2185 3552 2238 νῦν
3584 2187 3671 2238 ἐπ’
3698 2185 3874 2237 αὐτοῦ

2273 2282 2366 2336 τοῦ
2409 2281 2546 2335 Θεοῦ
2593 2283 2856 2351 πρόνοιαν
2883 2281 3018 2352 (75).
3069 2281 3177 2332 Καὶ
3213 2281 3320 2350 γὰρ
3355 2278 3680 2348 βουλομένου
3722 2293 3874 2346 συμ-

2279 2377 2474 2446 μαχεῖν
2497 2375 2660 2428 αὑτὸν
2697 2374 2810 2446 (74)
2840 2375 2950 2438 τοῖς
2986 2373 3332 2442 Ἀλλοφύλοις
3358 2372 3450 2425 ἐπὶ
3476 2375 3541 2441 τῇ
3571 2370 3663 2423 τοῦ
3692 2369 3882 2423 Σαοὶιλ

2276 2470 2370 2522 καὶ
2400 2467 2495 2521 τοῦ
2541 2466 2801 2520 Ίωνάθαν
2847 2464 3150 2536 ἀναιρέσει,
3210 2461 3596 2533 ἀποπεμφθεὶς
3631 2460 3740 2514 ὑπὸ
3778 2461 3877 2512 τοῦ

2290 2561 2537 2631 Ἀγχοῦς,
2571 2561 2678 2614 ἀπὸ
2706 2562 2805 2630 τῆς
2831 2559 2965 2629 πρὸς
3009 2559 3100 2610 τὶν
3125 2557 3321 2610 ἑαυτοῦ
3345 2556 3472 2609 λαὸν
3501 2555 3703 2626 μάχης,
3727 2554 3886 2621 ἔγνω

2277 2655 2376 2716 τὰς
2411 2652 2506 2706 τοῦ
2560 2650 2729 2705 Ἰούδα
2780 2651 2963 2712 πόλεις
3008 2649 3112 2702 ὑπὸ
3177 2646 3560 2718 Ἀμαληκιτῶν
3605 2644 3885 2698 ὲσκυλεῦ-

2280 2745 2436 2809 σθαι,
2465 2743 2560 2798 καὶ
2588 2740 2930 2808 καταδιώξας
2975 2741 3192 2810 ἀναιρεῖ
3242 2739 3339 2808 μὲν
3373 2739 3500 2800 τοὺς
3535 2736 3887 2804 πολεμίους,

2279 2836 2600 2893 ἀποστέλλει
2626 2833 2739 2907 (75)
2766 2835 2877 2896 τοῖς
2899 2830 3427 2902 ἑσκυλευμὲνοιςτᾶις
3445 2829 3654 2882 ἑαυτῶν
3679 2828 3890 2894 γυναῖηρ

2280 2947 2381 2991 κας
2412 2929 2507 2982 καὶ
2531 2929 2598 2982 τὰ
2627 2930 2816 2991 τέκνα,
2849 2926 2944 2980 καλ⁵
2976 2925 3289 2996 προστάτης
3322 2924 3465 2976 οῦτω
3493 2923 3587 2975 καὶ
3614 2919 3894 2990 κηδεμὼν

2281 3022 2401 3073 ἀντὶ
2433 3019 2691 3089 πολεμίου
2725 3021 2834 3082 τοῖς
2870 3017 3092 3080 οἰκείοις
3127 3016 3364 3084 ἐγίνετο.
3414 3011 3682 3066 Ἐνταῦθα
3704 3012 3895 3081 νόμον

2281 3112 2540 3174 ἕϐετο,τα
2575 3113 2640 3164 ἐκ
2669 3110 2944 3180 πολεμίων
2981 3109 3152 3163 σκῦλα
3187 3106 3547 3175 σκευοφύλαξι
3577 3106 3672 3158 καὶ
3709 3105 3898 3158 πολε-

590 3205 1031 3277 quaudoquidcm
1080 3202 1206 3256 tnali
1243 3200 1463 3270 quidam
1502 3199 1754 3252 homines
1799 3198 1890 3267 qui
1927 3212 2048 3249 cum
2084 3195 2174 3248 illo

2285 3206 2503 3274 μισταῖς
2537 3204 2595 3270 ἐξ
2623 3202 2739 3256 ἴσου
2785 3201 3266 3271 δασμολογεῖσθαι,
3305 3200 3537 3270 ἐπείπερ
3578 3201 3627 3252 οἱ
3674 3199 3902 3268 φαῦλοι

590 3299 924 3355 Amalecitas
977 3294 1196 3348 fuerant
1227 3290 1483 3353 insecuti,
1527 3289 1779 3344 nolebant
1820 3286 2013 3358 praedic
2047 3302 2172 3355 par-

590 3403 697 3446 tem
735 3389 915 3444 faccre
957 3385 1044 3446 iis,
1076 3385 1171 3454 qui
1213 3383 1282 3438 ob
1311 3383 1647 3438 debilitatem
1680 3381 1876 3432 virium
1924 3379 1988 3431 ad
2019 3393 2170 3431 com-

587 3483 774 3538 munia
804 3479 1189 3550 impedimenta
1219 3481 1621 3533 remanserant.
1647 3471 1922 3526 Mortuum
1959 3469 2087 3524 Saul
2122 3469 2174 3522 iu

589 3584 771 3641 pugna
800 3569 1066 3622 adversus
1097 3566 1317 3620 Auchus
1343 3560 1740 3625 Philistlneum,
1771 3577 1879 3615 non
1915 3572 2174 3630 tanquam

591 3662 766 3718 hostis
797 3659 1060 3714 cecidisse
1108 3658 1336 3724 audivit,
1379 3656 1473 3712 sed
1522 3665 1584 3710 ut
1616 3668 1936 3726 germanum
1972 3652 2179 3706 lamen-

593 3762 738 3808 tatus
780 3759 864 3806 est
909 3759 1362 3818 curatoremque,
1406 3762 1471 3802 ac
1520 3745 1875 3802 emortualem
1927 3753 2034 3797 tam
2083 3758 2181 3813 pro

593 3847 688 3900 illo
713 3859 876 3914 quam
915 3859 1011 3913 pro
1043 3842 1155 3896 filio
1181 3842 1442 3912 hymnum
1471 3838 1818 3908 conscripsit.
1851 3835 1987 3889 Eum
2017 3849 2182 3904 porro

591 3939 685 4009 qui
738 3937 998 3991 aﬂercbal
1031 3935 1174 4004 regis
1223 3933 1352 3988 Saul
1386 3931 1644 4002 insignia,
1678 3941 1734 3984 et
1774 3931 1839 3985 de
1868 3944 2001 3983 nece
2036 3928 2182 3981 illius

597 4030 891 4085 certiorem
954 4027 1223 4091 faciebat,
1284 4026 1394 4080 imo
1443 4038 1574 4078 vero
1625 4022 1679 4076 in
1748 4020 1978 4092 gratiam
2036 4019 2184 4074 illius

591 4125 772 4194 egisse
798 4121 927 4192 quid
961 4131 1147 4175 contra
1179 4119 1333 4172 illum
1378 4118 1684 4182 dictitabat,
1723 4129 1788 4168 ac
1817 4113 1975 4184 quasi
2009 4113 2184 4167 bonus

592 4215 820 4270 nuntius
867 4213 934 4268 ad
992 4228 1115 4266 eum
1173 4211 1440 4266 ventitare
1486 4208 1797 4268 videbatur,
1830 4221 1929 4260 ceu
1979 4203 2184 4259 malum

593 4308 847 4362 nuntium
882 4305 1175 4361 interfecit.

666 4397 773 4451 Ter
803 4397 855 4451 iu
888 4411 1067 4466 regem
1100 4395 1339 4465 ungitur.
1370 4393 1552 4448 Semel
1577 4393 1796 4463 quidem
1841 4408 1870 4446 a
1903 4388 2188 4446 sacerdote

594 4488 817 4543 Samuel
850 4489 902 4542 in
935 4487 1250 4540 Bethlrhcm
1283 4486 1453 4556 patria
1485 4487 1622 4553 ejus.
1657 4483 1856 4538 lterum
1879 4481 2190 4553 abpludaico

2280 3298 2388 3351 τῶν
2425 3297 2542 3366 μετ’
2587 3294 2751 3348 αὐτοῦ
2792 3295 3246 3359 καταδιωξάντων
3273 3294 3400 3356 τοὺς
3455 3292 3860 3362 Ἀμαληκίτας
3887 3331 3907 3356 ,

2277 3391 2376 3442 οὐκ
2396 3387 2679 3442 ἐϐούλοντο
2702 3386 2802 3456 τῆς
2825 3385 2976 3448 λείας
3003 3384 3299 3454 ἀπονέμειν
3321 3385 3432 3446 τοῖς
3459 3383 3524 3434 δι’
3557 3382 3908 3455 ἀρρωστίαν

2281 3477 2778 3550 παραμεμενηκόσι
2847 3477 2946 3546 τὴν
3008 3476 3120 3546 (76)
3181 3477 3294 3539 τοῖς
3354 3477 3558 3537 κοινοῖς
3616 3474 3912 3542 ἐφοδίοις.

2291 3567 2663 3621 Ἀποθανόντα
2729 3567 2821 3619 τὸν
2875 3566 3050 3619 Σαοὺλ
3102 3566 3160 3617 ὲν
3209 3568 3275 3636 τῇ
3342 3565 3478 3634 πρὸς
3547 3563 3916 3632 Ἀλλὸερυλον

2294 3659 2524 3729 Ἀγχοῦς
2561 3660 2743 3730 μάχῃ,
2788 3659 2886 3727 οὐχ
2935 3658 3010 3722 ὼς
3047 3657 3307 3727 πολέμιος
3361 3657 3563 3726 ἤκουσε
3599 3656 3871 3709 πεσόντα
3899 3697 3917 3720 ,

2282 3752 2355 3815 ὡς
2380 3752 2435 3804 δὲ
2467 3752 2690 3820 γνήσιον
2718 3750 3009 3821 ὲορὴνησε,
3047 3751 3141 3802 καὶ
3175 3748 3471 3820 κηδεμόνα,
3503 3747 3599 3800 καὶ
3632 3747 3732 3800 τὸν
3771 3749 3927 3801 ὲπι-

2283 3843 2477 3910 τὰφιον
2505 3840 2654 3911 αὐτῷ
2683 3857 2742 3893 τε
2775 3842 2871 3894 καὶ
2900 3840 2978 3908 τῷ
3024 3839 3125 3910 υἰῴ
3154 3840 3498 3910 συνέγραψεν
3544 3838 3741 3908 ῦμνον.
3793 3840 3929 3894 Τὸν

2283 3933 2340 3987 δὲ
2373 3933 2676 4003 κομίσαντα
2709 3931 2779 3984 τὰ
2804 3931 3067 4000 βασιλέως
3091 3932 3184 3982 τοῦ
3206 3931 3378 3984 Σαοὺλ
3399 3933 3626 3999 σημεῖα.
3659 3932 3774 3982 καὶ
3802 3933 3932 4000 τὴν

2288 4024 2570 4096 ἀναίρεσιν
2601 4023 2767 4078 αὐτοῦ
2794 4023 3132 4093 μηνύσαντα,
3163 4023 3258 4076 καὶ
3277 4021 3340 4093 δὴ
3368 4023 3503 4092 πρὸς
3524 4022 3683 4092 χάριν
3713 4022 3933 4076 αὐτοῦ

2285 4117 2609 4187 δεδρακέναι
2645 4132 2698 4168 τι
2726 4117 2806 4178 είς
2845 4115 3008 4168 αὑτὸν
3043 4116 3322 4186 φήσαντα,
3376 4115 3472 4168 καὶ
3524 4117 3599 4177 ὡς
3648 4115 3942 4184 εὐαγγέ-

2286 4209 2398 4262 λιον
2429 4209 2542 4278 (77)
2597 4206 2745 4277 αὐτῷ
2787 4207 3226 4277 παραγεγονέναι
3274 4206 3528 4270 δόξαντα,
3582 4207 3656 4270 ὡς
3711 4207 3943 4261 κακὸν

2287 4300 2519 4369 ἄγγελον
2546 4299 2746 4353 ἀνεῖλε.

2358 4392 2555 4462 Τρίτον
2586 4394 2667 4454 είς
2711 4391 2990 4461 βασιλείαν
3029 4391 3266 4462 χρίεται.
3315 4390 3592 4462 Πρότερον
3641 4389 3763 4460 μὲν
3806 4391 3954 4446 ἀπὸ

2289 4485 2382 4538 τοῦ
2423 4483 2618 4556 ἱερέως
2662 4485 2919 4556 Σαμουὴλ
2955 4487 3035 4548 είς
3080 4483 3180 4555 τὴν
3211 4482 3405 4537 ἑαυτοῦ
3444 4481 3624 4535 οἰκίαν
3649 4481 3773 4552 τὴν
3808 4485 3954 4554 Βη-

597 4581 820 4649 populo,
867 4593 929 4632 ac
980 4577 1142 4632 tertio
1187 4577 1256 4630 ab
1288 4577 1542 4632 universo
1568 4576 1732 4630 simul
1769 4577 1993 4644 populo.
2043 4574 2178 4630 Chc-

2291 4579 2486 4649 ολεέμ·
2517 4579 2771 4648 δεύτερον
2804 4578 2910 4632 ἀπὸ
2935 4577 3029 4630 τοῦ
3068 4573 3364 4630 Ἰουδαϊκοῦ
3397 4574 3597 4645 δήμου,
3636 4574 3749 4627 καὶ
3793 4577 3962 4648 τρί-

594 4673 767 4726 brone
815 4670 906 4724 ubi
949 4669 1200 4741 degebat.
1239 4669 1344 4724 Eos
1387 4669 1480 4738 qui
1514 4668 1776 4739 reliquias
1823 4667 1953 4722 Saul
1994 4683 2058 4723 ac
2088 4668 2182 4722 lilii

592 4767 712 4828 eius
751 4771 1211 4833 composuerunt;
1267 4771 1425 4815 erant
1473 4776 1637 4830 porro
1692 4761 1743 4814 hi
1798 4761 1866 4814 de
1911 4758 2075 4814 Jabcs
2105 4760 2184 4816 sic

596 4854 740 4908 dicta
781 4855 1038 4918 c.vitate;
1072 4866 1382 4914 accersens,
1413 4851 1578 4905 etiam
1613 4859 1776 4919 atque
1810 4849 1973 4904 etiam
2006 4849 2182 4904 aduri-

597 4955 766 5012 ratus,
804 4945 1017 5015 magnis
1054 4959 1151 5000 eos
1197 4941 1677 4998 bent-dictionibus
1727 4942 2049 4998 cumulavit.
2109 4941 2185 4996 De

597 5037 848 5092 hostibus
871 5036 1171 5090 interfectis
1197 5019 1475 5102 nunquam
1509 5033 1731 5103 gavisus
1768 5041 1874 5088 est.
1904 5031 2010 5088 Eos
2035 5033 2182 5087 enim

595 5129 689 5200 qui
739 5128 1129 5183 interfecerant
1162 5127 1347 5182 Saulis
1382 5127 1551 5180 lilium
1601 5124 2062 5196 Memphibosthe,
2092 5125 2185 5195 qui

597 5220 741 5290 apud
767 5219 1034 5290 quosdam
1061 5218 1114 5273 in
1146 5218 1355 5272 honore
1381 5228 1521 5284 erat,
1552 5218 1901 5288 patriumque
1934 5232 2185 5286 regnum,

595 5313 797 5381 quippe
843 5311 916 5366 illi
951 5311 1215 5370 debitum.
1260 5319 1514 5379 oportere
1565 5309 1759 5363 abillo
1811 5307 1984 5363 teneri
2032 5309 2188 5362 Vulc-

600 5404 760 5470 hant;
806 5421 912 5459 non
948 5407 1113 5457 modo
1151 5409 1406 5472 acceptos
1452 5418 1558 5458 non
1588 5402 1804 5469 habuit,
1839 5404 1973 5473 quin
2008 5405 2191 5472 potius

607 5562 986 5701 lyl()13é)r.Dcest
1015 5562 1230 5630 ἐλαϐεν,
1253 5563 1333 5616 vel
1353 5562 1482 5632 quid
1511 5561 1708 5626 simile,
1737 5561 1970 5618 fortasse
2003 5575 2188 5616 errore

672 5702 782 5774 (ῃ)
824 5701 986 5756 Forte
1010 5701 1198 5774 αὐτοῦ,
1228 5703 1319 5757 hic
1348 5718 1568 5772 quoque
1593 5717 1780 5758 errore
1810 5713 2024 5774 typogr.

675 5772 786 5840 (75)
831 5773 980 5826 Atltle
1007 5772 1084 5825 δέ.

673 5841 784 5911 (76)
819 5841 930 5912 Τὴν
965 5843 1176 5898 videtur
1205 5843 1528 5899 redundare.

2291 4689 2382 4725 τον
2411 4670 2521 4725 ἀπὸ
2556 4671 2757 4734 παντὸς
2795 4670 2930 4741 ὁμοῦ
2961 4671 3054 4724 τοῦ
3080 4668 3217 4723 λεὼν
3249 4668 3385 4740 (78),
3420 4671 3503 4734 είς
3545 4671 3612 4742 ἢν
3646 4670 3970 4745 διέτρισε

2295 4764 2471 4828 πόλιν,
2499 4763 2600 4834 τὴν
2637 4763 2886 4834 Χεϐρῶν.
2923 4763 3062 4826 Τοὺς
3090 4761 3160 4815 τὰ
3193 4763 3424 4834 λείψανα
3460 4761 3553 4816 τοῦ
3588 4764 3800 4818 Σαοὺλ
3846 4771 3976 4822 καὶ

2293 4855 2605 4918 τοῦ-υίέως
2660 4854 3140 4925 περιστείλανταςο
3196 4856 3306 4908 ἀπὸ
3355 4856 3412 4909 δὲ
3475 4855 3686 4920 πόλεως
3775 4854 3982 4932 ἦσαν

2309 4947 2491 5016 Ἰαϐἧς
2524 4947 3091 5016 οὗτω,καλουμὲνης⁶
3130 4947 3402 5010 καλέσας,
3440 4947 3979 5019 μεγαλοπρεπῶς

2295 5039 2535 5110 ἠγάσθη,
2585 5039 2680 5090 καὶ
2728 5036 2964 5107 ἠξίωσεν
3018 5038 3293 5108 εὐλογίας.
3338 5038 3455 5090 Ἐπ’
3509 5037 3752 5108 ἐχθροῖς
3845 5044 3988 5117 οὐχ

2290 5132 2431 5202 ἥσθη
2461 5129 2684 5183 πώποτε
2715 5130 3149 5201 ἀναιρουμένοις.
3180 5132 3290 5184 Καὶ
3315 5129 3423 5201 γὰρ
3444 5132 3571 5193 τοὺς
3601 5131 3998 5201 ἀνελόντας

2296 5225 2389 5276 τὸν
2411 5223 2506 5276 τοῦ
2541 5223 2712 5276 Σαοὺλ
2745 5223 2860 5275 υἱὸν
2895 5222 3276 5292 Μεμφιϐοσοὲ,
3313 5225 3464 5292 παρά
3505 5239 3615 5274 τισι
3644 5226 4010 5298 τιμώμε-

2295 5330 2408 5377 νον,
2462 5314 2555 5365 καὶ
2601 5312 2700 5383 τὴν
2747 5312 2841 5364 τοῦ
2899 5313 3106 5383 πατρὸς
3157 5313 3350 5384 ἀρχὴν,
3395 5312 3470 5376 ὡς
3529 5312 4009 5386 ὀξειλομένην

2295 5401 2465 5470 αὐτῷ,
2499 5403 2612 5455 δεῖν
2662 5401 2754 5454 ὑπ’
2802 5401 2969 5456 αὐτοῦ
3004 5400 3333 5470 κατέχεσθαι
3378 5399 3726 5471 βουλόμενος
3807 5406 4016 5474 (79),

2370 5561 2484 5632 (Π)
2524 5561 2687 5617 Forte
2716 5561 3039 5629 εὐάγγελον.

2372 5628 2484 5706 (78)
2529 5633 2716 5706 Potius
2747 5628 2876 5685 λεώ.
2904 5633 3038 5706 ﬂare
3059 5642 3110 5686 et
3138 5641 3430 5706 sequentes
3455 5629 3731 5698 quaadam
3763 5628 4016 5706 ‘_vn(:rs

2295 5703 2534 5773 Josopho
2569 5703 2868 5768 inusitatzc,
2905 5703 3139 5757 Stlndtml
3171 5703 3348 5757 aliena
3381 5716 3548 5755 manu
3579 5704 4016 5771 δοβρεε-ειμι]

2297 5777 2467 5827 luisse
2504 5776 2604 5828 ΙΜιο
2639 5784 2825 5842 caput.

2372 5847 2484 5915 (79)
2528 5845 2669 5916 Lege
2707 5845 3078 5915 βουλομένοις.
