  <div class='ocr_page' id='page_1' title='image "/cluster/home/n/w/nwhite01/storage/ocr_20150623/106/coo.31924054870104/050.png"; bbox 0 0 4044 6410; ppageno 0'>
   <div class='ocr_carea' id='block_1_1' title="bbox 197 361 3412 443">
    <p class='ocr_par' dir='ltr' id='par_1_1' title="bbox 197 361 3412 443">
     <span class='ocr_line' id='line_1_1' title="bbox 197 361 3412 443; baseline 0.004 -13"><span class='ocrx_word' id='word_1_1' title='bbox 197 361 246 430; x_wconf 67' lang='grc' dir='ltr'><strong>ει</strong></span> <span class='ocrx_word' id='word_1_2' title='bbox 1314 375 1688 436; x_wconf 84' lang='lat' dir='ltr'><strong>LIBELLUS</strong></span> <span class='ocrx_word' id='word_1_3' title='bbox 1727 377 2230 438; x_wconf 68' lang='lat' dir='ltr'><strong>MEMORIALIS.</strong></span> <span class='ocrx_word' id='word_1_4' title='bbox 3339 381 3412 443; x_wconf 75' lang='lat'><strong>82</strong></span> 
     </span>
    </p>
   </div>
   <div class='ocr_carea' id='block_1_2' title="bbox 197 487 1742 568">
    <p class='ocr_par' dir='ltr' id='par_1_2' title="bbox 197 487 1721 564">
     <span class='ocr_line' id='line_1_2' title="bbox 197 487 1721 564; baseline 0.005 -22"><span class='ocrx_word' id='word_1_5' title='bbox 197 494 244 542; x_wconf 58' lang='grc' dir='ltr'><strong>ιὰ</strong></span> <span class='ocrx_word' id='word_1_6' title='bbox 281 489 422 558; x_wconf 82' lang='grc' dir='ltr'><strong>μόνον</strong></span> <span class='ocrx_word' id='word_1_7' title='bbox 459 487 556 540; x_wconf 82' lang='grc' dir='ltr'><strong>οὐκ</strong></span> <span class='ocrx_word' id='word_1_8' title='bbox 605 489 926 555; x_wconf 79' lang='grc' dir='ltr'><strong>ἀπεδέξατο,</strong></span> <span class='ocrx_word' id='word_1_9' title='bbox 975 492 1110 545; x_wconf 78' lang='grc' dir='ltr'><strong>ἀλλὰ</strong></span> <span class='ocrx_word' id='word_1_10' title='bbox 1148 495 1241 546; x_wconf 71' lang='grc' dir='ltr'><strong>καὶ</strong></span> <span class='ocrx_word' id='word_1_11' title='bbox 1267 489 1584 564; x_wconf 74' lang='grc' dir='ltr'><strong>τισάμενος,</strong></span> <span class='ocrx_word' id='word_1_12' title='bbox 1626 499 1721 549; x_wconf 86' lang='grc' dir='ltr'><strong>ἀν-</strong></span> 
     </span>
    </p>
   </div>
   <div class='ocr_carea' id='block_1_3' title="bbox 1846 487 3410 568">
    <p class='ocr_par' dir='ltr' id='par_1_3' title="bbox 1853 495 3410 568">
     <span class='ocr_line' id='line_1_3' title="bbox 1853 495 3410 568; baseline 0.001 -19"><span class='ocrx_word' id='word_1_13' title='bbox 1853 515 1882 549; x_wconf 94' lang='lat' dir='ltr'><strong>n</strong></span> <span class='ocrx_word' id='word_1_14' title='bbox 1923 513 2018 552; x_wconf 87' lang='lat' dir='ltr'><strong>eos</strong></span> <span class='ocrx_word' id='word_1_15' title='bbox 2060 499 2520 562; x_wconf 81' lang='lat' dir='ltr'><strong>animadvertetis,</strong></span> <span class='ocrx_word' id='word_1_16' title='bbox 2559 495 2816 568; x_wconf 93' lang='lat' dir='ltr'><strong>patibulis</strong></span> <span class='ocrx_word' id='word_1_17' title='bbox 2849 497 3040 552; x_wconf 79' lang='lat' dir='ltr'><strong>sufﬁxa</strong></span> <span class='ocrx_word' id='word_1_18' title='bbox 3072 511 3263 552; x_wconf 85' lang='lat' dir='ltr'><strong>eorum</strong></span> <span class='ocrx_word' id='word_1_19' title='bbox 3314 515 3410 551; x_wconf 90' lang='lat' dir='ltr'><strong>ca-</strong></span> 
     </span>
    </p>
   </div>
   <div class='ocr_carea' id='block_1_4' title="bbox 195 581 1726 657">
    <p class='ocr_par' dir='ltr' id='par_1_4' title="bbox 195 581 1726 657">
     <span class='ocr_line' id='line_1_4' title="bbox 195 581 1726 657; baseline 0.005 -23"><span class='ocrx_word' id='word_1_20' title='bbox 195 581 582 650; x_wconf 69' lang='grc' dir='ltr'><strong>ετκολοπισμένα</strong></span> <span class='ocrx_word' id='word_1_21' title='bbox 641 584 804 636; x_wconf 76' lang='grc' dir='ltr'><strong>παντὶ</strong></span> <span class='ocrx_word' id='word_1_22' title='bbox 855 583 932 653; x_wconf 83' lang='grc' dir='ltr'><strong>τῷ</strong></span> <span class='ocrx_word' id='word_1_23' title='bbox 991 585 1106 654; x_wconf 80' lang='grc' dir='ltr'><strong>λαῷ</strong></span> <span class='ocrx_word' id='word_1_24' title='bbox 1158 585 1228 638; x_wconf 77' lang='grc' dir='ltr'><strong>τὰ</strong></span> <span class='ocrx_word' id='word_1_25' title='bbox 1263 585 1492 657; x_wconf 87' lang='grc' dir='ltr'><strong>σώματα</strong></span> <span class='ocrx_word' id='word_1_26' title='bbox 1546 589 1726 642; x_wconf 81' lang='grc' dir='ltr'><strong>αὐτῶν</strong></span> 
     </span>
    </p>
   </div>
   <div class='ocr_carea' id='block_1_5' title="bbox 195 673 1724 750">
    <p class='ocr_par' dir='ltr' id='par_1_5' title="bbox 195 673 1724 750">
     <span class='ocr_line' id='line_1_5' title="bbox 195 673 1724 750; baseline 0.008 -27"><span class='ocrx_word' id='word_1_27' title='bbox 195 675 300 742; x_wconf 69' lang='grc' dir='ltr'><strong>περὶ</strong></span> <span class='ocrx_word' id='word_1_28' title='bbox 339 674 428 734; x_wconf 69' lang='grc' dir='ltr'><strong>τὰς</strong></span> <span class='ocrx_word' id='word_1_29' title='bbox 473 673 784 744; x_wconf 68' lang='grc' dir='ltr'><strong>λεωφόρους</strong></span> <span class='ocrx_word' id='word_1_30' title='bbox 822 677 1161 744; x_wconf 81' lang='grc' dir='ltr'><strong>ἀπεδείξατο.</strong></span> <span class='ocrx_word' id='word_1_31' title='bbox 1209 679 1422 750; x_wconf 81' lang='grc' dir='ltr'><strong>Ἐμίσει</strong></span> <span class='ocrx_word' id='word_1_32' title='bbox 1455 682 1550 734; x_wconf 76' lang='grc' dir='ltr'><strong>καὶ</strong></span> <span class='ocrx_word' id='word_1_33' title='bbox 1597 683 1724 744; x_wconf 81' lang='grc' dir='ltr'><strong>τοὺς</strong></span> 
     </span>
    </p>
   </div>
   <div class='ocr_carea' id='block_1_6' title="bbox 193 763 1728 842">
    <p class='ocr_par' dir='ltr' id='par_1_6' title="bbox 193 763 1728 842">
     <span class='ocr_line' id='line_1_6' title="bbox 193 763 1728 842; baseline 0.007 -26"><span class='ocrx_word' id='word_1_34' title='bbox 193 765 308 834; x_wconf 76' lang='grc' dir='ltr'><strong>ὑπὲρ</strong></span> <span class='ocrx_word' id='word_1_35' title='bbox 347 763 502 817; x_wconf 81' lang='grc' dir='ltr'><strong>αὐτοῦ</strong></span> <span class='ocrx_word' id='word_1_36' title='bbox 546 765 840 830; x_wconf 74' lang='grc' dir='ltr'><strong>δοκοῦντας</strong></span> <span class='ocrx_word' id='word_1_37' title='bbox 877 786 928 820; x_wconf 91' lang='grc' dir='ltr'><strong>τι</strong></span> <span class='ocrx_word' id='word_1_38' title='bbox 957 769 1094 839; x_wconf 74' lang='grc' dir='ltr'><strong>δρᾷν</strong></span> <span class='ocrx_word' id='word_1_39' title='bbox 1123 769 1231 822; x_wconf 82' lang='grc' dir='ltr'><strong>τῶν</strong></span> <span class='ocrx_word' id='word_1_40' title='bbox 1269 773 1370 824; x_wconf 83' lang='grc' dir='ltr'><strong>οὐκ</strong></span> <span class='ocrx_word' id='word_1_41' title='bbox 1401 772 1728 842; x_wconf 76' lang='grc' dir='ltr'><strong>ὀφειλόντων</strong></span> 
     </span>
    </p>
   </div>
   <div class='ocr_carea' id='block_1_7' title="bbox 191 855 1730 934">
    <p class='ocr_par' dir='ltr' id='par_1_7' title="bbox 191 855 1730 934">
     <span class='ocr_line' id='line_1_7' title="bbox 191 855 1730 934; baseline 0.006 -26"><span class='ocrx_word' id='word_1_42' title='bbox 191 857 358 908; x_wconf 73' lang='grc' dir='ltr'><strong>διδόναι</strong></span> <span class='ocrx_word' id='word_1_43' title='bbox 389 855 562 919; x_wconf 85' lang='grc' dir='ltr'><strong>δίκας.</strong></span> <span class='ocrx_word' id='word_1_44' title='bbox 595 857 700 912; x_wconf 86' lang='grc' dir='ltr'><strong>Τὸν</strong></span> <span class='ocrx_word' id='word_1_45' title='bbox 744 859 897 913; x_wconf 78' lang='grc' dir='ltr'><strong>Ἰωάϐ</strong></span> <span class='ocrx_word' id='word_1_46' title='bbox 941 860 1072 928; x_wconf 81' lang='grc' dir='ltr'><strong>γοῦν</strong></span> <span class='ocrx_word' id='word_1_47' title='bbox 1101 863 1408 934; x_wconf 83' lang='grc' dir='ltr'><strong>στρατηγὸν</strong></span> <span class='ocrx_word' id='word_1_48' title='bbox 1436 865 1603 920; x_wconf 77' lang='grc' dir='ltr'><strong>αὐτοῦ</strong></span> <span class='ocrx_word' id='word_1_49' title='bbox 1637 883 1730 933; x_wconf 86' lang='grc' dir='ltr'><strong>γε-</strong></span> 
     </span>
    </p>
   </div>
   <div class='ocr_carea' id='block_1_8' title="bbox 193 948 1729 1029">
    <p class='ocr_par' dir='ltr' id='par_1_8' title="bbox 193 948 1729 1029">
     <span class='ocr_line' id='line_1_8' title="bbox 193 948 1729 1029; baseline 0.008 -29"><span class='ocrx_word' id='word_1_50' title='bbox 193 948 376 1014; x_wconf 67' lang='grc' dir='ltr'><strong>γονότα,</strong></span> <span class='ocrx_word' id='word_1_51' title='bbox 407 949 802 1004; x_wconf 76' lang='grc' dir='ltr'><strong>ἀποκτείναντα</strong></span> <span class='ocrx_word' id='word_1_52' title='bbox 830 951 920 1004; x_wconf 82' lang='grc' dir='ltr'><strong>τὸν</strong></span> <span class='ocrx_word' id='word_1_53' title='bbox 959 953 1052 1006; x_wconf 79' lang='grc' dir='ltr'><strong>τοῦ</strong></span> <span class='ocrx_word' id='word_1_54' title='bbox 1102 955 1494 1025; x_wconf 80' lang='grc' dir='ltr'><strong>Μεμφιϐοσθοῦ</strong></span> <span class='ocrx_word' id='word_1_55' title='bbox 1533 975 1729 1029; x_wconf 87' lang='grc' dir='ltr'><strong>στρατ-</strong></span> 
     </span>
    </p>
   </div>
   <div class='ocr_carea' id='block_1_9' title="bbox 192 1039 1728 1117">
    <p class='ocr_par' dir='ltr' id='par_1_9' title="bbox 192 1039 1728 1117">
     <span class='ocr_line' id='line_1_9' title="bbox 192 1039 1728 1117; baseline 0.01 -26"><span class='ocrx_word' id='word_1_56' title='bbox 192 1045 319 1109; x_wconf 48' lang='lat' dir='ltr'><strong>vim,</strong></span> <span class='ocrx_word' id='word_1_57' title='bbox 345 1040 604 1112; x_wconf 79' lang='grc' dir='ltr'><strong>Ἀδηννὴρ</strong></span> <span class='ocrx_word' id='word_1_58' title='bbox 649 1043 708 1096; x_wconf 85' lang='grc' dir='ltr'><strong>δὲ</strong></span> <span class='ocrx_word' id='word_1_59' title='bbox 752 1039 822 1115; x_wconf 78' lang='grc' dir='ltr'><strong>ἦν</strong></span> <span class='ocrx_word' id='word_1_60' title='bbox 879 1045 1050 1115; x_wconf 73' lang='grc' dir='ltr'><strong>ὄνομα</strong></span> <span class='ocrx_word' id='word_1_61' title='bbox 1085 1045 1278 1117; x_wconf 81' lang='grc' dir='ltr'><strong>τούτῳ,</strong></span> <span class='ocrx_word' id='word_1_62' title='bbox 1319 1049 1572 1104; x_wconf 82' lang='grc' dir='ltr'><strong>τοσοῦτον</strong></span> <span class='ocrx_word' id='word_1_63' title='bbox 1619 1053 1728 1104; x_wconf 81' lang='grc' dir='ltr'><strong>ἀπ-</strong></span> 
     </span>
    </p>
   </div>
   <div class='ocr_carea' id='block_1_10' title="bbox 193 1133 1730 1211">
    <p class='ocr_par' dir='ltr' id='par_1_10' title="bbox 193 1133 1730 1211">
     <span class='ocr_line' id='line_1_10' title="bbox 193 1133 1730 1211; baseline 0.008 -28"><span class='ocrx_word' id='word_1_64' title='bbox 193 1133 400 1202; x_wconf 66' lang='grc' dir='ltr'><strong>επράφη</strong></span> <span class='ocrx_word' id='word_1_65' title='bbox 423 1133 530 1196; x_wconf 85' lang='grc' dir='ltr'><strong>,ὡς</strong></span> <span class='ocrx_word' id='word_1_66' title='bbox 564 1135 658 1186; x_wconf 81' lang='grc' dir='ltr'><strong>καὶ</strong></span> <span class='ocrx_word' id='word_1_67' title='bbox 686 1139 746 1188; x_wconf 82' lang='grc' dir='ltr'><strong>έν</strong></span> <span class='ocrx_word' id='word_1_68' title='bbox 776 1139 886 1199; x_wconf 79' lang='grc' dir='ltr'><strong>τοῖς</strong></span> <span class='ocrx_word' id='word_1_69' title='bbox 929 1138 1143 1209; x_wconf 73' lang='grc' dir='ltr'><strong>ἐχθροῖς</strong></span> <span class='ocrx_word' id='word_1_70' title='bbox 1190 1139 1464 1210; x_wconf 80' lang='grc' dir='ltr'><strong>ἀριθμεῖν,</strong></span> <span class='ocrx_word' id='word_1_71' title='bbox 1501 1142 1596 1195; x_wconf 79' lang='grc' dir='ltr'><strong>καὶ</strong></span> <span class='ocrx_word' id='word_1_72' title='bbox 1628 1161 1730 1211; x_wconf 68' lang='grc' dir='ltr'><strong>κρυ⁶</strong></span> 
     </span>
    </p>
   </div>
   <div class='ocr_carea' id='block_1_11' title="bbox 191 1225 1728 1304">
    <p class='ocr_par' dir='ltr' id='par_1_11' title="bbox 191 1225 1728 1304">
     <span class='ocr_line' id='line_1_11' title="bbox 191 1225 1728 1304; baseline 0.011 -32"><span class='ocrx_word' id='word_1_73' title='bbox 191 1225 374 1276; x_wconf 70' lang='grc' dir='ltr'><strong>ὶέιττειν</strong></span> <span class='ocrx_word' id='word_1_74' title='bbox 419 1225 570 1295; x_wconf 69' lang='grc' dir='ltr'><strong>αὐτῷ</strong></span> <span class='ocrx_word' id='word_1_75' title='bbox 611 1227 712 1295; x_wconf 79' lang='grc' dir='ltr'><strong>τὴν</strong></span> <span class='ocrx_word' id='word_1_76' title='bbox 751 1227 889 1297; x_wconf 80' lang='grc' dir='ltr'><strong>ὑπὲρ</strong></span> <span class='ocrx_word' id='word_1_77' title='bbox 935 1229 1031 1281; x_wconf 77' lang='grc' dir='ltr'><strong>τοῦ</strong></span> <span class='ocrx_word' id='word_1_78' title='bbox 1087 1231 1274 1293; x_wconf 86' lang='grc' dir='ltr'><strong>κακῶς</strong></span> <span class='ocrx_word' id='word_1_79' title='bbox 1325 1233 1728 1304; x_wconf 77' lang='grc' dir='ltr'><strong>ἀναιρουμένου</strong></span> 
     </span>
    </p>
   </div>
   <div class='ocr_carea' id='block_1_12' title="bbox 191 1315 1728 1394">
    <p class='ocr_par' dir='ltr' id='par_1_12' title="bbox 191 1315 1728 1394">
     <span class='ocr_line' id='line_1_12' title="bbox 191 1315 1728 1394; baseline 0.007 -28"><span class='ocrx_word' id='word_1_80' title='bbox 191 1315 273 1366; x_wconf 73' lang='grc' dir='ltr'><strong>οὐκ</strong></span> <span class='ocrx_word' id='word_1_81' title='bbox 311 1315 656 1385; x_wconf 76' lang='grc' dir='ltr'><strong>ἀνεκδίκητον</strong></span> <span class='ocrx_word' id='word_1_82' title='bbox 699 1317 877 1388; x_wconf 83' lang='grc' dir='ltr'><strong>δίκην.</strong></span> <span class='ocrx_word' id='word_1_83' title='bbox 920 1319 1126 1373; x_wconf 81' lang='grc' dir='ltr'><strong>Ἕνεκα</strong></span> <span class='ocrx_word' id='word_1_84' title='bbox 1179 1321 1290 1372; x_wconf 86' lang='grc' dir='ltr'><strong>τῶν</strong></span> <span class='ocrx_word' id='word_1_85' title='bbox 1327 1323 1728 1394; x_wconf 75' lang='grc' dir='ltr'><strong>ἀκροϐυστιῶν,</strong></span> 
     </span>
    </p>
   </div>
   <div class='ocr_carea' id='block_1_13' title="bbox 189 1403 1732 1487">
    <p class='ocr_par' dir='ltr' id='par_1_13' title="bbox 189 1403 1732 1487">
     <span class='ocr_line' id='line_1_13' title="bbox 189 1403 1732 1487; baseline 0.011 -34"><span class='ocrx_word' id='word_1_86' title='bbox 189 1403 391 1470; x_wconf 68' lang='grc' dir='ltr'><strong>ἠγάγετο</strong></span> <span class='ocrx_word' id='word_1_87' title='bbox 439 1407 680 1474; x_wconf 79' lang='grc' dir='ltr'><strong>γυναῖκα</strong></span> <span class='ocrx_word' id='word_1_88' title='bbox 709 1409 810 1476; x_wconf 82' lang='grc' dir='ltr'><strong>τὴν</strong></span> <span class='ocrx_word' id='word_1_89' title='bbox 836 1409 1071 1480; x_wconf 82' lang='grc' dir='ltr'><strong>Μελχδλ,</strong></span> <span class='ocrx_word' id='word_1_90' title='bbox 1108 1411 1178 1483; x_wconf 76' lang='grc' dir='ltr'><strong>ἢν</strong></span> <span class='ocrx_word' id='word_1_91' title='bbox 1207 1413 1360 1484; x_wconf 86' lang='grc' dir='ltr'><strong>παρά</strong></span> <span class='ocrx_word' id='word_1_92' title='bbox 1389 1413 1484 1468; x_wconf 80' lang='grc' dir='ltr'><strong>τοῦ</strong></span> <span class='ocrx_word' id='word_1_93' title='bbox 1523 1417 1732 1487; x_wconf 83' lang='grc' dir='ltr'><strong>πατρὸς</strong></span> 
     </span>
    </p>
   </div>
   <div class='ocr_carea' id='block_1_14' title="bbox 191 1495 1729 1581">
    <p class='ocr_par' dir='ltr' id='par_1_14' title="bbox 191 1495 1729 1581">
     <span class='ocr_line' id='line_1_14' title="bbox 191 1495 1729 1581; baseline 0.012 -35"><span class='ocrx_word' id='word_1_94' title='bbox 191 1495 463 1549; x_wconf 73' lang='grc' dir='ltr'><strong>ἐκδοθεῖσαν</strong></span> <span class='ocrx_word' id='word_1_95' title='bbox 500 1500 677 1570; x_wconf 80' lang='grc' dir='ltr'><strong>ἑτέρῳ</strong></span> <span class='ocrx_word' id='word_1_96' title='bbox 705 1503 811 1555; x_wconf 71' lang='grc' dir='ltr'><strong>τινὶ</strong></span> <span class='ocrx_word' id='word_1_97' title='bbox 839 1501 917 1573; x_wconf 85' lang='grc' dir='ltr'><strong>τῷ</strong></span> <span class='ocrx_word' id='word_1_98' title='bbox 947 1504 1171 1574; x_wconf 78' lang='grc' dir='ltr'><strong>Φαλτὶᾳ,</strong></span> <span class='ocrx_word' id='word_1_99' title='bbox 1205 1507 1415 1578; x_wconf 87' lang='grc' dir='ltr'><strong>ταύτην</strong></span> <span class='ocrx_word' id='word_1_100' title='bbox 1447 1509 1729 1581; x_wconf 82' lang='grc' dir='ltr'><strong>ἀνειλήφει</strong></span> 
     </span>
    </p>
   </div>
   <div class='ocr_carea' id='block_1_15' title="bbox 187 1589 1730 1672">
    <p class='ocr_par' dir='ltr' id='par_1_15' title="bbox 187 1589 1730 1672">
     <span class='ocr_line' id='line_1_15' title="bbox 187 1589 1730 1672; baseline 0.011 -32"><span class='ocrx_word' id='word_1_101' title='bbox 187 1589 440 1642; x_wconf 71' lang='grc' dir='ltr'><strong>ἀπολαϐὼν</strong></span> <span class='ocrx_word' id='word_1_102' title='bbox 475 1591 579 1661; x_wconf 80' lang='grc' dir='ltr'><strong>τὴν</strong></span> <span class='ocrx_word' id='word_1_103' title='bbox 613 1593 916 1662; x_wconf 76' lang='grc' dir='ltr'><strong>βασιλείαν,</strong></span> <span class='ocrx_word' id='word_1_104' title='bbox 944 1595 1070 1650; x_wconf 78' lang='grc' dir='ltr'><strong>οὔτε</strong></span> <span class='ocrx_word' id='word_1_105' title='bbox 1101 1599 1192 1651; x_wconf 70' lang='grc' dir='ltr'><strong>τὸν</strong></span> <span class='ocrx_word' id='word_1_106' title='bbox 1225 1600 1458 1654; x_wconf 80' lang='grc' dir='ltr'><strong>Φαλτίαν</strong></span> <span class='ocrx_word' id='word_1_107' title='bbox 1500 1602 1730 1672; x_wconf 81' lang='grc' dir='ltr'><strong>ἀδικεῖν,</strong></span> 
     </span>
    </p>
   </div>
   <div class='ocr_carea' id='block_1_16' title="bbox 187 1679 1725 1766">
    <p class='ocr_par' dir='ltr' id='par_1_16' title="bbox 187 1679 1725 1766">
     <span class='ocr_line' id='line_1_16' title="bbox 187 1679 1725 1766; baseline 0.012 -34"><span class='ocrx_word' id='word_1_108' title='bbox 187 1679 286 1732; x_wconf 68' lang='grc' dir='ltr'><strong>οὕτε</strong></span> <span class='ocrx_word' id='word_1_109' title='bbox 317 1683 594 1751; x_wconf 73' lang='grc' dir='ltr'><strong>μοιχαλίδα</strong></span> <span class='ocrx_word' id='word_1_110' title='bbox 621 1686 722 1757; x_wconf 80' lang='grc' dir='ltr'><strong>τὴν</strong></span> <span class='ocrx_word' id='word_1_111' title='bbox 753 1687 965 1758; x_wconf 79' lang='grc' dir='ltr'><strong>Μελχδλ</strong></span> <span class='ocrx_word' id='word_1_112' title='bbox 1006 1690 1293 1758; x_wconf 85' lang='grc' dir='ltr'><strong>γεγονέναι</strong></span> <span class='ocrx_word' id='word_1_113' title='bbox 1343 1693 1725 1766; x_wconf 82' lang='grc' dir='ltr'><strong>λογισάμενος.</strong></span> 
     </span>
    </p>
   </div>
   <div class='ocr_carea' id='block_1_17' title="bbox 186 1775 1730 1856">
    <p class='ocr_par' dir='ltr' id='par_1_17' title="bbox 186 1775 1730 1856">
     <span class='ocr_line' id='line_1_17' title="bbox 186 1775 1730 1856; baseline 0.012 -32"><span class='ocrx_word' id='word_1_114' title='bbox 186 1775 276 1842; x_wconf 82' lang='grc' dir='ltr'><strong>Τῆς</strong></span> <span class='ocrx_word' id='word_1_115' title='bbox 317 1775 490 1846; x_wconf 78' lang='grc' dir='ltr'><strong>ψυχῆς</strong></span> <span class='ocrx_word' id='word_1_116' title='bbox 533 1777 711 1830; x_wconf 73' lang='grc' dir='ltr'><strong>οἰκεῖα</strong></span> <span class='ocrx_word' id='word_1_117' title='bbox 755 1779 1023 1849; x_wconf 87' lang='grc' dir='ltr'><strong>δείγματα</strong></span> <span class='ocrx_word' id='word_1_118' title='bbox 1077 1783 1304 1852; x_wconf 78' lang='grc' dir='ltr'><strong>ἔχοντας</strong></span> <span class='ocrx_word' id='word_1_119' title='bbox 1341 1783 1570 1856; x_wconf 89' lang='grc' dir='ltr'><strong>σώματα</strong></span> <span class='ocrx_word' id='word_1_120' title='bbox 1601 1788 1730 1853; x_wconf 80' lang='grc' dir='ltr'><strong>τοὺς</strong></span> 
     </span>
    </p>
   </div>
   <div class='ocr_carea' id='block_1_18' title="bbox 195 1865 1734 1946">
    <p class='ocr_par' dir='ltr' id='par_1_18' title="bbox 195 1865 1734 1946">
     <span class='ocr_line' id='line_1_18' title="bbox 195 1865 1734 1946; baseline 0.012 -30"><span class='ocrx_word' id='word_1_121' title='bbox 195 1865 521 1930; x_wconf 75' lang='grc' dir='ltr'><strong>Ἰεϐουσαίους</strong></span> <span class='ocrx_word' id='word_1_122' title='bbox 543 1885 558 1898; x_wconf 89' lang='grc'><strong>·</strong></span> <span class='ocrx_word' id='word_1_123' title='bbox 589 1871 756 1940; x_wconf 74' lang='grc' dir='ltr'><strong>χωλοὶ</strong></span> <span class='ocrx_word' id='word_1_124' title='bbox 782 1872 890 1943; x_wconf 78' lang='grc' dir='ltr'><strong>γὰρ</strong></span> <span class='ocrx_word' id='word_1_125' title='bbox 923 1873 1224 1944; x_wconf 79' lang='grc' dir='ltr'><strong>ἐτύγχανον</strong></span> <span class='ocrx_word' id='word_1_126' title='bbox 1251 1877 1345 1930; x_wconf 75' lang='grc' dir='ltr'><strong>καὶ</strong></span> <span class='ocrx_word' id='word_1_127' title='bbox 1369 1878 1562 1946; x_wconf 69' lang='grc' dir='ltr'><strong>τυφλοὶ</strong></span> <span class='ocrx_word' id='word_1_128' title='bbox 1593 1881 1734 1934; x_wconf 77' lang='grc' dir='ltr'><strong>πάν-</strong></span> 
     </span>
    </p>
   </div>
   <div class='ocr_carea' id='block_1_19' title="bbox 183 1960 1734 2043">
    <p class='ocr_par' dir='ltr' id='par_1_19' title="bbox 183 1960 1734 2043">
     <span class='ocr_line' id='line_1_19' title="bbox 183 1960 1734 2043; baseline 0.014 -35"><span class='ocrx_word' id='word_1_129' title='bbox 183 1973 287 2020; x_wconf 65' lang='grc' dir='ltr'><strong>τες·</strong></span> <span class='ocrx_word' id='word_1_130' title='bbox 330 1960 534 2026; x_wconf 69' lang='grc' dir='ltr'><strong>εἵργειν</strong></span> <span class='ocrx_word' id='word_1_131' title='bbox 587 1963 735 2033; x_wconf 79' lang='grc' dir='ltr'><strong>αύτῷ</strong></span> <span class='ocrx_word' id='word_1_132' title='bbox 782 1968 1159 2036; x_wconf 73' lang='grc' dir='ltr'><strong>πειρωμένους</strong></span> <span class='ocrx_word' id='word_1_133' title='bbox 1200 1971 1300 2040; x_wconf 81' lang='grc' dir='ltr'><strong>τὴν</strong></span> <span class='ocrx_word' id='word_1_134' title='bbox 1334 1973 1414 2035; x_wconf 89' lang='grc' dir='ltr'><strong>είς</strong></span> <span class='ocrx_word' id='word_1_135' title='bbox 1443 1973 1544 2043; x_wconf 83' lang='grc' dir='ltr'><strong>τὴν</strong></span> <span class='ocrx_word' id='word_1_136' title='bbox 1578 1975 1734 2029; x_wconf 86' lang='grc' dir='ltr'><strong>πόλιν</strong></span> 
     </span>
    </p>
   </div>
   <div class='ocr_carea' id='block_1_20' title="bbox 183 2047 1732 2139">
    <p class='ocr_par' dir='ltr' id='par_1_20' title="bbox 183 2047 1732 2139">
     <span class='ocr_line' id='line_1_20' title="bbox 183 2047 1732 2139; baseline 0.015 -41"><span class='ocrx_word' id='word_1_137' title='bbox 183 2047 376 2139; x_wconf 77' lang='grc' dir='ltr'><strong>εἴσοδον,</strong></span> <span class='ocrx_word' id='word_1_138' title='bbox 405 2051 701 2124; x_wconf 86' lang='grc' dir='ltr'><strong>κατασχὼν</strong></span> <span class='ocrx_word' id='word_1_139' title='bbox 727 2055 828 2124; x_wconf 81' lang='grc' dir='ltr'><strong>τὴν</strong></span> <span class='ocrx_word' id='word_1_140' title='bbox 862 2056 1033 2122; x_wconf 70' lang='grc' dir='ltr'><strong>πόλιν,</strong></span> <span class='ocrx_word' id='word_1_141' title='bbox 1071 2060 1169 2131; x_wconf 86' lang='grc' dir='ltr'><strong>τὴν</strong></span> <span class='ocrx_word' id='word_1_142' title='bbox 1217 2061 1500 2132; x_wconf 85' lang='grc' dir='ltr'><strong>ἀναίρεσιν</strong></span> <span class='ocrx_word' id='word_1_143' title='bbox 1531 2065 1587 2118; x_wconf 81' lang='grc' dir='ltr'><strong>δὲ</strong></span> <span class='ocrx_word' id='word_1_144' title='bbox 1620 2065 1732 2139; x_wconf 90' lang='grc'><strong>(80)</strong></span> 
     </span>
    </p>
   </div>
   <div class='ocr_carea' id='block_1_21' title="bbox 183 2138 1736 2226">
    <p class='ocr_par' dir='ltr' id='par_1_21' title="bbox 183 2138 1736 2226">
     <span class='ocr_line' id='line_1_21' title="bbox 183 2138 1736 2226; baseline 0.013 -36"><span class='ocrx_word' id='word_1_145' title='bbox 183 2139 245 2208; x_wconf 79' lang='grc' dir='ltr'><strong>μὴ</strong></span> <span class='ocrx_word' id='word_1_146' title='bbox 271 2138 338 2193; x_wconf 80' lang='grc' dir='ltr'><strong>ὢν</strong></span> <span class='ocrx_word' id='word_1_147' title='bbox 368 2141 688 2210; x_wconf 75' lang='grc' dir='ltr'><strong>εἰργάσατο.</strong></span> <span class='ocrx_word' id='word_1_148' title='bbox 723 2145 804 2198; x_wconf 80' lang='grc' dir='ltr'><strong>Τὰ</strong></span> <span class='ocrx_word' id='word_1_149' title='bbox 846 2146 1174 2218; x_wconf 79' lang='grc' dir='ltr'><strong>ἐπικείμενα</strong></span> <span class='ocrx_word' id='word_1_150' title='bbox 1211 2151 1288 2222; x_wconf 83' lang='grc' dir='ltr'><strong>τῷ</strong></span> <span class='ocrx_word' id='word_1_151' title='bbox 1321 2153 1434 2224; x_wconf 78' lang='grc' dir='ltr'><strong>λαῷ</strong></span> <span class='ocrx_word' id='word_1_152' title='bbox 1465 2156 1736 2226; x_wconf 82' lang='grc' dir='ltr'><strong>πολεμικά</strong></span> 
     </span>
    </p>
   </div>
   <div class='ocr_carea' id='block_1_22' title="bbox 183 2231 1738 2314">
    <p class='ocr_par' dir='ltr' id='par_1_22' title="bbox 183 2231 1738 2314">
     <span class='ocr_line' id='line_1_22' title="bbox 183 2231 1738 2314; baseline 0.012 -31"><span class='ocrx_word' id='word_1_153' title='bbox 183 2231 308 2300; x_wconf 72' lang='grc' dir='ltr'><strong>ἔθνη,</strong></span> <span class='ocrx_word' id='word_1_154' title='bbox 355 2235 448 2286; x_wconf 74' lang='grc' dir='ltr'><strong>καὶ</strong></span> <span class='ocrx_word' id='word_1_155' title='bbox 489 2237 622 2299; x_wconf 78' lang='grc' dir='ltr'><strong>τοὺς</strong></span> <span class='ocrx_word' id='word_1_156' title='bbox 673 2240 987 2308; x_wconf 78' lang='grc' dir='ltr'><strong>περιοίκους</strong></span> <span class='ocrx_word' id='word_1_157' title='bbox 1022 2242 1251 2314; x_wconf 80' lang='grc' dir='ltr'><strong>ἐχθροὺς</strong></span> <span class='ocrx_word' id='word_1_158' title='bbox 1289 2245 1383 2298; x_wconf 83' lang='grc' dir='ltr'><strong>τοῦ</strong></span> <span class='ocrx_word' id='word_1_159' title='bbox 1419 2245 1581 2312; x_wconf 81' lang='grc' dir='ltr'><strong>λαοῦ,</strong></span> <span class='ocrx_word' id='word_1_160' title='bbox 1611 2252 1738 2314; x_wconf 76' lang='grc' dir='ltr'><strong>τοὺς</strong></span> 
     </span>
    </p>
   </div>
   <div class='ocr_carea' id='block_1_23' title="bbox 189 2325 1738 2411">
    <p class='ocr_par' dir='ltr' id='par_1_23' title="bbox 189 2325 1738 2411">
     <span class='ocr_line' id='line_1_23' title="bbox 189 2325 1738 2411; baseline 0.012 -35"><span class='ocrx_word' id='word_1_161' title='bbox 189 2325 558 2394; x_wconf 78' lang='grc' dir='ltr'><strong>Ἀλλοφύλους,</strong></span> <span class='ocrx_word' id='word_1_162' title='bbox 615 2331 918 2396; x_wconf 80' lang='grc' dir='ltr'><strong>Μωαϐίτας</strong></span> <span class='ocrx_word' id='word_1_163' title='bbox 973 2349 1032 2385; x_wconf 86' lang='grc' dir='ltr'><strong>τε</strong></span> <span class='ocrx_word' id='word_1_164' title='bbox 1089 2335 1183 2387; x_wconf 72' lang='grc' dir='ltr'><strong>καὶ</strong></span> <span class='ocrx_word' id='word_1_165' title='bbox 1225 2336 1452 2407; x_wconf 84' lang='grc' dir='ltr'><strong>Σύρους,</strong></span> <span class='ocrx_word' id='word_1_166' title='bbox 1499 2340 1592 2392; x_wconf 80' lang='grc' dir='ltr'><strong>καὶ</strong></span> <span class='ocrx_word' id='word_1_167' title='bbox 1630 2343 1738 2411; x_wconf 83' lang='grc' dir='ltr'><strong>μὴν</strong></span> 
     </span>
    </p>
   </div>
   <div class='ocr_carea' id='block_1_24' title="bbox 191 2416 1738 2497">
    <p class='ocr_par' dir='ltr' id='par_1_24' title="bbox 191 2416 1738 2497">
     <span class='ocr_line' id='line_1_24' title="bbox 191 2416 1738 2497; baseline 0.013 -32"><span class='ocrx_word' id='word_1_168' title='bbox 191 2416 503 2484; x_wconf 71' lang='grc' dir='ltr'><strong>’Δμμανίτας</strong></span> <span class='ocrx_word' id='word_1_169' title='bbox 541 2423 638 2473; x_wconf 67' lang='grc' dir='ltr'><strong>καὶ</strong></span> <span class='ocrx_word' id='word_1_170' title='bbox 685 2423 1061 2494; x_wconf 79' lang='grc' dir='ltr'><strong>Ἀμαληκίτας</strong></span> <span class='ocrx_word' id='word_1_171' title='bbox 1111 2426 1359 2480; x_wconf 86' lang='grc' dir='ltr'><strong>καθελὼν</strong></span> <span class='ocrx_word' id='word_1_172' title='bbox 1401 2431 1500 2497; x_wconf 78' lang='grc' dir='ltr'><strong>τῆς</strong></span> <span class='ocrx_word' id='word_1_173' title='bbox 1532 2432 1738 2496; x_wconf 81' lang='grc' dir='ltr'><strong>οἰκείας</strong></span> 
     </span>
    </p>
   </div>
   <div class='ocr_carea' id='block_1_25' title="bbox 181 2507 1739 2596">
    <p class='ocr_par' dir='ltr' id='par_1_25' title="bbox 181 2507 1739 2596">
     <span class='ocr_line' id='line_1_25' title="bbox 181 2507 1739 2596; baseline 0.013 -39"><span class='ocrx_word' id='word_1_174' title='bbox 181 2507 406 2560; x_wconf 83' lang='grc' dir='ltr'><strong>κατάτοῦ</strong></span> <span class='ocrx_word' id='word_1_175' title='bbox 437 2509 576 2562; x_wconf 79' lang='grc' dir='ltr'><strong>λαοῦ</strong></span> <span class='ocrx_word' id='word_1_176' title='bbox 611 2512 954 2580; x_wconf 83' lang='grc' dir='ltr'><strong>δυναστείας,</strong></span> <span class='ocrx_word' id='word_1_177' title='bbox 987 2517 1295 2589; x_wconf 77' lang='grc' dir='ltr'><strong>ὑποφόρους</strong></span> <span class='ocrx_word' id='word_1_178' title='bbox 1325 2520 1476 2591; x_wconf 81' lang='grc' dir='ltr'><strong>αὐτῷ</strong></span> <span class='ocrx_word' id='word_1_179' title='bbox 1508 2523 1739 2596; x_wconf 84' lang='grc' dir='ltr'><strong>πεποίη-</strong></span> 
     </span>
    </p>
   </div>
   <div class='ocr_carea' id='block_1_26' title="bbox 179 2597 1740 2681">
    <p class='ocr_par' dir='ltr' id='par_1_26' title="bbox 179 2597 1740 2681">
     <span class='ocr_line' id='line_1_26' title="bbox 179 2597 1740 2681; baseline 0.013 -34"><span class='ocrx_word' id='word_1_180' title='bbox 179 2612 270 2658; x_wconf 79' lang='grc' dir='ltr'><strong>ται,</strong></span> <span class='ocrx_word' id='word_1_181' title='bbox 297 2597 388 2650; x_wconf 78' lang='grc' dir='ltr'><strong>καὶ</strong></span> <span class='ocrx_word' id='word_1_182' title='bbox 417 2600 514 2652; x_wconf 76' lang='grc' dir='ltr'><strong>τὸν</strong></span> <span class='ocrx_word' id='word_1_183' title='bbox 552 2602 748 2656; x_wconf 75' lang='grc' dir='ltr'><strong>ἑαυτοῦ</strong></span> <span class='ocrx_word' id='word_1_184' title='bbox 783 2603 912 2657; x_wconf 73' lang='grc' dir='ltr'><strong>λαδν</strong></span> <span class='ocrx_word' id='word_1_185' title='bbox 945 2606 1034 2658; x_wconf 80' lang='grc' dir='ltr'><strong>τὸν</strong></span> <span class='ocrx_word' id='word_1_186' title='bbox 1073 2607 1310 2678; x_wconf 84' lang='grc' dir='ltr'><strong>Ἰσραὴλ,</strong></span> <span class='ocrx_word' id='word_1_187' title='bbox 1364 2610 1650 2681; x_wconf 81' lang='grc' dir='ltr'><strong>ἀνειμένον</strong></span> <span class='ocrx_word' id='word_1_188' title='bbox 1676 2616 1740 2667; x_wconf 84' lang='grc' dir='ltr'><strong>ὲκ</strong></span> 
     </span>
    </p>
   </div>
   <div class='ocr_carea' id='block_1_27' title="bbox 177 2687 1740 2769">
    <p class='ocr_par' dir='ltr' id='par_1_27' title="bbox 177 2687 1740 2769">
     <span class='ocr_line' id='line_1_27' title="bbox 177 2687 1740 2769; baseline 0.013 -30"><span class='ocrx_word' id='word_1_189' title='bbox 177 2687 270 2740; x_wconf 81' lang='grc' dir='ltr'><strong>τῶν</strong></span> <span class='ocrx_word' id='word_1_190' title='bbox 297 2689 456 2743; x_wconf 81' lang='grc' dir='ltr'><strong>πάλαι</strong></span> <span class='ocrx_word' id='word_1_191' title='bbox 497 2693 804 2765; x_wconf 86' lang='grc' dir='ltr'><strong>πολεμίων,</strong></span> <span class='ocrx_word' id='word_1_192' title='bbox 832 2698 926 2750; x_wconf 75' lang='grc' dir='ltr'><strong>καὶ</strong></span> <span class='ocrx_word' id='word_1_193' title='bbox 953 2699 1182 2769; x_wconf 78' lang='grc' dir='ltr'><strong>φοϐερὸν</strong></span> <span class='ocrx_word' id='word_1_194' title='bbox 1209 2701 1382 2755; x_wconf 73' lang='grc' dir='ltr'><strong>ἅπασι</strong></span> <span class='ocrx_word' id='word_1_195' title='bbox 1411 2704 1522 2768; x_wconf 85' lang='grc' dir='ltr'><strong>τοῖς</strong></span> <span class='ocrx_word' id='word_1_196' title='bbox 1559 2703 1740 2759; x_wconf 78' lang='grc' dir='ltr'><strong>ἔθνεσι</strong></span> 
     </span>
    </p>
   </div>
   <div class='ocr_carea' id='block_1_28' title="bbox 179 2783 552 2850">
    <p class='ocr_par' dir='ltr' id='par_1_28' title="bbox 179 2783 552 2850">
     <span class='ocr_line' id='line_1_28' title="bbox 179 2783 552 2850; baseline 0.019 -19"><span class='ocrx_word' id='word_1_197' title='bbox 179 2783 552 2850; x_wconf 76' lang='grc' dir='ltr'><strong>κατεστήσατο.</strong></span> 
     </span>
    </p>
   </div>
   <div class='ocr_carea' id='block_1_29' title="bbox 237 2873 1743 2962">
    <p class='ocr_par' dir='ltr' id='par_1_29' title="bbox 237 2873 1743 2962">
     <span class='ocr_line' id='line_1_29' title="bbox 237 2873 1743 2962; baseline 0.015 -38"><span class='ocrx_word' id='word_1_198' title='bbox 237 2873 336 2962; x_wconf 72' lang='grc' dir='ltr'><strong>Τήν</strong></span> <span class='ocrx_word' id='word_1_199' title='bbox 370 2877 530 2946; x_wconf 77' lang='grc' dir='ltr'><strong>ίεράν</strong></span> <span class='ocrx_word' id='word_1_200' title='bbox 577 2879 828 2947; x_wconf 68' lang='grc' dir='ltr'><strong>κιϐωτὸν,</strong></span> <span class='ocrx_word' id='word_1_201' title='bbox 873 2881 972 2954; x_wconf 76' lang='grc' dir='ltr'><strong>τὴν</strong></span> <span class='ocrx_word' id='word_1_202' title='bbox 1015 2881 1282 2957; x_wconf 80' lang='grc' dir='ltr'><strong>ὕπαιθρον</strong></span> <span class='ocrx_word' id='word_1_203' title='bbox 1311 2887 1406 2942; x_wconf 70' lang='grc' dir='ltr'><strong>καὶ</strong></span> <span class='ocrx_word' id='word_1_204' title='bbox 1433 2889 1743 2962; x_wconf 85' lang='grc' dir='ltr'><strong>ἀσκήνητον</strong></span> 
     </span>
    </p>
   </div>
   <div class='ocr_carea' id='block_1_30' title="bbox 177 2961 1743 3051">
    <p class='ocr_par' dir='ltr' id='par_1_30' title="bbox 177 2961 1743 3051">
     <span class='ocr_line' id='line_1_30' title="bbox 177 2961 1743 3051; baseline 0.015 -37"><span class='ocrx_word' id='word_1_205' title='bbox 177 2961 444 3032; x_wconf 79' lang='grc' dir='ltr'><strong>ἓτιοῦσαν,</strong></span> <span class='ocrx_word' id='word_1_206' title='bbox 497 2971 586 3032; x_wconf 77' lang='grc' dir='ltr'><strong>εἰς</strong></span> <span class='ocrx_word' id='word_1_207' title='bbox 631 2971 730 3042; x_wconf 72' lang='grc' dir='ltr'><strong>τὴν</strong></span> <span class='ocrx_word' id='word_1_208' title='bbox 773 2973 968 3026; x_wconf 79' lang='grc' dir='ltr'><strong>ἑαυτοῦ</strong></span> <span class='ocrx_word' id='word_1_209' title='bbox 1017 2975 1173 3030; x_wconf 84' lang='grc' dir='ltr'><strong>πόλιν</strong></span> <span class='ocrx_word' id='word_1_210' title='bbox 1215 2979 1354 3047; x_wconf 85' lang='grc' dir='ltr'><strong>μετά</strong></span> <span class='ocrx_word' id='word_1_211' title='bbox 1410 2961 1743 3051; x_wconf 83' lang='grc' dir='ltr'><strong>δημοτελοῦς</strong></span> 
     </span>
    </p>
   </div>
   <div class='ocr_carea' id='block_1_31' title="bbox 177 3055 1740 3144">
    <p class='ocr_par' dir='ltr' id='par_1_31' title="bbox 177 3055 1740 3144">
     <span class='ocr_line' id='line_1_31' title="bbox 177 3055 1740 3144; baseline 0.015 -39"><span class='ocrx_word' id='word_1_212' title='bbox 177 3055 428 3124; x_wconf 74' lang='grc' dir='ltr'><strong>ἀνήγαγεν</strong></span> <span class='ocrx_word' id='word_1_213' title='bbox 457 3061 723 3130; x_wconf 79' lang='grc' dir='ltr'><strong>εὐωχίας,</strong></span> <span class='ocrx_word' id='word_1_214' title='bbox 767 3063 863 3116; x_wconf 71' lang='grc' dir='ltr'><strong>καὶ</strong></span> <span class='ocrx_word' id='word_1_215' title='bbox 889 3065 1050 3127; x_wconf 76' lang='grc' dir='ltr'><strong>αὐτὸς</strong></span> <span class='ocrx_word' id='word_1_216' title='bbox 1075 3069 1186 3130; x_wconf 80' lang='grc' dir='ltr'><strong>τοῖς</strong></span> <span class='ocrx_word' id='word_1_217' title='bbox 1213 3069 1532 3139; x_wconf 86' lang='grc' dir='ltr'><strong>χορεύουσιν</strong></span> <span class='ocrx_word' id='word_1_218' title='bbox 1551 3073 1644 3126; x_wconf 76' lang='grc' dir='ltr'><strong>ἐπὶ</strong></span> <span class='ocrx_word' id='word_1_219' title='bbox 1673 3076 1740 3144; x_wconf 85' lang='grc' dir='ltr'><strong>τῇ</strong></span> 
     </span>
    </p>
   </div>
   <div class='ocr_carea' id='block_1_32' title="bbox 175 3146 1816 3244">
    <p class='ocr_par' dir='ltr' id='par_1_32' title="bbox 175 3146 1816 3244">
     <span class='ocr_line' id='line_1_32' title="bbox 175 3146 1816 3244; baseline 0.013 -44"><span class='ocrx_word' id='word_1_220' title='bbox 175 3146 632 3244; x_wconf 62' lang='grc' dir='ltr'><strong>ταύπγςὲπανὸδῳ</strong></span> <span class='ocrx_word' id='word_1_221' title='bbox 661 3155 989 3244; x_wconf 85' lang='grc' dir='ltr'><strong>συσκιρτῶν,</strong></span> <span class='ocrx_word' id='word_1_222' title='bbox 1020 3159 1114 3211; x_wconf 74' lang='grc' dir='ltr'><strong>ἐπὶ</strong></span> <span class='ocrx_word' id='word_1_223' title='bbox 1143 3160 1282 3213; x_wconf 84' lang='grc' dir='ltr'><strong>Θεοῦ</strong></span> <span class='ocrx_word' id='word_1_224' title='bbox 1304 3161 1429 3234; x_wconf 82' lang='grc' dir='ltr'><strong>δόξῃ</strong></span> <span class='ocrx_word' id='word_1_225' title='bbox 1455 3162 1554 3236; x_wconf 82' lang='grc' dir='ltr'><strong>τὴν</strong></span> <span class='ocrx_word' id='word_1_226' title='bbox 1589 3165 1744 3236; x_wconf 78' lang='grc' dir='ltr'><strong>βασι-</strong></span> <span class='ocrx_word' id='word_1_227' title='bbox 1771 3185 1816 3244; x_wconf 76' lang='lat' dir='ltr'>c</span> 
     </span>
    </p>
   </div>
   <div class='ocr_carea' id='block_1_33' title="bbox 177 3239 1741 3328">
    <p class='ocr_par' dir='ltr' id='par_1_33' title="bbox 177 3239 1741 3328">
     <span class='ocr_line' id='line_1_33' title="bbox 177 3239 1741 3328; baseline 0.014 -38"><span class='ocrx_word' id='word_1_228' title='bbox 177 3239 292 3304; x_wconf 79' lang='grc' dir='ltr'><strong>λέως</strong></span> <span class='ocrx_word' id='word_1_229' title='bbox 311 3243 470 3309; x_wconf 80' lang='grc' dir='ltr'><strong>ἀξίαν</strong></span> <span class='ocrx_word' id='word_1_230' title='bbox 493 3243 914 3315; x_wconf 84' lang='grc' dir='ltr'><strong>ἀποτιθέμενος,</strong></span> <span class='ocrx_word' id='word_1_231' title='bbox 940 3249 1034 3320; x_wconf 81' lang='grc' dir='ltr'><strong>τὴν</strong></span> <span class='ocrx_word' id='word_1_232' title='bbox 1054 3249 1110 3303; x_wconf 82' lang='grc' dir='ltr'><strong>δὲ</strong></span> <span class='ocrx_word' id='word_1_233' title='bbox 1137 3251 1348 3306; x_wconf 80' lang='grc' dir='ltr'><strong>ἰδιώτου</strong></span> <span class='ocrx_word' id='word_1_234' title='bbox 1381 3257 1741 3328; x_wconf 83' lang='grc' dir='ltr'><strong>περιχάρειαν</strong></span> 
     </span>
    </p>
   </div>
   <div class='ocr_carea' id='block_1_34' title="bbox 177 3337 1743 3423">
    <p class='ocr_par' dir='ltr' id='par_1_34' title="bbox 177 3337 1743 3423">
     <span class='ocr_line' id='line_1_34' title="bbox 177 3337 1743 3423; baseline 0.015 -41"><span class='ocrx_word' id='word_1_235' title='bbox 177 3337 618 3407; x_wconf 73' lang='grc' dir='ltr'><strong>προαιρούμενος.</strong></span> <span class='ocrx_word' id='word_1_236' title='bbox 694 3341 988 3412; x_wconf 69' lang='grc' dir='ltr'><strong>Βουληθεὶς</strong></span> <span class='ocrx_word' id='word_1_237' title='bbox 1051 3346 1180 3399; x_wconf 83' lang='grc' dir='ltr'><strong>ναὸν</strong></span> <span class='ocrx_word' id='word_1_238' title='bbox 1241 3349 1598 3420; x_wconf 71' lang='grc' dir='ltr'><strong>οἰκοδομῆσαι</strong></span> <span class='ocrx_word' id='word_1_239' title='bbox 1663 3352 1743 3423; x_wconf 85' lang='grc' dir='ltr'><strong>τῷ</strong></span> 
     </span>
    </p>
   </div>
   <div class='ocr_carea' id='block_1_35' title="bbox 175 3425 1741 3504">
    <p class='ocr_par' dir='ltr' id='par_1_35' title="bbox 175 3425 1741 3504">
     <span class='ocr_line' id='line_1_35' title="bbox 175 3425 1741 3504; baseline 0.012 -26"><span class='ocrx_word' id='word_1_240' title='bbox 175 3425 292 3498; x_wconf 75' lang='grc' dir='ltr'><strong>Θεῷ,</strong></span> <span class='ocrx_word' id='word_1_241' title='bbox 318 3429 406 3484; x_wconf 76' lang='grc' dir='ltr'><strong>διὰ</strong></span> <span class='ocrx_word' id='word_1_242' title='bbox 431 3430 532 3484; x_wconf 82' lang='grc' dir='ltr'><strong>τοῦ</strong></span> <span class='ocrx_word' id='word_1_243' title='bbox 584 3433 864 3504; x_wconf 85' lang='grc' dir='ltr'><strong>προφήτου</strong></span> <span class='ocrx_word' id='word_1_244' title='bbox 899 3436 1086 3490; x_wconf 82' lang='grc' dir='ltr'><strong>Νάθαν</strong></span> <span class='ocrx_word' id='word_1_245' title='bbox 1147 3439 1442 3502; x_wconf 74' lang='grc' dir='ltr'><strong>ἐκωλύετο,</strong></span> <span class='ocrx_word' id='word_1_246' title='bbox 1492 3441 1741 3497; x_wconf 87' lang='grc' dir='ltr'><strong>διδασκό-</strong></span> 
     </span>
    </p>
   </div>
   <div class='ocr_carea' id='block_1_36' title="bbox 178 3523 1746 3604">
    <p class='ocr_par' dir='ltr' id='par_1_36' title="bbox 178 3523 1746 3604">
     <span class='ocr_line' id='line_1_36' title="bbox 178 3523 1746 3604; baseline 0.01 -32"><span class='ocrx_word' id='word_1_247' title='bbox 178 3537 336 3586; x_wconf 85' lang='grc' dir='ltr'><strong>μενος,</strong></span> <span class='ocrx_word' id='word_1_248' title='bbox 381 3523 476 3576; x_wconf 77' lang='grc' dir='ltr'><strong>τδν</strong></span> <span class='ocrx_word' id='word_1_249' title='bbox 513 3526 578 3576; x_wconf 78' lang='grc' dir='ltr'><strong>ἐν</strong></span> <span class='ocrx_word' id='word_1_250' title='bbox 625 3523 884 3596; x_wconf 84' lang='grc' dir='ltr'><strong>πολέμοις</strong></span> <span class='ocrx_word' id='word_1_251' title='bbox 913 3529 1234 3598; x_wconf 81' lang='grc' dir='ltr'><strong>κεκμηκότα</strong></span> <span class='ocrx_word' id='word_1_252' title='bbox 1275 3531 1348 3600; x_wconf 85' lang='grc' dir='ltr'><strong>μὴ</strong></span> <span class='ocrx_word' id='word_1_253' title='bbox 1373 3531 1484 3584; x_wconf 82' lang='grc' dir='ltr'><strong>δεῖν</strong></span> <span class='ocrx_word' id='word_1_254' title='bbox 1516 3534 1746 3604; x_wconf 89' lang='grc' dir='ltr'><strong>τέμενος</strong></span> 
     </span>
    </p>
   </div>
   <div class='ocr_carea' id='block_1_37' title="bbox 173 3613 1745 3700">
    <p class='ocr_par' dir='ltr' id='par_1_37' title="bbox 173 3613 1745 3700">
     <span class='ocr_line' id='line_1_37' title="bbox 173 3613 1745 3700; baseline 0.011 -36"><span class='ocrx_word' id='word_1_255' title='bbox 173 3613 454 3685; x_wconf 77' lang='grc' dir='ltr'><strong>ἱερωσύνης</strong></span> <span class='ocrx_word' id='word_1_256' title='bbox 482 3619 784 3690; x_wconf 75' lang='grc' dir='ltr'><strong>παριστᾷν,</strong></span> <span class='ocrx_word' id='word_1_257' title='bbox 817 3619 894 3689; x_wconf 83' lang='grc' dir='ltr'><strong>τῷ</strong></span> <span class='ocrx_word' id='word_1_258' title='bbox 922 3619 966 3672; x_wconf 85' lang='grc' dir='ltr'><strong>δ’</strong></span> <span class='ocrx_word' id='word_1_259' title='bbox 995 3619 1054 3685; x_wconf 78' lang='grc' dir='ltr'><strong>ἐξ</strong></span> <span class='ocrx_word' id='word_1_260' title='bbox 1081 3622 1246 3675; x_wconf 82' lang='grc' dir='ltr'><strong>αὐτοῦ</strong></span> <span class='ocrx_word' id='word_1_261' title='bbox 1283 3623 1444 3692; x_wconf 86' lang='grc' dir='ltr'><strong>φύντι</strong></span> <span class='ocrx_word' id='word_1_262' title='bbox 1483 3627 1745 3700; x_wconf 88' lang='grc' dir='ltr'><strong>παρέχειν</strong></span> 
     </span>
    </p>
   </div>
   <div class='ocr_carea' id='block_1_38' title="bbox 173 3707 1744 3788">
    <p class='ocr_par' dir='ltr' id='par_1_38' title="bbox 173 3707 1744 3788">
     <span class='ocr_line' id='line_1_38' title="bbox 173 3707 1744 3788; baseline 0.011 -30"><span class='ocrx_word' id='word_1_263' title='bbox 173 3707 248 3758; x_wconf 66' lang='grc' dir='ltr'><strong>τὸν</strong></span> <span class='ocrx_word' id='word_1_264' title='bbox 273 3707 402 3761; x_wconf 67' lang='grc' dir='ltr'><strong>Θεὸν</strong></span> <span class='ocrx_word' id='word_1_265' title='bbox 435 3709 734 3780; x_wconf 75' lang='grc' dir='ltr'><strong>εἰρηναίαν</strong></span> <span class='ocrx_word' id='word_1_266' title='bbox 777 3711 876 3783; x_wconf 80' lang='grc' dir='ltr'><strong>τὴν</strong></span> <span class='ocrx_word' id='word_1_267' title='bbox 907 3712 1203 3782; x_wconf 85' lang='grc' dir='ltr'><strong>βασιλείαν,</strong></span> <span class='ocrx_word' id='word_1_268' title='bbox 1238 3717 1335 3770; x_wconf 84' lang='grc' dir='ltr'><strong>καὶ</strong></span> <span class='ocrx_word' id='word_1_269' title='bbox 1365 3718 1465 3788; x_wconf 80' lang='grc' dir='ltr'><strong>τὴν</strong></span> <span class='ocrx_word' id='word_1_270' title='bbox 1489 3719 1584 3773; x_wconf 87' lang='grc' dir='ltr'><strong>τοῦ</strong></span> <span class='ocrx_word' id='word_1_271' title='bbox 1613 3721 1744 3775; x_wconf 82' lang='grc' dir='ltr'><strong>ναοῦ</strong></span> 
     </span>
    </p>
   </div>
   <div class='ocr_carea' id='block_1_39' title="bbox 173 3801 1748 3880">
    <p class='ocr_par' dir='ltr' id='par_1_39' title="bbox 173 3801 1748 3880">
     <span class='ocr_line' id='line_1_39' title="bbox 173 3801 1748 3880; baseline 0.011 -32"><span class='ocrx_word' id='word_1_272' title='bbox 173 3801 503 3872; x_wconf 79' lang='grc' dir='ltr'><strong>κατασκευὴν</strong></span> <span class='ocrx_word' id='word_1_273' title='bbox 559 3803 592 3854; x_wconf 83' lang='grc' dir='ltr'>ὁ</span> <span class='ocrx_word' id='word_1_274' title='bbox 657 3804 948 3873; x_wconf 82' lang='grc' dir='ltr'><strong>προφήτης</strong></span> <span class='ocrx_word' id='word_1_275' title='bbox 1009 3805 1340 3877; x_wconf 79' lang='grc' dir='ltr'><strong>ὑπισχνεῖτο.</strong></span> <span class='ocrx_word' id='word_1_276' title='bbox 1393 3811 1748 3880; x_wconf 85' lang='grc' dir='ltr'><strong>Καταφονού-</strong></span> 
     </span>
    </p>
   </div>
   <div class='ocr_carea' id='block_1_40' title="bbox 175 3895 1748 3976">
    <p class='ocr_par' dir='ltr' id='par_1_40' title="bbox 175 3895 1748 3976">
     <span class='ocr_line' id='line_1_40' title="bbox 175 3895 1748 3976; baseline 0.01 -33"><span class='ocrx_word' id='word_1_277' title='bbox 175 3908 318 3958; x_wconf 79' lang='grc' dir='ltr'><strong>μενον</strong></span> <span class='ocrx_word' id='word_1_278' title='bbox 361 3895 632 3960; x_wconf 74' lang='grc' dir='ltr'><strong>ἐπιγνοὺς</strong></span> <span class='ocrx_word' id='word_1_279' title='bbox 677 3895 737 3947; x_wconf 81' lang='grc' dir='ltr'><strong>τὸ</strong></span> <span class='ocrx_word' id='word_1_280' title='bbox 770 3895 865 3948; x_wconf 75' lang='grc' dir='ltr'><strong>τοῦ</strong></span> <span class='ocrx_word' id='word_1_281' title='bbox 907 3897 1078 3952; x_wconf 74' lang='grc' dir='ltr'><strong>Σαοὺλ</strong></span> <span class='ocrx_word' id='word_1_282' title='bbox 1130 3901 1306 3968; x_wconf 84' lang='grc' dir='ltr'><strong>γένος,</strong></span> <span class='ocrx_word' id='word_1_283' title='bbox 1355 3901 1446 3955; x_wconf 82' lang='grc' dir='ltr'><strong>διὰ</strong></span> <span class='ocrx_word' id='word_1_284' title='bbox 1478 3905 1578 3974; x_wconf 76' lang='grc' dir='ltr'><strong>τὴν</strong></span> <span class='ocrx_word' id='word_1_285' title='bbox 1618 3905 1748 3976; x_wconf 73' lang='grc' dir='ltr'><strong>περὶ</strong></span> 
     </span>
    </p>
   </div>
   <div class='ocr_carea' id='block_1_41' title="bbox 173 3983 1748 4068">
    <p class='ocr_par' dir='ltr' id='par_1_41' title="bbox 173 3983 1748 4068">
     <span class='ocr_line' id='line_1_41' title="bbox 173 3983 1748 4068; baseline 0.01 -34"><span class='ocrx_word' id='word_1_286' title='bbox 173 3983 316 4036; x_wconf 73' lang='grc' dir='ltr'><strong>αὐτὸν</strong></span> <span class='ocrx_word' id='word_1_287' title='bbox 349 3985 650 4068; x_wconf 69' lang='grc' dir='ltr'><strong>εὐλᾴὸειάν</strong></span> <span class='ocrx_word' id='word_1_288' title='bbox 691 4004 749 4040; x_wconf 89' lang='grc' dir='ltr'><strong>τε</strong></span> <span class='ocrx_word' id='word_1_289' title='bbox 783 3991 874 4040; x_wconf 79' lang='grc' dir='ltr'><strong>καὶ</strong></span> <span class='ocrx_word' id='word_1_290' title='bbox 923 3991 1089 4058; x_wconf 82' lang='grc' dir='ltr'><strong>τιμὴν</strong></span> <span class='ocrx_word' id='word_1_291' title='bbox 1119 3992 1500 4062; x_wconf 79' lang='grc' dir='ltr'><strong>ὲπιζητεϊσθαι</strong></span> <span class='ocrx_word' id='word_1_292' title='bbox 1531 3994 1748 4050; x_wconf 83' lang='grc' dir='ltr'><strong>κελεύει</strong></span> 
     </span>
    </p>
   </div>
   <div class='ocr_carea' id='block_1_42' title="bbox 171 4079 1747 4158">
    <p class='ocr_par' dir='ltr' id='par_1_42' title="bbox 171 4079 1747 4158">
     <span class='ocr_line' id='line_1_42' title="bbox 171 4079 1747 4158; baseline 0.009 -30"><span class='ocrx_word' id='word_1_293' title='bbox 171 4079 280 4139; x_wconf 67' lang='grc' dir='ltr'><strong>τοὺς</strong></span> <span class='ocrx_word' id='word_1_294' title='bbox 307 4079 506 4150; x_wconf 78' lang='grc' dir='ltr'><strong>ἐκείνῳ</strong></span> <span class='ocrx_word' id='word_1_295' title='bbox 557 4081 957 4152; x_wconf 79' lang='grc' dir='ltr'><strong>προσήκοντας,</strong></span> <span class='ocrx_word' id='word_1_296' title='bbox 1009 4083 1158 4146; x_wconf 79' lang='grc' dir='ltr'><strong>ὅπως</strong></span> <span class='ocrx_word' id='word_1_297' title='bbox 1187 4085 1386 4148; x_wconf 73' lang='grc' dir='ltr'><strong>αὐτοὺς</strong></span> <span class='ocrx_word' id='word_1_298' title='bbox 1416 4085 1626 4158; x_wconf 75' lang='grc' dir='ltr'><strong>ἀξιώσῃ</strong></span> <span class='ocrx_word' id='word_1_299' title='bbox 1662 4105 1747 4142; x_wconf 83' lang='grc' dir='ltr'><strong>τι-</strong></span> 
     </span>
    </p>
   </div>
   <div class='ocr_carea' id='block_1_43' title="bbox 175 4170 1744 4251">
    <p class='ocr_par' dir='ltr' id='par_1_43' title="bbox 175 4170 1744 4251">
     <span class='ocr_line' id='line_1_43' title="bbox 175 4170 1744 4251; baseline 0.009 -28"><span class='ocrx_word' id='word_1_300' title='bbox 175 4171 268 4238; x_wconf 82' lang='grc' dir='ltr'><strong>μῆς</strong></span> <span class='ocrx_word' id='word_1_301' title='bbox 291 4189 346 4224; x_wconf 87' lang='grc' dir='ltr'><strong>τε</strong></span> <span class='ocrx_word' id='word_1_302' title='bbox 367 4175 464 4226; x_wconf 77' lang='grc' dir='ltr'><strong>καὶ</strong></span> <span class='ocrx_word' id='word_1_303' title='bbox 493 4175 735 4236; x_wconf 77' lang='grc' dir='ltr'><strong>εὐνοίας.</strong></span> <span class='ocrx_word' id='word_1_304' title='bbox 763 4176 872 4228; x_wconf 66' lang='grc' dir='ltr'><strong>Καὶ</strong></span> <span class='ocrx_word' id='word_1_305' title='bbox 897 4170 968 4245; x_wconf 81' lang='grc' dir='ltr'><strong>δὴ’</strong></span> <span class='ocrx_word' id='word_1_306' title='bbox 1015 4177 1348 4246; x_wconf 80' lang='grc' dir='ltr'><strong>μηνυθέντος</strong></span> <span class='ocrx_word' id='word_1_307' title='bbox 1377 4180 1526 4251; x_wconf 83' lang='grc' dir='ltr'><strong>αὐτῷ</strong></span> <span class='ocrx_word' id='word_1_308' title='bbox 1555 4182 1744 4247; x_wconf 80' lang='grc' dir='ltr'><strong>παιδὸς</strong></span> 
     </span>
    </p>
   </div>
   <div class='ocr_carea' id='block_1_44' title="bbox 181 4261 1750 4339">
    <p class='ocr_par' dir='ltr' id='par_1_44' title="bbox 181 4261 1750 4339">
     <span class='ocr_line' id='line_1_44' title="bbox 181 4261 1750 4339; baseline 0.01 -27"><span class='ocrx_word' id='word_1_309' title='bbox 181 4261 420 4315; x_wconf 70' lang='grc' dir='ltr'><strong>ἰω-δάθαν</strong></span> <span class='ocrx_word' id='word_1_310' title='bbox 447 4264 818 4335; x_wconf 64' lang='grc' dir='ltr'><strong>(λίεμφισάαλ</strong></span> <span class='ocrx_word' id='word_1_311' title='bbox 837 4266 894 4318; x_wconf 81' lang='grc' dir='ltr'><strong>δὲ</strong></span> <span class='ocrx_word' id='word_1_312' title='bbox 912 4263 980 4338; x_wconf 77' lang='grc' dir='ltr'><strong>ἦν</strong></span> <span class='ocrx_word' id='word_1_313' title='bbox 1005 4267 1178 4338; x_wconf 69' lang='grc' dir='ltr'><strong>ὄνομα</strong></span> <span class='ocrx_word' id='word_1_314' title='bbox 1207 4269 1380 4339; x_wconf 83' lang='grc' dir='ltr'><strong>αὐτῷ,</strong></span> <span class='ocrx_word' id='word_1_315' title='bbox 1415 4271 1474 4336; x_wconf 81' lang='grc' dir='ltr'><strong>ὃς</strong></span> <span class='ocrx_word' id='word_1_316' title='bbox 1503 4275 1598 4326; x_wconf 74' lang='grc' dir='ltr'><strong>καὶ</strong></span> <span class='ocrx_word' id='word_1_317' title='bbox 1621 4273 1750 4339; x_wconf 83' lang='grc' dir='ltr'><strong>τοὺς</strong></span> 
     </span>
    </p>
   </div>
   <div class='ocr_carea' id='block_1_45' title="bbox 173 4348 1747 4429">
    <p class='ocr_par' dir='ltr' id='par_1_45' title="bbox 173 4348 1747 4429">
     <span class='ocr_line' id='line_1_45' title="bbox 173 4348 1747 4429; baseline 0.011 -29"><span class='ocrx_word' id='word_1_318' title='bbox 173 4351 324 4414; x_wconf 67' lang='grc' dir='ltr'><strong>πόδας</strong></span> <span class='ocrx_word' id='word_1_319' title='bbox 357 4348 602 4424; x_wconf 67' lang='grc' dir='ltr'><strong>πληγεὶς</strong></span> <span class='ocrx_word' id='word_1_320' title='bbox 653 4356 974 4428; x_wconf 82' lang='grc' dir='ltr'><strong>πεπήρωτο,</strong></span> <span class='ocrx_word' id='word_1_321' title='bbox 1025 4358 1520 4429; x_wconf 85' lang='grc' dir='ltr'><strong>περιλελειμμένου</strong></span> <span class='ocrx_word' id='word_1_322' title='bbox 1568 4364 1747 4428; x_wconf 79' lang='grc' dir='ltr'><strong>τινὸς,</strong></span> 
     </span>
    </p>
   </div>
   <div class='ocr_carea' id='block_1_46' title="bbox 173 4445 1750 4527">
    <p class='ocr_par' dir='ltr' id='par_1_46' title="bbox 173 4445 1750 4527">
     <span class='ocr_line' id='line_1_46' title="bbox 173 4445 1750 4527; baseline 0.009 -33"><span class='ocrx_word' id='word_1_323' title='bbox 173 4445 570 4518; x_wconf 69' lang='grc' dir='ltr'><strong>φιλοφρονεῖται</strong></span> <span class='ocrx_word' id='word_1_324' title='bbox 619 4449 806 4512; x_wconf 67' lang='grc' dir='ltr'><strong>αὐτὸν,</strong></span> <span class='ocrx_word' id='word_1_325' title='bbox 857 4449 952 4501; x_wconf 77' lang='grc' dir='ltr'><strong>καὶ</strong></span> <span class='ocrx_word' id='word_1_326' title='bbox 1000 4450 1286 4519; x_wconf 71' lang='grc' dir='ltr'><strong>ὀμοέστιον</strong></span> <span class='ocrx_word' id='word_1_327' title='bbox 1329 4449 1464 4523; x_wconf 73' lang='grc' dir='ltr'><strong>εἶχε,</strong></span> <span class='ocrx_word' id='word_1_328' title='bbox 1501 4454 1596 4507; x_wconf 75' lang='grc' dir='ltr'><strong>καὶ</strong></span> <span class='ocrx_word' id='word_1_329' title='bbox 1648 4455 1750 4527; x_wconf 80' lang='grc' dir='ltr'><strong>τήν</strong></span> 
     </span>
    </p>
   </div>
   <div class='ocr_carea' id='block_1_47' title="bbox 1831 588 3409 659">
    <p class='ocr_par' dir='ltr' id='par_1_47' title="bbox 1831 588 3409 659">
     <span class='ocr_line' id='line_1_47' title="bbox 1831 588 3409 659; baseline -0.001 -17"><span class='ocrx_word' id='word_1_330' title='bbox 1831 590 2028 643; x_wconf 78' lang='lat' dir='ltr'><strong>davera</strong></span> <span class='ocrx_word' id='word_1_331' title='bbox 2088 591 2343 644; x_wconf 86' lang='lat' dir='ltr'><strong>universo</strong></span> <span class='ocrx_word' id='word_1_332' title='bbox 2393 589 2592 659; x_wconf 86' lang='lat' dir='ltr'><strong>pepulo</strong></span> <span class='ocrx_word' id='word_1_333' title='bbox 2646 590 2698 644; x_wconf 90' lang='lat' dir='ltr'><strong>in</strong></span> <span class='ocrx_word' id='word_1_334' title='bbox 2768 589 2998 658; x_wconf 81' lang='lat' dir='ltr'><strong>publicis</strong></span> <span class='ocrx_word' id='word_1_335' title='bbox 3045 588 3146 644; x_wconf 87' lang='lat' dir='ltr'><strong>viis</strong></span> <span class='ocrx_word' id='word_1_336' title='bbox 3185 589 3409 656; x_wconf 90' lang='lat' dir='ltr'><strong>conspi-</strong></span> 
     </span>
    </p>
   </div>
   <div class='ocr_carea' id='block_1_48' title="bbox 1831 679 3405 751">
    <p class='ocr_par' dir='ltr' id='par_1_48' title="bbox 1831 679 3405 751">
     <span class='ocr_line' id='line_1_48' title="bbox 1831 679 3405 751; baseline -0.001 -17"><span class='ocrx_word' id='word_1_337' title='bbox 1831 681 2020 736; x_wconf 70' lang='lat' dir='ltr'><strong>cienda</strong></span> <span class='ocrx_word' id='word_1_338' title='bbox 2049 681 2352 750; x_wconf 78' lang='lat' dir='ltr'><strong>preposuit.</strong></span> <span class='ocrx_word' id='word_1_339' title='bbox 2400 679 2842 751; x_wconf 83' lang='lat' dir='ltr'><strong>Prosequcbatur</strong></span> <span class='ocrx_word' id='word_1_340' title='bbox 2870 681 2996 735; x_wconf 92' lang='lat' dir='ltr'><strong>odio</strong></span> <span class='ocrx_word' id='word_1_341' title='bbox 3026 696 3122 735; x_wconf 85' lang='lat' dir='ltr'><strong>eos</strong></span> <span class='ocrx_word' id='word_1_342' title='bbox 3162 695 3405 750; x_wconf 83' lang='lat' dir='ltr'><strong>quoque,</strong></span> 
     </span>
    </p>
   </div>
   <div class='ocr_carea' id='block_1_49' title="bbox 1830 771 3492 844">
    <p class='ocr_par' dir='ltr' id='par_1_49' title="bbox 1830 771 3492 844">
     <span class='ocr_line' id='line_1_49' title="bbox 1830 771 3492 844; baseline 0 -18"><span class='ocrx_word' id='word_1_343' title='bbox 1830 773 1924 844; x_wconf 93' lang='lat' dir='ltr'><strong>qui</strong></span> <span class='ocrx_word' id='word_1_344' title='bbox 1977 773 2032 826; x_wconf 89' lang='lat' dir='ltr'><strong>in</strong></span> <span class='ocrx_word' id='word_1_345' title='bbox 2062 773 2288 840; x_wconf 86' lang='lat' dir='ltr'><strong>gratiam</strong></span> <span class='ocrx_word' id='word_1_346' title='bbox 2330 771 2450 841; x_wconf 89' lang='lat' dir='ltr'><strong>ejus</strong></span> <span class='ocrx_word' id='word_1_347' title='bbox 2491 773 2816 826; x_wconf 89' lang='lat' dir='ltr'><strong>videbantur</strong></span> <span class='ocrx_word' id='word_1_348' title='bbox 2850 771 3044 826; x_wconf 79' lang='lat' dir='ltr'><strong>fecisse</strong></span> <span class='ocrx_word' id='word_1_349' title='bbox 3083 772 3288 840; x_wconf 89' lang='lat' dir='ltr'><strong>aliquid</strong></span> <span class='ocrx_word' id='word_1_350' title='bbox 3341 787 3405 826; x_wconf 78' lang='lat' dir='ltr'><strong>ex</strong></span> <span class='ocrx_word' id='word_1_351' title='bbox 3484 807 3492 816; x_wconf 62' lang='grc' dir='ltr'><strong><em>ν</em></strong></span> 
     </span>
    </p>
   </div>
   <div class='ocr_carea' id='block_1_50' title="bbox 1833 863 3404 934">
    <p class='ocr_par' dir='ltr' id='par_1_50' title="bbox 1833 863 3404 934">
     <span class='ocr_line' id='line_1_50' title="bbox 1833 863 3404 934; baseline -0.001 -16"><span class='ocrx_word' id='word_1_352' title='bbox 1833 865 1919 926; x_wconf 91' lang='lat' dir='ltr'><strong>iis,</strong></span> <span class='ocrx_word' id='word_1_353' title='bbox 1953 879 2074 934; x_wconf 75' lang='lat' dir='ltr'><strong>qua:</strong></span> <span class='ocrx_word' id='word_1_354' title='bbox 2103 863 2313 918; x_wconf 68' lang='lat' dir='ltr'><strong>luendae</strong></span> <span class='ocrx_word' id='word_1_355' title='bbox 2355 877 2529 932; x_wconf 64' lang='lat' dir='ltr'><strong>paena:</strong></span> <span class='ocrx_word' id='word_1_356' title='bbox 2562 863 2800 917; x_wconf 80' lang='lat' dir='ltr'><strong>obnoxia</strong></span> <span class='ocrx_word' id='word_1_357' title='bbox 2830 863 3027 928; x_wconf 67' lang='lat' dir='ltr'><strong>fminns</strong></span> <span class='ocrx_word' id='word_1_358' title='bbox 3056 863 3404 917; x_wconf 89' lang='lat' dir='ltr'><strong>videbantur.</strong></span> 
     </span>
    </p>
   </div>
   <div class='ocr_carea' id='block_1_51' title="bbox 1830 953 3411 1024">
    <p class='ocr_par' dir='ltr' id='par_1_51' title="bbox 1830 953 3411 1024">
     <span class='ocr_line' id='line_1_51' title="bbox 1830 953 3411 1024; baseline -0.001 -16"><span class='ocrx_word' id='word_1_359' title='bbox 1830 954 1967 1008; x_wconf 85' lang='lat' dir='ltr'><strong>Joab</strong></span> <span class='ocrx_word' id='word_1_360' title='bbox 2001 955 2184 1024; x_wconf 81' lang='lat' dir='ltr'><strong>itaque</strong></span> <span class='ocrx_word' id='word_1_361' title='bbox 2206 954 2399 1008; x_wconf 91' lang='lat' dir='ltr'><strong>ducem</strong></span> <span class='ocrx_word' id='word_1_362' title='bbox 2431 969 2613 1018; x_wconf 88' lang='lat' dir='ltr'><strong>suum,</strong></span> <span class='ocrx_word' id='word_1_363' title='bbox 2645 953 2737 1023; x_wconf 86' lang='lat' dir='ltr'><strong>qui</strong></span> <span class='ocrx_word' id='word_1_364' title='bbox 2771 953 3194 1022; x_wconf 85' lang='lat' dir='ltr'><strong>Mempbibostbi</strong></span> <span class='ocrx_word' id='word_1_365' title='bbox 3219 968 3411 1022; x_wconf 89' lang='lat' dir='ltr'><strong>quem-</strong></span> 
     </span>
    </p>
   </div>
   <div class='ocr_carea' id='block_1_52' title="bbox 1832 1043 3408 1108">
    <p class='ocr_par' dir='ltr' id='par_1_52' title="bbox 1832 1043 3408 1108">
     <span class='ocr_line' id='line_1_52' title="bbox 1832 1043 3408 1108; baseline -0.004 -6"><span class='ocrx_word' id='word_1_366' title='bbox 1832 1048 1954 1102; x_wconf 86' lang='lat' dir='ltr'><strong>dam</strong></span> <span class='ocrx_word' id='word_1_367' title='bbox 1991 1047 2185 1100; x_wconf 88' lang='lat' dir='ltr'><strong>ducem</strong></span> <span class='ocrx_word' id='word_1_368' title='bbox 2225 1043 2592 1108; x_wconf 75' lang='lat' dir='ltr'><strong>interfecerat,</strong></span> <span class='ocrx_word' id='word_1_369' title='bbox 2627 1044 2716 1098; x_wconf 90' lang='lat' dir='ltr'><strong>cui</strong></span> <span class='ocrx_word' id='word_1_370' title='bbox 2753 1060 2951 1098; x_wconf 92' lang='lat' dir='ltr'><strong>nomen</strong></span> <span class='ocrx_word' id='word_1_371' title='bbox 2983 1053 3100 1099; x_wconf 85' lang='lat' dir='ltr'><strong>erat</strong></span> <span class='ocrx_word' id='word_1_372' title='bbox 3133 1046 3408 1108; x_wconf 83' lang='lat' dir='ltr'><strong>Abenner,</strong></span> 
     </span>
    </p>
   </div>
   <div class='ocr_carea' id='block_1_53' title="bbox 1833 1135 3408 1206">
    <p class='ocr_par' dir='ltr' id='par_1_53' title="bbox 1833 1135 3408 1206">
     <span class='ocr_line' id='line_1_53' title="bbox 1833 1135 3408 1206; baseline -0.001 -15"><span class='ocrx_word' id='word_1_373' title='bbox 1833 1151 2006 1206; x_wconf 79' lang='lat' dir='ltr'><strong>usque</strong></span> <span class='ocrx_word' id='word_1_374' title='bbox 2048 1135 2186 1190; x_wconf 90' lang='lat' dir='ltr'><strong>adeo</strong></span> <span class='ocrx_word' id='word_1_375' title='bbox 2243 1143 2527 1190; x_wconf 88' lang='lat' dir='ltr'><strong>aversatus</strong></span> <span class='ocrx_word' id='word_1_376' title='bbox 2555 1143 2671 1196; x_wconf 87' lang='lat' dir='ltr'><strong>est,</strong></span> <span class='ocrx_word' id='word_1_377' title='bbox 2713 1143 2772 1190; x_wconf 91' lang='lat' dir='ltr'><strong>ut</strong></span> <span class='ocrx_word' id='word_1_378' title='bbox 2799 1145 2853 1190; x_wconf 91' lang='lat' dir='ltr'><strong>et</strong></span> <span class='ocrx_word' id='word_1_379' title='bbox 2889 1136 3030 1190; x_wconf 88' lang='lat' dir='ltr'><strong>inter</strong></span> <span class='ocrx_word' id='word_1_380' title='bbox 3057 1138 3245 1192; x_wconf 84' lang='lat' dir='ltr'><strong>hostes</strong></span> <span class='ocrx_word' id='word_1_381' title='bbox 3279 1153 3408 1190; x_wconf 82' lang='lat' dir='ltr'><strong>ren-</strong></span> 
     </span>
    </p>
   </div>
   <div class='ocr_carea' id='block_1_54' title="bbox 1833 1226 3412 1296">
    <p class='ocr_par' dir='ltr' id='par_1_54' title="bbox 1833 1226 3412 1296">
     <span class='ocr_line' id='line_1_54' title="bbox 1833 1226 3412 1296; baseline -0.003 -12"><span class='ocrx_word' id='word_1_382' title='bbox 1833 1237 1998 1294; x_wconf 85' lang='lat' dir='ltr'><strong>seret,</strong></span> <span class='ocrx_word' id='word_1_383' title='bbox 2041 1237 2456 1296; x_wconf 85' lang='lat' dir='ltr'><strong>reservaretqne</strong></span> <span class='ocrx_word' id='word_1_384' title='bbox 2503 1226 2579 1280; x_wconf 86' lang='lat' dir='ltr'><strong>illi</strong></span> <span class='ocrx_word' id='word_1_385' title='bbox 2633 1227 2776 1281; x_wconf 89' lang='lat' dir='ltr'><strong>haud</strong></span> <span class='ocrx_word' id='word_1_386' title='bbox 2835 1226 3062 1281; x_wconf 86' lang='lat' dir='ltr'><strong>inultam</strong></span> <span class='ocrx_word' id='word_1_387' title='bbox 3115 1228 3412 1282; x_wconf 72' lang='lat' dir='ltr'><strong>vindictam</strong></span> 
     </span>
    </p>
   </div>
   <div class='ocr_carea' id='block_1_55' title="bbox 1831 1315 3412 1389">
    <p class='ocr_par' dir='ltr' id='par_1_55' title="bbox 1831 1315 3412 1389">
     <span class='ocr_line' id='line_1_55' title="bbox 1831 1315 3412 1389; baseline -0.003 -15"><span class='ocrx_word' id='word_1_388' title='bbox 1831 1321 1974 1388; x_wconf 86' lang='lat' dir='ltr'><strong>ejus,</strong></span> <span class='ocrx_word' id='word_1_389' title='bbox 2021 1334 2183 1389; x_wconf 87' lang='lat' dir='ltr'><strong>quem</strong></span> <span class='ocrx_word' id='word_1_390' title='bbox 2241 1318 2382 1372; x_wconf 87' lang='lat' dir='ltr'><strong>male</strong></span> <span class='ocrx_word' id='word_1_391' title='bbox 2429 1315 2796 1372; x_wconf 79' lang='lat' dir='ltr'><strong>interfecerat.</strong></span> <span class='ocrx_word' id='word_1_392' title='bbox 2834 1321 2893 1372; x_wconf 80' lang='lat' dir='ltr'><strong>in</strong></span> <span class='ocrx_word' id='word_1_393' title='bbox 2925 1319 3159 1388; x_wconf 79' lang='lat' dir='ltr'><strong>gratiam</strong></span> <span class='ocrx_word' id='word_1_394' title='bbox 3199 1334 3412 1387; x_wconf 65' lang='lat' dir='ltr'><strong>prtepn-</strong></span> 
     </span>
    </p>
   </div>
   <div class='ocr_carea' id='block_1_56' title="bbox 1835 1409 3410 1479">
    <p class='ocr_par' dir='ltr' id='par_1_56' title="bbox 1835 1409 3410 1479">
     <span class='ocr_line' id='line_1_56' title="bbox 1835 1409 3410 1479; baseline -0.002 -13"><span class='ocrx_word' id='word_1_395' title='bbox 1835 1413 2132 1473; x_wconf 75' lang='lat' dir='ltr'><strong>tiorum&quot;,</strong></span> <span class='ocrx_word' id='word_1_396' title='bbox 2192 1425 2420 1464; x_wconf 85' lang='lat' dir='ltr'><strong>uxorem</strong></span> <span class='ocrx_word' id='word_1_397' title='bbox 2476 1419 2760 1478; x_wconf 88' lang='lat' dir='ltr'><strong>acceperat</strong></span> <span class='ocrx_word' id='word_1_398' title='bbox 2815 1409 3044 1465; x_wconf 80' lang='lat' dir='ltr'><strong>Melehol</strong></span> <span class='ocrx_word' id='word_1_399' title='bbox 3089 1427 3102 1463; x_wconf 94' lang='lat'><strong>:</strong></span> <span class='ocrx_word' id='word_1_400' title='bbox 3153 1421 3320 1479; x_wconf 88' lang='lat' dir='ltr'><strong>quam</strong></span> <span class='ocrx_word' id='word_1_401' title='bbox 3381 1424 3410 1463; x_wconf 86' lang='lat' dir='ltr'><strong>a</strong></span> 
     </span>
    </p>
   </div>
   <div class='ocr_carea' id='block_1_57' title="bbox 1835 1503 3418 1576">
    <p class='ocr_par' dir='ltr' id='par_1_57' title="bbox 1835 1503 3418 1576">
     <span class='ocr_line' id='line_1_57' title="bbox 1835 1503 3418 1576; baseline -0.002 -17"><span class='ocrx_word' id='word_1_402' title='bbox 1835 1515 1988 1576; x_wconf 83' lang='lat' dir='ltr'><strong>patre</strong></span> <span class='ocrx_word' id='word_1_403' title='bbox 2031 1505 2188 1559; x_wconf 82' lang='lat' dir='ltr'><strong>alteri</strong></span> <span class='ocrx_word' id='word_1_404' title='bbox 2238 1503 2506 1558; x_wconf 87' lang='lat' dir='ltr'><strong>elocatam</strong></span> <span class='ocrx_word' id='word_1_405' title='bbox 2552 1503 2769 1557; x_wconf 83' lang='lat' dir='ltr'><strong>cuidam</strong></span> <span class='ocrx_word' id='word_1_406' title='bbox 2803 1503 3052 1566; x_wconf 72' lang='lat' dir='ltr'><strong>Phaltiae,</strong></span> <span class='ocrx_word' id='word_1_407' title='bbox 3087 1509 3418 1557; x_wconf 84' lang='lat' dir='ltr'><strong>consecutus</strong></span> 
     </span>
    </p>
   </div>
   <div class='ocr_carea' id='block_1_58' title="bbox 1836 1591 3418 1666">
    <p class='ocr_par' dir='ltr' id='par_1_58' title="bbox 1836 1591 3418 1666">
     <span class='ocr_line' id='line_1_58' title="bbox 1836 1591 3418 1666; baseline -0.004 -15"><span class='ocrx_word' id='word_1_408' title='bbox 1836 1612 2062 1666; x_wconf 90' lang='lat' dir='ltr'><strong>regnum</strong></span> <span class='ocrx_word' id='word_1_409' title='bbox 2118 1595 2358 1666; x_wconf 82' lang='lat' dir='ltr'><strong>recepit;</strong></span> <span class='ocrx_word' id='word_1_410' title='bbox 2411 1610 2754 1664; x_wconf 87' lang='lat' dir='ltr'><strong>nequaquam</strong></span> <span class='ocrx_word' id='word_1_411' title='bbox 2801 1602 2957 1650; x_wconf 84' lang='lat' dir='ltr'><strong>ratus</strong></span> <span class='ocrx_word' id='word_1_412' title='bbox 3005 1603 3099 1648; x_wconf 90' lang='lat' dir='ltr'><strong>aut</strong></span> <span class='ocrx_word' id='word_1_413' title='bbox 3147 1591 3418 1647; x_wconf 88' lang='lat' dir='ltr'><strong>Pbaltiam</strong></span> 
     </span>
    </p>
   </div>
   <div class='ocr_carea' id='block_1_59' title="bbox 1837 1683 3421 1760">
    <p class='ocr_par' dir='ltr' id='par_1_59' title="bbox 1837 1683 3421 1760">
     <span class='ocr_line' id='line_1_59' title="bbox 1837 1683 3421 1760; baseline -0.003 -17"><span class='ocrx_word' id='word_1_414' title='bbox 1837 1689 2024 1759; x_wconf 89' lang='lat' dir='ltr'><strong>inique</strong></span> <span class='ocrx_word' id='word_1_415' title='bbox 2068 1689 2268 1760; x_wconf 87' lang='lat' dir='ltr'><strong>egisse,</strong></span> <span class='ocrx_word' id='word_1_416' title='bbox 2311 1697 2406 1743; x_wconf 86' lang='lat' dir='ltr'><strong>aut</strong></span> <span class='ocrx_word' id='word_1_417' title='bbox 2430 1687 2662 1742; x_wconf 85' lang='lat' dir='ltr'><strong>Melcbol</strong></span> <span class='ocrx_word' id='word_1_418' title='bbox 2693 1687 2864 1741; x_wconf 82' lang='lat' dir='ltr'><strong>fuisse</strong></span> <span class='ocrx_word' id='word_1_419' title='bbox 2910 1685 3204 1741; x_wconf 77' lang='lat' dir='ltr'><strong>moecham.</strong></span> <span class='ocrx_word' id='word_1_420' title='bbox 3254 1683 3421 1740; x_wconf 77' lang='lat' dir='ltr'><strong>Iebu-</strong></span> 
     </span>
    </p>
   </div>
   <div class='ocr_carea' id='block_1_60' title="bbox 1838 1777 3424 1849">
    <p class='ocr_par' dir='ltr' id='par_1_60' title="bbox 1838 1777 3424 1849">
     <span class='ocr_line' id='line_1_60' title="bbox 1838 1777 3424 1849; baseline -0.004 -15"><span class='ocrx_word' id='word_1_421' title='bbox 1838 1794 1976 1834; x_wconf 71' lang='lat'><strong>83308</strong></span> <span class='ocrx_word' id='word_1_422' title='bbox 2004 1779 2096 1849; x_wconf 88' lang='lat' dir='ltr'><strong>qui</strong></span> <span class='ocrx_word' id='word_1_423' title='bbox 2134 1778 2303 1833; x_wconf 87' lang='lat' dir='ltr'><strong>animi</strong></span> <span class='ocrx_word' id='word_1_424' title='bbox 2347 1779 2432 1834; x_wconf 90' lang='lat' dir='ltr'><strong>sui</strong></span> <span class='ocrx_word' id='word_1_425' title='bbox 2469 1777 2678 1832; x_wconf 88' lang='lat' dir='ltr'><strong>indices</strong></span> <span class='ocrx_word' id='word_1_426' title='bbox 2735 1777 3010 1832; x_wconf 88' lang='lat' dir='ltr'><strong>habebant</strong></span> <span class='ocrx_word' id='word_1_427' title='bbox 3039 1791 3268 1847; x_wconf 90' lang='lat' dir='ltr'><strong>corpora</strong></span> <span class='ocrx_word' id='word_1_428' title='bbox 3293 1790 3424 1845; x_wconf 84' lang='lat' dir='ltr'><strong>pro—</strong></span> 
     </span>
    </p>
   </div>
   <div class='ocr_carea' id='block_1_61' title="bbox 1841 1865 3426 1940">
    <p class='ocr_par' dir='ltr' id='par_1_61' title="bbox 1841 1865 3426 1940">
     <span class='ocr_line' id='line_1_61' title="bbox 1841 1865 3426 1940; baseline -0.003 -18"><span class='ocrx_word' id='word_1_429' title='bbox 1841 1871 1956 1940; x_wconf 89' lang='lat' dir='ltr'><strong>pria</strong></span> <span class='ocrx_word' id='word_1_430' title='bbox 2003 1868 2204 1938; x_wconf 89' lang='lat' dir='ltr'><strong>(claudi</strong></span> <span class='ocrx_word' id='word_1_431' title='bbox 2249 1870 2393 1922; x_wconf 90' lang='lat' dir='ltr'><strong>enim</strong></span> <span class='ocrx_word' id='word_1_432' title='bbox 2439 1875 2599 1923; x_wconf 88' lang='lat' dir='ltr'><strong>erant</strong></span> <span class='ocrx_word' id='word_1_433' title='bbox 2639 1875 2694 1921; x_wconf 90' lang='lat' dir='ltr'><strong>et</strong></span> <span class='ocrx_word' id='word_1_434' title='bbox 2724 1868 2854 1922; x_wconf 68' lang='lat' dir='ltr'><strong>caeci</strong></span> <span class='ocrx_word' id='word_1_435' title='bbox 2900 1867 3114 1938; x_wconf 88' lang='lat' dir='ltr'><strong>omnes)</strong></span> <span class='ocrx_word' id='word_1_436' title='bbox 3155 1881 3280 1921; x_wconf 90' lang='lat' dir='ltr'><strong>cum</strong></span> <span class='ocrx_word' id='word_1_437' title='bbox 3308 1865 3426 1920; x_wconf 85' lang='lat' dir='ltr'><strong>vel-</strong></span> 
     </span>
    </p>
   </div>
   <div class='ocr_carea' id='block_1_62' title="bbox 1835 1957 3424 2026">
    <p class='ocr_par' dir='ltr' id='par_1_62' title="bbox 1835 1957 3424 2026">
     <span class='ocr_line' id='line_1_62' title="bbox 1835 1957 3424 2026; baseline -0.003 -13"><span class='ocrx_word' id='word_1_438' title='bbox 1835 1960 1949 2014; x_wconf 81' lang='lat' dir='ltr'><strong>lent</strong></span> <span class='ocrx_word' id='word_1_439' title='bbox 1971 1959 2126 2026; x_wconf 88' lang='lat' dir='ltr'><strong>eniti,</strong></span> <span class='ocrx_word' id='word_1_440' title='bbox 2161 1968 2222 2013; x_wconf 90' lang='lat' dir='ltr'><strong>ut</strong></span> <span class='ocrx_word' id='word_1_441' title='bbox 2245 1973 2370 2013; x_wconf 89' lang='lat' dir='ltr'><strong>eum</strong></span> <span class='ocrx_word' id='word_1_442' title='bbox 2415 1957 2640 2012; x_wconf 88' lang='lat' dir='ltr'><strong>introitu</strong></span> <span class='ocrx_word' id='word_1_443' title='bbox 2669 1957 2822 2012; x_wconf 83' lang='lat' dir='ltr'><strong>urbis</strong></span> <span class='ocrx_word' id='word_1_444' title='bbox 2852 1965 3122 2022; x_wconf 84' lang='lat' dir='ltr'><strong>arcerent,</strong></span> <span class='ocrx_word' id='word_1_445' title='bbox 3153 1965 3310 2026; x_wconf 80' lang='lat' dir='ltr'><strong>capta</strong></span> <span class='ocrx_word' id='word_1_446' title='bbox 3342 1957 3424 2010; x_wconf 89' lang='lat' dir='ltr'><strong>ci-</strong></span> 
     </span>
    </p>
   </div>
   <div class='ocr_carea' id='block_1_63' title="bbox 1837 2049 3424 2118">
    <p class='ocr_par' dir='ltr' id='par_1_63' title="bbox 1837 2049 3424 2118">
     <span class='ocr_line' id='line_1_63' title="bbox 1837 2049 3424 2118; baseline -0.003 -14"><span class='ocrx_word' id='word_1_447' title='bbox 1837 2051 2000 2105; x_wconf 70' lang='lat' dir='ltr'><strong>vitate</strong></span> <span class='ocrx_word' id='word_1_448' title='bbox 2039 2049 2334 2114; x_wconf 83' lang='lat' dir='ltr'><strong>interfecit,</strong></span> <span class='ocrx_word' id='word_1_449' title='bbox 2389 2063 2516 2104; x_wconf 90' lang='lat' dir='ltr'><strong>cum</strong></span> <span class='ocrx_word' id='word_1_450' title='bbox 2559 2049 2673 2118; x_wconf 89' lang='lat' dir='ltr'><strong>ipse</strong></span> <span class='ocrx_word' id='word_1_451' title='bbox 2731 2049 3041 2117; x_wconf 84' lang='lat' dir='ltr'><strong>bujus:nodi</strong></span> <span class='ocrx_word' id='word_1_452' title='bbox 3093 2063 3201 2102; x_wconf 92' lang='lat' dir='ltr'><strong>non</strong></span> <span class='ocrx_word' id='word_1_453' title='bbox 3254 2057 3424 2101; x_wconf 89' lang='lat' dir='ltr'><strong>esset.</strong></span> 
     </span>
    </p>
   </div>
   <div class='ocr_carea' id='block_1_64' title="bbox 1837 2139 3427 2210">
    <p class='ocr_par' dir='ltr' id='par_1_64' title="bbox 1837 2139 3427 2210">
     <span class='ocr_line' id='line_1_64' title="bbox 1837 2139 3427 2210; baseline -0.004 -14"><span class='ocrx_word' id='word_1_454' title='bbox 1837 2141 2188 2197; x_wconf 88' lang='lat' dir='ltr'><strong>lmminentes</strong></span> <span class='ocrx_word' id='word_1_455' title='bbox 2221 2141 2422 2210; x_wconf 86' lang='lat' dir='ltr'><strong>pOpnlo</strong></span> <span class='ocrx_word' id='word_1_456' title='bbox 2473 2140 2760 2210; x_wconf 85' lang='lat' dir='ltr'><strong>belligeras</strong></span> <span class='ocrx_word' id='word_1_457' title='bbox 2811 2149 3035 2210; x_wconf 84' lang='lat' dir='ltr'><strong>gentes,</strong></span> <span class='ocrx_word' id='word_1_458' title='bbox 3070 2153 3135 2192; x_wconf 89' lang='lat' dir='ltr'><strong>ac</strong></span> <span class='ocrx_word' id='word_1_459' title='bbox 3184 2139 3427 2193; x_wconf 89' lang='lat' dir='ltr'><strong>circum-</strong></span> 
     </span>
    </p>
   </div>
   <div class='ocr_carea' id='block_1_65' title="bbox 1839 2229 3424 2305">
    <p class='ocr_par' dir='ltr' id='par_1_65' title="bbox 1839 2229 3424 2305">
     <span class='ocr_line' id='line_1_65' title="bbox 1839 2229 3424 2305; baseline -0.001 -19"><span class='ocrx_word' id='word_1_460' title='bbox 1839 2236 2050 2305; x_wconf 89' lang='lat' dir='ltr'><strong>positos</strong></span> <span class='ocrx_word' id='word_1_461' title='bbox 2081 2235 2266 2304; x_wconf 88' lang='lat' dir='ltr'><strong>populi</strong></span> <span class='ocrx_word' id='word_1_462' title='bbox 2301 2233 2510 2295; x_wconf 83' lang='lat' dir='ltr'><strong>hostes,</strong></span> <span class='ocrx_word' id='word_1_463' title='bbox 2563 2233 2930 2298; x_wconf 76' lang='lat' dir='ltr'><strong>Philisthzeos,</strong></span> <span class='ocrx_word' id='word_1_464' title='bbox 2987 2232 3274 2296; x_wconf 85' lang='lat' dir='ltr'><strong>Moabitas,</strong></span> <span class='ocrx_word' id='word_1_465' title='bbox 3319 2229 3424 2302; x_wconf 88' lang='lat' dir='ltr'><strong>Sy-</strong></span> 
     </span>
    </p>
   </div>
   <div class='ocr_carea' id='block_1_66' title="bbox 1843 2325 3424 2395">
    <p class='ocr_par' dir='ltr' id='par_1_66' title="bbox 1843 2325 3424 2395">
     <span class='ocr_line' id='line_1_66' title="bbox 1843 2325 3424 2395; baseline -0.001 -17"><span class='ocrx_word' id='word_1_466' title='bbox 1843 2341 1954 2389; x_wconf 90' lang='lat' dir='ltr'><strong>ros,</strong></span> <span class='ocrx_word' id='word_1_467' title='bbox 2003 2335 2167 2395; x_wconf 86' lang='lat' dir='ltr'><strong>atque</strong></span> <span class='ocrx_word' id='word_1_468' title='bbox 2220 2325 2386 2379; x_wconf 89' lang='lat' dir='ltr'><strong>etiam</strong></span> <span class='ocrx_word' id='word_1_469' title='bbox 2423 2325 2766 2379; x_wconf 85' lang='lat' dir='ltr'><strong>Ammanitas</strong></span> <span class='ocrx_word' id='word_1_470' title='bbox 2805 2335 2860 2379; x_wconf 89' lang='lat' dir='ltr'><strong>et</strong></span> <span class='ocrx_word' id='word_1_471' title='bbox 2907 2325 3257 2388; x_wconf 79' lang='lat' dir='ltr'><strong>Amaleritas,</strong></span> <span class='ocrx_word' id='word_1_472' title='bbox 3298 2338 3424 2391; x_wconf 84' lang='lat' dir='ltr'><strong>spo-</strong></span> 
     </span>
    </p>
   </div>
   <div class='ocr_carea' id='block_1_67' title="bbox 1841 2415 3426 2487">
    <p class='ocr_par' dir='ltr' id='par_1_67' title="bbox 1841 2415 3426 2487">
     <span class='ocr_line' id='line_1_67' title="bbox 1841 2415 3426 2487; baseline -0.004 -12"><span class='ocrx_word' id='word_1_473' title='bbox 1841 2421 1980 2475; x_wconf 90' lang='lat' dir='ltr'><strong>lians</strong></span> <span class='ocrx_word' id='word_1_474' title='bbox 2013 2433 2114 2475; x_wconf 90' lang='lat' dir='ltr'><strong>suo</strong></span> <span class='ocrx_word' id='word_1_475' title='bbox 2163 2419 2215 2472; x_wconf 93' lang='lat' dir='ltr'><strong>in</strong></span> <span class='ocrx_word' id='word_1_476' title='bbox 2269 2418 2528 2487; x_wconf 84' lang='lat' dir='ltr'><strong>populum</strong></span> <span class='ocrx_word' id='word_1_477' title='bbox 2571 2416 2913 2486; x_wconf 84' lang='lat' dir='ltr'><strong>principatu,</strong></span> <span class='ocrx_word' id='word_1_478' title='bbox 2964 2415 3282 2470; x_wconf 88' lang='lat' dir='ltr'><strong>tributarios</strong></span> <span class='ocrx_word' id='word_1_479' title='bbox 3320 2415 3426 2469; x_wconf 90' lang='lat' dir='ltr'><strong>sibi</strong></span> 
     </span>
    </p>
   </div>
   <div class='ocr_carea' id='block_1_68' title="bbox 1841 2508 3426 2582">
    <p class='ocr_par' dir='ltr' id='par_1_68' title="bbox 1841 2508 3426 2582">
     <span class='ocr_line' id='line_1_68' title="bbox 1841 2508 3426 2582; baseline -0.005 -13"><span class='ocrx_word' id='word_1_480' title='bbox 1841 2514 2041 2579; x_wconf 80' lang='lat' dir='ltr'><strong>ell&#39;ecit,</strong></span> <span class='ocrx_word' id='word_1_481' title='bbox 2087 2527 2360 2582; x_wconf 89' lang='lat' dir='ltr'><strong>suumque</strong></span> <span class='ocrx_word' id='word_1_482' title='bbox 2409 2512 2668 2581; x_wconf 88' lang='lat' dir='ltr'><strong>populum</strong></span> <span class='ocrx_word' id='word_1_483' title='bbox 2701 2508 2864 2563; x_wconf 87' lang='lat' dir='ltr'><strong>Israel</strong></span> <span class='ocrx_word' id='word_1_484' title='bbox 2910 2510 3156 2577; x_wconf 87' lang='lat' dir='ltr'><strong>quietum</strong></span> <span class='ocrx_word' id='word_1_485' title='bbox 3193 2523 3225 2562; x_wconf 87' lang='lat' dir='ltr'><strong>a</strong></span> <span class='ocrx_word' id='word_1_486' title='bbox 3274 2515 3426 2562; x_wconf 77' lang='lat' dir='ltr'><strong>vete-</strong></span> 
     </span>
    </p>
   </div>
   <div class='ocr_carea' id='block_1_69' title="bbox 1844 2599 3428 2674">
    <p class='ocr_par' dir='ltr' id='par_1_69' title="bbox 1844 2599 3428 2674">
     <span class='ocr_line' id='line_1_69' title="bbox 1844 2599 3428 2674; baseline -0.005 -12"><span class='ocrx_word' id='word_1_487' title='bbox 1844 2607 1997 2662; x_wconf 78' lang='lat' dir='ltr'><strong>ribus</strong></span> <span class='ocrx_word' id='word_1_488' title='bbox 2050 2605 2310 2668; x_wconf 86' lang='lat' dir='ltr'><strong>inimicis,</strong></span> <span class='ocrx_word' id='word_1_489' title='bbox 2363 2613 2528 2674; x_wconf 86' lang='lat' dir='ltr'><strong>atque</strong></span> <span class='ocrx_word' id='word_1_490' title='bbox 2590 2602 2757 2656; x_wconf 88' lang='lat' dir='ltr'><strong>etiam</strong></span> <span class='ocrx_word' id='word_1_491' title='bbox 2812 2601 3112 2656; x_wconf 86' lang='lat' dir='ltr'><strong>terribilem</strong></span> <span class='ocrx_word' id='word_1_492' title='bbox 3168 2599 3428 2656; x_wconf 90' lang='lat' dir='ltr'><strong>omnibus</strong></span> 
     </span>
    </p>
   </div>
   <div class='ocr_carea' id='block_1_70' title="bbox 1843 2695 2382 2769">
    <p class='ocr_par' dir='ltr' id='par_1_70' title="bbox 1843 2695 2382 2769">
     <span class='ocr_line' id='line_1_70' title="bbox 1843 2695 2382 2769; baseline -0.006 -16"><span class='ocrx_word' id='word_1_493' title='bbox 1843 2699 2097 2769; x_wconf 79' lang='lat' dir='ltr'><strong>gentibus</strong></span> <span class='ocrx_word' id='word_1_494' title='bbox 2125 2695 2382 2752; x_wconf 88' lang='lat' dir='ltr'><strong>reddidit.</strong></span> 
     </span>
    </p>
   </div>
   <div class='ocr_carea' id='block_1_71' title="bbox 1920 2868 3428 2946">
    <p class='ocr_par' dir='ltr' id='par_1_71' title="bbox 1920 2868 3428 2946">
     <span class='ocr_line' id='line_1_71' title="bbox 1920 2868 3428 2946; baseline -0.006 -14"><span class='ocrx_word' id='word_1_495' title='bbox 1920 2877 2118 2934; x_wconf 84' lang='lat' dir='ltr'><strong>Arcam</strong></span> <span class='ocrx_word' id='word_1_496' title='bbox 2166 2890 2379 2932; x_wconf 86' lang='lat' dir='ltr'><strong>sacram</strong></span> <span class='ocrx_word' id='word_1_497' title='bbox 2411 2891 2534 2946; x_wconf 79' lang='lat' dir='ltr'><strong>quae</strong></span> <span class='ocrx_word' id='word_1_498' title='bbox 2583 2875 2762 2929; x_wconf 89' lang='lat' dir='ltr'><strong>adhuc</strong></span> <span class='ocrx_word' id='word_1_499' title='bbox 2791 2873 2893 2928; x_wconf 90' lang='lat' dir='ltr'><strong>sub</strong></span> <span class='ocrx_word' id='word_1_500' title='bbox 2937 2872 3032 2927; x_wconf 91' lang='lat' dir='ltr'><strong>dio</strong></span> <span class='ocrx_word' id='word_1_501' title='bbox 3065 2879 3184 2926; x_wconf 83' lang='lat' dir='ltr'><strong>erat</strong></span> <span class='ocrx_word' id='word_1_502' title='bbox 3217 2875 3272 2924; x_wconf 89' lang='lat' dir='ltr'><strong>et</strong></span> <span class='ocrx_word' id='word_1_503' title='bbox 3305 2868 3428 2924; x_wconf 87' lang='lat' dir='ltr'><strong>sine</strong></span> 
     </span>
    </p>
   </div>
   <div class='ocr_carea' id='block_1_72' title="bbox 1847 2959 3430 3033">
    <p class='ocr_par' dir='ltr' id='par_1_72' title="bbox 1847 2959 3430 3033">
     <span class='ocr_line' id='line_1_72' title="bbox 1847 2959 3430 3033; baseline -0.009 -5"><span class='ocrx_word' id='word_1_504' title='bbox 1847 2969 2220 3033; x_wconf 88' lang='lat' dir='ltr'><strong>tabernaculo,</strong></span> <span class='ocrx_word' id='word_1_505' title='bbox 2263 2968 2313 3023; x_wconf 90' lang='lat' dir='ltr'><strong>in</strong></span> <span class='ocrx_word' id='word_1_506' title='bbox 2346 2983 2500 3022; x_wconf 89' lang='lat' dir='ltr'><strong>suam</strong></span> <span class='ocrx_word' id='word_1_507' title='bbox 2553 2967 2826 3030; x_wconf 82' lang='lat' dir='ltr'><strong>civitatem</strong></span> <span class='ocrx_word' id='word_1_508' title='bbox 2863 2980 2991 3020; x_wconf 85' lang='lat' dir='ltr'><strong>cum</strong></span> <span class='ocrx_word' id='word_1_509' title='bbox 3039 2963 3206 3018; x_wconf 89' lang='lat' dir='ltr'><strong>totius</strong></span> <span class='ocrx_word' id='word_1_510' title='bbox 3243 2959 3430 3032; x_wconf 70' lang='grc' dir='ltr'><strong>μοι-ιυιί</strong></span> 
     </span>
    </p>
   </div>
   <div class='ocr_carea' id='block_1_73' title="bbox 1848 3052 3434 3133">
    <p class='ocr_par' dir='ltr' id='par_1_73' title="bbox 1848 3052 3434 3133">
     <span class='ocr_line' id='line_1_73' title="bbox 1848 3052 3434 3133; baseline -0.006 -16"><span class='ocrx_word' id='word_1_511' title='bbox 1848 3063 2090 3133; x_wconf 86' lang='lat' dir='ltr'><strong>tripudio</strong></span> <span class='ocrx_word' id='word_1_512' title='bbox 2133 3059 2380 3120; x_wconf 71' lang='lat' dir='ltr'><strong>deduxit,</strong></span> <span class='ocrx_word' id='word_1_513' title='bbox 2433 3058 2664 3128; x_wconf 89' lang='lat' dir='ltr'><strong>ipsemet</strong></span> <span class='ocrx_word' id='word_1_514' title='bbox 2713 3072 2836 3111; x_wconf 91' lang='lat' dir='ltr'><strong>cum</strong></span> <span class='ocrx_word' id='word_1_515' title='bbox 2873 3059 3106 3110; x_wconf 82' lang='lat' dir='ltr'><strong>choreas</strong></span> <span class='ocrx_word' id='word_1_516' title='bbox 3139 3052 3434 3124; x_wconf 85' lang='lat' dir='ltr'><strong>agentibus</strong></span> 
     </span>
    </p>
   </div>
   <div class='ocr_carea' id='block_1_74' title="bbox 1849 3145 3434 3223">
    <p class='ocr_par' dir='ltr' id='par_1_74' title="bbox 1849 3145 3434 3223">
     <span class='ocr_line' id='line_1_74' title="bbox 1849 3145 3434 3223; baseline -0.008 -14"><span class='ocrx_word' id='word_1_517' title='bbox 1849 3155 1920 3209; x_wconf 93' lang='lat' dir='ltr'><strong>ob</strong></span> <span class='ocrx_word' id='word_1_518' title='bbox 1947 3153 2066 3223; x_wconf 87' lang='lat' dir='ltr'><strong>ejus</strong></span> <span class='ocrx_word' id='word_1_519' title='bbox 2096 3151 2480 3206; x_wconf 84' lang='lat' dir='ltr'><strong>deductionem</strong></span> <span class='ocrx_word' id='word_1_520' title='bbox 2513 3149 2678 3203; x_wconf 87' lang='lat' dir='ltr'><strong>simul</strong></span> <span class='ocrx_word' id='word_1_521' title='bbox 2709 3148 3028 3212; x_wconf 89' lang='lat' dir='ltr'><strong>subsiliens,</strong></span> <span class='ocrx_word' id='word_1_522' title='bbox 3062 3162 3162 3217; x_wconf 85' lang='lat' dir='ltr'><strong>pro</strong></span> <span class='ocrx_word' id='word_1_523' title='bbox 3187 3145 3280 3199; x_wconf 87' lang='lat' dir='ltr'><strong>Dei</strong></span> <span class='ocrx_word' id='word_1_524' title='bbox 3314 3145 3434 3214; x_wconf 78' lang='lat' dir='ltr'><strong>glo-</strong></span> 
     </span>
    </p>
   </div>
   <div class='ocr_carea' id='block_1_75' title="bbox 1851 3237 3434 3316">
    <p class='ocr_par' dir='ltr' id='par_1_75' title="bbox 1851 3237 3434 3316">
     <span class='ocr_line' id='line_1_75' title="bbox 1851 3237 3434 3316; baseline -0.008 -14"><span class='ocrx_word' id='word_1_525' title='bbox 1851 3248 1930 3302; x_wconf 87' lang='lat' dir='ltr'><strong>ria</strong></span> <span class='ocrx_word' id='word_1_526' title='bbox 1969 3245 2111 3316; x_wconf 87' lang='lat' dir='ltr'><strong>regis</strong></span> <span class='ocrx_word' id='word_1_527' title='bbox 2147 3243 2378 3312; x_wconf 78' lang='lat' dir='ltr'><strong>gloriam</strong></span> <span class='ocrx_word' id='word_1_528' title='bbox 2424 3241 2723 3312; x_wconf 88' lang='lat' dir='ltr'><strong>deponens,</strong></span> <span class='ocrx_word' id='word_1_529' title='bbox 2757 3241 2889 3310; x_wconf 89' lang='lat' dir='ltr'><strong>quin</strong></span> <span class='ocrx_word' id='word_1_530' title='bbox 2933 3249 2982 3294; x_wconf 91' lang='lat' dir='ltr'><strong>ct</strong></span> <span class='ocrx_word' id='word_1_531' title='bbox 3017 3239 3216 3310; x_wconf 86' lang='lat' dir='ltr'><strong>privati</strong></span> <span class='ocrx_word' id='word_1_532' title='bbox 3251 3237 3434 3290; x_wconf 86' lang='lat' dir='ltr'><strong>homi-</strong></span> 
     </span>
    </p>
   </div>
   <div class='ocr_carea' id='block_1_76' title="bbox 1852 3329 3436 3407">
    <p class='ocr_par' dir='ltr' id='par_1_76' title="bbox 1852 3329 3436 3407">
     <span class='ocr_line' id='line_1_76' title="bbox 1852 3329 3436 3407; baseline -0.007 -14"><span class='ocrx_word' id='word_1_533' title='bbox 1852 3339 1936 3394; x_wconf 91' lang='lat' dir='ltr'><strong>nis</strong></span> <span class='ocrx_word' id='word_1_534' title='bbox 1999 3336 2257 3407; x_wconf 82' lang='lat' dir='ltr'><strong>gaudium</strong></span> <span class='ocrx_word' id='word_1_535' title='bbox 2320 3334 2682 3404; x_wconf 83' lang='lat' dir='ltr'><strong>amplexatus.</strong></span> <span class='ocrx_word' id='word_1_536' title='bbox 2743 3335 2879 3387; x_wconf 80' lang='lat' dir='ltr'><strong>(Ium</strong></span> <span class='ocrx_word' id='word_1_537' title='bbox 2939 3332 3104 3385; x_wconf 80' lang='lat' dir='ltr'><strong>vellet</strong></span> <span class='ocrx_word' id='word_1_538' title='bbox 3168 3329 3436 3398; x_wconf 88' lang='lat' dir='ltr'><strong>templum</strong></span> 
     </span>
    </p>
   </div>
   <div class='ocr_carea' id='block_1_77' title="bbox 1851 3422 3440 3496">
    <p class='ocr_par' dir='ltr' id='par_1_77' title="bbox 1851 3422 3440 3496">
     <span class='ocr_line' id='line_1_77' title="bbox 1851 3422 3440 3496; baseline -0.008 -9"><span class='ocrx_word' id='word_1_539' title='bbox 1851 3430 2188 3487; x_wconf 64' lang='lat' dir='ltr'><strong>exaediﬁcare</strong></span> <span class='ocrx_word' id='word_1_540' title='bbox 2219 3428 2350 3490; x_wconf 66' lang='lat' dir='ltr'><strong>Deo,</strong></span> <span class='ocrx_word' id='word_1_541' title='bbox 2387 3441 2488 3496; x_wconf 88' lang='lat' dir='ltr'><strong>per</strong></span> <span class='ocrx_word' id='word_1_542' title='bbox 2533 3426 2855 3496; x_wconf 89' lang='lat' dir='ltr'><strong>prophetam</strong></span> <span class='ocrx_word' id='word_1_543' title='bbox 2885 3423 3100 3478; x_wconf 87' lang='lat' dir='ltr'><strong>Natban</strong></span> <span class='ocrx_word' id='word_1_544' title='bbox 3126 3422 3440 3492; x_wconf 85' lang='lat' dir='ltr'><strong>prohibitus</strong></span> 
     </span>
    </p>
   </div>
   <div class='ocr_carea' id='block_1_78' title="bbox 1851 3516 3440 3590">
    <p class='ocr_par' dir='ltr' id='par_1_78' title="bbox 1851 3516 3440 3590">
     <span class='ocr_line' id='line_1_78' title="bbox 1851 3516 3440 3590; baseline -0.009 -10"><span class='ocrx_word' id='word_1_545' title='bbox 1851 3531 1962 3588; x_wconf 89' lang='lat' dir='ltr'><strong>est,</strong></span> <span class='ocrx_word' id='word_1_546' title='bbox 1993 3521 2242 3583; x_wconf 84' lang='lat' dir='ltr'><strong>edoctus,</strong></span> <span class='ocrx_word' id='word_1_547' title='bbox 2272 3535 2397 3576; x_wconf 88' lang='lat' dir='ltr'><strong>eum</strong></span> <span class='ocrx_word' id='word_1_548' title='bbox 2427 3520 2522 3590; x_wconf 86' lang='lat' dir='ltr'><strong>qui</strong></span> <span class='ocrx_word' id='word_1_549' title='bbox 2553 3517 2708 3573; x_wconf 90' lang='lat' dir='ltr'><strong>bellis</strong></span> <span class='ocrx_word' id='word_1_550' title='bbox 2736 3516 3066 3585; x_wconf 79' lang='lat' dir='ltr'><strong>defatigatus</strong></span> <span class='ocrx_word' id='word_1_551' title='bbox 3095 3516 3294 3580; x_wconf 79' lang='lat' dir='ltr'><strong>fuerat,</strong></span> <span class='ocrx_word' id='word_1_552' title='bbox 3330 3527 3440 3566; x_wconf 84' lang='lat' dir='ltr'><strong>non</strong></span> 
     </span>
    </p>
   </div>
   <div class='ocr_carea' id='block_1_79' title="bbox 1851 3605 3443 3687">
    <p class='ocr_par' dir='ltr' id='par_1_79' title="bbox 1851 3605 3443 3687">
     <span class='ocr_line' id='line_1_79' title="bbox 1851 3605 3443 3687; baseline -0.01 -15"><span class='ocrx_word' id='word_1_553' title='bbox 1851 3624 2106 3687; x_wconf 87' lang='lat' dir='ltr'><strong>oportere</strong></span> <span class='ocrx_word' id='word_1_554' title='bbox 2153 3611 2458 3669; x_wconf 82' lang='lat' dir='ltr'><strong>sanetitatis</strong></span> <span class='ocrx_word' id='word_1_555' title='bbox 2511 3611 2778 3680; x_wconf 90' lang='lat' dir='ltr'><strong>templum</strong></span> <span class='ocrx_word' id='word_1_556' title='bbox 2832 3609 3083 3678; x_wconf 78' lang='lat' dir='ltr'><strong>erigere:</strong></span> <span class='ocrx_word' id='word_1_557' title='bbox 3135 3605 3249 3660; x_wconf 89' lang='lat' dir='ltr'><strong>ﬁlio</strong></span> <span class='ocrx_word' id='word_1_558' title='bbox 3313 3621 3443 3657; x_wconf 83' lang='lat' dir='ltr'><strong>vero</strong></span> 
     </span>
    </p>
   </div>
   <div class='ocr_carea' id='block_1_80' title="bbox 1853 3694 3446 3768">
    <p class='ocr_par' dir='ltr' id='par_1_80' title="bbox 1853 3694 3446 3768">
     <span class='ocr_line' id='line_1_80' title="bbox 1853 3694 3446 3768; baseline -0.01 -4"><span class='ocrx_word' id='word_1_559' title='bbox 1853 3709 2000 3764; x_wconf 90' lang='lat' dir='ltr'><strong>illius</strong></span> <span class='ocrx_word' id='word_1_560' title='bbox 2028 3719 2418 3763; x_wconf 87' lang='lat' dir='ltr'><strong>concessurum</strong></span> <span class='ocrx_word' id='word_1_561' title='bbox 2461 3701 2630 3756; x_wconf 88' lang='lat' dir='ltr'><strong>Deum</strong></span> <span class='ocrx_word' id='word_1_562' title='bbox 2663 3713 2894 3767; x_wconf 75' lang='lat' dir='ltr'><strong>regnum</strong></span> <span class='ocrx_word' id='word_1_563' title='bbox 2931 3697 3218 3768; x_wconf 71' lang='lat' dir='ltr'><strong>paciﬁcum</strong></span> <span class='ocrx_word' id='word_1_564' title='bbox 3251 3694 3446 3750; x_wconf 87' lang='lat' dir='ltr'><strong>simul-</strong></span> 
     </span>
    </p>
   </div>
   <div class='ocr_carea' id='block_1_81' title="bbox 1853 3787 3439 3872">
    <p class='ocr_par' dir='ltr' id='par_1_81' title="bbox 1853 3787 3439 3872">
     <span class='ocr_line' id='line_1_81' title="bbox 1853 3787 3439 3872; baseline -0.009 -15"><span class='ocrx_word' id='word_1_565' title='bbox 1853 3815 1960 3872; x_wconf 92' lang='lat' dir='ltr'><strong>que</strong></span> <span class='ocrx_word' id='word_1_566' title='bbox 1989 3798 2171 3868; x_wconf 89' lang='lat' dir='ltr'><strong>templi</strong></span> <span class='ocrx_word' id='word_1_567' title='bbox 2203 3795 2696 3857; x_wconf 84' lang='lat' dir='ltr'><strong>constructionem,</strong></span> <span class='ocrx_word' id='word_1_568' title='bbox 2727 3790 3006 3862; x_wconf 87' lang='lat' dir='ltr'><strong>pollicitus</strong></span> <span class='ocrx_word' id='word_1_569' title='bbox 3033 3797 3117 3844; x_wconf 87' lang='lat' dir='ltr'><strong>est</strong></span> <span class='ocrx_word' id='word_1_570' title='bbox 3151 3787 3439 3858; x_wconf 82' lang='lat' dir='ltr'><strong>propheta.</strong></span> 
     </span>
    </p>
   </div>
   <div class='ocr_carea' id='block_1_82' title="bbox 1853 3885 3446 3957">
    <p class='ocr_par' dir='ltr' id='par_1_82' title="bbox 1853 3885 3446 3957">
     <span class='ocr_line' id='line_1_82' title="bbox 1853 3885 3446 3957; baseline -0.01 -10"><span class='ocrx_word' id='word_1_571' title='bbox 1853 3890 2204 3947; x_wconf 79' lang='lat' dir='ltr'><strong>lnterl‘ectum</strong></span> <span class='ocrx_word' id='word_1_572' title='bbox 2254 3887 2563 3957; x_wconf 82' lang='lat' dir='ltr'><strong>intelligens</strong></span> <span class='ocrx_word' id='word_1_573' title='bbox 2598 3885 2775 3938; x_wconf 82' lang='lat' dir='ltr'><strong>Saulis</strong></span> <span class='ocrx_word' id='word_1_574' title='bbox 2807 3897 3010 3954; x_wconf 83' lang='lat' dir='ltr'><strong>genus,</strong></span> <span class='ocrx_word' id='word_1_575' title='bbox 3039 3897 3148 3952; x_wconf 91' lang='lat' dir='ltr'><strong>qua</strong></span> <span class='ocrx_word' id='word_1_576' title='bbox 3177 3889 3294 3934; x_wconf 82' lang='lat' dir='ltr'><strong>erat</strong></span> <span class='ocrx_word' id='word_1_577' title='bbox 3315 3894 3446 3950; x_wconf 70' lang='lat' dir='ltr'><strong>erga</strong></span> 
     </span>
    </p>
   </div>
   <div class='ocr_carea' id='block_1_83' title="bbox 1855 3974 3446 4047">
    <p class='ocr_par' dir='ltr' id='par_1_83' title="bbox 1855 3974 3446 4047">
     <span class='ocr_line' id='line_1_83' title="bbox 1855 3974 3446 4047; baseline -0.009 -6"><span class='ocrx_word' id='word_1_578' title='bbox 1855 3987 2006 4043; x_wconf 90' lang='lat' dir='ltr'><strong>illum</strong></span> <span class='ocrx_word' id='word_1_579' title='bbox 2040 3983 2348 4040; x_wconf 88' lang='lat' dir='ltr'><strong>reverentia</strong></span> <span class='ocrx_word' id='word_1_580' title='bbox 2377 3989 2432 4036; x_wconf 88' lang='lat' dir='ltr'><strong>et</strong></span> <span class='ocrx_word' id='word_1_581' title='bbox 2473 3981 2683 4035; x_wconf 91' lang='lat' dir='ltr'><strong>honore</strong></span> <span class='ocrx_word' id='word_1_582' title='bbox 2717 3977 2966 4041; x_wconf 81' lang='lat' dir='ltr'><strong>aﬂ&#39;eetus,</strong></span> <span class='ocrx_word' id='word_1_583' title='bbox 2997 3976 3325 4047; x_wconf 79' lang='lat' dir='ltr'><strong>quaerendos</strong></span> <span class='ocrx_word' id='word_1_584' title='bbox 3353 3974 3446 4042; x_wconf 87' lang='lat' dir='ltr'><strong>ju-</strong></span> 
     </span>
    </p>
   </div>
   <div class='ocr_carea' id='block_1_84' title="bbox 1856 4069 3449 4148">
    <p class='ocr_par' dir='ltr' id='par_1_84' title="bbox 1856 4069 3449 4148">
     <span class='ocr_line' id='line_1_84' title="bbox 1856 4069 3449 4148; baseline -0.009 -12"><span class='ocrx_word' id='word_1_585' title='bbox 1856 4081 1947 4136; x_wconf 89' lang='lat' dir='ltr'><strong>bet</strong></span> <span class='ocrx_word' id='word_1_586' title='bbox 1977 4078 2021 4134; x_wconf 92' lang='lat' dir='ltr'><strong>si</strong></span> <span class='ocrx_word' id='word_1_587' title='bbox 2052 4077 2147 4148; x_wconf 89' lang='lat' dir='ltr'><strong>qui</strong></span> <span class='ocrx_word' id='word_1_588' title='bbox 2179 4076 2330 4130; x_wconf 91' lang='lat' dir='ltr'><strong>illum</strong></span> <span class='ocrx_word' id='word_1_589' title='bbox 2379 4073 2783 4143; x_wconf 82' lang='lat' dir='ltr'><strong>contingerent,</strong></span> <span class='ocrx_word' id='word_1_590' title='bbox 2811 4085 2920 4141; x_wconf 88' lang='lat' dir='ltr'><strong>quo</strong></span> <span class='ocrx_word' id='word_1_591' title='bbox 2951 4083 3046 4124; x_wconf 92' lang='lat' dir='ltr'><strong>eos</strong></span> <span class='ocrx_word' id='word_1_592' title='bbox 3075 4069 3286 4122; x_wconf 91' lang='lat' dir='ltr'><strong>honore</strong></span> <span class='ocrx_word' id='word_1_593' title='bbox 3321 4080 3449 4134; x_wconf 91' lang='lat' dir='ltr'><strong>pro-</strong></span> 
     </span>
    </p>
   </div>
   <div class='ocr_carea' id='block_1_85' title="bbox 1855 4157 3444 4244">
    <p class='ocr_par' dir='ltr' id='par_1_85' title="bbox 1855 4157 3444 4244">
     <span class='ocr_line' id='line_1_85' title="bbox 1855 4157 3444 4244; baseline -0.013 -14"><span class='ocrx_word' id='word_1_594' title='bbox 1855 4173 2010 4244; x_wconf 86' lang='lat' dir='ltr'><strong>sequi</strong></span> <span class='ocrx_word' id='word_1_595' title='bbox 2053 4177 2234 4242; x_wconf 84' lang='lat' dir='ltr'><strong>posset</strong></span> <span class='ocrx_word' id='word_1_596' title='bbox 2257 4179 2310 4224; x_wconf 88' lang='lat' dir='ltr'><strong>et</strong></span> <span class='ocrx_word' id='word_1_597' title='bbox 2331 4165 2746 4224; x_wconf 81' lang='lat' dir='ltr'><strong>benevolentia.</strong></span> <span class='ocrx_word' id='word_1_598' title='bbox 2775 4164 2853 4218; x_wconf 90' lang='lat' dir='ltr'><strong>Ac</strong></span> <span class='ocrx_word' id='word_1_599' title='bbox 2886 4177 3018 4218; x_wconf 91' lang='lat' dir='ltr'><strong>sane</strong></span> <span class='ocrx_word' id='word_1_600' title='bbox 3057 4175 3183 4214; x_wconf 90' lang='lat' dir='ltr'><strong>cum</strong></span> <span class='ocrx_word' id='word_1_601' title='bbox 3221 4158 3326 4228; x_wconf 91' lang='lat' dir='ltr'><strong>ipsi</strong></span> <span class='ocrx_word' id='word_1_602' title='bbox 3355 4157 3444 4210; x_wconf 83' lang='lat' dir='ltr'><strong>in-</strong></span> 
     </span>
    </p>
   </div>
   <div class='ocr_carea' id='block_1_86' title="bbox 1855 4248 3448 4328">
    <p class='ocr_par' dir='ltr' id='par_1_86' title="bbox 1855 4248 3448 4328">
     <span class='ocr_line' id='line_1_86' title="bbox 1855 4248 3448 4328; baseline -0.014 -6"><span class='ocrx_word' id='word_1_603' title='bbox 1855 4267 2096 4322; x_wconf 88' lang='lat' dir='ltr'><strong>dicatum</strong></span> <span class='ocrx_word' id='word_1_604' title='bbox 2148 4262 2362 4328; x_wconf 79' lang='lat' dir='ltr'><strong>fuisset,</strong></span> <span class='ocrx_word' id='word_1_605' title='bbox 2393 4273 2684 4328; x_wconf 90' lang='lat' dir='ltr'><strong>superesse</strong></span> <span class='ocrx_word' id='word_1_606' title='bbox 2715 4253 3028 4326; x_wconf 90' lang='lat' dir='ltr'><strong>quempiam</strong></span> <span class='ocrx_word' id='word_1_607' title='bbox 3065 4251 3235 4304; x_wconf 88' lang='lat' dir='ltr'><strong>ﬁlium</strong></span> <span class='ocrx_word' id='word_1_608' title='bbox 3276 4248 3448 4302; x_wconf 84' lang='lat' dir='ltr'><strong>Jona—</strong></span> 
     </span>
    </p>
   </div>
   <div class='ocr_carea' id='block_1_87' title="bbox 1857 4339 3452 4418">
    <p class='ocr_par' dir='ltr' id='par_1_87' title="bbox 1857 4339 3452 4418">
     <span class='ocr_line' id='line_1_87' title="bbox 1857 4339 3452 4418; baseline -0.011 -9"><span class='ocrx_word' id='word_1_609' title='bbox 1857 4355 1984 4418; x_wconf 72' lang='lat' dir='ltr'><strong>thte,</strong></span> <span class='ocrx_word' id='word_1_610' title='bbox 2007 4353 2095 4408; x_wconf 86' lang='lat' dir='ltr'><strong>cui</strong></span> <span class='ocrx_word' id='word_1_611' title='bbox 2117 4365 2316 4406; x_wconf 90' lang='lat' dir='ltr'><strong>nomen</strong></span> <span class='ocrx_word' id='word_1_612' title='bbox 2341 4346 2733 4416; x_wconf 82' lang='lat' dir='ltr'><strong>Mempbibaul,</strong></span> <span class='ocrx_word' id='word_1_613' title='bbox 2753 4344 2846 4412; x_wconf 90' lang='lat' dir='ltr'><strong>qui</strong></span> <span class='ocrx_word' id='word_1_614' title='bbox 2865 4351 2918 4396; x_wconf 89' lang='lat' dir='ltr'><strong>et</strong></span> <span class='ocrx_word' id='word_1_615' title='bbox 2937 4340 3165 4410; x_wconf 87' lang='lat' dir='ltr'><strong>pedibus</strong></span> <span class='ocrx_word' id='word_1_616' title='bbox 3191 4339 3452 4393; x_wconf 84' lang='lat' dir='ltr'><strong>laborans</strong></span> 
     </span>
    </p>
   </div>
   <div class='ocr_carea' id='block_1_88' title="bbox 1856 4429 3448 4509">
    <p class='ocr_par' dir='ltr' id='par_1_88' title="bbox 1856 4429 3448 4509">
     <span class='ocr_line' id='line_1_88' title="bbox 1856 4429 3448 4509; baseline -0.014 -5"><span class='ocrx_word' id='word_1_617' title='bbox 1856 4449 2112 4504; x_wconf 81' lang='lat' dir='ltr'><strong>eluxatus</strong></span> <span class='ocrx_word' id='word_1_618' title='bbox 2138 4451 2292 4509; x_wconf 86' lang='lat' dir='ltr'><strong>erat;</strong></span> <span class='ocrx_word' id='word_1_619' title='bbox 2323 4440 2521 4496; x_wconf 78' lang='lat' dir='ltr'><strong>festive</strong></span> <span class='ocrx_word' id='word_1_620' title='bbox 2553 4439 2703 4492; x_wconf 91' lang='lat' dir='ltr'><strong>illum</strong></span> <span class='ocrx_word' id='word_1_621' title='bbox 2741 4433 3168 4503; x_wconf 90' lang='lat' dir='ltr'><strong>bumaniterque</strong></span> <span class='ocrx_word' id='word_1_622' title='bbox 3197 4429 3448 4498; x_wconf 89' lang='lat' dir='ltr'><strong>suscipit,</strong></span> 
     </span>
    </p>
   </div>
   <div class='ocr_carea' id='block_1_89' title="bbox 171 4523 1742 4616">
    <p class='ocr_par' dir='ltr' id='par_1_89' title="bbox 171 4535 1742 4616">
     <span class='ocr_line' id='line_1_89' title="bbox 171 4535 1742 4616; baseline 0.008 -29"><span class='ocrx_word' id='word_1_623' title='bbox 171 4535 338 4588; x_wconf 68' lang='grc' dir='ltr'><strong>οὐσίαν</strong></span> <span class='ocrx_word' id='word_1_624' title='bbox 374 4537 610 4590; x_wconf 75' lang='grc' dir='ltr'><strong>ἃπασαν</strong></span> <span class='ocrx_word' id='word_1_625' title='bbox 647 4538 800 4608; x_wconf 72' lang='grc' dir='ltr'><strong>αὐτῷ</strong></span> <span class='ocrx_word' id='word_1_626' title='bbox 843 4537 1026 4592; x_wconf 83' lang='grc' dir='ltr'><strong>δίδωσι</strong></span> <span class='ocrx_word' id='word_1_627' title='bbox 1068 4541 1168 4612; x_wconf 78' lang='grc' dir='ltr'><strong>τὴν</strong></span> <span class='ocrx_word' id='word_1_628' title='bbox 1217 4542 1408 4609; x_wconf 82' lang='grc' dir='ltr'><strong>Σαοὺλ,</strong></span> <span class='ocrx_word' id='word_1_629' title='bbox 1447 4543 1742 4616; x_wconf 81' lang='grc' dir='ltr'><strong>ἐπίτροπον</strong></span> 
     </span>
    </p>
   </div>
   <div class='ocr_carea' id='block_1_90' title="bbox 1846 4523 3449 4616">
    <p class='ocr_par' dir='ltr' id='par_1_90' title="bbox 1856 4523 3449 4596">
     <span class='ocr_line' id='line_1_90' title="bbox 1856 4523 3449 4596; baseline -0.014 0"><span class='ocrx_word' id='word_1_630' title='bbox 1856 4552 1912 4596; x_wconf 92' lang='lat' dir='ltr'><strong>et</strong></span> <span class='ocrx_word' id='word_1_631' title='bbox 1939 4537 2364 4594; x_wconf 88' lang='lat' dir='ltr'><strong>commensalem</strong></span> <span class='ocrx_word' id='word_1_632' title='bbox 2395 4531 2608 4594; x_wconf 89' lang='lat' dir='ltr'><strong>habuit,</strong></span> <span class='ocrx_word' id='word_1_633' title='bbox 2644 4545 2708 4585; x_wconf 91' lang='lat' dir='ltr'><strong>ac</strong></span> <span class='ocrx_word' id='word_1_634' title='bbox 2736 4527 3098 4584; x_wconf 83' lang='lat' dir='ltr'><strong>substantiam</strong></span> <span class='ocrx_word' id='word_1_635' title='bbox 3134 4523 3449 4578; x_wconf 86' lang='lat' dir='ltr'><strong>universam</strong></span> 
     </span>
    </p>
   </div>
   <div class='ocr_carea' id='block_1_91' title="bbox 173 4629 1750 4707">
    <p class='ocr_par' dir='ltr' id='par_1_91' title="bbox 173 4629 1750 4707">
     <span class='ocr_line' id='line_1_91' title="bbox 173 4629 1750 4707; baseline 0.011 -28"><span class='ocrx_word' id='word_1_636' title='bbox 173 4629 300 4698; x_wconf 68' lang='grc' dir='ltr'><strong>αὐτῷ</strong></span> <span class='ocrx_word' id='word_1_637' title='bbox 351 4631 484 4694; x_wconf 73' lang='grc' dir='ltr'><strong>δοὺς</strong></span> <span class='ocrx_word' id='word_1_638' title='bbox 546 4631 770 4684; x_wconf 75' lang='grc' dir='ltr'><strong>πάντων</strong></span> <span class='ocrx_word' id='word_1_639' title='bbox 825 4633 962 4702; x_wconf 83' lang='grc' dir='ltr'><strong>ὁμοῦ</strong></span> <span class='ocrx_word' id='word_1_640' title='bbox 1000 4633 1112 4688; x_wconf 85' lang='grc' dir='ltr'><strong>τῶν</strong></span> <span class='ocrx_word' id='word_1_641' title='bbox 1157 4639 1526 4707; x_wconf 77' lang='grc' dir='ltr'><strong>πραγμάτων,</strong></span> <span class='ocrx_word' id='word_1_642' title='bbox 1583 4639 1750 4696; x_wconf 78' lang='grc' dir='ltr'><strong>Σιϐἄν</strong></span> 
     </span>
    </p>
   </div>
   <div class='ocr_carea' id='block_1_92' title="bbox 171 4721 1752 4800">
    <p class='ocr_par' dir='ltr' id='par_1_92' title="bbox 171 4721 1752 4800">
     <span class='ocr_line' id='line_1_92' title="bbox 171 4721 1752 4800; baseline 0.011 -31"><span class='ocrx_word' id='word_1_643' title='bbox 171 4721 400 4792; x_wconf 65' lang='grc' dir='ltr'><strong>ὀνόματι,</strong></span> <span class='ocrx_word' id='word_1_644' title='bbox 431 4725 630 4779; x_wconf 72' lang='grc' dir='ltr'><strong>δοῦλον</strong></span> <span class='ocrx_word' id='word_1_645' title='bbox 659 4724 814 4795; x_wconf 83' lang='grc' dir='ltr'><strong>αὑτῷ</strong></span> <span class='ocrx_word' id='word_1_646' title='bbox 853 4727 1110 4798; x_wconf 79' lang='grc' dir='ltr'><strong>πατρῷον</strong></span> <span class='ocrx_word' id='word_1_647' title='bbox 1139 4730 1529 4800; x_wconf 86' lang='grc' dir='ltr'><strong>γεγενημένον.</strong></span> <span class='ocrx_word' id='word_1_648' title='bbox 1563 4731 1752 4796; x_wconf 72' lang='grc' dir='ltr'><strong>Οὕτως</strong></span> 
     </span>
    </p>
   </div>
   <div class='ocr_carea' id='block_1_93' title="bbox 169 4807 1752 4889">
    <p class='ocr_par' dir='ltr' id='par_1_93' title="bbox 169 4807 1752 4889">
     <span class='ocr_line' id='line_1_93' title="bbox 169 4807 1752 4889; baseline 0.008 -23"><span class='ocrx_word' id='word_1_649' title='bbox 169 4807 230 4881; x_wconf 80' lang='grc' dir='ltr'><strong>ἦν</strong></span> <span class='ocrx_word' id='word_1_650' title='bbox 273 4817 366 4870; x_wconf 75' lang='grc' dir='ltr'><strong>καὶ</strong></span> <span class='ocrx_word' id='word_1_651' title='bbox 413 4819 559 4888; x_wconf 77' lang='grc' dir='ltr'><strong>περὶ</strong></span> <span class='ocrx_word' id='word_1_652' title='bbox 608 4819 734 4882; x_wconf 80' lang='grc' dir='ltr'><strong>τοὺς</strong></span> <span class='ocrx_word' id='word_1_653' title='bbox 787 4819 1105 4889; x_wconf 83' lang='grc' dir='ltr'><strong>οἰχομένους</strong></span> <span class='ocrx_word' id='word_1_654' title='bbox 1148 4821 1466 4885; x_wconf 83' lang='grc' dir='ltr'><strong>ὁσιώτατος.</strong></span> <span class='ocrx_word' id='word_1_655' title='bbox 1531 4824 1592 4876; x_wconf 90' lang='grc' dir='ltr'>Ὁ</span> <span class='ocrx_word' id='word_1_656' title='bbox 1642 4823 1752 4879; x_wconf 82' lang='grc' dir='ltr'><strong>τῶν</strong></span> 
     </span>
    </p>
   </div>
   <div class='ocr_carea' id='block_1_94' title="bbox 183 4905 1752 4984">
    <p class='ocr_par' dir='ltr' id='par_1_94' title="bbox 183 4905 1752 4984">
     <span class='ocr_line' id='line_1_94' title="bbox 183 4905 1752 4984; baseline 0.009 -29"><span class='ocrx_word' id='word_1_657' title='bbox 183 4905 528 4976; x_wconf 67' lang='grc' dir='ltr'><strong>’.ιμμανιτῶν</strong></span> <span class='ocrx_word' id='word_1_658' title='bbox 573 4909 850 4978; x_wconf 78' lang='grc' dir='ltr'><strong>βασιλεὺς,</strong></span> <span class='ocrx_word' id='word_1_659' title='bbox 895 4912 1168 4981; x_wconf 85' lang='grc' dir='ltr'><strong>φεύγοντα</strong></span> <span class='ocrx_word' id='word_1_660' title='bbox 1212 4913 1612 4984; x_wconf 81' lang='grc' dir='ltr'><strong>δεξιωσάμενος</strong></span> <span class='ocrx_word' id='word_1_661' title='bbox 1655 4916 1752 4969; x_wconf 83' lang='grc' dir='ltr'><strong>αὺ-</strong></span> 
     </span>
    </p>
   </div>
   <div class='ocr_carea' id='block_1_95' title="bbox 171 5001 1754 5077">
    <p class='ocr_par' dir='ltr' id='par_1_95' title="bbox 171 5001 1754 5077">
     <span class='ocr_line' id='line_1_95' title="bbox 171 5001 1754 5077; baseline 0.008 -29"><span class='ocrx_word' id='word_1_662' title='bbox 171 5001 272 5060; x_wconf 70' lang='grc' dir='ltr'><strong>τδν,</strong></span> <span class='ocrx_word' id='word_1_663' title='bbox 299 5004 358 5054; x_wconf 78' lang='grc' dir='ltr'><strong>ἐν</strong></span> <span class='ocrx_word' id='word_1_664' title='bbox 385 5005 506 5066; x_wconf 81' lang='grc' dir='ltr'><strong>τοῖς</strong></span> <span class='ocrx_word' id='word_1_665' title='bbox 537 5003 716 5070; x_wconf 83' lang='grc' dir='ltr'><strong>φίλοις</strong></span> <span class='ocrx_word' id='word_1_666' title='bbox 759 5002 1078 5074; x_wconf 85' lang='grc' dir='ltr'><strong>ἠριθμεῖτο·</strong></span> <span class='ocrx_word' id='word_1_667' title='bbox 1117 5007 1307 5076; x_wconf 75' lang='grc' dir='ltr'><strong>ἐπειδὴ</strong></span> <span class='ocrx_word' id='word_1_668' title='bbox 1339 5007 1617 5077; x_wconf 85' lang='grc' dir='ltr'><strong>τεθνήκει,</strong></span> <span class='ocrx_word' id='word_1_669' title='bbox 1653 5009 1754 5077; x_wconf 80' lang='grc' dir='ltr'><strong>τὴν</strong></span> 
     </span>
    </p>
   </div>
   <div class='ocr_carea' id='block_1_96' title="bbox 173 5089 1754 5163">
    <p class='ocr_par' dir='ltr' id='par_1_96' title="bbox 173 5089 1754 5163">
     <span class='ocr_line' id='line_1_96' title="bbox 173 5089 1754 5163; baseline 0.008 -23"><span class='ocrx_word' id='word_1_670' title='bbox 173 5089 368 5145; x_wconf 72' lang='grc' dir='ltr'><strong>ἐιείνου</strong></span> <span class='ocrx_word' id='word_1_671' title='bbox 419 5095 656 5163; x_wconf 86' lang='grc' dir='ltr'><strong>μνήμην</strong></span> <span class='ocrx_word' id='word_1_672' title='bbox 698 5095 898 5163; x_wconf 85' lang='grc' dir='ltr'><strong>τιμῶν,</strong></span> <span class='ocrx_word' id='word_1_673' title='bbox 937 5096 1257 5150; x_wconf 83' lang='grc' dir='ltr'><strong>ἀπέστειλεν</strong></span> <span class='ocrx_word' id='word_1_674' title='bbox 1310 5099 1403 5151; x_wconf 74' lang='grc' dir='ltr'><strong>ἐπὶ</strong></span> <span class='ocrx_word' id='word_1_675' title='bbox 1433 5099 1524 5151; x_wconf 83' lang='grc' dir='ltr'><strong>τὸν</strong></span> <span class='ocrx_word' id='word_1_676' title='bbox 1562 5099 1754 5152; x_wconf 87' lang='grc' dir='ltr'><strong>τούτου</strong></span> 
     </span>
    </p>
   </div>
   <div class='ocr_carea' id='block_1_97' title="bbox 177 5185 1758 5260">
    <p class='ocr_par' dir='ltr' id='par_1_97' title="bbox 177 5185 1758 5260">
     <span class='ocr_line' id='line_1_97' title="bbox 177 5185 1758 5260; baseline 0.008 -28"><span class='ocrx_word' id='word_1_677' title='bbox 177 5185 326 5237; x_wconf 73' lang='grc' dir='ltr'><strong>παῖδα.</strong></span> <span class='ocrx_word' id='word_1_678' title='bbox 359 5185 598 5240; x_wconf 73' lang='grc' dir='ltr'><strong>Ἀνανδν</strong></span> <span class='ocrx_word' id='word_1_679' title='bbox 627 5188 754 5252; x_wconf 76' lang='grc' dir='ltr'><strong>τοὺς</strong></span> <span class='ocrx_word' id='word_1_680' title='bbox 781 5187 1292 5258; x_wconf 85' lang='grc' dir='ltr'><strong>παρακαλέσοντας,</strong></span> <span class='ocrx_word' id='word_1_681' title='bbox 1325 5191 1570 5260; x_wconf 84' lang='grc' dir='ltr'><strong>διάδοχον</strong></span> <span class='ocrx_word' id='word_1_682' title='bbox 1593 5191 1758 5244; x_wconf 76' lang='grc' dir='ltr'><strong>αὑτὸν</strong></span> 
     </span>
    </p>
   </div>
   <div class='ocr_carea' id='block_1_98' title="bbox 1461 5282 1760 5348">
    <p class='ocr_par' dir='ltr' id='par_1_98' title="bbox 1461 5282 1760 5348">
     <span class='ocr_line' id='line_1_98' title="bbox 1461 5282 1760 5348; baseline 0 -13"><span class='ocrx_word' id='word_1_683' title='bbox 1461 5283 1520 5335; x_wconf 88' lang='grc'><strong>’0</strong></span> <span class='ocrx_word' id='word_1_684' title='bbox 1573 5282 1652 5348; x_wconf 84' lang='grc' dir='ltr'><strong>δὲ,</strong></span> <span class='ocrx_word' id='word_1_685' title='bbox 1683 5283 1760 5345; x_wconf 90' lang='grc' dir='ltr'><strong>ώς</strong></span> 
     </span>
    </p>
   </div>
   <div class='ocr_carea' id='block_1_99' title="bbox 177 5371 1760 5443">
    <p class='ocr_par' dir='ltr' id='par_1_99' title="bbox 177 5371 1760 5443">
     <span class='ocr_line' id='line_1_99' title="bbox 177 5371 1760 5443; baseline 0.006 -27"><span class='ocrx_word' id='word_1_686' title='bbox 177 5371 552 5434; x_wconf 60' lang='grc' dir='ltr'><strong>κατασκόπους</strong></span> <span class='ocrx_word' id='word_1_687' title='bbox 577 5371 742 5425; x_wconf 81' lang='grc' dir='ltr'><strong>αὑτοῦ</strong></span> <span class='ocrx_word' id='word_1_688' title='bbox 767 5373 865 5441; x_wconf 80' lang='grc' dir='ltr'><strong>τῆς</strong></span> <span class='ocrx_word' id='word_1_689' title='bbox 891 5371 1168 5441; x_wconf 83' lang='grc' dir='ltr'><strong>βασιλείας</strong></span> <span class='ocrx_word' id='word_1_690' title='bbox 1186 5375 1314 5436; x_wconf 76' lang='grc' dir='ltr'><strong>τοὺς</strong></span> <span class='ocrx_word' id='word_1_691' title='bbox 1343 5375 1434 5426; x_wconf 75' lang='grc' dir='ltr'><strong>επὶ</strong></span> <span class='ocrx_word' id='word_1_692' title='bbox 1450 5375 1550 5443; x_wconf 84' lang='grc' dir='ltr'><strong>τὴν</strong></span> <span class='ocrx_word' id='word_1_693' title='bbox 1578 5375 1760 5443; x_wconf 86' lang='grc' dir='ltr'><strong>παρὰ-</strong></span> 
     </span>
    </p>
   </div>
   <div class='ocr_carea' id='block_1_100' title="bbox 181 5459 1762 5536">
    <p class='ocr_par' dir='ltr' id='par_1_100' title="bbox 181 5459 1762 5536">
     <span class='ocr_line' id='line_1_100' title="bbox 181 5459 1762 5536; baseline 0.006 -27"><span class='ocrx_word' id='word_1_694' title='bbox 181 5459 348 5528; x_wconf 69' lang='grc' dir='ltr'><strong>κλησιν</strong></span> <span class='ocrx_word' id='word_1_695' title='bbox 375 5463 834 5536; x_wconf 72' lang='grc' dir='ltr'><strong>ἐπεσταλμένους</strong></span> <span class='ocrx_word' id='word_1_696' title='bbox 856 5465 1086 5535; x_wconf 81' lang='grc' dir='ltr'><strong>νομίσας</strong></span> <span class='ocrx_word' id='word_1_697' title='bbox 1109 5507 1122 5531; x_wconf 87' lang='grc'><strong>,</strong></span> <span class='ocrx_word' id='word_1_698' title='bbox 1153 5465 1308 5534; x_wconf 77' lang='grc' dir='ltr'><strong>ξυρεῖ</strong></span> <span class='ocrx_word' id='word_1_699' title='bbox 1333 5465 1458 5528; x_wconf 80' lang='grc' dir='ltr'><strong>τοὺς</strong></span> <span class='ocrx_word' id='word_1_700' title='bbox 1489 5463 1762 5533; x_wconf 86' lang='grc' dir='ltr'><strong>πώγωνας</strong></span> 
     </span>
    </p>
   </div>
   <div class='ocr_carea' id='block_1_101' title="bbox 175 5274 1395 5350">
    <p class='ocr_par' dir='ltr' id='par_1_101' title="bbox 175 5274 1395 5350">
     <span class='ocr_line' id='line_1_101' title="bbox 175 5274 1395 5350; baseline 0.011 -27"><span class='ocrx_word' id='word_1_701' title='bbox 175 5274 256 5340; x_wconf 70' lang='grc' dir='ltr'><strong>τῆς</strong></span> <span class='ocrx_word' id='word_1_702' title='bbox 289 5277 582 5346; x_wconf 78' lang='grc' dir='ltr'><strong>πατρικῆς</strong></span> <span class='ocrx_word' id='word_1_703' title='bbox 629 5277 810 5347; x_wconf 81' lang='grc' dir='ltr'><strong>φιλίας</strong></span> <span class='ocrx_word' id='word_1_704' title='bbox 851 5277 994 5334; x_wconf 79' lang='grc' dir='ltr'><strong>εἶναι</strong></span> <span class='ocrx_word' id='word_1_705' title='bbox 1052 5278 1395 5350; x_wconf 83' lang='grc' dir='ltr'><strong>βουλόμενος.</strong></span> 
     </span>
    </p>
   </div>
   <div class='ocr_carea' id='block_1_102' title="bbox 241 5645 772 5717">
    <p class='ocr_par' dir='ltr' id='par_1_102' title="bbox 241 5645 772 5717">
     <span class='ocr_line' id='line_1_102' title="bbox 241 5645 772 5717; baseline 0.002 -18"><span class='ocrx_word' id='word_1_706' title='bbox 241 5647 276 5674; x_wconf 82' lang='grc'><strong>²¹</strong></span> <span class='ocrx_word' id='word_1_707' title='bbox 309 5645 348 5699; x_wconf 89' lang='lat' dir='ltr'><strong>ll</strong></span> <span class='ocrx_word' id='word_1_708' title='bbox 381 5646 522 5717; x_wconf 76' lang='lat' dir='ltr'><strong>Reg.</strong></span> <span class='ocrx_word' id='word_1_709' title='bbox 568 5661 652 5710; x_wconf 88' lang='lat' dir='ltr'><strong>Ill,</strong></span> <span class='ocrx_word' id='word_1_710' title='bbox 682 5646 772 5700; x_wconf 73' lang='lat'><strong>28.</strong></span> 
     </span>
    </p>
   </div>
   <div class='ocr_carea' id='block_1_103' title="bbox 1852 4615 3454 4700">
    <p class='ocr_par' dir='ltr' id='par_1_103' title="bbox 1852 4615 3454 4700">
     <span class='ocr_line' id='line_1_103' title="bbox 1852 4615 3454 4700; baseline -0.012 -13"><span class='ocrx_word' id='word_1_711' title='bbox 1852 4631 1902 4686; x_wconf 88' lang='lat' dir='ltr'><strong>ei</strong></span> <span class='ocrx_word' id='word_1_712' title='bbox 1935 4631 2114 4686; x_wconf 88' lang='lat' dir='ltr'><strong>reddit</strong></span> <span class='ocrx_word' id='word_1_713' title='bbox 2136 4643 2258 4700; x_wconf 85' lang='lat' dir='ltr'><strong>quae</strong></span> <span class='ocrx_word' id='word_1_714' title='bbox 2283 4625 2465 4680; x_wconf 88' lang='lat' dir='ltr'><strong>Saulis</strong></span> <span class='ocrx_word' id='word_1_715' title='bbox 2489 4623 2688 4686; x_wconf 79' lang='lat' dir='ltr'><strong>luerat,</strong></span> <span class='ocrx_word' id='word_1_716' title='bbox 2715 4629 3025 4678; x_wconf 88' lang='lat' dir='ltr'><strong>curatorem</strong></span> <span class='ocrx_word' id='word_1_717' title='bbox 3050 4617 3128 4672; x_wconf 89' lang='lat' dir='ltr'><strong>illi</strong></span> <span class='ocrx_word' id='word_1_718' title='bbox 3161 4615 3454 4685; x_wconf 87' lang='lat' dir='ltr'><strong>assignans</strong></span> 
     </span>
    </p>
   </div>
   <div class='ocr_carea' id='block_1_104' title="bbox 1851 4708 3454 4780">
    <p class='ocr_par' dir='ltr' id='par_1_104' title="bbox 1851 4708 3454 4780">
     <span class='ocr_line' id='line_1_104' title="bbox 1851 4708 3454 4780; baseline -0.013 0"><span class='ocrx_word' id='word_1_719' title='bbox 1851 4733 2176 4780; x_wconf 87' lang='lat' dir='ltr'><strong>cunctarum</strong></span> <span class='ocrx_word' id='word_1_720' title='bbox 2229 4719 2394 4776; x_wconf 87' lang='lat' dir='ltr'><strong>simul</strong></span> <span class='ocrx_word' id='word_1_721' title='bbox 2449 4733 2635 4773; x_wconf 88' lang='lat' dir='ltr'><strong>rerum</strong></span> <span class='ocrx_word' id='word_1_722' title='bbox 2697 4713 2867 4769; x_wconf 88' lang='lat' dir='ltr'><strong>Siban</strong></span> <span class='ocrx_word' id='word_1_723' title='bbox 2909 4709 3155 4773; x_wconf 89' lang='lat' dir='ltr'><strong>nomine,</strong></span> <span class='ocrx_word' id='word_1_724' title='bbox 3197 4709 3292 4778; x_wconf 92' lang='lat' dir='ltr'><strong>qui</strong></span> <span class='ocrx_word' id='word_1_725' title='bbox 3348 4708 3454 4761; x_wconf 91' lang='lat' dir='ltr'><strong>sub</strong></span> 
     </span>
    </p>
   </div>
   <div class='ocr_carea' id='block_1_105' title="bbox 1855 4799 3452 4888">
    <p class='ocr_par' dir='ltr' id='par_1_105' title="bbox 1855 4799 3452 4888">
     <span class='ocr_line' id='line_1_105' title="bbox 1855 4799 3452 4888; baseline -0.014 -16"><span class='ocrx_word' id='word_1_726' title='bbox 1855 4825 2080 4888; x_wconf 87' lang='lat' dir='ltr'><strong>parente</strong></span> <span class='ocrx_word' id='word_1_727' title='bbox 2109 4813 2231 4884; x_wconf 81' lang='lat' dir='ltr'><strong>ejus</strong></span> <span class='ocrx_word' id='word_1_728' title='bbox 2261 4825 2455 4868; x_wconf 78' lang='lat' dir='ltr'><strong>servus</strong></span> <span class='ocrx_word' id='word_1_729' title='bbox 2488 4809 2637 4864; x_wconf 91' lang='lat' dir='ltr'><strong>illius</strong></span> <span class='ocrx_word' id='word_1_730' title='bbox 2667 4807 2866 4862; x_wconf 79' lang='lat' dir='ltr'><strong>fuerat.</strong></span> <span class='ocrx_word' id='word_1_731' title='bbox 2907 4803 3082 4857; x_wconf 85' lang='lat' dir='ltr'><strong>Tanta</strong></span> <span class='ocrx_word' id='word_1_732' title='bbox 3130 4809 3248 4856; x_wconf 86' lang='lat' dir='ltr'><strong>erat</strong></span> <span class='ocrx_word' id='word_1_733' title='bbox 3279 4799 3452 4852; x_wconf 90' lang='lat' dir='ltr'><strong>etiam</strong></span> 
     </span>
    </p>
   </div>
   <div class='ocr_carea' id='block_1_106' title="bbox 1856 4891 3452 4974">
    <p class='ocr_par' dir='ltr' id='par_1_106' title="bbox 1856 4891 3452 4974">
     <span class='ocr_line' id='line_1_106' title="bbox 1856 4891 3452 4974; baseline -0.016 -8"><span class='ocrx_word' id='word_1_734' title='bbox 1856 4911 1910 4966; x_wconf 92' lang='lat' dir='ltr'><strong>iu</strong></span> <span class='ocrx_word' id='word_1_735' title='bbox 1941 4917 2187 4964; x_wconf 88' lang='lat' dir='ltr'><strong>mortuos</strong></span> <span class='ocrx_word' id='word_1_736' title='bbox 2219 4907 2438 4974; x_wconf 85' lang='lat' dir='ltr'><strong>pietate.</strong></span> <span class='ocrx_word' id='word_1_737' title='bbox 2475 4901 2918 4958; x_wconf 82' lang='lat' dir='ltr'><strong>Ammanitarum</strong></span> <span class='ocrx_word' id='word_1_738' title='bbox 2961 4911 3078 4957; x_wconf 79' lang='lat' dir='ltr'><strong>rex,</strong></span> <span class='ocrx_word' id='word_1_739' title='bbox 3108 4893 3201 4962; x_wconf 93' lang='lat' dir='ltr'><strong>qui</strong></span> <span class='ocrx_word' id='word_1_740' title='bbox 3233 4891 3452 4960; x_wconf 82' lang='lat' dir='ltr'><strong>fugien-</strong></span> 
     </span>
    </p>
   </div>
   <div class='ocr_carea' id='block_1_107' title="bbox 1857 4983 3454 5065">
    <p class='ocr_par' dir='ltr' id='par_1_107' title="bbox 1857 4983 3454 5065">
     <span class='ocr_line' id='line_1_107' title="bbox 1857 4983 3454 5065; baseline -0.014 -5"><span class='ocrx_word' id='word_1_741' title='bbox 1857 5015 1963 5060; x_wconf 87' lang='lat' dir='ltr'><strong>tem</strong></span> <span class='ocrx_word' id='word_1_742' title='bbox 2011 5004 2164 5057; x_wconf 88' lang='lat' dir='ltr'><strong>illum</strong></span> <span class='ocrx_word' id='word_1_743' title='bbox 2217 5001 2447 5054; x_wconf 84' lang='lat' dir='ltr'><strong>comiter</strong></span> <span class='ocrx_word' id='word_1_744' title='bbox 2492 5001 2834 5065; x_wconf 87' lang='lat' dir='ltr'><strong>susceperat,</strong></span> <span class='ocrx_word' id='word_1_745' title='bbox 2871 4991 3018 5044; x_wconf 87' lang='lat' dir='ltr'><strong>inter</strong></span> <span class='ocrx_word' id='word_1_746' title='bbox 3055 4987 3204 5041; x_wconf 86' lang='lat' dir='ltr'><strong>illius</strong></span> <span class='ocrx_word' id='word_1_747' title='bbox 3243 4983 3454 5038; x_wconf 85' lang='lat' dir='ltr'><strong>amicos</strong></span> 
     </span>
    </p>
   </div>
   <div class='ocr_carea' id='block_1_108' title="bbox 1865 5081 3456 5161">
    <p class='ocr_par' dir='ltr' id='par_1_108' title="bbox 1865 5081 3456 5161">
     <span class='ocr_line' id='line_1_108' title="bbox 1865 5081 3456 5161; baseline -0.016 -7"><span class='ocrx_word' id='word_1_748' title='bbox 1865 5098 2214 5155; x_wconf 86' lang='lat' dir='ltr'><strong>censebatur.</strong></span> <span class='ocrx_word' id='word_1_749' title='bbox 2253 5093 2552 5161; x_wconf 86' lang='lat' dir='ltr'><strong>Postquam</strong></span> <span class='ocrx_word' id='word_1_750' title='bbox 2591 5097 2843 5143; x_wconf 87' lang='lat' dir='ltr'><strong>mortuus</strong></span> <span class='ocrx_word' id='word_1_751' title='bbox 2874 5091 2958 5138; x_wconf 89' lang='lat' dir='ltr'><strong>est</strong></span> <span class='ocrx_word' id='word_1_752' title='bbox 2981 5123 2996 5147; x_wconf 97' lang='lat'><strong>,</strong></span> <span class='ocrx_word' id='word_1_753' title='bbox 3039 5081 3186 5134; x_wconf 87' lang='lat' dir='ltr'><strong>illius</strong></span> <span class='ocrx_word' id='word_1_754' title='bbox 3227 5091 3456 5132; x_wconf 85' lang='lat' dir='ltr'><strong>venera-</strong></span> 
     </span>
    </p>
   </div>
   <div class='ocr_carea' id='block_1_109' title="bbox 1870 5167 3454 5256">
    <p class='ocr_par' dir='ltr' id='par_1_109' title="bbox 1870 5167 3454 5256">
     <span class='ocr_line' id='line_1_109' title="bbox 1870 5167 3454 5256; baseline -0.016 -12"><span class='ocrx_word' id='word_1_755' title='bbox 1870 5200 1956 5244; x_wconf 91' lang='lat' dir='ltr'><strong>tus</strong></span> <span class='ocrx_word' id='word_1_756' title='bbox 1987 5185 2329 5248; x_wconf 88' lang='lat' dir='ltr'><strong>memoriam,</strong></span> <span class='ocrx_word' id='word_1_757' title='bbox 2385 5183 2536 5238; x_wconf 85' lang='lat' dir='ltr'><strong>misit</strong></span> <span class='ocrx_word' id='word_1_758' title='bbox 2583 5181 2650 5235; x_wconf 86' lang='lat' dir='ltr'><strong>ad</strong></span> <span class='ocrx_word' id='word_1_759' title='bbox 2697 5179 2820 5250; x_wconf 84' lang='lat' dir='ltr'><strong>ejus</strong></span> <span class='ocrx_word' id='word_1_760' title='bbox 2855 5177 3026 5232; x_wconf 90' lang='lat' dir='ltr'><strong>ﬁlium</strong></span> <span class='ocrx_word' id='word_1_761' title='bbox 3075 5175 3326 5256; x_wconf 55' lang='lat' dir='ltr'><strong>Auanum</strong></span> <span class='ocrx_word' id='word_1_762' title='bbox 3359 5167 3454 5235; x_wconf 88' lang='lat' dir='ltr'><strong>qui</strong></span> 
     </span>
    </p>
   </div>
   <div class='ocr_carea' id='block_1_110' title="bbox 1861 5261 3456 5340">
    <p class='ocr_par' dir='ltr' id='par_1_110' title="bbox 1861 5261 3456 5340">
     <span class='ocr_line' id='line_1_110' title="bbox 1861 5261 3456 5340; baseline -0.015 -6"><span class='ocrx_word' id='word_1_763' title='bbox 1861 5293 1988 5334; x_wconf 82' lang='lat' dir='ltr'><strong>eum</strong></span> <span class='ocrx_word' id='word_1_764' title='bbox 2048 5276 2490 5336; x_wconf 85' lang='lat' dir='ltr'><strong>consolarentur,</strong></span> <span class='ocrx_word' id='word_1_765' title='bbox 2546 5270 2774 5340; x_wconf 84' lang='lat' dir='ltr'><strong>cupiens</strong></span> <span class='ocrx_word' id='word_1_766' title='bbox 2831 5279 3070 5336; x_wconf 71' lang='lat' dir='ltr'><strong>paterna:</strong></span> <span class='ocrx_word' id='word_1_767' title='bbox 3123 5261 3282 5314; x_wconf 79' lang='lat' dir='ltr'><strong>illum</strong></span> <span class='ocrx_word' id='word_1_768' title='bbox 3329 5271 3456 5312; x_wconf 83' lang='lat' dir='ltr'><strong>esse</strong></span> 
     </span>
    </p>
   </div>
   <div class='ocr_carea' id='block_1_111' title="bbox 1863 5351 3458 5427">
    <p class='ocr_par' dir='ltr' id='par_1_111' title="bbox 1863 5351 3458 5427">
     <span class='ocr_line' id='line_1_111' title="bbox 1863 5351 3458 5427; baseline -0.014 -1"><span class='ocrx_word' id='word_1_769' title='bbox 1863 5371 2120 5427; x_wconf 82' lang='lat' dir='ltr'><strong>amicitiae</strong></span> <span class='ocrx_word' id='word_1_770' title='bbox 2165 5379 2564 5424; x_wconf 85' lang='lat' dir='ltr'><strong>successorem.</strong></span> <span class='ocrx_word' id='word_1_771' title='bbox 2625 5363 2694 5416; x_wconf 86' lang='lat' dir='ltr'><strong>At</strong></span> <span class='ocrx_word' id='word_1_772' title='bbox 2751 5361 2862 5424; x_wconf 92' lang='lat' dir='ltr'><strong>ille,</strong></span> <span class='ocrx_word' id='word_1_773' title='bbox 2917 5373 3018 5412; x_wconf 92' lang='lat' dir='ltr'><strong>ceu</strong></span> <span class='ocrx_word' id='word_1_774' title='bbox 3077 5351 3458 5421; x_wconf 75' lang='lat' dir='ltr'><strong>exploratores</strong></span> 
     </span>
    </p>
   </div>
   <div class='ocr_carea' id='block_1_112' title="bbox 1865 5435 3458 5533">
    <p class='ocr_par' dir='ltr' id='par_1_112' title="bbox 1865 5435 3458 5533">
     <span class='ocr_line' id='line_1_112' title="bbox 1865 5435 3458 5533; baseline -0.017 -16"><span class='ocrx_word' id='word_1_775' title='bbox 1865 5462 2016 5533; x_wconf 79' lang='lat' dir='ltr'><strong>regni</strong></span> <span class='ocrx_word' id='word_1_776' title='bbox 2042 5460 2128 5515; x_wconf 88' lang='lat' dir='ltr'><strong>sui</strong></span> <span class='ocrx_word' id='word_1_777' title='bbox 2159 5457 2460 5514; x_wconf 89' lang='lat' dir='ltr'><strong>arbitratus</strong></span> <span class='ocrx_word' id='word_1_778' title='bbox 2503 5453 2760 5509; x_wconf 90' lang='lat' dir='ltr'><strong>homines</strong></span> <span class='ocrx_word' id='word_1_779' title='bbox 2804 5447 2898 5518; x_wconf 91' lang='lat' dir='ltr'><strong>qui</strong></span> <span class='ocrx_word' id='word_1_780' title='bbox 2933 5459 3034 5515; x_wconf 91' lang='lat' dir='ltr'><strong>pro</strong></span> <span class='ocrx_word' id='word_1_781' title='bbox 3080 5435 3458 5496; x_wconf 87' lang='lat' dir='ltr'><strong>consolatione</strong></span> 
     </span>
    </p>
   </div>
   <div class='ocr_carea' id='block_1_113' title="bbox 245 5793 2221 5876">
    <p class='ocr_par' dir='ltr' id='par_1_113' title="bbox 245 5793 2221 5876">
     <span class='ocr_line' id='line_1_113' title="bbox 245 5793 2221 5876; baseline -0.008 -17"><span class='ocrx_word' id='word_1_782' title='bbox 245 5803 352 5876; x_wconf 77' lang='lat'><strong>(30)</strong></span> <span class='ocrx_word' id='word_1_783' title='bbox 391 5802 628 5860; x_wconf 78' lang='lat' dir='ltr'><strong>Videtur</strong></span> <span class='ocrx_word' id='word_1_784' title='bbox 677 5803 731 5858; x_wconf 77' lang='grc' dir='ltr'><strong>δὲ</strong></span> <span class='ocrx_word' id='word_1_785' title='bbox 784 5803 1082 5868; x_wconf 74' lang='lat' dir='ltr'><strong>abun&#39;are,</strong></span> <span class='ocrx_word' id='word_1_786' title='bbox 1125 5813 1219 5859; x_wconf 88' lang='lat' dir='ltr'><strong>aut</strong></span> <span class='ocrx_word' id='word_1_787' title='bbox 1274 5810 1422 5860; x_wconf 83' lang='lat' dir='ltr'><strong>certe</strong></span> <span class='ocrx_word' id='word_1_788' title='bbox 1456 5800 1610 5857; x_wconf 61' lang='lat' dir='ltr'><strong>locus</strong></span> <span class='ocrx_word' id='word_1_789' title='bbox 1657 5797 1936 5868; x_wconf 84' lang='lat' dir='ltr'><strong>aliquanto</strong></span> <span class='ocrx_word' id='word_1_790' title='bbox 1969 5793 2221 5850; x_wconf 84' lang='lat' dir='ltr'><strong>deﬁcere.</strong></span> 
     </span>
    </p>
   </div>
  </div>
