4044 6422
545 369 616 429 83
2038 363 2338 426 JOSEPPI
3735 374 3806 437 si.

539 481 695 536 missi
729 479 964 545 fuerant,
1000 479 1143 533 radit
1198 492 1386 533 eorum
1425 477 1644 542 barbas,
1701 488 1758 533 et
1801 477 2118 548 chlamydas

2224 479 2421 546 αὐτῶν,
2445 479 2541 534 καὶ
2561 473 2663 546 τὰς
2689 483 2966 555 χλαμύδας
2987 486 3306 555 ἀποτέμνει.
3336 488 3500 550 Γνοὺς
3517 489 3572 540 δὲ
3594 491 3622 541 ὀ
3640 489 3810 542 Δσϐὶδ

539 571 829 625 exscindit.
861 568 996 624 Cum
1041 568 1386 638 cognovisset
1409 565 1577 619 David
1613 565 1840 619 stultum
1873 565 2008 619 adeo
2042 565 2120 618 fa-

540 662 734 724 cinus;
769 674 897 713 suos
930 657 1148 727 quidem
1176 657 1266 708 ubi
1293 656 1560 725 degebant
1589 655 1888 709 subsistere
1919 670 2120 724 praece-

541 753 636 818 pit.
661 752 833 804 donec
859 750 948 817 pili
978 757 1412 812 renascerentur,
1439 748 1688 799 Ananum
1715 761 1846 800 vero
1869 746 1958 813 qui
1987 762 2122 814 pr.e—

541 852 620 894 ter
651 841 945 910 pessimum
972 838 1152 893 scelus
1181 853 1424 908 pugnare
1447 838 1712 891 adversus
1740 852 1864 890 eum
1891 847 2120 906 paratus

539 943 688 999 erat,
735 932 1039 1003 profligavit
1090 947 1184 1000 per
1235 931 1429 984 ducem
1485 946 1642 984 suum
1678 930 1810 983 Joab
1849 945 1954 983 una
1993 944 2117 982 cum

540 1026 663 1079 aliis
704 1024 942 1093 quinque
997 1024 1241 1093 regibus,
1302 1037 1441 1091 quos
1492 1021 1720 1074 Ananus
1769 1022 1952 1075 socios
1992 1019 2118 1074 belli

540 1132 724 1170 secum
766 1116 1091 1171 adduxerat.

607 1208 745 1264 Cum
777 1211 829 1262 in
865 1219 1148 1278 peccatum
1184 1207 1483 1272 incidisset,
1526 1206 1670 1261 flevit
1703 1221 1886 1260 amare
1908 1245 1922 1269 ,
1954 1213 2121 1273 atque

535 1317 603 1356 ex
635 1303 843 1356 .auimo
891 1302 1062 1355 Deum
1116 1301 1324 1353 veniam
1362 1300 1592 1368 rogavit.
1635 1298 1771 1353 Cum
1808 1299 1952 1353 enim
1993 1312 2118 1351 mu-

535 1394 723 1448 lierem
756 1394 946 1448 fuisset
967 1394 1316 1462 conspicatus
1337 1392 1764 1461 pulcherrimam
1793 1390 2116 1452 Bcthsabee,

537 1501 659 1540 cum
696 1487 798 1540 hac
824 1485 1047 1540 domum
1081 1493 1272 1539 vocata
1304 1501 1418 1539 rem
1453 1485 1660 1538 habuit.
1694 1482 1828 1550 Quae
1876 1483 1967 1536 ubi
2000 1482 2118 1536 ani-

539 1575 922 1630 madvertisset
946 1591 1004 1630 se
1031 1584 1243 1628 uterum
1277 1575 1439 1639 ferre,
1475 1574 1623 1644 quod
1658 1582 1988 1645 cognoverat
2016 1587 2117 1626 no-

541 1677 654 1722 tum
685 1668 816 1722 facit
844 1667 1052 1722 Davidi.
1090 1669 1182 1722 llle
1214 1681 1432 1722 onmem
1470 1666 1702 1736 lapidem
1753 1681 1976 1720 movens
2010 1681 2120 1735 quo

538 1759 798 1812 maritum
825 1759 946 1828 ejus
984 1759 1178 1812 lateret
1207 1773 1367 1819 suum
1401 1772 1466 1810 ac
1502 1756 1686 1812 uxoris
1734 1757 1879 1811 illius
1913 1771 2118 1812 concu-

540 1851 735 1914 bitum,
773 1852 917 1905 hunc
951 1851 1018 1906 ab
1050 1851 1293 1905 exercitu
1327 1859 1547 1904 revocat
1581 1863 1739 1916 astu;
1771 1859 1892 1905 erat
1918 1851 2119 1920 quippe

539 1945 621 1998 vir
652 1944 809 1997 fortis
836 1953 889 1998 et
921 1944 1076 1997 miles
1109 1941 1424 1997 benevolus.
1462 1939 1758 2011 Postquam
1804 1942 2022 1996 advenit
2056 1957 2119 1996 ac

533 2048 714 2102 regem
777 2036 1065 2089 certiorem
1135 2033 1294 2096 fecit,
1362 2033 1632 2087 enarratis
1686 2034 1944 2089 omnibus
1998 2049 2120 2103 qua:

531 2128 676 2180 circa
725 2125 848 2180 belli
884 2127 1055 2180 aciem
1092 2136 1243 2197 gesta
1275 2125 1528 2190 fuerant,
1567 2127 1882 2182 mandatum
1922 2130 2119 2198 accipit

532 2219 770 2273 abeundi
809 2219 863 2272 in
894 2219 1116 2272 domum
1150 2234 1328 2273 suam.
1372 2220 1442 2272 At
1476 2219 1566 2274 ille
1599 2234 1708 2273 non
1759 2220 1966 2284 abivit;
1998 2231 2118 2276 erat

528 2315 674 2369 enim
715 2314 874 2370 miles
904 2313 1060 2369 fortis
1095 2314 1228 2368 :scd
1267 2315 1468 2368 mansit
1497 2315 1648 2368 velut
1675 2315 1730 2368 in
1770 2316 1906 2376 acie,
1965 2324 2118 2370 ratus

529 2410 710 2463 adhuc
749 2425 807 2464 se
838 2424 1161 2480 permanere
1213 2418 1484 2464 armatum
1514 2411 1618 2464 sub
1649 2411 1760 2464 dio.
1821 2412 1976 2476 Quod
2027 2412 2116 2465 tibi

531 2501 904 2555 renuntiatum
935 2510 1018 2554 est
1069 2501 1204 2570 regi,
1240 2499 1428 2555 statuit
1462 2511 1579 2555 arte
1627 2500 1919 2571 profligare
1975 2501 2120 2557 Uria:

531 2592 672 2662 (hoc
703 2608 938 2659 namque
971 2594 1090 2646 viro
1141 2607 1338 2646 nomen
1376 2593 1528 2663 erat)
1561 2593 1830 2663 objectam
1868 2596 1971 2650 sibi
2010 2595 2122 2649 for»

533 2685 846 2738 titndinem.
893 2683 1018 2739 llaec
1047 2685 1232 2739 animo
1263 2700 1508 2751 versans,
1541 2687 1732 2740 scribit
1759 2687 1824 2741 ad
1857 2688 1982 2741 belli
2017 2689 2120 2742 im-

535 2784 866 2844 peratorem,
906 2782 962 2829 ut
995 2777 1154 2828 malis
1205 2775 1413 2830 artibus
1448 2790 1584 2830 usus
1622 2773 1806 2830 Uriam
1842 2778 2115 2846 perderet.

534 2869 639 2923 Ubi
671 2868 720 2922 id
755 2867 1004 2937 contigit,
1043 2867 1371 2937 redargutor
1404 2867 1470 2921 ad
1504 2883 1628 2920 eum
1663 2867 1813 2936 itnpii
1858 2868 2119 2923 facinoris

531 2958 745 3012 Nathau
786 2958 1051 3026 propheta
1089 2956 1339 3010 mittitur.
1382 2956 1452 3008 At
1485 2955 1574 3009 ille
1607 2969 1731 3009 cum
1774 2956 2120 3009 animadver-

531 3049 691 3103 tisset
734 3047 877 3101 haud
920 3047 1165 3116 potuisse
1203 3046 1374 3100 latere
1415 3045 1580 3100 Deum
1635 3046 1780 3115 quod
1825 3046 2119 3100 artificiose

2149 1813 2196 1872 B

2222 573 2321 636 τὴν
2350 571 2562 642 ἄφρονα
2596 576 2786 629 τούτου
2829 579 3051 648 πρᾶξιν,
3094 582 3221 641 τοὺς
3257 578 3358 648 μὲν
3390 580 3628 642 οἰκείους
3663 581 3808 633 κατά

2221 664 2407 731 χώραν
2469 667 2649 732 μένειν
2713 668 3022 734 ἐκέλευσεν,
3084 670 3213 739 ἄχρι
3281 670 3380 736 τῆς
3430 672 3539 722 τῶν
3601 672 3809 740 τριχῶν

2221 753 2565 822 ἀναφύσεως,
2604 758 2695 810 τὸν
2723 759 2780 811 δὲ
2830 760 3054 814 ’Δνανὺν
3093 761 3231 831 πρὸς
3267 764 3332 830 τῇ
3370 765 3584 833 πονηρᾷ
3608 762 3808 832 πράξει

2223 847 2545 917 ἐκπολεμεῖν
2581 849 2727 920 αὐτῷ
2760 853 3279 922 παρεσκευασμένον
3311 852 3691 922 κατεπόρθησε
3718 853 3810 905 διὰ

2221 937 2315 990 τοῦ
2344 941 2654 1009 στρατηγοῦ
2698 942 2876 1004 Ἰωὰὸ,
2912 943 3007 996 σὺν
3034 944 3243 1013 ἑτέροις
3275 944 3435 996 πέντε
3467 943 3809 1013 βασιλεῦσιν,

2221 1027 2315 1091 οὓς
2341 1031 2370 1082 6
2407 1031 2625 1096 Ἀνανὸς
2658 1035 2985 1104 συμμάχους
3016 1035 3451 1106 συνεπηγάγετο.

2295 1206 2613 1276 Περιπεσὼν
2660 1209 2936 1279 ἁμαρτάδι
2969 1209 3183 1282 πικρῶς
3209 1211 3498 1279 ἐδάκρυσε,
3543 1208 3642 1262 καὶ
3675 1209 3815 1278 περὶ

2225 1297 2555 1368 συγγνώμης
2597 1300 2808 1353 ἱκέτευε
2835 1303 2925 1354 τὸν
2954 1301 3088 1355 Θεὸν
3127 1303 3400 1372 εὐθύμως.
3434 1305 3675 1355 Γυναῖκα
3701 1302 3816 1370 γάρ

2223 1390 2558 1459 θεασάμενος
2609 1393 2862 1462 εὐπρεπῆ
2900 1394 2998 1463 τὴν
3045 1394 3349 1463 Βηθσαὸεὲ,
3381 1396 3587 1462 ταύτην
3625 1393 3816 1445 οἴκαδε

2223 1483 2462 1546 καλέσας
2515 1484 2807 1553 ἐκτήσατο.
2857 1484 2944 1546 Ὠς
2987 1485 3043 1538 δὲ
3082 1485 3282 1555 ἑαυτὴν
3329 1487 3468 1552 ἔγνω
3503 1483 3817 1554 γενομένην

2222 1577 2520 1646 ἐγκύμονα,
2556 1578 2707 1648 δηλοῖ
2743 1578 2821 1649 τῷ
2857 1579 3024 1632 Δαὸὶδ
3072 1579 3210 1648 ὅπερ
3243 1579 3573 1647 ἐπεγνώκει,
3607 1580 3702 1631 καὶ
3747 1577 3818 1646 δὴ

2225 1670 2619 1738 μηχανώμενος
2646 1670 2737 1722 τὸν
2774 1671 2943 1740 ἄνδρα
2966 1671 3056 1723 τὸν
3081 1672 3254 1741 αὐτῆς
3285 1671 3560 1724 διαλαθεῖν
3584 1671 3683 1739 τὴν
3709 1670 3819 1722 αὑ-

2222 1760 2316 1813 τοῦ
2361 1777 2420 1812 τε
2459 1761 2553 1812 καὶ
2591 1761 2688 1831 τῆς
2735 1760 2900 1813 αὐτοῦ
2953 1762 3211 1827 γυναικὸς
3273 1762 3584 1821 συνουσίαν.
3639 1778 3822 1815 καταο

2224 1853 2500 1921 πέμπε-ται
2551 1853 2737 1906 τοῦτον
2795 1855 2902 1906 ἀπὸ
2962 1855 3054 1908 τοῦ
3111 1854 3510 1924 στρατοπέδουο
3543 1853 3639 1906 καὶ
3700 1853 3820 1923 γὰρ

2219 1940 2288 2015 ἦν
2319 1945 2561 2016 ἀνδρεῖός
2609 1962 2668 1997 τε
2701 1945 2796 1998 καλ¹
2841 1945 3030 2010 εῦνους
3091 1945 3450 2016 στρατιώτης.
3495 1945 3584 2008 Ὠς
3619 1945 3675 1998 δὲ
3707 1945 3823 2012 ἁφο

2222 2038 2473 2107 ικόμενος
2498 2037 2764 2105 ἐγνώρισε
2791 2039 2868 2108 τῷ
2900 2038 3132 2108 βασιλεῖ,
3181 2039 3274 2090 καὶ
3306 2037 3459 2090 εἶπεν
3502 2037 3712 2089 ἕκαστα
3745 2036 3823 2088 τὰ

2220 2131 2360 2183 κατὰ
2397 2130 2493 2198 τὴν
2535 2129 2844 2200 παράταξιν
2889 2130 2984 2183 τοῦ
3038 2131 3278 2198 πολέμου
3327 2130 3689 2199 δεδρασμένα,
3734 2130 3823 2190 εἰς

2220 2221 2316 2292 τὴν
2352 2223 2547 2275 ἑαυτοῦ
2587 2223 2767 2276 οἰκίαν
2815 2223 3037 2276 ἀπιέναι
3069 2223 3494 2291 προσετάττετο.
3528 2221 3591 2275 '0
3624 2221 3681 2273 δὲ
3709 2222 3824 2272 οὐκ

2221 2313 2421 2383 ἀπῄει·
2461 2313 2800 2384 στρατιώτης
2842 2313 2952 2384 γὰρ
3003 2309 3068 2382 ἦν
3114 2315 3393 2383 ἁνδρεῖος’
3443 2313 3557 2365 ἀλλ’
3595 2312 3823 2380 ἔμεινεν

2220 2408 2311 2458 ἐπὶ
2335 2407 2431 2475 τῆς
2462 2405 2846 2474 παρατάξεως,
2901 2406 3266 2474 λογισάμενος
3314 2407 3394 2457 ἔτι
3425 2406 3608 2474 μένειν
3638 2403 3824 2456 ὠπλι-

2223 2498 2421 2568 σμένος
2455 2497 2764 2567 ὑπαίθριος.
2817 2499 2972 2550 Ἐπεὶ
3000 2497 3056 2550 δὲ
3087 2497 3246 2550 τοῦτο
3282 2496 3359 2566 τῷ
3389 2495 3604 2566 βασιλεῖ
3641 2495 3824 2563 ἀνηγι

2221 2589 2414 2658 γέλθη,
2451 2589 2593 2656 έγνω
2635 2591 2906 2658 μηχαναῖς
2957 2589 3285 2643 καταϐαλεῖν
3331 2588 3430 2658 τὴν
3481 2586 3574 2639 τοῦ
3609 2586 3825 2654 Οὐρίου

2223 2683 2339 2750 (καὶ
2365 2682 2474 2751 γὰρ
2495 2679 2667 2743 οὕτως
2687 2681 3067 2750 ἑκικλήσκετο)
3098 2679 3373 2749 προϐεΰλη
3384 2679 3552 2749 μένην
3564 2677 3822 2748 ἀνδρίαν.

2221 2769 2376 2824 Οὕτω
2431 2770 2560 2836 γοῦν
2608 2770 2990 2841 λογισάμενος,
3042 2772 3240 2841 γράφει
3295 2771 3373 2840 τῷ
3421 2770 3516 2822 τοῦ
3572 2768 3826 2838 πολέμου

2222 2862 2515 2932 στρατηγῷ
2559 2863 2798 2929 μετιέναι
2829 2863 2922 2916 τὸν
2950 2863 3156 2933 Ούρίαν
3193 2864 3356 2916 κάκεῖ
3391 2861 3612 2934 [κακῇ]
3645 2861 3826 2935 τέχνῃ

2221 2955 2595 3024 χρησάμενον.
2644 2955 2753 3008 Καὶ
2801 2957 3100 3025 γενομένου
3139 2957 3356 3021 τούτου,
3400 2955 3622 3026 ἔλεγχος
3661 2954 3826 3025 αὐτῷ

2221 3045 2318 3113 τῆς
2355 3043 2582 3113 ἐναγοῦς
2631 3045 3016 3115 πλημμελείας
3056 3045 3246 3098 Νάθαν
3289 3047 3316 3098 6
3360 3046 3645 3116 προφήτης
3674 3046 3825 3096 ἀπο-

532 3148 929 3205 atlcntaverat,
978 3139 1229 3210 deplorat
1259 3148 1312 3194 et
1361 3153 1548 3193 amare
1587 3137 1749 3193 deflet
1787 3139 2114 3193 sceleratum

2224 3135 2520 3190 στέλλεται.
2569 3136 2656 3200 Ὠς
2685 3137 2742 3190 δὲ
2789 3137 2931 3204 ἔγνω
2965 3138 3039 3207 μὴ
3069 3137 3388 3207 δεδυνῆσθαι
3427 3137 3692 3206 κρύπτειν
3718 3136 3827 3190 τὸν

531 3231 747 3287 facinus
777 3245 961 3297 suum,
993 3240 1157 3299 atque
1185 3230 1387 3283 acriter
1413 3228 1605 3283 dolens
1640 3228 2118 3297 ingemiscensque

531 3325 968 3378 misericordiam
999 3323 1282 3377 exorabat.
1317 3321 1492 3386 Quam
1525 3321 1790 3390 pr0pheta
1823 3320 2018 3375 iterum
2052 3320 2117 3375 ad

531 3417 684 3473 iilum
719 3432 974 3470 reversus
1019 3415 1095 3468 ait
1149 3414 1250 3468 sibi
1281 3428 1603 3468 concessam
1654 3411 1842 3474 fuisse,
1899 3419 2120 3480 propter

529 3527 650 3568 eam
695 3525 914 3580 Putnam
950 3524 1114 3577 quam
1169 3507 1273 3562 sibi
1327 3505 1808 3574 supervenientem
1853 3505 2116 3573 excipiet.

529 3605 760 3672 Propter
817 3603 920 3655 hoc
979 3600 1143 3669 igitur
1193 3597 1625 3660 adeo_immane
1679 3595 1918 3660 facinus,
1977 3595 2118 3648 mala

530 3707 776 3751 cxtrt-u‘ia
807 3703 997 3748 contra
1029 3706 1246 3745 omnem
1285 3691 1508 3744 domum
1549 3704 1728 3754 suam,
1761 3686 2122 3757 quemadmo-

532 3787 662 3840 dum
697 3793 1038 3854 peccarcrat,
1082 3796 1276 3852 passus
1307 3789 1408 3834 est.
1447 3778 1686 3847 Deperiit
1725 3779 1869 3832 enim
1905 3780 2120 3831 Amnon

533 3879 678 3934 filius
707 3880 826 3947 ejus
861 3891 1109 3931 sororem
1159 3889 1314 3928 suam
1352 3870 1820 3940 consanguineam
1857 3869 2117 3936 Thamar,

533 3983 871 4038 composque
926 3968 1103 4020 factus
1161 3965 1282 4033 ejus
1340 3978 1505 4032 quam
1565 3962 1869 4032 deperibat,
1932 3971 2119 4033 postea

538 4061 730 4132 majori
781 4075 946 4128 quam
1000 4066 1161 4111 antea
1201 4071 1390 4110 amore
1424 4055 1610 4109 statim
1645 4053 1772 4108 odio
1812 4065 1897 4109 est
1928 4071 2119 4124 prose-

535 4162 716 4208 cutus.
777 4149 988 4205 Occidit
1051 4148 1198 4202 hunc
1259 4146 1567 4201 Amnonem
1625 4145 1963 4212 Abessalon),
2024 4149 2116 4216 qui

535 4247 786 4302 nterinus
837 4251 955 4298 erat
997 4241 1289 4296 Thamaris
1327 4239 1515 4302 frater,
1553 4253 1800 4294 sororem
1833 4240 1968 4293 adeo
2001 4251 2118 4293 tur-

534 4342 675 4410 piter
724 4339 1135 4393 dehonestatam
1175 4332 1363 4386 ulcisci
1419 4332 1624 4386 volens.
1663 4332 1916 4400 .lnsurgit
1956 4346 2120 4402 porro

537 4435 639 4487 iste
667 4430 943 4485 fratricida
977 4425 1293 4480 Abessalon]
1326 4424 1489 4478 etiam
1525 4423 1578 4476 in
1609 4423 1787 4490 ipsum
1816 4433 2118 4492 parentem,

2221 3229 2354 3282 Θεὸν
2391 3231 2450 3283 τὸ
2485 3231 2972 3300 μεμηχανημένον,
3005 3230 3344 3301 καταθρηνεῖ
3385 3232 3479 3284 καὶ
3507 3229 3825 3296 κατολοφύ-

2223 3339 2378 3391 ρεται
2425 3323 2524 3392 τὴν
2573 3323 2754 3391 δεινὴν
2813 3321 2978 3375 αὑτοῦ
3035 3324 3257 3394 πρᾶξιν,
3308 3323 3403 3376 καὶ
3453 3323 3650 3393 πικρὸν
3691 3340 3828 3392 σχε-

2220 3414 2449 3478 τλιάσας
2493 3414 2583 3466 τὸν
2617 3411 2798 3466 οἶκτον
2850 3416 3118 3486 ἐξῃτεῖτο,
3173 3418 3234 3468 ὃν
3293 3435 3399 3487 περ
3440 3419 3468 3469 6
3521 3418 3825 3485 προφήτης

2221 3507 2372 3577 αύτῷ
2402 3507 2566 3559 πάλιν
2598 3506 2766 3560 ἐλθὼν
2801 3507 2908 3579 ἔφη
2942 3509 3212 3574 δεδόσθαι,
3241 3509 3309 3561 δι’
3338 3504 3520 3580 ἧσπερ
3551 3509 3826 3578 ἐπιούσης

2221 3598 2372 3668 αὐτῷ
2400 3599 2675 3662 ἐκδέξεται
2706 3599 2883 3670 δίκης.
2937 3601 3058 3653 Ἐπὶ
3083 3601 3137 3653 δὲ
3160 3601 3332 3672 ταύτῃ
3362 3603 3426 3671 τῇ
3459 3601 3826 3672 πλημμελείᾳ

2222 3691 2428 3761 ἄσχετα
2465 3691 2613 3745 δεινά
2646 3693 2786 3746 κατὰ
2825 3692 3008 3759 πάσης
3051 3693 3218 3746 αὐτοῦ
3259 3697 3356 3764 τῆς
3391 3693 3590 3759 οἰκίας,
3626 3695 3825 3758 καθὼς

2223 3783 2511 3853 ήμάρτησε
2549 3783 2922 3856 [πέπονθεν]’
2957 3784 3176 3855 ἠράσθη
3211 3786 3320 3855 γὰρ
3370 3785 3585 3854 ’Λμνὼν
3633 3786 3660 3836 6
3695 3788 3824 3850 υἱὸς

2223 3876 2388 3930 αὑτοῦ
2429 3876 2528 3945 τῆς
2560 3876 2697 3946 πρὸς
2747 3876 2952 3947 πατρὸς
2995 3878 3233 3947 ἀδελφῆς
3262 3877 3426 3930 αὑτοῦ
3455 3878 3678 3947 Θάμαρ,
3712 3881 3823 3931 καὶ

2221 3967 2400 4038 τυχὼν
2437 3964 2504 4040 ἦς
2548 3970 2678 4038 ἤρα,
2718 3969 2900 4022 πλεῖον
2932 3965 3104 4041 οὗπερ
3145 3972 3315 4040 αὐτῆς
3347 3971 3456 4041 ἦρα
3493 3971 3824 4039 παραυτίκα

2222 4060 2506 4129 ἐμίσησεν.
2551 4061 2789 4130 ’Λναιρεῖ
2817 4059 2874 4112 δὲ
2909 4059 3099 4113 τοῦτον
3149 4061 3240 4114 τὸν
3277 4059 3494 4129 Ἀμνὼν
3546 4059 3824 4112 Ἀϐεσσα-

2222 4153 2366 4222 λὼμ,
2400 4155 2427 4205 6
2466 4152 2560 4204 καὶ
2605 4151 2738 4223 πρὸς
2782 4153 2990 4222 μητρὸς
3027 4153 3254 4223 ἀδελφὸς
3295 4154 3390 4222 τῆς
3422 4153 3618 4224 Θάμαρ
3651 4169 3823 4219 γεγε-

2223 4242 2477 4313 νημένος,
2507 4240 2604 4312 τὴν
2656 4241 2902 4311 αἰσχρῶς
2937 4241 3331 4312 διῦὀρισμένην
3368 4242 3656 4296 διεκδικείν
3687 4241 3826 4312 βου-

2192 4334 2577 4404 ’λευσάμενος.
2627 4333 3012 4388 Ἐπανίσταται
3057 4335 3114 4388 δὲ
3147 4337 3176 4389 6
3208 4337 3305 4389 τοῦ
3346 4335 3580 4403 ἀδελφοῦ
3613 4336 3826 4403 φονεὺς

2237 4424 2598 4495 Ἀϐεσσαλὼμ
2627 4427 2721 4478 καὶ
2753 4425 2904 4497 αὐτῷ
2933 4426 3010 4496 τῷ
3038 4429 3211 4496 πατρὶ
3242 4429 3336 4481 καὶ
3367 4428 3569 4498 πληροῖ
3599 4427 3824 4496 λύθρων

539 4525 832 4593 impletque
869 4535 1066 4576 cruorc
1099 4518 1404 4572 universam
1437 4525 1722 4584 paternam
1768 4515 2014 4569 domum.
2051 4515 2118 4568 At

2228 4517 2325 4588 τὴν
2367 4519 2459 4571 τοῦ
2495 4519 2701 4588 πατρὸς
2745 4519 2873 4586 ὃλην
2908 4520 3105 4573 οἰκίαν.
3156 4519 3214 4572 Ὀ
3244 4520 3301 4573 δὲ
3347 4521 3422 4591 μὴ
3467 4522 3651 4592 φέρων
3697 4521 3826 4574 υἱὸν

537 4619 628 4672 ille
667 4629 1011 4685 nequaquam
1050 4611 1330 4667 sustinens
1361 4608 1531 4660 filium
1577 4607 1762 4677 praelio
1791 4608 2080 4678 profligare
2104 4651 2116 4673 ,

537 4717 592 4762 et
629 4706 846 4760 vincere
896 4702 1180 4756 victoriam
1231 4699 1385 4753 clade
1429 4698 1572 4753 haud
1606 4698 1913 4761 minorem,
1947 4699 2123 4769 surgit,

491 4824 506 4832 -
537 4816 569 4855 a
607 4799 752 4868 regia
781 4799 947 4852 domo
997 4811 1118 4858 sua,
1157 4793 1370 4862 fugiens
1413 4792 1465 4844 in
1503 4791 1780 4845 desertum
1818 4808 1830 4843 :
1867 4799 1918 4846 ct
1953 4791 2120 4846 susti-

536 4891 656 4945 nuit
705 4905 810 4943 non
845 4887 1007 4941 modo
1038 4885 1337 4948 molestias,
1371 4898 1508 4951 quas
1543 4881 1851 4952 perferebat
1889 4883 2121 4952 nudipcs

539 4983 796 5039 incedens
825 4990 880 5035 et
914 4995 1075 5050 :eger,
1118 4993 1303 5032 verum
1336 4978 1500 5031 etiam
1535 4976 1800 5032 conviciis
1838 4977 2124 5030 lacessitus

536 5093 566 5130 a
620 5074 796 5130 Semei
847 5072 1120 5140 quodam,
1169 5070 1263 5139 qui
1322 5069 1504 5123 Saulis
1541 5069 1878 5123 domesticus
1922 5067 2118 5131 fuerat,

534 5171 738 5241 quique
767 5168 1045 5239 pulverem
1078 5164 1130 5219 in
1167 5164 1315 5218 illum
1347 5163 1658 5233 spargebat,
1693 5161 1966 5232 lapidibus
1992 5161 2118 5214 itctn

534 5279 658 5319 eum
686 5259 1000 5332 impetebat,
1030 5266 1084 5312 et
1112 5257 1540 5312 coiwiciahatur.
1582 5254 1686 5310 Sed
1721 5270 1827 5309 non
1856 5265 1941 5308 est
1973 5254 2120 5306 ultus

537 5354 861 5408 maledicum
923 5350 1223 5412 hominem,
1263 5348 1476 5403 tametsi
1512 5360 1695 5418 posset
1728 5364 1822 5418 per
1856 5363 2121 5416 sequaces

539 5461 711 5500 suos:
750 5447 880 5513 quin
916 5442 1204 5512 reputabat
1251 5442 1366 5496 haec
1412 5441 1527 5495 suis
1581 5456 1882 5509 congruere
1912 5441 2119 5495 facino-

539 5534 714 5590 ribus.
759 5533 1014 5587 Absalom
1062 5547 1192 5586 vero
1241 5531 1542 5586 sceleribus
1568 5533 1856 5586 cumulans
1893 5531 2119 5600 parrici-

540 5624 661 5678 dale
710 5624 924 5679 facinus
956 5640 1137 5688 suum,
1174 5626 1341 5680 audet
1388 5625 1550 5679 etiam
1587 5635 1843 5696 paternas
1889 5625 1990 5679 sub
2027 5625 2117 5680 diu

607 5801 716 5864 (Si)
763 5800 922 5858 Forte
954 5803 1296 5873 πατραλῴαν.

2229 4611 2365 4683 πρὸς
2396 4611 2576 4681 μάχην
2593 4611 2989 4682 ἀκροϐολίζειν.
3018 4614 3110 4666 καὶ
3138 4613 3295 4682 νικᾷν
3325 4612 3493 4682 ἥττης
3523 4612 3623 4664 οὐκ
3653 4611 3826 4665 ἐλάσ-

2229 4722 2358 4759 σονα
2374 4707 2551 4772 νίκην,
2581 4707 2944 4758 ἀπανίσταται
2972 4706 3072 4774 τῆς
3097 4705 3389 4776 βασιλικῆς
3413 4704 3581 4758 αὑτοῦ
3611 4705 3820 4769 οἰκίας,

2227 4796 2644 4865 ἀποδιδράσκων
2679 4797 2771 4848 ἐπὶ
2797 4797 2895 4864 τὴν
2920 4796 3126 4866 ἔρημον
3149 4813 3162 4826 ο
3196 4797 3289 4850 καὶ
3318 4796 3593 4866 ύπέφερεν
3623 4795 3683 4849 οὗ
3717 4799 3826 4866 μό-

2231 4905 2320 4940 νον
2373 4889 2517 4956 ἆπερ
2574 4888 2768 4957 ἔφερεν
2827 4888 3008 4957 ἐαυτῷ
3059 4889 3375 4957 γυμνόπους
3431 4888 3665 4959 βαδίζων
3717 4889 3826 4941 καὶ

2234 4979 2412 5031 ἀλύων
2445 4979 2606 5048 ἄχθη,
2650 4979 2784 5030 ἀλλὰ
2814 4980 2908 5031 καὶ
2939 4979 3294 5049 ύὸριζόμενος
3317 4979 3424 5032 ἀπὸ
3459 4980 3636 5048 Σεμεῆ
3667 4995 3826 5038 τινος

2226 5071 2436 5122 οἰκέτου
2473 5070 2566 5122 τοῦ
2616 5071 2788 5123 Σαοὺλ
2819 5071 3128 5138 γεγονότος,
3177 5070 3326 5123 κόνιν
3367 5072 3826 5130 καταπάσσοντος

2227 5165 2410 5228 αὐτὸν,
2450 5165 2542 5216 καὶ
2585 5163 2827 5234 χέρμασι
2869 5161 3355 5226 κατακοντίζοντος
3399 5163 3495 5215 καὶ
3539 5161 3823 5231 λοιδορου--

2232 5258 2415 5324 μένου.
2464 5255 2604 5307 Ἀλλ’
2651 5257 2754 5308 οὐκ
2785 5256 3024 5324 ἠμύνετο
3073 5256 3164 5309 τὸν
3206 5256 3572 5324 κακόστομον,
3609 5255 3822 5324 καίπερ

2222 5349 2523 5417 δυνάμενος
2572 5349 2660 5401 διά
2698 5349 2806 5400 τῶν
2839 5350 3125 5418 ἑπομένων
3156 5365 3168 5379 ·
3204 5349 3480 5415 ἐλογίζετο
3529 5349 3586 5400 δὲ
3636 5345 3820 5400 ταῦτα

2223 5445 2342 5505 ταῖς
2381 5443 2610 5505 οἰκείαις
2663 5443 2962 5512 προσήκειν
3008 5443 3342 5513 ἁμαρ-τάσιν.
3398 5440 3718 5494 Ἐπιτείνων
3758 5440 3821 5493 δὲ

2223 5538 2252 5588 ὁ
2307 5535 2664 5604 Ἀϐεσσαλὼμ
2712 5535 2808 5605 τὴν
2848 5535 3012 5588 αὑτοῦ
3053 5534 3373 5605 πατρολῴον
3414 5534 3529 5604 (81)
3587 5533 3817 5602 πρᾶξιν,

2221 5629 2395 5698 τολμᾷ
2440 5629 2535 5682 καὶ
2580 5629 2677 5692 τὰς
2711 5627 2806 5681 τοῦ
2843 5628 3050 5697 πατρὸς
3091 5627 3430 5698 διαφθείρειν
3461 5629 3520 5680 ἐν
3556 5624 3818 5696 ὑπαίθρῳ
