4044 6454
259 381 336 445 85
1463 375 1832 436 LIBELLUS

1956 373 2377 436 EMORlALlS.
3080 355 3082 358 ’
3491 378 3562 440 86

253 491 560 558 γυναῖκας.
595 488 654 554 αῖ
679 487 1026 559 κατήλασσον
1053 486 1190 557 (82),
1221 481 1438 550 δεικνὺς
1467 487 1580 549 τοῖς
1607 482 1850 554 ὑπαχθεῖ-

1974 484 2250 540 incessere
2280 498 2514 550 uxores,
2564 499 2688 554 qua
2721 500 2848 540 cum
2907 499 2974 540 eo
3008 487 3301 552 coierunt,
3341 489 3565 542 manife-

255 601 347 636 σιν
379 580 556 635 αὐτοῦ
605 585 671 652 τῇ
735 580 1098 652 κακοπραγίᾳ
1153 580 1252 650 τὴν
1305 579 1450 632 κατὰ
1504 578 1599 632 τοῦ
1660 576 1872 648 πατρὸς

255 673 666 728 ἐπανάστασιν.
719 673 834 726 Καὶ
876 670 1052 725 ταῦτα
1087 670 1610 741 καταπραξάμενος,
1658 667 1871 721 ἔπεισιν

257 766 402 818 κατὰ
425 763 530 836 τὴν
547 765 783 838 ἔρημον,
812 763 1064 820 καθελεῖν
1086 763 1192 818 ἀπὸ
1223 765 1320 835 τῆς
1340 763 1516 834 ἀρχῆς
1537 762 1630 816 τὸν
1655 761 1872 830 πατέρα

255 856 764 924 χατεπειγόμενος.

329 947 442 998 Καὶ
477 947 800 1016 συμϐουλῆς
843 949 966 1002 κατ’
1015 946 1184 1002 αὑτοῦ
1221 946 1558 1016 γινομένης,
1607 962 1871 1015 κατηντι-

255 1041 406 1093 ϐόλει
439 1042 570 1102 τοὺς
601 1041 798 1095 ἑαυτοῦ
829 1040 1170 1111 στρατιώτας
1199 1043 1228 1094 ὁ
1255 1039 1422 1094 Δαόὶδ
1461 1039 1741 1108 φείδεσθαι
1773 1039 1866 1094 τοῦ

267 1131 394 1182 Ἀὁε
405 1131 659 1202 σσαλὼμ,
685 1135 782 1186 καὶ
805 1133 1094 1204 προσέχειν
1115 1133 1278 1195 ὅπως
1293 1131 1460 1202 μηδὲν
1483 1130 1647 1186 πάθοι
1668 1130 1862 1186 δεινόν.

269 1226 358 1275 Ἐν
393 1225 536 1291 γοῦν
569 1229 630 1295 τῇ
679 1227 828 1296 μάχῃ
855 1227 1137 1296 τρέπεται,
1161 1225 1259 1278 καὶ
1287 1225 1434 1278 νῶτα
1489 1225 1668 1289 διδοὺς
1697 1227 1725 1278 ὁ
1760 1225 1865 1280 ὑπ-

255 1319 456 1386 αχθεὶς
507 1317 695 1384 ἄθλιος
727 1319 822 1372 τοῦ
867 1318 1225 1388 Ἀϐεσσαλὼμ
1261 1319 1458 1388 δῆμος.
1515 1319 1689 1383 Αὐτὸς
1733 1319 1790 1373 δὲ
1835 1323 1864 1376 ὁ

253 1407 606 1474 πατραλοίας
638 1409 746 1460 ὑπὸ
769 1408 870 1477 τῆς
901 1409 1057 1478 δίκης
1089 1409 1474 1478 ἐλαυνόμενος,
1513 1409 1618 1462 ὑπὸ
1649 1409 1862 1465 κλάδων

247 1499 566 1567 chap-.5123:
616 1499 812 1570 δρυός·
873 1501 969 1554 καὶ
1024 1501 1134 1571 γὰρ
1189 1501 1388 1573 ἔτρεφε
1423 1502 1604 1571 κόμας
1637 1503 1724 1572 ἐφ’
1771 1498 1860 1566 αἷς

247 1590 518 1660 ἐπήρετο,
575 1591 674 1644 καὶ
719 1593 820 1662 τὴν
863 1589 1034 1664 ἧτταν
1069 1595 1348 1661 ἐπιγνοὺς,
1401 1594 1637 1665 ἱππότης
1671 1595 1859 1650 ἀποδι-

245 1683 514 1752 δράσκειν
547 1685 832 1753 ἠπείγετο.
882 1684 1040 1741 Οὕτω
1086 1686 1218 1754 γοῦν
1261 1687 1640 1756 ἀνηρτημένον
1675 1705 1858 1745 κατει-

245 1778 486 1846 ληφότες
511 1778 564 1829 οί
583 1777 664 1847 τῷ
687 1777 898 1846 βασιλεῖ
919 1779 1318 1848 προσήκοντες,
1349 1780 1857 1845 κατατοξεύσαντες

1977 585 2116 631 stam
2151 577 2354 633 faciens
2385 577 2451 633 iis
2475 618 2488 644 ,
2518 593 2658 648 quos
2699 577 2803 633 sibi
2839 579 3044 634 scelere
3074 579 3422 648 adjuuxerat,
3473 599 3566 648 pa-

1975 676 2182 723 ternam
2216 671 2646 740 aggressionem.
2681 669 2808 725 llaec
2851 679 3144 740 postquam
3173 675 3302 742 egit,
3335 684 3566 754 conten-

1925 761 2052 815 ‘dit
2101 761 2156 814 in
2225 761 2528 828 desertum,
2579 761 2848 819 festinans
2915 765 2983 820 de
3033 779 3200 836 regno
3269 766 3566 822 deturbare

1972 863 2276 922 parentem.

2041 945 2180 1002 Inito
2209 963 2371 1016 porro
2394 949 2656 1004 adversus
2683 949 2833 1004 illum
2855 949 3110 1015 consilio,
3141 951 3370 1022 rogabat
3395 951 3560 1006 ctiam

1969 1049 2134 1112 atque
2184 1042 2352 1098 etiam
2415 1043 2618 1098 milites
2671 1061 2800 1100 suos
2851 1043 3046 1106 David,
3100 1049 3158 1100 u't
3196 1044 3560 1102 Abessalomo

1968 1145 2276 1204 parcerent,
2333 1145 2698 1206 caverentque
2761 1151 2828 1189 ne
2871 1137 3000 1204 quid
3045 1137 3202 1192 triste
3257 1149 3555 1208 pateretur.

1967 1226 2278 1282 Commisso
2305 1227 2468 1296 igitur
2493 1227 2678 1296 praelia
2700 1229 2752 1281 in
2789 1226 2970 1298 fugam
2997 1229 3258 1292 truditur,
3285 1229 3558 1299 vertitque

1968 1325 2118 1387 terga
2147 1318 2216 1372 ab
2253 1317 2571 1373 Abessalom
2621 1319 2882 1375 seductus
2933 1319 3120 1374 infelix
3175 1321 3430 1391 populus.
3487 1322 3558 1375 At

1975 1410 2204 1479 ipsemet
2237 1409 2530 1476 parricida,
2577 1411 2882 1482 exagitatus
2910 1411 3168 1476 vindicta,
3201 1413 3366 1466 ramis
3394 1427 3557 1482 qucr-

1964 1516 2062 1557 cus
2089 1516 2389 1570 suspensus
2420 1502 2714 1572 pependit;
2749 1503 3024 1558 nutriebat
3052 1520 3286 1574 namque
3313 1520 3551 1570 comam,

1961 1607 2070 1662 qua
2100 1591 2266 1648 etiam
2294 1593 2626 1663 jactabunde
2665 1593 3016 1662 efferebatur,
3054 1608 3106 1648 et
3145 1596 3328 1665 agnita
3364 1597 3550 1660 clade,

1962 1699 2104 1754 equo
2151 1683 2338 1756 fugere
2371 1685 2690 1740 festinabat.
2746 1685 2838 1741 Sic
2877 1687 3042 1756 igitur
3075 1690 3394 1756 pendentem
3428 1703 3550 1742 cum

1967 1774 2458 1844 deprehendissent
2502 1779 2636 1848 regii
2691 1777 2977 1844 satellites,
3012 1779 3211 1848 jacnlis
3243 1777 3551 1849 perfossum

245 1870 650 1940 ἀνακῳύουσι,
693 1873 788 1923 καὶ
833 1871 1178 1937 καθελόντες,
1231 1873 1534 1928 κολοσιαῖον
1585 1874 1730 1928 κατὰ
1759 1875 1850 1944 τῆς

1963 1868 2264 1937 trajiciunt,
2289 1884 2352 1924 ac
2380 1871 2732 1938 dcponcntes,
2765 1871 3036 1941 ingentem
3069 1887 3166 1940 pro
3193 1873 3553 1926 tumuituaria

245 1961 664 2030 ἀπεριστάλτου
709 1962 890 2032 ταφῆς
921 1963 1086 2016 αὐτοῦ
1123 1965 1300 2035 σωρὸν
1335 1967 1638 2036 ἐπήγειραν
1664 1965 1852 2022 λίθων.

257 2051 318 2104 ’0
343 2053 406 2105 δὲ
447 2053 622 2107 Δαϐὶδ
671 2054 862 2124 μαθὼν
893 2057 996 2128 τὴν
1036 2057 1246 2110 ἔνδικον
1292 2058 1460 2122 τίσιν,
1509 2059 1608 2130 οὐχ
1656 2061 1732 2124 ὡς
1761 2061 1856 2115 ἐπὶ

245 2145 572 2218 πατραλοὶᾳ
605 2148 830 2201 πεσόντι
866 2149 1114 2219 γεγήθει,
1147 2149 1222 2214 ὼς
1251 2151 1308 2204 δὲ
1331 2152 1424 2205 ἐπὶ
1459 2153 1614 2206 παιδὶ
1644 2153 1855 2225 γνησίῳ

241 2238 554 2310 διεθρήνει,
604 2241 698 2294 καὶ
747 2241 840 2295 τὸν
877 2240 1110 2294 θάνατον
1155 2243 1324 2297 αὐτοῦ
1360 2245 1681 2315 περιπαθῶς
1714 2247 1852 2302 ὠλο-

245 2329 480 2402 φύρετο.
519 2333 714 2385 Ἔνθεν
740 2332 886 2386 οὕτω
909 2333 1000 2387 διὰ
1021 2333 1080 2386 τὸ
1107 2335 1506 2408 πλημμεληθὲν
1536 2339 1707 2409 αὐτῷ,
1744 2341 1854 2394 τῶν

245 2425 788 2495 συνομαρτηθέντων
829 2425 1022 2480 δεινῶν
1069 2427 1444 2497 ἀπαλλαγεὶς,
1493 2426 1652 2496 αὖθις
1687 2433 1852 2486 ἀπει-

241 2517 414 2584 λήφει
437 2517 540 2588 τὴν
572 2517 874 2588 βασιλείαν.

331 2610 688 2664 Ἐπανελθὼν
735 2613 816 2675 είς
857 2612 932 2666 τά
988 2612 1256 2684 βασίλεια,
1309 2617 1437 2680 τοὺς
1483 2617 1584 2688 μὲν
1620 2619 1852 2684 ἁλόντας

243 2701 404 2769 αὐτῷ
448 2702 750 2772 πολεμίους
798 2705 1084 2772 γεγονέναι
1123 2708 1546 2780 ἐτιμωρήσατο,
1606 2713 1736 2776 τοὺς
1795 2712 1852 2766 δὲ

243 2793 612 2857 συνελθόντας
654 2795 806 2866 αὐτῷ
854 2798 952 2850 καὶ
992 2797 1432 2870 δεξιωσαμένους
1479 2803 1644 2856 αὐτὸν
1691 2805 1749 2858 ὲν
1783 2807 1848 2876 τῇ

245 2889 422 2956 ςυτῇ,
466 2887 563 2940 καὶ
615 2889 848 2959 ἐτίμησε
897 2891 994 2944 καὶ
1037 2894 1350 2958 συνεστίους
1391 2896 1712 2968 ἐποιήσατο.
1759 2899 1850 2954 Ἐν

241 2981 564 3048 παρατάξει
617 2983 856 3053 πολέμου
891 2984 1118 3054 διάγων,
1172 2987 1402 3044 καὶτῶν
1436 2989 1720 3062 πολεμίων
1747 2993 1850 3064 τὴν

241 3073 380 3142 περὶ
411 3073 506 3126 τὸν
539 3074 736 3128 ἑαυτοῦ
785 3077 1018 3147 στρατὸν
1069 3077 1289 3134 ἅπασαν
1321 3081 1510 3152 χώραν
1549 3095 1850 3154 προκατει-

239 3164 528 3270 Ξηφότων,
559 3165 756 3232 ὕδατος
787 3170 1141 3242 ἐπεθύμησεν
1171 3173 1231 3238 ἐξ
1264 3173 1394 3228 ἰδίου
1423 3176 1631 3230 λάκκου
1663 3177 1758 3232 τοῦ
1789 3180 1846 3232 ὲν
1873 3211 1917 3270 C

241 3260 506 3332 Βηθλεέμ
526 3279 541 3294 ο
572 3263 624 3317 οἱ
653 3263 708 3316 δὲ
747 3265 1046 3336 στρατηγοὶ
1077 3267 1178 3336 τὴν
1206 3268 1316 3324 τῶν
1349 3269 1630 3340 πολεμίων
1659 3269 1846 3326 διακό-

239 3357 450 3424 ψαντες
477 3358 760 3428 φάλαγγα,
781 3360 1050 3431 ὥρμησαν
1091 3364 1171 3426 εἰς
1209 3363 1307 3434 τὴν
1344 3365 1618 3436 Βηθλεὲμ,
1654 3367 1748 3420 καὶ
1786 3368 1848 3423 τὸ

241 3449 394 3524 ὕδωρ
437 3453 594 3524 αἰίτῷ
623 3454 960 3526 διεκόμισαν.
1016 3457 1072 3510 '0
1098 3457 1156 3510 δὲ
1200 3457 1604 3528 ὰποθαυμάσας
1646 3461 1846 3525 αὐτοὺς

239 3545 342 3612 τῆς
365 3546 762 3617 ἁνδρείας,καὶ
785 3549 884 3616 τῆς
912 3549 1040 3620 περὶ
1067 3549 1231 3603 αὐτὸν
1258 3549 1491 3616 εὐνοίας,
1523 3553 1622 3605 οὐκ
1643 3552 1845 3623 ἤνεγκε

237 3637 336 3690 τοῦ
379 3637 578 3702 ὕδατος
629 3644 794 3704 πιεῖν,
847 3637 986 3712 αἷμα
1019 3642 1151 3696 αὐτὸ
1189 3643 1299 3696 τῶν
1345 3645 1670 3716 στρατηγῶν
1701 3645 1844 3701 εἶναι

238 3731 616 3802 λογισάμενος
641 3750 655 3762 ’
686 3733 762 3803 τῷ
788 3734 844 3787 δὲ
875 3735 994 3804 Θεῷ
1016 3735 1174 3789 τοῦτο
1190 3737 1364 3809 δῶρον
1389 3737 1610 3793 ἔσπεισε
1642 3739 1840 3810 θάψας.

251 3825 580 3894 Ἐπενόησε,
633 3829 786 3898 παρὰ
813 3830 873 3880 τδ
914 3827 1034 3898 Θεῷ
1076 3827 1289 3896 δοκοῦν,
1339 3831 1718 3903 ἑπαριθμῆσαι
1751 3835 1846 3887 τὸν

237 3917 370 3970 labra
415 3912 592 3991 οὗπερ
644 3916 837 3991 ἦρχεν.
893 3921 1190 3992 ’Υπομένει
1231 3923 1288 3976 δὲ
1321 3924 1696 3996 ἀγανάκτησιν
1750 3927 1844 3980 ἐπὶ

239 4009 442 4080 τούτῳ,
475 4015 572 4064 καὶ
601 4011 668 4065 δι’
695 4014 860 4066 αὑτὸν
888 4013 1152 4084 ὑπομένει
1185 4015 1448 4084 θεήλατον
1481 4018 1509 4069 ὁ
1538 4016 1670 4081 λαδς
1701 4018 1842 4088 πλη-

239 4107 369 4176 γήν.
423 4105 538 4158 Καὶ
573 4104 912 4173 θεασάμενος
952 4107 1178 4178 ἄπειρον
1235 4111 1402 4161 πεσὸν
1457 4108 1554 4162 τοῦ
1613 4109 1746 4162 λαοῦ
1783 4112 1842 4163 ὲν

239 4197 432 4268 ἡμέρᾳ.
489 4199 590 4270 μιᾷ
646 4199 872 4268 πλῆθος,
931 4200 1122 4252 ἑαυτὸν
1171 4199 1328 4268 ἠξίου
1379 4201 1838 4272 καταληφθῆναι,

239 4291 581 4360 προσπεσὼν
612 4293 690 4362 τῷ
734 4293 876 4362 Θεῷ,
930 4296 996 4363 τῇ
1045 4296 1319 4366 τιμωρίᾳ·
1365 4293 1529 4363 Ἐγὼ,
1575 4296 1772 4366 λέγων,
1809 4301 1842 4351 ὀ

239 4383 474 4452 amphr
519 4383 808 4454 ἥμαρτον,
854 4385 954 4438 καὶ
987 4385 1102 4453 ἐγὼ
1142 4386 1560 4455 ἐκακοποίησα
1584 4403 1599 4420 ⁸
1641 4390 1740 4444 καὶ
1774 4383 1850 4444 τό

241 4475 531 4542 ποίμνιον
563 4475 622 4528 τί
656 4475 947 4543 ἐποίησε;
975 4475 1272 4548 Βουληθεὶς
1305 4478 1365 4532 δν
1395 4479 1611 4549 ἐπέγνω
1661 4481 1840 4554 χῶρον

1959 1963 2240 2030 sepultura
2273 1963 2420 2018 illius
2469 1963 2714 2032 lapidum
2747 1979 3000 2018 acervum
3050 1965 3447 2019 excitaverunt.
3483 1963 3554 2018 At

1958 2055 2126 2110 David
2180 2071 2304 2112 cum
2339 2057 2697 2110 intellexisset.
2722 2056 3086 2126 justissimam
3125 2057 3403 2119 ultionem,
3441 2071 3550 2110 non

1955 2149 2104 2204 velut
2136 2164 2236 2219 pro
2265 2149 2537 2218 parricida
2572 2149 2897 2218 interempto
2932 2148 3144 2204 lzetatus
3169 2159 3252 2204 est
3277 2165 3291 2213 ;
3321 2149 3412 2204 sed
3451 2164 3550 2216 po-

1955 2242 2062 2296 tius
2093 2242 2258 2296 veluti
2299 2257 2396 2312 pro
2443 2243 2682 2311 genuino
2713 2242 2822 2295 filio
2852 2251 3187 2312 conquestus
3225 2249 3333 2307 est,
3369 2241 3548 2298 illius-

1955 2347 2062 2401 que
2087 2341 2318 2386 mortem
2349 2334 2554 2402 ingenti
2585 2335 2756 2388 animi
2807 2333 3098 2388 aflecﬁone
3121 2333 3545 2388 lamentabatur.

1955 2424 2096 2478 Hinc
2129 2424 2233 2480 isto
2265 2425 2430 2479 modo
2483 2433 2706 2494 prepter
2736 2425 2942 2480 crimen
2972 2440 3134 2480 suum
3171 2441 3200 2479 a
3234 2427 3550 2480 consecutis

1953 2527 2080 2568 cum
2115 2513 2378 2568 molestiis
2410 2514 2694 2580 liberatus,
2731 2515 2928 2568 iterum
2959 2530 3184 2584 regnum
3215 2515 3474 2568 obtinuit.

2026 2607 2084 2664 lu
2115 2609 2320 2677 regiam
2355 2623 2633 2672 reversus,
2665 2623 2760 2664 eos
2801 2609 2893 2676 qui
2919 2607 3244 2677 deprehensi
3287 2617 3414 2662 sunt
3445 2608 3546 2662 sibi

1951 2700 2120 2758 fuisse
2153 2701 2450 2763 adversati,
2484 2702 2660 2772 pmnis
2691 2702 2942 2758 multavit
2971 2721 2983 2756 :
3019 2709 3072 2754 at
3103 2715 3198 2756 eos
3234 2702 3325 2770 qui
3358 2715 3546 2756 secuzn

1953 2803 2384 2856 consenserant,
2440 2809 2680 2863 eumque
2737 2797 2790 2847 in
2845 2793 2972 2864 fuga
3029 2795 3266 2863 positum
3315 2793 3549 2847 comiter

1952 2900 2330 2959 susceperant,
2367 2897 2422 2942 et
2453 2886 2766 2944 honestavit
2817 2896 2872 2943 et
2908 2889 3307 2944 commensales
3345 2887 3544 2942 effecit.

1951 2981 2090 3037 Cum
2126 2977 2420 3050 aliquando
2451 2980 2504 3036 in
2538 2981 2656 3038 acie
2693 2981 2816 3035 belli
2851 2989 3058 3052 ageret,
3099 2981 3398 3050 hostesque
3432 2979 3544 3034 cir-

1951 3076 2314 3145 cumpositam
2364 3074 2630 3130 exercitui
2685 3074 2834 3130 illius
2883 3075 3162 3144 regionem
3229 3073 3544 3130 universam

1952 3171 2516 3238 anteoccupavissent,
2567 3183 2766 3239 aquam
2819 3168 3148 3224 desideravit
3195 3183 3262 3222 ex
3323 3167 3541 3237 prepria

1951 3263 2188 3317 cisterna
2251 3276 2372 3331 qure
2423 3262 2625 3315 eratin
2682 3260 3042 3315 Bcthlehcm:
3089 3267 3146 3313 at
3192 3259 3360 3314 duces
3423 3258 3543 3330 ejus

1952 3354 2393 3408 adversariorum
2458 3361 2877 3422 perrumpentes
2944 3353 3308 3422 phalangem,
3374 3365 3542 3405 cursu

1950 3446 2348 3501 contenderunt
2380 3444 2431 3498 in
2473 3443 2814 3506 Bcthlehem,
2864 3452 3030 3511 atque
3073 3442 3198 3496 inde
3260 3457 3457 3511 aquam
3491 3441 3540 3496 ei

1950 3539 2270 3594 attulerunt.
2305 3538 2400 3592 llle
2451 3553 2581 3591 vero
2625 3536 2846 3590 illorum
2903 3535 3207 3590 admiratus
3263 3533 3543 3588 fortitudi-

1949 3632 2095 3692 dcm,
2133 3639 2294 3699 atque
2325 3645 2451 3698 erga
2491 3643 2552 3683 se
2583 3629 3045 3692 benevolentiam,
3087 3642 3196 3682 non
3235 3626 3358 3681 tulit
3391 3627 3538 3679 illam

1949 3723 2133 3778 bibere
2185 3737 2418 3790 aquam;
2454 3723 2778 3790 sanguinem
2822 3735 2942 3774 eam
2997 3718 3200 3772 ducum
3233 3731 3356 3773 esse
3393 3717 3542 3771 arbi-

1949 3826 2144 3878 tratus,
2183 3815 2295 3869 Deo
2339 3815 2486 3868 illam
2530 3813 2696 3868 veluti
2751 3827 2950 3866 munus
3007 3810 3198 3865 libavit
3248 3809 3302 3863 in
3335 3815 3540 3862 terram

1948 3908 2204 3964 fundens.
2242 3907 2607 3978 Cogitaverat,
2644 3913 2832 3960 contra
2885 3914 3050 3973 atque
3083 3901 3194 3956 Deo
3234 3901 3538 3964 videbatur,

1948 4015 2244 4056 numerare
2297 3999 2557 4070 populum
2603 3997 2818 4065 imperii
2872 3997 2954 4052 sui
2985 4012 2999 4048 :
3031 4004 3085 4048 at
3123 3993 3390 4048 sustinuit
3421 4007 3544 4062 pro-

1947 4105 2068 4166 pter
2103 4096 2204 4150 hoc
2239 4093 2691 4165 indignationem,
2729 4101 2894 4160 atque
2939 4089 3086 4142 illius
3129 4099 3292 4141 causa
3343 4099 3540 4155 passus

1945 4198 2029 4242 est
2057 4187 2292 4258 populus
2325 4187 2536 4256 plagam
2571 4183 2833 4238 divinitus
2877 4181 3205 4235 immissam.
3240 4176 3424 4242 Quare
3453 4175 3539 4227 vi-

1944 4281 2080 4335 dens
2114 4279 2378 4332 infinitam
2421 4277 2604 4348 populi
2661 4273 3067 4329 multitudinem
3121 4285 3228 4324 una
3257 4268 3346 4322 die
3393 4267 3542 4322 ccci-

1945 4371 2114 4434 disse,
2152 4369 2396 4438 seipsum
2434 4367 2628 4421 orabat
2655 4364 3048 4436 comprehendi
3082 4365 3348 4428 vindicta,
3381 4363 3452 4416 ob
3485 4361 3538 4412 id

1947 4461 2058 4515 Deo
2097 4475 2338 4515 cernuus
2381 4457 2746 4528 procumbens
2782 4477 2794 4512 :
2831 4456 2962 4527 Ego,
3010 4457 3313 4526 inquiebat,
3346 4465 3540 4524 pastor

241 4563 556 4632 ἐπιτήδειον
589 4568 668 4630 εἰς
701 4565 800 4638 τὴν
827 4567 921 4621 τοῦ
944 4569 1074 4622 ναοῦ
1103 4570 1457 4644 κατασκευὴν
1487 4551 1840 4645 singlariter-
1873 4557 1916 4612 ί)
1943 4554 2184 4624 Peccavi,
2220 4561 2269 4607 ει
2320 4568 2412 4623 ⁸90
2467 4568 2742 4621 ΡενΡεταηι
2790 4553 2906 4620 εξ]ῖὲ
2941 4563 2996 4605 ηε
3032 4567 3159 4622 9³⁸⁸³⁵
3197 4551 3325 4620 quid
3374 4551 3540 4645 fec“?

243 4657 370 4710 σθαι
395 4659 552 4728 παρὰ
575 4660 776 4730 Ὄρνου
800 4659 968 4727 τινὸς,
991 4663 1086 4716 τοῦ
1105 4663 1295 4719 τοῦτον
1318 4664 1444 4719 τότε
1467 4667 1838 4737 κεκτημένου,

243 4755 450 4820 προῖκα
499 4751 690 4807 τοῦτον
737 4753 888 4824 αὐτῷ
918 4755 1313 4825 προσάγοντος,
1360 4757 1460 4811 οὐκ
1497 4756 1717 4823 ἐδέξατο
1745 4761 1840 4815 τὸν

241 4843 430 4908 τόπον,
481 4844 586 4896 οὐκ
632 4845 805 4915 εὐαγῆ
858 4847 980 4900 οὐδὲ
1047 4847 1422 4920 εὐπρόσδεκτα
1473 4850 1840 4922 λογισάμενος

245 4929 386 4987 εἶναι
407 4933 480 4988 τὰ
519 4937 586 4989 ὲκ
617 4936 946 5007 δωροδοκίας
977 4937 1054 5009 τῷ
1083 4939 1204 5010 Θεῷ
1235 4941 1670 5013 καθωσιωμένα’
1699 4943 1837 4998 ἀλλὰ

243 5027 510 5096 χρήματα
547 5029 673 5092 δοὺς
705 5031 912 5101 ὅσαπερ
961 5031 1168 5096 ἐκεῖνος
1197 5031 1489 5098 ἐϐούλετο,
1532 5033 1636 5105 τὴν
1663 5035 1727 5089 ὲκ
1755 5035 1840 5090 δι-

245 5119 544 5189 καιοσὺνης
566 5119 738 5184 οὕτως
765 5122 989 5176 ἀνέθετο
1011 5123 1090 5195 τῷ
1119 5123 1238 5196 Θεῷ
1265 5127 1478 5196 κτῆσιν.

315 5387 508 5438 Πῖσαν
540 5387 708 5440 αὖτοῦ
754 5389 1077 5462 συγγραφὴν
1116 5393 1202 5462 ἐφ’
1233 5393 1452 5464 ἑκάστῳ
1494 5395 1602 5449 τῶν
1634 5413 1842 5466 συμπι-

247 5481 494 5533 πτόντων
524 5480 596 5534 δι’
642 5481 829 5551 ὓμνων
873 5485 1290 5556 συνεγράψατο,
1345 5489 1439 5540 καὶ
1473 5487 1565 5542 τὸν
1619 5487 1840 5542 ἅπαντα

249 5569 362 5640 βίον
387 5571 478 5623 τὸν
503 5572 700 5626 ἑαυτοῦ
734 5573 868 5626 Θεὸν
897 5575 1082 5646 ὑμνῶν
1114 5578 1363 5633 διετέλει.
1397 5579 1508 5632 Καὶ
1535 5579 1838 5651 ψαλτήριον

249 5663 306 5717 δὲ
350 5664 618 5732 μουσικὸν
662 5666 896 5736 ὄργανον
935 5669 1102 5740 ἡχοῦν
1133 5669 1280 5744 εἶχεν
1311 5674 1368 5726 ἐν
1400 5672 1594 5745 τούτῳ.
1627 5673 1840 5744 Χοροὺς

239 5909 244 5916 ι
317 5816 438 5894 (8'2)
482 5819 646 5882 Forte
681 5823 1078 5897 κατήλλασσον.

1955 4646 2155 4702 Veiens
2185 4645 2388 4710 locum,
2434 4659 2596 4714 quem
2631 4653 2856 4699 noverat
2904 4653 3276 4714 opportunum
3310 4657 3432 4697 esse
3467 4643 3536 4696 ad

1951 4739 2134 4808 templi
2175 4737 2664 4799 constructionem,
2695 4751 2878 4790 emere
2905 4752 2935 4788 a
2965 4734 3204 4804 quodam
3231 4733 3404 4798 Orno,
3439 4734 3534 4804 qui

1949 4833 2104 4887 illum
2157 4840 2288 4885 tunc
2323 4830 2660 4900 possidebat,
2698 4845 2936 4899 cumque
2969 4829 3016 4883 is
3061 4828 3232 4899 gratis
3279 4827 3328 4881 ei
3386 4828 3536 4880 illum

1946 4924 2187 4987 offerret,
2223 4924 2402 4978 locum
2439 4939 2548 4976 nun
2580 4923 2875 4990 aceeptavit
2911 4961 2926 4982 ,
2963 4933 3308 4990 nequaquam
3343 4929 3534 4973 sancta

1944 5031 2047 5071 nec
2089 5023 2308 5084 accepta
2353 5015 2654 5068 arbitratus
2681 5030 2806 5070 esse
2857 5013 2968 5069 Deo
2995 5029 3082 5078 ea,
3133 5029 3257 5084 qua:
3283 5027 3349 5066 ex
3387 5011 3532 5064 dono

1944 5113 2192 5169 dedicata
2227 5111 2478 5168 fuissent.
2515 5113 2618 5167 Sed
2659 5113 2894 5181 pretium
2941 5110 3232 5166 exsolvens
3259 5115 3530 5177 quantum

1944 5207 2036 5262 ille
2069 5207 2303 5273 volebat,
2335 5215 2466 5260 tunc
2493 5206 2702 5275 justam
2737 5205 3146 5275 possessionem
3177 5201 3286 5256 Deo
3313 5199 3532 5252 domum

1947 5299 2166 5354 dicavit.

2013 5391 2288 5462 Quidquid
2343 5392 2568 5462 scripsit
2609 5391 2677 5446 de
2713 5391 2877 5445 rebus
2911 5387 3014 5443 sibi
3045 5383 3526 5454 contingentibus,

1940 5487 2161 5557 hymnis
2204 5487 2548 5556 composuit;
2599 5485 2728 5555 quin
2762 5493 2813 5538 et
2843 5499 2936 5552 per
2961 5489 3128 5534 totam
3155 5479 3320 5532 vitam
3363 5493 3522 5534 suam

1940 5596 2223 5651 nunquam
2273 5579 2508 5635 cessavit
2551 5577 2721 5631 Deum
2775 5590 2934 5630 suum
2977 5571 3198 5644 hymnis
3225 5569 3526 5628 celebrare.

1940 5671 2020 5727 Ad
2076 5673 2126 5728 id
2179 5671 2380 5742 negotii
2429 5669 2664 5725 habebat
2696 5666 3040 5737 psalterium,
3093 5665 3522 5720 instrumentum
