4044 6432
525 335 598 397 87
2031 353 2338 416 JOSEPPI
3725 374 3799 436 88

526 453 800 510 musicum
829 472 1088 516 sonorum
1123 479 1135 514 :
1169 460 1369 515 choros
1396 460 1560 515 etiam
1593 462 1938 530 psallentium
1969 480 2081 519 coni

2205 470 2262 522 δὲ
2291 469 2484 541 ἔστησε
2502 472 2851 544 ψαλμῳδοὺς,
2883 478 2942 530 τὸ
2968 479 3255 533 Λευῖτικὸν
3271 481 3427 550 γένος
3453 482 3621 550 ἅπαν,
3649 485 3796 558 ὑπὲρ

523 543 730 614 stituit;
785 564 959 619 genus
1009 567 1202 621 nempe
1250 551 1554 606 Leviticum
1608 553 1948 621 universum,
2007 557 2100 627 qui

526 643 655 691 tunc
700 639 981 711 plusquam
1031 642 1251 712 triginta
1287 642 1455 696 millia
1507 651 1694 706 erant,
1723 659 1974 714 quosque
2003 647 2101 700 tri-

521 726 625 782 bus
660 731 900 801 subjecit
944 732 1434 796 chorodidascalis,
1469 744 1528 788 ut
1554 735 1849 804 psallerent
1873 738 2098 807 jugiter,

522 832 570 874 et
607 825 822 894 hymnis
867 823 1035 878 Deum
1069 824 1428 891 celebrarent,
1463 841 1594 880 suos
1625 826 1748 881 ideo
1783 826 2014 898 hymnos
2046 829 2098 880 in

520 913 769 968 ordinem
829 915 1097 985 redigcns.
1147 915 1294 970 Fecit
1338 916 1428 971 ille
1465 917 1684 987 quidem
1712 916 1955 972 infinitos
1999 935 2099 974 nu-

519 1019 670 1058 mero
697 1006 957 1074 psalmos,
1005 1023 1146 1076 quos
1194 1009 1358 1062 etiant
1392 1010 1536 1064 serie
1565 1009 1849 1064 distribuit
1880 1008 2098 1066 Levita-

517 1113 634 1149 runt
687 1098 1170 1153 clmrodidasralis.
1205 1097 1310 1152 Sed
1341 1116 1430 1155 rex
1463 1100 1720 1156 Ezechias
1747 1101 2096 1156 animadver-

515 1193 674 1251 trus,
730 1187 874 1256 quod
926 1191 1258 1257 psalmorum
1328 1192 1618 1245 111ι11ιὶιιιἸο
1673 1192 2096 1262 negligentiores

511 1276 771 1331 reddebat
818 1277 1057 1345 Levitas,
1110 1281 1400 1338 hodiernos
1448 1284 1544 1336 hos
1573 1295 1793 1338 centum
1837 1295 1891 1339 et
1929 1286 2093 1354 quin-

509 1365 770 1435 quaginta
806 1369 1068 1436 psalmos,
1107 1386 1201 1440 per
1227 1388 1320 1426 eos
1354 1373 1446 1441 qui
1489 1373 1542 1425 in
1587 1373 1784 1441 populo
1818 1375 2094 1443 sapientes

507 1470 684 1522 erant,
713 1459 780 1514 de
807 1470 953 1516 tanta
986 1463 1333 1517 multitudine
1363 1465 1678 1535 deligendos
1714 1468 1948 1521 curavit.

581 1547 964 1606 Successorem
1026 1554 1110 1608 sui
1161 1555 1311 1626 regni
1359 1555 1528 1610 lilium
1585 1559 1792 1612 creavit
1833 1557 2088 1616 Solomo-

505 1655 666 1705 nem,
705 1657 866 1711 quem
898 1658 962 1697 ex
1007 1645 1308 1702 Bethsabee
1355 1659 1650 1718 genuerat,
1691 1659 2027 1722 unctumque
2059 1668 2090 1708 a

505 1738 769 1806 propheta
803 1735 1042 1804 Nathau,
1080 1740 1310 1810 ipsemet
1351 1741 1427 1796 illi
1462 1757 1686 1814 regnum
1730 1745 2086 1812 confirmans,

2207 565 2335 624 τοὺς
2362 566 2724 634 τρισμυρίους
2753 568 2895 633 τότε,
2931 570 3037 624 ὑπὸ
3059 575 3209 642 τρεῖς
3237 576 3605 644 ποιησάμενος
3634 595 3798 648 χορο-

2205 653 2580 722 διδασκάλους,
2617 659 2695 720 είς
2734 659 2794 712 τὸ
2817 660 3040 730 ψάλλειν
3067 663 3334 734 διηνεκῶς
3364 667 3458 720 καὶ
3482 668 3674 738 ὑμνεῖν
3699 671 3796 723 τὸν

2205 745 2359 812 Θεὸν,
2404 751 2533 813 τοὺς
2574 751 2768 804 ἑαυτοῦ
2801 751 3004 823 ὕμνους
3040 757 3288 821 ὲντάξας.
3335 759 3445 812 Καὶ
3491 745 3794 832 πεποίηται

2207 837 2307 903 μὲν
2336 837 2586 907 ψαλμοὺς
2629 842 2914 913 ἀπείρους,
2965 844 3058 909 οὓς
3091 848 3189 901 καὶ
3235 849 3490 916 κατέλεξε
3528 855 3641 915 τοῖς
3679 855 3796 904 τῶν

2202 927 2447 981 Λευῖτῶν
2481 931 2973 1002 χοροδιδασκάλοις.
3017 937 3158 990 Ἀλλ’
3190 940 3218 990 ὁ
3242 939 3495 1010 βασιλεὺς
3537 943 3796 1008 Ἐζεκίας

2200 1021 2263 1074 τὸ
2278 1021 2388 1074 τῶν
2411 1022 2645 1094 ψαλμῶν
2663 1027 2867 1096 πλῆθος
2888 1029 2948 1080 ἐν
2963 1029 3228 1102 ὀλιγωρίᾳ
3252 1034 3384 1100 ἄγον
3406 1036 3531 1099 τοὺς
3553 1037 3794 1099 Λευῖτας

2200 1113 2482 1181 ἐπιγνοὺς,
2513 1118 2641 1179 τοὺς
2674 1118 2870 1172 ἑκατὸν
2894 1120 3120 1186 τούτους
3154 1125 3250 1176 καὶ
3285 1126 3625 1196 πεντήκοντα
3649 1125 3792 1194 ψαλ-

2202 1208 2338 1276 μοὺς
2363 1208 2498 1280 (83),
2529 1210 2619 1265 διὰ
2641 1212 2750 1266 τῶν
2781 1215 2837 1265 ἐν
2867 1213 2943 1283 τῷ
2963 1214 3076 1284 λαῷ
3100 1217 3303 1284 σοφῶν,
3334 1217 3440 1269 ἀπὸ
3469 1216 3562 1271 τοῦ
3593 1217 3790 1271 τοσού-

2197 1317 2292 1354 του
2329 1301 2565 1374 πλήθους
2587 1305 2844 1377 ὲποίησεν
2876 1307 3252 1380 ἐπιλεχθῆναι.

2266 1573 2519 1644 Διάδοχον
2545 1575 2644 1645 τῆς
2673 1574 2838 1628 αὐτοῦ
2869 1575 3147 1644 βασιλείας
3172 1576 3264 1629 τὸν
3299 1577 3413 1630 υἱὸν
3440 1576 3741 1648 ἐποιήσατο
3765 1616 3782 1642 ,

2193 1664 2284 1718 τὸν
2325 1665 2616 1738 Σολομῶν,
2655 1667 2715 1721 ὃν
2754 1669 2820 1722 ὲκ
2866 1671 2968 1738 τῆς
3018 1669 3298 1738 Βηθσασεὲ
3341 1670 3612 1742 ἐκτήσατο
3636 1710 3652 1736 ,
3685 1671 3785 1723 καὶ

2193 1759 2488 1828 χρισθέντα
2514 1759 2602 1814 διὰ
2624 1759 2718 1813 τοῦ
2748 1761 3030 1832 προφήτου
3053 1761 3243 1815 Νάθαν
3266 1803 3279 1827 ,
3311 1762 3473 1826 αὐτὸς
3497 1761 3784 1834 ὲπικυρῶν

505 1839 800 1883 veneratus
837 1841 940 1884 est.
976 1829 1312 1887 Hortabatur
1341 1849 1506 1904 porro
1547 1850 1697 1901 eum,
1732 1844 1790 1890 ut
1830 1837 2081 1906 pietatem

2193 1850 2344 1920 αύτῷ
2372 1851 2472 1922 τὴν
2507 1829 3219 1924 βασιλείαν-προσεκύνησε.
3263 1853 3502 1925 ῐιαρῄνει
3531 1855 3587 1907 δὲ
3627 1829 3783 1923 αύτῷ

502 1932 631 1986 erga
688 1919 855 1973 Deum
921 1921 1189 1992 integram
1249 1925 1631 1996 sinceramque
1698 1939 2084 1997 conservaret,

501 2008 781 2067 allirmans
813 2012 1004 2082 optimi
1034 2015 1186 2085 regni
1219 2016 1323 2070 hoc
1357 2032 1478 2072 esse
1499 2031 1905 2089 argumentum.
1943 2018 2088 2075 Prae-

500 2113 645 2156 terea
677 2104 843 2173 jussit
873 2117 931 2159 ut
970 2110 1230 2177 templum
1261 2110 1310 2163 ei
1340 2111 1735 2179 exaedificaret,
1771 2113 2085 2169 universam

497 2193 643 2249 illius
687 2197 1142 2264 dispositionem,
1192 2216 1518 2266 mensuras,
1561 2213 1616 2258 et
1673 2205 1878 2276 figuras
1917 2208 2087 2262 totius

494 2284 640 2339 illius
668 2291 1096 2344 constructionis
1119 2292 1166 2346 ei
1191 2294 1433 2358 tradens,
1468 2296 1789 2367 relinquens
1817 2309 2078 2368 praeterea

493 2379 799 2448 magniﬁcae
815 2397 876 2434 ar
901 2386 1399 2453 sumptuosissimze
1423 2389 1801 2445 aediﬁcationis
1815 2407 2086 2462 congruas

492 2487 780 2539 expensas.
812 2473 980 2528 Erant
1009 2477 1154 2529 enim
1183 2477 1300 2530 auri
1329 2479 1536 2534 talenta
1569 2482 1827 2538 undecies
1856 2494 2083 2540 centena

493 2563 686 2629 millia,
717 2565 925 2634 argenti
963 2581 1092 2620 vero
1121 2581 1185 2621 ac
1215 2567 1344 2623 ferri
1381 2572 1592 2638 pondus
1627 2581 1860 2638 tantum,
1895 2585 1954 2630 ut
1981 2577 2085 2631 sub

490 2670 782 2710 numerum
825 2659 1009 2712 venire
1042 2675 1150 2713 non
1204 2673 1407 2730 posset.
1455 2662 1562 2719 Eos
1596 2666 1689 2736 qui
1722 2667 1824 2722 sibi
1867 2668 2085 2725 fuerant

491 2746 781 2801 conviciati
817 2763 913 2816 per
951 2759 1197 2820 tempora
1233 2753 1582 2821 calamitatis,
1622 2757 1848 2813 minime
1877 2761 2082 2816 indica-

492 2851 578 2894 tus
600 2855 705 2893 non
735 2843 1047 2910 pra‘terivit.
1076 2843 1400 2901 Receusitos
1425 2850 1570 2901 enim
1597 2863 1650 2904 et
1679 2851 1777 2905 hos
1801 2850 2082 2908 Salomoni

492 2931 733 2996 tradidit,
786 2949 898 3003 quo
935 2935 986 2988 in
1036 2951 1130 2992 eos
1177 2940 1367 2995 oculos
1409 2940 1731 2998 intenderet.
1781 2942 2080 3015 Postquam

490 3032 671 3076 autem
705 3027 1083 3097 quadraginta
1139 3033 1387 3100 regnavit
1427 3050 1633 3101 annos,
1684 3038 1924 3105 glorioso
1974 3038 2082 3095 line

487 3114 730 3183 quievit,
765 3119 964 3174 tradito
998 3119 1277 3177 Salomoni
1313 3141 1495 3194 regno.

487 3243 640 3301 CAP.
684 3245 922 3303 LXXIV.
971 3281 1038 3290 -—
1090 3251 1348 3318 Quantam
1388 3265 1511 3309 sunt
1558 3267 1701 3327 gesta
1751 3259 2074 3315 Solomonis.

557 3459 854 3516 Duodecim
903 3478 1077 3520 annos
1138 3475 1302 3521 natus
1357 3482 1584 3538 regnum
1639 3469 1970 3539 capessivit,
2023 3480 2078 3526 et

483 3551 706 3609 fratrem
733 3570 895 3610 suum
917 3597 931 3622 ,
965 3559 1056 3627 qui
1088 3557 1138 3612 ei
1168 3573 1420 3628 regnum,
1451 3561 1577 3616 vivo
1611 3563 1790 3617 adhuc
1827 3573 2074 3632 parente,

487 3647 740 3715 abripere
779 3657 1112 3716 tentavcrat,
1146 3651 1517 3719 postulaverat
1564 3653 1789 3723 insuper
1832 3666 1892 3710 ut
1935 3671 2074 3710 uxo-

485 3754 601 3792 rem
643 3738 913 3807 acciperet
949 3740 1230 3806 Abissam,
1271 3757 1393 3811 quae
1425 3757 1550 3797 cum
1595 3742 1801 3799 Davide
1845 3745 2077 3800 societa-

487 3837 595 3882 tem
645 3829 748 3882 tori
791 3828 1092 3897 habuerat,
1137 3831 1231 3886 sed
1273 3832 1426 3902 virgo
1468 3833 1646 3889 adhuc
1685 3836 2075 3903 permanebat,

486 3916 781 3971 interfecit.
825 3919 1180 3974 Abiatharcm
1233 3921 1327 3990 qui
1371 3920 1616 3990 pontifex
1661 3934 1815 3990 erat,
1861 3927 2079 3996 pontili-

485 4021 610 4063 catu
666 4011 901 4076 exemit,
951 4023 1236 4081 propterea
1290 4015 1437 4084 quod
1485 4017 1897 4084 con5piraverat
1949 4035 2075 4074 cum

485 4103 721 4167 Adonia,
772 4105 994 4172 quando
1036 4106 1102 4161 ad
1156 4122 1214 4160 se
1250 4122 1476 4177 regnum
1521 4109 1735 4163 trahere
1775 4110 2071 4168 nitebatur.

483 4193 715 4251 Joabum
743 4207 1029 4267 paternum
1059 4200 1276 4264 ducem,
1303 4201 1398 4270 qui
1423 4201 1490 4256 ad
1521 4202 1696 4257 altare
1727 4203 2072 4276 confugerat,

483 4301 767 4358 propterea
808 4291 953 4360 quod
994 4291 1172 4346 fuerat
1214 4293 1284 4347 ab
1332 4294 1580 4360 Adonia,
1634 4294 1813 4365 ipsum
1853 4313 2075 4368 quoque

484 4385 776 4453 interfecit,
817 4388 872 4441 in
906 4389 1228 4443 memoriam
1264 4390 1316 4443 ei
1354 4405 1642 4457 revocans,
1677 4391 1919 4448 debitam
1965 4394 2070 4448 sibi

483 4482 606 4533 e'sse
647 4480 961 4548 huiusmodi
1001 4492 1266 4548 mortem,
1309 4483 1510 4553 quippe
1541 4485 1636 4556 qui
1668 4497 1862 4540 contra
1903 4487 2075 4556 patris

483 4573 819 4627 voluntatem
850 4573 992 4628 duos
1021 4575 1189 4628 duces
1222 4579 1270 4631 ci
1300 4578 1743 4646 pernecessarios
1781 4579 2074 4634 intereme-

486 4673 602 4730 rat,
655 4649 1006 4720 Abennernm
1068 4682 1262 4736 nempe
1317 4669 1487 4724 ﬁlium
1536 4668 1676 4736 Ner,
1716 4681 1770 4725 et
1808 4671 2071 4726 Abessam

487 4753 656 4808 lilium
697 4754 910 4811 Jotltor.
945 4757 1127 4813 Scmei
1160 4776 1378 4814 servum
1425 4761 1766 4817 Abessalomi
1791 4803 1804 4826 ,
1850 4764 1944 4834 qui
1979 4780 2074 4819 ca-

484 4849 822 4905 lamitatibus
851 4852 1153 4907 obnoxium
1202 4863 1482 4924 parentem
1535 4856 1657 4926 ejus
1687 4857 1911 4921 videns,
1959 4874 2076 4913 ma-

485 4941 698 4999 ledictis
744 4953 799 4998 ct
828 4945 1102 5014 lapidibus
1137 4947 1472 5017 impctierat,
1525 4948 1670 5004 intra
1718 4949 2074 5023 Jerosolyma:

483 5035 724 5090 civitatis
758 5037 958 5092 moenia
1000 5039 1279 5104 coercuit;
1333 5051 1388 5093 at
1427 5039 1702 5108 delatum,
1745 5044 1890 5113 quod
1932 5045 2070 5100 civi-

487 5136 595 5181 tate
614 5128 914 5198 aliquaudo
933 5129 1417 5200 egressusfuissct,
1439 5133 1606 5188 veluti
1630 5145 2064 5206 contemptorem

487 5219 646 5288 regia:
684 5221 984 5276 voluntatis
1016 5221 1305 5277 interfecit.
1339 5223 1483 5278 Mille
1514 5225 1678 5280 boum
1711 5227 2069 5294 sacrificium,

485 5311 634 5379 quod
674 5313 910 5382 primum
947 5313 1018 5367 ab
1044 5313 1179 5369 inito
1212 5330 1381 5385 regno
1415 5316 1464 5370 ei
1499 5318 1713 5374 litatum
1739 5330 1842 5387 est,
1873 5319 1983 5376 Deo
2014 5321 2069 5376 iu

485 5399 707 5458 Gabaon
739 5404 1036 5460 celebravit
1076 5422 1090 5460 :
1135 5405 1206 5461 ibi
1241 5408 1387 5462 enim
1412 5409 1607 5465 offerre
1640 5412 1898 5482 elegerat,
1941 5430 2068 5471 cum

485 5491 784 5551 Jerusalem
837 5500 1072 5556 necdum
1131 5509 1278 5555 esset
1310 5501 1598 5559 aadilicala.
1639 5503 1868 5575 Pr0ptcr
1919 5509 2070 5577 pium

708 5651 826 5731 lion
859 5671 989 5727 ergo
1014 5654 1293 5731 _Josepltt_ts
1325 5676 1409 5716 CLI
1443 5667 1792 5731 agnoscebat.

493 5723 887 5856 ._a(84)iCForte
923 5723 1198 5785 redundat
1231 5726 1330 5799 ἦν,
1371 5736 1455 5788 vel
1478 5723 1639 5807 lege,
1673 5739 1928 5804 τοσοῦτος
1963 5736 2029 5813 ἦν
2053 5780 2068 5806 ,

490 5808 516 5844 ο
553 5809 610 5856 ος
641 5809 664 5843 ε
724 5830 740 5845 .

2099 4532 2153 4591 D

2189 1941 2289 2012 τὴν
2329 1943 2466 2013 πρὸς
2507 1944 2640 1998 Θεὸν
2701 1946 2981 2000 εύσέϋειαν
3029 1948 3296 2018 είλικρινῆ
3336 1947 3639 2019 διατηρεῖν,
3679 1949 3782 2018 τῆς

2189 2036 2422 2106 ἀρίστης
2466 2037 2642 2108 ἀρχῆς
2688 2038 2896 2109 ταύτην
2935 2040 3193 2094 ὑπόθεσιν
3237 2036 3378 2093 εἶναι
3429 2040 3627 2108 λέγων.
3669 2041 3781 2094 Καὶ

2187 2127 2281 2180 τὸν
2311 2128 2438 2182 ναὸν
2482 2127 2540 2181 δὲ
2597 2128 2886 2184 ἐκέλευσεν
2933 2132 3084 2202 αὐτῷ
3113 2133 3452 2203 οἰκοδομεῖν,
3495 2133 3594 2204 τὴν
3646 2134 3782 2200 ὅλην

2189 2220 2356 2273 αὐτοῦ
2404 2221 2680 2287 διάθεσιν,
2732 2224 2907 2296 μέτρα
2954 2242 3015 2277 τε
3059 2230 3152 2277 καὶ
3201 2228 3459 2294 σχήματα
3509 2226 3609 2294 τῆς
3645 2224 3781 2294 ὅλης

2189 2311 2355 2364 αὐτοῦ
2398 2312 2683 2384 δομήσεως
2723 2315 3038 2386 παραδοὺς,
3091 2315 3429 2384 καταλείψας
3476 2315 3626 2385 αύτῷ
3675 2317 3779 2383 τῆς

2191 2405 2652 2474 μεγαλοπρεποῦς
2692 2407 2788 2460 καὶ
2831 2407 3158 2472 πολυτελοῦς
3198 2408 3546 2479 κατασκευῆς
3576 2408 3781 2472 ἐπάξια

2186 2496 2584 2568 δαπανήματα·
2613 2498 2816 2569 χρυσοῦ
2847 2517 2904 2553 τε
2935 2501 3024 2554 καὶ
3056 2501 3166 2571 γὰρ
3195 2496 3262 2571 ἦν
3296 2501 3530 2555 τάλαντα
3551 2501 3782 2564 δεκάκις

2190 2590 2362 2659 μύρια
2393 2591 2486 2644 καὶ
2509 2592 2885 2656 ἑκατοντάκις,
2911 2593 3154 2663 ἀργύρου
3185 2593 3358 2648 δὲκαὶ
3390 2595 3616 2665 σιδήρου
3648 2610 3784 2646 στα-

2187 2683 2325 2753 θμὸς
2358 2685 2482 2748 ὅσος
2519 2681 2588 2755 ἦν
2622 2685 2735 2755 (84)
2764 2685 3002 2757 ἀριθμὸν
3030 2687 3204 2740 ἐλθεῖν
3236 2687 3337 2741 οὐκ
3373 2687 3629 2757 ἠδύνατο.
3664 2687 3784 2740 Καὶ

2184 2775 2313 2838 τοὺς
2345 2775 2744 2847 ἐνυϐρίσαντας
2790 2777 2938 2846 αύτῷ
2986 2779 3126 2832 κατὰ
3169 2780 3261 2832 τὸν
3289 2778 3390 2848 τῆς
3433 2777 3784 2850 δυσπραγίας

2185 2870 2398 2940 καιρξν,
2429 2870 2531 2922 οὐκ
2561 2869 2746 2923 εἴασεν
2774 2869 3048 2938 ἀγνῶτας.
3084 2870 3356 2934 Κατέλεξε
3391 2871 3499 2939 γὰρ
3526 2873 3620 2923 καὶ
3649 2869 3784 2922 τού-

2182 2978 2310 3024 τους
2347 2960 2426 3032 τῷ
2459 2960 2711 3032 Σολομῶν
2731 3003 2746 3026 ,
2777 2962 2925 3025 ὅπως
2968 2962 3165 3025 αὐτοὺς
3197 2962 3596 3031 ὐποὸλέπηται.
3638 2962 3787 3014 Τεσ-

2187 3051 2500 3122 σαράκοντα
2557 3051 2613 3104 δὲ
2665 3051 2995 3123 βασιλεύσας
3042 3053 3360 3119 ἐνιαυτοὺς,
3396 3052 3636 3116 εὐκλεῶς
3683 3069 3785 3104 τε-

2184 3146 2346 3217 λευτᾷ
2364 3186 2378 3210 ,
2407 3143 2488 3215 τῷ
2519 3146 2780 3216 Σαλομῶν
2813 3147 3089 3218 παραδοὺς
3116 3147 3213 3219 τὴν
3241 3147 3538 3218 βασιλείαν.

2184 3283 2438 3338 ΚΕΦΑΛ.
2475 3285 2592 3338 OA'.
2631 3313 2700 3322 —
2749 3285 2887 3356 Tim
2913 3285 3041 3356 sati
3080 3285 3152 3339 τὰ
3197 3283 3277 3351 τῷ
3325 3285 3635 3356 Σολομῶν-ι
3674 3288 3784 3342 δε-

2811 3355 3139 3424 δρασμένα.

2253 3491 2642 3563 Δωδεκακετὴς
2675 3489 2787 3562 (85)
2817 3493 2917 3559 τῆς
2949 3490 3226 3561 βασιλείας
3267 3491 3648 3562 ἐφαψάμενος.
3682 3492 3787 3544 τὸν

2181 3585 2411 3654 ἀδελφὸν
2441 3583 2637 3647 αὑτοῦ,
2686 3584 2743 3645 ὃς
2782 3583 2932 3654 αὐτῲ
2964 3585 3062 3655 τὴν
3119 3583 3400 3654 βασιλείαν
3438 3583 3517 3637 ἔτι
3569 3583 3786 3648 ζῶντος

2181 3677 2275 3732 τοῦ
2323 3679 2533 3748 πατρὸς
2574 3675 2846 3749 ἁρπάζειν
2894 3677 3195 3748 ἐπειράθη,
3242 3679 3548 3749 αἰτήσαντα
3589 3677 3787 3730 δὲκαὶ

2180 3774 2418 3839 γυναῖκα
2462 3773 2648 3826 λαϐεῖν
2679 3770 2779 3841 τὴν
2828 3771 3285 3825 συνευνασθείσαν
3311 3771 3391 3841 τῷ
3431 3771 3596 3824 Δαϐὶδ
3630 3787 3787 3840 παρ-

2182 3865 2334 3918 θένον
2357 3865 2718 3934 διαμείνασαν
2745 3864 2844 3934 τὴν
2883 3863 3164 3924 Ἀϐισσὰν,
3199 3863 3400 3918 ἀνεῖλε.
3446 3865 3550 3916 Τὸν
3590 3863 3787 3917 Ἀϐιά-

2180 3954 2282 4026 θαρ
2323 3955 2382 4017 ὃς
2417 3950 2486 4025 ἦν
2528 3954 2850 4024 ἀρχιερεὺς,
2885 3954 2985 4023 τῆς
3017 3955 3318 4025 ἱερωσύνης
3364 3955 3636 4025 ἐξήγαγε,
3681 3956 3784 4007 τὸν

2182 4044 2506 4098 συνελθόντα
2539 4045 2615 4116 τῷ
2662 4045 2892 4116 Ἀδωνίᾳ
2924 4046 3005 4108 εἰς
3048 4045 3148 4114 τὴν
3186 4046 3284 4113 τῆς
3317 4044 3597 4114 βασιλείας
3644 4048 3779 4097 ἑπι-

2178 4139 2447 4209 χείρησιν.
2493 4137 2597 4192 Τὸν
2644 4137 2802 4190 Ἰωὰϐ
2835 4137 2892 4200 ὃς
2934 4133 3002 4208 ἦν
3037 4137 3130 4191 τοῦ
3172 4139 3380 4206 πατρὸς
3425 4138 3740 4206 στρατηγὸς
3765 4179 3781 4201 ,

2179 4235 2259 4294 εἰς
2286 4229 2346 4283 τὸ
2387 4230 2776 4300 θυσιαστήριον
2823 4233 3210 4299 καταφυγόντα
3251 4229 3338 4282 διὰ
3375 4229 3435 4282 τὸ
3469 4230 3780 4298 συμπράτ-

2176 4339 2292 4375 τειν
2335 4319 2414 4390 τῷ
2477 4320 2742 4392 Ἀδωνίᾳ,
2791 4321 2886 4373 καὶ
2940 4321 3102 4374 αὐτὸν
3145 4319 3393 4385 ἀνεῖλεν,
3443 4320 3788 4389 ὑπομνήσας

2179 4412 2351 4484 αὐτῷ,
2385 4414 2460 4477 ὡς
2501 4411 2774 4482 ὲπὼφειλε
2813 4415 2904 4465 τὸν
2935 4413 3178 4466 τοιοῦτον
3211 4412 3462 4476 θάνατον,
3507 4413 3787 4466 ἀποκτεί-

2178 4523 2274 4568 νας
2318 4507 2469 4575 παρᾶ
2505 4505 2604 4576 τὴν
2638 4504 2730 4557 τοῦ
2763 4505 2967 4574 πατρὸς
3012 4503 3240 4576 γνώμην
3285 4505 3378 4558 δύο
3425 4505 3786 4575 στρατηγοὺς

2182 4599 2511 4670 εὐαρέστους
2541 4595 2724 4666 αύτῷ,
2757 4597 2850 4650 τὸν
2892 4596 3153 4668 Ἀϐεννὴρ
3185 4599 3297 4651 υἱὸν
3339 4598 3490 4670 Νὴρ,
3543 4598 3635 4652 καὶ
3683 4599 3791 4651 τον

2195 4689 2429 4744 Ἀὁεσσὰ
2492 4688 2607 4741 υἱὸν
2665 4687 2870 4758 Ἱοθὸρ,
2917 4691 3342 4759 γεγενημένους.
3396 4692 3497 4744 Τὸν
3550 4692 3787 4764 Σεμεῆς,

2179 4783 2271 4836 τὸν
2303 4782 2399 4836 τοῦ
2458 4780 2818 4851 Ἀϐεσσαλὼμ
2861 4781 3080 4844 δοῦλον,
3125 4783 3185 4846 ὃς
3228 4783 3652 4855 δυσπραγοῦντα
3684 4787 3796 4840 τὸν

2181 4874 2396 4946 πατέρα
2428 4873 2765 4943 θεασάμενος
2796 4876 3078 4946 κατηρᾶτο
3119 4878 3214 4928 καὶ
3244 4876 3522 4941 ὲλίθαζεν,
3556 4879 3636 4937 εἰς
3674 4879 3794 4949 τὴν

2190 4966 2551 5035 Ἰερουσαλὴμ
2587 4965 2925 5038 περιώρισε,
2976 4969 3070 5019 καὶ
3109 4969 3416 5038 μηνυθέντα
3463 4970 3563 5040 τὴν
3615 4971 3796 5024 πόλιν

2179 5057 2284 5109 ποῦ
2321 5056 2432 5125 (86)
2467 5057 2920 5127 προεληλυθέναι,
2950 5059 3026 5121 ὡς
3063 5059 3378 5129 ὑπέρφρονα
3407 5059 3518 5130 (87)
3549 5061 3643 5113 τοῦ
3675 5062 3797 5131 βα.-

2181 5149 2376 5212 σιλέως
2395 5149 2622 5218 γνώμης
2651 5150 2962 5205 ἀπέκτεινε.
2995 5152 3300 5224 Χιλιόμϐην
3331 5155 3555 5225 πρώτην
3588 5158 3800 5210 ποιού-

2181 5259 2342 5311 μενος
2374 5241 2483 5294 ἁπδ
2506 5240 2605 5311 τῆς
2640 5242 2835 5295 ἑαυτοῦ
2887 5245 3166 5312 βασιλείας
3204 5245 3425 5311 θυσίαν,
3461 5247 3653 5299 ἔθυσεν
3699 5251 3798 5314 εἰς

2174 5334 2275 5402 τὴν
2305 5332 2532 5386 ιἀὅαῶν
2560 5333 2638 5402 τῷ
2679 5333 2797 5403 Θεῷ
2819 5351 2831 5364 ·
2867 5328 2970 5388 ὦδε
3001 5335 3111 5406 γὰρ
3139 5337 3311 5389 εἵλετο
3355 5341 3746 5406 προσαγαγεῖν
3776 5381 3794 5403 ,

2179 5423 2280 5490 τῆς
2317 5423 2674 5496 Ἰερουσαλὴμ
2697 5423 2851 5478 οὔπω
2880 5425 3251 5497 δομισθείσης.
3302 5428 3428 5480 Ἐπὶ
3456 5431 3521 5499 τῇ
3556 5430 3801 5484 εὐσεεεί

2181 5514 2342 5586 θυσία
2376 5515 2691 5579 κελευσθεὶς
2717 5517 2784 5570 δι’
2808 5517 3103 5587 ὀνειράτων
3134 5519 3260 5584 θέας
3284 5520 3508 5590 αἰτῆσαι
3529 5538 3584 5574 τι
3617 5525 3799 5593 παρὰ

2253 5676 2364 5737 (85)
2397 5677 2768 5744 Δωδεκαετής.

2253 5747 2364 5813 (86)
2409 5747 2569 5800 Forte
2606 5765 2732 5811 που,
2775 5751 2856 5803 vel
2899 5768 3003 5804 πω.

2251 5818 2364 5889 (87)
2397 5817 2538 5871 Edit.
2580 5819 2791 5875 Fabric.
2825 5822 3123 5892 t'izép'povu.
