4044 6450
281 411 348 476 89
1453 411 1828 473 LIBELLUS
1868 415 2376 477 MEMORIALIS.
3487 425 3556 486 90

277 528 370 584 τοῦ
397 526 557 590 Θεοῦ,
589 525 758 596 ᾔτησε
796 525 1011 594 σοφίαν,
1040 525 1108 578 δι’
1149 521 1216 596 ἧς
1251 526 1350 589 τὰς
1385 527 1628 591 ἐνδίκους
1663 523 1772 590 οἷός
1801 546 1859 582 τε

1984 533 2332 596 ιειειίίίρίιιιιι.
2368 533 2560 601 jussus
2611 549 2705 605 per
2757 535 2936 590 visum
2978 539 3318 591 somniorum
3375 549 3558 608 petere

279 621 363 690 εἴη
388 619 484 672 τοῦ
523 617 654 670 λαοῦ
697 617 908 686 κρίσεις
945 617 1223 688 ἐκφέρειν.
1279 619 1627 689 Ἀποδεχθεὶς
1671 620 1726 672 δὲ
1770 621 1864 672 ἐπὶ

279 713 343 780 τῇ
376 707 604 780 τοιαύτῃ
649 709 906 777 αἰτήσει,
953 707 1050 760 καὶ
1100 708 1201 778 τὴν
1238 709 1432 778 σοφίαν
1480 710 1729 779 εἰλήφει,
1772 713 1866 764 καὶ

280 807 418 873 ᾰπερ
449 803 549 856 οὐκ
587 803 822 873 ᾐτήκει,
861 801 1090 855 πλοῦτον
1115 845 1130 868 ,
1187 803 1278 855 καὶ
1321 802 1582 872 δύναμιν,
1638 805 1731 857 καὶ
1767 804 1866 873 τὴν

281 895 560 964 εἰρηναξαν
597 895 895 966 διαγωγήν.

345 1077 618 1131 Δύσλυτον
649 1079 806 1132 ἔλυσε
835 1079 930 1133 δύο
963 1081 1242 1148 γυναικῶν
1274 1081 1690 1152 προσελθουσῶν
1719 1081 1868 1152 αὑτῷ

279 1171 478 1240 κρίσιν,
510 1173 644 1241 περὶ
677 1172 879 1236 ζῶντος
908 1174 1002 1226 καὶ
1027 1173 1326 1236 τεθνεῶτος
1357 1173 1697 1244 κρινομένων
1739 1191 1864 1226 παι.

278 1265 420 1318 δίων.
466 1265 757 1332 Ἐπιγνοὺς
787 1266 996 1336 εἰλήφει
1026 1267 1209 1337 σοφίᾳ,
1236 1268 1330 1318 καὶ
1359 1267 1420 1319 τὸ
1453 1265 1561 1330 ζῶν
1595 1267 1752 1328 ποίας
1781 1266 1864 1337 εἴη

279 1357 572 1422 γυναικὸς,
612 1360 816 1428 στοργῇ
851 1359 917 1428 τῇ
957 1358 1051 1412 τοῦ
1099 1359 1338 1422 παιδίου,
1374 1362 1470 1411 καὶ
1512 1359 1574 1412 τὸ
1604 1359 1870 1429 τεθνηκὸς

279 1449 352 1508 ὡς
381 1451 484 1518 τῆς
518 1449 735 1520 ἐτέρας,
773 1449 862 1502 διὰ
897 1450 996 1520 τῆς
1031 1452 1163 1520 περὶ
1194 1451 1330 1504 αὐτὸ
1357 1451 1418 1504 τδ
1452 1450 1560 1516 ζῶν
1596 1452 1865 1516 ἀφειδίας·

291 1541 595 1610 ’Δπόλεμον
617 1545 712 1594 καὶ
743 1543 1020 1612 εἰρηναῖον
1046 1543 1155 1596 ἀπὸ
1183 1543 1294 1596 τῶν
1319 1544 1614 1613 περιοίκων
1646 1545 1738 1596 καὶ
1759 1544 1868 1597 τῶν

279 1633 450 1686 ἄλλων
485 1634 698 1698 ἐθνῶν,
739 1635 830 1688 τὸν
867 1636 968 1703 τῆς
1015 1635 1294 1705 βασιλείας
1339 1636 1606 1690 διετέλεσε
1638 1637 1867 1707 χρόνον,

277 1725 378 1778 fma
407 1724 504 1788 τὰς
533 1727 730 1779 ἑαυτὸν
761 1727 985 1790 ἐκαίνας
1015 1725 1126 1798 (88)
1155 1728 1249 1780 τοῦ
1275 1727 1406 1781 λαοῦ
1438 1728 1737 1794 διάγοντος.
1781 1732 1872 1783 Ἐν

279 1818 560 1887 εὐφορίαις
613 1819 934 1890 ἀνειμένος,
973 1819 1066 1872 τὸν
1119 1821 1248 1873 ναὸν
1305 1821 1656 1892 ᾠκοδόμησεν
1699 1825 1758 1877 ἐν
1803 1826 1868 1892 τῇ

1975 627 2178 696 aliquid
2213 643 2243 680 a
2306 628 2438 691 Deo,
2485 629 2779 695 postulavit
2830 629 3191 696 sapientiam,
3225 645 3331 698 qua
3375 642 3560 700 posset

1969 719 2147 786 justas
2188 721 2368 788 populi
2427 721 2784 789 pronuntiare
2842 721 3176 787 sententias;
3231 737 3295 776 ac
3343 734 3562 791 prepter

1975 811 2290 880 hujusmodi
2338 812 2758 880 postulationem
2792 828 2918 866 cum
2965 813 3300 882 placuisset,
3341 814 3562 882 sapien-

1977 905 2104 957 tiam
2134 919 2352 972 qnoque
2382 905 2639 966 cbtinuit,
2671 913 2722 958 et
2751 921 2873 973 quze
2900 904 3124 974 insuper
3161 921 3266 959 non
3311 907 3559 975 petierat,

1975 995 2215 1058 divitias,
2248 997 2568 1064 potentiam,
2595 999 2649 1050 et
2675 997 2954 1064 paciﬁt-am
2987 998 3178 1051 vitam.

2045 1087 2328 1140 Diﬁicilem
2385 1089 2544 1142 solvit
2586 1088 2816 1141 duarum
2867 1088 3154 1142 mulierum
3201 1088 3267 1142 ad
3299 1103 3358 1142 se
3409 1103 3562 1142 acce-

1976 1179 2220 1233 dentium
2270 1181 2438 1246 litem,
2471 1197 2593 1250 qua:
2631 1181 2971 1234 dissidebant
3002 1182 3068 1235 de
3095 1182 3220 1234 vive
3251 1191 3303 1234 et
3343 1190 3564 1235 mortuo

1978 1271 2196 1339 puello:
2236 1271 2501 1340 sapientia
2541 1271 3223 1340 namqueapprelrendens
3263 1271 3564 1338 intellexit,

1977 1375 2030 1418 et
2063 1364 2218 1417 rivus
2272 1362 2560 1432 cujusnam
2618 1363 2864 1418 mulieris
2905 1371 3079 1429 esset,
3125 1363 3321 1418 aﬁ‘cctu
3369 1381 3566 1434 nempe

1976 1471 2103 1524 erga
2129 1455 2366 1524 puellum
2396 1474 2409 1522 ;
2452 1467 2505 1510 et
2534 1455 2678 1525 (μιοά
2705 1467 2958 1511 mortuus
2983 1455 3210 1510 alterius
3237 1467 3402 1521 esset,
3449 1472 3568 1523 pro—

1977 1557 2166 1626 pterea
2192 1546 2336 1614 quod
2365 1560 2433 1600 ne
2459 1547 2582 1599 vivo
2604 1546 2823 1614 quidem
2851 1545 3179 1614 parcendum
3209 1544 3296 1597 illa
3331 1545 3563 1598 volebat.

1980 1639 2358 1709 Tranquillum
2414 1653 2480 1693 ac
2545 1637 2832 1707 paciﬁcum
2901 1638 2971 1692 ab
3048 1636 3568 1706 circumiacentibus

1979 1732 2210 1801 aliisque
2251 1730 2466 1800 populis
2513 1729 2665 1798 regni
2725 1729 2810 1784 sui
2865 1739 3080 1798 tempus
3128 1727 3415 1793 transegit,
3465 1723 3602 1780 sub'

1980 1825 2088 1878 vite
2135 1835 2188 1878 et
2237 1823 2341 1878 ﬁcu
2405 1838 2505 1877 sua
2555 1833 2749 1893 agente
2803 1821 3027 1891 p0pulo.
3077 1821 3332 1873 Omnium
3383 1833 3566 1871 narum

291 1909 674 1980 Ἰερουσαλὴμ,
706 1911 850 1964 κατὰ
875 1911 976 1974 τὰς
1003 1911 1096 1964 τοῦ
1127 1913 1337 1983 πατρὸς
1369 1913 1674 1984 ὑποθήκας,
1715 1917 1774 1967 ἐν
1809 1915 1868 1982 ἒξ

1984 1917 2130 1986 Copia
2165 1923 2479 1976 recreatus,
2520 1914 2780 1983 templum
2815 1910 3210 1983 Hierosolymis
3243 1908 3567 1972 mdilicavit,

281 2003 371 2054 καὶ
395 2001 609 2054 εἴκοσιν
642 2002 753 2074 (89)
794 2006 1063 2062 ἐνιαυτοῖς
1097 2004 1259 2057 αὐτὸν
1291 2005 1603 2069 ἐκτελέσας,
1638 2006 1734 2058 καὶ
1765 2005 1866 2076 τὴν

283 2091 430 2162 ἱερὰν
467 2093 744 2159 κιϐωτὸν,
779 2094 846 2166 ἢν
889 2096 1132 2165 Μωῦσῆς
1163 2096 1604 2158 κατεσκεύασεν,
1647 2097 1870 2161 ἀναθεὶς

280 2185 424 2238 εἴσω.
455 2185 612 2238 Βοῶν
633 2187 692 2240 δὲ
715 2187 890 2240 εἴκοσι
915 2189 1120 2242 καὶδύο
1154 2189 1400 2260 χιλιάδας
1425 2191 1513 2242 διὰ
1543 2190 1652 2242 τῶν
1677 2192 1870 2260 ἱερέων

279 2279 628 2346 καταθύσας,
661 2281 757 2332 καί¹
793 2281 886 2334 τὸν
918 2282 1047 2334 λαὸν
1075 2283 1183 2336 τῶν
1221 2283 1428 2336 δώδεκα
1457 2284 1640 2351 φυλῶν
1670 2287 1752 2348 εἰς
1777 2285 1871 2337 τὸν

279 2373 644 2442 ἐγκαινισμδν
670 2373 1036 2441 συγκαλέσας,
1063 2374 1148 2444 ἐφ’
1175 2375 1387 2447 ἡμέρας
1414 2375 1469 2428 δέ
1502 2376 1645 2430 ἑπτὰ
1676 2376 1866 2440 θύσας,

277 2463 549 2518 ἀπέλυσεν
629 2465 998 2535 ἀγαλλόμενος
1081 2468 1180 2536 τὴν
1264 2467 1544 2521 Αἰθιόπων
1598 2469 1869 2539 βασιλίδα,

279 2557 444 2628 (Σαϐὰ
473 2559 536 2612 δὲ
572 2555 640 2629 ἦν
676 2561 812 2630 αὐτῇ
862 2559 1087 2630 δνομα)·
1117 2561 1214 2624 τῆς
1266 2557 1432 2613 αὑτοῦ
1465 2561 1656 2630 σοφίας
1687 2563 1872 2615 εἵνεκα

277 2649 410 2718 πρὸς
449 2649 622 2702 αὐτὸ)
648 2650 982 2721 ἀφιγμένης,
1019 2650 1313 2718 ἐξέπληξεν
1341 2653 1436 2705 ἐπὶ
1483 2655 1551 2723 τῇ
1587 2655 1870 2724 φρονήσει,

280 2741 536 2810 καὶπερὶ
585 2743 804 2794 πάντων
833 2737 1020 2813 ὧνπερ
1068 2743 1262 2812 μαθεῖν
1309 2744 1585 2815 ἠϐουλήθη
1613 2787 1626 2808 ,
1674 2747 1874 2814 γνῶσιν

279 2835 410 2904 αὐτῇ
467 2836 798 2905 παρέδωκεν
832 2837 1260 2908 ἁτρεκεστάτην.
1311 2839 1498 2901 Πάσας
1542 2837 1640 2902 τὰς
1676 2837 1875 2904 ἔξωθεν

281 2929 570 2996 κειμένας,
613 2931 893 2992 ὑποτελεῖς
923 2933 988 3002 τῇ
1021 2929 1214 2984 ἐαυτοῦ
1250 2931 1412 3003 σοφίᾳ
1445 2932 1746 3004 ἐποιήσατο
1778 2931 1875 3002 βα-

281 3021 522 3086 σιλείας,
585 3021 683 3076 καὶ
739 3023 996 3094 ἐκόμιζον
1043 3023 1294 3094 ἐτησίους
1354 3025 1620 3096 εἰσφορὰς
1676 3025 1878 3088 πάντες

283 3113 456 3165 ἑκοντὶ
477 3155 491 3177 ,
538 3115 746 3185 χρυσοῦ
771 3133 829 3168 τε
862 3117 954 3168 καὶ
983 3109 1056 3169 ὧν
1088 3114 1232 3185 εἶχον
1270 3117 1566 3186 ἐξαιρέτων
1594 3119 1652 3170 ἐν
1683 3118 1877 3187 δώροις

1971 2011 2125 2079 juxta
2179 2017 2404 2078 paterna
2441 2007 2697 2061 mandata
2723 2049 2737 2073 ,
2779 2005 2921 2058 intra
2957 2021 3051 2059 sex
3086 2015 3140 2059 ct
3169 2003 3362 2074 viginti
3397 2016 3570 2055 annos

1977 2104 2110 2157 illud
2152 2101 2466 2166 absolvens,
2509 2113 2836 2169 sacramque
2881 2112 3088 2162 arcam,
3145 2111 3309 2165 quam
3355 2093 3570 2163 Moysi-3

1975 2203 2382 2256 construxerat,
2418 2193 2561 2246 intro
2593 2205 2886 2260 reponens.
2933 2189 3108 2244 Boum
3146 2187 3259 2241 duo
3293 2195 3345 2240 et
3375 2186 3568 2256 viginti

1979 2288 2148 2340 millia
2183 2300 2277 2355 per
2317 2285 2634 2340 sacerdotes
2681 2280 2980 2346 mactavit,
3023 2279 3400 2349 pepulumque
3432 2277 3570 2328 due-

1975 2377 2151 2433 decim
2207 2377 2448 2431 tribuum
2490 2375 2555 2428 ad
2593 2374 2991 2429 dedicationem
3034 2385 3349 2426 convocans
3373 2410 3385 2434 ,
3419 2375 3570 2436 post-

1977 2485 2140 2540 quam
2171 2485 2266 2538 per
2290 2467 2406 2520 dies
2435 2475 2642 2534 septem
2673 2463 2941 2520 sacriﬁcia
2968 2462 3278 2526 obtulisset,
3305 2460 3568 2512 lretabnn-

1977 2565 2079 2618 dus
2116 2562 2168 2614 di
2197 2561 2345 2615 nisit.
2377 2558 2695 2627 JEtbiopum
2725 2556 2968 2626 reginam
3017 2552 3182 2625 (Saba
3204 2559 3321 2606 erat
3353 2551 3570 2605 mulieri

1979 2653 2201 2723 nomen)
2256 2667 2379 2722 quae
2435 2660 2654 2722 propter
2709 2650 2855 2704 illius
2913 2645 3238 2717 sapientiam
3295 2645 3362 2698 ad
3415 2644 3566 2696 illum

1977 2759 2231 2814 venerati.
2279 2747 2538 2818 perculsit
2576 2761 2676 2800 sua
2719 2742 3010 2814 prudentia
3053 2759 3066 2794 :
3111 2754 3175 2793 ac
3217 2737 3284 2792 de
3315 2735 3574 2789 omnibus

1980 2857 2102 2910 qua:
2157 2837 2443 2892 addiscere
2483 2835 2676 2900 voluit,
2719 2832 2966 2887 notitiam
3003 2829 3053 2885 ei
3092 2827 3314 2884 tradidit
3347 2824 3574 2879 verissi-

1984 2949 2146 2986 rnam.
2198 2929 2432 2985 Externa
2467 2929 2650 2984 omnia
2693 2943 2860 2997 regna
2909 2940 3006 2981 sua
3043 2921 3312 2992 sapientia
3351 2917 3573 2973 tributis

1981 3025 2283 3094 pcmlendis
2315 3023 2418 3077 sibi
2460 3023 2587 3076 fecit
2627 3020 2897 3080 obnoxia,-
2931 3029 3258 3084 annuasque
3289 3011 3574 3068 contribu-

1985 3120 2160 3173 tiones
2217 3117 2457 3172 universi
2497 3125 2688 3186 sponte
2735 3111 3088 3175 deferebant,
3127 3109 3240 3166 sive
3295 3107 3418 3162 auri
3458 3105 3574 3160 sive

283 3205 602 3274 ἐπιχωρίων
635 3205 980 3275 ἐπιτηδείων.
1017 3205 1182 3272 Τρεῖς
1219 3204 1435 3274 βίϐλους
1469 3205 1696 3270 ἐξέδωκε
1740 3205 1873 3274 πρὸς

1984 3225 2171 3264 earum
2207 3224 2389 3262 rerum
2436 3207 2850 3277 indigenarum,
2885 3218 3007 3273 quae
3045 3201 3338 3256 eﬂ‘crendis
3382 3213 3575 3252 mune-

283 3297 570 3350 παίδευσιν
595 3297 691 3351 καὶ
733 3297 884 3368 ἱερὰν
929 3297 1199 3366 ὠφέλειαν
1232 3297 1309 3367 τῷ
1344 3297 1458 3368 λαῷ
1499 3297 1870 3365 τιμιωτάταςσ

281 3388 368 3440 καὶ
410 3389 518 3460 τὴν
581 3389 680 3458 μὲν
711 3388 1072 3457 Παροιμίαν,
1105 3388 1204 3459 τὴν
1239 3387 1296 3440 δὲ
1347 3388 1872 3455 Ἐκκ.ἳησιαστὴν,

281 3477 376 3550 τὴν
431 3478 492 3532 δὲ
550 3474 717 3548 ᾆσμα
777 3479 1068 3548 ᾀσμάτων
1119 3479 1453 3550 ἐπέγραψεν.
1509 3480 1629 3532 Εἰσὶ
1676 3479 1732 3532 δὲ
1781 3481 1878 3532 καὶ

281 3571 452 3642 ἕτεροι
511 3571 762 3624 πλεῖστοι
811 3572 992 3640 λόγοι,
1047 3572 1138 3636 οὓς
1192 3573 1514 3646 ἀπέκρυψεν
1565 3575 1592 3626 ὁ
1644 3575 1878 3645 εὐσεϐὴς

283 3663 544 3732 βασιλεὺς
595 3664 868 3730 Ἐζεκίας,
905 3667 1057 3721 οὐδὲν
1102 3667 1294 3736 ὕφελος
1341 3667 1435 3719 ἐπί
1467 3668 1686 3731 πολλοῖς
1730 3667 1878 3738 εὑρί-

285 3757 512 3810 σκεσθαι
551 3757 753 3824 λόγοις.
783 3757 924 3822 Τοὺς
947 3759 1004 3812 δέ
1029 3759 1303 3829 δαιμόνων
1335 3760 1754 3828 ἐκφευκτικοὺς,
1783 3759 1879 3812 καὶ

283 3850 472 3904 παθῶν
507 3852 790 3922 Ξατρικοὺς
813 3893 826 3916 ,
861 3853 954 3905 καὶ
989 3851 1237 3904 κλεπτῶν
1265 3853 1649 3924 φωρατικους,
1686 3853 1737 3904 οἰ
1772 3851 1879 3906 τῶν

297 3943 574 3996 Ἰουδαίων
617 3945 858 4015 ἀγύρται
909 3945 1036 4013 παρ’
1084 3946 1296 4007 ἑαυτοῖς
1337 3943 1710 4013 φυλάσσουσιν
1755 3946 1877 3998 ἐπι-

285 4036 744 4105 μελέστατα,τῶν
773 4037 982 4090 πιστῶν
1005 4037 1104 4104 τῆς
1131 4037 1292 4104 ἁγίας
1320 4035 1648 4107 Ἐκκλησίας
1669 4035 1880 4099 τούτοις

282 4131 338 4182 οὗ
369 4131 758 4202 κεχρημένων,
793 4128 883 4182 διὰ
912 4129 973 4182 τὸ
998 4133 1064 4200 τῇ
1104 4129 1344 4198 Χριστοῦ
1377 4133 1558 4181 πίστει
1592 4127 1880 4182 καθοσιοῢν

284 4225 510 4286 ἑαυτοὺς
541 4221 872 4291 δεδιδάχθαι.
920 4221 1273 4292 Ἐνδεκαετὴς
1316 4223 1412 4274 καὶ
1451 4223 1557 4290 πρὸ
1587 4221 1687 4290 τῆς
1723 4220 1880 4290 βασι-

283 4316 427 4380 λείας
455 4315 574 4368 υίὺν
603 4315 855 4383 φαίνεται
879 4315 1172 4384 γεννήσας.
1203 4311 1553 4384 Δωδεκαετὴς
1589 4314 1698 4382 γὰρ
1725 4311 1879 4380 γενό-

288 4427 442 4480 miro;
474 4408 730 4479 ἐφήψατο
759 4407 859 4475 τῆς
889 4405 1191 4476 βασιλείας,
1221 4406 1496 4475 βασιλεύει
1520 4407 1576 4458 δέ
1601 4407 1668 4460 τὰ
1703 4408 1880 4460 πάντα

287 4501 696 4570 τεσσαράκοντα
736 4499 872 4570 ἐτη,
925 4497 1243 4553 καταλιπὼν
1306 4498 1591 4568 Ῥοϐοάμῳ
1653 4497 1730 4568 τῷ
1780 4497 1881 4568 υἱῷ

1984 3302 2137 3356 ribus
2163 3309 2346 3356 essent
2379 3297 2683 3368 aptissima.
2719 3297 2855 3351 Tres
2885 3295 3055 3349 libros
3088 3293 3260 3348 edidit
3295 3291 3362 3345 ad
3391 3289 3578 3345 erudi-

1983 3395 2184 3448 tionem
2243 3403 2297 3446 et
2331 3406 2544 3446 sacram
2593 3388 2886 3443 utilitatem
2929 3385 3072 3455 apud
3115 3383 3374 3454 populum
3417 3395 3574 3436 corn-

1984 3486 2451 3540 mendatissimos.
2503 3483 2582 3536 Ac
2621 3496 2791 3535 unum
2829 3479 3048 3550 quidem
3085 3477 3399 3538 Proverbia,
3437 3475 3572 3526 alte-

1983 3595 2104 3633 rum
2142 3576 2543 3640 Ecclesiastem,
2583 3576 2802 3630 tertium
2833 3587 2961 3627 vero
2988 3569 3210 3626 Cantica
3241 3568 3576 3621 canticorum

1985 3670 2282 3738 inscripsit.
2339 3667 2481 3722 Sunt
2536 3676 2589 3722 et
2627 3665 2717 3720 alii
2770 3664 2890 3734 eius
2936 3661 3158 3731 plurimi
3216 3659 3374 3723 libri,
3439 3670 3580 3726 quos

1984 3763 2340 3818 occultandas
2368 3761 2583 3816 censuit
2607 3760 2729 3828 pius
2763 3773 2856 3812 rex
2877 3755 3161 3814 Ezechias,
3196 3751 3404 3805 nullam
3427 3749 3579 3802 utili-

1987 3869 2149 3912 tatem
2181 3855 2413 3911 inveniri
2451 3865 2603 3908 ratus
2649 3854 2702 3907 in
2737 3852 2926 3906 multis
2959 3849 3134 3904 libris.
3175 3847 3282 3903 Eos
3329 3861 3458 3899 vero
3487 3844 3580 3913 qui

1984 3959 2154 4022 agunt
2207 3951 2273 4005 de
2313 3949 2567 4019 iugandis
2623 3947 2997 4011 dzernonibus,
3059 3943 3142 3995 vel
3200 3941 3266 3995 de
3319 3938 3581 3994 sanandis

1985 4046 2214 4108 morbis,
2258 4054 2348 4098 aut
2380 4041 2695 4111 detegendis
2735 4039 2984 4102 furibus,
3021 4036 3332 4090 Iudaeorum
3379 4041 3584 4104 θεῖε-ιω

1984 4135 2127 4203 apud
2173 4149 2231 4188 se
2265 4133 2486 4202 quidem
2525 4129 2946 4200 diligentissime
2993 4125 3343 4190 custodiunt,
3383 4124 3584 4194 quibus

1984 4236 2166 4281 tamen
2227 4225 2414 4280 ﬁdeles
2469 4233 2674 4278 sanctae
2728 4221 2986 4276 Ecclesiae
3051 4218 3277 4272 minime
3333 4224 3582 4280 utuntur,

1985 4327 2275 4389 propterea
2309 4315 2454 4386 quod
2484 4315 2662 4370 edocti
2696 4323 2824 4368 sunt
2855 4313 3067 4380 seipsos
3100 4309 3448 4364 sanctilicare
3477 4307 3582 4359 ﬁde

1985 4411 2211 4466 Christi.
2251 4409 2389 4464 Cum
2450 4406 2703 4462 undecim
2761 4419 3031 4459 annorum
3073 4411 3252 4466 esset,
3307 4410 3362 4453 et
3415 4401 3581 4452 etiam

1989 4520 2282 4574 antequam
2324 4518 2550 4574 regnum
2591 4502 2882 4566 obtineret,
2927 4499 3099 4552 ﬁlium
3135 4498 3396 4567 genuisse
3425 4493 3581 4546 vide-

323 4593 334 4612 ι
423 4593 450 4612 Ω
512 4611 532 4612 7
559 4592 709 4612 E49,...
777 4589 941 4612 ’πλαψ
969 4592 1073 4612 -ΡΛ-
1105 4589 1296 4612 --__-__,.‘

287 4593 382 4662 τὴν
423 4592 729 4663 βασιλείαν.
777 4589 1074 4645 Ἐνιαυτῶν
1103 4589 1345 4658 γεγονὼς
1387 4591 1596 4660 (90)....
1627 4591 1873 4662 τελευτᾷ,

1991 4609 2095 4654 tur.
2142 4595 2322 4663 Quum
2367 4597 2513 4650 enim
2544 4591 2830 4649 duodecim
2876 4605 3053 4644 annos
3102 4597 3263 4642 tratus
3297 4594 3464 4651 esset,
3501 4601 3584 4638 re-

287 4688 550 4752 γυναῖκας
572 4683 937 4748 ἑπτακοσίους
961 4683 1056 4736 καὶ
1082 4681 1368 4746 παλλακὰς
1395 4681 1717 4753 τριακοσίας
1739 4701 1874 4753 κτη-

291 4777 546 4847 σάμενος.
588 4776 703 4830 Οὐκ
749 4775 990 4838 εὐκλεῶς
1037 4775 1418 4846 ἀποθνήσκει,
1475 4775 1706 4844 ἐπείπερ
1751 4777 1875 4840 ταῖς

289 4869 530 4932 ἐθνικαῖς
549 4866 717 4949 αὐτού
737 4865 1096 4940 χαριζόμενος
1118 4865 1355 4932 γυναιξὶ,
1377 4868 1538 4930 ναοὺς
1559 4869 1672 4930 τοῖς
1695 4869 1877 4921 αὐτῶν

291 4961 424 5026 θεοῖς
450 4961 798 5033 ᾠκοδόμησε.

291 5255 542 5310 ΚΕΦΑΛ.
581 5253 703 5309 OE'.
737 5287 806 5296 —
849 5254 986 5308 Τίνα
1017 5253 1088 5308 τὰ
1125 5253 1244 5324 ὑπὸ
1301 5253 1542 5308 Ἡσαΐου
1585 5255 1691 5309 τοῦ
1735 5271 1881 5324 προ-

607 5327 804 5396 φήτου
835 5323 1226 5395 πεπραγμένα
1255 5327 1544 5394 θαύματα.

360 5445 501 5512 Περὶ
547 5444 648 5514 τῆς
704 5444 798 5497 τοῦ
845 5443 1101 5514 Σωτῆρος
1152 5444 1458 5514 παρουσίας
1513 5445 1730 5508 πολλοῖς
1788 5441 1886 5499 καὶ

299 5537 567 5600 ποικίλοις
597 5539 822 5606 τρόποις
847 5536 1278 5607 προεφήτευσεν.
1331 5536 1758 5608 ὐφθαλμοφανῆ
1789 5537 1886 5608 τήν

363 5651 476 5719 (88)
515 5650 691 5724 Loc_us
731 5652 814 5724 vel
845 5650 982 5708 Cod.
1009 5653 1102 5724 vel
1139 5662 1350 5724 typogr.
1387 5653 1518 5706 vitio
1557 5664 1874 5720 corruptus,

306 5739 456 5790 quem
490 5724 570 5776 sic
599 5720 884 5777 Fabricius
926 5720 1214 5778 reddidit?
1249 5720 1442 5792 populo
1485 5741 1602 5776 cum
1639 5740 1764 5791 pace
1814 5739 1875 5774 (rc

305 5796 467 5858 quiete
489 5792 582 5846 sub
615 5793 709 5845 illo
727 5793 940 5846 vivente.
961 5793 1102 5859 Quid
1125 5795 1168 5851 si
1199 5797 1374 5849 locum
1413 5799 1481 5848 ita
1505 5797 1788 5847 restituam
1808 5809 1874 5846 ex

306 5861 394 5917 HI
422 5863 548 5934 Reg.
581 5879 652 5932 Iv,
679 5863 769 5929 25,
801 5863 904 5918 ὑπὸ
933 5865 1029 5928 τὰς
1072 5865 1265 5918 ἑαυτοῦ
1295 5867 1464 5928 συκᾶς
1509 5865 1603 5919 τοῦ
1629 5863 1760 5919 λαοῦ
1795 5866 1870 5918 δι-

1973 5651 2237 5717 -ἁγοντος,
2269 5651 2363 5703 sub

1983 4708 2150 4764 gnum
2187 4689 2324 4744 adiit
2351 4707 2363 4743 :
2395 4696 2586 4758 regnat
2613 4702 2776 4755 porro
2807 4685 2858 4738 in
2887 4683 3206 4737 universum
3240 4693 3417 4732 annos
3447 4691 3584 4745 qua-

1985 4785 2258 4854 draginta,
2283 4781 2584 4849 relictaque
2614 4777 2896 4834 Roboamo
2927 4775 3038 4828 lilio
3064 4787 3249 4843 regno,
3281 4786 3404 4824 cum
3435 4775 3584 4822 CSScI.

1988 4891 2352 4931 annorum...
2397 4875 2661 4936 moritur,
2697 4869 3022 4922 mulieribus
3066 4881 3202 4919 usus
3251 4861 3585 4933 coniugibus

1989 4965 2368 5038 septingentis.
2420 4963 2744 5018 concubinis
2801 4975 2928 5013 vero
2981 4957 3264 5012 trecentis.
3311 4955 3586 5021 lnglnrius

1991 5063 2245 5120 moritur,
2276 5057 2476 5126 quippe
2511 5055 2603 5125 qui
2652 5055 2768 5109 suis
2803 5051 3040 5106 ethnicis
3079 5049 3416 5120 gratilicatns
3447 5061 3585 5096 um-

1987 5150 2175 5215 ribus,
2209 5152 2407 5218 templa
2439 5163 2626 5200 earum
2661 5146 2981 5198 numinibus
3013 5139 3323 5197 aediﬁcas-it.

1991 5267 2143 5322 CAP.
2173 5263 2386 5318 LXXV.
2419 5293 2486 5302 ——
2513 5263 2642 5328 Qum
2669 5262 2912 5332 prodigia
2945 5260 3070 5328 fecit
3101 5255 3274 5311 Isaias
3305 5253 3583 5324 propin-tu.

2065 5441 2138 5494 lle
2173 5441 2474 5495 Salvatoris
2525 5440 2760 5492 adventu
2815 5436 3000 5490 multis
3057 5449 3122 5488 ac
3167 5429 3336 5484 variis
3398 5429 3580 5482 mods

1994 5535 2358 5605 prophetarit.
2419 5531 2722 5587 Visibiliter
2776 5528 3018 5581 divinam
3059 5523 3418 5595 Sospitaloris
3471 5522 3584 5592 glo-

2396 5648 2602 5716 ﬁcubus
2633 5647 2744 5716 suis
2771 5647 2982 5716 (legente
3009 5642 3224 5712 populo.

2059 5721 2168 5794 (89}
2315 5714 2436 5794 Ret).
2478 5718 2584 5794 _Vl,_
2611 5727 2666 5771 et
2711 5714 2984 5794 inSt-phus
3013 5725 3220 5794 septem
3265 5720 3578 5792 numerant.

2057 5783 2168 5916 £90,:
2209 5792 2283 5844 Ex
2319 5783 2530 5844 calculo
2560 5787 2780 5857 Joscplri
2809 5783 3006 5854 uestri,
3035 5783 3140 5852 in;
3179 5783 3428 5839 UrbCl'ilm
3461 5799 3582 5835 rna-

1983 5879 2048 5916 vu
2081 5873 2096 5915 t
2129 5875 2239 5915 ιιι.
