4044 6428
451 365 518 431 91
1953 359 2258 420 JOSEPPI
3653 367 3714 432 32

451 481 588 534 riam
615 475 948 548 propheticis
971 473 1148 532 oculis
1178 475 1407 530 intuitus
1435 469 1539 528 est.
1577 471 1816 543 Virginei
1843 481 2032 542 partus

2155 475 2293 541 ῑὸξαν
2337 474 2432 528 τοῦ
2491 475 2744 546 Σωτῆρος
2804 478 2904 546 τὴν
2951 477 3142 548 θεῖκὴν
3197 481 3312 543 τοῖς
3365 486 3713 551 προφητικοῖς

456 569 668 625 Domini
717 578 902 639 typum
948 566 1236 622 ostendere
1276 567 1329 620 in
1374 576 1501 619 nato
1547 565 1650 620 sibi
1710 565 2034 620 Emmanuel

453 661 752 714 secundum
793 658 1133 728 prephetiam
1173 657 1284 710 lilio
1335 656 1533 725 dignus
1571 657 1747 711 factus
1792 667 1895 710 est.
1931 656 2033 710 Po-

456 753 564 822 puli
623 753 984 822 ignorantiam
1033 767 1138 819 qua
1183 749 1522 803 Salvatorem
1563 765 1670 803 non
1720 758 1838 804 erat
1882 749 2035 819 agni-

455 857 628 908 turus,
662 854 712 896 et
743 842 1122 912 provenientes
1159 841 1283 894 inde
1320 841 1586 896 adversus
1625 856 1750 894 eum
1785 841 2034 906 insidias,

455 935 808 1003 gentiumque
851 934 964 988 vice
998 933 1146 988 illius
1187 933 1596 994 adductionem.
1641 932 1890 1002 pluribus
1922 949 2031 985 ma-

455 1025 730 1078 nifestavit
762 1042 773 1076 :
805 1023 949 1092 quod
979 1024 1106 1078 item
1146 1039 1211 1077 ex
1242 1024 1426 1078 radice
1451 1021 1622 1078 Jessa:
1650 1023 1916 1078 Dominus
1943 1039 2039 1076 na-

453 1119 688 1172 sciturus
725 1126 863 1184 erat,
905 1117 999 1187 qui
1058 1117 1198 1171 idem
1250 1115 1391 1171 foret
1429 1118 1614 1186 justus
1643 1117 1832 1186 judex,
1876 1126 1928 1171 et
1963 1117 2040 1171 ci-

453 1227 652 1266 curaus
685 1212 893 1266 belluas
922 1225 1051 1280 erga
1083 1210 1336 1264 homines
1361 1252 1375 1275 ,
1409 1210 1545 1263 adeo
1589 1219 1648 1264 ut
1673 1210 1836 1264 etiam
1887 1224 2041 1263 man-

452 1311 605 1357 suete
649 1319 774 1356 eum
819 1303 1081 1370 jumeutis
1129 1318 1317 1356 eorum
1357 1309 1725 1356 versarentur.
1785 1300 2042 1356 Prtedixit

452 1408 672 1461 quoque
707 1392 952 1446 futurum
989 1401 1048 1446 ut
1074 1392 1216 1447 idola
1257 1392 1439 1446 omnia
1485 1408 1611 1447 cum
1647 1393 1864 1461 templis
1907 1392 2040 1460 ipsis

452 1501 480 1536 e
533 1485 711 1537 medio
768 1485 1108 1538 tollerentur.
1171 1483 1464 1552 Manii'este
1497 1484 1660 1538 etiam
1709 1484 2042 1539 vaticinatus

453 1586 554 1639 est,
605 1578 750 1647 quod
791 1578 1041 1633 civitates
1087 1593 1280 1633 eorum
1337 1578 1776 1643 destruereutur,
1833 1579 1926 1648 qui
1986 1578 2039 1632 in

458 1670 738 1738 impietate
778 1681 1247 1739 perseverassent,
1289 1680 1343 1725 et
1375 1670 1520 1740 quod
1558 1680 1676 1740 post
1718 1679 1865 1725 certa
1907 1679 2042 1726 tem-

460 1778 586 1830 pora
653 1762 1046 1818 t'ezedilicandze
1097 1773 1270 1818 erant.
1312 1763 1696 1831 Coguitioncm
1743 1763 2041 1818 divinitatis

455 1856 663 1911 Christi
700 1857 885 1910 multis
928 1855 982 1909 in
1018 1856 1153 1910 locis
1185 1857 1457 1922 praedixit.
1493 1856 1750 1911 Prmdixit
1786 1857 1912 1910 item
1954 1856 2041 1910 fu-

460 1956 666 2012 turum,
713 1958 770 2001 ut
803 1957 1022 2002 centum
1056 1949 1332 2018 octoginta
1379 1949 1623 2018 quinque
1667 1950 1835 2002 millia
1876 1949 2046 2004 homi-

462 2058 591 2095 num
624 2043 957 2107 delerentur,
992 2042 1085 2110 qui
1111 2040 1503 2111 Bahylonicum
1545 2041 1843 2095 exercitum
1875 2042 2047 2095 conli-

460 2134 674 2186 ciebant
699 2133 961 2187 adversus
983 2131 1288 2186 Jerusalem
1320 2133 1646 2186 militantem
1678 2135 1780 2187 sub
1807 2132 2045 2188 Ezechia

461 2237 605 2292 rege.
639 2223 714 2276 Eo
762 2223 881 2290 ipso
911 2223 998 2276 die
1037 2237 1198 2291 quem
1243 2222 1570 2276 vaticinatus
1603 2221 1801 2284 fuerat,
1849 2223 2046 2276 divini—

459 2325 544 2370 tus
583 2316 827 2369 lll‘tll'llSSa
886 2315 1045 2384 plaga
1101 2323 1284 2368 tantus
1346 2315 1436 2368 ille
1479 2314 1754 2368 exercitus
1797 2324 2048 2368 mortuus

452 2406 656 2474 jaeuit,
691 2416 852 2459 noctu
887 2421 996 2459 uno
1043 2406 1306 2474 temporis
1344 2415 1644 2476 incruento.
1685 2404 1829 2470 Quin
1882 2406 2047 2460 etiam

459 2499 743 2565 ipsiusmet
774 2499 1214 2562 Sennacherimi,
1252 2500 1344 2569 qui
1387 2509 1539 2553 tanto
1574 2501 1699 2554 huic
1747 2501 2050 2570 imperabat

457 2591 744 2658 exercitui,
768 2591 1025 2660 praedixit
1049 2591 1256 2662 fugam,
1287 2609 1394 2662 qua
1426 2593 1509 2645 vel
1539 2607 1569 2646 a
1598 2593 1713 2646 sola
1743 2580 2047 2647 Jerusalem

458 2683 746 2738 obsidione
797 2685 1066 2740 desistere
1093 2697 1414 2754 cogeretur;
1454 2685 1696 2755 itemque
1729 2694 2048 2740 eventuram

459 2776 642 2828 statim
679 2776 733 2829 in
779 2776 945 2830 domo
985 2777 1105 2846 ejus
1159 2778 1334 2848 ipsius
1374 2777 1828 2833 interfectionem.
1871 2777 2051 2848 Atque

459 2865 533 2920 ita
576 2866 841 2920 citissime
873 2869 1150 2923 usuvenit.

529 2957 825 3012 Admonito
855 2957 1086 3015 Ezechia
1119 2961 1210 3028 qui
1233 2961 1549 3030 aegrotabat,
1583 2961 1961 3032 audieratque,
1991 2971 2051 3016 ut

460 3049 526 3104 de
558 3065 724 3117 regno
772 3060 1103 3107 testamento
1143 3053 1493 3121 disponeret,
1531 3055 1730 3124 quippe
1777 3055 1920 3108 haud
1975 3055 2047 3108 ita

2136 567 2436 637 ὀφθαλμοῖς
2497 568 2778 622 ἐθεάσατο.
2840 571 2953 639 Τῆς
3016 571 3359 642 παρθενικῆς
3415 576 3715 644 γεννήσεως

2137 659 2230 711 τοῦ
2266 660 2470 729 Κυρίου
2504 660 2596 712 τὸν
2630 660 2803 714 τύπον
2835 662 3124 728 ἐπιδεῖξαι,
3167 665 3226 717 ὲν
3261 663 3339 734 τῷ
3377 665 3718 735 Ἐμμανουήλ

2137 753 2384 822 τεχθέντι
2434 752 2583 821 αύτῷ
2615 753 2758 806 κατὰ
2806 756 3150 824 προφητείαν
3183 755 3286 824 υἱῷ
3321 755 3571 825 ἠξίωται.
3616 756 3718 826 Τὴν

2139 845 2417 912 ἀγνωσίαν
2449 845 2541 898 τοῦ
2584 844 2716 898 λαοῦ
2743 887 2756 909 ,
2794 847 2892 915 τὴν
2928 847 3056 915 περὶ
3088 847 3180 900 τὸν
3213 847 3464 918 Σωτῆρα,
3499 847 3598 901 καὶ
3629 847 3720 918 τὴν

2139 937 2226 990 διὰ
2253 935 2411 989 τοῦτο
2437 938 2732 1006 ἐπιϐουλὴν
2756 938 2925 1008 αὐτῷ,
2947 941 3038 991 καὶ
3063 941 3161 1009 τὴν
3187 941 3296 992 τῶν
3314 940 3485 992 ἐθνῶν
3510 940 3720 992 ἀντεισ-

2141 1031 2403 1102 αγωγὴν,
2451 1031 2540 1084 διὰ
2597 1031 2862 1085 πλειόνων
2895 1031 3201 1100 ὲξέφαινεν,
3263 1032 3350 1095 Ὦς
3397 1033 3489 1086 καὶ
3541 1032 3605 1084 ἐκ
3631 1032 3722 1099 τῆς

2145 1125 2298 1194 ῥίζης
2364 1121 2559 1175 Ἰεσσαὶ
2614 1122 2820 1193 Κύριος
2868 1123 3304 1192 ἀναφανήσεται,
3359 1123 3522 1185 αὐτὸς
3569 1119 3644 1173 ῶν
3698 1122 3720 1172 ό

2143 1214 2348 1275 δίκαιος
2375 1213 2591 1283 κριτὴς,
2623 1215 2717 1266 καὶ
2750 1213 3037 1282 ὲξημερῶν
3064 1215 3134 1266 τὰ
3161 1213 3327 1283 θηρία
3351 1212 3488 1282 πρὸς
3517 1209 3721 1280 ἀνθρώ-

2145 1324 2278 1369 πους
2298 1346 2312 1370 ,
2345 1307 2421 1368 είς
2453 1305 2514 1358 τδ
2547 1307 2641 1358 καὶ
2672 1304 2895 1376 ἡμέρως
2928 1309 3168 1358 συνεῖναι
3212 1309 3326 1367 τοῖς
3371 1303 3554 1356 αὐτῶν
3599 1305 3717 1373 κτή-

2143 1416 2314 1452 νεσιν.
2371 1399 2640 1466 Προεῖπεν
2689 1397 2764 1460 ὼς
2819 1397 2886 1450 τὰ
2932 1396 3128 1450 εἴδωλα
3180 1397 3357 1450 πάντα
3407 1397 3505 1448 συν
3550 1396 3723 1456 αὐτοῖς

2143 1493 2292 1551 ναοῖς
2350 1488 2870 1559 καθαιρεθήσονται.
2927 1489 3180 1558 Φανερῶς
3233 1489 3479 1554 ἐξεῖπεν,
3530 1487 3603 1549 ὼς
3640 1487 3728 1538 καὶ

2143 1583 2254 1637 τῶν
2289 1584 2367 1646 είς
2396 1581 2716 1636 δυσσέϐειαν
2761 1583 3238 1652 ὲναπομεινάντων
3275 1581 3458 1644 πόλεις
3496 1582 3729 1649 ἀνατρα-

2144 1676 2413 1743 πήσονται
2436 1713 2449 1732 .
2485 1673 2581 1724 καὶ⁵
2631 1671 2772 1743 μετά
2804 1674 3003 1743 ρητοὺς
3033 1674 3259 1742 χρόνους
3301 1669 3729 1738 ἀνακτισθήσον-

2148 1783 2257 1818 ται.
2307 1766 2418 1834 Τῆς
2461 1765 2701 1834 Χριστοῦ
2747 1764 3000 1832 θεότητος
3035 1763 3172 1834 πρὸς
3205 1763 3503 1830 ἐπίγνωσιν
3541 1759 3731 1812 πολλα-

2149 1863 2256 1931 χῶς
2290 1862 2570 1930 προεῖπεν.
2615 1858 2842 1912 Ἑκατὸν
2873 1858 3202 1927 ὀγδοήκοντα
3237 1857 3330 1909 καὶ
3366 1856 3524 1907 πέντε
3563 1853 3732 1922 χιλιὰο

2148 1954 2252 2006 δων
2299 1952 2577 2022 ἀναίρεσιν
2609 1949 2955 2004 Βαϐυλωνίου
2988 1946 3220 2019 στρατοῦ
3266 1949 3331 2017 τῇ
3380 1945 3733 2017 Ἰερουσαλὴμ

2150 2044 2536 2113 ἐπικειμένου,
2579 2043 2672 2095 ἐπὶ
2701 2041 2794 2094 τοῦ
2855 2040 3122 2110 βασιλέως
3171 2039 3441 2100 Ἐζεκίου,
3476 2039 3732 2106 προεῖπεν

2150 2137 2393 2190 ἔσεσθαι.
2448 2135 2583 2188 Κατ’
2615 2135 2830 2203 ἐκείνην
2863 2136 2929 2203 ἢν
2974 2134 3382 2204 προεφήτευσεν
3429 2130 3642 2200 ἡμέραν
3663 2168 3675 2190 ,
3707 2129 3734 2180 ὁ

2150 2227 2407 2290 τοσοῦτος
2437 2225 2683 2296 θεηλάτῳ
2711 2226 2894 2295 πληγῇ
2923 2225 3114 2293 νεκρὸς
3142 2223 3322 2276 ἔκειτο
3357 2221 3606 2293 στρατὸς,
3633 2219 3736 2272 ὑπὸ

2155 2317 2283 2387 μίαν
2317 2315 2511 2386 καιροῦ
2539 2314 2710 2384 ῥοπὴν
2737 2317 2794 2367 ὲν
2831 2315 3007 2368 νυκτί.
3057 2313 3219 2366 Ἀλλά
3251 2314 3344 2366 καὶ
3381 2310 3738 2379 Σενναχηρεί-

2157 2426 2259 2480 μου
2320 2407 2415 2461 τοῦ
2467 2405 2732 2476 βασιλέως
2785 2404 2978 2459 τούτου
3041 2404 3136 2458 τοῦ
3196 2403 3454 2457 τοσούτου
3507 2400 3737 2471 στρατοῦ

2155 2503 2385 2570 προεῖπε
2441 2501 2542 2569 τὴν
2582 2498 2690 2552 ἀπὸ
2742 2498 2838 2551 τοῦ
2897 2496 3208 2550 ἐπικεῖσθαι
3257 2500 3322 2566 τῇ
3379 2493 3742 2565 Ἰερουσαλὴμ

2157 2593 2319 2662 μόνου
2350 2593 2552 2662 φυγὴν,
2597 2593 2692 2644 καὶ
2721 2591 2818 2657 τὴν
2853 2590 3168 2662 παραυτίκα
3199 2591 3256 2642 ἐν
3294 2592 3358 2659 τῇ
3395 2588 3544 2658 οἰκίᾳ⁴
3575 2585 3740 2640 αὑτοῦ

2153 2685 2530 2756 γενησομένην
2565 2685 2738 2755 αὐτὴν
2785 2683 2898 2754 (9i)
2940 2684 3257 2754 ἀναίρεσιν,
3311 2683 3406 2737 καὶ
3451 2682 3594 2735 οὕτω
3641 2681 3744 2751 τὴν

2153 2780 2414 2850 ταχίστην
2445 2778 2684 2848 ἐγένετο.

2238 2957 2704 3029 ’Υπαγορευθέντι
2744 2958 2967 3032 Ἐζεκίᾳ
2993 2958 3262 3024 νοσοῦντι,
3305 2959 3402 3013 καὶ
3441 2959 3743 3015 ἀκούσαντι

2155 3051 2492 3106 ἐντείλεσθαι
2541 3051 2672 3122 περὶ
2717 3051 2818 3122 τῆς
2866 3050 3148 3120 βασιλείας
3187 3052 3263 3114 ὠς
3313 3050 3745 3122 τεθνηξόμενον,

461 3139 633 3194 multo
671 3152 795 3209 post
830 3142 1167 3207 moriturus;
1206 3158 1332 3195 cum
1371 3143 1570 3197 acriter
1614 3159 1706 3198 rex
1739 3143 1889 3198 lleret
1920 3159 2048 3214 pro-

2157 3142 2456 3197 κλαύσαντι
2501 3143 2580 3213 τῷ
2629 3143 2840 3214 βασιλεῖ
2882 3143 2975 3196 ἐπὶ
3008 3145 3076 3213 τῇ
3110 3143 3206 3196 τοῦ
3253 3143 3353 3214 ζῇν
3391 3141 3746 3211 ἀπογνώσει,

460 3242 643 3300 pterea
671 3233 818 3302 quod
850 3233 959 3288 vita
987 3235 1132 3288 illius
1163 3235 1504 3289 conclamata
1539 3244 1720 3298 esset,
1759 3235 2043 3303 praedixit,

459 3322 604 3390 quod
639 3338 745 3376 non
770 3323 878 3377 cito
906 3335 1231 3386 moreretur,
1265 3325 1359 3379 sed
1394 3327 1540 3396 quod
1567 3326 1878 3396 quindecim
1911 3329 2050 3384 alios

459 3429 632 3468 annos
662 3415 1024 3484 producenda:
1048 3417 1170 3471 vitae
1199 3417 1380 3472 adhuc
1414 3428 1720 3486 acceperat.
1757 3418 1848 3473 Sol
1881 3419 2052 3474 edixit

460 3518 520 3562 ut
553 3508 620 3561 ah
651 3508 930 3563 occidente
958 3509 1013 3562 in
1041 3509 1308 3564 orientem
1346 3519 1672 3573 recurret-et,
1702 3511 1888 3580 sicque
1920 3509 2050 3564 Eze-

459 3600 598 3654 chize
625 3601 738 3670 regi
773 3600 991 3670 signum
1019 3601 1351 3655 valetudinis
1400 3600 1566 3655 dedit.
1620 3600 1685 3656 Et
1727 3602 1777 3656 id
1827 3603 2046 3672 quidem

460 3692 660 3756 evenit,
693 3692 806 3746 sole
831 3693 899 3746 ab
941 3693 1230 3748 undecima
1269 3693 1335 3747 ad
1378 3694 1609 3763 primam
1649 3695 1837 3748 horam
1875 3704 2049 3749 retro-

463 3786 633 3854 lapso.
675 3783 892 3838 Primus
945 3785 1193 3854 praedixit
1239 3785 1352 3840 fore
1397 3795 1452 3839 ut
1490 3785 1652 3840 Israel
1693 3788 1938 3856 captivus
1997 3789 2048 3844 in

463 3877 819 3949 Babyloniam
861 3878 1154 3931 duceretur
1181 3888 1398 3948 propter
1431 3879 1785 3948 impietatem,
1822 3880 1968 3948 quod
1999 3889 2053 3934 ct

464 3971 669 4024 factum
701 3978 823 4033 est,
859 3970 1210 4038 praedictione
1248 3979 1368 4040 post
1400 3986 1574 4024 annos
1605 3981 1727 4025 octo
1758 3973 2049 4042 completa.

469 4063 723 4117 Prsedixit
775 4062 900 4116 item
954 4063 1198 4116 futurum
1258 4072 1317 4117 ut
1372 4063 1541 4118 Judas
1589 4063 1642 4116 in
1700 4063 2052 4136 Babyloniam

466 4157 750 4227 captivus,
791 4165 1010 4226 propter
1056 4156 1302 4210 eamdem
1346 4166 1508 4224 atque
1544 4157 1761 4212 lsraelis
1803 4159 2056 4228 impieta-

466 4257 572 4302 tem
601 4249 953 4302 abducendus
979 4258 1145 4303 esset.
1189 4246 1499 4315 Quinetiam
1537 4250 1782 4305 Ezechiae
1817 4252 1929 4321 regi
1965 4252 2055 4317 iis,

465 4342 606 4410 quia
641 4339 942 4411 Babylonio
973 4341 1039 4395 ad
1073 4341 1413 4395 invisendum
1449 4342 1600 4396 illum
1631 4343 1785 4398 missi
1817 4341 2054 4409 fuerant,

468 4449 597 4488 suas
649 4433 870 4488 divitias
912 4433 1255 4499 ostendenti,
1311 4434 1591 4504 praedixit,
1646 4435 1792 4504 quod
1851 4436 1954 4490 illa:
2001 4437 2054 4491 in

2156 3239 2419 3308 προεῖπεν
2466 3236 2540 3298 ὡς
2574 3237 2636 3288 οὑ
2667 3235 3017 3306 τεθνήξοιτο,
3055 3235 3170 3288 ἀλλ’
3204 3236 3287 3288 ὃτι
3319 3235 3412 3288 καὶ
3456 3236 3752 3288 πεντεκαί-

2152 3327 2285 3380 δεκα
2318 3327 2600 3387 ἐνιαυτοὺς
2644 3325 2720 3388 είς
2755 3325 2816 3378 τὸ
2855 3324 3048 3394 βιῶναι
3099 3324 3180 3377 ἔτι
3221 3324 3606 3396 προσειλήφει.
3641 3325 3752 3378 Τὸν

2152 3421 2305 3490 ἥλιον
2333 3420 2598 3489 προεῖπεν
2626 3417 2732 3470 ἀπὸ
2758 3416 2981 3486 δυσμῶν
3014 3419 3099 3470 ἐπ’
3132 3418 3367 3489 ἀνατολῇ
3397 3419 3751 3488 ἀνατρέχειν,

2157 3514 2384 3583 σημεῖον
2415 3511 2515 3577 τῆς
2550 3510 2766 3578 ὑγιείας
2793 3510 2971 3574 διδοὺς
3004 3510 3083 3581 τῷ
3127 3510 3346 3580 Ἐζεκίᾳ
3370 3509 3602 3579 βασιλεῖ.
3636 3511 3756 3576 Καὶ

2155 3605 2313 3659 τοῦτο
2372 3605 2470 3675 μὲν
2521 3605 2777 3672 ἐγένετο,
2829 3603 2937 3657 ἀπὸ
2980 3604 3081 3673 τῆς
3125 3603 3419 3673 ἑνδεκάτης
3461 3602 3612 3673 ὥρας
3657 3603 3757 3655 ἐπὶ

2156 3697 2382 3766 πρώτην
2437 3693 2966 3764 ὲπαναδραμηκὸτος
3024 3693 3137 3764 (99.)
3194 3690 3288 3744 τοῦ
3343 3691 3518 3760 ἡλίου.
3587 3690 3674 3754 Ὠς
3722 3691 3756 3742 ὁ

2168 3788 2389 3859 Ἰσραὴλ
2414 3829 2430 3852 ,
2483 3787 2831 3856 αἰχμάλωτος
2862 3786 2943 3848 είς
2992 3785 3093 3852 τὴν
3135 3781 3486 3836 Βαϐυλωνίαν
3530 3781 3618 3835 διὰ
3651 3783 3758 3845 τὰς

2157 3874 2480 3938 δυσσεϐείας
2535 3873 2946 3943 ἀπαχθήσοιτο,
2995 3873 3214 3939 πρῶτος
3261 3874 3559 3942 προεῖπεν,
3611 3872 3758 3942 ὅπερ

2158 3968 2439 4035 ἐγεγόνει,
2474 3967 2575 4035 τῆς
2612 3966 2976 4037 προρρήσεως
3015 3964 3156 4034 μετά
3204 3963 3299 4031 ἔτη
3337 3963 3481 4017 ὀκτὼ
3523 3963 3759 4034 πληρω-

2161 4059 2368 4128 θείσης.
2413 4058 2500 4118 Ὠς
2541 4058 2634 4110 καὶ
2682 4057 2884 4118 Ἰούδας
2915 4057 2996 4118 είς
3029 4053 3128 4126 τὴν
3164 4053 3515 4107 Βαϐυλωνίαν
3551 4054 3764 4124 αἰχμά-

2160 4149 2330 4212 λωτος
2380 4149 2467 4202 διὰ
2522 4149 2619 4211 τὰς
2659 4147 2830 4210 αὐτὰς
2879 4147 2955 4217 τῷ
3017 4147 3235 4218 Ἰσραὴλ
3280 4146 3601 4210 δυσσεϐείας
3640 4149 3763 4198 ἀπ-

2161 4242 2454 4313 αχθήσοιτο
2497 4240 2959 4312 προείπεν.Ἀλλά
2995 4243 3089 4295 καὶ
3139 4240 3358 4311 Ἐζεκίᾳ
3399 4241 3476 4312 τῷ
3508 4241 3764 4310 βασιλεῖ,

2160 4340 2272 4398 τοῖς
2311 4335 2416 4388 ἀπὸ
2451 4333 2544 4388 τοῦ
2577 4335 2920 4388 Βαϐυλωνίου
2952 4333 3044 4387 ἐπὶ
3093 4333 3286 4402 σκέψιν
3318 4333 3482 4386 αὐτοῦ
3517 4335 3767 4386 ἀποστα-

2162 4425 2334 4478 λεῖσιν
2365 4423 2699 4488 ὲπιδείξαντι
2736 4425 2830 4476 τὸν
2871 4423 3068 4477 ἑαυτοῦ
3103 4425 3335 4477 πλοῦτον
3357 4464 3371 4488 ,
3404 4425 3498 4477 καὶ
3531 4425 3597 4477 τὰ
3637 4442 3767 4479 κει-

468 4525 823 4597 Babyloniam
849 4526 1181 4581 abducenda:
1202 4539 1405 4591 essent,
1434 4543 1530 4581 ceu
1556 4527 1730 4596 spolia
1758 4568 1774 4594 ,
1801 4529 2048 4600 quodque

2170 4519 2358 4589 μήλια,
2389 4521 2652 4586 προεῖπεν
2682 4518 2756 4581 ὡς
2787 4519 2864 4577 εἰς
2896 4519 2995 4586 τὴν
3026 4516 3378 4570 Βαϐυλωνίαν
3423 4517 3595 4570 ταῦτα
3646 4518 3762 4570 ἀπ-

467 4617 565 4672 ﬁlii
598 4619 716 4688 ejus
747 4618 1057 4688 captivandi
1086 4628 1272 4675 essent
1306 4636 1336 4675 a
1375 4619 1714 4692 Babyloniis.

539 4794 739 4866 Cyrum
788 4811 1006 4866 quoque
1062 4796 1355 4853 Persarum
1417 4812 1636 4868 regem,
1678 4807 1804 4868 post
1841 4809 2058 4854 centum

467 4893 522 4938 et
547 4885 941 4955 quinquaginta
960 4901 1137 4943 annos
1159 4888 1228 4942 ab
1253 4889 1374 4960 ejus
1409 4888 1664 4944 vaticinio
1689 4889 2058 4954 nasciturum,

469 4974 896 5043 Babyloniorum
947 4975 1235 5046 imperium
1282 4993 1537 5034 eversum
1573 4978 1648 5034 ire
1684 4979 2060 5049 prophetarit,

466 5077 520 5122 et
557 5066 778 5124 Judazos
812 5083 842 5123 a
877 5069 1194 5138 captivitate
1239 5069 1354 5124 fore
1400 5086 1739 5126 reversuros.
1786 5069 2064 5126 Vaticina-

469 5168 556 5210 tus
589 5167 675 5212 est
711 5141 1000 5214 manifeste
1042 5159 1247 5226 etiam,
1295 5160 1442 5230 quod
1492 5161 1780 5215 restitutus
1830 5161 2064 5230 populus

466 5251 814 5320 Judaaorum,
861 5253 1056 5308 iterum
1116 5253 1415 5308 tradendus
1468 5263 1614 5308 esset
1660 5252 1960 5324 captivitati
2007 5254 2058 5307 in

467 5359 657 5400 omnes
701 5354 920 5415 gentes,
969 5357 1257 5419 propterea
1299 5348 1442 5416 quod
1482 5347 1868 5418 immorigerus
1913 5356 2061 5401 esset

469 5435 525 5488 in
543 5436 732 5491 humili
749 5438 936 5494 habitu
961 5440 1274 5496 advenienti
1294 5439 1532 5495 Christo.
1556 5438 1898 5506 Praedicavit,
1917 5438 2062 5509 quod

467 5527 720 5584 Christus
739 5541 1126 5603 assumpturns
1145 5544 1292 5589 esset
1313 5541 1500 5604 gentes
1519 5548 1615 5603 per
1637 5533 1795 5589 tidem
1812 5534 1866 5586 in
1884 5532 2058 5595 illum,

472 5637 674 5690 easque
725 5623 1154 5693 honestatnrus,
1218 5627 1504 5698 repudiato
1561 5626 1774 5696 ingrato
1813 5625 1906 5681 illo
1964 5640 2060 5694 po-

541 5802 651 5871 (91)
691 5799 854 5856 Forte
894 5804 1079 5858 αὐτοῦ.

2165 4613 2460 4682 αχθήσοιτο
2492 4611 2666 4664 σκύλα
2710 4609 3074 4680 γενησόμενα,
3109 4610 3204 4662 καὶ
3242 4609 3292 4662 οἱ
3337 4607 3505 4662 αὐτοῦ
3539 4609 3768 4678 ἔγγονοι

2167 4705 2513 4776 παράληπτοι
2543 4705 2655 4765 τοῖς
2688 4701 3054 4764 Βαϐυλωνίοις
3093 4702 3327 4756 ἔσονται.

2239 4797 2348 4850 Καὶ
2374 4796 2556 4864 Κῦρον
2578 4794 2670 4847 τὸν
2704 4793 2928 4864 Περσῶν
2959 4791 3212 4863 βασιλέα,
3247 4793 3388 4862 μετά
3414 4794 3768 4866 πεντήκοντα

2163 4889 2260 4942 καὶ
2291 4887 2488 4940 ἑκατὸν
2521 4887 2809 4948 ἐνιαυτοὺς
2847 4887 2947 4954 τῆς
2988 4882 3154 4937 αὐτοῦ
3189 4884 3534 4954 προφητείας
3575 4885 3774 4938 τίκτε-

2165 4980 2289 5034 σθαι
2322 4979 2586 5050 μέλλοντα
2608 5016 2623 5042 ,
2676 4977 3085 5047 καθαιρήσοντα
3118 4975 3218 5046 τὴν
3249 4975 3356 5028 τῶν
3396 4974 3772 5028 Βαϐυλωνίων

2165 5073 2342 5142 ἀρχὴν
2402 5069 2805 5141 προηγόρευσε,
2860 5068 2956 5121 καὶ
3011 5065 3087 5130 ὡς
3131 5067 3260 5129 τοὺς
3314 5066 3607 5129 Ἰουδαίους
3651 5065 3774 5119 ἀπὸ

2163 5166 2264 5234 τῆς
2315 5163 2697 5235 αἰχμαλωσίας
2748 5162 3010 5233 ἀνήσειν’
3067 5159 3142 5222 ὠς
3199 5159 3295 5213 καὶ
3349 5159 3680 5229 ἐπαναχθεὶς
3735 5161 3775 5212 ὁ

2179 5258 2452 5311 Ἰουδαίων
2485 5256 2610 5320 λαὸς
2646 5251 2803 5320 αὖθις
2855 5254 3207 5323 ὲκδοθήσοιτο
3237 5255 3302 5322 τῇ
3353 5255 3411 5306 ὲν
3442 5251 3614 5305 ἅπασι
3646 5254 3775 5313 τοῖς

2171 5347 2382 5400 ἔθνεσιν
2426 5346 2812 5418 αἰχμαλωσίᾳ,
2860 5345 2947 5399 διὰ
2986 5345 3047 5397 τὸ
3095 5345 3394 5413 ἀπειθῆσαι
3445 5345 3504 5396 ὲν
3553 5342 3775 5396 εὐτελεῖ

2173 5439 2414 5509 σχήματι
2463 5437 2891 5507 παραγινομένῳ
2931 5433 3184 5503 Χριστῷ,
3225 5433 3488 5504 ἐμφανῶς
3519 5434 3776 5504 προεφή-

2168 5548 2380 5584 τευσεν.
2436 5529 2528 5591 Ὠς
2563 5529 2630 5581 τὰ
2671 5527 2800 5598 ἔθνη
2835 5527 3212 5598 προσλήψεται
3252 5524 3508 5596 Χριστὸς,
3540 5522 3628 5575 διὰ
3661 5522 3776 5592 τῆς

2168 5628 2246 5689 εἰς
2278 5625 2439 5678 αὑτὸν
2468 5623 2727 5686 πίστεως,
2761 5621 2856 5675 καὶ
2886 5620 3136 5690 τιμήσει,
3168 5618 3265 5672 τοῦ
3298 5616 3599 5689 ἀχαρίστου
3629 5614 3777 5670 λαοῦ

2244 5754 2352 5870 ('92)
2385 5796 2545 5853 Forte
2573 5794 3178 5867 ἐπαναδεδραμηκότος.
