4044 6468
331 385 404 450 93
1507 388 1884 456 LIBELLUS
1921 393 2427 465 MEMORIALIS.
3547 419 3617 485 94

329 498 738 570 ἁποϐληθέντος
763 537 777 562 ,
811 495 1100 567 ἐκήρυξεν.
1167 494 1256 559 Ὠς
1311 496 1450 566 μετὰ
1498 499 1598 570 τὴν
1639 502 1912 574 ἀποϐολὴν

2027 511 2172 577 pulo.
2213 511 2412 570 Multas
2455 518 2623 574 edidit
2653 522 2970 591 prophetias
3007 525 3074 580 de
3105 541 3171 581 eo
3201 529 3344 596 quod
3377 543 3498 600 post
3529 553 3618 590 νο·-

329 592 521 656 πάλιν,
545 593 572 642 ό
595 590 719 651 λαὸς
754 589 863 642 ἀπὸ
888 589 988 658 τῆς
1014 587 1122 640 τῶν
1149 587 1322 640 ὲθνῶν
1351 587 1676 662 διασπορᾶς,
1701 595 1923 666 Χριστῷ

329 683 635 743 πιστεύσας
657 680 1142 750 .ὲπαναχθήσεται,
1187 681 1286 740 τὰς
1339 679 1473 750 πρὸς
1505 683 1632 745 τοὺς
1680 685 1924 754 πατέρας

325 773 544 840 ἀγαθὰς
575 772 907 841 ὑποσχέσεις
947 771 1362 841 πληρούμενος,
1403 773 1544 842 μετὰ
1579 774 1678 846 τὴν
1716 777 1923 830 ἔκτισιν

325 864 436 916 τῶν
469 863 556 916 διὰ
592 863 692 932 τὴν
718 865 800 924 εἰς
843 861 1082 932 Χριστὸν
1112 863 1322 931 τόλμαν
1368 865 1652 937 τιμωριῶν
1673 907 1687 934 ,
1721 867 1923 932 πολλὰς

325 955 672 1024 προρρήσεις
715 955 950 1019 ἐξεῖπεν.
1001 953 1119 1006 Ἐπ’
1161 951 1254 1023 ἔτη
1295 955 1353 1006 δὲ
1399 955 1594 1009 ἑκατὸν
1628 959 1921 1012 πεντεκαί-

322 1045 460 1094 δεκα
509 1044 932 1114 προφητεύσας,
978 1043 1082 1096 ὑπὸ
1132 1046 1400 1116 Μανασσῆ
1459 1045 1554 1100 τοῦ
1613 1047 1919 1117 βασιλέως,

319 1134 396 1197 ὼς
431 1137 464 1203 ἡ
498 1135 802 1204 παράδοσις
835 1135 969 1205 ἔχει,
1001 1135 1256 1206 πρισθεὶς
1286 1138 1614 1206 ἀναιρεῖται.
1659 1141 1746 1204 Ὡς
1775 1142 1830 1196 δὲ
1861 1146 1921 1196 τὸ

321 1229 567 1298 γράμμα
605 1231 706 1300 τῆς
745 1231 1086 1299 προφητείας
1117 1233 1286 1285 αὑτοῦ
1323 1233 1496 1304 δηλοῖ,
1522 1233 1616 1286 ἐπὶ
1655 1235 1800 1290 ὀκτὼ
1827 1240 1919 1292 καὶ

320 1320 662 1392 ὁγδοήκοντα
687 1323 782 1394 ἐτη
811 1325 1239 1396 προεφήτευσεν.

319 1457 582 1512 ΚΕΦΑΛ.
613 1459 750 1525 Οφ.
781 1491 851 1499 -
883 1459 1029 1515 Τίνα
1054 1462 1227 1516 ἐστίν
1273 1461 1312 1516 ἃ
1352 1464 1626 1535 Ἱερεμίας
1657 1469 1922 1538 προεφή-

567 1566 752 1605 τευσε
771 1592 786 1616 ,
821 1553 918 1606 καὶ
957 1557 1351 1623 προφητεύων
1381 1559 1684 1628 ὑπέμεινε.

389 1685 628 1755 Πρῶτον
676 1689 829 1756 ἰσχὺς
879 1687 1028 1758 αὐτῷ
1065 1690 1268 1744 δίδοται
1308 1693 1462 1762 παρὰ
1500 1691 1660 1761 Θεοῦ,
1693 1697 1830 1765 πρὸς
1859 1697 1920 1752 τὺ

315 1777 590 1832 δύνασθαι
659 1781 850 1848 φέρειν
903 1781 1002 1844 τὰς
1055 1784 1175 1836 κατ’
1234 1784 1402 1838 αὑτοῦ
1441 1789 1772 1856 κινουμένας
1821 1790 1914 1842 τοῦ

315 1867 450 1921 λαοῦ
487 1869 722 1923 καὶτῶν
753 1871 1032 1940 ἀρχόντων
1065 1875 1488 1940 ἐπαναστάσεις,
1524 1879 1810 1950 προλέγων
1841 1882 1916 1950 τῷ

315 1960 432 2030 λαῷ
455 1961 530 2014 τὰ
571 1963 920 2032 ἐπερχόμενα
947 1965 1034 2017 διὰ
1065 1965 1161 2036 τὴν
1193 1967 1480 2021 ἀπείθειαν
1507 1969 1678 2036 δεινὰ,
1715 1972 1812 2024 καὶ
1839 1975 1912 2043 μὴ

313 2055 742 2124 πιστευόμενος.
791 2055 1032 2123 ὑπέμενε
1065 2057 1205 2120 τέως
1251 2060 1412 2126 μόνος
1447 2061 1514 2114 τὰ
1541 2062 1774 2132 χαλεπά.
1809 2065 1915 2116 Εὑ-

311 2145 414 2214 χὰς
443 2146 754 2215 προσάγειν
775 2147 854 2216 τῷ
882 2147 1002 2217 Θεῷ
1032 2150 1140 2200 ἀπὸ
1167 2149 1263 2202 τοῦ
1289 2151 1419 2204 λαοῦ
1454 2153 1802 2220 διεκωλύετο,
1839 2156 1915 2219 ὡς

311 2237 412 2288 οὐκ
457 2229 946 2306 ἀκουσθησόμενος
1001 2239 1090 2291 διὰ
1140 2239 1202 2292 τὸ
1255 2241 1620 2312 ὑπερϐάλλειν
1667 2245 1766 2309 τὰς
1818 2247 1913 2300 τοῦ

311 2329 508 2393 ἔθνους
543 2328 854 2400 ἁμαρτίας,
883 2332 982 2394 τὰς
1010 2332 1150 2400 ὑπὲρ
1186 2333 1401 2398 αὐτῶν,
1436 2335 1546 2388 τῶν
1575 2337 1751 2402 ἁγίων
1778 2354 1914 2408 πρε-

309 2422 530 2486 σϐείας.
563 2423 687 2474 Τῶν
715 2423 1184 2493 ψευδοπροφητῶν
1214 2427 1478 2480 τάναντία
1505 2428 1676 2498 αὐτῷ,
1723 2430 1816 2482 καὶ
1845 2431 1914 2484 τὰ

309 2513 450 2583 πρὸς
501 2514 802 2583 ἀρέσκειαν
839 2514 934 2567 τοῦ
987 2515 1138 2578 λαοῦ,
1171 2519 1626 2589 προφητευόντων
1679 2521 1776 2574 καὶ
1819 2540 1912 2574 ττι-ο

311 2607 702 2676 στευομένων,
739 2606 898 2676 ὓϐριν
932 2607 1196 2677 ὑπέμεινε
1219 2651 1234 2674 ,
1267 2609 1362 2662 καὶ
1398 2609 1654 2680 χαλεπῶς
1699 2613 1908 2680 ἠνιᾶτο.

307 2697 598 2766 Προῦλεγε
647 2699 742 2752 καὶ
778 2699 854 2762 ὡς
891 2701 920 2752 ὁ
961 2699 1179 2769 Ἰσραὴλ
1220 2700 1323 2770 τῆς
1363 2702 1674 2772 σωτηρίας,
1710 2705 1808 2774 τῆς
1835 2703 1913 2774 τῷ

305 2789 420 2858 λαῷ
451 2791 882 2860 ὑπεσχημένης,
927 2791 1330 2862 ἐκϐληθήσεται
1351 2833 1366 2858 ,
1395 2794 1492 2846 καὶ
1527 2795 1596 2848 τὰ
1626 2795 1752 2866 ἔθνη
1787 2796 1914 2849 ταύ-

305 2897 405 2950 της
475 2882 756 2948 τεύξεται.
821 2882 1040 2946 Τόπους
1099 2883 1600 2955 ὑποδειγματικοὺς
1641 2887 1911 2942 ἐθεάσατο

305 2974 412 3028 τῶν
447 2975 558 3044 μὲν
585 2973 686 3044 τὴν
715 2974 948 3045 παντελῆ
983 2975 1286 3048 διαφθορὰν
1331 2977 1427 3030 καὶ
1473 2979 1912 3050 ἁνεπίστρεπτον

307 3065 704 3136 ὑπομενόντων
741 3065 836 3119 τοῦ
882 3064 1047 3131 λαοῦ,
1094 3068 1154 3119 ὲν
1196 3067 1276 3136 τῷ
1307 3069 1624 3140 κεραμείῳ,
1663 3071 1760 3124 τοῦ
1814 3089 1912 3125 πε-

2028 605 2276 694 pudium,
2326 609 2522 666 iterum
2559 615 2792 683 pepulus
2844 618 3258 688 a'dispersione
3305 624 3360 676 in
3403 639 3612 694 gentes,

2025 693 2246 752 Christo
2277 701 2528 767 credens,
2557 706 2926 774 revocabitur,
2955 709 3264 779 a-limpletis
3296 693 3454 768 bonis
3487 731 3616 784 pro-

2027 789 2388 846 uiissionibus
2436 810 2558 862 quae
2598 798 2664 850 ad
2700 809 2878 866 patres
2925 798 3082 854 factae
3121 813 3272 866 sunt,
3323 813 3614 874 postquam

2027 897 2218 951 poenas
2254 886 2414 940 luerit
2454 888 2747 944 criminum
2787 907 2910 960 quae
2947 904 3139 948 contra
3179 893 3456 950 Christum
3503 913 3620 966 pz-r-

2025 985 2238 1044 petrare
2293 995 2464 1034 ausus
2531 980 2653 1036 fuit.
2717 983 3062 1054 Cum'porro
3115 989 3498 1058 prophetasset
3549 991 3616 1044 ad

2025 1081 2200 1124 annos
2257 1083 2476 1126 centum
2511 1073 2858 1143 quindecim,
2907 1078 3008 1132 sub
3045 1077 3293 1134 Manassc
3335 1095 3496 1150 rege,
3559 1091 3617 1134 ut

2024 1155 2246 1218 traditio
2273 1164 2457 1230 habet,
2481 1181 2631 1222 serra
2661 1178 2845 1224 sectus
2869 1186 2898 1224 e
2917 1171 3100 1226 medio
3131 1175 3359 1229 tollitur.
3386 1177 3616 1230 Verum-

2025 1258 2205 1307 tamen
2238 1263 2297 1308 ut
2332 1256 2512 1310 littera
2541 1259 2844 1328 prephetiae
2871 1259 2991 1329 ejus
3014 1261 3276 1331 declarat,
3311 1264 3376 1320 ad
3407 1273 3534 1320 octo
3561 1272 3616 1319 et

2023 1348 2302 1416 octoginta
2332 1365 2508 1404 annos
2539 1351 2904 1420 prophetarit.

2023 1479 2176 1535 CAP.
2223 1479 2461 1536 LXXVI.
2497 1514 2566 1525 —
2601 1483 2732 1547 Quae
2772 1494 2892 1538 sunt
2943 1484 3189 1539 Ieremia:
3233 1489 3520 1554 vaticinia,
3561 1499 3611 1544 et

2223 1569 2470 1620 quamam
2503 1556 2640 1607 inter
2675 1557 3096 1622 proviretandum
3127 1560 3400 1612 sustinuit.

2097 1687 2284 1742 Primo
2313 1688 2482 1743 robur
2515 1691 2566 1745 ei
2605 1692 2765 1744 datur
2795 1706 2824 1745 a
2855 1691 2986 1758 Deo,
3019 1707 3126 1762 quo
3153 1699 3338 1762 posset
3367 1692 3613 1762 perferre

2025 1781 2406 1848 aggressiones
2449 1781 2505 1836 in
2546 1798 2670 1836 eum
2726 1787 2994 1838 excitatas
3045 1800 3074 1838 a
3111 1785 3316 1853 pepulo
3357 1795 3411 1838 et
3462 1787 3614 1854 prin-

2020 1871 2263 1938 cipibus,
2299 1873 2600 1940 praedicens
2633 1875 2834 1942 populo
2865 1875 3170 1928 obventura
3214 1875 3352 1928 mala
3385 1883 3612 1944 propter

2019 1959 2466 2017 inobedientiam.
2497 1963 2565 2016 At
2599 1980 2721 2019 cum
2753 1965 2802 2019 ei
2837 1980 2943 2018 non
2975 1966 3312 2030 crederetur,
3351 1967 3614 2021 sustinuit

2019 2053 2224 2106 interea
2268 2055 2417 2108 solus
2449 2055 2818 2110 incommoda.
2865 2057 3263 2112 Prohibebatur
3299 2071 3484 2126 preces
3527 2056 3612 2110 of-

2017 2143 2160 2199 ferre
2208 2145 2316 2199 Deo
2373 2162 2470 2214 pro
2505 2148 2740 2216 populo,
2798 2149 3000 2217 quippe
3055 2165 3162 2202 non
3210 2149 3606 2210 exauditurns,

2017 2250 2140 2288 cum
2189 2235 2412 2288 modum
2469 2251 2688 2290 onmem
2742 2239 3068 2293 excederent
3110 2239 3294 2307 populi
3349 2247 3606 2306 peccata,

2017 2327 2444 2382 intercessiones
2471 2339 2788 2384 sanctorum
2817 2346 2916 2399 pro
2951 2331 3078 2384 illis.
3106 2331 3240 2384 Cum
3271 2331 3610 2398 pseudopro-

2015 2419 2192 2486 phctae
2227 2419 2503 2472 contraria
2545 2420 2670 2484 sibi,
2719 2421 2830 2474 imo
2882 2437 2944 2475 ea
3001 2438 3124 2491 quae
3178 2423 3380 2491 pepulo
3430 2422 3609 2488 place-

2017 2511 2150 2564 bant
2170 2511 2621 2575 vaticinarcntur,
2651 2512 2844 2580 eisque
2875 2512 3009 2566 ﬁdes
3041 2513 3334 2566 haberetur
3361 2551 3376 2575 ,
3414 2519 3609 2566 contu-

2017 2603 2236 2657 meliam
2273 2603 2574 2666 sustinuit,
2626 2602 3056 2673 tristissimeque
3101 2604 3424 2674 angebatur.
3467 2603 3612 2656 Prte-

2014 2697 2150 2752 dixit
2179 2696 2338 2752 etiam
2385 2698 2530 2766 quod
2563 2696 2730 2752 Israel
2779 2697 3058 2752 excideret
3107 2711 3136 2752 a
3178 2697 3356 2752 salute
3407 2696 3608 2766 pepulo

2014 2790 2320 2860 promissa,
2374 2805 2538 2858 quam
2569 2798 2756 2858 gentes
2804 2799 2991 2844 essent
3025 2797 3420 2843 consecuturm.
3458 2787 3607 2842 Con-

2015 2884 2310 2952 templatus
2335 2891 2418 2936 est
2437 2880 2645 2938 formas
2671 2883 3196 2951 prannonstrativas,
3224 2883 3340 2937 sive
3365 2880 3608 2936 sobeun-

2013 2977 2150 3030 tium
2191 2989 2222 3028 e
2255 2974 2456 3044 populo
2505 2975 2879 3030 omnimodam
2926 2973 3450 3043 irrevocabilemqne
3485 2987 3609 3041 per-

2014 3068 2308 3132 ditionem,
2357 3067 2410 3120 in
2461 3066 2644 3136 ﬁglina
2699 3082 2894 3136 nempe
2941 3077 3336 3136 praaostensam
3399 3081 3428 3119 a
3467 3073 3610 3118 testa

307 3161 500 3222 σινὲντος
538 3159 788 3229 κεράμου
821 3161 915 3228 καὶ
947 3160 1332 3231 συντριϐέντος
1371 3161 1766 3234 δεικνυμένην·
1799 3167 1910 3221 τῶν

2017 3161 2164 3230 lapsa
2191 3169 2246 3215 et
2270 3159 2584 3227 confracta;
2614 3159 2730 3216 sive
2755 3175 2946 3214 eorum
2977 3161 3071 3230 qui
3104 3157 3394 3214 revocandi
3427 3165 3606 3220 erant,

305 3251 362 3303 δὲ
401 3250 987 3321 ἁνακληθησομένων,
1041 3255 1100 3306 ἐν
1151 3253 1230 3324 τῷ
1287 3257 1624 3310 ἀποπεσόντι
1683 3261 1746 3312 ὲκ
1801 3261 1910 3313 τῶν

305 3345 518 3417 χειρῶν
551 3346 650 3398 τοῦ
679 3347 974 3416 κεραμέως
1010 3345 1118 3398 ἀπὸ
1155 3347 1250 3400 τοῦ
1286 3348 1522 3418 ὀργάνου
1558 3351 1778 3417 σκεύει,
1815 3353 1910 3406 καὶ

307 3440 476 3492 πάλιν
511 3438 888 3507 ἅναληφθέντι
915 3439 1007 3491 ὑπ’
1032 3439 1202 3492 αὐτοῦ
1234 3441 1329 3493 τοῦ
1357 3442 1612 3510 ἐδάφους,
1647 3446 1742 3497 καὶ
1777 3447 1908 3498 ἁνα-

307 3530 636 3584 πλασθέντι.
679 3531 902 3582 Βασιλεί
925 3531 1018 3584 τοῦ
1070 3533 1242 3585 Ἰούδα
1281 3533 1358 3604 τῷ
1404 3535 1649 3605 Ἰωὰχαζ,
1695 3519 1910 3606 ὡς’πρὸ

307 3621 444 3684 ἑνῶς
483 3622 602 3692 (95)
640 3621 988 3691 αἰχμάλωτος
1015 3624 1204 3692 ἀχθεὶς
1239 3624 1345 3694 πρὸ
1375 3624 1469 3676 τοῦ
1515 3626 1867 3680 Βαϐυλωνίου
1889 3667 1906 3694 ,

309 3715 406 3766 καὶ⁵
434 3714 543 3782 τῆς
589 3711 872 3782 βασιλείας
912 3714 1198 3778 παντελῶς
1227 3717 1570 3772 ἐκπεσεῖται.
1616 3719 1778 3772 Ἀλλὰ
1814 3723 1908 3774 καὶ

307 3803 384 3873 τῷ
415 3803 654 3873 Σεδεκίᾳ
699 3803 1036 3872 προέλεγεν,
1077 3805 1154 3868 ὡς
1189 3808 1484 3872 πανὲστιος
1517 3811 1766 3882 αἰσχρῶς
1814 3813 1910 3884 τὴν

308 3895 512 3949 ἑαυτοῦ
545 3897 916 3965 καταστρέψει
947 3897 1248 3968 βασιλείαν.
1279 3901 1391 3954 Καὶ
1417 3902 1514 3971 τὴν
1547 3903 1910 3961 Βαϐυλωνίων

309 3991 490 4062 ἀρχὴν
567 3991 707 4061 μετὰ
747 3989 788 4043 o’
835 3991 934 4061 ἔτη
1003 3991 1104 4061 τῆς
1145 3993 1244 4046 τοῦ
1314 3995 1570 4064 Ἰεχονίου
1613 3997 1906 4066 ἀποικέας,

307 4084 819 4154 καθαιρεθήσεσθαι
867 4087 1276 4156 προεφήτευσε,
1329 4088 1550 4141 καὶτὸν
1591 4089 1722 4143 λαὸν
1770 4093 1910 4161 μετὰ

307 4173 410 4240 τὴν
441 4173 550 4243 τῆς
581 4173 862 4243 βασιλείας
896 4175 1378 4246 ὲπαναχθήσεσθαι
1406 4179 1752 4251 καθαίρεσιν.
1783 4184 1910 4248 Τοῖς

311 4263 452 4332 μετὰ
481 4265 580 4316 τοῦ
627 4264 880 4334 Ἰεχονίου
917 4265 998 4325 εἰς
1039 4267 1140 4336 τὴν
1167 4266 1518 4321 Βαϐυλωνίαν
1563 4272 1910 4326 ἀποικισθεῖ-

311 4373 432 4420 σιν,
488 4356 596 4409 ὑπὸ
625 4355 1096 4428 ψευδοπροφητῶν
1135 4359 1518 4430 ἀπατωμένοις
1545 4403 1560 4427 ,
1600 4363 1678 4427 ὡς
1735 4367 1904 4419 ἐπαν-

311 4451 650 4520 αχθήσονται
701 4450 799 4520 τὴν
845 4451 1132 4524 ταχίστην,
1156 4453 1447 4508 ἐπέστελλε
1500 4457 1574 4527 μὴ
1624 4457 1910 4515 πείθεσθαι

2015 3252 2070 3306 in
2124 3268 2192 3306 eo
2249 3253 2368 3320 ipso
2402 3267 2530 3306 vase
2568 3251 2714 3321 quod
2770 3252 2978 3306 excidit
3030 3255 3098 3306 ab
3135 3251 3501 3305 instrumento
3541 3249 3608 3303 dc

2013 3359 2178 3398 manu
2215 3343 2384 3414 ﬁguli,
2441 3359 2780 3412 rursumque
2813 3346 2880 3396 ab
2909 3359 2976 3398 eo
3007 3343 3074 3398 de
3118 3343 3286 3398 inuno
3320 3350 3606 3411 acceptum

2012 3445 2068 3490 et
2101 3435 2455 3491 reformatum
2507 3436 2554 3466 ²¹
2592 3445 2694 3490 est.
2748 3435 3010 3490 Pranlixit
3042 3433 3283 3490 Joachaz
3325 3433 3434 3502 regi
3468 3431 3604 3485 Jnda

2013 3528 2106 3599 qui
2145 3529 2394 3597 captivus
2423 3526 2623 3582 ductus
2654 3534 2738 3581 est
2773 3541 2801 3578 a
2833 3525 3170 3596 Babylonio',
3203 3523 3448 3578 futurum
3487 3538 3608 3576 om-

2015 3622 2144 3675 nino
2187 3629 2244 3674 ut
2283 3620 2491 3689 integro
2543 3635 2714 3688 regno
2756 3619 3052 3672 excideret.
3119 3615 3378 3670 Praedixit
3439 3615 3604 3668 etiam

2015 3711 2274 3780 Sedeeiaa,
2313 3713 2458 3784 quod
2485 3712 2753 3782 inglorius
2785 3727 2906 3765 eum
2939 3711 3193 3765 universa
3229 3709 3394 3763 domo
3441 3723 3606 3762 suum

2013 3807 2264 3876 perderet
2303 3819 2553 3875 regnum.
2607 3803 2784 3858 Etiam
2831 3801 3253 3872 Babyloniorum
3313 3799 3606 3869 imperium

2011 3907 2137 3967 post
2182 3898 2249 3951 70
2295 3911 2472 3952 annos
2531 3911 2561 3950 a
2599 3894 3086 3964 lransmigratione
3137 3891 3419 3946 Jeeltoniaa
3457 3906 3611 3943 ever-

2013 3991 2236 4045 tendum
2277 3987 2624 4059 prophetarit
2669 3987 2715 4020 ²³
2757 4005 2770 4041 :
2819 3995 2874 4040 et
2927 3985 3214 4056 populum,
3264 3997 3457 4038 everso
3489 3981 3605 4050 jam

2013 4097 2206 4154 regno,
2239 4083 2294 4136 in
2327 4098 2484 4138 suam
2525 4081 2757 4151 patriam
2801 4080 3171 4134 revocandum
3211 4075 3346 4130 fore.
3387 4075 3468 4128 Ad
3510 4087 3610 4128 eos

2013 4177 2106 4247 qui
2137 4191 2260 4230 cum
2291 4173 2554 4229 Jeehonia
2584 4174 2638 4226 in
2663 4171 3019 4243 Babyloniam
3052 4168 3610 4237 transmigraverunt,

2012 4279 2065 4324 et
2089 4285 2120 4324 a
2149 4267 2302 4322 falsis
2333 4266 2616 4335 prephetis
2649 4263 3084 4332 accipiebantur,
3113 4259 3272 4329 quasi
3306 4257 3402 4327 qui
3439 4271 3608 4325 quam

2013 4361 2277 4418 citissime
2301 4359 2354 4414 in
2381 4357 2614 4427 patriam
2636 4363 2822 4412 essent
2849 4353 3166 4415 revocandi,
3192 4351 3404 4406 litteras
3431 4348 3604 4410 misit,

2015 4461 2076 4507 ut
2105 4467 2173 4506 ne
2203 4449 2490 4504 crederent
2515 4447 2644 4512 illis,
2679 4445 2774 4502 sed
2809 4450 3202 4514 exspectarent
3230 4455 3325 4496 eos
3363 4454 3602 4508 quoque.

309 4543 560 4605 τούτοις,
607 4544 720 4594 ἀλλ’
765 4543 1090 4614 ἐκδέχεσθαι
1141 4547 1237 4599 καὶ
1291 4550 1415 4611 τοὺς
1465 4550 1523 4602 ἐν
1551 4552 1618 4620 τῇ
1674 4550 1906 4623 Ἰουδαία

2017 4545 2106 4614 qui
2133 4543 2186 4596 in
2220 4540 2408 4596 Judaea
2437 4555 2563 4594 cum
2592 4537 2818 4592 Sedceia
2855 4543 3256 4600 remanserant,
3286 4531 3452 4589 simul
3480 4547 3608 4586 eum

313 4636 454 4705 μετὰ
495 4635 592 4688 τοῦ
635 4637 890 4690 Σεδεκίου
933 4640 1334 4710 μεμενηκότας,
1370 4641 1488 4711 ἅμα
1515 4643 1700 4708 αὐτοῖς
1743 4645 1907 4697 αποι-

309 4729 691 4800 κισθήσεσθαι.

309 4867 564 4922 ΚΕΦΑΛ.
599 4865 715 4924 OZ'.
753 4901 818 4910 —
855 4868 998 4924 Τίνα
1029 4869 1201 4993 ἐσῖὶν
1229 4869 1268 4925 ἂ
1301 4872 1762 4941 προεφήτευσεν
1794 4879 1904 4930 Σο-

993 4957 1108 4993 acor
1134 4959 1226 4993 ac.

991 4957 1226 5010 φονίας.

395 5075 486 5137 Ὠς
514 5077 854 5148 ὲκκάθαρσις
885 5079 979 5146 τῆς
1015 5079 1210 5142 κακίας
1238 5081 1552 5152 γενήσεται.
1601 5082 1690 5146 Ὠς
1729 5085 1762 5154 ἡ
1806 5084 1901 5136 Ἰε-

315 5171 600 5239 ρουσαλὴμ
641 5173 712 5223 τὰ
763 5172 1090 5226 Χαναναίων
1132 5174 1426 5245 πράξασα,
1466 5176 1535 5230 τὰ
1575 5179 1899 5232 Χαναναίων

313 5261 582 5314 πείσεται.
621 5263 778 5316 Κατὰ
821 5263 930 5316 τῶν
993 5264 1165 5318 ἐθνῶν
1219 5251 1476 5336 προλέγει
1528 5270 1638 5322 τῶν
1689 5273 1898 5324 ἐπανα-

311 5353 554 5406 στάντων
597 5355 674 5424 τῷ
728 5354 880 5426 λαῷ,
913 5357 988 5419 ὡς
1031 5361 1537 5430 τιμωρηθήσονται.
1595 5363 1704 5418 Καὶ
1759 5365 1900 5418 κατὰ

309 5445 408 5508 τῆς
431 5447 644 5514 Νινευὶ,
673 5448 748 5512 ὡς
775 5450 1082 5518 ἐπαρθεῖσα
1122 5469 1252 5506 κατε
1264 5453 1620 5526 νεχθήσεται.

385 5673 434 5704 ³¹
468 5671 670 5728 Jerem.
709 5691 867 5740 xvm,
899 5693 1009 5732 xix.
1091 5679 1136 5710 ’³
1165 5678 1368 5737 Jerem.
1405 5699 1529 5736 xxv.

2005 4636 2114 4693 illis
2149 4637 2202 4690 in
2235 4633 2784 4703 transmigrationem
2817 4631 3190 4701 deportandos

2003 4878 2156 4934 CAP.
2211 4877 2472 4934 LXXVII.
2515 4910 2578 4920 —
2637 4879 2769 4944 Quae
2813 4885 2934 4932 sunt
2981 4875 3238 4932 vaticinia
3295 4873 3603 4945 Sep/ionice.

2075 5081 2230 5147 Quod
2275 5081 2598 5149 cxpurgatio
2645 5080 2953 5150 iniquitatis
2987 5080 3079 5134 ﬁet
3130 5097 3142 5132 :
3193 5077 3341 5148 quod
3379 5075 3604 5132 Jerusa-

2001 5173 2104 5228 lem
2139 5189 2260 5242 qua}
2289 5173 2631 5226 Chananzeos
2667 5187 2832 5242 opere
2871 5171 3078 5224 imitata
3109 5178 3212 5232 est,
3254 5167 3602 5222 Chananaro-

2007 5283 2128 5320 rum
2172 5267 2436 5320 sortielur
2462 5275 2744 5320 eventum.
2793 5264 2997 5320 Contra
3039 5271 3228 5334 gentes
3273 5275 3393 5326 qua:
3432 5275 3607 5328 popu-

2005 5359 2116 5414 lmn
2155 5359 2518 5430 appetebant,
2563 5358 2808 5428 prtedicit
2847 5359 2902 5412 in
2950 5370 3044 5410 cas
3091 5367 3214 5408 esse
3256 5349 3604 5405 animadver-

2004 5455 2230 5510 tendum
2279 5471 2293 5510 :
2328 5461 2381 5510 et
2418 5453 2486 5510 de
2522 5451 2717 5510 Ninive
2748 5449 2842 5518 ait,
2884 5446 3032 5520 quod
3062 5444 3300 5503 exaltata
3337 5442 3600 5498 humilia-

2007 5545 2174 5601 bitur.

387 5829 500 5902 (93}
539 5831 666 5888 lltcc
719 5835 882 5890 verba
925 5833 1138 5892 Fabric.
1189 5836 1582 5910 interpretatur
1641 5849 1761 5896 ante
1805 5842 1954 5896 breve
1996 5849 2218 5911 tempus.
