4044 6438
417 342 490 404 95
1937 340 1992 399 Jl

2099 340 2242 399 ΕΡΡΙ

3633 345 3708 409 96

416 453 571 512 CAP.
622 454 907 510 LXXVIII.
950 487 1018 497 —-
1067 457 1323 522 Quamam
1373 457 1702 525 prophetarit
1751 459 1992 527 Aggaeus.

2102 450 2375 512 ΚΕΨᾸΛ(
2406 458 2532 513 OH'.
2583 487 2651 499 —
2703 458 2841 512 Τίνα
2891 457 3350 526 προεφήτευσεν
3405 459 3700 527 Ἀγγαῖος.

491 589 619 644 Post
673 593 907 646 reditum
959 591 1141 660 populi
1195 606 1225 645 e
1267 589 1616 660 captivitate,
1667 593 2000 660 prophetans

417 682 603 752 culpat
639 699 907 747 reversos,
939 692 1220 753 propterea
1243 684 1388 752 quod
1413 685 1778 753 negligentius
1811 701 2003 756 aggre-

417 775 680 828 derentur
711 775 892 844 templi
932 775 1352 830 aediﬁcationem
1376 816 1390 840 ,
1425 791 1634 846 eosque
1677 777 2003 832 adhortatur

419 877 478 920 ut
523 867 572 921 ei
605 882 825 920 manum
878 865 1222 922 admoveant.
1266 867 1590 924 Zorobabeli
1630 879 1686 924 et
1727 869 1856 926 Jesu
1891 871 2002 925 [ilio

415 957 441 1008 .I
468 959 647 1012 vsedec
699 959 930 1014 ducibus
975 960 1158 1029 populi
1199 961 1548 1026 vaticinatur,
1587 963 1732 1030 quod
1765 963 2001 1019 habeant

420 1050 586 1104 Deum
617 1052 963 1106 assistentem
1000 1053 1102 1106 sibi
1140 1063 1250 1107 tam
1286 1056 1336 1106 iu
1383 1055 1567 1124 templi
1612 1056 1998 1121 aediﬁcatione,

415 1157 578 1210 quam
610 1143 662 1195 in
692 1144 876 1212 populi
916 1144 1202 1214 regimiue.
1243 1145 1380 1199 Cum
1418 1147 1795 1202 sacerdotibus
1833 1148 1997 1202 etiam

415 1236 716 1300 contendit,
756 1238 901 1306 quod
951 1238 1094 1292 bona
1131 1255 1295 1307 opera
1330 1241 1846 1298 sanctilicationem.
1891 1257 1998 1296 non

415 1337 544 1378 vero
577 1339 863 1380 sacrorum
904 1328 1152 1383 ciborum
1181 1345 1311 1384 esus
1339 1339 1578 1400 praestet.

479 1523 632 1580 CAP.
675 1525 913 1583 LXXIX.
955 1558 1024 1568 —
1067 1530 1198 1595 Qui:
1227 1532 1554 1601 prophetarit
1602 1532 1920 1590 Zacharias.

482 1637 540 1692 In
581 1641 903 1695 memoriam
943 1653 1162 1697 revocat
1193 1644 1358 1713 impia
1401 1644 1643 1700 facinora
1679 1649 1998 1717 progenito-

413 1745 536 1782 rum
568 1733 773 1800 pupilli,
804 1748 899 1802 per
928 1750 1050 1803 qua:
1077 1735 1227 1788 ducti
1260 1735 1477 1790 fuerant
1516 1737 1570 1790 in
1604 1739 1996 1806 captivitatem.

2175 591 2328 645 Μετά
2354 591 2452 661 τὴν
2482 589 2740 642 ἐπάνοδον
2776 589 2868 641 τοῦ
2899 587 3054 654 λαοῦ,
3077 588 3178 658 τὴν
3209 589 3318 641 ἀπὸ
3358 589 3454 657 τῆς
3491 591 3671 657 αὲχμα

2103 685 2327 748 λωσίας,
2358 682 2718 753 προφητεύων
2748 682 2990 734 αἰτιᾶται
3026 683 3138 743 τοῖς
3171 680 3588 743 ἐπανελθοῦσιν,
3619 682 3703 734 ὅτι

2106 777 2480 848 ῥαθυμότερον
2526 773 2929 842 προσφέρονται
2963 775 3029 844 τῇ
3071 772 3164 826 τοῦ
3214 771 3346 824 ναοῦ
3397 773 3701 842 οἰκοδομῇ,

2104 869 2195 920 καὶ
2229 865 2598 937 προτρέπεται
2629 864 2834 932 ταύτης
2871 862 3114 931 ἔχεσθαι.
3149 863 3238 933 Τῷ
3269 881 3328 916 τε
3358 864 3695 934 Ζοροϐάϐελ,

2103 964 2198 1014 καὶ
2230 961 2307 1030 τῷ
2356 960 2451 1014 τοῦ
2503 958 2750 1013 Ἰωσεδὲκ
2795 959 2974 1028 Ἰησοῦ
3007 963 3121 1023 τοῖς
3149 960 3245 1014 τοῦ
3289 960 3422 1015 λαοῦ
3457 963 3700 1034 ἡγεμόσι

2103 1053 2457 1123 προφητεύει,
2493 1051 2568 1114 ὡς
2611 1051 2794 1122 ἔχουσι
2826 1052 2916 1104 τὸν
2955 1051 3092 1104 Θεὸν
3133 1054 3472 1123 προστάτην,
3513 1054 3605 1105 ἐπί
3637 1068 3701 1105 τε

2103 1148 2167 1215 τῇ
2206 1143 2296 1196 τοῦ
2332 1143 2462 1197 ναοῦ
2510 1143 2769 1213 οἰκοδομῇ
2818 1145 2914 1195 καλ⁸
2959 1146 3026 1212 τῇ
3067 1142 3164 1195 τοῦ
3199 1142 3332 1196 λαοῦ
3374 1144 3698 1213 ἐπιστασίᾳ.

2105 1238 2212 1290 Καὶ
2251 1235 2388 1307 πρὸς
2411 1237 2538 1298 τοὺς
2575 1237 2740 1305 ἱερεῖς
2773 1235 3160 1297 ἀποτείνεται,
3189 1235 3265 1298 ὡς
3303 1237 3335 1305 ή
3365 1235 3702 1306 δικαιοπρα-

2102 1331 2195 1396 γία
2227 1330 2315 1383 τὸν
2348 1327 2643 1398 ἀγιασμδν,
2670 1329 2769 1398 οὐχ
2800 1330 2832 1398 ἡ
2866 1329 2977 1382 τῶν
3008 1329 3170 1398 ἱερῶν
3207 1329 3517 1399 βρωμάτων
3556 1330 3700 1401 βρῶ-

2103 1439 2186 1483 σις
2222 1421 2545 1490 παρέχεται.

2103 1533 2352 1587 ΚΕΦΑΛ.
2393 1530 2515 1586 09'.
2559 1561 2629 1572 —
2679 1535 2817 1586 Τίνα
2863 1533 3326 1603 προεφήτευσεν
3367 1535 3697 1603 Ζαχαρίας.

2185 1645 2526 1714 Ὑπόμνησιν
2562 1649 2801 1700 ποιεῖται
2842 1647 2952 1700 τῶν
2983 1649 3330 1717 προγονικῶν
3363 1650 3700 1703 δυσσεὸειῶν

2103 1738 2197 1790 τοῦ
2251 1738 2417 1800 λαοῦ,
2452 1738 2519 1790 δι’
2573 1738 2638 1802 ἃς
2682 1741 3010 1810 ἀπήχθησαν
3043 1743 3125 1804 εἰς
3181 1742 3583 1812 αἰχμαλωσίαν,
3615 1745 3701 1796 Δι’

413 1820 518 1876 Per
549 1823 725 1878 visum
777 1841 886 1894 quo
937 1827 1149 1896 species
1180 1844 1448 1896 equorum
1481 1831 1673 1896 crevit,
1709 1841 1762 1885 et
1807 1846 1992 1886 ascen-

2100 1829 2367 1892 ὀπτασίας
2423 1829 2525 1897 τῆς
2579 1830 2692 1884 τῶν
2749 1831 2934 1884 ἵππων
2997 1833 3208 1896 είδέας,
3273 1836 3366 1887 καὶ
3431 1836 3697 1889 ἐπιϐάται»

414 1915 557 1970 soris
613 1916 762 1985 equi,
827 1917 1056 1973 intuitus
1105 1925 1189 1972 est
1229 1935 1346 1972 eam
1401 1935 1589 1973 curam
1644 1923 1825 1990 populi
1879 1934 2000 1992 post

414 2004 673 2071 reditum,
708 2023 872 2077 quam
913 2010 1090 2080 angeli
1146 2010 1438 2065 habebant.
1501 2011 1643 2067 Vidit
1687 2015 1850 2068 etiam
1903 2014 1999 2070 de—

411 2100 765 2154 structionem
792 2109 1032 2170 quatuor
1059 2117 1373 2172 regnorum,
1405 2120 1528 2173 qum
1566 2106 1826 2174 populum
1862 2122 1999 2175 prac-

413 2191 496 2244 Iiis
519 2189 882 2260 itnpetierant,
916 2191 968 2245 in
997 2204 1234 2261 quatuor
1250 2196 1534 2260 cornibus,
1559 2206 1612 2250 et
1637 2212 1731 2266 per
1756 2207 1997 2266 quatuor

410 2281 649 2336 artiﬁces
673 2281 937 2338 futuram.
969 2283 1156 2338 Crevit
1183 2296 1234 2339 et
1260 2286 1659 2358 Hierosolyma:
1692 2288 1993 2358 perfectum

409 2373 672 2428 divinitus
703 2375 1043 2430 elaboratum
1075 2378 1388 2444 aedilicium,
1423 2379 1781 2450 futurumque
1809 2384 1996 2453 populi

409 2467 642 2521 reditum
676 2483 741 2522 ex
769 2469 1131 2538 dispersione.
1167 2470 1322 2537 Quod
1345 2475 1510 2527 ctiam
1544 2474 1854 2545 insurgeret
1886 2476 1998 2531 dia-

408 2559 567 2613 bolus
597 2567 789 2613 contra
818 2561 1005 2616 Jesum
1039 2562 1208 2616 lilium
1241 2561 1474 2620 Joscdec
1502 2567 1870 2634 sacerdotem,
1901 2569 1993 2636 qui

407 2660 525 2706 erat
563 2661 725 2722 typus
766 2652 981 2708 Domini
1032 2656 1204 2709 nostri
1241 2654 1371 2711 Jcsu
1424 2659 1698 2727 poutiticis
1731 2660 1990 2716 cmlestis.

409 2741 568 2797 Videt
598 2753 651 2797 et
696 2745 913 2799 ruinam
944 2746 1170 2812 diaboli,
1215 2763 1338 2818 qua:
1367 2750 1600 2819 contigit
1638 2751 1711 2805 ob
1752 2753 1990 2806 divinam

407 2836 927 2906 iucrepationem".
967 2839 1323 2908 Perjurorum
1372 2842 1754 2897 omnimodum
1803 2842 1995 2898 interi-

408 2938 522 2982 tum
571 2931 972 3000 contemplatus
1002 2941 1116 2997 est,
1162 2942 1216 2986 et
1262 2933 1553 3000 impiorum
1589 2934 1990 2990 demet-sionem

408 3021 462 3076 in
493 3021 825 3092 profundum
868 3023 1086 3078 inferni.
1131 3025 1275 3078 Vidit
1313 3036 1367 3078 et
1392 3042 1555 3095 quam
1599 3029 1784 3082 mundi
1823 3030 1992 3084 totius

403 3131 598 3172 curam
629 3117 829 3170 habent
851 3119 1025 3187 angeli
1051 3118 1106 3171 in
1135 3127 1261 3188 typo
1289 3130 1530 3188 quatuor
1548 3137 1810 3174 curruum
1836 3123 1992 3178 exhi-

408 3208 572 3262 bitam
635 3208 802 3263 variis
840 3209 997 3279 equis
1061 3210 1335 3281 adjugatis
1376 3219 1694 3267 tractorum.
1747 3211 1896 3267 Vidit
1941 3223 1994 3268 et

406 3301 718 3369 pontiﬁcem
757 3303 809 3355 in
843 3312 968 3372 typo
999 3301 1326 3366 Salvatoris,
1358 3304 1451 3374 qui
1487 3304 1538 3357 in
1587 3305 1763 3360 reditu
1809 3305 1993 3375 populi

404 3392 736 3459 pontiﬁcalia
783 3395 968 3447 munia
999 3396 1310 3459 exercebat,
1353 3393 1538 3450 Jesum
1588 3412 1784 3466 nempe
1818 3397 1991 3452 lilium

402 3483 652 3548 Iosedec,
685 3486 751 3540 de
787 3486 1129 3556 ignobilitate
1163 3487 1229 3542 ad
1263 3489 1492 3558 gloriam
1524 3499 1867 3559 provectum.

473 3659 827 3730 Prophetavit
859 3671 914 3717 et
945 3663 1012 3718 de
1057 3665 1313 3734 gentibus
1350 3666 1402 3719 in
1468 3667 1572 3722 (ide
1618 3671 1991 3736 assumendis,

404 3767 470 3806 ac
502 3765 685 3821 postea
722 3754 790 3808 de
826 3755 1000 3823 ipsius
1033 3753 1249 3810 Israelis
1308 3759 1690 3826 assumptione
1713 3801 1728 3825 ,
1761 3769 1815 3816 et
1843 3764 1990 3832 quod

404 3845 778 3900 Antichristus
809 3847 1190 3902 adversabitur
1227 3849 1542 3916 hujusmodi
1572 3854 1940 3922 assumptioni
1973 3871 1988 3910 :

405 3939 473 3993 ad
499 3953 638 4007 quas
669 3939 986 4007 ﬁgurandus
1037 3940 1172 3994 duas
1203 3941 1522 3998 vocationes
1575 3953 1700 4016 typo
1742 3962 1878 4001 usus
1910 3957 1995 4002 est

403 4033 634 4101 duplicis
685 4030 981 4088 confracta
1051 4035 1236 4104 virgae.
1284 4033 1628 4093 Vaticinatus
1689 4050 1776 4094 est
1824 4041 1990 4094 etiam

406 4124 620 4178 Dotitini
653 4125 1038 4195 proditionem,
1074 4127 1331 4196 quodque
1359 4144 1456 4197 pro
1484 4130 1668 4183 debito
1705 4131 1806 4200 ipsi
1835 4148 1864 4186 a
1894 4147 1993 4202 po-

402 4217 531 4284 pulo
564 4217 772 4271 honore
805 4226 858 4270 et
891 4218 1198 4280 heneﬁc‘is,
1225 4219 1445 4287 triginta
1483 4236 1607 4273 eum
1638 4222 1823 4276 aureis
1853 4239 1987 4278 ven-

400 4309 635 4362 diderint
669 4326 681 4362 :
718 4309 864 4377 quod
883 4325 979 4363 eos
1013 4324 1110 4378 pro
1141 4309 1452 4378 proditione
1485 4310 1656 4366 .ludas
1689 4315 1986 4380 acceperit,

399 4406 455 4449 et
483 4397 628 4465 quod
660 4397 712 4449 in
744 4398 1138 4467 gazophylacio
1169 4415 1365 4453 aurum
1399 4400 1629 4454 tnissum
1665 4401 1852 4468 fuerit,
1885 4404 1991 4459 ite-

2102 1919 2293 1980 ἵππου,
2332 1919 2432 1988 τὴν
2479 1921 2858 1992 γεγενημένην
2905 1922 2972 1976 δι’
3004 1923 3253 1990 ἀγγέλων
3276 1965 3290 1984 ,
3320 1927 3423 1995 όρᾷ
3470 1927 3568 1996 τὴν
3597 1925 3696 1980 τοῦ

2101 2007 2252 2072 λαοῦ,
2285 2011 2424 2078 μετά
2457 2011 2557 2080 τὴν
2591 2011 2854 2065 ἐπάνοδον
2889 2013 3242 2083 κηδεμονίαν,
3292 2015 3392 2067 καὶ
3426 2016 3534 2068 τῶν
3564 2032 3700 2068 τεσ-

2101 2105 2284 2172 σάρων
2314 2101 2606 2172 βασιλειῶν
2631 2103 2742 2156 τῶν
2778 2105 3281 2176 ἐκπολεμησάντων
3309 2106 3424 2174 (94)
3451 2106 3543 2158 τὸν
3565 2106 3698 2161 λαὸν

2099 2193 2198 2263 τὴν
2245 2193 2567 2264 καθαίρεσιν
2597 2195 2735 2265 ὁρᾷ,
2775 2195 2834 2248 ἐν
2863 2197 3128 2267 τέσσαρσι
3162 2196 3391 2268 κέρασι,
3441 2197 3530 2250 διά
3558 2214 3692 2250 τεσ-

2099 2285 2280 2356 σάρων
2310 2285 2580 2339 τεκτόνων
2605 2288 3002 2358 γενησομένην.
3052 2288 3189 2358 Ὁρᾷ
3218 2288 3313 2341 καὶ
3347 2289 3447 2358 τῆς
3489 2289 3698 2358 Ἰερου-

2101 2377 2282 2447 σαλὴμ
2312 2378 2413 2447 τὴν
2445 2377 2630 2447 ἐντελῆ
2675 2377 2826 2431 θείαν
2854 2379 3190 2448 οἰκοδομίαν,
3224 2381 3316 2432 καὶ
3360 2380 3461 2451 τὴν
3495 2383 3560 2432 ἐκ
3587 2380 3698 2450 τῆς

2097 2470 2402 2538 διασπορᾶς
2436 2468 2533 2521 τοῦ
2561 2469 2694 2522 λαοῦ
2726 2469 2984 2524 ἐπάνοδον
3012 2471 3410 2540 γενησομένην,
3466 2471 3560 2526 καὶ
3590 2471 3697 2543 τὴν

2098 2561 2474 2615 ἐπανάστασιν
2520 2561 2615 2614 τοῦ
2672 2561 2960 2626 διαόόλου,
3022 2563 3124 2632 τὴν
3176 2563 3321 2616 κατά
3371 2563 3550 2634 Ἰησοῦ
3592 2563 3695 2618 τοῦ

2110 2653 2358 2706 Ἰωσεδὲκ
2405 2654 2738 2724 ἀρχιερέως,
2789 2653 2848 2717 δς
2896 2655 2989 2708 καὶ
3019 2650 3088 2725 ἦν
3129 2654 3224 2707 τοῦ
3274 2655 3484 2726 Κυρίου
3530 2655 3697 2726 ἡμῶν

2109 2744 2280 2814 Ἰησοῦ
2311 2744 2406 2798 τοῦ
2441 2747 2693 2816 οὐρανίου
2727 2746 3032 2816 ἀρχιερέως
3061 2745 3254 2810 τύπος.
3300 2746 3434 2817 Ὁρᾷ
3465 2747 3556 2800 καὶ
3589 2746 3696 2819 τὴν

2095 2835 2154 2900 ἐξ
2184 2837 2560 2907 ἐπιτιμήσεως
2589 2835 2726 2890 Θεοῦ
2758 2836 2967 2889 πτῶσιν
3002 2838 3382 2908 γεγενημένην
3425 2836 3521 2890 τοῦ
3566 2837 3692 2892 δια-

2096 2927 2276 2980 θόλου.
2310 2928 2422 2998 Τὴν
2478 2931 2591 2992 τοῖς
2638 2928 2958 2998 ἐπιορκοῦσι
3021 2928 3368 2998 πανώλεθρον
3426 2929 3698 2984 ἐθεάσατο

2092 3018 2411 3088 διαφθορὰν,
2445 3021 2540 3072 καὶ
2565 3019 2664 3090 τὴν
2692 3019 2802 3072 τῶν
2841 3019 3246 3074 δυσσεδούντων
3266 3022 3346 3084 είς
3378 3020 3540 3091 βυθὸν
3559 3022 3693 3094 ᾅδου

2097 3111 2472 3164 κατάπτωσιν.
2507 3112 2620 3181 Τὴν
2649 3113 3011 3182 περικόσμιον
3038 3113 3338 3186 ἀγγελικὴν
3363 3115 3698 3168 ἐπιστασίαν

2095 3206 2348 3258 τεθέαται
2401 3209 2458 3259 ἐν
2511 3208 2668 3278 τύπῳ
2719 3207 3004 3276 τεσσάρων
3057 3209 3356 3280 ἁρμάτων,
3417 3209 3691 3273 ποικίλοις

2098 3296 2288 3359 ἵπποις
2311 3294 2740 3367 ὑπεζευγμένων
2769 3299 3192 3369 ἐπιδειχθεῖσαν.
3226 3296 3347 3354 Εἷδε
3375 3303 3468 3354 καὶ
3502 3302 3594 3355 τὸν
3631 3305 3696 3355 ἐν

2095 3388 2253 3459 τύπῳ
2290 3389 2385 3442 τοῦ
2423 3389 2678 3461 Σωτῆρος
2733 3391 3030 3462 ἀρχιερέα,
3086 3392 3179 3445 τὸν
3228 3394 3286 3446 ἐν
3330 3396 3396 3464 τῇ
3441 3393 3693 3464 ἐπανόδῳ

2095 3477 2190 3530 τοῦ
2227 3478 2358 3532 λαοῦ
2396 3480 2923 3550 ἀρχιερατεύσαντα,
2972 3481 3183 3552 Ἰησοῦν
3225 3484 3317 3538 τὸν
3353 3485 3448 3538 τοῦ
3506 3485 3693 3538 Ἰωσε-

2095 3571 2210 3629 δὲκ.
2248 3572 2307 3636 ἐξ
2333 3571 2549 3638 ἀδοξίας
2581 3575 2657 3636 είς
2690 3573 2847 3639 δόξαν
2875 3574 3305 3645 προεληλυθότα.

2169 3664 2556 3736 Προεφήτευσε
2589 3667 2684 3718 καὶ
2719 3669 2848 3738 περὶ
2885 3668 2994 3721 τῶν
3029 3657 3202 3722 ἐθνῶν
3230 3671 3287 3722 ἐν
3317 3668 3498 3723 πίστει
3552 3687 3695 3739 προ-

2095 3751 2310 3822 λήψεως
2347 3753 2568 3826 [προσο]
2595 3796 2610 3819 ,
2655 3757 2748 3807 καὶ
2783 3755 2885 3824 τῆς
2935 3757 3029 3810 τοῦ
3065 3758 3282 3828 Ἰσραὴλ
3319 3759 3460 3828 μετά
3513 3759 3692 3813 ταῦτα

2095 3845 2503 3916 γενησομένηςο
2541 3845 2638 3900 καὶ
2665 3847 2742 3910 ῶς
2785 3849 2814 3900 ό
2854 3847 3219 3920 ’Λντίχριστος
3249 3851 3571 3920 ἐπιθήσεται
3623 3855 3691 3923 τῇ

2097 3936 2322 4008 τοιαύτῃ
2354 3938 2687 4009 προσλήψει,
2733 3941 2814 4002 εἰς
2857 3941 2952 3994 δύο
3000 3941 3228 4012 ῥάϐδους
3283 3943 3696 4014 περικοφθησο-

2101 4026 2270 4095 μένας
2300 4027 2399 4087 τὰς
2427 4028 2522 4081 δύο
2551 4029 2775 4099 κλήσεις
2807 4031 3110 4088 ἐπιτυπῶν.
3155 4033 3394 4104 Προεϊπε
3425 4035 3518 4088 καὶ
3561 4035 3696 4104 περὶ

2097 4119 2196 4186 τῆς
2226 4117 2320 4171 τοῦ
2356 4120 2564 4190 Κυρίου
2612 4123 2924 4192 προδοσίας.
2952 4124 3029 4187 ὡς
3057 4125 3178 4178 ἀντὶ
3206 4126 3306 4193 τῆς
3331 4126 3697 4196 ὀφειλομένης

2096 4210 2250 4280 αὐτῷ
2285 4212 2439 4282 παρά
2483 4213 2580 4266 τοῦ
2617 4213 2746 4267 λαοῦ
2773 4215 2946 4286 τιμῆς
2996 4217 3092 4270 καὶ
3149 4219 3496 4288 εὐεργεσίας,
3529 4221 3694 4290 τριά·

2098 4319 2264 4356 κοντα
2297 4304 2515 4374 χρυσῶν
2549 4305 2714 4359 αὐτὸν
2754 4307 3114 4378 ἐτιμήσαντο,
3138 4309 3214 4372 ὡς
3250 4311 3391 4380 ὑπὲρ
3420 4311 3517 4380 τῆς
3559 4331 3694 4382 προ⁹

2097 4394 2282 4461 δοσίας
2315 4397 2343 4448 ό
2387 4396 2589 4458 Ἰούδας
2619 4398 2856 4469 εἰλήφει,
2877 4402 2973 4454 καὶ
2995 4401 3068 4464 ὡς
3097 4402 3156 4454 ἐν
3185 4401 3262 4472 τῷ
3295 4401 3694 4475 γαζοφυλακίῳ

403 4504 634 4557 rumque
667 4506 967 4557 expensum
1026 4493 1079 4543 in
1133 4493 1368 4558 pretium
1421 4493 1538 4562 agri
1579 4493 1750 4562 ﬁguli.
1788 4494 1986 4550 Iterum

2099 4487 2158 4539 τὸ
2194 4487 2416 4558 χρυσίον
2450 4489 2698 4552 ἐϐάλετο,
2737 4492 2831 4544 καὶ
2867 4492 3030 4546 πάλιν
3061 4493 3142 4555 είς
3171 4494 3341 4564 τιμὴν
3382 4493 3474 4547 τοῦ
3516 4497 3694 4563 ἀγροῦ

399 4581 468 4636 de
497 4581 854 4641 Antichristo.
888 4582 1036 4650 quod
1093 4582 1471 4637 adversabitur
1499 4586 1726 4651 sanctis,
1779 4598 1834 4640 et
1889 4586 1986 4640 de-

400 4683 668 4728 struetur.
741 4673 1096 4743 Pr0phetavit
1157 4683 1212 4730 et
1271 4675 1338 4730 de
1425 4678 1651 4732 salutari
1732 4679 1990 4747 passione

399 4769 626 4834 Christi,
678 4777 731 4822 et
777 4768 846 4822 de
875 4767 1116 4838 glorioso
1148 4768 1382 4821 adventu
1413 4769 1581 4832 illius,
1617 4769 1879 4840 quodque
1932 4770 1986 4825 in

400 4873 586 4916 inonte
635 4862 905 4915 olivarum
940 4861 1294 4929 appariturus
1329 4871 1495 4914 esset.
1536 4859 1880 4917 Vaticinatus
1903 4872 1986 4917 est

395 4960 560 5011 etiam
591 4956 930 5010 invasionem
961 4954 1077 5025 Gog
1106 4965 1161 5009 et
1197 4953 1408 5025 Magog,
1440 4963 1494 5007 et
1535 4965 1854 5009 sanctorum
1902 4956 1982 5008 lo-

395 5063 607 5108 corum,
638 5061 759 5116 qua:
793 5045 846 5099 in
893 5045 998 5098 line
1032 5045 1335 5099 obventura
1385 5054 1524 5108 erat,
1561 5046 1611 5098 iu
1643 5061 1879 5116 eumque
1911 5046 1988 5101 di-

397 5142 602 5194 vinitus
663 5141 967 5194 immissam
1015 5138 1351 5204 vindictam,
1399 5140 1531 5206 quin
1590 5138 1755 5191 etiam
1838 5138 1984 5209 quod

397 5247 584 5302 μυδιιοει
623 5247 810 5305 gentes
891 5234 1206 5303 hujusmodi
1271 5233 1550 5287 habebunt
1598 5234 1983 5301 comparandae

397 5330 591 5380 salutis
634 5328 861 5391 fontem,
903 5327 1204 5381 exhibitam
1266 5341 1462 5395 nempe
1508 5326 1617 5380 Deo
1659 5326 1712 5379 in
1757 5323 1982 5380 Jerusa-

398 5419 500 5470 lctll
531 5419 931 5486 adorationem,
964 5435 1087 5491 qua:
1118 5420 1188 5475 ab
1217 5420 1354 5490 ipsis
1383 5420 1687 5491 prmstanda
1722 5419 1814 5474 sit.

470 5624 513 5655 ’δ
540 5620 708 5676 Zach.
745 5640 824 5690 tu,
864 5625 925 5688 El;
962 5623 1115 5678 Judae
1145 5625 1231 5678 19.

472 5783 523 5850 (ll
541 5780 582 5851 ί)
614 5776 774 5834 Forte
816 5777 1304 5851 ὲκπολεμησασῶν.

2099 4579 2192 4632 τοῦ
2222 4581 2514 4650 κεραμέως
2536 4581 2859 4647 ἐξοδιάζετο.
2890 4583 2998 4637 Καὶ
3026 4585 3156 4654 περὶ⁵
3183 4585 3277 4638 τοῦ
3316 4587 3693 4658 Ἀντιχρίστου

2096 4672 2280 4736 πάλιν,
2311 4672 2386 4730 ῶς
2413 4673 2734 4743 ἐπιθήσεται
2761 4677 2872 4738 τοῖς
2917 4677 3114 4744 ἁγίοις,
3147 4678 3241 4729 καὶ
3293 4678 3695 4750 καθαιρεθήσε-

2099 4782 2213 4820 ται.
2248 4767 2668 4836 Προεφήτευσεν
2704 4768 2798 4820 καὶ
2834 4769 2964 4836 περὶ
3017 4768 3111 4821 τοῦ
3149 4772 3426 4841 σωτηρίου
3483 4773 3694 4838 πάθους

2092 4859 2353 4931 Χριστοῦ,
2389 4862 2482 4913 καὶ
2521 4861 2620 4929 τῆς
2647 4861 2859 4926 ἐνδόξου
2921 4862 3223 4934 παρουσίας
3269 4863 3458 4930 αὐτοῦ,
3492 4865 3585 4916 καὶ
3615 4865 3695 4928 ὡς

2089 4953 2182 5004 ἐπὶ
2207 4951 2298 5004 τοῦ
2327 4952 2488 5021 ὅρους
2525 4951 2617 5004 τοῦ
2653 4953 2911 5016 ἐλαιῶνος
2941 4956 3258 5023 φανήσοιτο.
3311 4957 3543 5026 [Ιροεῖπε
3595 4957 3694 5009 καὶ

2094 5045 2190 5116 τὴν
2215 5047 2307 5098 τοῦ
2329 5044 2448 5113 Γὼγ
2483 5046 2577 5098 καὶ
2617 5045 2830 5114 Μαγὼγ
2857 5047 3065 5116 ἔφοδον,
3105 5049 3336 5101 καὶτῶν
3373 5049 3547 5115 ἁγίων
3595 5049 3694 5102 τό·

2091 5155 2229 5203 πων,
2257 5138 2725 5210 γενησομένην-ὲν
2747 5141 2911 5204 τέλει,
2937 5141 3032 5192 καὶ
3059 5141 3157 5209 τὴν
3191 5140 3458 5210 θεήλατον
3513 5141 3690 5194 αὐτοῦ

2087 5228 2384 5298 τιμωρίαν,
2419 5228 2555 5283 ἀλλά
2583 5229 2680 5282 καὶ
2722 5229 2798 5291 ὡς
2846 5232 2927 5294 είς
2964 5230 3194 5302 ὕστερον
3225 5232 3293 5284 τὰ
3342 5232 3470 5302 ἔθνη
3501 5232 3694 5285 τοῦτον

2086 5321 2356 5391 πορισμὸν
2377 5320 2562 5386 ἕξουσι
2591 5321 2890 5392 σωτηρίας,
2923 5323 3024 5392 τὴν
3055 5325 3136 5386 εἱς
3175 5324 3276 5393 τὴν
3320 5323 3692 5395 Ἰερουσαλὴμ

2087 5411 2207 5483 Θεῷ
2237 5412 2573 5484 τελουμένην
2604 5413 3004 5485 προσκύνησιν,
3055 5415 3148 5468 ὑπ’
3197 5415 3378 5470 αὐτῶν
3433 5415 3692 5470 ἐπιτέλει

2092 5503 2462 5575 σθησομένην.
