4044 6410
297 395 361 460 9'!
1473 379 1544 439 I.I
1559 379 1648 439 ΒΕ
1657 379 1796 440 LLU
1809 379 1846 438 S
1887 375 2242 440 MEMORIA
2253 373 2396 434 LIS.
3502 371 3571 433 98

301 501 536 556 ΚΙιῖνιιΑΔ.
595 495 676 551 Π’.
728 523 798 536 -—
843 487 980 547 Τίνα
1033 485 1490 558 προεφήτευσεν
1538 488 1873 555 ΜηλιιχΙας.

2009 483 2138 538 IAP.
2183 480 2400 536 LXXX.
2441 509 2512 520 —-
2559 479 2819 548 Quanam
2865 478 3196 549 prophetarit
3246 477 3568 536 Maluehias.

375 629 647 692 Ὁνειδξζει
700 627 792 680 τὸν
823 625 974 690 λαὸν,
1021 624 1118 686 ὡς,
1155 623 1442 690 γεγονότες
1484 621 1592 673 υἱοὶ
1643 620 1737 674 τοῦ
1775 619 1878 674 Ἰα-

301 725 428 786 aius,
459 721 552 774 τοῦ
585 718 1026 790 προτιμηθέντος
1049 715 1155 768 ὑπὸ
1182 713 1317 766 Θεοῦ
1349 713 1502 784 παρὰ
1531 713 1620 766 τὸν
1684 712 1876 779 Ἠσαῦ,

301 815 606 884 ἀγνώμονες
655 811 782 882 περὶ
822 809 914 861 τὸν
944 805 1284 876 τετιμηκότα
1313 807 1647 876 πεφήνασιν.
1688 805 1880 872 Ἐγκα·

301 907 374 958 isi
403 905 492 957 καὶ
521 903 596 972 τῷ
655 900 790 971 ἱερῷ
827 899 1096 969 τάγματι,
1155 897 1231 959 ὡς
1288 896 1638 966 ὲκλεχθέντες
1681 898 1738 948 ὲν
1795 897 1874 966 τῷ

299 993 424 1046 Ain?
460 993 538 1054 εἰς
583 987 908 1060 ἱερατεύειν,
960 987 1188 1056 ἀμελεῖς
1241 985 1373 1056 περὶ
1418 985 1519 1056 τὴν
1578 985 1881 1056 ἱερωσύνην

301 1085 626 1134 ἁλίσκονται.
661 1079 956 1148 Μέμφεται
981 1076 1076 1129 καὶ
1105 1079 1220 1138 τοῖς
1251 1081 1350 1138 τὰς
1381 1077 1629 1146 γαμετὰς
1681 1077 1882 1139 ἀδίκως

297 1171 644 1234 ἀπολύουσιν,
679 1171 772 1224 καὶ
801 1173 914 1232 τοῖς
937 1169 1034 1238 τὴν
1062 1168 1214 1236 τεαρὰ
1245 1166 1382 1220 Θεοῦ
1435 1167 1652 1220 δικαίαν
1702 1168 1882 1237 κρίσιν

300 1265 420 1334 περὶ
471 1265 692 1317 πάντων
741 1260 1072 1332 ἐκφέρεσθαι
1132 1261 1208 1330 μὴ
1261 1259 1658 1329 προσδοκῶσιν.
1691 1261 1880 1312 Κατα-

301 1359 468 1426 κρίνει
499 1357 594 1410 καὶ
623 1356 753 1418 τοὺς
777 1355 876 1416 τὰς
900 1355 1170 1422 νομίμους
1209 1351 1466 1421 ἀπαρχὰς
1495 1351 1590 1404 καὶ
1625 1351 1882 1416 δεκατίας

300 1453 370 1520 μὴ
401 1449 781 1520 προσάγοντας
797 1448 910 1508 τοῖς
943 1444 1170 1514 ἱερεῦσι,
1194 1445 1290 1497 καὶ
1319 1443 1440 1506 τοὺς
1468 1442 1884 1507 ἐξουθενοῦντας

299 1544 392 1614 τὴν
430 1541 588 1595 θείαν
627 1539 908 1607 λατρείαν.
969 1535 1320 1608 Προφητεύει
1374 1536 1468 1589 καὶ
1508 1536 1647 1606 dici)
1698 1535 1885 1590 δικαία

295 1635 468 1706 κρίσις
501 1631 602 1686 τοῦ
634 1631 770 1684 Θεοῦ
809 1630 937 1702 περὶ
967 1629 1176 1690 πάντας
1207 1629 1598 1698 ἐκφανήσεται.

2063 621 2371 690 Exprobrat
2403 619 2624 690 populo,
2665 618 2810 686 quod
2849 633 2974 672 cum
3007 627 3193 672 essent
3230 615 3324 670 (iiii
3376 615 3568 682 Jacuh,

1981 714 2074 784 qui
2101 715 2368 768 divinitus
2415 711 2590 766 Esavo
2621 712 2876 780 prmiatus
2907 709 3106 775 fuerat,
3137 726 3266 781 erga
3321 711 3574 781 praelato-

1981 822 2094 858 rem
2133 806 2330 874 ingrati
2364 819 2486 860 esse
2511 805 2850 858 viderentur.
2881 801 3075 872 Culpat
3104 802 3270 856 etiam
3319 801 3570 856 ordinem

1983 898 2407 960 sacerdotalem,
2468 907 2756 964 prOpterea
2794 894 2938 964 quod
2969 893 3126 948 electi
3186 893 3238 946 in
3274 894 3392 962 ipso
3441 891 3572 946 Levi

1984 990 2051 1043 ad
2087 989 2344 1042 obeunda
2392 989 2576 1040 munia
2625 987 3012 1048 sat-erdutalia,
3064 987 3330 1041 incuriosi
3377 987 3574 1056 depre-

1985 1081 2356 1134 henderentur
2388 1079 2534 1134 circa
2569 1077 2966 1132 sacerdotium.
2999 1077 3260 1142 Queritur
3287 1085 3342 1131 et
3367 1075 3434 1130 de
3467 1077 3574 1130 illis

1984 1171 2076 1240 qui
2112 1170 2311 1239 injuria
2349 1184 2551 1224 uxores
2571 1168 2961 1223 dimittebant:
2993 1169 3060 1222 de
3097 1169 3204 1224 illis
3233 1167 3386 1231 item,
3417 1168 3510 1238 qui
3543 1183 3572 1221 a

1988 1261 2098 1316 Deo
2129 1263 2342 1332 justum
2377 1260 2645 1332 judicium
2687 1260 2754 1314 de
2786 1259 3043 1314 erunibus
3084 1257 3210 1313 ferri
3245 1275 3352 1313 non
3381 1275 3574 1328 exspe-

1986 1364 2156 1410 Ctant.
2207 1353 2444 1407 Damnat
2489 1367 2583 1406 eos
2636 1367 2890 1420 quoque,
2946 1349 3040 1420 qui
3073 1349 3190 1419 lege
3249 1353 3575 1406 constitutas

1986 1445 2260 1516 primitias
2306 1453 2360 1500 et
2393 1445 2636 1500 decimas
2697 1445 2763 1498 ad
2805 1446 3124 1498 sacerdOtes
3159 1459 3267 1498 non
3316 1443 3572 1506 aﬂ'erunt,

1986 1553 2194 1606 eosque
2225 1537 2390 1591 etiam
2417 1537 2511 1606 qui
2541 1535 2844 1604 despicatui
2877 1535 3154 1590 habebant
3196 1535 3440 1588 divinum
3475 1536 3577 1587 mi-

1989 1628 2300 1682 nisterimn.
2353 1626 2652 1696 Prophetat
2677 1637 2731 1682 et
2765 1627 2910 1696 quod
2939 1626 3148 1696 justum
3179 1625 3448 1694 judicium
3477 1623 3572 1680 Dei

1987 1721 2054 1776 de
2079 1721 2336 1776 omnibus
2365 1722 2666 1790 apparebit.

297 1851 546 1904 ΚΕΦΔΛ.
575 1847 702 1901 ﬂA’.
725 1877 794 1888 -—
813 1849 952 1902 Τίνα
969 1847 1100 1922 ἐστῇ
1127 1845 1200 1900 τὰ
1215 1845 1326 1922 διὰ.
1367 1844 1573 1899 Ἠλιοῦ
1599 1844 1886 1914 γεγονότα

2009 1848 2140 1906 ἶΑΡ.
2169 1851 2408 1907 LXXXI.
2442 1882 2497 1891 —
2529 1850 2930 1922 Qumnamsunt
2958 1851 3112 1920 signa
3137 1850 3432 1915 mirabilia,
3461 1867 3578 1922 qua:

783 1917 1102 1988 θαυμαστὰ
1137 1916 1382 1986 σημεῖα.

371 2053 461 2120 Ἐξ
475 2054 754 2122 ὀλιγίστου
785 2051 1020 2121 ἀλεύρου
1061 2051 1156 2103 καὶ
1187 2049 1368 2102 ἐλαίου
1392 2091 1406 2114 ,
1431 2050 1488 2100 ὲν
1514 2048 1693 2118 καιρῷ
1722 2047 1882 2118 λιμοῦ

295 2146 566 2216 πεμφθεὶς
587 2146 671 2208 εἰς
701 2143 968 2214 Σαραφθᾶ
997 2143 1092 2212 τῆς
1125 2141 1406 2206 Σιδωνίας,
1435 2143 1673 2209 γυναῖκα
1701 2141 1882 2210 χήραν

297 2243 384 2292 καὶ
406 2239 497 2291 τὸν
527 2237 739 2307 ταύτης
761 2236 900 2298 υἱὸν,
929 2233 1024 2287 καὶ
1047 2236 1237 2286 ἑαυτὸν
1264 2233 1358 2285 ἐπὶ
1402 2233 1590 2302 τριετῆ
1635 2231 1885 2302 διέθρεψεν.

296 2332 498 2400 χρόνοι.
527 2327 818 2400 Δεύτερον,
851 2327 967 2380 υἱὸν
986 2327 1084 2396 τῆς
1107 2324 1420 2395 σταθμοχοῦ
1452 2325 1564 2396 (95)
1589 2327 1687 2394 τῆς
1709 2324 1886 2392 Χήρας

297 2425 638 2476 ἀποθανόντα
683 2421 976 2490 ἀνέστησε.
1016 2421 1235 2490 Τρίτον,
1299 2417 1410 2486 πῦρ
1456 2417 1514 2480 ἐξ
1535 2417 1766 2487 ούρανοῦ
1795 2419 1888 2470 ἐπὶ

293 2517 358 2568 τὰ
383 2517 558 2586 ἱερεῖα
591 2515 900 2584 κατήγαγε.
948 2513 1219 2582 Τέταρτον
1242 2553 1256 2576 ,
1295 2511 1448 2564 ὑετὸν
1489 2510 1548 2577 ἐξ
1584 2509 1888 2582 ἀνομϐρίας

297 2607 578 2679 προειπὼν
605 2607 848 2668 ἔσεσθαι,
887 2605 1090 2666 εὐθέως
1125 2605 1397 2674 ἐπήγαγε.
1437 2605 1724 2672 Πέμπτον,
1757 2619 1888 2655 πεν-

295 2699 671 2770 τηκόνταρχον
697 2697 787 2750 ἐπ’
811 2696 978 2750 αὐτὸν
1002 2695 1243 2756 ἐλθόντα,
1276 2695 1671 2763 παραστάσεως
1701 2694 1888 2745 εἵνεκα

295 2789 391 2860 τῆς
419 2791 562 2860 “Pa;
589 2791 680 2844 τδν
709 2787 956 2859 βασιλέα,
989 2787 1084 2840 καὶ
1137 2787 1265 2850 τοὺς
1309 2788 1646 2856 πεντήκοντα
1700 2783 1888 2848 αὑτοῦ,

297 2884 436 2954 φορᾷ
467 2881 644 2951 πυρὸς
695 2879 949 2951 οὐρανίου
1008 2879 1300 2948 ἐνέπρησε,
1341 2875 1436 2929 καὶ
1479 2873 1642 2927 πάλιν
1686 2873 1776 2926 τὸν
1809 2873 1893 2925 ἑλ-

297 2973 454 3025 θὸντα
477 2971 738 3042 δεύτερον
764 2969 966 3040 ὁμοίως
992 2968 1222 3022 ἀνεῖλεν.
1252 2967 1542 3034 Ἕϐδομον,
1576 2967 1640 3035 τῇ
1669 2963 1890 3034 μηλωτῇ

297 3065 384 3117 τὸν
441 3063 731 3135 Ἰορδάνην
789 3061 1036 3130 περάσας
1065 3059 1201 3130 (96),
1240 3059 1398 3111 διεῖλε
1453 3055 1894 3128 πλημμυροῦντα

300 3156 572 3226 ποταμὸν,
615 3156 695 3218 εἰς
729 3154 966 3224 πάροδον
994 3151 1191 3205 ἑαυτοῦ
1227 3167 1286 3204 τε
1319 3149 1416 3203 καὶ
1455 3149 1785 3202 Ἐλισσαίου.

299 3291 554 3344 ΚΕΦΑΛ.
597 3285 720 3341 ΠΒ’.
759 3317 828 3326 —
885 3287 1024 3340 Τίνα
1075 3285 1206 3339 ἐστὶ
1261 3285 1335 3339 τὰ
1379 3282 1478 3336 διὰ
1540 3281 1897 3336 Ἐλισσαίου

365 3361 661 3428 γεγονότα
683 3355 872 3413 διπλοῖ
904 3357 1017 3427 (97)
1069 3359 1138 3408 ἐν
1178 3355 1476 3422 πνεύματι
1529 3351 1729 3408 Ἠλιοῦ
1756 3355 1899 3406 θαυ-

359 3430 574 3500 μαστὰ
595 3429 836 3498 σημεῖα.

366 3572 438 3620 α’.
477 3565 756 3635 Ἰορδάνην
789 3562 1034 3633 ποταμὸν
1063 3564 1130 3632 τῇ
1171 3560 1266 3614 τοῦ
1324 3559 1508 3613 Ἠλιοῦ
1561 3559 1788 3630 μηλωτῇ
1819 3558 1900 3613 δι-

299 3658 454 3724 ελὼν,
485 3655 860 3728 παρελήλυθε.

371 3749 438 3821 β’.
467 3752 556 3804 Τὰ
595 3753 654 3801 ἐν
685 3747 898 3819 Ἱεριχῷ
923 3747 1092 3801 ὕδατα
1111 3746 1284 3814 ἄγονα
1318 3745 1526 3799 ἰάσατο.

368 3842 440 3911 γ’.
503 3841 940 3910 Τεσσαράκοντα
1005 3839 1201 3902 παῖδας
1271 3835 1656 3900 διαπαίζοντας
1720 3834 1902 3898 αὑτὸν,

301 3933 530 4003 ἄρκτοις
585 3933 738 3984 δυσὶν
793 3929 1032 3994 ἐξελθεῖν
1071 3928 1334 3991 κελεύσας
1380 3927 1488 3981 ἀπὸ
1522 3926 1620 3979 τοῦ
1672 3924 1905 3996 δρυμοῦ,

301 4024 654 4095 διεχρήσατο.

371 4115 434 4170 δ’.
483 4117 736 4186 ’Δτέκνῳ
769 4115 992 4184 γυναικὶ
1033 4113 1224 4184 στείρᾳ
1267 4109 1402 4183 οὔσῃ
1459 4113 1524 4180 τῇ
1561 4107 1908 4179 Σουναμξτιδι

305 4210 418 4263 υἱὸν
447 4211 790 4279 ἐδωρήσατο.

375 4301 442 4355 ε’.
493 4301 609 4354 Καὶ
652 4300 848 4352 τοῦτον
907 4300 1179 4368 πενταετῆ
1235 4297 1552 4366 γενόμενον,
1583 4296 1676 4349 καὶ
1705 4293 1908 4348 ἀποθα-

305 4397 486 4456 νόντα.
517 4395 791 4464 ἁναζῆσαι
841 4393 1088 4462 ἐποίησε.

379 4495 458 4552 ς’.
497 4487 818 4555 Θανάσιμον
857 4485 1055 4554 βρῶμα
1117 4481 1188 4534 δι’
1234 4479 1468 4550 ἀλεύρου
1523 4479 1908 4550 ἐπιϐληθέντος

307 4581 550 4643 ἀελαϐὲς
586 4578 819 4632 suum
827 4593 940 4630 σεν.

375 4671 442 4736 ζ’.
495 4673 592 4736 Ἐξ
617 4671 802 4740 ἄρτων
825 4668 1088 4738 κριθίνων
1130 4666 1158 4718 ι’
1187 4665 1382 4720 ἐκατὺν
1409 4664 1610 4736 ἄνδρας
1637 4665 1694 4716 ἐν
1728 4661 1906 4733 καιρῷ

311 4763 470 4834 λιμοῦ
497 4763 776 4834 χορτάσας
801 4801 818 4822 ,
855 4763 952 4814 κα)¹
979 4759 1338 4830 περισσεῦσαι
1376 4757 1654 4825 ἐποίησεν.

377 4855 452 4927 η’.
509 4853 735 4924 Νεεμᾶν
787 4851 1142 4924 λεπρωθέντα
1199 4850 1370 4919 Σύρον
1414 4851 1513 4918 τῆς
1559 4849 1766 4918 λέπρας
1821 4847 1905 4902 ἰά-

313 4967 464 5004 σιτο.

381 5041 448 5096 0'.
491 5043 601 5096 Τὸν
649 5041 818 5111 Γιεζῆ
851 5039 1113 5110 χρήματα
1147 5037 1278 5109 παρ’
1311 5036 1478 5090 αὑτοῦ
1541 5033 1910 5105 κομισάμενον

309 5135 652 5206 ἐλέπρωσεν.

385 5229 436 5284 ι’.
475 5231 710 5300 Σίδηρον
767 5227 1110 5282 ἀναπλεῦσαι
1153 5224 1262 5280 ἀπὸ
1311 5222 1476 5296 βυθοῦ
1503 5227 1569 5294 τῇ
1625 5222 1719 5276 τοῦ
1784 5223 1912 5293 otiq-

313 5323 466 5378 λείου
499 5325 614 5396 (98)
649 5323 904 5392 ¹εποίησεν
927 5323 1134 5398 ἐπῳδῇ.

317 5505 362 5536 ¹⁸
401 5501 492 5558 IV.
527 5505 666 5574 Reg.
695 5518 756 5568 ιι,
793 5517 870 5568 tv,
909 5517 964 5564 v,
989 5515 1148 5569 seqq.

391 5663 510 5733 (93)
547 5661 714 5717 Forte
751 5659 1122 5730 σταθμούχου,
1167 5673 1224 5729 q.
1263 5657 1315 5711 d.
1381 5654 1622 5726 στοθμὶν
1662 5652 1914 5725 ἐχούσης.

391 5737 506 5800 (96)
545 5735 704 5787 Furte
729 5733 1028 5802 περάσων.’

391 5807 508 5876 (97)
543 5803 706 5858 Forte
735 5802 910 5872 διπλῷ

2603 1923 2728 1990 fecit
2781 1920 2956 1974 Elius.

2074 2055 2150 2109 Ex
2189 2055 2566 2132 modicissima
2615 2054 2790 2109 farina
2845 2063 2898 2110 et
2959 2059 3115 2116 oleo.
3152 2071 3278 2110 eum
3330 2065 3575 2126 tempore

1995 2148 2160 2202 rantis
2189 2147 2392 2202 missus
2421 2147 2613 2202 fuisset
2644 2147 2696 2201 in
2741 2145 3026 2216 Sareptam
3065 2149 3327 2214 Sidoniar,
3378 2149 3578 2202 mulie-

1995 2257 2109 2295 rem
2151 2241 2370 2295 viduam
2426 2240 2656 2310 ejusque
2712 2240 2884 2293 tilium
2945 2253 3008 2293 ac
3039 2251 3298 2308 praeterea
3334 2241 3576 2310 seipsum

1997 2333 2232 2388 triennio
2260 2333 2542 2387 eunti-ivit.
2603 2331 2889 2393 Secundo,
2953 2331 3124 2386 lilium
3182 2331 3414 2401 hospitis
3465 2347 3580 2386 sua:

1997 2427 2176 2481 vidua:
2197 2426 2307 2480 vita
2333 2424 2582 2479 functum
2623 2423 2989 2478 resuscitavit.
3026 2421 3231 2488 Tertio,
3267 2423 3443 2492 ignem
3475 2435 3584 2478 οω-

1997 2519 2128 2572 litus
2161 2533 2325 2586 super
2354 2517 2604 2570 victimas
2632 2515 2920 2570 derivavit.
2957 2513 3186 2579 Quarto,
3236 2513 3474 2583 pluviam
3516 2528 3584 2566 ev

1999 2612 2248 2666 siccitate
2273 2609 2572 2678 praedicens
2605 2607 2846 2662 futuram
2876 2607 3056 2661 statim
3085 2606 3332 2660 adduxit.
3356 2604 3583 2670 Quinto,

1999 2701 2532 2774 quinquagenarium
2578 2701 2643 2754 ad
2679 2715 2738 2754 se
2779 2702 3085 2753 venientem
3132 2711 3298 2753 causa
3354 2697 3586 2751 sistendi

2001 2795 2157 2849 illum
2211 2793 2368 2864 regi,
2425 2793 2790 2861 hominesque
2815 2791 2935 2859 ejus
2982 2788 3379 2859 quinquaginta
3431 2787 3586 2857 lapsu

2001 2888 2143 2958 ignis
2171 2885 2410 2942 caelestis
2458 2884 2784 2939 combussit.
2823 2882 3066 2952 Itemque
3095 2897 3220 2936 eum
3274 2881 3368 2950 qui
3400 2895 3590 2935 secun-

2002 2980 2106 3034 dus
2137 2979 2203 3033 ad
2238 2993 2298 3032 se
2325 2985 2573 3040 venerat,
2629 2975 2868 3030 sustulit.
2906 2973 3172 3043 Septimo,
3217 2975 3413 3028 tnelote
3467 2970 3590 3026 Jor-

2003 3069 2201 3124 danem
2265 3067 2665 3130 transmittens,
2727 3065 2916 3120 divisit
2974 3065 3370 3120 redundantem
3434 3063 3588 3118 illum

2005 3159 2256 3228 ﬂuvium,
2287 3175 2397 3231 quo
2433 3159 2546 3230 ipse
2593 3157 2849 3214 transiret
2871 3167 2924 3212 et
2957 3156 3207 3213 Elisaeus.

2002 3297 2157 3353 CAP.
2197 3295 2464 3352 LXXXII.
2493 3329 2562 3338 —
2593 3295 2850 3362 Quantam
2896 3297 3018 3366 fecit
3059 3294 3290 3366 Eiismus
3333 3295 3592 3364 stupenda

2259 3368 2505 3438 prodigia
2535 3367 2592 3420 in
2617 3367 2820 3434 duplici
2865 3365 3056 3438 spiritu
3105 3365 3240 3420 Elia:
3273 3367 3339 3420 ".

2079 3567 2131 3620 I.
2153 3563 2452 3620 Jordanem
2481 3564 2706 3620 ﬂuvium
2741 3563 2872 3620 Elia:
2896 3564 3094 3620 melote
3117 3563 3384 3630 dividens,
3414 3571 3596 3619 trans-

2009 3657 2177 3712 misit.

2085 3749 2139 3802 Ξ.
2173 3746 2498 3802 Infecundas
2534 3744 2868 3802 Jerichuntis
2900 3761 3072 3817 aquas
3099 3747 3334 3802 sanavit.

2087 3841 2141 3894 5.
2175 3839 2548 3910 Quadraginta
2577 3853 2777 3908 pueros
2803 3837 3094 3894 illudentes
3117 3839 3166 3894 ei
3201 3853 3230 3893 e
3262 3837 3444 3894 medio
3473 3855 3598 3894 sus-

2013 3932 2159 3992 tulit.
2182 3932 2385 4002 jubens
2407 3931 2548 3986 duos
2581 3944 2744 3984 ursos
2769 3930 2956 4001 egredi
2985 3931 3052 3985 de
3084 3929 3244 3985 silva.

2083 4113 2138 4167 4.
2167 4109 2500 4166 Snnamitidi
2530 4108 2746 4164 mulieri
2778 4109 2952 4165 sterili
2981 4123 3044 4164 ac
3070 4109 3189 4165 sine
3213 4109 3400 4166 liberis
3426 4111 3598 4166 lilium

2011 4205 2244 4274 largitus
2275 4211 2378 4256 est.

2099 4295 2150 4349 5.
2189 4293 2454 4360 IIuncque
2523 4291 2704 4361 ipsum
2755 4291 2870 4360 jatn
2919 4291 3330 4361 quinquennem
3383 4302 3438 4346 et
3489 4291 3599 4346 vita

2013 4387 2286 4450 functum,
2321 4385 2648 4440 reviviscere
2680 4383 2828 4440 fecit.

2089 4481 2142 4534 6.
2185 4477 2534 4532 Murtifcrum
2590 4477 2772 4533 cibum
2825 4473 3022 4544 injecta
3073 4473 3248 4530 farina
3303 4475 3600 4530 innocuum

1945 4592 1988 4645 ι)
2015 4573 2272 4630 reddidit.

2091 4667 2140 4721 7.
2177 4665 2373 4720 Decem
2396 4661 2714 4717 hordeareis
2749 4660 2984 4730 panibus
3021 4668 3310 4730 postquam
3349 4659 3609 4714 satiasset

2017 4769 2240 4817 erutum
2268 4757 2550 4820 homines,
2579 4755 2746 4808 etiam
2785 4768 3072 4822 superesse
3107 4767 3172 4807 ex
3219 4753 3323 4808 illis
3349 4753 3498 4806 fecit.

2089 4853 2140 4906 8.
2183 4849 2422 4904 Neeman
2475 4847 2746 4916 leprosum
2809 4843 3006 4915 Syrum
3061 4843 3334 4898 hominem
3375 4859 3405 4898 a
3455 4844 3606 4912 lepra

2021 4945 2253 5011 sanavit.

2091 5039 2144 5092 9.
2177 5036 2446 5098 Giesium,
2481 5031 2573 5102 qui
2598 5045 2730 5101 opes
2770 5030 2839 5084 ah
2879 5029 2972 5084 illo
3003 5035 3300 5099 receperat,
3331 5028 3606 5097 leprosum

2022 5129 2274 5184 reddidit.

2094 5222 2180 5275 i0.
2209 5219 2414 5282 Iiﬂeeit,
2439 5225 2498 5270 ut
2525 5214 2730 5270 ferrum
2749 5223 3128 5282 supernataret
3153 5228 3182 5266 e
3205 5210 3390 5276 fundo,
3412 5207 3612 5276 injecto

2017 5315 2188 5385 ligno.

2099 5651 2212 5720 (98)
2246 5649 2308 5706 IV
2345 5649 2472 5720 Reg.
2511 5666 2584 5714 γι,
2616 5651 2668 5705 6.
2697 5647 2958 5702 ἁπέκνισε
2996 5645 3171 5711 ξύλον.
3218 5643 3336 5699 Mox
3362 5641 3501 5700 forte
3537 5641 3616 5694 le.-

2025 5725 2260 5793 gendttm
2291 5721 2541 5792 ἐπιϐολῇ.
