4044 6424
458 353 526 415 99
1527 340 1531 344 ‘
1980 343 2284 406 roseam

528 463 616 518 11.
660 462 861 540 Milites
888 460 1059 534 Syros
1093 468 1285 515 contra
1328 472 1388 514 se
1421 455 1703 511 venientes
1733 453 2042 509 hallucina-
2075 467 2121 523 Α

459 554 607 609 tione
638 555 900 617 alliciens,
937 553 992 606 in
1031 552 1308 605 civitatem
1352 548 1674 602 introduxit.

532 645 617 699 I9.
656 646 1009 701 Obsidionetn
1040 643 1259 712 patienti
1295 641 1428 710 regi,
1480 638 1940 710 convenientiqne
1981 639 2038 695 in

459 736 803 799 Samariam,
862 732 1274 788 imminentibus
1323 730 1592 793 hostibus,
1649 745 1712 784 ac
1763 741 2050 802 propterea

459 827 608 882 fame
641 823 912 880 universis
963 823 1105 875 intra
1164 822 1442 875 civitatem
1498 821 1879 890 pereuntibus,
1933 838 2050 877 ma-

452 935 618 990 gnam
652 919 758 972 vim
818 914 984 969 triciti
1030 925 1085 966 et
1117 913 1304 967 hordei
1339 919 1584 967 actutum
1619 913 1860 967 futuram
1911 929 2051 982 prte-

455 1009 611 1063 dixit.
642 1007 901 1076 Angelica
937 1020 1107 1076 porro
1147 1007 1348 1060 virtute
1384 1006 1570 1060 hostes
1602 1005 1863 1075 exagitati
1895 1017 2046 1072 sunt,

453 1107 506 1152 et
538 1099 644 1153 cibi
682 1099 909 1151 inventi.

527 1189 614 1241 I5.
643 1187 778 1241 Tres
809 1203 965 1258 reges
997 1196 1052 1242 et
1078 1187 1378 1242 exercitum
1418 1187 1508 1241 siti
1562 1201 1905 1257 pereuntem,
1955 1206 2050 1244 co—

453 1281 889 1348 piosissimarum
955 1296 1224 1351 aquarum
1286 1280 1338 1333 vi
1386 1293 1726 1350 erumpente,
1763 1295 1892 1352 potu
1943 1286 2051 1339 sal-

457 1374 626 1428 vavit.

526 1465 615 1520 14.
652 1465 863 1529 Ell'ecit,
897 1475 954 1520 ut
989 1465 1092 1520 olei
1121 1465 1276 1534 copia
1308 1465 1578 1522 dilllueret
1607 1465 1784 1520 viduae
1810 1467 2046 1532 mulieri,

451 1559 610 1626 cujus
649 1558 742 1612 lilii
775 1560 1002 1628 jamjam
1039 1559 1493 1612 vendendieraut
1527 1559 1596 1612 ob
1627 1574 1701 1614 tes
1741 1560 1979 1614 alienum
2019 1576 2048 1613 a

452 1644 607 1718 patre
627 1660 991 1713 contractum,
1024 1665 1133 1720 qno
1191 1660 1244 1705 et
1274 1651 1521 1705 debitum
1565 1651 1823 1715 solveret,
1861 1661 1916 1706 et
1945 1653 2046 1721 ipsi

458 1757 523 1796 ac
553 1750 726 1796 mater
752 1757 940 1796 eorum
966 1743 1196 1795 enutriri
1232 1755 1474 1811 possent.

2223 457 2471 522 ια“.Τοὺς
2518 459 2606 511 ἐπ’
2658 459 2822 514 αὐτὸν
2861 452 3118 526 ἐλθόντας
3165 462 3509 535 στρατιώτας
3541 455 3750 538 Σύρους

2153 551 2389 622 ἀορασίᾳ
2421 551 2758 621 περιϐαλὼν,
2791 553 2870 616 είς
2899 555 2996 624 τήν
3021 555 3178 608 πόλιν
3213 559 3503 627 εἰσήγαγε.

2227 640 2313 711 ιβ’.
2343 642 2796 714 ΙΙολιορκουμένῳ
2839 643 3073 714 βασιλεῖ,
3109 647 3205 699 καὶ
3233 652 3616 719 συνερχομένῳ
3668 655 3752 714 εἰς

2151 732 2250 804 τὴν
2286 734 2602 803 Σαμάρειαν
2627 773 2640 797 ,
2667 735 2778 788 τῶν
2806 736 3082 804 πολεμίων
3107 740 3472 810 ἐπικειμένων
3495 784 3509 806 ,
3535 745 3632 797 καὶ
3662 745 3757 796 διὰ.

2151 824 2311 876 τοῦτο
2329 822 2474 892 λιμῷ
2511 824 2730 878 πάντων
2762 825 2873 880 τῶν
2927 827 2986 879 ἐν
3034 831 3098 898 τῇ
3150 829 3306 882 πόλει
3345 832 3750 901 φθειρομένων,

2153 915 2415 984 ἀφθονίαν
2447 917 2598 970 σίτου
2641 919 2736 970 καὶ
2761 919 2968 988 κριθῶν
2991 921 3188 991 ἀθρόον
3221 925 3750 992 προεῖπενὲσεσθαι,

2153 1008 2248 1058 καὶ
2265 1007 2530 1078 ἀγγελικῇ
2559 1008 2789 1080 δυνάμει
2811 1011 2861 1063 ot
2881 1011 3133 1083 πολέμιοι
3167 1014 3546 1084 ἐξηλαύνοντο,
3571 1019 3663 1069 καὶ
3689 1018 3751 1069 αἱ

2152 1098 2351 1167 τροφαὶ
2381 1098 2632 1169 εὕρηντο.

2227 1190 2311 1258 ιγ’.
2357 1195 2516 1262 Τρεῖς
2543 1194 2785 1263 βασιλεῖς
2815 1197 2909 1248 καὶ
2946 1198 3178 1268 στρατὸν
3213 1199 3441 1271 ἄπειρον
3463 1201 3551 1253 διὰ
3583 1203 3750 1272 δίψαν

2152 1283 2524 1354 ἀπολλύμενον
2578 1286 2786 1341 ὑδάτων
2815 1287 3027 1360 ἁθρόων
3049 1291 3287 1361 ἐπιφορᾷ
3316 1293 3559 1364 ῥαγδαίῳ
3592 1293 3749 1366 ποτῷ

2151 1375 2395 1429 διέσωσε.

2226 1467 2305 1520 ιδ’.
2355 1467 2565 1520 Ἐλαίου
2597 1467 2755 1538 ῥύσιν
2778 1471 2926 1543 χήρᾳ
2975 1472 3220 1539 γυναικὶ,
3264 1472 3568 1542 μελλόντων
3618 1476 3748 1528 δου·

2151 1558 2373 1612 λοῦσθαι
2407 1562 2496 1613 διὰ
2528 1563 2786 1634 πατρῷον
2825 1565 2987 1635 χρέος
3042 1566 3151 1618 τῶν
3204 1568 3335 1619 υἱῶν
3367 1568 3561 1636 αὐτῆς,
3603 1569 3749 1639 πρὸς

2150 1651 2250 1722 τήν
2279 1651 2387 1704 τῶν
2409 1655 2587 1723 χρεῶν
2635 1654 2846 1708 έκτισιν
2869 1656 2967 1712 καὶ
2995 1657 3289 1728 διατροφὴν
3314 1658 3494 1711 αὐτῶν
3526 1661 3620 1713 καὶ
3642 1661 3744 1732 τῆς

2156 1743 2361 1812 μητρὸς
2391 1745 2704 1812 ἐποιήσατο.

523 1833 616 1887 15.
639 1832 692 1886 In
729 1839 1042 1903 sepulcrum
1075 1835 1193 1903 ejus
1229 1851 1352 1888 cum
1405 1833 1630 1906 quidam
1679 1843 1932 1889 mortuus
1973 1834 2040 1888 ab

2219 1831 2299 1887 ιε’.
2327 1835 2414 1887 Ἐν
2435 1837 2491 1888 δὲ
2526 1837 2604 1908 τῷ
2637 1841 2883 1909 μνήματι
2907 1840 3074 1895 αὑτοῦ
3101 1843 3292 1914 νεκρὸς
3312 1844 3416 1898 ὑπὸ
3440 1845 3548 1900 τῶν
3573 1847 3744 1900 ὲκκο·

451 1922 625 1993 iisqui
661 1925 817 1978 illum
861 1924 1160 1979 eli‘erehaut
1185 1925 1465 1995 projectus
1485 1925 1695 1989 luisset,
1726 1926 2043 1988 resurrexit,

451 2025 506 2068 et
531 2032 656 2070 cum
683 2017 750 2071 iis
778 2017 869 2085 qui
905 2031 965 2071 se
991 2017 1334 2086 projecerant
1359 2018 1615 2072 currebat
1642 2018 1709 2072 ad
1740 2017 2040 2072 civitatem.

451 2107 807 2163 Festinabant
837 2110 984 2163 enim
1011 2125 1357 2179 praapropere
1409 2111 1597 2166 subire
1623 2112 1926 2176 civitatem,
1987 2123 2046 2168 ιιι

450 2201 722 2255 evitarent
751 2201 990 2258 latrones
1024 2202 1117 2271 qui
1146 2216 1241 2257 eos
1277 2202 1738 2273 insequebantur.

536 2334 692 2391 CAP.
719 2334 1011 2391 LXXXIII.
1038 2367 1109 2380 —-
1136 2339 1268 2404 Qua:
1299 2339 1627 2408 prophetarit
1671 2339 1824 2396 Elius
1867 2343 1930 2396 “.

521 2533 658 2604 Regi
685 2531 850 2589 Israel
880 2533 1106 2590 Acltabo
1125 2534 1201 2589 ait
1229 2533 1345 2590 fore
1380 2548 1439 2592 ut
1463 2553 1570 2593 non
1604 2539 1813 2610 plueret
1868 2558 2046 2612 usque

453 2626 584 2680 dum
610 2627 726 2696 ipse
761 2627 1001 2696 pluviam
1036 2627 1367 2684 advocaret:
1426 2639 1481 2684 et
1523 2633 1605 2687 sic
1654 2634 1869 2688 accidit.
1905 2635 2041 2690 Cum

451 2713 719 2771 Ochosias
765 2715 974 2771 Achahi
1008 2717 1154 2774 lilius
1183 2728 1492 2790 mgrotaret,
1548 2723 1895 2796 misissetqne
1946 2729 2041 2798 qui

450 2806 593 2875 apud
629 2809 787 2861 deum
815 2809 1062 2863 Acearon
1110 2811 1532 2867 sciscitarentur
1586 2831 1847 2872 numnam
1898 2829 2044 2874 esset

449 2897 818 2953 valetudinem
870 2911 1269 2957 consecuturus
1301 2942 1316 2966 ,
1351 2904 1547 2960 obvius
1596 2906 1776 2964 factus
1828 2912 2037 2966 nuntiis

451 2987 598 3044 illius
625 2991 819 3057 edixit,
855 3001 912 3047 ut
946 2996 1012 3047 ad
1043 3009 1168 3049 eum
1197 2994 1490 3065 referrent,
1516 3001 1842 3072 quodimpie
1874 3018 2041 3074 agens

450 3096 480 3134 a
512 3082 856 3139 daemonibus
893 3084 961 3140 de
991 3086 1302 3142 valetudine
1353 3104 1454 3144 sua
1507 3093 1734 3148 oracula
1785 3097 2037 3163 postulet,

448 3175 707 3245 quodque
738 3185 1025 3246 propterea
1055 3193 1166 3232 non
1189 3181 1558 3238 convalescet.

497 3310 650 3367 CAP.
711 3311 998 3368 LXXXIV.
1063 3344 1128 3356 —
1199 3316 1330 3382 Qua:
1379 3328 1504 3373 sunt
1557 3319 1744 3377 Elisazt'
1801 3323 1987 3377 vatici-

1133 3390 1222 3441 m'a
1256 3390 1324 3444 ".

519 3508 759 3566 Veniens
814 3511 1141 3572 Damascum
1174 3518 1378 3574 Azaelo
1431 3523 1720 3591 praedixit,
1755 3527 1900 3596 quod
1937 3527 2043 3580 Da-

451 3603 622 3657 masci
678 3621 773 3657 rex
817 3606 1030 3663 Aderus
1051 3613 1358 3667 moriturus
1391 3624 1509 3668 erat
1572 3633 1586 3669 :
1635 3620 1840 3672 missus
1878 3635 2042 3688 porro

451 3691 633 3746 fuerat
670 3695 860 3748 abillo
886 3699 1129 3764 graviter
1180 3713 1481 3770 aagromnte
1505 3745 1519 3768 ,
1558 3716 1616 3759 ut
1671 3709 2044 3771 sciscitaretur

450 3791 638 3837 utrum
702 3787 1128 3846 convalesceret.
1204 3793 1331 3848 Item
1391 3797 1536 3864 quod
1601 3799 1715 3868 ipse
1770 3804 2045 3871 exciperet

449 3875 604 3928 illum
662 3875 716 3929 in
753 3892 938 3946 regno,
980 3882 1330 3954 plurimaque
1393 3889 1580 3943 Israeli
1617 3892 1759 3945 mala
1793 3893 2042 3951 illaturus

451 3975 622 4022 esset.
679 3967 936 4026 Praedixit
995 3975 1184 4040 etiam,
1212 3980 1357 4047 quod
1408 3979 1508 4036 Jeu
1541 3984 1606 4037 ad
1647 3995 1898 4054 quartam
1924 3988 2043 4056 ejus

453 4063 858 4130 generationem
890 4064 1071 4122 Israeli
1106 4068 1471 4138 imperaturus
1505 4086 1670 4141 esset,
1705 4087 1926 4135 evectus
1974 4081 2039 4134 ad

452 4168 680 4222 regnum
715 4163 773 4209 ut
797 4159 1105 4217 destrueret
1143 4165 1344 4234 regiam
1371 4168 1577 4223 Achabi
1602 4170 1846 4226 domum.
1902 4173 2039 4228 Cum

403 4232 406 4236 ’
450 4240 548 4297 Jeu
575 4245 643 4299 ad
685 4245 836 4300 illum
866 4232 1224 4320 accessisset,
1248 4258 1519 4325 praadixit,
1554 4261 1698 4329 quod
1733 4270 1819 4316 ter
1847 4263 2040 4316 conﬂi-

447 4345 536 4403 get
564 4352 690 4392 cum
723 4354 891 4410 regno
924 4340 1202 4410 Damasci,
1234 4357 1287 4401 et
1317 4349 1491 4404 victor
1519 4353 1627 4405 erit
1661 4353 1712 4406 in
1748 4354 1890 4409 bello
1943 4356 2038 4410 ad-

447 4440 642 4481 versus
709 4442 855 4484 eam.
891 4427 957 4484 Et
989 4433 1115 4500 quia
1170 4450 1294 4489 cum
1345 4436 1602 4506 iussisset
1645 4450 1700 4493 ut
1731 4443 2033 4496 contentio-

2152 1925 2417 1992 μιζόντων
2453 1930 2616 1981 αὐτὸν
2640 1932 2974 2001 ἐπιρριφεὶς,
3003 1933 3276 1997 ἀνίστατο,
3314 1939 3406 1989 καὶ
3457 1939 3599 2008 μετὰ
3626 1939 3745 1992 τῶν

2148 2015 2558 2086 ἐπιρριψάντων
2602 2020 2764 2073 αὐτὸν
2801 2021 2952 2076 ἔθεεν
3000 2024 3094 2077 ἐπὶ
3142 2025 3240 2095 τὴν
3270 2027 3424 2080 πόλιν
3456 2045 3465 2058 '
3505 2030 3600 2083 καὶ
3628 2031 3744 2102 γὰρ

2147 2103 2287 2178 ἦσαν
2314 2110 2594 2180 ὁρμῶντες
2620 2114 2752 2166 εἵσω
2782 2115 2882 2184 τῆς
2911 2115 3142 2182 πόλεως,
3180 2119 3384 2191 λῃστὰς
3415 2121 3744 2177 ἐπιδιώκον-

2148 2215 2245 2263 τας
2280 2202 2478 2264 αὐτοὺς
2505 2204 3015 2276 ἀποδιδράσκοντες.
3347 2215 3356 2220 “

2149 2335 2401 2392 ΚΕΦΑΛ.
2445 2337 2570 2393 IIl".
2641 2373 2708 2382 —-
2772 2343 3132 2467 Τίὲιχὲστίν
3186 2347 3222 2401 ἂ
3275 2351 3743 2420 προεφήτευσεν

2938 2432 3054 2467 tuo.

2938 2432 3054 2482 ιας.

2222 2542 2443 2597 Βασιλεῖ
2467 2545 2561 2598 τοῦ
2604 2545 2817 2620 Ἰσραὴλ
2873 2551 2950 2621 τῷ
2985 2553 3192 2623 Ἀχαὰὸ
3235 2550 3409 2622 εἶπεν,
3445 2558 3520 2622 ὡς
3549 2560 3612 2613 οὐ
3654 2559 3738 2631 μὴ

2150 2632 2330 2702 βρέξει
2357 2635 2459 2698 ἕως
2481 2632 2654 2711 οὗπερ
2678 2641 2840 2704 αὐτὸς
2869 2644 2961 2696 τὸν
2988 2643 3194 2716 ὄμϐρον
3216 2648 3618 2712 ἐπικαλέσοιτο,
3637 2654 3740 2706 καὶ

2147 2724 2318 2789 οὕτως
2387 2729 2618 2796 ἐγίνετο.
2686 2731 2906 2804 Ὀχοζίᾳ
2974 2733 3054 2805 τῷ
3123 2736 3217 2790 τοῦ
3285 2739 3490 2808 Ἀχαὰὸ
3523 2741 3741 2812 υίῷνο-

2150 2817 2353 2884 σοῦντι,
2388 2822 2481 2872 καὶ
2509 2822 2896 2878 ἀποστείλαντι
2925 2827 3078 2896 παρὰ
3126 2828 3204 2898 τῷ
3235 2831 3291 2882 ὲν
3326 2834 3391 2901 τῇ
3442 2831 3738 2904 Ἀκκαρῶν

2147 2907 2254 2977 θεῷ
2288 2910 2572 2982 ἐπερωτᾷν
2618 2915 2665 2965 εἰ
2695 2913 2939 2984 ζήσεται,
2992 2919 3104 2980 τοῖς
3135 2921 3386 2987 ἀγγέλοις
3435 2922 3601 2976 αὑτοῦ
3635 2941 3740 2978 πε-

2149 3003 2402 3074 ριτυχὼν,
2423 3010 2653 3077 προεῖπε
2676 3008 2858 3076 λέγειν
2873 3011 3023 3082 αὐτῷ
3048 3013 3130 3066 ὅτι
3162 3016 3255 3067 καὶ
3271 3016 3549 3071 δυσσεϐῶν
3581 3020 3739 3089 παρὰ

2144 3094 2420 3163 δαιμόνων
2451 3101 2578 3170 περὶ
2608 3100 2701 3153 τοῦ
2723 3101 2988 3172 ζήσεσθαι
3024 3105 3123 3170 τὰς
3158 3109 3419 3178 μαντείας
3451 3113 3614 3176 αἰτεῖ,
3636 3113 3741 3166 καὶ

2067 3185 2113 3246 C
2143 3186 2230 3240 διὰ
2256 3188 2412 3242 τοῦτο
2446 3192 2506 3243 οὐ
2539 3189 2782 3264 ζήσεται.

2149 3325 2400 3380 ΚΕΦΑΛ.
2444 3327 2564 3384 ΠΔἏ
2604 3359 2674 3370 --
2711 3333 2854 3386 Τίνα
2885 3333 3082 3418 ’ἐστὶν
3124 3339 3163 3392 ἂ
3199 3339 3548 3413 Ἐλισσαῖος
3585 3364 3740 3418 προ-

2787 3404 3146 3472 εφήτευσεν.

2231 3528 2431 3583 Ἐλθὼν
2452 3533 2528 3594 εἰς
2551 3533 2652 3603 τὴν
2683 3536 2978 3606 Δαμασκὸν
3020 3541 3265 3614 Ἀζαήλω
3318 3550 3602 3616 προεῖπεν,
3655 3551 3740 3618 ὡς

2147 3618 2174 3670 ὁ
2209 3619 2308 3688 μὲν
2331 3623 2428 3690 τῆς
2467 3624 2762 3692 Δαμασκοῦ
2809 3625 3062 3695 βασιλεὺς
3119 3635 3146 3686 ὁ
3200 3635 3364 3707 Ἄδερ
3386 3638 3739 3708 τεθνήξεται.

2160 3709 2453 3780 Ἐτύγχανε
2486 3713 2529 3764 δ’
2567 3715 2982 3787 ἀπεσταλμένος
3027 3721 3118 3774 ὑπ’
3159 3724 3327 3777 αὑτοῦ
3363 3731 3738 3797 κακουμένου,

2147 3801 2482 3870 πευσόμενος
2511 3804 2673 3858 αὐτὸν
2689 3807 2738 3858 εί
2760 3807 3006 3876 ζήσεται.
3029 3813 3197 3876 Αὐτὸς
3221 3814 3276 3868 δὲ
3307 3817 3547 3888 διάδοχος
3566 3821 3738 3874 αὐτοῦ

2145 3891 2246 3959 τῆς
2280 3891 2560 3960 βασιλείας
2595 3896 2770 3962 ἔσται,
2802 3899 2894 3952 καὶ
2918 3901 3216 3970 πάμπολλα
3242 3907 3334 3959 τοῦ
3359 3910 3468 3977 (99)
3514 3911 3741 3985 Ἰσραὴλ

2145 3975 2438 4050 ἐνδείξεται
2469 3987 2639 4042 δεινά.
2666 3991 2774 4042 Καὶ
2801 3992 2892 4045 τὸν
2939 3994 3079 4062 Ἰηοῦ
3112 4001 3339 4065 προεῖπε
3369 3975 3469 4054 τού
3513 3975 3744 4077 Ἰσραήλ

2146 4077 2239 4128 ἐπὶ
2264 4079 2533 4150 τετάρτην
2572 4082 2738 4136 αὐτοῦ
2783 4086 2978 4152 γενεὰν
3009 4087 3372 4157 βασιλεύσειν,
3407 4094 3501 4148 ἐπὶ
3538 4098 3746 4152 καθαι-

2146 4169 2298 4238 ρέσει
2320 4170 2413 4224 τοῦ
2443 4167 2595 4226 οἴκου
2643 4177 2741 4246 τῆς
2765 4178 2861 4231 τοῦ
2927 4179 3133 4249 Ἀχαὰϐ
3187 4183 3486 4252 βασιλείας,
3534 4190 3749 4260 προϐε-

2143 4261 2414 4333 ϐλημένον
2454 4267 2535 4328 είς
2594 4266 2693 4338 τήν
2748 4267 3062 4338 βασιλείανο
3115 4278 3550 4349 παραγενομένῳ
3597 4284 3744 4352 πρὸς

2144 4353 2307 4407 αὐτὸν
2334 4355 2412 4426 τῷ
2456 4357 2595 4427 Ἰηοῦ
2646 4364 2929 4429 προεῖπεν,
2989 4364 3065 4428 ὡς
3121 4365 3302 4431 τρίτον
3336 4370 3633 4437 προσϐαλεῖ
3666 4378 3744 4446 τῇ

2145 4443 2392 4517 βασιλείᾳ
2445 4451 2760 4518 Δαμασκοῦ,
2795 4455 2891 4506 καὶ
2925 4456 3141 4526 νικήσει
3168 4458 3257 4511 τὸν
3286 4460 3407 4512 κατ’
3428 4463 3599 4534 αὐτῆς
3630 4467 3744 4518 πό-

448 4517 666 4572 sissime
690 4522 918 4589 sagittas
939 4525 1231 4590 emitteret,
1259 4537 1340 4582 ter
1363 4530 1582 4587 emissis
1615 4532 1848 4602 sagittis,
1871 4533 2041 4588 absti—

2156 4535 2334 4604 λεμον.
2385 4539 2491 4592 Καὶ
2521 4541 2708 4613 ἐπειδὴ
2755 4545 3007 4599 ἐκέλευσε
3046 4547 3290 4613 τοξεύειν
3327 4553 3741 4616 συντονώτατα,

448 4612 569 4664 nuit
602 4627 632 4665 a
665 4612 841 4680 jactu,
880 4614 1080 4671 ideirco
1117 4633 1258 4688 aegre
1307 4621 1362 4675 id
1416 4620 1600 4678 ferens
1629 4624 1922 4693 propheta,
1959 4626 2035 4680 ait

450 4713 531 4756 ter
554 4705 813 4761 victorem
840 4707 1113 4764 luturum.
1149 4713 1205 4766 Si
1234 4714 1379 4767 enim
1415 4717 1712 4787 quinquies
1739 4718 2042 4785 ejaculutus

450 4795 682 4863 luisset,
751 4799 1024 4870 integrum
1100 4801 1568 4862 Damascenorum
1627 4825 1854 4878 regnum
1926 4822 2045 4867 erat

448 4904 764 4946 CVCI‘SIII'US.

506 5001 658 5058 CAP.
694 5002 962 5062 LXXXV.
992 5039 1062 5050 —
1092 5009 1350 5076 Quaenam
1379 5015 1712 5083 propltetavit
1740 5017 1858 5072 Gad
1895 5021 1964 5073 ”'.

523 5179 660 5235 Cum
697 5195 1082 5242 enumerasset
1119 5186 1308 5254 David,
1369 5203 1558 5246 contra
1595 5203 1759 5263 atque
1790 5195 1901 5252 Deo
1956 5197 2039 5252 vi-

446 5271 699 5338 debatur,
728 5281 989 5345 populum
1020 5318 1038 5345 ,
1091 5279 1142 5333 id
1189 5280 1374 5350 inique
1412 5283 1552 5338 ferre
1592 5288 1669 5340 ait
1720 5286 1889 5344 Deum
1947 5293 2044 5346 ad-

447 5378 639 5421 versus
693 5368 869 5436 illum,
907 5381 1072 5438 atque
1105 5387 1173 5426 ex
1223 5373 1395 5430 tribus
1454 5377 1867 5437 imminentibus
1921 5385 2043 5438 ani-

2147 4628 2331 4699 τρίτον
2363 4631 2657 4695 ἀκοντίσας
2685 4634 2746 4687 τὸ
2776 4635 2929 4705 βέλος
2951 4679 2965 4703 ,
3003 4641 3207 4710 ἐπέσχε
3236 4643 3336 4712 τὴν
3377 4644 3540 4715 βολήν
3576 4661 3589 4674 ⁶
3647 4647 3747 4700 λυ·

2146 4720 2343 4790 πηθεὶς
2396 4723 2454 4775 δὲ
2511 4725 2538 4778 ὁ
2573 4729 2863 4799 προφήτης
2910 4731 3015 4801 ἔφη
3054 4733 3115 4784 τὸ
3152 4735 3338 4803 τρίτον
3379 4738 3625 4809 ὲκνικᾷν.
3672 4740 3745 4794 Et

2144 4813 2254 4881 γὰρ
2287 4813 2541 4884 πέμπτον
2577 4818 2865 4886 ήκόντισεν
2904 4822 2991 4884 ἂν,
3043 4823 3259 4895 πλήρης
3286 4826 3363 4898 (1)
3409 4828 3510 4897 τὴν
3553 4833 3745 4899 Δαμα-

2147 4903 2363 4972 σκηνῶν
2397 4906 2599 4974 ήμελλε
2633 4909 2915 4982 καθαίρειν
2945 4913 3247 4982 βασιλείαν.

2143 5019 2394 5074 ΚΕΦΑΛ.
2428 5017 2550 5073 ΠΕ’.
2585 5053 2654 5062 -
2702 5026 2842 5080 Τίνα
2888 5028 3064 5082 ἐστὶν
3103 5029 3141 5083 ἂ
3182 5031 3310 5086 Γὰδ
3363 5033 3746 5103 προεφήτευ-

2870 5114 3004 5153 σεν.

2229 5203 2712 5278 Ἀπαριθμήσαντι
2761 5211 2838 5281 τῷ
2897 5213 3066 5267 Δαϐὶδ
3124 5215 3279 5288 παρὰ
3317 5215 3378 5270 τὸ
3415 5218 3609 5273 δοκοῦν
3657 5222 3744 5293 τῷ

2146 5295 2266 5366 Θεῷ
2305 5298 2394 5350 τὸν
2411 5300 2560 5365 λαὸν,
2594 5303 2928 5370 ἀγανακτεῖν
2959 5306 3064 5376 ἔφη
3099 5307 3190 5361 τὸν
3218 5308 3351 5361 Θεὸν
3382 5311 3503 5363 κατ’
3540 5311 3739 5379 αὑτοῦ,

2147 5387 2241 5439 καὶ
2269 5387 2335 5440 ὲκ
2357 5389 2528 5458 τριῶν
2559 5392 2927 5464 ἐπικειμένων
2953 5398 3256 5468 τιμωριῶν,
3289 5399 3492 5472 δηλαδὴ
3534 5400 3611 5474 (“2)
3638 5405 3741 5459 τοῦ

518 5521 811 5595 “lll_Reg.
862 5544 997 5594 xvn,
1029 5546 1180 5585 xvnt.
1259 5531 1396 5588 "IV
1419 5533 1695 5604 Reguli,
1725 5553 1777 5603 κ,
1821 5556 1938 5594 xm.
2017 5543 2045 5572 ’λ

2156 5542 2288 5614 Reg.
2325 5561 2475 5611 xxw,
2506 5547 2591 5601 II.

518 5680 626 5752 (5)9)
640 5680 817 5752 forte
848 5686 945 5752 τῷ.

520 5751 596 5818 (l)
639 5748 802 5805 Forte
836 5748 940 5825 πὶξή
951 5774 1040 5825 ρη.

2217 5704 2293 5776 (2)
2329 5706 2410 5759 Al.
2442 5707 2531 5760 διὰ
2558 5706 2644 5777 δή.
