4044 6414
289 383 373 444 Itll
1437 387 1815 451 LIBELLUS
1851 393 2355 456 MEMORIALIS.

281 497 516 570 τριετοῦς
555 497 744 569 λιμοῦ,
785 499 1026 571 πολέμου
1087 503 1472 574 τριμηνιαὲου,
1536 507 1630 561 καὶ
1665 507 1855 578 λοιμοῦ
1887 519 1928 573 Α
1963 513 2440 570 ηιαίιινοτεῑοηῑὺιιε
2471 555 2486 576 ,

277 590 584 662 τριημέρου,
617 590 838 645 ἑλέσθαι
875 592 943 664 ἣν
969 591 1036 647 ἂν
1065 591 1333 665 βούλοιτο.

277 813 516 868 ΚΕΦΑΛ.
558 815 706 882 [ις’.
768 845 842 859 -
897 817 1071 892 πεα-
1098 817 1275 872 ἐστῑν
1321 820 1362 874 d
1428 821 1848 892 προεφήτευσε

948 887 1173 942 Νάθαν.

344 1020 668 1090 Βουληθέντι
701 1021 782 1092 τῷ
828 1022 994 1075 Δαϐὶδ
1045 1025 1138 1078 τὸν
1202 1024 1332 1080 ναὸν
1381 1027 1708 1098 οἰκοδομεῖν,
1771 1029 1845 1100 μὴ

275 1113 552 1186 βούλεσθαι
585 1113 677 1166 τὸν
729 1113 864 1168 Θεὸν
904 1115 972 1168 δι’
997 1114 1165 1169 αὐτοῦ
1205 1118 1304 1190 τὴν
1330 1119 1622 1190 οἰκοδομὴν
1662 1123 1848 1190 ἀπήγ-

273 1208 406 1276 γειλε
433 1205 702 1274 γίνεσθαι.
749 1205 854 1259 Τὸν
883 1207 940 1260 δὲ
993 1207 1050 1274 ἐξ
1086 1210 1253 1262 αὐτοῦ
1305 1213 1670 1282 γενησόμενον
1706 1215 1841 1282 υἱὸν,

271 1302 354 1354 τον
399 1300 680 1369 Σαλομῶν,
742 1300 958 1354 οὐδέπω
1009 1302 1302 1370 τεχθέντα,
1371 1303 1559 1357 τοῦτον
1617 1309 1845 1376 προεῖπε

274 1393 478 1464 μέλλειν
501 1393 669 1446 αὐτὸν
704 1392 1074 1462 προϐαλέσθαι
1123 1395 1215 1446 καὶ
1249 1397 1624 1466 συμπληροῦν.
1663 1399 1735 1450 Τὸ
1766 1397 1840 1470 (5)

271 1489 342 1548 εἰς
389 1483 488 1554 τὴν
544 1484 859 1554 Βηρσαὸεὲ,
909 1485 1000 1537 καὶ
1039 1485 1131 1538 τὸν
1165 1487 1372 1556 Οὐρίαν
1427 1489 1841 1559 πλημμελῆσαι,

269 1577 452 1646 ἧλεγξε
480 1577 578 1630 τὸν
601 1579 787 1641 Δασὶδ,
840 1579 936 1630 καὶ⁵
959 1579 1058 1648 τὴν
1095 1581 1189 1632 ἐπὶ
1217 1583 1284 1648 τῇ
1331 1581 1683 1654 πλημμελείᾳ
1716 1583 1844 1636 παῖ-

268 1667 435 1718 δευσιν
459 1667 730 1720 ἐπιοῦσαν
753 1667 900 1737 αὐτῷ
929 1671 1160 1738 προεῖπε
1185 1709 1200 1733 ,
1235 1671 1330 1724 καὶ
1358 1673 1457 1742 τὴν
1509 1673 1604 1725 ἐπὶ
1645 1677 1710 1745 τῇ
1751 1692 1845 1728 τα-

269 1758 658 1829 πεινοφροσύνῃ
715 1759 882 1812 αὐτοῦ
931 1760 1028 1814 τοῦ
1074 1762 1478 1834 ἁμαρτήματος
1519 1763 1693 1818 λύσιν.
1737 1765 1844 1818 Τὸν

3444 401 3546 468 102

2577 529 2773 585 nempe
2859 517 3141 575 tricunalis
3204 519 3387 588 famis,
3444 525 3544 579 tri-

1956 605 2179 661 mestris
2205 605 2354 672 belli,
2397 613 2452 664 et
2481 607 2751 664 triduana:
2791 610 2961 681 pestis
2988 650 3003 676 ,
3029 627 3194 682 quam
3251 613 3414 670 vellet
3444 617 3544 671 eli-

1955 707 2124 768 geret.

1953 831 2107 889 CAP.
2157 831 2446 889 LXXXVI.
2477 843 2548 878 -'—
2580 834 2712 900 Qua
2755 847 2878 890 sunt
2919 837 3186 895 Nat/mnis
3233 843 3540 913 prophetae.

2023 1027 2158 1082 Cum
2183 1028 2342 1082 vellet
2383 1028 2553 1084 David
2583 1031 2856 1085 mdiﬁcare
2882 1035 3168 1104 templum,
3197 1041 3545 1096 annuntiavit

1951 1118 2094 1172 haud
2131 1130 2344 1189 gratum
2374 1137 2496 1175 esse
2553 1121 2686 1184 Deo,
2761 1133 2820 1177 ut
2879 1141 2975 1194 per
3025 1127 3204 1196 ipsum
3251 1131 3543 1188 mdiﬁcatio

1953 1213 2128 1265 lierel.
2156 1211 2294 1265 Eum
2329 1227 2514 1282 porro,
2547 1215 2639 1282 qui
2668 1217 2734 1267 ab
2760 1215 2876 1284 ipso
2901 1219 3216 1274 nasciturus
3238 1234 3356 1276 erat
3377 1225 3538 1292 lilius,

1951 1302 2301 1358 Salomoncm
2362 1305 2588 1374 inquam
2615 1345 2630 1370 ,
2681 1308 2914 1360 necdum
2954 1318 3159 1375 ortum,
3227 1312 3370 1367 hunc
3402 1331 3543 1383 βιαι-

1948 1393 2088 1449 dixit
2137 1396 2400 1464 templum
2451 1396 2840 1451 inchoaturum
2896 1407 2948 1452 et
3007 1400 3408 1458 absolutnrnm.
3459 1407 3541 1460 Ob

1947 1487 2154 1541 crimen
2185 1485 2452 1542 Bersabee
2471 1496 2527 1542 et
2565 1486 2728 1552 Urim,
2783 1491 3032 1560 coarguit
3083 1490 3364 1560 Davidem,
3402 1511 3540 1564 prm-

1948 1579 2194 1648 dixitque
2227 1590 2677 1650 superventuram
2727 1585 2778 1635 in
2823 1598 2950 1636 eum
3008 1586 3538 1644 animadversionem

1949 1682 2175 1739 propter
2235 1670 2628 1725 inconcinnum
2692 1673 2824 1726 illud
2877 1673 3112 1739 facinus,
3163 1684 3215 1728 et
3279 1676 3540 1734 facinoris

1949 1765 2163 1815 veniam
2205 1775 2426 1831 propter
2482 1763 2920 1817 liumiliationem
2978 1766 3149 1821 illius.
3189 1767 3322 1821 Eum
3361 1769 3537 1836 ipsum

267 1850 388 1918 παρ’
419 1850 588 1902 αὐτοῦ
617 1852 1066 1922 προφητευθὲντα
1095 1855 1196 1925 τὴν
1239 1856 1599 1927 Ἰερουσαλὴμ
1631 1858 1834 1911 οἰκοδο-

1950 1855 2036 1922 qui
2063 1853 2134 1908 ab
2162 1854 2256 1908 illo
2279 1855 2640 1924 prophetatus
2663 1855 2840 1910 fuerat
2894 1858 3264 1913 aedificaturus
3309 1859 3538 1916 Jerusa-

266 1943 396 2010 μεῖν,
425 1940 520 1992 τὸν
554 1942 672 1994 υἱὸν
701 1942 872 1996 αὐτοῦ
902 1944 994 1997 τὸν
1021 1945 1376 2016 Σαλομῶντα,
1409 1949 1574 2012 αὐτὸς
1617 1952 1697 2013 εἰς
1741 1949 1840 2021 τὴν

265 2033 539 2102 βασιλείαν
585 2037 976 2106 προηγάγετο,
1021 2039 1346 2111 ὑπομνήσας
1387 2041 1478 2094 τὸν
1533 2041 1698 2094 Δαϐὶδ
1747 2045 1843 2112 τῆς

261 2124 621 2195 ὑποσχέσεως,
655 2128 750 2179 καὶ
775 2127 869 2180 τὸν
903 2129 1278 2200 ὲπαναστῆναι
1309 2133 1374 2200 τῇ
1424 2131 1673 2204 βασιλείᾳ
1718 2151 1842 2186 πει-

263 2215 484 2284 ραθέντα
529 2219 628 2271 τὸν
671 2218 952 2286 ’Δδωνίαν,
1007 2221 1186 2290 σοφῶς
1219 2221 1618 2295 καθαιρεθῆναι
1671 2241 1844 2296 παρα-

262 2309 688 2377 σκευασάμενος.

261 2444 502 2498 ΚΕΦΑΔ.
548 2445 676 2499 IIZ'.
732 2477 804 2487 -—
859 2447 901 2502 Τ
904 2449 1004 2527 t_ra_
1056 2453 1517 2527 προεφήτευσεν
1563 2455 1768 2527 Ἀχίας
1810 2461 1844 2512 ὁ

899 2523 945 2572 Σ
949 2524 1250 2590 ιλωνίτης.

319 2651 406 2722 Τῷ
453 2651 747 2724 Ἱεροόοὰμ
782 2656 1066 2724 προεῖπεν,
1094 2655 1168 2720 ὡς
1196 2657 1304 2711 τῶν
1325 2659 1460 2714 δέκα
1489 2660 1586 2714 τοῦ
1620 2663 1842 2733 Ἰσραὴλ

255 2745 428 2812 φυλῶν
463 2744 807 2814 βασιλεύσει.
849 2747 1163 2818 Διαρῤήσας
1193 2748 1302 2820 γὰρ
1330 2749 1392 2801 τὸ
1429 2751 1646 2820 ἱμάτιον
1672 2753 1840 2807 αὐτοῦ

255 2839 326 2898 εἰς
355 2836 572 2889 δώδεκα
597 2837 740 2906 μέρη
774 2837 1064 2908 πεποίηκε,
1093 2841 1188 2892 καὶ
1213 2841 1504 2896 ἐκέλευσεν
1529 2844 1678 2916 αὐτῷ
1707 2846 1842 2902 δέκα

256 2931 384 2999 μέρη
417 2929 726 2999 λαμϐάνειν
747 2932 811 2982 ἐκ
851 2931 1077 2996 τούτων,
1101 2939 1383 3004 προειπὼν
1410 2937 1580 3008 αὐτῷ,
1612 2938 1686 3002 ὡς
1709 2939 1842 2992 δέκα

255 3021 427 3090 φυλῶν
465 3022 572 3075 τοῦ
620 3022 840 3093 Ἰσραὴλ
871 3022 1200 3092 βασιλεύσει.
1242 3027 1487 3100 Ἀνονίτῃ
1520 3030 1596 3098 (4)
1629 3034 1695 3101 τῇ
1735 3032 1837 3084 ποῦ

263 3113 544 3184 Ἱεροϐοὲμ
591 3115 815 3182 γυναικὶ
874 3116 1012 3186 πρὸς
1070 3119 1235 3170 αὑτὸν
1306 3120 1425 3190 μετ’
1486 3122 1840 3192 ἐπικρύψεως
1867 3159 1910 3213 C

251 3207 475 3276 ἡκούσῃ,
537 3209 676 3275 περὶ
705 3207 898 3270 παιδὸς
944 3207 1020 3279 (5)
1076 3209 1493 3280 ἀρῤωστοῦντος
1552 3215 1839 3284 ἐπερωτή-

255 3315 414 3351 causa
447 3301 496 3351 εὶ
536 3297 811 3369 ζήσεται·
838 3299 1042 3368 ταύτην
1071 3301 1172 3371 μὲν
1209 3302 1269 3367 ἐξ
1302 3305 1571 3374 ὀνόματος
1622 3307 1835 3371 ἐκάλει,

255 3387 324 3458 μὴ
349 3389 685 3458 σημάνασαν
716 3391 937 3462 ἑαυτὴν,
969 3393 1174 3464 καίπερ
1207 3395 1409 3464 τυφλὸς
1441 3397 1531 3450 διὰ
1559 3397 1622 3450 τδ
1661 3400 1839 3470 γῆρας

253 3485 536 3551 τυγχάνων
574 3499 587 3512 ·
623 3485 887 3547 προεῖπεν
913 3485 970 3537 δὲ
1019 3487 1153 3558 αὐτῇ
1178 3527 1193 3553 ,
1255 3488 1331 3553 ὡς
1380 3491 1474 3543 καὶ
1505 3491 1594 3544 τὸν
1630 3491 1744 3544 υἱὸν
1777 3494 1837 3545 οὐ

251 3575 626 3644 καταλήψεται
671 3577 888 3642 ζῶντα,
934 3579 960 3631 ὁ
1001 3579 1055 3634 δὲ
1107 3581 1388 3654 Ίεροὸοὰμ
1413 3583 1522 3637 ἀπὸ
1561 3586 1658 3656 τῆς
1686 3585 1841 3655 βασι-

251 3664 390 3730 λείας
415 3668 662 3736 οἰκτρῶς
687 3672 1226 3742 καταστραφήσεται.

251 3803 496 3857 ΚΕΦΑΛ.
559 3804 696 3860 IIII'.
745 3833 816 3845 —-
877 3809 1013 3860 Τίνα
1070 3810 1339 3879 Σαμαίας
1395 3813 1838 3882 προεφήτευσε.

325 4003 576 4076 Ῥοὸοὶίμ
605 4005 684 4075 τῷ
714 4007 814 4075 τῆς
855 4008 1216 4080 Ἰερουσαλὴμ
1269 4009 1484 4080 βασιλεί
1513 4013 1571 4064 ὲν
1607 4013 1838 4067 δεκαδύο

249 4101 472 4169 μυριάσι
503 4099 861 4170 στρατιωτῶν
889 4100 1098 4154 ἐπιόντι
1127 4102 1383 4172 πολεμεῖν
1415 4104 1557 4157 κατὰ
1577 4105 1685 4158 τῶν
1705 4105 1836 4159 δέκα

247 4191 334 4244 τοῦ
377 4193 603 4263 Ἰσραὴλ
630 4193 742 4244 τῶν
761 4194 1088 4246 ἀποστασῶν
1128 4194 1294 4247 αὑτοῦ
1327 4195 1530 4265 φυλῶν,
1564 4197 1708 4252 κατὰ
1737 4199 1836 4270 τὴν

247 4287 468 4354 πορείαν
507 4283 848 4355 περιτυχὼν,
891 4287 1260 4357 ἀναστρέφειν
1289 4290 1382 4340 ἐπὶ
1409 4289 1474 4342 τὰ
1494 4291 1694 4356 οἰκεῖα,
1741 4290 1837 4342 καὶ

249 4375 318 4443 μὴ
353 4374 663 4444 συμφύλων
713 4374 950 4444 πόλεμον
993 4377 1364 4444 παρατάττειν
1411 4378 1568 4448 ἔλεγε
1592 4421 1605 4442 ,
1643 4380 1837 4434 καθαί-

1948 1947 2076 2008 lem,
2113 1947 2283 2000 [ilium
2341 1947 2460 2016 ejus
2509 1963 2706 2018 nempe
2755 1949 3134 2016 Salomonem,
3181 1953 3412 2021 ipsemet
3470 1955 3538 2008 ad

1945 2057 2178 2111 regnum
2215 2044 2483 2110 provexit,
2533 2053 2790 2098 revocata
2851 2045 2904 2098 in
2963 2049 3285 2100 memoriam
3349 2045 3538 2100 Davidi

1947 2135 2318 2203 promissione
2348 2154 2358 2188 :
2386 2151 2510 2190 cum
2545 2151 2677 2190 vero
2711 2138 2804 2206 qui
2835 2145 3142 2192 tenuaverat
3209 2153 3438 2208 regnum
3469 2139 3540 2194 ad

1947 2242 2006 2282 se
2031 2228 2325 2292 attrahere,
2360 2228 2632 2296 Arioniam
2664 2243 2881 2298 nempe,
2925 2230 3206 2300 sapienter
3243 2231 3536 2286 deturbari

1946 2317 2094 2373 fecit.

1944 2453 2096 2509 CAP.
2132 2453 2446 2509 LXXXVII.
2481 2455 2842 2581 —gtlla:uam
2866 2458 3193 2558 :Laticinatus
3225 2470 3301 2512 est
3339 2459 3538 2516 Aonias

2615 2545 2629 2580 ι
2657 2537 2822 2581 omtes
2917 2563 2935 2581 .

2615 2537 2822 2581 tlomtes
2866 2537 2935 2582 "’.

2017 2655 2277 2714 Praedixit
2322 2657 2674 2724 Jeroboamo,
2721 2662 2868 2732 quod
2919 2670 3172 2732 regnaret
3218 2662 3404 2718 decem
3445 2663 3540 2719 tri-

1946 2749 2127 2805 bubus
2157 2750 2346 2807 lsrael.
2393 2751 2724 2822 Dirumpens
2776 2753 2923 2808 enim
2985 2754 3212 2823 pallium
3267 2769 3449 2820 suum,
3481 2757 3534 2810 in

1944 2841 2230 2898 duodecim
2277 2853 2460 2914 partes
2514 2845 2744 2916 redegit,
2785 2847 3094 2916 jussitqne,
3133 2855 3194 2900 ut
3223 2847 3312 2900 ille
3341 2847 3529 2902 decent

1944 2949 2006 2988 ex
2037 2935 2145 2990 illis
2197 2937 2446 3004 partibus
2483 2937 2588 2992 sibi
2619 2950 2882 3007 sumeret,
2933 2942 3236 3010 praedicens
3265 2943 3314 2997 ei
3341 2986 3356 3010 ,
3382 2942 3532 3014 quod

1943 3025 2130 3080 decem
2169 3027 2414 3081 tribuum
2448 3025 2616 3083 Israel
2639 3027 2860 3085 futurus
2888 3041 3035 3086 esset
3068 3049 3184 3086 rex.
3209 3034 3331 3087 Ano
3364 3048 3536 3087 uxore

1947 3117 2240 3174 Jeroboam
2265 3121 2330 3174 ad
2361 3135 2422 3175 se
2455 3124 2671 3177 occulte
2695 3124 2967 3188 veniente,
2997 3141 3108 3194 quo
3163 3125 3538 3180 sciscitaretur

1939 3212 2012 3278 Ide
2033 3211 2144 3264 lilio
2174 3221 2496 3282 aegrotante,
2522 3229 2665 3268 anne
2690 3215 3132 3281 convalesceret,
3169 3232 3288 3271 cam
3313 3217 3534 3285 quidem

1942 3304 2009 3358 de
2041 3305 2264 3358 nomine
2317 3306 2554 3372 vocavit,
2611 3308 2831 3362 tametsi
2877 3323 2997 3362 sese
3045 3325 3156 3362 non
3213 3309 3533 3376 indicasset,

1943 3396 2194 3464 quamvis
2225 3411 2406 3451 caecus
2449 3407 2597 3451 esset
2633 3410 2855 3466 propter
2903 3409 3181 3454 senectam
3220 3418 3233 3454 :
3285 3402 3536 3471 praedixit

1942 3501 2072 3541 vero
2095 3487 2166 3552 ei,
2200 3487 2346 3556 quod
2377 3503 2476 3541 nec
2505 3487 2673 3541 lilium
2701 3499 3048 3558 recuperaret
3070 3501 3360 3558 sanum,et
3385 3495 3530 3563 quod

1941 3577 2230 3632 Jeroboam
2313 3581 2698 3636 miserabiliter
2787 3583 3194 3640 cxscindeudus
3283 3597 3430 3642 esset
3499 3605 3533 3642 α

1943 3686 2130 3742 l‘t‘gtIO.

1941 3804 2094 3860 CAP.
2179 3804 2514 3863 LXXXVIII.
2585 3838 2657 3848 -—
2712 3809 2845 3874 Qute
2899 3819 3026 3866 sunt
3104 3813 3360 3868 vaticinia
3430 3813 3534 3870 Sa-

2614 3897 2762 3934 mam:
2793 3881 2857 3934 ³⁰.

2013 4009 2298 4066 Roboamo
2333 4013 2444 4084 regi
2496 4012 2827 4080 Jerusalem,
2865 4013 2958 4087 qtii
3005 4035 3130 4074 cum
3179 4028 3404 4076 centum
3451 4022 3532 4075 vi-

1939 4103 2072 4174 ginti
2132 4105 2377 4160 miliibus
2436 4107 2672 4162 militum
2734 4111 2985 4166 veniebat
3059 4111 3264 4170 inferre
3327 4115 3528 4170 bellum

1939 4197 2130 4250 decem
2186 4199 2440 4254 tribubus
2473 4199 2661 4264 Israel,
2707 4219 2830 4270 qua:
2877 4220 2905 4256 a
2963 4219 3024 4259 se
3069 4205 3434 4274 desciverant,
3466 4225 3530 4263 ex

1940 4290 2134 4344 itinere
2183 4292 2378 4347 obvius
2433 4293 2632 4359 factus,
2685 4296 2958 4350 convertit
2999 4297 3154 4352 illum
3187 4301 3252 4353 ad
3286 4301 3534 4370 prepria,

1939 4381 2216 4450 edicitque
2271 4397 2338 4437 ne
2377 4383 2646 4440 adversus
2695 4388 3039 4444 contribules
3084 4390 3286 4446 bellum
3339 4394 3534 4454 cieret.

247 4485 384 4538 ρεσιν
417 4465 592 4521 αὐτοῦ
619 4467 882 4538 παντελῆ,
919 4471 1010 4522 καὶ
1038 4469 1134 4522 τοῦ
1156 4471 1392 4541 στρατοῦ
1421 4467 1591 4546 ἧτταν
1619 4491 1836 4544 προφη-

1950 4469 2145 4526 εεεᾶθιη
2176 4475 2546 4530 omnimodam
2575 4477 2718 4548 ejus,
2753 4487 3037 4548 totumque
3069 4485 3372 4538 exercitum
3406 4501 3535 4555 pro-

248 4561 444 4624 τεύων,
511 4563 564 4614 εἰ
606 4561 1000 4632 πολεμήσουσι.
1035 4563 1275 4632 Προεῖπε
1327 4567 1422 4618 καὶ
1472 4567 1549 4636 τῷ
1595 4565 1835 4634 Ῥοϐοᾶμ

249 4655 334 4706 καὶ
367 4655 446 4724 τῷ
505 4653 649 4724 λαῷ,
678 4655 752 4718 ὼς
798 4655 1276 4725 ἐγκαταλείψαντα
1329 4659 1406 4728 (6)
1461 4659 1552 4712 τὸν
1581 4659 1789 4730 Κύριον
1815 4700 1831 4726 ,

247 4745 845 4816 ἔτκαταλειφθήσονται
891 4747 983 4798 ὑπ’
1012 4749 1202 4802 αὐτοῦ.
1267 4749 1378 4802 Καὶ
1421 4749 1500 4820 τῷ
1545 4749 1834 4822 Ἰεροὸοὰμ

245 4837 296 4889 δὲ
317 4841 614 4906 προεῖπεν,
681 4837 757 4900 ὡς
799 4837 910 4890 τῶν
939 4837 1070 4892 δέκα
1130 4839 1226 4893 τοῦ
1273 4841 1498 4912 Ἰσραὴλ
1561 4846 1833 4915 κρατήσει

249 4929 568 4998 σκήπτρων,
597 4929 712 4990 τοῖς
753 4930 940 4992 αὐτοῖς
973 4931 1067 4982 τοῦ
1110 4931 1264 5001 ’Δχία
1294 4935 1542 5003 σημείοις
1585 4933 1695 4987 τῶν
1737 4934 1832 4988 τοῦ

245 5019 456 5088 ἱματίου
492 5023 800 5093 ῥηγμάτων
820 5023 1191 5092 χρησάμενος.

343 5155 602 5209 ΚΕΦΑΔ.
639 5155 825 5211 ΠΘ.-
876 5159 942 5212 Τί
986 5159 1444 5228 προεφήτευσεν
1497 5160 1724 5216 Ἰάδων.

307 5284 480 5352 Οὗτός
518 5295 672 5346 ἐστιν
705 5293 804 5362 (7),
834 5295 862 5346 ὁ
895 5295 974 5358 εἰς
999 5294 1097 5365 τὴν
1141 5294 1312 5366 Βεθὴλ
1345 5297 1788 5368 παραγενόμενος
1815 5343 1829 5365 ,

261 5445 272 5454 ’
310 5452 352 5482 ³³
393 5451 464 5506 Ill
501 5451 643 5523 Reg.
679 5468 752 5518 xl,
781 5453 870 5508 50.
948 5455 992 5486 ³ο
1027 5453 1250 5527 IllReg.
1282 5473 1380 5525 xu,
1410 5457 1500 5512 22.
1567 5459 1606 5490 ³⁸
1635 5457 1830 5531 IllRes

313 5611 386 5678 (ὃ)
413 5609 582 5663 Forte
601 5609 700 5677 τῷ,
745 5611 826 5664 vel
849 5611 934 5664 διὰ
961 5611 1041 5664 τό.

313 5680 386 5748 (εἰ)
413 5679 562 5753 Lege
597 5679 734 5753 ’Ayt‘o
767 5683 854 5750 τῇ,
883 5693 940 5736 ut
961 5699 1122 5751 Supra
1159 5699 1278 5753 cap.
1315 5685 1402 5739 50.

313 5753 384 5828 (fi)
423 5749 588 5804 Ilunc
641 5749 866 5822 Josepb.
897 5749 1146 5818 vnn—ll,
1197 5749 1460 5828 ’ὑδεριηῇ
1497 5755 1834 5826 Epiphanius

255 5816 482 5892 Ἀῦξμης
519 5835 734 5876 vocant.

1943 4563 2242 4635 ﬂigandum
2308 4568 2680 4637 vaticinatus,
2757 4573 2804 4627 si
2865 4574 3202 4630 bellaverint.
3276 4577 3534 4632 Praldixit

1942 4673 2163 4728 quoque
2198 4658 2484 4716 lloboamo
2524 4677 2588 4718 ac
2621 4664 2861 4734 populo,
2895 4669 3041 4738 quod
3091 4669 3138 4724 si
3189 4669 3535 4726 deseruerint

1943 4747 2140 4813 Deum,
2174 4751 2379 4821 abipso
2437 4766 2624 4809 essent
2683 4755 2999 4813 deserendi.
3057 4757 3326 4815 Praeterea
3381 4759 3536 4816 Jeru-

1935 4841 2138 4897 boamo
2177 4843 2436 4914 praefatus
2461 4855 2568 4909 est,
2603 4848 2749 4916 quod
2778 4849 2964 4904 decem
3001 4852 3255 4908 tribubus
3297 4855 3532 4924 impera-

1937 4947 2095 4994 turus
2118 4950 2284 5003 esset,
2317 4957 2448 4996 usus
2473 4943 2666 4998 iisdem
2701 4957 2866 5012 atque
2902 4946 3104 5005 Acbias
3135 4949 3306 5022 signis
3329 4990 3344 5014 ,
3381 4951 3534 5022 pallii
3588 4956 3598 4964 '

1945 5031 2194 5087 videlicet
2219 5033 2270 5086 in
2300 5035 2588 5090 duodecim
2614 5045 2796 5106 partes
2823 5041 3174 5097 laceratione.

2008 5165 2164 5221 CAP.
2194 5167 2488 5228 LXXXIX.
2518 5203 2588 5212 --
2629 5174 2768 5240 Quid
2803 5177 3135 5248 prophetavit
3167 5177 3344 5232 Jadon
3385 5176 3454 5231 ³¹.

2013 5300 2064 5358 Is
2125 5313 2210 5359 est
2261 5305 2354 5375 qui
2423 5307 2613 5364 Bctltel
2681 5310 3005 5378 adveniens,
3052 5314 3182 5368 dum
3235 5311 3528 5372 Jcrol‘oam

1837 5501 1850 5514 .
1883 5477 2002 5526 xm,
2037 5464 2086 5516 l.

2014 5619 2089 5694 (Ε)
2137 5619 2685 5694 Ίξγκαταλείψαντες.

1951 5689 2090 5776 fi?)
2154 5689 2336 5776 {adea
2379 5689 2579 5776 dicitur
2621 5695 2862 5776 Joseplio
2919 5715 3048 5776 v_ttl,
3074 5701 3166 5776 A97,
3229 5703 3534 5776 Epiphanio

1940 5758 2231 5838 ξενίζω-χω
2259 5763 2493 5838 Constit.
2531 5758 2773 5836 Apostol.
2817 5785 2898 5836 ιιι,
2932 5771 2987 5838 6,
3033 5758 3236 5829 dicitur
3267 5758 3526 5834 Matii-as;

1941 5827 2062 5882 V'id.
2097 5829 2236 5884 infra
2271 5849 2390 5904 cap.
2426 5836 2513 5890 95.
2581 5827 2595 5836 '
2886 5827 2896 5836 '
2972 5827 2986 5838 ’
3105 5827 3122 5860 ’-
