4044 6414
517 365 620 430 103

2038 356 2342 420 JOSEPPI

3687 349 3787 415 104

513 493 673 533 suum
731 477 900 532 altare
955 474 1262 535 dedicabat,
1318 470 1643 525 vaticinatus
1701 478 1786 521 est
1838 465 1953 520 fore
2001 467 2101 519 ali-

2232 465 2308 517 τοῦ
2355 461 2642 534 Ἰεροϐοὰμ
2690 462 2752 514 τὸ
2802 460 3192 532 θυσιαστήριον
3225 459 3654 526 ἐγκαινίζοντος,
3697 458 3790 515 καὶ

516 571 756 640 quando,
786 579 844 623 ut
873 566 1053 622 Josias
1089 572 1358 634 regnaret,
1406 561 1498 631 qui
1537 559 1930 614 combusturus
1984 568 2100 613 erat

516 664 889 718 sacrificantes
921 662 972 714 in
1009 675 1075 713 eo
1129 657 1308 718 altari,
1364 654 1608 709 exhibito
1661 653 1845 708 statim
1920 653 2098 721 signo,

520 757 636 824 ipsa
676 753 864 807 altaris
893 750 1220 819 diruptione,
1265 745 1412 816 quod
1465 745 1724 815 praedicta
1775 753 1960 798 essent
2009 743 2102 798 ob-

519 853 766 898 ventura.

657 952 811 1008 CAP.
841 949 953 1005 XC.
987 979 1058 988 —
1093 949 1234 1015 Quid
1278 950 1607 1018 prophetavlt
1655 946 1830 1000 Baasa
1868 947 1932 997 ³¹.

589 1067 720 1135 Regi
753 1065 941 1128 Israel,
989 1065 1167 1132 quiet
1218 1065 1330 1133 ipse
1390 1064 1563 1116 Baaza
1612 1062 1916 1123 dicebatur,
1966 1075 2104 1129 prze-

519 1157 676 1221 dixit,
727 1171 850 1210 eum
897 1156 1006 1209 cito
1053 1157 1404 1217 moriturum,
1465 1162 1684 1221 pr0pter
1735 1165 1863 1204 suas
1915 1147 2105 1217 impie—

521 1259 680 1303 tates.

579 1357 742 1427 CAP.
771 1356 910 1412 XCI.
941 1383 1008 1396 -—
1045 1356 1185 1420 Quid
1223 1355 1542 1408 vaticinatus
1571 1362 1646 1406 est
1674 1352 1923 1406 Micltazas
1949 1351 2014 1403 ⁸³.

592 1469 1090 1540 Pseudoprophetis
1112 1468 1503 1522 seduccntihus
1534 1466 1839 1528 Achabum,
1873 1465 1963 1534 qui
1991 1472 2109 1517 erat

522 1581 618 1618 rex
661 1563 846 1623 Israel.
876 1563 1019 1630 quod
1052 1561 1096 1616 si
1120 1569 1387 1629 pugnaret
1419 1575 1542 1612 cum
1586 1559 1729 1610 Ader
1758 1573 1878 1627 rege
1916 1556 2104 1626 Syriae,

525 1657 769 1710 anlcrret
826 1655 896 1708 ab
963 1654 1054 1707 illo
1115 1653 1392 1721 regiOnem
1457 1649 1879 1712 Calaaditidem,
1942 1663 2105 1716 quam

527 1749 648 1818 Syri
679 1748 789 1816 jam
820 1745 1027 1816 pridem
1064 1745 1132 1799 ab
1167 1744 1424 1799 lsraclitis
1463 1743 1802 1796 abstulerant
1835 1759 1848 1794 :
1884 1751 2108 1793 vocatus

2207 559 2487 627 προειπὼν
2539 556 2632 607 τὸν
2681 553 2892 607 Ἰωσίαν
2943 552 3307 622 βασιλεύσειν,
3360 553 3418 615 ὃς
3469 552 3790 606 κατακαίειν

2205 646 2407 717 ἧμελλε
2438 645 2567 707 τούς
2609 645 2943 712 ἱερωμένους
2999 645 3058 696 ἐν
3119 642 3196 712 τῷ
3241 642 3640 712 θυσιαστηρίῳ,
3698 661 3792 709 ση-

2209 739 2363 807 μεῖον
2387 737 2707 804 παραυτίκα
2741 735 2866 798 δοὺς
2887 733 2980 788 τοῦ
3009 734 3400 805 θυσιαστηρίου
3431 735 3530 804 τὴν
3564 734 3792 806 διάρρη-

2207 828 2312 894 ξιν,
2343 844 2439 880 του
2467 827 2529 879 τὸ
2559 825 2878 898 προρρηθὲν
2904 824 3258 894 γενήσεσθαι.

2351 941 2608 995 ΚΕΦΑΛ.
2655 944 2726 1007 ιιι.
2771 971 2841 981 -
2877 939 2937 992 Τί
2972 937 3388 1007 προεφήτευσε
3421 936 3654 992 Βαασά.

2277 1052 2370 1122 Τῷ
2405 1051 2616 1121 βασιλεῖ
2641 1049 2737 1103 τοῦ
2780 1048 3033 1120 Ἰσραὴλ,
3069 1049 3258 1101 Βαασᾶ
3299 1048 3394 1101 καὶ
3439 1047 3591 1118 αὐτῷ
3643 1047 3797 1112 λεγο-

2211 1142 2378 1211 μένῳ,
2416 1145 2703 1211 προεῖπεν,
2767 1140 2842 1203 ὡς
2883 1139 3205 1210 τεθνήξεται
3235 1139 3334 1209 την
3369 1138 3653 1208 ταχίστην,
3707 1137 3796 1192 διὰ

2207 1231 2307 1294 τὰς
2331 1231 2673 1296 δυσσεϐείας.

2319 1343 2573 1397 ΚΕΦΛΛ.
2601 1340 2718 1409 μιν.
2747 1372 2816 1382 -—
2854 1343 2915 1397 Τί
2950 1340 3367 1411 προεφήτευσε
3396 1340 3690 1409 Μιχαίας.

2282 1457 2402 1511 Τῶν
2424 1457 2890 1528 ψευδοπροφητῶν
2920 1456 3257 1510 ἁπατὼντων
3289 1455 3382 1508 τὸν
3441 1454 3682 1524 ’Δχαὰϐ,
3741 1453 3798 1517 ὃς

2209 1545 2278 1620 ἦν
2303 1549 2397 1602 τοῦ
2443 1549 2661 1618 Ἰσραὴλ
2701 1548 2980 1617 βασιλεὺς,
3011 1548 3444 1618 ὠς,πολεμήσας
3483 1547 3576 1599 τὸν
3627 1546 3800 1616 Σύρον

2215 1643 2443 1712 βασιλέα
2475 1644 2566 1696 τὸν
2629 1644 2824 1713 Ἄδερ,
2879 1639 3254 1711 ἀφαιρήσεται
3320 1638 3451 1708 παρ’
3483 1638 3652 1691 αὐτοῦ
3699 1639 3800 1708 τὴν

2217 1733 2534 1788 Γαλααδῖτιν
2568 1732 2787 1803 χώραν,
2841 1731 2908 1802 ἢν
2957 1733 3006 1784 οἱ
3044 1730 3204 1801 Σύροι
3244 1729 3413 1783 πάλαι
3471 1730 3623 1800 παρὰ
3687 1729 3803 1782 τῶν

527 1811 587 1893 rt
629 1811 744 1908 ipse
785 1811 843 1892 ut
901 1838 1127 1900 diceret,
1184 1835 1312 1906 quid
1363 1834 1670 1889 faciendum
1739 1842 1907 1895 esset,
1966 1848 2109 1886 anne

2232 1825 2576 1895 Ἰσραηλιτῶν
2606 1825 2912 1894 ἀφείλοντο,
2945 1823 3167 1894 κληθεὶς
3196 1823 3290 1875 καὶ
3320 1822 3482 1883 αὐτὸς
3513 1823 3713 1881 εἰπεῖν,
3752 1822 3805 1872 τί

527 1937 717 1981 eontra
757 1926 925 1998 Syros
972 1925 1283 1979 bellandum
1309 1963 1323 1987 ,
1361 1923 1631 1993 praedixit,
1661 1921 1804 1990 quod
1834 1916 1876 1975 isi
1916 1921 2108 1975 coeli-i-

527 2029 698 2088 geret,
769 2018 1168 2072 interimendus
1225 2025 1389 2076 esset,
1468 2015 1579 2068 Deo
1656 2013 1889 2067 dedente
1954 2013 2106 2066 illum

530 2111 720 2164 fraude
755 2110 1019 2165 damonis
1051 2118 1273 2178 propter
1294 2106 1462 2162 falsos
1487 2105 1800 2176 prophetas,
1828 2112 1888 2158 ut.
1919 2104 1988 2158 ob
2009 2105 2111 2157 im-

525 2203 756 2268 pietates
795 2202 1014 2270 periret.

529 2401 682 2458 CAP.
711 2400 866 2456 XCII.
902 2429 972 2443 -—
1018 2399 1276 2464 Quantam
1308 2396 1638 2466 prophetavit
1678 2395 1905 2448 Azarias
1965 2393 2111 2462 ﬁlius

1163 2467 1338 2522 Sadac
1386 2467 1452 2520 “.

598 2585 869 2655 Populum
899 2583 1288 2638 derelicturum
1325 2594 1445 2635 esse
1500 2581 1789 2634 Dominum
1816 2620 1830 2643 ,
1874 2579 2113 2647 itemque

530 2675 1025 2745 derelinquendttm
1079 2674 1145 2727 ad
1219 2673 1420 2727 multos
1474 2671 1591 2726 dics
1640 2687 1670 2725 a
1728 2670 1856 2724 Deo.
1917 2669 2115 2724 Multas

531 2785 661 2824 vero
681 2784 900 2840 passum
923 2765 1427 2822 animadversiones
1446 2774 1670 2834 propter
1684 2763 2112 2827 derelictionem,

534 2863 588 2915 in
636 2863 807 2916 lilium
853 2859 1069 2914 tandem
1105 2858 1497 2915 assumendum
1532 2859 1667 2921 fore,
1695 2857 2117 2927 agniturumque

531 2953 912 3020 castigatorem
937 2964 1001 3004 ac
1027 2949 1354 3003 salvatorem
1389 2963 1572 3012 suum,
1601 2955 1656 3000 et
1690 2947 2115 3016 promissionum

532 3045 966 3112 adimpletorem.

2215 1917 2324 1970 δέοι
2372 1917 2501 1988 περὶ
2558 1918 2686 1979 τοὺς
2740 1916 2876 1987 πρὸς
2931 1915 3136 1985 Σύρους
3177 1914 3448 1982 πολέμους
3501 1915 3803 1984 πράττειν,

2217 2014 2478 2080 προεῖπεν
2501 2051 2516 2076 ,
2551 2011 2628 2074 ὡς
2683 2008 2978 2080 συμϐαλὼν
3019 2007 3476 2078 ἀναιρεθήσεται,
3511 2006 3606 2060 τοῦ
3663 2007 3804 2060 Θεοῦ

2215 2105 2282 2173 τῇ
2341 2102 2590 2156 διαϐόλου
2646 2101 2832 2174 ἀπάτῃ
2885 2100 3245 2163 ἐκδεδωκότος
3317 2099 3504 2165 αὐτὸν,
3555 2099 3643 2152 διὰ
3692 2099 3807 2151 τῶν

2215 2192 2683 2264 ψευδοπροφητῶν
2705 2234 2720 2259 ,
2759 2193 2909 2256 ὅπως
2942 2191 3032 2246 διὰ
3064 2191 3163 2254 τὰς
3198 2189 3519 2252 δυσσεϐείας
3574 2189 3806 2261 ἀναιρε-

2219 2284 2468 2355 θήσεται.

2219 2401 2470 2456 ΚΕΦΑΛ.
2505 2396 2619 2466 ιιΒἈ
2644 2428 2711 2439 -
2738 2397 2880 2452 Τίνα
2901 2398 3355 2523 ἷροὲερήτευσεν
3387 2397 3652 2468 Ἀζαρίας
3675 2397 3814 2463 υίὸς

2960 2487 2996 2522 a
3036 2487 3140 2522 ωλι.

2960 2487 3140 2522 acum.

2304 2585 2392 2650 Ὠς
2426 2587 2454 2640 ὁ
2483 2585 2612 2650 λαὸς
2636 2584 3026 2654 ἐγκαταλείψει
3049 2585 3142 2637 τὸν
3177 2583 3381 2651 Κύριον
3399 2621 3414 2647 ,
3446 2583 3542 2636 καὶ
3569 2583 3816 2650 ἐγκατα-

2221 2678 2571 2749 λειφθήσεται
2632 2679 2726 2731 ἐπὶ
2786 2677 2988 2740 πολλὰς
3040 2677 3254 2747 ἡμέρας
3318 2676 3424 2728 ὐπὸ
3471 2673 3645 2728 Θεοῦ·
3715 2672 3818 2726 καὶ

2224 2770 2392 2823 πολλὰ.
2441 2770 2530 2824 διὰ
2581 2770 2681 2840 τῆς
2733 2768 3104 2838 καταλείψεως
3155 2765 3514 2837 τιμωρηθεὶς,
3561 2766 3642 2828 είς
3693 2765 3817 2816 υίύν

2225 2862 2728 2934 προσληφθήσεται,
2759 2862 2924 2928 γνοὺς
2959 2860 3051 2913 τὸν
3085 2859 3378 2928 παιδευτὴν
3422 2858 3516 2911 καὶ
3553 2856 3816 2928 σωτῆρα,

2225 2955 2318 3009 καὶ
2345 2955 2452 3009 τῶν
2483 2954 2821 3024 ἐπαγγελιῶν
2854 2952 3167 3024 πληρωτὴν.

533 3158 683 3213 CAP.
721 3155 902 3211 XCIII.
937 3186 1006 3197 —
1037 3157 1296 3234 Quwnam
1322 3157 1645 3234 uaticinatus
1680 3165 1755 3209 est
1785 3151 1944 3208 Jesus
1971 3153 2117 3224 ﬁlius

2232 3154 2480 3210 ΚΕΦΛΑ.
2509 3155 2608 3222 ιιικ
2635 3185 2701 3197 -
2738 3154 2877 3208 Τίνα
2898 3151 3354 3234 προεφῄτευσεν
3392 3152 3623 3220 Ἰησοῦς
3650 3153 3684 3207 ό
3704 3150 3823 3208 τοῦ

1174 3228 1349 3280 Anant'
1379 3228 1447 3281 ³⁸.

604 3341 870 3410 .losaphat
905 3342 1014 3410 regi
1070 3340 1252 3410 populi
1303 3338 1440 3394 Juda
1467 3341 1670 3394 bellum
1733 3341 1937 3410 gerenti
1995 3355 2120 3395 cum

536 3433 722 3486 Achab
748 3433 801 3486 in
849 3433 1197 3500 expeditione
1243 3430 1506 3485 adversus
1566 3429 1732 3502 Syros
1783 3446 1881 3500 pro
1922 3431 2123 3485 Rhem-

538 3525 685 3578 moth
710 3523 934 3588 Galaad,
962 3522 1297 3592 fugientique
1324 3522 1392 3575 ab
1423 3522 1796 3577 internecione
1844 3537 1952 3574 una
1997 3535 2123 3575 cum

537 3615 747 3680 Achab,
775 3615 971 3669 obvius
998 3615 1174 3669 factus
1209 3614 1283 3666 ait
1312 3630 1325 3666 :
1381 3613 1533 3666 illum
1592 3628 1877 3683 perperam
1923 3613 2123 3682 egisse,

540 3711 634 3778 qui
665 3724 791 3763 cum
838 3717 982 3762 esset
1020 3707 1110 3762 Dei
1155 3707 1390 3773 amicus,
1440 3707 1756 3762 societatem
1786 3706 1911 3760 belli
1943 3707 2128 3776 iunxit

539 3817 666 3854 cum
720 3801 911 3869 impio,
956 3799 1176 3868 Deeque
1228 3799 1404 3853 inviso
1447 3799 1706 3863 homine;
1741 3813 1804 3852 ac
1863 3798 1968 3852 nisi
2013 3798 2128 3868 ipse

544 3893 670 3962 pius
694 3895 843 3947 visus
876 3891 1089 3958 fuisset,
1134 3892 1387 3960 idolaque
1419 3891 1557 3946 Juda
1607 3891 1995 3958 destruxisset,
2029 3906 2126 3946 ex-

545 3991 732 4052 pCIltlS
764 3984 949 4052 utique
971 3981 1166 4036 fuisset
1205 3981 1340 4034 iram
1378 3979 1494 4045 Dei,
1529 3991 1746 4051 propter
1781 3982 1968 4036 initam
2000 3995 2125 4035 cum

546 4077 768 4130 Achabo
795 4077 1133 4130 societatem.

541 4189 697 4245 CAP.
729 4188 916 4244 XCIV.
973 4221 1041 4230 —
1084 4191 1354 4331 ριιιΐλαέιέι
1375 4192 1741 4292 3«prophcmvit
1796 4189 1950 4246 Oziel
2006 4207 2131 4259 pro-

1267 4282 1291 4315 ε
1427 4303 1438 4314 .

1267 4282 1354 4315 ειη
1375 4282 1438 4314 ””.

613 4395 876 4466 .Ιυειιριιτιι
928 4397 1127 4451 bellum
1178 4398 1386 4468 gerenti
1449 4399 1712 4454 adversus
1766 4401 2130 4464 Ammanitas,

2898 3225 2958 3278 Ἀ
2966 3223 3121 3277 νανί.

2309 3343 2580 3412 Ἰωσαφὰτ
2625 3342 2706 3414 τῷ
2734 3341 2828 3396 τοῦ
2887 3341 3019 3394 λαοῦ
3087 3339 3259 3394 ’ἰούδα
3316 3339 3530 3410 βασιλεῖ
3586 3355 3825 3408 συμμα-

2225 3436 2503 3509 χοῦντιτῷ
2541 3436 2770 3506 Ἀχαὰϐ,
2801 3437 2860 3488 ἐν
2888 3437 2954 3505 τῇ
2994 3434 3134 3504 πρὸς
3167 3434 3293 3497 τούς
3327 3433 3535 3504 Σύρους
3561 3433 3689 3503 περὶ
3719 3433 3826 3502 τῆς

2239 3525 2496 3598 Ῥεμμὼθ
2539 3526 2751 3580 Γαλαὰδ
2794 3527 2976 3597 μάχῃ,
3005 3524 3301 3595 ἐκφυγόντι
3348 3525 3412 3576 ἐκ
3443 3524 3543 3592 τῆς
3583 3525 3706 3594 ἅμα
3743 3523 3828 3593 τῷ

2243 3619 2448 3689 Ἀχαὰϐ
2488 3620 2856 3689 ἀναιρέσεως,
2890 3618 3210 3687 ὑπαντήσας
3237 3616 3340 3686 ἔφη
3372 3617 3559 3680 κακῶς
3594 3634 3828 3688 πεπρα-

2230 3710 2404 3780 χέναι,
2440 3709 2965 3780 συμμαχήσαντιτῷ
3003 3709 3258 3763 δυσσεϐεῖ
3281 3709 3376 3762 καὶ
3409 3709 3513 3761 ὑπὸ
3551 3708 3690 3761 Θεοῦ
3735 3727 3831 3780 μι-

2232 3801 2481 3870 σουμένῳ
2521 3800 2673 3867 φίλον
2703 3801 2968 3866 γεγονότα
2991 3839 3007 3865 ,
3039 3798 3137 3852 καὶ
3195 3801 3243 3852 εί
3296 3799 3371 3869 μὴ
3400 3797 3560 3862 αὐτὸς
3588 3799 3832 3868 εὐσεϐὴς

2231 3891 2444 3959 φανεὶς,
2491 3891 2560 3943 τὰ
2590 3890 2786 3944 εἴδωλα
2821 3891 2915 3942 τοῦ
2964 3889 3134 3945 Ἰούδα
3189 3889 3480 3949 καθεῖλεν,
3531 3889 3706 3960 ὀργῆς
3761 3889 3834 3944 ἂν

2232 3979 2491 4049 ἐπειρᾶτο
2516 3978 2675 4044 Θεοῦ,
2703 3979 2791 4034 διὰ
2818 3980 2916 4052 τὴν
2945 3978 3040 4033 τοῦ
3089 3979 3292 4050 Ἀχαὰϐ
3335 3979 3674 4050 σύμπραξιν.

2239 4198 2494 4252 ΚΕΦΑΛ.
2547 4196 2659 4264 ιιΔἏ
2705 4228 2773 4240 -η
2830 4199 2970 4252 Τίνα
3019 4199 3481 4270 προεφήτευσεν
3541 4199 3746 4270 Ὀζῖὴλ
3798 4205 3836 4257 ό

2849 4269 3182 4338 προφήτης.

2309 4399 2399 4468 Τῷ
2445 4398 2717 4468 Ἰωσαφὰτ
2772 4399 2849 4469 (8)
2914 4399 3241 4468 πολεμοῦντι
3283 4402 3418 4472 πρὸς
3478 4403 3835 4473 Ἀμμανίτας

546 4499 602 4542 et
629 4489 894 4543 Moabitas
933 4500 1298 4560 posterosque
1337 4492 1504 4557 Esau,
1540 4492 1631 4561 qui
1663 4490 1858 4547 Judam
1886 4496 2117 4564 aggress‘

2237 4491 2332 4543 καὶ
2361 4489 2672 4554 Μωαϐίτας,
2706 4492 2800 4544 καὶ
2849 4492 2974 4553 τοὺς
3006 4492 3113 4545 ἀπὸ
3176 4492 3348 4545 Ἠσαῦ
3387 4492 3717 4556 ἐπελθόντας
3755 4497 3840 4564 τῷ

549 4579 789 4642 fuerant,
821 4581 1072 4649 prmdixit
1131 4580 1248 4636 fore
1296 4591 1354 4636 ιιι
1393 4599 1487 4652 per
1529 4599 1717 4652 preces
1767 4593 1821 4639 et
1875 4587 2128 4638 tubarum

548 4673 859 4742 clangorem
894 4673 1042 4742 ipsos
1065 4675 1352 4742 perderet;
1378 4685 1541 4744 atque
1563 4676 1642 4730 sic
1670 4677 1918 4746 contigit.

2253 4582 2445 4652 Ἰούδᾳ,
2473 4586 2770 4652 προεῖπεν,
2799 4583 2876 4646 ὡς
2927 4583 2994 4635 δι’
3021 4584 3188 4654 εὐχῆς
3229 4585 3323 4637 καὶ
3355 4584 3676 4654 σαλπίγγων
3729 4588 3840 4640 αῦ-

2233 4676 2360 4740 τοὺς
2388 4677 2720 4749 καθαιρήσῃ.
2755 4676 2865 4729 Καὶ
2891 4675 3064 4738 οὓτως
3097 4675 3314 4744 ἐγένετο

547 4806 701 4862 CAP.
731 4807 891 4865 XCV.
922 4838 990 4848 -
1022 4809 1281 4874 Quwnam
1312 4812 1632 4865 vaticinatus
1660 4822 1736 4866 est
1768 4811 1928 4865 Eliad
1956 4810 2117 4866 Obdia

2238 4813 2490 4866 ΚΕΦΑΛ.
2524 4810 2638 4878 ιιΕἏ
2661 4844 2728 4854 —
2766 4812 2905 4866 Τίνα
2938 4811 3394 4880 προεφήτευσεν
3429 4813 3634 4868 Ἐλιὰὸ
3657 4816 3692 4868 o'
3725 4814 3846 4869 τοῦ

1258 4881 1421 4949 ﬁlius.

622 4987 888 5058 Josapbat
949 4992 1042 5061 qui
1098 5008 1222 5046 cum
1282 4992 1523 5048 Ochozia
1580 4995 1879 5048 amicitiam
1917 4995 2135 5062 inierat,

2879 4882 3076 4935 Ὀϐδία
3108 4883 3183 4954 (9)
3195 4922 3208 4936 .

2311 4991 2402 5062 Τῷ
2445 4992 2716 5062 Ἰωσαφὰτ
2749 4993 2934 5060 φιλίαν
2965 4993 3344 5064 ἁσπασαμένῳ
3377 4991 3517 5064 πρός
3556 4992 3844 5062 Ὀχοζίαν,

549 5085 762 5138 Achabi
799 5085 930 5148 lilio,
973 5100 1209 5154 eumque
1241 5087 1451 5139 socium
1484 5087 1679 5141 classis
1713 5087 1986 5154 effecerat,
2020 5105 2117 5159 qua

2241 5087 2336 5138 τὸν
2382 5084 2476 5138 τοῦ
2533 5085 2761 5154 ’Λχαάϐ,
2816 5085 2913 5137 καὶ
2963 5083 3069 5137 τῶν
3109 5085 3313 5138 πλοίων
3363 5085 3618 5136 κοινωνὸν
3665 5087 3848 5140 αὐτὸν

550 5178 604 5230 in
639 5175 971 5246 ᾸΞιΙιὶυρὶειιι
1013 5178 1303 5247 navigabat
1351 5178 1692 5232 mercimonii
1759 5195 1955 5244 causa,
2001 5197 2140 5249 pra}-

551 5271 710 5332 dixit,
747 5270 893 5340 quod
932 5271 1100 5324 etiam
1139 5271 1411 5325 molestiis
1447 5270 1718 5341 naufragii
1765 5273 1879 5342 ipse
1915 5289 2136 5344 quoque

551 5363 774 5418 etii-ctus
807 5365 992 5418 minus
1019 5363 1240 5433 placens
1266 5363 1374 5418 Deo
1411 5363 1613 5420 idcirco
1641 5376 1788 5422 esset
1809 5367 2128 5424 moriturus.

2245 5177 2624 5248 ποιησαμένῳ,
2674 5178 2782 5229 τῶν
2834 5179 2914 5239 εἰς
2957 5176 3247 5230 Αἰθιοπίαν
3308 5176 3695 5230 ἀποπλεόντων
3748 5178 3849 5232 ἐπ’

2245 5267 2506 5337 ἐμπορίᾳ,
2553 5269 2837 5340 προεῖπεν,
2870 5267 2946 5329 ὼς
2984 5267 3077 5320 καὶ
3121 5266 3298 5329 ἀνίαις
3329 5267 3709 5336 ναυαγήσεως,
3743 5271 3852 5320 καὶ

2247 5360 2407 5421 αὐτὸς
2469 5360 2569 5411 οὐκ
2625 5361 2922 5430 εὐάρεστος
2985 5359 3105 5430 Θεῷ
3142 5361 3467 5431 γενόμενος,
3530 5359 3620 5414 διὰ
3670 5358 3854 5412 τοῦτο

2247 5450 2584 5517 τεθνήξεται.

625 5621 670 5650 ³⁸
696 5619 759 5673 lll
791 5623 922 5693 Reg.
959 5642 1068 5690 am,
1109 5629 1159 5680 l.
1232 5627 1277 5658 ³³
1307 5626 1372 5680 III
1398 5625 1528 5700 Reg.
1561 5645 1692 5682 χιιι.
1765 5629 1808 5660 ³⁸
1842 5627 1881 5681 II
1910 5627 2082 5684 Paral.
2112 5646 2220 5684 xw.
2295 5631 2338 5662 ³³
2373 5628 2434 5682 llI
2469 5631 2596 5701 Reg.
2636 5648 2744 5694 xw,
2783 5632 2832 5686 l.
2913 5633 2958 5664 ³⁸
3007 5631 3048 5686 ll
3094 5631 3269 5687 Paral.
3302 5651 3395 5700 xx,
3427 5635 3517 5690 Η.

641 5777 721 5848 (8)
753 5775 884 5832 Vide
911 5796 1076 5850 supra
1099 5798 1220 5853 cap.
1253 5786 1341 5839 95.

2348 5791 2423 5862 (li)
2458 5789 2529 5842 Ex
2569 5790 2606 5843 ll
2648 5791 2822 5845 Paral.
2859 5807 2948 5856 xx,
2985 5791 3072 5856 37,
3122 5790 3367 5864 Ἐλιέζερ
3410 5794 3554 5848 ὀτοῦ
3583 5795 3797 5852 Δωδία.
