4044 6420
247 425 336 488 1ζι5
1398 420 1769 481 LIBELLUS
1808 420 2314 484 MEMORIALIS.

3394 428 3497 489 106

304 535 543 587 ΚΕΦΛΛ.
585 537 719 601 ις’.
754 564 824 574 ——
852 535 987 588 Τίνα
1039 534 1495 604 προεφήτευσεν
1534 535 1736 599 ’(λιόᾶ,
1767 535 1797 603 ἡ

1911 534 2063 591 CAP.
2119 534 2306 589 XCVI.
2356 566 2425 575 —
2465 534 2725 603 Quantam
2772 538 3100 605 prophetarit
3140 537 3315 594 Holda
3364 556 3501 594 uxor

682 610 693 620 '
751 605 859 659 τοῦ
882 606 1068 674 Σε.ί)μ
1098 606 1274 673 γυνή.

314 719 484 789 Ἰωσίᾳ
514 718 591 792 τῷ
614 717 828 789 βασιλεί
855 718 1073 778 εὐσεϐεῖ
1100 719 1398 790 γενομένῳ,
1440 721 1536 775 καὶ
1566 720 1656 773 τὸν
1677 721 1805 775 ναὶν

233 810 588 881 ὲρειπωθέντα
639 812 991 882 ἀνανεομένῳ
1024 810 1161 881 (10),
1196 813 1294 866 καὶ
1341 811 1694 882 διαρρήξαντι
1736 813 1805 867 τὰ

237 903 409 970 ἱμάτια
442 901 607 954 αὑτοῦ
643 902 735 953 ἐπὶ
781 904 847 971 τῇ
876 899 1182 968 ἀναγνώσει
1230 902 1325 954 τοῦ
1375 903 1691 973 εὑρεθέντος
1719 904 1803 974 βε-

233 996 369 1046 ὅλξου
397 994 697 1057 Μωῦσέως,
728 995 785 1046 ἐν
816 994 1155 1065 ὲπιλησμονῇ
1183 993 1292 1049 τῶν
1315 994 1477 1049 θείων
1504 996 1685 1066 νόμων
1709 998 1803 1051 τοῦ

232 1084 351 1137 ἱ.εοῦ
374 1087 692 1153 γενομένου,
723 1085 1057 1151 ἐπέστειλεν,
1084 1086 1159 1146 ὡς
1186 1088 1215 1145 ὁ
1244 1086 1370 1150 λαὸς
1406 1086 1505 1157 μὲν
1532 1089 1613 1151 είς
1636 1092 1802 1159 αἰχμ·

232 1178 455 1230 αλωσίαν
506 1176 864 1251 ὲκόοθήσεται
916 1178 1007 1231 διὰ
1044 1179 1144 1249 τὴν
1192 1179 1657 1252 ἀπορῤᾳθύμησιν
1705 1184 1805 1252 τὴν

230 1270 329 1322 ἀπὸ
361 1266 520 1333 Θεοῦ,
552 1268 717 1331 αὐτὸς
748 1267 805 1321 δὲ
840 1267 945 1339 πρὸ
982 1267 1082 1338 τῆς
1122 1269 1232 1321 τῶν
1275 1270 1464 1323 κακῶν
1507 1272 1802 1340 ἐπαγωγῆς

228 1361 556 1431 τεθνήξεται,
590 1360 682 1415 διὰ
715 1360 817 1431 τὴν
851 1361 1100 1430 φιλόθεον
1129 1363 1299 1417 αὐτοῦ
1330 1364 1579 1436 γνώμην,
1612 1365 1696 1421 ῐνα
1726 1365 1802 1437 μὴ

230 1455 306 1525 ἴδῃ
330 1453 395 1505 τὰ
426 1453 656 1507 ἐπιόντα
688 1454 855 1508 κακά.

227 1564 460 1621 ΒΕΦΔΛ.
499 1563 618 1631 1.,Ζ’.
650 1597 719 1606 -
752 1568 896 1656 1Τίνα
938 1569 1109 1656 ἐστὶν
1147 1569 1183 1622 (ἲ
1214 1570 1513 1639 Ζαχαρίας
1553 1574 1586 1623 ό
1607 1571 1804 1642 ἀρχιε-

667 1654 808 1706 ρευς
854 1654 1332 1708 προερητευσεν.

295 1750 411 1803 Ἐπὶ
437 1752 505 1820 τῇ
545 1752 802 1821 γεννήσει
846 1753 1096 1809 Ἰωάννου
1120 1755 1217 1809 τοῦ
1253 1756 1565 1811 Βαπτιστοῦ
1593 1756 1799 1828 πεπλη.

2572 607 2739 662 Sclim
2772 609 2835 662 ³⁷.

1979 714 2143 771 Josiaa
2179 717 2293 787 regi
2322 720 2413 787 qui
2438 718 2563 789 pius
2590 734 2655 774 ac
2678 720 2967 791 religiosus
2994 731 3135 790 erat,
3159 731 3215 779 et
3236 724 3496 795 templum

1908 806 2153 861 dirutum
2184 809 2635 875 remdilicaverat,
2660 826 2870 882 suaque
2904 814 3229 875 vestimenta
3261 816 3501 873 sciderat

1907 897 1961 951 in
1992 898 2229 954 lectione
2262 900 2468 955 inventi
2512 901 2637 956 libri
2678 903 2901 974 Moysis,
2939 905 3068 958 dum
3099 907 3336 976 populus
3370 923 3499 978 age-

1910 1001 1994 1046 ret
2037 991 2093 1045 in
2138 992 2416 1047 oblivione
2451 992 2760 1047 divinarum
2805 996 3019 1066 legum,
3058 998 3313 1068 scripsit,
3348 999 3497 1069 quod

1908 1083 2380 1153 populusqnidem
2410 1085 2460 1137 in
2498 1085 2866 1153 captivitatem
2913 1089 3211 1145 tradendus
3234 1100 3349 1145 erat
3371 1105 3500 1161 pro-

1908 1186 2098 1246 ptcrea
2129 1178 2277 1247 quod
2311 1176 2482 1231 Deum
2517 1177 2740 1232 haberet
2769 1180 3068 1248 neglectui;
3092 1190 3149 1236 at
3169 1182 3287 1253 ipse
3321 1198 3500 1240 more«

1909 1278 2059 1322 retur
2086 1277 2382 1339 antequam
2427 1270 2572 1324 mala
2618 1270 2852 1326 fuissent
2903 1273 3165 1342 inducta,
3211 1277 3499 1348 propterea

1908 1361 2056 1430 quod
2090 1361 2273 1415 animo
2306 1370 2454 1418 esset
2486 1362 2625 1418 bene
2664 1379 2791 1435 erga
2826 1364 2996 1421 Deum
3043 1366 3258 1433 aﬂ‘ecto,
3292 1377 3353 1424 ut
3390 1384 3499 1424 non

1905 1464 2155 1509 cerneret
2185 1454 2493 1524 ingruentia
2522 1456 2689 1511 mala.

1906 1567 2059 1623 CAP.
2090 1568 2299 1624 XCVII.
2336 1602 2405 1614 -—
2439 1571 2571 1638 Quae
2596 1572 2929 1642 prophetavit
2952 1572 3250 1631 Zacharias
3272 1575 3499 1631 eximius

2527 1644 2774 1697 sacerdos
2801 1642 2867 1699 ³⁸.

1982 1755 2131 1810 Dixit
2166 1755 2339 1812 factas
2364 1772 2392 1811 a
2432 1756 2543 1812 Deo
2576 1758 2811 1813 Abrahae
2845 1758 3265 1829 pollicitationes
3307 1760 3498 1831 imple-

223 1837 416 1906 ρῶσθαι
442 1840 549 1901 τὰς
571 1839 667 1891 τοῦ
692 1839 828 1893 Θεοῦ
860 1842 998 1911 πρὸς
1024 1844 1113 1896 τὸν
1149 1845 1401 1916 Ἀϐραὰμ
1426 1846 1609 1916 ἔλεγεν
1637 1848 1797 1918 ἐπαγ·

1911 1859 2025 1902 tum
2062 1849 2129 1907 iri
2168 1849 2223 1904 in
2273 1849 2561 1920 nativitate
2601 1848 2832 1905 Joannis
2866 1850 3139 1920 Baptisnr,
3173 1852 3342 1905 Deum
3380 1853 3498 1907 lau-

221 1928 410 1995 γελίας,
449 1928 551 1983 τὸν
594 1931 728 1984 Θεὸν
759 1933 1039 2003 ἀνυμνῶν,
1076 1936 1171 1987 καὶ
1214 1936 1307 1988 ἐπὶ
1336 1936 1510 2008 τούτῳ
1539 1939 1801 2011 τετάχθαι

218 2021 299 2073 τὸν
340 2023 626 2094 Ἰωάννην,
660 2024 970 2095 πρόδρομον
998 2026 1091 2082 τοῦ
1127 2027 1351 2097 ὑψίστου
1388 2028 1525 2081 Θεοῦ
1571 2030 1801 2100 γενόμε-

219 2130 317 2177 νον,
350 2114 434 2181 ἐφ’
463 2107 578 2182 ᾧτε
612 2116 712 2186 τὴν
762 2116 880 2170 ὁδον
915 2118 1078 2173 αὐτοῦ
1126 2122 1207 2182 είς
1259 2121 1467 2191 κόσμον
1501 2121 1798 2192 ἐρχομένου

217 2207 522 2275 ἑτοιμάσαι,
560 2209 830 2279 σωτήριον
860 2205 1027 2263 οὖσαν
1055 2212 1151 2264 τοῦ
1178 2211 1330 2275 λαοῦ,
1370 2214 1464 2271 καὶ
1494 2214 1801 2285 ἐπίλαμψιν

218 2300 319 2359 τοῖς
343 2300 400 2352 ἐν
435 2300 627 2353 σκότει
659 2301 995 2371 καθημένοις
1022 2304 1120 2356 καὶ
1148 2306 1279 2377 σκιᾷ
1311 2304 1545 2360 θανάτου
1566 2323 1581 2339 ⁸
1614 2306 1800 2370 καθὼς

216 2388 297 2444 διὰ
336 2391 444 2443 τῶν
492 2392 673 2458 ἁγίων
716 2393 881 2447 αὐτοῦ
940 2397 1261 2466 προφητῶν,
1321 2398 1433 2451 τῶν
1472 2400 1569 2452 ἀπ’
1604 2400 1801 2463 αἰῶνος

222 2484 707 2554 προκηρυττὸντων
738 2484 837 2555 τὴν
864 2487 1172 2558 παρουσίαν
1199 2488 1389 2554 αὑτοῦ,
1415 2490 1737 2558 λελάληκεν.

215 2598 452 2655 ΚΕΦΑΛ.
501 2597 630 2669 ῌΥ.
658 2630 730 2639 -
770 2602 911 2655 Τίνα
956 2602 1128 2656 ἐστίν
1158 2602 1196 2656 d
1250 2604 1493 2674 Συμεὼν
1538 2606 1802 2681 προεφή-

891 2689 1131 2727 τευσεν.

274 2777 441 2847 οὗτος
472 2785 822 2856 θεασάμενος
850 2788 910 2841 ὃν
945 2790 1222 2860 Ζαχαρίας
1250 2792 1383 2845 Θεὸν
1417 2792 1644 2863 ὕψιστον
1674 2813 1802 2868 προ-

212 2878 493 2949 εκήρυξεν,
535 2882 617 2944 εἰς
654 2882 960 2952 ἐπίλαμψιν
987 2886 1102 2949 τοῖς
1135 2886 1194 2938 ἐν
1217 2885 1399 2939 σκότει
1437 2888 1795 2960 καθημένοις,

212 2967 308 3022 ὑπὸ
336 2970 437 3039 τῆς
474 2971 693 3042 μητρὸς
732 2975 953 3043 Μαρίας
979 2977 1060 3039 είς
1090 2975 1153 3030 τὸ
1190 2978 1355 3048 ἱερὸν,
1386 2981 1799 3050 τεσσαρακονο-

214 3060 410 3133 ήμερον
469 3064 682 3136 βρέφος
738 3065 820 3119 ἔτι
882 3067 978 3133 ὃν,
1028 3070 1467 3141 ἀναφερόμενον,
1550 3073 1657 3125 ὑπὸ
1704 3073 1799 3128 τοῦ

212 3155 352 3219 ἁγίου
388 3156 722 3227 Πνεύματος
751 3159 961 3228 ἀχθεὶς,
988 3160 1281 3231 δεξάμενος
1308 3164 1368 3216 τὸ
1394 3164 1609 3219 παιδίον
1633 3166 1763 3227 ἐϐόα
1782 3183 1798 3205 ’

1907 1940 2090 1995 dans:
2133 1942 2366 2012 ideoque
2408 1930 2773 1997 constitutum
2822 1942 2995 1998 fuisse
3038 1942 3329 2013 Joannem,
3367 1944 3499 2000 effe-

1905 2044 2055 2087 ctum
2093 2049 2488 2103 praecursorem
2529 2034 2621 2111 Dei
2653 2036 2944 2099 altissimi,
2980 2044 3039 2090 ut
3082 2037 3224 2093 viam
3269 2038 3412 2094 illius
3445 2044 3497 2094 in

1907 2126 2171 2180 mundum
2205 2126 2475 2201 venientis
2506 2137 2875 2197 praepararet,
2924 2127 3219 2182 salutarem
3254 2128 3493 2184 futuram

1905 2217 2130 2288 populo,
2164 2216 2668 2287 illuminationique
2712 2217 2803 2283 iis,
2839 2217 2933 2286 qui
2966 2217 3229 2272 sedebant
3261 2219 3312 2271 in
3349 2228 3498 2271 tene-

1908 2308 2019 2363 bris
2055 2318 2110 2361 et
2143 2306 2336 2360 umbra
2373 2306 2601 2371 mortis,
2642 2304 3107 2375 quemadmodum
3151 2319 3247 2373 per
3275 2315 3499 2359 sanctos

1906 2400 2201 2469 prophetas
2241 2413 2407 2463 suos,
2452 2398 2547 2468 qui
2586 2398 2656 2453 ab
2690 2398 2827 2454 orbe
2865 2397 3088 2453 condito
3130 2396 3498 2467 praedicarunt

1906 2490 2204 2546 adventum
2234 2490 2377 2561 ejus,
2412 2491 2633 2546 locutus
2664 2498 2766 2545 cst.

1939 2605 2094 2663 CAP.
2126 2605 2358 2666 XCVIII.
2388 2637 2457 2647 --
2487 2605 2619 2672 Qua:
2648 2615 2770 2660 sunt
2807 2605 3060 2659 vaticinia
3086 2602 3361 2675 Symeonis
3393 2604 3461 2658 ³⁸.

1976 2786 2028 2841 Is
2057 2784 2462 2855 contemplatus
2490 2784 2669 2840 oculis
2697 2798 2859 2855 quem
2901 2784 3198 2841 Zacharias
3230 2785 3500 2856 praedixe-

1906 2892 1993 2936 rat
2036 2881 2204 2935 Deum
2242 2878 2522 2934 excelsum
2568 2878 2624 2932 in
2670 2877 3099 2934 illustrationem
3142 2894 3360 2946 eorum,
3402 2879 3497 2949 qui

1904 2971 2169 3026 sedebant
2212 2970 2267 3025 in
2312 2969 2587 3035 tenebris,
2629 2984 2660 3024 a
2701 2976 2876 3026 matre
2912 2968 3083 3024 Maria
3128 2969 3181 3025 in
3231 2971 3495 3041 templum

1906 3064 2155 3129 allatum,
2196 3077 2323 3117 cum
2358 3060 2541 3117 infans
2575 3060 2755 3117 adhuc
2797 3069 2945 3117 esset
2977 3061 3338 3132 quadraginta
3373 3062 3496 3118 die-

1906 3171 2054 3221 rum,
2111 3164 2265 3212 actus
2312 3169 2342 3210 a
2380 3154 2585 3225 Spiritu
2622 3162 2845 3220 sancto,
2891 3154 3203 3225 suscipiens
3255 3154 3309 3209 in
3348 3155 3495 3211 ulnis

210 3244 326 3298 Νῦν
348 3246 655 3314 ἀπολύεις
681 3248 788 3302 τὸν
804 3248 1032 3305 δοῦλόν
1061 3266 1198 3318 σου,
1226 3251 1519 3319 Δέσποτα,
1552 3257 1703 3311 κατὰ
1732 3256 1797 3311 τὸ

1908 3248 2148 3323 puellum
2177 3247 2451 3303 clamabat
2476 3262 2489 3299 :
2527 3246 2687 3302 Nunc
2713 3248 2938 3301 dimittis
2961 3264 3168 3302 servum
3192 3257 3362 3313 tuum,
3383 3247 3495 3303 Πο-

205 3337 356 3406 ρῆμιί
382 3357 531 3406 σου,
559 3341 628 3393 ἐν
658 3342 890 3411 εἰρήνῃ.
929 3343 1060 3398 Ὅτι
1090 3340 1257 3399 εἶδον
1278 3348 1332 3400 οὶ
1359 3347 1658 3419 ὀφθαλμοί
1675 3368 1797 3420 μου

212 3428 268 3480 τὸ
296 3428 606 3499 σωτήριόν
633 3445 773 3496 σου,
824 3434 857 3486 ὃ
889 3434 1225 3503 ἡτοίμασας
1271 3436 1423 3491 κατὰ
1472 3440 1799 3506 πρόσωπον

210 3521 441 3577 πάντων
483 3523 613 3578 τῶν
650 3524 837 3589 λαῶν,
870 3526 989 3595 φῶς
1022 3530 1109 3593 είς
1146 3529 1539 3605 ἀποκάλυψιν
1579 3531 1793 3599 ἐθνῶν,

210 3614 528 3680 καὶδόξαν
568 3618 723 3671 λαοῦ
771 3636 889 3673 σου
938 3620 1207 3687 Ἰσραήλ.
1260 3624 1644 3697 Προεφήτευσε
1701 3626 1798 3683 καὶ

206 3707 289 3758 τὸν
321 3709 555 3779 Μαρίας
587 3712 679 3763 ἐπὶ
710 3710 788 3781 τῷ
818 3712 1037 3783 σταυρῷ
1069 3713 1489 3785 σκανδαλισμόν.

271 3819 529 3874 ΚΕΦΑΛ.
564 3821 678 3887 ιβ’.
709 3852 778 3861 —
808 3822 871 3876 Τί
899 3824 1360 3902 προεφήτευσεν
1402 3825 1719 3895 Ἐλιζὰσετ.

267 3933 603 4003 θεασαμένη
659 3932 759 4005 τὴν
816 3936 1093 4007 Παρ’;ένον
1147 3938 1367 4009 Μαρίαν
1429 3940 1569 4012 πρὸς
1620 3942 1795 4015 αὐτὴν

206 4022 528 4093 ἐληλυθυῖαν
558 4064 574 4091 ,
626 4026 1004 4101 εὐλογημένην
1051 4024 1205 4084 εἶπεν
1244 4026 1385 4085 εἶναι
1432 4034 1489 4085 ὲν
1518 4036 1791 4103 γυναιξὶν,

209 4118 293 4169 καὶ
346 4118 724 4190 εὐλογημένον
783 4120 876 4176 τὸν
928 4121 1141 4193 καρπὸν
1182 4124 1280 4194 τῆς
1337 4124 1543 4189 κοιλίας
1596 4127 1790 4199 αὐτῆς.

208 4208 307 4262 Καὶ
342 4213 542 4266 πόθεν
566 4229 673 4281 μοι
706 4212 905 4278 τοῦτο,
938 4214 1039 4268 ἵνα
1071 4215 1220 4285 ἔλθῃ
1248 4216 1286 4284 ἡ
1318 4218 1519 4288 μήτηρ
1549 4219 1656 4275 τοῦ
1685 4224 1796 4276 Κυ-

202 4301 330 4367 ρίου
350 4319 476 4369 μου
498 4304 657 4370 πρός
674 4320 793 4373 μσς
828 4303 985 4358 Ἰδοὺ
1016 4306 1149 4374 γὰρ,
1181 4307 1260 4373 ὡς
1280 4308 1522 4377 ἐγένετο
1547 4309 1587 4377 ἠ
1620 4310 1793 4379 φωνὴ

208 4390 304 4445 τοῦ
335 4392 681 4464 ἀσπασμοῦ
714 4410 833 4449 σου
862 4400 949 4462 είς
975 4397 1050 4451 τὰ
1089 4393 1210 4454 ὦτά
1252 4417 1396 4470 μου,
1428 4401 1795 4471 ἐσκίρτησεν

208 4481 270 4532 ἐν
293 4484 664 4551 ἀγαλλιάσει
709 4486 775 4539 τὸ
801 4487 1030 4556 ,ϐρέφος
1058 4490 1129 4543 ἑν
1163 4488 1238 4559 τῇ
1269 4492 1468 4559 κοιλίᾳ
1494 4510 1633 4562 μου.
1676 4492 1791 4563 Ἐφ’

1901 3342 2062 3404 mine,
2087 3340 2374 3395 secundum
2393 3340 2604 3394 verbum
2626 3348 2797 3407 tuum,
2828 3341 2883 3395 in
2913 3356 3064 3409 pace.
3087 3339 3230 3405 Quia
3250 3342 3495 3397 viderunt

1902 3433 2045 3486 oculi
2074 3434 2173 3485 mei
2201 3431 2440 3486 salutare
2471 3442 2642 3499 tuum,
2691 3434 2831 3503 quod
2876 3435 3082 3502 parasti
3122 3435 3178 3488 in
3212 3444 3493 3502 conspectu

1901 3526 2136 3579 omniunt
2160 3523 2688 3594 populorum,lumen
2704 3524 2772 3578 ad
2794 3525 3210 3584 “lustrationem
3232 3527 3491 3595 gentium,

1898 3630 1947 3674 et
1977 3617 2208 3689 gloriam
2250 3616 2433 3686 papuli
2479 3616 2558 3669 tui
2606 3615 2803 3671 Israel.
2833 3615 3179 3676 Vaticinatus
3211 3626 3296 3673 cst
3325 3618 3493 3677 etiam

1900 3709 2084 3764 Mariae
2116 3718 2339 3779 pmpter
2367 3721 2591 3763 crucem
2621 3708 3039 3764 contumeliam.

1898 3814 2054 3873 CAP.
2083 3814 2274 3871 XCIX.
2293 3848 2362 3893 έ
2381 3816 2642 3883 Quaenam
2667 3827 2791 3875 sunt
2831 3818 3083 3875 vaticinia
3126 3819 3400 3875 Elisabetlt
3422 3820 3489 3875 ⁸ο.

1972 3931 2179 3988 Videns
2222 3930 2498 4004 Virginem
2534 3932 2760 3991 Mariam
2801 3935 2867 3989 ad
2903 3950 2963 3990 se
2990 3937 3229 4001 venisse,
3261 3938 3488 3999 benedi-

1899 4034 2043 4081 ctam
2074 4026 2152 4080 ait
2180 4040 2305 4081 esse
2329 4025 2383 4079 in
2416 4026 2763 4091 mulieribus,
2792 4038 2846 4083 et
2881 4029 3226 4089 benedictum
3252 4029 3489 4087 fructum

1899 4118 2107 4173 ventris
2138 4118 2304 4173 illius.
2328 4117 2397 4171 Et
2423 4119 2563 4174 unde
2592 4119 2690 4173 hoc
2715 4120 2866 4186 mihi,
2894 4130 2950 4174 ut
2979 4123 3152 4176 veniat
3179 4133 3349 4178 mater
3383 4124 3491 4179 Do—

1897 4209 2031 4264 mini
2056 4210 2159 4264 mei
2202 4210 2273 4262 ad
2308 4210 2428 4263 me?
2458 4209 2593 4269 Ecce
2616 4212 2778 4275 enim,
2806 4222 2861 4264 ut
2887 4212 2989 4284 fuit
3018 4230 3117 4268 vox
3148 4217 3492 4273 salutationis

1898 4313 2002 4358 tua;
2039 4302 2093 4355 in
2122 4302 2339 4367 auribus
2372 4302 2534 4367 meis,
2577 4303 2860 4357 exsultavit
2906 4305 2958 4357 in
2986 4307 3186 4374 gaudio
3217 4308 3396 4378 iulans
3432 4312 3489 4365 in

1897 4401 2050 4447 utero
2083 4408 2220 4447 meo.
2246 4390 2429 4459 Quare
2464 4393 2651 4447 beatos
2686 4393 2849 4449 etiam
2884 4396 3216 4467 signiﬁcavit
3246 4413 3363 4466 eos,
3392 4401 3489 4471 qui

1897 4485 2129 4540 credunt
2172 4484 2336 4539 rebus
2379 4485 2459 4540 sic
2502 4484 2687 4550 dic-tis,
2738 4501 2841 4540 suo
2874 4487 3204 4561 quandoque
3242 4500 3490 4563 tempore

206 4569 278 4637 οἷς
322 4576 421 4630 καὶ
473 4578 604 4641 τοὺς
649 4579 1008 4643 πιστεύοντας
1059 4584 1168 4646 τοῖς
1214 4582 1357 4637 οὕτω
1400 4581 1790 4656 λελαλημένοις

1908 4574 2337 4633 manifeslantlis.

210 4669 406 4740 ἐκφανη
417 4687 479 4722 σο
486 4671 676 4739 μένοις
707 4673 1013 4744 μακαρίους
1046 4674 1348 4750 ἀπέφηνεν.

209 4781 445 4840 ΚΕΦΛΛ.
480 4783 565 4843 P'.
592 4814 663 4824 —
702 4787 839 4859 Τίνα
881 4786 1013 4841 ἐστὶ
1068 4787 1141 4842 τὰ
1180 4788 1279 4843 διὰ
1328 4788 1437 4857 τῆς
1485 4790 1793 4859 Παρθένου

613 4856 845 4927 Μαρίας
867 4860 1378 4931 προφητευθέντα.

272 4969 590 5038 Μεγαλύνει
620 4972 717 5023 καὶ
747 4972 887 5043 αὑτὴ
927 4972 1023 5027 τὸν
1064 4973 1219 5037 Θεὸν,
1254 4976 1349 5027 ἐπὶ
1393 4974 1453 5027 τδ
1490 4976 1572 5038 εἰς
1620 4974 1794 5046 αὐτὴν

214 5063 591 5134 ἑκφαινομένῳ
627 5064 916 5136 μυστηρίῳ
940 5064 1035 5120 τοῦ
1066 5063 1204 5120 Θεοῦ
1233 5066 1416 5123 τόκου.
1472 5067 1793 5135 Ἀγάλλεται

212 5154 277 5223 τῷ
306 5156 617 5227 Πνεῦματι,
655 5156 892 5225 λέγουσα
923 5159 1331 5230 μακαρίζεσθαι
1384 5160 1557 5231 αὐτὴν
1585 5162 1644 5214 ὲν
1685 5163 1791 5216 πά-

214 5263 320 5310 ςακ
348 5254 475 5313 ταῖς
499 5252 741 5317 γενεαῖς,
775 5250 885 5304 ἀπὸ
912 5250 1007 5304 τοῦ
1038 5252 1133 5305 νῦν
1170 5253 1431 5322 μεγίστου
1462 5253 1791 5325 πράγματος

214 5339 305 5393 ὑπὸ
329 5340 469 5394 Θεοῦ
507 5342 599 5393 ἐπ’
622 5342 761 5413 αὐτῇ
801 5345 1221 5413 ὲκφαινομένου.

306 5458 409 5511 Καὶ
444 5458 589 5512 τίνα
619 5459 792 5511 ἐστίν
832 5460 872 5513 ἃ
907 5460 1191 5529 Ἰωάννης
1227 5464 1259 5514 ὁ
1300 5463 1666 5531 Βαπτιστής.

276 5548 392 5603 Ὀτι
425 5552 460 5605 ό
512 5549 711 5603 ὀπίσω
759 5550 969 5618 αὑτοῦ,
1004 5550 1151 5605 τοῦτ’
1185 5551 1359 5616 ἔστιν,
1396 5554 1425 5605 ὁ
1459 5552 1580 5624 μετ’
1627 5553 1791 5607 αὐτὸν

1902 4797 2054 4858 CAP.
2094 4796 2157 4853 C.
2193 4828 2262 4836 ——
2298 4796 2429 4862 Quae
2469 4808 2696 4921 sunt/ep
2721 4840 2734 4862 ,
2761 4816 2894 4923 {luas
2936 4800 3096 4872 Virgo
3137 4801 3319 4858 Maria
3364 4820 3490 4875 pro.

2565 4886 2598 4923 ο
2618 4886 2662 4923 ιε
2689 4886 2768 4923 aut
2802 4909 2815 4923 .

2565 4886 2815 4935 ριιειιιυιι.

1972 4975 2285 5047 Magniﬁcat
2312 4977 2431 5048 ipsa
2467 4992 2690 5048 quoque
2718 4977 2888 5036 Deum
2918 4989 3142 5051 propter
3164 4984 3486 5052 mysterium

1898 5070 2041 5139 quod
2074 5070 2128 5123 in
2156 5069 2272 5145 ipsa
2303 5069 2508 5125 editum
2542 5080 2626 5126 est
2655 5070 2826 5127 divini
2858 5082 3071 5142 partus.
3102 5073 3351 5130 Exsultat
3375 5077 3490 5145 spi-

1898 5164 2030 5226 ritu,
2063 5140 2340 5234 inquiens,
2370 5177 2430 5218 se
2448 5162 2664 5217 beatam
2690 5164 2976 5234 praedicari
3022 5166 3077 5220 in
3106 5167 3367 5221 omnibus
3392 5182 3489 5237 ge.

1898 5254 2297 5321 lucrationibus,
2324 5262 2545 5326 propter
2574 5257 2878 5313 maximum
2911 5272 3153 5329 praesens
3176 5271 3316 5327 opus
3335 5257 3482 5326 quod

1898 5348 1950 5402 in
1983 5348 2101 5418 ipsa
2135 5362 2167 5405 a
2198 5347 2310 5405 Deo
2337 5350 2543 5404 editum
2571 5363 2675 5407 est.

2041 5459 2112 5515 Et
2145 5477 2262 5532 qua:
2281 5473 2402 5516 sunt
2430 5479 2463 5516 a
2500 5462 2710 5519 Joanne
2727 5463 2978 5532 Baptista
3004 5464 3338 5533 prophetam.

1969 5553 2123 5620 Quod
2155 5555 2244 5623 qui
2275 5564 2392 5623 post
2428 5572 2481 5609 se
2512 5556 2578 5623 δι,
2615 5555 2666 5611 id
2692 5566 2797 5620 cst,
2834 5556 2929 5626 qui
2970 5566 3092 5628 post
3125 5556 3279 5613 illum
3322 5567 3485 5622 natus

278 5707 317 5739 ”
346 5709 411 5765 Ν
440 5708 583 5779 Reg.
610 5724 746 5776 ml,
785 5708 871 5763 li.
952 5708 995 5741 ³⁸
1033 5708 1167 5766 Luc.
1200 5727 1239 5765 ι.
1317 5710 1359 5744 ³⁸
1388 5709 1520 5768 Luc.
1556 5728 1615 5780 ιι,
1638 5711 1730 5767 29.

1908 5728 2013 5768 .uc.
2048 5730 2087 5768 ι.
2162 5713 2205 5745 ⁸⁸
2236 5710 2396 5769 Joan.
2423 5729 2461 5779 ι,
2490 5714 2581 5769 27.

282 5852 392 5923 (10)
424 5853 593 5909 Forte
625 5852 1031 5924 ἀνανεουμένῳ.

539 5948 808 6009 ΡΑτιιυι..
856 5950 972 6009 GR.
1023 5950 1173 6010 (IV-1.
