4044 6424
562 394 662 458 107

2076 379 2379 440 JOSEPPI

3716 377 3810 440 103

556 514 756 575 fuerat,
780 516 901 563 ante
925 508 1097 578 ipsum
1126 502 1431 560 exsistebat.
1464 498 1621 565 Quod
1648 498 1715 553 de
1741 495 1997 567 supernis
2031 505 2137 556 est.

2259 493 2551 563 γεννηθεὶς,
2580 492 2703 559 πρὸ
2724 491 2911 546 αὐτοῦ
2946 489 3236 560 ὑπῆρχεν.
3283 491 3403 543 Ὅτι
3442 492 3647 546 ἄνωθέν
3680 495 3764 545 ὲστ
3788 514 3812 546 ν

556 619 620 658 ex
652 603 795 657 coelo
825 614 1038 670 nempe,
1073 597 1345 652 Christus.
1391 591 1548 658 Quod
1587 590 1771 660 justos
1809 590 1877 643 ab
1921 586 2140 657 iniustis

558 695 812 750 Christus
858 699 1125 748 secernet.

557 805 709 861 CAP.
737 804 821 859 Cl.
842 833 911 846 --
929 802 1060 867 Quis
1089 816 1179 854 nec
1203 798 1377 854 uolens
1404 794 1732 866 prophelavit
1757 794 1811 847 in
1833 791 2139 863 Evangelia.

628 986 865 1053 Caipbas
893 981 1133 1051 pontifex
1154 980 1246 1051 qui
1275 980 1576 1035 salutarem
1596 976 1803 1033 Christi
1828 979 2139 1048 passionem

556 1077 822 1147 praedixit,
850 1076 1037 1145 aitque
1064 1072 1267 1127 Judaeis
1300 1091 1314 1126 :
1352 1071 1451 1124 Vos
1490 1088 1595 1125 non
1632 1070 1779 1123 scitis
1820 1068 2140 1138 quidquam,

553 1184 718 1238 neque
752 1168 1034 1236 reputatis,
1065 1165 1204 1235 quod
1238 1163 1369 1216 utile
1400 1163 1543 1216 t‘obis
1577 1170 1676 1223 est,
1715 1170 1773 1214 ut
1814 1176 1949 1214 unus
1990 1160 2143 1213 homo

556 1264 819 1314 moriatur
839 1275 933 1329 pro
974 1258 1189 1327 populo,
1222 1264 1270 1310 et
1297 1271 1403 1308 non
1443 1270 1564 1323 gens
1596 1254 1845 1306 universa
1875 1261 2053 1320 pereat
2073 1251 2140 1305 δ’.

555 1354 769 1419 Quibus
816 1352 1002 1406 subdit
1058 1347 1393 1417 evangelista
1434 1363 1447 1399 :
1499 1344 1614 1398 Hoc
1658 1353 1835 1397 autem
1883 1360 1915 1395 a
1952 1351 2143 1396 semet-

556 1447 669 1511 ipso
712 1460 816 1497 non
862 1442 1024 1506 dixit,
1054 1440 1143 1493 sed
1181 1455 1299 1493 cum
1335 1449 1467 1493 esset
1512 1436 1753 1507 pontifex-
1791 1433 2141 1502 prophetarit,

553 1538 691 1607 quod
720 1534 879 1589 Iesus
910 1534 1162 1594 moriens,
1194 1548 1288 1601 pro
1328 1547 1388 1586 ea
1420 1541 1568 1601 gente
1598 1528 1886 1581 moriturus
1920 1533 2067 1589 erat;
2096 1533 2144 1577 et

558 1644 660 1680 non
689 1642 782 1690 pro
812 1642 873 1679 ea
904 1633 1052 1694 gente
1083 1631 1328 1685 tantum,
1377 1620 1466 1673 sed
1503 1627 1559 1672 ut
1602 1618 1866 1687 dispersas
1906 1612 2000 1668 Dei
2029 1628 2143 1668 oves

558 1729 760 1788 cogeret
786 1718 840 1770 in
859 1729 1041 1769 unum.
1074 1711 1132 1765 In
1154 1710 1332 1766 Veteri
1362 1724 1526 1779 porro
1550 1707 1901 1762 Testamento
1930 1718 2030 1757 nec
2050 1716 2145 1756 vo-

560 1815 733 1868 lentes
765 1809 1254 1881 proplietaveruut,
1302 1805 1521 1858 Balaam
1569 1811 1741 1863 vates,
1774 1808 1830 1854 et
1864 1797 1954 1868 qui
1989 1795 2142 1851 missi

559 1906 777 1960 fuerant
808 1919 837 1957 a
875 1901 1005 1957 Saul
1038 1900 1105 1955 ad
1138 1897 1329 1963 David,
1358 1897 1489 1967 quin
1517 1906 1569 1951 et
1605 1894 1721 1965 ipse
1752 1890 1882 1947 Saul
1911 1890 1977 1945 ad
2013 1904 2137 1945 cum

557 1996 915 2051 contendens.

659 2278 812 2335 CAP.
841 2275 949 2332 Cll.
986 2304 1056 2316 —-
1085 2273 1319 2341 Quinam
1344 2279 1464 2325 sunt
1496 2270 1661 2338 [artes
1702 2265 1922 2319 Davillis
1950 2264 2021 2317 ”.

627 2395 651 2447 1
692 2391 921 2446 .lesboos
949 2389 1041 2460 qui
1081 2386 1319 2443 ornabat
1366 2388 1689 2454 apparatum
1718 2380 1856 2451 eius.
1895 2376 2143 2434 Habebat

558 2485 663 2541 sub
698 2500 757 2537 sc
787 2489 1120 2551 nongentos.

628 2576 665 2629 2
704 2574 943 2638 Adiuon,
973 2570 1068 2640 qui
1101 2568 1512 2623 vulneratorum
1541 2579 1731 2620 curam
1759 2562 1999 2633 gerebat.

628 2672 664 2725 5
703 2670 949 2733 Eleazar,
978 2666 1124 2720 illius
1155 2662 1340 2717 fratris
1367 2661 1558 2716 David.

632 2763 667 2818 4
709 2760 899 2816 Sosios
938 2757 1032 2828 qui
1064 2755 1215 2811 solus
1248 2753 1488 2809 inimicis
1522 2750 1757 2813 obstitit,
1787 2750 1987 2821 jubens
2012 2748 2144 2805 sub-

558 2855 718 2927 jectis
745 2852 874 2915 sibi,
907 2859 967 2904 ut
989 2848 1086 2919 qui
1114 2845 1447 2907 ceciderant,
1479 2843 1799 2913 spoliarent.

634 2946 670 3001 5
715 2943 904 3006 Sama,
932 2940 1025 3011 qui
1047 2938 1460 3008 insequentibus
1489 2934 1738 2989 hostibus
1768 2932 1952 3003 populi
1981 2946 2145 2987 excr-

563 3037 755 3102 citum,
789 3032 940 3091 solus
975 3032 1325 3099 insequentes
1347 3028 1511 3083 vertit
1536 3026 1590 3081 in
1618 3024 1824 3095 fugam.

634 3130 667 3186 6
706 3129 940 3192 Abessa,
973 3124 1069 3195 qui
1099 3121 1372 3180 sexcentis
1399 3120 1449 3175 in
1486 3118 1626 3173 bello
1653 3118 1804 3174 solus
1825 3117 2041 3173 restitit.

633 3297 665 3352 7
707 3295 960 3361 Banaias,
993 3291 1138 3348 filius
1178 3289 1333 3345 Eliab
1359 3289 1541 3345 fratris
1574 3289 1764 3352 David,
1796 3291 1888 3360 qui
1929 3300 1984 3344 et
2013 3292 2150 3345 duos

559 3392 726 3447 duces
755 3387 1049 3451 interfecit,
1076 3395 1130 3441 et
1164 3385 1351 3439 leones
1382 3383 1606 3452 occidit,
1633 3383 2014 3454 (et/Egyptiqu
2048 3384 2145 3439 bo-

561 3486 766 3541 minem
797 3491 1070 3553 pOtentem
1095 3479 1348 3550 perdidit.

632 3580 666 3635 8
702 3576 932 3631 Asaelus
960 3572 1174 3644 praefuit
1208 3572 1425 3643 triginta
1460 3571 1713 3628 ducibus.

631 3671 665 3726 9
700 3669 959 3733 Elecnau,
990 3665 1086 3736 qui
1111 3674 1165 3720 et
1191 3665 1309 3736 ipse
1331 3676 1447 3721 erat
1472 3663 1616 3721 ﬁlius
1643 3662 1828 3720 fratris
1858 3660 2044 3717 David.

634 3849 705 3904 10
748 3846 948 3902 Seman
982 3844 1247 3917 Mydzeus.

637 3942 697 3997 11
743 3941 890 3994 Alles
915 3939 1106 3994 Celtbe
1137 3938 1305 3992 filius.

636 4034 704 4090 12
744 4032 891 4088 Ellas
929 4032 1074 4087 tilius
1104 4030 1395 4085 Pbellathi.

635 4125 702 4180 15
741 4122 933 4179 llieras
967 4122 1109 4178 filius
1136 4122 1337 4178 Escatb
1365 4119 1680 4176 'l‘hecoitcs.

633 4217 701 4272 M
740 4217 951 4271 Anezar
982 4213 1293 4270 Auotbites.

633 4309 703 4364 15
741 4309 912 4364 Elaon
939 4306 1146 4364 Loites.

634 4402 701 4455 16
738 4401 974 4456 Noerion
1006 4398 1269 4454 Pbatites.

636 4493 701 4547 17
738 4492 892 4547 Allus
926 4491 1071 4546 filius
1103 4488 1351 4558 Phapba.

642 4584 706 4637 18
746 4581 895 4635 Euau
934 4578 1332 4650 Nepbtlialitcs.

640 4676 706 4730 19
748 4673 901 4727 Eztbi
936 4671 1082 4727 filius
1113 4669 1389 4726 Rebaecb.

634 4767 705 4821 20
748 4764 980 4821 Sabeetli
1014 4763 1203 4819 Addae
1237 4762 1302 4817 de
1334 4761 1559 4818 Gaasse.

636 4856 696 4909 9.1
744 4855 1007 4908 Abiclbon
1040 4853 1107 4908 de
1136 4852 1558 4922 campestribus.

632 4946 703 4999 Ἡ
740 4944 928 5000 Addad
960 4944 1027 4999 de
1056 4942 1285 4998 Nacbal.

633 5038 702 5092 25
740 5036 946 5092 Jasbiel
978 5035 1046 5091 de
1077 5036 1295 5091 Saratb.

631 5131 701 5185 24
736 5128 946 5185 Matth}.

631 5222 701 5276 25
738 5220 875 5277 Joab
899 5220 1222 5276 Arsamites.

632 5314 702 5365 26
742 5312 887 5368 Elias
918 5312 1286 5369 Salubonites.

635 5404 702 5456 2⁸1
733 5403 1002 5459 Jonatbau
1036 5405 1179 5461 filius
1206 5409 1375 5461 Asan.

636 5494 705 5549 28
748 5496 987 5551 Somnan
1017 5497 1357 5555 Arrbodites.

639 5627 683 5655 ’δ’
707 5625 865 5681 Joau.
900 5646 971 5694 xi,
996 5633 1086 5687 49.
1165 5634 1211 5664 ⁸³
1241 5633 1281 5686 ll
1320 5633 1453 5702 Reg.
1492 5650 1664 5702 mur;
1701 5634 1718 5687 Ι
1750 5633 1924 5691 Paral.
1960 5652 2035 5703 τι,
2074 5654 2171 5694 xu.

640 5778 752 5850 (11)
783 5779 984 5835 Confer
1008 5781 1225 5853 Josepb.
1262 5787 1439 5857 Autiq.
1471 5805 1566 5857 vn,
1598 5790 1683 5843 12.

2244 588 2305 652 ὲξ
2348 584 2581 658 οὐρανοῦ
2636 586 2891 657 Χριστός.
2940 585 3064 637 ’Ὁτι
3094 583 3223 646 τοὺς
3279 582 3522 647 δικαίους
3571 585 3680 637 ἀπ’)
3716 586 3815 638 τῶν

2244 680 2447 733 ἀδίκων
2474 678 2709 749 Χριστὸς
2738 678 3025 747 διακρινεῖ.

2244 792 2497 846 ΚΕΦΔΛ.
2540 789 2661 845 ΡΑ¹.
2695 819 2765 830 —
2795 789 2895 855 Τίς
2946 790 3107 843 ἄκων
3145 792 3600 861 προεφήτευσεν
3627 789 3698 843 ἐν
3744 788 3821 854 τῷ

2847 862 3212 930 Εὑαγγελίῳ,

2317 976 2578 1044 Καϊάφας
2606 975 2634 1026 6
2686 974 2979 1043 ἀρχιερεὺς
3031 972 3093 1024 τὸ
3133 974 3401 1043 σωτήριον
3451 971 3547 1025 τοῦ
3591 970 3820 1042 Χριστοῦ

2246 1062 2422 1126 πάθος
2478 1061 2889 1131 προαγορεύων,
2930 1061 3066 1131 πρὸς
3117 1064 3242 1122 τοὺς
3286 1061 3575 1124 Ἰουδαίους
3619 1061 3817 1131 φησίν·

2260 1154 2445 1223 Ὑμεῖς
2489 1156 2599 1208 οὐκ
2630 1154 2831 1207 οἴδατε
2863 1153 3066 1218 οὐδὲν,
3111 1154 3255 1208 οὐδὲ
3283 1152 3707 1222 διαλογίζεσθε,
3739 1152 3821 1207 ὅτι

2245 1244 2535 1313 συμφέρει
2568 1243 2731 1312 ὑμῖν,
2757 1244 2858 1297 ἵνα
2887 1242 2976 1309 εἷς
3009 1244 3319 1312 ἅνθρωπος
3364 1244 3639 1312 ἀποθάνῃ
3677 1244 3822 1311 ὑπὲρ

2251 1337 2357 1389 τοῦ
2384 1336 2560 1400 λαοῦ,
2592 1335 2689 1389 καὶ
2719 1334 2806 1404 μὴ
2836 1328 2987 1389 ὅλον
3003 1337 3063 1388 τὸ
3083 1338 3258 1401 ἔθνος
3282 1318 3602 1403 ἀπόλητᾶι·
3637 1336 3721 1404 ἐφ’
3746 1331 3821 1399 οἷς

2246 1429 2527 1495 ἐπήγαγεν
2546 1428 2573 1479 6
2602 1426 3006 1497 Εὑαγγελιστής
3028 1444 3041 1458 ·
3073 1428 3252 1481 Τοῦτο
3277 1427 3344 1480 δὲ
3358 1428 3459 1497 ἀφ’
3485 1427 3701 1480 ἑαυτοῦ
3717 1429 3823 1480 οὐκ

2244 1513 2436 1581 εἶπεν,
2498 1518 2636 1571 ἀλλ’
2688 1517 3001 1587 ἀρχιερεὺς
3051 1517 3154 1581 ὢν,
3206 1517 3684 1586 προεφήτευσεν,
3740 1515 3823 1568 ὅτι

2245 1608 2514 1676 ἤμελλεν
2544 1611 2576 1661 ὀ
2621 1608 2863 1675 Ἰησοῦς
2907 1608 3249 1667 ἀποθανὼν.
3288 1607 3439 1676 ὑπὲρ
3472 1607 3580 1661 τοῦ
3612 1608 3824 1671 ἔθνους

2245 1698 2679 1765 ἀποθνήσκειν,
2727 1698 2827 1752 καὶ
2876 1700 2989 1767 οὐχ
3036 1698 3189 1765 ὑπὲρ
3230 1698 3336 1751 τοῦ
3364 1696 3583 1762 ἔθνους
3621 1699 3824 1764 μόνον,

2247 1791 2382 1843 ἀλλ’
2410 1790 2511 1843 ἵνα
2551 1789 2623 1843 τὰ
2663 1789 3115 1859 ἐσκορπισμένα
3170 1788 3319 1843 Θεοῦ
3365 1790 3633 1857 πρόϐατα
3685 1804 3827 1842 συν-

2248 1880 2439 1948 αγάγῃ
2483 1881 2569 1945 είς
2605 1879 2693 1932 ἓν.
2740 1880 2828 1931 Ἐν
2893 1878 2949 1931 δὲ
2981 1881 3049 1949 τῇ
3098 1876 3311 1949 Παλαιᾷ
3364 1877 3591 1940 ἄκοντες
3618 1892 3827 1948 προφη-

2246 1971 2495 2037 τεύουσι,
2531 1971 2761 2043 Βαλαὰμ
2784 1974 2813 2025 6
2850 1971 3064 2043 μάντις,
3097 1971 3192 2025 καὶ
3214 1971 3266 2023 oi
3300 1970 3704 2033 ἀποσταλέντες
3729 1968 3830 2022 ὐπδ

2248 2062 2343 2117 τοῦ
2368 2063 2543 2116 Σαοὺλ
2590 2063 2685 2115 ἐπὶ
2719 2061 2810 2116 τὸν
2839 2061 3027 2128 Δαόὶδ,
3079 2060 3175 2116 καὶ
3203 2060 3367 2125 αὐτὸς
3395 2062 3423 2113 6
3469 2060 3645 2113 Σαοὺλ
3677 2060 3829 2114 ἐπελ-

2250 2156 2359 2209 Οὼν
2382 2156 2552 2226 αὐτῷ.

2248 2270 2501 2324 ΚΕΦΑΛ.
2534 2271 2658 2324 PB’.
2685 2301 2754 2312 —-
2783 2269 2954 2338 Τίνες
2976 2269 3136 2326 είσίν
3157 2274 3213 2327 oi
3236 2271 3342 2327 τοῦ
3366 2270 3545 2325 Δαϐίδ
3561 2271 3830 2327 δυνατοί.

2321 2388 2369 2435 α’
2412 2382 2642 2447 ἰεσϐοὸς
2669 2383 2780 2455 (11)
2825 2383 3104 2455 διεκόσμει
3156 2383 3255 2456 τὴν
3308 2382 3601 2456 διασκευὴν
3645 2382 3832 2439 αὑτοῦ.

2252 2471 2412 2545 Εἷχεν
2443 2476 2536 2529 ὑπ’
2567 2476 2730 2528 αὐτὸν
2760 2476 3128 2541 ἐννακοσίους.

2323 2565 2369 2637 β’
2410 2567 2652 2633 ’Λδινὼν,
2683 2568 2741 2631 ὃς
2770 2568 2880 2622 τῶν
2909 2569 3245 2639 τραυμάτων
3270 2568 3615 2639 ἐπεμελεῖτο.

2322 2656 2371 2728 γ’
2410 2661 2674 2730 Ἐλεάζαρ
2712 2661 2827 2724 υίὸς
2851 2660 3082 2730 ἀδελφοῦ
3110 2661 3202 2715 τοῦ
3230 2661 3417 2715 Δαδίδ.

2322 2752 2365 2805 δ’
2389 2752 2607 2816 Σωσιὼς
2631 2754 2790 2823 μόνος
2816 2755 2927 2817 τοῖς
2962 2753 3245 2823 πολεμίοις
3268 2753 3579 2821 ἀνθίστατο,
3600 2752 3839 2806 κελεύων

2252 2847 2365 2908 τοῖς
2400 2846 2490 2898 ὑπ’
2522 2846 2683 2899 αὐτὸν
2716 2846 2997 2899 σκυλεύειν
3028 2847 3155 2910 τοὺς
3183 2846 3507 2909 πίπτοντας.

2327 2938 2366 2990 ε’
2392 2940 2568 3008 Σαμᾶ,
2598 2939 2654 3001 ὃς
2685 2940 2792 2991 τῶν
2829 2939 3101 3007 πολεμίων
3133 2940 3436 2993 διωκόντων
3466 2938 3559 2992 τὸν
3584 2937 3686 2991 τοῦ
3713 2934 3842 2990 λαοῦ

2257 3030 2508 3101 στρατὸν,
2536 3031 2730 3099 μόνους
2773 3030 2985 3102 [μόνος]
3021 3031 3335 3101 ἀπέστρεφε
3372 3030 3498 3092 τοὺς
3519 3027 3842 3091 διώκοντας.

2328 3127 2382 3187 ς’
2432 3121 2683 3187 Ἀϐεσσὰ,
2725 3121 2783 3184 ὃς
2817 3121 3121 3187 ἑξακοσίοις
3152 3123 3211 3175 ὲν
3247 3120 3469 3191 πολέμῳ
3517 3118 3686 3191 μόνος
3714 3118 3843 3174 ἀνθ.

2180 3195 2222 3254 C
2260 3215 2465 3268 ίστατο.

2326 3307 2370 3369 ζ’
2402 3305 2659 3372 Βαναίας,
2702 3306 2884 3359 Ἐλιὰὸ
2921 3305 3036 3369 alb;
3062 3305 3153 3359 τοῦ
3178 3282 3408 3374 ἁδελᾷοὖ
3440 3304 3630 3369 Δαὸὶδ,
3666 3305 3727 3367 ὃς
3755 3304 3849 3356 καὶ

2253 3397 2380 3459 τοὺς
2414 3396 2509 3449 δύο
2542 3395 2884 3466 στρατηγοὺς
2914 3396 3113 3460 ἀνεῖλε,
3154 3395 3247 3448 καὶ
3283 3394 3503 3457 λέοντας
3524 3394 3845 3457 ἀπέκτεινε,

2256 3488 2348 3540 καὶ
2377 3487 2469 3539 τὸν
2496 3487 2796 3554 Αίγύπτιον
2822 3486 2990 3557 ἄνδρα
3018 3485 3242 3539 δυνατὸν
3273 3485 3403 3538 ὄντα
3428 3483 3663 3539 ὤλεσεν.

2326 3577 2380 3649 η’
2418 3578 2680 3649 Ἀσαῆλος
2723 3579 3017 3652 τριάκοντα
3046 3578 3340 3648 ἐφεστήκει
3378 3576 3667 3647 ἄρχουσιν.

2326 3669 2370 3722 θ’
2410 3669 2688 3741 Ἐλεηνᾶν,
2741 3671 2799 3733 ὃς
2836 3667 2904 3741 ἦν
2934 3672 3027 3724 καὶ
3076 3670 3241 3735 αὐτὸς
3304 3669 3419 3735 υἱὸς
3466 3666 3709 3737 ἀδελφοῦ
3761 3666 3851 3721 τοῦ

2255 3759 2443 3813 Δαϐίδ.

2329 3857 2360 3902 ι’
2395 3850 2575 3921 Σεμὰν
2598 3850 2625 3902 6
2658 3849 2922 3915 Mu6ai’oc.

2328 3940 2394 3994 ια’
2432 3942 2623 4012 ’Λλλῆς
2649 3944 2675 3995 6
2704 3942 2799 3995 τοῦ
2839 3941 3046 4012 Κελθῆ.

2327 4033 2393 4103 ιβ’
2438 4034 2629 4099 Ἐλλᾶς
2654 4036 2681 4088 6
2704 4035 2798 4088 τοῦ
2839 4035 3090 4090 Φελλαθί.

2327 4124 2396 4194 ιγ’
2440 4127 2614 4198 Ἱερᾶς
2654 4126 2769 4191 υἱὸς
2809 4126 3008 4181 Ἐσκὰθ
3036 4128 3064 4179 6
3089 4128 3372 4199 Θεκοῖτης.

2328 4216 2389 4271 ιδ’
2432 4218 2655 4288 Ἀνεζὰρ
2683 4221 2711 4273 6
2755 4219 3071 4290 Ἀνωθίτης.

2327 4308 2387 4361 ιε’
2433 4309 2636 4363 Ἐλαὼν
2670 4312 2697 4363 6
2723 4312 2960 4381 Λωῖτης.

2334 4401 2411 4467 ις’
2443 4402 2687 4473 Νοερίων
2711 4404 2740 4455 6
2771 4404 3030 4475 Φατίτης.

2328 4493 2393 4559 ιζ’
2442 4496 2663 4560 Ἀλλοὺς
2686 4496 2799 4561 υίὸς
2826 4498 3004 4565 Φαφά.

2328 4592 2397 4655 ιη’
2443 4586 2605 4640 Ἐναῦ
2628 4588 2655 4639 6
2691 4586 3060 4658 Νεφθαλίτης.

2328 4676 2392 4731 ιϐ’
2433 4677 2582 4742 Ἐζοὶ
2614 4679 2731 4742 υίὸς
2764 4678 3011 4749 Ῥεϐαέχ.

2326 4776 2375 4822 κ’
2410 4770 2612 4824 Σαόεὲθ
2656 4772 2845 4843 Ἀδδαὴ
2874 4774 2901 4826 6
2927 4772 3035 4828 ἀπὸ
3067 4773 3108 4825 Γ
3112 4775 3311 4845 αασσῆ.

2329 4862 2412 4916 κα¹
2457 4863 2749 4917 ’Λϐιελόὼν
2778 4865 2886 4919 ἀπὸ
2918 4866 3017 4936 τῆς
3045 4865 3318 4931 πεδιάδος.

2328 4953 2409 5023 κβ¹
2463 4954 2646 5007 ’Λδδὰδ
2676 4957 2740 5008 ἐκ
2769 4956 2980 5026 Ναχάλ.

2332 5044 2419 5113 κγ’
2459 5045 2700 5117 Ἰασϐιὴλ
2737 5045 2845 5100 ἀπὸ
2868 5048 3071 5118 Σαράθ.

2332 5137 2409 5191 κδ’
2438 5138 2643 5193 Ματθί.

2331 5229 2407 5283 κε’
2454 5230 2611 5283 Ίωὰὸ
2651 5233 2707 5283 Ἀ
2716 5233 3012 5302 ρσαμίτης.

2330 5322 2420 5387 κς⁹
2462 5323 2641 5387 Ἐλίας
2673 5325 2701 5377 6
2737 5325 3121 5396 Σαλαϐονίτης.

2331 5414 2412 5479 κζ’
2455 5417 2715 5471 Ἰωνάϐαν
2747 5420 2865 5481 υἱὸς
2907 5419 3091 5472 Ἀσάν.

2326 5507 2412 5579 κη’
2447 5509 2676 5580 Σωμνᾶν
2704 5510 2733 5561 6
2769 5511 3119 5583 Ἀρῤωδίτης.
