  <div class='ocr_page' id='page_1' title='image "/cluster/home/n/w/nwhite01/storage/ocr_20150623/106/coo.31924054870104/065.png"; bbox 0 0 4044 6418; ppageno 0'>
   <div class='ocr_carea' id='block_1_1' title="bbox 543 369 638 432">
    <p class='ocr_par' dir='ltr' id='par_1_1' title="bbox 543 369 638 432">
     <span class='ocr_line' id='line_1_1' title="bbox 543 369 638 432; baseline -0.021 -1"><span class='ocrx_word' id='word_1_1' title='bbox 543 369 638 432; x_wconf 79' lang='grc' dir='ltr'><strong>ιιι</strong></span> 
     </span>
    </p>
   </div>
   <div class='ocr_carea' id='block_1_2' title="bbox 2006 367 2310 430">
    <p class='ocr_par' dir='ltr' id='par_1_2' title="bbox 2006 367 2310 430">
     <span class='ocr_line' id='line_1_2' title="bbox 2006 367 2310 430; baseline -0.01 0"><span class='ocrx_word' id='word_1_2' title='bbox 2006 369 2038 430; x_wconf 76' lang='grc'>1</span> <span class='ocrx_word' id='word_1_3' title='bbox 2045 367 2310 428; x_wconf 80' lang='lat' dir='ltr'><strong>OSEPPI</strong></span> 
     </span>
    </p>
   </div>
   <div class='ocr_carea' id='block_1_3' title="bbox 3719 365 3808 427">
    <p class='ocr_par' dir='ltr' id='par_1_3' title="bbox 3719 365 3808 427">
     <span class='ocr_line' id='line_1_3' title="bbox 3719 365 3808 427; baseline 0.022 -2"><span class='ocrx_word' id='word_1_4' title='bbox 3719 365 3808 427; x_wconf 78' lang='grc'><strong>112</strong></span> 
     </span>
    </p>
   </div>
   <div class='ocr_carea' id='block_1_4' title="bbox 539 478 2119 553">
    <p class='ocr_par' dir='ltr' id='par_1_4' title="bbox 539 479 2119 553">
     <span class='ocr_line' id='line_1_4' title="bbox 539 479 2119 553; baseline -0.001 -17"><span class='ocrx_word' id='word_1_5' title='bbox 539 497 687 538; x_wconf 88' lang='lat' dir='ltr'><strong>anno</strong></span> <span class='ocrx_word' id='word_1_6' title='bbox 709 481 859 553; x_wconf 76' lang='lat' dir='ltr'><strong>regni</strong></span> <span class='ocrx_word' id='word_1_7' title='bbox 890 483 996 537; x_wconf 89' lang='lat' dir='ltr'><strong>sui.</strong></span> <span class='ocrx_word' id='word_1_8' title='bbox 1033 481 1110 535; x_wconf 79' lang='lat' dir='ltr'><strong>Ad</strong></span> <span class='ocrx_word' id='word_1_9' title='bbox 1142 479 1484 536; x_wconf 76' lang='lat' dir='ltr'><strong>efficiendum</strong></span> <span class='ocrx_word' id='word_1_10' title='bbox 1515 494 1653 549; x_wconf 81' lang='lat' dir='ltr'><strong>opus</strong></span> <span class='ocrx_word' id='word_1_11' title='bbox 1677 480 1966 536; x_wconf 81' lang='lat' dir='ltr'><strong>con5tituit</strong></span> <span class='ocrx_word' id='word_1_12' title='bbox 1993 496 2119 551; x_wconf 85' lang='lat' dir='ltr'><strong>0pc-</strong></span> 
     </span>
    </p>
   </div>
   <div class='ocr_carea' id='block_1_5' title="bbox 2228 478 3804 553">
    <p class='ocr_par' dir='ltr' id='par_1_5' title="bbox 2228 478 3804 551">
     <span class='ocr_line' id='line_1_5' title="bbox 2228 478 3804 551; baseline 0 -18"><span class='ocrx_word' id='word_1_13' title='bbox 2228 481 2466 551; x_wconf 80' lang='grc' dir='ltr'>κοδομῆς</span> <span class='ocrx_word' id='word_1_14' title='bbox 2499 480 2609 534; x_wconf 63' lang='grc' dir='ltr'>άπδ</span> <span class='ocrx_word' id='word_1_15' title='bbox 2661 479 2927 550; x_wconf 80' lang='grc' dir='ltr'><strong>τετάρτου</strong></span> <span class='ocrx_word' id='word_1_16' title='bbox 2973 478 3128 543; x_wconf 77' lang='grc' dir='ltr'>έτους</span> <span class='ocrx_word' id='word_1_17' title='bbox 3157 481 3255 549; x_wconf 72' lang='grc' dir='ltr'>τῆς</span> <span class='ocrx_word' id='word_1_18' title='bbox 3311 479 3590 550; x_wconf 75' lang='grc' dir='ltr'>βασιλείας</span> <span class='ocrx_word' id='word_1_19' title='bbox 3623 481 3804 534; x_wconf 79' lang='grc' dir='ltr'>αὑτοῦ.</span> 
     </span>
    </p>
   </div>
   <div class='ocr_carea' id='block_1_6' title="bbox 542 570 2128 645">
    <p class='ocr_par' dir='ltr' id='par_1_6' title="bbox 542 570 2128 645">
     <span class='ocr_line' id='line_1_6' title="bbox 542 570 2128 645; baseline -0.001 -17"><span class='ocrx_word' id='word_1_20' title='bbox 542 578 719 631; x_wconf 81' lang='lat' dir='ltr'><strong>rarios</strong></span> <span class='ocrx_word' id='word_1_21' title='bbox 741 575 1083 645; x_wconf 45' lang='lat' dir='ltr'><strong>sel‘ituaginta</strong></span> <span class='ocrx_word' id='word_1_22' title='bbox 1113 574 1301 636; x_wconf 84' lang='lat' dir='ltr'><strong>millia,</strong></span> <span class='ocrx_word' id='word_1_23' title='bbox 1323 587 1387 626; x_wconf 89' lang='lat' dir='ltr'><strong>ac</strong></span> <span class='ocrx_word' id='word_1_24' title='bbox 1410 570 1696 641; x_wconf 73' lang='lat' dir='ltr'><strong>praefectos</strong></span> <span class='ocrx_word' id='word_1_25' title='bbox 1718 583 1800 626; x_wconf 84' lang='lat' dir='ltr'><strong>ter</strong></span> <span class='ocrx_word' id='word_1_26' title='bbox 1828 573 1979 628; x_wconf 88' lang='lat' dir='ltr'><strong>mille</strong></span> <span class='ocrx_word' id='word_1_27' title='bbox 2002 589 2128 627; x_wconf 85' lang='lat' dir='ltr'><strong>sex-</strong></span> 
     </span>
    </p>
   </div>
   <div class='ocr_carea' id='block_1_7' title="bbox 543 665 2128 736">
    <p class='ocr_par' dir='ltr' id='par_1_7' title="bbox 543 665 2128 736">
     <span class='ocr_line' id='line_1_7' title="bbox 543 665 2128 736; baseline -0.001 -15"><span class='ocrx_word' id='word_1_28' title='bbox 543 678 755 731; x_wconf 89' lang='lat' dir='ltr'><strong>centos,</strong></span> <span class='ocrx_word' id='word_1_29' title='bbox 794 668 1168 722; x_wconf 77' lang='lat' dir='ltr'><strong>Arcliitectnm</strong></span> <span class='ocrx_word' id='word_1_30' title='bbox 1206 666 1370 720; x_wconf 90' lang='lat' dir='ltr'><strong>totius</strong></span> <span class='ocrx_word' id='word_1_31' title='bbox 1395 665 1607 720; x_wconf 65' lang='lat' dir='ltr'><strong>aedilicii</strong></span> <span class='ocrx_word' id='word_1_32' title='bbox 1637 666 1705 720; x_wconf 89' lang='lat' dir='ltr'><strong>de</strong></span> <span class='ocrx_word' id='word_1_33' title='bbox 1729 665 1874 736; x_wconf 83' lang='lat' dir='ltr'><strong>Tyro</strong></span> <span class='ocrx_word' id='word_1_34' title='bbox 1895 666 2128 720; x_wconf 82' lang='lat' dir='ltr'><strong>accersit</strong></span> 
     </span>
    </p>
   </div>
   <div class='ocr_carea' id='block_1_8' title="bbox 541 755 2123 827">
    <p class='ocr_par' dir='ltr' id='par_1_8' title="bbox 541 755 2123 827">
     <span class='ocr_line' id='line_1_8' title="bbox 541 755 2123 827; baseline -0.002 -13"><span class='ocrx_word' id='word_1_35' title='bbox 541 761 773 814; x_wconf 87' lang='lat' dir='ltr'><strong>Cheram</strong></span> <span class='ocrx_word' id='word_1_36' title='bbox 801 759 967 812; x_wconf 80' lang='lat' dir='ltr'><strong>tilium</strong></span> <span class='ocrx_word' id='word_1_37' title='bbox 1000 758 1244 811; x_wconf 84' lang='lat' dir='ltr'><strong>mulieris</strong></span> <span class='ocrx_word' id='word_1_38' title='bbox 1265 757 1442 811; x_wconf 76' lang='lat' dir='ltr'><strong>vidua:</strong></span> <span class='ocrx_word' id='word_1_39' title='bbox 1471 756 1539 811; x_wconf 88' lang='lat' dir='ltr'><strong>de</strong></span> <span class='ocrx_word' id='word_1_40' title='bbox 1575 757 1721 812; x_wconf 92' lang='lat' dir='ltr'><strong>tribu</strong></span> <span class='ocrx_word' id='word_1_41' title='bbox 1753 755 2123 827; x_wconf 85' lang='lat' dir='ltr'><strong>Nepbtbalim,</strong></span> 
     </span>
    </p>
   </div>
   <div class='ocr_carea' id='block_1_9' title="bbox 540 848 2126 920">
    <p class='ocr_par' dir='ltr' id='par_1_9' title="bbox 540 848 2126 920">
     <span class='ocr_line' id='line_1_9' title="bbox 540 848 2126 920; baseline -0.001 -15"><span class='ocrx_word' id='word_1_42' title='bbox 540 861 691 920; x_wconf 89' lang='lat' dir='ltr'><strong>patre</strong></span> <span class='ocrx_word' id='word_1_43' title='bbox 717 850 903 920; x_wconf 78' lang='lat' dir='ltr'><strong>Tyrio.</strong></span> <span class='ocrx_word' id='word_1_44' title='bbox 942 849 1247 904; x_wconf 79' lang='lat' dir='ltr'><strong>Assistebat</strong></span> <span class='ocrx_word' id='word_1_45' title='bbox 1276 858 1456 902; x_wconf 87' lang='lat' dir='ltr'><strong>autem</strong></span> <span class='ocrx_word' id='word_1_46' title='bbox 1483 850 1532 903; x_wconf 85' lang='lat' dir='ltr'><strong>ei</strong></span> <span class='ocrx_word' id='word_1_47' title='bbox 1559 848 1722 904; x_wconf 81' lang='lat' dir='ltr'><strong>etiam</strong></span> <span class='ocrx_word' id='word_1_48' title='bbox 1751 848 1877 920; x_wconf 85' lang='lat' dir='ltr'><strong>Tyri</strong></span> <span class='ocrx_word' id='word_1_49' title='bbox 1909 865 2027 914; x_wconf 88' lang='lat' dir='ltr'><strong>rex,</strong></span> <span class='ocrx_word' id='word_1_50' title='bbox 2059 849 2126 904; x_wconf 88' lang='lat' dir='ltr'><strong>ad</strong></span> 
     </span>
    </p>
   </div>
   <div class='ocr_carea' id='block_1_10' title="bbox 541 940 2128 1011">
    <p class='ocr_par' dir='ltr' id='par_1_10' title="bbox 541 940 2128 1011">
     <span class='ocr_line' id='line_1_10' title="bbox 541 940 2128 1011; baseline 0 -15"><span class='ocrx_word' id='word_1_51' title='bbox 541 942 968 996; x_wconf 89' lang='lat' dir='ltr'><strong>construendum</strong></span> <span class='ocrx_word' id='word_1_52' title='bbox 1012 940 1310 1008; x_wconf 84' lang='lat' dir='ltr'><strong>templum,</strong></span> <span class='ocrx_word' id='word_1_53' title='bbox 1379 940 1602 994; x_wconf 80' lang='lat' dir='ltr'><strong>Cbiram</strong></span> <span class='ocrx_word' id='word_1_54' title='bbox 1645 955 1862 1010; x_wconf 82' lang='lat' dir='ltr'><strong>nempe,</strong></span> <span class='ocrx_word' id='word_1_55' title='bbox 1926 955 2128 1011; x_wconf 87' lang='lat' dir='ltr'><strong>suppe-</strong></span> 
     </span>
    </p>
   </div>
   <div class='ocr_carea' id='block_1_11' title="bbox 537 1028 2126 1099">
    <p class='ocr_par' dir='ltr' id='par_1_11' title="bbox 537 1028 2126 1099">
     <span class='ocr_line' id='line_1_11' title="bbox 537 1028 2126 1099; baseline -0.001 -13"><span class='ocrx_word' id='word_1_56' title='bbox 537 1034 715 1086; x_wconf 78' lang='lat' dir='ltr'><strong>ditans</strong></span> <span class='ocrx_word' id='word_1_57' title='bbox 742 1032 808 1085; x_wconf 91' lang='lat' dir='ltr'><strong>de</strong></span> <span class='ocrx_word' id='word_1_58' title='bbox 843 1030 1051 1084; x_wconf 72' lang='lat' dir='ltr'><strong>Libano</strong></span> <span class='ocrx_word' id='word_1_59' title='bbox 1080 1031 1225 1099; x_wconf 74' lang='lat' dir='ltr'><strong>ligna</strong></span> <span class='ocrx_word' id='word_1_60' title='bbox 1257 1029 1482 1084; x_wconf 89' lang='lat' dir='ltr'><strong>eedrina</strong></span> <span class='ocrx_word' id='word_1_61' title='bbox 1513 1039 1568 1083; x_wconf 86' lang='lat' dir='ltr'><strong>et</strong></span> <span class='ocrx_word' id='word_1_62' title='bbox 1614 1031 1794 1099; x_wconf 81' lang='lat' dir='ltr'><strong>pinea.</strong></span> <span class='ocrx_word' id='word_1_63' title='bbox 1839 1028 2126 1085; x_wconf 89' lang='lat' dir='ltr'><strong>Submini-</strong></span> 
     </span>
    </p>
   </div>
   <div class='ocr_carea' id='block_1_12' title="bbox 536 1122 2128 1192">
    <p class='ocr_par' dir='ltr' id='par_1_12' title="bbox 536 1122 2128 1192">
     <span class='ocr_line' id='line_1_12' title="bbox 536 1122 2128 1192; baseline -0.003 -12"><span class='ocrx_word' id='word_1_64' title='bbox 536 1127 938 1180; x_wconf 85' lang='lat' dir='ltr'><strong>strabatantem</strong></span> <span class='ocrx_word' id='word_1_65' title='bbox 964 1124 1223 1176; x_wconf 87' lang='lat' dir='ltr'><strong>Salomon</strong></span> <span class='ocrx_word' id='word_1_66' title='bbox 1240 1123 1286 1176; x_wconf 87' lang='lat' dir='ltr'><strong>ei</strong></span> <span class='ocrx_word' id='word_1_67' title='bbox 1307 1123 1602 1192; x_wconf 77' lang='lat' dir='ltr'><strong>quotannis</strong></span> <span class='ocrx_word' id='word_1_68' title='bbox 1618 1131 1835 1192; x_wconf 84' lang='lat' dir='ltr'><strong>propter</strong></span> <span class='ocrx_word' id='word_1_69' title='bbox 1852 1122 2128 1191; x_wconf 86' lang='lat' dir='ltr'><strong>impensas</strong></span> 
     </span>
    </p>
   </div>
   <div class='ocr_carea' id='block_1_13' title="bbox 535 1215 2123 1284">
    <p class='ocr_par' dir='ltr' id='par_1_13' title="bbox 535 1215 2123 1284">
     <span class='ocr_line' id='line_1_13' title="bbox 535 1215 2123 1284; baseline -0.002 -13"><span class='ocrx_word' id='word_1_70' title='bbox 535 1217 858 1280; x_wconf 54' lang='lat' dir='ltr'><strong>euidentium</strong></span> <span class='ocrx_word' id='word_1_71' title='bbox 889 1215 1032 1284; x_wconf 85' lang='lat' dir='ltr'><strong>ligna</strong></span> <span class='ocrx_word' id='word_1_72' title='bbox 1053 1225 1106 1269; x_wconf 90' lang='lat' dir='ltr'><strong>et</strong></span> <span class='ocrx_word' id='word_1_73' title='bbox 1138 1215 1524 1270; x_wconf 87' lang='lat' dir='ltr'><strong>deducentium</strong></span> <span class='ocrx_word' id='word_1_74' title='bbox 1556 1230 1618 1268; x_wconf 85' lang='lat' dir='ltr'><strong>ea</strong></span> <span class='ocrx_word' id='word_1_75' title='bbox 1654 1230 1826 1284; x_wconf 86' lang='lat' dir='ltr'><strong>usque</strong></span> <span class='ocrx_word' id='word_1_76' title='bbox 1853 1216 1919 1268; x_wconf 89' lang='lat' dir='ltr'><strong>ad</strong></span> <span class='ocrx_word' id='word_1_77' title='bbox 1953 1229 2123 1282; x_wconf 85' lang='lat' dir='ltr'><strong>mare,</strong></span> 
     </span>
    </p>
   </div>
   <div class='ocr_carea' id='block_1_14' title="bbox 535 1305 2127 1375">
    <p class='ocr_par' dir='ltr' id='par_1_14' title="bbox 535 1305 2127 1375">
     <span class='ocr_line' id='line_1_14' title="bbox 535 1305 2127 1375; baseline -0.004 -11"><span class='ocrx_word' id='word_1_78' title='bbox 535 1311 697 1364; x_wconf 87' lang='lat' dir='ltr'><strong>tritici</strong></span> <span class='ocrx_word' id='word_1_79' title='bbox 728 1325 890 1362; x_wconf 76' lang='lat' dir='ltr'><strong>curos</strong></span> <span class='ocrx_word' id='word_1_80' title='bbox 917 1307 1042 1371; x_wconf 83' lang='lat' dir='ltr'><strong>MM,</strong></span> <span class='ocrx_word' id='word_1_81' title='bbox 1067 1308 1170 1362; x_wconf 85' lang='lat' dir='ltr'><strong>olei</strong></span> <span class='ocrx_word' id='word_1_82' title='bbox 1203 1309 1358 1361; x_wconf 87' lang='lat' dir='ltr'><strong>batos</strong></span> <span class='ocrx_word' id='word_1_83' title='bbox 1384 1306 1510 1360; x_wconf 80' lang='lat' dir='ltr'><strong>MM.</strong></span> <span class='ocrx_word' id='word_1_84' title='bbox 1557 1305 1781 1360; x_wconf 78' lang='lat' dir='ltr'><strong>Miserat</strong></span> <span class='ocrx_word' id='word_1_85' title='bbox 1810 1322 2029 1375; x_wconf 86' lang='lat' dir='ltr'><strong>quoque</strong></span> <span class='ocrx_word' id='word_1_86' title='bbox 2060 1307 2127 1358; x_wconf 88' lang='lat' dir='ltr'><strong>de</strong></span> 
     </span>
    </p>
   </div>
   <div class='ocr_carea' id='block_1_15' title="bbox 537 1398 2124 1473">
    <p class='ocr_par' dir='ltr' id='par_1_15' title="bbox 537 1398 2124 1473">
     <span class='ocr_line' id='line_1_15' title="bbox 537 1398 2124 1473; baseline -0.001 -18"><span class='ocrx_word' id='word_1_87' title='bbox 537 1405 736 1473; x_wconf 85' lang='lat' dir='ltr'><strong>populo</strong></span> <span class='ocrx_word' id='word_1_88' title='bbox 769 1401 1069 1456; x_wconf 85' lang='lat' dir='ltr'><strong>lsraclitico</strong></span> <span class='ocrx_word' id='word_1_89' title='bbox 1099 1402 1163 1455; x_wconf 88' lang='lat' dir='ltr'><strong>ad</strong></span> <span class='ocrx_word' id='word_1_90' title='bbox 1209 1402 1472 1455; x_wconf 79' lang='lat' dir='ltr'><strong>Libanum</strong></span> <span class='ocrx_word' id='word_1_91' title='bbox 1504 1398 1689 1453; x_wconf 87' lang='lat' dir='ltr'><strong>decem</strong></span> <span class='ocrx_word' id='word_1_92' title='bbox 1724 1399 1892 1452; x_wconf 83' lang='lat' dir='ltr'><strong>millia</strong></span> <span class='ocrx_word' id='word_1_93' title='bbox 1931 1414 2124 1468; x_wconf 84' lang='lat' dir='ltr'><strong>opera-</strong></span> 
     </span>
    </p>
   </div>
   <div class='ocr_carea' id='block_1_16' title="bbox 536 1490 2120 1561">
    <p class='ocr_par' dir='ltr' id='par_1_16' title="bbox 536 1490 2120 1561">
     <span class='ocr_line' id='line_1_16' title="bbox 536 1490 2120 1561; baseline -0.003 -15"><span class='ocrx_word' id='word_1_94' title='bbox 536 1495 770 1556; x_wconf 86' lang='lat' dir='ltr'><strong>riorum,</strong></span> <span class='ocrx_word' id='word_1_95' title='bbox 801 1494 891 1561; x_wconf 85' lang='lat' dir='ltr'><strong>qui</strong></span> <span class='ocrx_word' id='word_1_96' title='bbox 927 1494 1222 1546; x_wconf 82' lang='lat' dir='ltr'><strong>menstruis</strong></span> <span class='ocrx_word' id='word_1_97' title='bbox 1256 1491 1553 1546; x_wconf 84' lang='lat' dir='ltr'><strong>intervallis</strong></span> <span class='ocrx_word' id='word_1_98' title='bbox 1589 1490 1968 1554; x_wconf 79' lang='lat' dir='ltr'><strong>mutabantur,</strong></span> <span class='ocrx_word' id='word_1_99' title='bbox 1998 1491 2120 1558; x_wconf 86' lang='lat' dir='ltr'><strong>qui-</strong></span> 
     </span>
    </p>
   </div>
   <div class='ocr_carea' id='block_1_17' title="bbox 537 1583 1254 1654">
    <p class='ocr_par' dir='ltr' id='par_1_17' title="bbox 537 1583 1254 1654">
     <span class='ocr_line' id='line_1_17' title="bbox 537 1583 1254 1654; baseline -0.001 -15"><span class='ocrx_word' id='word_1_100' title='bbox 537 1587 637 1641; x_wconf 85' lang='lat' dir='ltr'><strong>lms</strong></span> <span class='ocrx_word' id='word_1_101' title='bbox 671 1595 900 1654; x_wconf 69' lang='lat' dir='ltr'><strong>prmerat</strong></span> <span class='ocrx_word' id='word_1_102' title='bbox 933 1583 1254 1638; x_wconf 85' lang='lat' dir='ltr'><strong>Adoniram.</strong></span> 
     </span>
    </p>
   </div>
   <div class='ocr_carea' id='block_1_18' title="bbox 606 1783 2122 1854">
    <p class='ocr_par' dir='ltr' id='par_1_18' title="bbox 606 1783 2122 1854">
     <span class='ocr_line' id='line_1_18' title="bbox 606 1783 2122 1854; baseline 0.001 -15"><span class='ocrx_word' id='word_1_103' title='bbox 606 1785 761 1839; x_wconf 82' lang='lat' dir='ltr'><strong>CAP.</strong></span> <span class='ocrx_word' id='word_1_104' title='bbox 792 1783 927 1838; x_wconf 80' lang='lat' dir='ltr'><strong>CVI.</strong></span> <span class='ocrx_word' id='word_1_105' title='bbox 951 1813 1021 1824; x_wconf 93' lang='lat'>—</span> <span class='ocrx_word' id='word_1_106' title='bbox 1053 1783 1366 1852; x_wconf 81' lang='lat' dir='ltr'><strong>Cujusmodi</strong></span> <span class='ocrx_word' id='word_1_107' title='bbox 1393 1792 1508 1836; x_wconf 82' lang='lat' dir='ltr'><strong>erat</strong></span> <span class='ocrx_word' id='word_1_108' title='bbox 1538 1783 1809 1854; x_wconf 82' lang='lat' dir='ltr'><strong>templum,</strong></span> <span class='ocrx_word' id='word_1_109' title='bbox 1846 1784 1986 1853; x_wconf 82' lang='lat' dir='ltr'><strong>quod</strong></span> <span class='ocrx_word' id='word_1_110' title='bbox 2019 1785 2122 1841; x_wconf 84' lang='lat' dir='ltr'><strong>Sa-</strong></span> 
     </span>
    </p>
   </div>
   <div class='ocr_carea' id='block_1_19' title="bbox 1068 1854 1581 1924">
    <p class='ocr_par' dir='ltr' id='par_1_19' title="bbox 1068 1854 1581 1924">
     <span class='ocr_line' id='line_1_19' title="bbox 1068 1854 1581 1924; baseline 0.004 -16"><span class='ocrx_word' id='word_1_111' title='bbox 1068 1855 1244 1908; x_wconf 79' lang='lat' dir='ltr'><strong>lomon</strong></span> <span class='ocrx_word' id='word_1_112' title='bbox 1275 1854 1581 1924; x_wconf 74' lang='lat' dir='ltr'><strong>wdiﬁcaril.</strong></span> 
     </span>
    </p>
   </div>
   <div class='ocr_carea' id='block_1_20' title="bbox 605 1969 2124 2041">
    <p class='ocr_par' dir='ltr' id='par_1_20' title="bbox 605 1969 2124 2041">
     <span class='ocr_line' id='line_1_20' title="bbox 605 1969 2124 2041; baseline 0.001 -17"><span class='ocrx_word' id='word_1_113' title='bbox 605 1969 777 2026; x_wconf 83' lang='lat' dir='ltr'><strong>Media</strong></span> <span class='ocrx_word' id='word_1_114' title='bbox 818 1970 1018 2025; x_wconf 88' lang='lat' dir='ltr'><strong>domus</strong></span> <span class='ocrx_word' id='word_1_115' title='bbox 1063 1979 1182 2024; x_wconf 88' lang='lat' dir='ltr'><strong>erat</strong></span> <span class='ocrx_word' id='word_1_116' title='bbox 1230 1969 1515 2036; x_wconf 87' lang='lat' dir='ltr'><strong>stadialis,</strong></span> <span class='ocrx_word' id='word_1_117' title='bbox 1563 1971 1981 2025; x_wconf 87' lang='lat' dir='ltr'><strong>circumambita</strong></span> <span class='ocrx_word' id='word_1_118' title='bbox 2027 1987 2124 2041; x_wconf 76' lang='lat' dir='ltr'><strong>per</strong></span> 
     </span>
    </p>
   </div>
   <div class='ocr_carea' id='block_1_21' title="bbox 534 2060 2124 2131">
    <p class='ocr_par' dir='ltr' id='par_1_21' title="bbox 534 2060 2124 2131">
     <span class='ocr_line' id='line_1_21' title="bbox 534 2060 2124 2131; baseline 0.004 -17"><span class='ocrx_word' id='word_1_119' title='bbox 534 2070 772 2131; x_wconf 84' lang='lat' dir='ltr'><strong>quatuor</strong></span> <span class='ocrx_word' id='word_1_120' title='bbox 795 2061 985 2126; x_wconf 82' lang='lat' dir='ltr'><strong>latera,</strong></span> <span class='ocrx_word' id='word_1_121' title='bbox 1005 2077 1127 2130; x_wconf 77' lang='lat' dir='ltr'><strong>qua:</strong></span> <span class='ocrx_word' id='word_1_122' title='bbox 1154 2061 1450 2114; x_wconf 87' lang='lat' dir='ltr'><strong>vocabatur</strong></span> <span class='ocrx_word' id='word_1_123' title='bbox 1475 2060 1888 2127; x_wconf 83' lang='lat' dir='ltr'><strong>Sanctuarium,</strong></span> <span class='ocrx_word' id='word_1_124' title='bbox 1913 2064 2124 2120; x_wconf 84' lang='lat' dir='ltr'><strong>habens</strong></span> 
     </span>
    </p>
   </div>
   <div class='ocr_carea' id='block_1_22' title="bbox 534 2153 2124 2221">
    <p class='ocr_par' dir='ltr' id='par_1_22' title="bbox 534 2153 2124 2221">
     <span class='ocr_line' id='line_1_22' title="bbox 534 2153 2124 2221; baseline 0.001 -15"><span class='ocrx_word' id='word_1_125' title='bbox 534 2153 924 2221; x_wconf 78' lang='lat' dir='ltr'><strong>longitudinem</strong></span> <span class='ocrx_word' id='word_1_126' title='bbox 988 2153 1303 2206; x_wconf 86' lang='lat' dir='ltr'><strong>cubitorum</strong></span> <span class='ocrx_word' id='word_1_127' title='bbox 1359 2169 1447 2214; x_wconf 73' lang='grc' dir='ltr'><strong>ιτ,</strong></span> <span class='ocrx_word' id='word_1_128' title='bbox 1513 2153 1855 2207; x_wconf 84' lang='lat' dir='ltr'><strong>latitudinem</strong></span> <span class='ocrx_word' id='word_1_129' title='bbox 1915 2155 2124 2208; x_wconf 86' lang='lat' dir='ltr'><strong>cubito-</strong></span> 
     </span>
    </p>
   </div>
   <div class='ocr_carea' id='block_1_23' title="bbox 531 2243 2124 2316">
    <p class='ocr_par' dir='ltr' id='par_1_23' title="bbox 531 2243 2124 2316">
     <span class='ocr_line' id='line_1_23' title="bbox 531 2243 2124 2316; baseline 0.003 -18"><span class='ocrx_word' id='word_1_130' title='bbox 531 2259 655 2298; x_wconf 79' lang='lat' dir='ltr'><strong>rum</strong></span> <span class='ocrx_word' id='word_1_131' title='bbox 679 2260 771 2308; x_wconf 80' lang='lat' dir='ltr'><strong>xx,</strong></span> <span class='ocrx_word' id='word_1_132' title='bbox 803 2254 856 2297; x_wconf 90' lang='lat' dir='ltr'><strong>et</strong></span> <span class='ocrx_word' id='word_1_133' title='bbox 883 2243 1226 2298; x_wconf 89' lang='lat' dir='ltr'><strong>altitudinem</strong></span> <span class='ocrx_word' id='word_1_134' title='bbox 1266 2245 1580 2299; x_wconf 88' lang='lat' dir='ltr'><strong>cubitorum</strong></span> <span class='ocrx_word' id='word_1_135' title='bbox 1615 2262 1746 2313; x_wconf 81' lang='lat' dir='ltr'><strong>xxx,</strong></span> <span class='ocrx_word' id='word_1_136' title='bbox 1779 2257 1834 2301; x_wconf 87' lang='lat' dir='ltr'><strong>et</strong></span> <span class='ocrx_word' id='word_1_137' title='bbox 1863 2248 2124 2316; x_wconf 86' lang='lat' dir='ltr'><strong>respicie-</strong></span> 
     </span>
    </p>
   </div>
   <div class='ocr_carea' id='block_1_24' title="bbox 533 2336 2122 2396">
    <p class='ocr_par' dir='ltr' id='par_1_24' title="bbox 533 2336 2122 2396">
     <span class='ocr_line' id='line_1_24' title="bbox 533 2336 2122 2396; baseline 0.003 -6"><span class='ocrx_word' id='word_1_138' title='bbox 533 2339 625 2390; x_wconf 84' lang='lat' dir='ltr'><strong>bat</strong></span> <span class='ocrx_word' id='word_1_139' title='bbox 658 2337 724 2389; x_wconf 88' lang='lat' dir='ltr'><strong>ad</strong></span> <span class='ocrx_word' id='word_1_140' title='bbox 771 2336 1040 2391; x_wconf 89' lang='lat' dir='ltr'><strong>orientem</strong></span> <span class='ocrx_word' id='word_1_141' title='bbox 1075 2337 1270 2392; x_wconf 79' lang='lat' dir='ltr'><strong>solent.</strong></span> <span class='ocrx_word' id='word_1_142' title='bbox 1315 2337 1561 2393; x_wconf 85' lang='lat' dir='ltr'><strong>Habebat</strong></span> <span class='ocrx_word' id='word_1_143' title='bbox 1590 2340 1756 2394; x_wconf 88' lang='lat' dir='ltr'><strong>etiam</strong></span> <span class='ocrx_word' id='word_1_144' title='bbox 1795 2341 2122 2396; x_wconf 80' lang='lat' dir='ltr'><strong>vestibulum</strong></span> 
     </span>
    </p>
   </div>
   <div class='ocr_carea' id='block_1_25' title="bbox 530 2428 2126 2498">
    <p class='ocr_par' dir='ltr' id='par_1_25' title="bbox 530 2428 2126 2498">
     <span class='ocr_line' id='line_1_25' title="bbox 530 2428 2126 2498; baseline 0.004 -16"><span class='ocrx_word' id='word_1_145' title='bbox 530 2429 776 2498; x_wconf 88' lang='lat' dir='ltr'><strong>ejusdem</strong></span> <span class='ocrx_word' id='word_1_146' title='bbox 795 2443 920 2484; x_wconf 88' lang='lat' dir='ltr'><strong>cum</strong></span> <span class='ocrx_word' id='word_1_147' title='bbox 940 2429 1141 2496; x_wconf 85' lang='lat' dir='ltr'><strong>templo</strong></span> <span class='ocrx_word' id='word_1_148' title='bbox 1155 2428 1478 2494; x_wconf 86' lang='lat' dir='ltr'><strong>latitudinis,</strong></span> <span class='ocrx_word' id='word_1_149' title='bbox 1499 2431 1710 2486; x_wconf 79' lang='lat' dir='ltr'><strong>cubitos</strong></span> <span class='ocrx_word' id='word_1_150' title='bbox 1734 2431 1943 2487; x_wconf 85' lang='lat' dir='ltr'><strong>habens</strong></span> <span class='ocrx_word' id='word_1_151' title='bbox 1965 2443 2126 2498; x_wconf 71' lang='grc' dir='ltr'>χι,οι</span> 
     </span>
    </p>
   </div>
   <div class='ocr_carea' id='block_1_26' title="bbox 533 2519 2125 2593">
    <p class='ocr_par' dir='ltr' id='par_1_26' title="bbox 533 2519 2125 2593">
     <span class='ocr_line' id='line_1_26' title="bbox 533 2519 2125 2593; baseline 0.003 -20"><span class='ocrx_word' id='word_1_152' title='bbox 533 2521 880 2593; x_wconf 63' lang='lat' dir='ltr'><strong>altitudinem</strong></span> <span class='ocrx_word' id='word_1_153' title='bbox 903 2519 1108 2590; x_wconf 80' lang='lat' dir='ltr'><strong>templo</strong></span> <span class='ocrx_word' id='word_1_154' title='bbox 1137 2521 1443 2590; x_wconf 71' lang='lat' dir='ltr'><strong>aequalem:</strong></span> <span class='ocrx_word' id='word_1_155' title='bbox 1474 2523 1695 2591; x_wconf 71' lang='lat' dir='ltr'><strong>triginta</strong></span> <span class='ocrx_word' id='word_1_156' title='bbox 1725 2524 1873 2578; x_wconf 88' lang='lat' dir='ltr'><strong>enim</strong></span> <span class='ocrx_word' id='word_1_157' title='bbox 1908 2524 2125 2578; x_wconf 87' lang='lat' dir='ltr'><strong>cubito-</strong></span> 
     </span>
    </p>
   </div>
   <div class='ocr_carea' id='block_1_27' title="bbox 535 2611 2126 2682">
    <p class='ocr_par' dir='ltr' id='par_1_27' title="bbox 535 2611 2126 2682">
     <span class='ocr_line' id='line_1_27' title="bbox 535 2611 2126 2682; baseline 0.003 -17"><span class='ocrx_word' id='word_1_158' title='bbox 535 2626 656 2666; x_wconf 88' lang='lat' dir='ltr'><strong>rum</strong></span> <span class='ocrx_word' id='word_1_159' title='bbox 676 2620 729 2665; x_wconf 93' lang='lat' dir='ltr'><strong>et</strong></span> <span class='ocrx_word' id='word_1_160' title='bbox 750 2611 927 2681; x_wconf 87' lang='lat' dir='ltr'><strong>ipsum</strong></span> <span class='ocrx_word' id='word_1_161' title='bbox 949 2611 1647 2682; x_wconf 84' lang='lat' dir='ltr'><strong>erat,introducebatquein</strong></span> <span class='ocrx_word' id='word_1_162' title='bbox 1664 2614 1877 2670; x_wconf 87' lang='lat' dir='ltr'><strong>cubitos</strong></span> <span class='ocrx_word' id='word_1_163' title='bbox 1907 2615 2126 2679; x_wconf 83' lang='lat' dir='ltr'><strong>xx,cir-</strong></span> 
     </span>
    </p>
   </div>
   <div class='ocr_carea' id='block_1_28' title="bbox 533 2704 2124 2776">
    <p class='ocr_par' dir='ltr' id='par_1_28' title="bbox 533 2704 2124 2776">
     <span class='ocr_line' id='line_1_28' title="bbox 533 2704 2124 2776; baseline 0 -16"><span class='ocrx_word' id='word_1_164' title='bbox 533 2704 1114 2774; x_wconf 81' lang='lat' dir='ltr'><strong>cumfrcquentabatnr</strong></span> <span class='ocrx_word' id='word_1_165' title='bbox 1133 2719 1262 2758; x_wconf 87' lang='lat' dir='ltr'><strong>vero</strong></span> <span class='ocrx_word' id='word_1_166' title='bbox 1282 2705 1462 2774; x_wconf 81' lang='lat' dir='ltr'><strong>parvis</strong></span> <span class='ocrx_word' id='word_1_167' title='bbox 1480 2706 1980 2762; x_wconf 86' lang='lat' dir='ltr'><strong>substructionibus</strong></span> <span class='ocrx_word' id='word_1_168' title='bbox 1993 2722 2124 2776; x_wconf 78' lang='lat' dir='ltr'><strong>xxx,</strong></span> 
     </span>
    </p>
   </div>
   <div class='ocr_carea' id='block_1_29' title="bbox 535 2797 2122 2868">
    <p class='ocr_par' dir='ltr' id='par_1_29' title="bbox 535 2797 2122 2868">
     <span class='ocr_line' id='line_1_29' title="bbox 535 2797 2122 2868; baseline 0.002 -19"><span class='ocrx_word' id='word_1_169' title='bbox 535 2797 1133 2866; x_wconf 82' lang='lat' dir='ltr'><strong>nuinqueeubitalibus,</strong></span> <span class='ocrx_word' id='word_1_170' title='bbox 1181 2798 1538 2866; x_wconf 72' lang='lat' dir='ltr'><strong>:equilateris,</strong></span> <span class='ocrx_word' id='word_1_171' title='bbox 1572 2813 1668 2868; x_wconf 87' lang='lat' dir='ltr'><strong>per</strong></span> <span class='ocrx_word' id='word_1_172' title='bbox 1699 2798 1804 2852; x_wconf 89' lang='lat' dir='ltr'><strong>tria</strong></span> <span class='ocrx_word' id='word_1_173' title='bbox 1856 2799 2122 2864; x_wconf 84' lang='lat' dir='ltr'><strong>tabulata,</strong></span> 
     </span>
    </p>
   </div>
   <div class='ocr_carea' id='block_1_30' title="bbox 532 2889 2126 2956">
    <p class='ocr_par' dir='ltr' id='par_1_30' title="bbox 532 2889 2126 2956">
     <span class='ocr_line' id='line_1_30' title="bbox 532 2889 2126 2956; baseline 0.003 -15"><span class='ocrx_word' id='word_1_174' title='bbox 532 2906 651 2956; x_wconf 68' lang='lat' dir='ltr'><strong>quin</strong></span> <span class='ocrx_word' id='word_1_175' title='bbox 681 2889 784 2944; x_wconf 87' lang='lat' dir='ltr'><strong>tria</strong></span> <span class='ocrx_word' id='word_1_176' title='bbox 816 2889 1058 2945; x_wconf 82' lang='lat' dir='ltr'><strong>tabulata</strong></span> <span class='ocrx_word' id='word_1_177' title='bbox 1093 2889 1497 2944; x_wconf 76' lang='lat' dir='ltr'><strong>extollebantur</strong></span> <span class='ocrx_word' id='word_1_178' title='bbox 1540 2890 1608 2944; x_wconf 88' lang='lat' dir='ltr'><strong>ad</strong></span> <span class='ocrx_word' id='word_1_179' title='bbox 1642 2906 1711 2944; x_wconf 84' lang='lat' dir='ltr'><strong>xx</strong></span> <span class='ocrx_word' id='word_1_180' title='bbox 1759 2891 1994 2947; x_wconf 88' lang='lat' dir='ltr'><strong>cubitos.</strong></span> <span class='ocrx_word' id='word_1_181' title='bbox 2033 2889 2126 2946; x_wconf 70' lang='lat' dir='ltr'><strong>lla:</strong></span> 
     </span>
    </p>
   </div>
   <div class='ocr_carea' id='block_1_31' title="bbox 529 2977 2126 3047">
    <p class='ocr_par' dir='ltr' id='par_1_31' title="bbox 529 2977 2126 3047">
     <span class='ocr_line' id='line_1_31' title="bbox 529 2977 2126 3047; baseline -0.003 -11"><span class='ocrx_word' id='word_1_182' title='bbox 529 2979 876 3036; x_wconf 69' lang='lat' dir='ltr'><strong>domunculae</strong></span> <span class='ocrx_word' id='word_1_183' title='bbox 934 2994 1042 3032; x_wconf 82' lang='lat' dir='ltr'><strong>xxx</strong></span> <span class='ocrx_word' id='word_1_184' title='bbox 1095 2977 1367 3032; x_wconf 84' lang='lat' dir='ltr'><strong>habebant</strong></span> <span class='ocrx_word' id='word_1_185' title='bbox 1412 2992 1674 3033; x_wconf 88' lang='lat' dir='ltr'><strong>ascensus</strong></span> <span class='ocrx_word' id='word_1_186' title='bbox 1739 2979 1995 3032; x_wconf 89' lang='lat' dir='ltr'><strong>occultos</strong></span> <span class='ocrx_word' id='word_1_187' title='bbox 2028 2992 2126 3047; x_wconf 87' lang='lat' dir='ltr'><strong>per</strong></span> 
     </span>
    </p>
   </div>
   <div class='ocr_carea' id='block_1_32' title="bbox 532 3067 2123 3142">
    <p class='ocr_par' dir='ltr' id='par_1_32' title="bbox 532 3067 2123 3142">
     <span class='ocr_line' id='line_1_32' title="bbox 532 3067 2123 3142; baseline -0.003 -16"><span class='ocrx_word' id='word_1_188' title='bbox 532 3087 730 3142; x_wconf 74' lang='lat' dir='ltr'><strong>parvas</strong></span> <span class='ocrx_word' id='word_1_189' title='bbox 784 3081 972 3140; x_wconf 87' lang='lat' dir='ltr'><strong>portas</strong></span> <span class='ocrx_word' id='word_1_190' title='bbox 1018 3070 1286 3125; x_wconf 88' lang='lat' dir='ltr'><strong>ducentes</strong></span> <span class='ocrx_word' id='word_1_191' title='bbox 1351 3068 1418 3123; x_wconf 86' lang='lat' dir='ltr'><strong>ad</strong></span> <span class='ocrx_word' id='word_1_192' title='bbox 1483 3068 1743 3123; x_wconf 86' lang='lat' dir='ltr'><strong>tabulata.</strong></span> <span class='ocrx_word' id='word_1_193' title='bbox 1795 3067 1968 3124; x_wconf 83' lang='lat' dir='ltr'><strong>Porro</strong></span> <span class='ocrx_word' id='word_1_194' title='bbox 2023 3068 2123 3122; x_wconf 85' lang='lat' dir='ltr'><strong>ba-</strong></span> 
     </span>
    </p>
   </div>
   <div class='ocr_carea' id='block_1_33' title="bbox 532 3161 2187 3245">
    <p class='ocr_par' dir='ltr' id='par_1_33' title="bbox 532 3161 2187 3245">
     <span class='ocr_line' id='line_1_33' title="bbox 532 3161 2187 3245; baseline -0.002 -25"><span class='ocrx_word' id='word_1_195' title='bbox 532 3180 650 3220; x_wconf 90' lang='lat' dir='ltr'><strong>rum</strong></span> <span class='ocrx_word' id='word_1_196' title='bbox 677 3163 1134 3219; x_wconf 87' lang='lat' dir='ltr'><strong>domuncularum</strong></span> <span class='ocrx_word' id='word_1_197' title='bbox 1183 3163 1371 3216; x_wconf 85' lang='lat' dir='ltr'><strong>decent</strong></span> <span class='ocrx_word' id='word_1_198' title='bbox 1412 3161 1584 3216; x_wconf 89' lang='lat' dir='ltr'><strong>cubiti</strong></span> <span class='ocrx_word' id='word_1_199' title='bbox 1615 3161 1933 3232; x_wconf 81' lang='lat' dir='ltr'><strong>superiores</strong></span> <span class='ocrx_word' id='word_1_200' title='bbox 1983 3161 2118 3216; x_wconf 87' lang='lat' dir='ltr'><strong>libe-</strong></span> <span class='ocrx_word' id='word_1_201' title='bbox 2147 3187 2187 3245; x_wconf 70' lang='grc' dir='ltr'>ο</span> 
     </span>
    </p>
   </div>
   <div class='ocr_carea' id='block_1_34' title="bbox 531 3253 2109 3326">
    <p class='ocr_par' dir='ltr' id='par_1_34' title="bbox 531 3253 2109 3326">
     <span class='ocr_line' id='line_1_34' title="bbox 531 3253 2109 3326; baseline -0.001 -17"><span class='ocrx_word' id='word_1_202' title='bbox 531 3270 652 3309; x_wconf 88' lang='lat' dir='ltr'><strong>rum</strong></span> <span class='ocrx_word' id='word_1_203' title='bbox 690 3254 1006 3326; x_wconf 59' lang='lat' dir='ltr'><strong>prwbebant</strong></span> <span class='ocrx_word' id='word_1_204' title='bbox 1049 3253 1236 3307; x_wconf 88' lang='lat' dir='ltr'><strong>domui</strong></span> <span class='ocrx_word' id='word_1_205' title='bbox 1277 3253 1576 3308; x_wconf 76' lang='lat' dir='ltr'><strong>sanctuarii</strong></span> <span class='ocrx_word' id='word_1_206' title='bbox 1621 3253 1758 3308; x_wconf 87' lang='lat' dir='ltr'><strong>lucis</strong></span> <span class='ocrx_word' id='word_1_207' title='bbox 1803 3253 2109 3308; x_wconf 89' lang='lat' dir='ltr'><strong>introitum.</strong></span> 
     </span>
    </p>
   </div>
   <div class='ocr_carea' id='block_1_35' title="bbox 529 3347 2112 3418">
    <p class='ocr_par' dir='ltr' id='par_1_35' title="bbox 529 3347 2112 3418">
     <span class='ocr_line' id='line_1_35' title="bbox 529 3347 2112 3418; baseline -0.002 -15"><span class='ocrx_word' id='word_1_208' title='bbox 529 3350 606 3403; x_wconf 82' lang='lat' dir='ltr'><strong>Ex</strong></span> <span class='ocrx_word' id='word_1_209' title='bbox 653 3349 938 3418; x_wconf 77' lang='lat' dir='ltr'><strong>sexaginta</strong></span> <span class='ocrx_word' id='word_1_210' title='bbox 985 3362 1116 3402; x_wconf 84' lang='lat' dir='ltr'><strong>vero</strong></span> <span class='ocrx_word' id='word_1_211' title='bbox 1164 3348 1364 3402; x_wconf 89' lang='lat' dir='ltr'><strong>cubitis</strong></span> <span class='ocrx_word' id='word_1_212' title='bbox 1429 3347 1649 3418; x_wconf 85' lang='lat' dir='ltr'><strong>templi,</strong></span> <span class='ocrx_word' id='word_1_213' title='bbox 1717 3347 2002 3402; x_wconf 82' lang='lat' dir='ltr'><strong>interiores</strong></span> <span class='ocrx_word' id='word_1_214' title='bbox 2041 3363 2112 3402; x_wconf 82' lang='lat' dir='ltr'><strong>xx</strong></span> 
     </span>
    </p>
   </div>
   <div class='ocr_carea' id='block_1_36' title="bbox 527 3440 2113 3502">
    <p class='ocr_par' dir='ltr' id='par_1_36' title="bbox 527 3440 2113 3502">
     <span class='ocr_line' id='line_1_36' title="bbox 527 3440 2113 3502; baseline -0.001 -5"><span class='ocrx_word' id='word_1_215' title='bbox 527 3443 793 3498; x_wconf 87' lang='lat' dir='ltr'><strong>cedebant</strong></span> <span class='ocrx_word' id='word_1_216' title='bbox 828 3440 1031 3495; x_wconf 89' lang='lat' dir='ltr'><strong>Sancto</strong></span> <span class='ocrx_word' id='word_1_217' title='bbox 1068 3451 1406 3502; x_wconf 87' lang='lat' dir='ltr'><strong>sanctorum.</strong></span> <span class='ocrx_word' id='word_1_218' title='bbox 1447 3440 1539 3495; x_wconf 88' lang='lat' dir='ltr'><strong>alii</strong></span> <span class='ocrx_word' id='word_1_219' title='bbox 1583 3451 1766 3496; x_wconf 85' lang='lat' dir='ltr'><strong>autem</strong></span> <span class='ocrx_word' id='word_1_220' title='bbox 1803 3458 1870 3494; x_wconf 71' lang='grc' dir='ltr'><strong>ιι.</strong></span> <span class='ocrx_word' id='word_1_221' title='bbox 1908 3443 2113 3496; x_wconf 84' lang='lat' dir='ltr'><strong>extimo</strong></span> 
     </span>
    </p>
   </div>
   <div class='ocr_carea' id='block_1_37' title="bbox 529 3532 2113 3603">
    <p class='ocr_par' dir='ltr' id='par_1_37' title="bbox 529 3532 2113 3603">
     <span class='ocr_line' id='line_1_37' title="bbox 529 3532 2113 3603; baseline -0.002 -13"><span class='ocrx_word' id='word_1_222' title='bbox 529 3538 735 3591; x_wconf 84' lang='lat' dir='ltr'><strong>Sancto</strong></span> <span class='ocrx_word' id='word_1_223' title='bbox 783 3535 1067 3590; x_wconf 80' lang='lat' dir='ltr'><strong>cedebant.</strong></span> <span class='ocrx_word' id='word_1_224' title='bbox 1119 3532 1294 3588; x_wconf 76' lang='lat' dir='ltr'><strong>Porta:</strong></span> <span class='ocrx_word' id='word_1_225' title='bbox 1329 3533 1515 3603; x_wconf 87' lang='lat' dir='ltr'><strong>templi</strong></span> <span class='ocrx_word' id='word_1_226' title='bbox 1567 3543 1724 3589; x_wconf 85' lang='lat' dir='ltr'><strong>erant</strong></span> <span class='ocrx_word' id='word_1_227' title='bbox 1770 3535 1824 3588; x_wconf 90' lang='lat' dir='ltr'><strong>in</strong></span> <span class='ocrx_word' id='word_1_228' title='bbox 1868 3534 2113 3589; x_wconf 82' lang='lat' dir='ltr'><strong>latitudi-</strong></span> 
     </span>
    </p>
   </div>
   <div class='ocr_carea' id='block_1_38' title="bbox 529 3624 2111 3693">
    <p class='ocr_par' dir='ltr' id='par_1_38' title="bbox 529 3624 2111 3693">
     <span class='ocr_line' id='line_1_38' title="bbox 529 3624 2111 3693; baseline -0.002 -12"><span class='ocrx_word' id='word_1_229' title='bbox 529 3644 652 3682; x_wconf 88' lang='lat' dir='ltr'><strong>nem</strong></span> <span class='ocrx_word' id='word_1_230' title='bbox 695 3642 761 3679; x_wconf 84' lang='lat' dir='ltr'><strong>xx</strong></span> <span class='ocrx_word' id='word_1_231' title='bbox 792 3626 1126 3683; x_wconf 82' lang='lat' dir='ltr'><strong>cubitorum.</strong></span> <span class='ocrx_word' id='word_1_232' title='bbox 1165 3624 1395 3680; x_wconf 89' lang='lat' dir='ltr'><strong>interius</strong></span> <span class='ocrx_word' id='word_1_233' title='bbox 1427 3635 1483 3679; x_wconf 88' lang='lat' dir='ltr'><strong>et</strong></span> <span class='ocrx_word' id='word_1_234' title='bbox 1520 3626 1764 3681; x_wconf 89' lang='lat' dir='ltr'><strong>exterius</strong></span> <span class='ocrx_word' id='word_1_235' title='bbox 1806 3641 1899 3693; x_wconf 89' lang='lat' dir='ltr'><strong>per</strong></span> <span class='ocrx_word' id='word_1_236' title='bbox 1940 3633 2111 3679; x_wconf 86' lang='lat' dir='ltr'><strong>totum</strong></span> 
     </span>
    </p>
   </div>
   <div class='ocr_carea' id='block_1_39' title="bbox 529 3715 2110 3788">
    <p class='ocr_par' dir='ltr' id='par_1_39' title="bbox 529 3715 2110 3788">
     <span class='ocr_line' id='line_1_39' title="bbox 529 3715 2110 3788; baseline -0.002 -14"><span class='ocrx_word' id='word_1_237' title='bbox 529 3735 668 3774; x_wconf 89' lang='lat' dir='ltr'><strong>auro</strong></span> <span class='ocrx_word' id='word_1_238' title='bbox 718 3719 990 3773; x_wconf 71' lang='lat' dir='ltr'><strong>obducta).</strong></span> <span class='ocrx_word' id='word_1_239' title='bbox 1051 3715 1243 3771; x_wconf 81' lang='lat' dir='ltr'><strong>Velnm</strong></span> <span class='ocrx_word' id='word_1_240' title='bbox 1291 3726 1406 3772; x_wconf 86' lang='lat' dir='ltr'><strong>erat</strong></span> <span class='ocrx_word' id='word_1_241' title='bbox 1464 3718 1573 3772; x_wconf 90' lang='lat' dir='ltr'><strong>illis</strong></span> <span class='ocrx_word' id='word_1_242' title='bbox 1639 3733 1979 3788; x_wconf 86' lang='lat' dir='ltr'><strong>appensum,</strong></span> <span class='ocrx_word' id='word_1_243' title='bbox 2046 3734 2110 3772; x_wconf 84' lang='lat' dir='ltr'><strong>ex</strong></span> 
     </span>
    </p>
   </div>
   <div class='ocr_carea' id='block_1_40' title="bbox 535 3808 2112 3882">
    <p class='ocr_par' dir='ltr' id='par_1_40' title="bbox 535 3808 2112 3882">
     <span class='ocr_line' id='line_1_40' title="bbox 535 3808 2112 3882; baseline -0.001 -18"><span class='ocrx_word' id='word_1_244' title='bbox 535 3813 699 3882; x_wconf 87' lang='lat' dir='ltr'><strong>bysso</strong></span> <span class='ocrx_word' id='word_1_245' title='bbox 740 3819 796 3864; x_wconf 90' lang='lat' dir='ltr'><strong>et</strong></span> <span class='ocrx_word' id='word_1_246' title='bbox 849 3808 1144 3880; x_wconf 82' lang='lat' dir='ltr'><strong>byacintlto</strong></span> <span class='ocrx_word' id='word_1_247' title='bbox 1191 3817 1244 3862; x_wconf 86' lang='lat' dir='ltr'><strong>et</strong></span> <span class='ocrx_word' id='word_1_248' title='bbox 1303 3824 1544 3879; x_wconf 87' lang='lat' dir='ltr'><strong>purpura</strong></span> <span class='ocrx_word' id='word_1_249' title='bbox 1599 3819 1653 3864; x_wconf 89' lang='lat' dir='ltr'><strong>et</strong></span> <span class='ocrx_word' id='word_1_250' title='bbox 1703 3813 1929 3865; x_wconf 89' lang='lat' dir='ltr'><strong>coccino</strong></span> <span class='ocrx_word' id='word_1_251' title='bbox 1977 3825 2112 3864; x_wconf 88' lang='lat' dir='ltr'><strong>eon-</strong></span> 
     </span>
    </p>
   </div>
   <div class='ocr_carea' id='block_1_41' title="bbox 529 3901 2112 3972">
    <p class='ocr_par' dir='ltr' id='par_1_41' title="bbox 529 3901 2112 3972">
     <span class='ocr_line' id='line_1_41' title="bbox 529 3901 2112 3972; baseline 0 -16"><span class='ocrx_word' id='word_1_252' title='bbox 529 3913 760 3958; x_wconf 82' lang='lat' dir='ltr'><strong>textum.</strong></span> <span class='ocrx_word' id='word_1_253' title='bbox 814 3901 944 3955; x_wconf 86' lang='lat' dir='ltr'><strong>Erat</strong></span> <span class='ocrx_word' id='word_1_254' title='bbox 986 3909 1169 3955; x_wconf 87' lang='lat' dir='ltr'><strong>autem</strong></span> <span class='ocrx_word' id='word_1_255' title='bbox 1211 3901 1473 3970; x_wconf 89' lang='lat' dir='ltr'><strong>templum</strong></span> <span class='ocrx_word' id='word_1_256' title='bbox 1517 3902 1859 3967; x_wconf 82' lang='lat' dir='ltr'><strong>universum,</strong></span> <span class='ocrx_word' id='word_1_257' title='bbox 1903 3911 1956 3956; x_wconf 90' lang='lat' dir='ltr'><strong>et</strong></span> <span class='ocrx_word' id='word_1_258' title='bbox 1989 3917 2112 3972; x_wconf 70' lang='lat' dir='ltr'><strong>qua:</strong></span> 
     </span>
    </p>
   </div>
   <div class='ocr_carea' id='block_1_42' title="bbox 528 3994 2111 4066">
    <p class='ocr_par' dir='ltr' id='par_1_42' title="bbox 528 3994 2111 4066">
     <span class='ocr_line' id='line_1_42' title="bbox 528 3994 2111 4066; baseline 0.001 -17"><span class='ocrx_word' id='word_1_259' title='bbox 528 3997 584 4052; x_wconf 88' lang='lat' dir='ltr'><strong>in</strong></span> <span class='ocrx_word' id='word_1_260' title='bbox 633 3995 754 4066; x_wconf 90' lang='lat' dir='ltr'><strong>ipso</strong></span> <span class='ocrx_word' id='word_1_261' title='bbox 799 3995 1222 4050; x_wconf 88' lang='lat' dir='ltr'><strong>continebantur</strong></span> <span class='ocrx_word' id='word_1_262' title='bbox 1253 3995 1435 4048; x_wconf 87' lang='lat' dir='ltr'><strong>omnia</strong></span> <span class='ocrx_word' id='word_1_263' title='bbox 1486 3994 1717 4049; x_wconf 90' lang='lat' dir='ltr'><strong>interius</strong></span> <span class='ocrx_word' id='word_1_264' title='bbox 1764 4009 1829 4050; x_wconf 88' lang='lat' dir='ltr'><strong>ac</strong></span> <span class='ocrx_word' id='word_1_265' title='bbox 1873 3995 2111 4050; x_wconf 83' lang='lat' dir='ltr'><strong>exterius</strong></span> 
     </span>
    </p>
   </div>
   <div class='ocr_carea' id='block_1_43' title="bbox 525 4084 2110 4158">
    <p class='ocr_par' dir='ltr' id='par_1_43' title="bbox 525 4084 2110 4158">
     <span class='ocr_line' id='line_1_43' title="bbox 525 4084 2110 4158; baseline 0 -17"><span class='ocrx_word' id='word_1_266' title='bbox 525 4103 624 4158; x_wconf 85' lang='lat' dir='ltr'><strong>per</strong></span> <span class='ocrx_word' id='word_1_267' title='bbox 656 4095 828 4140; x_wconf 90' lang='lat' dir='ltr'><strong>totum</strong></span> <span class='ocrx_word' id='word_1_268' title='bbox 873 4099 1007 4139; x_wconf 88' lang='lat' dir='ltr'><strong>auro</strong></span> <span class='ocrx_word' id='word_1_269' title='bbox 1036 4085 1467 4141; x_wconf 84' lang='lat' dir='ltr'><strong>circumvestita.</strong></span> <span class='ocrx_word' id='word_1_270' title='bbox 1521 4084 1702 4155; x_wconf 89' lang='lat' dir='ltr'><strong>Ipsum</strong></span> <span class='ocrx_word' id='word_1_271' title='bbox 1737 4087 2110 4156; x_wconf 88' lang='lat' dir='ltr'><strong>pavimentum</strong></span> 
     </span>
    </p>
   </div>
   <div class='ocr_carea' id='block_1_44' title="bbox 527 4177 2111 4248">
    <p class='ocr_par' dir='ltr' id='par_1_44' title="bbox 527 4177 2111 4248">
     <span class='ocr_line' id='line_1_44' title="bbox 527 4177 2111 4248; baseline -0.001 -16"><span class='ocrx_word' id='word_1_272' title='bbox 527 4186 782 4232; x_wconf 88' lang='lat' dir='ltr'><strong>stratum</strong></span> <span class='ocrx_word' id='word_1_273' title='bbox 807 4187 926 4232; x_wconf 88' lang='lat' dir='ltr'><strong>erat</strong></span> <span class='ocrx_word' id='word_1_274' title='bbox 960 4177 1230 4231; x_wconf 83' lang='lat' dir='ltr'><strong>crassiore</strong></span> <span class='ocrx_word' id='word_1_275' title='bbox 1257 4192 1415 4239; x_wconf 84' lang='lat' dir='ltr'><strong>auro,</strong></span> <span class='ocrx_word' id='word_1_276' title='bbox 1449 4187 1502 4231; x_wconf 86' lang='lat' dir='ltr'><strong>et</strong></span> <span class='ocrx_word' id='word_1_277' title='bbox 1534 4178 1675 4232; x_wconf 88' lang='lat' dir='ltr'><strong>muri</strong></span> <span class='ocrx_word' id='word_1_278' title='bbox 1710 4177 1967 4248; x_wconf 86' lang='lat' dir='ltr'><strong>insculpti</strong></span> <span class='ocrx_word' id='word_1_279' title='bbox 1994 4177 2111 4248; x_wconf 89' lang='lat' dir='ltr'><strong>pal—</strong></span> 
     </span>
    </p>
   </div>
   <div class='ocr_carea' id='block_1_45' title="bbox 523 4269 2106 4341">
    <p class='ocr_par' dir='ltr' id='par_1_45' title="bbox 523 4269 2106 4341">
     <span class='ocr_line' id='line_1_45' title="bbox 523 4269 2106 4341; baseline 0 -17"><span class='ocrx_word' id='word_1_280' title='bbox 523 4269 630 4325; x_wconf 90' lang='lat' dir='ltr'><strong>mis</strong></span> <span class='ocrx_word' id='word_1_281' title='bbox 669 4280 832 4339; x_wconf 85' lang='lat' dir='ltr'><strong>atque</strong></span> <span class='ocrx_word' id='word_1_282' title='bbox 879 4269 1172 4324; x_wconf 81' lang='lat' dir='ltr'><strong>Clterubim</strong></span> <span class='ocrx_word' id='word_1_283' title='bbox 1221 4270 1531 4341; x_wconf 84' lang='lat' dir='ltr'><strong>tornatiqne</strong></span> <span class='ocrx_word' id='word_1_284' title='bbox 1582 4272 1882 4326; x_wconf 82' lang='lat' dir='ltr'><strong>universim</strong></span> <span class='ocrx_word' id='word_1_285' title='bbox 1930 4278 2106 4326; x_wconf 88' lang='lat' dir='ltr'><strong>erant.</strong></span> 
     </span>
    </p>
   </div>
   <div class='ocr_carea' id='block_1_46' title="bbox 523 4361 2110 4434">
    <p class='ocr_par' dir='ltr' id='par_1_46' title="bbox 523 4361 2110 4434">
     <span class='ocr_line' id='line_1_46' title="bbox 523 4361 2110 4434; baseline 0.003 -20"><span class='ocrx_word' id='word_1_286' title='bbox 523 4361 640 4416; x_wconf 88' lang='lat' dir='ltr'><strong>lloc</strong></span> <span class='ocrx_word' id='word_1_287' title='bbox 673 4363 839 4432; x_wconf 76' lang='lat' dir='ltr'><strong>igitur</strong></span> <span class='ocrx_word' id='word_1_288' title='bbox 873 4361 1036 4416; x_wconf 89' lang='lat' dir='ltr'><strong>modo</strong></span> <span class='ocrx_word' id='word_1_289' title='bbox 1066 4363 1392 4418; x_wconf 63' lang='lat' dir='ltr'><strong>wdilicatum</strong></span> <span class='ocrx_word' id='word_1_290' title='bbox 1432 4373 1516 4418; x_wconf 88' lang='lat' dir='ltr'><strong>est</strong></span> <span class='ocrx_word' id='word_1_291' title='bbox 1548 4364 1832 4434; x_wconf 91' lang='lat' dir='ltr'><strong>templum.</strong></span> <span class='ocrx_word' id='word_1_292' title='bbox 1859 4363 2110 4420; x_wconf 88' lang='lat' dir='ltr'><strong>Circum-</strong></span> 
     </span>
    </p>
   </div>
   <div class='ocr_carea' id='block_1_47' title="bbox 525 4452 2108 4525">
    <p class='ocr_par' dir='ltr' id='par_1_47' title="bbox 525 4452 2108 4525">
     <span class='ocr_line' id='line_1_47' title="bbox 525 4452 2108 4525; baseline 0.005 -19"><span class='ocrx_word' id='word_1_293' title='bbox 525 4452 760 4522; x_wconf 89' lang='lat' dir='ltr'><strong>positum</strong></span> <span class='ocrx_word' id='word_1_294' title='bbox 797 4463 916 4506; x_wconf 87' lang='lat' dir='ltr'><strong>erat</strong></span> <span class='ocrx_word' id='word_1_295' title='bbox 945 4453 1175 4509; x_wconf 89' lang='lat' dir='ltr'><strong>ambitui</strong></span> <span class='ocrx_word' id='word_1_296' title='bbox 1211 4455 1394 4525; x_wconf 87' lang='lat' dir='ltr'><strong>templi</strong></span> <span class='ocrx_word' id='word_1_297' title='bbox 1435 4467 1892 4512; x_wconf 87' lang='lat' dir='ltr'><strong>coronamentum</strong></span> <span class='ocrx_word' id='word_1_298' title='bbox 1921 4474 2108 4514; x_wconf 89' lang='lat' dir='ltr'><strong>assur-</strong></span> 
     </span>
    </p>
   </div>
   <div class='ocr_carea' id='block_1_48' title="bbox 2157 1857 2198 1911">
    <p class='ocr_par' dir='ltr' id='par_1_48' title="bbox 2157 1857 2198 1911">
     <span class='ocr_line' id='line_1_48' title="bbox 2157 1857 2198 1911; baseline 0 0"><span class='ocrx_word' id='word_1_299' title='bbox 2157 1857 2198 1911; x_wconf 86' lang='grc' dir='ltr'><strong><em>Β</em></strong></span> 
     </span>
    </p>
   </div>
   <div class='ocr_carea' id='block_1_49' title="bbox 2236 573 3809 644">
    <p class='ocr_par' dir='ltr' id='par_1_49' title="bbox 2236 573 3809 644">
     <span class='ocr_line' id='line_1_49' title="bbox 2236 573 3809 644; baseline -0.001 -18"><span class='ocrx_word' id='word_1_300' title='bbox 2236 573 2331 637; x_wconf 82' lang='grc' dir='ltr'>Εἰς</span> <span class='ocrx_word' id='word_1_301' title='bbox 2356 573 2411 625; x_wconf 80' lang='grc' dir='ltr'>δὲ</span> <span class='ocrx_word' id='word_1_302' title='bbox 2435 574 2536 644; x_wconf 80' lang='grc' dir='ltr'><strong>τὴν</strong></span> <span class='ocrx_word' id='word_1_303' title='bbox 2560 573 2823 644; x_wconf 77' lang='grc' dir='ltr'><strong>ἐργασίαν</strong></span> <span class='ocrx_word' id='word_1_304' title='bbox 2847 573 3190 644; x_wconf 75' lang='grc' dir='ltr'><strong>παρέστησεν</strong></span> <span class='ocrx_word' id='word_1_305' title='bbox 3213 574 3448 644; x_wconf 81' lang='grc' dir='ltr'>ἐργάτας</span> <span class='ocrx_word' id='word_1_306' title='bbox 3471 574 3809 642; x_wconf 74' lang='grc' dir='ltr'>ἑπτακισμυ-</span> 
     </span>
    </p>
   </div>
   <div class='ocr_carea' id='block_1_50' title="bbox 2237 663 3810 735">
    <p class='ocr_par' dir='ltr' id='par_1_50' title="bbox 2237 663 3810 735">
     <span class='ocr_line' id='line_1_50' title="bbox 2237 663 3810 735; baseline -0.001 -18"><span class='ocrx_word' id='word_1_307' title='bbox 2237 665 2416 735; x_wconf 85' lang='grc' dir='ltr'>ρίους,</span> <span class='ocrx_word' id='word_1_308' title='bbox 2471 663 2770 726; x_wconf 74' lang='grc' dir='ltr'>ἐπιστάτας</span> <span class='ocrx_word' id='word_1_309' title='bbox 2830 663 3164 734; x_wconf 77' lang='grc' dir='ltr'><strong>τρισχιλίους</strong></span> <span class='ocrx_word' id='word_1_310' title='bbox 3236 664 3593 728; x_wconf 71' lang='grc' dir='ltr'>ἑξακοσίουςο</span> <span class='ocrx_word' id='word_1_311' title='bbox 3659 665 3810 733; x_wconf 76' lang='grc' dir='ltr'>ἀρχι-</span> 
     </span>
    </p>
   </div>
   <div class='ocr_carea' id='block_1_51' title="bbox 2233 755 3810 827">
    <p class='ocr_par' dir='ltr' id='par_1_51' title="bbox 2233 755 3810 827">
     <span class='ocr_line' id='line_1_51' title="bbox 2233 755 3810 827; baseline -0.001 -19"><span class='ocrx_word' id='word_1_312' title='bbox 2233 757 2463 808; x_wconf 85' lang='grc' dir='ltr'>τέκτονα</span> <span class='ocrx_word' id='word_1_313' title='bbox 2504 757 2562 809; x_wconf 82' lang='grc' dir='ltr'>δὲ</span> <span class='ocrx_word' id='word_1_314' title='bbox 2587 756 2686 827; x_wconf 88' lang='grc' dir='ltr'>τῆς</span> <span class='ocrx_word' id='word_1_315' title='bbox 2731 755 2860 826; x_wconf 86' lang='grc' dir='ltr'>ὅλης</span> <span class='ocrx_word' id='word_1_316' title='bbox 2887 755 3153 825; x_wconf 77' lang='grc' dir='ltr'>ἐργασίας</span> <span class='ocrx_word' id='word_1_317' title='bbox 3179 755 3290 811; x_wconf 83' lang='grc' dir='ltr'><strong>ἀπὺ</strong></span> <span class='ocrx_word' id='word_1_318' title='bbox 3333 756 3512 825; x_wconf 80' lang='grc' dir='ltr'><strong>Τύρου</strong></span> <span class='ocrx_word' id='word_1_319' title='bbox 3550 755 3810 825; x_wconf 79' lang='grc' dir='ltr'>λαμϐάνει</span> 
     </span>
    </p>
   </div>
   <div class='ocr_carea' id='block_1_52' title="bbox 2233 847 3809 918">
    <p class='ocr_par' dir='ltr' id='par_1_52' title="bbox 2233 847 3809 918">
     <span class='ocr_line' id='line_1_52' title="bbox 2233 847 3809 918; baseline -0.001 -18"><span class='ocrx_word' id='word_1_320' title='bbox 2233 848 2326 900; x_wconf 80' lang='grc' dir='ltr'><strong>τὸν</strong></span> <span class='ocrx_word' id='word_1_321' title='bbox 2360 847 2565 918; x_wconf 69' lang='grc' dir='ltr'>Χηρὰμ</span> <span class='ocrx_word' id='word_1_322' title='bbox 2586 848 2701 901; x_wconf 75' lang='grc' dir='ltr'>υἱόν</span> <span class='ocrx_word' id='word_1_323' title='bbox 2723 849 2984 916; x_wconf 83' lang='grc' dir='ltr'>γυναικὸς</span> <span class='ocrx_word' id='word_1_324' title='bbox 3013 849 3189 918; x_wconf 85' lang='grc' dir='ltr'>χήρας</span> <span class='ocrx_word' id='word_1_325' title='bbox 3216 848 3326 900; x_wconf 82' lang='grc' dir='ltr'>ἀπὸ</span> <span class='ocrx_word' id='word_1_326' title='bbox 3357 848 3528 916; x_wconf 81' lang='grc' dir='ltr'>φυλῆς</span> <span class='ocrx_word' id='word_1_327' title='bbox 3553 847 3809 917; x_wconf 84' lang='grc' dir='ltr'>Νεφθαλῆ</span> 
     </span>
    </p>
   </div>
   <div class='ocr_carea' id='block_1_53' title="bbox 2236 937 3811 1010">
    <p class='ocr_par' dir='ltr' id='par_1_53' title="bbox 2236 937 3811 1010">
     <span class='ocr_line' id='line_1_53' title="bbox 2236 937 3811 1010; baseline -0.001 -18"><span class='ocrx_word' id='word_1_328' title='bbox 2236 939 2442 1010; x_wconf 83' lang='grc' dir='ltr'>πατρὸς</span> <span class='ocrx_word' id='word_1_329' title='bbox 2467 940 2690 1010; x_wconf 89' lang='grc' dir='ltr'>Τυρίου.</span> <span class='ocrx_word' id='word_1_330' title='bbox 2720 941 3003 1009; x_wconf 85' lang='grc' dir='ltr'>Συνηρᾶτο</span> <span class='ocrx_word' id='word_1_331' title='bbox 3025 939 3081 992; x_wconf 80' lang='grc' dir='ltr'>δὲ</span> <span class='ocrx_word' id='word_1_332' title='bbox 3108 939 3256 1006; x_wconf 80' lang='grc' dir='ltr'><strong>αὑτῷ</strong></span> <span class='ocrx_word' id='word_1_333' title='bbox 3291 943 3384 992; x_wconf 78' lang='grc' dir='ltr'>καὶ</span> <span class='ocrx_word' id='word_1_334' title='bbox 3409 940 3437 992; x_wconf 84' lang='grc' dir='ltr'>ὁ</span> <span class='ocrx_word' id='word_1_335' title='bbox 3457 938 3637 1009; x_wconf 86' lang='grc' dir='ltr'>Τύρου</span> <span class='ocrx_word' id='word_1_336' title='bbox 3666 937 3811 1009; x_wconf 78' lang='grc' dir='ltr'>βασι-</span> 
     </span>
    </p>
   </div>
   <div class='ocr_carea' id='block_1_54' title="bbox 2235 1029 3810 1101">
    <p class='ocr_par' dir='ltr' id='par_1_54' title="bbox 2235 1029 3810 1101">
     <span class='ocr_line' id='line_1_54' title="bbox 2235 1029 3810 1101; baseline -0.001 -19"><span class='ocrx_word' id='word_1_337' title='bbox 2235 1030 2382 1094; x_wconf 75' lang='grc' dir='ltr'>λεὺς,</span> <span class='ocrx_word' id='word_1_338' title='bbox 2417 1032 2496 1094; x_wconf 87' lang='grc' dir='ltr'><strong>εἰς</strong></span> <span class='ocrx_word' id='word_1_339' title='bbox 2526 1032 2624 1101; x_wconf 75' lang='grc' dir='ltr'>τὴν</span> <span class='ocrx_word' id='word_1_340' title='bbox 2657 1030 2786 1084; x_wconf 84' lang='grc' dir='ltr'>ναοῦ</span> <span class='ocrx_word' id='word_1_341' title='bbox 2807 1029 3119 1101; x_wconf 82' lang='grc' dir='ltr'>οἰκοδομὴν,</span> <span class='ocrx_word' id='word_1_342' title='bbox 3141 1032 3170 1084; x_wconf 83' lang='grc'>6</span> <span class='ocrx_word' id='word_1_343' title='bbox 3203 1030 3412 1099; x_wconf 70' lang='grc' dir='ltr'>Χιρᾶμ,</span> <span class='ocrx_word' id='word_1_344' title='bbox 3437 1029 3572 1094; x_wconf 82' lang='grc' dir='ltr'>ξύλα</span> <span class='ocrx_word' id='word_1_345' title='bbox 3593 1029 3810 1099; x_wconf 74' lang='grc' dir='ltr'>κέδρινα</span> 
     </span>
    </p>
   </div>
   <div class='ocr_carea' id='block_1_55' title="bbox 2235 1120 3814 1190">
    <p class='ocr_par' dir='ltr' id='par_1_55' title="bbox 2235 1120 3814 1190">
     <span class='ocr_line' id='line_1_55' title="bbox 2235 1120 3814 1190; baseline -0.002 -16"><span class='ocrx_word' id='word_1_346' title='bbox 2235 1123 2333 1175; x_wconf 79' lang='grc' dir='ltr'>καὶ</span> <span class='ocrx_word' id='word_1_347' title='bbox 2363 1122 2597 1176; x_wconf 88' lang='grc' dir='ltr'>πεύκινα</span> <span class='ocrx_word' id='word_1_348' title='bbox 2625 1121 2801 1185; x_wconf 77' lang='grc' dir='ltr'>διδοὺς</span> <span class='ocrx_word' id='word_1_349' title='bbox 2832 1121 2941 1176; x_wconf 78' lang='grc' dir='ltr'>ἀπὸ</span> <span class='ocrx_word' id='word_1_350' title='bbox 2967 1121 3061 1174; x_wconf 87' lang='grc' dir='ltr'><strong>τοῦ</strong></span> <span class='ocrx_word' id='word_1_351' title='bbox 3093 1121 3349 1175; x_wconf 84' lang='grc' dir='ltr'>Λιϐάνου.</span> <span class='ocrx_word' id='word_1_352' title='bbox 3392 1121 3676 1190; x_wconf 83' lang='grc' dir='ltr'>Ἐχορήγει</span> <span class='ocrx_word' id='word_1_353' title='bbox 3707 1120 3765 1172; x_wconf 84' lang='grc' dir='ltr'>δὲ</span> <span class='ocrx_word' id='word_1_354' title='bbox 3787 1120 3814 1171; x_wconf 83' lang='grc' dir='ltr'>ὁ</span> 
     </span>
    </p>
   </div>
   <div class='ocr_carea' id='block_1_56' title="bbox 2235 1211 3813 1285">
    <p class='ocr_par' dir='ltr' id='par_1_56' title="bbox 2235 1211 3813 1285">
     <span class='ocr_line' id='line_1_56' title="bbox 2235 1211 3813 1285; baseline -0.003 -17"><span class='ocrx_word' id='word_1_355' title='bbox 2235 1215 2494 1285; x_wconf 87' lang='grc' dir='ltr'>Σαλομῶν</span> <span class='ocrx_word' id='word_1_356' title='bbox 2538 1213 2688 1284; x_wconf 78' lang='grc' dir='ltr'>αὐτῷ</span> <span class='ocrx_word' id='word_1_357' title='bbox 2741 1215 2865 1267; x_wconf 78' lang='grc' dir='ltr'>κατ’</span> <span class='ocrx_word' id='word_1_358' title='bbox 2903 1214 3150 1266; x_wconf 74' lang='grc' dir='ltr'>ἐνιαυτὸν</span> <span class='ocrx_word' id='word_1_359' title='bbox 3195 1215 3276 1276; x_wconf 85' lang='grc' dir='ltr'><strong>είς</strong></span> <span class='ocrx_word' id='word_1_360' title='bbox 3321 1213 3660 1279; x_wconf 71' lang='grc' dir='ltr'>ἀναλώματα</span> <span class='ocrx_word' id='word_1_361' title='bbox 3707 1211 3813 1264; x_wconf 82' lang='grc' dir='ltr'><strong>τῶν</strong></span> 
     </span>
    </p>
   </div>
   <div class='ocr_carea' id='block_1_57' title="bbox 2234 1304 3807 1372">
    <p class='ocr_par' dir='ltr' id='par_1_57' title="bbox 2234 1304 3807 1372">
     <span class='ocr_line' id='line_1_57' title="bbox 2234 1304 3807 1372; baseline -0.002 -11"><span class='ocrx_word' id='word_1_362' title='bbox 2234 1310 2548 1361; x_wconf 73' lang='grc' dir='ltr'>κοπτόντων</span> <span class='ocrx_word' id='word_1_363' title='bbox 2591 1307 2659 1360; x_wconf 84' lang='grc' dir='ltr'>τὰ</span> <span class='ocrx_word' id='word_1_364' title='bbox 2689 1305 2843 1372; x_wconf 84' lang='grc' dir='ltr'>ξύλα,</span> <span class='ocrx_word' id='word_1_365' title='bbox 2889 1308 2982 1360; x_wconf 80' lang='grc' dir='ltr'>καὶ</span> <span class='ocrx_word' id='word_1_366' title='bbox 3027 1305 3379 1370; x_wconf 84' lang='grc' dir='ltr'>καταγόντων</span> <span class='ocrx_word' id='word_1_367' title='bbox 3407 1305 3548 1358; x_wconf 73' lang='grc' dir='ltr'>αὐτὰ</span> <span class='ocrx_word' id='word_1_368' title='bbox 3585 1304 3691 1366; x_wconf 73' lang='grc' dir='ltr'>ἕως</span> <span class='ocrx_word' id='word_1_369' title='bbox 3715 1305 3807 1358; x_wconf 84' lang='grc' dir='ltr'>θα-</span> 
     </span>
    </p>
   </div>
   <div class='ocr_carea' id='block_1_58' title="bbox 2232 1395 3812 1468">
    <p class='ocr_par' dir='ltr' id='par_1_58' title="bbox 2232 1395 3812 1468">
     <span class='ocr_line' id='line_1_58' title="bbox 2232 1395 3812 1468; baseline -0.003 -17"><span class='ocrx_word' id='word_1_370' title='bbox 2232 1400 2462 1468; x_wconf 82' lang='grc' dir='ltr'>λάσσης,</span> <span class='ocrx_word' id='word_1_371' title='bbox 2494 1401 2643 1451; x_wconf 80' lang='grc' dir='ltr'>σίτου</span> <span class='ocrx_word' id='word_1_372' title='bbox 2685 1399 2880 1467; x_wconf 81' lang='grc' dir='ltr'>κόρους</span> <span class='ocrx_word' id='word_1_373' title='bbox 2914 1396 2980 1467; x_wconf 87' lang='grc' dir='ltr'><strong>β’,</strong></span> <span class='ocrx_word' id='word_1_374' title='bbox 3011 1398 3190 1451; x_wconf 84' lang='grc' dir='ltr'>ὲλαίου</span> <span class='ocrx_word' id='word_1_375' title='bbox 3231 1398 3424 1468; x_wconf 83' lang='grc' dir='ltr'>βάτους</span> <span class='ocrx_word' id='word_1_376' title='bbox 3460 1395 3501 1466; x_wconf 81' lang='grc' dir='ltr'><strong>β’</strong></span> <span class='ocrx_word' id='word_1_377' title='bbox 3523 1414 3537 1427; x_wconf 92' lang='grc'><strong>·</strong></span> <span class='ocrx_word' id='word_1_378' title='bbox 3583 1397 3680 1449; x_wconf 75' lang='grc' dir='ltr'>καὶ</span> <span class='ocrx_word' id='word_1_379' title='bbox 3707 1397 3812 1448; x_wconf 81' lang='grc' dir='ltr'>ἀπ-</span> 
     </span>
    </p>
   </div>
   <div class='ocr_carea' id='block_1_59' title="bbox 2233 1487 3812 1560">
    <p class='ocr_par' dir='ltr' id='par_1_59' title="bbox 2233 1487 3812 1560">
     <span class='ocr_line' id='line_1_59' title="bbox 2233 1487 3812 1560; baseline -0.006 -15"><span class='ocrx_word' id='word_1_380' title='bbox 2233 1491 2482 1545; x_wconf 82' lang='grc' dir='ltr'>έστελλεν</span> <span class='ocrx_word' id='word_1_381' title='bbox 2527 1491 2591 1544; x_wconf 76' lang='grc' dir='ltr'>ἐκ</span> <span class='ocrx_word' id='word_1_382' title='bbox 2621 1489 2713 1544; x_wconf 87' lang='grc' dir='ltr'><strong>τοῦ</strong></span> <span class='ocrx_word' id='word_1_383' title='bbox 2736 1490 2866 1543; x_wconf 86' lang='grc' dir='ltr'>λαοῦ</span> <span class='ocrx_word' id='word_1_384' title='bbox 2905 1489 3299 1560; x_wconf 85' lang='grc' dir='ltr'>Ἰσραηλιτικοῦ</span> <span class='ocrx_word' id='word_1_385' title='bbox 3329 1491 3409 1551; x_wconf 86' lang='grc' dir='ltr'><strong>είς</strong></span> <span class='ocrx_word' id='word_1_386' title='bbox 3437 1488 3530 1541; x_wconf 73' lang='grc' dir='ltr'>τὸν</span> <span class='ocrx_word' id='word_1_387' title='bbox 3579 1487 3812 1541; x_wconf 72' lang='grc' dir='ltr'>Λίϐανον</span> 
     </span>
    </p>
   </div>
   <div class='ocr_carea' id='block_1_60' title="bbox 2234 1573 3810 1654">
    <p class='ocr_par' dir='ltr' id='par_1_60' title="bbox 2234 1573 3810 1654">
     <span class='ocr_line' id='line_1_60' title="bbox 2234 1573 3810 1654; baseline -0.004 -18"><span class='ocrx_word' id='word_1_388' title='bbox 2234 1584 2464 1654; x_wconf 76' lang='grc' dir='ltr'>μυρίους</span> <span class='ocrx_word' id='word_1_389' title='bbox 2498 1583 2736 1652; x_wconf 74' lang='grc' dir='ltr'>ἐργάτας</span> <span class='ocrx_word' id='word_1_390' title='bbox 2767 1582 2908 1635; x_wconf 76' lang='grc' dir='ltr'>κατὰ</span> <span class='ocrx_word' id='word_1_391' title='bbox 2940 1582 3084 1652; x_wconf 75' lang='grc' dir='ltr'>μῆνα</span> <span class='ocrx_word' id='word_1_392' title='bbox 3117 1579 3576 1650; x_wconf 81' lang='grc' dir='ltr'>ἀλλασσομένους,</span> <span class='ocrx_word' id='word_1_393' title='bbox 3607 1577 3704 1631; x_wconf 72' lang='grc' dir='ltr'>καὶ</span> <span class='ocrx_word' id='word_1_394' title='bbox 3734 1573 3810 1630; x_wconf 83' lang='grc' dir='ltr'><strong>εἷ·-</strong></span> 
     </span>
    </p>
   </div>
   <div class='ocr_carea' id='block_1_61' title="bbox 2231 1665 3270 1745">
    <p class='ocr_par' dir='ltr' id='par_1_61' title="bbox 2231 1665 3270 1745">
     <span class='ocr_line' id='line_1_61' title="bbox 2231 1665 3270 1745; baseline -0.001 -18"><span class='ocrx_word' id='word_1_395' title='bbox 2231 1692 2324 1745; x_wconf 93' lang='grc' dir='ltr'><strong>χον</strong></span> <span class='ocrx_word' id='word_1_396' title='bbox 2357 1674 2588 1745; x_wconf 74' lang='grc' dir='ltr'>ἔξαρχον</span> <span class='ocrx_word' id='word_1_397' title='bbox 2610 1665 2757 1726; x_wconf 73' lang='grc' dir='ltr'>οὗτοι</span> <span class='ocrx_word' id='word_1_398' title='bbox 2779 1673 2870 1726; x_wconf 71' lang='grc' dir='ltr'><strong>τὸν</strong></span> <span class='ocrx_word' id='word_1_399' title='bbox 2913 1673 3270 1744; x_wconf 72' lang='grc' dir='ltr'>’Λδωνειράμ.</span> 
     </span>
    </p>
   </div>
   <div class='ocr_carea' id='block_1_62' title="bbox 2234 1784 3820 1858">
    <p class='ocr_par' dir='ltr' id='par_1_62' title="bbox 2234 1784 3820 1858">
     <span class='ocr_line' id='line_1_62' title="bbox 2234 1784 3820 1858; baseline -0.001 -16"><span class='ocrx_word' id='word_1_400' title='bbox 2234 1787 2483 1843; x_wconf 75' lang='grc' dir='ltr'>ΚΕΦΛΛ.</span> <span class='ocrx_word' id='word_1_401' title='bbox 2519 1787 2744 1856; x_wconf 50' lang='grc' dir='ltr'><strong>ιτς-’ρ-</strong></span> <span class='ocrx_word' id='word_1_402' title='bbox 2765 1786 2995 1852; x_wconf 78' lang='grc' dir='ltr'>Ὀποῖος</span> <span class='ocrx_word' id='word_1_403' title='bbox 3026 1784 3105 1857; x_wconf 75' lang='grc' dir='ltr'><strong>ἦν</strong></span> <span class='ocrx_word' id='word_1_404' title='bbox 3147 1790 3181 1841; x_wconf 84' lang='grc' dir='ltr'><strong>ό</strong></span> <span class='ocrx_word' id='word_1_405' title='bbox 3216 1785 3386 1854; x_wconf 79' lang='grc' dir='ltr'>ναὸς,</span> <span class='ocrx_word' id='word_1_406' title='bbox 3419 1787 3492 1840; x_wconf 79' lang='grc' dir='ltr'><strong>ὂν</strong></span> <span class='ocrx_word' id='word_1_407' title='bbox 3524 1787 3820 1858; x_wconf 79' lang='grc' dir='ltr'>Σαλομῶν</span> 
     </span>
    </p>
   </div>
   <div class='ocr_carea' id='block_1_63' title="bbox 2826 1859 3196 1927">
    <p class='ocr_par' dir='ltr' id='par_1_63' title="bbox 2826 1859 3196 1927">
     <span class='ocr_line' id='line_1_63' title="bbox 2826 1859 3196 1927; baseline 0.005 -17"><span class='ocrx_word' id='word_1_408' title='bbox 2826 1859 3196 1927; x_wconf 80' lang='grc' dir='ltr'><strong>ᾠκοδόμησε.</strong></span> 
     </span>
    </p>
   </div>
   <div class='ocr_carea' id='block_1_64' title="bbox 2298 1970 3818 2044">
    <p class='ocr_par' dir='ltr' id='par_1_64' title="bbox 2298 1970 3818 2044">
     <span class='ocr_line' id='line_1_64' title="bbox 2298 1970 3818 2044; baseline -0.002 -18"><span class='ocrx_word' id='word_1_409' title='bbox 2298 1973 2478 2038; x_wconf 87' lang='grc' dir='ltr'>Μέσος</span> <span class='ocrx_word' id='word_1_410' title='bbox 2536 1970 2684 2036; x_wconf 73' lang='grc' dir='ltr'>οἶκος</span> <span class='ocrx_word' id='word_1_411' title='bbox 2723 1970 2792 2044; x_wconf 83' lang='grc' dir='ltr'>ἦν</span> <span class='ocrx_word' id='word_1_412' title='bbox 2844 1972 3141 2036; x_wconf 85' lang='grc' dir='ltr'>σταδιαῖος,</span> <span class='ocrx_word' id='word_1_413' title='bbox 3195 1974 3337 2026; x_wconf 83' lang='grc' dir='ltr'><strong>κατά</strong></span> <span class='ocrx_word' id='word_1_414' title='bbox 3387 1974 3486 2036; x_wconf 83' lang='grc' dir='ltr'>τάς</span> <span class='ocrx_word' id='word_1_415' title='bbox 3537 1971 3818 2042; x_wconf 82' lang='grc' dir='ltr'>τέσσαρας</span> 
     </span>
    </p>
   </div>
   <div class='ocr_carea' id='block_1_65' title="bbox 2228 2063 3823 2135">
    <p class='ocr_par' dir='ltr' id='par_1_65' title="bbox 2228 2063 3823 2135">
     <span class='ocr_line' id='line_1_65' title="bbox 2228 2063 3823 2135; baseline -0.001 -20"><span class='ocrx_word' id='word_1_416' title='bbox 2228 2064 2469 2135; x_wconf 82' lang='grc' dir='ltr'>πλευρὰς</span> <span class='ocrx_word' id='word_1_417' title='bbox 2487 2065 2976 2134; x_wconf 83' lang='grc' dir='ltr'>περιϐεϐλημένος,</span> <span class='ocrx_word' id='word_1_418' title='bbox 2996 2063 3270 2132; x_wconf 86' lang='grc' dir='ltr'>’Λγίασμα</span> <span class='ocrx_word' id='word_1_419' title='bbox 3295 2063 3647 2132; x_wconf 84' lang='grc' dir='ltr'>καλούμενος.</span> <span class='ocrx_word' id='word_1_420' title='bbox 3671 2063 3823 2132; x_wconf 79' lang='grc' dir='ltr'>ἔχων</span> 
     </span>
    </p>
   </div>
   <div class='ocr_carea' id='block_1_66' title="bbox 2229 2155 3821 2227">
    <p class='ocr_par' dir='ltr' id='par_1_66' title="bbox 2229 2155 3821 2227">
     <span class='ocr_line' id='line_1_66' title="bbox 2229 2155 3821 2227; baseline 0.001 -20"><span class='ocrx_word' id='word_1_421' title='bbox 2229 2157 2404 2225; x_wconf 78' lang='grc' dir='ltr'>μῆκος</span> <span class='ocrx_word' id='word_1_422' title='bbox 2435 2157 2641 2225; x_wconf 85' lang='grc' dir='ltr'>πήχεις</span> <span class='ocrx_word' id='word_1_423' title='bbox 2667 2155 2730 2220; x_wconf 85' lang='grc' dir='ltr'><strong>ξ’,</strong></span> <span class='ocrx_word' id='word_1_424' title='bbox 2766 2156 2971 2218; x_wconf 84' lang='grc' dir='ltr'>πλᾶτος</span> <span class='ocrx_word' id='word_1_425' title='bbox 3025 2159 3222 2227; x_wconf 81' lang='grc' dir='ltr'>πήχεις</span> <span class='ocrx_word' id='word_1_426' title='bbox 3251 2164 3322 2219; x_wconf 86' lang='grc' dir='ltr'>κ’,</span> <span class='ocrx_word' id='word_1_427' title='bbox 3353 2156 3485 2226; x_wconf 73' lang='grc' dir='ltr'>ὕψος</span> <span class='ocrx_word' id='word_1_428' title='bbox 3522 2157 3723 2226; x_wconf 84' lang='grc' dir='ltr'>πήχεις</span> <span class='ocrx_word' id='word_1_429' title='bbox 3751 2156 3821 2218; x_wconf 85' lang='grc' dir='ltr'>λ’,</span> 
     </span>
    </p>
   </div>
   <div class='ocr_carea' id='block_1_67' title="bbox 2229 2246 3821 2321">
    <p class='ocr_par' dir='ltr' id='par_1_67' title="bbox 2229 2246 3821 2321">
     <span class='ocr_line' id='line_1_67' title="bbox 2229 2246 3821 2321; baseline 0.001 -21"><span class='ocrx_word' id='word_1_430' title='bbox 2229 2249 2364 2319; x_wconf 72' lang='grc' dir='ltr'>πρὸς</span> <span class='ocrx_word' id='word_1_431' title='bbox 2394 2249 2452 2302; x_wconf 81' lang='grc' dir='ltr'>δὲ</span> <span class='ocrx_word' id='word_1_432' title='bbox 2489 2249 2756 2313; x_wconf 81' lang='grc' dir='ltr'>ἀνατολάς</span> <span class='ocrx_word' id='word_1_433' title='bbox 2803 2249 3134 2304; x_wconf 78' lang='grc' dir='ltr'>ἀπέϐλεπεν.</span> <span class='ocrx_word' id='word_1_434' title='bbox 3170 2246 3297 2320; x_wconf 75' lang='grc' dir='ltr'>Εἶχε</span> <span class='ocrx_word' id='word_1_435' title='bbox 3344 2252 3400 2304; x_wconf 78' lang='grc' dir='ltr'>δὲ</span> <span class='ocrx_word' id='word_1_436' title='bbox 3445 2250 3541 2304; x_wconf 62' lang='grc' dir='ltr'><strong>καὶ⁵</strong></span> <span class='ocrx_word' id='word_1_437' title='bbox 3577 2252 3821 2321; x_wconf 78' lang='grc' dir='ltr'>πρόναον</span> 
     </span>
    </p>
   </div>
   <div class='ocr_carea' id='block_1_68' title="bbox 2230 2341 3824 2414">
    <p class='ocr_par' dir='ltr' id='par_1_68' title="bbox 2230 2341 3824 2414">
     <span class='ocr_line' id='line_1_68' title="bbox 2230 2341 3824 2414; baseline 0.002 -22"><span class='ocrx_word' id='word_1_438' title='bbox 2230 2341 2516 2394; x_wconf 77' lang='grc' dir='ltr'>ίσόπλατον</span> <span class='ocrx_word' id='word_1_439' title='bbox 2536 2341 2613 2412; x_wconf 83' lang='grc' dir='ltr'>τῷ</span> <span class='ocrx_word' id='word_1_440' title='bbox 2642 2341 2775 2413; x_wconf 82' lang='grc' dir='ltr'>ναῷ,</span> <span class='ocrx_word' id='word_1_441' title='bbox 2808 2344 3003 2414; x_wconf 85' lang='grc' dir='ltr'>πήχεις</span> <span class='ocrx_word' id='word_1_442' title='bbox 3023 2343 3163 2413; x_wconf 76' lang='grc' dir='ltr'>ἔχων</span> <span class='ocrx_word' id='word_1_443' title='bbox 3195 2343 3263 2408; x_wconf 82' lang='grc' dir='ltr'>κ’,</span> <span class='ocrx_word' id='word_1_444' title='bbox 3299 2345 3393 2398; x_wconf 79' lang='grc' dir='ltr'>καὶ</span> <span class='ocrx_word' id='word_1_445' title='bbox 3424 2344 3556 2413; x_wconf 72' lang='grc' dir='ltr'>ὕψος</span> <span class='ocrx_word' id='word_1_446' title='bbox 3589 2345 3705 2397; x_wconf 77' lang='grc' dir='ltr'>ἴσον</span> <span class='ocrx_word' id='word_1_447' title='bbox 3737 2344 3824 2414; x_wconf 84' lang='grc' dir='ltr'>τῷ</span> 
     </span>
    </p>
   </div>
   <div class='ocr_carea' id='block_1_69' title="bbox 2228 2431 3826 2507">
    <p class='ocr_par' dir='ltr' id='par_1_69' title="bbox 2228 2431 3826 2507">
     <span class='ocr_line' id='line_1_69' title="bbox 2228 2431 3826 2507; baseline 0.002 -21"><span class='ocrx_word' id='word_1_448' title='bbox 2228 2433 2376 2504; x_wconf 76' lang='grc' dir='ltr'>ναῷ·</span> <span class='ocrx_word' id='word_1_449' title='bbox 2415 2435 2716 2506; x_wconf 85' lang='grc' dir='ltr'>τριάκοντα</span> <span class='ocrx_word' id='word_1_450' title='bbox 2762 2434 2871 2506; x_wconf 85' lang='grc' dir='ltr'><strong>γὰρ</strong></span> <span class='ocrx_word' id='word_1_451' title='bbox 2902 2434 3095 2507; x_wconf 81' lang='grc' dir='ltr'>πηχῶν</span> <span class='ocrx_word' id='word_1_452' title='bbox 3135 2431 3205 2507; x_wconf 74' lang='grc' dir='ltr'>ἦν</span> <span class='ocrx_word' id='word_1_453' title='bbox 3239 2436 3538 2501; x_wconf 73' lang='grc' dir='ltr'>καὶτοῦτο,</span> <span class='ocrx_word' id='word_1_454' title='bbox 3574 2438 3826 2505; x_wconf 77' lang='grc' dir='ltr'>είσάγων</span> 
     </span>
    </p>
   </div>
   <div class='ocr_carea' id='block_1_70' title="bbox 2228 2525 3826 2599">
    <p class='ocr_par' dir='ltr' id='par_1_70' title="bbox 2228 2525 3826 2599">
     <span class='ocr_line' id='line_1_70' title="bbox 2228 2525 3826 2599; baseline 0.003 -21"><span class='ocrx_word' id='word_1_455' title='bbox 2228 2525 2322 2578; x_wconf 78' lang='grc' dir='ltr'><strong>ἐπὶ</strong></span> <span class='ocrx_word' id='word_1_456' title='bbox 2357 2527 2552 2597; x_wconf 79' lang='grc' dir='ltr'>πήχεις</span> <span class='ocrx_word' id='word_1_457' title='bbox 2586 2525 2652 2592; x_wconf 84' lang='grc' dir='ltr'>κ’,</span> <span class='ocrx_word' id='word_1_458' title='bbox 2691 2528 3029 2598; x_wconf 86' lang='grc' dir='ltr'>περιοίκειτο</span> <span class='ocrx_word' id='word_1_459' title='bbox 3089 2528 3465 2599; x_wconf 76' lang='grc' dir='ltr'>[περιῳκείτο]</span> <span class='ocrx_word' id='word_1_460' title='bbox 3525 2529 3581 2582; x_wconf 81' lang='grc' dir='ltr'>δὲ</span> <span class='ocrx_word' id='word_1_461' title='bbox 3638 2531 3826 2592; x_wconf 79' lang='grc' dir='ltr'>οἴκοις</span> 
     </span>
    </p>
   </div>
   <div class='ocr_carea' id='block_1_71' title="bbox 2229 2616 3827 2692">
    <p class='ocr_par' dir='ltr' id='par_1_71' title="bbox 2229 2616 3827 2692">
     <span class='ocr_line' id='line_1_71' title="bbox 2229 2616 3827 2692; baseline 0.004 -23"><span class='ocrx_word' id='word_1_462' title='bbox 2229 2616 2457 2688; x_wconf 84' lang='grc' dir='ltr'>βραχέσι</span> <span class='ocrx_word' id='word_1_463' title='bbox 2508 2617 2574 2680; x_wconf 87' lang='grc' dir='ltr'>λ’,</span> <span class='ocrx_word' id='word_1_464' title='bbox 2635 2621 3046 2690; x_wconf 86' lang='grc' dir='ltr'>πενταπήχεσιν</span> <span class='ocrx_word' id='word_1_465' title='bbox 3105 2620 3477 2691; x_wconf 84' lang='grc' dir='ltr'>ίσοπλεύροις,</span> <span class='ocrx_word' id='word_1_466' title='bbox 3537 2622 3630 2674; x_wconf 70' lang='grc' dir='ltr'><strong>ἐπὶ</strong></span> <span class='ocrx_word' id='word_1_467' title='bbox 3681 2623 3827 2692; x_wconf 72' lang='grc' dir='ltr'>τρία</span> 
     </span>
    </p>
   </div>
   <div class='ocr_carea' id='block_1_72' title="bbox 2231 2709 3828 2782">
    <p class='ocr_par' dir='ltr' id='par_1_72' title="bbox 2231 2709 3828 2782">
     <span class='ocr_line' id='line_1_72' title="bbox 2231 2709 3828 2782; baseline 0.003 -21"><span class='ocrx_word' id='word_1_468' title='bbox 2231 2709 2420 2778; x_wconf 81' lang='grc' dir='ltr'>στέγη,</span> <span class='ocrx_word' id='word_1_469' title='bbox 2477 2711 2558 2773; x_wconf 83' lang='grc' dir='ltr'><strong>είς</strong></span> <span class='ocrx_word' id='word_1_470' title='bbox 2614 2709 2661 2764; x_wconf 84' lang='grc' dir='ltr'>κ’</span> <span class='ocrx_word' id='word_1_471' title='bbox 2712 2712 2908 2781; x_wconf 84' lang='grc' dir='ltr'>πήχεις</span> <span class='ocrx_word' id='word_1_472' title='bbox 2956 2711 3066 2764; x_wconf 87' lang='grc' dir='ltr'><strong>τῶν</strong></span> <span class='ocrx_word' id='word_1_473' title='bbox 3125 2712 3294 2782; x_wconf 83' lang='grc' dir='ltr'>τριῶν</span> <span class='ocrx_word' id='word_1_474' title='bbox 3344 2713 3554 2782; x_wconf 88' lang='grc' dir='ltr'>στεγῶν</span> <span class='ocrx_word' id='word_1_475' title='bbox 3603 2714 3828 2768; x_wconf 79' lang='grc' dir='ltr'>τούτων</span> 
     </span>
    </p>
   </div>
   <div class='ocr_carea' id='block_1_73' title="bbox 2226 2800 3829 2871">
    <p class='ocr_par' dir='ltr' id='par_1_73' title="bbox 2226 2800 3829 2871">
     <span class='ocr_line' id='line_1_73' title="bbox 2226 2800 3829 2871; baseline 0.006 -19"><span class='ocrx_word' id='word_1_476' title='bbox 2226 2800 2503 2871; x_wconf 79' lang='grc' dir='ltr'>ήρμένων.</span> <span class='ocrx_word' id='word_1_477' title='bbox 2548 2803 2671 2866; x_wconf 87' lang='grc' dir='ltr'>Τοῖς</span> <span class='ocrx_word' id='word_1_478' title='bbox 2704 2803 2760 2854; x_wconf 81' lang='grc' dir='ltr'>δὲ</span> <span class='ocrx_word' id='word_1_479' title='bbox 2805 2803 3073 2866; x_wconf 84' lang='grc' dir='ltr'>οίκίσκοις</span> <span class='ocrx_word' id='word_1_480' title='bbox 3109 2803 3319 2868; x_wconf 81' lang='grc' dir='ltr'>τούτοις</span> <span class='ocrx_word' id='word_1_481' title='bbox 3361 2808 3475 2870; x_wconf 86' lang='grc' dir='ltr'>τοῖς</span> <span class='ocrx_word' id='word_1_482' title='bbox 3526 2805 3569 2859; x_wconf 91' lang='grc' dir='ltr'>λ’</span> <span class='ocrx_word' id='word_1_483' title='bbox 3633 2808 3829 2861; x_wconf 74' lang='grc' dir='ltr'>ἄνοδοι</span> 
     </span>
    </p>
   </div>
   <div class='ocr_carea' id='block_1_74' title="bbox 2228 2892 3831 2970">
    <p class='ocr_par' dir='ltr' id='par_1_74' title="bbox 2228 2892 3831 2970">
     <span class='ocr_line' id='line_1_74' title="bbox 2228 2892 3831 2970; baseline 0.007 -27"><span class='ocrx_word' id='word_1_484' title='bbox 2228 2892 2615 2963; x_wconf 79' lang='grc' dir='ltr'>κεκρυμμέναι</span> <span class='ocrx_word' id='word_1_485' title='bbox 2659 2895 2976 2964; x_wconf 83' lang='grc' dir='ltr'>γεγένηντο,</span> <span class='ocrx_word' id='word_1_486' title='bbox 3009 2895 3097 2949; x_wconf 75' lang='grc' dir='ltr'><strong>διὰ</strong></span> <span class='ocrx_word' id='word_1_487' title='bbox 3139 2897 3354 2968; x_wconf 83' lang='grc' dir='ltr'>μικρῶν</span> <span class='ocrx_word' id='word_1_488' title='bbox 3393 2898 3573 2970; x_wconf 81' lang='grc' dir='ltr'>θυρῶν</span> <span class='ocrx_word' id='word_1_489' title='bbox 3617 2900 3713 2952; x_wconf 76' lang='grc' dir='ltr'><strong>ἐπὶ</strong></span> <span class='ocrx_word' id='word_1_490' title='bbox 3753 2900 3831 2954; x_wconf 72' lang='grc' dir='ltr'><strong>τὰ</strong></span> 
     </span>
    </p>
   </div>
   <div class='ocr_carea' id='block_1_75' title="bbox 2229 2983 3828 3054">
    <p class='ocr_par' dir='ltr' id='par_1_75' title="bbox 2229 2983 3828 3054">
     <span class='ocr_line' id='line_1_75' title="bbox 2229 2983 3828 3054; baseline 0.006 -20"><span class='ocrx_word' id='word_1_491' title='bbox 2229 2983 2397 3054; x_wconf 88' lang='grc' dir='ltr'>στέγη</span> <span class='ocrx_word' id='word_1_492' title='bbox 2441 2984 2762 3052; x_wconf 75' lang='grc' dir='ltr'>ἀνάγουσαι.</span> <span class='ocrx_word' id='word_1_493' title='bbox 2801 2986 2862 3038; x_wconf 84' lang='grc' dir='ltr'><strong>Οἱ</strong></span> <span class='ocrx_word' id='word_1_494' title='bbox 2894 2985 2949 3038; x_wconf 81' lang='grc' dir='ltr'>δὲ</span> <span class='ocrx_word' id='word_1_495' title='bbox 2988 2985 3096 3038; x_wconf 87' lang='grc' dir='ltr'><strong>τῶν</strong></span> <span class='ocrx_word' id='word_1_496' title='bbox 3131 2986 3390 3041; x_wconf 86' lang='grc' dir='ltr'>οίκίσκων</span> <span class='ocrx_word' id='word_1_497' title='bbox 3435 2989 3640 3043; x_wconf 88' lang='grc' dir='ltr'>τούτων</span> <span class='ocrx_word' id='word_1_498' title='bbox 3670 2992 3828 3044; x_wconf 82' lang='grc' dir='ltr'>δέκα</span> 
     </span>
    </p>
   </div>
   <div class='ocr_carea' id='block_1_76' title="bbox 2227 3073 3831 3150">
    <p class='ocr_par' dir='ltr' id='par_1_76' title="bbox 2227 3073 3831 3150">
     <span class='ocr_line' id='line_1_76' title="bbox 2227 3073 3831 3150; baseline 0.007 -26"><span class='ocrx_word' id='word_1_499' title='bbox 2227 3073 2425 3143; x_wconf 85' lang='grc' dir='ltr'>πήχεις</span> <span class='ocrx_word' id='word_1_500' title='bbox 2447 3074 2762 3146; x_wconf 78' lang='grc' dir='ltr'>ὑπέρτεροι,</span> <span class='ocrx_word' id='word_1_501' title='bbox 2787 3076 3080 3148; x_wconf 83' lang='grc' dir='ltr'>ἀνειμένην</span> <span class='ocrx_word' id='word_1_502' title='bbox 3110 3081 3373 3150; x_wconf 81' lang='grc' dir='ltr'>παρεῖχον</span> <span class='ocrx_word' id='word_1_503' title='bbox 3407 3079 3485 3150; x_wconf 84' lang='grc' dir='ltr'>τῷ</span> <span class='ocrx_word' id='word_1_504' title='bbox 3509 3080 3603 3134; x_wconf 85' lang='grc' dir='ltr'><strong>τοῦ</strong></span> <span class='ocrx_word' id='word_1_505' title='bbox 3622 3083 3831 3150; x_wconf 79' lang='grc' dir='ltr'>Ἀγιά-</span> 
     </span>
    </p>
   </div>
   <div class='ocr_carea' id='block_1_77' title="bbox 2227 3165 3834 3243">
    <p class='ocr_par' dir='ltr' id='par_1_77' title="bbox 2227 3165 3834 3243">
     <span class='ocr_line' id='line_1_77' title="bbox 2227 3165 3834 3243; baseline 0.01 -28"><span class='ocrx_word' id='word_1_506' title='bbox 2227 3180 2432 3233; x_wconf 89' lang='grc' dir='ltr'>σματος</span> <span class='ocrx_word' id='word_1_507' title='bbox 2459 3165 2592 3237; x_wconf 75' lang='grc' dir='ltr'>οἴκῳ</span> <span class='ocrx_word' id='word_1_508' title='bbox 2614 3167 2711 3237; x_wconf 79' lang='grc' dir='ltr'>τὴν</span> <span class='ocrx_word' id='word_1_509' title='bbox 2737 3168 2846 3220; x_wconf 82' lang='grc' dir='ltr'><strong>τῶν</strong></span> <span class='ocrx_word' id='word_1_510' title='bbox 2874 3169 3068 3238; x_wconf 83' lang='grc' dir='ltr'>φώτων</span> <span class='ocrx_word' id='word_1_511' title='bbox 3096 3171 3279 3243; x_wconf 85' lang='grc' dir='ltr'>βολήν.</span> <span class='ocrx_word' id='word_1_512' title='bbox 3320 3172 3453 3226; x_wconf 81' lang='grc' dir='ltr'><strong>Ἀπὸ</strong></span> <span class='ocrx_word' id='word_1_513' title='bbox 3478 3175 3536 3227; x_wconf 78' lang='grc' dir='ltr'>δὲ</span> <span class='ocrx_word' id='word_1_514' title='bbox 3561 3174 3669 3228; x_wconf 85' lang='grc' dir='ltr'><strong>τῶν</strong></span> <span class='ocrx_word' id='word_1_515' title='bbox 3730 3176 3834 3241; x_wconf 78' lang='grc' dir='ltr'><strong>ἐξ-</strong></span> 
     </span>
    </p>
   </div>
   <div class='ocr_carea' id='block_1_78' title="bbox 2222 3255 3830 3335">
    <p class='ocr_par' dir='ltr' id='par_1_78' title="bbox 2222 3255 3830 3335">
     <span class='ocr_line' id='line_1_78' title="bbox 2222 3255 3830 3335; baseline 0.009 -30"><span class='ocrx_word' id='word_1_516' title='bbox 2222 3255 2424 3325; x_wconf 81' lang='grc' dir='ltr'>ήκοντα</span> <span class='ocrx_word' id='word_1_517' title='bbox 2443 3257 2635 3326; x_wconf 84' lang='grc' dir='ltr'>πηχῶν</span> <span class='ocrx_word' id='word_1_518' title='bbox 2649 3256 2742 3310; x_wconf 90' lang='grc' dir='ltr'><strong>τοῦ</strong></span> <span class='ocrx_word' id='word_1_519' title='bbox 2766 3258 2918 3324; x_wconf 90' lang='grc' dir='ltr'>ναοῦ,</span> <span class='ocrx_word' id='word_1_520' title='bbox 2936 3262 2983 3312; x_wconf 78' lang='grc' dir='ltr'>οἱ</span> <span class='ocrx_word' id='word_1_521' title='bbox 3005 3261 3262 3315; x_wconf 84' lang='grc' dir='ltr'>ἐσώτατοι</span> <span class='ocrx_word' id='word_1_522' title='bbox 3283 3263 3394 3333; x_wconf 74' lang='grc'><strong>(15)</strong></span> <span class='ocrx_word' id='word_1_523' title='bbox 3417 3263 3495 3334; x_wconf 84' lang='grc' dir='ltr'>τῷ</span> <span class='ocrx_word' id='word_1_524' title='bbox 3509 3264 3676 3335; x_wconf 81' lang='grc' dir='ltr'>Ἀγίῳ</span> <span class='ocrx_word' id='word_1_525' title='bbox 3698 3267 3830 3319; x_wconf 84' lang='grc' dir='ltr'><strong>τῶν</strong></span> 
     </span>
    </p>
   </div>
   <div class='ocr_carea' id='block_1_79' title="bbox 2222 3347 3834 3426">
    <p class='ocr_par' dir='ltr' id='par_1_79' title="bbox 2222 3347 3834 3426">
     <span class='ocr_line' id='line_1_79' title="bbox 2222 3347 3834 3426; baseline 0.007 -26"><span class='ocrx_word' id='word_1_526' title='bbox 2222 3347 2392 3415; x_wconf 83' lang='grc' dir='ltr'>ἁγίων</span> <span class='ocrx_word' id='word_1_527' title='bbox 2419 3347 2694 3419; x_wconf 73' lang='grc' dir='ltr'>διῄρηντο,</span> <span class='ocrx_word' id='word_1_528' title='bbox 2718 3352 2766 3402; x_wconf 90' lang='grc' dir='ltr'>οἱ</span> <span class='ocrx_word' id='word_1_529' title='bbox 2794 3351 2850 3403; x_wconf 86' lang='grc' dir='ltr'>δὲ</span> <span class='ocrx_word' id='word_1_530' title='bbox 2873 3351 3024 3406; x_wconf 79' lang='grc' dir='ltr'>ἄλλοι</span> <span class='ocrx_word' id='word_1_531' title='bbox 3055 3351 3127 3422; x_wconf 85' lang='grc' dir='ltr'>μ’,</span> <span class='ocrx_word' id='word_1_532' title='bbox 3158 3355 3236 3423; x_wconf 82' lang='grc' dir='ltr'>τῷ</span> <span class='ocrx_word' id='word_1_533' title='bbox 3267 3353 3524 3426; x_wconf 77' lang='grc' dir='ltr'>ἐξωτάτω</span> <span class='ocrx_word' id='word_1_534' title='bbox 3547 3357 3688 3426; x_wconf 83' lang='grc' dir='ltr'>ἁγίῳ</span> <span class='ocrx_word' id='word_1_535' title='bbox 3721 3375 3834 3410; x_wconf 81' lang='grc' dir='ltr'>κε-</span> 
     </span>
    </p>
   </div>
   <div class='ocr_carea' id='block_1_80' title="bbox 2221 3439 3833 3518">
    <p class='ocr_par' dir='ltr' id='par_1_80' title="bbox 2221 3439 3833 3518">
     <span class='ocr_line' id='line_1_80' title="bbox 2221 3439 3833 3518; baseline 0.007 -26"><span class='ocrx_word' id='word_1_536' title='bbox 2221 3439 2524 3510; x_wconf 88' lang='grc' dir='ltr'>κλήρωντο.</span> <span class='ocrx_word' id='word_1_537' title='bbox 2561 3443 2625 3494; x_wconf 83' lang='grc' dir='ltr'><strong>Αἱ</strong></span> <span class='ocrx_word' id='word_1_538' title='bbox 2655 3442 2711 3495; x_wconf 80' lang='grc' dir='ltr'>δὲ</span> <span class='ocrx_word' id='word_1_539' title='bbox 2741 3443 2902 3514; x_wconf 88' lang='grc' dir='ltr'>θύραι</span> <span class='ocrx_word' id='word_1_540' title='bbox 2944 3444 3040 3498; x_wconf 86' lang='grc' dir='ltr'><strong>τοῦ</strong></span> <span class='ocrx_word' id='word_1_541' title='bbox 3094 3446 3224 3500; x_wconf 84' lang='grc' dir='ltr'>ναοῦ</span> <span class='ocrx_word' id='word_1_542' title='bbox 3278 3448 3414 3517; x_wconf 70' lang='grc' dir='ltr'>πρὸς</span> <span class='ocrx_word' id='word_1_543' title='bbox 3441 3449 3502 3501; x_wconf 70' lang='grc' dir='ltr'><strong>τὸ</strong></span> <span class='ocrx_word' id='word_1_544' title='bbox 3548 3445 3709 3518; x_wconf 76' lang='grc' dir='ltr'>εὖρος</span> <span class='ocrx_word' id='word_1_545' title='bbox 3775 3450 3833 3503; x_wconf 83' lang='grc' dir='ltr'>κ’</span> 
     </span>
    </p>
   </div>
   <div class='ocr_carea' id='block_1_81' title="bbox 2221 3532 3833 3614">
    <p class='ocr_par' dir='ltr' id='par_1_81' title="bbox 2221 3532 3833 3614">
     <span class='ocr_line' id='line_1_81' title="bbox 2221 3532 3833 3614; baseline 0.009 -31"><span class='ocrx_word' id='word_1_546' title='bbox 2221 3532 2416 3603; x_wconf 84' lang='grc' dir='ltr'>πηχῶν</span> <span class='ocrx_word' id='word_1_547' title='bbox 2442 3534 2759 3606; x_wconf 85' lang='grc' dir='ltr'>γεγένηντο,</span> <span class='ocrx_word' id='word_1_548' title='bbox 2795 3536 3000 3592; x_wconf 80' lang='grc' dir='ltr'>ἔσωθεν</span> <span class='ocrx_word' id='word_1_549' title='bbox 3033 3539 3128 3593; x_wconf 80' lang='grc' dir='ltr'>καὶ</span> <span class='ocrx_word' id='word_1_550' title='bbox 3171 3539 3370 3604; x_wconf 77' lang='grc' dir='ltr'>ἔξωθεν</span> <span class='ocrx_word' id='word_1_551' title='bbox 3399 3541 3573 3595; x_wconf 87' lang='grc' dir='ltr'>διόλου</span> <span class='ocrx_word' id='word_1_552' title='bbox 3602 3559 3833 3614; x_wconf 76' lang='grc' dir='ltr'>κεχρυσ-</span> 
     </span>
    </p>
   </div>
   <div class='ocr_carea' id='block_1_82' title="bbox 2224 3625 3834 3701">
    <p class='ocr_par' dir='ltr' id='par_1_82' title="bbox 2224 3625 3834 3701">
     <span class='ocr_line' id='line_1_82' title="bbox 2224 3625 3834 3701; baseline 0.008 -25"><span class='ocrx_word' id='word_1_553' title='bbox 2224 3625 2490 3692; x_wconf 76' lang='grc' dir='ltr'>εωμέναι.</span> <span class='ocrx_word' id='word_1_554' title='bbox 2537 3627 2956 3701; x_wconf 83' lang='grc' dir='ltr'>Καταπέτασμα</span> <span class='ocrx_word' id='word_1_555' title='bbox 3008 3631 3066 3684; x_wconf 81' lang='grc' dir='ltr'>δὲ</span> <span class='ocrx_word' id='word_1_556' title='bbox 3107 3626 3176 3700; x_wconf 81' lang='grc' dir='ltr'>ἦν</span> <span class='ocrx_word' id='word_1_557' title='bbox 3215 3633 3274 3684; x_wconf 79' lang='grc' dir='ltr'>τὸ</span> <span class='ocrx_word' id='word_1_558' title='bbox 3304 3632 3391 3685; x_wconf 81' lang='grc' dir='ltr'><strong>ἐπ’</strong></span> <span class='ocrx_word' id='word_1_559' title='bbox 3433 3634 3625 3698; x_wconf 79' lang='grc' dir='ltr'>αὐταῖς</span> <span class='ocrx_word' id='word_1_560' title='bbox 3670 3636 3834 3689; x_wconf 84' lang='grc' dir='ltr'>καθ-</span> 
     </span>
    </p>
   </div>
   <div class='ocr_carea' id='block_1_83' title="bbox 2221 3717 3838 3799">
    <p class='ocr_par' dir='ltr' id='par_1_83' title="bbox 2221 3717 3838 3799">
     <span class='ocr_line' id='line_1_83' title="bbox 2221 3717 3838 3799; baseline 0.011 -33"><span class='ocrx_word' id='word_1_561' title='bbox 2221 3717 2520 3787; x_wconf 78' lang='grc' dir='ltr'>ηλωμένον,</span> <span class='ocrx_word' id='word_1_562' title='bbox 2550 3720 2614 3772; x_wconf 82' lang='grc' dir='ltr'>ἐκ</span> <span class='ocrx_word' id='word_1_563' title='bbox 2640 3719 2839 3790; x_wconf 83' lang='grc' dir='ltr'>βύσσου</span> <span class='ocrx_word' id='word_1_564' title='bbox 2869 3725 2960 3776; x_wconf 73' lang='grc' dir='ltr'>καὶ</span> <span class='ocrx_word' id='word_1_565' title='bbox 2989 3723 3246 3777; x_wconf 79' lang='grc' dir='ltr'>ὑακίνθου</span> <span class='ocrx_word' id='word_1_566' title='bbox 3271 3725 3367 3779; x_wconf 73' lang='grc' dir='ltr'>καὶ</span> <span class='ocrx_word' id='word_1_567' title='bbox 3398 3727 3684 3799; x_wconf 87' lang='grc' dir='ltr'>πορφύρας</span> <span class='ocrx_word' id='word_1_568' title='bbox 3714 3731 3838 3784; x_wconf 77' lang='grc' dir='ltr'>καὶ</span> 
     </span>
    </p>
   </div>
   <div class='ocr_carea' id='block_1_84' title="bbox 2221 3810 3836 3887">
    <p class='ocr_par' dir='ltr' id='par_1_84' title="bbox 2221 3810 3836 3887">
     <span class='ocr_line' id='line_1_84' title="bbox 2221 3810 3836 3887; baseline 0.008 -25"><span class='ocrx_word' id='word_1_569' title='bbox 2221 3810 2476 3863; x_wconf 85' lang='grc' dir='ltr'>κοκκίνου</span> <span class='ocrx_word' id='word_1_570' title='bbox 2513 3812 2848 3882; x_wconf 81' lang='grc' dir='ltr'>ὑφασμένον.</span> <span class='ocrx_word' id='word_1_571' title='bbox 2895 3816 3004 3868; x_wconf 77' lang='grc' dir='ltr'><strong>Καὶ</strong></span> <span class='ocrx_word' id='word_1_572' title='bbox 3030 3812 3096 3887; x_wconf 80' lang='grc' dir='ltr'>ἦν</span> <span class='ocrx_word' id='word_1_573' title='bbox 3127 3817 3274 3880; x_wconf 76' lang='grc' dir='ltr'>ἄπας</span> <span class='ocrx_word' id='word_1_574' title='bbox 3303 3818 3330 3868; x_wconf 83' lang='grc' dir='ltr'>ὁ</span> <span class='ocrx_word' id='word_1_575' title='bbox 3371 3818 3496 3882; x_wconf 73' lang='grc' dir='ltr'>ναὸς</span> <span class='ocrx_word' id='word_1_576' title='bbox 3527 3821 3622 3872; x_wconf 73' lang='grc' dir='ltr'>καὶ</span> <span class='ocrx_word' id='word_1_577' title='bbox 3647 3820 3722 3873; x_wconf 77' lang='grc' dir='ltr'>τὰ</span> <span class='ocrx_word' id='word_1_578' title='bbox 3762 3824 3836 3875; x_wconf 79' lang='grc' dir='ltr'>ὲν</span> 
     </span>
    </p>
   </div>
   <div class='ocr_carea' id='block_1_85' title="bbox 2219 3902 3837 3982">
    <p class='ocr_par' dir='ltr' id='par_1_85' title="bbox 2219 3902 3837 3982">
     <span class='ocr_line' id='line_1_85' title="bbox 2219 3902 3837 3982; baseline 0.007 -27"><span class='ocrx_word' id='word_1_579' title='bbox 2219 3902 2365 3973; x_wconf 77' lang='grc' dir='ltr'>αὐτῷ</span> <span class='ocrx_word' id='word_1_580' title='bbox 2391 3904 2569 3958; x_wconf 86' lang='grc' dir='ltr'>πάντα</span> <span class='ocrx_word' id='word_1_581' title='bbox 2601 3905 2806 3960; x_wconf 75' lang='grc' dir='ltr'>ἔσωθεν</span> <span class='ocrx_word' id='word_1_582' title='bbox 2849 3907 2945 3962; x_wconf 71' lang='grc' dir='ltr'><strong>καὶ</strong></span> <span class='ocrx_word' id='word_1_583' title='bbox 2973 3908 3174 3972; x_wconf 70' lang='grc' dir='ltr'>ἔξωθεν</span> <span class='ocrx_word' id='word_1_584' title='bbox 3199 3909 3376 3964; x_wconf 81' lang='grc' dir='ltr'>διόλου</span> <span class='ocrx_word' id='word_1_585' title='bbox 3412 3912 3599 3982; x_wconf 84' lang='grc' dir='ltr'>χρυσῷ</span> <span class='ocrx_word' id='word_1_586' title='bbox 3630 3930 3837 3966; x_wconf 82' lang='grc' dir='ltr'>κατα.-</span> 
     </span>
    </p>
   </div>
   <div class='ocr_carea' id='block_1_86' title="bbox 2219 3995 3838 4075">
    <p class='ocr_par' dir='ltr' id='par_1_86' title="bbox 2219 3995 3838 4075">
     <span class='ocr_line' id='line_1_86' title="bbox 2219 3995 3838 4075; baseline 0.008 -29"><span class='ocrx_word' id='word_1_587' title='bbox 2219 3995 2603 4066; x_wconf 82' lang='grc' dir='ltr'>πεπλασμένα.</span> <span class='ocrx_word' id='word_1_588' title='bbox 2638 3999 2748 4053; x_wconf 82' lang='grc' dir='ltr'><strong>Καὶ</strong></span> <span class='ocrx_word' id='word_1_589' title='bbox 2792 4000 2853 4054; x_wconf 84' lang='grc' dir='ltr'>τὸ</span> <span class='ocrx_word' id='word_1_590' title='bbox 2883 3999 3078 4070; x_wconf 78' lang='grc' dir='ltr'>ἔδαφος</span> <span class='ocrx_word' id='word_1_591' title='bbox 3123 4001 3183 4056; x_wconf 83' lang='grc' dir='ltr'>δὲ</span> <span class='ocrx_word' id='word_1_592' title='bbox 3238 4004 3426 4075; x_wconf 87' lang='grc' dir='ltr'>χρυσῷ</span> <span class='ocrx_word' id='word_1_593' title='bbox 3469 4007 3639 4074; x_wconf 85' lang='grc' dir='ltr'>παχεῖ</span> <span class='ocrx_word' id='word_1_594' title='bbox 3672 4022 3838 4059; x_wconf 83' lang='grc' dir='ltr'>κατ-</span> 
     </span>
    </p>
   </div>
   <div class='ocr_carea' id='block_1_87' title="bbox 2219 4083 3842 4167">
    <p class='ocr_par' dir='ltr' id='par_1_87' title="bbox 2219 4083 3842 4167">
     <span class='ocr_line' id='line_1_87' title="bbox 2219 4083 3842 4167; baseline 0.01 -32"><span class='ocrx_word' id='word_1_595' title='bbox 2219 4083 2481 4154; x_wconf 74' lang='grc' dir='ltr'>έστρωτο,</span> <span class='ocrx_word' id='word_1_596' title='bbox 2543 4088 2699 4141; x_wconf 83' lang='grc' dir='ltr'>οἵτε</span> <span class='ocrx_word' id='word_1_597' title='bbox 2753 4093 2923 4162; x_wconf 81' lang='grc' dir='ltr'>τοῖχοι</span> <span class='ocrx_word' id='word_1_598' title='bbox 2969 4091 3212 4160; x_wconf 86' lang='grc' dir='ltr'>φοίνικος</span> <span class='ocrx_word' id='word_1_599' title='bbox 3272 4093 3516 4167; x_wconf 77' lang='grc' dir='ltr'>Ιφοίνιξι]</span> <span class='ocrx_word' id='word_1_600' title='bbox 3569 4097 3660 4148; x_wconf 79' lang='grc' dir='ltr'>καὶ</span> <span class='ocrx_word' id='word_1_601' title='bbox 3700 4098 3842 4151; x_wconf 78' lang='grc' dir='ltr'><strong>Χε-</strong></span> 
     </span>
    </p>
   </div>
   <div class='ocr_carea' id='block_1_88' title="bbox 2221 4175 3837 4257">
    <p class='ocr_par' dir='ltr' id='par_1_88' title="bbox 2221 4175 3837 4257">
     <span class='ocr_line' id='line_1_88' title="bbox 2221 4175 3837 4257; baseline 0.01 -31"><span class='ocrx_word' id='word_1_602' title='bbox 2221 4175 2422 4247; x_wconf 72' lang='grc' dir='ltr'>ρουϐὶμ</span> <span class='ocrx_word' id='word_1_603' title='bbox 2471 4177 2940 4252; x_wconf 78' lang='grc' dir='ltr'>ὲγγεγλυμμένοις</span> <span class='ocrx_word' id='word_1_604' title='bbox 2982 4185 3076 4236; x_wconf 74' lang='grc' dir='ltr'>καὶ</span> <span class='ocrx_word' id='word_1_605' title='bbox 3120 4186 3570 4257; x_wconf 85' lang='grc' dir='ltr'>τετορνευμένοις</span> <span class='ocrx_word' id='word_1_606' title='bbox 3624 4186 3837 4242; x_wconf 79' lang='grc' dir='ltr'>διόλου</span> 
     </span>
    </p>
   </div>
   <div class='ocr_carea' id='block_1_89' title="bbox 2217 4269 3845 4341">
    <p class='ocr_par' dir='ltr' id='par_1_89' title="bbox 2217 4269 3845 4341">
     <span class='ocr_line' id='line_1_89' title="bbox 2217 4269 3845 4341; baseline 0.01 -21"><span class='ocrx_word' id='word_1_607' title='bbox 2217 4269 2501 4327; x_wconf 81' lang='grc' dir='ltr'>διέκειντο.</span> <span class='ocrx_word' id='word_1_608' title='bbox 2541 4269 2699 4326; x_wconf 86' lang='grc' dir='ltr'>Οῦτω</span> <span class='ocrx_word' id='word_1_609' title='bbox 2725 4323 2730 4328; x_wconf 83' lang='lat'><strong>.</strong></span> <span class='ocrx_word' id='word_1_610' title='bbox 2758 4274 2939 4328; x_wconf 86' lang='grc' dir='ltr'>τοίνυν</span> <span class='ocrx_word' id='word_1_611' title='bbox 2987 4277 3016 4329; x_wconf 85' lang='grc' dir='ltr'>ὁ</span> <span class='ocrx_word' id='word_1_612' title='bbox 3057 4275 3187 4341; x_wconf 84' lang='grc' dir='ltr'>ναὸς</span> <span class='ocrx_word' id='word_1_613' title='bbox 3239 4277 3668 4333; x_wconf 83' lang='grc' dir='ltr'>κατεσκεύαστο.</span> <span class='ocrx_word' id='word_1_614' title='bbox 3711 4283 3845 4335; x_wconf 81' lang='grc' dir='ltr'><strong>Πε-</strong></span> 
     </span>
    </p>
   </div>
   <div class='ocr_carea' id='block_1_90' title="bbox 2221 4362 3843 4443">
    <p class='ocr_par' dir='ltr' id='par_1_90' title="bbox 2221 4362 3843 4443">
     <span class='ocr_line' id='line_1_90' title="bbox 2221 4362 3843 4443; baseline 0.009 -30"><span class='ocrx_word' id='word_1_615' title='bbox 2221 4362 2460 4432; x_wconf 84' lang='grc' dir='ltr'>ριέκειτο</span> <span class='ocrx_word' id='word_1_616' title='bbox 2492 4363 2549 4417; x_wconf 80' lang='grc' dir='ltr'>δὲ</span> <span class='ocrx_word' id='word_1_617' title='bbox 2604 4364 2791 4438; x_wconf 81' lang='grc' dir='ltr'>κύκλῳ</span> <span class='ocrx_word' id='word_1_618' title='bbox 2839 4367 2934 4420; x_wconf 89' lang='grc' dir='ltr'><strong>τοῦ</strong></span> <span class='ocrx_word' id='word_1_619' title='bbox 2969 4367 3098 4422; x_wconf 88' lang='grc' dir='ltr'>ναοῦ</span> <span class='ocrx_word' id='word_1_620' title='bbox 3143 4370 3349 4440; x_wconf 83' lang='grc' dir='ltr'>γείσιον</span> <span class='ocrx_word' id='word_1_621' title='bbox 3381 4369 3494 4443; x_wconf 74' lang='grc'><strong>(14)</strong></span> <span class='ocrx_word' id='word_1_622' title='bbox 3530 4373 3609 4437; x_wconf 86' lang='grc' dir='ltr'><strong>εἰς</strong></span> <span class='ocrx_word' id='word_1_623' title='bbox 3651 4379 3843 4442; x_wconf 70' lang='grc' dir='ltr'>τρεῖς</span> 
     </span>
    </p>
   </div>
   <div class='ocr_carea' id='block_1_91' title="bbox 2218 4454 3846 4535">
    <p class='ocr_par' dir='ltr' id='par_1_91' title="bbox 2218 4454 3846 4535">
     <span class='ocr_line' id='line_1_91' title="bbox 2218 4454 3846 4535; baseline 0.011 -31"><span class='ocrx_word' id='word_1_624' title='bbox 2218 4454 2416 4524; x_wconf 84' lang='grc' dir='ltr'>πήχεις</span> <span class='ocrx_word' id='word_1_625' title='bbox 2455 4455 2737 4512; x_wconf 84' lang='grc' dir='ltr'>ἀνατεῖνον</span> <span class='ocrx_word' id='word_1_626' title='bbox 2769 4458 2880 4532; x_wconf 79' lang='grc'><strong>(15)</strong></span> <span class='ocrx_word' id='word_1_627' title='bbox 2914 4460 2972 4515; x_wconf 85' lang='grc' dir='ltr'>τὸ</span> <span class='ocrx_word' id='word_1_628' title='bbox 3005 4461 3162 4531; x_wconf 66' lang='grc' dir='ltr'>ὕψος,</span> <span class='ocrx_word' id='word_1_629' title='bbox 3205 4458 3388 4535; x_wconf 80' lang='grc' dir='ltr'>εῖργον</span> <span class='ocrx_word' id='word_1_630' title='bbox 3417 4463 3473 4518; x_wconf 82' lang='grc' dir='ltr'>δὲ</span> <span class='ocrx_word' id='word_1_631' title='bbox 3505 4466 3632 4531; x_wconf 79' lang='grc' dir='ltr'>τοὺς</span> <span class='ocrx_word' id='word_1_632' title='bbox 3671 4472 3846 4522; x_wconf 80' lang='grc' dir='ltr'>πολ-</span> 
     </span>
    </p>
   </div>
   <div class='ocr_carea' id='block_1_92' title="bbox 525 4543 2119 4628">
    <p class='ocr_par' dir='ltr' id='par_1_92' title="bbox 525 4544 2111 4618">
     <span class='ocr_line' id='line_1_92' title="bbox 525 4544 2111 4618; baseline 0.008 -24"><span class='ocrx_word' id='word_1_633' title='bbox 525 4559 658 4610; x_wconf 80' lang='lat' dir='ltr'><strong>gens</strong></span> <span class='ocrx_word' id='word_1_634' title='bbox 681 4544 734 4597; x_wconf 92' lang='lat' dir='ltr'><strong>in</strong></span> <span class='ocrx_word' id='word_1_635' title='bbox 759 4545 1102 4599; x_wconf 84' lang='lat' dir='ltr'><strong>altitudinem</strong></span> <span class='ocrx_word' id='word_1_636' title='bbox 1140 4546 1303 4599; x_wconf 90' lang='lat' dir='ltr'><strong>trium</strong></span> <span class='ocrx_word' id='word_1_637' title='bbox 1339 4547 1677 4612; x_wconf 87' lang='lat' dir='ltr'><strong>eubitorum,</strong></span> <span class='ocrx_word' id='word_1_638' title='bbox 1718 4551 1863 4618; x_wconf 89' lang='lat' dir='ltr'><strong>quod</strong></span> <span class='ocrx_word' id='word_1_639' title='bbox 1891 4552 2111 4606; x_wconf 85' lang='lat' dir='ltr'><strong>arcebat</strong></span> 
     </span>
    </p>
   </div>
   <div class='ocr_carea' id='block_1_93' title="bbox 2228 4543 3844 4628">
    <p class='ocr_par' dir='ltr' id='par_1_93' title="bbox 2228 4545 3844 4628">
     <span class='ocr_line' id='line_1_93' title="bbox 2228 4545 3844 4628; baseline 0.012 -33"><span class='ocrx_word' id='word_1_640' title='bbox 2228 4545 2343 4610; x_wconf 68' lang='lat' dir='ltr'><strong>tab;</strong></span> <span class='ocrx_word' id='word_1_641' title='bbox 2389 4548 2470 4612; x_wconf 82' lang='grc' dir='ltr'><strong>εἰς</strong></span> <span class='ocrx_word' id='word_1_642' title='bbox 2503 4547 2563 4601; x_wconf 86' lang='grc' dir='ltr'>τὸ</span> <span class='ocrx_word' id='word_1_643' title='bbox 2593 4547 2738 4622; x_wconf 73' lang='grc' dir='ltr'>ἱερὸν</span> <span class='ocrx_word' id='word_1_644' title='bbox 2788 4553 3023 4618; x_wconf 75' lang='grc' dir='ltr'>εἰσόδου,</span> <span class='ocrx_word' id='word_1_645' title='bbox 3057 4555 3242 4625; x_wconf 88' lang='grc' dir='ltr'>μόνοις</span> <span class='ocrx_word' id='word_1_646' title='bbox 3271 4556 3326 4611; x_wconf 80' lang='grc' dir='ltr'>δὲ</span> <span class='ocrx_word' id='word_1_647' title='bbox 3370 4557 3656 4628; x_wconf 82' lang='grc' dir='ltr'>ἀνειμένον</span> <span class='ocrx_word' id='word_1_648' title='bbox 3686 4564 3844 4626; x_wconf 84' lang='grc' dir='ltr'>τοῖς</span> 
     </span>
    </p>
   </div>
   <div class='ocr_carea' id='block_1_94' title="bbox 526 4633 2109 4708">
    <p class='ocr_par' dir='ltr' id='par_1_94' title="bbox 526 4633 2109 4708">
     <span class='ocr_line' id='line_1_94' title="bbox 526 4633 2109 4708; baseline 0.006 -24"><span class='ocrx_word' id='word_1_649' title='bbox 526 4633 720 4702; x_wconf 72' lang='lat' dir='ltr'><strong>vulgus</strong></span> <span class='ocrx_word' id='word_1_650' title='bbox 761 4635 833 4688; x_wconf 87' lang='lat' dir='ltr'><strong>ab</strong></span> <span class='ocrx_word' id='word_1_651' title='bbox 877 4634 1103 4688; x_wconf 82' lang='lat' dir='ltr'><strong>introitu</strong></span> <span class='ocrx_word' id='word_1_652' title='bbox 1150 4635 1203 4688; x_wconf 91' lang='lat' dir='ltr'><strong>in</strong></span> <span class='ocrx_word' id='word_1_653' title='bbox 1236 4635 1560 4702; x_wconf 87' lang='lat' dir='ltr'><strong>sacrarium,</strong></span> <span class='ocrx_word' id='word_1_654' title='bbox 1595 4635 1836 4708; x_wconf 87' lang='lat' dir='ltr'><strong>solisque</strong></span> <span class='ocrx_word' id='word_1_655' title='bbox 1881 4638 2109 4707; x_wconf 83' lang='lat' dir='ltr'><strong>permis-</strong></span> 
     </span>
    </p>
   </div>
   <div class='ocr_carea' id='block_1_95' title="bbox 523 4727 1231 4782">
    <p class='ocr_par' dir='ltr' id='par_1_95' title="bbox 523 4727 1231 4782">
     <span class='ocr_line' id='line_1_95' title="bbox 523 4727 1231 4782; baseline 0.003 -3"><span class='ocrx_word' id='word_1_656' title='bbox 523 4740 645 4780; x_wconf 88' lang='lat' dir='ltr'><strong>sum</strong></span> <span class='ocrx_word' id='word_1_657' title='bbox 682 4736 803 4781; x_wconf 84' lang='lat' dir='ltr'><strong>erat</strong></span> <span class='ocrx_word' id='word_1_658' title='bbox 831 4727 1231 4782; x_wconf 82' lang='lat' dir='ltr'><strong>sacerdotibus.</strong></span> 
     </span>
    </p>
   </div>
   <div class='ocr_carea' id='block_1_96' title="bbox 523 4837 2104 4914">
    <p class='ocr_par' dir='ltr' id='par_1_96' title="bbox 523 4837 2104 4914">
     <span class='ocr_line' id='line_1_96' title="bbox 523 4837 2104 4914; baseline 0.004 -19"><span class='ocrx_word' id='word_1_659' title='bbox 523 4837 678 4895; x_wconf 79' lang='lat' dir='ltr'><strong>CAP.</strong></span> <span class='ocrx_word' id='word_1_660' title='bbox 723 4839 884 4896; x_wconf 84' lang='lat' dir='ltr'><strong>CVII.</strong></span> <span class='ocrx_word' id='word_1_661' title='bbox 926 4867 997 4882; x_wconf 86' lang='lat'><strong>--</strong></span> <span class='ocrx_word' id='word_1_662' title='bbox 1035 4842 1298 4907; x_wconf 65' lang='lat' dir='ltr'><strong>Quanam</strong></span> <span class='ocrx_word' id='word_1_663' title='bbox 1356 4860 1513 4896; x_wconf 82' lang='lat' dir='ltr'><strong>sacra</strong></span> <span class='ocrx_word' id='word_1_664' title='bbox 1563 4845 1790 4914; x_wconf 76' lang='lat' dir='ltr'><strong>reposita</strong></span> <span class='ocrx_word' id='word_1_665' title='bbox 1848 4859 1999 4902; x_wconf 83' lang='lat' dir='ltr'><strong>erant</strong></span> <span class='ocrx_word' id='word_1_666' title='bbox 2051 4851 2104 4902; x_wconf 81' lang='lat' dir='ltr'><strong>in</strong></span> 
     </span>
    </p>
   </div>
   <div class='ocr_carea' id='block_1_97' title="bbox 1109 4914 1518 4968">
    <p class='ocr_par' dir='ltr' id='par_1_97' title="bbox 1109 4914 1518 4968">
     <span class='ocr_line' id='line_1_97' title="bbox 1109 4914 1518 4968; baseline 0.002 -1"><span class='ocrx_word' id='word_1_667' title='bbox 1109 4916 1422 4967; x_wconf 74' lang='lat' dir='ltr'><strong>sanctuario</strong></span> <span class='ocrx_word' id='word_1_668' title='bbox 1451 4914 1518 4968; x_wconf 79' lang='lat'><strong>&quot;‘.</strong></span> 
     </span>
    </p>
   </div>
   <div class='ocr_carea' id='block_1_98' title="bbox 591 5020 2102 5103">
    <p class='ocr_par' dir='ltr' id='par_1_98' title="bbox 591 5020 2102 5103">
     <span class='ocr_line' id='line_1_98' title="bbox 591 5020 2102 5103; baseline 0.007 -25"><span class='ocrx_word' id='word_1_669' title='bbox 591 5020 652 5078; x_wconf 80' lang='lat' dir='ltr'><strong>In</strong></span> <span class='ocrx_word' id='word_1_670' title='bbox 685 5033 874 5079; x_wconf 82' lang='lat' dir='ltr'><strong>sancta</strong></span> <span class='ocrx_word' id='word_1_671' title='bbox 907 5026 1126 5096; x_wconf 88' lang='lat' dir='ltr'><strong>quidem</strong></span> <span class='ocrx_word' id='word_1_672' title='bbox 1164 5029 1278 5082; x_wconf 56' lang='lat' dir='ltr'><strong>aede</strong></span> <span class='ocrx_word' id='word_1_673' title='bbox 1315 5029 1736 5098; x_wconf 83' lang='lat' dir='ltr'><strong>viginticubitali</strong></span> <span class='ocrx_word' id='word_1_674' title='bbox 1780 5041 1835 5087; x_wconf 90' lang='lat' dir='ltr'><strong>et</strong></span> <span class='ocrx_word' id='word_1_675' title='bbox 1875 5033 2102 5103; x_wconf 84' lang='lat' dir='ltr'><strong>aequila-</strong></span> 
     </span>
    </p>
   </div>
   <div class='ocr_carea' id='block_1_99' title="bbox 526 5121 2106 5193">
    <p class='ocr_par' dir='ltr' id='par_1_99' title="bbox 526 5121 2106 5193">
     <span class='ocr_line' id='line_1_99' title="bbox 526 5121 2106 5193; baseline 0.006 -21"><span class='ocrx_word' id='word_1_676' title='bbox 526 5126 680 5184; x_wconf 74' lang='lat' dir='ltr'><strong>tera,</strong></span> <span class='ocrx_word' id='word_1_677' title='bbox 743 5126 862 5174; x_wconf 90' lang='lat' dir='ltr'><strong>erat</strong></span> <span class='ocrx_word' id='word_1_678' title='bbox 922 5122 1096 5187; x_wconf 83' lang='lat' dir='ltr'><strong>Area,</strong></span> <span class='ocrx_word' id='word_1_679' title='bbox 1154 5137 1318 5191; x_wconf 83' lang='lat' dir='ltr'><strong>quam</strong></span> <span class='ocrx_word' id='word_1_680' title='bbox 1381 5121 1593 5193; x_wconf 80' lang='lat' dir='ltr'><strong>Moyses</strong></span> <span class='ocrx_word' id='word_1_681' title='bbox 1660 5125 1893 5191; x_wconf 82' lang='lat' dir='ltr'><strong>fecerat,</strong></span> <span class='ocrx_word' id='word_1_682' title='bbox 1958 5128 2106 5181; x_wconf 90' lang='lat' dir='ltr'><strong>intus</strong></span> 
     </span>
    </p>
   </div>
   <div class='ocr_carea' id='block_1_100' title="bbox 521 5211 2105 5284">
    <p class='ocr_par' dir='ltr' id='par_1_100' title="bbox 521 5211 2105 5284">
     <span class='ocr_line' id='line_1_100' title="bbox 521 5211 2105 5284; baseline 0.006 -20"><span class='ocrx_word' id='word_1_683' title='bbox 521 5211 715 5278; x_wconf 86' lang='lat' dir='ltr'><strong>posita,</strong></span> <span class='ocrx_word' id='word_1_684' title='bbox 763 5226 792 5264; x_wconf 88' lang='lat' dir='ltr'><strong>a</strong></span> <span class='ocrx_word' id='word_1_685' title='bbox 831 5211 1128 5267; x_wconf 83' lang='lat' dir='ltr'><strong>Cherubim</strong></span> <span class='ocrx_word' id='word_1_686' title='bbox 1159 5223 1318 5279; x_wconf 89' lang='lat' dir='ltr'><strong>tecta,</strong></span> <span class='ocrx_word' id='word_1_687' title='bbox 1359 5231 1476 5284; x_wconf 65' lang='lat' dir='ltr'><strong>quae</strong></span> <span class='ocrx_word' id='word_1_688' title='bbox 1511 5227 1668 5270; x_wconf 89' lang='lat' dir='ltr'><strong>erant</strong></span> <span class='ocrx_word' id='word_1_689' title='bbox 1707 5217 1818 5272; x_wconf 92' lang='lat' dir='ltr'><strong>duo</strong></span> <span class='ocrx_word' id='word_1_690' title='bbox 1860 5219 1974 5273; x_wconf 88' lang='lat' dir='ltr'><strong>alas</strong></span> <span class='ocrx_word' id='word_1_691' title='bbox 2010 5220 2105 5272; x_wconf 86' lang='lat' dir='ltr'><strong>ha-</strong></span> 
     </span>
    </p>
   </div>
   <div class='ocr_carea' id='block_1_101' title="bbox 525 5303 2104 5380">
    <p class='ocr_par' dir='ltr' id='par_1_101' title="bbox 525 5303 2104 5380">
     <span class='ocr_line' id='line_1_101' title="bbox 525 5303 2104 5380; baseline 0.009 -26"><span class='ocrx_word' id='word_1_692' title='bbox 525 5303 702 5358; x_wconf 87' lang='lat' dir='ltr'><strong>bentia</strong></span> <span class='ocrx_word' id='word_1_693' title='bbox 729 5305 1276 5374; x_wconf 86' lang='lat' dir='ltr'><strong>quinquecubitales,</strong></span> <span class='ocrx_word' id='word_1_694' title='bbox 1310 5317 1363 5361; x_wconf 87' lang='lat' dir='ltr'><strong>et</strong></span> <span class='ocrx_word' id='word_1_695' title='bbox 1393 5323 1456 5362; x_wconf 85' lang='lat' dir='ltr'><strong>ex</strong></span> <span class='ocrx_word' id='word_1_696' title='bbox 1491 5319 1722 5380; x_wconf 79' lang='lat' dir='ltr'><strong>utraque</strong></span> <span class='ocrx_word' id='word_1_697' title='bbox 1753 5319 1906 5380; x_wconf 80' lang='lat' dir='ltr'><strong>parte</strong></span> <span class='ocrx_word' id='word_1_698' title='bbox 1949 5313 2104 5368; x_wconf 68' lang='lat' dir='ltr'><strong>Area:</strong></span> 
     </span>
    </p>
   </div>
   <div class='ocr_carea' id='block_1_102' title="bbox 526 5395 2100 5474">
    <p class='ocr_par' dir='ltr' id='par_1_102' title="bbox 526 5395 2100 5474">
     <span class='ocr_line' id='line_1_102' title="bbox 526 5395 2100 5474; baseline 0.009 -28"><span class='ocrx_word' id='word_1_699' title='bbox 526 5395 798 5450; x_wconf 85' lang='lat' dir='ltr'><strong>astabant.</strong></span> <span class='ocrx_word' id='word_1_700' title='bbox 831 5398 896 5452; x_wconf 90' lang='lat' dir='ltr'><strong>Et</strong></span> <span class='ocrx_word' id='word_1_701' title='bbox 931 5414 1036 5453; x_wconf 91' lang='lat' dir='ltr'><strong>una</strong></span> <span class='ocrx_word' id='word_1_702' title='bbox 1069 5398 1288 5468; x_wconf 86' lang='lat' dir='ltr'><strong>quidem</strong></span> <span class='ocrx_word' id='word_1_703' title='bbox 1350 5399 1436 5454; x_wconf 87' lang='lat' dir='ltr'><strong>ala</strong></span> <span class='ocrx_word' id='word_1_704' title='bbox 1479 5401 1545 5456; x_wconf 87' lang='lat' dir='ltr'><strong>ad</strong></span> <span class='ocrx_word' id='word_1_705' title='bbox 1595 5402 1857 5472; x_wconf 64' lang='lat' dir='ltr'><strong>parietem</strong></span> <span class='ocrx_word' id='word_1_706' title='bbox 1890 5405 2100 5474; x_wconf 89' lang='lat' dir='ltr'><strong>pertin-</strong></span> 
     </span>
    </p>
   </div>
   <div class='ocr_carea' id='block_1_103' title="bbox 603 5569 1431 5644">
    <p class='ocr_par' dir='ltr' id='par_1_103' title="bbox 603 5569 1431 5644">
     <span class='ocr_line' id='line_1_103' title="bbox 603 5569 1431 5644; baseline 0.013 -21"><span class='ocrx_word' id='word_1_707' title='bbox 603 5569 648 5604; x_wconf 74' lang='grc'>⁸⁸</span> <span class='ocrx_word' id='word_1_708' title='bbox 671 5570 738 5626; x_wconf 82' lang='lat' dir='ltr'><strong>lll</strong></span> <span class='ocrx_word' id='word_1_709' title='bbox 772 5574 903 5643; x_wconf 75' lang='lat' dir='ltr'><strong>Reg.</strong></span> <span class='ocrx_word' id='word_1_710' title='bbox 934 5591 1061 5644; x_wconf 76' lang='lat' dir='ltr'><strong>vin;</strong></span> <span class='ocrx_word' id='word_1_711' title='bbox 1093 5578 1132 5632; x_wconf 96' lang='lat' dir='ltr'><strong>ll</strong></span> <span class='ocrx_word' id='word_1_712' title='bbox 1167 5576 1343 5634; x_wconf 81' lang='lat' dir='ltr'><strong>Paral.</strong></span> <span class='ocrx_word' id='word_1_713' title='bbox 1381 5596 1431 5634; x_wconf 78' lang='grc' dir='ltr'><strong>ν.</strong></span> 
     </span>
    </p>
   </div>
   <div class='ocr_carea' id='block_1_104' title="bbox 599 5709 1630 5802">
    <p class='ocr_par' dir='ltr' id='par_1_104' title="bbox 599 5709 1630 5802">
     <span class='ocr_line' id='line_1_104' title="bbox 599 5709 1630 5802; baseline 0.016 -30"><span class='ocrx_word' id='word_1_714' title='bbox 599 5722 711 5802; x_wconf 78' lang='lat' dir='ltr'><strong>(-l</strong></span> <span class='ocrx_word' id='word_1_715' title='bbox 744 5723 900 5802; x_wconf 55' lang='lat' dir='ltr'><strong>lleest</strong></span> <span class='ocrx_word' id='word_1_716' title='bbox 920 5725 1019 5802; x_wconf 31' lang='lat' dir='ltr'><strong>“vf;</strong></span> <span class='ocrx_word' id='word_1_717' title='bbox 1033 5745 1214 5802; x_wconf 76' lang='lat' dir='ltr'><strong>errore</strong></span> <span class='ocrx_word' id='word_1_718' title='bbox 1245 5709 1630 5802; x_wconf 68' lang='lat' dir='ltr'><strong>typogi&#39;npiiico</strong></span> 
     </span>
    </p>
   </div>
   <div class='ocr_carea' id='block_1_105' title="bbox 597 5793 1139 5865">
    <p class='ocr_par' dir='ltr' id='par_1_105' title="bbox 597 5793 1139 5865">
     <span class='ocr_line' id='line_1_105' title="bbox 597 5793 1139 5865; baseline 0.015 -21"><span class='ocrx_word' id='word_1_719' title='bbox 597 5794 708 5863; x_wconf 69' lang='lat' dir='ltr'><strong>(li)</strong></span> <span class='ocrx_word' id='word_1_720' title='bbox 740 5793 836 5846; x_wconf 75' lang='lat' dir='ltr'><strong>Ms.</strong></span> <span class='ocrx_word' id='word_1_721' title='bbox 880 5800 946 5865; x_wconf 80' lang='grc' dir='ltr'>γῆ</span> <span class='ocrx_word' id='word_1_722' title='bbox 982 5798 1139 5852; x_wconf 79' lang='grc' dir='ltr'>Σ.ών.</span> 
     </span>
    </p>
   </div>
   <div class='ocr_carea' id='block_1_106' title="bbox 2219 4639 2444 4711">
    <p class='ocr_par' dir='ltr' id='par_1_106' title="bbox 2219 4639 2444 4711">
     <span class='ocr_line' id='line_1_106' title="bbox 2219 4639 2444 4711; baseline 0.018 -22"><span class='ocrx_word' id='word_1_723' title='bbox 2219 4639 2444 4711; x_wconf 73' lang='grc' dir='ltr'>ἱερεῦσι.</span> 
     </span>
    </p>
   </div>
   <div class='ocr_carea' id='block_1_107' title="bbox 2218 4858 3852 4943">
    <p class='ocr_par' dir='ltr' id='par_1_107' title="bbox 2218 4858 3852 4943">
     <span class='ocr_line' id='line_1_107' title="bbox 2218 4858 3852 4943; baseline 0.015 -33"><span class='ocrx_word' id='word_1_724' title='bbox 2218 4858 2470 4914; x_wconf 70' lang='grc' dir='ltr'>ΚΕΦΑΑ.</span> <span class='ocrx_word' id='word_1_725' title='bbox 2505 4859 2620 4916; x_wconf 81' lang='grc' dir='ltr'><strong>ΡΖ’.</strong></span> <span class='ocrx_word' id='word_1_726' title='bbox 2635 4865 2844 4943; x_wconf 62' lang='grc' dir='ltr'>-ῖίνα</span> <span class='ocrx_word' id='word_1_727' title='bbox 2864 4863 3046 4943; x_wconf 38' lang='grc' dir='ltr'><strong>ἦν-τὰ</strong></span> <span class='ocrx_word' id='word_1_728' title='bbox 3071 4868 3142 4943; x_wconf 55' lang='grc' dir='ltr'><strong>ἐνί</strong></span> <span class='ocrx_word' id='word_1_729' title='bbox 3164 4869 3244 4935; x_wconf 80' lang='grc' dir='ltr'>τῷ</span> <span class='ocrx_word' id='word_1_730' title='bbox 3283 4871 3623 4943; x_wconf 77' lang='grc' dir='ltr'>Ἁγιάσματι</span> <span class='ocrx_word' id='word_1_731' title='bbox 3646 4875 3852 4934; x_wconf 74' lang='grc' dir='ltr'>ἀνα-</span> 
     </span>
    </p>
   </div>
   <div class='ocr_carea' id='block_1_108' title="bbox 2656 4937 3307 5009">
    <p class='ocr_par' dir='ltr' id='par_1_108' title="bbox 2656 4937 3307 5009">
     <span class='ocr_line' id='line_1_108' title="bbox 2656 4937 3307 5009; baseline 0.011 -21"><span class='ocrx_word' id='word_1_732' title='bbox 2656 4937 2902 5005; x_wconf 76' lang='grc' dir='ltr'>κείμενα</span> <span class='ocrx_word' id='word_1_733' title='bbox 2931 4939 3307 5009; x_wconf 70' lang='grc' dir='ltr'>ἁφιερώματα</span> 
     </span>
    </p>
   </div>
   <div class='ocr_carea' id='block_1_109' title="bbox 2284 5041 3851 5127">
    <p class='ocr_par' dir='ltr' id='par_1_109' title="bbox 2284 5041 3851 5127">
     <span class='ocr_line' id='line_1_109' title="bbox 2284 5041 3851 5127; baseline 0.016 -33"><span class='ocrx_word' id='word_1_734' title='bbox 2284 5041 2378 5106; x_wconf 78' lang='grc' dir='ltr'><strong>Εἰς</strong></span> <span class='ocrx_word' id='word_1_735' title='bbox 2415 5042 2517 5112; x_wconf 74' lang='grc' dir='ltr'>μὲν</span> <span class='ocrx_word' id='word_1_736' title='bbox 2545 5045 2637 5097; x_wconf 85' lang='grc' dir='ltr'>τὸν</span> <span class='ocrx_word' id='word_1_737' title='bbox 2671 5047 2827 5112; x_wconf 80' lang='grc' dir='ltr'>ἅγιον</span> <span class='ocrx_word' id='word_1_738' title='bbox 2856 5044 3024 5110; x_wconf 74' lang='grc' dir='ltr'>οἷκον,</span> <span class='ocrx_word' id='word_1_739' title='bbox 3053 5051 3144 5105; x_wconf 87' lang='grc' dir='ltr'><strong>τδν</strong></span> <span class='ocrx_word' id='word_1_740' title='bbox 3169 5055 3546 5127; x_wconf 83' lang='grc' dir='ltr'>είκοσάπηχυν</span> <span class='ocrx_word' id='word_1_741' title='bbox 3570 5060 3666 5113; x_wconf 85' lang='grc' dir='ltr'>καὶ</span> <span class='ocrx_word' id='word_1_742' title='bbox 3692 5061 3851 5118; x_wconf 73' lang='grc' dir='ltr'>ἰσό-</span> 
     </span>
    </p>
   </div>
   <div class='ocr_carea' id='block_1_110' title="bbox 2212 5134 3850 5220">
    <p class='ocr_par' dir='ltr' id='par_1_110' title="bbox 2212 5134 3850 5220">
     <span class='ocr_line' id='line_1_110' title="bbox 2212 5134 3850 5220; baseline 0.013 -33"><span class='ocrx_word' id='word_1_743' title='bbox 2212 5134 2467 5206; x_wconf 83' lang='grc' dir='ltr'>πλευρον,</span> <span class='ocrx_word' id='word_1_744' title='bbox 2498 5139 2532 5209; x_wconf 87' lang='grc' dir='ltr'><strong>ἡ</strong></span> <span class='ocrx_word' id='word_1_745' title='bbox 2578 5139 2830 5204; x_wconf 71' lang='grc' dir='ltr'>κιϐωτὸς,</span> <span class='ocrx_word' id='word_1_746' title='bbox 2887 5146 2952 5214; x_wconf 79' lang='grc' dir='ltr'>ἢν</span> <span class='ocrx_word' id='word_1_747' title='bbox 2997 5147 3238 5216; x_wconf 82' lang='grc' dir='ltr'>Μωῡσῆς</span> <span class='ocrx_word' id='word_1_748' title='bbox 3280 5149 3596 5220; x_wconf 76' lang='grc' dir='ltr'>ἐποιήσατο,</span> <span class='ocrx_word' id='word_1_749' title='bbox 3647 5153 3850 5211; x_wconf 77' lang='grc' dir='ltr'>ἔνδον</span> 
     </span>
    </p>
   </div>
   <div class='ocr_carea' id='block_1_111' title="bbox 2211 5225 3852 5312">
    <p class='ocr_par' dir='ltr' id='par_1_111' title="bbox 2211 5225 3852 5312">
     <span class='ocr_line' id='line_1_111' title="bbox 2211 5225 3852 5312; baseline 0.014 -37"><span class='ocrx_word' id='word_1_750' title='bbox 2211 5225 2558 5291; x_wconf 84' lang='grc' dir='ltr'>ἀνατεθεῖσα,</span> <span class='ocrx_word' id='word_1_751' title='bbox 2609 5230 2714 5282; x_wconf 83' lang='grc' dir='ltr'>ὑπὸ</span> <span class='ocrx_word' id='word_1_752' title='bbox 2775 5232 2883 5286; x_wconf 80' lang='grc' dir='ltr'><strong>τῶν</strong></span> <span class='ocrx_word' id='word_1_753' title='bbox 2922 5236 3208 5306; x_wconf 79' lang='grc' dir='ltr'>Χερουϐὶμ</span> <span class='ocrx_word' id='word_1_754' title='bbox 3255 5242 3591 5312; x_wconf 83' lang='grc' dir='ltr'>σκεπομένη,</span> <span class='ocrx_word' id='word_1_755' title='bbox 3634 5241 3852 5300; x_wconf 64' lang='grc' dir='ltr'>ἅτινα.</span> 
     </span>
    </p>
   </div>
   <div class='ocr_carea' id='block_1_112' title="bbox 2210 5313 3852 5407">
    <p class='ocr_par' dir='ltr' id='par_1_112' title="bbox 2210 5313 3852 5407">
     <span class='ocr_line' id='line_1_112' title="bbox 2210 5313 3852 5407; baseline 0.014 -38"><span class='ocrx_word' id='word_1_756' title='bbox 2210 5313 2351 5389; x_wconf 81' lang='grc' dir='ltr'>ἦσαν</span> <span class='ocrx_word' id='word_1_757' title='bbox 2375 5319 2470 5373; x_wconf 86' lang='grc' dir='ltr'><strong>δύο</strong></span> <span class='ocrx_word' id='word_1_758' title='bbox 2496 5322 2772 5391; x_wconf 82' lang='grc' dir='ltr'>πτέρυγας</span> <span class='ocrx_word' id='word_1_759' title='bbox 2803 5325 2995 5396; x_wconf 75' lang='grc' dir='ltr'>ἔχοντα</span> <span class='ocrx_word' id='word_1_760' title='bbox 3017 5331 3411 5402; x_wconf 87' lang='grc' dir='ltr'>πενταπήχεις,</span> <span class='ocrx_word' id='word_1_761' title='bbox 3443 5334 3500 5397; x_wconf 81' lang='grc' dir='ltr'>ὲξ</span> <span class='ocrx_word' id='word_1_762' title='bbox 3531 5336 3690 5388; x_wconf 80' lang='grc' dir='ltr'>ἑκατέ</span> <span class='ocrx_word' id='word_1_763' title='bbox 3706 5354 3852 5407; x_wconf 81' lang='lat' dir='ltr'><strong>pou</strong></span> 
     </span>
    </p>
   </div>
   <div class='ocr_carea' id='block_1_113' title="bbox 2211 5410 3858 5500">
    <p class='ocr_par' dir='ltr' id='par_1_113' title="bbox 2211 5410 3858 5500">
     <span class='ocr_line' id='line_1_113' title="bbox 2211 5410 3858 5500; baseline 0.013 -38"><span class='ocrx_word' id='word_1_764' title='bbox 2211 5410 2308 5481; x_wconf 79' lang='grc' dir='ltr'>τῆς</span> <span class='ocrx_word' id='word_1_765' title='bbox 2332 5412 2566 5466; x_wconf 84' lang='grc' dir='ltr'>κιϐωτοῦ</span> <span class='ocrx_word' id='word_1_766' title='bbox 2605 5419 2952 5486; x_wconf 81' lang='grc' dir='ltr'>παρεστῶτα.</span> <span class='ocrx_word' id='word_1_767' title='bbox 2986 5423 3094 5475; x_wconf 82' lang='grc' dir='ltr'><strong>Καὶ</strong></span> <span class='ocrx_word' id='word_1_768' title='bbox 3131 5423 3227 5495; x_wconf 85' lang='grc' dir='ltr'><strong>μία</strong></span> <span class='ocrx_word' id='word_1_769' title='bbox 3263 5425 3360 5495; x_wconf 84' lang='grc' dir='ltr'>μὲν</span> <span class='ocrx_word' id='word_1_770' title='bbox 3403 5426 3611 5496; x_wconf 81' lang='grc' dir='ltr'>πτέρυξ</span> <span class='ocrx_word' id='word_1_771' title='bbox 3659 5432 3858 5500; x_wconf 68' lang='grc' dir='ltr'>πρὸς</span> 
     </span>
    </p>
   </div>
   <div class='ocr_carea' id='block_1_114' title="bbox 2277 5739 2863 5810">
    <p class='ocr_par' dir='ltr' id='par_1_114' title="bbox 2277 5739 2863 5810">
     <span class='ocr_line' id='line_1_114' title="bbox 2277 5739 2863 5810; baseline 0.015 -19"><span class='ocrx_word' id='word_1_772' title='bbox 2277 5739 2386 5810; x_wconf 78' lang='grc'><strong>(15)</strong></span> <span class='ocrx_word' id='word_1_773' title='bbox 2415 5739 2509 5795; x_wconf 85' lang='lat' dir='ltr'><strong>Ms.</strong></span> <span class='ocrx_word' id='word_1_774' title='bbox 2544 5743 2863 5800; x_wconf 85' lang='grc' dir='ltr'>ἀνατείνων.</span> 
     </span>
    </p>
   </div>
  </div>
