4044 6414
229 400 313 467 ll3
1361 401 1737 465 LIBELLUS
1776 405 2280 472 MEMORIALIS.

3371 413 3468 482 Ill

227 519 300 575 τὸν
326 519 489 588 τοῖχον
537 515 780 582 ἐξέτατο,
833 513 934 586 μία
965 514 1020 569 δὲ
1053 517 1190 589 πρὸς
1224 518 1324 590 τὴν
1375 519 1628 588 κιϐωτὸν,
1677 523 1770 576 καὶ

1880 527 2057 597 gebat,
2085 529 2256 585 altera
2289 544 2419 585 vero
2446 529 2512 586 ad
2540 531 2737 596 Arcam
2768 557 2784 587 ι
2816 553 2874 596 ι
2903 533 3214 607 conjuncta:
3235 539 3466 596 invicem

227 611 588 680 συναπτόμεναι
626 611 684 664 δὲ
709 611 955 676 ἑαυταῖς,
982 613 1038 664 al
1073 611 1168 665 δύο
1211 613 1484 683 πτέρυγες
1535 615 1770 672 ἔσκεπον

225 707 306 774 τὴν
332 703 574 765 κιϐωτὸν,
607 703 744 774 πρὸς
777 703 1048 768 ἀνατολὰς
1095 705 1419 776 βλέπουσαν.
1451 709 1614 780 Καὶὴ
1649 727 1770 763 στε-

226 799 343 867 φάνη
365 795 414 849 δὲ
451 795 630 848 ἔκειτο
667 797 732 867 τῇ
767 795 1012 866 κιϐωτῷ,
1041 797 1121 861 είς
1149 798 1216 868 ἣν
1243 799 1488 870 Μωΰσῆς
1531 799 1771 872 ἔμφασιν

225 889 305 960 τῆς
329 887 410 941 τοῦ
437 885 572 940 Θεοῦ
608 889 888 958 cupatrio;
917 889 1210 961 ἐνέγραψε,
1243 891 1306 944 τὸ
1335 893 1770 965 τετράγραμμον

223 983 267 1037 δὲ
287 979 342 1052 ἦν
368 980 538 1052 τούτῳ
567 981 680 1051 (l6)
705 981 900 1051 ὄνομα,
943 983 1184 1055 ἄρρητον
1218 983 1356 1055 (17),
1399 985 1500 1039 οὐκ
1525 985 1771 1041 ἀλλοιου-

225 1073 356 1144 μένη,
379 1072 508 1126 ἀλλά
530 1090 595 1142 γε
638 1075 718 1136 είς
749 1075 837 1128 ἀεὶ
862 1073 1224 1146 διαμένουσα.
1269 1075 1580 1132 Ἑπέκειντο
1615 1079 1674 1133 δὲ
1713 1083 1770 1135 αἱ

220 1169 430 1237 δίπτυχοι
461 1167 670 1230 πλάκες
715 1169 775 1220 ἰν
805 1171 870 1240 τῇ
912 1167 1157 1238 κιϐωτῷ,
1184 1171 1242 1224 ἐν
1282 1164 1372 1236 αἷς
1399 1172 1428 1224 ὁ
1463 1171 1770 1244 θεόγραφος

219 1261 560 1330 ἐνεγέγραπτο
613 1260 928 1330 δεκάλογος,
965 1261 1030 1326 ἃς
1076 1263 1320 1335 Μωῦσῆς
1357 1263 1578 1330 ἐδέξατο
1619 1267 1772 1336 παρὰ

218 1355 293 1408 τοῦ
319 1353 440 1406 Θεοῦ
471 1353 536 1406 ὲν
564 1353 642 1424 τῷ
669 1354 800 1426 Σινᾷ
829 1355 968 1425 ὄρει,
1000 1355 1092 1408 τὸν
1129 1355 1260 1410 λαὸν
1305 1358 1636 1427 νομοθετῶν.
1681 1357 1772 1413 Ἐν

219 1447 262 1498 δὲ
283 1445 350 1514 τῷ
379 1444 548 1514 Ἀγίῳ
568 1445 677 1500 τῶν
699 1447 875 1514 ἁγίων
895 1446 1068 1516 τούτῳ
1088 1449 1224 1518 οἴκῳ
1251 1448 1410 1518 μόνος
1425 1449 1454 1502 ὀ
1477 1451 1772 1523 ἀρχιερεὺς

217 1537 340 1604 ἅπαξ
372 1537 460 1590 τοῦ
509 1537 761 1592 ἐνιαυτοῦ
792 1538 988 1611 εἰσῄει.
1031 1541 1120 1593 Ἐν
1164 1537 1221 1595 δὲ
1257 1541 1333 1611 τῷ
1361 1541 1504 1614 ἁγίῳ
1539 1543 1618 1615 τῷ
1648 1560 1772 1598 τεσ-
1801 1551 1812 1562 “

219 1633 688 1702 σαρακονταπήχει,
711 1632 792 1703 τῷ
813 1633 922 1703 πρὸ
948 1633 1164 1699 τούτου,
1191 1635 1374 1690 στύλοι
1392 1635 1612 1708 χάλκεοι
1629 1655 1772 1710 παρ-

219 1725 743 1795 ειστήκεισανάῢψος
767 1728 989 1797 πηχέων
1032 1735 1124 1799 ιη’,
1169 1729 1506 1803 περιμέτρου
1553 1734 1772 1805 πηχέων

217 1813 288 1886 ιβ’,
321 1817 518 1887 πάχους
567 1819 996 1890 κεχωνευμένων
1047 1821 1332 1878 δακτύλων
1373 1823 1416 1876 δ’
1466 1823 1604 1892 (l8).
1655 1825 1771 1894 Ἐφ’
1809 1875 1850 1928 Β

219 1909 394 1980 ἑκάστη
423 1909 479 1961 δὲ
521 1909 736 1982 κεφαλῇ
771 1913 884 1965 τῶν
923 1914 1138 1980 κιόνων,
1176 1913 1364 1987 κρίνον
1398 1916 1650 1970 ἐπέκειτο
1683 1919 1774 1972 ἐπὶ

219 2001 350 2053 πέντε
368 2003 564 2072 πήχεις
599 2003 974 2076 ἐγηγερμένον
997 2007 1131 2078 (19),
1153 2009 1247 2061 καὶ
1268 2007 1443 2079 τούτῳ
1466 2009 1776 2080 περιέκειτο

213 2092 400 2146 δῖκτνον
437 2095 696 2164 χάλκεον,
737 2097 834 2168 ἀφ’
870 2094 932 2153 οὗ
981 2099 1077 2154 καὶ
1115 2103 1240 2172 ῥοαὶ
1285 2103 1556 2156 διακόσιοι
1585 2104 1771 2173 ἀπήρο

213 2205 366 2256 τηντο,
407 2189 691 2243 Ἐκαλεῖτο
717 2190 774 2243 δὲ
801 2194 830 2245 ὁ
858 2195 956 2262 μὲν
979 2193 1044 2246 ὲκ
1070 2193 1262 2260 δεξιῶν
1291 2197 1445 2260 κίων,
1479 2195 1772 2265 Ἰδρυσις.

212 2279 306 2332 ὸδὲ
327 2281 378 2347 ἐξ
407 2282 734 2354 εὐωνύμων,
771 2287 1052 2355 Δύναμις.
1088 2288 1246 2342 Κατὰ
1287 2289 1344 2342 δὲ
1378 2289 1439 2344 τὸ
1473 2290 1646 2356 δεξιὸν
1679 2291 1769 2362 μέ-

214 2389 290 2442 ρος
315 2375 612 2442 εἰσιόντων,
639 2376 845 2448 λουτὴρ
881 2373 950 2450 ἦν
987 2379 1293 2452 ἱδρυμένος,
1323 2384 1610 2454 χωνευτδς,
1645 2385 1776 2456 χάλ-

213 2481 340 2534 κεος,
374 2468 672 2524 Θάλασσα
701 2470 791 2524 διὰ
817 2469 882 2524 τὺ
925 2471 1160 2542 μέγεοος
1201 2475 1560 2546 καλούμενος,
1587 2475 1776 2548 διάμε-

211 2575 320 2629 τρος
343 2561 532 2632 πηχῶν
557 2563 712 2626 δέκα,
743 2565 802 2616 ἐν
832 2563 890 2618 δὲ
916 2566 1102 2636 κύκλῳ
1126 2567 1420 2638 τριάκοντα
1446 2570 1648 2641 πήχεσι
1681 2570 1776 2624 καὶ

211 2650 278 2702 ἐνὶ
303 2653 691 2722 μετρούμενος,
719 2657 888 2726 πάχει
919 2659 1284 2731 παλαιστιαίῳ
1321 2663 1776 2733 πεπαχυμμένος,

209 2745 382 2812 βάτους
407 2747 702 2819 δεχόμενος
749 2747 944 2815 ὓδατος
981 2753 1336 2824 τρισχιλίους.
1376 2755 1472 2819 Εἰς
1511 2753 1702 2810 τοῦτον
1727 2758 1776 2811 οἱ

211 2837 352 2905 ἱερεῖς
373 2839 638 2904 εἰσιόντες
670 2840 1034 2913 λειτουργεῖν,
1056 2846 1156 2908 τὰς
1179 2849 1368 2916 χεῖρας
1391 2847 1775 2916 ἀπενίπτοντο,
1815 2855 1818 2859 ’

209 2931 288 2980 καὶ
313 2933 432 2995 τοὺς
456 2933 630 2998 πόδας
661 2935 1081 3008 ἁπερραίνοντο.
1123 2939 1404 2993 Ἐπέκειτο
1436 2939 1492 2994 δὲ
1521 2943 1550 2995 ὁ
1576 2941 1780 3014 λουτὴρ

209 3019 288 3071 ἐπὶ
325 3023 554 3094 σπείρας
577 3026 880 3097 πηχυαίας,
921 3029 1078 3084 ἐννέα
1112 3031 1307 3102 πήχεις
1333 3031 1445 3103 (20)
1483 3035 1778 3106 διάμετρον

209 3113 433 3184 ἐχούσης,
471 3117 572 3170 καὶ
597 3119 790 3190 μόσχοι
813 3119 1022 3175 δώδεκα
1045 3121 1116 3176 τὰ
1139 3124 1314 3178 ὀπίσω
1335 3125 1472 3196 πρὸς
1499 3124 1599 3195 τὴν
1629 3127 1780 3181 σπεί-

1872 619 1992 674 dua:
2023 621 2122 675 ala:
2145 622 2467 692 operiebant
2497 621 2716 690 Arcam,
2750 641 2873 697 quae
2900 627 2968 682 ad
2987 629 3254 686 orientem
3292 633 3468 702 reSpi-

1872 713 2072 770 ciebat.
2117 715 2251 769 Erat
2290 717 2444 771 Area:
2471 717 2675 772 corolla
2717 721 2988 789 ambiens,
3025 721 3080 778 in
3118 740 3226 795 qua
3252 725 3468 798 Moyses

1872 806 2110 875 speciem
2157 808 2576 878 significativam
2629 810 2721 867 Dci
2778 813 3181 886 inscripserat;
3236 827 3359 872 erat
3412 818 3464 872 id

1873 911 2040 966 porro
2079 911 2280 953 nomen
2325 901 2790 968 quadrilitterum,
2839 905 3152 974 ineffabile;
3208 908 3468 964 immobi-

1875 987 1942 1043 lis
1971 999 2088 1044 erat
2129 990 2223 1045 illa
2264 992 2472 1046 corolla
2495 1031 2510 1058 ,
2552 1009 2879 1066 semperque
2915 997 2988 1052 illi
3023 997 3333 1059 adhaerens.
3379 1003 3470 1056 ln-

1873 1087 2034 1134 sertae
2055 1091 2211 1137 erant
2230 1081 2385 1136 Area:
2407 1083 2528 1138 duae
2563 1083 2668 1138 illa:
2697 1085 2917 1149 tabulae,
2945 1087 2999 1141 in
3025 1089 3225 1160 quibus
3267 1091 3470 1146 descri-

1875 1171 2012 1240 ptus?
2050 1180 2169 1226 erat
2225 1173 2525 1244 Decalogus
2567 1191 2732 1230 manu
2777 1176 2872 1231 Dei
2901 1188 3190 1247 exat-atus,
3222 1197 3470 1252 quasque

1877 1260 2090 1334 Moyses
2135 1277 2167 1318 a
2207 1262 2319 1318 Deo
2357 1276 2641 1334 receperat
2687 1267 2739 1320 in
2781 1268 2911 1324 Sina
2963 1279 3152 1325 monte
3191 1271 3320 1327 dum
3373 1290 3471 1342 po-

1877 1355 2003 1424 pulo
2033 1354 2198 1410 ferret
2218 1356 2385 1426 leges.
2423 1357 2480 1412 In
2511 1359 2651 1415 hanc
2675 1360 2930 1415 Sinctam
2955 1375 3272 1419 sanctorum
3298 1367 3466 1421 aedem

1875 1445 2022 1500 solus
2062 1447 2307 1516 pontifex
2353 1450 2524 1504 semel
2570 1454 2870 1520 quotannis
2918 1454 3351 1526 ingrediebatur.
3409 1459 3467 1513 In

1876 1535 2079 1594 Sancto
2106 1547 2288 1594 autem
2328 1543 2944 1613 quadragintacubitali,
2987 1549 3130 1617 quod
3160 1550 3288 1604 huic
3313 1560 3468 1604 aute-

1875 1632 2072 1696 stabat,
2103 1633 2374 1690 columna:
2407 1651 2565 1691 terea:
2586 1635 2773 1692 fusilcs
2797 1649 2990 1694 erecta!
3023 1639 3260 1708 fuerant,
3285 1643 3470 1697 altitu—

1875 1723 2002 1779 dine
2035 1724 2345 1780 cubitorum
2377 1741 2536 1792 xvut,
2577 1727 2786 1782 ambitu
2821 1727 3136 1786 cubitorum
3177 1749 3275 1798 xu,
3319 1749 3470 1788 cras-

1878 1819 2002 1874 sitie
2025 1829 2266 1890 quatuor
2293 1829 2709 1891 compactorum
2739 1823 3060 1894 digitorum.
3091 1825 3259 1882 Porro
3285 1827 3337 1880 in
3364 1807 3471 1882 sin;

1879 1911 2022 1981 gulis
2063 1911 2337 1980 capitellis
2385 1911 2773 1968 columnarum
2817 1915 3141 1973 imminebat
3183 1917 3355 1974 lilium
3402 1917 3468 1974 ad

1877 2003 2121 2074 quinque
2146 2003 2364 2061 cubitos
2394 2020 2699 2076 emergens,
2737 2007 2826 2062 cui
2855 2007 3310 2080 circumpositum
3351 2019 3472 2066 erat

1877 2096 2165 2152 reticulum
2205 2114 2442 2168 reneum,
2475 2116 2506 2154 a
2537 2117 2648 2170 quo
2683 2117 2953 2172 suspensa
2982 2111 3141 2157 erant
3167 2104 3332 2158 etiam
3364 2103 3466 2158 du-

1877 2199 2037 2245 centa
2065 2192 2463 2262 malogranata.
2482 2193 2750 2250 Columna
2774 2211 2896 2264 quae
2915 2177 3261 2252 dextrorsum
3291 2196 3466 2266 posita

1876 2289 2015 2344 erat,
2051 2281 2353 2336 vocabatur
2381 2283 2665 2348 Firmitas,
2694 2295 2751 2339 ct
2776 2301 2897 2355 quae
2927 2285 3332 2348 sinistrorsum,
3370 2301 3468 2340 au-

1877 2371 2062 2427 diebat
2086 2371 2350 2428 Potentia.
2382 2375 2460 2429 Ad
2491 2375 2770 2430 dexteram
2799 2386 3008 2446 partem
3033 2377 3461 2446 ingredeutium,

1879 2465 2118 2532 positum
2154 2479 2272 2521 erat
2312 2467 2524 2522 labrum
2557 2467 2736 2532 fusile,
2770 2483 2996 2534 aereum,
3027 2470 3096 2522 oh
3133 2470 3466 2540 magnitudi-

1879 2571 2003 2610 nem
2037 2557 2182 2612 Mare
2215 2560 2570 2628 appellatum,
2601 2561 2871 2616 diametro
2903 2562 3220 2617 cubitorum
3252 2563 3462 2626 decem,

1878 2657 1934 2703 et
1976 2649 2184 2704 ambitu
2245 2653 2674 2709 mensurabatur
2722 2655 2923 2708 cubitis
2965 2671 3076 2709 uno
3117 2663 3170 2708 ct
3204 2654 3464 2726 triginta,

1880 2759 2127 2800 crassum
2184 2747 2436 2802 crassitie
2497 2749 2767 2817 palmari,
2819 2749 2976 2805 hatos
3029 2749 3254 2818 Capicus
3313 2765 3468 2819 aqua:

1882 2845 1964 2890 ter
2004 2837 2276 2894 millenos.
2309 2839 2366 2893 In
2401 2839 2532 2894 illud
2570 2842 2886 2897 sacerdotes
2925 2843 3018 2912 qui
3051 2858 3268 2897 sacrum
3307 2843 3468 2898 mini-

1881 2930 2106 2984 sterium
2145 2931 2334 2986 inituri
2378 2943 2556 2998 erant,
2612 2949 2808 2990 manus
2851 2933 3138 2998 larabant,
3193 2950 3258 2990 ac
3307 2937 3469 3006 pedes

1881 3022 2197 3080 abluebant.
2249 3023 2566 3094 Impositum
2614 3038 2733 3083 erat
2775 3027 2990 3084 labrum
3031 3031 3152 3084 orbi
3203 3031 3464 3094 cubitali,

1881 3114 2151 3171 diametro
2192 3117 2507 3173 cubitorum
2551 3119 2830 3189 quinque,
2875 3119 3276 3189 duodecimque
3314 3121 3466 3178 vituli

211 3221 295 3272 ραν
331 3206 574 3276 ἔχοντες,
609 3209 678 3264 τὰ
714 3211 770 3264 δὲ
801 3215 1074 3284 πρόσωπα
1110 3217 1246 3286 πρὸς
1286 3216 1354 3270 τὰ
1389 3219 1632 3290 τέσσαρα
1660 3219 1777 3272 κλί-

1884 3217 2030 3278 terga
2058 3225 2252 3264 versus
2277 3209 2467 3264 orbem
2505 3210 2787 3276 habentes,
2829 3212 3070 3268 faciebus
3091 3229 3218 3268 vero
3239 3213 3306 3267 ad
3334 3228 3468 3284 qua-

211 3313 332 3363 ματα
369 3299 689 3368 βλέποντες,
729 3303 900 3375 τριῶν
932 3307 1150 3376 μόσχων
1185 3309 1328 3360 κατὰ
1361 3311 1604 3379 πλευρὰν
1629 3309 1778 3384 ἱδρυ-

211 3390 388 3458 μένων,
418 3393 470 3446 οἳ
491 3394 579 3465 ⁸τῷ
607 3395 702 3448 τοῦ
729 3396 995 3469 λουτῆρος
1029 3399 1325 3455 ὑπέκειντο
1355 3400 1564 3474 κύκλῳ.

267 3595 366 3648 Καὶ
397 3596 558 3652 ἄλλοι
587 3597 722 3652 δέκα
749 3597 1036 3672 λουτῆρες,
1086 3600 1250 3654 πέντε
1311 3603 1409 3671 μὲν
1459 3603 1524 3656 ὲκ
1566 3604 1776 3672 δεξιῶν,

211 3687 348 3740 πέντε
374 3689 432 3742 δὲ
491 3691 558 3756 ἐξ
589 3693 888 3763 εὐωνύμων
925 3694 1286 3766 καθίδρυντο,
1325 3695 1512 3766 βάσεις
1565 3698 1780 3768 χαλκᾶς

207 3782 568 3849 τετραγώνους
622 3785 936 3854 ὑπέχοντες,
980 3789 1188 3859 μήκους
1221 3789 1283 3855 ε’,
1342 3791 1550 3854 πλᾶτος
1583 3793 1780 3862 πήχεις

205 3869 258 3934 δ’,
301 3873 432 3944 ﬁdo;
471 3877 678 3948 πήχεις
709 3876 784 3942 ς’.
833 3879 1074 3951 Ἐκὰστῃ
1107 3880 1164 3933 δὲ
1219 3880 1374 3952 βάσει
1419 3880 1462 3935 δ’
1515 3883 1781 3936 κιονίσκοι

209 3965 330 4016 κατὰ
351 3966 558 4033 γωνίαν
579 3967 812 4031 ἑστῶτες
836 3969 1213 4039 προσέκειντο,
1239 3970 1324 4040 ἐφ’
1351 3963 1426 4024 ὧν
1452 3971 1502 4024 οἱ
1523 3971 1782 4044 λουτῆρες

207 4056 466 4112 ἐπέκειντο
497 4059 672 4130 ὕψους
696 4063 892 4131 πήχεις
921 4063 964 4114 δ’
985 4105 1000 4126 ,
1057 4061 1364 4133 χωροῦντες
1393 4065 1498 4118 ἀ.νὰ
1546 4067 1674 4136 χοὰς
1705 4064 1780 4136 μ’⁶

205 4148 506 4221 διεστήκασι
559 4153 618 4206 δὲ
656 4153 754 4208 ἀπ’
811 4154 1056 4226 ἀλλήλων
1088 4155 1355 4228 τέσσαρσι
1391 4158 1612 4228 πήχεσι.
1675 4159 1784 4212 Καὶ

207 4245 364 4310 χεῖρες
392 4243 446 4296 δὲ
463 4241 610 4315 ἦσαν
635 4246 864 4316 χαλκαῖ,
899 4246 1036 4316 πρὸς
1069 4247 1162 4302 τὸν
1195 4247 1558 4318 ὑποκείμενον
1584 4249 1784 4303 κύκλον

209 4335 528 4404 ὲρεισμὲναι,
558 4335 726 4406 ὕψους
750 4338 942 4410 πηχῶν
991 4345 1044 4398 ι’,
1076 4331 1152 4392 ὧν
1185 4340 1234 4391 οἱ
1268 4333 1412 4410 ὦμοι
1435 4339 1562 4404 τοὺς
1591 4341 1785 4411 λουτῆ-

210 4446 294 4496 ρας
315 4429 614 4500 ὑπέφερον.
651 4430 882 4494 Λέοντες
907 4431 966 4484 δὲ
1018 4432 1112 4485 καὶ
1162 4433 1354 4502 μόσχοι
1390 4433 1483 4486 κα).
1509 4434 1658 4486 ἀετοὶ
1691 4433 1786 4488 καὶ

1884 3311 2003 3354 ιιιοι·
2028 3303 2214 3356 mundi
2246 3303 2502 3358 cardines
2529 3304 2906 3374 respicientes,
2935 3305 3250 3360 constitutis
3276 3321 3467 3374 nempe

1880 3391 2056 3448 tribus
2102 3391 2155 3448 in
2205 3393 2449 3464 quolibet
2486 3395 2654 3452 latere
2683 3395 2891 3464 vitulis,
2923 3395 3076 3452 labro
3112 3397 3374 3452 suberant.
3414 3395 3467 3450 in

1882 3469 2035 3554 gyro.

1955 3595 2150 3652 Decem
2185 3598 2289 3654 alia
2327 3599 2501 3667 labra,
2523 3600 2872 3658 dextrorsum
2905 3604 3170 3674 quinque,
3212 3613 3269 3658 ct
3299 3604 3466 3673 quiu-

1883 3704 1990 3758 que
2024 3689 2426 3756 sinistrorsum,
2457 3695 2754 3750 constituta
2783 3706 2962 3762 erant,
2991 3696 3242 3752 habentia
3273 3697 3378 3752 sub
3407 3713 3467 3753 se

1885 3779 2044 3835 bases
2094 3798 2266 3837 tct'eas
2317 3782 2748 3852 quadrilateras,
2781 3784 3124 3853 longitudine
3151 3785 3468 3840 cubitorqu

1889 3887 1938 3936 ν,
1967 3871 2251 3927 latitudine
2280 3873 2588 3930 cubitorum
2639 3889 2714 3937 tv,
2749 3884 2806 3932 et
2835 3877 3126 3932 altitudine
3157 3878 3470 3933 cubitorum

1887 3977 1962 4016 vr.
2014 3961 2258 4032 Singulis
2299 3963 2522 4020 basibus
2568 3981 2698 4020 vero
2739 3982 2790 4020 ιν
2837 3967 3142 4022 columella:
3179 3969 3248 4022 ad
3296 3983 3474 4038 augu-

1887 4054 1998 4106 lum
2032 4065 2226 4109 crectze
2261 4055 2668 4126 impendebant,
2691 4059 2894 4126 quibus
2919 4059 3174 4128 imposita
3213 4067 3372 4114 erant
3397 4061 3474 4114 la-

1888 4146 2006 4209 bra,
2049 4148 2336 4204 altitudine
2401 4149 2714 4204 cubitorum
2781 4167 2856 4212 tv,
2905 4151 3176 4220 capientis
3243 4167 3471 4222 qua:un

1887 4241 2058 4294 choas
2091 4256 2187 4306 XL;
2219 4243 2496 4296 distabant
2521 4258 2650 4297 Vero
2683 4243 2912 4298 invicem
2955 4245 3170 4299 cubitos
3209 4256 3470 4316 quatuor.

1890 4333 2058 4387 Erant
2081 4334 2244 4388 etiam
2281 4335 2570 4390 tnanubria
2593 4351 2740 4390 aenea
2773 4335 3020 4404 subjecto
3049 4335 3256 4391 circulo
3287 4337 3473 4397 intixa.

1889 4425 2175 4482 altitudine
2195 4427 2504 4482 cubitorum
2541 4445 2596 4493 ιι,
2627 4444 2866 4498 quorum
2893 4429 3194 4484 crassiores
3219 4430 3475 4484 extremi-

211 4521 427 4586 ςοίνικες
452 4525 584 4588 περὶ
608 4524 734 4588 τοὺς
767 4523 1102 4586 κιονίσκους,
1153 4525 1294 4578 κατὰ
1324 4525 1423 4594 τὴν
1457 4525 1566 4578 τῶν
1587 4527 1780 4580 τεσσὰο

1891 4530 2028 4576 tates
2061 4519 2210 4574 labra
2268 4519 2632 4575 sustinebant.
2683 4518 2914 4574 Stabant
2962 4529 3142 4576 autem
3187 4523 3369 4576 leones
3423 4531 3478 4576 ct

213 4629 304 4680 ρων
333 4615 522 4685 πηχῶν
552 4616 838 4669 διάστασιν
890 4615 1262 4686 εἱστήκεισαν.
1306 4617 1490 4670 Ταῦτα
1509 4616 1565 4669 δὲ
1606 4617 1782 4672 πάντα

213 4705 292 4756 ἐπὶ
315 4709 598 4778 τεσσάρων
627 4707 842 4778 τροχῶν
868 4709 1218 4781 αἰωρούμενα
1251 4710 1556 4765 ἐπέκειντο.
1611 4713 1676 4766 Οἱ
1721 4713 1779 4767 δὲ

213 4793 452 4866 λουτῆρες
483 4793 658 4864 οὗτοι,
689 4801 768 4862 εἰς
815 4799 876 4852 τὸ
908 4799 1196 4872 καθαίρειν
1237 4803 1304 4856 τὰ
1336 4804 1488 4868 ἐντὸς
1517 4804 1626 4858 τῶν
1660 4806 1778 4859 ὁλο-

213 4893 586 4961 καυτουμένων
649 4894 828 4961 ζώων,
890 4895 985 4949 καὶ
1047 4895 1175 4959 τοὺς
1234 4897 1403 4960 πόδας
1459 4897 1781 4952 ἀπονίπτειν

215 4983 542 5052 προύκειντο.
588 4987 676 5039 Ἐν
701 4987 756 5040 δὲ
781 4987 959 5057 τούτῳ
991 4989 1071 5058 τῷ
1101 4988 1235 5057 οἴκῳ
1269 4990 1363 5042 καὶ
1394 4988 1782 5062 θυσιαστήριον

211 5073 370 5138 ἰδρυτο
391 5079 648 5146 χάλκεον,
701 5079 878 5151 μῆκος
939 5081 1132 5151 πηχῶν
1173 5080 1243 5146 κ’,
1297 5083 1430 5153 ὕψος
1492 5085 1685 5154 πηχῶν
1723 5083 1778 5150 ι’,

213 5167 332 5236 πρὸς
363 5171 462 5234 τὰς
499 5171 922 5235 ὁλοκαυτώσεις.
981 5174 1092 5224 Καὶ
1121 5173 1190 5226 τὰ
1229 5172 1400 5245 σκεύη
1428 5175 1484 5228 δὲ
1513 5175 1682 5229 αὑτοῦ
1713 5171 1784 5250 ἦν

215 5261 418 5327 χάλκεα.
451 5265 914 5335 Ιιοδιστῆρες“καὶ
945 5267 1335 5338 ἀναληπτῆρες
1367 5266 1501 5339 (21),
1535 5269 1630 5322 καὶ
1653 5269 1786 5340 τρά-

215 5351 338 5419 πεζα
356 5355 412 5408 δὲ
443 5361 650 5428 χρυσῆ,
675 5359 759 5428 ἐφ’
786 5353 852 5430 ἧς
869 5359 920 5411 οἱ
940 5362 1040 5430 τῆς
1064 5359 1378 5430 προθέσεως
1405 5361 1560 5429 ἄρτοι
1578 5359 1786 5414 δώδεκα

217 5443 498 5514 ἐπέκειντο,
540 5450 634 5502 καὶ
662 5449 876 5520 λυχνία,
935 5451 968 5520 ὴ
1012 5451 1138 5514 τοὺς
1175 5449 1318 5503 ἑπτὰ
1366 5449 1595 5522 λύχνους
1646 5450 1788 5504 κατὰ

279 5629 382 5700 (16)
416 5628 582 5700 Forte
611 5630 792 5692 τοῦτο,
824 5645 1016 5700 errore
1046 5629 1458 5700 typographico.

279 5699 382 5768 (l7)
413 5699 622 5768 Nempe
650 5709 768 5760 runt
805 5699 1061 5765 Jchovah,
1098 5703 1166 5754 ab
1211 5701 1451 5755 essentia
1478 5709 1531 5755 ct
1568 5699 1786 5754 interni-

223 5779 316 5822 tate
349 5773 514 5826 "eum
559 5773 939 5824 thlIOtllllltllli.

283 5841 386 5912 (ιδ)
419 5841 646 5912 ltepuue
671 5843 828 5896 δακτ.
853 5839 917 5896 δ’.
951 5841 1374 5913 κεχωνευμένον..

1893 4611 2043 4666 vituli
2074 4619 2128 4666 et
2149 4611 2348 4681 aquila:
2383 4619 2438 4666 et
2465 4611 2656 4680 palum
2704 4609 2852 4664 circa
2884 4611 3208 4667 columellas
3263 4613 3330 4666 ad
3392 4613 3478 4668 in-

1880 4705 2168 4762 tervallum
2214 4711 2453 4773 quatuor
2509 4703 2845 4756 cubitorum.
2895 4701 3022 4758 llaec
3071 4703 3256 4756 oumia
3317 4717 3477 4770 porro

1882 4814 2047 4868 super
2076 4804 2312 4866 quatuor
2338 4796 2472 4850 rotis
2506 4796 2800 4850 eminentia
2836 4797 3008 4862 posita
3041 4805 3220 4850 erant.
3252 4795 3479 4850 Luteres

1886 4891 1974 4946 isti
2008 4869 2290 4944 constituti
2322 4899 2480 4944 erant
2521 4890 2587 4942 ad
2625 4889 2906 4957 purganda
2955 4888 3210 4942 intestina
3263 4890 3476 4942 anima~

1883 4983 2018 5038 lium
2041 4983 2546 5046 sacrilicaudorum,
2566 4992 2619 5036 et
2645 4984 2710 5036 ad
2743 4981 3048 5036 abluendos
3079 4982 3262 5051 pedes.
3289 4983 3346 5036 In
3379 4984 3479 5036 hac

1884 5078 2000 5132 aede
2031 5077 2198 5132 etiam
2227 5086 2468 5130 erectum
2497 5085 2614 5130 erat
2661 5076 2832 5131 altare
2870 5091 3106 5138 aeneum,
3139 5075 3478 5145 longitudine

1885 5169 2196 5224 cubitorum
2225 5185 2316 5232 xx,
2348 5167 2638 5222 altitudine
2661 5167 2974 5225 cubitorum
2997 5183 3054 5232 α,
3081 5182 3182 5236 pro
3209 5167 3475 5220 holocau-

1887 5261 2010 5318 stis.
2045 5261 2177 5331 Ejus
2209 5260 2466 5316 utensilia
2501 5277 2650 5316 amca
2681 5271 2861 5315 erant.
2891 5259 3026 5315 Otia:
3076 5272 3128 5314 et
3163 5259 3475 5322 fuse-inulte,

1889 5362 1944 5409 et
1975 5368 2164 5408 mensa
2197 5369 2386 5418 aurea,
2419 5353 2472 5406 in
2503 5369 2608 5422 qua
2647 5353 2806 5422 positi
2833 5363 2990 5406 erant
3021 5349 3306 5406 duodecim
3345 5367 3475 5418 pro-

1893 5448 2180 5518 positionis
2240 5463 2430 5517 paues.
2489 5455 2542 5502 ct
2598 5445 3008 5502 candelabrum.
3064 5442 3210 5513 quod
3271 5451 3478 5510 septem

1973 5629 2084 5698 (l9)
2117 5627 2215 5682 Ms.
2249 5629 2724 5698 ἐγγεγραμμένον.
2753 5627 2888 5684 Vide
2919 5627 3144 5696 Ioseph.
3179 5643 3299 5692 \‘III,
3331 5630 3386 5684 5.

1969 5697 2082 5768 (ιεζυ)
2113 5699 2249 5752 "Eva.
2279 5699 2479 5768 πῆχυν,
2531 5711 2588 5751 ιιι
2620 5697 2892 5768 Joscphus
2935 5701 3056 5753 loco
3095 5699 3262 5752 citato
3296 5699 3473 5753 habet.

1969 5771 2077 5840 (21)
2183 5769 2358 5840 l‘nl'al.
2388 5785 2462 5828 tv,
2497 5769 2581 5830 l6,
2616 5769 3074 5839 ἀναλημπτῆρας.
3109 5769 3192 5822 ΑΙ.
3227 5769 3474 5837 ἀναλήμ-

1887 5837 2078 5910 τορκς.
2115 5837 2264 5910 Vulg.
2305 5839 2490 5895 lebetes
2517 5849 2566 5894 et
2589 5837 2858 5908 creagrus.
