4044 6416
567 369 670 436 115

2087 365 2396 429 JOSEPPI
3731 363 3752 427 l
3767 364 3830 429 16

557 483 770 555 lychnis
791 483 944 555 juxta
973 481 1172 554 Moysis
1204 480 1598 536 ordinationem
1619 478 1878 551 fulgebat,
1901 495 2128 537 aureum

2268 484 2336 557 ὴν
2365 483 2644 547 Μωῦσὲως
2676 482 2920 548 διάταξιν
2954 480 3452 552 ἀπαστράπτουσα,
3510 484 3692 552 χρυσῆ
3735 483 3830 536 καὶ

556 583 612 630 et
647 575 850 644 ipsum.
887 575 1070 628 Altare
1113 573 1239 627 item
1289 585 1515 625 aureum
1560 571 1799 626 medium
1847 571 1988 628 inter
2021 572 2136 628 haec

2268 576 2402 644 ιύτή.
2464 575 2572 630 Καὶ
2623 573 2807 644 βωμὸς
2837 573 3072 646 χρύσεος
3129 573 3295 644 μέσος
3335 573 3543 628 τούτων
3605 574 3831 628 πάντων

557 667 742 720 omnia
781 666 1133 722 constitutum
1155 671 1290 718 erat.
1310 663 1440 717 Aliae
1464 678 1681 734 quoque
1704 680 1906 722 mensa:
1935 680 2136 732 aureae,

2241 668 2444 739 ἵδρυτο.
2490 667 2598 726 Καὶ
2627 666 2784 728 άλλαι
2820 666 2878 719 δὲ
2913 665 3190 736 τράπεζαι
3221 668 3443 737 χρυσαῖ,
3484 665 3581 718 καὶ
3611 664 3830 735 λυχνίαι

557 767 614 812 et
641 757 963 813 candelabra
992 755 1139 810 varia
1173 754 1321 810 varie
1340 755 1638 822 elaborata,
1661 771 1826 827 parva
1856 771 1918 812 ac
1937 756 2137 812 diversi

2268 761 2484 815 ιοικίλαι
2517 761 2780 823 ποικίλως
2801 759 3187 830 εἰργασμέναι,
3219 760 3416 832 μικραὶ
3436 759 3532 814 καὶ
3558 759 3831 832 διάφοροι,

557 851 792 920 generis.
826 850 878 904 in
909 848 1106 919 quibus
1128 848 1469 916 ponebantur
1501 864 1657 910 sacra
1681 850 1957 916 utensilia,
1977 851 2136 922 phia-

557 944 623 1000 la:
653 952 708 998 ct
733 953 950 1018 paterae.
983 941 1108 997 Ilaec
1145 940 1329 997 omnia
1365 941 1601 996 habebat
1635 943 1778 1004 :edes
1807 959 1874 1006 ιι.
1923 943 2139 998 cubito-

556 1051 679 1097 rnm
717 1034 938 1097 Sancta,
968 1043 1093 1088 ante
1149 1032 1327 1088 velum
1368 1033 1514 1104 adyti
1577 1031 1764 1088 Sancti
1800 1043 2138 1104 sanctorum,

558 1126 650 1180 ubi
671 1125 887 1201 jacebat
923 1125 1084 1179 Area.

2255 853 2343 908 Ἐν
2376 849 2464 916 αἷς
2488 850 2766 907 ἐπετίθετο
2795 850 2865 904 τά
2901 850 3023 921 ίερά
3057 849 3249 922 σκεύη,
3283 850 3475 919 φιάλαι
3523 851 3621 904 καὶ
3669 866 3834 904 σπον-

2241 945 2350 1000 δία.
2417 943 2604 1001 Ταῦτα
2659 945 2840 998 πάντα
2899 939 3048 1013 εἶχεν
3093 943 3122 995 ὁ
3173 941 3282 996 τῶν
3333 939 3387 1012 μ’
3445 942 3638 1012 πηχῶν
3686 937 3834 1004 οἶκος

2246 1040 2458 1106 Ἄγιος,
2499 1037 2605 1109 πρὸ
2641 1037 2734 1091 τοῦ
2789 1036 3291 1104 καταπετάσματος
3341 1034 3437 1088 τοῦ
3489 1034 3690 1089 ἀδύτου
3739 1033 3832 1088 τοῦ

2258 1130 2442 1198 Ἀγίου
2469 1130 2580 1186 τῶν
2606 1127 2799 1197 ἁγίων,
2830 1129 2889 1181 ὲν
2907 1119 2951 1195 ᾧ
2979 1128 3013 1198 ή
3048 1127 3297 1191 Κιϐωτὸς
3321 1125 3597 1179 ἀνέκειτο.

554 1239 705 1297 CAP.
735 1238 916 1297 CVIII.
948 1269 1015 1280 —
1052 1240 1325 1309 ‘Qua’nam
1364 1248 1516 1292 erant
1562 1241 1810 1293 utensi.’ia
1859 1239 2139 1294 elaborata

2268 1243 2497 1297 (ΕΦΑΛ.
2522 1241 2650 1296 PH'.
2677 1269 2745 1282 --
2783 1241 2924 1295 Τίνα
2945 1237 3022 1309 ἦν
3045 1240 3118 1292 τὰ
3139 1235 3717 1309 καταᾳκευασῗθέττα
3737 1234 3837 1287 καί

625 1319 675 1364 et
701 1310 947 1364 dedicata
973 1327 1005 1362 a
1035 1307 1320 1372 Salomone
1344 1311 1396 1371 in
1432 1310 1784 1364 ministerium
1814 1326 2049 1364 sacrum.

635 1481 774 1538 Vasa
809 1479 1098 1537 fundendis
1130 1482 1270 1540 vinis
1321 1497 1488 1537 aurea
1516 1481 1791 1555 octoginta
1821 1480 2017 1548 millia,
2050 1496 2141 1536 ar-

2314 1313 2681 1368 άνατεθέντα
2742 1311 2860 1366 ὑπὸ
2920 1306 3026 1365 τοῦ
3061 1306 3423 1377 Σαλομῶνος
3476 1308 3565 1372 εὶς
3605 1308 3835 1374 ἱερουρ-

2316 1385 2455 1452 γίαν
2485 1382 2787 1449 κειμήλια.

2321 1495 2572 1564 Οίνοχοαὶ
2593 1492 3015 1564 ὀκτακισμύριοι
3037 1492 3256 1562 χρυσαῖ,
3284 1491 3530 1560 ἀργυραῖ
3551 1488 3609 1542 δὲ
3637 1486 3833 1542 διπλα-

559 1583 750 1647 gentea
796 1589 927 1629 vero
974 1574 1141 1644 duplo
1191 1582 1348 1630 erant
1404 1588 1655 1634 numero.
1707 1572 1913 1628 Phiala!
1967 1588 2145 1628 aureae

2268 1588 2444 1651 πίονες.
2476 1586 2711 1650 Φιαλῶν,
2745 1585 3023 1657 μυριάδων
3071 1583 3204 1638 δέκα
3248 1586 3468 1655 χρυσαῖ,
3504 1585 3748 1654 ἀργυραῖ
3784 1581 3838 1634 δὲ

560 1675 780 1728 centum
805 1667 1009 1733 millia;
1043 1676 1314 1738 argenteae
1357 1681 1482 1721 vero
1507 1665 1674 1735 duplo
1713 1679 1966 1720 numero.
2001 1664 2144 1720 Lan-

562 1760 734 1825 cesin
794 1759 996 1830 quibus
1045 1766 1318 1829 oporteret
1339 1757 1522 1813 oll'erri
1554 1756 1790 1816 similam
1841 1756 2142 1828 irrigatum,

2245 1678 2607 1742 διπλασίονες.
2653 1679 2884 1742 Πίνακες
2930 1679 3010 1741 είς
3055 1676 3116 1730 τδ
3164 1676 3500 1748 προσφέρειν
3530 1676 3588 1728 ὲν
3643 1675 3839 1737 αὑταῖς

2249 1771 2527 1844 σεμίδαλιν
2551 1771 2928 1842 πεφυρμένην,
2949 1771 3143 1841 χρυσοῖ
3185 1767 3630 1838 ὀκτακισμύριοι,
3662 1767 3840 1836 ἀργυ-

562 1865 743 1905 aurea:
760 1834 978 1921 quidem
1021 1833 1294 1920 octoginta
1325 1849 1516 1911 millia,
1573 1857 1840 1920 argenteae
1890 1863 2018 1903 vero
2041 1847 2141 1901 du-

2268 1833 2344 1917 ιαῖ
2375 1863 2432 1918 δὲ
2477 1833 3091 1932 διπλασίονες.’Μέτρα
3136 1859 3192 1913 δὲ
3243 1858 3296 1912 ἳν
3345 1833 3444 1913 καί
3487 1833 3716 1927 ἀσσαρὶ,
3766 1855 3842 1919 ὠς

562 1940 655 2021 pio
679 1954 928 1995 numero.
963 1938 1230 1995 Mensura:
1255 1949 1435 1995 autem
1462 1938 1563 1994 llin
1594 1948 1648 1994 et
1667 1938 1881 2002 Assari,
1910 1947 1970 1994 ut
1997 1937 2144 2010 Moy-

563 2050 652 2091 ses
681 2034 946 2100 ediderat,
977 2049 1157 2090 aurem
1180 2034 1397 2105 quidem
1427 2033 1612 2089 decem
1645 2033 1837 2096 millia,
1863 2039 1916 2088 et
1951 2047 2146 2102 argen-

565 2134 667 2188 teae
698 2126 866 2196 duplo
893 2113 1456 2182 numero.‘l‘huribula
1479 2140 1645 2181 aurea
1663 2125 1853 2196 viginti
1885 2125 2074 2188 millia,
2094 2135 2147 2179 et

561 2217 667 2272 alia
707 2217 1026 2287 lgnitabula,
1079 2219 1132 2273 in
1167 2219 1367 2290 quibus
1427 2219 1571 2290 ignis
1611 2220 1678 2274 de
1736 2234 1938 2291 magno
1988 2216 2146 2277 altari

565 2311 890 2380 ponebatur,
916 2311 1312 2382 quinquaginta
1351 2312 1544 2370 millia.

563 2425 716 2490 CAP.
752 2425 889 2481 CIX.
926 2454 994 2466 -—
1024 2426 1279 2490 Quaenam
1311 2436 1462 2480 erant
1499 2433 1686 2487 vestes,
1729 2440 1863 2493 quas
1895 2423 2142 2480 sacerdo-

637 2496 775 2549 tibus
803 2503 852 2549 et
886 2493 1079 2550 Levitis
1127 2495 1194 2548 ad
1220 2511 1374 2550 sacra
1402 2494 1640 2550 obeunda
1667 2495 1963 2549 ministeria
1987 2493 2148 2550 Salo.-

635 2581 758 2619 mou
785 2576 1087 2634 paraverat.

638 2679 803 2734 Stolae
831 2694 998 2736 sacra:
1022 2695 1148 2734 cum
1181 2680 1473 2750 poderibus
1498 2691 1552 2736 et
1581 2681 2144 2752 superhumeralibus,

2253 1957 2493 2026 Μωύσῆς
2520 1956 2772 2023 ἐξέδωκε,
2800 1955 2981 2026 χρυσᾶ
3023 1953 3122 2026 μὲν
3156 1952 3346 2024 μύρια,
3398 1951 3618 2021 ἀργυρᾶ
3652 1949 3711 2001 δὲ
3759 1947 3840 2000 δι-

2254 2050 2540 2105 πλασίονα.
2582 2048 2934 2118 Θυμιατήρια
2990 2047 3169 2118 χρυσᾶ
3217 2045 3522 2115 δισμύρια,
3576 2043 3670 2095 καὶ
3704 2041 3842 2099 ἄλλα

2259 2143 2453 2214 μύρια,
2491 2142 2548 2194 ἐν
2581 2135 2659 2205 οἷς
2694 2140 2756 2194 τὸ
2786 2140 2897 2210 πῦρ
2923 2139 3030 2193 ἀπὺ
3076 2138 3170 2192 τοῦ
3209 2137 3450 2209 μεγάλου
3483 2133 3671 2207 βωμοῦ
3730 2133 3843 2193 ἐτί-

2256 2235 2401 2304 Θετο,
2439 2234 2906 2306 πεντακισμύρια.

2255 2439 2508 2493 metu.
2571 2435 2692 2490 PG’.
2729 2464 2798 2475 —
2848 2431 2986 2487 Τίνα
3017 2430 3095 2499 ’ἦν
3153 2423 3224 2482 τὰ
3283 2427 3404 2492 τοῖς
3457 2423 3845 2499 ἱερεῦσι-,καί

2328 2509 2602 2572 Δευΐταις
2623 2507 2708 2570 είς
2730 2504 2837 2569 τὰς
2861 2494 3235 2572 λειτουργίας
3271 2494 3848 2550 κατασκευασθέντα

2325 2579 2447 2633 ὑπὸ
2468 2571 2863 2646 Σαλομῶντος
2893 2571 3223 2639 ἐσθήματα.

2326 2688 2683 2760 Στολαὶίεραὶ
2717 2689 2815 2742 σὺν
2840 2685 3123 2756 ποδήρεσι,
3163 2681 3260 2738 καὶ
3300 2680 3566 2752 ἐπωμίσι,
3618 2677 3719 2731 καὶ
3757 2675 3847 2728 io-

565 2779 618 2824 ct
640 2769 912 2836 rationali,
961 2779 1016 2825 et
1067 2769 1342 2840 lapidibus
1385 2785 1484 2841 pro
1522 2769 1922 2837 sacerdotibus,
1978 2771 2146 2826 mille.

2257 2785 2382 2856 γίῳ,
2413 2783 2508 2836 καὶ
2539 2780 2708 2844 λίθοις
2759 2781 2872 2842 τοῖς
2923 2776 3262 2847 ἀρχιερεῦσι,
3311 2773 3499 2844 χίλιαι.
3555 2767 3737 2823 Ζῶναι
3787 2768 3850 2819 ὲκ

567 2858 734 2914 Zona:
763 2876 826 2915 ex
864 2860 1026 2931 bysso
1056 2871 1110 2916 et
1153 2875 1414 2931 purpura,
1452 2860 1633 2916 decies
1685 2870 1911 2916 centena
1957 2860 2146 2916 millia.

2259 2875 2458 2947 βύσσου
2505 2871 2600 2937 καὶ
2625 2869 2912 2941 πορφύρας
2941 2866 3202 2939 μυριάδες
3255 2871 3318 2934 ρ’.
3372 2861 3704 2929 Σαλπίγγων
3742 2876 3849 2929 μυ-

567 2949 848 3004 Tubarum
881 2965 944 3005 ec
1005 2951 1190 3004 millia.
1216 2949 1414 3006 Levitis
1440 2957 1646 3019 autem,
1693 2964 1757 3004 ex
1797 2949 1966 3022 bysso
1996 2950 2150 3005 stola:

2268 2967 2442 3036 ριάδες
2471 2963 2550 3018 κ’·
2586 2963 2679 3016 καὶ
2703 2961 2979 3024 Λευΐταις,
3012 2959 3077 3010 ἐκ
3107 2957 3310 3028 βύσσου
3342 2954 3545 3017 στολαὶ,
3576 2950 3850 3021 μυριάδες

567 3055 632 3096 cc
659 3040 866 3106 millia;
916 3049 970 3095 et
991 3042 1352 3097 instrumenta
1385 3041 1610 3107 musica,
1644 3042 1822 3096 nablia
1851 3041 2152 3098 eteithara:

2268 3055 2306 3111 κ’
2332 3073 2347 3088 °
2380 3055 2476 3110 καὶ
2506 3055 2572 3108 τά
2595 3053 2805 3124 ὄργανα
2840 3051 2911 3104 τά
2947 3047 3204 3120 μουσικά,
3225 3044 3419 3100 νᾶϐλαι
3451 3043 3546 3097 καὶ
3587 3042 3851 3112 κιννύραι

570 3133 805 3187 inventre
857 3132 925 3192 ad
971 3131 1195 3188 laudum
1249 3142 1469 3201 cantus,
1516 3142 1571 3190 et
1609 3133 1810 3189 electro
1865 3134 2148 3198 confectae,

2268 3148 2398 3218 πρὸς
2425 3148 2527 3218 τὴν
2554 3145 2830 3218 ὑμνῳδίαν
2875 3141 3262 3214 ἐξευρημέναι,
3305 3139 3366 3208 ἐξ
3402 3137 3672 3208 ἠλέκτρου
3714 3152 3854 3188 κατ-

569 3224 930 3303 quadragiuta
955 3224 1147 3279 millia.

2268 3239 2655 3308 εσκευασμέναι
2677 3233 3160 3308 τετρακισμύριαι.

567 3339 724 3403 CAP.
748 3339 859 3396 CX.
881 3371 944 3383 —
967 3340 1284 3418 Cujusmodi
1314 3349 1429 3395 erat
1463 3339 1890 3418 Tabernaculitm
1915 3358 1948 3418 ᾳ
1975 3339 2155 3418 Moyse

2268 3355 2508 3412 ΚΕΦΑΛ.
2535 3351 2637 3414 Pl',
2670 3382 2736 3394 —-
2759 3351 2967 3412 Ὀποιά
3005 3350 3044 3418 ἡ
3070 3347 3294 3414 σκηνὴ,
3337 3347 3373 3414 ἡ
3390 3345 3528 3418 ,ὑπὸ
3546 3341 3856 3418 agonem;

638 3422 888 3478 erectum,
939 3411 1224 3466 serttndum
1281 3411 1586 3482 exemplar,
1635 3412 1774 3481 quod
1843 3411 2042 3465 viderat
2100 3411 2154 3464 in

2268 3411 2272 3412 ν
2327 3411 2760 3481 ἀνασταθεῖσα.
2813 3422 2963 3474 κατὰ
3011 3411 3127 3488 τὴν
3163 3411 3515 3482 ὖπὸδείξιν,
3565 3413 3646 3483 ἣν
3685 3415 3860 3469 ἐθεά-

644 3495 838 3538 monte.

2332 3512 2484 3552 crura
2511 3495 2581 3548 ὲν
2613 3491 2690 3559 τῷ
2729 3493 2873 3562 ὄρει.

641 3593 769 3650 Erat
795 3595 1018 3664 quidam
1045 3594 1289 3650 ambitus
1319 3593 1583 3651 subdialis
1634 3593 1972 3665 longitudine
2001 3593 2157 3650 cubi-

573 3694 753 3740 torum
781 3699 831 3747 o.
866 3685 1154 3740 latitudine
1184 3685 1496 3741 cubitorum
1529 3701 1579 3740 ι..
1617 3687 1948 3741 Constitutio
1972 3695 2154 3741 autem

577 3777 741 3846 hujus
770 3777 1010 3832 ambitus
1045 3777 1360 3847 hujusmodi
1391 3785 1532 3833 erat.
1560 3779 1918 3834 Ambiebatur
1958 3779 2158 3834 erectis

574 3869 714 3938 palis
743 3869 911 3924 aeneis
942 3869 1232 3924 altitudine
1275 3869 1771 3940 quinmteeubitali,
1805 3870 1998 3941 viginti
2033 3869 2159 3940 qui-

573 3961 698 4018 dem
732 3959 786 4014 in
823 3961 1181 4031 longitudine,
1215 3970 1270 4016 at
1321 3961 1511 4017 decem
1546 3963 1600 4017 in
1660 3962 1966 4016 latitudine.
1995 3962 2158 4032 Capi-

576 4053 699 4109 tella
728 4062 986 4124 argentea
1020 4063 1076 4107 ct
1103 4055 1261 4109 bases
1299 4069 1464 4109 tenete
1501 4054 1697 4123 cuique
1722 4054 1843 4123 palo
1868 4053 2160 4108 elaborata:

573 4155 770 4203 erant:
820 4155 876 4202 et
921 4145 1162 4216 quinque
1215 4145 1417 4202 cubitis
1455 4145 1689 4202 invicem
1729 4145 2009 4202 distabant
2050 4145 2158 4215 pali

577 4248 737 4296 terra
765 4238 936 4294 inﬁxi.
985 4238 1184 4294 Annuli
1221 4239 1361 4310 palis
1408 4238 1770 4304 inhaerebant,
1807 4239 2161 4308 respicientes

575 4331 643 4385 ad
671 4329 1061 4400 longitudinem
1095 4329 1537 4391 etlatitudinem.
1585 4329 1820 4384 Annulis
1865 4330 1975 4385 illis
2003 4330 2159 4384 inne-

576 4421 864 4477 ctebantur
892 4422 1076 4488 funes,
1106 4421 1201 4492 qui
1229 4422 1592 4490 alligabantur
1616 4421 1784 4477 clavis
1812 4423 1970 4478 aereis
2002 4421 2163 4477 cubi-

2331 3608 2626 3681 Περίϐολος
2670 3603 2736 3678 ἦν
2765 3605 3010 3677 αίθέριος
3043 3603 3253 3676 μήκους
3276 3601 3469 3672 πηχῶν
3501 3605 3568 3671 ρ’,
3602 3597 3857 3660 πλάτους

2261 3703 2452 3774 πηχῶν
2474 3699 2538 3756 ν’.
2577 3702 2642 3754 Ἡ
2665 3699 2723 3753 δὲ
2751 3699 2942 3761 στάσις
2969 3693 3039 3768 ἦν
3064 3695 3159 3750 τοῦ
3187 3694 3480 3767 περιϐόλου
3507 3691 3721 3764 ὀρθίοις
3752 3691 3862 3743 κάν

2263 3795 2395 3868 μαξι
2426 3793 2871 3866 περιϐεϐλημένη
2897 3791 3149 3862 χαλκέοις
3195 3789 3573 3858 πενταπήχεσι
3602 3783 3663 3836 τὸ
3694 3783 3862 3852 ὕψος,

2261 3892 2436 3945 εῐκοσι
2463 3888 2563 3958 μὲν
2588 3885 2732 3940 κατά
2749 3885 2811 3939 τὸ
2853 3884 3050 3955 μῆκος,
3098 3883 3232 3938 δέκα
3255 3881 3311 3934 δὲ
3337 3882 3477 3934 κατὰ
3532 3879 3593 3933 τὸ
3620 3876 3864 3938 πλάτος.

2262 3981 2607 4052 Κιονόκρανα
2642 3979 2701 4033 δὲ
2739 3979 2989 4050 ἀργύρεα
3034 3979 3129 4032 καὶ
3162 3977 3347 4048 βάσεις
3385 3974 3585 4045 χαλκαῖ
3633 3973 3868 4040 ἑκάστῳ

2264 4077 2475 4146 κάμακι
2507 4070 2857 4142 πεποίηνται,
2890 4069 3056 4122 πέντε
3089 4067 3146 4121 δὲ
3201 4068 3438 4138 πήχεσιν
3477 4066 3572 4119 ἀπ’
3604 4063 3870 4134 ἀλλήλων

2261 4168 2612 4238 διεστήκασιν
2637 4165 2686 4217 oi
2728 4164 2979 4234 κάμακες
3031 4159 3544 4230 καταπεπηγμένοι.
3576 4157 3788 4228 Κρίκοι
3811 4156 3872 4207 δὲ

2262 4259 2379 4320 τοῖς
2430 4254 2639 4326 κάμαξι
2674 4251 3069 4324 προσηλοῦντο,
3126 4251 3263 4321 πρὸς
3301 4251 3362 4304 τὸ
3422 4250 3599 4320 μῆκος
3648 4248 3757 4300 καὶ
3808 4247 3874 4300 τδ

2266 4348 2469 4410 πλάτος
2499 4344 2919 4407 ἀποϐλέποντες.
2947 4343 3056 4397 Καὶ
3085 4343 3192 4395 τῶν
3216 4341 3426 4413 κρίκων
3451 4341 3728 4410 ἐξήπτετο
3762 4356 3875 4391 κα-

2265 4440 2452 4503 λώδια,
2486 4438 2632 4509 ἥλων
2663 4435 2881 4506 χαλκῶν
2912 4434 3197 4504 πηχυαίων
3233 4435 3313 4496 εἰς
3342 4434 3404 4486 τὺ
3434 4433 3629 4501 ἔδαφος
3680 4433 3873 4499 καθη-

579 4512 782 4573 talibus
809 4513 863 4568 in
895 4522 1098 4568 terram
1138 4513 1354 4578 deﬁxis,
1386 4527 1494 4581 quo
1531 4513 1938 4578 tabernaculum
1979 4527 2155 4568 serva-

2269 4533 2529 4602 λωμένων
2556 4530 2895 4598 ἐνδεδεμένα,
2939 4528 3078 4598 πρὸς
3127 4527 3188 4579 τὸ
3213 4525 3312 4597 τὴν
3340 4525 3547 4594 σκηνήν
3594 4523 3878 4592 ἀκίνητον

580 4614 731 4661 retur
792 4606 1068 4660 immobile
1091 4615 1277 4660 contra
1338 4606 1446 4660 vim
1513 4613 1826 4661 ventorum.
1891 4606 2164 4662 Sindones

579 4702 827 4770 quaedam
855 4699 1215 4759 ell'ormabant
1245 4701 1402 4771 quasi
1435 4717 1624 4757 muros
1649 4702 2007 4761 tabernaculi.
2035 4717 2166 4757 cou-

583 4799 745 4844 texttc
772 4805 838 4844 ex
869 4790 1034 4859 bysso
1047 4798 1101 4843 et
1123 4790 1415 4861 hyacintho
1443 4799 1492 4845 et
1527 4805 1767 4860 purpura
1801 4800 1964 4859 atque
1988 4791 2166 4844 cocci-

581 4898 674 4943 no.
721 4892 989 4953 erantque
1045 4883 1555 4953 quinquccubitales
1611 4894 1667 4938 ct
1712 4883 2096 4952 quadrilatcrze
2133 4899 2164 4938 a

581 4975 836 5045 rapitello
893 4991 1065 5046 usque
1119 4977 1186 5032 ad
1225 4977 1418 5034 basim.
1477 4987 1532 5032 et
1565 4975 2011 5031 dill'utnlelmntur
2071 4993 2167 5048 per

581 5066 790 5124 medios
819 5069 974 5138 palos
999 5085 1170 5139 usque
1199 5071 1265 5125 ad
1295 5070 1685 5139 pavimentum.
1716 5071 1792 5124 Ac
1821 5072 1922 5124 tria
1947 5071 2166 5140 quidem

584 5163 756 5214 latera
798 5161 901 5217 hoc
926 5162 1302 5218 consistebant
1330 5163 1512 5218 modo.
1553 5162 1660 5218 Sed
1708 5164 1850 5218 latus
1883 5175 2166 5233 quartum,

581 5255 729 5321 quod
763 5263 817 5309 ct
866 5254 1005 5310 bene
1033 5255 1157 5324 quis
1207 5255 1406 5310 dixerit
1463 5257 1696 5324 primum
1757 5257 1937 5324 pctius
1992 5256 2163 5311 luisse

587 5348 729 5415 (erat
777 5348 910 5404 illud
941 5363 1178 5422 namque
1213 5347 1470 5404 introitus
1497 5351 1716 5418 quidam
1755 5351 1806 5404 in
1838 5351 2166 5419 tabernacu-

586 5441 716 5499 lum.
749 5439 953 5496 habens
969 5442 1363 5512 quinquaginta
1389 5443 1648 5512 cubitus),
1667 5444 1900 5498 habebat
1927 5445 2164 5498 medium

587 5533 877 5599 quemdam
932 5533 1218 5588 introitum
1251 5534 1482 5588 similem
1513 5547 1702 5604 portas.
1745 5538 2054 5592 cubitorum
2087 5539 2168 5591 vi-

586 5621 762 5691 ginti;
802 5639 867 5677 ac
917 5623 1028 5680 duo
1085 5626 1191 5694 pali
1241 5629 1438 5698 cuique
1496 5627 1647 5683 lateri
1708 5629 1962 5684 introitus
2015 5631 2166 5684 inﬁxi

590 5713 826 5779 fuerant,
885 5717 976 5784 qui
1013 5718 1319 5774 ellieiebant
1355 5705 1537 5784 veluti
1570 5731 1770 5790 postes.
1827 5725 1902 5777 Ex
1938 5732 2168 5792 utraque

592 5815 774 5860 autem
805 5817 960 5874 parte
988 5809 1244 5866 introitus
1263 5814 1576 5882 quindecim
1601 5817 1766 5872 cubiti
1787 5819 2164 5884 remanebant,

2269 4627 2376 4680 ὑπὸ
2407 4626 2506 4694 τῆς
2540 4623 2650 4676 τῶν
2676 4623 2893 4691 ἀνέμων
2925 4621 3046 4692 βίας
3092 4620 3499 4688 διαφυλάττειν.
3537 4615 3796 4668 Σινδόναι
3818 4615 3878 4668 δὲ

2270 4714 2641 4785 κατετείχιζον
2673 4715 2771 4786 τὴν
2799 4711 3004 4782 σκηνὴν
3031 4713 3095 4764 ὲκ
3124 4710 3323 4779 βύσσου
3356 4709 3450 4762 καὶ
3478 4705 3751 4761 ὑακίνθου
3779 4705 3882 4758 καὶ

2272 4809 2556 4882 πορφύρας
2615 4807 2709 4860 καὶ
2757 4805 3012 4858 κοκκίνου
3043 4803 3431 4873 διυφασμέναι,
3464 4799 3880 4867 πενταπήχεις.

2270 4903 2624 4971 τετράγωνοι,
2645 4901 2753 4953 ἀπὸ
2775 4899 2869 4951 τοῦ
2895 4898 3127 4969 κράνους
3147 4899 3309 4966 μέχρι
3333 4895 3431 4964 τῆς
3457 4894 3690 4964 βάσεως,
3726 4892 3884 4944 κατα

2273 4996 2442 5065 μέσου
2471 4993 2582 5046 τῶν
2630 4991 2923 5063 καμακίων
2969 4989 3075 5053 ἕως
3105 4989 3338 5057 ἐδάφους
3373 4985 3700 5056 κεχυμέναι.
3764 4985 3884 5038 Καὶ

2269 5067 2327 5142 αἱ
2349 5087 2450 5158 μὲν
2475 5087 2622 5157 τρεῖς
2654 5083 2884 5155 πλευραὶ
2907 5081 3098 5135 τοῦτον
3121 5080 3388 5151 ἑστήκασι
3418 5079 3510 5132 τὸν
3531 5079 3772 5148 τρόπον.
3813 5079 3882 5131 Ἥ

2269 5179 2326 5232 δὲ
2353 5178 2591 5247 τετάρτη
2615 5174 2846 5246 πλευρὰ,
2873 5174 2942 5244 ἣν
2973 5174 3068 5225 καὶ
3094 5172 3322 5243 πρώτην
3359 5169 3565 5241 μᾶλλον
3597 5185 3685 5231 τις
3723 5169 3883 5222 εἴποι

2273 5271 2454 5334 καλῶς
2491 5266 2630 5324 εἶναι
2665 5267 2890 5339 (εἴσοδος
2933 5265 3044 5336 γὰρ
3077 5261 3143 5336 ἦν
3173 5268 3254 5329 εἰς
3280 5263 3382 5335 τὴν
3425 5263 3637 5334 σκηνήν
3702 5262 3885 5333 αὕτη,

2274 5364 2613 5434 πεντήκοντα
2648 5364 2846 5432 πήχεις
2901 5359 3124 5431 ἔχουσα)
3162 5359 3339 5430 πύλης
3381 5357 3483 5429 μὲν
3527 5356 3888 5426 εἰκασμένην

2275 5457 2448 5528 μέσην
2481 5455 2655 5508 εἴκοσι
2691 5454 2914 5525 πηχέων
2957 5452 3102 5523 εἶχεν
3143 5451 3372 5515 εἴσοδον,
3396 5450 3491 5503 δύο
3515 5449 3573 5503 δὲ
3601 5452 3888 5517 κάμακας

2271 5554 2478 5622 ἑκάστῃ
2515 5549 2727 5620 πλευρᾷ
2757 5549 2854 5618 τῆς
2887 5549 3095 5601 εἰσόδου
3133 5545 3550 5614 καταπέπηκτο,
3578 5544 3888 5613 παραστά-

2271 5646 2366 5708 δας
2399 5643 2590 5712 ὢσπερ
2618 5641 3008 5704 ἀποτελούσας.
3064 5638 3403 5709 Ἐκατέρωθε
3435 5638 3492 5691 δὲ
3524 5638 3623 5707 τῆς
3657 5638 3888 5690 εἰσόδου

2273 5736 2376 5787 ἀνὰ
2405 5734 2705 5788 δεκαπέντε
2759 5733 2955 5803 πήχεις
2990 5732 3297 5800 ἀνέμεινον,
3356 5729 3591 5782 ἑκάστου
3652 5728 3890 5798 μέρους

2274 5823 2421 5893 τρεῖς
2488 5820 2744 5892 κάμακας
2801 5820 3302 5890 καταπεπηγμὲνου
3357 5819 3450 5872 καὶ
3507 5819 3888 5887 ἐρεισμένου,
