  <div class='ocr_page' id='page_1' title='image "/cluster/home/n/w/nwhite01/storage/ocr_20150623/106/coo.31924054870104/068.png"; bbox 0 0 4044 6412; ppageno 0'>
   <div class='ocr_carea' id='block_1_1' title="bbox 267 376 348 442">
    <p class='ocr_par' dir='ltr' id='par_1_1' title="bbox 267 376 348 442">
     <span class='ocr_line' id='line_1_1' title="bbox 267 376 348 442; baseline 0 0"><span class='ocrx_word' id='word_1_1' title='bbox 267 376 348 442; x_wconf 72' lang='lat'><strong>11&#39;}</strong></span> 
     </span>
    </p>
   </div>
   <div class='ocr_carea' id='block_1_2' title="bbox 1383 354 2301 420">
    <p class='ocr_par' dir='ltr' id='par_1_2' title="bbox 1383 354 2301 420">
     <span class='ocr_line' id='line_1_2' title="bbox 1383 354 2301 420; baseline -0.007 0"><span class='ocrx_word' id='word_1_2' title='bbox 1383 359 1558 420; x_wconf 83' lang='lat' dir='ltr'>LIBE</span> <span class='ocrx_word' id='word_1_3' title='bbox 1569 357 1757 419; x_wconf 84' lang='lat' dir='ltr'><strong>LLUS</strong></span> <span class='ocrx_word' id='word_1_4' title='bbox 1795 354 2301 418; x_wconf 80' lang='lat' dir='ltr'><strong>MEMORIALIS.</strong></span> 
     </span>
    </p>
   </div>
   <div class='ocr_carea' id='block_1_3' title="bbox 3383 353 3488 420">
    <p class='ocr_par' dir='ltr' id='par_1_3' title="bbox 3383 353 3488 420">
     <span class='ocr_line' id='line_1_3' title="bbox 3383 353 3488 420; baseline 0 0"><span class='ocrx_word' id='word_1_5' title='bbox 3383 353 3488 420; x_wconf 83' lang='lat'><strong>118</strong></span> 
     </span>
    </p>
   </div>
   <div class='ocr_carea' id='block_1_4' title="bbox 265 473 1829 558">
    <p class='ocr_par' dir='ltr' id='par_1_4' title="bbox 265 475 1802 558">
     <span class='ocr_line' id='line_1_4' title="bbox 265 475 1802 558; baseline -0.01 -11"><span class='ocrx_word' id='word_1_6' title='bbox 265 488 382 547; x_wconf 76' lang='grc' dir='ltr'>κατὰ</span> <span class='ocrx_word' id='word_1_7' title='bbox 406 485 492 558; x_wconf 80' lang='grc' dir='ltr'>τὴν</span> <span class='ocrx_word' id='word_1_8' title='bbox 511 482 617 536; x_wconf 86' lang='grc' dir='ltr'><strong>τῶν</strong></span> <span class='ocrx_word' id='word_1_9' title='bbox 652 479 818 552; x_wconf 83' lang='grc' dir='ltr'>τριῶν</span> <span class='ocrx_word' id='word_1_10' title='bbox 859 479 970 533; x_wconf 88' lang='grc' dir='ltr'><strong>τῶν</strong></span> <span class='ocrx_word' id='word_1_11' title='bbox 1027 475 1204 532; x_wconf 76' lang='grc' dir='ltr'>ἄλλων</span> <span class='ocrx_word' id='word_1_12' title='bbox 1235 475 1485 548; x_wconf 83' lang='grc' dir='ltr'><strong>πλευρῶν</strong></span> <span class='ocrx_word' id='word_1_13' title='bbox 1539 476 1802 548; x_wconf 77' lang='grc' dir='ltr'><strong>ἐργασίαν</strong></span> 
     </span>
    </p>
   </div>
   <div class='ocr_carea' id='block_1_5' title="bbox 1939 473 3490 558">
    <p class='ocr_par' dir='ltr' id='par_1_5' title="bbox 1939 473 3490 548">
     <span class='ocr_line' id='line_1_5' title="bbox 1939 473 3490 548; baseline -0.001 -17"><span class='ocrx_word' id='word_1_14' title='bbox 1939 485 2062 532; x_wconf 83' lang='lat' dir='ltr'><strong>arte</strong></span> <span class='ocrx_word' id='word_1_15' title='bbox 2113 475 2358 548; x_wconf 88' lang='lat' dir='ltr'><strong>qualibet</strong></span> <span class='ocrx_word' id='word_1_16' title='bbox 2413 473 2589 530; x_wconf 90' lang='lat' dir='ltr'><strong>tribus</strong></span> <span class='ocrx_word' id='word_1_17' title='bbox 2643 473 2784 546; x_wconf 87' lang='lat' dir='ltr'><strong>palis</strong></span> <span class='ocrx_word' id='word_1_18' title='bbox 2815 483 3100 544; x_wconf 85' lang='lat' dir='ltr'><strong>compacta</strong></span> <span class='ocrx_word' id='word_1_19' title='bbox 3154 487 3218 528; x_wconf 88' lang='lat' dir='ltr'><strong>ac</strong></span> <span class='ocrx_word' id='word_1_20' title='bbox 3251 474 3490 544; x_wconf 81' lang='lat' dir='ltr'><strong>ﬁrmata,</strong></span> 
     </span>
    </p>
   </div>
   <div class='ocr_carea' id='block_1_6' title="bbox 263 567 1829 650">
    <p class='ocr_par' dir='ltr' id='par_1_6' title="bbox 263 567 1805 650">
     <span class='ocr_line' id='line_1_6' title="bbox 263 567 1805 650; baseline -0.02 -11"><span class='ocrx_word' id='word_1_21' title='bbox 263 573 681 650; x_wconf 76' lang='grc' dir='ltr'>καὶπερίφραξιν.</span> <span class='ocrx_word' id='word_1_22' title='bbox 715 573 793 626; x_wconf 81' lang='grc' dir='ltr'><strong>τὸ</strong></span> <span class='ocrx_word' id='word_1_23' title='bbox 836 571 895 625; x_wconf 83' lang='grc' dir='ltr'>δὲ</span> <span class='ocrx_word' id='word_1_24' title='bbox 929 571 1094 642; x_wconf 91' lang='grc' dir='ltr'>μέσον</span> <span class='ocrx_word' id='word_1_25' title='bbox 1118 567 1221 639; x_wconf 86' lang='grc' dir='ltr'><strong>τῆς</strong></span> <span class='ocrx_word' id='word_1_26' title='bbox 1249 567 1458 623; x_wconf 84' lang='grc' dir='ltr'>είσόδου</span> <span class='ocrx_word' id='word_1_27' title='bbox 1493 567 1805 623; x_wconf 79' lang='grc' dir='ltr'>κατεπεπέ-</span> 
     </span>
    </p>
   </div>
   <div class='ocr_carea' id='block_1_7' title="bbox 1939 567 3490 650">
    <p class='ocr_par' dir='ltr' id='par_1_7' title="bbox 1939 567 3490 640">
     <span class='ocr_line' id='line_1_7' title="bbox 1939 567 3490 640; baseline 0.001 -20"><span class='ocrx_word' id='word_1_28' title='bbox 1939 577 2055 623; x_wconf 62' lang='grc' dir='ltr'>ιιχιει</span> <span class='ocrx_word' id='word_1_29' title='bbox 2103 567 2396 624; x_wconf 83' lang='lat' dir='ltr'><strong>artiﬁcium</strong></span> <span class='ocrx_word' id='word_1_30' title='bbox 2446 575 2501 624; x_wconf 90' lang='lat' dir='ltr'><strong>et</strong></span> <span class='ocrx_word' id='word_1_31' title='bbox 2531 567 2890 622; x_wconf 71' lang='lat' dir='ltr'><strong>munitionem</strong></span> <span class='ocrx_word' id='word_1_32' title='bbox 2951 567 3116 622; x_wconf 90' lang='lat' dir='ltr'><strong>trium</strong></span> <span class='ocrx_word' id='word_1_33' title='bbox 3153 567 3490 640; x_wconf 89' lang='lat' dir='ltr'><strong>reliquorum</strong></span> 
     </span>
    </p>
   </div>
   <div class='ocr_carea' id='block_1_8' title="bbox 260 660 1804 739">
    <p class='ocr_par' dir='ltr' id='par_1_8' title="bbox 260 660 1804 739">
     <span class='ocr_line' id='line_1_8' title="bbox 260 660 1804 739; baseline -0.016 -10"><span class='ocrx_word' id='word_1_34' title='bbox 260 690 399 730; x_wconf 80' lang='grc' dir='ltr'>ταστο</span> <span class='ocrx_word' id='word_1_35' title='bbox 433 669 501 739; x_wconf 82' lang='grc' dir='ltr'>τῷ</span> <span class='ocrx_word' id='word_1_36' title='bbox 527 667 634 721; x_wconf 87' lang='grc' dir='ltr'><strong>τῶν</strong></span> <span class='ocrx_word' id='word_1_37' title='bbox 690 671 736 720; x_wconf 87' lang='grc' dir='ltr'>κ’</span> <span class='ocrx_word' id='word_1_38' title='bbox 778 663 970 734; x_wconf 84' lang='grc' dir='ltr'>πηχῶν</span> <span class='ocrx_word' id='word_1_39' title='bbox 1017 661 1515 731; x_wconf 73' lang='grc' dir='ltr'><strong>καταπετάσματι,</strong></span> <span class='ocrx_word' id='word_1_40' title='bbox 1569 660 1648 732; x_wconf 84' lang='grc' dir='ltr'>τῷ</span> <span class='ocrx_word' id='word_1_41' title='bbox 1692 660 1804 714; x_wconf 82' lang='grc' dir='ltr'><strong>τῶν</strong></span> 
     </span>
    </p>
   </div>
   <div class='ocr_carea' id='block_1_9' title="bbox 263 753 1806 832">
    <p class='ocr_par' dir='ltr' id='par_1_9' title="bbox 263 753 1806 832">
     <span class='ocr_line' id='line_1_9' title="bbox 263 753 1806 832; baseline -0.009 -13"><span class='ocrx_word' id='word_1_42' title='bbox 263 763 504 832; x_wconf 75' lang='grc' dir='ltr'><strong>τεσσάρων</strong></span> <span class='ocrx_word' id='word_1_43' title='bbox 530 757 754 829; x_wconf 84' lang='grc' dir='ltr'>βαθμῶν</span> <span class='ocrx_word' id='word_1_44' title='bbox 788 753 1222 825; x_wconf 84' lang='grc' dir='ltr'>καθυφασμένῳ.</span> <span class='ocrx_word' id='word_1_45' title='bbox 1278 753 1425 806; x_wconf 90' lang='grc' dir='ltr'>Είσω</span> <span class='ocrx_word' id='word_1_46' title='bbox 1475 753 1530 808; x_wconf 84' lang='grc' dir='ltr'>δὲ</span> <span class='ocrx_word' id='word_1_47' title='bbox 1559 753 1658 823; x_wconf 90' lang='grc' dir='ltr'><strong>τῆς</strong></span> <span class='ocrx_word' id='word_1_48' title='bbox 1692 754 1806 806; x_wconf 84' lang='grc' dir='ltr'>εἰσ-</span> 
     </span>
    </p>
   </div>
   <div class='ocr_carea' id='block_1_10' title="bbox 261 845 1802 925">
    <p class='ocr_par' dir='ltr' id='par_1_10' title="bbox 261 845 1802 925">
     <span class='ocr_line' id='line_1_10' title="bbox 261 845 1802 925; baseline -0.008 -12"><span class='ocrx_word' id='word_1_49' title='bbox 261 861 374 922; x_wconf 76' lang='grc' dir='ltr'>ὁδου,</span> <span class='ocrx_word' id='word_1_50' title='bbox 395 855 580 925; x_wconf 85' lang='grc' dir='ltr'>λουτὴρ</span> <span class='ocrx_word' id='word_1_51' title='bbox 607 853 838 925; x_wconf 83' lang='grc' dir='ltr'>χάλκεος</span> <span class='ocrx_word' id='word_1_52' title='bbox 867 845 956 923; x_wconf 81' lang='grc' dir='ltr'>ἦν,</span> <span class='ocrx_word' id='word_1_53' title='bbox 999 849 1100 920; x_wconf 82' lang='grc' dir='ltr'>τὴν</span> <span class='ocrx_word' id='word_1_54' title='bbox 1165 848 1323 920; x_wconf 81' lang='grc' dir='ltr'><strong>βάσιν</strong></span> <span class='ocrx_word' id='word_1_55' title='bbox 1376 847 1586 919; x_wconf 79' lang='grc' dir='ltr'>χαλκῆν</span> <span class='ocrx_word' id='word_1_56' title='bbox 1641 847 1802 918; x_wconf 76' lang='grc' dir='ltr'>ἔχων,</span> 
     </span>
    </p>
   </div>
   <div class='ocr_carea' id='block_1_11' title="bbox 261 941 1804 1020">
    <p class='ocr_par' dir='ltr' id='par_1_11' title="bbox 261 941 1804 1020">
     <span class='ocr_line' id='line_1_11' title="bbox 261 941 1804 1020; baseline -0.01 -13"><span class='ocrx_word' id='word_1_57' title='bbox 261 951 310 1019; x_wconf 74' lang='grc' dir='ltr'>ἐξ</span> <span class='ocrx_word' id='word_1_58' title='bbox 331 945 386 1006; x_wconf 71' lang='grc' dir='ltr'>οὗ</span> <span class='ocrx_word' id='word_1_59' title='bbox 406 951 450 1004; x_wconf 79' lang='lat' dir='ltr'><strong>oi</strong></span> <span class='ocrx_word' id='word_1_60' title='bbox 475 951 636 1020; x_wconf 83' lang='grc' dir='ltr'>ίερεῖς</span> <span class='ocrx_word' id='word_1_61' title='bbox 675 945 777 1010; x_wconf 78' lang='grc' dir='ltr'>τὰς</span> <span class='ocrx_word' id='word_1_62' title='bbox 805 947 994 1018; x_wconf 87' lang='grc' dir='ltr'>χεῖρας</span> <span class='ocrx_word' id='word_1_63' title='bbox 1023 942 1383 1008; x_wconf 82' lang='grc' dir='ltr'><strong>ἀποπλύνειν,</strong></span> <span class='ocrx_word' id='word_1_64' title='bbox 1439 941 1535 996; x_wconf 78' lang='grc' dir='ltr'><strong>καὶ</strong></span> <span class='ocrx_word' id='word_1_65' title='bbox 1561 941 1671 993; x_wconf 88' lang='grc' dir='ltr'><strong>τῶν</strong></span> <span class='ocrx_word' id='word_1_66' title='bbox 1706 958 1804 992; x_wconf 89' lang='grc' dir='ltr'>πο-</span> 
     </span>
    </p>
   </div>
   <div class='ocr_carea' id='block_1_12' title="bbox 261 1033 1803 1114">
    <p class='ocr_par' dir='ltr' id='par_1_12' title="bbox 261 1033 1803 1114">
     <span class='ocr_line' id='line_1_12' title="bbox 261 1033 1803 1114; baseline -0.008 -14"><span class='ocrx_word' id='word_1_67' title='bbox 261 1047 345 1101; x_wconf 83' lang='grc' dir='ltr'><strong>δῶν</strong></span> <span class='ocrx_word' id='word_1_68' title='bbox 368 1043 468 1114; x_wconf 65' lang='lat'><strong>(22)</strong></span> <span class='ocrx_word' id='word_1_69' title='bbox 494 1042 786 1110; x_wconf 79' lang='grc' dir='ltr'><strong>κατασχεῖν</strong></span> <span class='ocrx_word' id='word_1_70' title='bbox 817 1037 909 1092; x_wconf 83' lang='grc' dir='ltr'>τοῦ</span> <span class='ocrx_word' id='word_1_71' title='bbox 939 1037 1131 1098; x_wconf 81' lang='grc' dir='ltr'>ὓδατος</span> <span class='ocrx_word' id='word_1_72' title='bbox 1158 1036 1282 1089; x_wconf 82' lang='grc' dir='ltr'>ὅτου</span> <span class='ocrx_word' id='word_1_73' title='bbox 1325 1036 1384 1088; x_wconf 84' lang='grc' dir='ltr'><strong>έν</strong></span> <span class='ocrx_word' id='word_1_74' title='bbox 1425 1033 1574 1102; x_wconf 81' lang='grc' dir='ltr'>αύτῷ</span> <span class='ocrx_word' id='word_1_75' title='bbox 1601 1033 1803 1103; x_wconf 80' lang='grc' dir='ltr'>παρῆν.</span> 
     </span>
    </p>
   </div>
   <div class='ocr_carea' id='block_1_13' title="bbox 261 1123 1601 1207">
    <p class='ocr_par' dir='ltr' id='par_1_13' title="bbox 261 1123 1601 1207">
     <span class='ocr_line' id='line_1_13' title="bbox 261 1123 1601 1207; baseline -0.009 -15"><span class='ocrx_word' id='word_1_76' title='bbox 261 1138 351 1193; x_wconf 77' lang='grc' dir='ltr'><strong>Καὶ</strong></span> <span class='ocrx_word' id='word_1_77' title='bbox 375 1138 400 1190; x_wconf 79' lang='grc' dir='ltr'><strong>δ</strong></span> <span class='ocrx_word' id='word_1_78' title='bbox 419 1135 512 1207; x_wconf 86' lang='grc' dir='ltr'>μὲν</span> <span class='ocrx_word' id='word_1_79' title='bbox 540 1131 832 1202; x_wconf 72' lang='grc' dir='ltr'>περίϐολος</span> <span class='ocrx_word' id='word_1_80' title='bbox 869 1129 1042 1192; x_wconf 75' lang='grc' dir='ltr'>οὕτως</span> <span class='ocrx_word' id='word_1_81' title='bbox 1067 1123 1157 1199; x_wconf 81' lang='grc' dir='ltr'>ἧν,</span> <span class='ocrx_word' id='word_1_82' title='bbox 1191 1125 1332 1181; x_wconf 83' lang='grc' dir='ltr'>ὀτοῦ</span> <span class='ocrx_word' id='word_1_83' title='bbox 1365 1127 1601 1196; x_wconf 74' lang='grc' dir='ltr'>αἰθρίου.</span> 
     </span>
    </p>
   </div>
   <div class='ocr_carea' id='block_1_14' title="bbox 261 1238 1808 1312">
    <p class='ocr_par' dir='ltr' id='par_1_14' title="bbox 261 1238 1808 1312">
     <span class='ocr_line' id='line_1_14' title="bbox 261 1238 1808 1312; baseline -0.011 -4"><span class='ocrx_word' id='word_1_84' title='bbox 261 1251 474 1308; x_wconf 69' lang='grc' dir='ltr'><strong>ΚΕΦΔΛ.</strong></span> <span class='ocrx_word' id='word_1_85' title='bbox 507 1245 656 1302; x_wconf 79' lang='lat' dir='ltr'><strong>PlA&#39;.</strong></span> <span class='ocrx_word' id='word_1_86' title='bbox 676 1277 748 1287; x_wconf 87' lang='lat'><strong>—-—</strong></span> <span class='ocrx_word' id='word_1_87' title='bbox 775 1243 1012 1298; x_wconf 81' lang='grc' dir='ltr'>Ὀποῖον</span> <span class='ocrx_word' id='word_1_88' title='bbox 1035 1238 1116 1312; x_wconf 75' lang='grc' dir='ltr'><strong>ἦν</strong></span> <span class='ocrx_word' id='word_1_89' title='bbox 1144 1241 1210 1294; x_wconf 76' lang='grc' dir='ltr'>τὸ</span> <span class='ocrx_word' id='word_1_90' title='bbox 1254 1240 1538 1311; x_wconf 77' lang='grc' dir='ltr'>Ἀγιάσμα</span> <span class='ocrx_word' id='word_1_91' title='bbox 1565 1239 1670 1294; x_wconf 86' lang='grc' dir='ltr'>τοῦ</span> <span class='ocrx_word' id='word_1_92' title='bbox 1701 1256 1808 1293; x_wconf 78' lang='grc' dir='ltr'>πε-</span> 
     </span>
    </p>
   </div>
   <div class='ocr_carea' id='block_1_15' title="bbox 455 1313 1556 1388">
    <p class='ocr_par' dir='ltr' id='par_1_15' title="bbox 455 1313 1556 1388">
     <span class='ocr_line' id='line_1_15' title="bbox 455 1313 1556 1388; baseline -0.009 -15"><span class='ocrx_word' id='word_1_93' title='bbox 455 1320 724 1388; x_wconf 68' lang='grc' dir='ltr'>ριϐόλου,</span> <span class='ocrx_word' id='word_1_94' title='bbox 758 1317 789 1369; x_wconf 85' lang='grc' dir='ltr'><em>ὃ</em></span> <span class='ocrx_word' id='word_1_95' title='bbox 819 1313 1084 1382; x_wconf 78' lang='grc' dir='ltr'>Μωῡσῆς</span> <span class='ocrx_word' id='word_1_96' title='bbox 1118 1313 1556 1366; x_wconf 75' lang='grc' dir='ltr'><strong>κατεσκεύασε.</strong></span> 
     </span>
    </p>
   </div>
   <div class='ocr_carea' id='block_1_16' title="bbox 316 1423 1809 1501">
    <p class='ocr_par' dir='ltr' id='par_1_16' title="bbox 316 1423 1809 1501">
     <span class='ocr_line' id='line_1_16' title="bbox 316 1423 1809 1501; baseline -0.007 -12"><span class='ocrx_word' id='word_1_97' title='bbox 316 1435 380 1488; x_wconf 85' lang='grc' dir='ltr'>Τδ</span> <span class='ocrx_word' id='word_1_98' title='bbox 413 1433 466 1488; x_wconf 84' lang='grc' dir='ltr'><strong>δὲ</strong></span> <span class='ocrx_word' id='word_1_99' title='bbox 498 1431 778 1501; x_wconf 77' lang='grc' dir='ltr'>Ἀγίασμα</span> <span class='ocrx_word' id='word_1_100' title='bbox 813 1427 977 1499; x_wconf 83' lang='grc' dir='ltr'>μέσον</span> <span class='ocrx_word' id='word_1_101' title='bbox 1003 1425 1098 1479; x_wconf 82' lang='grc' dir='ltr'>τοῦ</span> <span class='ocrx_word' id='word_1_102' title='bbox 1141 1423 1451 1496; x_wconf 74' lang='grc' dir='ltr'>περιϐόλου,</span> <span class='ocrx_word' id='word_1_103' title='bbox 1483 1425 1658 1494; x_wconf 89' lang='grc' dir='ltr'>μῆκος</span> <span class='ocrx_word' id='word_1_104' title='bbox 1686 1425 1809 1495; x_wconf 81' lang='grc' dir='ltr'>ἔχον</span> 
     </span>
    </p>
   </div>
   <div class='ocr_carea' id='block_1_17' title="bbox 261 1519 1808 1600">
    <p class='ocr_par' dir='ltr' id='par_1_17' title="bbox 261 1519 1808 1600">
     <span class='ocr_line' id='line_1_17' title="bbox 261 1519 1808 1600; baseline -0.01 -15"><span class='ocrx_word' id='word_1_105' title='bbox 261 1533 336 1586; x_wconf 65' lang='grc' dir='ltr'><strong>ἐπὶ</strong></span> <span class='ocrx_word' id='word_1_106' title='bbox 360 1529 539 1600; x_wconf 79' lang='grc' dir='ltr'><strong>πήχεις</strong></span> <span class='ocrx_word' id='word_1_107' title='bbox 571 1525 638 1588; x_wconf 81' lang='grc' dir='ltr'>λ’,</span> <span class='ocrx_word' id='word_1_108' title='bbox 655 1525 896 1587; x_wconf 86' lang='grc' dir='ltr'>πλάτους</span> <span class='ocrx_word' id='word_1_109' title='bbox 924 1523 1119 1593; x_wconf 83' lang='grc' dir='ltr'>πήχεις</span> <span class='ocrx_word' id='word_1_110' title='bbox 1135 1519 1183 1589; x_wconf 63' lang='grc' dir='ltr'>γ’</span> <span class='ocrx_word' id='word_1_111' title='bbox 1209 1519 1501 1590; x_wconf 68' lang='grc' dir='ltr'>(2⁸5),πρδς</span> <span class='ocrx_word' id='word_1_112' title='bbox 1541 1519 1808 1582; x_wconf 74' lang='grc' dir='ltr'>ἀνατολὰς</span> 
     </span>
    </p>
   </div>
   <div class='ocr_carea' id='block_1_18' title="bbox 261 1609 1810 1694">
    <p class='ocr_par' dir='ltr' id='par_1_18' title="bbox 261 1609 1810 1694">
     <span class='ocr_line' id='line_1_18' title="bbox 261 1609 1810 1694; baseline -0.008 -20"><span class='ocrx_word' id='word_1_113' title='bbox 261 1623 448 1694; x_wconf 79' lang='grc' dir='ltr'>βλέπον.</span> <span class='ocrx_word' id='word_1_114' title='bbox 467 1619 536 1674; x_wconf 83' lang='grc' dir='ltr'>Τὸ</span> <span class='ocrx_word' id='word_1_115' title='bbox 565 1618 625 1672; x_wconf 77' lang='grc' dir='ltr'>δὲ</span> <span class='ocrx_word' id='word_1_116' title='bbox 653 1617 829 1690; x_wconf 76' lang='grc' dir='ltr'>μῆκος</span> <span class='ocrx_word' id='word_1_117' title='bbox 865 1613 975 1668; x_wconf 91' lang='grc' dir='ltr'><strong>τῶν</strong></span> <span class='ocrx_word' id='word_1_118' title='bbox 997 1613 1298 1684; x_wconf 86' lang='grc' dir='ltr'>τριάκοντα</span> <span class='ocrx_word' id='word_1_119' title='bbox 1324 1609 1517 1680; x_wconf 84' lang='grc' dir='ltr'>πηχῶν</span> <span class='ocrx_word' id='word_1_120' title='bbox 1547 1612 1606 1663; x_wconf 80' lang='grc' dir='ltr'><strong>έν</strong></span> <span class='ocrx_word' id='word_1_121' title='bbox 1635 1609 1810 1663; x_wconf 82' lang='grc' dir='ltr'>κίοσιν</span> 
     </span>
    </p>
   </div>
   <div class='ocr_carea' id='block_1_19' title="bbox 262 1703 1809 1786">
    <p class='ocr_par' dir='ltr' id='par_1_19' title="bbox 262 1703 1809 1786">
     <span class='ocr_line' id='line_1_19' title="bbox 262 1703 1809 1786; baseline -0.01 -14"><span class='ocrx_word' id='word_1_122' title='bbox 262 1717 414 1786; x_wconf 83' lang='grc' dir='ltr'>ῖδρυτο</span> <span class='ocrx_word' id='word_1_123' title='bbox 433 1711 498 1778; x_wconf 88' lang='grc' dir='ltr'>κ’,</span> <span class='ocrx_word' id='word_1_124' title='bbox 527 1709 921 1782; x_wconf 79' lang='grc' dir='ltr'>τετραγώνοις,</span> <span class='ocrx_word' id='word_1_125' title='bbox 962 1705 1216 1772; x_wconf 81' lang='grc' dir='ltr'>ξυλίνοις,</span> <span class='ocrx_word' id='word_1_126' title='bbox 1246 1703 1636 1774; x_wconf 88' lang='grc' dir='ltr'>καταχρύσοις,</span> <span class='ocrx_word' id='word_1_127' title='bbox 1674 1703 1809 1756; x_wconf 81' lang='grc' dir='ltr'>ἐκά-</span> 
     </span>
    </p>
   </div>
   <div class='ocr_carea' id='block_1_20' title="bbox 1907 659 3494 717">
    <p class='ocr_par' dir='ltr' id='par_1_20' title="bbox 1907 659 3494 717">
     <span class='ocr_line' id='line_1_20' title="bbox 1907 659 3494 717; baseline -0.001 -1"><span class='ocrx_word' id='word_1_128' title='bbox 1907 661 2160 717; x_wconf 82' lang='lat' dir='ltr'><strong>laterum.</strong></span> <span class='ocrx_word' id='word_1_129' title='bbox 2215 659 2453 716; x_wconf 88' lang='lat' dir='ltr'><strong>Medium</strong></span> <span class='ocrx_word' id='word_1_130' title='bbox 2487 660 2744 716; x_wconf 82' lang='lat' dir='ltr'><strong>introitus</strong></span> <span class='ocrx_word' id='word_1_131' title='bbox 2781 659 3016 714; x_wconf 77' lang='lat' dir='ltr'><strong>relatum</strong></span> <span class='ocrx_word' id='word_1_132' title='bbox 3079 668 3197 714; x_wconf 88' lang='lat' dir='ltr'><strong>erat</strong></span> <span class='ocrx_word' id='word_1_133' title='bbox 3245 660 3367 715; x_wconf 84' lang='lat' dir='ltr'><strong>velo</strong></span> <span class='ocrx_word' id='word_1_134' title='bbox 3425 676 3494 715; x_wconf 82' lang='lat' dir='ltr'><strong>xx</strong></span> 
     </span>
    </p>
   </div>
   <div class='ocr_carea' id='block_1_21' title="bbox 1905 751 3497 824">
    <p class='ocr_par' dir='ltr' id='par_1_21' title="bbox 1905 751 3497 824">
     <span class='ocr_line' id='line_1_21' title="bbox 1905 751 3497 824; baseline -0.003 -14"><span class='ocrx_word' id='word_1_135' title='bbox 1905 755 2244 820; x_wconf 84' lang='lat' dir='ltr'><strong>cubitorum,</strong></span> <span class='ocrx_word' id='word_1_136' title='bbox 2264 762 2526 810; x_wconf 80' lang='lat' dir='ltr'><strong>contexto</strong></span> <span class='ocrx_word' id='word_1_137' title='bbox 2551 764 2784 824; x_wconf 86' lang='lat' dir='ltr'><strong>quatuor</strong></span> <span class='ocrx_word' id='word_1_138' title='bbox 2816 753 3058 808; x_wconf 90' lang='lat' dir='ltr'><strong>colorum</strong></span> <span class='ocrx_word' id='word_1_139' title='bbox 3087 751 3396 824; x_wconf 76' lang='lat' dir='ltr'><strong>generibus.</strong></span> <span class='ocrx_word' id='word_1_140' title='bbox 3417 751 3497 806; x_wconf 87' lang='lat' dir='ltr'><strong>ln-</strong></span> 
     </span>
    </p>
   </div>
   <div class='ocr_carea' id='block_1_22' title="bbox 1909 841 3499 901">
    <p class='ocr_par' dir='ltr' id='par_1_22' title="bbox 1909 841 3499 901">
     <span class='ocr_line' id='line_1_22' title="bbox 1909 841 3499 901; baseline -0.003 -1"><span class='ocrx_word' id='word_1_141' title='bbox 1909 853 1990 901; x_wconf 87' lang='lat' dir='ltr'><strong>tra</strong></span> <span class='ocrx_word' id='word_1_142' title='bbox 2017 845 2298 900; x_wconf 87' lang='lat' dir='ltr'><strong>introitum</strong></span> <span class='ocrx_word' id='word_1_143' title='bbox 2358 852 2477 898; x_wconf 87' lang='lat' dir='ltr'><strong>erat</strong></span> <span class='ocrx_word' id='word_1_144' title='bbox 2531 843 2744 899; x_wconf 83' lang='lat' dir='ltr'><strong>labrum</strong></span> <span class='ocrx_word' id='word_1_145' title='bbox 2791 858 2994 897; x_wconf 58' lang='lat' dir='ltr'><strong>aereum</strong></span> <span class='ocrx_word' id='word_1_146' title='bbox 3050 841 3256 898; x_wconf 82' lang='lat' dir='ltr'><strong>habens</strong></span> <span class='ocrx_word' id='word_1_147' title='bbox 3299 855 3499 896; x_wconf 63' lang='lat' dir='ltr'><strong>aeream</strong></span> 
     </span>
    </p>
   </div>
   <div class='ocr_carea' id='block_1_23' title="bbox 1909 934 3500 1007">
    <p class='ocr_par' dir='ltr' id='par_1_23' title="bbox 1909 934 3500 1007">
     <span class='ocr_line' id='line_1_23' title="bbox 1909 934 3500 1007; baseline -0.002 -16"><span class='ocrx_word' id='word_1_148' title='bbox 1909 937 2107 997; x_wconf 84' lang='lat' dir='ltr'><strong>basim.</strong></span> <span class='ocrx_word' id='word_1_149' title='bbox 2125 952 2189 992; x_wconf 82' lang='lat' dir='ltr'><strong>ex</strong></span> <span class='ocrx_word' id='word_1_150' title='bbox 2220 952 2331 1007; x_wconf 89' lang='lat' dir='ltr'><strong>quo</strong></span> <span class='ocrx_word' id='word_1_151' title='bbox 2353 936 2664 992; x_wconf 80' lang='lat' dir='ltr'><strong>sacerdotes</strong></span> <span class='ocrx_word' id='word_1_152' title='bbox 2690 951 2886 991; x_wconf 90' lang='lat' dir='ltr'><strong>manus</strong></span> <span class='ocrx_word' id='word_1_153' title='bbox 2915 934 3192 1001; x_wconf 72' lang='lat' dir='ltr'><strong>lavabant,</strong></span> <span class='ocrx_word' id='word_1_154' title='bbox 3227 934 3500 1006; x_wconf 85' lang='lat' dir='ltr'><strong>pedesque</strong></span> 
     </span>
    </p>
   </div>
   <div class='ocr_carea' id='block_1_24' title="bbox 1909 1023 3498 1099">
    <p class='ocr_par' dir='ltr' id='par_1_24' title="bbox 1909 1023 3498 1099">
     <span class='ocr_line' id='line_1_24' title="bbox 1909 1023 3498 1099; baseline -0.002 -17"><span class='ocrx_word' id='word_1_155' title='bbox 1909 1029 2131 1082; x_wconf 86' lang='lat' dir='ltr'><strong>abluero</strong></span> <span class='ocrx_word' id='word_1_156' title='bbox 2161 1036 2414 1099; x_wconf 84' lang='lat' dir='ltr'><strong>poterant</strong></span> <span class='ocrx_word' id='word_1_157' title='bbox 2444 1043 2608 1097; x_wconf 86' lang='lat' dir='ltr'><strong>aqua,</strong></span> <span class='ocrx_word' id='word_1_158' title='bbox 2649 1042 2772 1096; x_wconf 70' lang='lat' dir='ltr'><strong>quae</strong></span> <span class='ocrx_word' id='word_1_159' title='bbox 2828 1027 2880 1081; x_wconf 89' lang='lat' dir='ltr'><strong>in</strong></span> <span class='ocrx_word' id='word_1_160' title='bbox 2920 1042 2984 1081; x_wconf 90' lang='lat' dir='ltr'><strong>eo</strong></span> <span class='ocrx_word' id='word_1_161' title='bbox 3010 1035 3146 1082; x_wconf 88' lang='lat' dir='ltr'><strong>erat.</strong></span> <span class='ocrx_word' id='word_1_162' title='bbox 3197 1025 3374 1096; x_wconf 81' lang='lat' dir='ltr'><strong>Atque</strong></span> <span class='ocrx_word' id='word_1_163' title='bbox 3409 1023 3498 1081; x_wconf 85' lang='lat' dir='ltr'><strong>hic</strong></span> 
     </span>
    </p>
   </div>
   <div class='ocr_carea' id='block_1_25' title="bbox 1909 1119 3036 1192">
    <p class='ocr_par' dir='ltr' id='par_1_25' title="bbox 1909 1119 3036 1192">
     <span class='ocr_line' id='line_1_25' title="bbox 1909 1119 3036 1192; baseline -0.002 -16"><span class='ocrx_word' id='word_1_164' title='bbox 1909 1124 2128 1192; x_wconf 85' lang='lat' dir='ltr'><strong>quidem</strong></span> <span class='ocrx_word' id='word_1_165' title='bbox 2160 1121 2401 1176; x_wconf 86' lang='lat' dir='ltr'><strong>ambitus</strong></span> <span class='ocrx_word' id='word_1_166' title='bbox 2429 1129 2548 1174; x_wconf 87' lang='lat' dir='ltr'><strong>erat</strong></span> <span class='ocrx_word' id='word_1_167' title='bbox 2577 1121 2714 1189; x_wconf 75' lang='lat' dir='ltr'><strong>septi</strong></span> <span class='ocrx_word' id='word_1_168' title='bbox 2747 1119 3036 1174; x_wconf 89' lang='lat' dir='ltr'><strong>subdialis.</strong></span> 
     </span>
    </p>
   </div>
   <div class='ocr_carea' id='block_1_26' title="bbox 1909 1231 3500 1302">
    <p class='ocr_par' dir='ltr' id='par_1_26' title="bbox 1909 1231 3500 1302">
     <span class='ocr_line' id='line_1_26' title="bbox 1909 1231 3500 1302; baseline -0.001 -12"><span class='ocrx_word' id='word_1_169' title='bbox 1909 1235 2062 1290; x_wconf 78' lang='lat' dir='ltr'><strong>CAP.</strong></span> <span class='ocrx_word' id='word_1_170' title='bbox 2095 1231 2231 1290; x_wconf 81' lang='lat' dir='ltr'><strong>CXI.</strong></span> <span class='ocrx_word' id='word_1_171' title='bbox 2259 1261 2322 1274; x_wconf 88' lang='lat'><strong>—-</strong></span> <span class='ocrx_word' id='word_1_172' title='bbox 2349 1232 2664 1302; x_wconf 77' lang='lat' dir='ltr'><strong>Cujusmodt&#39;</strong></span> <span class='ocrx_word' id='word_1_173' title='bbox 2689 1241 2805 1286; x_wconf 89' lang='lat' dir='ltr'><strong>erat</strong></span> <span class='ocrx_word' id='word_1_174' title='bbox 2849 1234 3218 1288; x_wconf 83' lang='lat' dir='ltr'><strong>sanctuart&#39;um</strong></span> <span class='ocrx_word' id='word_1_175' title='bbox 3244 1233 3500 1299; x_wconf 76' lang='lat' dir='ltr'><strong>ambitus,</strong></span> 
     </span>
    </p>
   </div>
   <div class='ocr_carea' id='block_1_27' title="bbox 2333 1302 3046 1374">
    <p class='ocr_par' dir='ltr' id='par_1_27' title="bbox 2333 1302 3046 1374">
     <span class='ocr_line' id='line_1_27' title="bbox 2333 1302 3046 1374; baseline 0.001 -17"><span class='ocrx_word' id='word_1_176' title='bbox 2333 1304 2470 1374; x_wconf 80' lang='lat' dir='ltr'><strong>quod</strong></span> <span class='ocrx_word' id='word_1_177' title='bbox 2501 1302 2710 1374; x_wconf 79' lang='lat' dir='ltr'><strong>Moyses</strong></span> <span class='ocrx_word' id='word_1_178' title='bbox 2741 1303 2943 1372; x_wconf 84' lang='lat' dir='ltr'><strong>fecerat</strong></span> <span class='ocrx_word' id='word_1_179' title='bbox 2975 1303 3046 1358; x_wconf 77' lang='lat'><strong>“.</strong></span> 
     </span>
    </p>
   </div>
   <div class='ocr_carea' id='block_1_28' title="bbox 1984 1416 3502 1488">
    <p class='ocr_par' dir='ltr' id='par_1_28' title="bbox 1984 1416 3502 1488">
     <span class='ocr_line' id='line_1_28' title="bbox 1984 1416 3502 1488; baseline 0.001 -17"><span class='ocrx_word' id='word_1_180' title='bbox 1984 1416 2370 1472; x_wconf 88' lang='lat' dir='ltr'><strong>Sanctuarium</strong></span> <span class='ocrx_word' id='word_1_181' title='bbox 2409 1418 2460 1472; x_wconf 90' lang='lat' dir='ltr'><strong>in</strong></span> <span class='ocrx_word' id='word_1_182' title='bbox 2505 1417 2684 1472; x_wconf 91' lang='lat' dir='ltr'><strong>medio</strong></span> <span class='ocrx_word' id='word_1_183' title='bbox 2723 1426 2842 1471; x_wconf 88' lang='lat' dir='ltr'><strong>erat</strong></span> <span class='ocrx_word' id='word_1_184' title='bbox 2877 1425 3053 1485; x_wconf 91' lang='lat' dir='ltr'><strong>septo,</strong></span> <span class='ocrx_word' id='word_1_185' title='bbox 3105 1417 3502 1488; x_wconf 80' lang='lat' dir='ltr'><strong>longitudinem</strong></span> 
     </span>
    </p>
   </div>
   <div class='ocr_carea' id='block_1_29' title="bbox 1915 1509 3504 1576">
    <p class='ocr_par' dir='ltr' id='par_1_29' title="bbox 1915 1509 3504 1576">
     <span class='ocr_line' id='line_1_29' title="bbox 1915 1509 3504 1576; baseline -0.001 -11"><span class='ocrx_word' id='word_1_186' title='bbox 1915 1509 2123 1566; x_wconf 85' lang='lat' dir='ltr'><strong>habens</strong></span> <span class='ocrx_word' id='word_1_187' title='bbox 2150 1509 2218 1564; x_wconf 91' lang='lat' dir='ltr'><strong>ad</strong></span> <span class='ocrx_word' id='word_1_188' title='bbox 2253 1510 2470 1566; x_wconf 89' lang='lat' dir='ltr'><strong>cubitos</strong></span> <span class='ocrx_word' id='word_1_189' title='bbox 2525 1526 2654 1573; x_wconf 77' lang='lat' dir='ltr'><strong>xxx,</strong></span> <span class='ocrx_word' id='word_1_190' title='bbox 2701 1510 3043 1565; x_wconf 86' lang='lat' dir='ltr'><strong>latitudinem</strong></span> <span class='ocrx_word' id='word_1_191' title='bbox 3095 1511 3406 1568; x_wconf 82' lang='lat' dir='ltr'><strong>cubitorum</strong></span> <span class='ocrx_word' id='word_1_192' title='bbox 3447 1525 3504 1576; x_wconf 83' lang='lat' dir='ltr'><strong>x,</strong></span> 
     </span>
    </p>
   </div>
   <div class='ocr_carea' id='block_1_30' title="bbox 1915 1600 3508 1672">
    <p class='ocr_par' dir='ltr' id='par_1_30' title="bbox 1915 1600 3508 1672">
     <span class='ocr_line' id='line_1_30' title="bbox 1915 1600 3508 1672; baseline 0 -16"><span class='ocrx_word' id='word_1_193' title='bbox 1915 1601 2351 1672; x_wconf 88' lang='lat' dir='ltr'><strong>respiciebatque</strong></span> <span class='ocrx_word' id='word_1_194' title='bbox 2403 1603 2469 1656; x_wconf 87' lang='lat' dir='ltr'><strong>ad</strong></span> <span class='ocrx_word' id='word_1_195' title='bbox 2501 1602 2790 1656; x_wconf 89' lang='lat' dir='ltr'><strong>orientem.</strong></span> <span class='ocrx_word' id='word_1_196' title='bbox 2843 1600 3152 1671; x_wconf 85' lang='lat' dir='ltr'><strong>Longitudo</strong></span> <span class='ocrx_word' id='word_1_197' title='bbox 3203 1616 3364 1670; x_wconf 86' lang='lat' dir='ltr'><strong>porro</strong></span> <span class='ocrx_word' id='word_1_198' title='bbox 3417 1600 3508 1656; x_wconf 86' lang='lat' dir='ltr'><strong>illa</strong></span> 
     </span>
    </p>
   </div>
   <div class='ocr_carea' id='block_1_31' title="bbox 1915 1693 3506 1765">
    <p class='ocr_par' dir='ltr' id='par_1_31' title="bbox 1915 1693 3506 1765">
     <span class='ocr_line' id='line_1_31' title="bbox 1915 1693 3506 1765; baseline -0.001 -17"><span class='ocrx_word' id='word_1_199' title='bbox 1915 1695 2135 1765; x_wconf 72' lang='lat' dir='ltr'><strong>triginta</strong></span> <span class='ocrx_word' id='word_1_200' title='bbox 2169 1695 2478 1749; x_wconf 88' lang='lat' dir='ltr'><strong>cubitorum</strong></span> <span class='ocrx_word' id='word_1_201' title='bbox 2514 1693 2895 1750; x_wconf 89' lang='lat' dir='ltr'><strong>sustinebatur</strong></span> <span class='ocrx_word' id='word_1_202' title='bbox 2945 1693 3219 1750; x_wconf 88' lang='lat' dir='ltr'><strong>columnis</strong></span> <span class='ocrx_word' id='word_1_203' title='bbox 3246 1709 3336 1758; x_wconf 74' lang='lat' dir='ltr'><strong>sx,</strong></span> <span class='ocrx_word' id='word_1_204' title='bbox 3367 1707 3506 1763; x_wconf 82' lang='lat' dir='ltr'><strong>qua-</strong></span> 
     </span>
    </p>
   </div>
   <div class='ocr_carea' id='block_1_32' title="bbox 261 1783 1829 1876">
    <p class='ocr_par' dir='ltr' id='par_1_32' title="bbox 261 1783 1812 1876">
     <span class='ocr_line' id='line_1_32' title="bbox 261 1783 1812 1876; baseline -0.01 -14"><span class='ocrx_word' id='word_1_205' title='bbox 261 1783 372 1876; x_wconf 74' lang='grc' dir='ltr'>στης</span> <span class='ocrx_word' id='word_1_206' title='bbox 415 1804 654 1874; x_wconf 78' lang='grc' dir='ltr'>πλευρᾶς</span> <span class='ocrx_word' id='word_1_207' title='bbox 695 1801 817 1864; x_wconf 60' lang='lat' dir='ltr'><strong>sva;</strong></span> <span class='ocrx_word' id='word_1_208' title='bbox 865 1799 1111 1869; x_wconf 84' lang='grc' dir='ltr'>ἡμίσεως</span> <span class='ocrx_word' id='word_1_209' title='bbox 1164 1797 1368 1867; x_wconf 85' lang='grc' dir='ltr'>πήχεος</span> <span class='ocrx_word' id='word_1_210' title='bbox 1389 1794 1656 1865; x_wconf 74' lang='grc' dir='ltr'>Ξὰλλήλων</span> <span class='ocrx_word' id='word_1_211' title='bbox 1707 1796 1812 1863; x_wconf 80' lang='grc' dir='ltr'>άφο</span> 
     </span>
    </p>
   </div>
   <div class='ocr_carea' id='block_1_33' title="bbox 1939 1783 3510 1876">
    <p class='ocr_par' dir='ltr' id='par_1_33' title="bbox 1939 1783 3510 1858">
     <span class='ocr_line' id='line_1_33' title="bbox 1939 1783 3510 1858; baseline -0.002 -18"><span class='ocrx_word' id='word_1_212' title='bbox 1939 1786 2108 1852; x_wconf 88' lang='lat' dir='ltr'><strong>lratis,</strong></span> <span class='ocrx_word' id='word_1_213' title='bbox 2139 1787 2354 1858; x_wconf 78' lang='lat' dir='ltr'><strong>ligneis,</strong></span> <span class='ocrx_word' id='word_1_214' title='bbox 2387 1787 2681 1853; x_wconf 77' lang='lat' dir='ltr'><strong>tleanratis,</strong></span> <span class='ocrx_word' id='word_1_215' title='bbox 2711 1801 2776 1842; x_wconf 80' lang='lat' dir='ltr'><strong>ex</strong></span> <span class='ocrx_word' id='word_1_216' title='bbox 2801 1786 3046 1855; x_wconf 87' lang='lat' dir='ltr'><strong>quolibet</strong></span> <span class='ocrx_word' id='word_1_217' title='bbox 3075 1785 3244 1840; x_wconf 88' lang='lat' dir='ltr'><strong>latere</strong></span> <span class='ocrx_word' id='word_1_218' title='bbox 3277 1783 3510 1838; x_wconf 87' lang='lat' dir='ltr'><strong>dimidio</strong></span> 
     </span>
    </p>
   </div>
   <div class='ocr_carea' id='block_1_34' title="bbox 258 1887 1812 1970">
    <p class='ocr_par' dir='ltr' id='par_1_34' title="bbox 258 1887 1812 1970">
     <span class='ocr_line' id='line_1_34' title="bbox 258 1887 1812 1970; baseline -0.008 -18"><span class='ocrx_word' id='word_1_219' title='bbox 258 1898 534 1970; x_wconf 82' lang='grc' dir='ltr'>εστηκόσιν.</span> <span class='ocrx_word' id='word_1_220' title='bbox 565 1897 630 1949; x_wconf 77' lang='grc'><strong>’0</strong></span> <span class='ocrx_word' id='word_1_221' title='bbox 671 1895 728 1949; x_wconf 84' lang='grc' dir='ltr'>δὲ</span> <span class='ocrx_word' id='word_1_222' title='bbox 762 1891 904 1946; x_wconf 84' lang='grc' dir='ltr'>κατὰ</span> <span class='ocrx_word' id='word_1_223' title='bbox 953 1889 1104 1944; x_wconf 85' lang='grc' dir='ltr'>δύσιν</span> <span class='ocrx_word' id='word_1_224' title='bbox 1135 1891 1314 1959; x_wconf 83' lang='grc' dir='ltr'>τοῖχος</span> <span class='ocrx_word' id='word_1_225' title='bbox 1347 1887 1537 1958; x_wconf 83' lang='grc' dir='ltr'>πηχῶν</span> <span class='ocrx_word' id='word_1_226' title='bbox 1559 1887 1728 1958; x_wconf 85' lang='grc' dir='ltr'>τριῶν</span> <span class='ocrx_word' id='word_1_227' title='bbox 1755 1887 1812 1939; x_wconf 79' lang='grc' dir='ltr'>ἐν</span> 
     </span>
    </p>
   </div>
   <div class='ocr_carea' id='block_1_35' title="bbox 257 1979 1814 2058">
    <p class='ocr_par' dir='ltr' id='par_1_35' title="bbox 257 1979 1814 2058">
     <span class='ocr_line' id='line_1_35' title="bbox 257 1979 1814 2058; baseline -0.01 -13"><span class='ocrx_word' id='word_1_228' title='bbox 257 1991 308 2058; x_wconf 75' lang='grc' dir='ltr'><strong>ἐξ</strong></span> <span class='ocrx_word' id='word_1_229' title='bbox 337 1990 464 2045; x_wconf 82' lang='grc' dir='ltr'>κίοσι</span> <span class='ocrx_word' id='word_1_230' title='bbox 493 1989 817 2056; x_wconf 80' lang='grc' dir='ltr'>συνέστηκε.</span> <span class='ocrx_word' id='word_1_231' title='bbox 855 1983 1105 2053; x_wconf 82' lang='grc' dir='ltr'>Συνῆσαν</span> <span class='ocrx_word' id='word_1_232' title='bbox 1153 1983 1209 2034; x_wconf 85' lang='grc' dir='ltr'>δὲ</span> <span class='ocrx_word' id='word_1_233' title='bbox 1243 1980 1494 2052; x_wconf 84' lang='grc' dir='ltr'>ἀλλήλοις</span> <span class='ocrx_word' id='word_1_234' title='bbox 1524 1979 1814 2051; x_wconf 79' lang='grc' dir='ltr'>ὴρμοσμέ-</span> 
     </span>
    </p>
   </div>
   <div class='ocr_carea' id='block_1_36' title="bbox 258 2073 1814 2148">
    <p class='ocr_par' dir='ltr' id='par_1_36' title="bbox 258 2073 1814 2148">
     <span class='ocr_line' id='line_1_36' title="bbox 258 2073 1814 2148; baseline -0.01 -10"><span class='ocrx_word' id='word_1_235' title='bbox 258 2101 343 2148; x_wconf 85' lang='grc' dir='ltr'>νοι,</span> <span class='ocrx_word' id='word_1_236' title='bbox 371 2081 502 2136; x_wconf 82' lang='grc' dir='ltr'>ὥστε</span> <span class='ocrx_word' id='word_1_237' title='bbox 531 2080 712 2135; x_wconf 85' lang='grc' dir='ltr'>δοκεῖν</span> <span class='ocrx_word' id='word_1_238' title='bbox 747 2079 844 2131; x_wconf 75' lang='grc' dir='ltr'>ἕνα</span> <span class='ocrx_word' id='word_1_239' title='bbox 869 2079 1046 2146; x_wconf 81' lang='grc' dir='ltr'>τοῖχον</span> <span class='ocrx_word' id='word_1_240' title='bbox 1063 2076 1160 2146; x_wconf 79' lang='grc' dir='ltr'><strong>τὴν</strong></span> <span class='ocrx_word' id='word_1_241' title='bbox 1183 2073 1495 2128; x_wconf 88' lang='grc' dir='ltr'>συντέλεσιν</span> <span class='ocrx_word' id='word_1_242' title='bbox 1522 2073 1814 2143; x_wconf 76' lang='grc' dir='ltr'>ὁλόχρυσον</span> 
     </span>
    </p>
   </div>
   <div class='ocr_carea' id='block_1_37' title="bbox 257 2165 1812 2246">
    <p class='ocr_par' dir='ltr' id='par_1_37' title="bbox 257 2165 1812 2246">
     <span class='ocr_line' id='line_1_37' title="bbox 257 2165 1812 2246; baseline -0.009 -16"><span class='ocrx_word' id='word_1_243' title='bbox 257 2175 390 2240; x_wconf 73' lang='grc' dir='ltr'>εἶναι,</span> <span class='ocrx_word' id='word_1_244' title='bbox 421 2174 744 2246; x_wconf 80' lang='grc' dir='ltr'><strong>μεμυκότων</strong></span> <span class='ocrx_word' id='word_1_245' title='bbox 775 2173 884 2225; x_wconf 89' lang='grc' dir='ltr'><strong>τῶν</strong></span> <span class='ocrx_word' id='word_1_246' title='bbox 924 2167 1117 2240; x_wconf 82' lang='grc' dir='ltr'>ἁρμῶν</span> <span class='ocrx_word' id='word_1_247' title='bbox 1171 2167 1376 2220; x_wconf 77' lang='grc' dir='ltr'>ἔσωθεν</span> <span class='ocrx_word' id='word_1_248' title='bbox 1428 2167 1526 2219; x_wconf 74' lang='grc' dir='ltr'><strong>καὶ</strong></span> <span class='ocrx_word' id='word_1_249' title='bbox 1589 2165 1812 2230; x_wconf 75' lang='grc' dir='ltr'>ἔξωθεν.</span> 
     </span>
    </p>
   </div>
   <div class='ocr_carea' id='block_1_38' title="bbox 259 2257 1818 2339">
    <p class='ocr_par' dir='ltr' id='par_1_38' title="bbox 259 2257 1818 2339">
     <span class='ocr_line' id='line_1_38' title="bbox 259 2257 1818 2339; baseline -0.008 -17"><span class='ocrx_word' id='word_1_250' title='bbox 259 2265 366 2339; x_wconf 79' lang='grc' dir='ltr'>Εἶχε</span> <span class='ocrx_word' id='word_1_251' title='bbox 387 2267 490 2338; x_wconf 78' lang='grc' dir='ltr'><strong>γάρ</strong></span> <span class='ocrx_word' id='word_1_252' title='bbox 519 2266 757 2329; x_wconf 71' lang='grc' dir='ltr'>ἕκαστος</span> <span class='ocrx_word' id='word_1_253' title='bbox 806 2263 941 2316; x_wconf 86' lang='grc' dir='ltr'>κίων</span> <span class='ocrx_word' id='word_1_254' title='bbox 963 2259 1112 2333; x_wconf 76' lang='grc' dir='ltr'>τρεῖς</span> <span class='ocrx_word' id='word_1_255' title='bbox 1159 2257 1461 2329; x_wconf 73' lang='grc' dir='ltr'>σπιθαμὰς,</span> <span class='ocrx_word' id='word_1_256' title='bbox 1508 2257 1652 2311; x_wconf 84' lang='grc' dir='ltr'>ὥστε</span> <span class='ocrx_word' id='word_1_257' title='bbox 1681 2275 1818 2328; x_wconf 89' lang='grc' dir='ltr'>συμ-</span> 
     </span>
    </p>
   </div>
   <div class='ocr_carea' id='block_1_39' title="bbox 257 2349 1820 2431">
    <p class='ocr_par' dir='ltr' id='par_1_39' title="bbox 257 2349 1820 2431">
     <span class='ocr_line' id='line_1_39' title="bbox 257 2349 1820 2431; baseline -0.007 -17"><span class='ocrx_word' id='word_1_258' title='bbox 257 2357 570 2431; x_wconf 78' lang='grc' dir='ltr'>πληροῦσθαι</span> <span class='ocrx_word' id='word_1_259' title='bbox 601 2357 664 2409; x_wconf 84' lang='grc' dir='ltr'><strong>τὸ</strong></span> <span class='ocrx_word' id='word_1_260' title='bbox 699 2355 875 2426; x_wconf 84' lang='grc' dir='ltr'>μῆκος</span> <span class='ocrx_word' id='word_1_261' title='bbox 901 2353 1010 2406; x_wconf 88' lang='grc' dir='ltr'><strong>τῶν</strong></span> <span class='ocrx_word' id='word_1_262' title='bbox 1031 2352 1329 2423; x_wconf 82' lang='grc' dir='ltr'>τριάκοντα</span> <span class='ocrx_word' id='word_1_263' title='bbox 1356 2351 1549 2420; x_wconf 86' lang='grc' dir='ltr'>πηχῶν</span> <span class='ocrx_word' id='word_1_264' title='bbox 1582 2349 1687 2403; x_wconf 82' lang='grc' dir='ltr'>ὑπὸ</span> <span class='ocrx_word' id='word_1_265' title='bbox 1710 2349 1820 2403; x_wconf 87' lang='grc' dir='ltr'><strong>τῶν</strong></span> 
     </span>
    </p>
   </div>
   <div class='ocr_carea' id='block_1_40' title="bbox 257 2443 1819 2514">
    <p class='ocr_par' dir='ltr' id='par_1_40' title="bbox 257 2443 1819 2514">
     <span class='ocr_line' id='line_1_40' title="bbox 257 2443 1819 2514; baseline -0.006 -8"><span class='ocrx_word' id='word_1_266' title='bbox 257 2453 406 2506; x_wconf 73' lang='grc' dir='ltr'>εἰκοσι</span> <span class='ocrx_word' id='word_1_267' title='bbox 434 2449 652 2514; x_wconf 83' lang='grc' dir='ltr'>κιόνων,</span> <span class='ocrx_word' id='word_1_268' title='bbox 687 2447 784 2500; x_wconf 75' lang='grc' dir='ltr'><strong>καὶ</strong></span> <span class='ocrx_word' id='word_1_269' title='bbox 817 2445 927 2499; x_wconf 88' lang='grc' dir='ltr'><strong>τῶν</strong></span> <span class='ocrx_word' id='word_1_270' title='bbox 955 2445 1088 2498; x_wconf 87' lang='grc' dir='ltr'>δέκα</span> <span class='ocrx_word' id='word_1_271' title='bbox 1142 2444 1247 2497; x_wconf 82' lang='grc' dir='ltr'><strong>ὑπὸ</strong></span> <span class='ocrx_word' id='word_1_272' title='bbox 1275 2445 1386 2496; x_wconf 86' lang='grc' dir='ltr'><strong>τῶν</strong></span> <span class='ocrx_word' id='word_1_273' title='bbox 1411 2443 1490 2507; x_wconf 82' lang='grc' dir='ltr'>ἒξ.</span> <span class='ocrx_word' id='word_1_274' title='bbox 1533 2443 1819 2512; x_wconf 85' lang='grc' dir='ltr'>Ἐγγὼνιοι</span> 
     </span>
    </p>
   </div>
   <div class='ocr_carea' id='block_1_41' title="bbox 257 2533 1821 2609">
    <p class='ocr_par' dir='ltr' id='par_1_41' title="bbox 257 2533 1821 2609">
     <span class='ocr_line' id='line_1_41' title="bbox 257 2533 1821 2609; baseline -0.005 -14"><span class='ocrx_word' id='word_1_275' title='bbox 257 2541 304 2594; x_wconf 75' lang='grc' dir='ltr'>δὲ</span> <span class='ocrx_word' id='word_1_276' title='bbox 326 2541 413 2595; x_wconf 88' lang='grc' dir='ltr'><strong>δύο</strong></span> <span class='ocrx_word' id='word_1_277' title='bbox 435 2540 613 2602; x_wconf 87' lang='grc' dir='ltr'>κίονες</span> <span class='ocrx_word' id='word_1_278' title='bbox 637 2533 776 2609; x_wconf 75' lang='grc' dir='ltr'>ἦσαν</span> <span class='ocrx_word' id='word_1_279' title='bbox 793 2536 989 2602; x_wconf 85' lang='grc' dir='ltr'>ὀπίσω,</span> <span class='ocrx_word' id='word_1_280' title='bbox 1017 2535 1125 2590; x_wconf 81' lang='grc' dir='ltr'><strong>ἀπὸ</strong></span> <span class='ocrx_word' id='word_1_281' title='bbox 1154 2536 1359 2606; x_wconf 85' lang='grc' dir='ltr'>πήχους</span> <span class='ocrx_word' id='word_1_282' title='bbox 1389 2535 1507 2597; x_wconf 76' lang='grc' dir='ltr'>ἑνὸς</span> <span class='ocrx_word' id='word_1_283' title='bbox 1533 2536 1821 2588; x_wconf 85' lang='grc' dir='ltr'>συνάπτον-</span> 
     </span>
    </p>
   </div>
   <div class='ocr_carea' id='block_1_42' title="bbox 257 2627 1821 2706">
    <p class='ocr_par' dir='ltr' id='par_1_42' title="bbox 257 2627 1821 2706">
     <span class='ocr_line' id='line_1_42' title="bbox 257 2627 1821 2706; baseline -0.006 -17"><span class='ocrx_word' id='word_1_284' title='bbox 257 2653 333 2699; x_wconf 77' lang='grc' dir='ltr'><strong>τες</strong></span> <span class='ocrx_word' id='word_1_285' title='bbox 351 2635 424 2706; x_wconf 81' lang='grc' dir='ltr'>τῷ</span> <span class='ocrx_word' id='word_1_286' title='bbox 455 2633 656 2688; x_wconf 84' lang='grc' dir='ltr'>πλάτει</span> <span class='ocrx_word' id='word_1_287' title='bbox 678 2631 740 2685; x_wconf 79' lang='grc' dir='ltr'>τὸ</span> <span class='ocrx_word' id='word_1_288' title='bbox 788 2631 983 2702; x_wconf 86' lang='grc' dir='ltr'>μῆκος.</span> <span class='ocrx_word' id='word_1_289' title='bbox 1013 2629 1114 2688; x_wconf 83' lang='grc' dir='ltr'><strong>Διὰ</strong></span> <span class='ocrx_word' id='word_1_290' title='bbox 1145 2629 1201 2681; x_wconf 79' lang='grc' dir='ltr'><strong>δὲ</strong></span> <span class='ocrx_word' id='word_1_291' title='bbox 1229 2629 1451 2682; x_wconf 89' lang='grc' dir='ltr'>πάντων</span> <span class='ocrx_word' id='word_1_292' title='bbox 1486 2627 1596 2682; x_wconf 85' lang='grc' dir='ltr'><strong>τῶν</strong></span> <span class='ocrx_word' id='word_1_293' title='bbox 1622 2628 1821 2681; x_wconf 88' lang='grc' dir='ltr'>κιόνων</span> 
     </span>
    </p>
   </div>
   <div class='ocr_carea' id='block_1_43' title="bbox 257 2721 1822 2796">
    <p class='ocr_par' dir='ltr' id='par_1_43' title="bbox 257 2721 1822 2796">
     <span class='ocr_line' id='line_1_43' title="bbox 257 2721 1822 2796; baseline -0.006 -13"><span class='ocrx_word' id='word_1_294' title='bbox 257 2729 484 2782; x_wconf 71' lang='grc' dir='ltr'>ἐπέκειτο</span> <span class='ocrx_word' id='word_1_295' title='bbox 509 2725 878 2796; x_wconf 85' lang='grc' dir='ltr'>διατρέχουσα</span> <span class='ocrx_word' id='word_1_296' title='bbox 905 2723 1005 2794; x_wconf 89' lang='grc' dir='ltr'><strong>μία</strong></span> <span class='ocrx_word' id='word_1_297' title='bbox 1026 2721 1460 2792; x_wconf 80' lang='grc' dir='ltr'>συμπλεκομένη</span> <span class='ocrx_word' id='word_1_298' title='bbox 1489 2722 1664 2784; x_wconf 75' lang='grc' dir='ltr'>σανὶς,</span> <span class='ocrx_word' id='word_1_299' title='bbox 1697 2737 1822 2790; x_wconf 87' lang='grc' dir='ltr'>γιγ-</span> 
     </span>
    </p>
   </div>
   <div class='ocr_carea' id='block_1_44' title="bbox 259 2811 1823 2890">
    <p class='ocr_par' dir='ltr' id='par_1_44' title="bbox 259 2811 1823 2890">
     <span class='ocr_line' id='line_1_44' title="bbox 259 2811 1823 2890; baseline -0.005 -18"><span class='ocrx_word' id='word_1_300' title='bbox 259 2820 463 2890; x_wconf 80' lang='grc' dir='ltr'>γλυμοῖς</span> <span class='ocrx_word' id='word_1_301' title='bbox 487 2817 604 2890; x_wconf 70' lang='grc'><strong>(24)</strong></span> <span class='ocrx_word' id='word_1_302' title='bbox 634 2815 821 2887; x_wconf 84' lang='grc' dir='ltr'>θήλεσι</span> <span class='ocrx_word' id='word_1_303' title='bbox 854 2813 950 2867; x_wconf 78' lang='grc' dir='ltr'><strong>καὶ</strong></span> <span class='ocrx_word' id='word_1_304' title='bbox 983 2813 1564 2884; x_wconf 75' lang='grc' dir='ltr'>ἄῤῥεσικατεχομένη,</span> <span class='ocrx_word' id='word_1_305' title='bbox 1600 2811 1736 2883; x_wconf 72' lang='grc' dir='ltr'>πρὸς</span> <span class='ocrx_word' id='word_1_306' title='bbox 1763 2813 1823 2864; x_wconf 63' lang='grc' dir='ltr'><strong>τι</strong></span> 
     </span>
    </p>
   </div>
   <div class='ocr_carea' id='block_1_45' title="bbox 259 2904 1824 2984">
    <p class='ocr_par' dir='ltr' id='par_1_45' title="bbox 259 2904 1824 2984">
     <span class='ocr_line' id='line_1_45' title="bbox 259 2904 1824 2984; baseline -0.006 -18"><span class='ocrx_word' id='word_1_307' title='bbox 259 2911 372 2984; x_wconf 80' lang='grc' dir='ltr'>μήθ’</span> <span class='ocrx_word' id='word_1_308' title='bbox 401 2911 493 2965; x_wconf 80' lang='grc' dir='ltr'>ὑπ’</span> <span class='ocrx_word' id='word_1_309' title='bbox 516 2909 742 2979; x_wconf 83' lang='grc' dir='ltr'>ἀνέμων</span> <span class='ocrx_word' id='word_1_310' title='bbox 783 2905 1175 2978; x_wconf 81' lang='grc' dir='ltr'>κραδαίνεσθαι</span> <span class='ocrx_word' id='word_1_311' title='bbox 1214 2904 1312 2976; x_wconf 81' lang='grc' dir='ltr'>τὴν</span> <span class='ocrx_word' id='word_1_312' title='bbox 1351 2907 1580 2974; x_wconf 84' lang='grc' dir='ltr'>σκηνὴν,</span> <span class='ocrx_word' id='word_1_313' title='bbox 1606 2905 1724 2958; x_wconf 80' lang='grc' dir='ltr'>ἀλλ’</span> <span class='ocrx_word' id='word_1_314' title='bbox 1766 2906 1824 2957; x_wconf 82' lang='grc' dir='ltr'><strong>ἐν</strong></span> 
     </span>
    </p>
   </div>
   <div class='ocr_carea' id='block_1_46' title="bbox 257 2996 1824 3075">
    <p class='ocr_par' dir='ltr' id='par_1_46' title="bbox 257 2996 1824 3075">
     <span class='ocr_line' id='line_1_46' title="bbox 257 2996 1824 3075; baseline -0.003 -21"><span class='ocrx_word' id='word_1_315' title='bbox 257 3003 442 3075; x_wconf 72' lang='grc' dir='ltr'>ἠρεμίᾳ</span> <span class='ocrx_word' id='word_1_316' title='bbox 465 3003 642 3072; x_wconf 77' lang='grc' dir='ltr'>πολλῇ</span> <span class='ocrx_word' id='word_1_317' title='bbox 667 2999 1150 3068; x_wconf 79' lang='grc' dir='ltr'>διαφυλάττεσθαι.</span> <span class='ocrx_word' id='word_1_318' title='bbox 1186 2997 1260 3050; x_wconf 83' lang='grc' dir='ltr'><strong>Τὸ</strong></span> <span class='ocrx_word' id='word_1_319' title='bbox 1293 2997 1349 3050; x_wconf 80' lang='grc' dir='ltr'>δὲ</span> <span class='ocrx_word' id='word_1_320' title='bbox 1379 2996 1527 3050; x_wconf 84' lang='grc' dir='ltr'>ἔνδον</span> <span class='ocrx_word' id='word_1_321' title='bbox 1559 2998 1657 3066; x_wconf 89' lang='grc' dir='ltr'><strong>τῆς</strong></span> <span class='ocrx_word' id='word_1_322' title='bbox 1691 3014 1824 3066; x_wconf 87' lang='grc' dir='ltr'>σκη-</span> 
     </span>
    </p>
   </div>
   <div class='ocr_carea' id='block_1_47' title="bbox 257 3084 1826 3166">
    <p class='ocr_par' dir='ltr' id='par_1_47' title="bbox 257 3084 1826 3166">
     <span class='ocr_line' id='line_1_47' title="bbox 257 3084 1826 3166; baseline -0.006 -17"><span class='ocrx_word' id='word_1_323' title='bbox 257 3098 340 3166; x_wconf 88' lang='grc' dir='ltr'>νῆς</span> <span class='ocrx_word' id='word_1_324' title='bbox 367 3098 443 3159; x_wconf 83' lang='grc' dir='ltr'><strong>είς</strong></span> <span class='ocrx_word' id='word_1_325' title='bbox 477 3095 612 3166; x_wconf 87' lang='grc' dir='ltr'>τρία</span> <span class='ocrx_word' id='word_1_326' title='bbox 645 3093 870 3165; x_wconf 81' lang='grc' dir='ltr'>διῄρητο</span> <span class='ocrx_word' id='word_1_327' title='bbox 903 3091 1044 3145; x_wconf 67' lang='grc' dir='ltr'>κατὰ</span> <span class='ocrx_word' id='word_1_328' title='bbox 1093 3089 1284 3160; x_wconf 85' lang='grc' dir='ltr'>πηχῶν</span> <span class='ocrx_word' id='word_1_329' title='bbox 1327 3087 1380 3152; x_wconf 83' lang='grc' dir='ltr'>ι’,</span> <span class='ocrx_word' id='word_1_330' title='bbox 1413 3092 1507 3142; x_wconf 74' lang='grc' dir='ltr'><strong>καὶ</strong></span> <span class='ocrx_word' id='word_1_331' title='bbox 1532 3084 1601 3158; x_wconf 80' lang='grc' dir='ltr'>ἦν</span> <span class='ocrx_word' id='word_1_332' title='bbox 1623 3089 1684 3143; x_wconf 80' lang='grc' dir='ltr'><strong>τὸ</strong></span> <span class='ocrx_word' id='word_1_333' title='bbox 1728 3089 1826 3158; x_wconf 82' lang='grc' dir='ltr'>μὲν</span> 
     </span>
    </p>
   </div>
   <div class='ocr_carea' id='block_1_48' title="bbox 1923 1873 3513 1945">
    <p class='ocr_par' dir='ltr' id='par_1_48' title="bbox 1923 1873 3513 1945">
     <span class='ocr_line' id='line_1_48' title="bbox 1923 1873 3513 1945; baseline -0.003 -13"><span class='ocrx_word' id='word_1_334' title='bbox 1923 1877 2105 1932; x_wconf 90' lang='lat' dir='ltr'><strong>cubito</strong></span> <span class='ocrx_word' id='word_1_335' title='bbox 2129 1879 2362 1934; x_wconf 86' lang='lat' dir='ltr'><strong>invicem</strong></span> <span class='ocrx_word' id='word_1_336' title='bbox 2388 1877 2743 1932; x_wconf 76' lang='lat' dir='ltr'><strong>distantibus.</strong></span> <span class='ocrx_word' id='word_1_337' title='bbox 2787 1875 2976 1931; x_wconf 89' lang='lat' dir='ltr'><strong>Parics</strong></span> <span class='ocrx_word' id='word_1_338' title='bbox 3007 1875 3098 1945; x_wconf 88' lang='lat' dir='ltr'><strong>qui</strong></span> <span class='ocrx_word' id='word_1_339' title='bbox 3129 1882 3248 1932; x_wconf 86' lang='lat' dir='ltr'><strong>erat</strong></span> <span class='ocrx_word' id='word_1_340' title='bbox 3275 1874 3342 1932; x_wconf 84' lang='lat' dir='ltr'><strong>ad</strong></span> <span class='ocrx_word' id='word_1_341' title='bbox 3366 1873 3513 1930; x_wconf 82' lang='lat' dir='ltr'><strong>occi-</strong></span> 
     </span>
    </p>
   </div>
   <div class='ocr_carea' id='block_1_49' title="bbox 1921 1965 3512 2032">
    <p class='ocr_par' dir='ltr' id='par_1_49' title="bbox 1921 1965 3512 2032">
     <span class='ocr_line' id='line_1_49' title="bbox 1921 1965 3512 2032; baseline -0.002 -10"><span class='ocrx_word' id='word_1_342' title='bbox 1921 1968 2137 2023; x_wconf 83' lang='lat' dir='ltr'><strong>dentem</strong></span> <span class='ocrx_word' id='word_1_343' title='bbox 2164 1969 2330 2028; x_wconf 85' lang='lat' dir='ltr'><strong>triutn</strong></span> <span class='ocrx_word' id='word_1_344' title='bbox 2383 1969 2716 2032; x_wconf 88' lang='lat' dir='ltr'><strong>cubitorum,</strong></span> <span class='ocrx_word' id='word_1_345' title='bbox 2754 1969 3040 2024; x_wconf 84' lang='lat' dir='ltr'><strong>constabat</strong></span> <span class='ocrx_word' id='word_1_346' title='bbox 3089 1983 3182 2022; x_wconf 79' lang='lat' dir='ltr'><strong>sex</strong></span> <span class='ocrx_word' id='word_1_347' title='bbox 3214 1965 3512 2026; x_wconf 87' lang='lat' dir='ltr'><strong>columnis.</strong></span> 
     </span>
    </p>
   </div>
   <div class='ocr_carea' id='block_1_50' title="bbox 1921 2057 3514 2130">
    <p class='ocr_par' dir='ltr' id='par_1_50' title="bbox 1921 2057 3514 2130">
     <span class='ocr_line' id='line_1_50' title="bbox 1921 2057 3514 2130; baseline -0.002 -17"><span class='ocrx_word' id='word_1_348' title='bbox 1921 2057 2330 2129; x_wconf 86' lang='lat' dir='ltr'><strong>Coaptabantur</strong></span> <span class='ocrx_word' id='word_1_349' title='bbox 2357 2075 2519 2130; x_wconf 90' lang='lat' dir='ltr'><strong>porro</strong></span> <span class='ocrx_word' id='word_1_350' title='bbox 2552 2059 2808 2125; x_wconf 83' lang='lat' dir='ltr'><strong>invicem,</strong></span> <span class='ocrx_word' id='word_1_351' title='bbox 2849 2069 2908 2114; x_wconf 92' lang='lat' dir='ltr'><strong>ut</strong></span> <span class='ocrx_word' id='word_1_352' title='bbox 2941 2059 3217 2114; x_wconf 78' lang='lat' dir='ltr'><strong>videretur</strong></span> <span class='ocrx_word' id='word_1_353' title='bbox 3238 2057 3514 2114; x_wconf 74' lang='lat' dir='ltr'><strong>conﬁciex</strong></span> 
     </span>
    </p>
   </div>
   <div class='ocr_carea' id='block_1_51' title="bbox 1924 2148 3514 2219">
    <p class='ocr_par' dir='ltr' id='par_1_51' title="bbox 1924 2148 3514 2219">
     <span class='ocr_line' id='line_1_51' title="bbox 1924 2148 3514 2219; baseline -0.003 -14"><span class='ocrx_word' id='word_1_354' title='bbox 1924 2150 2032 2206; x_wconf 82' lang='lat' dir='ltr'><strong>illis</strong></span> <span class='ocrx_word' id='word_1_355' title='bbox 2061 2167 2202 2207; x_wconf 90' lang='lat' dir='ltr'><strong>unus</strong></span> <span class='ocrx_word' id='word_1_356' title='bbox 2231 2167 2423 2207; x_wconf 87' lang='lat' dir='ltr'><strong>murus</strong></span> <span class='ocrx_word' id='word_1_357' title='bbox 2460 2162 2608 2208; x_wconf 78' lang='lat' dir='ltr'><strong>[Otus</strong></span> <span class='ocrx_word' id='word_1_358' title='bbox 2629 2167 2854 2216; x_wconf 90' lang='lat' dir='ltr'><strong>aureus,</strong></span> <span class='ocrx_word' id='word_1_359' title='bbox 2884 2151 3210 2206; x_wconf 85' lang='lat' dir='ltr'><strong>coeuntibus</strong></span> <span class='ocrx_word' id='word_1_360' title='bbox 3239 2148 3514 2219; x_wconf 82' lang='lat' dir='ltr'><strong>juncturia</strong></span> 
     </span>
    </p>
   </div>
   <div class='ocr_carea' id='block_1_52' title="bbox 1925 2241 3516 2314">
    <p class='ocr_par' dir='ltr' id='par_1_52' title="bbox 1925 2241 3516 2314">
     <span class='ocr_line' id='line_1_52' title="bbox 1925 2241 3516 2314; baseline -0.001 -18"><span class='ocrx_word' id='word_1_361' title='bbox 1925 2241 2157 2298; x_wconf 89' lang='lat' dir='ltr'><strong>interius</strong></span> <span class='ocrx_word' id='word_1_362' title='bbox 2185 2251 2349 2314; x_wconf 91' lang='lat' dir='ltr'><strong>atque</strong></span> <span class='ocrx_word' id='word_1_363' title='bbox 2389 2245 2653 2300; x_wconf 74' lang='lat' dir='ltr'><strong>exterius.</strong></span> <span class='ocrx_word' id='word_1_364' title='bbox 2690 2242 2934 2298; x_wconf 88' lang='lat' dir='ltr'><strong>Habebat</strong></span> <span class='ocrx_word' id='word_1_365' title='bbox 2965 2243 3110 2297; x_wconf 90' lang='lat' dir='ltr'><strong>enim</strong></span> <span class='ocrx_word' id='word_1_366' title='bbox 3133 2242 3388 2310; x_wconf 83' lang='lat' dir='ltr'><strong>quaelibet</strong></span> <span class='ocrx_word' id='word_1_367' title='bbox 3420 2255 3516 2294; x_wconf 84' lang='lat' dir='ltr'><strong>co—</strong></span> 
     </span>
    </p>
   </div>
   <div class='ocr_carea' id='block_1_53' title="bbox 1925 2329 3514 2405">
    <p class='ocr_par' dir='ltr' id='par_1_53' title="bbox 1925 2329 3514 2405">
     <span class='ocr_line' id='line_1_53' title="bbox 1925 2329 3514 2405; baseline -0.004 -15"><span class='ocrx_word' id='word_1_368' title='bbox 1925 2337 2111 2390; x_wconf 89' lang='lat' dir='ltr'><strong>lumna</strong></span> <span class='ocrx_word' id='word_1_369' title='bbox 2143 2345 2254 2389; x_wconf 67' lang='lat' dir='ltr'><strong>tres</strong></span> <span class='ocrx_word' id='word_1_370' title='bbox 2285 2336 2610 2405; x_wconf 87' lang='lat' dir='ltr'><strong>spithamas,</strong></span> <span class='ocrx_word' id='word_1_371' title='bbox 2645 2335 2720 2388; x_wconf 91' lang='lat' dir='ltr'><strong>ita</strong></span> <span class='ocrx_word' id='word_1_372' title='bbox 2748 2343 2808 2388; x_wconf 89' lang='lat' dir='ltr'><strong>ut</strong></span> <span class='ocrx_word' id='word_1_373' title='bbox 2840 2334 3203 2403; x_wconf 85' lang='lat' dir='ltr'><strong>compleretur</strong></span> <span class='ocrx_word' id='word_1_374' title='bbox 3231 2329 3514 2401; x_wconf 80' lang='lat' dir='ltr'><strong>longitudo</strong></span> 
     </span>
    </p>
   </div>
   <div class='ocr_carea' id='block_1_54' title="bbox 1929 2424 3513 2497">
    <p class='ocr_par' dir='ltr' id='par_1_54' title="bbox 1929 2424 3513 2497">
     <span class='ocr_line' id='line_1_54' title="bbox 1929 2424 3513 2497; baseline -0.003 -17"><span class='ocrx_word' id='word_1_375' title='bbox 1929 2426 2149 2497; x_wconf 80' lang='lat' dir='ltr'><strong>triginta</strong></span> <span class='ocrx_word' id='word_1_376' title='bbox 2177 2426 2488 2480; x_wconf 88' lang='lat' dir='ltr'><strong>cubitorum</strong></span> <span class='ocrx_word' id='word_1_377' title='bbox 2527 2441 2557 2480; x_wconf 89' lang='lat' dir='ltr'><strong>a</strong></span> <span class='ocrx_word' id='word_1_378' title='bbox 2608 2425 2798 2494; x_wconf 82' lang='lat' dir='ltr'><strong>viginti</strong></span> <span class='ocrx_word' id='word_1_379' title='bbox 2834 2424 3126 2487; x_wconf 87' lang='lat' dir='ltr'><strong>columnis,</strong></span> <span class='ocrx_word' id='word_1_380' title='bbox 3180 2430 3235 2477; x_wconf 84' lang='lat' dir='ltr'><strong>et</strong></span> <span class='ocrx_word' id='word_1_381' title='bbox 3265 2424 3449 2478; x_wconf 83' lang='lat' dir='ltr'><strong>decem</strong></span> <span class='ocrx_word' id='word_1_382' title='bbox 3483 2437 3513 2476; x_wconf 87' lang='lat' dir='ltr'><strong>a</strong></span> 
     </span>
    </p>
   </div>
   <div class='ocr_carea' id='block_1_55' title="bbox 1927 2515 3521 2588">
    <p class='ocr_par' dir='ltr' id='par_1_55' title="bbox 1927 2515 3521 2588">
     <span class='ocr_line' id='line_1_55' title="bbox 1927 2515 3521 2588; baseline -0.003 -15"><span class='ocrx_word' id='word_1_383' title='bbox 1927 2535 2045 2574; x_wconf 82' lang='lat' dir='ltr'><strong>sex.</strong></span> <span class='ocrx_word' id='word_1_384' title='bbox 2077 2518 2379 2588; x_wconf 82' lang='lat' dir='ltr'><strong>Angulares</strong></span> <span class='ocrx_word' id='word_1_385' title='bbox 2416 2526 2596 2571; x_wconf 89' lang='lat' dir='ltr'><strong>autem</strong></span> <span class='ocrx_word' id='word_1_386' title='bbox 2621 2515 2743 2570; x_wconf 68' lang='lat' dir='ltr'><strong>dute</strong></span> <span class='ocrx_word' id='word_1_387' title='bbox 2763 2516 3035 2570; x_wconf 72' lang='lat' dir='ltr'><strong>columnae</strong></span> <span class='ocrx_word' id='word_1_388' title='bbox 3059 2523 3217 2570; x_wconf 87' lang='lat' dir='ltr'><strong>erant</strong></span> <span class='ocrx_word' id='word_1_389' title='bbox 3250 2521 3420 2578; x_wconf 79' lang='lat' dir='ltr'><strong>retro,</strong></span> <span class='ocrx_word' id='word_1_390' title='bbox 3451 2527 3521 2568; x_wconf 78' lang='lat' dir='ltr'><strong>ex</strong></span> 
     </span>
    </p>
   </div>
   <div class='ocr_carea' id='block_1_56' title="bbox 1931 2601 3523 2678">
    <p class='ocr_par' dir='ltr' id='par_1_56' title="bbox 1931 2601 3523 2678">
     <span class='ocr_line' id='line_1_56' title="bbox 1931 2601 3523 2678; baseline -0.006 -12"><span class='ocrx_word' id='word_1_391' title='bbox 1931 2624 2040 2666; x_wconf 91' lang='lat' dir='ltr'><strong>uno</strong></span> <span class='ocrx_word' id='word_1_392' title='bbox 2071 2608 2257 2663; x_wconf 90' lang='lat' dir='ltr'><strong>cubito</strong></span> <span class='ocrx_word' id='word_1_393' title='bbox 2306 2615 2626 2678; x_wconf 89' lang='lat' dir='ltr'><strong>coaptantes</strong></span> <span class='ocrx_word' id='word_1_394' title='bbox 2666 2603 2940 2661; x_wconf 90' lang='lat' dir='ltr'><strong>latitudini</strong></span> <span class='ocrx_word' id='word_1_395' title='bbox 2971 2603 3386 2676; x_wconf 74' lang='lat' dir='ltr'><strong>longitudinem.</strong></span> <span class='ocrx_word' id='word_1_396' title='bbox 3417 2601 3523 2662; x_wconf 85' lang='lat' dir='ltr'><strong>Per</strong></span> 
     </span>
    </p>
   </div>
   <div class='ocr_carea' id='block_1_57' title="bbox 1931 2697 3524 2764">
    <p class='ocr_par' dir='ltr' id='par_1_57' title="bbox 1931 2697 3524 2764">
     <span class='ocr_line' id='line_1_57' title="bbox 1931 2697 3524 2764; baseline -0.003 -10"><span class='ocrx_word' id='word_1_397' title='bbox 1931 2715 2123 2755; x_wconf 89' lang='lat' dir='ltr'><strong>omnes</strong></span> <span class='ocrx_word' id='word_1_398' title='bbox 2162 2714 2288 2754; x_wconf 85' lang='lat' dir='ltr'><strong>vero</strong></span> <span class='ocrx_word' id='word_1_399' title='bbox 2340 2699 2626 2754; x_wconf 90' lang='lat' dir='ltr'><strong>columnas</strong></span> <span class='ocrx_word' id='word_1_400' title='bbox 2685 2697 2972 2753; x_wconf 86' lang='lat' dir='ltr'><strong>insistebat</strong></span> <span class='ocrx_word' id='word_1_401' title='bbox 3021 2697 3206 2751; x_wconf 88' lang='lat' dir='ltr'><strong>tabula</strong></span> <span class='ocrx_word' id='word_1_402' title='bbox 3240 2711 3370 2758; x_wconf 84' lang='lat' dir='ltr'><strong>una,</strong></span> <span class='ocrx_word' id='word_1_403' title='bbox 3398 2709 3524 2764; x_wconf 71' lang='lat' dir='ltr'><strong>qua:</strong></span> 
     </span>
    </p>
   </div>
   <div class='ocr_carea' id='block_1_58' title="bbox 1929 2787 3526 2859">
    <p class='ocr_par' dir='ltr' id='par_1_58' title="bbox 1929 2787 3526 2859">
     <span class='ocr_line' id='line_1_58' title="bbox 1929 2787 3526 2859; baseline -0.001 -15"><span class='ocrx_word' id='word_1_404' title='bbox 1929 2800 2082 2845; x_wconf 87' lang='lat' dir='ltr'><strong>arcte</strong></span> <span class='ocrx_word' id='word_1_405' title='bbox 2107 2789 2390 2859; x_wconf 81' lang='lat' dir='ltr'><strong>complexa</strong></span> <span class='ocrx_word' id='word_1_406' title='bbox 2422 2789 2786 2855; x_wconf 86' lang='lat' dir='ltr'><strong>discurrebat,</strong></span> <span class='ocrx_word' id='word_1_407' title='bbox 2835 2787 3154 2845; x_wconf 87' lang='lat' dir='ltr'><strong>cardinibus</strong></span> <span class='ocrx_word' id='word_1_408' title='bbox 3205 2787 3425 2846; x_wconf 81' lang='lat' dir='ltr'><strong>feminis</strong></span> <span class='ocrx_word' id='word_1_409' title='bbox 3469 2793 3526 2842; x_wconf 87' lang='lat' dir='ltr'><strong>et</strong></span> 
     </span>
    </p>
   </div>
   <div class='ocr_carea' id='block_1_59' title="bbox 1935 2882 3523 2952">
    <p class='ocr_par' dir='ltr' id='par_1_59' title="bbox 1935 2882 3523 2952">
     <span class='ocr_line' id='line_1_59' title="bbox 1935 2882 3523 2952; baseline -0.003 -13"><span class='ocrx_word' id='word_1_410' title='bbox 1935 2885 2193 2941; x_wconf 87' lang='lat' dir='ltr'><strong>masculis</strong></span> <span class='ocrx_word' id='word_1_411' title='bbox 2245 2885 2479 2950; x_wconf 86' lang='lat' dir='ltr'><strong>lirmata,</strong></span> <span class='ocrx_word' id='word_1_412' title='bbox 2534 2893 2593 2938; x_wconf 92' lang='lat' dir='ltr'><strong>ut</strong></span> <span class='ocrx_word' id='word_1_413' title='bbox 2629 2898 2698 2940; x_wconf 92' lang='lat' dir='ltr'><strong>ne</strong></span> <span class='ocrx_word' id='word_1_414' title='bbox 2725 2901 2756 2938; x_wconf 87' lang='lat' dir='ltr'><strong>a</strong></span> <span class='ocrx_word' id='word_1_415' title='bbox 2791 2882 2968 2938; x_wconf 87' lang='lat' dir='ltr'><strong>ventis</strong></span> <span class='ocrx_word' id='word_1_416' title='bbox 3001 2883 3222 2952; x_wconf 88' lang='lat' dir='ltr'><strong>quidem</strong></span> <span class='ocrx_word' id='word_1_417' title='bbox 3260 2890 3523 2936; x_wconf 84' lang='lat' dir='ltr'><strong>concute-</strong></span> 
     </span>
    </p>
   </div>
   <div class='ocr_carea' id='block_1_60' title="bbox 1933 2974 3521 3045">
    <p class='ocr_par' dir='ltr' id='par_1_60' title="bbox 1933 2974 3521 3045">
     <span class='ocr_line' id='line_1_60' title="bbox 1933 2974 3521 3045; baseline -0.003 -14"><span class='ocrx_word' id='word_1_418' title='bbox 1933 2987 2084 3031; x_wconf 88' lang='lat' dir='ltr'><strong>retur</strong></span> <span class='ocrx_word' id='word_1_419' title='bbox 2111 2977 2549 3040; x_wconf 87' lang='lat' dir='ltr'><strong>tabernaculum,</strong></span> <span class='ocrx_word' id='word_1_420' title='bbox 2581 2977 2676 3031; x_wconf 88' lang='lat' dir='ltr'><strong>sed</strong></span> <span class='ocrx_word' id='word_1_421' title='bbox 2738 2975 2908 3030; x_wconf 90' lang='lat' dir='ltr'><strong>multa</strong></span> <span class='ocrx_word' id='word_1_422' title='bbox 2955 2975 3140 3045; x_wconf 89' lang='lat' dir='ltr'><strong>quiete</strong></span> <span class='ocrx_word' id='word_1_423' title='bbox 3173 2974 3521 3028; x_wconf 82' lang='lat' dir='ltr'><strong>consisteret.</strong></span> 
     </span>
    </p>
   </div>
   <div class='ocr_carea' id='block_1_61' title="bbox 1937 3061 3528 3140">
    <p class='ocr_par' dir='ltr' id='par_1_61' title="bbox 1937 3061 3528 3140">
     <span class='ocr_line' id='line_1_61' title="bbox 1937 3061 3528 3140; baseline -0.004 -17"><span class='ocrx_word' id='word_1_424' title='bbox 1937 3068 2184 3140; x_wconf 70' lang='lat' dir='ltr'><strong>Spatium</strong></span> <span class='ocrx_word' id='word_1_425' title='bbox 2248 3070 2392 3124; x_wconf 90' lang='lat' dir='ltr'><strong>intra</strong></span> <span class='ocrx_word' id='word_1_426' title='bbox 2451 3067 2868 3124; x_wconf 87' lang='lat' dir='ltr'><strong>tabernaculum</strong></span> <span class='ocrx_word' id='word_1_427' title='bbox 2923 3064 3408 3123; x_wconf 86' lang='lat' dir='ltr'><strong>disterminabatur</strong></span> <span class='ocrx_word' id='word_1_428' title='bbox 3470 3061 3528 3116; x_wconf 87' lang='lat' dir='ltr'><strong>in</strong></span> 
     </span>
    </p>
   </div>
   <div class='ocr_carea' id='block_1_62' title="bbox 259 3154 1829 3254">
    <p class='ocr_par' dir='ltr' id='par_1_62' title="bbox 259 3179 1829 3254">
     <span class='ocr_line' id='line_1_62' title="bbox 259 3179 1829 3254; baseline -0.006 -14"><span class='ocrx_word' id='word_1_429' title='bbox 259 3187 510 3240; x_wconf 75' lang='grc' dir='ltr'>έσώτατον</span> <span class='ocrx_word' id='word_1_430' title='bbox 532 3185 732 3240; x_wconf 75' lang='grc' dir='ltr'>ἄδυτον</span> <span class='ocrx_word' id='word_1_431' title='bbox 757 3183 946 3254; x_wconf 87' lang='grc' dir='ltr'>πηχῶν</span> <span class='ocrx_word' id='word_1_432' title='bbox 977 3179 1028 3246; x_wconf 90' lang='grc' dir='ltr'>ι’,</span> <span class='ocrx_word' id='word_1_433' title='bbox 1058 3183 1170 3244; x_wconf 84' lang='grc' dir='ltr'>τοῖς</span> <span class='ocrx_word' id='word_1_434' title='bbox 1193 3179 1431 3252; x_wconf 79' lang='grc' dir='ltr'>ἱερεῦσιν</span> <span class='ocrx_word' id='word_1_435' title='bbox 1455 3179 1678 3234; x_wconf 82' lang='grc' dir='ltr'>ἄϐατον.</span> <span class='ocrx_word' id='word_1_436' title='bbox 1699 3179 1829 3232; x_wconf 85' lang='grc' dir='ltr'>Τέσ-</span> 
     </span>
    </p>
   </div>
   <div class='ocr_carea' id='block_1_63' title="bbox 1939 3154 3527 3254">
    <p class='ocr_par' dir='ltr' id='par_1_63' title="bbox 1939 3154 3527 3226">
     <span class='ocr_line' id='line_1_63' title="bbox 1939 3154 3527 3226; baseline -0.004 -11"><span class='ocrx_word' id='word_1_437' title='bbox 1939 3162 2062 3224; x_wconf 87' lang='lat' dir='ltr'><strong>tria,</strong></span> <span class='ocrx_word' id='word_1_438' title='bbox 2097 3163 2165 3216; x_wconf 90' lang='lat' dir='ltr'><strong>ad</strong></span> <span class='ocrx_word' id='word_1_439' title='bbox 2199 3176 2509 3216; x_wconf 86' lang='lat' dir='ltr'><strong>mensuram</strong></span> <span class='ocrx_word' id='word_1_440' title='bbox 2544 3160 2858 3216; x_wconf 85' lang='lat' dir='ltr'><strong>cubitorum</strong></span> <span class='ocrx_word' id='word_1_441' title='bbox 2911 3174 2966 3224; x_wconf 85' lang='lat' dir='ltr'><strong>x,</strong></span> <span class='ocrx_word' id='word_1_442' title='bbox 3003 3168 3232 3226; x_wconf 88' lang='lat' dir='ltr'><strong>eratque</strong></span> <span class='ocrx_word' id='word_1_443' title='bbox 3287 3154 3527 3216; x_wconf 73' lang='lat' dir='ltr'><strong>maxime</strong></span> 
     </span>
    </p>
   </div>
   <div class='ocr_carea' id='block_1_64' title="bbox 259 3269 1835 3349">
    <p class='ocr_par' dir='ltr' id='par_1_64' title="bbox 259 3269 1835 3349">
     <span class='ocr_line' id='line_1_64' title="bbox 259 3269 1835 3349; baseline -0.004 -18"><span class='ocrx_word' id='word_1_444' title='bbox 259 3293 408 3349; x_wconf 84' lang='grc' dir='ltr'>σαρες</span> <span class='ocrx_word' id='word_1_445' title='bbox 434 3278 490 3330; x_wconf 78' lang='grc' dir='ltr'>δὲ</span> <span class='ocrx_word' id='word_1_446' title='bbox 525 3279 712 3340; x_wconf 84' lang='grc' dir='ltr'>κίονες</span> <span class='ocrx_word' id='word_1_447' title='bbox 741 3278 845 3329; x_wconf 87' lang='grc' dir='ltr'>ίσοι</span> <span class='ocrx_word' id='word_1_448' title='bbox 891 3275 1004 3337; x_wconf 83' lang='grc' dir='ltr'>τοῖς</span> <span class='ocrx_word' id='word_1_449' title='bbox 1035 3271 1218 3336; x_wconf 78' lang='grc' dir='ltr'>ἄλλοις</span> <span class='ocrx_word' id='word_1_450' title='bbox 1264 3271 1500 3342; x_wconf 82' lang='grc' dir='ltr'>διεῖργον</span> <span class='ocrx_word' id='word_1_451' title='bbox 1532 3269 1593 3324; x_wconf 75' lang='grc' dir='ltr'>τὸ</span> <span class='ocrx_word' id='word_1_452' title='bbox 1641 3271 1835 3326; x_wconf 83' lang='grc' dir='ltr'>ἄδυτον</span> 
     </span>
    </p>
   </div>
   <div class='ocr_carea' id='block_1_65' title="bbox 259 3361 1834 3435">
    <p class='ocr_par' dir='ltr' id='par_1_65' title="bbox 259 3361 1834 3435">
     <span class='ocr_line' id='line_1_65' title="bbox 259 3361 1834 3435; baseline -0.005 -13"><span class='ocrx_word' id='word_1_453' title='bbox 259 3369 340 3422; x_wconf 77' lang='grc' dir='ltr'>τοῦ</span> <span class='ocrx_word' id='word_1_454' title='bbox 361 3369 652 3434; x_wconf 78' lang='grc' dir='ltr'>ὲξωτάτου.</span> <span class='ocrx_word' id='word_1_455' title='bbox 682 3369 744 3421; x_wconf 88' lang='grc' dir='ltr'>Οί</span> <span class='ocrx_word' id='word_1_456' title='bbox 769 3368 826 3422; x_wconf 82' lang='grc' dir='ltr'>δὲ</span> <span class='ocrx_word' id='word_1_457' title='bbox 853 3366 1035 3419; x_wconf 59' lang='grc' dir='ltr'>λοιποὶ</span> <span class='ocrx_word' id='word_1_458' title='bbox 1059 3367 1255 3435; x_wconf 83' lang='grc' dir='ltr'>πήχεις</span> <span class='ocrx_word' id='word_1_459' title='bbox 1297 3363 1495 3429; x_wconf 74' lang='grc' dir='ltr'>εἴκοσι,</span> <span class='ocrx_word' id='word_1_460' title='bbox 1519 3363 1567 3415; x_wconf 90' lang='grc' dir='ltr'><strong>οί</strong></span> <span class='ocrx_word' id='word_1_461' title='bbox 1603 3362 1710 3431; x_wconf 77' lang='grc' dir='ltr'>πρὸ</span> <span class='ocrx_word' id='word_1_462' title='bbox 1737 3361 1834 3414; x_wconf 81' lang='grc' dir='ltr'><strong>τοῦ</strong></span> 
     </span>
    </p>
   </div>
   <div class='ocr_carea' id='block_1_66' title="bbox 259 3457 1836 3532">
    <p class='ocr_par' dir='ltr' id='par_1_66' title="bbox 259 3457 1836 3532">
     <span class='ocr_line' id='line_1_66' title="bbox 259 3457 1836 3532; baseline -0.008 -13"><span class='ocrx_word' id='word_1_463' title='bbox 259 3464 456 3530; x_wconf 76' lang='grc' dir='ltr'>ἀδύτου,</span> <span class='ocrx_word' id='word_1_464' title='bbox 505 3467 626 3527; x_wconf 86' lang='grc' dir='ltr'>τοῖς</span> <span class='ocrx_word' id='word_1_465' title='bbox 692 3461 897 3532; x_wconf 74' lang='grc' dir='ltr'>ἱερεῦσι</span> <span class='ocrx_word' id='word_1_466' title='bbox 958 3461 1145 3532; x_wconf 81' lang='grc' dir='ltr'>μόνοις</span> <span class='ocrx_word' id='word_1_467' title='bbox 1193 3458 1487 3524; x_wconf 76' lang='grc' dir='ltr'>ἐξέκειντο.</span> <span class='ocrx_word' id='word_1_468' title='bbox 1512 3457 1584 3510; x_wconf 83' lang='grc' dir='ltr'>Τὸ</span> <span class='ocrx_word' id='word_1_469' title='bbox 1613 3457 1670 3511; x_wconf 82' lang='grc' dir='ltr'>δὲ</span> <span class='ocrx_word' id='word_1_470' title='bbox 1705 3457 1836 3526; x_wconf 85' lang='grc' dir='ltr'>μέτ-</span> 
     </span>
    </p>
   </div>
   <div class='ocr_carea' id='block_1_67' title="bbox 259 3547 1837 3627">
    <p class='ocr_par' dir='ltr' id='par_1_67' title="bbox 259 3547 1837 3627">
     <span class='ocr_line' id='line_1_67' title="bbox 259 3547 1837 3627; baseline -0.007 -17"><span class='ocrx_word' id='word_1_471' title='bbox 259 3575 412 3624; x_wconf 77' lang='grc' dir='ltr'>ωπον,</span> <span class='ocrx_word' id='word_1_472' title='bbox 471 3559 534 3626; x_wconf 80' lang='grc' dir='ltr'>ὲξ</span> <span class='ocrx_word' id='word_1_473' title='bbox 591 3549 766 3627; x_wconf 77' lang='grc' dir='ltr'>οὗπερ</span> <span class='ocrx_word' id='word_1_474' title='bbox 811 3558 844 3626; x_wconf 78' lang='grc' dir='ltr'><strong>ἡ</strong></span> <span class='ocrx_word' id='word_1_475' title='bbox 878 3554 1080 3618; x_wconf 74' lang='grc' dir='ltr'>εἴσοδος</span> <span class='ocrx_word' id='word_1_476' title='bbox 1107 3547 1196 3624; x_wconf 77' lang='grc' dir='ltr'><strong>ἣν,</strong></span> <span class='ocrx_word' id='word_1_477' title='bbox 1230 3552 1394 3605; x_wconf 88' lang='grc' dir='ltr'>πέντε</span> <span class='ocrx_word' id='word_1_478' title='bbox 1439 3551 1581 3604; x_wconf 86' lang='grc' dir='ltr'>κίοσι</span> <span class='ocrx_word' id='word_1_479' title='bbox 1615 3547 1837 3620; x_wconf 85' lang='grc' dir='ltr'>διαχρύ-</span> 
     </span>
    </p>
   </div>
   <div class='ocr_carea' id='block_1_68' title="bbox 261 3641 1839 3714">
    <p class='ocr_par' dir='ltr' id='par_1_68' title="bbox 261 3641 1839 3714">
     <span class='ocr_line' id='line_1_68' title="bbox 261 3641 1839 3714; baseline -0.005 -12"><span class='ocrx_word' id='word_1_480' title='bbox 261 3664 382 3714; x_wconf 82' lang='grc' dir='ltr'>σοις,</span> <span class='ocrx_word' id='word_1_481' title='bbox 409 3651 545 3714; x_wconf 72' lang='grc' dir='ltr'>ἴσοις</span> <span class='ocrx_word' id='word_1_482' title='bbox 587 3653 700 3712; x_wconf 84' lang='grc' dir='ltr'>τοῖς</span> <span class='ocrx_word' id='word_1_483' title='bbox 747 3647 950 3713; x_wconf 81' lang='grc' dir='ltr'>ἄλλοις,</span> <span class='ocrx_word' id='word_1_484' title='bbox 984 3647 1292 3709; x_wconf 84' lang='grc' dir='ltr'>συνίστατο,</span> <span class='ocrx_word' id='word_1_485' title='bbox 1349 3643 1580 3714; x_wconf 69' lang='grc' dir='ltr'>χαλκαῖς</span> <span class='ocrx_word' id='word_1_486' title='bbox 1617 3641 1839 3713; x_wconf 79' lang='grc' dir='ltr'>βάσεσιν</span> 
     </span>
    </p>
   </div>
   <div class='ocr_carea' id='block_1_69' title="bbox 261 3735 1840 3811">
    <p class='ocr_par' dir='ltr' id='par_1_69' title="bbox 261 3735 1840 3811">
     <span class='ocr_line' id='line_1_69' title="bbox 261 3735 1840 3811; baseline -0.006 -16"><span class='ocrx_word' id='word_1_487' title='bbox 261 3743 568 3811; x_wconf 74' lang='grc' dir='ltr'>ἐφεστῶσιν.</span> <span class='ocrx_word' id='word_1_488' title='bbox 603 3739 732 3811; x_wconf 77' lang='grc' dir='ltr'>Εἶχε</span> <span class='ocrx_word' id='word_1_489' title='bbox 757 3743 814 3794; x_wconf 80' lang='grc' dir='ltr'><strong>δὲ</strong></span> <span class='ocrx_word' id='word_1_490' title='bbox 847 3739 1248 3808; x_wconf 87' lang='grc' dir='ltr'>καταπέτασμα</span> <span class='ocrx_word' id='word_1_491' title='bbox 1270 3738 1334 3790; x_wconf 84' lang='grc' dir='ltr'>ὲκ</span> <span class='ocrx_word' id='word_1_492' title='bbox 1363 3735 1565 3808; x_wconf 80' lang='grc' dir='ltr'>βύσσου</span> <span class='ocrx_word' id='word_1_493' title='bbox 1590 3737 1684 3788; x_wconf 82' lang='grc' dir='ltr'>καὶ</span> <span class='ocrx_word' id='word_1_494' title='bbox 1707 3751 1840 3806; x_wconf 90' lang='grc' dir='ltr'>πορ-</span> 
     </span>
    </p>
   </div>
   <div class='ocr_carea' id='block_1_70' title="bbox 261 3823 1841 3904">
    <p class='ocr_par' dir='ltr' id='par_1_70' title="bbox 261 3823 1841 3904">
     <span class='ocr_line' id='line_1_70' title="bbox 261 3823 1841 3904; baseline -0.006 -17"><span class='ocrx_word' id='word_1_495' title='bbox 261 3834 424 3904; x_wconf 76' lang='grc' dir='ltr'>φύρας</span> <span class='ocrx_word' id='word_1_496' title='bbox 444 3835 536 3887; x_wconf 75' lang='grc' dir='ltr'><strong>καὶ</strong></span> <span class='ocrx_word' id='word_1_497' title='bbox 562 3833 824 3886; x_wconf 82' lang='grc' dir='ltr'>ὑακίνθου</span> <span class='ocrx_word' id='word_1_498' title='bbox 869 3832 962 3884; x_wconf 78' lang='grc' dir='ltr'><strong>καὶ</strong></span> <span class='ocrx_word' id='word_1_499' title='bbox 993 3830 1252 3884; x_wconf 83' lang='grc' dir='ltr'>κοκκίνου</span> <span class='ocrx_word' id='word_1_500' title='bbox 1287 3827 1469 3899; x_wconf 83' lang='grc' dir='ltr'>βαφῆς</span> <span class='ocrx_word' id='word_1_501' title='bbox 1502 3826 1751 3897; x_wconf 80' lang='grc' dir='ltr'>ἐμπηχον</span> <span class='ocrx_word' id='word_1_502' title='bbox 1788 3823 1841 3892; x_wconf 92' lang='grc' dir='ltr'>ι’,</span> 
     </span>
    </p>
   </div>
   <div class='ocr_carea' id='block_1_71' title="bbox 266 3914 1844 3998">
    <p class='ocr_par' dir='ltr' id='par_1_71' title="bbox 266 3914 1844 3998">
     <span class='ocr_line' id='line_1_71' title="bbox 266 3914 1844 3998; baseline -0.006 -21"><span class='ocrx_word' id='word_1_503' title='bbox 266 3925 348 3977; x_wconf 69' lang='grc' dir='ltr'><strong>καὶ</strong></span> <span class='ocrx_word' id='word_1_504' title='bbox 379 3925 644 3998; x_wconf 79' lang='grc' dir='ltr'>διῄρηντο</span> <span class='ocrx_word' id='word_1_505' title='bbox 671 3927 719 3977; x_wconf 82' lang='lat' dir='ltr'><strong>oi</strong></span> <span class='ocrx_word' id='word_1_506' title='bbox 749 3923 886 3977; x_wconf 83' lang='grc' dir='ltr'>δέκα</span> <span class='ocrx_word' id='word_1_507' title='bbox 939 3921 1136 3992; x_wconf 82' lang='grc' dir='ltr'>πήχεις</span> <span class='ocrx_word' id='word_1_508' title='bbox 1186 3919 1280 3972; x_wconf 80' lang='grc' dir='ltr'>τοῦ</span> <span class='ocrx_word' id='word_1_509' title='bbox 1325 3917 1519 3971; x_wconf 84' lang='grc' dir='ltr'>ἀδύτου</span> <span class='ocrx_word' id='word_1_510' title='bbox 1549 3915 1722 3986; x_wconf 85' lang='grc' dir='ltr'>τούτῳ</span> <span class='ocrx_word' id='word_1_511' title='bbox 1767 3914 1844 3984; x_wconf 84' lang='grc' dir='ltr'>τῷ</span> 
     </span>
    </p>
   </div>
   <div class='ocr_carea' id='block_1_72' title="bbox 264 4023 733 4090">
    <p class='ocr_par' dir='ltr' id='par_1_72' title="bbox 264 4023 733 4090">
     <span class='ocr_line' id='line_1_72' title="bbox 264 4023 733 4090; baseline -0.004 -18"><span class='ocrx_word' id='word_1_512' title='bbox 264 4023 733 4090; x_wconf 79' lang='grc' dir='ltr'>καταπετάσματι.</span> 
     </span>
    </p>
   </div>
   <div class='ocr_carea' id='block_1_73' title="bbox 325 4185 1844 4263">
    <p class='ocr_par' dir='ltr' id='par_1_73' title="bbox 325 4185 1844 4263">
     <span class='ocr_line' id='line_1_73' title="bbox 325 4185 1844 4263; baseline -0.004 -17"><span class='ocrx_word' id='word_1_513' title='bbox 325 4191 432 4246; x_wconf 78' lang='grc' dir='ltr'><strong>Καὶ</strong></span> <span class='ocrx_word' id='word_1_514' title='bbox 475 4193 504 4246; x_wconf 83' lang='grc'>6</span> <span class='ocrx_word' id='word_1_515' title='bbox 561 4192 667 4263; x_wconf 81' lang='grc' dir='ltr'>μὲν</span> <span class='ocrx_word' id='word_1_516' title='bbox 719 4193 846 4256; x_wconf 76' lang='grc' dir='ltr'>ναὸς</span> <span class='ocrx_word' id='word_1_517' title='bbox 900 4193 1108 4262; x_wconf 74' lang='grc' dir='ltr'>’Ἄγιος</span> <span class='ocrx_word' id='word_1_518' title='bbox 1152 4191 1423 4254; x_wconf 73' lang='grc' dir='ltr'>ἐκαλεῖτο,</span> <span class='ocrx_word' id='word_1_519' title='bbox 1470 4191 1498 4241; x_wconf 87' lang='grc' dir='ltr'><strong>ό</strong></span> <span class='ocrx_word' id='word_1_520' title='bbox 1554 4185 1844 4252; x_wconf 79' lang='grc' dir='ltr'>ἐξώτατος.</span> 
     </span>
    </p>
   </div>
   <div class='ocr_carea' id='block_1_74' title="bbox 267 4279 1847 4355">
    <p class='ocr_par' dir='ltr' id='par_1_74' title="bbox 267 4279 1847 4355">
     <span class='ocr_line' id='line_1_74' title="bbox 267 4279 1847 4355; baseline -0.006 -15"><span class='ocrx_word' id='word_1_521' title='bbox 267 4285 460 4354; x_wconf 77' lang='grc' dir='ltr'><strong>’Δτιον</strong></span> <span class='ocrx_word' id='word_1_522' title='bbox 483 4286 546 4340; x_wconf 81' lang='grc' dir='ltr'>δὲ</span> <span class='ocrx_word' id='word_1_523' title='bbox 579 4287 789 4355; x_wconf 75' lang='grc' dir='ltr'>ἁγίων,</span> <span class='ocrx_word' id='word_1_524' title='bbox 823 4285 886 4338; x_wconf 81' lang='grc' dir='ltr'><strong>τὸ</strong></span> <span class='ocrx_word' id='word_1_525' title='bbox 925 4285 1142 4341; x_wconf 83' lang='grc' dir='ltr'>ἄδυτον.</span> <span class='ocrx_word' id='word_1_526' title='bbox 1197 4283 1272 4335; x_wconf 80' lang='grc' dir='ltr'>Τὸ</span> <span class='ocrx_word' id='word_1_527' title='bbox 1303 4283 1362 4336; x_wconf 80' lang='grc' dir='ltr'>δὲ</span> <span class='ocrx_word' id='word_1_528' title='bbox 1415 4280 1634 4352; x_wconf 85' lang='grc' dir='ltr'>πρῶτον</span> <span class='ocrx_word' id='word_1_529' title='bbox 1662 4279 1772 4332; x_wconf 85' lang='grc' dir='ltr'><strong>τῶν</strong></span> <span class='ocrx_word' id='word_1_530' title='bbox 1799 4284 1847 4332; x_wconf 88' lang='grc' dir='ltr'>κ’</span> 
     </span>
    </p>
   </div>
   <div class='ocr_carea' id='block_1_75' title="bbox 269 4371 1850 4451">
    <p class='ocr_par' dir='ltr' id='par_1_75' title="bbox 269 4371 1850 4451">
     <span class='ocr_line' id='line_1_75' title="bbox 269 4371 1850 4451; baseline -0.004 -20"><span class='ocrx_word' id='word_1_531' title='bbox 269 4379 444 4448; x_wconf 81' lang='grc' dir='ltr'>πηχῶν</span> <span class='ocrx_word' id='word_1_532' title='bbox 469 4379 642 4451; x_wconf 80' lang='grc' dir='ltr'>μέρος</span> <span class='ocrx_word' id='word_1_533' title='bbox 673 4376 914 4450; x_wconf 82' lang='grc' dir='ltr'>ίερεῦσιν</span> <span class='ocrx_word' id='word_1_534' title='bbox 943 4379 1123 4431; x_wconf 83' lang='grc' dir='ltr'>ἀνεῖτο</span> <span class='ocrx_word' id='word_1_535' title='bbox 1147 4375 1559 4444; x_wconf 84' lang='grc' dir='ltr'>ὑποδυομένοις.</span> <span class='ocrx_word' id='word_1_536' title='bbox 1589 4373 1666 4426; x_wconf 79' lang='grc' dir='ltr'>Τὸ</span> <span class='ocrx_word' id='word_1_537' title='bbox 1694 4371 1804 4425; x_wconf 88' lang='grc' dir='ltr'><strong>τῶν</strong></span> <span class='ocrx_word' id='word_1_538' title='bbox 1820 4371 1850 4425; x_wconf 85' lang='grc' dir='ltr'>ι’</span> 
     </span>
    </p>
   </div>
   <div class='ocr_carea' id='block_1_76' title="bbox 267 4467 1850 4542">
    <p class='ocr_par' dir='ltr' id='par_1_76' title="bbox 267 4467 1850 4542">
     <span class='ocr_line' id='line_1_76' title="bbox 267 4467 1850 4542; baseline -0.002 -20"><span class='ocrx_word' id='word_1_539' title='bbox 267 4467 318 4522; x_wconf 67' lang='grc' dir='ltr'><strong>δέ</strong></span> <span class='ocrx_word' id='word_1_540' title='bbox 337 4473 525 4542; x_wconf 77' lang='grc' dir='ltr'>πηχῶν</span> <span class='ocrx_word' id='word_1_541' title='bbox 551 4471 896 4542; x_wconf 81' lang='grc' dir='ltr'>προεισόδιον</span> <span class='ocrx_word' id='word_1_542' title='bbox 944 4469 1039 4524; x_wconf 69' lang='grc' dir='ltr'><strong>καὶ</strong></span> <span class='ocrx_word' id='word_1_543' title='bbox 1066 4473 1173 4539; x_wconf 74' lang='grc' dir='ltr'><strong>πρὸ</strong></span> <span class='ocrx_word' id='word_1_544' title='bbox 1196 4468 1287 4523; x_wconf 76' lang='grc' dir='ltr'>τοῦ</span> <span class='ocrx_word' id='word_1_545' title='bbox 1319 4467 1602 4538; x_wconf 85' lang='grc' dir='ltr'>μετώπου,</span> <span class='ocrx_word' id='word_1_546' title='bbox 1641 4467 1850 4538; x_wconf 85' lang='grc' dir='ltr'>φάρσος</span> 
     </span>
    </p>
   </div>
   <div class='ocr_carea' id='block_1_77' title="bbox 271 4560 1852 4636">
    <p class='ocr_par' dir='ltr' id='par_1_77' title="bbox 271 4560 1852 4636">
     <span class='ocr_line' id='line_1_77' title="bbox 271 4560 1852 4636; baseline -0.003 -22"><span class='ocrx_word' id='word_1_547' title='bbox 271 4562 628 4636; x_wconf 68' lang='grc' dir='ltr'>ἐφελκόμενος</span> <span class='ocrx_word' id='word_1_548' title='bbox 675 4563 787 4618; x_wconf 77' lang='grc' dir='ltr'>ἀπὸ</span> <span class='ocrx_word' id='word_1_549' title='bbox 830 4563 1034 4629; x_wconf 77' lang='grc' dir='ltr'>κάλων,</span> <span class='ocrx_word' id='word_1_550' title='bbox 1077 4563 1169 4616; x_wconf 77' lang='grc' dir='ltr'>ἐπὶ</span> <span class='ocrx_word' id='word_1_551' title='bbox 1221 4561 1426 4632; x_wconf 74' lang='grc' dir='ltr'>θάτερα</span> <span class='ocrx_word' id='word_1_552' title='bbox 1469 4560 1684 4630; x_wconf 89' lang='grc' dir='ltr'>κρίκοις</span> <span class='ocrx_word' id='word_1_553' title='bbox 1731 4561 1852 4611; x_wconf 82' lang='grc' dir='ltr'>ὲπι-</span> 
     </span>
    </p>
   </div>
   <div class='ocr_carea' id='block_1_78' title="bbox 275 4651 1853 4727">
    <p class='ocr_par' dir='ltr' id='par_1_78' title="bbox 275 4651 1853 4727">
     <span class='ocr_line' id='line_1_78' title="bbox 275 4651 1853 4727; baseline -0.003 -19"><span class='ocrx_word' id='word_1_554' title='bbox 275 4659 635 4727; x_wconf 81' lang='grc' dir='ltr'>συναγόμενος</span> <span class='ocrx_word' id='word_1_555' title='bbox 698 4657 834 4727; x_wconf 83' lang='grc' dir='ltr'>πρός</span> <span class='ocrx_word' id='word_1_556' title='bbox 890 4673 950 4709; x_wconf 84' lang='grc' dir='ltr'><strong>τε</strong></span> <span class='ocrx_word' id='word_1_557' title='bbox 985 4656 1044 4709; x_wconf 80' lang='grc' dir='ltr'><strong>τὸ</strong></span> <span class='ocrx_word' id='word_1_558' title='bbox 1104 4651 1540 4708; x_wconf 77' lang='grc' dir='ltr'>ἐκπετάννυσθαι</span> <span class='ocrx_word' id='word_1_559' title='bbox 1575 4653 1672 4705; x_wconf 75' lang='grc' dir='ltr'>καὶ</span> <span class='ocrx_word' id='word_1_560' title='bbox 1729 4669 1853 4704; x_wconf 91' lang='grc' dir='ltr'>συν-</span> 
     </span>
    </p>
   </div>
   <div class='ocr_carea' id='block_1_79' title="bbox 275 4744 1856 4818">
    <p class='ocr_par' dir='ltr' id='par_1_79' title="bbox 275 4744 1856 4818">
     <span class='ocr_line' id='line_1_79' title="bbox 275 4744 1856 4818; baseline -0.003 -18"><span class='ocrx_word' id='word_1_561' title='bbox 275 4750 594 4818; x_wconf 68' lang='grc' dir='ltr'>εφέλκεσθαι</span> <span class='ocrx_word' id='word_1_562' title='bbox 645 4750 789 4802; x_wconf 67' lang='grc' dir='ltr'>κατὰ</span> <span class='ocrx_word' id='word_1_563' title='bbox 819 4748 1046 4815; x_wconf 83' lang='grc' dir='ltr'>γωνίαν.</span> <span class='ocrx_word' id='word_1_564' title='bbox 1097 4749 1208 4800; x_wconf 71' lang='grc' dir='ltr'><strong>Καὶ</strong></span> <span class='ocrx_word' id='word_1_565' title='bbox 1247 4746 1358 4818; x_wconf 84' lang='grc' dir='ltr'><strong>γὰρ</strong></span> <span class='ocrx_word' id='word_1_566' title='bbox 1389 4748 1450 4798; x_wconf 83' lang='grc' dir='ltr'>ὲν</span> <span class='ocrx_word' id='word_1_567' title='bbox 1503 4747 1624 4808; x_wconf 85' lang='grc' dir='ltr'>ταῖς</span> <span class='ocrx_word' id='word_1_568' title='bbox 1655 4744 1856 4814; x_wconf 76' lang='grc' dir='ltr'>ἐπισή-</span> 
     </span>
    </p>
   </div>
   <div class='ocr_carea' id='block_1_80' title="bbox 279 4835 1854 4912">
    <p class='ocr_par' dir='ltr' id='par_1_80' title="bbox 279 4835 1854 4912">
     <span class='ocr_line' id='line_1_80' title="bbox 279 4835 1854 4912; baseline -0.004 -18"><span class='ocrx_word' id='word_1_569' title='bbox 279 4857 386 4908; x_wconf 84' lang='grc' dir='ltr'>μοις</span> <span class='ocrx_word' id='word_1_570' title='bbox 415 4841 659 4912; x_wconf 77' lang='grc' dir='ltr'>ἡμέραις</span> <span class='ocrx_word' id='word_1_571' title='bbox 698 4841 1063 4912; x_wconf 79' lang='grc' dir='ltr'>ὲπισυνήγετο</span> <span class='ocrx_word' id='word_1_572' title='bbox 1123 4840 1260 4909; x_wconf 83' lang='grc' dir='ltr'>πρὸς</span> <span class='ocrx_word' id='word_1_573' title='bbox 1307 4838 1367 4892; x_wconf 78' lang='grc' dir='ltr'><strong>τὸ</strong></span> <span class='ocrx_word' id='word_1_574' title='bbox 1395 4835 1854 4891; x_wconf 88' lang='grc' dir='ltr'>κατοπτεύεσθαι.</span> 
     </span>
    </p>
   </div>
   <div class='ocr_carea' id='block_1_81' title="bbox 277 4928 1858 5004">
    <p class='ocr_par' dir='ltr' id='par_1_81' title="bbox 277 4928 1858 5004">
     <span class='ocr_line' id='line_1_81' title="bbox 277 4928 1858 5004; baseline -0.004 -16"><span class='ocrx_word' id='word_1_575' title='bbox 277 4928 442 4992; x_wconf 87' lang='grc' dir='ltr'>Ἦσαν</span> <span class='ocrx_word' id='word_1_576' title='bbox 473 4937 532 4990; x_wconf 83' lang='grc' dir='ltr'>δὲ</span> <span class='ocrx_word' id='word_1_577' title='bbox 563 4937 662 4990; x_wconf 76' lang='grc' dir='ltr'><strong>καὶ</strong></span> <span class='ocrx_word' id='word_1_578' title='bbox 695 4936 929 4989; x_wconf 84' lang='grc' dir='ltr'>σινδόναι</span> <span class='ocrx_word' id='word_1_579' title='bbox 964 4932 1380 5004; x_wconf 86' lang='grc' dir='ltr'>περιτιθέμεναι</span> <span class='ocrx_word' id='word_1_580' title='bbox 1410 4929 1488 5001; x_wconf 84' lang='grc' dir='ltr'><strong>τῷ</strong></span> <span class='ocrx_word' id='word_1_581' title='bbox 1532 4929 1858 4998; x_wconf 82' lang='grc' dir='ltr'>ἀγιάσματι.</span> 
     </span>
    </p>
   </div>
   <div class='ocr_carea' id='block_1_82' title="bbox 279 5021 1857 5099">
    <p class='ocr_par' dir='ltr' id='par_1_82' title="bbox 279 5021 1857 5099">
     <span class='ocr_line' id='line_1_82' title="bbox 279 5021 1857 5099; baseline -0.006 -17"><span class='ocrx_word' id='word_1_582' title='bbox 279 5031 376 5083; x_wconf 74' lang='grc' dir='ltr'><strong>Καὶ</strong></span> <span class='ocrx_word' id='word_1_583' title='bbox 413 5033 508 5086; x_wconf 70' lang='grc' dir='ltr'><strong>ἐπὶ</strong></span> <span class='ocrx_word' id='word_1_584' title='bbox 535 5033 660 5094; x_wconf 85' lang='grc' dir='ltr'>ταῖς</span> <span class='ocrx_word' id='word_1_585' title='bbox 697 5029 920 5097; x_wconf 87' lang='grc' dir='ltr'>σινδόσι,</span> <span class='ocrx_word' id='word_1_586' title='bbox 954 5027 1278 5099; x_wconf 69' lang='grc' dir='ltr'>βεϐαμμένα</span> <span class='ocrx_word' id='word_1_587' title='bbox 1335 5023 1608 5086; x_wconf 83' lang='grc' dir='ltr'>ποικίλαις</span> <span class='ocrx_word' id='word_1_588' title='bbox 1659 5021 1857 5092; x_wconf 79' lang='grc' dir='ltr'>βαφαῖς</span> 
     </span>
    </p>
   </div>
   <div class='ocr_carea' id='block_1_83' title="bbox 279 5113 1852 5192">
    <p class='ocr_par' dir='ltr' id='par_1_83' title="bbox 279 5113 1852 5192">
     <span class='ocr_line' id='line_1_83' title="bbox 279 5113 1852 5192; baseline -0.004 -18"><span class='ocrx_word' id='word_1_589' title='bbox 279 5121 431 5192; x_wconf 69' lang='grc' dir='ltr'>ἓτερα</span> <span class='ocrx_word' id='word_1_590' title='bbox 466 5123 832 5192; x_wconf 84' lang='grc' dir='ltr'>καλύμματα,</span> <span class='ocrx_word' id='word_1_591' title='bbox 865 5120 1004 5190; x_wconf 74' lang='grc' dir='ltr'>πρὸς</span> <span class='ocrx_word' id='word_1_592' title='bbox 1041 5118 1104 5172; x_wconf 82' lang='grc' dir='ltr'><strong>τὸ</strong></span> <span class='ocrx_word' id='word_1_593' title='bbox 1131 5117 1257 5180; x_wconf 80' lang='grc' dir='ltr'>τοὺς</span> <span class='ocrx_word' id='word_1_594' title='bbox 1287 5115 1566 5187; x_wconf 86' lang='grc' dir='ltr'>χειμῶνας</span> <span class='ocrx_word' id='word_1_595' title='bbox 1611 5113 1852 5184; x_wconf 80' lang='grc' dir='ltr'>ἐπέχειν.</span> 
     </span>
    </p>
   </div>
   <div class='ocr_carea' id='block_1_84' title="bbox 281 5205 1860 5281">
    <p class='ocr_par' dir='ltr' id='par_1_84' title="bbox 281 5205 1860 5281">
     <span class='ocr_line' id='line_1_84' title="bbox 281 5205 1860 5281; baseline -0.007 -13"><span class='ocrx_word' id='word_1_596' title='bbox 281 5215 382 5268; x_wconf 67' lang='grc' dir='ltr'>Καὶ</span> <span class='ocrx_word' id='word_1_597' title='bbox 402 5215 594 5269; x_wconf 74' lang='grc' dir='ltr'>ἐπάνω</span> <span class='ocrx_word' id='word_1_598' title='bbox 625 5213 831 5268; x_wconf 89' lang='grc' dir='ltr'>τούτων</span> <span class='ocrx_word' id='word_1_599' title='bbox 862 5212 1021 5267; x_wconf 78' lang='grc' dir='ltr'>ἄλλαι</span> <span class='ocrx_word' id='word_1_600' title='bbox 1051 5209 1300 5281; x_wconf 85' lang='grc' dir='ltr'>διφθέραι</span> <span class='ocrx_word' id='word_1_601' title='bbox 1333 5205 1725 5278; x_wconf 82' lang='grc' dir='ltr'>πεποιημέναι,</span> <span class='ocrx_word' id='word_1_602' title='bbox 1762 5221 1860 5257; x_wconf 77' lang='grc' dir='ltr'>κα-</span> 
     </span>
    </p>
   </div>
   <div class='ocr_carea' id='block_1_85' title="bbox 281 5300 1508 5374">
    <p class='ocr_par' dir='ltr' id='par_1_85' title="bbox 281 5300 1508 5374">
     <span class='ocr_line' id='line_1_85' title="bbox 281 5300 1508 5374; baseline -0.002 -19"><span class='ocrx_word' id='word_1_603' title='bbox 281 5303 574 5361; x_wconf 72' lang='grc' dir='ltr'>ὶύπτουσαι</span> <span class='ocrx_word' id='word_1_604' title='bbox 595 5305 663 5359; x_wconf 78' lang='grc' dir='ltr'>τὰ</span> <span class='ocrx_word' id='word_1_605' title='bbox 693 5307 1060 5374; x_wconf 80' lang='grc' dir='ltr'>σκεπάσματα</span> <span class='ocrx_word' id='word_1_606' title='bbox 1077 5305 1136 5357; x_wconf 85' lang='grc' dir='ltr'><strong>έν</strong></span> <span class='ocrx_word' id='word_1_607' title='bbox 1164 5303 1276 5366; x_wconf 85' lang='grc' dir='ltr'>τοῖς</span> <span class='ocrx_word' id='word_1_608' title='bbox 1313 5300 1508 5363; x_wconf 84' lang='grc' dir='ltr'>ὑετοῖς.</span> 
     </span>
    </p>
   </div>
   <div class='ocr_carea' id='block_1_86' title="bbox 345 5569 781 5626">
    <p class='ocr_par' dir='ltr' id='par_1_86' title="bbox 345 5569 781 5626">
     <span class='ocr_line' id='line_1_86' title="bbox 345 5569 781 5626; baseline -0.005 -2"><span class='ocrx_word' id='word_1_609' title='bbox 345 5571 386 5600; x_wconf 75' lang='grc'><strong><em>⁵⁷</em></strong></span> <span class='ocrx_word' id='word_1_610' title='bbox 419 5569 598 5626; x_wconf 77' lang='lat' dir='ltr'><strong>Exod.</strong></span> <span class='ocrx_word' id='word_1_611' title='bbox 635 5585 781 5623; x_wconf 75' lang='lat' dir='ltr'><strong>sxw.</strong></span> 
     </span>
    </p>
   </div>
   <div class='ocr_carea' id='block_1_87' title="bbox 357 5727 968 5802">
    <p class='ocr_par' dir='ltr' id='par_1_87' title="bbox 357 5727 968 5802">
     <span class='ocr_line' id='line_1_87' title="bbox 357 5727 968 5802; baseline -0.003 -20"><span class='ocrx_word' id='word_1_612' title='bbox 357 5729 464 5802; x_wconf 61' lang='grc' dir='ltr'><strong>(ἓξ)</strong></span> <span class='ocrx_word' id='word_1_613' title='bbox 492 5727 699 5802; x_wconf 55' lang='lat' dir='ltr'><strong>Locus</strong></span> <span class='ocrx_word' id='word_1_614' title='bbox 723 5728 968 5802; x_wconf 77' lang='lat' dir='ltr'><strong>vitiatus.</strong></span> 
     </span>
    </p>
   </div>
   <div class='ocr_carea' id='block_1_88' title="bbox 355 5795 846 5868">
    <p class='ocr_par' dir='ltr' id='par_1_88' title="bbox 355 5795 846 5868">
     <span class='ocr_line' id='line_1_88' title="bbox 355 5795 846 5868; baseline -0.006 -14"><span class='ocrx_word' id='word_1_615' title='bbox 489 5799 754 5854; x_wconf 77' lang='lat' dir='ltr'><strong>licscrtbe</strong></span> <span class='ocrx_word' id='word_1_616' title='bbox 795 5795 846 5851; x_wconf 83' lang='lat' dir='ltr'><strong>t&#39;.</strong></span> 
     </span>
    </p>
   </div>
   <div class='ocr_carea' id='block_1_89' title="bbox 1941 3246 3526 3324">
    <p class='ocr_par' dir='ltr' id='par_1_89' title="bbox 1941 3246 3526 3324">
     <span class='ocr_line' id='line_1_89' title="bbox 1941 3246 3526 3324; baseline -0.006 -15"><span class='ocrx_word' id='word_1_617' title='bbox 1941 3256 2215 3310; x_wconf 88' lang='lat' dir='ltr'><strong>internum</strong></span> <span class='ocrx_word' id='word_1_618' title='bbox 2269 3253 2506 3324; x_wconf 80' lang='lat' dir='ltr'><strong>Atlytum</strong></span> <span class='ocrx_word' id='word_1_619' title='bbox 2563 3253 2870 3308; x_wconf 87' lang='lat' dir='ltr'><strong>cubitorum</strong></span> <span class='ocrx_word' id='word_1_620' title='bbox 2903 3267 2958 3312; x_wconf 75' lang='grc' dir='ltr'><strong>χ.</strong></span> <span class='ocrx_word' id='word_1_621' title='bbox 2995 3249 3376 3305; x_wconf 86' lang='lat' dir='ltr'><strong>sacerdotibus</strong></span> <span class='ocrx_word' id='word_1_622' title='bbox 3407 3246 3526 3300; x_wconf 79' lang='lat' dir='ltr'><strong>ina-</strong></span> 
     </span>
    </p>
   </div>
   <div class='ocr_carea' id='block_1_90' title="bbox 1940 3337 3532 3408">
    <p class='ocr_par' dir='ltr' id='par_1_90' title="bbox 1940 3337 3532 3408">
     <span class='ocr_line' id='line_1_90' title="bbox 1940 3337 3532 3408; baseline -0.007 -8"><span class='ocrx_word' id='word_1_623' title='bbox 1940 3359 2180 3399; x_wconf 89' lang='lat' dir='ltr'><strong>cessum.</strong></span> <span class='ocrx_word' id='word_1_624' title='bbox 2216 3343 2461 3408; x_wconf 85' lang='lat' dir='ltr'><strong>Quatuor</strong></span> <span class='ocrx_word' id='word_1_625' title='bbox 2491 3351 2672 3397; x_wconf 85' lang='lat' dir='ltr'><strong>autem</strong></span> <span class='ocrx_word' id='word_1_626' title='bbox 2708 3343 2980 3397; x_wconf 72' lang='lat' dir='ltr'><strong>columna:</strong></span> <span class='ocrx_word' id='word_1_627' title='bbox 3012 3339 3251 3408; x_wconf 85' lang='lat' dir='ltr'><strong>aequales</strong></span> <span class='ocrx_word' id='word_1_628' title='bbox 3286 3337 3411 3390; x_wconf 88' lang='lat' dir='ltr'><strong>aliis</strong></span> <span class='ocrx_word' id='word_1_629' title='bbox 3439 3338 3532 3390; x_wconf 71' lang='grc' dir='ltr'>εσσε</span> 
     </span>
    </p>
   </div>
   <div class='ocr_carea' id='block_1_91' title="bbox 1941 3425 3530 3508">
    <p class='ocr_par' dir='ltr' id='par_1_91' title="bbox 1941 3425 3530 3508">
     <span class='ocr_line' id='line_1_91' title="bbox 1941 3425 3530 3508; baseline -0.007 -17"><span class='ocrx_word' id='word_1_630' title='bbox 1941 3435 2208 3508; x_wconf 87' lang='lat' dir='ltr'><strong>parabant</strong></span> <span class='ocrx_word' id='word_1_631' title='bbox 2241 3437 2473 3506; x_wconf 84' lang='lat' dir='ltr'><strong>Adytum</strong></span> <span class='ocrx_word' id='word_1_632' title='bbox 2529 3451 2559 3490; x_wconf 90' lang='lat' dir='ltr'><strong>a</strong></span> <span class='ocrx_word' id='word_1_633' title='bbox 2598 3443 2750 3504; x_wconf 88' lang='lat' dir='ltr'><strong>parte</strong></span> <span class='ocrx_word' id='word_1_634' title='bbox 2815 3434 3040 3488; x_wconf 75' lang='lat' dir='ltr'><strong>extima.</strong></span> <span class='ocrx_word' id='word_1_635' title='bbox 3088 3429 3302 3498; x_wconf 77' lang='lat' dir='ltr'><strong>Reliqui</strong></span> <span class='ocrx_word' id='word_1_636' title='bbox 3341 3425 3530 3497; x_wconf 68' lang='lat' dir='ltr'><strong>viginti</strong></span> 
     </span>
    </p>
   </div>
   <div class='ocr_carea' id='block_1_92' title="bbox 1942 3521 3530 3600">
    <p class='ocr_par' dir='ltr' id='par_1_92' title="bbox 1942 3521 3530 3600">
     <span class='ocr_line' id='line_1_92' title="bbox 1942 3521 3530 3600; baseline -0.009 -15"><span class='ocrx_word' id='word_1_637' title='bbox 1942 3529 2132 3595; x_wconf 89' lang='lat' dir='ltr'><strong>cubiti,</strong></span> <span class='ocrx_word' id='word_1_638' title='bbox 2159 3528 2254 3600; x_wconf 92' lang='lat' dir='ltr'><strong>qui</strong></span> <span class='ocrx_word' id='word_1_639' title='bbox 2285 3535 2443 3583; x_wconf 90' lang='lat' dir='ltr'><strong>erant</strong></span> <span class='ocrx_word' id='word_1_640' title='bbox 2471 3536 2600 3582; x_wconf 90' lang='lat' dir='ltr'><strong>ante</strong></span> <span class='ocrx_word' id='word_1_641' title='bbox 2632 3527 2896 3597; x_wconf 80' lang='lat' dir='ltr'><strong>Adytum,</strong></span> <span class='ocrx_word' id='word_1_642' title='bbox 2959 3524 3218 3595; x_wconf 81' lang='lat' dir='ltr'><strong>patebant</strong></span> <span class='ocrx_word' id='word_1_643' title='bbox 3250 3521 3384 3576; x_wconf 89' lang='lat' dir='ltr'><strong>solis</strong></span> <span class='ocrx_word' id='word_1_644' title='bbox 3436 3533 3530 3573; x_wconf 89' lang='lat' dir='ltr'><strong>sa-</strong></span> 
     </span>
    </p>
   </div>
   <div class='ocr_carea' id='block_1_93' title="bbox 1943 3611 3536 3689">
    <p class='ocr_par' dir='ltr' id='par_1_93' title="bbox 1943 3611 3536 3689">
     <span class='ocr_line' id='line_1_93' title="bbox 1943 3611 3536 3689; baseline -0.009 -11"><span class='ocrx_word' id='word_1_645' title='bbox 1943 3621 2281 3678; x_wconf 85' lang='lat' dir='ltr'><strong>cerdotibus.</strong></span> <span class='ocrx_word' id='word_1_646' title='bbox 2315 3619 2508 3684; x_wconf 84' lang='lat' dir='ltr'><strong>Frons,</strong></span> <span class='ocrx_word' id='word_1_647' title='bbox 2543 3619 2689 3676; x_wconf 84' lang='lat' dir='ltr'><strong>unde</strong></span> <span class='ocrx_word' id='word_1_648' title='bbox 2722 3627 2839 3673; x_wconf 90' lang='lat' dir='ltr'><strong>erat</strong></span> <span class='ocrx_word' id='word_1_649' title='bbox 2875 3619 3156 3689; x_wconf 81' lang='lat' dir='ltr'><strong>ingressus</strong></span> <span class='ocrx_word' id='word_1_650' title='bbox 3181 3654 3196 3680; x_wconf 91' lang='lat'><strong>,</strong></span> <span class='ocrx_word' id='word_1_651' title='bbox 3247 3611 3536 3674; x_wconf 84' lang='lat' dir='ltr'><strong>constabat</strong></span> 
     </span>
    </p>
   </div>
   <div class='ocr_carea' id='block_1_94' title="bbox 1944 3703 3539 3786">
    <p class='ocr_par' dir='ltr' id='par_1_94' title="bbox 1944 3703 3539 3786">
     <span class='ocr_line' id='line_1_94' title="bbox 1944 3703 3539 3786; baseline -0.005 -18"><span class='ocrx_word' id='word_1_652' title='bbox 1944 3715 2188 3786; x_wconf 86' lang='lat' dir='ltr'><strong>quinque</strong></span> <span class='ocrx_word' id='word_1_653' title='bbox 2213 3714 2486 3770; x_wconf 89' lang='lat' dir='ltr'><strong>columnis</strong></span> <span class='ocrx_word' id='word_1_654' title='bbox 2501 3711 3028 3777; x_wconf 68' lang='lat' dir='ltr'><strong>deauratis,eaetcris</strong></span> <span class='ocrx_word' id='word_1_655' title='bbox 3050 3708 3350 3779; x_wconf 83' lang='lat' dir='ltr'><strong>aequalibus</strong></span> <span class='ocrx_word' id='word_1_656' title='bbox 3373 3703 3539 3760; x_wconf 81' lang='lat' dir='ltr'><strong>amcis</strong></span> 
     </span>
    </p>
   </div>
   <div class='ocr_carea' id='block_1_95' title="bbox 1925 3799 3539 3869">
    <p class='ocr_par' dir='ltr' id='par_1_95' title="bbox 1925 3799 3539 3869">
     <span class='ocr_line' id='line_1_95' title="bbox 1925 3799 3539 3869; baseline -0.008 -6"><span class='ocrx_word' id='word_1_657' title='bbox 1925 3808 2174 3864; x_wconf 86' lang='lat' dir='ltr'><strong>&#39;basibus</strong></span> <span class='ocrx_word' id='word_1_658' title='bbox 2206 3805 2609 3862; x_wconf 87' lang='lat' dir='ltr'><strong>insistentibus.</strong></span> <span class='ocrx_word' id='word_1_659' title='bbox 2663 3803 2911 3860; x_wconf 85' lang='lat' dir='ltr'><strong>Habebat</strong></span> <span class='ocrx_word' id='word_1_660' title='bbox 2959 3801 3141 3858; x_wconf 73' lang='lat' dir='ltr'><strong>velum</strong></span> <span class='ocrx_word' id='word_1_661' title='bbox 3171 3815 3237 3854; x_wconf 78' lang='lat' dir='ltr'><strong>ex</strong></span> <span class='ocrx_word' id='word_1_662' title='bbox 3279 3799 3444 3869; x_wconf 85' lang='lat' dir='ltr'><strong>bysso</strong></span> <span class='ocrx_word' id='word_1_663' title='bbox 3474 3811 3539 3851; x_wconf 85' lang='lat' dir='ltr'><strong>ac</strong></span> 
     </span>
    </p>
   </div>
   <div class='ocr_carea' id='block_1_96' title="bbox 1947 3889 3542 3972">
    <p class='ocr_par' dir='ltr' id='par_1_96' title="bbox 1947 3889 3542 3972">
     <span class='ocr_line' id='line_1_96' title="bbox 1947 3889 3542 3972; baseline -0.006 -17"><span class='ocrx_word' id='word_1_664' title='bbox 1947 3915 2212 3972; x_wconf 82' lang='lat' dir='ltr'><strong>purpura,</strong></span> <span class='ocrx_word' id='word_1_665' title='bbox 2237 3897 2609 3970; x_wconf 84' lang='lat' dir='ltr'><strong>ctbyacintlto</strong></span> <span class='ocrx_word' id='word_1_666' title='bbox 2643 3907 2808 3968; x_wconf 88' lang='lat' dir='ltr'><strong>atque</strong></span> <span class='ocrx_word' id='word_1_667' title='bbox 2851 3895 3070 3952; x_wconf 70' lang='lat' dir='ltr'><strong>cocciui</strong></span> <span class='ocrx_word' id='word_1_668' title='bbox 3104 3895 3344 3954; x_wconf 83' lang='lat' dir='ltr'><strong>tinctura</strong></span> <span class='ocrx_word' id='word_1_669' title='bbox 3383 3889 3542 3946; x_wconf 87' lang='lat' dir='ltr'><strong>cubi-</strong></span> 
     </span>
    </p>
   </div>
   <div class='ocr_carea' id='block_1_97' title="bbox 1949 3981 3542 4063">
    <p class='ocr_par' dir='ltr' id='par_1_97' title="bbox 1949 3981 3542 4063">
     <span class='ocr_line' id='line_1_97' title="bbox 1949 3981 3542 4063; baseline -0.007 -13"><span class='ocrx_word' id='word_1_670' title='bbox 1949 4007 2129 4050; x_wconf 87' lang='lat' dir='ltr'><strong>torum</strong></span> <span class='ocrx_word' id='word_1_671' title='bbox 2161 4009 2215 4059; x_wconf 68' lang='grc' dir='ltr'><strong>κ,</strong></span> <span class='ocrx_word' id='word_1_672' title='bbox 2266 3992 2774 4063; x_wconf 83' lang='lat' dir='ltr'><strong>separabanturque</strong></span> <span class='ocrx_word' id='word_1_673' title='bbox 2803 3990 2992 4046; x_wconf 85' lang='lat' dir='ltr'><strong>decem</strong></span> <span class='ocrx_word' id='word_1_674' title='bbox 3029 3987 3201 4044; x_wconf 88' lang='lat' dir='ltr'><strong>cubiti</strong></span> <span class='ocrx_word' id='word_1_675' title='bbox 3238 3983 3398 4057; x_wconf 81' lang='lat' dir='ltr'><strong>Adyti</strong></span> <span class='ocrx_word' id='word_1_676' title='bbox 3423 3981 3542 4039; x_wconf 79' lang='lat' dir='ltr'><strong>velo</strong></span> 
     </span>
    </p>
   </div>
   <div class='ocr_carea' id='block_1_98' title="bbox 1951 4089 2080 4145">
    <p class='ocr_par' dir='ltr' id='par_1_98' title="bbox 1951 4089 2080 4145">
     <span class='ocr_line' id='line_1_98' title="bbox 1951 4089 2080 4145; baseline 0.023 -3"><span class='ocrx_word' id='word_1_677' title='bbox 1951 4089 2080 4145; x_wconf 86' lang='lat' dir='ltr'><strong>isto.</strong></span> 
     </span>
    </p>
   </div>
   <div class='ocr_carea' id='block_1_99' title="bbox 2023 4165 3542 4253">
    <p class='ocr_par' dir='ltr' id='par_1_99' title="bbox 2023 4165 3542 4253">
     <span class='ocr_line' id='line_1_99' title="bbox 2023 4165 3542 4253; baseline -0.009 -16"><span class='ocrx_word' id='word_1_678' title='bbox 2023 4185 2100 4238; x_wconf 83' lang='lat' dir='ltr'><strong>Ac</strong></span> <span class='ocrx_word' id='word_1_679' title='bbox 2129 4165 2389 4253; x_wconf 82' lang='lat' dir='ltr'><strong>templum</strong></span> <span class='ocrx_word' id='word_1_680' title='bbox 2416 4179 2634 4250; x_wconf 91' lang='lat' dir='ltr'><strong>quidem</strong></span> <span class='ocrx_word' id='word_1_681' title='bbox 2673 4169 3050 4248; x_wconf 81' lang='lat' dir='ltr'><strong>appellabatur</strong></span> <span class='ocrx_word' id='word_1_682' title='bbox 3087 4172 3367 4236; x_wconf 79' lang='lat' dir='ltr'><strong>Sanctum,</strong></span> <span class='ocrx_word' id='word_1_683' title='bbox 3393 4168 3542 4240; x_wconf 87' lang='lat' dir='ltr'><strong>quod</strong></span> 
     </span>
    </p>
   </div>
   <div class='ocr_carea' id='block_1_100' title="bbox 1951 4261 3545 4329">
    <p class='ocr_par' dir='ltr' id='par_1_100' title="bbox 1951 4261 3545 4329">
     <span class='ocr_line' id='line_1_100' title="bbox 1951 4261 3545 4329; baseline -0.008 -1"><span class='ocrx_word' id='word_1_684' title='bbox 1951 4274 2214 4329; x_wconf 68' lang='lat' dir='ltr'><strong>extimum</strong></span> <span class='ocrx_word' id='word_1_685' title='bbox 2273 4283 2410 4328; x_wconf 87' lang='lat' dir='ltr'><strong>erat.</strong></span> <span class='ocrx_word' id='word_1_686' title='bbox 2465 4269 2722 4327; x_wconf 83' lang='lat' dir='ltr'><strong>Sanctum</strong></span> <span class='ocrx_word' id='word_1_687' title='bbox 2769 4276 3078 4322; x_wconf 80' lang='lat' dir='ltr'><strong>sanctorum</strong></span> <span class='ocrx_word' id='word_1_688' title='bbox 3129 4277 3260 4317; x_wconf 80' lang='lat' dir='ltr'><strong>vero</strong></span> <span class='ocrx_word' id='word_1_689' title='bbox 3286 4261 3545 4316; x_wconf 85' lang='lat' dir='ltr'><strong>audiebat</strong></span> 
     </span>
    </p>
   </div>
   <div class='ocr_carea' id='block_1_101' title="bbox 1953 4355 3541 4439">
    <p class='ocr_par' dir='ltr' id='par_1_101' title="bbox 1953 4355 3541 4439">
     <span class='ocr_line' id='line_1_101' title="bbox 1953 4355 3541 4439; baseline -0.009 -17"><span class='ocrx_word' id='word_1_690' title='bbox 1953 4369 2190 4439; x_wconf 80' lang='lat' dir='ltr'><strong>Adytum</strong></span> <span class='ocrx_word' id='word_1_691' title='bbox 2225 4366 2424 4436; x_wconf 81' lang='lat' dir='ltr'><strong>ipsum.</strong></span> <span class='ocrx_word' id='word_1_692' title='bbox 2455 4363 2636 4417; x_wconf 83' lang='lat' dir='ltr'><strong>Prima</strong></span> <span class='ocrx_word' id='word_1_693' title='bbox 2686 4375 2812 4431; x_wconf 87' lang='lat' dir='ltr'><strong>pars</strong></span> <span class='ocrx_word' id='word_1_694' title='bbox 2843 4375 2911 4414; x_wconf 72' lang='lat' dir='ltr'><strong>xx</strong></span> <span class='ocrx_word' id='word_1_695' title='bbox 2967 4357 3274 4413; x_wconf 81' lang='lat' dir='ltr'><strong>cubitorum</strong></span> <span class='ocrx_word' id='word_1_696' title='bbox 3297 4355 3541 4428; x_wconf 79' lang='lat' dir='ltr'><strong>permit-</strong></span> 
     </span>
    </p>
   </div>
   <div class='ocr_carea' id='block_1_102' title="bbox 1957 4448 3542 4524">
    <p class='ocr_par' dir='ltr' id='par_1_102' title="bbox 1957 4448 3542 4524">
     <span class='ocr_line' id='line_1_102' title="bbox 1957 4448 3542 4524; baseline -0.009 -8"><span class='ocrx_word' id='word_1_697' title='bbox 1957 4461 2174 4516; x_wconf 83' lang='lat' dir='ltr'><strong>tebatur</strong></span> <span class='ocrx_word' id='word_1_698' title='bbox 2207 4457 2580 4513; x_wconf 84' lang='lat' dir='ltr'><strong>sacerdotibus</strong></span> <span class='ocrx_word' id='word_1_699' title='bbox 2631 4452 3079 4524; x_wconf 83' lang='lat' dir='ltr'><strong>ingredientibus.</strong></span> <span class='ocrx_word' id='word_1_700' title='bbox 3111 4449 3180 4504; x_wconf 79' lang='lat' dir='ltr'><strong>At</strong></span> <span class='ocrx_word' id='word_1_701' title='bbox 3207 4448 3542 4504; x_wconf 82' lang='lat' dir='ltr'><strong>vestibulum</strong></span> 
     </span>
    </p>
   </div>
   <div class='ocr_carea' id='block_1_103' title="bbox 1957 4540 3543 4614">
    <p class='ocr_par' dir='ltr' id='par_1_103' title="bbox 1957 4540 3543 4614">
     <span class='ocr_line' id='line_1_103' title="bbox 1957 4540 3543 4614; baseline -0.009 -6"><span class='ocrx_word' id='word_1_702' title='bbox 1957 4561 2084 4608; x_wconf 87' lang='lat' dir='ltr'><strong>ante</strong></span> <span class='ocrx_word' id='word_1_703' title='bbox 2113 4553 2398 4606; x_wconf 87' lang='lat' dir='ltr'><strong>introitum</strong></span> <span class='ocrx_word' id='word_1_704' title='bbox 2429 4549 2741 4604; x_wconf 85' lang='lat' dir='ltr'><strong>cubitorum</strong></span> <span class='ocrx_word' id='word_1_705' title='bbox 2793 4561 2848 4611; x_wconf 71' lang='grc' dir='ltr'>ι,</span> <span class='ocrx_word' id='word_1_706' title='bbox 2881 4544 3027 4614; x_wconf 78' lang='lat' dir='ltr'><strong>quod</strong></span> <span class='ocrx_word' id='word_1_707' title='bbox 3063 4551 3181 4597; x_wconf 89' lang='lat' dir='ltr'><strong>erat</strong></span> <span class='ocrx_word' id='word_1_708' title='bbox 3214 4553 3341 4597; x_wconf 82' lang='lat' dir='ltr'><strong>ante</strong></span> <span class='ocrx_word' id='word_1_709' title='bbox 3385 4540 3543 4594; x_wconf 77' lang='lat' dir='ltr'><strong>fron-</strong></span> 
     </span>
    </p>
   </div>
   <div class='ocr_carea' id='block_1_104' title="bbox 1959 4633 3548 4715">
    <p class='ocr_par' dir='ltr' id='par_1_104' title="bbox 1959 4633 3548 4715">
     <span class='ocr_line' id='line_1_104' title="bbox 1959 4633 3548 4715; baseline -0.009 -14"><span class='ocrx_word' id='word_1_710' title='bbox 1959 4655 2090 4713; x_wconf 88' lang='lat' dir='ltr'><strong>tem,</strong></span> <span class='ocrx_word' id='word_1_711' title='bbox 2130 4645 2410 4715; x_wconf 82' lang='lat' dir='ltr'><strong>separabat</strong></span> <span class='ocrx_word' id='word_1_712' title='bbox 2469 4641 2646 4696; x_wconf 78' lang='lat' dir='ltr'><strong>velum</strong></span> <span class='ocrx_word' id='word_1_713' title='bbox 2699 4653 3028 4706; x_wconf 82' lang='lat' dir='ltr'><strong>suspensum</strong></span> <span class='ocrx_word' id='word_1_714' title='bbox 3083 4635 3330 4700; x_wconf 75' lang='lat' dir='ltr'><strong>funibus,</strong></span> <span class='ocrx_word' id='word_1_715' title='bbox 3399 4633 3548 4705; x_wconf 87' lang='lat' dir='ltr'><strong>quod</strong></span> 
     </span>
    </p>
   </div>
   <div class='ocr_carea' id='block_1_105' title="bbox 1961 4730 3550 4808">
    <p class='ocr_par' dir='ltr' id='par_1_105' title="bbox 1961 4730 3550 4808">
     <span class='ocr_line' id='line_1_105' title="bbox 1961 4730 3550 4808; baseline -0.01 -13"><span class='ocrx_word' id='word_1_716' title='bbox 1961 4742 2222 4808; x_wconf 86' lang='lat' dir='ltr'><strong>utrinque</strong></span> <span class='ocrx_word' id='word_1_717' title='bbox 2248 4737 2468 4792; x_wconf 86' lang='lat' dir='ltr'><strong>annnlis</strong></span> <span class='ocrx_word' id='word_1_718' title='bbox 2495 4733 2818 4805; x_wconf 70' lang='lat' dir='ltr'><strong>cogebatur,</strong></span> <span class='ocrx_word' id='word_1_719' title='bbox 2873 4741 2934 4785; x_wconf 80' lang='lat' dir='ltr'><strong>ut</strong></span> <span class='ocrx_word' id='word_1_720' title='bbox 2958 4739 3012 4785; x_wconf 86' lang='lat' dir='ltr'><strong>ct</strong></span> <span class='ocrx_word' id='word_1_721' title='bbox 3043 4730 3264 4784; x_wconf 77' lang='lat' dir='ltr'><strong>extendi</strong></span> <span class='ocrx_word' id='word_1_722' title='bbox 3311 4737 3366 4784; x_wconf 87' lang='lat' dir='ltr'><strong>et</strong></span> <span class='ocrx_word' id='word_1_723' title='bbox 3415 4743 3550 4782; x_wconf 88' lang='lat' dir='ltr'><strong>con-</strong></span> 
     </span>
    </p>
   </div>
   <div class='ocr_carea' id='block_1_106' title="bbox 1962 4820 3553 4900">
    <p class='ocr_par' dir='ltr' id='par_1_106' title="bbox 1962 4820 3553 4900">
     <span class='ocr_line' id='line_1_106' title="bbox 1962 4820 3553 4900; baseline -0.008 -13"><span class='ocrx_word' id='word_1_724' title='bbox 1962 4831 2104 4887; x_wconf 85' lang='lat' dir='ltr'><strong>tralti</strong></span> <span class='ocrx_word' id='word_1_725' title='bbox 2135 4841 2320 4900; x_wconf 83' lang='lat' dir='ltr'><strong>posset</strong></span> <span class='ocrx_word' id='word_1_726' title='bbox 2361 4827 2426 4882; x_wconf 86' lang='lat' dir='ltr'><strong>ad</strong></span> <span class='ocrx_word' id='word_1_727' title='bbox 2455 4827 2740 4897; x_wconf 84' lang='lat' dir='ltr'><strong>angulum.</strong></span> <span class='ocrx_word' id='word_1_728' title='bbox 2759 4823 3069 4892; x_wconf 75' lang='lat' dir='ltr'><strong>Insignibus</strong></span> <span class='ocrx_word' id='word_1_729' title='bbox 3096 4837 3333 4890; x_wconf 87' lang='lat' dir='ltr'><strong>namque</strong></span> <span class='ocrx_word' id='word_1_730' title='bbox 3357 4820 3553 4876; x_wconf 85' lang='lat' dir='ltr'><strong>diebus</strong></span> 
     </span>
    </p>
   </div>
   <div class='ocr_carea' id='block_1_107' title="bbox 1964 4915 3552 4994">
    <p class='ocr_par' dir='ltr' id='par_1_107' title="bbox 1964 4915 3552 4994">
     <span class='ocr_line' id='line_1_107' title="bbox 1964 4915 3552 4994; baseline -0.009 -13"><span class='ocrx_word' id='word_1_731' title='bbox 1964 4925 2282 4994; x_wconf 82' lang='lat' dir='ltr'><strong>cogebatur,</strong></span> <span class='ocrx_word' id='word_1_732' title='bbox 2313 4929 2370 4976; x_wconf 88' lang='lat' dir='ltr'><strong>ut</strong></span> <span class='ocrx_word' id='word_1_733' title='bbox 2401 4927 2718 4988; x_wconf 80' lang='lat' dir='ltr'><strong>prospectus</strong></span> <span class='ocrx_word' id='word_1_734' title='bbox 2744 4925 2970 4986; x_wconf 88' lang='lat' dir='ltr'><strong>pateret.</strong></span> <span class='ocrx_word' id='word_1_735' title='bbox 3015 4915 3185 4968; x_wconf 86' lang='lat' dir='ltr'><strong>Erant</strong></span> <span class='ocrx_word' id='word_1_736' title='bbox 3211 4916 3374 4967; x_wconf 73' lang='lat' dir='ltr'><strong>etiam</strong></span> <span class='ocrx_word' id='word_1_737' title='bbox 3401 4927 3552 4982; x_wconf 71' lang='lat' dir='ltr'><strong>qua:-</strong></span> 
     </span>
    </p>
   </div>
   <div class='ocr_carea' id='block_1_108' title="bbox 1963 5005 3554 5076">
    <p class='ocr_par' dir='ltr' id='par_1_108' title="bbox 1963 5005 3554 5076">
     <span class='ocr_line' id='line_1_108' title="bbox 1963 5005 3554 5076; baseline -0.01 -6"><span class='ocrx_word' id='word_1_738' title='bbox 1963 5016 2090 5071; x_wconf 83' lang='lat' dir='ltr'><strong>dam</strong></span> <span class='ocrx_word' id='word_1_739' title='bbox 2147 5011 2406 5068; x_wconf 85' lang='lat' dir='ltr'><strong>sindoncs</strong></span> <span class='ocrx_word' id='word_1_740' title='bbox 2459 5007 2862 5076; x_wconf 69' lang='lat' dir='ltr'><strong>circumpositae</strong></span> <span class='ocrx_word' id='word_1_741' title='bbox 2905 5005 3242 5068; x_wconf 83' lang='lat' dir='ltr'><strong>sanctuario,</strong></span> <span class='ocrx_word' id='word_1_742' title='bbox 3293 5012 3346 5056; x_wconf 88' lang='lat' dir='ltr'><strong>et</strong></span> <span class='ocrx_word' id='word_1_743' title='bbox 3389 5017 3554 5066; x_wconf 80' lang='lat' dir='ltr'><strong>super</strong></span> 
     </span>
    </p>
   </div>
   <div class='ocr_carea' id='block_1_109' title="bbox 1967 5093 3552 5169">
    <p class='ocr_par' dir='ltr' id='par_1_109' title="bbox 1967 5093 3552 5169">
     <span class='ocr_line' id='line_1_109' title="bbox 1967 5093 3552 5169; baseline -0.009 -9"><span class='ocrx_word' id='word_1_744' title='bbox 1967 5105 2296 5160; x_wconf 84' lang='lat' dir='ltr'><strong>sindonibus</strong></span> <span class='ocrx_word' id='word_1_745' title='bbox 2323 5101 2658 5169; x_wconf 83' lang='lat' dir='ltr'><strong>cperimenta</strong></span> <span class='ocrx_word' id='word_1_746' title='bbox 2701 5099 2804 5152; x_wconf 83' lang='lat' dir='ltr'><strong>alia</strong></span> <span class='ocrx_word' id='word_1_747' title='bbox 2841 5098 3010 5152; x_wconf 89' lang='lat' dir='ltr'><strong>tincta</strong></span> <span class='ocrx_word' id='word_1_748' title='bbox 3053 5095 3219 5149; x_wconf 77' lang='lat' dir='ltr'><strong>variis</strong></span> <span class='ocrx_word' id='word_1_749' title='bbox 3248 5093 3552 5155; x_wconf 81' lang='lat' dir='ltr'><strong>coloribus,</strong></span> 
     </span>
    </p>
   </div>
   <div class='ocr_carea' id='block_1_110' title="bbox 1969 5183 3555 5260">
    <p class='ocr_par' dir='ltr' id='par_1_110' title="bbox 1969 5183 3555 5260">
     <span class='ocr_line' id='line_1_110' title="bbox 1969 5183 3555 5260; baseline -0.009 -7"><span class='ocrx_word' id='word_1_750' title='bbox 1969 5197 2036 5253; x_wconf 82' lang='lat' dir='ltr'><strong>ad</strong></span> <span class='ocrx_word' id='word_1_751' title='bbox 2071 5195 2434 5251; x_wconf 86' lang='lat' dir='ltr'><strong>resistendum</strong></span> <span class='ocrx_word' id='word_1_752' title='bbox 2495 5190 2931 5260; x_wconf 84' lang='lat' dir='ltr'><strong>tempestatibus.</strong></span> <span class='ocrx_word' id='word_1_753' title='bbox 2985 5189 3063 5240; x_wconf 81' lang='lat' dir='ltr'><strong>Ac</strong></span> <span class='ocrx_word' id='word_1_754' title='bbox 3097 5201 3263 5255; x_wconf 88' lang='lat' dir='ltr'><strong>supra</strong></span> <span class='ocrx_word' id='word_1_755' title='bbox 3315 5183 3402 5239; x_wconf 87' lang='lat' dir='ltr'><strong>his</strong></span> <span class='ocrx_word' id='word_1_756' title='bbox 3433 5183 3555 5238; x_wconf 71' lang='lat' dir='ltr'><strong>alia:</strong></span> 
     </span>
    </p>
   </div>
   <div class='ocr_carea' id='block_1_111' title="bbox 1973 5281 3556 5362">
    <p class='ocr_par' dir='ltr' id='par_1_111' title="bbox 1973 5281 3556 5362">
     <span class='ocr_line' id='line_1_111' title="bbox 1973 5281 3556 5362; baseline -0.011 -16"><span class='ocrx_word' id='word_1_757' title='bbox 1973 5291 2137 5362; x_wconf 88' lang='lat' dir='ltr'><strong>pelles</strong></span> <span class='ocrx_word' id='word_1_758' title='bbox 2171 5289 2461 5344; x_wconf 77' lang='lat' dir='ltr'><strong>elaborata:</strong></span> <span class='ocrx_word' id='word_1_759' title='bbox 2495 5283 2873 5355; x_wconf 89' lang='lat' dir='ltr'><strong>eooperientes</strong></span> <span class='ocrx_word' id='word_1_760' title='bbox 2907 5281 3023 5350; x_wconf 88' lang='lat' dir='ltr'><strong>ipsa</strong></span> <span class='ocrx_word' id='word_1_761' title='bbox 3071 5283 3384 5347; x_wconf 78' lang='lat' dir='ltr'><strong>tegumenta</strong></span> <span class='ocrx_word' id='word_1_762' title='bbox 3415 5283 3556 5332; x_wconf 88' lang='lat' dir='ltr'><strong>tem-</strong></span> 
     </span>
    </p>
   </div>
   <div class='ocr_carea' id='block_1_112' title="bbox 1975 5381 2468 5454">
    <p class='ocr_par' dir='ltr' id='par_1_112' title="bbox 1975 5381 2468 5454">
     <span class='ocr_line' id='line_1_112' title="bbox 1975 5381 2468 5454; baseline -0.018 -17"><span class='ocrx_word' id='word_1_763' title='bbox 1975 5395 2105 5454; x_wconf 85' lang='lat' dir='ltr'><strong>pore</strong></span> <span class='ocrx_word' id='word_1_764' title='bbox 2135 5381 2468 5450; x_wconf 76' lang='lat' dir='ltr'><strong>pluviarum.</strong></span> 
     </span>
    </p>
   </div>
   <div class='ocr_carea' id='block_1_113' title="bbox 2073 5709 2692 5784">
    <p class='ocr_par' dir='ltr' id='par_1_113' title="bbox 2073 5709 2692 5784">
     <span class='ocr_line' id='line_1_113' title="bbox 2073 5709 2692 5784; baseline 0 -19"><span class='ocrx_word' id='word_1_765' title='bbox 2073 5709 2164 5784; x_wconf 66' lang='grc'><strong>*24)</strong></span> <span class='ocrx_word' id='word_1_766' title='bbox 2195 5713 2298 5770; x_wconf 84' lang='lat' dir='ltr'><strong>Ms.</strong></span> <span class='ocrx_word' id='word_1_767' title='bbox 2333 5712 2692 5782; x_wconf 80' lang='grc' dir='ltr'>γιγγλίσκοις.</span> 
     </span>
    </p>
   </div>
  </div>
