4044 6412
502 370 599 435 131

2034 352 2343 417 JOSEPPI

3676 352 3777 416 132

568 482 757 539 Mense
794 480 991 534 'autem
1056 474 1315 539 Chasleu,
1344 470 1436 541 qui
1468 479 1554 525 est
1604 470 1828 539 Aprilis,
1887 469 1974 524 dic
2000 470 2051 523 vi

2257 462 2406 533 Μηνὶ
2426 461 2483 515 δὲ
2502 460 2738 523 Χασλεὺ,
2769 461 2825 524 ὅς
2844 460 2997 514 ἐστιν
3031 460 3342 531 ’Λπρίλλιος
3369 461 3508 532 (5i),
3548 463 3776 534 πέμπτῃ

498 576 703 631 cesitna
759 573 973 641 quinta,
1015 568 1159 621 aliud
1195 566 1413 625 festum,
1450 562 1677 614 Lumina
1722 561 2077 630 appellatum,

499 667 801 729 celebrant,
868 658 1189 716 memoriam
1254 665 1478 723 agentes
1529 654 1803 723 puriﬁeati
1870 651 2079 721 templi,

500 757 646 830 quod
687 753 1069 826 profanaverat
1096 747 1400 801 Anzioeltus
1437 745 1672 798 Illustris
1701 744 1777 796 δ’.

576 846 760 901 Mense
790 856 953 911 porro
1005 838 1195 905 Nisau,
1251 838 1366 906 ipse
1396 844 1475 890 est
1536 834 1863 898 Xanthicus,
1920 832 2082 886 aliam

504 946 672 1008 agunt
688 933 1088 991 Solemnitatem
1114 930 1354 985 maxime
1374 928 1668 998 insignem,
1686 925 1909 996 quando
1940 922 2085 978 illius

505 1028 803 1083 Mattathim
839 1039 1022 1079 arcem
1047 1022 1376 1093 put-illeavit.

502 1140 655 1196 CAP.
675 1136 935 1194 CXXVII.
971 1166 1037 1177 —
1080 1133 1554 1203 Quwuantjejunia
1581 1130 1844 1186 celebrant
1864 1126 2067 1182 Judaei.

575 1313 651 1366 Ex
701 1313 822 1382 lege
873 1310 1091 1380 quidem
1127 1316 1457 1379 acceperunt
1488 1307 1849 1377 jejunandum
1902 1318 2091 1359 mense

506 1404 759 1474 septimo,
790 1402 1001 1458 decima
1041 1401 1130 1456 die
1165 1400 1388 1455 mensis.
1440 1398 1582 1454 Sunt
1630 1408 1810 1453 tamen
1875 1403 1929 1451 et
1980 1394 2089 1448 alia

506 1504 741 1565 quatuor
761 1493 969 1563 jejunia
1012 1508 1137 1563 quae
1162 1490 1504 1547 observanda
1549 1496 1903 1559 acceperunt,
1945 1499 2089 1556 quo-

507 1604 629 1641 rum
682 1594 861 1641 exstat
896 1586 1107 1640 mentio
1162 1582 1302 1653 apud
1363 1582 1685 1652 prophetam
1744 1578 2090 1640 Zachariam.

507 1694 633 1732 cum
681 1679 747 1733 de
777 1678 885 1732 illis
921 1676 1162 1746 loquitur
1202 1673 1514 1743 :Jejunium
1558 1671 1747 1725 mensis
1799 1671 1997 1739 quarti,
2044 1678 2094 1722 et

510 1768 769 1836 jejunium
800 1766 991 1836 quinti,
1013 1775 1063 1818 et
1090 1764 1353 1833 jejunium
1374 1764 1605 1833 septimi,
1635 1770 1684 1816 et
1710 1760 1977 1830 jejunium
2003 1758 2095 1811 tle-

511 1856 635 1909 cimi
674 1857 774 1908 erit
808 1855 987 1908 domui
1028 1852 1176 1907 Iuda
1215 1853 1269 1907 in
1316 1854 1568 1921 gaudium
1620 1860 1669 1905 et
1720 1852 1776 1904 in
1827 1850 2091 1913 lwtitiam,

511 1958 561 2000 et
602 1948 659 2000 in
716 1947 1027 2016 festivitates
1080 1946 1242 1999 bonas
1294 1944 1360 1998 ⁵³.
1422 1946 1499 1998 Ac
1548 1943 1816 2013 jejunium
1873 1941 2093 2010 quidem

513 2039 717 2093 mensis
774 2038 978 2107 quarti,
1011 2037 1176 2092 estin
1212 2051 1323 2106 quo
1358 2049 1548 2091 mense
1584 2035 1778 2089 civitas
1827 2047 1857 2087 a
1912 2033 2095 2086 Nabu-

512 2131 859 2186 chodonosor
895 2130 1112 2196 dirupta
1173 2137 1275 2183 est.
1330 2126 1604 2198 Jejunium
1660 2126 1861 2196 quinti,
1916 2139 2091 2193 quum

515 2223 775 2292 templum
833 2222 1181 2277 combustum
1224 2230 1330 2286 est,
1397 2219 1614 2289 septimi
1647 2217 2099 2287 autem,quando

514 2315 775 2369 Godolias
827 2313 1144 2369 interfectus
1188 2321 1272 2369 est
1304 2313 1373 2368 ab
1424 2312 1611 2368 Israel.
1652 2314 1717 2367 Et
1750 2312 1948 2366 decimi
1976 2320 2100 2365 tan-

513 2406 661 2471 dem,
694 2422 802 2476 quo
829 2421 1014 2461 mense
1029 2406 1354 2475 degentibus
1388 2404 1663 2475 Babylone
1689 2405 1939 2458 nuntiata
1970 2411 2101 2459 sunt

516 2499 659 2551 mala
709 2499 989 2558 universa.
1044 2513 1167 2567 quze
1208 2498 1571 2567 ,contigerant
1622 2496 1675 2551 in
1705 2495 2029 2550 Jerusalem.

518 2606 674 2664 CAP.
708 2605 1067 2662 CXXVlll.-—
1088 2605 1219 2669 Qua:
1248 2617 1483 2658 nonsunt
1508 2604 1812 2675 quwrenda,
1849 2621 1968 2658 cum
1993 2606 2100 2659 sint

1026 2676 1597 2744 incomprehensibilia.

594 2787 979 2857 Inquirendum
1010 2802 1115 2842 non
1144 2796 1227 2843 est
1266 2788 1358 2841 ubi
1394 2786 1719 2843 Consisterct
1757 2787 2100 2841 intellectua-

523 2884 589 2936 lis
641 2884 879 2935 essentia
945 2889 1072 2934 ante
1143 2880 1560 2950 productionem
1609 2892 1808 2933 creata:
1874 2878 2099 2948 abyssi;

2185 558 2282 609 καὶ
2315 556 2561 624 εἰκοστῇ,
2594 553 2761 623 ἄλλην
2805 553 3021 623 ἑορτὴν,
3067 552 3140 605 τὰ
3193 553 3362 607 Φῶτα
3410 554 3776 625 καλουμένην,

2184 648 2516 708 ἐπιτελοῦσι.
2546 646 2646 715 τῆς
2680 644 3053 716 καθαιρέσεως
3083 645 3179 698 τοῦ
3206 646 3336 699 ναοῦ
3369 645 3486 716 (52)
3543 648 3772 717 μνήμην

2188 736 2527 805 ποιούμενοι,
2556 734 2615 786 ὃν
2648 733 2874 802 ἐμίανεν
2920 734 3190 803 Ἀντίοχος
3218 737 3252 788 ὁ
3294 734 3625 802 Ἐπιφανής.
3758 725 3777 745 ”

2259 829 2407 897 Μηνὶ
2457 827 2513 879 δὲ
2558 826 2749 895 Νησᾶν
2784 823 3071 895 (Ξανθικδς
3109 825 3168 877 δέ
3216 826 3367 879 ἐστιν
3402 818 3583 894 οὗτος)
3615 825 3784 893 ἀλλην

2188 921 2413 986 ἄγουσιν
2442 917 2659 988 ἑορτὴν,
2688 916 3106 988 ὑπερεύσημον,
3132 917 3223 971 ὅτε
3245 918 3275 970 ὁ
3320 917 3645 972 Ματταθίου
3682 918 3784 986 τὴν

2194 1013 2371 1082 ἄκραν
2421 1010 2773 1079 ἐκαθάρισεν.

2193 1122 2442 1175 ΚΕΦΑΛ.
2484 1122 2658 1175 ΡΚΖ’.
2694 1147 2764 1160 -
2794 1121 2977 1208 Ποίας
3018 1122 3306 1189 νηστείας
3357 1122 3636 1179 Ἰουδαῖοι
3678 1140 3786 1192 γη-

2829 1206 3143 1247 στενουσι.

2262 1304 2512 1374 Νόμιμον
2552 1304 2651 1374 μὲν
2699 1300 2794 1357 οὖν
2847 1304 3126 1375 νηστείαν,
3176 1303 3274 1375 τὴν
3326 1302 3387 1357 ὲν
3443 1303 3521 1373 τῷ
3571 1303 3785 1374 ἑϐδόμῳ

2196 1398 2347 1467 μηνὶ,
2382 1397 2585 1469 δεκάτῃ
2618 1395 2715 1449 τοῦ
2765 1396 2954 1466 μηνὸς,
3003 1396 3295 1466 νηστεύειν
3350 1395 3782 1467 παρειλήφασιν.

2197 1490 2315 1542 Εἰσὶ
2358 1490 2416 1542 δὲ
2467 1489 2563 1543 καὶ
2610 1489 2767 1543 ἄλλαι
2812 1486 2852 1541 δ’
2930 1491 3116 1553 αὑτοῖς
3188 1487 3634 1559 παρειλημμέναι
3685 1505 3783 1559 νη·

2198 1585 2392 1647 στεϊαι,
2435 1582 2528 1635 καὶ
2560 1581 2713 1653 παρά
2736 1581 2813 1652 τῷ
2845 1582 3106 1655 προφήτῃ
3148 1583 3395 1653 Ζαχαρία
3445 1582 3789 1652 μνημονευό-

2200 1672 2524 1743 μεναι,περὶ
2539 1666 2614 1727 ὧν
2639 1688 2772 1742 φησι
2797 1688 2811 1704 ο
2840 1674 3103 1739 Νηστεία
3132 1674 3172 1740 ἡ
3202 1674 3507 1741 τετάρτου,
3533 1674 3634 1727 καὶ
3674 1690 3789 1740 νη·-

2197 1765 2369 1819 στεία
2399 1766 2435 1832 ἡ
2476 1766 2767 1833 πέμπτου,
2794 1766 2890 1818 καὶ
2922 1767 3172 1827 νηστεία
3200 1766 3237 1832 ἡ
3268 1764 3656 1833 ἐϐδόμου,καὶ
3675 1778 3788 1833 rn-

2197 1859 2369 1911 Uts/a
2400 1858 2439 1925 ἡ
2463 1856 2717 1911 δεκάτου
2751 1856 2921 1909 ἔσται
2954 1857 3033 1920 τῷ
3059 1858 3202 1919 οἴκῳ
3260 1856 3447 1910 Ἰούδα
3475 1860 3563 1923 εις
3592 1856 3793 1926 χαρὰν

2196 1946 2295 2001 καὶ
2335 1950 2414 2013 εις
2462 1947 2870 2015 εὐφροσύνην,
2905 1946 3003 1999 καὶ
3045 1948 3132 2011 εις
3156 1945 3366 2013 ἑορτὰς
3390 1945 3639 2015 ἀγαθάς.
3679 1946 3793 1999 Καὶ

2197 2041 2230 2109 ή
2264 2038 2363 2109 μὲν
2400 2038 2497 2091 τοῦ
2530 2038 2791 2108 τετάρτου
2834 2038 3003 2109 μηνὸς
3026 2038 3273 2107 νηστεία,
3304 2037 3452 2091 εστιν
3487 2039 3549 2090 ὲν
3575 2032 3623 2107 ᾧ
3653 2038 3793 2109 μηνὶ

2200 2131 2235 2201 ἠ
2278 2130 2433 2193 πόλις
2462 2129 2567 2183 ὑπὸ
2591 2130 2683 2183 τοῦ
2715 2129 3190 2200 Ναϐουχοδονόσορ
3218 2132 3455 2202 ἐρράγη.
3502 2128 3567 2182 Ἦ
3593 2129 3654 2182 δὲ
3689 2128 3791 2183 τοῦ

2202 2222 2479 2292 πέμπτου,
2509 2224 2565 2275 ὲν
2596 2215 2638 2290 ᾧ
2658 2222 2967 2293 ἐνεπρήσθη
2993 2224 3020 2275 ὁ
3054 2222 3201 2283 ναός.
3251 2222 3514 2291 Ἐϐδόμου
3548 2220 3628 2287 δὲ,
3664 2221 3725 2275 ἐν
3748 2212 3797 2289 ᾧ

2201 2314 2455 2376 Γοδολ¹ἱας
2486 2313 2731 2386 ἀνῃρέθη
2757 2314 2861 2367 ὑπὸ
2903 2314 3207 2384 Ἰσραήλου.
3241 2313 3353 2367 Καὶ
3378 2314 3629 2380 δεκάτου,
3660 2310 3793 2367 καθ’

2200 2406 2260 2458 ὃν
2293 2407 2437 2476 μῆνα
2460 2408 2571 2470 τοῖς
2609 2406 2760 2459 οὖσιν
2785 2407 2841 2458 ὲν
2869 2405 3150 2460 Βαϐυλῶνι
3177 2408 3456 2478 ἀνηγγέλη
3510 2408 3580 2461 τά
3632 2406 3797 2477 τενό-

2206 2516 2343 2568 μενα
2369 2502 2427 2553 ὲν
2465 2499 2823 2570 Ἰερουσαλὴμ
2852 2502 3066 2555 ᾶπαντα
3095 2502 3263 2555 κακά.

2206 2614 2462 2668 uicem.
2493 2612 2684 2684 mur.
2719 2644 2786 2653 -
2822 2614 2959 2667 Τίνα
3000 2613 3191 2679 ἐστὶν,
3230 2613 3269 2667 ᾱ
3300 2613 3387 2684 μὴ
3414 2614 3532 2684 χρὴ
3576 2609 3798 2683 ζητεῖν.

2663 2682 2750 2736 ὅτι
2783 2684 2877 2736 καὶ
2911 2682 3330 2752 ἀκατάληπτα.

2278 2791 2388 2861 Τὴν
2419 2791 2529 2862 (55)
2566 2792 2672 2862 πρὸ
2726 2792 2823 2861 τῆς
2878 2793 3144 2861 γενέσεως
3196 2794 3293 2862 τῆς
3335 2792 3579 2849 ἀϐύσσου
3634 2812 3798 2866 ποιη-

2203 2883 2439 2954 τῆς(54)
2492 2886 2685 2956 νοερᾶς
2725 2885 2937 2948 οὐσίας,
2972 2886 3202 2956 πότερον
3259 2884 3518 2957 ὑπεράνω
3565 2887 3678 2941 τῶν
3704 2890 3802 2942 οὑ-

523 2989 784 3029 numnam
813 2988 976 3042 supra
1005 2974 1196 3036 cmlos,
1229 2971 1321 3025 ubi
1351 2986 1505 3041 aquae
1533 2970 1716 3040 abyssi
1750 2970 1951 3025 relicui:
1972 2975 2098 3025 sunt

2211 2974 2385 3045 ρανῶν
2442 2978 2588 3028 ἐστιν
2620 3014 2635 3039 ,
2694 2975 2822 3031 ἔνθα
2872 2976 2941 3029 τὰ
2992 2976 3162 3030 ὕδατα
3222 2976 3589 3049 ὲναπελείφθη
3626 3020 3643 3045 ,
3692 2979 3801 3049 ,τῆς

527 3076 647 3137 post
676 3066 1066 3130 secretionem;
1097 3080 1164 3117 an
1198 3064 1250 3117 in
1310 3074 1476 3127 terra,
1500 3063 1583 3117 vel
1635 3063 1736 3116 sub
1790 3070 1954 3126 terra,
1989 3062 2098 3115 sive

2211 3068 2451 3120 ἀϐύσσου
2524 3068 2593 3121 τά
2654 3068 3141 3140 μεταδιακριθέντα
3177 3086 3191 3099 ·
3240 3069 3335 3122 ἐπὶ
3379 3071 3479 3141 τῆς
3539 3072 3641 3139 γῆς
3685 3112 3702 3138 ,
3764 3071 3800 3141 ἢ

525 3161 580 3213 in
618 3158 838 3226 regione
866 3159 1086 3212 aetheris
1117 3171 1238 3225 qua:
1274 3157 1412 3210 cmlo
1431 3155 1641 3209 subest.
1679 3152 1921 3219 Quorum
1960 3152 2098 3206 enim

2213 3161 2320 3214 ὑπὸ
2377 3162 2474 3230 τὴν
2503 3161 2653 3231 γῆν,
2706 3162 2739 3232 ἢ
2799 3162 2857 3213 ὲν
2916 3161 3142 3232 αἰθερίῳ
3179 3162 3258 3234 τῷ
3316 3162 3420 3215 ὑπὸ
3471 3163 3563 3218 τὸν
3632 3165 3802 3237 ούρα-

526 3249 765 3302 essentia
798 3258 851 3302 et
886 3260 1011 3302 ante
1048 3248 1233 3300 mundi
1281 3246 1662 3315 digestionem,
1702 3253 1757 3299 et
1806 3254 1933 3298 ante
1970 3260 2098 3297 cou-

2213 3252 2326 3305 νόν.
2355 3246 2455 3304 Ὦν
2498 3253 2607 3323 γὰρ
2647 3253 2679 3322 ὴ
2715 3252 2873 3306 οὐσία
2926 3253 3023 3306 καὶ
3085 3253 3193 3325 πρὸ
3232 3254 3331 3324 τῆς
3380 3255 3804 3327 διακοσμήσεως

528 3340 699 3393 ditum
730 3340 896 3393 chaos
922 3338 1255 3408 hypostasim
1296 3337 1547 3394 habebat.
1577 3337 1727 3390 nullo
1762 3335 1940 3389 adhuc
1983 3334 2098 3387 loco

2214 3344 2310 3396 καὶ
2337 3343 2444 3413 πρὸ
2472 3345 2571 3413 τῆς
2593 3344 2833 3397 ἀϐύσσου
2860 3346 2957 3416 τὴν
3002 3346 3300 3400 ὑπόστασιν
3334 3346 3482 3417 ἔσχε,
3517 3348 3692 3401 τόπου
3719 3367 3805 3402 τι-

530 3439 707 3483 mente
755 3440 1042 3499 concepto,
1085 3429 1177 3483 ubi
1230 3430 1531 3483 consistere
1589 3435 1849 3497 possent;
1913 3427 2098 3479 horum

2217 3434 2307 3496 νὸς
2338 3435 2438 3486 οὑκ
2462 3434 2849 3504 ὲπινοουμένου
2891 3436 2949 3487 τὸ
2973 3437 3296 3506 τηνικαῦτα,
3331 3440 3389 3492 ἐν
3421 3433 3464 3507 ᾧ
3492 3438 3590 3509 τὴν
3630 3439 3803 3510 μονὴν

531 3520 869 3574 mansionem
919 3536 986 3572 ne
1020 3527 1143 3589 post
1200 3517 1613 3588 productionem
1669 3517 1892 3589 quidem
1947 3517 2098 3585 hujus

2217 3521 2353 3595 εἶχε,
2385 3525 2587 3578 τούτων
2614 3526 2713 3596 τὴν
2750 3526 2917 3596 μονὴν
2948 3528 3065 3579 οἱδὶ
3098 3530 3237 3597 μετά
3276 3530 3376 3600 τὴν
3404 3531 3618 3597 γένεσιν
3644 3532 3800 3585 τοῦδε

533 3612 769 3665 universi
806 3611 1137 3681 investigare
1165 3610 1313 3675 licet,
1349 3609 1451 3663 nisi
1500 3612 1678 3665 solum
1725 3609 1873 3679 quod
1909 3606 2098 3662 facturi

2216 3618 2311 3672 τοῦ
2340 3618 2538 3682 παντὸς
2564 3618 2841 3689 ζητητέον,
2875 3618 2908 3691 ἢ
2937 3620 3098 3690 μόνον
3122 3621 3312 3692 ὅτιπερ
3336 3620 3413 3692 τῷ
3445 3624 3649 3693 ποιητῇ
3682 3623 3804 3693 Θεῷ

536 3700 646 3753 Deo
674 3701 955 3754 astabant.

608 3792 679 3847 De
714 3794 870 3862 aquis
892 3801 1049 3847 terrae
1082 3792 1612 3863 subjectis,quarum
1640 3791 1774 3845 lines
1793 3789 2113 3859 perquirere

2219 3714 2598 3784 παρειστήκει.

2293 3806 2426 3875 Περὶ
2448 3805 2541 3859 τοῦ
2576 3806 2681 3859 ὑπὸ
2713 3806 2818 3875 γῆν
2861 3805 3075 3869 ὓδατος,
3112 3805 3172 3858 οὑ
3215 3805 3388 3874 πέρας
3418 3798 3479 3857 οῦ
3530 3807 3806 3877 προσήκει

536 3898 644 3938 non
701 3896 787 3938 est
836 3883 942 3938 fas.
1001 3884 1129 3939 Sive
1162 3884 1309 3937 enim
1357 3884 1517 3937 tellus
1557 3881 1811 3937 sublimis
1847 3894 2098 3949 suspens:

2223 3897 2426 3966 ζητεῖν.
2481 3898 2620 3951 Ἀλλ’
2666 3899 2777 3951 εἴτε
2825 3899 3097 3969 μετέωρος
3126 3898 3239 3969 (⁵5)
3270 3899 3591 3968 ἀνήρτηταίν
3639 3900 3803 3953 5U“-

535 3977 609 4031 sit
635 3992 699 4031 ex
733 3976 824 4031 Dei
855 3980 1114 4047 potentia,
1143 3977 1301 4047 juxta
1327 3976 1457 4031 illud
1500 3992 1513 4029 :
1540 3974 1885 4044 Suspendens
1912 3984 2109 4026 terram

536 4084 694 4137 super
718 4070 868 4122 inani
902 4083 920 4120 :
958 4069 1074 4124 sive
1120 4069 1173 4122 in
1222 4068 1396 4123 solido
1456 4068 1682 4133 feratur,
1726 4069 1879 4135 juxta
1942 4065 2115 4117 illud:

2226 4007 2315 4059 ρει
2347 3989 2505 4055 Θεοῦ,
2534 3989 2675 4044 κατά
2729 3991 2811 4057 τὸ,
2846 3990 3153 4060 Ιιζρεμάζων
3182 3990 3299 4060 γῆν
3330 3992 3442 4061 (56)
3494 3992 3587 4044 ἐπ’
3627 3992 3806 4045 υὺδε-

2223 4078 2332 4143 νός
2351 4096 2364 4109 ·
2388 4079 2495 4131 εἴτε
2517 4080 2610 4131 ἐπὶ
2642 4078 2865 4151 στερεοῦ
2898 4082 3142 4151 φέρεται,
3174 4080 3315 4133 κατά
3340 4081 3428 4133 τὸο
3469 4080 3615 4150 Ἐγὼ
3632 4083 3805 4135 ἐστε-

541 4162 652 4231 Ι⁴.’9ο
694 4162 919 4215 ἑοιὶάαυὶ
951 4161 1223 4215 columnas
1247 4160 1362 4230 ejus
1394 4176 1412 4215 :
1445 4160 1563 4216 sive
1611 4175 1777 4229 super
1837 4156 2098 4212 immensi:

2215 4172 2419 4237 ρέωσα
2472 4169 2614 4236 τοὺς
2665 4171 2935 4236 στύλους
2981 4169 3173 4239 αὐτῆς
3206 4188 3218 4201 ·
3257 4174 3368 4224 εἴτε
3424 4172 3512 4224 ἐπ’
3558 4173 3807 4243 ἀπείρων

540 4253 697 4321 aquis
723 4255 1005 4319 consistat,
1036 4254 1338 4309 secundum
1372 4253 1503 4307 illud
1544 4270 1557 4305 :
1592 4252 1793 4321 Abysso
1840 4266 1930 4304 ccu
1960 4248 2122 4303 vcsti-

542 4357 717 4397 mento
765 4346 1135 4400 circumvolves
1196 4361 1349 4409 eam;
1380 4346 1680 4400 omittenda
1717 4356 1801 4400 est
1856 4345 2014 4399 nobis
2036 4360 2123 4398 sa-

2225 4263 2433 4315 ὑδάτων
2471 4264 2642 4328 ἐστὶν,
2668 4263 2810 4315 κατά
2835 4263 2914 4315 τό·
2947 4264 3223 4327 Ἀϐὐσσῳ
3250 4264 3331 4327 ὡς
3353 4263 3559 4332 Ιματίῳ
3580 4264 3808 4329 ἑλίξεις

2226 4356 2438 4417 αὐτήν.
2471 4355 2846 4425 Παραιτητὲον
2865 4354 2962 4425 τὴν
2994 4356 3121 4425 περὶ
3149 4356 3259 4408 τῶν
3290 4356 3605 4426 βαθυτέρων
3646 4357 3806 4427 ἔρευ-

538 4439 703 4506 pienti
739 4441 950 4493 ratione
1000 4440 1279 4508 persuasis
1314 4439 1868 4507 proluudissimarum
1920 4438 2098 4507 hujus

2226 4465 2346 4514 ναν,
2380 4447 2459 4517 τῷ
2488 4446 2637 4517 σοφῷ
2673 4446 3033 4517 πειθομένους
3068 4448 3236 4518 λόγῳ.

542 4532 687 4584 modi
719 4547 899 4585 rerum
924 4532 1293 4600 investigatio.

613 4624 799 4678 Itidem
855 4622 1017 4676 etiam
1072 4621 1202 4691 quid
1240 4620 1675 4675 concludendum
1734 4622 1807 4676 sit
1847 4622 1914 4676 de
1960 4622 2121 4691 aquis

2291 4626 2366 4678 Τὸ
2395 4626 2525 4679 αὐτὸ
2562 4626 2815 4695 καὶπερὶ
2859 4624 2952 4676 τοῦ
3000 4624 3468 4693 συμπεράσματος
3524 4625 3637 4677 τῶν
3678 4627 3807 4681 ὑδά-

542 4733 664 4785 quae
686 4717 795 4771 sint
825 4731 989 4785 super
1026 4716 1220 4779 caelos,
1256 4714 1574 4785 prol‘untlior
1610 4730 1694 4769 res
1728 4724 1831 4779 est,
1868 4732 2031 4784 quam
2061 4732 2093 4769 ιι

2223 4735 2353 4783 των,
2388 4715 2497 4768 τῶν
2546 4716 2802 4787 ὑπεράνω
2846 4715 2954 4767 τῶν
3009 4717 3278 4783 οὐρανῶν,
3313 4714 3450 4783 βαθὺ
3482 4717 3542 4768 τὸ
3597 4719 3804 4787 ζητεῖν.

544 4824 789 4879 quaerere
850 4809 1030 4862 liceat.
1094 4808 1163 4861 Ut
1212 4809 1356 4861 enim
1416 4807 1483 4862 de
1518 4807 1782 4862 limitibus
1835 4808 1974 4861 infra
2008 4816 2119 4861 ter-

549 4918 662 4956 ram
688 4902 1176 4971 imperserutabilis
1213 4912 1295 4957 est
1328 4900 1697 4971 investigatio,
1734 4902 1813 4955 sic
1841 4910 1894 4954 et
1941 4899 2121 4970 inqui-

547 4992 693 5046 sitio.

618 5082 919 5138 lnell‘abilia
956 5098 1013 5137 se
1043 5082 1315 5136 audivisse
1372 5082 1532 5135 verba
1568 5089 1801 5136 testatur
1833 5080 2127 5150 Apostolus

616 5221 705 5274 δί
740 5219 917 5276 Mach.
944 5222 1141 5288 tv,59;
1173 5220 1332 5277 Joau.
1362 5223 1526 5284 x,92.
1603 5223 1647 5253 ⁵³
1682 5220 1851 5278 Zach.
1875 5237 1993 5285 vni,
2032 5220 2114 5274 l9.

618 5358 877 5429 (διμιδιο
905 5358 1118 5429 videtur
1177 5368 1304 5412 nota
1365 5357 1683 5429 marginalis
1724 5355 1878 5429 scioli
1928 5356 2118 5429 cujus-

550 5426 695 5483 dam.
714 5426 860 5482 Nam
886 5430 1068 5483 docuit
1087 5428 1379 5484 Chasleum
1412 5426 1533 5483 esse
1560 5427 1933 5481 Decembrem.
1971 5426 2128 5481 Jose-

2235 4807 2325 4870 ,Ως
2386 4808 2495 4877 γὰρ
2545 4806 2641 4860 τοῦ
2713 4807 2818 4859 ὑπὸ
2870 4807 2969 4876 τὴν
3029 4807 3134 4875 γῆν
3171 4805 3359 4869 τέλους
3413 4807 3712 4879 ἀνεύρητος
3773 4811 3808 4879 ἡ

2225 4898 2443 4969 ἔρευνα,
2469 4896 2611 4951 οὓτω
2636 4898 2732 4950 καὶ
2767 4899 2802 4966 ἡ
2833 4896 3062 4967 ζήτησις
3096 4897 3234 4967 (57).

2303 5071 2901 5147 ’Λῤῥητα¹ἀκηκοέναι
2936 5072 3156 5142 ῥήματα
3196 5075 3224 5126 ὁ
3266 5072 3585 5139 ’Λπόστολος
3625 5076 3809 5147 ἀρπα-

2300 5355 2411 5423 (55)
2444 5353 2543 5408 Ms.
2572 5354 2870 5423 μετέωρον.

2311 5419 2423 5496 (56)
2459 5419 2583 5477 Μεᾙ
2607 5419 2875 5476 κατὰποιῖ
2910 5422 3161 5494 κρημνοῦ
3210 5422 3297 5473 ἐπ’
3334 5419 3512 5473 οὐδενί
3542 5439 3555 5452 -
3596 5422 3695 5492 τὴν
3750 5422 3807 5475 δὲ

550 5498 691 5567 phus
762 5499 933 5553 utitur
1000 5513 1283 5555 mensuuus
1344 5498 1741 5561 Macedonicis.
1799 5503 1855 5551 et
1929 5498 2129 5551 rectius
2236 5497 2360 5567 γῆν.

770 5605 874 5691 λιε.
907 5640 999 5691 τοῦ
1032 5639 1226 5693 ναθὰϐ.

622 5708 736 5778 (ᾧ)
759 5707 958 5778 Supple
981 5712 1169 5778 μονήν,
1204 5710 1283 5761 vel
1315 5710 1444 5777 quid
1472 5708 1671 5765 simile.

633 5775 746 5845 (54)
773 5775 888 5830 ΜΒ(
912 5775 1039 5846 περὶ
1074 5775 1187 5846 τῆς.
1215 5780 1277 5831 Et
1300 5775 1421 5833 ttiox
1447 5781 1709 5848 πρότερον
1742 5793 1839 5848 pro
1878 5778 2124 5844 πότερον.

2306 5564 2417 5635 (5'1)
2442 5562 2631 5618 Versio
2655 5563 2975 5618 Fabrieiana
2996 5564 3175 5627 habet,
3207 5562 3285 5614 sic
3317 5564 3479 5635 etiarn
3500 5562 3811 5635 supercwle-

2240 5632 2407 5689 stium'
2460 5636 2726 5687 inaccessa
2758 5635 3057 5699 inquisitio,
3089 5649 3211 5702 quae
3267 5632 3564 5702 ostendunt
3620 5634 3811 5687 deesse

2237 5722 2425 5759 errore
2453 5715 2633 5773 typOg.
2673 5705 2780 5755 τῶν
2813 5701 3222 5773 ὑπερουρανίων
3246 5701 3517 5763 ἀνείσοδος
3557 5704 3639 5757 vel
3668 5704 3807 5755 ἀκαο

2241 5778 2534 5843 τάληπτος,
2570 5784 2659 5827 aut
2679 5775 2807 5843 quid
2828 5775 3028 5829 simile.
