  <div class='ocr_page' id='page_1' title='image "/cluster/home/n/w/nwhite01/storage/ocr_20150623/106/coo.31924054870104/076.png"; bbox 0 0 4044 6416; ppageno 0'>
   <div class='ocr_carea' id='block_1_1' title="bbox 305 367 407 430">
    <p class='ocr_par' dir='ltr' id='par_1_1' title="bbox 305 367 407 430">
     <span class='ocr_line' id='line_1_1' title="bbox 305 367 407 430; baseline 0 0"><span class='ocrx_word' id='word_1_1' title='bbox 305 367 407 430; x_wconf 75' lang='grc'><strong>133</strong></span> 
     </span>
    </p>
   </div>
   <div class='ocr_carea' id='block_1_2' title="bbox 1481 362 2415 430">
    <p class='ocr_par' dir='ltr' id='par_1_2' title="bbox 1481 362 2415 430">
     <span class='ocr_line' id='line_1_2' title="bbox 1481 362 2415 430; baseline 0.005 -6"><span class='ocrx_word' id='word_1_2' title='bbox 1481 362 1858 426; x_wconf 87' lang='lat' dir='ltr'><strong>LIBELLUS</strong></span> <span class='ocrx_word' id='word_1_3' title='bbox 1901 363 2258 426; x_wconf 80' lang='lat' dir='ltr'><strong>MEMORIA</strong></span> <span class='ocrx_word' id='word_1_4' title='bbox 2268 366 2415 430; x_wconf 90' lang='lat' dir='ltr'><strong>LIS.</strong></span> 
     </span>
    </p>
   </div>
   <div class='ocr_carea' id='block_1_3' title="bbox 3469 378 3576 446">
    <p class='ocr_par' dir='ltr' id='par_1_3' title="bbox 3469 378 3576 446">
     <span class='ocr_line' id='line_1_3' title="bbox 3469 378 3576 446; baseline -0.009 0"><span class='ocrx_word' id='word_1_5' title='bbox 3469 378 3576 446; x_wconf 72' lang='grc'><strong>134</strong></span> 
     </span>
    </p>
   </div>
   <div class='ocr_carea' id='block_1_4' title="bbox 301 473 1885 556">
    <p class='ocr_par' dir='ltr' id='par_1_4' title="bbox 301 473 1885 548">
     <span class='ocr_line' id='line_1_4' title="bbox 301 473 1885 548; baseline 0 -18"><span class='ocrx_word' id='word_1_6' title='bbox 301 479 416 546; x_wconf 63' lang='lat' dir='ltr'><strong>Tal;</strong></span> <span class='ocrx_word' id='word_1_7' title='bbox 443 477 548 540; x_wconf 82' lang='grc' dir='ltr'><strong>ἕως</strong></span> <span class='ocrx_word' id='word_1_8' title='bbox 571 475 760 548; x_wconf 78' lang='grc' dir='ltr'><strong>τρίτου</strong></span> <span class='ocrx_word' id='word_1_9' title='bbox 797 473 1032 546; x_wconf 83' lang='grc' dir='ltr'>οὐρανοῦ</span> <span class='ocrx_word' id='word_1_10' title='bbox 1084 473 1210 544; x_wconf 79' lang='grc' dir='ltr'>ἔφη.</span> <span class='ocrx_word' id='word_1_11' title='bbox 1255 475 1391 527; x_wconf 80' lang='grc' dir='ltr'>Οὐδὲ</span> <span class='ocrx_word' id='word_1_12' title='bbox 1419 474 1593 530; x_wconf 80' lang='grc' dir='ltr'>ταῦτα</span> <span class='ocrx_word' id='word_1_13' title='bbox 1620 477 1742 530; x_wconf 85' lang='grc' dir='ltr'>τίνα</span> <span class='ocrx_word' id='word_1_14' title='bbox 1769 478 1885 530; x_wconf 76' lang='grc' dir='ltr'>ἐστὶ</span> 
     </span>
    </p>
   </div>
   <div class='ocr_carea' id='block_1_5' title="bbox 1991 473 3576 556">
    <p class='ocr_par' dir='ltr' id='par_1_5' title="bbox 1995 477 3576 556">
     <span class='ocr_line' id='line_1_5' title="bbox 1995 477 3576 556; baseline 0.008 -24"><span class='ocrx_word' id='word_1_15' title='bbox 1995 486 2187 548; x_wconf 86' lang='lat' dir='ltr'><strong>raptus</strong></span> <span class='ocrx_word' id='word_1_16' title='bbox 2217 492 2392 546; x_wconf 90' lang='lat' dir='ltr'><strong>usque</strong></span> <span class='ocrx_word' id='word_1_17' title='bbox 2425 477 2492 532; x_wconf 86' lang='lat' dir='ltr'><strong>ad</strong></span> <span class='ocrx_word' id='word_1_18' title='bbox 2529 477 2750 532; x_wconf 89' lang='lat' dir='ltr'><strong>tertium</strong></span> <span class='ocrx_word' id='word_1_19' title='bbox 2780 479 3002 536; x_wconf 83' lang='lat' dir='ltr'><strong>coelum.</strong></span> <span class='ocrx_word' id='word_1_20' title='bbox 3039 480 3149 538; x_wconf 84' lang='lat' dir='ltr'><strong>Nec</strong></span> <span class='ocrx_word' id='word_1_21' title='bbox 3180 483 3282 540; x_wconf 89' lang='lat' dir='ltr'><strong>ista</strong></span> <span class='ocrx_word' id='word_1_22' title='bbox 3324 501 3576 556; x_wconf 80' lang='lat' dir='ltr'><strong>quaenam</strong></span> 
     </span>
    </p>
   </div>
   <div class='ocr_carea' id='block_1_6' title="bbox 299 566 1884 640">
    <p class='ocr_par' dir='ltr' id='par_1_6' title="bbox 299 566 1884 640">
     <span class='ocr_line' id='line_1_6' title="bbox 299 566 1884 640; baseline 0.004 -23"><span class='ocrx_word' id='word_1_23' title='bbox 299 569 404 640; x_wconf 81' lang='grc' dir='ltr'>χρὴ</span> <span class='ocrx_word' id='word_1_24' title='bbox 436 570 638 639; x_wconf 79' lang='grc' dir='ltr'>ζητεῖν.</span> <span class='ocrx_word' id='word_1_25' title='bbox 677 570 744 622; x_wconf 75' lang='lat' dir='ltr'><strong>&quot;A</strong></span> <span class='ocrx_word' id='word_1_26' title='bbox 775 569 884 637; x_wconf 79' lang='grc' dir='ltr'><strong>γάρ</strong></span> <span class='ocrx_word' id='word_1_27' title='bbox 927 569 1040 620; x_wconf 80' lang='grc' dir='ltr'>οὐκ</span> <span class='ocrx_word' id='word_1_28' title='bbox 1091 567 1234 630; x_wconf 81' lang='grc' dir='ltr'><strong>ἐξὸν</strong></span> <span class='ocrx_word' id='word_1_29' title='bbox 1275 566 1565 635; x_wconf 73' lang='grc' dir='ltr'>ἀνθρώπῳ</span> <span class='ocrx_word' id='word_1_30' title='bbox 1594 568 1884 638; x_wconf 66' lang='grc' dir='ltr'>λαλῆσαι,</span> 
     </span>
    </p>
   </div>
   <div class='ocr_carea' id='block_1_7' title="bbox 300 656 1138 728">
    <p class='ocr_par' dir='ltr' id='par_1_7' title="bbox 300 656 1138 728">
     <span class='ocr_line' id='line_1_7' title="bbox 300 656 1138 728; baseline 0.001 -17"><span class='ocrx_word' id='word_1_31' title='bbox 300 661 392 712; x_wconf 70' lang='grc' dir='ltr'>καὶ</span> <span class='ocrx_word' id='word_1_32' title='bbox 409 660 570 721; x_wconf 72' lang='grc' dir='ltr'>αὐτὸς</span> <span class='ocrx_word' id='word_1_33' title='bbox 593 661 622 712; x_wconf 84' lang='grc' dir='ltr'><strong>ὀ</strong></span> <span class='ocrx_word' id='word_1_34' title='bbox 657 658 981 720; x_wconf 84' lang='grc' dir='ltr'>’Λπόστολος</span> <span class='ocrx_word' id='word_1_35' title='bbox 1010 656 1138 728; x_wconf 77' lang='grc' dir='ltr'>ἔφη.</span> 
     </span>
    </p>
   </div>
   <div class='ocr_carea' id='block_1_8' title="bbox 267 745 1887 819">
    <p class='ocr_par' dir='ltr' id='par_1_8' title="bbox 267 745 1887 819">
     <span class='ocr_line' id='line_1_8' title="bbox 267 745 1887 819; baseline 0 -15"><span class='ocrx_word' id='word_1_36' title='bbox 267 747 270 750; x_wconf 36' lang='grc'><em>⁴</em></span> <span class='ocrx_word' id='word_1_37' title='bbox 379 752 634 819; x_wconf 72' lang='grc' dir='ltr'>Ἰωάννης</span> <span class='ocrx_word' id='word_1_38' title='bbox 685 745 890 802; x_wconf 76' lang='grc' dir='ltr'>εἷπεντ</span> <span class='ocrx_word' id='word_1_39' title='bbox 941 750 1000 803; x_wconf 86' lang='grc' dir='ltr'><strong>Ἃ</strong></span> <span class='ocrx_word' id='word_1_40' title='bbox 1055 749 1365 818; x_wconf 66' lang='grc' dir='ltr'>ὀφθαλμὸς</span> <span class='ocrx_word' id='word_1_41' title='bbox 1413 752 1526 805; x_wconf 79' lang='grc' dir='ltr'>οὐκ</span> <span class='ocrx_word' id='word_1_42' title='bbox 1585 747 1729 816; x_wconf 72' lang='grc' dir='ltr'>εἶδε,</span> <span class='ocrx_word' id='word_1_43' title='bbox 1786 751 1887 805; x_wconf 80' lang='grc' dir='ltr'><strong>καί</strong></span> 
     </span>
    </p>
   </div>
   <div class='ocr_carea' id='block_1_9' title="bbox 299 836 1888 910">
    <p class='ocr_par' dir='ltr' id='par_1_9' title="bbox 299 836 1888 910">
     <span class='ocr_line' id='line_1_9' title="bbox 299 836 1888 910; baseline 0.002 -16"><span class='ocrx_word' id='word_1_44' title='bbox 299 836 406 905; x_wconf 78' lang='grc' dir='ltr'>οὖς</span> <span class='ocrx_word' id='word_1_45' title='bbox 434 843 546 894; x_wconf 85' lang='grc' dir='ltr'>οὑκ</span> <span class='ocrx_word' id='word_1_46' title='bbox 583 839 838 908; x_wconf 78' lang='grc' dir='ltr'>ἤκουσε,</span> <span class='ocrx_word' id='word_1_47' title='bbox 873 839 972 892; x_wconf 79' lang='grc' dir='ltr'>καὶ</span> <span class='ocrx_word' id='word_1_48' title='bbox 1000 839 1102 892; x_wconf 76' lang='grc' dir='ltr'><strong>ἐπὶ</strong></span> <span class='ocrx_word' id='word_1_49' title='bbox 1129 839 1388 907; x_wconf 79' lang='grc' dir='ltr'><strong>καρδίαν</strong></span> <span class='ocrx_word' id='word_1_50' title='bbox 1416 840 1732 910; x_wconf 77' lang='grc' dir='ltr'>ἀνθρώπου</span> <span class='ocrx_word' id='word_1_51' title='bbox 1775 844 1888 896; x_wconf 81' lang='grc' dir='ltr'>οὐκ</span> 
     </span>
    </p>
   </div>
   <div class='ocr_carea' id='block_1_10' title="bbox 297 931 1884 1001">
    <p class='ocr_par' dir='ltr' id='par_1_10' title="bbox 297 931 1884 1001">
     <span class='ocr_line' id='line_1_10' title="bbox 297 931 1884 1001; baseline 0.001 -15"><span class='ocrx_word' id='word_1_52' title='bbox 297 933 504 999; x_wconf 65' lang='grc' dir='ltr'>ἀνέϐη,</span> <span class='ocrx_word' id='word_1_53' title='bbox 535 932 574 985; x_wconf 81' lang='lat' dir='ltr'><strong>d</strong></span> <span class='ocrx_word' id='word_1_54' title='bbox 607 932 944 1000; x_wconf 72' lang='grc' dir='ltr'><strong>ἡτοίμασεν</strong></span> <span class='ocrx_word' id='word_1_55' title='bbox 976 933 1010 985; x_wconf 82' lang='grc' dir='ltr'><em>ὁ</em></span> <span class='ocrx_word' id='word_1_56' title='bbox 1033 931 1178 996; x_wconf 82' lang='grc' dir='ltr'><strong>Θεός</strong></span> <span class='ocrx_word' id='word_1_57' title='bbox 1197 931 1322 998; x_wconf 82' lang='grc' dir='ltr'>τοῖς</span> <span class='ocrx_word' id='word_1_58' title='bbox 1341 933 1658 1001; x_wconf 76' lang='grc' dir='ltr'><em>ἀγαπῶσιν</em></span> <span class='ocrx_word' id='word_1_59' title='bbox 1677 933 1884 988; x_wconf 79' lang='grc' dir='ltr'>αὐτόν.</span> 
     </span>
    </p>
   </div>
   <div class='ocr_carea' id='block_1_11' title="bbox 297 1020 1881 1098">
    <p class='ocr_par' dir='ltr' id='par_1_11' title="bbox 297 1020 1881 1098">
     <span class='ocr_line' id='line_1_11' title="bbox 297 1020 1881 1098; baseline 0.001 -20"><span class='ocrx_word' id='word_1_60' title='bbox 297 1027 418 1088; x_wconf 82' lang='grc' dir='ltr'><strong>Πῶς</strong></span> <span class='ocrx_word' id='word_1_61' title='bbox 447 1027 546 1078; x_wconf 80' lang='grc' dir='ltr'>καὶ</span> <span class='ocrx_word' id='word_1_62' title='bbox 575 1024 752 1079; x_wconf 88' lang='grc' dir='ltr'>ταῦτα,</span> <span class='ocrx_word' id='word_1_63' title='bbox 780 1023 974 1094; x_wconf 82' lang='grc' dir='ltr'>νοῆσαί</span> <span class='ocrx_word' id='word_1_64' title='bbox 1004 1041 1084 1086; x_wconf 84' lang='grc' dir='ltr'><strong>τις</strong></span> <span class='ocrx_word' id='word_1_65' title='bbox 1109 1020 1220 1088; x_wconf 81' lang='grc' dir='ltr'>οἷός</span> <span class='ocrx_word' id='word_1_66' title='bbox 1247 1043 1308 1078; x_wconf 88' lang='grc' dir='ltr'><strong>τε</strong></span> <span class='ocrx_word' id='word_1_67' title='bbox 1329 1027 1438 1096; x_wconf 79' lang='grc' dir='ltr'>εἴη.</span> <span class='ocrx_word' id='word_1_68' title='bbox 1466 1024 1504 1080; x_wconf 73' lang='grc' dir='ltr'>ἃ</span> <span class='ocrx_word' id='word_1_69' title='bbox 1535 1028 1674 1098; x_wconf 84' lang='grc' dir='ltr'>μήτε</span> <span class='ocrx_word' id='word_1_70' title='bbox 1699 1028 1881 1098; x_wconf 72' lang='grc' dir='ltr'>αἰσθή-</span> 
     </span>
    </p>
   </div>
   <div class='ocr_carea' id='block_1_12' title="bbox 297 1116 1462 1187">
    <p class='ocr_par' dir='ltr' id='par_1_12' title="bbox 297 1116 1462 1187">
     <span class='ocr_line' id='line_1_12' title="bbox 297 1116 1462 1187; baseline 0.003 -19"><span class='ocrx_word' id='word_1_71' title='bbox 297 1134 398 1180; x_wconf 82' lang='grc' dir='ltr'>σει,</span> <span class='ocrx_word' id='word_1_72' title='bbox 435 1119 578 1186; x_wconf 82' lang='grc' dir='ltr'>μήτε</span> <span class='ocrx_word' id='word_1_73' title='bbox 613 1121 796 1187; x_wconf 75' lang='grc' dir='ltr'>νοήσει</span> <span class='ocrx_word' id='word_1_74' title='bbox 839 1116 1170 1171; x_wconf 77' lang='grc' dir='ltr'>ὑποπίπτειν</span> <span class='ocrx_word' id='word_1_75' title='bbox 1200 1119 1462 1184; x_wconf 75' lang='grc' dir='ltr'>δυνατόνς</span> 
     </span>
    </p>
   </div>
   <div class='ocr_carea' id='block_1_13' title="bbox 361 1209 1885 1279">
    <p class='ocr_par' dir='ltr' id='par_1_13' title="bbox 361 1209 1885 1279">
     <span class='ocr_line' id='line_1_13' title="bbox 361 1209 1885 1279; baseline 0.001 -19"><span class='ocrx_word' id='word_1_76' title='bbox 361 1211 436 1261; x_wconf 84' lang='grc' dir='ltr'>Τὸ</span> <span class='ocrx_word' id='word_1_77' title='bbox 480 1210 779 1278; x_wconf 80' lang='grc' dir='ltr'>διάστημα,</span> <span class='ocrx_word' id='word_1_78' title='bbox 808 1209 870 1260; x_wconf 80' lang='grc' dir='ltr'><strong>τὸ</strong></span> <span class='ocrx_word' id='word_1_79' title='bbox 915 1209 1022 1278; x_wconf 73' lang='grc' dir='ltr'>πρὸ</span> <span class='ocrx_word' id='word_1_80' title='bbox 1069 1209 1170 1277; x_wconf 85' lang='grc' dir='ltr'>τῆς</span> <span class='ocrx_word' id='word_1_81' title='bbox 1225 1209 1320 1262; x_wconf 86' lang='grc' dir='ltr'><strong>τοῦ</strong></span> <span class='ocrx_word' id='word_1_82' title='bbox 1361 1209 1540 1279; x_wconf 71' lang='grc' dir='ltr'>φωτὸς</span> <span class='ocrx_word' id='word_1_83' title='bbox 1592 1211 1885 1278; x_wconf 81' lang='grc' dir='ltr'>γενέσεως,</span> 
     </span>
    </p>
   </div>
   <div class='ocr_carea' id='block_1_14' title="bbox 291 1299 1887 1374">
    <p class='ocr_par' dir='ltr' id='par_1_14' title="bbox 291 1299 1887 1374">
     <span class='ocr_line' id='line_1_14' title="bbox 291 1299 1887 1374; baseline 0.001 -22"><span class='ocrx_word' id='word_1_84' title='bbox 291 1301 398 1353; x_wconf 84' lang='grc' dir='ltr'><strong>τῶν</strong></span> <span class='ocrx_word' id='word_1_85' title='bbox 427 1300 626 1370; x_wconf 75' lang='grc' dir='ltr'>χρόνον</span> <span class='ocrx_word' id='word_1_86' title='bbox 655 1300 858 1370; x_wconf 84' lang='grc' dir='ltr'>μορίων</span> <span class='ocrx_word' id='word_1_87' title='bbox 888 1299 988 1352; x_wconf 78' lang='grc' dir='ltr'><strong>οὐκ</strong></span> <span class='ocrx_word' id='word_1_88' title='bbox 1013 1300 1207 1368; x_wconf 78' lang='grc' dir='ltr'>ὄντων,</span> <span class='ocrx_word' id='word_1_89' title='bbox 1240 1301 1302 1353; x_wconf 86' lang='grc' dir='ltr'><strong>οὐ</strong></span> <span class='ocrx_word' id='word_1_90' title='bbox 1331 1301 1707 1372; x_wconf 80' lang='grc' dir='ltr'>καταληπτὸν,</span> <span class='ocrx_word' id='word_1_91' title='bbox 1740 1302 1887 1374; x_wconf 85' lang='grc' dir='ltr'><strong>μόνῳ</strong></span> 
     </span>
    </p>
   </div>
   <div class='ocr_carea' id='block_1_15' title="bbox 293 1391 808 1461">
    <p class='ocr_par' dir='ltr' id='par_1_15' title="bbox 293 1391 808 1461">
     <span class='ocr_line' id='line_1_15' title="bbox 293 1391 808 1461; baseline 0.002 -19"><span class='ocrx_word' id='word_1_92' title='bbox 293 1391 408 1461; x_wconf 74' lang='grc' dir='ltr'><strong>Ηεῷ</strong></span> <span class='ocrx_word' id='word_1_93' title='bbox 430 1391 808 1460; x_wconf 77' lang='grc' dir='ltr'>ἐγνωσμένον.</span> 
     </span>
    </p>
   </div>
   <div class='ocr_carea' id='block_1_16' title="bbox 359 1482 1884 1556">
    <p class='ocr_par' dir='ltr' id='par_1_16' title="bbox 359 1482 1884 1556">
     <span class='ocr_line' id='line_1_16' title="bbox 359 1482 1884 1556; baseline 0.001 -22"><span class='ocrx_word' id='word_1_94' title='bbox 359 1482 592 1536; x_wconf 87' lang='grc' dir='ltr'>Τοιοῦτο</span> <span class='ocrx_word' id='word_1_95' title='bbox 618 1483 713 1536; x_wconf 73' lang='grc' dir='ltr'><strong>καὶ</strong></span> <span class='ocrx_word' id='word_1_96' title='bbox 757 1483 819 1536; x_wconf 78' lang='grc' dir='ltr'><strong>τὸ</strong></span> <span class='ocrx_word' id='word_1_97' title='bbox 854 1483 999 1536; x_wconf 86' lang='grc' dir='ltr'><strong>κατά</strong></span> <span class='ocrx_word' id='word_1_98' title='bbox 1053 1482 1169 1556; x_wconf 83' lang='grc'><strong>(58)</strong></span> <span class='ocrx_word' id='word_1_99' title='bbox 1223 1485 1323 1554; x_wconf 84' lang='grc' dir='ltr'><strong>τὴν</strong></span> <span class='ocrx_word' id='word_1_100' title='bbox 1349 1483 1616 1554; x_wconf 71' lang='grc' dir='ltr'>ἐσομένην</span> <span class='ocrx_word' id='word_1_101' title='bbox 1645 1483 1740 1536; x_wconf 82' lang='grc' dir='ltr'><strong>τοῦ</strong></span> <span class='ocrx_word' id='word_1_102' title='bbox 1790 1484 1884 1537; x_wconf 86' lang='grc' dir='ltr'>κό-</span> 
     </span>
    </p>
   </div>
   <div class='ocr_carea' id='block_1_17' title="bbox 295 1572 1886 1644">
    <p class='ocr_par' dir='ltr' id='par_1_17' title="bbox 295 1572 1886 1644">
     <span class='ocr_line' id='line_1_17' title="bbox 295 1572 1886 1644; baseline 0.003 -22"><span class='ocrx_word' id='word_1_103' title='bbox 295 1587 434 1641; x_wconf 72' lang='grc' dir='ltr'>σμου</span> <span class='ocrx_word' id='word_1_104' title='bbox 469 1572 812 1644; x_wconf 84' lang='grc' dir='ltr'>συναίρεσιν,</span> <span class='ocrx_word' id='word_1_105' title='bbox 843 1574 950 1640; x_wconf 79' lang='grc' dir='ltr'><strong>ἕως</strong></span> <span class='ocrx_word' id='word_1_106' title='bbox 999 1575 1327 1642; x_wconf 76' lang='grc' dir='ltr'><strong>ἀναδείξεως</strong></span> <span class='ocrx_word' id='word_1_107' title='bbox 1373 1575 1474 1644; x_wconf 79' lang='grc' dir='ltr'>τῆς</span> <span class='ocrx_word' id='word_1_108' title='bbox 1527 1574 1722 1643; x_wconf 81' lang='grc' dir='ltr'><strong>καινῆς</strong></span> <span class='ocrx_word' id='word_1_109' title='bbox 1765 1573 1886 1627; x_wconf 89' lang='grc' dir='ltr'>κτί-</span> 
     </span>
    </p>
   </div>
   <div class='ocr_carea' id='block_1_18' title="bbox 296 1665 800 1733">
    <p class='ocr_par' dir='ltr' id='par_1_18' title="bbox 296 1665 800 1733">
     <span class='ocr_line' id='line_1_18' title="bbox 296 1665 800 1733; baseline 0.014 -19"><span class='ocrx_word' id='word_1_110' title='bbox 296 1679 456 1730; x_wconf 77' lang='grc' dir='ltr'>σεως,</span> <span class='ocrx_word' id='word_1_111' title='bbox 479 1665 800 1733; x_wconf 78' lang='grc' dir='ltr'>ἐννοοῦμεν.</span> 
     </span>
    </p>
   </div>
   <div class='ocr_carea' id='block_1_19' title="bbox 359 1755 1885 1830">
    <p class='ocr_par' dir='ltr' id='par_1_19' title="bbox 359 1755 1885 1830">
     <span class='ocr_line' id='line_1_19' title="bbox 359 1755 1885 1830; baseline 0 -20"><span class='ocrx_word' id='word_1_112' title='bbox 359 1757 428 1810; x_wconf 79' lang='grc' dir='ltr'>Δί</span> <span class='ocrx_word' id='word_1_113' title='bbox 465 1757 660 1826; x_wconf 76' lang='grc' dir='ltr'>νοεραὶ</span> <span class='ocrx_word' id='word_1_114' title='bbox 715 1757 896 1811; x_wconf 84' lang='grc' dir='ltr'>οὐσίαι</span> <span class='ocrx_word' id='word_1_115' title='bbox 948 1760 1018 1812; x_wconf 85' lang='grc' dir='ltr'><strong>τά</strong></span> <span class='ocrx_word' id='word_1_116' title='bbox 1043 1758 1280 1830; x_wconf 76' lang='grc' dir='ltr'>αἰσθητά</span> <span class='ocrx_word' id='word_1_117' title='bbox 1318 1758 1416 1814; x_wconf 81' lang='grc' dir='ltr'>καὶ</span> <span class='ocrx_word' id='word_1_118' title='bbox 1449 1757 1740 1830; x_wconf 86' lang='grc' dir='ltr'>σωματικά</span> <span class='ocrx_word' id='word_1_119' title='bbox 1767 1755 1885 1821; x_wconf 82' lang='grc' dir='ltr'><strong>πῶς</strong></span> 
     </span>
    </p>
   </div>
   <div class='ocr_carea' id='block_1_20' title="bbox 291 1849 1378 1920">
    <p class='ocr_par' dir='ltr' id='par_1_20' title="bbox 291 1849 1378 1920">
     <span class='ocr_line' id='line_1_20' title="bbox 291 1849 1378 1920; baseline 0.002 -20"><span class='ocrx_word' id='word_1_120' title='bbox 291 1849 479 1918; x_wconf 81' lang='grc' dir='ltr'>ὁρῶσι,</span> <span class='ocrx_word' id='word_1_121' title='bbox 521 1852 810 1920; x_wconf 81' lang='grc' dir='ltr'>κρείττους</span> <span class='ocrx_word' id='word_1_122' title='bbox 839 1849 1146 1920; x_wconf 80' lang='grc' dir='ltr'>αἰσθήσεως</span> <span class='ocrx_word' id='word_1_123' title='bbox 1179 1849 1378 1916; x_wconf 69' lang='lat' dir='ltr'><strong>obeat;</strong></span> 
     </span>
    </p>
   </div>
   <div class='ocr_carea' id='block_1_21' title="bbox 359 1934 1882 2010">
    <p class='ocr_par' dir='ltr' id='par_1_21' title="bbox 359 1934 1882 2010">
     <span class='ocr_line' id='line_1_21' title="bbox 359 1934 1882 2010; baseline -0.004 -18"><span class='ocrx_word' id='word_1_124' title='bbox 359 1937 468 1992; x_wconf 84' lang='grc' dir='ltr'>Τοῦ</span> <span class='ocrx_word' id='word_1_125' title='bbox 516 1939 656 1992; x_wconf 85' lang='grc' dir='ltr'>Θεοῦ</span> <span class='ocrx_word' id='word_1_126' title='bbox 702 1939 802 2010; x_wconf 80' lang='grc' dir='ltr'><strong>τὴν</strong></span> <span class='ocrx_word' id='word_1_127' title='bbox 859 1937 1258 2008; x_wconf 69' lang='grc' dir='ltr'>ἐφθαλμοφανῆ</span> <span class='ocrx_word' id='word_1_128' title='bbox 1293 1936 1442 2004; x_wconf 88' lang='grc' dir='ltr'>θέαν,</span> <span class='ocrx_word' id='word_1_129' title='bbox 1498 1935 1730 2007; x_wconf 84' lang='grc' dir='ltr'><strong>ἀοράτου</strong></span> <span class='ocrx_word' id='word_1_130' title='bbox 1782 1934 1882 2006; x_wconf 78' lang='grc' dir='ltr'>τὴν</span> 
     </span>
    </p>
   </div>
   <div class='ocr_carea' id='block_1_22' title="bbox 293 2022 1882 2100">
    <p class='ocr_par' dir='ltr' id='par_1_22' title="bbox 293 2022 1882 2100">
     <span class='ocr_line' id='line_1_22' title="bbox 293 2022 1882 2100; baseline -0.003 -18"><span class='ocrx_word' id='word_1_131' title='bbox 293 2028 452 2098; x_wconf 74' lang='grc' dir='ltr'>φύσιν</span> <span class='ocrx_word' id='word_1_132' title='bbox 483 2029 666 2094; x_wconf 75' lang='grc' dir='ltr'>ὄντος.</span> <span class='ocrx_word' id='word_1_133' title='bbox 701 2029 852 2084; x_wconf 77' lang='grc' dir='ltr'>Θεὸν</span> <span class='ocrx_word' id='word_1_134' title='bbox 879 2029 1012 2100; x_wconf 78' lang='grc' dir='ltr'><strong>γὰρ,</strong></span> <span class='ocrx_word' id='word_1_135' title='bbox 1059 2029 1246 2100; x_wconf 74' lang='grc' dir='ltr'>φησὶν,</span> <span class='ocrx_word' id='word_1_136' title='bbox 1280 2027 1482 2092; x_wconf 74' lang='grc' dir='ltr'>οὐδεὶς</span> <span class='ocrx_word' id='word_1_137' title='bbox 1517 2027 1740 2095; x_wconf 78' lang='grc' dir='ltr'>ἑώρακε</span> <span class='ocrx_word' id='word_1_138' title='bbox 1766 2022 1882 2078; x_wconf 81' lang='grc' dir='ltr'><strong>πώ-</strong></span> 
     </span>
    </p>
   </div>
   <div class='ocr_carea' id='block_1_23' title="bbox 290 2119 1886 2194">
    <p class='ocr_par' dir='ltr' id='par_1_23' title="bbox 290 2119 1886 2194">
     <span class='ocr_line' id='line_1_23' title="bbox 290 2119 1886 2194; baseline -0.002 -21"><span class='ocrx_word' id='word_1_139' title='bbox 290 2137 452 2176; x_wconf 72' lang='grc' dir='ltr'>ποτε.</span> <span class='ocrx_word' id='word_1_140' title='bbox 485 2121 564 2176; x_wconf 72' lang='grc' dir='ltr'><strong>Τὸ</strong></span> <span class='ocrx_word' id='word_1_141' title='bbox 625 2122 734 2193; x_wconf 77' lang='grc' dir='ltr'><strong>γὰρ</strong></span> <span class='ocrx_word' id='word_1_142' title='bbox 776 2121 916 2194; x_wconf 84' lang='grc' dir='ltr'>μόνῃ</span> <span class='ocrx_word' id='word_1_143' title='bbox 961 2121 1182 2192; x_wconf 74' lang='grc' dir='ltr'>καθαρᾷ</span> <span class='ocrx_word' id='word_1_144' title='bbox 1227 2121 1426 2191; x_wconf 76' lang='grc' dir='ltr'>καρδίᾳ</span> <span class='ocrx_word' id='word_1_145' title='bbox 1470 2119 1762 2190; x_wconf 77' lang='grc' dir='ltr'>θεώμενον,</span> <span class='ocrx_word' id='word_1_146' title='bbox 1801 2119 1886 2170; x_wconf 73' lang='lat' dir='ltr'><strong>aii-</strong></span> 
     </span>
    </p>
   </div>
   <div class='ocr_carea' id='block_1_24' title="bbox 293 2209 1527 2286">
    <p class='ocr_par' dir='ltr' id='par_1_24' title="bbox 293 2209 1527 2286">
     <span class='ocr_line' id='line_1_24' title="bbox 293 2209 1527 2286; baseline -0.002 -18"><span class='ocrx_word' id='word_1_147' title='bbox 293 2214 512 2284; x_wconf 84' lang='grc' dir='ltr'>σθητοῖς</span> <span class='ocrx_word' id='word_1_148' title='bbox 539 2214 846 2286; x_wconf 67' lang='grc' dir='ltr'>ὀφθαλμοῖς</span> <span class='ocrx_word' id='word_1_149' title='bbox 877 2213 1108 2268; x_wconf 72' lang='grc' dir='ltr'>θεᾶσθαι</span> <span class='ocrx_word' id='word_1_150' title='bbox 1139 2213 1255 2278; x_wconf 85' lang='grc' dir='ltr'><strong>πῶς</strong></span> <span class='ocrx_word' id='word_1_151' title='bbox 1287 2209 1401 2266; x_wconf 77' lang='grc' dir='ltr'>οἷόν</span> <span class='ocrx_word' id='word_1_152' title='bbox 1432 2229 1527 2278; x_wconf 78' lang='grc' dir='ltr'><strong>τες</strong></span> 
     </span>
    </p>
   </div>
   <div class='ocr_carea' id='block_1_25' title="bbox 357 2391 1880 2464">
    <p class='ocr_par' dir='ltr' id='par_1_25' title="bbox 357 2391 1880 2464">
     <span class='ocr_line' id='line_1_25' title="bbox 357 2391 1880 2464; baseline 0.001 -19"><span class='ocrx_word' id='word_1_153' title='bbox 357 2393 830 2464; x_wconf 77' lang='grc' dir='ltr'>Δυσκατάληπτος</span> <span class='ocrx_word' id='word_1_154' title='bbox 865 2392 962 2446; x_wconf 73' lang='grc' dir='ltr'><strong>καὶ</strong></span> <span class='ocrx_word' id='word_1_155' title='bbox 995 2393 1030 2463; x_wconf 85' lang='grc' dir='ltr'><strong>ἡ</strong></span> <span class='ocrx_word' id='word_1_156' title='bbox 1057 2392 1153 2445; x_wconf 89' lang='grc' dir='ltr'><strong>τοῦ</strong></span> <span class='ocrx_word' id='word_1_157' title='bbox 1205 2391 1425 2463; x_wconf 82' lang='grc' dir='ltr'>Ἰσραὴλ</span> <span class='ocrx_word' id='word_1_158' title='bbox 1461 2393 1748 2464; x_wconf 80' lang='grc' dir='ltr'><strong>σωματικὴ</strong></span> <span class='ocrx_word' id='word_1_159' title='bbox 1789 2395 1880 2448; x_wconf 78' lang='grc' dir='ltr'><strong>εὖ-</strong></span> 
     </span>
    </p>
   </div>
   <div class='ocr_carea' id='block_1_26' title="bbox 289 2482 1884 2556">
    <p class='ocr_par' dir='ltr' id='par_1_26' title="bbox 289 2482 1884 2556">
     <span class='ocr_line' id='line_1_26' title="bbox 289 2482 1884 2556; baseline -0.001 -19"><span class='ocrx_word' id='word_1_160' title='bbox 289 2485 464 2554; x_wconf 76' lang='grc' dir='ltr'>λογία,</span> <span class='ocrx_word' id='word_1_161' title='bbox 498 2487 561 2539; x_wconf 75' lang='grc' dir='ltr'>ἐν</span> <span class='ocrx_word' id='word_1_162' title='bbox 586 2493 660 2538; x_wconf 79' lang='grc' dir='ltr'>σε’</span> <span class='ocrx_word' id='word_1_163' title='bbox 703 2485 906 2556; x_wconf 83' lang='grc' dir='ltr'>ψυχαῖς</span> <span class='ocrx_word' id='word_1_164' title='bbox 930 2485 1029 2538; x_wconf 86' lang='grc' dir='ltr'><strong>τοῦ</strong></span> <span class='ocrx_word' id='word_1_165' title='bbox 1067 2482 1263 2538; x_wconf 82' lang='grc' dir='ltr'>Ἰακὼό</span> <span class='ocrx_word' id='word_1_166' title='bbox 1291 2484 1644 2548; x_wconf 81' lang='grc' dir='ltr'>κατελθόντος</span> <span class='ocrx_word' id='word_1_167' title='bbox 1683 2487 1764 2548; x_wconf 85' lang='grc' dir='ltr'><strong>είς</strong></span> <span class='ocrx_word' id='word_1_168' title='bbox 1786 2485 1884 2538; x_wconf 80' lang='grc' dir='ltr'><strong>Αἴ-</strong></span> 
     </span>
    </p>
   </div>
   <div class='ocr_carea' id='block_1_27' title="bbox 291 2575 1885 2649">
    <p class='ocr_par' dir='ltr' id='par_1_27' title="bbox 291 2575 1885 2649">
     <span class='ocr_line' id='line_1_27' title="bbox 291 2575 1885 2649; baseline 0.002 -20"><span class='ocrx_word' id='word_1_169' title='bbox 291 2594 516 2648; x_wconf 76' lang='grc' dir='ltr'>γυπτον,</span> <span class='ocrx_word' id='word_1_170' title='bbox 545 2579 642 2632; x_wconf 75' lang='grc' dir='ltr'><strong>καὶ</strong></span> <span class='ocrx_word' id='word_1_171' title='bbox 669 2578 812 2633; x_wconf 81' lang='grc' dir='ltr'><strong>κατά</strong></span> <span class='ocrx_word' id='word_1_172' title='bbox 847 2577 946 2648; x_wconf 83' lang='grc' dir='ltr'><strong>τὴν</strong></span> <span class='ocrx_word' id='word_1_173' title='bbox 982 2577 1251 2648; x_wconf 79' lang='grc' dir='ltr'>τετάρτην</span> <span class='ocrx_word' id='word_1_174' title='bbox 1272 2577 1468 2646; x_wconf 84' lang='grc' dir='ltr'>γενεὰν</span> <span class='ocrx_word' id='word_1_175' title='bbox 1519 2580 1576 2632; x_wconf 83' lang='grc' dir='ltr'>ὲν</span> <span class='ocrx_word' id='word_1_176' title='bbox 1616 2575 1658 2643; x_wconf 74' lang='grc' dir='ltr'><strong>ξ’</strong></span> <span class='ocrx_word' id='word_1_177' title='bbox 1691 2579 1885 2649; x_wconf 79' lang='grc' dir='ltr'>μυριά-</span> 
     </span>
    </p>
   </div>
   <div class='ocr_carea' id='block_1_28' title="bbox 293 2665 1068 2738">
    <p class='ocr_par' dir='ltr' id='par_1_28' title="bbox 293 2665 1068 2738">
     <span class='ocr_line' id='line_1_28' title="bbox 293 2665 1068 2738; baseline 0 -18"><span class='ocrx_word' id='word_1_178' title='bbox 293 2685 372 2720; x_wconf 83' lang='grc' dir='ltr'><strong>σιν</strong></span> <span class='ocrx_word' id='word_1_179' title='bbox 402 2666 625 2738; x_wconf 84' lang='grc' dir='ltr'>ἀνδρῶν</span> <span class='ocrx_word' id='word_1_180' title='bbox 662 2665 1068 2736; x_wconf 75' lang='grc' dir='ltr'>ἐξεληλυθότος.</span> 
     </span>
    </p>
   </div>
   <div class='ocr_carea' id='block_1_29' title="bbox 355 2752 1884 2828">
    <p class='ocr_par' dir='ltr' id='par_1_29' title="bbox 355 2752 1884 2828">
     <span class='ocr_line' id='line_1_29' title="bbox 355 2752 1884 2828; baseline -0.003 -17"><span class='ocrx_word' id='word_1_181' title='bbox 355 2758 497 2828; x_wconf 72' lang='grc' dir='ltr'>Περὶ</span> <span class='ocrx_word' id='word_1_182' title='bbox 527 2758 642 2827; x_wconf 76' lang='grc' dir='ltr'><strong>γὰρ</strong></span> <span class='ocrx_word' id='word_1_183' title='bbox 671 2757 772 2826; x_wconf 84' lang='grc' dir='ltr'>τῆς</span> <span class='ocrx_word' id='word_1_184' title='bbox 801 2756 1014 2828; x_wconf 79' lang='grc' dir='ltr'>ἡμέρας</span> <span class='ocrx_word' id='word_1_185' title='bbox 1037 2755 1138 2823; x_wconf 80' lang='grc' dir='ltr'>τῆς</span> <span class='ocrx_word' id='word_1_186' title='bbox 1165 2752 1476 2825; x_wconf 77' lang='grc' dir='ltr'>παρουσίας</span> <span class='ocrx_word' id='word_1_187' title='bbox 1523 2755 1619 2808; x_wconf 86' lang='grc' dir='ltr'><strong>τοῦ</strong></span> <span class='ocrx_word' id='word_1_188' title='bbox 1677 2755 1884 2826; x_wconf 76' lang='grc' dir='ltr'>Κυρίου</span> 
     </span>
    </p>
   </div>
   <div class='ocr_carea' id='block_1_30' title="bbox 291 2847 1886 2920">
    <p class='ocr_par' dir='ltr' id='par_1_30' title="bbox 291 2847 1886 2920">
     <span class='ocr_line' id='line_1_30' title="bbox 291 2847 1886 2920; baseline -0.001 -18"><span class='ocrx_word' id='word_1_189' title='bbox 291 2851 379 2902; x_wconf 65' lang='grc' dir='ltr'>καὶ</span> <span class='ocrx_word' id='word_1_190' title='bbox 401 2849 576 2912; x_wconf 74' lang='grc' dir='ltr'>αὐτὸς</span> <span class='ocrx_word' id='word_1_191' title='bbox 609 2850 638 2901; x_wconf 82' lang='grc' dir='ltr'><strong>ὁ</strong></span> <span class='ocrx_word' id='word_1_192' title='bbox 661 2847 868 2920; x_wconf 81' lang='grc' dir='ltr'>Κύριος</span> <span class='ocrx_word' id='word_1_193' title='bbox 901 2847 1188 2913; x_wconf 78' lang='grc' dir='ltr'>ἀπέδειξεν</span> <span class='ocrx_word' id='word_1_194' title='bbox 1223 2861 1238 2875; x_wconf 87' lang='grc'><strong>·</strong></span> <span class='ocrx_word' id='word_1_195' title='bbox 1269 2850 1393 2916; x_wconf 79' lang='grc' dir='ltr'><strong>Οὐχ</strong></span> <span class='ocrx_word' id='word_1_196' title='bbox 1413 2847 1580 2918; x_wconf 82' lang='grc' dir='ltr'><strong>ὑμῶν</strong></span> <span class='ocrx_word' id='word_1_197' title='bbox 1599 2847 1709 2918; x_wconf 73' lang='grc' dir='ltr'><strong>γάρ</strong></span> <span class='ocrx_word' id='word_1_198' title='bbox 1731 2849 1886 2911; x_wconf 79' lang='grc' dir='ltr'>ἐστι,</span> 
     </span>
    </p>
   </div>
   <div class='ocr_carea' id='block_1_31' title="bbox 289 2938 1887 3009">
    <p class='ocr_par' dir='ltr' id='par_1_31' title="bbox 289 2938 1887 3009">
     <span class='ocr_line' id='line_1_31' title="bbox 289 2938 1887 3009; baseline -0.003 -15"><span class='ocrx_word' id='word_1_199' title='bbox 289 2943 554 3009; x_wconf 76' lang='grc' dir='ltr'>χρόνους</span> <span class='ocrx_word' id='word_1_200' title='bbox 581 2938 620 3008; x_wconf 75' lang='grc' dir='ltr'><em>ἢ</em></span> <span class='ocrx_word' id='word_1_201' title='bbox 650 2939 898 3008; x_wconf 82' lang='grc' dir='ltr'>καιροὺς</span> <span class='ocrx_word' id='word_1_202' title='bbox 924 2939 1166 3005; x_wconf 80' lang='grc' dir='ltr'>ειδέναι,</span> <span class='ocrx_word' id='word_1_203' title='bbox 1198 2939 1336 3008; x_wconf 80' lang='grc' dir='ltr'>πρὸς</span> <span class='ocrx_word' id='word_1_204' title='bbox 1375 2941 1503 3002; x_wconf 78' lang='grc' dir='ltr'>τοὺς</span> <span class='ocrx_word' id='word_1_205' title='bbox 1556 2939 1887 3001; x_wconf 83' lang='grc' dir='ltr'>ἀποστόλους</span> 
     </span>
    </p>
   </div>
   <div class='ocr_carea' id='block_1_32' title="bbox 291 3029 1708 3102">
    <p class='ocr_par' dir='ltr' id='par_1_32' title="bbox 291 3029 1708 3102">
     <span class='ocr_line' id='line_1_32' title="bbox 291 3029 1708 3102; baseline 0.004 -20"><span class='ocrx_word' id='word_1_206' title='bbox 291 3031 412 3102; x_wconf 67' lang='grc' dir='ltr'><strong>ἔφη,</strong></span> <span class='ocrx_word' id='word_1_207' title='bbox 443 3029 562 3097; x_wconf 80' lang='grc' dir='ltr'>οὓς</span> <span class='ocrx_word' id='word_1_208' title='bbox 587 3032 622 3086; x_wconf 81' lang='grc' dir='ltr'><strong>ό</strong></span> <span class='ocrx_word' id='word_1_209' title='bbox 655 3030 859 3100; x_wconf 79' lang='grc' dir='ltr'>Πατὴρ</span> <span class='ocrx_word' id='word_1_210' title='bbox 879 3031 1045 3086; x_wconf 79' lang='grc' dir='ltr'>ἔθετο</span> <span class='ocrx_word' id='word_1_211' title='bbox 1079 3031 1148 3086; x_wconf 82' lang='grc' dir='ltr'><strong>ἐν</strong></span> <span class='ocrx_word' id='word_1_212' title='bbox 1177 3031 1254 3102; x_wconf 79' lang='grc' dir='ltr'>τῇ</span> <span class='ocrx_word' id='word_1_213' title='bbox 1283 3032 1403 3099; x_wconf 74' lang='grc' dir='ltr'>ἰδίᾳ</span> <span class='ocrx_word' id='word_1_214' title='bbox 1432 3031 1708 3098; x_wconf 74' lang='grc' dir='ltr'>ἐξουσίᾳ.</span> 
     </span>
    </p>
   </div>
   <div class='ocr_carea' id='block_1_33' title="bbox 1994 567 3574 648">
    <p class='ocr_par' dir='ltr' id='par_1_33' title="bbox 1994 567 3574 648">
     <span class='ocr_line' id='line_1_33' title="bbox 1994 567 3574 648; baseline 0.01 -28"><span class='ocrx_word' id='word_1_215' title='bbox 1994 571 2100 621; x_wconf 87' lang='lat' dir='ltr'><strong>sint</strong></span> <span class='ocrx_word' id='word_1_216' title='bbox 2133 568 2258 622; x_wconf 91' lang='lat' dir='ltr'><strong>licet</strong></span> <span class='ocrx_word' id='word_1_217' title='bbox 2281 567 2726 638; x_wconf 77' lang='lat' dir='ltr'><strong>inquirere.Qua:</strong></span> <span class='ocrx_word' id='word_1_218' title='bbox 2752 571 2896 625; x_wconf 89' lang='lat' dir='ltr'><strong>enim</strong></span> <span class='ocrx_word' id='word_1_219' title='bbox 2933 573 3364 644; x_wconf 81' lang='lat' dir='ltr'><strong>homoloquiuon</strong></span> <span class='ocrx_word' id='word_1_220' title='bbox 3385 589 3574 648; x_wconf 78' lang='lat' dir='ltr'><strong>potest,</strong></span> 
     </span>
    </p>
   </div>
   <div class='ocr_carea' id='block_1_34' title="bbox 1993 659 2787 730">
    <p class='ocr_par' dir='ltr' id='par_1_34' title="bbox 1993 659 2787 730">
     <span class='ocr_line' id='line_1_34' title="bbox 1993 659 2787 730; baseline 0.004 -18"><span class='ocrx_word' id='word_1_221' title='bbox 1993 659 2075 712; x_wconf 87' lang='lat' dir='ltr'><strong>vel</strong></span> <span class='ocrx_word' id='word_1_222' title='bbox 2101 660 2331 728; x_wconf 90' lang='lat' dir='ltr'><strong>ipsemet</strong></span> <span class='ocrx_word' id='word_1_223' title='bbox 2369 659 2666 730; x_wconf 71' lang='lat' dir='ltr'><strong>Apostolus</strong></span> <span class='ocrx_word' id='word_1_224' title='bbox 2692 662 2787 716; x_wconf 89' lang='lat' dir='ltr'><strong>ait.</strong></span> 
     </span>
    </p>
   </div>
   <div class='ocr_carea' id='block_1_35' title="bbox 2059 749 3579 828">
    <p class='ocr_par' dir='ltr' id='par_1_35' title="bbox 2059 749 3579 828">
     <span class='ocr_line' id='line_1_35' title="bbox 2059 749 3579 828; baseline 0.009 -23"><span class='ocrx_word' id='word_1_225' title='bbox 2059 749 2298 806; x_wconf 80' lang='lat' dir='ltr'><strong>Joannes</strong></span> <span class='ocrx_word' id='word_1_226' title='bbox 2329 752 2373 783; x_wconf 70' lang='lat'><strong>“</strong></span> <span class='ocrx_word' id='word_1_227' title='bbox 2395 753 2532 806; x_wconf 81' lang='lat' dir='ltr'><strong>dixit</strong></span> <span class='ocrx_word' id='word_1_228' title='bbox 2553 769 2570 807; x_wconf 92' lang='lat'><em>:</em></span> <span class='ocrx_word' id='word_1_229' title='bbox 2591 753 2720 820; x_wconf 66' lang='lat' dir='ltr'><strong>Quae</strong></span> <span class='ocrx_word' id='word_1_230' title='bbox 2743 758 2926 812; x_wconf 83' lang='lat' dir='ltr'><strong>oculus</strong></span> <span class='ocrx_word' id='word_1_231' title='bbox 2949 776 3048 812; x_wconf 84' lang='lat' dir='ltr'><strong>non</strong></span> <span class='ocrx_word' id='word_1_232' title='bbox 3073 761 3222 828; x_wconf 81' lang='lat' dir='ltr'><strong>vidit,</strong></span> <span class='ocrx_word' id='word_1_233' title='bbox 3241 769 3290 816; x_wconf 84' lang='lat' dir='ltr'><strong>et</strong></span> <span class='ocrx_word' id='word_1_234' title='bbox 3309 764 3456 817; x_wconf 80' lang='lat' dir='ltr'><strong>auris</strong></span> <span class='ocrx_word' id='word_1_235' title='bbox 3474 780 3579 818; x_wconf 84' lang='lat' dir='ltr'><strong>non</strong></span> 
     </span>
    </p>
   </div>
   <div class='ocr_carea' id='block_1_36' title="bbox 1993 842 3576 924">
    <p class='ocr_par' dir='ltr' id='par_1_36' title="bbox 1993 842 3576 924">
     <span class='ocr_line' id='line_1_36' title="bbox 1993 842 3576 924; baseline 0.009 -27"><span class='ocrx_word' id='word_1_236' title='bbox 1993 842 2220 908; x_wconf 83' lang='lat' dir='ltr'><strong>audivit,</strong></span> <span class='ocrx_word' id='word_1_237' title='bbox 2255 853 2302 898; x_wconf 86' lang='lat' dir='ltr'><strong>et</strong></span> <span class='ocrx_word' id='word_1_238' title='bbox 2333 843 2387 898; x_wconf 86' lang='lat' dir='ltr'><strong>in</strong></span> <span class='ocrx_word' id='word_1_239' title='bbox 2428 861 2517 898; x_wconf 89' lang='lat' dir='ltr'><strong>car</strong></span> <span class='ocrx_word' id='word_1_240' title='bbox 2543 845 2771 901; x_wconf 81' lang='lat' dir='ltr'><strong>hominis</strong></span> <span class='ocrx_word' id='word_1_241' title='bbox 2799 865 2903 902; x_wconf 87' lang='lat' dir='ltr'><strong>non</strong></span> <span class='ocrx_word' id='word_1_242' title='bbox 2926 853 3188 915; x_wconf 77' lang='lat' dir='ltr'><strong>ascendit,</strong></span> <span class='ocrx_word' id='word_1_243' title='bbox 3221 870 3338 923; x_wconf 73' lang='lat' dir='ltr'><strong>qua:</strong></span> <span class='ocrx_word' id='word_1_244' title='bbox 3363 871 3576 924; x_wconf 73' lang='lat' dir='ltr'><strong>prtepa-</strong></span> 
     </span>
    </p>
   </div>
   <div class='ocr_carea' id='block_1_37' title="bbox 1991 937 3573 1010">
    <p class='ocr_par' dir='ltr' id='par_1_37' title="bbox 1991 937 3573 1010">
     <span class='ocr_line' id='line_1_37' title="bbox 1991 937 3573 1010; baseline 0.009 -21"><span class='ocrx_word' id='word_1_245' title='bbox 1991 937 2124 990; x_wconf 84' lang='lat' dir='ltr'><strong>ravit</strong></span> <span class='ocrx_word' id='word_1_246' title='bbox 2155 937 2295 991; x_wconf 86' lang='lat' dir='ltr'><strong>Deus</strong></span> <span class='ocrx_word' id='word_1_247' title='bbox 2319 937 2658 1007; x_wconf 75' lang='lat' dir='ltr'><strong>diligentibus</strong></span> <span class='ocrx_word' id='word_1_248' title='bbox 2691 940 2864 996; x_wconf 86' lang='lat' dir='ltr'><strong>illum.</strong></span> <span class='ocrx_word' id='word_1_249' title='bbox 2914 943 3198 1010; x_wconf 81' lang='lat' dir='ltr'><strong>Quomodo</strong></span> <span class='ocrx_word' id='word_1_250' title='bbox 3224 956 3278 1000; x_wconf 90' lang='lat' dir='ltr'><strong>et</strong></span> <span class='ocrx_word' id='word_1_251' title='bbox 3311 947 3411 1002; x_wconf 87' lang='lat' dir='ltr'><strong>ista</strong></span> <span class='ocrx_word' id='word_1_252' title='bbox 3441 961 3573 1003; x_wconf 89' lang='lat' dir='ltr'><strong>con-</strong></span> 
     </span>
    </p>
   </div>
   <div class='ocr_carea' id='block_1_38' title="bbox 1991 1027 3564 1104">
    <p class='ocr_par' dir='ltr' id='par_1_38' title="bbox 1991 1027 3564 1104">
     <span class='ocr_line' id='line_1_38' title="bbox 1991 1027 3564 1104; baseline 0.008 -23"><span class='ocrx_word' id='word_1_253' title='bbox 1991 1027 2173 1096; x_wconf 86' lang='lat' dir='ltr'><strong>cipere</strong></span> <span class='ocrx_word' id='word_1_254' title='bbox 2199 1028 2386 1082; x_wconf 91' lang='lat' dir='ltr'><strong>ani-mo</strong></span> <span class='ocrx_word' id='word_1_255' title='bbox 2409 1028 2533 1097; x_wconf 90' lang='lat' dir='ltr'><strong>quis</strong></span> <span class='ocrx_word' id='word_1_256' title='bbox 2564 1030 2765 1095; x_wconf 89' lang='lat' dir='ltr'><strong>valeat,</strong></span> <span class='ocrx_word' id='word_1_257' title='bbox 2803 1047 2926 1102; x_wconf 72' lang='lat' dir='ltr'><strong>quas</strong></span> <span class='ocrx_word' id='word_1_258' title='bbox 2955 1049 3132 1104; x_wconf 87' lang='lat' dir='ltr'><strong>neque</strong></span> <span class='ocrx_word' id='word_1_259' title='bbox 3179 1037 3284 1092; x_wconf 88' lang='lat' dir='ltr'><strong>sub</strong></span> <span class='ocrx_word' id='word_1_260' title='bbox 3321 1052 3564 1104; x_wconf 81' lang='lat' dir='ltr'><strong>sensum,</strong></span> 
     </span>
    </p>
   </div>
   <div class='ocr_carea' id='block_1_39' title="bbox 1993 1115 3144 1190">
    <p class='ocr_par' dir='ltr' id='par_1_39' title="bbox 1993 1115 3144 1190">
     <span class='ocr_line' id='line_1_39' title="bbox 1993 1115 3144 1190; baseline 0.006 -21"><span class='ocrx_word' id='word_1_261' title='bbox 1993 1131 2170 1184; x_wconf 85' lang='lat' dir='ltr'><strong>neque</strong></span> <span class='ocrx_word' id='word_1_262' title='bbox 2194 1115 2298 1171; x_wconf 96' lang='lat' dir='ltr'><strong>sub</strong></span> <span class='ocrx_word' id='word_1_263' title='bbox 2333 1117 2606 1172; x_wconf 87' lang='lat' dir='ltr'><strong>rationem</strong></span> <span class='ocrx_word' id='word_1_264' title='bbox 2635 1118 2832 1174; x_wconf 85' lang='lat' dir='ltr'><strong>cadere</strong></span> <span class='ocrx_word' id='word_1_265' title='bbox 2867 1123 3144 1190; x_wconf 82' lang='lat' dir='ltr'><strong>possunt?</strong></span> 
     </span>
    </p>
   </div>
   <div class='ocr_carea' id='block_1_40' title="bbox 2063 1208 3572 1284">
    <p class='ocr_par' dir='ltr' id='par_1_40' title="bbox 2063 1208 3572 1284">
     <span class='ocr_line' id='line_1_40' title="bbox 2063 1208 3572 1284; baseline 0.007 -24"><span class='ocrx_word' id='word_1_266' title='bbox 2063 1208 2412 1262; x_wconf 84' lang='lat' dir='ltr'><strong>Intervallum</strong></span> <span class='ocrx_word' id='word_1_267' title='bbox 2463 1209 2612 1278; x_wconf 89' lang='lat' dir='ltr'><strong>quod</strong></span> <span class='ocrx_word' id='word_1_268' title='bbox 2649 1208 2749 1263; x_wconf 83' lang='lat' dir='ltr'><strong>fuit</strong></span> <span class='ocrx_word' id='word_1_269' title='bbox 2781 1222 3073 1281; x_wconf 79' lang='lat' dir='ltr'><strong>antequam</strong></span> <span class='ocrx_word' id='word_1_270' title='bbox 3129 1214 3218 1268; x_wconf 78' lang='lat' dir='ltr'><strong>lux</strong></span> <span class='ocrx_word' id='word_1_271' title='bbox 3269 1229 3572 1284; x_wconf 75' lang='lat' dir='ltr'><strong>crearetur,</strong></span> 
     </span>
    </p>
   </div>
   <div class='ocr_carea' id='block_1_41' title="bbox 1991 1297 3574 1377">
    <p class='ocr_par' dir='ltr' id='par_1_41' title="bbox 1991 1297 3574 1377">
     <span class='ocr_line' id='line_1_41' title="bbox 1991 1297 3574 1377; baseline 0.009 -27"><span class='ocrx_word' id='word_1_272' title='bbox 1991 1310 2114 1350; x_wconf 91' lang='lat' dir='ltr'><strong>cum</strong></span> <span class='ocrx_word' id='word_1_273' title='bbox 2145 1297 2405 1367; x_wconf 89' lang='lat' dir='ltr'><strong>temporis</strong></span> <span class='ocrx_word' id='word_1_274' title='bbox 2443 1300 2727 1368; x_wconf 78' lang='lat' dir='ltr'><strong>Particula:</strong></span> <span class='ocrx_word' id='word_1_275' title='bbox 2761 1301 2928 1357; x_wconf 70' lang='lat' dir='ltr'><strong>nulla:</strong></span> <span class='ocrx_word' id='word_1_276' title='bbox 2950 1313 3159 1371; x_wconf 90' lang='lat' dir='ltr'><strong>essent,</strong></span> <span class='ocrx_word' id='word_1_277' title='bbox 3185 1309 3574 1377; x_wconf 81' lang='lat' dir='ltr'><strong>comprehendi</strong></span> 
     </span>
    </p>
   </div>
   <div class='ocr_carea' id='block_1_42' title="bbox 1991 1390 2963 1460">
    <p class='ocr_par' dir='ltr' id='par_1_42' title="bbox 1991 1390 2963 1460">
     <span class='ocr_line' id='line_1_42' title="bbox 1991 1390 2963 1460; baseline 0.008 -19"><span class='ocrx_word' id='word_1_278' title='bbox 1991 1403 2100 1442; x_wconf 91' lang='lat' dir='ltr'><strong>non</strong></span> <span class='ocrx_word' id='word_1_279' title='bbox 2127 1397 2326 1460; x_wconf 87' lang='lat' dir='ltr'><strong>potest.</strong></span> <span class='ocrx_word' id='word_1_280' title='bbox 2351 1390 2464 1445; x_wconf 91' lang='lat' dir='ltr'><strong>Soli</strong></span> <span class='ocrx_word' id='word_1_281' title='bbox 2495 1391 2604 1446; x_wconf 90' lang='lat' dir='ltr'><strong>Deo</strong></span> <span class='ocrx_word' id='word_1_282' title='bbox 2645 1407 2834 1448; x_wconf 84' lang='lat' dir='ltr'><strong>nowm</strong></span> <span class='ocrx_word' id='word_1_283' title='bbox 2857 1403 2963 1449; x_wconf 80' lang='lat' dir='ltr'><strong>est.</strong></span> 
     </span>
    </p>
   </div>
   <div class='ocr_carea' id='block_1_43' title="bbox 2063 1461 3574 1556">
    <p class='ocr_par' dir='ltr' id='par_1_43' title="bbox 2063 1461 3574 1556">
     <span class='ocr_line' id='line_1_43' title="bbox 2063 1461 3574 1556; baseline 0.01 -22"><span class='ocrx_word' id='word_1_284' title='bbox 2063 1480 2346 1551; x_wconf 83' lang='lat' dir='ltr'><strong>Ejusmodi</strong></span> <span class='ocrx_word' id='word_1_285' title='bbox 2389 1487 2482 1552; x_wconf 69' lang='lat' dir='ltr'><strong>,‘est</strong></span> <span class='ocrx_word' id='word_1_286' title='bbox 2535 1494 2590 1538; x_wconf 89' lang='lat' dir='ltr'><strong>et</strong></span> <span class='ocrx_word' id='word_1_287' title='bbox 2625 1486 2778 1552; x_wconf 89' lang='lat' dir='ltr'><strong>illud,</strong></span> <span class='ocrx_word' id='word_1_288' title='bbox 2809 1487 3174 1556; x_wconf 32' lang='lat' dir='ltr'><strong>quod‘llueta</strong></span> <span class='ocrx_word' id='word_1_289' title='bbox 3225 1461 3409 1547; x_wconf 73' lang='lat' dir='ltr'><strong>fulura</strong></span> <span class='ocrx_word' id='word_1_290' title='bbox 3441 1507 3574 1548; x_wconf 88' lang='lat' dir='ltr'><strong>con-</strong></span> 
     </span>
    </p>
   </div>
   <div class='ocr_carea' id='block_1_44' title="bbox 1991 1575 3572 1647">
    <p class='ocr_par' dir='ltr' id='par_1_44' title="bbox 1991 1575 3572 1647">
     <span class='ocr_line' id='line_1_44' title="bbox 1991 1575 3572 1647; baseline 0.009 -21"><span class='ocrx_word' id='word_1_291' title='bbox 1991 1575 2360 1628; x_wconf 88' lang='lat' dir='ltr'><strong>summatione</strong></span> <span class='ocrx_word' id='word_1_292' title='bbox 2387 1576 2580 1630; x_wconf 90' lang='lat' dir='ltr'><strong>mundi</strong></span> <span class='ocrx_word' id='word_1_293' title='bbox 2621 1592 2794 1647; x_wconf 91' lang='lat' dir='ltr'><strong>usque</strong></span> <span class='ocrx_word' id='word_1_294' title='bbox 2831 1579 2897 1632; x_wconf 87' lang='lat' dir='ltr'><strong>ad</strong></span> <span class='ocrx_word' id='word_1_295' title='bbox 2938 1581 3437 1640; x_wconf 81' lang='lat' dir='ltr'><strong>manifestationem</strong></span> <span class='ocrx_word' id='word_1_296' title='bbox 3469 1599 3572 1641; x_wconf 88' lang='lat' dir='ltr'><strong>uo-</strong></span> 
     </span>
    </p>
   </div>
   <div class='ocr_carea' id='block_1_45' title="bbox 1989 1673 2388 1720">
    <p class='ocr_par' dir='ltr' id='par_1_45' title="bbox 1989 1673 2388 1720">
     <span class='ocr_line' id='line_1_45' title="bbox 1989 1673 2388 1720; baseline 0.005 -2"><span class='ocrx_word' id='word_1_297' title='bbox 1989 1679 2070 1718; x_wconf 61' lang='grc' dir='ltr'>Ὺω</span> <span class='ocrx_word' id='word_1_298' title='bbox 2101 1673 2388 1720; x_wconf 68' lang='lat' dir='ltr'><strong>creaturae.</strong></span> 
     </span>
    </p>
   </div>
   <div class='ocr_carea' id='block_1_46' title="bbox 2058 1753 3572 1832">
    <p class='ocr_par' dir='ltr' id='par_1_46' title="bbox 2058 1753 3572 1832">
     <span class='ocr_line' id='line_1_46' title="bbox 2058 1753 3572 1832; baseline 0.006 -24"><span class='ocrx_word' id='word_1_299' title='bbox 2058 1753 2458 1812; x_wconf 82' lang='lat' dir='ltr'><strong>IntellectnaIes</strong></span> <span class='ocrx_word' id='word_1_300' title='bbox 2505 1759 2762 1814; x_wconf 69' lang='lat' dir='ltr'><strong>essentiae</strong></span> <span class='ocrx_word' id='word_1_301' title='bbox 2793 1761 3074 1816; x_wconf 88' lang='lat' dir='ltr'><strong>sensibilia</strong></span> <span class='ocrx_word' id='word_1_302' title='bbox 3121 1773 3282 1832; x_wconf 91' lang='lat' dir='ltr'><strong>atque</strong></span> <span class='ocrx_word' id='word_1_303' title='bbox 3309 1776 3572 1832; x_wconf 86' lang='lat' dir='ltr'><strong>corporea</strong></span> 
     </span>
    </p>
   </div>
   <div class='ocr_carea' id='block_1_47' title="bbox 1913 1825 3574 1924">
    <p class='ocr_par' dir='ltr' id='par_1_47' title="bbox 1913 1825 3574 1924">
     <span class='ocr_line' id='line_1_47' title="bbox 1913 1825 3574 1924; baseline 0.006 -26"><span class='ocrx_word' id='word_1_304' title='bbox 1913 1825 1958 1881; x_wconf 78' lang='grc' dir='ltr'>Β</span> <span class='ocrx_word' id='word_1_305' title='bbox 1983 1859 2221 1915; x_wconf 87' lang='lat' dir='ltr'><strong>quanam</strong></span> <span class='ocrx_word' id='word_1_306' title='bbox 2252 1848 2464 1902; x_wconf 88' lang='lat' dir='ltr'><strong>ratione</strong></span> <span class='ocrx_word' id='word_1_307' title='bbox 2496 1849 2700 1916; x_wconf 82' lang='lat' dir='ltr'><strong>vident,</strong></span> <span class='ocrx_word' id='word_1_308' title='bbox 2737 1867 2860 1906; x_wconf 90' lang='lat' dir='ltr'><strong>cum</strong></span> <span class='ocrx_word' id='word_1_309' title='bbox 2894 1855 3004 1907; x_wconf 85' lang='lat' dir='ltr'><strong>sint</strong></span> <span class='ocrx_word' id='word_1_310' title='bbox 3027 1825 3574 1924; x_wconf 49' lang='lat' dir='ltr'><strong>sensu-superiores?</strong></span> 
     </span>
    </p>
   </div>
   <div class='ocr_carea' id='block_1_48' title="bbox 2053 1936 3566 2015">
    <p class='ocr_par' dir='ltr' id='par_1_48' title="bbox 2053 1936 3566 2015">
     <span class='ocr_line' id='line_1_48' title="bbox 2053 1936 3566 2015; baseline 0.005 -25"><span class='ocrx_word' id='word_1_311' title='bbox 2053 1936 2386 2008; x_wconf 80' lang='lat' dir='ltr'><strong>investigare</strong></span> <span class='ocrx_word' id='word_1_312' title='bbox 2418 1953 2526 1992; x_wconf 91' lang='lat' dir='ltr'><strong>non</strong></span> <span class='ocrx_word' id='word_1_313' title='bbox 2569 1939 2694 1996; x_wconf 86' lang='lat' dir='ltr'><strong>licet</strong></span> <span class='ocrx_word' id='word_1_314' title='bbox 2745 1944 2813 1997; x_wconf 87' lang='lat' dir='ltr'><strong>de</strong></span> <span class='ocrx_word' id='word_1_315' title='bbox 2873 1945 3076 2000; x_wconf 82' lang='lat' dir='ltr'><strong>intuitu</strong></span> <span class='ocrx_word' id='word_1_316' title='bbox 3115 1947 3206 2001; x_wconf 87' lang='lat' dir='ltr'><strong>Dei</strong></span> <span class='ocrx_word' id='word_1_317' title='bbox 3255 1961 3354 2015; x_wconf 87' lang='lat' dir='ltr'><strong>per</strong></span> <span class='ocrx_word' id='word_1_318' title='bbox 3385 1945 3566 1999; x_wconf 85' lang='lat' dir='ltr'><strong>visum</strong></span> 
     </span>
    </p>
   </div>
   <div class='ocr_carea' id='block_1_49' title="bbox 1985 2029 3571 2100">
    <p class='ocr_par' dir='ltr' id='par_1_49' title="bbox 1985 2029 3571 2100">
     <span class='ocr_line' id='line_1_49' title="bbox 1985 2029 3571 2100; baseline 0.006 -16"><span class='ocrx_word' id='word_1_319' title='bbox 1985 2029 2296 2094; x_wconf 89' lang='lat' dir='ltr'><strong>oculorum,</strong></span> <span class='ocrx_word' id='word_1_320' title='bbox 2330 2045 2456 2086; x_wconf 90' lang='lat' dir='ltr'><strong>cum</strong></span> <span class='ocrx_word' id='word_1_321' title='bbox 2498 2031 2614 2100; x_wconf 88' lang='lat' dir='ltr'><strong>ipse</strong></span> <span class='ocrx_word' id='word_1_322' title='bbox 2659 2034 2730 2088; x_wconf 84' lang='lat' dir='ltr'><strong>sit</strong></span> <span class='ocrx_word' id='word_1_323' title='bbox 2788 2036 3078 2092; x_wconf 78' lang='lat' dir='ltr'><strong>invisibilis</strong></span> <span class='ocrx_word' id='word_1_324' title='bbox 3138 2045 3356 2092; x_wconf 86' lang='lat' dir='ltr'><strong>natura.</strong></span> <span class='ocrx_word' id='word_1_325' title='bbox 3401 2035 3571 2094; x_wconf 78' lang='lat' dir='ltr'><strong>Deum</strong></span> 
     </span>
    </p>
   </div>
   <div class='ocr_carea' id='block_1_50' title="bbox 1985 2122 3574 2197">
    <p class='ocr_par' dir='ltr' id='par_1_50' title="bbox 1985 2122 3574 2197">
     <span class='ocr_line' id='line_1_50' title="bbox 1985 2122 3574 2197; baseline 0.006 -20"><span class='ocrx_word' id='word_1_326' title='bbox 1985 2122 2157 2188; x_wconf 90' lang='lat' dir='ltr'><strong>enim,</strong></span> <span class='ocrx_word' id='word_1_327' title='bbox 2183 2123 2387 2193; x_wconf 89' lang='lat' dir='ltr'><strong>inquit,</strong></span> <span class='ocrx_word' id='word_1_328' title='bbox 2417 2139 2568 2180; x_wconf 83' lang='lat' dir='ltr'><strong>nemo</strong></span> <span class='ocrx_word' id='word_1_329' title='bbox 2621 2127 2751 2180; x_wconf 80' lang='lat' dir='ltr'><strong>vidit</strong></span> <span class='ocrx_word' id='word_1_330' title='bbox 2780 2143 3032 2197; x_wconf 81' lang='lat' dir='ltr'><strong>unquam.</strong></span> <span class='ocrx_word' id='word_1_331' title='bbox 3061 2127 3220 2194; x_wconf 86' lang='lat' dir='ltr'><strong>Quod</strong></span> <span class='ocrx_word' id='word_1_332' title='bbox 3268 2130 3416 2185; x_wconf 87' lang='lat' dir='ltr'><strong>enim</strong></span> <span class='ocrx_word' id='word_1_333' title='bbox 3453 2132 3574 2188; x_wconf 81' lang='lat' dir='ltr'><strong>solo</strong></span> 
     </span>
    </p>
   </div>
   <div class='ocr_carea' id='block_1_51' title="bbox 1985 2216 3574 2284">
    <p class='ocr_par' dir='ltr' id='par_1_51' title="bbox 1985 2216 3574 2284">
     <span class='ocr_line' id='line_1_51' title="bbox 1985 2216 3574 2284; baseline 0.006 -16"><span class='ocrx_word' id='word_1_334' title='bbox 1985 2216 2194 2270; x_wconf 87' lang='lat' dir='ltr'><strong>mundo</strong></span> <span class='ocrx_word' id='word_1_335' title='bbox 2237 2217 2404 2272; x_wconf 82' lang='lat' dir='ltr'><strong>corde</strong></span> <span class='ocrx_word' id='word_1_336' title='bbox 2453 2219 2688 2284; x_wconf 84' lang='lat' dir='ltr'><strong>videtur,</strong></span> <span class='ocrx_word' id='word_1_337' title='bbox 2752 2219 3108 2278; x_wconf 87' lang='lat' dir='ltr'><strong>scnsibilibus</strong></span> <span class='ocrx_word' id='word_1_338' title='bbox 3157 2222 3334 2278; x_wconf 87' lang='lat' dir='ltr'><strong>oculis</strong></span> <span class='ocrx_word' id='word_1_339' title='bbox 3389 2223 3574 2278; x_wconf 84' lang='lat' dir='ltr'><strong>videre</strong></span> 
     </span>
    </p>
   </div>
   <div class='ocr_carea' id='block_1_52' title="bbox 1986 2309 2794 2380">
    <p class='ocr_par' dir='ltr' id='par_1_52' title="bbox 1986 2309 2794 2380">
     <span class='ocr_line' id='line_1_52' title="bbox 1986 2309 2794 2380; baseline 0.004 -19"><span class='ocrx_word' id='word_1_340' title='bbox 1986 2309 2261 2377; x_wconf 87' lang='lat' dir='ltr'><strong>quomodo</strong></span> <span class='ocrx_word' id='word_1_341' title='bbox 2296 2311 2558 2380; x_wconf 86' lang='lat' dir='ltr'><strong>possibile</strong></span> <span class='ocrx_word' id='word_1_342' title='bbox 2585 2309 2794 2364; x_wconf 83' lang='lat' dir='ltr'><strong>fuerit?</strong></span> 
     </span>
    </p>
   </div>
   <div class='ocr_carea' id='block_1_53' title="bbox 2059 2399 3570 2476">
    <p class='ocr_par' dir='ltr' id='par_1_53' title="bbox 2059 2399 3570 2476">
     <span class='ocr_line' id='line_1_53' title="bbox 2059 2399 3570 2476; baseline 0.005 -22"><span class='ocrx_word' id='word_1_343' title='bbox 2059 2399 2280 2456; x_wconf 79' lang='lat' dir='ltr'><strong>Difﬁcile</strong></span> <span class='ocrx_word' id='word_1_344' title='bbox 2345 2405 2510 2457; x_wconf 88' lang='lat' dir='ltr'><strong>etiam</strong></span> <span class='ocrx_word' id='word_1_345' title='bbox 2565 2410 2746 2457; x_wconf 89' lang='lat' dir='ltr'><strong>mente</strong></span> <span class='ocrx_word' id='word_1_346' title='bbox 2791 2403 3006 2474; x_wconf 90' lang='lat' dir='ltr'><strong>concipi</strong></span> <span class='ocrx_word' id='word_1_347' title='bbox 3065 2413 3244 2474; x_wconf 85' lang='lat' dir='ltr'><strong>potest</strong></span> <span class='ocrx_word' id='word_1_348' title='bbox 3301 2419 3570 2476; x_wconf 84' lang='lat' dir='ltr'><strong>corporea</strong></span> 
     </span>
    </p>
   </div>
   <div class='ocr_carea' id='block_1_54' title="bbox 1986 2491 3572 2560">
    <p class='ocr_par' dir='ltr' id='par_1_54' title="bbox 1986 2491 3572 2560">
     <span class='ocr_line' id='line_1_54' title="bbox 1986 2491 3572 2560; baseline 0.004 -14"><span class='ocrx_word' id='word_1_349' title='bbox 1986 2491 2200 2548; x_wconf 86' lang='lat' dir='ltr'><strong>lsraelis</strong></span> <span class='ocrx_word' id='word_1_350' title='bbox 2253 2494 2580 2560; x_wconf 87' lang='lat' dir='ltr'><strong>benedictio,</strong></span> <span class='ocrx_word' id='word_1_351' title='bbox 2607 2509 2732 2548; x_wconf 88' lang='lat' dir='ltr'><strong>cum</strong></span> <span class='ocrx_word' id='word_1_352' title='bbox 2768 2495 2822 2550; x_wconf 91' lang='lat' dir='ltr'><strong>in</strong></span> <span class='ocrx_word' id='word_1_353' title='bbox 2865 2509 3007 2549; x_wconf 78' lang='lat' dir='ltr'><strong>Luv</strong></span> <span class='ocrx_word' id='word_1_354' title='bbox 3061 2495 3352 2552; x_wconf 84' lang='lat' dir='ltr'><strong>animabus</strong></span> <span class='ocrx_word' id='word_1_355' title='bbox 3399 2495 3572 2553; x_wconf 81' lang='lat' dir='ltr'><strong>Jacob</strong></span> 
     </span>
    </p>
   </div>
   <div class='ocr_carea' id='block_1_55' title="bbox 1987 2585 3570 2660">
    <p class='ocr_par' dir='ltr' id='par_1_55' title="bbox 1987 2585 3570 2660">
     <span class='ocr_line' id='line_1_55' title="bbox 1987 2585 3570 2660; baseline 0.004 -19"><span class='ocrx_word' id='word_1_356' title='bbox 1987 2585 2360 2643; x_wconf 89' lang='lat' dir='ltr'><strong>descendisset</strong></span> <span class='ocrx_word' id='word_1_357' title='bbox 2391 2588 2445 2642; x_wconf 89' lang='lat' dir='ltr'><strong>in</strong></span> <span class='ocrx_word' id='word_1_358' title='bbox 2468 2589 2786 2660; x_wconf 64' lang='lat' dir='ltr'><strong>Egyptum,</strong></span> <span class='ocrx_word' id='word_1_359' title='bbox 2812 2596 2868 2644; x_wconf 84' lang='lat' dir='ltr'><strong>et</strong></span> <span class='ocrx_word' id='word_1_360' title='bbox 2895 2597 3091 2658; x_wconf 83' lang='lat' dir='ltr'><strong>quarta</strong></span> <span class='ocrx_word' id='word_1_361' title='bbox 3124 2589 3481 2659; x_wconf 79' lang='lat' dir='ltr'><strong>generatione</strong></span> <span class='ocrx_word' id='word_1_362' title='bbox 3511 2592 3570 2648; x_wconf 86' lang='lat' dir='ltr'><strong>in</strong></span> 
     </span>
    </p>
   </div>
   <div class='ocr_carea' id='block_1_56' title="bbox 1988 2680 3120 2737">
    <p class='ocr_par' dir='ltr' id='par_1_56' title="bbox 1988 2680 3120 2737">
     <span class='ocr_line' id='line_1_56' title="bbox 1988 2680 3120 2737; baseline -0.001 -3"><span class='ocrx_word' id='word_1_363' title='bbox 1988 2681 2264 2734; x_wconf 84' lang='lat' dir='ltr'><strong>sexcentis</strong></span> <span class='ocrx_word' id='word_1_364' title='bbox 2303 2681 2548 2737; x_wconf 87' lang='lat' dir='ltr'><strong>millibus</strong></span> <span class='ocrx_word' id='word_1_365' title='bbox 2580 2683 2865 2736; x_wconf 86' lang='lat' dir='ltr'><strong>hominum</strong></span> <span class='ocrx_word' id='word_1_366' title='bbox 2903 2680 3120 2735; x_wconf 77' lang='lat' dir='ltr'><strong>exierit.</strong></span> 
     </span>
    </p>
   </div>
   <div class='ocr_carea' id='block_1_57' title="bbox 2061 2771 3574 2845">
    <p class='ocr_par' dir='ltr' id='par_1_57' title="bbox 2061 2771 3574 2845">
     <span class='ocr_line' id='line_1_57' title="bbox 2061 2771 3574 2845; baseline 0.003 -21"><span class='ocrx_word' id='word_1_367' title='bbox 2061 2771 2334 2825; x_wconf 65' lang='lat' dir='ltr'><strong>Caeterum</strong></span> <span class='ocrx_word' id='word_1_368' title='bbox 2378 2773 2446 2826; x_wconf 90' lang='lat' dir='ltr'><strong>de</strong></span> <span class='ocrx_word' id='word_1_369' title='bbox 2484 2773 2574 2827; x_wconf 87' lang='lat' dir='ltr'><strong>die</strong></span> <span class='ocrx_word' id='word_1_370' title='bbox 2613 2773 2882 2828; x_wconf 84' lang='lat' dir='ltr'><strong>adventus</strong></span> <span class='ocrx_word' id='word_1_371' title='bbox 2923 2773 3136 2828; x_wconf 87' lang='lat' dir='ltr'><strong>Domini</strong></span> <span class='ocrx_word' id='word_1_372' title='bbox 3177 2772 3298 2843; x_wconf 86' lang='lat' dir='ltr'><strong>ipse</strong></span> <span class='ocrx_word' id='word_1_373' title='bbox 3351 2787 3574 2845; x_wconf 87' lang='lat' dir='ltr'><strong>quoque</strong></span> 
     </span>
    </p>
   </div>
   <div class='ocr_carea' id='block_1_58' title="bbox 1989 2859 3574 2934">
    <p class='ocr_par' dir='ltr' id='par_1_58' title="bbox 1989 2859 3574 2934">
     <span class='ocr_line' id='line_1_58' title="bbox 1989 2859 3574 2934; baseline 0.003 -21"><span class='ocrx_word' id='word_1_374' title='bbox 1989 2859 2257 2918; x_wconf 88' lang='lat' dir='ltr'><strong>Dominus</strong></span> <span class='ocrx_word' id='word_1_375' title='bbox 2335 2864 2661 2934; x_wconf 80' lang='lat' dir='ltr'><strong>signiﬁcavit</strong></span> <span class='ocrx_word' id='word_1_376' title='bbox 2711 2879 2728 2919; x_wconf 91' lang='lat'><strong>:</strong></span> <span class='ocrx_word' id='word_1_377' title='bbox 2781 2863 2965 2934; x_wconf 81' lang='lat' dir='ltr'><strong>Neque</strong></span> <span class='ocrx_word' id='word_1_378' title='bbox 3021 2864 3166 2918; x_wconf 86' lang='lat' dir='ltr'><strong>enim</strong></span> <span class='ocrx_word' id='word_1_379' title='bbox 3213 2871 3442 2918; x_wconf 76' lang='lat' dir='ltr'><strong>uestrum</strong></span> <span class='ocrx_word' id='word_1_380' title='bbox 3495 2871 3574 2918; x_wconf 77' lang='lat' dir='ltr'><strong>est</strong></span> 
     </span>
    </p>
   </div>
   <div class='ocr_carea' id='block_1_59' title="bbox 1992 2955 3573 3028">
    <p class='ocr_par' dir='ltr' id='par_1_59' title="bbox 1992 2955 3573 3028">
     <span class='ocr_line' id='line_1_59' title="bbox 1992 2955 3573 3028; baseline 0.004 -22"><span class='ocrx_word' id='word_1_381' title='bbox 1992 2963 2226 3024; x_wconf 68' lang='lat' dir='ltr'><strong>tempora</strong></span> <span class='ocrx_word' id='word_1_382' title='bbox 2254 2955 2332 3010; x_wconf 78' lang='lat' dir='ltr'><strong>vel</strong></span> <span class='ocrx_word' id='word_1_383' title='bbox 2371 2967 2634 3010; x_wconf 84' lang='lat' dir='ltr'><strong>momenta</strong></span> <span class='ocrx_word' id='word_1_384' title='bbox 2662 2973 2834 3023; x_wconf 76' lang='lat' dir='ltr'><strong>nosse,</strong></span> <span class='ocrx_word' id='word_1_385' title='bbox 2865 2958 2934 3014; x_wconf 81' lang='lat' dir='ltr'><strong>ad</strong></span> <span class='ocrx_word' id='word_1_386' title='bbox 2988 2957 3268 3028; x_wconf 78' lang='lat' dir='ltr'><strong>apostolos</strong></span> <span class='ocrx_word' id='word_1_387' title='bbox 3319 2958 3419 3023; x_wconf 85' lang='lat' dir='ltr'><strong>ait,</strong></span> <span class='ocrx_word' id='word_1_388' title='bbox 3453 2971 3573 3028; x_wconf 64' lang='lat' dir='ltr'><strong>qua</strong></span> 
     </span>
    </p>
   </div>
   <div class='ocr_carea' id='block_1_60' title="bbox 1993 3045 3003 3119">
    <p class='ocr_par' dir='ltr' id='par_1_60' title="bbox 1993 3045 3003 3119">
     <span class='ocr_line' id='line_1_60' title="bbox 1993 3045 3003 3119; baseline 0.009 -21"><span class='ocrx_word' id='word_1_389' title='bbox 1993 3045 2159 3100; x_wconf 83' lang='lat' dir='ltr'><strong>Pater</strong></span> <span class='ocrx_word' id='word_1_390' title='bbox 2186 3048 2362 3114; x_wconf 85' lang='lat' dir='ltr'><strong>posuit</strong></span> <span class='ocrx_word' id='word_1_391' title='bbox 2393 3051 2448 3102; x_wconf 79' lang='lat' dir='ltr'><strong>in</strong></span> <span class='ocrx_word' id='word_1_392' title='bbox 2477 3050 2693 3118; x_wconf 80' lang='lat' dir='ltr'><strong>propria</strong></span> <span class='ocrx_word' id='word_1_393' title='bbox 2723 3059 3003 3119; x_wconf 77' lang='lat' dir='ltr'><strong>potestate.</strong></span> 
     </span>
    </p>
   </div>
   <div class='ocr_carea' id='block_1_61' title="bbox 295 3141 1885 3235">
    <p class='ocr_par' dir='ltr' id='par_1_61' title="bbox 295 3141 1880 3230">
     <span class='ocr_line' id='line_1_61' title="bbox 295 3141 1880 3230; baseline 0.001 -34"><span class='ocrx_word' id='word_1_394' title='bbox 295 3143 550 3199; x_wconf 76' lang='grc' dir='ltr'><strong>ΚΕΦΑΛ.</strong></span> <span class='ocrx_word' id='word_1_395' title='bbox 574 3141 752 3198; x_wconf 80' lang='grc' dir='ltr'>ΡΚΘ¹.</span> <span class='ocrx_word' id='word_1_396' title='bbox 780 3173 851 3183; x_wconf 91' lang='grc'><strong><em>-</em></strong></span> <span class='ocrx_word' id='word_1_397' title='bbox 895 3141 1045 3230; x_wconf 62' lang='grc' dir='ltr'>Ὅσα</span> <span class='ocrx_word' id='word_1_398' title='bbox 1074 3143 1150 3197; x_wconf 81' lang='grc' dir='ltr'>δι’</span> <span class='ocrx_word' id='word_1_399' title='bbox 1174 3143 1480 3199; x_wconf 74' lang='grc' dir='ltr'><strong>ἐνυπνίων</strong></span> <span class='ocrx_word' id='word_1_400' title='bbox 1505 3143 1668 3196; x_wconf 80' lang='grc' dir='ltr'>τισὶν</span> <span class='ocrx_word' id='word_1_401' title='bbox 1704 3143 1880 3212; x_wconf 78' lang='grc' dir='ltr'>ἐμπε-</span> 
     </span>
    </p>
   </div>
   <div class='ocr_carea' id='block_1_62' title="bbox 1991 3141 3576 3235">
    <p class='ocr_par' dir='ltr' id='par_1_62' title="bbox 1991 3157 3576 3235">
     <span class='ocr_line' id='line_1_62' title="bbox 1991 3157 3576 3235; baseline 0.001 -19"><span class='ocrx_word' id='word_1_402' title='bbox 1991 3157 2141 3216; x_wconf 84' lang='lat' dir='ltr'><strong>CAP.</strong></span> <span class='ocrx_word' id='word_1_403' title='bbox 2196 3159 2536 3235; x_wconf 60' lang='lat' dir='ltr'><strong>CXXIX,—</strong></span> <span class='ocrx_word' id='word_1_404' title='bbox 2573 3162 2832 3235; x_wconf 65' lang='lat' dir='ltr'><strong>Quianam</strong></span> <span class='ocrx_word' id='word_1_405' title='bbox 2893 3180 2988 3232; x_wconf 84' lang='lat' dir='ltr'><strong>per</strong></span> <span class='ocrx_word' id='word_1_406' title='bbox 3037 3163 3302 3218; x_wconf 77' lang='lat' dir='ltr'><strong>somnium</strong></span> <span class='ocrx_word' id='word_1_407' title='bbox 3349 3161 3576 3235; x_wconf 79' lang='lat' dir='ltr'><strong>quibus-</strong></span> 
     </span>
    </p>
   </div>
   <div class='ocr_carea' id='block_1_63' title="bbox 935 3213 1244 3282">
    <p class='ocr_par' dir='ltr' id='par_1_63' title="bbox 935 3213 1244 3282">
     <span class='ocr_line' id='line_1_63' title="bbox 935 3213 1244 3282; baseline 0.006 -15"><span class='ocrx_word' id='word_1_408' title='bbox 935 3213 1220 3282; x_wconf 71' lang='grc' dir='ltr'>φὰνισται</span> <span class='ocrx_word' id='word_1_409' title='bbox 1230 3254 1244 3270; x_wconf 96' lang='grc'><strong>.</strong></span> 
     </span>
    </p>
   </div>
   <div class='ocr_carea' id='block_1_64' title="bbox 368 3328 1887 3400">
    <p class='ocr_par' dir='ltr' id='par_1_64' title="bbox 368 3328 1887 3400">
     <span class='ocr_line' id='line_1_64' title="bbox 368 3328 1887 3400; baseline -0.001 -16"><span class='ocrx_word' id='word_1_410' title='bbox 368 3331 422 3384; x_wconf 91' lang='grc'><strong>’0</strong></span> <span class='ocrx_word' id='word_1_411' title='bbox 459 3329 682 3385; x_wconf 77' lang='grc' dir='ltr'>Ἰακὼϐ</span> <span class='ocrx_word' id='word_1_412' title='bbox 718 3329 962 3398; x_wconf 79' lang='grc' dir='ltr'>κλίμακα</span> <span class='ocrx_word' id='word_1_413' title='bbox 1007 3331 1109 3400; x_wconf 79' lang='grc' dir='ltr'>ὁρᾷ</span> <span class='ocrx_word' id='word_1_414' title='bbox 1162 3329 1242 3393; x_wconf 87' lang='grc' dir='ltr'><strong>είς</strong></span> <span class='ocrx_word' id='word_1_415' title='bbox 1298 3328 1563 3400; x_wconf 74' lang='grc' dir='ltr'>οὐρανοὺς</span> <span class='ocrx_word' id='word_1_416' title='bbox 1615 3329 1722 3382; x_wconf 78' lang='grc' dir='ltr'>ἀπὸ</span> <span class='ocrx_word' id='word_1_417' title='bbox 1780 3329 1887 3398; x_wconf 81' lang='grc' dir='ltr'><strong>γῆς</strong></span> 
     </span>
    </p>
   </div>
   <div class='ocr_carea' id='block_1_65' title="bbox 295 3421 1886 3493">
    <p class='ocr_par' dir='ltr' id='par_1_65' title="bbox 295 3421 1886 3493">
     <span class='ocr_line' id='line_1_65' title="bbox 295 3421 1886 3493; baseline -0.001 -17"><span class='ocrx_word' id='word_1_418' title='bbox 295 3424 612 3493; x_wconf 75' lang='grc' dir='ltr'>διήκουσαν.</span> <span class='ocrx_word' id='word_1_419' title='bbox 657 3421 879 3490; x_wconf 65' lang='grc' dir='ltr'>Ἰωσὴφ</span> <span class='ocrx_word' id='word_1_420' title='bbox 907 3421 1007 3485; x_wconf 75' lang='grc' dir='ltr'><strong>τὰς</strong></span> <span class='ocrx_word' id='word_1_421' title='bbox 1053 3421 1165 3474; x_wconf 84' lang='grc' dir='ltr'><strong>τῶν</strong></span> <span class='ocrx_word' id='word_1_422' title='bbox 1197 3421 1440 3492; x_wconf 75' lang='grc' dir='ltr'>ἀδελφῶν</span> <span class='ocrx_word' id='word_1_423' title='bbox 1485 3422 1756 3493; x_wconf 86' lang='grc' dir='ltr'>δραγμάς,</span> <span class='ocrx_word' id='word_1_424' title='bbox 1786 3422 1886 3492; x_wconf 78' lang='grc' dir='ltr'>τὴν</span> 
     </span>
    </p>
   </div>
   <div class='ocr_carea' id='block_1_66' title="bbox 297 3513 1884 3587">
    <p class='ocr_par' dir='ltr' id='par_1_66' title="bbox 297 3513 1884 3587">
     <span class='ocr_line' id='line_1_66' title="bbox 297 3513 1884 3587; baseline -0.002 -19"><span class='ocrx_word' id='word_1_425' title='bbox 297 3517 456 3570; x_wconf 84' lang='grc' dir='ltr'>αὐτοῦ</span> <span class='ocrx_word' id='word_1_426' title='bbox 491 3515 917 3587; x_wconf 81' lang='grc' dir='ltr'>προσκυνοῦσας</span> <span class='ocrx_word' id='word_1_427' title='bbox 942 3513 1218 3586; x_wconf 62' lang='grc' dir='ltr'>δραχμὴν,</span> <span class='ocrx_word' id='word_1_428' title='bbox 1245 3514 1341 3566; x_wconf 77' lang='grc' dir='ltr'>καὶ</span> <span class='ocrx_word' id='word_1_429' title='bbox 1374 3513 1499 3576; x_wconf 84' lang='grc' dir='ltr'>τοὺς</span> <span class='ocrx_word' id='word_1_430' title='bbox 1525 3514 1760 3583; x_wconf 82' lang='grc' dir='ltr'>ἀστέρας</span> <span class='ocrx_word' id='word_1_431' title='bbox 1778 3513 1884 3566; x_wconf 81' lang='grc' dir='ltr'>πά-</span> 
     </span>
    </p>
   </div>
   <div class='ocr_carea' id='block_1_67' title="bbox 293 3605 1883 3678">
    <p class='ocr_par' dir='ltr' id='par_1_67' title="bbox 293 3605 1883 3678">
     <span class='ocr_line' id='line_1_67' title="bbox 293 3605 1883 3678; baseline -0.001 -17"><span class='ocrx_word' id='word_1_432' title='bbox 293 3609 394 3674; x_wconf 79' lang='grc' dir='ltr'><strong>λιν¹</strong></span> <span class='ocrx_word' id='word_1_433' title='bbox 419 3609 520 3662; x_wconf 71' lang='grc' dir='ltr'>καὶ</span> <span class='ocrx_word' id='word_1_434' title='bbox 541 3607 635 3660; x_wconf 76' lang='grc' dir='ltr'><strong>τὸν</strong></span> <span class='ocrx_word' id='word_1_435' title='bbox 658 3607 810 3678; x_wconf 78' lang='grc' dir='ltr'>ἥλιον</span> <span class='ocrx_word' id='word_1_436' title='bbox 839 3607 932 3658; x_wconf 78' lang='grc' dir='ltr'>καὶ</span> <span class='ocrx_word' id='word_1_437' title='bbox 953 3607 1051 3678; x_wconf 80' lang='grc' dir='ltr'>τὴν</span> <span class='ocrx_word' id='word_1_438' title='bbox 1081 3607 1312 3676; x_wconf 79' lang='grc' dir='ltr'>σελήνην</span> <span class='ocrx_word' id='word_1_439' title='bbox 1337 3605 1623 3668; x_wconf 83' lang='grc' dir='ltr'>ποιοῦντας</span> <span class='ocrx_word' id='word_1_440' title='bbox 1645 3605 1706 3658; x_wconf 83' lang='grc' dir='ltr'><strong>τὸ</strong></span> <span class='ocrx_word' id='word_1_441' title='bbox 1731 3605 1883 3660; x_wconf 80' lang='grc' dir='ltr'>αὐτό.</span> 
     </span>
    </p>
   </div>
   <div class='ocr_carea' id='block_1_68' title="bbox 295 3696 1881 3770">
    <p class='ocr_par' dir='ltr' id='par_1_68' title="bbox 295 3696 1881 3770">
     <span class='ocr_line' id='line_1_68' title="bbox 295 3696 1881 3770; baseline -0.001 -16"><span class='ocrx_word' id='word_1_442' title='bbox 295 3705 354 3754; x_wconf 84' lang='grc' dir='ltr'><strong>ΟΞ</strong></span> <span class='ocrx_word' id='word_1_443' title='bbox 388 3704 448 3754; x_wconf 83' lang='grc' dir='ltr'>ὲν</span> <span class='ocrx_word' id='word_1_444' title='bbox 476 3699 747 3769; x_wconf 74' lang='grc' dir='ltr'><strong>Αἰγύπτῳ</strong></span> <span class='ocrx_word' id='word_1_445' title='bbox 778 3697 920 3768; x_wconf 85' lang='grc' dir='ltr'><strong>μετά</strong></span> <span class='ocrx_word' id='word_1_446' title='bbox 947 3697 1040 3751; x_wconf 88' lang='grc' dir='ltr'><strong>τοῦ</strong></span> <span class='ocrx_word' id='word_1_447' title='bbox 1087 3697 1284 3769; x_wconf 81' lang='grc' dir='ltr'>Ἰωσὴφ</span> <span class='ocrx_word' id='word_1_448' title='bbox 1339 3696 1723 3766; x_wconf 78' lang='grc' dir='ltr'>καθειγμένος</span> <span class='ocrx_word' id='word_1_449' title='bbox 1750 3697 1881 3770; x_wconf 83' lang='grc'>(59),</span> 
     </span>
    </p>
   </div>
   <div class='ocr_carea' id='block_1_69' title="bbox 293 3790 1884 3864">
    <p class='ocr_par' dir='ltr' id='par_1_69' title="bbox 293 3790 1884 3864">
     <span class='ocr_line' id='line_1_69' title="bbox 293 3790 1884 3864; baseline -0.004 -16"><span class='ocrx_word' id='word_1_450' title='bbox 293 3797 320 3848; x_wconf 83' lang='grc' dir='ltr'><strong>ό</strong></span> <span class='ocrx_word' id='word_1_451' title='bbox 364 3795 466 3864; x_wconf 80' lang='grc' dir='ltr'>μὲν</span> <span class='ocrx_word' id='word_1_452' title='bbox 509 3793 882 3862; x_wconf 74' lang='grc' dir='ltr'>ἀπολυόμενος</span> <span class='ocrx_word' id='word_1_453' title='bbox 935 3791 1062 3854; x_wconf 79' lang='grc' dir='ltr'>τοὺς</span> <span class='ocrx_word' id='word_1_454' title='bbox 1114 3793 1264 3860; x_wconf 85' lang='grc' dir='ltr'>τρεῖς</span> <span class='ocrx_word' id='word_1_455' title='bbox 1310 3790 1543 3862; x_wconf 81' lang='grc' dir='ltr'>βότρυας</span> <span class='ocrx_word' id='word_1_456' title='bbox 1593 3790 1884 3854; x_wconf 71' lang='grc' dir='ltr'>ὲκθλίδων,</span> 
     </span>
    </p>
   </div>
   <div class='ocr_carea' id='block_1_70' title="bbox 293 3881 1888 3952">
    <p class='ocr_par' dir='ltr' id='par_1_70' title="bbox 293 3881 1888 3952">
     <span class='ocr_line' id='line_1_70' title="bbox 293 3881 1888 3952; baseline -0.003 -14"><span class='ocrx_word' id='word_1_457' title='bbox 293 3887 384 3939; x_wconf 79' lang='grc' dir='ltr'>καὶ</span> <span class='ocrx_word' id='word_1_458' title='bbox 409 3887 506 3940; x_wconf 69' lang='grc' dir='ltr'><strong>τὸν</strong></span> <span class='ocrx_word' id='word_1_459' title='bbox 531 3881 675 3937; x_wconf 74' lang='grc' dir='ltr'>οἶνον</span> <span class='ocrx_word' id='word_1_460' title='bbox 708 3881 980 3945; x_wconf 76' lang='grc' dir='ltr'>ἐπιδιδοὺς</span> <span class='ocrx_word' id='word_1_461' title='bbox 1031 3882 1112 3952; x_wconf 85' lang='grc' dir='ltr'>τῷ</span> <span class='ocrx_word' id='word_1_462' title='bbox 1159 3881 1391 3952; x_wconf 85' lang='grc' dir='ltr'>βασιλεῖ,</span> <span class='ocrx_word' id='word_1_463' title='bbox 1425 3884 1453 3935; x_wconf 87' lang='grc' dir='ltr'>ὁ</span> <span class='ocrx_word' id='word_1_464' title='bbox 1499 3881 1556 3934; x_wconf 83' lang='grc' dir='ltr'>δὲ</span> <span class='ocrx_word' id='word_1_465' title='bbox 1589 3881 1888 3952; x_wconf 71' lang='grc' dir='ltr'>κολαζόμε-</span> 
     </span>
    </p>
   </div>
   <div class='ocr_carea' id='block_1_71' title="bbox 291 3973 1886 4045">
    <p class='ocr_par' dir='ltr' id='par_1_71' title="bbox 291 3973 1886 4045">
     <span class='ocr_line' id='line_1_71' title="bbox 291 3973 1886 4045; baseline -0.003 -15"><span class='ocrx_word' id='word_1_466' title='bbox 291 3995 378 4041; x_wconf 86' lang='grc' dir='ltr'><strong>νος</strong></span> <span class='ocrx_word' id='word_1_467' title='bbox 411 3977 546 4040; x_wconf 73' lang='grc' dir='ltr'>τοὺς</span> <span class='ocrx_word' id='word_1_468' title='bbox 575 3976 669 4028; x_wconf 77' lang='grc' dir='ltr'><strong>ἐπὶ</strong></span> <span class='ocrx_word' id='word_1_469' title='bbox 698 3973 792 4028; x_wconf 84' lang='grc' dir='ltr'><strong>τοῦ</strong></span> <span class='ocrx_word' id='word_1_470' title='bbox 832 3973 1000 4028; x_wconf 83' lang='grc' dir='ltr'>κανοῦ</span> <span class='ocrx_word' id='word_1_471' title='bbox 1039 3975 1189 4044; x_wconf 84' lang='grc' dir='ltr'>τρεῖς</span> <span class='ocrx_word' id='word_1_472' title='bbox 1234 3975 1415 4045; x_wconf 81' lang='grc' dir='ltr'>φέρων</span> <span class='ocrx_word' id='word_1_473' title='bbox 1461 3973 1568 4028; x_wconf 82' lang='grc' dir='ltr'><strong>ὑπὸ</strong></span> <span class='ocrx_word' id='word_1_474' title='bbox 1614 3973 1726 4028; x_wconf 84' lang='grc' dir='ltr'>τῶν</span> <span class='ocrx_word' id='word_1_475' title='bbox 1789 3974 1886 4044; x_wconf 82' lang='grc' dir='ltr'><strong>ὀρ-</strong></span> 
     </span>
    </p>
   </div>
   <div class='ocr_carea' id='block_1_72' title="bbox 291 4064 1889 4138">
    <p class='ocr_par' dir='ltr' id='par_1_72' title="bbox 291 4064 1889 4138">
     <span class='ocr_line' id='line_1_72' title="bbox 291 4064 1889 4138; baseline -0.003 -15"><span class='ocrx_word' id='word_1_476' title='bbox 291 4071 428 4123; x_wconf 79' lang='grc' dir='ltr'>νέων</span> <span class='ocrx_word' id='word_1_477' title='bbox 459 4067 814 4138; x_wconf 80' lang='grc' dir='ltr'>ἐσθιομένους</span> <span class='ocrx_word' id='word_1_478' title='bbox 865 4065 1085 4136; x_wconf 81' lang='grc' dir='ltr'>ἄρτους.</span> <span class='ocrx_word' id='word_1_479' title='bbox 1128 4065 1193 4119; x_wconf 89' lang='lat'><strong>&#39;0</strong></span> <span class='ocrx_word' id='word_1_480' title='bbox 1239 4065 1448 4134; x_wconf 77' lang='grc' dir='ltr'>Φαραὼ</span> <span class='ocrx_word' id='word_1_481' title='bbox 1485 4066 1613 4128; x_wconf 82' lang='grc' dir='ltr'>τοὺς</span> <span class='ocrx_word' id='word_1_482' title='bbox 1642 4064 1781 4119; x_wconf 81' lang='grc' dir='ltr'><strong>ἐπτά</strong></span> <span class='ocrx_word' id='word_1_483' title='bbox 1809 4065 1889 4119; x_wconf 79' lang='grc' dir='ltr'>λι-</span> 
     </span>
    </p>
   </div>
   <div class='ocr_carea' id='block_1_73' title="bbox 295 4159 1886 4234">
    <p class='ocr_par' dir='ltr' id='par_1_73' title="bbox 295 4159 1886 4234">
     <span class='ocr_line' id='line_1_73' title="bbox 295 4159 1886 4234; baseline -0.001 -19"><span class='ocrx_word' id='word_1_484' title='bbox 295 4163 512 4234; x_wconf 70' lang='grc' dir='ltr'>παροὺς</span> <span class='ocrx_word' id='word_1_485' title='bbox 555 4160 708 4232; x_wconf 76' lang='grc' dir='ltr'>βόας,</span> <span class='ocrx_word' id='word_1_486' title='bbox 732 4160 830 4214; x_wconf 72' lang='grc' dir='ltr'>καὶ</span> <span class='ocrx_word' id='word_1_487' title='bbox 861 4160 1100 4230; x_wconf 82' lang='grc' dir='ltr'>στάχυας</span> <span class='ocrx_word' id='word_1_488' title='bbox 1135 4159 1430 4230; x_wconf 59' lang='grc' dir='ltr'>εὑτραῳεῖς</span> <span class='ocrx_word' id='word_1_489' title='bbox 1462 4159 1624 4224; x_wconf 64' lang='grc' dir='ltr'>ἑπτὰ,</span> <span class='ocrx_word' id='word_1_490' title='bbox 1663 4159 1758 4211; x_wconf 69' lang='grc' dir='ltr'><strong>καὶ</strong></span> <span class='ocrx_word' id='word_1_491' title='bbox 1782 4159 1886 4213; x_wconf 87' lang='grc' dir='ltr'>πά-</span> 
     </span>
    </p>
   </div>
   <div class='ocr_carea' id='block_1_74' title="bbox 291 4250 1886 4322">
    <p class='ocr_par' dir='ltr' id='par_1_74' title="bbox 291 4250 1886 4322">
     <span class='ocr_line' id='line_1_74' title="bbox 291 4250 1886 4322; baseline -0.002 -17"><span class='ocrx_word' id='word_1_492' title='bbox 291 4255 374 4306; x_wconf 80' lang='grc' dir='ltr'><strong>λιν</strong></span> <span class='ocrx_word' id='word_1_493' title='bbox 435 4251 981 4322; x_wconf 81' lang='grc' dir='ltr'>καταισχυνομένους</span> <span class='ocrx_word' id='word_1_494' title='bbox 1031 4251 1162 4322; x_wconf 83' lang='grc' dir='ltr'>βόας</span> <span class='ocrx_word' id='word_1_495' title='bbox 1213 4253 1391 4316; x_wconf 76' lang='grc' dir='ltr'>ἑπτὰ,</span> <span class='ocrx_word' id='word_1_496' title='bbox 1450 4251 1545 4303; x_wconf 73' lang='grc' dir='ltr'>καὶ</span> <span class='ocrx_word' id='word_1_497' title='bbox 1599 4250 1886 4316; x_wconf 84' lang='grc' dir='ltr'>τοσούτους</span> 
     </span>
    </p>
   </div>
   <div class='ocr_carea' id='block_1_75' title="bbox 295 4341 1888 4416">
    <p class='ocr_par' dir='ltr' id='par_1_75' title="bbox 295 4341 1888 4416">
     <span class='ocr_line' id='line_1_75' title="bbox 295 4341 1888 4416; baseline -0.002 -18"><span class='ocrx_word' id='word_1_498' title='bbox 295 4349 562 4416; x_wconf 71' lang='grc' dir='ltr'>στάχυας.</span> <span class='ocrx_word' id='word_1_499' title='bbox 607 4345 666 4398; x_wconf 90' lang='lat'>&#39;0</span> <span class='ocrx_word' id='word_1_500' title='bbox 697 4345 796 4414; x_wconf 76' lang='grc' dir='ltr'>τὴν</span> <span class='ocrx_word' id='word_1_501' title='bbox 829 4343 1157 4416; x_wconf 85' lang='grc' dir='ltr'>κυλιομένην</span> <span class='ocrx_word' id='word_1_502' title='bbox 1207 4343 1459 4414; x_wconf 79' lang='grc' dir='ltr'>κριθίνην</span> <span class='ocrx_word' id='word_1_503' title='bbox 1495 4343 1700 4413; x_wconf 81' lang='grc' dir='ltr'>μαγίδα</span> <span class='ocrx_word' id='word_1_504' title='bbox 1754 4341 1888 4396; x_wconf 82' lang='grc' dir='ltr'>θεώ-</span> 
     </span>
    </p>
   </div>
   <div class='ocr_carea' id='block_1_76' title="bbox 295 4431 1888 4508">
    <p class='ocr_par' dir='ltr' id='par_1_76' title="bbox 295 4431 1888 4508">
     <span class='ocr_line' id='line_1_76' title="bbox 295 4431 1888 4508; baseline -0.003 -16"><span class='ocrx_word' id='word_1_505' title='bbox 295 4457 455 4508; x_wconf 82' lang='grc' dir='ltr'>μενος</span> <span class='ocrx_word' id='word_1_506' title='bbox 481 4431 857 4506; x_wconf 72' lang='grc' dir='ltr'>Μαδιανίτης</span> <span class='ocrx_word' id='word_1_507' title='bbox 894 4437 988 4490; x_wconf 76' lang='grc' dir='ltr'><strong>ἐπὶ</strong></span> <span class='ocrx_word' id='word_1_508' title='bbox 1028 4437 1122 4489; x_wconf 89' lang='grc' dir='ltr'><strong>τοῦ</strong></span> <span class='ocrx_word' id='word_1_509' title='bbox 1157 4435 1384 4502; x_wconf 84' lang='grc' dir='ltr'>Γεδεὼν,</span> <span class='ocrx_word' id='word_1_510' title='bbox 1416 4437 1510 4488; x_wconf 79' lang='grc' dir='ltr'><strong>καὶ</strong></span> <span class='ocrx_word' id='word_1_511' title='bbox 1555 4438 1654 4505; x_wconf 76' lang='grc' dir='ltr'>τὴν</span> <span class='ocrx_word' id='word_1_512' title='bbox 1684 4437 1888 4505; x_wconf 75' lang='grc' dir='ltr'>σκηνὴν</span> 
     </span>
    </p>
   </div>
   <div class='ocr_carea' id='block_1_77' title="bbox 295 4525 1887 4598">
    <p class='ocr_par' dir='ltr' id='par_1_77' title="bbox 295 4525 1887 4598">
     <span class='ocr_line' id='line_1_77' title="bbox 295 4525 1887 4598; baseline -0.001 -18"><span class='ocrx_word' id='word_1_513' title='bbox 295 4527 908 4598; x_wconf 60' lang='grc' dir='ltr'>καταστρέψασαν,⁴τὴν</span> <span class='ocrx_word' id='word_1_514' title='bbox 952 4527 1049 4579; x_wconf 87' lang='grc' dir='ltr'><strong>τοῦ</strong></span> <span class='ocrx_word' id='word_1_515' title='bbox 1077 4525 1321 4596; x_wconf 81' lang='grc' dir='ltr'>Μαδιάμ.</span> <span class='ocrx_word' id='word_1_516' title='bbox 1348 4527 1887 4595; x_wconf 79' lang='grc' dir='ltr'>Ναϐουχοδονόσορ</span> 
     </span>
    </p>
   </div>
   <div class='ocr_carea' id='block_1_78' title="bbox 295 4617 1888 4692">
    <p class='ocr_par' dir='ltr' id='par_1_78' title="bbox 295 4617 1888 4692">
     <span class='ocr_line' id='line_1_78' title="bbox 295 4617 1888 4692; baseline -0.003 -18"><span class='ocrx_word' id='word_1_517' title='bbox 295 4623 386 4674; x_wconf 53' lang='grc' dir='ltr'>τὶν</span> <span class='ocrx_word' id='word_1_518' title='bbox 413 4620 720 4692; x_wconf 79' lang='grc' dir='ltr'>ἀνδριάντα</span> <span class='ocrx_word' id='word_1_519' title='bbox 749 4619 1025 4691; x_wconf 85' lang='grc' dir='ltr'>θεώμενος</span> <span class='ocrx_word' id='word_1_520' title='bbox 1059 4619 1151 4672; x_wconf 82' lang='grc' dir='ltr'><strong>τὸν</strong></span> <span class='ocrx_word' id='word_1_521' title='bbox 1198 4618 1488 4684; x_wconf 82' lang='grc' dir='ltr'>πολύυλον,</span> <span class='ocrx_word' id='word_1_522' title='bbox 1513 4619 1619 4670; x_wconf 74' lang='grc' dir='ltr'><strong>ὑπὸ</strong></span> <span class='ocrx_word' id='word_1_523' title='bbox 1669 4617 1765 4670; x_wconf 86' lang='grc' dir='ltr'><strong>τοῦ</strong></span> <span class='ocrx_word' id='word_1_524' title='bbox 1805 4618 1888 4670; x_wconf 85' lang='grc' dir='ltr'>λί-</span> 
     </span>
    </p>
   </div>
   <div class='ocr_carea' id='block_1_79' title="bbox 297 4710 1890 4785">
    <p class='ocr_par' dir='ltr' id='par_1_79' title="bbox 297 4710 1890 4785">
     <span class='ocr_line' id='line_1_79' title="bbox 297 4710 1890 4785; baseline -0.003 -19"><span class='ocrx_word' id='word_1_525' title='bbox 297 4714 388 4766; x_wconf 87' lang='grc' dir='ltr'><strong>θου</strong></span> <span class='ocrx_word' id='word_1_526' title='bbox 443 4712 895 4785; x_wconf 80' lang='grc' dir='ltr'>συντριϐόμενον,</span> <span class='ocrx_word' id='word_1_527' title='bbox 940 4710 1034 4766; x_wconf 83' lang='grc' dir='ltr'><strong>τοῦ</strong></span> <span class='ocrx_word' id='word_1_528' title='bbox 1087 4712 1220 4766; x_wconf 81' lang='grc' dir='ltr'>ἄνευ</span> <span class='ocrx_word' id='word_1_529' title='bbox 1264 4712 1446 4782; x_wconf 87' lang='grc' dir='ltr'>χειρὸς</span> <span class='ocrx_word' id='word_1_530' title='bbox 1497 4711 1584 4764; x_wconf 73' lang='grc' dir='ltr'><strong>ἐπ’</strong></span> <span class='ocrx_word' id='word_1_531' title='bbox 1631 4711 1794 4766; x_wconf 76' lang='grc' dir='ltr'>αὐτὸν</span> <span class='ocrx_word' id='word_1_532' title='bbox 1829 4710 1890 4775; x_wconf 80' lang='grc' dir='ltr'>ἐξ</span> 
     </span>
    </p>
   </div>
   <div class='ocr_carea' id='block_1_80' title="bbox 296 4803 1888 4876">
    <p class='ocr_par' dir='ltr' id='par_1_80' title="bbox 296 4803 1888 4876">
     <span class='ocr_line' id='line_1_80' title="bbox 296 4803 1888 4876; baseline -0.001 -18"><span class='ocrx_word' id='word_1_533' title='bbox 296 4806 458 4876; x_wconf 69' lang='grc' dir='ltr'>ὅρους</span> <span class='ocrx_word' id='word_1_534' title='bbox 513 4805 876 4868; x_wconf 71' lang='grc' dir='ltr'>καταϐάντος.</span> <span class='ocrx_word' id='word_1_535' title='bbox 909 4805 1020 4858; x_wconf 77' lang='grc' dir='ltr'><strong>Καὶ</strong></span> <span class='ocrx_word' id='word_1_536' title='bbox 1069 4805 1232 4857; x_wconf 83' lang='grc' dir='ltr'>πάλιν</span> <span class='ocrx_word' id='word_1_537' title='bbox 1263 4805 1324 4857; x_wconf 82' lang='grc' dir='ltr'><strong>τὸ</strong></span> <span class='ocrx_word' id='word_1_538' title='bbox 1377 4803 1714 4874; x_wconf 72' lang='grc' dir='ltr'>ὑψηλότατον</span> <span class='ocrx_word' id='word_1_539' title='bbox 1770 4805 1888 4857; x_wconf 85' lang='grc' dir='ltr'>δέν-</span> 
     </span>
    </p>
   </div>
   <div class='ocr_carea' id='block_1_81' title="bbox 297 4894 1889 4970">
    <p class='ocr_par' dir='ltr' id='par_1_81' title="bbox 297 4894 1889 4970">
     <span class='ocr_line' id='line_1_81' title="bbox 297 4894 1889 4970; baseline -0.003 -19"><span class='ocrx_word' id='word_1_540' title='bbox 297 4899 444 4970; x_wconf 79' lang='grc' dir='ltr'>δρον,</span> <span class='ocrx_word' id='word_1_541' title='bbox 506 4897 568 4950; x_wconf 84' lang='grc' dir='ltr'><strong>τὸ</strong></span> <span class='ocrx_word' id='word_1_542' title='bbox 615 4896 976 4966; x_wconf 73' lang='grc' dir='ltr'>ἐκτέμνεσθαι</span> <span class='ocrx_word' id='word_1_543' title='bbox 1028 4895 1410 4966; x_wconf 85' lang='grc' dir='ltr'>κελευόμενον,</span> <span class='ocrx_word' id='word_1_544' title='bbox 1444 4895 1538 4949; x_wconf 69' lang='grc' dir='ltr'><strong>καὶ</strong></span> <span class='ocrx_word' id='word_1_545' title='bbox 1587 4894 1704 4964; x_wconf 89' lang='grc' dir='ltr'>μεθ’</span> <span class='ocrx_word' id='word_1_546' title='bbox 1748 4894 1889 4948; x_wconf 74' lang='grc' dir='ltr'>ἑπτὰ</span> 
     </span>
    </p>
   </div>
   <div class='ocr_carea' id='block_1_82' title="bbox 306 4988 1883 5060">
    <p class='ocr_par' dir='ltr' id='par_1_82' title="bbox 306 4988 1883 5060">
     <span class='ocr_line' id='line_1_82' title="bbox 306 4988 1883 5060; baseline -0.001 -18"><span class='ocrx_word' id='word_1_547' title='bbox 306 4989 612 5060; x_wconf 74' lang='grc' dir='ltr'>βλαστάνον</span> <span class='ocrx_word' id='word_1_548' title='bbox 647 4988 947 5052; x_wconf 77' lang='grc' dir='ltr'>ἐνιαυτούς.</span> <span class='ocrx_word' id='word_1_549' title='bbox 985 4989 1042 5042; x_wconf 89' lang='lat' dir='ltr'><strong>&#39;U</strong></span> <span class='ocrx_word' id='word_1_550' title='bbox 1078 4989 1304 5058; x_wconf 74' lang='grc' dir='ltr'>Δανιὴλ</span> <span class='ocrx_word' id='word_1_551' title='bbox 1353 4991 1479 5060; x_wconf 77' lang='grc' dir='ltr'>περὶ</span> <span class='ocrx_word' id='word_1_552' title='bbox 1513 4991 1621 5042; x_wconf 83' lang='grc' dir='ltr'>τῶν</span> <span class='ocrx_word' id='word_1_553' title='bbox 1665 4991 1883 5043; x_wconf 84' lang='grc' dir='ltr'>ἀνιστα-</span> 
     </span>
    </p>
   </div>
   <div class='ocr_carea' id='block_1_83' title="bbox 303 5082 1884 5154">
    <p class='ocr_par' dir='ltr' id='par_1_83' title="bbox 303 5082 1884 5154">
     <span class='ocr_line' id='line_1_83' title="bbox 303 5082 1884 5154; baseline -0.001 -17"><span class='ocrx_word' id='word_1_554' title='bbox 303 5087 484 5152; x_wconf 60' lang='grc' dir='ltr'>μένων</span> <span class='ocrx_word' id='word_1_555' title='bbox 519 5085 586 5146; x_wconf 77' lang='grc' dir='ltr'><strong>δ’,</strong></span> <span class='ocrx_word' id='word_1_556' title='bbox 631 5084 726 5137; x_wconf 78' lang='grc' dir='ltr'><strong>καὶ</strong></span> <span class='ocrx_word' id='word_1_557' title='bbox 785 5083 1236 5154; x_wconf 82' lang='grc' dir='ltr'>καθαιρουμένων</span> <span class='ocrx_word' id='word_1_558' title='bbox 1273 5085 1332 5135; x_wconf 81' lang='grc' dir='ltr'>ἐν</span> <span class='ocrx_word' id='word_1_559' title='bbox 1377 5086 1614 5153; x_wconf 77' lang='grc' dir='ltr'>μορφαῖς</span> <span class='ocrx_word' id='word_1_560' title='bbox 1657 5082 1884 5154; x_wconf 83' lang='grc' dir='ltr'>θηρίων,</span> 
     </span>
    </p>
   </div>
   <div class='ocr_carea' id='block_1_84' title="bbox 298 5175 1888 5246">
    <p class='ocr_par' dir='ltr' id='par_1_84' title="bbox 298 5175 1888 5246">
     <span class='ocr_line' id='line_1_84' title="bbox 298 5175 1888 5246; baseline -0.001 -16"><span class='ocrx_word' id='word_1_561' title='bbox 298 5175 618 5244; x_wconf 79' lang='grc' dir='ltr'>βασιλειῶν,</span> <span class='ocrx_word' id='word_1_562' title='bbox 655 5175 752 5228; x_wconf 68' lang='grc' dir='ltr'>καὶ</span> <span class='ocrx_word' id='word_1_563' title='bbox 799 5176 1056 5246; x_wconf 74' lang='grc' dir='ltr'>περὶτῆς</span> <span class='ocrx_word' id='word_1_564' title='bbox 1089 5175 1405 5238; x_wconf 85' lang='grc' dir='ltr'>τελευταίας</span> <span class='ocrx_word' id='word_1_565' title='bbox 1465 5176 1762 5245; x_wconf 78' lang='grc' dir='ltr'>βασιλείας,</span> <span class='ocrx_word' id='word_1_566' title='bbox 1787 5175 1888 5246; x_wconf 82' lang='grc' dir='ltr'><strong>τῆς</strong></span> 
     </span>
    </p>
   </div>
   <div class='ocr_carea' id='block_1_85' title="bbox 299 5265 1887 5339">
    <p class='ocr_par' dir='ltr' id='par_1_85' title="bbox 299 5265 1887 5339">
     <span class='ocr_line' id='line_1_85' title="bbox 299 5265 1887 5339; baseline 0.002 -20"><span class='ocrx_word' id='word_1_567' title='bbox 299 5266 752 5336; x_wconf 75' lang='grc' dir='ltr'>καθαιρουμένης</span> <span class='ocrx_word' id='word_1_568' title='bbox 782 5265 876 5320; x_wconf 84' lang='grc' dir='ltr'><strong>τοῦ</strong></span> <span class='ocrx_word' id='word_1_569' title='bbox 916 5267 1310 5338; x_wconf 82' lang='grc' dir='ltr'>Ἀντιχρίστου,</span> <span class='ocrx_word' id='word_1_570' title='bbox 1341 5269 1570 5337; x_wconf 65' lang='grc' dir='ltr'>κέρατος</span> <span class='ocrx_word' id='word_1_571' title='bbox 1611 5267 1887 5339; x_wconf 87' lang='grc' dir='ltr'>βραχυτά-</span> 
     </span>
    </p>
   </div>
   <div class='ocr_carea' id='block_1_86' title="bbox 297 5357 1888 5432">
    <p class='ocr_par' dir='ltr' id='par_1_86' title="bbox 297 5357 1888 5432">
     <span class='ocr_line' id='line_1_86' title="bbox 297 5357 1888 5432; baseline 0.001 -21"><span class='ocrx_word' id='word_1_572' title='bbox 297 5375 392 5412; x_wconf 84' lang='grc' dir='ltr'><strong>του</strong></span> <span class='ocrx_word' id='word_1_573' title='bbox 417 5357 683 5425; x_wconf 72' lang='grc' dir='ltr'>φανέντος</span> <span class='ocrx_word' id='word_1_574' title='bbox 715 5357 884 5428; x_wconf 79' lang='grc' dir='ltr'>αὐτῷ.</span> <span class='ocrx_word' id='word_1_575' title='bbox 919 5359 1031 5413; x_wconf 81' lang='grc' dir='ltr'><strong>Καὶ</strong></span> <span class='ocrx_word' id='word_1_576' title='bbox 1057 5361 1188 5430; x_wconf 77' lang='grc' dir='ltr'>περὶ</span> <span class='ocrx_word' id='word_1_577' title='bbox 1211 5359 1311 5430; x_wconf 84' lang='grc' dir='ltr'>τῆς</span> <span class='ocrx_word' id='word_1_578' title='bbox 1361 5359 1422 5425; x_wconf 74' lang='grc' dir='ltr'>ἐξ</span> <span class='ocrx_word' id='word_1_579' title='bbox 1447 5360 1695 5431; x_wconf 72' lang='grc' dir='ltr'>οὐρανῶν</span> <span class='ocrx_word' id='word_1_580' title='bbox 1719 5361 1888 5432; x_wconf 73' lang='grc' dir='ltr'>ἡκου-</span> 
     </span>
    </p>
   </div>
   <div class='ocr_carea' id='block_1_87' title="bbox 305 5449 1886 5524">
    <p class='ocr_par' dir='ltr' id='par_1_87' title="bbox 305 5449 1886 5524">
     <span class='ocr_line' id='line_1_87' title="bbox 305 5449 1886 5524; baseline 0.003 -24"><span class='ocrx_word' id='word_1_581' title='bbox 305 5466 394 5500; x_wconf 80' lang='grc' dir='ltr'><strong>σεν</strong></span> <span class='ocrx_word' id='word_1_582' title='bbox 435 5450 662 5504; x_wconf 79' lang='grc' dir='ltr'>αἰωνίου</span> <span class='ocrx_word' id='word_1_583' title='bbox 705 5449 1013 5520; x_wconf 84' lang='grc' dir='ltr'>βασιλείας·</span> <span class='ocrx_word' id='word_1_584' title='bbox 1055 5455 1088 5506; x_wconf 87' lang='grc' dir='ltr'><strong>ό</strong></span> <span class='ocrx_word' id='word_1_585' title='bbox 1125 5451 1508 5520; x_wconf 73' lang='grc' dir='ltr'>Ἀπόστολος,</span> <span class='ocrx_word' id='word_1_586' title='bbox 1547 5452 1640 5507; x_wconf 88' lang='grc' dir='ltr'><strong>τοῦ</strong></span> <span class='ocrx_word' id='word_1_587' title='bbox 1679 5452 1886 5524; x_wconf 82' lang='grc' dir='ltr'>Κυρίου</span> 
     </span>
    </p>
   </div>
   <div class='ocr_carea' id='block_1_88' title="bbox 373 5626 1232 5697">
    <p class='ocr_par' dir='ltr' id='par_1_88' title="bbox 373 5626 1232 5697">
     <span class='ocr_line' id='line_1_88' title="bbox 373 5626 1232 5697; baseline 0.002 -17"><span class='ocrx_word' id='word_1_588' title='bbox 373 5629 422 5660; x_wconf 71' lang='grc'><strong>⁵⁸</strong></span> <span class='ocrx_word' id='word_1_589' title='bbox 453 5628 570 5682; x_wconf 91' lang='lat' dir='ltr'><strong>lmo</strong></span> <span class='ocrx_word' id='word_1_590' title='bbox 617 5626 817 5683; x_wconf 84' lang='lat' dir='ltr'><strong>Paulus</strong></span> <span class='ocrx_word' id='word_1_591' title='bbox 855 5629 872 5680; x_wconf 91' lang='lat' dir='ltr'><strong>l</strong></span> <span class='ocrx_word' id='word_1_592' title='bbox 910 5627 1035 5684; x_wconf 88' lang='lat' dir='ltr'><strong>Cor.</strong></span> <span class='ocrx_word' id='word_1_593' title='bbox 1091 5645 1152 5697; x_wconf 86' lang='lat' dir='ltr'><strong>tt,</strong></span> <span class='ocrx_word' id='word_1_594' title='bbox 1178 5631 1232 5685; x_wconf 92' lang='lat'><strong>9.</strong></span> 
     </span>
    </p>
   </div>
   <div class='ocr_carea' id='block_1_89' title="bbox 373 5781 896 5856">
    <p class='ocr_par' dir='ltr' id='par_1_89' title="bbox 373 5781 896 5856">
     <span class='ocr_line' id='line_1_89' title="bbox 373 5781 896 5856; baseline 0.006 -17"><span class='ocrx_word' id='word_1_595' title='bbox 373 5783 493 5856; x_wconf 75' lang='lat'><strong>(58)</strong></span> <span class='ocrx_word' id='word_1_596' title='bbox 519 5781 684 5840; x_wconf 85' lang='lat' dir='ltr'><strong>Forte</strong></span> <span class='ocrx_word' id='word_1_597' title='bbox 735 5786 896 5856; x_wconf 81' lang='grc' dir='ltr'>μετά.</span> 
     </span>
    </p>
   </div>
   <div class='ocr_carea' id='block_1_90' title="bbox 2413 3231 3102 3302">
    <p class='ocr_par' dir='ltr' id='par_1_90' title="bbox 2413 3231 3102 3302">
     <span class='ocr_line' id='line_1_90' title="bbox 2413 3231 3102 3302; baseline 0.006 -18"><span class='ocrx_word' id='word_1_598' title='bbox 2413 3231 2540 3286; x_wconf 89' lang='lat' dir='ltr'><strong>dam</strong></span> <span class='ocrx_word' id='word_1_599' title='bbox 2579 3231 2925 3302; x_wconf 79' lang='lat' dir='ltr'><strong>manifestata</strong></span> <span class='ocrx_word' id='word_1_600' title='bbox 2957 3244 3102 3288; x_wconf 87' lang='lat' dir='ltr'><strong>sunt.</strong></span> 
     </span>
    </p>
   </div>
   <div class='ocr_carea' id='block_1_91' title="bbox 2057 3342 3575 3421">
    <p class='ocr_par' dir='ltr' id='par_1_91' title="bbox 2057 3342 3575 3421">
     <span class='ocr_line' id='line_1_91' title="bbox 2057 3342 3575 3421; baseline 0.007 -25"><span class='ocrx_word' id='word_1_601' title='bbox 2057 3342 2288 3398; x_wconf 72' lang='lat' dir='ltr'><strong>Iacobus</strong></span> <span class='ocrx_word' id='word_1_602' title='bbox 2343 3343 2548 3399; x_wconf 89' lang='lat' dir='ltr'><strong>scalam</strong></span> <span class='ocrx_word' id='word_1_603' title='bbox 2594 3346 2795 3401; x_wconf 85' lang='lat' dir='ltr'><strong>videta</strong></span> <span class='ocrx_word' id='word_1_604' title='bbox 2853 3355 2996 3406; x_wconf 86' lang='lat' dir='ltr'><strong>terra</strong></span> <span class='ocrx_word' id='word_1_605' title='bbox 3028 3349 3097 3405; x_wconf 88' lang='lat' dir='ltr'><strong>ad</strong></span> <span class='ocrx_word' id='word_1_606' title='bbox 3149 3351 3317 3406; x_wconf 70' lang='lat' dir='ltr'><strong>caelos</strong></span> <span class='ocrx_word' id='word_1_607' title='bbox 3359 3349 3575 3421; x_wconf 87' lang='lat' dir='ltr'><strong>pertin-</strong></span> 
     </span>
    </p>
   </div>
   <div class='ocr_carea' id='block_1_92' title="bbox 1988 3436 3571 3511">
    <p class='ocr_par' dir='ltr' id='par_1_92' title="bbox 1988 3436 3571 3511">
     <span class='ocr_line' id='line_1_92' title="bbox 1988 3436 3571 3511; baseline 0.003 -21"><span class='ocrx_word' id='word_1_608' title='bbox 1988 3436 2446 3507; x_wconf 80' lang='lat' dir='ltr'><strong>getttem.Joseplt</strong></span> <span class='ocrx_word' id='word_1_609' title='bbox 2498 3438 2732 3492; x_wconf 80' lang='lat' dir='ltr'><strong>fratrum</strong></span> <span class='ocrx_word' id='word_1_610' title='bbox 2782 3455 3008 3494; x_wconf 88' lang='lat' dir='ltr'><strong>suorum</strong></span> <span class='ocrx_word' id='word_1_611' title='bbox 3043 3441 3353 3511; x_wconf 87' lang='lat' dir='ltr'><strong>manipulos</strong></span> <span class='ocrx_word' id='word_1_612' title='bbox 3409 3455 3571 3496; x_wconf 88' lang='lat' dir='ltr'><strong>suum</strong></span> 
     </span>
    </p>
   </div>
   <div class='ocr_carea' id='block_1_93' title="bbox 1989 3527 3575 3597">
    <p class='ocr_par' dir='ltr' id='par_1_93' title="bbox 1989 3527 3575 3597">
     <span class='ocr_line' id='line_1_93' title="bbox 1989 3527 3575 3597; baseline 0.004 -18"><span class='ocrx_word' id='word_1_613' title='bbox 1989 3528 2279 3582; x_wconf 87' lang='lat' dir='ltr'><strong>adorantes</strong></span> <span class='ocrx_word' id='word_1_614' title='bbox 2333 3527 2664 3597; x_wconf 89' lang='lat' dir='ltr'><strong>manipulum</strong></span> <span class='ocrx_word' id='word_1_615' title='bbox 2699 3546 2712 3582; x_wconf 87' lang='lat'><strong>:</strong></span> <span class='ocrx_word' id='word_1_616' title='bbox 2747 3529 2934 3584; x_wconf 82' lang='lat' dir='ltr'><strong>stellas</strong></span> <span class='ocrx_word' id='word_1_617' title='bbox 2965 3529 3118 3596; x_wconf 89' lang='lat' dir='ltr'><strong>item,</strong></span> <span class='ocrx_word' id='word_1_618' title='bbox 3175 3539 3230 3584; x_wconf 89' lang='lat' dir='ltr'><strong>et</strong></span> <span class='ocrx_word' id='word_1_619' title='bbox 3297 3530 3468 3586; x_wconf 87' lang='lat' dir='ltr'><strong>solem</strong></span> <span class='ocrx_word' id='word_1_620' title='bbox 3517 3537 3575 3585; x_wconf 83' lang='lat' dir='ltr'><strong>et</strong></span> 
     </span>
    </p>
   </div>
   <div class='ocr_carea' id='block_1_94' title="bbox 1988 3617 3571 3692">
    <p class='ocr_par' dir='ltr' id='par_1_94' title="bbox 1988 3617 3571 3692">
     <span class='ocr_line' id='line_1_94' title="bbox 1988 3617 3571 3692; baseline 0.001 -18"><span class='ocrx_word' id='word_1_621' title='bbox 1988 3619 2174 3674; x_wconf 90' lang='lat' dir='ltr'><strong>lunam</strong></span> <span class='ocrx_word' id='word_1_622' title='bbox 2201 3617 2344 3674; x_wconf 88' lang='lat' dir='ltr'><strong>idem</strong></span> <span class='ocrx_word' id='word_1_623' title='bbox 2375 3617 2658 3675; x_wconf 73' lang='lat' dir='ltr'><strong>facientes.</strong></span> <span class='ocrx_word' id='word_1_624' title='bbox 2693 3621 2799 3686; x_wconf 82' lang='lat' dir='ltr'><strong>Qui</strong></span> <span class='ocrx_word' id='word_1_625' title='bbox 2837 3623 2890 3675; x_wconf 92' lang='lat' dir='ltr'><strong>in</strong></span> <span class='ocrx_word' id='word_1_626' title='bbox 2930 3622 3164 3692; x_wconf 68' lang='lat' dir='ltr'><strong>Aigypto</strong></span> <span class='ocrx_word' id='word_1_627' title='bbox 3207 3639 3332 3676; x_wconf 91' lang='lat' dir='ltr'><strong>cum</strong></span> <span class='ocrx_word' id='word_1_628' title='bbox 3367 3620 3571 3692; x_wconf 77' lang='lat' dir='ltr'><strong>Joseph</strong></span> 
     </span>
    </p>
   </div>
   <div class='ocr_carea' id='block_1_95' title="bbox 1987 3711 3572 3784">
    <p class='ocr_par' dir='ltr' id='par_1_95' title="bbox 1987 3711 3572 3784">
     <span class='ocr_line' id='line_1_95' title="bbox 1987 3711 3572 3784; baseline 0.001 -18"><span class='ocrx_word' id='word_1_629' title='bbox 1987 3712 2190 3766; x_wconf 83' lang='lat' dir='ltr'><strong>carceri</strong></span> <span class='ocrx_word' id='word_1_630' title='bbox 2222 3711 2514 3780; x_wconf 82' lang='lat' dir='ltr'><strong>mancipati</strong></span> <span class='ocrx_word' id='word_1_631' title='bbox 2537 3721 2692 3766; x_wconf 87' lang='lat' dir='ltr'><strong>erant</strong></span> <span class='ocrx_word' id='word_1_632' title='bbox 2723 3731 2736 3766; x_wconf 90' lang='lat'>:</span> <span class='ocrx_word' id='word_1_633' title='bbox 2762 3713 2932 3768; x_wconf 86' lang='lat' dir='ltr'><strong>acille</strong></span> <span class='ocrx_word' id='word_1_634' title='bbox 2959 3715 3180 3783; x_wconf 87' lang='lat' dir='ltr'><strong>quidem</strong></span> <span class='ocrx_word' id='word_1_635' title='bbox 3209 3714 3300 3784; x_wconf 85' lang='lat' dir='ltr'><strong>qui</strong></span> <span class='ocrx_word' id='word_1_636' title='bbox 3333 3714 3572 3768; x_wconf 85' lang='lat' dir='ltr'><strong>liberau-</strong></span> 
     </span>
    </p>
   </div>
   <div class='ocr_carea' id='block_1_96' title="bbox 1989 3793 3570 3872">
    <p class='ocr_par' dir='ltr' id='par_1_96' title="bbox 1989 3793 3570 3872">
     <span class='ocr_line' id='line_1_96' title="bbox 1989 3793 3570 3872; baseline 0.001 -15"><span class='ocrx_word' id='word_1_637' title='bbox 1989 3803 2091 3858; x_wconf 88' lang='lat' dir='ltr'><strong>dus</strong></span> <span class='ocrx_word' id='word_1_638' title='bbox 2118 3802 2596 3872; x_wconf 83' lang='lat' dir='ltr'><strong>absolvendusque</strong></span> <span class='ocrx_word' id='word_1_639' title='bbox 2627 3814 2763 3868; x_wconf 72' lang='lat' dir='ltr'><strong>erat,</strong></span> <span class='ocrx_word' id='word_1_640' title='bbox 2790 3793 3128 3872; x_wconf 81' lang='lat' dir='ltr'><strong>exprimebat</strong></span> <span class='ocrx_word' id='word_1_641' title='bbox 3157 3813 3269 3858; x_wconf 89' lang='lat' dir='ltr'><strong>tres</strong></span> <span class='ocrx_word' id='word_1_642' title='bbox 3299 3817 3570 3870; x_wconf 86' lang='lat' dir='ltr'><strong>racemos,</strong></span> 
     </span>
    </p>
   </div>
   <div class='ocr_carea' id='block_1_97' title="bbox 1989 3893 3572 3965">
    <p class='ocr_par' dir='ltr' id='par_1_97' title="bbox 1989 3893 3572 3965">
     <span class='ocr_line' id='line_1_97' title="bbox 1989 3893 3572 3965; baseline 0.002 -17"><span class='ocrx_word' id='word_1_643' title='bbox 1989 3901 2042 3948; x_wconf 90' lang='lat' dir='ltr'><strong>et</strong></span> <span class='ocrx_word' id='word_1_644' title='bbox 2066 3893 2251 3946; x_wconf 88' lang='lat' dir='ltr'><strong>vinum</strong></span> <span class='ocrx_word' id='word_1_645' title='bbox 2287 3894 2399 3963; x_wconf 80' lang='lat' dir='ltr'><strong>regi</strong></span> <span class='ocrx_word' id='word_1_646' title='bbox 2416 3893 2730 3964; x_wconf 78' lang='lat' dir='ltr'><strong>porrigebat</strong></span> <span class='ocrx_word' id='word_1_647' title='bbox 2761 3895 2890 3963; x_wconf 88' lang='lat' dir='ltr'><strong>:qui</strong></span> <span class='ocrx_word' id='word_1_648' title='bbox 2921 3909 3050 3949; x_wconf 88' lang='lat' dir='ltr'><strong>vero</strong></span> <span class='ocrx_word' id='word_1_649' title='bbox 3075 3895 3408 3965; x_wconf 88' lang='lat' dir='ltr'><strong>puniendus,</strong></span> <span class='ocrx_word' id='word_1_650' title='bbox 3442 3911 3572 3965; x_wconf 86' lang='lat' dir='ltr'><strong>por-</strong></span> 
     </span>
    </p>
   </div>
   <div class='ocr_carea' id='block_1_98' title="bbox 1990 3985 3575 4054">
    <p class='ocr_par' dir='ltr' id='par_1_98' title="bbox 1990 3985 3575 4054">
     <span class='ocr_line' id='line_1_98' title="bbox 1990 3985 3575 4054; baseline 0.003 -15"><span class='ocrx_word' id='word_1_651' title='bbox 1990 3985 2141 4039; x_wconf 82' lang='lat' dir='ltr'><strong>tabat</strong></span> <span class='ocrx_word' id='word_1_652' title='bbox 2181 3994 2290 4040; x_wconf 90' lang='lat' dir='ltr'><strong>tres</strong></span> <span class='ocrx_word' id='word_1_653' title='bbox 2326 4000 2498 4054; x_wconf 88' lang='lat' dir='ltr'><strong>panes</strong></span> <span class='ocrx_word' id='word_1_654' title='bbox 2561 3985 2617 4039; x_wconf 91' lang='lat' dir='ltr'><strong>in</strong></span> <span class='ocrx_word' id='word_1_655' title='bbox 2674 3987 2918 4041; x_wconf 90' lang='lat' dir='ltr'><strong>canistro</strong></span> <span class='ocrx_word' id='word_1_656' title='bbox 2947 4001 2978 4040; x_wconf 87' lang='lat' dir='ltr'><strong>a</strong></span> <span class='ocrx_word' id='word_1_657' title='bbox 3039 3985 3356 4043; x_wconf 89' lang='lat' dir='ltr'><strong>volucribus</strong></span> <span class='ocrx_word' id='word_1_658' title='bbox 3387 4002 3575 4043; x_wconf 87' lang='lat' dir='ltr'><strong>come-</strong></span> 
     </span>
    </p>
   </div>
   <div class='ocr_carea' id='block_1_99' title="bbox 1987 4074 3574 4148">
    <p class='ocr_par' dir='ltr' id='par_1_99' title="bbox 1987 4074 3574 4148">
     <span class='ocr_line' id='line_1_99' title="bbox 1987 4074 3574 4148; baseline 0.002 -16"><span class='ocrx_word' id='word_1_659' title='bbox 1987 4077 2216 4132; x_wconf 82' lang='lat' dir='ltr'><strong>dcndos.</strong></span> <span class='ocrx_word' id='word_1_660' title='bbox 2239 4074 2454 4130; x_wconf 80' lang='lat' dir='ltr'><strong>Pharao</strong></span> <span class='ocrx_word' id='word_1_661' title='bbox 2484 4077 2619 4131; x_wconf 91' lang='lat' dir='ltr'><strong>vidit</strong></span> <span class='ocrx_word' id='word_1_662' title='bbox 2646 4087 2852 4147; x_wconf 87' lang='lat' dir='ltr'><strong>septem</strong></span> <span class='ocrx_word' id='word_1_663' title='bbox 2875 4078 3106 4148; x_wconf 81' lang='lat' dir='ltr'><strong>pingues</strong></span> <span class='ocrx_word' id='word_1_664' title='bbox 3126 4079 3315 4142; x_wconf 86' lang='lat' dir='ltr'><strong>boves,</strong></span> <span class='ocrx_word' id='word_1_665' title='bbox 3349 4093 3414 4134; x_wconf 86' lang='lat' dir='ltr'><strong>ac</strong></span> <span class='ocrx_word' id='word_1_666' title='bbox 3435 4079 3574 4135; x_wconf 88' lang='lat' dir='ltr'><strong>bene</strong></span> 
     </span>
    </p>
   </div>
   <div class='ocr_carea' id='block_1_100' title="bbox 1988 4173 3572 4243">
    <p class='ocr_par' dir='ltr' id='par_1_100' title="bbox 1988 4173 3572 4243">
     <span class='ocr_line' id='line_1_100' title="bbox 1988 4173 3572 4243; baseline 0.004 -17"><span class='ocrx_word' id='word_1_667' title='bbox 1988 4173 2259 4228; x_wconf 86' lang='lat' dir='ltr'><strong>enutritas</strong></span> <span class='ocrx_word' id='word_1_668' title='bbox 2291 4173 2471 4242; x_wconf 88' lang='lat' dir='ltr'><strong>spicas</strong></span> <span class='ocrx_word' id='word_1_669' title='bbox 2511 4183 2755 4243; x_wconf 89' lang='lat' dir='ltr'><strong>septem;</strong></span> <span class='ocrx_word' id='word_1_670' title='bbox 2791 4189 3123 4241; x_wconf 77' lang='lat' dir='ltr'><strong>rursumque</strong></span> <span class='ocrx_word' id='word_1_671' title='bbox 3174 4174 3354 4231; x_wconf 65' lang='lat' dir='ltr'><strong>foedos</strong></span> <span class='ocrx_word' id='word_1_672' title='bbox 3403 4175 3572 4232; x_wconf 84' lang='lat' dir='ltr'><strong>boves</strong></span> 
     </span>
    </p>
   </div>
   <div class='ocr_carea' id='block_1_101' title="bbox 1989 4261 3574 4335">
    <p class='ocr_par' dir='ltr' id='par_1_101' title="bbox 1989 4261 3574 4335">
     <span class='ocr_line' id='line_1_101' title="bbox 1989 4261 3574 4335; baseline 0.001 -18"><span class='ocrx_word' id='word_1_673' title='bbox 1989 4273 2219 4333; x_wconf 84' lang='lat' dir='ltr'><strong>septem,</strong></span> <span class='ocrx_word' id='word_1_674' title='bbox 2277 4279 2340 4318; x_wconf 90' lang='lat' dir='ltr'><strong>ac</strong></span> <span class='ocrx_word' id='word_1_675' title='bbox 2387 4262 2610 4317; x_wconf 89' lang='lat' dir='ltr'><strong>totidem</strong></span> <span class='ocrx_word' id='word_1_676' title='bbox 2667 4264 2869 4332; x_wconf 88' lang='lat' dir='ltr'><strong>spicas.</strong></span> <span class='ocrx_word' id='word_1_677' title='bbox 2907 4261 3231 4319; x_wconf 82' lang='lat' dir='ltr'><strong>Madianites</strong></span> <span class='ocrx_word' id='word_1_678' title='bbox 3279 4265 3374 4335; x_wconf 91' lang='lat' dir='ltr'><strong>qui</strong></span> <span class='ocrx_word' id='word_1_679' title='bbox 3439 4264 3574 4320; x_wconf 85' lang='lat' dir='ltr'><strong>vidit</strong></span> 
     </span>
    </p>
   </div>
   <div class='ocr_carea' id='block_1_102' title="bbox 1989 4353 3573 4425">
    <p class='ocr_par' dir='ltr' id='par_1_102' title="bbox 1989 4353 3573 4425">
     <span class='ocr_line' id='line_1_102' title="bbox 1989 4353 3573 4425; baseline 0.001 -17"><span class='ocrx_word' id='word_1_680' title='bbox 1989 4355 2300 4409; x_wconf 84' lang='lat' dir='ltr'><strong>devolutam</strong></span> <span class='ocrx_word' id='word_1_681' title='bbox 2331 4353 2694 4408; x_wconf 85' lang='lat' dir='ltr'><strong>hordeaceam</strong></span> <span class='ocrx_word' id='word_1_682' title='bbox 2738 4353 2900 4408; x_wconf 71' lang='lat' dir='ltr'><strong>olfam</strong></span> <span class='ocrx_word' id='word_1_683' title='bbox 2931 4355 3034 4409; x_wconf 85' lang='lat' dir='ltr'><strong>sub</strong></span> <span class='ocrx_word' id='word_1_684' title='bbox 3077 4355 3355 4425; x_wconf 87' lang='lat' dir='ltr'><strong>Gedeone,</strong></span> <span class='ocrx_word' id='word_1_685' title='bbox 3384 4367 3438 4412; x_wconf 89' lang='lat' dir='ltr'><strong>et</strong></span> <span class='ocrx_word' id='word_1_686' title='bbox 3491 4365 3573 4411; x_wconf 86' lang='lat' dir='ltr'><strong>ta-</strong></span> 
     </span>
    </p>
   </div>
   <div class='ocr_carea' id='block_1_103' title="bbox 1993 4444 3570 4519">
    <p class='ocr_par' dir='ltr' id='par_1_103' title="bbox 1993 4444 3570 4519">
     <span class='ocr_line' id='line_1_103' title="bbox 1993 4444 3570 4519; baseline 0.003 -19"><span class='ocrx_word' id='word_1_687' title='bbox 1993 4445 2348 4500; x_wconf 83' lang='lat' dir='ltr'><strong>bernaculum</strong></span> <span class='ocrx_word' id='word_1_688' title='bbox 2380 4459 2632 4499; x_wconf 87' lang='lat' dir='ltr'><strong>eversum</strong></span> <span class='ocrx_word' id='word_1_689' title='bbox 2656 4444 2893 4501; x_wconf 85' lang='lat' dir='ltr'><strong>Madian.</strong></span> <span class='ocrx_word' id='word_1_690' title='bbox 2936 4445 3446 4514; x_wconf 77' lang='lat' dir='ltr'><strong>Nabuchodonosor,</strong></span> <span class='ocrx_word' id='word_1_691' title='bbox 3475 4451 3570 4519; x_wconf 90' lang='lat' dir='ltr'><strong>qui</strong></span> 
     </span>
    </p>
   </div>
   <div class='ocr_carea' id='block_1_104' title="bbox 1993 4535 3570 4605">
    <p class='ocr_par' dir='ltr' id='par_1_104' title="bbox 1993 4535 3570 4605">
     <span class='ocr_line' id='line_1_104' title="bbox 1993 4535 3570 4605; baseline 0.004 -17"><span class='ocrx_word' id='word_1_692' title='bbox 1993 4535 2276 4605; x_wconf 82' lang='lat' dir='ltr'><strong>conspexit</strong></span> <span class='ocrx_word' id='word_1_693' title='bbox 2326 4545 2564 4591; x_wconf 89' lang='lat' dir='ltr'><strong>statuam</strong></span> <span class='ocrx_word' id='word_1_694' title='bbox 2621 4551 2686 4591; x_wconf 84' lang='lat' dir='ltr'><strong>ex</strong></span> <span class='ocrx_word' id='word_1_695' title='bbox 2733 4538 2966 4594; x_wconf 85' lang='lat' dir='ltr'><strong>diversis</strong></span> <span class='ocrx_word' id='word_1_696' title='bbox 3009 4539 3253 4594; x_wconf 85' lang='lat' dir='ltr'><strong>materiis</strong></span> <span class='ocrx_word' id='word_1_697' title='bbox 3309 4547 3570 4594; x_wconf 84' lang='lat' dir='ltr'><strong>constan-</strong></span> 
     </span>
    </p>
   </div>
   <div class='ocr_carea' id='block_1_105' title="bbox 1991 4627 3575 4700">
    <p class='ocr_par' dir='ltr' id='par_1_105' title="bbox 1991 4627 3575 4700">
     <span class='ocr_line' id='line_1_105' title="bbox 1991 4627 3575 4700; baseline 0 -19"><span class='ocrx_word' id='word_1_698' title='bbox 1991 4637 2124 4692; x_wconf 89' lang='lat' dir='ltr'><strong>tem,</strong></span> <span class='ocrx_word' id='word_1_699' title='bbox 2161 4642 2191 4680; x_wconf 87' lang='lat' dir='ltr'><strong>a</strong></span> <span class='ocrx_word' id='word_1_700' title='bbox 2247 4627 2426 4696; x_wconf 87' lang='lat' dir='ltr'><strong>lapide</strong></span> <span class='ocrx_word' id='word_1_701' title='bbox 2474 4627 2791 4693; x_wconf 88' lang='lat' dir='ltr'><strong>contritam,</strong></span> <span class='ocrx_word' id='word_1_702' title='bbox 2823 4629 2918 4698; x_wconf 89' lang='lat' dir='ltr'><strong>qui</strong></span> <span class='ocrx_word' id='word_1_703' title='bbox 2965 4627 3376 4698; x_wconf 85' lang='lat' dir='ltr'><strong>sine_manibus</strong></span> <span class='ocrx_word' id='word_1_704' title='bbox 3401 4629 3454 4682; x_wconf 87' lang='lat' dir='ltr'><strong>in</strong></span> <span class='ocrx_word' id='word_1_705' title='bbox 3486 4629 3575 4700; x_wconf 86' lang='lat' dir='ltr'><strong>ip-</strong></span> 
     </span>
    </p>
   </div>
   <div class='ocr_carea' id='block_1_106' title="bbox 1991 4717 3576 4789">
    <p class='ocr_par' dir='ltr' id='par_1_106' title="bbox 1991 4717 3576 4789">
     <span class='ocr_line' id='line_1_106' title="bbox 1991 4717 3576 4789; baseline 0.002 -17"><span class='ocrx_word' id='word_1_706' title='bbox 1991 4733 2105 4772; x_wconf 86' lang='lat' dir='ltr'><strong>sam</strong></span> <span class='ocrx_word' id='word_1_707' title='bbox 2140 4717 2208 4771; x_wconf 87' lang='lat' dir='ltr'><strong>de</strong></span> <span class='ocrx_word' id='word_1_708' title='bbox 2239 4725 2424 4771; x_wconf 84' lang='lat' dir='ltr'><strong>ttmntc</strong></span> <span class='ocrx_word' id='word_1_709' title='bbox 2457 4717 2836 4774; x_wconf 84' lang='lat' dir='ltr'><strong>descenderat.</strong></span> <span class='ocrx_word' id='word_1_710' title='bbox 2869 4721 3052 4789; x_wconf 81' lang='lat' dir='ltr'><strong>Atque</strong></span> <span class='ocrx_word' id='word_1_711' title='bbox 3101 4721 3303 4774; x_wconf 80' lang='lat' dir='ltr'><strong>iterum</strong></span> <span class='ocrx_word' id='word_1_712' title='bbox 3366 4720 3576 4774; x_wconf 79' lang='lat' dir='ltr'><strong>altissi-</strong></span> 
     </span>
    </p>
   </div>
   <div class='ocr_carea' id='block_1_107' title="bbox 1994 4810 3578 4882">
    <p class='ocr_par' dir='ltr' id='par_1_107' title="bbox 1994 4810 3578 4882">
     <span class='ocr_line' id='line_1_107' title="bbox 1994 4810 3578 4882; baseline 0.002 -19"><span class='ocrx_word' id='word_1_713' title='bbox 1994 4826 2136 4863; x_wconf 87' lang='lat' dir='ltr'><strong>mam</strong></span> <span class='ocrx_word' id='word_1_714' title='bbox 2173 4811 2588 4879; x_wconf 41' lang='lat' dir='ltr'><strong>arboremgqua:</strong></span> <span class='ocrx_word' id='word_1_715' title='bbox 2621 4810 2830 4866; x_wconf 85' lang='lat' dir='ltr'><strong>succidi</strong></span> <span class='ocrx_word' id='word_1_716' title='bbox 2857 4811 3013 4882; x_wconf 84' lang='lat' dir='ltr'><strong>jussa</strong></span> <span class='ocrx_word' id='word_1_717' title='bbox 3070 4821 3174 4876; x_wconf 89' lang='lat' dir='ltr'><strong>est,</strong></span> <span class='ocrx_word' id='word_1_718' title='bbox 3205 4819 3261 4866; x_wconf 88' lang='lat' dir='ltr'><strong>et</strong></span> <span class='ocrx_word' id='word_1_719' title='bbox 3290 4818 3414 4881; x_wconf 89' lang='lat' dir='ltr'><strong>post</strong></span> <span class='ocrx_word' id='word_1_720' title='bbox 3458 4811 3578 4866; x_wconf 84' lang='lat' dir='ltr'><strong>ela-</strong></span> 
     </span>
    </p>
   </div>
   <div class='ocr_carea' id='block_1_108' title="bbox 1991 4901 3577 4972">
    <p class='ocr_par' dir='ltr' id='par_1_108' title="bbox 1991 4901 3577 4972">
     <span class='ocr_line' id='line_1_108' title="bbox 1991 4901 3577 4972; baseline 0.001 -18"><span class='ocrx_word' id='word_1_721' title='bbox 1991 4915 2122 4970; x_wconf 86' lang='lat' dir='ltr'><strong>psos</strong></span> <span class='ocrx_word' id='word_1_722' title='bbox 2148 4911 2350 4970; x_wconf 86' lang='lat' dir='ltr'><strong>septem</strong></span> <span class='ocrx_word' id='word_1_723' title='bbox 2378 4916 2552 4956; x_wconf 88' lang='lat' dir='ltr'><strong>annos</strong></span> <span class='ocrx_word' id='word_1_724' title='bbox 2573 4917 2802 4957; x_wconf 82' lang='lat' dir='ltr'><strong>rursum</strong></span> <span class='ocrx_word' id='word_1_725' title='bbox 2821 4903 3168 4972; x_wconf 83' lang='lat' dir='ltr'><strong>germinavit.</strong></span> <span class='ocrx_word' id='word_1_726' title='bbox 3196 4901 3389 4956; x_wconf 80' lang='lat' dir='ltr'><strong>Daniel</strong></span> <span class='ocrx_word' id='word_1_727' title='bbox 3415 4901 3577 4956; x_wconf 85' lang='lat' dir='ltr'><strong>audi-</strong></span> 
     </span>
    </p>
   </div>
   <div class='ocr_carea' id='block_1_109' title="bbox 1995 4990 3577 5062">
    <p class='ocr_par' dir='ltr' id='par_1_109' title="bbox 1995 4990 3577 5062">
     <span class='ocr_line' id='line_1_109' title="bbox 1995 4990 3577 5062; baseline 0.001 -17"><span class='ocrx_word' id='word_1_728' title='bbox 1995 4992 2147 5046; x_wconf 88' lang='lat' dir='ltr'><strong>vitde</strong></span> <span class='ocrx_word' id='word_1_729' title='bbox 2174 5007 2224 5045; x_wconf 87' lang='lat' dir='ltr'><strong>Iv</strong></span> <span class='ocrx_word' id='word_1_730' title='bbox 2267 4993 2468 5062; x_wconf 81' lang='lat' dir='ltr'><strong>regnis,</strong></span> <span class='ocrx_word' id='word_1_731' title='bbox 2487 5007 2608 5062; x_wconf 65' lang='lat' dir='ltr'><strong>quae</strong></span> <span class='ocrx_word' id='word_1_732' title='bbox 2627 5001 2946 5048; x_wconf 86' lang='lat' dir='ltr'><strong>surrectura</strong></span> <span class='ocrx_word' id='word_1_733' title='bbox 2985 5001 3225 5049; x_wconf 85' lang='lat' dir='ltr'><strong>erantac</strong></span> <span class='ocrx_word' id='word_1_734' title='bbox 3243 4990 3577 5049; x_wconf 79' lang='lat' dir='ltr'><strong>destruenda</strong></span> 
     </span>
    </p>
   </div>
   <div class='ocr_carea' id='block_1_110' title="bbox 1986 5083 3579 5154">
    <p class='ocr_par' dir='ltr' id='par_1_110' title="bbox 1986 5083 3579 5154">
     <span class='ocr_line' id='line_1_110' title="bbox 1986 5083 3579 5154; baseline 0.001 -16"><span class='ocrx_word' id='word_1_735' title='bbox 1986 5085 2042 5138; x_wconf 89' lang='lat' dir='ltr'><strong>in</strong></span> <span class='ocrx_word' id='word_1_736' title='bbox 2101 5085 2289 5154; x_wconf 80' lang='lat' dir='ltr'><strong>ﬁguris</strong></span> <span class='ocrx_word' id='word_1_737' title='bbox 2349 5085 2706 5150; x_wconf 88' lang='lat' dir='ltr'><strong>animalium;</strong></span> <span class='ocrx_word' id='word_1_738' title='bbox 2761 5086 2927 5140; x_wconf 88' lang='lat' dir='ltr'><strong>etde</strong></span> <span class='ocrx_word' id='word_1_739' title='bbox 2999 5086 3194 5140; x_wconf 90' lang='lat' dir='ltr'><strong>ultimo</strong></span> <span class='ocrx_word' id='word_1_740' title='bbox 3255 5097 3422 5154; x_wconf 78' lang='lat' dir='ltr'><strong>regno</strong></span> <span class='ocrx_word' id='word_1_741' title='bbox 3475 5083 3579 5140; x_wconf 81' lang='lat' dir='ltr'><strong>de-</strong></span> 
     </span>
    </p>
   </div>
   <div class='ocr_carea' id='block_1_111' title="bbox 1988 5176 3576 5244">
    <p class='ocr_par' dir='ltr' id='par_1_111' title="bbox 1988 5176 3576 5244">
     <span class='ocr_line' id='line_1_111' title="bbox 1988 5176 3576 5244; baseline -0.003 -12"><span class='ocrx_word' id='word_1_742' title='bbox 1988 5177 2248 5232; x_wconf 88' lang='lat' dir='ltr'><strong>struendo</strong></span> <span class='ocrx_word' id='word_1_743' title='bbox 2267 5176 2612 5243; x_wconf 85' lang='lat' dir='ltr'><strong>Antichristi,</strong></span> <span class='ocrx_word' id='word_1_744' title='bbox 2635 5193 2804 5232; x_wconf 85' lang='lat' dir='ltr'><strong>cornu</strong></span> <span class='ocrx_word' id='word_1_745' title='bbox 2833 5178 3160 5231; x_wconf 83' lang='lat' dir='ltr'><strong>brevissimo</strong></span> <span class='ocrx_word' id='word_1_746' title='bbox 3191 5178 3238 5230; x_wconf 94' lang='lat' dir='ltr'><strong>ei</strong></span> <span class='ocrx_word' id='word_1_747' title='bbox 3261 5183 3576 5244; x_wconf 83' lang='lat' dir='ltr'><strong>apparente.</strong></span> 
     </span>
    </p>
   </div>
   <div class='ocr_carea' id='block_1_112' title="bbox 1987 5267 3578 5341">
    <p class='ocr_par' dir='ltr' id='par_1_112' title="bbox 1987 5267 3578 5341">
     <span class='ocr_line' id='line_1_112' title="bbox 1987 5267 3578 5341; baseline -0.003 -17"><span class='ocrx_word' id='word_1_748' title='bbox 1987 5271 2066 5326; x_wconf 88' lang='lat' dir='ltr'><strong>Ac</strong></span> <span class='ocrx_word' id='word_1_749' title='bbox 2093 5269 2158 5325; x_wconf 90' lang='lat' dir='ltr'><strong>de</strong></span> <span class='ocrx_word' id='word_1_750' title='bbox 2187 5281 2392 5326; x_wconf 84' lang='lat' dir='ltr'><strong>aeterno</strong></span> <span class='ocrx_word' id='word_1_751' title='bbox 2421 5271 2625 5326; x_wconf 83' lang='lat' dir='ltr'><strong>Christi</strong></span> <span class='ocrx_word' id='word_1_752' title='bbox 2677 5287 2846 5341; x_wconf 84' lang='lat' dir='ltr'><strong>regno</strong></span> <span class='ocrx_word' id='word_1_753' title='bbox 2882 5271 3114 5325; x_wconf 76' lang='lat' dir='ltr'><strong>cmlcsti.</strong></span> <span class='ocrx_word' id='word_1_754' title='bbox 3150 5267 3454 5337; x_wconf 72' lang='lat' dir='ltr'><strong>Apostolus,</strong></span> <span class='ocrx_word' id='word_1_755' title='bbox 3480 5267 3578 5336; x_wconf 90' lang='lat' dir='ltr'><strong>qui</strong></span> 
     </span>
    </p>
   </div>
   <div class='ocr_carea' id='block_1_113' title="bbox 1989 5355 3578 5422">
    <p class='ocr_par' dir='ltr' id='par_1_113' title="bbox 1989 5355 3578 5422">
     <span class='ocr_line' id='line_1_113' title="bbox 1989 5355 3578 5422; baseline -0.003 -8"><span class='ocrx_word' id='word_1_756' title='bbox 1989 5359 2163 5416; x_wconf 84' lang='lat' dir='ltr'><strong>audiit</strong></span> <span class='ocrx_word' id='word_1_757' title='bbox 2217 5360 2432 5416; x_wconf 84' lang='lat' dir='ltr'><strong>dicente</strong></span> <span class='ocrx_word' id='word_1_758' title='bbox 2489 5362 2568 5416; x_wconf 90' lang='lat' dir='ltr'><strong>illi</strong></span> <span class='ocrx_word' id='word_1_759' title='bbox 2624 5361 2856 5416; x_wconf 86' lang='lat' dir='ltr'><strong>Domino</strong></span> <span class='ocrx_word' id='word_1_760' title='bbox 2918 5359 3152 5415; x_wconf 81' lang='lat' dir='ltr'><strong>:Macte</strong></span> <span class='ocrx_word' id='word_1_761' title='bbox 3176 5367 3310 5422; x_wconf 81' lang='lat' dir='ltr'><strong>esto,</strong></span> <span class='ocrx_word' id='word_1_762' title='bbox 3373 5355 3578 5420; x_wconf 81' lang='lat' dir='ltr'><strong>Paule;</strong></span> 
     </span>
    </p>
   </div>
   <div class='ocr_carea' id='block_1_114' title="bbox 1991 5447 3578 5523">
    <p class='ocr_par' dir='ltr' id='par_1_114' title="bbox 1991 5447 3578 5523">
     <span class='ocr_line' id='line_1_114' title="bbox 1991 5447 3578 5523; baseline -0.003 -14"><span class='ocrx_word' id='word_1_763' title='bbox 1991 5453 2278 5509; x_wconf 52' lang='lat' dir='ltr'><strong>sicuterrim</strong></span> <span class='ocrx_word' id='word_1_764' title='bbox 2318 5454 2674 5508; x_wconf 84' lang='lat' dir='ltr'><strong>testimonium</strong></span> <span class='ocrx_word' id='word_1_765' title='bbox 2715 5453 3030 5523; x_wconf 78' lang='lat' dir='ltr'><strong>perhibuisti</strong></span> <span class='ocrx_word' id='word_1_766' title='bbox 3061 5453 3124 5507; x_wconf 85' lang='lat' dir='ltr'><strong>de</strong></span> <span class='ocrx_word' id='word_1_767' title='bbox 3161 5465 3240 5506; x_wconf 85' lang='lat' dir='ltr'><strong>me</strong></span> <span class='ocrx_word' id='word_1_768' title='bbox 3269 5451 3322 5504; x_wconf 83' lang='lat' dir='ltr'><strong>in</strong></span> <span class='ocrx_word' id='word_1_769' title='bbox 3345 5447 3578 5506; x_wconf 78' lang='lat' dir='ltr'><strong>Jerusa-</strong></span> 
     </span>
    </p>
   </div>
   <div class='ocr_carea' id='block_1_115' title="bbox 2065 5783 2618 5857">
    <p class='ocr_par' dir='ltr' id='par_1_115' title="bbox 2065 5783 2618 5857">
     <span class='ocr_line' id='line_1_115' title="bbox 2065 5783 2618 5857; baseline 0 -17"><span class='ocrx_word' id='word_1_770' title='bbox 2065 5783 2178 5857; x_wconf 84' lang='lat'><strong>(59)</strong></span> <span class='ocrx_word' id='word_1_771' title='bbox 2207 5783 2618 5856; x_wconf 83' lang='grc' dir='ltr'>καθειργμένοι.</span> 
     </span>
    </p>
   </div>
  </div>
