4044 6422
521 409 624 472 135

2054 395 2356 455 JOSEI‘PI

3694 396 3792 458 136

516 521 640 583 lein,
669 519 744 570 sic
773 528 819 570 te
848 500 1045 585 oportet
1075 514 1237 567 etiam
1283 509 1457 562 Roinn:
1507 507 1867 561 testimonium
1915 507 2090 575 perhi-

2202 505 2444 568 λέγοντος
2476 498 2623 570 αὑτῷ
2661 515 2673 528 ·
2713 499 2957 567 Θάρσει,
3005 500 3228 567 Παῦλε,
3263 504 3521 570 ἀκούων,
3560 505 3642 570 ὡς
3689 507 3798 573 γὰρ

517 613 652 664 bere.
688 608 752 660 Et
777 624 898 661 rum
930 611 1247 674 tempestate
1289 601 1590 671 agitaretur
1621 601 1764 652 inter
1828 599 2094 667 navigan-

516 703 667 763 dum,
701 700 951 769 angelum
995 696 1260 763 conspicit
1308 695 1361 747 in
1394 693 1601 747 somnis
1632 691 1736 747 sibi
1773 692 2042 743 dicentem
2081 708 2093 742 :

521 791 654 845 Ecce
674 791 886 844 donavit
921 788 1018 842 tibi
1053 786 1188 840 Deus
1225 801 1403 839 omnes
1440 784 1752 854 navigantes
1785 793 1976 836 tecum.

517 1098 668 1151 CAP.
698 1093 907 1148 CXXX.
932 1121 1004 1130 -——
1033 1092 1162 1157 Quis
1189 1089 1500 1158 conscripsit
1558 1089 1750 1142 librum
1779 1086 2096 1158 Regnorum.

501 1333 504 1337 ,
586 1277 767 1332 Saulis
793 1285 939 1346 gesta
971 1275 1193 1330 Samuel
1223 1275 1487 1344 propheta
1525 1287 1650 1329 cum
1697 1273 1895 1328 litteris
1925 1272 2102 1327 consi-

519 1378 760 1437 gnassct,
794 1369 973 1436 posuit
1003 1368 1056 1420 in
1099 1365 1498 1420 Tahernaeulo.
1558 1364 1778 1420 Davidis
1819 1380 1972 1429 vero,
2008 1380 2100 1419 ac-

521 1460 699 1512 tiuues
725 1445 944 1528 quidem
981 1458 1182 1526 primas
1217 1458 1473 1512 iden'imet
1514 1455 1756 1521 Samuel,
1797 1456 1910 1511 Gad
1973 1472 2103 1511 vero

521 1562 575 1604 et
604 1550 816 1604 Nathau
856 1552 1129 1619 prophetae
1162 1549 1405 1603 actiones
1449 1549 1805 1618 posteriores.
1863 1547 2102 1602 Salomo-

523 1643 604 1695 nis
643 1644 824 1710 priora
879 1642 1121 1695 facinora
1174 1640 1388 1694 Nathan
1429 1640 1743 1708 descripsit,
1794 1643 2102 1710 posteriora

523 1747 705 1788 autem
742 1736 941 1790 Achias
989 1735 1252 1790 Silonites
1295 1742 1350 1788 et
1392 1732 1529 1788 Jeel.
1572 1731 1826 1786 Roboami
1863 1733 2103 1787 Sarmens

524 1837 579 1881 et
606 1825 802 1882 Jadon.
837 1827 984 1882 Abite
1021 1827 1194 1891 Adon,
1223 1832 1461 1894 itemque
1493 1826 1635 1878 Aur.
1679 1825 1748 1878 At
1805 1839 1894 1878 res
1940 1821 2103 1876 Josa-

523 1921 673 1989 phati
694 1921 986 1988 descripsit
1011 1918 1174 1974 Jesus
1202 1918 1348 1972 ﬁlius
1380 1918 1580 1972 Anani.
1613 1915 1760 1971 Idem
1806 1914 1908 1971 iste
1947 1916 2106 1971 Jesus

524 2012 831 2080 conquisita
861 2013 1074 2080 singula
1105 2026 1291 2080 regum
1323 2009 1490 2064 lsrael
1520 2021 1673 2080 gesta
1709 2010 1908 2065 litteris
1947 2025 2103 2063 com-

525 2103 820 2155 mendavit.
839 2101 992 2167 Quod
1023 2103 1087 2156 ad
1107 2109 1503 2170 consequentes
1528 2102 1719 2156 attinet
1749 2116 1904 2171 reges
1923 2098 2064 2154 Juda
2084 2141 2100 2166 ,

523 2201 795 2259 gestorum
821 2191 1005 2244 Joram
1031 2201 1086 2246 et
1106 2191 1353 2246 Ochozite
1391 2201 1445 2247 et
1467 2191 1598 2246 Joas
1623 2201 1676 2247 et
1703 2193 1937 2246 Amasia:
1962 2193 2103 2246 facta

522 2295 606 2338 est
633 2285 972 2354 censet-iptio
1001 2292 1054 2338 et
1092 2285 1330 2354 reposita
1359 2285 1412 2338 in
1445 2285 1570 2340 aula
1599 2285 1767 2354 regia.
1797 2283 1944 2339 Ozia:
1978 2300 2106 2338 vero

519 2375 860 2440 etJoatlmm,
886 2385 941 2430 et
961 2375 1141 2428 Aehaz
1174 2384 1229 2429 et
1254 2374 1520 2437 Ezecliiaz,
1554 2389 1661 2428 non
1683 2376 1847 2427 modo
1875 2373 2105 2443 publieae

523 2467 724 2521 tabulae
788 2467 1035 2521 actiones
1089 2467 1450 2535 collegerunt,
1491 2480 1680 2518 verum
1710 2465 1874 2519 etiam
1935 2465 2104 2520 Isaias

525 2561 790 2628 propheta
825 2561 971 2628 ipsas
998 2559 1307 2629 deseripsit.
1336 2556 1606 2611 Manassis
1641 2571 1769 2613 vero
1821 2558 1986 2626 impia
2023 2557 2103 2612 fa-

525 2653 712 2704 cinora
742 2653 834 2720 qui
870 2652 1141 2714 viderunr
1165 2652 1316 2720 (sunt
1345 2659 1524 2704 autem
1562 2651 1615 2703 hi
1649 2649 1929 2719 propheta:
1956 2649 2104 2704 illius

524 2743 853 2810 temporis),
888 2741 1260 2812 deseripsere,
1303 2750 1469 2810 atque
1527 2742 1577 2796 in
1618 2743 1740 2795 aula
1769 2741 1915 2811 regia
1939 2741 2104 2809 depo-

521 2847 702 2887 suere.
732 2834 962 2892 Amasiw
1020 2835 1148 2886 item
1180 2831 1422 2887 ctJosim
1473 2842 1526 2886 et
1573 2831 1776 2885 Joacim
1818 2839 2100 2900 gestorum

523 2926 674 2976 luere
729 2924 961 2993 publica:
1024 2926 1439 2993 descriptiones,
1471 2939 1592 2992 qua:
1648 2923 1833 2977 itidem
1869 2923 1923 2976 in
1975 2923 2100 2980 aula

523 3014 669 3082 regia
702 3015 954 3082 repositae
981 3028 1129 3069 sunt.
1163 3013 1433 3068 Jechonia:
1475 3029 1538 3071 ac
1571 3012 1822 3080 Sedeciw,
1855 3015 1958 3069 suh
1981 3015 2102 3084 qui-

523 3109 626 3156 bus
656 3105 818 3156 etiam
861 3105 1096 3174 populus
1155 3105 1208 3157 in
1251 3105 1624 3174 captivitatem
1656 3107 1854 3159 ductus
1917 3115 2016 3170 est,
2048 3113 2103 3158 et

525 3193 786 3263 templum
818 3196 1084 3258 dirutum,
1125 3201 1179 3248 et
1207 3209 1431 3264 regnum
1481 3193 1916 3263 pessumdatum,
1946 3189 2101 3248 Jere-
2127 3211 2171 3272 ο

521 3285 660 3340 mias
688 3287 953 3357 propheta
985 3287 1323 3341 miserabiles
1354 3288 1494 3344 vitas
1534 3287 1844 3359 descripsit.

593 3548 852 3606 Omnium
896 3550 1061 3606 simul
1099 3565 1290 3622 regum
1325 3561 1498 3622 gesta,
1542 3561 1596 3608 et
1641 3553 1843 3621 exitus,
1895 3552 2100 3608 Esdras

516 3645 738 3715 sapiens
759 3643 854 3713 qui
883 3645 1100 3701 vivehat
1141 3655 1387 3714 tempore
1420 3645 1626 3701 reditus
1661 3648 1849 3718 populi
1903 3649 1970 3702 de
2009 3664 2102 3700 ca-

517 3739 786 3808 ptivitate,
809 3738 1122 3790 memoriter
1140 3747 1328 3791 tenens
1343 3737 1536 3792 librum
1553 3741 1868 3795 universum
1889 3741 2103 3810 Regno—

521 3847 664 3897 rum,
693 3840 746 3884 et
769 3839 917 3900 gesta
944 3829 1110 3882 etiam
1132 3844 1321 3883 eorum
1341 3831 1434 3905 qui
1465 3831 1552 3901 pie
1583 3849 1647 3887 ac
1673 3833 1930 3902 religiose
1951 3837 2101 3888 vixe-

520 3931 668 3977 runt.
697 3921 894 3976 Postea
931 3935 1059 3976 vero
1081 3921 1531 3978 animadvertens
1559 3941 1679 3998 qua:
1725 3939 1755 3978 a
1793 3941 1852 3981 se
1880 3935 2103 3996 praeter-

521 4014 689 4078 missa
717 4011 933 4068 fuerant
953 4013 1007 4068 in
1041 4015 1317 4069 Volumine
1340 4012 1676 4084 Regnorum,
1707 4017 1936 4071 seorsim
1984 4019 2100 4072 haec

519 4122 709 4160 rursus
739 4104 978 4160 referens
1009 4107 1282 4177 erposuit,
1317 4108 1759 4179 quandoquidem
1794 4112 1944 4180 prior
1965 4111 2101 4165 liber

517 4197 610 4268 qui
635 4198 815 4252 editus
832 4196 1028 4262 fuerat,
1048 4201 1102 4251 in
1118 4199 1300 4253 multis
1312 4198 1604 4256 defecerat.
1622 4199 1793 4270 Quem
1820 4203 2015 4256 librum
2043 4203 2098 4256 in

517 4287 719 4356 duplici
747 4289 988 4343 sectione
1011 4291 1408 4358 conscriptum,
1452 4288 1624 4344 Judaei
1659 4291 1883 4361 quidem
1928 4289 2099 4345 Verba

515 4378 757 4442 dierum,
819 4377 1062 4434 Ecclesia
1133 4389 1319 4435 autem
1378 4379 1575 4435 librum
1644 4381 2098 4451 Paralipomenon

517 4468 816 4538 inscripsit.

515 4600 919 4657 CAP.CXXXI.
944 4601 1294 4677 _-—_Qua:nam
1312 4621 1404 4674 per
1431 4607 1707 4676 proverbia
1736 4615 1785 4660 et
1806 4606 2095 4677 (enigmata

941 4673 996 4726 in
1017 4673 1320 4744 Scriptor-is
1347 4673 1490 4732 dicit:
1518 4689 1664 4735 sunt.

585 4809 806 4864 Gedeou
846 4811 914 4866 ad
957 4811 1206 4868 homines
1244 4813 1419 4869 tribus
1442 4814 1728 4886 Ephraim,
1777 4815 1870 4885 qui
1905 4816 1954 4869 ei
2005 4816 2093 4868 iu-

520 4897 657 4950 rensi
681 4908 856 4964 erant,
891 4912 1176 4970 propterea
1231 4905 1380 4973 quod
1411 4920 1517 4960 non
1544 4915 1839 4961 vocaverat
1864 4906 1986 4962 illos
2025 4907 2091 4961 ad

517 4987 720 5042 bellum
752 5000 943 5045 contra
978 4990 1324 5060 Madiauitas,
1368 4996 1493 5050 ait:
1543 4995 1734 5051 Nonne
1783 4999 1970 5052 melior
2014 5008 2092 5052 est

515 5078 817 5147 botryculus
850 5081 901 5133 in
941 5079 1218 5149 Ephraim,
1247 5098 1406 5154 quam
1428 5087 1688 5141 vindemia
1719 5090 1775 5142 in
1823 5087 2094 5145 Ebiazcr?

583 5169 757 5225 Johab
786 5171 929 5227 [ilius
973 5172 1244 5229 Gedeouis
1274 5179 1339 5229 ad
1362 5175 1650 5234 Sicemitas
1689 5181 1781 5249 qui
1814 5181 2092 5252 elegerant

508 5277 633 5316 eum
697 5264 790 5334 qui
837 5264 1155 5321 interfector
1176 5267 1355 5323 fuerat
1383 5285 1493 5325 ιιι
1556 5273 1784 5327 fratrum
1839 5289 2086 5339 suorum,

513 5357 740 5444 ut.iuter
768 5372 828 5412 se
884 5369 1160 5428 regnaret,
1211 5361 1621 5418 Ahimelechum
1682 5366 1932 5436 inquam,
1971 5369 2085 5423 ait:

512 5443 700 5500 Eundo
722 5448 892 5501 ierunt
917 5450 1061 5518 ligna
1091 5459 1146 5504 ut
1177 5464 1422 5523 ungerent
1451 5471 1605 5523 super
1621 5473 1674 5510 se
1703 5474 1894 5528 regem.
1930 5458 2090 5513 Dixe-

509 5545 634 5586 runt
667 5553 788 5606 ergo
844 5539 1013 5596 olere:
1043 5541 1221 5611 Regna
1251 5561 1409 5613 super
1430 5562 1545 5601 nos.
1577 5547 1646 5600 Et
1693 5551 1769 5602 ait
1801 5550 1909 5604 illis
1933 5551 2049 5604 olea
2069 5565 2088 5604 .'

515 5625 794 5682 Dimittens
848 5634 1217 5703 pinguedinem
1267 5655 1478 5706 meam,
1533 5657 1693 5707 quam
1753 5645 2088 5698 commendat

514 5715 653 5769 Deus
687 5729 734 5770 et
783 5723 1040 5789 homines,
1084 5744 1298 5797 pergam
1330 5732 1568 5802 ntlignis
1620 5734 1965 5803 imperitam?
2019 5736 2086 5790 Et

513 5806 762 5863 dixerunt
816 5815 1059 5869 universa
1098 5820 1241 5888 ligna
1272 5822 1556 5889 ﬁrnlnrw:
1593 5827 1882 5892 Adesdum,
1927 5843 2087 5897 regna

2207 593 2569 662 διεμαρτύρω
2585 593 2717 662 περὶ
2745 593 2891 662 ἐμοῦ
2921 595 3008 659 είς
3040 594 3156 662 τὴν
3194 597 3617 667 Ἰερουσαλὴμ,
3646 599 3798 651 οὕτω

2207 703 2280 738 σε
2299 685 2394 738 δεῖ
2417 685 2513 739 καί
2536 687 2622 750 εἰς
2651 684 2883 755 Ῥώμην
2902 687 3307 755 μαρτυρῆσαι.
3336 691 3441 742 Καὶ
3465 690 3771 760 χειμαζὸμε

2209 794 2296 840 νος
2322 779 2380 830 ὲν
2435 776 2514 846 τῷ
2554 776 2726 843 πλεῖν,
2761 777 2990 845 ἄγγελον
3012 781 3112 851 ὁρᾷ.
3133 780 3250 833 καθ’
3290 780 3490 844 ὕπνους
3516 782 3666 852 αὐτῷ
3709 783 3797 836 λέ-

2207 887 2372 938 γοντα
2396 885 2410 899 ⁸
2447 869 2599 924 Ἰδοὺ
2628 870 2982 939 κεχάρισταί
3017 887 3117 925 σοι
3141 874 3173 926 ὀ
3205 874 3350 940 Θεὸς
3389 873 3625 940 πάντας
3655 875 3795 940 wife

2225 959 2527 1026 πλέοντας
2553 963 2704 1029 μετὰ
2737 959 2879 1013 σοῦ.

2211 1071 2461 1126 ΚΕΦΑΛ.
2497 1071 2608 1127 ΡΛ.
2637 1101 2702 1112 -
2738 1072 2858 1140 Τὴν
2896 1072 3016 1126 τῶν
3056 1072 3390 1127 Edonisan
3429 1075 3650 1139 ,βίϐλον
3707 1075 3796 1140 τίς

2825 1147 3186 1212 κατέγραψε.

2286 1248 2396 1302 Τοῦ
2424 1248 2523 1319 μὲν
2571 1251 2771 1304 Σαοὺλ
2798 1253 2898 1318 τὰς
2941 1255 3172 1323 πράξεις
3233 1255 3488 1327 Σαμουὴλ
3514 1259 3542 1310 ὁ
3582 1258 3799 1328 πρθειτὴο

2210 1358 2306 1410 της
2332 1342 2815 1412 ἀναγραψάμενος,
2877 1344 3073 1416 ἔθηκεν
3124 1347 3217 1398 ἐπὶ
3247 1347 3344 1417 τῆς
3374 1347 3616 1416 Σκηνῆς.
3679 1346 3795 1400 Τοῦ

2209 1432 2264 1487 δὲ
2294 1434 2492 1498 Δαϐὶδ,
2527 1435 2622 1497 τὰς
2666 1436 2941 1508 προτέρας
2985 1438 3083 1506 μὲν
3107 1439 3134 1490 ὁ
3165 1437 3327 1500 αὐτὸς
3369 1438 3646 1508 Σαμουὴλ,
3691 1437 3796 1491 Γὰδ

2209 1525 2265 1580 δὲ
2306 1526 2400 1577 καὶ
2445 1525 2634 1580 Νάθαν
2659 1527 2709 1579 οἱ
2743 1527 3022 1598 προφῆται
3052 1529 3150 1592 τὰς
3177 1529 3318 1600 μετὰ
3341 1529 3564 1591 ταὺτας.
3599 1529 3710 1583 Τοῦ
3735 1529 3793 1582 δὲ

2210 1615 2583 1684 Σολομῶνος,
2611 1618 2710 1682 τὰς
2743 1619 2841 1689 μὲν
2866 1619 3138 1690 προτέρας
3193 1621 3420 1692 πράξεις
3461 1621 3654 1674 Ναθάν
3697 1620 3794 1674 ἀν-

2211 1709 2510 1778 εγράψατο,
2544 1711 2642 1773 ra,-
2670 1711 2727 1764 δὲ
2760 1712 3060 1781 μετέπειτα
3106 1713 3290 1782 ’Λχίας
3315 1715 3342 1766 ὁ
3370 1713 3664 1783 Σιλωνίτης
3697 1712 3796 1764 καὶ

2224 1802 2381 1871 Ἰωήλ
2409 1839 2425 1856 .
2468 1801 2579 1856 Τοῦ
2619 1802 2676 1855 δὲ
2722 1801 2971 1873 Ῥοϐοὰμ
3001 1805 3249 1876 Σαμαίας
3285 1807 3380 1862 καὶ
3444 1804 3648 1862 Ἰαδὼνο
3684 1805 3797 1859 Τοῦ

2138 1878 2178 1932 Β
2207 1893 2263 1946 δὲ
2321 1893 2483 1949 Ἀϐιᾶ
2529 1893 2718 1961 Ἀδὼν,
2752 1895 2849 1948 καὶ
2899 1895 2992 1950 τοῦ
3039 1895 3197 1952 Ἁσᾶ.
3237 1895 3349 1950 Τοῦ
3399 1895 3455 1949 δὲ
3498 1896 3798 1965 Ἰωσαφὰτ

2221 1983 2430 2055 Ἰησοῦς
2475 1987 2501 2038 ὁ
2529 1985 2624 2038 τοῦ
2652 1986 2894 2054 ι’Δνανῆ.
2927 1981 3095 2051 Οὗτος
3135 1986 3190 2040 δὲ
3225 1988 3255 2041 ὁ
3303 1986 3511 2056 Ἰησοῦς
3556 1988 3796 2052 ἑκάστας

2205 2077 2314 2130 τῶν
2342 2078 2608 2148 βασιλέων
2628 2078 2720 2132 τοῦ
2765 2079 2979 2151 Ἰσραὴλ
3002 2079 3353 2150 ἀναζητήσας
3417 2081 3669 2151 πράξεις,
3701 2079 3796 2131 ἁν-

2207 2172 2507 2242 εγράψατο.
2525 2172 2648 2225 Τῶν
2662 2171 2716 2224 δὲ
2743 2172 2870 2243 ἑξῆς
2897 2173 3272 2242 βασιλέωντοῦ
3304 2173 3495 2239 Ἰούδα,
3532 2172 3636 2226 τοῦ
3666 2171 3796 2226 Ἰω-

2199 2267 2325 2334 ρὰμ
2352 2265 2445 2318 καὶ
2473 2266 2576 2319 τοῦ
2618 2265 2903 2334 Ὀχοζίου,
2925 2267 3018 2320 καὶ
3056 2265 3216 2331 Ἰωᾶς
3243 2266 3337 2319 καὶ
3365 2266 3668 2335 Ἀμασίου,
3699 2266 3797 2332 γέ-

2207 2373 2332 2424 γονε
2370 2357 2479 2409 τῶν
2507 2357 2762 2428 πράξεων
2809 2357 3128 2428 ἀναγραφὴ,
3168 2358 3264 2410 καὶ
3286 2357 3544 2411 ἀπέκειτο
3581 2357 3636 2408 ἐν
3671 2359 3790 2419 τοῖς

2207 2448 2762 2520 βασιλείοιςηὈσίου
2814 2451 2872 2504 δὲ
2898 2451 2996 2505 καὶ
3054 2450 3324 2520 Ἰιυὰθαμ,
3351 2451 3446 2502 καὶ
3495 2449 3663 2518 Ἀχὰς
3697 2448 3800 2502 καὶ

2218 2543 2500 2611 Ἐζεκίου,
2526 2545 2587 2597 οὐ
2631 2545 2794 2616 μόνον
2840 2545 3098 2615 δημόσιος
3123 2545 3223 2608 τὰς
3274 2542 3500 2614 πράξεις
3541 2542 3798 2606 συνέλεξε

2207 2636 2411 2706 βίϐλος,
2469 2637 2605 2691 ἀλλὰ
2645 2641 2738 2692 καὶ
2795 2639 3022 2704 Ἡσαΐας
3056 2641 3085 2692 ὁ
3133 2641 3422 2710 προφήτης
3469 2638 3640 2701 αὐτὰς
3696 2639 3798 2692 ἀν-

2206 2727 2504 2798 εγράψατο.
2561 2729 2667 2782 Τοῦ
2712 2730 2769 2783 δὲ
2811 2729 3116 2798 Μανασσῆ
3160 2731 3208 2782 οἱ
3251 2730 3521 2800 ὁρῶντες,
3567 2728 3796 2792 οἵτινές

2205 2821 2344 2872 εἰσιν
2370 2821 2420 2872 oi
2453 2820 2575 2873 τότε
2609 2820 2909 2892 προφῆται,
2944 2820 3044 2884 τὰς
3072 2821 3364 2883 δυσσεϐεῖς
3405 2819 3794 2891 ἀνεγράψαντο

2206 2912 2457 2982 πράξεις,
2491 2914 2584 2966 καί
2612 2914 2672 2967 ὲν
2704 2916 2817 2977 τοῖς
2835 2913 3129 2984 βασιλείοις
3161 2913 3447 2969 ἀπέθεντο.
3497 2913 3794 2982 Ἀμασίου

2208 3001 2263 3054 δὲ
2301 3002 2395 3058 καὶ
2456 3003 2688 3057 Ἰωσίου
2714 3004 2807 3056 καὶ
2851 3004 3120 3072 ἰωακείμ
3168 3003 3487 3076 ἀναγραφαὶ
3531 3003 3795 3073 δημόσιοι

2204 3095 2528 3166 γεγένηνται
2583 3095 2690 3148 τῶν
2732 3094 3026 3166 πράξεων,
3071 3095 3168 3150 καὶ
3217 3097 3276 3150 ὲν
3325 3099 3436 3159 τοῖς
3491 3095 3794 3168 βασιλείοις

2203 3186 2402 3258 ὁμοίως
2460 3187 2817 3259 ἀνετέθησαν.
2877 3189 3170 3258 ’λεχωνίου
3221 3189 3276 3242 δὲ
3329 3190 3423 3242 καὶ
3461 3189 3742 3244 Σεδεκίου
3773 3229 3790 3256 ,

2205 3272 2389 3347 ἐφ’ὧν
2419 3280 2515 3334 καὶ
2571 3281 2601 3332 ὁ
2659 3281 2786 3344 λαὸς
2841 3283 2922 3344 εἰς
2970 3281 3351 3352 αἰχμαλωσίαν
3396 3282 3644 3352 ἀπήχθη,
3689 3283 3794 3334 καὶ

2203 3372 2233 3426 ὁ
2266 3371 2389 3435 ναὸς
2446 3371 2580 3442 ἥλω,
2621 3373 2768 3443 καὶὴ
2816 3371 3065 3445 βασιλεία
3108 3372 3730 3444 κατηνέχθη,’1ερεμίας
3763 3374 3794 3426 ὁ

2204 3465 2492 3535 προφήτης
2521 3466 2648 3527 τοὺς
2680 3466 2927 3536 οἰκτροὶ),
2956 3465 3302 3537 ἀνεγράψατο
3330 3465 3498 3535 βίους.

2287 3555 2451 3628 Ὁμοῦ
2481 3558 2539 3615 δὲ
2564 3559 2672 3613 τῶν
2706 3558 2973 3630 βασιλέων
2991 3559 3088 3621 τὰς
3118 3557 3368 3628 πράξεις,
3404 3559 3499 3614 καὶ
3531 3557 3600 3611 τὰ
3629 3559 3790 3631 τέλη,

2207 3651 2470 3720 Ἔσδρας
2525 3653 2554 3706 ὁ
2597 3652 2758 3722 σοφὸς
2809 3653 2867 3707 ὲν
2921 3654 2987 3723 τῇ
3065 3652 3311 3723 ὲπανὸδῳ
3354 3652 3642 3722 γενόμενος
3692 3653 3794 3708 τοῦ

2202 3742 2359 3809 λαοῦ,
2408 3747 2473 3815 τῇ
2525 3743 2634 3797 ἀπὸ
2679 3745 2777 3813 τῆς
2834 3744 3228 3815 αἰχμαλωσίας,
3290 3744 3795 3815 ἀπομνημονεύσας

2202 3835 2422 3889 ἅπασαν
2465 3836 2565 3908 τὴν
2605 3835 2789 3908 βίϐλον
2839 3837 2948 3889 τῶν
2976 3835 3288 3902 Βασιλειῶν,
3321 3835 3426 3893 τῶν
3451 3853 3511 3889 τε
3547 3836 3796 3900 εὐσεϐῶς

2203 3927 2518 4000 βιωσάντων
2545 3929 2644 3994 τὰς
2695 3929 2945 4006 πράξεις.
2977 3930 3134 3983 Μετὰ
3151 3930 3208 3983 δὲ
3236 3927 3407 3982 ταῦτα
3423 3929 3679 3997 ἐπιγνοὺς
3707 3929 3795 3984 τί·

2201 4037 2266 4073 να
2301 4021 2417 4074 ἐστὶ
2467 4020 2536 4074 τὰ
2587 4021 3031 4092 παραλειφθέντα
3082 4019 3231 4091 αὐτῷ
3273 4021 3331 4073 ὲν
3382 4022 3450 4090 τῇ
3488 4019 3795 4072 Βασιλειῶν

2202 4111 2393 4182 βίϐλῳ,
2438 4111 2545 4184 ἰδίᾳ
2568 4111 2742 4166 ταῦτα
2760 4112 2925 4166 πάλιν
2957 4111 3256 4180 ἀνενέγκας
3283 4110 3522 4177 ἐξέθετο,
3545 4111 3794 4178 ἐπείπερ

2198 4205 2232 4274 ἠ
2271 4203 2513 4280 προτέρα
2540 4202 2721 4276 βίϐλος
2763 4205 2796 4275 ἡ
2832 4203 3136 4268 ἐκδοθεῖσα,
3169 4203 3322 4273 παρά
3360 4200 3572 4255 πολλῶν
3606 4201 3796 4265 ἐξελέ-

2200 4295 2409 4348 λειπτο.
2447 4297 2679 4350 Ἥντινα
2708 4295 2892 4365 βίϐλον
2928 4296 2984 4348 ὲν
3007 4294 3126 4348 δυσὶ
3161 4293 3351 4364 τόμοις
3385 4293 3788 4364 ὲγγραφείσαν,

2211 4385 2450 4441 Ἰουδαῖοι
2498 4385 2618 4456 μὲν,
2667 4386 2845 4454 Λόγοι
2889 4383 3144 4453 ἡμερῶν,
3233 4383 3289 4436 δὲ
3319 4382 3617 4457 Ἐκκλησία
3658 4384 3791 4436 Πα-

2191 4478 2644 4548 ραλείπομένων
2666 4480 2894 4543 ,ϐίϐλον
2921 4476 3257 4548 ἐπέγραψεν.

2202 4615 2456 4670 ΚΕΦΔΛ.
2477 4613 2649 4671 ΡΔΑ’.
2688 4643 2749 4655 —-
2771 4615 2908 4669 Τίνα
2933 4612 3351 4682 παραϐολικῶς
3381 4612 3479 4667 καί
3506 4615 3789 4685 αἰνιγμα-

2479 4685 2679 4752 τωδῶς
2713 4687 2784 4740 ἐν
2810 4686 2939 4751 ταῖς
2961 4685 3232 4754 Γραφαῑς
3248 4686 3498 4753 ειρηται.

2282 4821 2340 4874 '0
2365 4819 2571 4878 Γεδεὼν
2606 4822 2720 4883 τοῖς
2753 4821 2862 4874 ἀπὸ
2907 4819 3150 4891 Ἐφραὶμ
3173 4818 3345 4890 φυλῆς
3375 4816 3794 4888 ἀγανακτοῦσιν

2195 4913 2368 4983 αὐτῷ,
2394 4914 2479 4965 ὅτι
2516 4913 2588 4984 μὴ
2617 4911 2884 4982 κέκληκεν
2930 4911 3132 4974 αὐτοὺς
3155 4912 3235 4973 είς
3265 4911 3354 4962 τὸν
3383 4910 3525 4962 κατά
3563 4910 3789 4964 Μαδια-

2194 5006 2354 5059 νιτῶν
2377 5005 2632 5074 πόλεμον,
2670 5005 2857 5072 φησίψ
2887 5002 3035 5071 Οὐχὶ
3065 5002 3349 5070 κρείττων
3370 5001 3792 5070 ἐπιφυλλὶςέν

2207 5097 2476 5168 Ἐφραὶμ,
2505 5097 2543 5164 ἢ
2579 5095 2867 5166 τρυγητὸς
2897 5095 2966 5148 ἐν
3001 5093 3294 5162 Ἐϐιάζερ;

2279 5189 2472 5243 Ὶωϐἁϐ
2517 5191 2545 5241 ὁ
2597 5188 2690 5245 τοῦ
2738 5187 2944 5241 Γεδεὼν
3002 5187 3117 5249 υίὸς
3175 5186 3312 5256 πρὸς
3367 5186 3493 5250 τοὺς
3544 5187 3792 5258 Σικημί-

2193 5295 2290 5341 τας
2341 5279 2636 5347 ἑλομένους
2687 5278 2778 5330 τὸν
2829 5278 2993 5348 φονέα
3063 5277 3356 5347 γενόμενον
3382 5277 3491 5330 τῶν
3538 5284 3577 5330 ο’
3608 5280 3788 5333 αὑτοῦ

2197 5369 2444 5439 ἀδελφῶν
2512 5369 2818 5439 βασιλεύειν
2867 5369 3070 5436 αὐτῶν,
3099 5369 3190 5423 τὸν
3245 5368 3560 5441 ’Λϐιμέλεχ,
3619 5372 3782 5440 φησί’

2193 5466 2575 5531 Πορευόμενα
2628 5462 2926 5530 ἐπορεύθη
2969 5461 3043 5515 τὰ
3087 5463 3246 5526 ξύλα
3307 5461 3414 5516 τοῦ
3437 5463 3643 5531 χρῖσαι
3681 5464 3785 5533 ἐφ’

2190 5556 2375 5609 ἑαυτὰ
2393 5555 2680 5619 βασιλέα.
2725 5555 2834 5607 Καὶ
2856 5555 2987 5609 εἷπε
3017 5555 3088 5623 τῇ
3113 5556 3290 5622 ἐλαίᾳ
3321 5569 3336 5584 ⁸
3379 5554 3784 5614 Βασίλευσον

2190 5649 2282 5717 ἐφ’
2300 5647 2476 5716 ἡμᾶς.
2516 5647 2626 5701 Καὶ
2647 5644 2812 5702 εἶπεν
2834 5649 3042 5714 αὐτοῖς
3063 5650 3100 5718 ἠ
3136 5649 3339 5702 ἐλαία·
3385 5650 3635 5719 Ἀεςεῖση
3659 5651 3786 5718 τὴν

2192 5739 2442 5807 πιότητά
2483 5756 2623 5807 μου,
2661 5739 2741 5807 ἣν
2791 5740 3089 5804 ἐδόξασεν
3137 5743 3170 5794 ὁ
3233 5742 3377 5807 Θεὸς
3413 5742 3513 5795 καὶ
3568 5745 3623 5797 oi
3665 5743 3783 5796 ἆν-

2191 5835 2430 5900 Ορωποι,
2464 5831 2735 5900 πορευθῶ
2759 5833 2966 5904 ᾶρχειν
3004 5833 3124 5888 τῶν
3159 5836 3402 5900 enim;
3447 5837 3553 5890 Καὶ
3600 5835 3790 5895 εἷπον
