4044 6430
595 376 694 437 139

2105 365 2409 428 JOSEPPI

3724 361 3812 427 uo

592 488 766 536 titiam
802 480 1118 536 testamenti
1156 481 1303 543 novi,
1326 488 1378 533 et
1404 479 1522 548 ejus
1541 477 1686 547 quod
1713 492 1880 546 penes
1912 475 2169 531 Ilebrznos

2285 474 2526 544 Ἡρώδου
2554 471 2818 542 πονηρίαν
2853 469 3255 541 ὑποϐαλλούση.
3309 470 3397 532 ’ος
3419 471 3480 522 οὐ
3519 471 3576 523 τὸ
3602 473 3815 546 εἰσερχό.
3849 538 3859 546 _

593 587 707 629 mat
746 576 814 630 ⁸³.
855 575 944 628 10.
983 573 1128 627 Usus
1157 581 1241 626 est
1279 571 1636 627 similitudine
1665 571 1844 638 vulpis
1876 568 2166 624 indicantis

590 669 853 721 malitiam
879 666 1104 720 Herodis
1125 666 1190 719 ⁸⁸.
1223 664 1311 718 11.
1346 663 1557 728 Docuit,
1593 679 1700 717 non
1732 663 1783 716 id
1814 664 1958 732 quod
1999 662 2169 732 ingrej

591 759 760 819 ditur,
794 757 887 811 sed
928 755 1073 826 quod
1109 756 1390 824 egreditur
1441 754 1804 822 coinquinare
1847 752 2166 807 hominem:

588 848 696 906 hue
755 855 877 909 est,
921 845 1281 914 cogitationes
1328 860 1394 900 ac
1456 844 1763 898 locutiones
1823 843 2050 898 vitiosas
2099 843 2167 898 “.

591 941 680 996 1'2.
707 940 793 994 Est
825 951 875 993 et
905 929 1309 992 Pharisaeorum
1347 935 1766 998 lermcutun'i,id
1793 944 1895 998 est,
1939 935 2166 998 malitia,

589 1048 710 1100 quae
748 1042 797 1084 et
823 1031 959 1083 alios
986 1031 1158 1083 malos
1185 1028 1432 1085 edicit“.
1470 1028 1555 1082 l5.
1578 1026 1831 1082 Ostensio
1855 1042 2170 1096 puerorum,

591 1121 661 1176 ad
727 1120 1036 1175 innuendus
1101 1118 1381 1188 simplices
1440 1116 1826 1172 salvandorum
1878 1130 2058 1169 mores
2103 1115 2169 1168 ".

594 1214 686 1268 Μ.
713 1209 1004 1281 Inquisitio
1021 1210 1138 1264 ovis
1161 1208 1321 1262 unius
1338 1208 1584 1280 perditae,
1601 1223 1721 1276 qua:
1752 1206 1930 1259 innuit
1950 1205 2172 1260 humani

589 1304 805 1374 generis
862 1303 1092 1358 salutem
1127 1301 1192 1354 ⁸⁸.
1248 1299 1625 1355 l5.Parabola
1676 1299 1742 1353 de
1778 1315 1844 1352 eo
1892 1299 1984 1366 qui
2042 1312 2171 1351 con-

588 1405 811 1451 secutus
863 1404 945 1448 est
974 1393 1183 1447 veniam
1233 1391 1529 1446 multorum
1557 1399 1906 1460 peccatorum
1950 1403 2018 1442 au
2043 1389 2172 1442 hero

590 1502 716 1552 suo,
756 1495 812 1540 at
841 1485 956 1556 ipse
982 1485 1260 1539 C(msCl'ViS
1295 1481 1409 1538 suis
1435 1497 1544 1536 non
1589 1480 1800 1535 remi-sit
1839 1494 2002 1549 parva
2049 1492 2174 1547 quae

581 1580 646 1633 .in
672 1595 730 1634 se
756 1577 1159 1632 commiserunt
1183 1583 1404 1644 peccata
1435 1574 1502 1626 ⁸³.
1547 1572 1639 1627 16.
1680 1572 1860 1626 Altera
1895 1570 1961 1624 de
2001 1568 2173 1623 servis

586 1669 784 1723 missis
812 1669 877 1720 a-l
923 1667 1222 1735 exigendos
1279 1663 1495 1719 fructus
1544 1668 1714 1718 vineae
1740 1673 1795 1717 et
1841 1660 2172 1716 contumelia

591 1763 800 1818 allectis
835 1770 995 1828 atque
1034 1760 1265 1822 ecetsis;
1301 1767 1356 1812 et
1385 1757 1453 1812 de
1479 1757 1591 1811 lilio
1612 1771 1709 1826 pro
1737 1755 1927 1809 eadem
1989 1768 2048 1808 re
2080 1767 2170 1806 ve-

2281 581 2465 635 μενον,
2499 563 2634 616 ἀλλά
2667 561 2728 615 τὺ
2751 561 3111 632 ἐξερχόμενον
3164 560 3382 630 μολύνει
3408 562 3503 613 τὸν
3542 562 3818 634 ἄνθρωπον,

2277 656 2499 722 ὅέστιν,
2543 655 2600 707 αἱ
2633 654 2731 722 τῆς
2771 653 2967 715 κακίας
3013 652 3213 706 ἔννοιαι
3270 653 3365 706 καὶ
3417 653 3585 721 λόγοι.
3629 655 3687 708 Ἦ
3730 660 3816 713 τῶι

2276 747 2592 818 Φαρισαίων
2625 746 2797 816 ζύμη,
2839 744 3120 798 τουτέστιν
3159 747 3191 814 ἡ
3231 746 3552 817 πονηρία,ή
3601 748 3821 816 καὶτοὺς

2278 837 2470 901 ἄλλους
2498 837 2820 901 κακίζουσα.
2851 837 2918 890 'H
2946 836 3057 889 τῶν
3085 837 3316 891 παιδίων
3349 837 3680 906 παράδειεις,
3707 844 3822 910 πρὸς

2276 931 2338 984 τὸ
2359 931 2562 984 ἁπλοῦν
2594 929 2702 982 τῶν
2750 929 3076 998 σωζομένων
3102 929 3324 998 τρόπον.
3358 930 3435 1010 ςΗ
3468 929 3561 982 τοῦ
3582 931 3824 986 ἀπολωλὸη

2277 1040 2368 1086 τος
2391 1023 2508 1084 ἑνὸς
2537 1022 2818 1093 προϐάτου
2847 1023 3100 1092 ζήτησις,
3131 1021 3231 1091 τὴν
3252 1021 3347 1075 τοῦ
3371 1021 3561 1090 γένους
3610 1023 3710 1076 τῶν
3748 1027 3823 1078 ἀνα

2279 1113 2516 1185 θρῶπων
2540 1112 2903 1166 ὑποδεικνύσα
2934 1112 3228 1183 σωτηρίαν.
3249 1113 3314 1165 Ἡ
3347 1111 3442 1167 τοῦ
3454 1112 3695 1182 τυχόντος
3715 1117 3823 1168 πολ-

2279 1206 2387 1259 λῶν
2418 1205 2814 1276 πλημμελειῶν
2851 1205 3006 1274 παρά
3042 1204 3137 1257 τοῦ
3191 1205 3452 1258 δεσπότου
3492 1204 3589 1274 τὴν
3636 1205 3822 1274 ἄφεσιν.

2279 1295 2443 1350 αὑτοῦ
2469 1297 2524 1349 δὲ
2553 1299 2627 1366 μὴ
2659 1296 2912 1365 ἀφιέντος
2939 1299 3053 1360 τοῖς
3089 1296 3396 1359 συνδούλοις
3424 1297 3525 1358 τάς
3565 1297 3642 1360 εἰς
3687 1299 3824 1350 αὑτὸν

2285 1389 2488 1460 μικρὰς
2511 1389 2809 1459 ἁμαρτίας.
2837 1387 3051 1441 Δούλων
3069 1387 3488 1442 ἀποσταλέντων
3513 1388 3605 1440 έπὶ
3626 1391 3686 1459 τῇ
3733 1388 3826 1442 τῶν

2281 1480 2515 1552 καρπῶν
2547 1480 2707 1550 λήψει
2730 1480 2824 1534 τοῦ
2855 1480 3204 1550 ἀμπελῶνος,
3230 1482 3323 1533 καὶ
3368 1479 3724 1550 ὑϐρισθέντων
3750 1483 3828 1535 καὶ

2282 1571 2674 1640 φονευθέντων,
2711 1571 2806 1623 καὶ⁹
2845 1570 2938 1623 τοῦ
2967 1569 3083 1624 υίοῦ
3136 1571 3216 1633 είς
3253 1570 3414 1624 τοῦτο
3445 1571 3705 1637 ἐλθόντος,
3749 1574 3830 1625 καὶ

2280 1665 2349 1718 τά
2380 1665 2470 1718 ἴσα
2494 1663 2648 1735 παρά
2679 1663 2788 1716 τῶν
2814 1663 3147 1733 ἀγνωμόνων
3182 1662 3296 1724 τοῖς
3323 1661 3534 1725 δούλοις
3589 1664 3828 1717 πεπονθόο

2286 1775 2399 1821 τος.
2440 1757 2504 1809 Ἢ
2535 1757 2644 1811 τῶν
2673 1755 2781 1810 ἀπὺ
2810 1753 3032 1826 πρώτης
3063 1755 3210 1823 ὥρας
3233 1756 3362 1820 ,καὶ
3394 1755 3606 1825 τρίτης,
3637 1756 3724 1808 καὶ
3755 1757 3831 1808 έκ-

591 1856 783 1917 uien‘ti,
799 1861 852 1908 et
879 1868 994 1922 part
1020 1853 1181 1906 modo
1199 1861 1362 1918 atque
1385 1849 1529 1903 servi
1549 1849 1616 1902 ab
1650 1844 2167 1918 ingratisaﬂecto".

2280 1867 2375 1921 της
2400 1849 2494 1904 καὶ⁵
2545 1850 2799 1920 ὲννάτης,
2830 1851 2926 1902 καὶ
2960 1847 3096 1919 πρὸς
3155 1849 3395 1918 ἑσπέραν
3432 1849 3515 1910 είς
3554 1847 3649 1918 τὴν
3681 1849 3827 1918 ἐργα-

592 1945 683 1998 17.
729 1944 991 1997 Parabula
1046 1957 1234 1997 eorum
1289 1939 1383 2008 qui
1427 1940 1678 1993 mercede
1723 1936 1980 1992 conducti
2020 1933 2172 1989 missi

588 2046 718 2091 sunt
744 2035 810 2090 ad
868 2033 1227 2088 laborandum
1268 2031 1320 2085 iu
1374 2030 1556 2097 vinea,
1591 2031 1721 2084 hora
1750 2028 1947 2098 prima,
1985 2038 2038 2081 et
2067 2036 2175 2081 ter-

589 2128 683 2193 tia,
711 2133 767 2181 et
796 2136 970 2189 seXta,
1005 2133 1056 2177 et
1086 2137 1230 2176 nona
1261 2132 1316 2175 et
1356 2121 1458 2175 sub
1495 2135 1777 2192 vesperam
1811 2120 1877 2170 “.
1919 2120 2002 2172 l8.
2039 2116 2172 2172 Item

588 2218 814 2289 rejectio
837 2231 1027 2271 eorum
1071 2216 1162 2284 qui
1219 2214 1288 2267 ad
1333 2213 1557 2282 nuptias
1609 2211 1789 2267 vocati
1815 2210 2052 2278 ,l‘ucrant
2075 2225 2175 2264 nec

586 2315 975 2374 occurrerunt;
1025 2308 1350 2374 vucatioquc
1405 2319 1596 2360 eorum
1639 2304 1734 2374 qui
1790 2303 2031 2358 vicissim
2092 2304 2176 2355 iu-

587 2403 736 2475 ducti
766 2399 1074 2456 fueruntde
1094 2398 1333 2451 exitibus
1356 2405 1410 2452 et
1439 2397 1616 2450 triviis
1648 2396 1716 2448 ".
1748 2395 1838 2452 19.
1869 2393 2173 2464 Repudium

586 2495 708 2564 ejus
725 2493 815 2563 qui
833 2493 1018 2545 minus
1047 2490 1241 2543 decore
1263 2487 1334 2542 ad
1359 2487 1576 2558 nuptias
1604 2485 1911 2542 venerat".
1950 2485 2038 2539 20.
2077 2485 2174 2540 De-

588 2600 707 2640 cem
767 2583 1038 2651 virginum
1086 2591 1402 2651 paratarum
1434 2590 1488 2633 et
1543 2579 1936 2645 imparatarum
1977 2578 2170 2633 obvia-

590 2678 667 2731 tiu
692 2677 760 2730 τδ.
794 2676 886 2729 2|.
921 2675 1189 2729 Accessus
1225 2673 1618 2741 negotiantium
1653 2685 2091 2736 (economorum,
2123 2679 2178 2725 et

586 2768 918 2824 lucrantium
957 2783 1019 2820 ex
1046 2767 1243 2835 opibus
1280 2765 1421 2826 heri,
1457 2773 1622 2834 atque
1658 2764 1865 2818 idcirco
1897 2777 2179 2818 commen-

589 2861 844 2915 daturum
891 2877 905 2912 :
943 2858 1102 2912 otiosi
1133 2859 1260 2912 item
1311 2867 1366 2910 et
1419 2856 1747 2911 infructuosi
1781 2855 2076 2926 ignominia
2108 2854 2175 2908 ⁷⁵.

587 2953 680 3005 2'2.
711 2950 1015 3006 Collocatio
1049 2950 1232 3003 ovium
1262 2947 1329 3003 ad
1353 2948 1635 3003 dexteram
1668 2955 1722 3002 et
1759 2948 1828 3003 ad
1859 2947 2176 3013 sinistram;

590 3045 810 3098 itarem
869 3042 1092 3113 quidem
1146 3040 1409 3113 gloriosa,
1465 3041 1658 3096 harum
1701 3055 1832 3095 vero
1888 3049 2177 3094 contume-

588 3136 729 3190 liosa
760 3135 834 3188 ⁷⁸.
875 3136 968 3190 2'5.
1012 3134 1269 3189 Ustensio
1313 3132 1434 3203 ejus
1483 3133 1575 3202 qui
1602 3131 1795 3188 incidit
1825 3132 1878 3185 in
1915 3131 2176 3195 latrones,

595 3236 650 3282 et
709 3242 739 3280 a
810 3223 1159 3280 Samaritano
1203 3224 1640 3280 misericordiam
1691 3232 1775 3278 est
1824 3232 2174 3289 consecutus,

589 3334 690 3374 nec
726 3328 906 3374 tamen
961 3328 1289 3372 consecutus
1356 3315 1538 3372 fuerat
1581 3332 1611 3372 a
1643 3314 1924 3371 Pharisaeo
1964 3317 2046 3371 vel
2076 3315 2174 3370 Le-

582 3411 698 3466 .vita
749 3411 833 3465 "".
897 3409 988 3463 24.
1022 3408 1290 3463 Parabola
1331 3409 1451 3478 ejus
1512 3407 1606 3478 qui
1666 3407 1721 3461 in
1777 3414 1938 3463 nocte
1977 3422 2174 3477 panem

587 3505 850 3574 petebat,
905 3510 959 3557 et
1039 3511 1259 3571 propter
1335 3501 1708 3570 importunam
1786 3499 2172 3554 assiduitatem

588 3595 798 3665 accepit
843 3594 911 3646 ’⁸.
955 3592 1110 3648 25.17
1116 3593 1350 3656 iculnea,
1383 3606 1505 3661 qua!
1542 3605 1764 3662 prepter
1808 3591 2173 3646 infecundita-

586 3696 696 3740 tem
727 3703 837 3740 non
864 3684 968 3738 fuit
999 3685 1205 3748 excisa,
1234 3684 1328 3738 sed
1367 3683 1557 3738 relicta
1601 3685 1702 3737 sub
1753 3683 2166 3753 pollicitatione,

592 3788 651 3831 ut
687 3776 925 3831 lrnctmn
957 3777 1121 3831 faciat
1154 3777 1226 3828 '9.
1271 3774 1361 3828 26.
1399 3773 1575 3828 Judex
1623 3774 1961 3845 irreligiosus
1994 3784 2048 3828 et
2087 3774 2171 3828 in-

593 3870 961 3934 verecundus,
983 3870 1076 3939 qui
1113 3869 1306 3925 Saltem
1337 3867 1531 3933 audiit,
1575 3878 1863 3938 prepterea
1896 3868 2042 3936 quod
2091 3867 2172 3919 vi-

590 3966 699 4019 dua
729 3964 872 4035 apud
892 3963 1046 4018 illuni
1080 3964 1391 4032 importune
1435 3961 1668 4015 instabat
1699 3960 1768 4015 ⁸ο.
1807 3959 1899 4015 27.
1930 3959 2039 4016 Viri
2075 3975 2174 4015 no-

591 4056 719 4110 bilis
769 4055 845 4110 ad
888 4055 1273 4124 accipiendum
1302 4069 1529 4123 regnum
1577 4069 1802 4123 peregre
1828 4053 1969 4107 facta
1991 4054 2176 4123 prole-

590 4148 721 4214 ctio,
755 4156 809 4201 et
841 4148 1116 4202 excidium
1141 4161 1356 4210 eurum,
1385 4144 1479 4213 qui
1520 4143 1669 4197 illum
1702 4143 2060 4213 repudiarunt
2121 4145 2174 4197 in

2278 1942 2398 1996 σίαν
2430 1941 2525 1996 τοῦ
2546 1941 2866 2011 ἀμπελῶνος
2887 1939 3178 2010 έπίμισθον
3205 1939 3614 2009 κομισαμένων.
3658 1939 3715 1992 Ἦ
3741 1938 3830 1992 τῶν

2276 2035 2356 2097 είς
2381 2035 2506 2096 τοὺς
2547 2032 2758 2102 γάμους
2793 2029 3132 2100 κληθέντων,
3165 2029 3260 2081 καὶ
3304 2027 3378 2098 μὴ
3427 2028 3833 2095 ἀπαντησάντων

2275 2123 2544 2194 ἀποϐολὴ,
2572 2124 2667 2177 καὶ
2717 2123 2826 2176 τῶν
2852 2122 3318 2192 ἀντεισαχθέντων
3358 2125 3421 2174 ἐκ
3454 2121 3702 2186 διεξόδων
3751 2121 3833 2174 καὶ

2275 2214 2502 2285 τριόδων
2526 2213 2742 2286 κλῆσις.
2780 2213 2843 2266 Ἡ
2866 2213 2959 2266 τοῦ
2990 2213 3066 2284 μὴ
3103 2215 3424 2283 πρεπόντως
3449 2212 3835 2282 ἀπαντήσαντος

2278 2306 2360 2368 είς
2380 2306 2507 2369 τοὺς
2530 2305 2742 2376 γάμους
2793 2303 3012 2375 ἐκϐολή.
3087 2303 3151 2357 Ἦ
3214 2305 3325 2358 τῶν
3391 2305 3525 2358 δέκα
3575 2303 3835 2376 παρθένων

2277 2399 2494 2470 ἕτοιμος
2523 2401 2623 2459 καὶ
2660 2401 2949 2471 ἀνετοιμος
3004 2398 3332 2470 ἀπάντησις.
3397 2399 3462 2454 Ἦ
3492 2399 3602 2453 τῶν
3623 2397 3835 2468 ἐνεργῶν

2277 2493 2598 2563 οἰκονόμων,
2651 2492 2748 2546 καὶ
2798 2491 3150 2562 πορισάντων
3199 2493 3279 2555 είς
3319 2491 3390 2545 τὰ
3445 2491 3546 2544 τοῦ
3600 2491 3834 2544 δεσπότου

2279 2586 2565 2656 χρήματα,
2591 2583 3041 2654 ἀπάντησις,’καὶ
3064 2583 3155 2638 διά
3189 2583 3283 2639 τοῦ
3296 2600 3349 2636 το
3379 2583 3728 2654 τιμωμένων,
3756 2583 3837 2638 καὶ

2279 2680 2313 2747 ὴ
2345 2675 2438 2730 τοῦ
2469 2675 2643 2746 ἀργοῦ
2677 2677 2774 2730 καὶ
2813 2675 3113 2747 ἀπορίστου
3167 2676 3385 2746 ἀτιμία.
3432 2675 3499 2729 Ἡ
3527 2675 3637 2728 τῶν
3666 2676 3727 2728 ἐκ
3761 2674 3837 2727 δε-

2281 2768 2411 2835 ξιῶν
2445 2768 2735 2840 προϐάτων
2784 2768 2878 2822 καὶ
2909 2767 3019 2822 τῶν
3047 2767 3109 2833 ἐξ
3135 2769 3458 2840 εὐωνύμων,
3490 2767 3605 2821 τῶν
3644 2769 3736 2838 μὲν
3766 2767 3838 2820 έν-

2279 2865 2449 2930 δοξος,
2489 2864 2600 2917 τῶν
2627 2864 2685 2917 δὲ
2717 2865 2805 2917 ἐπ’
2834 2862 3024 2935 ἀδοξίᾳ
3051 2863 3422 2934 παράστασις.
3465 2863 3536 2916 Ἦ
3566 2863 3658 2916 τοῦ
3686 2865 3840 2933 ἐμπε-

2282 2957 2465 3019 σόντος
2490 2957 2570 3015 είς
2599 2957 2727 3019 τοὺς
2765 2956 2988 3029 λῃστάς,
3033 2957 3127 3009 καὶ
3155 2951 3260 3009 ὕπὸ
3308 2955 3654 3026 Σαμαρείτου
3707 2954 3841 3020 ἐλεη-

2281 3049 2489 3115 θέντος,
2525 3049 2601 3119 μὴ
2635 3048 2956 3117 ἐλεηθέντος
2985 3047 3043 3102 δὲ
3093 3048 3198 3103 ὑπὸ
3235 3048 3534 3120 Φαρισαίου
3567 3051 3658 3102 καὶ
3705 3045 3844 3100 Λευῖ-

2279 3158 2398 3207 του,
2427 3139 2723 3206 ὑπόδειξις.
2761 3139 2825 3193 Ἦ
2853 3139 2950 3193 τοῦ
2973 3141 3031 3193 ἐν
3055 3141 3215 3193 νυκτὶ
3238 3139 3330 3192 τὸν
3381 3139 3548 3209 ἄρτον
3591 3137 3843 3198 αἰτοῦντος

2206 3197 2248 3256 C
2279 3197 2497 3302 much;
2527 3197 2846 3300 παρανόμου
2896 3229 3332 3302 ἐκλιπαρησεως,
3353 3197 3538 3300 λῆξιις.
3564 3230 3628 3282 Ἦ
3648 3227 3844 3297 συκῆ,ή

2281 3322 2374 3376 διά
2402 3320 2683 3391 ἀκαρπίαν
2714 3321 2789 3391 μὴ
2809 3319 3167 3391 ὲκτμηθεῖσα,
3195 3321 3295 3373 ἀλλ
3311 3322 3323 3342 ’
3343 3320 3429 3375 ἵνα
3452 3320 3666 3388 καρπὸν
3685 3321 3845 3388 ἀγάγῃ

2279 3416 2372 3468 ἐπὶ
2404 3413 2700 3483 ὑποσχέσει
2755 3413 3010 3482 μείνασα.
3055 3412 3114 3464 '0
3143 3414 3340 3484 κριτὴς
3374 3414 3402 3464 ό
3437 3412 3738 3484 ἀνευλαϐὴς
3766 3411 3849 3464 καὶ

2273 3505 2522 3576 ἀναιδὴς,
2545 3503 2634 3557 διά
2655 3503 2787 3574 γοῦν
2831 3503 2892 3556 τὸ
2943 3503 3245 3574 ὀχλεῖσθαι,
3299 3505 3398 3574 τῆς
3446 3503 3849 3575 προσοχλούσης

2273 3599 2443 3668 χήρας
2475 3595 2737 3657 ἀκούσας.
2779 3594 2842 3650 Ἦ
2887 3596 2984 3648 τοῦ
3015 3595 3274 3663 εὐγενοῦς
3318 3597 3412 3650 έπὶ
3468 3596 3741 3667 βασιλείας
3767 3595 3849 3662 λή·

2273 3692 2365 3758 ψει
2391 3691 2471 3752 είς
2503 3688 2719 3759 μακράν
2745 3687 3058 3758 ἀποδημίαν
3076 3686 3428 3760 [ἀποδημίᾳ],
3465 3690 3561 3741 καὶ
3586 3689 3693 3742 τῶν
3723 3701 3851 3753 παρ-

2279 3779 2617 3850 αιτουμένων
2649 3778 2814 3833 αὑτὸν
2842 3782 2900 3833 έν
2936 3783 3005 3851 τῇ
3053 3780 3152 3849 τῆς
3184 3779 3462 3850 βασιλείας
3495 3780 3678 3851 λήψει,
3712 3779 3849 3832 ἀναί-

2282 3887 2453 3942 ρεσις.
2493 3869 2551 3922 '0
2581 3869 2810 3940 ποιμὴν,
2837 3871 2866 3922 ὁ
2916 3869 3006 3923 διὰ
3056 3869 3157 3939 τῆς
3216 3868 3386 3940 θύρας
3415 3869 3605 3923 εἰσιὼν
3636 3872 3713 3932 εἰς
3759 3869 3848 3936 τὴν

2284 3963 2549 4034 μάνδραν,
2575 3962 2672 4016 καὶ
2694 3963 2762 4016 τά
2792 3961 3039 4032 πρόϐατα
3087 3961 3207 4014 κατ’
3241 3961 3414 4033 ὄνομα
3459 3961 3665 4023 καλῶν,
3698 3960 3787 4013 καὶ
3829 3959 3853 4009 ό

2287 4056 2362 4127 μὴ
2388 4056 2475 4109 διὰ
2502 4055 2604 4123 τῆς
2630 4053 2823 4126 θύρας,
2847 4055 2985 4108 ἀλλά
3009 4053 3328 4124 ἀλλαχόθεν,
3361 4053 3603 4124 κλέπτης
3625 4052 3720 4114 ῶν,
3744 4054 3845 4104 ἐπι-

2284 4145 2505 4200 ϐαίνων.

590 4244 937 4312 susceptione
987 4243 1136 4312 regni
1187 4243 1254 4295 ει.
1298 4241 1390 4296 28.
1432 4238 1676 4307 Pastor,
1719 4240 1811 4310 qui
1859 4257 1954 4310 per
2011 4242 2215 4297 ostium
2282 4242 2585 4314 ingreditur
2616 4245 2668 4298 in
2719 4243 2968 4308 caulam,
3020 4258 3259 4312 ovesque
3309 4245 3633 4298 nominatim
3695 4247 3855 4294 vocali

591 4347 645 4392 ct
673 4336 740 4404 is,
779 4337 866 4390 cui
899 4350 1025 4390 cum
1059 4335 1203 4390 latro
1239 4334 1331 4402 sit,
1364 4334 1586 4389 aliunde
1614 4334 1918 4404 ingreditur
1948 4343 2004 4389 et
2055 4351 2164 4390 non
2236 4352 2331 4406 per
2363 4345 2577 4407 portam
2603 4337 2668 4390 θ’.

591 4446 745 4502 CAP.
779 4446 1062 4502 CXXXIII.
1089 4479 1136 4486 —
1189 4446 1426 4512 Quorum
1474 4457 1815 4501 externorum
1850 4448 2174 4501 testimonio-

2289 4448 2541 4502 ΚΕΦΑΛ.
2582 4448 2753 4503 ΡΛΓ’.
2786 4476 2856 4489 -·
2897 4450 3082 4507 Τίνων
3112 4447 3232 4503 τῶν
3266 4451 3490 4514 ἔξωθεν
3533 4445 3863 4517 μαρτυριίῖν

774 4535 891 4570 rum
944 4520 1144 4571 l’aulus
1195 4516 1465 4586 apostolus
1507 4518 1821 4570 mentionem
1851 4517 2000 4585 facit.

671 4630 910 4685 Causam
943 4628 1134 4685 dicens
1181 4631 1409 4684 Athenis
1448 4645 1546 4700 pro
1596 4629 1936 4684 defendenda
1990 4630 2182 4698 prandi-

595 4724 808 4777 uatione
840 4723 1009 4788 verbi,
1048 4724 1124 4777 ait
1157 4742 1168 4776 :
1208 4722 1273 4777 Ut
1295 4736 1343 4780 et
1373 4725 1593 4792 quidam
1623 4735 1790 4792 poctw
1837 4726 1994 4776 uestri
2033 4724 2182 4776 dixe-

599 4826 720 4868 runt
767 4833 783 4869 :
822 4813 980 4869 Illius
1025 4832 1067 4869 ei
1101 4833 1260 4886 genus
1309 4817 1409 4883 ipsi
1455 4832 1662 4869 sumus.
1698 4817 1878 4884 Atque
1932 4816 2182 4870 scribens

598 4907 723 4961 'I‘ito
773 4911 954 4979 agenti
993 4911 1044 4963 in
1093 4911 1273 4976 Creta,
1313 4909 1392 4963 ait
1424 4926 1436 4962 :
1467 4907 1620 4961 Dixit
1657 4907 1876 4979 quidam
1921 4924 1986 4961 ea:
2030 4909 2180 4976 ipsis,

597 5001 908 5067 aptissimus
939 5001 1049 5054 illis
1089 5001 1340 5070 prop/tela
1373 5017 1392 5056 :
1425 5001 1700 5054 Cretenses
1733 5015 1934 5070 semper
1964 5001 2186 5053 utenda-

598 5111 701 5157 ces,
741 5094 894 5148 ιιιαιιιι
944 5096 1107 5164 ferre,
1162 5105 1366 5152 reutres
1401 5094 1616 5147 inertes.
1670 5092 1934 5147 Dominus
1967 5107 2188 5163 quoque

603 5203 733 5242 usus
766 5199 849 5244 est
899 5189 1262 5245 similitudine
1291 5188 1536 5244 exterius
1579 5187 1871 5252 accersita,
1898 5187 2092 5242 dicens
2120 5186 2188 5241 ad

603 5275 917 5334 Nazat'cnus
959 5295 972 5332 :
1010 5276 1239 5331 Omnino
1271 5277 1458 5330 dicetis
1498 5276 1627 5331 milii
1675 5276 1811 5329 lianc
1864 5276 2186 5331 similitudi-

669 5434 716 5465 “
757 5433 946 5487 Matth.
985 5449 1103 5486 xui.
1182 5434 1227 5465 ⁵⁵
1257 5433 1448 5486 Matth.
1477 5449 1510 5482 ν
1539 5442 1591 5486 et
1620 5433 1752 5488 Luc.
1792 5449 1908 5488 xui.
1989 5434 2034 5464 θ’
2063 5431 2253 5488 Matth.
2278 5449 2367 5488 xv.
2445 5435 2489 5465 ‘6
2522 5435 2656 5489 Ibid.
2735 5435 2778 5466 ⁸⁷
2808 5435 2971 5488 Matth
3014 5453 3165 5491 svnt.
3243 5437 3286 5468 ⁵⁸
3306 5436 3543 5491 Luc.xv.

862 5505 1120 5558 7oMatth.
1147 5520 1258 5556 xxi.
1336 5504 1378 5536 τι
1407 5502 1595 5556 Matth.
1631 5521 1710 5556 xx,
1800 5506 1846 5535 ⁷³
1875 5503 2066 5558 Matth.
2110 5519 2242 5559 xxii.

603 5520 758 5558 XVIII.

2433 4521 2465 4572 ό
2495 4519 2844 4585 ἀπόστολος
2878 4520 3120 4585 Παῦλος
3161 4523 3414 4590 μνήμην
3457 4521 3732 4573 ποιεῖται.

2369 4631 2837 4703 Ἀπολογούμενος
2867 4635 2927 4688 έν
2963 4633 3219 4704 Ἀθήναις
3250 4634 3382 4706 περὶ
3430 4634 3526 4686 τοῦ
3577 4632 3865 4703 κηρύγμα-

2285 4743 2376 4790 τος
2410 4727 2503 4780 τοῦ
2539 4727 2722 4796 λόγου,
2755 4727 2923 4799 φησιν
2948 4745 2962 4760 ο
3011 4729 3066 4786 Ὦ
3090 4730 3192 4783 καί
3219 4747 3379 4795 τινες
3411 4729 3531 4783 τῶν
3558 4729 3690 4783 καθ’
3723 4726 3870 4796 ὑμᾶς

2285 4818 2550 4885 ποιητῶν
2566 4821 2844 4889 εἰρήκασι
2877 4819 3023 4892 (60)·
3061 4821 3172 4876 Τοῦ
3191 4822 3300 4891 γὰρ
3332 4822 3430 4876 καί
3460 4823 3640 4890 γένος
3665 4818 3866 4890 ἐσμέν.

2295 4911 2403 4962 Καὶ
2451 4911 2596 4981 Τίτῳ
2649 4913 2880 4983 γράφων
2913 4916 2971 4966 ἐν
3007 4916 3074 4984 τῇ
3119 4915 3311 4984 Κρήτῃ
3359 4913 3636 4983 διάγοντι,
3673 4913 3829 4983 φησίν
3853 4925 3867 4939 °

2297 4999 2446 5056 Εἷπέ
2476 5018 2570 5066 τις
2598 5001 2668 5065 ἐξ
2696 5002 2916 5066 αὐτῶν,
2946 5002 3097 5068 ἴδιος
3123 5002 3324 5057 αὐτῶν
3345 5004 3663 5072 προφήτης
3685 5017 3700 5031 ’
3724 4999 3870 5069 Κρῆ-

2295 5110 2394 5159 τες
2415 5093 2505 5146 ἀεὶ
2530 5093 2814 5159 ψεῦσται,
2840 5097 2994 5148 κακὰ
3015 5095 3212 5163 θηρία,
3241 5096 3527 5165 γαστέρες
3551 5096 3729 5164 ἀργαί
3745 5091 3869 5165 (GI).

2297 5184 2460 5239 Καὶὸ
2493 5184 2697 5255 Κύριος
2743 5185 2801 5238 δὲ
2851 5187 3130 5256 ἐχρήσατο
3174 5186 3464 5258 παραϐολῇ
3517 5189 3582 5257 τῇ
3637 5184 3865 5250 ἔξωθεν,

2296 5276 2466 5330 εἰπὼν
2500 5278 2636 5350 πρὸς
2667 5279 2792 5342 τοὺς
2828 5281 2884 5332 ἐν
2913 5279 3166 5350 Ναζαρέθ
3197 5297 3211 5312 ο
3255 5279 3502 5348 Πάντως
3547 5278 3739 5349 ἐρεῖτέ
3776 5293 3871 5346 μοι

3623 5438 3667 5470 δ’
3693 5433 3872 5488 Matth.

2320 5504 2527 5558 "Ibid.
2606 5504 2649 5536 "‘
2681 5505 3034 5560 Maltli.xxv.
3126 5509 3320 5563 "Ibid.
3397 5508 3598 5562 “Ibid.
3678 5503 3872 5558 "Lttt‘.

605 5589 662 5626 ι.
729 5573 782 5605 ⁷⁸
831 5572 963 5630 Luc.
1013 5579 1090 5630 Μ.
1167 5577 1212 5606 ⁷³
1247 5572 1439 5628 Matth.
1481 5591 1556 5627 si.
1631 5573 1676 5604 '°
1726 5573 1856 5630 Luc.
1926 5589 2082 5632 Svttl.
2157 5575 2174 5604 ⁸

2280 5573 2402 5630 Luc.
2441 5593 2552 5629 XII.
2631 5575 2833 5630 "Juan
2877 5593 2930 5630 ιι.

679 5726 790 5798 (60)
814 5725 899 5798 I'Ix
931 5728 1152 5783 Cleante
1185 5740 1235 5785 et
1268 5732 1448 5786 Arato.
1485 5729 1649 5786 Fann.
1686 5729 1826 5784 Bibl.
1857 5729 1948 5784 Cr.
1984 5731 2081 5786 lib.
2111 5747 2192 5798 ιιι,

609 5812 731 5866 cap.
777 5796 864 5863 l5,
883 5811 940 5866 p.
983 5799 1106 5852 597.

2380 5732 2492 5804 (6|)
2526 5732 2896 5802 Epimenides,
2929 5731 3071 5788 Bibl.
3111 5733 3203 5790 Gr.
3233 5733 3273 5804 I,
3305 5751 3426 5808 cap.
3469 5735 3522 5803 6,
3551 5751 3676 5805 pag.
3711 5732 3798 5789 50.
