4044 6458
672 410 772 476 H3

2179 409 2482 470 JOSEPPI
3788 417 3866 483 tu

667 525 733 576 de
767 521 1102 582 Bethlebcm,
1157 519 1281 574 filia:
1333 517 1577 573 Mattban
1634 517 1937 573 sacerdotis
1967 526 2022 572 et
2059 517 2242 573 Mariae

2346 536 2452 587 νεν,
2503 517 2699 588 ἀνεψιὰ
2731 517 2789 572 δὲ
2823 517 2965 588 αὕτη
3017 517 3280 588 ὲὲύγχανε
3325 519 3428 588 τῆς
3476 519 3754 590 Ἐλισᾶὃετ,
3795 535 3868 586 καὶ

670 615 860 669 uxoris
893 613 1050 683 ejus,
1097 611 1242 666 circa
1293 625 1518 680 regnum
1567 609 1903 682 Cleopatrae,
1951 621 2242 681 antequam

670 718 924 776 regnaret
955 703 1196 758 Herodes
1227 701 1372 757 filius
1402 701 1694 772 Antipatri.
1737 703 1918 758 Prima
1959 703 2243 758 dicebatur

669 795 862 858 Maria,
907 793 1145 848 secunda
1196 791 1572 862 appellabatur
1619 791 1788 860 Sube,
1819 794 1979 848 tertia
2010 794 2244 848 vocaba-

670 897 756 942 tur
796 888 972 941 Anna.
1016 883 1171 939 l’rior
1227 883 1413 954 nupsit
1446 883 1499 938 in
1542 883 1882 949 Bcthlcbcm,
1927 895 1983 942 et
2031 885 2239 957 peperit

669 977 923 1033 Salomen
951 977 1329 1032 obstetricem.
1362 975 1560 1046 Nupsit
1590 977 1749 1032 etiam
1783 977 2021 1033 secunda
2057 977 2246 1034 itidem

666 1071 721 1124 in
775 1069 1112 1134 Bethlebem,
1159 1077 1216 1124 et
1263 1069 1471 1139 peperit
1519 1066 1820 1124 Elisabetb.
1879 1066 2064 1124 Tertia
2114 1083 2244 1124 vero

667 1161 853 1232 nupsit
883 1161 936 1215 in
967 1169 1110 1216 terra
1138 1159 1548 1232 promissionis.
1575 1169 1631 1216 et
1661 1160 1871 1231 peperit
1889 1160 2120 1216 Mariam
2147 1157 2244 1215 Dei

667 1263 892 1309 matrem
923 1253 977 1308 in
1008 1251 1350 1308 Bethlebetu.
1401 1252 1589 1323 Itaque
1637 1262 1771 1307 sunt
1817 1251 2038 1308 Salome
2062 1251 2244 1309 obste-

669 1347 800 1412 trix,
844 1357 899 1400 et
945 1354 1134 1400 sancta
1189 1347 1382 1410 Anna,
1431 1360 1556 1414 quae
1600 1344 1790 1415 genuit
1840 1343 2242 1400 sanctissimam

667 1434 892 1489 Mariam
943 1435 1248 1502 Deiparam,
1283 1443 1337 1488 et
1370 1443 1558 1490 saneta
1591 1432 1890 1498 Elisabetb,
1915 1447 2038 1504 qua;
2060 1432 2248 1504 genuit

665 1527 1090 1588 Przrcursorem,
1125 1525 1248 1580 filia:
1297 1524 1461 1580 trium
1513 1526 1800 1580 mulierum
1839 1539 2243 1596 germanarum.

670 1617 808 1672 llinc
870 1617 1036 1687 igitur
1091 1615 1330 1672 Joannes
1380 1615 1624 1686 Baptista
1661 1623 1716 1671 et
1747 1615 2010 1672 Dominus
2060 1623 2247 1672 noster

665 1708 827 1765 Jesus
873 1709 1130 1765 Christus
1160 1708 1478 1764 consobrini
1519 1724 1642 1764 esse
1676 1709 1955 1762 dicuntur.
1995 1706 2061 1762 At
2101 1706 2246 1762 filius

665 1799 865 1870 Juseph
901 1815 1023 1853 esse
1069 1799 1387 1868 putabatur,
1433 1805 1719 1869 propterea
1751 1798 1894 1868 quod
1930 1796 2244 1866 putabatur

2341 610 2443 680 τῆς
2471 610 2632 678 ἁγίας
2665 603 2944 681 Παρθένου
2976 610 3215 681 Μαρίας.
3246 612 3409 682 Τρεῖς
3444 613 3552 683 γὰρ
3579 609 3709 685 ἦσαν
3735 620 3863 676 ἀδελ.

2343 703 2444 770 φαὶ
2493 700 2606 754 ἀπὸ
2643 699 2930 771 Βηθλεὲμ,
2983 701 3283 773 θυγατέρες
3322 702 3556 757 Ματθὰν
3592 704 3680 758 τοῦ
3715 709 3870 780 ἱερέως

2342 793 2441 848 καὶ
2468 793 2686 866 Μαρίας
2713 792 2816 864 τῆς
2848 793 3016 848 αὑτοῦ
3045 795 3325 860 γυναικὸς,
3357 795 3488 864 περὶ
3509 796 3608 865 τῆς
3641 797 3873 867 βασιλείας

2344 884 2722 956 Κλεοπάτρας,
2778 885 2883 957 πρὸ
2924 887 3026 957 τῆς
3065 885 3346 957 βασιλείας
3404 887 3642 959 Ἡρώδου
3667 891 3754 946 τοῦ
3783 896 3873 950 οἱοῦ

2358 975 2738 1047 Ἀντιπάτρου.
2766 978 2978 1048 Ὅνομα
3007 981 3075 1050 τῇ
3104 985 3152 1032 α’
3194 979 3406 1052 Μαρία,
3437 980 3531 1033 καὶ
3584 981 3742 1052 δνομα
3763 987 3873 1057 τῇβπ

2345 1070 2543 1141 Σουϐὴ,
2575 1071 2670 1124 καὶ
2700 1071 2870 1142 ὄνομα
2914 1075 2978 1143 τῇ
3008 1079 3058 1141 γ’
3092 1073 3280 1128 Ἄννα.
3311 1073 3560 1144 Ἕγημέν
3582 1090 3640 1127 τε
3666 1076 3696 1147 ή
3720 1078 3876 1152 πρώτη

2345 1165 2403 1219 ὲν
2429 1164 2698 1236 Βηθλεέμ,
2755 1165 2848 1222 καὶ
2880 1164 3068 1218 ἔτεκεν
3097 1164 3368 1235 Σαλώμην
3403 1163 3503 1237 τὴν
3536 1165 3714 1235 μαίαν.
3741 1169 3878 1241 Ἐγη-

2348 1254 2450 1326 μέν
2482 1271 2542 1308 τι
2585 1255 2682 1309 καὶ
2709 1256 2742 1326 ἠ
2770 1255 3006 1326 δευτέρα
3036 1258 3096 1310 ιν
3138 1255 3388 1326 Βηθλεὲμ
3409 1297 3427 1322 ,
3467 1257 3568 1310 καὶ
3615 1257 3756 1312 ἔτεκε
3798 1261 3880 1331 τὴν

2359 1346 2659 1404 Ἐλισάϐετ.
2691 1349 2938 1418 Ἐγημέν
2963 1365 3022 1402 τε
3051 1349 3146 1402 καὶ
3169 1349 3204 1420 ἠ
3229 1348 3388 1420 τρίτη
3425 1349 3508 1413 τίς
3543 1349 3642 1421 τὴν
3668 1350 3763 1420 γῆν
3799 1351 3879 1422 τῆς

2345 1439 2707 1508 ἐπαγγελίας,
2737 1441 2833 1494 καὶ
2881 1441 3144 1512 ἐγέννησε
3171 1440 3390 1512 Μαρίαν
3439 1441 3541 1510 τὴν
3572 1441 3812 1496 Θεοτόκον
3837 1448 3882 1498 ἐν

2347 1529 2616 1600 Βηθλεὲμ.
2664 1531 2753 1595 Ὠς
2797 1526 2938 1586 εῖναι
2985 1531 3256 1604 Σαλώμην
3302 1533 3406 1601 τὴν
3460 1535 3648 1603 μαίαν,
3683 1537 3768 1588 καὶ
3803 1538 3881 1606 τὴν

2346 1618 2510 1686 ἁγίαν
2561 1619 2782 1687 Ἄνναν,
2836 1621 2936 1691 τὴν
2985 1621 3334 1692 γεννήσασαν
3363 1621 3587 1690 Μαρίαν
3637 1623 3728 1691 τὴν
3777 1642 3884 1678 παν-

2346 1709 2510 1776 αγίαν
2535 1709 2820 1775 Θεοτόκον,
2851 1712 2946 1766 καὶ
2988 1713 3086 1782 τὴν
3125 1711 3286 1781 ἁγίαν
3326 1711 3633 1778 Ἑλισάσετ,
3664 1712 3754 1784 τὴν
3784 1731 3884 1783 γεν-

2347 1799 2593 1868 νήσασαν
2641 1797 2735 1851 τὸν
2770 1799 3105 1870 Πρόδρομον,
3138 1800 3444 1873 θυγατέρας
3475 1801 3714 1869 ἀδελφῶν
3750 1804 3895 1874 τριῶν,

665 1888 830 1946 «tiam
861 1888 1032 1944 frater
1061 1889 1230 1944 trium
1273 1888 1508 1944 filiorum
1538 1889 1684 1959 ejus,
1715 1901 1853 1958 quos
1893 1887 2155 1952 habuerat
2179 1903 2243 1943 ex

2351 1888 2604 1960 θηλειῶν.
2664 1891 2950 1947 Ἐντεῦθεν
2980 1892 3074 1946 οὖν
3105 1895 3135 1946 6
3166 1893 3476 1964 Βαπτιστὴς
3526 1893 3784 1963 Ἰωάννης,
3812 1897 3885 1948 καὶ

667 1981 835 2052 priori
871 1996 1062 2037 uxore.

2345 1986 2375 2038 6
2406 1986 2612 2058 Κύριος
2643 1988 2801 2060 ἡμῶν
2840 1989 3047 2058 Ἰησοῦς
3095 1988 3355 2061 Χριστὸς,
3410 1987 3630 2059 ἀνεψιοὶ
3674 1987 3885 2057 λέγονται

665 2069 826 2128 εἶναι.
858 2073 988 2136 Υίδς
1010 2071 1066 2125 δὲ
1089 2069 1183 2124 τοῦ
1236 2070 1429 2141 Ιωσὴφ
1460 2069 1766 2142 ἐνομίζετο,
1795 2069 1986 2141 ἐπειδὴ
2010 2071 2104 2126 καὶ
2137 2072 2245 2124 τῶν
2286 2075 2418 2129 υίῶν
2449 2077 2635 2143 αὑτοῦ,
2674 2079 2783 2133 τῶν
2847 2081 2911 2134 ὲκ
2938 2081 3034 2151 τῆς
3094 2078 3323 2152 πρώτης
3373 2080 3658 2150 γυναικὸς,
3685 2081 3878 2152 ἀδελφὸς

661 2162 966 2233 ινομίζετο.

732 2259 1033 2314 Zacharias
1063 2269 1214 2328 pater
1242 2257 1682 2313 Joannisbabuit
1705 2255 1928 2313 fratrem
1949 2271 2239 2313 consacer-

661 2353 844 2407 dotcm
896 2350 1163 2407 vocabulo
1193 2351 1474 2422 Aggazum,
1506 2348 1601 2420 qui
1627 2347 1739 2403 fato
1775 2363 1899 2403 eum
1930 2349 2241 2403 antevertit.

662 2445 836 2518 Hujus
865 2446 1048 2518 Δαειεί
1079 2444 1244 2500 filiam
1283 2443 1438 2500 duxit
1471 2457 1700 2499 uxorem
1733 2441 1935 2513 Josepb
1967 2441 2140 2507 faber,
2173 2458 2240 2497 ex

663 2557 771 2614 qua
795 2541 1039 2610 suscepit
1065 2555 1118 2594 tv
1152 2539 1375 2604 liberos,
1403 2547 1460 2594 et
1487 2553 1545 2594 tu
1607 2538 1766 2602 filias,
1806 2553 2038 2609 quorum
2100 2553 2244 2593 unus

663 2645 781 2690 erat
811 2633 1052 2690 Jacobus
1093 2633 1420 2703 cognomine
1451 2631 1624 2688 frater
1675 2631 1914 2695 Domini,
1953 2641 2007 2687 et
2036 2632 2244 2701 primus

666 2724 1172 2797 Hierosolymorum
1223 2724 1536 2795 episcopus.
1582 2722 1648 2777 Et
1677 2739 1873 2778 nomen
1910 2723 2098 2778 uxoris
2147 2720 2243 2776 Jo-

665 2819 797 2890 seph
858 2817 1108 2882 Salome,
1151 2833 1259 2871 non
1308 2817 1396 2870 illa
1460 2816 1754 2880 obstetrix,
1796 2816 1888 2870 sed
1949 2814 2077 2870 alia.
2117 2811 2246 2868 Pust

667 2923 895 2968 mortem
930 2912 1099 2976 illius,
1143 2910 1438 2981 despondit
1477 2909 1579 2965 sibi
1611 2907 1810 2980 Joseph
1847 2907 2071 2964 Mariam
2119 2905 2244 2962 Dei-

663 3019 874 3076 param,
917 3018 1040 3076 qua:
1081 3018 1148 3058 ex
1200 3001 1451 3057 muliebri
1505 3001 1759 3072 prosapia
1795 3000 2161 3056 descendebat
2211 3015 2242 3054 a

669 3097 910 3152 Mattban
968 3097 1274 3160 sacerdote,
1309 3095 1442 3166 quin
1477 3104 1532 3149 et
1577 3094 1646 3148 ab
1681 3093 1919 3163 ipsemet
1951 3091 2244 3148 Salomone

2419 2263 2698 2334 Ζαχαρίας
2719 2265 2747 2316 6
2769 2263 2953 2334 πατὴρ
2985 2263 3231 2318 Ἰωάννου
3261 2263 3490 2334 ἀδελφὺν
3518 2263 3645 2336 ἔσχε
3675 2265 3890 2336 συνιερέα

2346 2354 2684 2426 καλούμενον
2753 2355 3044 2426 ’Δγγαῐον,
3097 2357 3206 2428 πρὸ
3261 2356 3428 2412 αὑτοῦ
3479 2357 3888 2430 τετελευτηκότα.

2347 2447 2552 2502 Τούτου
2583 2447 2678 2502 τοῦ
2716 2447 2972 2518 ’Δγγαίου
2998 2448 3276 2521 θυγατέρα
3302 2450 3547 2520 ἠγάγετο
3581 2451 3715 2522 πρὸς
3744 2452 3889 2520 γάμον

2361 2540 2557 2611 Ἰωσὴφ
2585 2541 2614 2593 ὁ
2639 2539 2848 2595 τέκτων
2881 2581 2897 2605 ,
2930 2541 2992 2606 ἐξ
3017 2535 3086 2613 ἧς
3126 2542 3385 2612 ἐγέννησε
3439 2541 3480 2596 δ’
3535 2543 3688 2606 υίοὺς
3730 2542 3814 2595 καὶ
3856 2546 3891 2608 γ’

2347 2629 2676 2701 θυγατέρας,
2711 2623 2786 2685 ὧν
2815 2626 2898 2695 εἷς
2931 2627 2999 2702 ἦν
3046 2630 3321 2696 Ἰάκωϐος,
3355 2634 3384 2686 6
3409 2631 3729 2704 ἐπικληθεὶς
3757 2633 3891 2686 ἁδελ-

2346 2723 2444 2790 φὸς
2474 2723 2568 2776 τοῦ
2600 2723 2829 2795 Κυρίου,
2874 2725 2969 2779 καὶ
3003 2725 3219 2792 πρῶτος
3275 2726 3581 2788 ἐπίσκοπος
3634 2722 3893 2797 Ἰεροσολύ-

2350 2833 2485 2886 μων.
2515 2818 2622 2871 Καὶ
2658 2817 2720 2871 τὸ
2751 2817 2922 2889 δνομα
2967 2816 3069 2887 τῆς
3117 2817 3377 2887 γυναικὸς
3430 2816 3637 2890 Ἰωσὴφ
3671 2816 3894 2885 Σαλώμη.

2346 2908 2445 2978 ούχ
2483 2908 2516 2978 ἡ
2553 2907 2720 2976 μαία,
2773 2907 2891 2962 ἀλλ’
2938 2908 3122 2978 ἑτέρα.
3161 2908 3320 2964 Μετὰ
3363 2908 3422 2963 δὲ
3471 2909 3707 2964 θάνατον
3754 2906 3897 2978 αὐτῆς

2352 2999 2717 3068 μνηστεύεται
2761 2999 2955 3072 Ἰωσὴφ
2991 2999 3091 3072 τὴν
3131 3001 3394 3056 Θεοτόκον
3418 3000 3661 3073 Μαρίαν,
3691 3001 3819 3055 κατὰ
3849 3003 3896 3052 τί

2353 3091 2619 3162 μητρικὺν
2658 3091 2815 3160 γένος
2847 3093 3232 3164 καταγομένην
3277 3091 3390 3148 ἀπὸ
3435 3092 3530 3147 τοῦ
3581 3093 3798 3149 Ματθὰν
3819 3089 3897 3146 τοῦ

665 3189 777 3244 filio
807 3187 1026 3243 Davidis
1075 3202 1247 3258 genus
1285 3186 1540 3252 ducebat,
1604 3194 1662 3239 ut
1699 3184 1831 3239 dicit
1886 3183 2236 3254 Evangelium

2356 3185 2564 3254 ἱερέως,
2617 3185 2713 3238 καὶ
2743 3183 2908 3240 αὑτοῦ
2959 3185 3068 3239 ἀπὸ
3115 3185 3466 3256 Σολομῶντος
3490 3187 3592 3240 τοῦ
3624 3186 3736 3240 υίοῦ
3761 3184 3898 3242 Δαόὶδ

665 3280 966 3337 secundum
997 3278 1202 3334 Lucam
1253 3279 1307 3332 in
1342 3277 1661 3332 recensione
1685 3275 2030 3347 genealogiam
2062 3274 2242 3346 Siqui-

663 3377 787 3431 dem
848 3373 951 3428 iste
981 3370 1223 3426 Mattban
1265 3369 1457 3425 habuit
1486 3369 1624 3424 filias
1647 3385 1715 3423 ex
1743 3367 1912 3422 Haria
1931 3382 2100 3424 uxore
2116 3381 2240 3434 sua,

661 3482 787 3538 qua:
817 3465 1155 3521 vocabantur
1186 3461 1376 3529 Maria,
1415 3461 1583 3526 Sube,
1613 3462 1793 3516 Anna.
1840 3458 2010 3515 Maria
2059 3459 2244 3530 itaque

662 3561 849 3631 genuit
883 3556 1161 3614 Elisabeth
1190 3564 1420 3612 matrem
1467 3553 1698 3610 Joannis
1735 3553 1994 3625 Baptistae
2026 3570 2040 3608 :
2083 3553 2241 3607 Anna

661 3664 792 3707 vero
830 3652 972 3720 parit
1001 3657 1246 3704 sanetam
1275 3646 1370 3702 Dei
1409 3655 1637 3703 matrem
1679 3647 1733 3701 in
1765 3645 2102 3710 Bethlebem,
2122 3659 2246 3715 qua

661 3745 732 3798 de
763 3740 983 3798 nomine
1010 3739 1148 3794 avia:
1175 3749 1230 3794 et
1274 3747 1582 3793 matertera:
1609 3737 2002 3792 nominabatur
2045 3735 2240 3792 Maria.

663 3836 851 3906 Itaque
881 3831 1160 3888 Elisabetlt
1191 3839 1276 3886 est
1294 3830 1627 3886 consobrina
1650 3829 1872 3901 quidem
1906 3829 2101 3892 Annae.
2129 3844 2246 3883 ma-

662 3925 859 3983 truelis
897 3939 1027 3980 vero
1067 3920 1334 3994 Deiparae.
1372 3921 1488 3978 Duo
1523 3922 1637 3977 haec
1664 3931 1876 3977 asserta
1914 3921 2242 3993 Erangelica

665 4017 1092 4080 confirmantur,
1125 4022 1411 4084 propterea
1433 4012 1579 4084 quod
1609 4021 1927 4069 recensetur
1954 4021 2242 4083 paternum

663 4125 836 4180 genus
873 4118 928 4165 et
961 4107 1182 4164 carnale
1222 4105 1451 4162 Christi.
1482 4103 1616 4159 Erat
1645 4104 1812 4170 enim,
1849 4105 2050 4173 inquit,
2085 4102 2243 4158 Jesus

661 4201 872 4275 quando
905 4201 1124 4271 incepit,
1167 4198 1332 4254 veluti
1363 4213 1623 4252 annorum
1661 4213 1792 4261 xxx,
1822 4197 1914 4266 qui
1953 4195 2244 4265 putabatur

658 4296 898 4368 Iosephi,
924 4311 1042 4350 cum
1065 4303 1198 4350 esset
1230 4291 1374 4359 Heli,
1409 4290 1707 4346 Matt/umis
1735 4291 1803 4344 ⁸⁷.

2345 3275 2748 3346 καταγομένην,
2785 3275 2858 3338 ὥς
2891 3293 3024 3346 φησι
3053 3276 3113 3331 τδ
3145 3277 3290 3331 κατὰ
3317 3278 3538 3332 Δουκᾶν
3599 3275 3899 3346 Εὐαγγὲλιον

2344 3367 2726 3438 γενεαλογοῦν.
2781 3362 2950 3433 Οὗτος
2984 3369 3095 3440 γὰρ
3119 3369 3149 3423 6
3173 3369 3407 3424 Ματθὰν
3445 3370 3579 3443 ἔσχε
3627 3369 3901 3440 θυγατέρας

2345 3461 2409 3514 ἐκ
2442 3460 2661 3532 Μαρίας
2693 3464 2792 3531 τῆς
2825 3461 3086 3530 γυναικὸς
3118 3461 3308 3527 αὐτοῦ,
3341 3460 3418 3516 ὧν
3444 3463 3512 3516 τὰ
3543 3465 3781 3534 ὀνόματα
3802 3463 3897 3515 Μα-

2349 3553 2462 3625 ρία,
2494 3552 2695 3625 Σουσὴ,
2755 3553 2945 3608 Ἀννα.
2993 3553 3057 3607 Ἦ
3091 3553 3186 3608 οὖν
3212 3554 3404 3626 Μαρία
3451 3557 3622 3626 γεννᾷ
3648 3555 3746 3625 τὴν
3785 3551 3904 3605 Ἐλι-

2348 3645 2540 3710 adﬁce,
2589 3644 2690 3717 τὴν
2723 3645 2939 3716 μητέρα
2983 3645 3230 3700 Ἰωάννου
3260 3645 3355 3699 τοῦ
3385 3645 3726 3700 Βαπτιστοῦ.
3769 3644 3828 3698 Ἦ
3851 3643 3898 3696 δὲ

2349 3739 2518 3792 ’Ἄννα
2553 3729 2719 3809 γεννᾷ
2767 3737 2868 3810 τὴν
2920 3739 3080 3808 ἁγίαν
3133 3737 3398 3792 Θεοτόκον
3429 3739 3488 3792 ἑν
3517 3738 3786 3809 Βηθλεὲμ,
3826 3734 3904 3802 τὴν.

2345 3828 2489 3883 κατὰ
2515 3828 2579 3882 τὸ
2607 3829 2778 3901 ὄνομα
2810 3828 2912 3899 τῆς
2945 3831 3177 3902 μάμμης
3205 3831 3298 3885 καὶ
3330 3830 3504 3897 θείας,
3541 3827 3904 3898 ἐπικληθεῖσαν

2345 3921 2586 3992 Μαρίαν.
2635 3920 2722 3984 Ὧς
2752 3917 2893 3976 εἶναι
2922 3923 3021 3992 τὴν
3067 3922 3376 3990 Ἐλισάϐετ,
3413 3921 3650 3992 ἀνεψιὰν
3695 3920 3791 3991 μὲν
3824 3917 3907 3984 τῆς

2349 4014 2573 4084 ’Λννης,
2625 4012 2919 4084 ἐξάδελφον
2949 4013 3007 4067 δὲ
3035 4013 3137 4084 τῆς
3169 4013 3462 4069 Θεοτόκου.
3507 4012 3816 4087 Κυροῦνται
3851 4008 3908 4060 τὰ

2346 4105 2588 4175 ἑκάτερα
2615 4103 2712 4158 τοῦ
2748 4104 3109 4173 Εὐαγγελίου,
3138 4103 3230 4158 διὰ
3260 4103 3353 4158 τοῦ
3393 4101 3709 4175 διηγεῖσθαι
3737 4101 3792 4153 τὸ
3817 4115 3886 4152 πα

2343 4196 2522 4269 τρῷον
2577 4197 2734 4264 γένος
2774 4197 2866 4250 καὶ
2919 4197 3180 4268 σαρκικδν
3210 4196 3304 4250 τοῦ
3344 4196 3612 4268 Χριστοῦ.
3647 4190 3762 4250 Ἦν
3800 4191 3909 4260 γὰρ.

2347 4289 2535 4359 φησὶν,
2571 4291 2606 4342 ό
2659 4288 2900 4355 Ἰησοῦς
2963 4289 3300 4358 ἀρχόμενος
3343 4289 3496 4361 (68),
3543 4291 3632 4356 ὡς
3667 4286 3804 4342 ἑτῶν
3849 4287 3914 4343 λ’.

2345 4383 2415 4448 ὃς
2465 4381 2762 4453 ἐνομίζετο
2823 4383 2929 4436 τοῦ
2981 4384 3223 4453 Ἰωσὴφ,
3266 4384 3373 4438 τοῦ
3418 4384 3612 4450 Ἠλεί,
3665 4381 3770 4436 τοῦ
3804 4381 3913 4434 Ma-

2347 4473 2519 4530 τθᾶν.

660 4598 816 4655 CAP.
840 4595 1154 4655 CXXXVII.
1178 4596 1373 4664 -—Qui
1395 4608 1516 4652 sunt
1539 4599 1630 4667 qui
1661 4600 1992 4652 innotescunt
2019 4596 2082 4651 de
2135 4612 2238 4652 tu

2349 4587 2597 4643 ΚΕΦΑΛ.
2625 4589 2789 4643 PAZ'.
2819 4621 2886 4633 --
2916 4590 3080 4667 Τίνες
3097 4589 3258 4667 εἰσίν
3284 4593 3337 4644 οι
3364 4589 3482 4646 ἀπὸ
3512 4588 3640 4644 τῶν
3658 4583 3914 4660 μαθητῶν

1301 4669 1602 4739 discipulis.

728 4784 1036 4850 Barnabas,
1067 4784 1306 4855 quicum
1332 4780 1504 4838 Paulo
1529 4781 1878 4852 Evangelium
1905 4780 2240 4853 praedicavit,

661 4877 866 4948 quique
893 4875 1156 4948 apostolis
1184 4890 1244 4932 se
1277 4874 1604 4947 discipulum
1635 4889 1759 4932 esse
1806 4872 2082 4944 Evangelii
2111 4871 2242 4928 Hie-

663 4969 956 5042 rosolymis
988 4969 1245 5025 ostendit.

732 5147 1037 5214 Sostltettes,
1072 5147 1166 5218 qui
1208 5148 1262 5201 in
1291 5146 1469 5202 locum
1490 5143 1644 5202 Juda:
1675 5145 1986 5203 accensitus
2011 5157 2094 5202 est
2115 5161 2242 5202 eum

664 5242 957 5312 apostolis,
997 5250 1230 5296 vocatus
1265 5239 1709 5310 perorationem.

728 5333 940 5401 Justus,
973 5334 1070 5402 qui
1109 5343 1164 5388 et
1195 5333 1311 5403 ipse
1338 5331 1485 5387 clero
1514 5332 1882 5401 apostolorum
1909 5331 2238 5404 subiunctus

656 5437 764 5485 θοι.

735 5517 1058 5582 Thaddwus,
1105 5517 1196 5587 qui
1244 5517 1299 5571 in
1337 5515 1786 5585 Mesopotamiam
1845 5516 1900 5571 in
1964 5515 2238 5575 civitatem

757 5693 800 5727 ⁸⁷
841 5693 969 5748 Luc.
1008 5709 1090 5760 ttt,
1127 5695 1220 5749 25.

737 5851 847 5921 (68)
879 5849 933 5905 Id
961 5859 1067 5916 est,
1106 5851 1317 5919 quando
1349 5850 1535 5918 incepit
1565 5851 1877 5920 pradicure.

2869 4659 2990 4714 τῶν
3013 4666 3059 4715 ο⁹
3106 4660 3403 4730 γνώριμοι.

2418 4773 2747 4842 Βαρνάϐας,
2784 4774 2813 4827 6
2841 4774 2938 4828 σὺν
2965 4773 3043 4844 τῷ
3078 4773 3277 4845 Παύλῳ
3319 4772 3564 4845 κηρύξας
3592 4775 3657 4827 τδ
3691 4770 3921 4840 Εὐαγγέ-

2347 4867 2483 4934 λιον,
2532 4865 2627 4921 καὶ
2675 4869 2791 4932 τοῖς
2843 4867 3165 4930 ἀποστόλοις
3215 4867 3412 4922 ἑαυτὸν
3459 4866 3723 4938 μαθητὴν
3777 4878 3923 4933 γεγο-

2345 4959 2474 5012 νότα
2521 4958 2616 5012 τοῦ
2667 4959 3038 5030 Εύαγγελίου,
3075 4961 3159 5023 είς
3203 4961 3301 5030 τὴν
3342 4958 3712 5032 Ἰερουσαλὴμ
3765 4957 3924 5026 ἔμφα-

2345 5054 2519 5108 νίσας.

2421 5089 2761 5214 Σωσθένης,
2798 5146 2856 5208 ὃς
2887 5145 3006 5200 ἀντὶ
3050 5145 3145 5200 τοῦ
3205 5144 3379 5201 Ἰούδα
3425 5139 3915 5216 συγκατεψηφίσθη

2351 5236 2493 5309 μετὰ
2521 5237 2633 5292 τῶν
2659 5237 2998 5302 ἀποστόλων,
3025 5239 3094 5290 δι’
3123 5237 3290 5309 εὐχῆς
3323 5237 3580 5307 κληθείς.

2432 5332 2726 5399 Ἰοῦστος,
2751 5332 2812 5398 ὃς
2842 5331 3007 5396 αὐτὸς
3025 5330 3104 5402 τῷ
3127 5331 3318 5402 κλήρῳ
3335 5329 3444 5384 τῶν
3486 5330 3818 5385 ἀποστόλων
3839 5326 3929 5379 ὕπ-

2347 5427 2579 5500 εϐλήθη.

2424 5518 2730 5585 Θαδδαῖος,
2769 5517 2829 5582 ὃς
2873 5521 2930 5572 ἐν
2963 5520 3030 5590 τῇ
3061 5518 3458 5591 Μεσοποταμία
3501 5519 3566 5571 ὲν
3598 5519 3666 5588 τῇ
3735 5513 3928 5582 Εδέσσῃ
