4044 6490
655 536 755 598 147

2175 527 2477 593 JOSEPPI

3775 531 3855 596 143

651 644 885 713 Carpus,
921 642 1179 711 Papulas,
1205 639 1521 710 ngatonice,
1546 639 1761 709 aliaque
1784 641 2076 696 multitudo
2100 656 2213 695 san-

2329 642 2575 711 Κάρπος,
2612 642 2889 705 Πάπυλος,
2936 640 3307 709 ’Δγαθω-ιίκη,
3344 638 3439 692 καὶ
3461 639 3649 707 ἕτερον
3687 641 3857 713 πλῆθος

654 747 865 789 etorum
894 750 985 802 per
1016 733 1281 787 divinium
1308 732 1628 803 martyrium
1662 742 2041 789 consummata
2072 745 2176 788 est.

725 827 777 880 5.
811 824 924 882 Sub
973 823 1160 879 Severo
1194 823 1458 879 adversus
1508 822 1807 878 Eeclesiam
1844 825 2037 894 ingens
2074 825 2224 880 excio

651 927 762 975 tata
806 929 887 973 est
942 917 1264 987 persecutio,
1316 916 1369 970 in
1432 932 1540 986 qua
1602 915 1852 970 Justinus
1902 917 2219 986 martyrium

650 1010 835 1073 subiit,
891 1019 945 1062 el.
983 1008 1250 1063 Leonides
1310 1007 1562 1077 Origenis
1611 1016 1785 1076 pater,
1815 1017 1861 1061 et
1894 1007 2223 1061 Potamiazna

646 1114 833 1157 sancta
876 1102 1050 1171 virgo,
1091 1110 1145 1155 ct
1175 1100 1459 1166 Basilides,
1489 1110 1544 1154 et
1587 1100 1879 1154 multitudo
1913 1100 2219 1154 divinorum

645 1201 950 1262 martyrum
985 1192 1209 1246 coaluit.

711 1283 763 1337 6.
799 1283 1123 1337 Maximinus
1170 1297 1362 1336 omnes
1410 1280 1713 1350 praecipuos
1773 1280 2086 1349 ubicunque
2131 1294 2220 1335 es-

644 1384 787 1441 sent,
820 1383 948 1444 puta
980 1375 1240 1440 clericos,
1272 1390 1303 1429 e
1331 1374 1510 1428 medio
1541 1373 1654 1427 tolli
1697 1373 1882 1443 jussit,
1905 1386 1959 1427 et
1998 1372 2217 1440 quidem

642 1483 759 1533 eos,
801 1468 894 1537 qui
927 1482 987 1521 se
1014 1482 1137 1521 esse
1160 1466 1500 1521 Christianos
1522 1466 1787 1521 dicerent.

715 1559 767 1611 7.
834 1557 1029 1612 Decius
1084 1556 1518 1612 crudelissimam
1574 1552 2008 1625 persecutionem
2063 1554 2222 1609 adhi-

644 1650 781 1705 buit.
840 1649 940 1703 llie
992 1648 1113 1702 ﬁdei
1181 1648 1552 1702 testimonium
1617 1646 1889 1715 perhibuit
1926 1645 2219 1700 Flavianus

642 1744 933 1811 episcopus
978 1740 1283 1803 Romanus,
1320 1738 1624 1793 Alexander
1644 1739 1936 1807 episcopus
1971 1739 2220 1791 Hieroso-

644 1834 968 1903 lymitanus,
997 1832 1228 1901 Babylas
1251 1832 1541 1900 episcopus
1564 1831 1962 1894 Antiochenus,
1989 1828 2218 1897 Sarapio

644 1928 936 1996 episcopus
964 1925 1386 1987 Alexamlrinus,
1413 1922 1698 1990 Apollonia
1735 1923 1884 1991 virgo
1920 1932 1973 1975 et
1996 1922 2219 1975 Ammo—

645 2019 839 2072 narion
889 2034 1013 2071 eum
1068 2017 1191 2071 aliis
1246 2023 1481 2084 quatuor
1542 2014 1852 2083 virginibus
1922 1993 2291 2066 erudeliterB

644 2110 802 2163 tortis
837 2128 849 2163 :
886 2107 1159 2172 Julianus,
1195 2108 1287 2177 qui
1340 2107 1577 2177 podagra
1621 2106 1877 2159 laborans
1915 2105 1967 2157 in
2002 2104 2221 2157 fornace

641 2198 1130 2256 rircumierebatur
1155 2208 1209 2251 et
1243 2199 1362 2252 viva
1395 2198 1544 2252 calce
1577 2196 1832 2267 perfusus
1861 2205 1963 2250 est.
1996 2195 2221 2267 Cypria-

640 2308 744 2346 nus
783 2292 1071 2361 cpiseopus
1121 2289 1608 2359 Carthagenensis.
1665 2288 1931 2343 Mercuria
1990 2287 2116 2341 item
2166 2296 2221 2341 et

640 2381 897 2452 Dionys'a
951 2397 1071 2451 qua:
1104 2382 1303 2434 multos
1354 2380 1589 2433 habebat
1639 2379 1862 2442 liberos,
1899 2394 2081 2434 coram
2129 2379 2216 2433 illa

644 2473 991 2527 adstantibus
1018 2472 1142 2525 liliis
1165 2470 1313 2535 suis;
1350 2485 1449 2525 nec
1485 2479 1663 2524 tamen
1705 2470 1830 2524 dum
1878 2479 2220 2539 lOI't'IIIi'I'l'llll'

640 2580 880 2622 amorem
905 2578 1211 2618 numerosae
1233 2553 1400 2632 prolis
1428 2564 1601 2616 amori
1637 2563 1870 2632 prmtulit
1901 2561 2124 2616 Christi.
2160 2560 2215 2616 In

641 2660 741 2709 hac
799 2657 1181 2726 persecutione
1232 2654 1450 2725 plurimi
1487 2664 1754 2724 martyres
1811 2670 1905 2723 per
1952 2656 2117 2710 urbes
2161 2664 2217 2709 et

638 2748 793 2802 villas
835 2747 1148 2801 cmlesubus
1192 2746 1373 2799 choris
1411 2745 1597 2799 inserti
1643 2754 1788 2799 sunt.
1840 2746 1905 2797 At
1952 2746 2215 2814 Origenes

638 2837 731 2905 qui
766 2853 859 2907 per
889 2838 992 2890 hoc
1020 2844 1236 2903 tempus
1271 2836 1507 2899 vivebat,
1545 2850 1651 2888 non
1676 2843 1758 2889 est
1779 2835 2032 2905 dignatus
2066 2850 2213 2888 mar-

637 2928 779 3001 tyrio
815 2949 828 2982 :
861 2928 954 2983 sed
982 2929 1183 2993 victus,
1208 2928 1259 2981 in
1294 2928 1615 2999 pmnitentia
1645 2926 1917 2996 reliquum
1947 2926 2071 2981 vita:
2101 2941 2214 2980 sua:

638 3029 854 3083 tempus
887 3017 1213 3072 transmisit.

711 3111 764 3165 8.
810 3108 1124 3164 Valerianus
1154 3108 1484 3162 Christianis
1503 3107 1703 3163 bellum
1723 3107 1911 3170 movit,
1944 3106 2212 3176 multique

635 3203 798 3257 etiam
830 3203 931 3256 sub
964 3202 1055 3254 illo
1089 3210 1354 3271 martyres
1409 3198 1628 3253 fuerunt
1664 3216 1679 3254 :
1733 3199 1873 3253 inter
1912 3214 2051 3268 quos
2083 3206 2211 3253 sunt

635 3304 749 3349 tres
780 3304 1046 3366 martyres
1074 3291 1335 3347 Ca‘sareze
1364 3288 1688 3358 Palmstinae,
1721 3288 1965 3354 Priscus,
1990 3288 2208 3344 Marcus

634 3397 688 3441 et
720 3388 1044 3442 Alexander.

710 3479 765 3534 9.
806 3479 1133 3532 Aurelianus
1186 3476 1353 3529 movit
1393 3474 1852 3545 persecutionem,
1901 3487 2008 3527 non
2037 3487 2211 3542 usque

2236 3349 2280 3409 (Ξ

637 3571 773 3626 adeo
800 3570 1076 3625 crudelem
1110 3578 1163 3622 et
1205 3566 1573 3621 umnil'estam.
1625 3565 1811 3620 Solum
1849 3564 1993 3619 enim
2040 3563 2212 3634 magi-

2327 734 2500 801 ἁγίων
2527 734 2615 787 διὰ
2648 734 2741 786 τοῦ
2778 732 2923 786 θείου
2956 732 3258 785 τελειοῦται
3292 731 3617 802 μαρτυρίου.

2396 832 2455 880 ε’.
2473 824 2611 878 Ὑπὸ
2632 827 2921 892 Σευήρου,
2945 824 3085 876 κατὰ
3106 824 3205 891 τῆς
3221 824 3548 895 Ἐκκλησίας
3578 824 3739 892 μέγας
3758 843 3862 894 συγ.

2324 919 2555 971 κινεῖται
2581 917 2822 986 διωγμὸς
2844 957 2859 979 ,
2885 915 2971 985 ἐφ’
2997 909 3058 970 οὗ
3082 915 3365 977 Ἰουστῖνος
3394 913 3749 985 ἐμαρτύρησε,
3785 921 3861 972 καὶ

2331 1009 2606 1080 Λεωνίδης
2645 1010 2674 1061 ὁ
2716 1008 3057 1079 Ὠρειγένους
3094 1006 3302 1078 πατὴρ,
3348 1007 3444 1059 καὶ
3491 1008 3862 1080 Ποταμίαιναη

2322 1100 2454 1168 ἁγία
2502 1100 2794 1171 παρθένος,
2828 1102 2922 1153 καὶ
2961 1099 3304 1169 Βασιλείδης,
3355 1098 3449 1152 καὶ
3483 1098 3685 1167 πλῆθος
3727 1100 3862 1161 θείων

2324 1191 2623 1245 τελειοῦται
2656 1192 2973 1263 μαρτύρων.

2392 1289 2466 1347 ς’.
2500 1282 2832 1350 Μαξιμῒνος
2882 1281 3135 1353 πρώτους
3182 1281 3395 1343 πάντας
3428 1280 3557 1343 τοὺς
3588 1280 3706 1334 ὅποι
3725 1282 3765 1335 δ’
3791 1283 3862 1349 ἂν,

2320 1374 2395 1437 ὡς
2424 1374 2743 1445 κληρικοὺς.
2776 1373 3121 1443 ἀναιρεῖσθαι
3146 1372 3482 1443 προστάξας,
3508 1373 3602 1425 καὶ
3629 1373 3741 1426 τότε
3758 1378 3867 1439 τοὺς

2320 1468 2579 1535 λέγοντας
2610 1467 2838 1529 ἑαυτοὺς
2863 1462 3005 1519 εἶναι
3038 1465 3425 1535 Χριστιανούς.

2390 1559 2455 1623 ζ’.
2489 1558 2692 1624 Δέκιος
2737 1557 2982 1628 σφοδρῶς
3029 1558 3301 1627 ἐχρήσατο
3353 1556 3431 1627 τῷ
3478 1555 3736 1627 διωγμῷ,
3782 1561 3866 1612 καὶ

2323 1651 2590 1721 μαρτυρεῖ
2616 1648 2912 1711 Φλαὸιανὸς
2934 1649 3229 1709 ἐπίσκοπος
3275 1646 3516 1717 Ῥώμης,
3550 1647 3872 1717 Ἀλέξανδρος

2319 1744 2617 1804 ἐπίσκοπος
2648 1740 3058 1811 Ἱεροσολύμων,
3090 1740 3337 1803 Βαδύλας
3360 1742 3658 1803 ἐπίσκοπος
3695 1742 3871 1794 Ἀντιο-

2318 1832 2800 1906 χείας,Σαραπίων
2830 1834 3131 1895 ἐπίσκοπος
3155 1832 3593 1903 Ἀλεξανδρείας,
3627 1832 3873 1886 Ἀπολλω-

2318 1929 2406 1980 νία
2437 1927 2703 1996 παρθένος
2731 1926 2826 1978 καὶ
2848 1924 3252 1994 Ἀμμωναρίων
3293 1926 3392 1977 σὺν
3422 1924 3613 1987 ἄλλαις
3637 1924 3873 1995 τέσσαρσι

2324 2020 2615 2091 παρθένοις
2655 2017 2849 2080 δεινῶς
2900 2016 3376 2087 βασανισθείσαις,
3433 2016 3723 2078 Ἰουλιανὸς
3747 2018 3772 2069 ὁ
3798 2035 3878 2070 πο-

2322 2111 2517 2180 δαλγὸς
2545 2111 2636 2163 ἐπὶ
2663 2109 2894 2179 καμίνου
2940 2108 3397 2179 περιφερόμενος,
3430 2108 3523 2159 καὶ
3549 2109 3617 2178 τῇ
3650 2106 3877 2175 ἀσὸἐστῳ

2324 2203 2797 2274 περιραινόμενος.
2844 2200 2902 2253 Ὁ
2925 2200 3227 2261 ἐπίσκοπος
3256 2198 3626 2269 Καρθαγένης
3657 2200 3884 2267 Κυπρια-

2322 2298 2431 2359 νός.
2468 2293 2785 2364 Μερκουρία
2813 2310 2871 2346 τε
2906 2292 3004 2346 καὶ
3061 2290 3311 2345 Διονυσία
3342 2294 3376 2361 ἡ
3406 2290 3703 2357 πολύπαις,
3731 2307 3883 2358 παρε-

2323 2382 2601 2451 στηκότων
2646 2380 2783 2450 αὐτῇ
2828 2378 2938 2432 τῶν
2984 2378 3194 2433 παίδων
3230 2379 3423 2448 αὐτῆς.
3460 2380 3575 2432 Καὶ
3610 2379 3883 2448 βασανιζο-

2324 2472 2457 2542 μένη
2498 2472 2599 2524 οὐκ
2629 2470 2807 2535 ἔστιξε
2836 2469 2950 2542 (72)
2982 2470 3083 2537 τῆς
3122 2470 3361 2541 Χριστοῦ
3390 2469 3582 2539 φιλίας
3609 2469 3710 2539 τὴν
3738 2470 3884 2521 πολυ-

2318 2564 2562 2619 παιδίαν.
2613 2564 2738 2616 Ἐπὶ
2782 2563 2841 2616 δὲ
2881 2562 3075 2616 τούτου
3129 2562 3374 2616 πλεῖστοι
3432 2563 3723 2632 μάρτυρες
3766 2561 3889 2613 κατὰ

2318 2658 2501 2721 πόλεις
2570 2658 2667 2710 καὶ
2742 2656 2885 2710 κατὰ
2964 2655 3157 2725 κώμας
3221 2658 3337 2718 τοῖς
3393 2656 3676 2727 οὐρανίοις
3724 2658 3887 2725 χοροῖς

2320 2749 2857 2821 συγκατελέχθησαν.
2909 2748 3230 2819 Ὠρειγένης
3274 2749 3333 2803 δὲ
3382 2750 3484 2803 οὐκ
3546 2746 3763 2818 ἠξιώθη
3805 2750 3891 2817 τῆς

2320 2842 2633 2915 μαρτυρίας
2681 2844 2740 2895 ὲν
2784 2840 2961 2912 τούτῳ
3022 2842 3309 2911 συσχεθεὶς
3368 2841 3446 2911 τῷ
3495 2841 3730 2912 χρόνῳ,
3788 2837 3891 2890 ἀλλ’

2314 2936 2605 3009 ἡττηθεὶς,
2660 2938 2740 2999 είς
2806 2937 3100 3005 μετάνοιαν
3150 2933 3283 2985 ἐϐίω
3347 2935 3439 2987 τὸν
3498 2932 3702 2986 λοιπον
3740 2928 3893 2985 αὐτοῦ

2315 3029 2528 3100 χρόνον.

2387 3118 2457 3193 η’.
2486 3120 2889 3189 Οὐαλεριανὸς
2905 3118 3266 3189 Χριστιανοὺς
3293 3116 3640 3186 ἐπολέμησε,
3660 3115 3760 3169 καὶ
3773 3112 3896 3166 πυλ-

2313 3214 2396 3268 λοὶ
2420 3215 2515 3268 καλ⁵
2547 3214 2635 3266 ἐπ’
2662 3212 2829 3266 αὐτοῦ
2861 3213 3379 3283 μεμαρτυρήκασιν,
3408 3211 3469 3274 ἐξ
3492 3205 3577 3263 ὧν
3604 3210 3715 3262 είσι
3744 3206 3837 3259 καὶ
3855 3202 3899 3257 οἱ

2315 3306 2374 3358 ἐν
2422 3304 2728 3375 Καισαρείᾳ
2776 3304 2875 3371 τῆς
2927 3302 3298 3372 Παλαιστίνης
3357 3300 3649 3372 μάρτυρες
3716 3297 3899 3367 τρεῖς,

2314 3395 2571 3467 Πρίσκος,
2610 3395 2835 3466 Μάρκος
2869 3394 2964 3447 καὶ
2996 3393 3370 3462 Ἀλέξανδρος.

2382 3485 2447 3541 θ’.
2484 3488 2862 3554 Αὑρηλιανὸς
2890 3488 3034 3539 κινεῖ
3058 3484 3321 3554 διωγμὸν,
3366 3485 3466 3554 οὐχ
3493 3485 3687 3549 οὕτως
3719 3484 3901 3554 ἄγριον

2313 3595 2407 3632 και
2428 3577 2670 3647 ἐμφανῆ.
2703 3577 2880 3631 Μόνον
2899 3576 3008 3646 γὰρ
3033 3575 3140 3629 τῶν
3168 3574 3448 3644 ἀρχόντων
3469 3575 3582 3644 τῆς
3619 3573 3907 3643 συνηθείας

634 3661 905 3718 stratibus
951 3676 1017 3714 ex
1065 3659 1461 3715 consuetudine
1509 3668 1752 3713 veterum
1793 3656 1971 3727 legum
2021 3662 2208 3710 contra

2320 3671 2421 3724 τῶν
2452 3671 2700 3725 παλαιῶν
2747 3671 2928 3740 νόμων
2973 3670 3116 3723 κατὰ
3143 3667 3490 3740 Χριστιανῶν
3535 3669 3598 3722 τί
3660 3665 3908 3737 γίνεσθαι

632 3752 980 3809 Christianos
1012 3752 1144 3822 quid
1174 3752 1443 3820 agendum
1465 3759 1608 3805 esset
1631 3747 1976 3820 signiﬁcavit.

716 3837 805 3895 10.
863 3843 907 3893 Α
958 3840 1290 3895 Diocletiano
1349 3855 1542 3909 magna
1599 3839 1865 3894 adversus
1910 3836 2211 3893 Ecclesiam

635 3937 875 3992 excitata
940 3937 1248 4007 persecutio
1287 3944 1402 3999 est,
1458 3936 1512 3990 in
1564 3951 1671 4006 qua
1724 3944 1779 3990 et
1822 3934 2211 4005 quamplurimi

635 4039 935 4100 martyres,
981 4030 1079 4084 viri
1113 4029 1421 4099 conspicui,
1472 4029 1525 4082 in
1568 4027 1883 4083 testimonio
1912 4026 2034 4081 fidei
2085 4042 2211 4096 per-

636 4122 872 4177 bibendo
911 4122 1251 4177 ell‘ulserunt.
1292 4122 1587 4177 Anthimus
1635 4122 1926 4191 episcopus
1959 4118 2210 4174 Nicome-

634 4213 861 4268 diensis.
903 4212 1134 4267 Pliilaaas
1184 4215 1477 4283 episc0pus
1522 4212 1876 4268 Tbmnensis.
1931 4211 2210 4265 Adauctus

634 4306 902 4362 Catholici
935 4306 1197 4375 dignitate
1222 4307 1533 4366 decoratus,
1563 4304 1616 4359 in
1648 4322 1755 4375 qua
1789 4305 1957 4360 etiam
1989 4302 2209 4370 conspi-

632 4413 770 4453 enus
806 4396 932 4451 fuit.
969 4396 1188 4466 Pelagia
1218 4396 1369 4465 virgo
1395 4396 1762 4459 Autioehena,
1794 4396 1981 4465 junior
2008 4395 2207 4464 puella,

632 4504 756 4557 qua:
796 4505 915 4542 sese.
947 4489 1013 4541 de
1062 4488 1220 4541 tertia
1259 4488 1670 4556 contignatione
1696 4486 1893 4542 domus
1936 4503 2049 4541 suae
2086 4502 2210 4555 pro-

628 4581 780 4649 jeeit.
814 4579 1091 4651 Tyrannio
1115 4580 1408 4648 episcopus
1437 4580 1588 4649 'l‘yri.
1622 4579 1896 4634 Zenobius
1926 4580 2212 4649 presbyter

2322 3761 2398 3832 μὴ
2433 3760 2587 3834 [χρὴ]
2627 3760 2741 3832 (⁷5)
2772 3760 3054 3825 διατάξας.

2389 3852 2440 3907 ι’.
2484 3851 2543 3906 Ὃ
2573 3854 2744 3922 μέγας
2775 3850 2921 3905 κατὰ
2945 3849 3390 3921 τῆςἙκκλησίας
3416 3850 3527 3903 ὑπὸ
3546 3852 3908 3918 Διοκλητια-

2312 3947 2424 4002 νοῦ
2449 3944 2691 4016 διωγμὸς
2723 3944 3023 4014 ἐγείρεται,
3055 3943 3141 4014 ἐφ’
3167 3939 3228 3999 οὗ
3256 3946 3351 3997 καὶ
3374 3942 3577 3998 πολλοὶ
3606 3947 3915 4016 μάρτυρες,

2313 4039 2506 4110 ἄνδρες
2539 4039 2844 4105 ἐπιφανεῖς,
2875 4035 3177 4107 διέπρεψαν
3200 4034 3352 4106 ἐντῷ
3375 4037 3717 4107 μαρτυρίῳ.
3746 4033 3919 4086 Ἀνθι-

2318 4146 2416 4197 μσς
2469 4128 2768 4190 ἐπίσκοπος
2834 4126 3232 4197 Νικομηδείας.
3291 4126 3526 4190 Φιλαίας
3612 4128 3923 4185 ἐπίσκοπος

2312 4219 2568 4290 Θμούιος.
2608 4218 2930 4282 ’Ᾱδαυκτος,
2969 4217 3296 4285 καθολικὺς,
3350 4220 3445 4271 καὶ⁸
3488 4220 3554 4270 ἐν
3599 4217 3767 4287 αὐτῷ
3811 4216 3923 4267 δια-

2314 4312 2540 4383 πρέπων
2568 4310 2646 4381 τῷ
2677 4309 2974 4381 ἀξιώματι.
3005 4310 3248 4378 Πελαγία
3276 4311 3309 4380 ἡ
3337 4312 3395 4363 ἐν
3422 4310 3764 4380 Ἀντιοχείᾳ
3795 4323 3925 4375 παρα

2314 4402 2486 4466 θὲνος,
2512 4402 2608 4454 νέα
2637 4401 2797 4470 κόρη,
2833 4400 3038 4471 ῥίψασα
3072 4399 3276 4471 ἑαυτὴν
3324 4401 3433 4454 ἀπὸ
3476 4400 3799 4469 τριστέγου
3833 4396 3930 4462 τῆς

2318 4495 2453 4558 ἰδίας
2483 4493 2684 4556 οἰκίας.
2719 4490 3038 4562 Τυραννίων
3071 4489 3635 4559 ὲπίσκοπος’Τύρου.
3664 4487 3937 4559 Ζηνόὸιος

2314 4583 2685 4653 πρεσϐύτερος
2709 4583 2957 4646 Σιδῶνος.
2990 4583 3252 4646 Σιλὸανὸς
3275 4582 3600 4645 ἐπίσκοπος
3649 4579 3936 4649 Ἥμισῶν.

632 4677 995 4732 Sidoniensis.
1059 4676 1315 4730 Silvanus
1399 4676 1685 4744 episeOpns
1757 4676 2201 4731 Iletnisenorum.

2324 4676 2601 4746 Ῥωμανος
2646 4675 2943 4737 ἐπίσκοπος
2997 4673 3348 4745 Ἀντιοχείας.
3381 4673 3673 4742 Ζηνόϐιος
3732 4671 3940 4743 ἀρχία-

630 4766 918 4822 Romanus
959 4768 1253 4836 episc0pus
1280 4765 1600 4820 Antiochiae.
1643 4766 1918 4822 Zenobius
1952 4767 2203 4835 princeps

2320 4772 2441 4841 πρὸς
2499 4769 2855 4837 Ἀντιοχείας.
2926 4767 3183 4829 Σιλϐανος
3248 4767 3566 4829 ἐπίσκοπος
3632 4766 3941 4830 Γαζαίων,

633 4862 829 4916 ibidem
886 4862 1239 4918 medicorum.
1305 4860 1561 4915 Silvanus
1599 4861 1893 4929 cpiscopus
1944 4860 2205 4914 Gazensis

630 4970 754 5009 cum
788 4954 912 5008 aliis
942 4971 1031 5008 XL.
1100 4954 1291 5010 Peleus
1347 4963 1403 5009 et
1454 4952 1609 5007 Nilus
1659 4952 1901 5021 episcopi
1942 4951 2203 5022 lEgyptii.

628 5047 951 5118 Pamphilus
972 5049 1259 5120 presbyter
1284 5047 1673 5103 (Imsareensis.
1699 5045 1893 5100 Petrus
1918 5045 2208 5115 episcopus

626 5140 1056 5202 Alexandrinus,
1093 5147 1148 5192 et
1180 5154 1303 5193 cum
1337 5140 1457 5207 ipso
1488 5137 1744 5201 Faustus,
1777 5135 1931 5199 Dius,
1980 5138 2208 5190 Ammo-

628 5245 755 5285 nius
786 5229 1125 5299 presbyteri:
1152 5229 1388 5298 episcopi
1422 5243 1550 5281 vero
1580 5226 1846 5297 Phylu-as,
1879 5226 2207 5298 Hesychius,

626 5320 982 5383 Pachumius,
1018 5321 1359 5376 'lbeodorns.
1394 5320 1564 5375 Gaius
1604 5335 1824 5389 quoque
1862 5318 2143 5374 Laodicea:
2170 5334 2199 5372 a

628 5415 880 5482 plebibus
901 5423 1148 5484 raptatus
1174 5413 1496 5482 martyrium
1517 5412 1665 5468 fecit.
1689 5414 1821 5465 ltcm
1846 5409 2203 5477 Sabinianus,

629 5506 722 5575 qui
766 5521 891 5560 cum
948 5506 1107 5560 miles
1137 5514 1284 5560 esset
1313 5505 1495 5575 gravis
1537 5513 1854 5566 armaturae,
1912 5502 2203 5557 confessus

632 5595 773 5662 quod
822 5594 1173 5649 Christianus
1221 5603 1397 5655 esset,
1446 5592 1627 5646 securi
1663 5590 1989 5660 percutitur.
2036 5589 2206 5654 Quiu-

633 5684 743 5738 imo
777 5686 983 5741 classes
1018 5686 1244 5755 integrae
1284 5683 1515 5737 militum
1552 5698 1675 5736 cum
1727 5682 1964 5735 tribunis
1994 5690 2047 5735 et
2079 5695 2208 5735 cen-

636 5776 971 5837 turionibus,
1004 5775 1223 5845 Spoliali
1255 5776 1426 5829 armis
1452 5775 1777 5843 martyrium
1808 5773 2116 5827 subierunt.

698 5889 810 5953 (7‘2)
848 5890 1006 5959 Forte
1035 5889 1277 5959 ἔστερξε.

2319 4862 2456 4932 μετὰ
2512 4861 2605 4913 καὶ
2635 4860 2812 4913 ἄλλων
2848 4858 2922 4928 μ’.
2970 4858 3181 4927 Πηλεὺς
3230 4856 3328 4911 καὶ
3363 4856 3573 4919 Νεῖλος
3634 4857 3949 4910 ἐπίσκοποι

2315 4953 2626 5022 Αἰγύπτιοι.
2662 4952 2944 5020 Πάμφιλος
2986 4951 3358 5021 πρεσόύτερος
3397 4951 3809 5019 Καισαρείας.
3848 4950 3949 5001 Πέο

2317 5061 2447 5115 τρος
2481 5044 2779 5103 ἐπίσκοπος
2828 5041 3257 5111 Ἀλεξανδρείας,
3290 5041 3384 5093 καὶ
3418 5040 3527 5093 σὺν
3571 5042 3753 5112 αὐτῷ
3782 5057 3954 5111 πρεσ-

2310 5135 2531 5205 ϐύτεροι
2563 5133 2826 5196 Φαῦστος,
2879 5135 3021 5195 Δῖος,
3079 5130 3433 5201 Ἀμμώνιος’
3492 5132 3835 5185 ἐπίσκοποι
3872 5131 3949 5191 δὲ,

2309 5227 2571 5290 Φυλαίας,
2611 5227 2889 5295 Ἠσύχιος,
2927 5227 3261 5295 Παχούμιος,
3317 5225 3651 5292 Θεόδωρος.
3682 5226 3862 5288 Γάϊός
3894 5240 3955 5276 τε

2310 5321 2367 5373 ἐν
2405 5319 2693 5387 Λαοδικείᾳ
2750 5318 2855 5371 ὑπὸ
2912 5318 3021 5369 τῶν
3077 5318 3265 5386 δήμων
3342 5315 3547 5384 συρεὶς
3640 5320 3956 5389 μαρτυρεῖ.

2315 5412 2420 5462 Καὶ
2450 5409 2786 5473 Σαϐινιανὸς,
2838 5407 3182 5478 στρατιώτης
3210 5407 3287 5460 ὢν
3319 5407 3429 5460 τῶν
3463 5406 3778 5473 ὁπλιτῶν,
3827 5410 3963 5476 ὁμο·

2300 5500 2549 5566 -λογήσας
2589 5499 2915 5568 Χριστιανὸς
2946 5495 3105 5563 εἶναι,
3132 5497 3511 5559 πελεκίζεται.
3552 5500 3686 5552 Καὶ
3716 5498 3963 5567 ἀριθμοὶ

2312 5591 2369 5643 δὲ
2400 5590 2685 5661 ὁλόκληροι
2735 5591 3107 5663 στρατιωτῶν,
3143 5590 3282 5661 μετὰ
3310 5589 3417 5642 τῶν
3454 5590 3817 5661 χιλιάρχων
3866 5588 3965 5643 καὶ

2314 5684 2767 5754 ἑκατοντάρχων,
2823 5682 3217 5755 ἀφαιρεθέντες
3252 5681 3361 5735 τῶν
3404 5680 3627 5736 ὅπλων
3702 5680 3966 5753 ἐμαρτύ-

2320 5789 2512 5842 ρησαν.
2571 5790 2577 5796 ·

704 5959 814 6030 (73)
864 5958 999 6015 Vide
1028 5956 1228 6016 Euseb.
1260 5976 1367 6028 vn,
1404 5961 1509 6026 50;
1555 5958 1807 6016 Lactant.
1854 5959 1928 6013 De
1973 5956 2183 6013 mortib.
2217 5972 2412 6029 persec.
2446 5973 2565 6028 cap.
2605 5957 2659 6011 6.
