4044 6466
281 483 355 547 ΗΟ
1325 473 1702 536 LIBELLUS
1741 475 2244 538 MEMORIAIJS.

325 589 444 648 Μετὰ
459 585 630 640 τούτων
649 583 978 653 Μαξιμῖνος
1002 581 1070 639 ια’
1086 585 1324 652 διωγμὸν
1350 587 1674 655 διαδέχεται,
1699 585 1757 638 ὃν
1788 591 1832 643 Α

271 687 392 749 αὐτὸς
411 681 542 735 πάλιν
567 677 766 730 ἔπαυσε
794 678 1346 750 διατάγματι.”Ενθεν
1383 681 1414 751 ή
1463 680 1761 750 Ἐκκλησία

270 781 352 832 τῶν
372 773 583 844 διωγμῶν
609 771 858 825 ἀνεθεῖσα
893 772 1004 826 τῶν
1032 771 1092 838 ἐξ
1134 773 1404 842 Ἑλλήνων
1427 816 1440 840 ,
1467 775 1559 828 ἐπὶ
1599 775 1758 826 Κων-

267 866 482 922 στσντίνου
519 863 600 916 καὶ
630 862 1044 928 Κωνσταντίου,
1087 864 1184 916 καὶ
1213 863 1572 926 Κώνσταντος
1607 864 1760 934 βασι-

266 960 468 1014 λευόντων
496 953 676 1025 πολλὴν
706 954 970 1025 ὑπέμεινε
1012 955 1256 1026 ταραχὴν
1283 955 1389 1008 ὑπὸ
1436 955 1758 1027 Ἀρειανῶν.

309 1135 428 1192 Μετὰ
445 1132 642 1195 τούτους
665 1174 678 1198 ,
713 1133 1049 1188 ’Ῑουλιανοῦ
1083 1133 1506 1202 βασιλεύσαντος
1535 1137 1606 1190 τὰ
1639 1137 1759 1190 Ἐλ-

257 1231 386 1298 λήνων
413 1225 659 1294 ἑλομένου,
700 1225 764 1278 οὐ
797 1224 1088 1290 διώξαντος
1121 1227 1179 1280 δὲ
1203 1229 1326 1290 τοὺς
1370 1229 1755 1298 Χριστιανοὺς,

257 1319 355 1373 ἀλλὰ
377 1316 732 1388 βδελυξαμένου
767 1316 862 1369 καὶ
907 1319 1368 1386 συγγραφομένου
1403 1321 1522 1372 κατ’
1553 1319 1754 1376 αὐτῶν.

254 1411 408 1464 τῶνδὲ
433 1410 600 1480 δήμων
631 1409 773 1462 κατά
801 1426 860 1460 τε
900 1409 1082 1474 πόλεις
1131 1413 1227 1464 καὶ
1280 1411 1494 1480 κώμας,
1525 1413 1624 1482 τῆς
1661 1414 1756 1467 τοῦ

255 1504 454 1572 βασιλέως
495 1501 712 1570 γνώμης
755 1505 1254 1574 συγχρησαμένων,
1287 1505 1438 1558 δεινὰ
1485 1509 1593 1570 τοῖς
1625 1509 1759 1576 Χρι-

249 1597 430 1657 utarei;
466 1593 808 1664 δειχθέντων,
845 1595 998 1648 ἐνθεν
1037 1597 1132 1650 καὶ
1181 1599 1422 1665 αἱρέσεις
1471 1599 1612 1652 κατὰ
1657 1601 1756 1668 τῆς

259 1687 510 1756 Ἐκκλησίας
535 1687 926 1758 ἐπανέστησαν,
963 1689 1070 1742 τῶν
1100 1707 1160 1742 τε
1210 1691 1500 1760 Ἀρειανῶν
1533 1691 1756 1746 καὶτῶν

257 1776 698 1848 Ἄνθρωπολατρῶν.

249 1891 430 1965 ΚΕΦΔΛ.
459 1890 579 1943 PM’.
627 1892 939 1965 —_qu(tt
990 1892 1250 1960 αἱρέσεις
1292 1895 1444 1949 κατὰ
1493 1896 1605 1965 τῆς
1651 1899 1749 1954 ἐκ·

366 1959 782 2030 κλησιαστικῆς
808 1959 1070 2030 πίστεως*
1095 1959 1547 2034 ἐπανέστησαν.

301 2075 463 2142 Πρῶτον
491 2073 580 2126 ἐπὶ
623 2076 696 2146 τῇ
733 2075 987 2146 ὲνσάρκῳ
1043 2077 1140 2130 τοῦ
1187 2079 1391 2148 Κυρίου
1437 2081 1747 2154 παρουσίᾳ,

251 2165 430 2230 γεγόνασί
459 2183 590 2232 τινες
644 2166 997 2236 Ἠρωδιανοί
1021 2211 1038 2238 ,
1085 2171 1320 2241 Χριστὸν
1360 2173 1454 2226 τὸν
1501 2173 1750 2246 Ἡρώδην

244 2251 341 2308 εἶναι
366 2257 602 2326 λέγοντες.

283 2347 332 2418 β’.
357 2352 632 2407 Θευὸιανοί
664 2355 1044 2426 ἀπατηθέντες
1066 2356 1201 2432 (74).
1233 2357 1440 2412 Τούτου
1469 2359 1750 2430 μέμνηται

232 2442 300 2492 καὶ
339 2443 640 2514 Γαμαλιῆλος
706 2447 734 2499 ὁ
803 2437 1296 2516 νομοδιδάσκαλος,
1353 2449 1582 2522 γνώμην
1635 2454 1747 2516 τοῖς

225 2533 506 2604 ἀρχιερεῦσιν
548 2537 972 2608 εἰσηγούμενος,
1031 2540 1447 2612 βουλευομένοις
1505 2560 1558 2596 τι
1617 2543 1750 2614 δρᾷν

227 2625 328 2676 κατὰ
363 2627 454 2678 τῶν
479 2629 794 2684 ἀποστόλων
817 2671 832 2694 ,
865 2632 998 2700 πρὸς
1026 2633 1087 2685 τὺ
1131 2633 1300 2703 μηδέν
1331 2651 1384 2686 τι
1414 2633 1536 2687 κατ’
1569 2635 1749 2690 αὐτῶν

221 2714 410 2782 ἐνεργεῖν
448 2719 642 2786 λέγων’
710 2723 829 2788 Πρὸ
884 2724 996 2792 γὰρ
1049 2725 1280 2778 τούτων
1333 2725 1452 2778 τῶν
1510 2726 1748 2796 ἡμερῶν

219 2803 392 2874 ἀνέστη
423 2808 658 2876 Θευδᾶς,
692 2811 888 2880 λέγων
919 2809 1075 2867 εἶναι
1099 2831 1234 2868 τινα
1259 2813 1499 2872 ἑαυτόν.

271 2899 324 2960 γ’.
351 2896 453 2948 Ἐπὶ
475 2898 578 2952 τῶν
601 2899 934 2954 ἀποστόλων
955 2903 1089 2973 ἄλλη
1115 2903 1329 2974 αἵρεσις
1355 2907 1414 2959 ἐν
1440 2907 1506 2976 τῇ
1547 2905 1741 2977 Ἰερου-

217 2983 354 3053 σαλὴμ
375 2990 684 3056 Αιγυπτίου
713 2991 910 3061 μάγου
941 2993 1085 3056 τινὸς
1121 2996 1352 3066 συνέστη
1379 3037 1395 3062 ,
1429 2997 1524 3050 καὶ⁵
1551 2999 1741 3051 τούτου

215 3077 359 3150 μνήμη
379 3097 450 3144 τις
469 3083 524 3134 ἐν
549 3087 678 3147 ταῖς
711 3086 1098 3152 ἀποστολικαῖς
1128 3090 1365 3160 Πράξεσι
1395 3091 1627 3159 γίνεται,
1651 3093 1740 3146 ὅτε

213 3167 338 3231 φησὶν
379 3170 404 3220 ὁ
445 3171 725 3242 χιλίαρχος
768 3171 845 3243 τῷ
894 3175 1120 3246 Παύλῳ·
1182 3177 1534 3245 Ἑλληνιστὶ
1571 3180 1742 3249 γινώ-

213 3269 368 3360 σιιειςτ
389 3263 494 3316 Οὐκ
521 3257 634 3332 ἆρα
665 3263 756 3318 σὺ
789 3260 844 3318 εἷ
871 3269 902 3319 ό
928 3269 1274 3337 Αὶγύπτιος,
1305 3273 1338 3324 ό
1366 3271 1480 3337 πρὸ
1511 3273 1740 3325 τούτων
1765 3301 1809 3361 C

211 3349 304 3400 ttin-
323 3353 524 3422 ἡμερῶν
543 3356 1008 3426 ἀναστατώσας,
1040 3360 1141 3414 καὶ
1172 3361 1485 3434 ἐξαγαγὼν
1511 3365 1600 3431 είς
1624 3363 1740 3433 τὴν

217 3435 390 3508 ἔρημον
411 3445 528 3513 τοὺς
569 3451 1101 3519 τετρακισχιλίους
1135 3451 1362 3522 ἄνδρας
1399 3452 1522 3508 τῶν
1568 3470 1742 3509 σικα-

206 3531 360 3601 pic-tr;

255 3624 306 3681 δ’.
329 3631 677 3698 Iniurias-ot.
715 3638 900 3709 Σίμων
927 3639 1020 3694 καὶ
1049 3637 1214 3702 αὐτὸς
1245 3637 1340 3691 ἐπὶ
1371 3637 1480 3693 τῶν
1508 3639 1739 3706 ἀποστὸ-

197 3716 280 3772 λων
300 3723 446 3792 μάγος
475 3731 776 3800 γενόμενος
796 3771 812 3793 ,
853 3731 1064 3802 αἵρεσιν
1091 3731 1180 3784 διὰ
1223 3731 1322 3800 τῆς
1351 3731 1462 3786 τῶν
1495 3733 1738 3803 σημείων

195 3813 240 3862 ἓν
265 3816 424 3888 τέρασι
443 3821 672 3892 ψευδοῦς
719 3827 1000 3892 ἐνδείξεως
1029 3827 1314 3898 εἰσήγαγε,
1347 3827 1522 3894 λέγων
1549 3827 1740 3881 ἑαυτὸν

191 3901 298 3960 εἶναι
343 3913 428 3964 τοῦ
477 3917 614 3969 Θεοῦ
647 3916 756 3986 τὴν
803 3917 1050 3988 μεγάλην
1092 3917 1346 3988 δύναμιν.
1389 3919 1501 3970 Καὶ
1542 3917 1738 3972 τούτου

191 4001 340 4072 μνιξμη
369 4021 446 4066 τις
473 4009 530 4058 ἐν
557 4012 684 4073 ταῖς
719 4009 962 4080 Πράξεσι
989 4009 1096 4062 τῶν
1131 4009 1450 4063 ἀποστόλων
1481 4011 1735 4081 φέρεται.

237 4099 286 4144 ε’.
325 4095 635 4154 Ἔϐιωναῖοι
656 4143 670 4162 ,
711 4103 805 4155 καὶ
848 4097 996 4156 οὗτοι
1027 4103 1171 4156 κατὰ
1203 4105 1331 4167 τοὺς
1364 4104 1474 4156 τῶν
1507 4105 1738 4158 ἀποστό-

187 4179 266 4232 ὶωδ
285 4187 492 4256 χρόνους
517 4193 805 4260 γεγόνασι,
831 4193 1056 4263 πτωχοὶ
1083 4195 1535 4266 ἐρμηνευόμενοι,
1563 4195 1650 4250 διὰ
1677 4195 1738 4250 τὸ

183 4275 282 4342 περὶ
299 4279 386 4348 τὴν
405 4281 588 4336 πίστιν
617 4286 954 4355 πτωχεύειν.
981 4286 1060 4339 Τὰ
1081 4287 1190 4357 γὰρ
1215 4286 1508 4358 σωματικᾶ
1529 4287 1738 4359 νόμιμα.

181 4363 410 4434 limitatio;
446 4375 725 4428 ἐπιτελεῖν
757 4377 837 4430 ἔτι
876 4377 1158 4448 βούλονται
1189 4380 1318 4442 τοὺς
1352 4379 1600 4442 πιστούς.

227 4465 290 4522 ς’.
320 4465 432 4518 Εἰσὶ
462 4469 558 4520 καὶ
599 4469 757 4522 ἄλλοι
803 4468 1154 4533 Ἐϐιωναῖοι,
1188 4472 1234 4523 οἱ
1273 4471 1367 4524 καὶ
1409 4471 1736 4539 Ναζωραῖοι

177 4551 479 4620 καλούμενοι,
515 4557 588 4609 τὰ
625 4559 774 4610 αὐτὰ
807 4559 909 4628 μὲν
948 4557 1076 4638 περὶ
1103 4560 1172 4612 τὰ
1213 4561 1495 4624 Μωῦσέιςς
1525 4563 1734 4631 νόμιμα

3345 483 3450 549 150

1937 588 2022 640 ll.
2061 587 2384 643 [Maximinus
2423 599 2544 659 pust
2602 591 2699 646 hos
2747 591 3097 646 undecimam
3135 595 3450 664 aggreditur

1865 681 2302 747 persecutionem
2332 699 2344 737 :
2376 695 2540 750 quam
2572 681 2802 752 ipsemet
2833 694 3022 754 postea
3055 685 3276 739 decreto
3301 703 3440 740 cont.

1867 773 2102 839 pescuit.
2137 772 2404 845 Deinceps
2433 774 2678 830 Ecclesia
2702 790 2731 829 a
2759 777 3235 844 persecutionibus
3261 779 3448 834 inlide-

1867 863 1996 916 lium
2057 864 2354 928 immunis,
2420 867 2524 922 sub
2593 867 3010 936 imperatoribus
3066 867 3450 938 Constantino,

1863 952 2186 1009 Constantio
2215 967 2380 1028 atque
2405 955 2705 1014 Constante
2733 961 2932 1015 multas
2966 961 3226 1018 sustinuit
3257 962 3450 1020 turbas

1864 1048 1933 1102 ab
1963 1048 2206 1104 Arianis.

1935 1139 2022 1193 1‘2.
2047 1139 2268 1194 Iuliano
2307 1149 2496 1210 postea
2531 1141 2897 1212 imperitante,
2926 1144 3019 1212 qui
3051 1145 3266 1199 etlmica
3297 1145 3448 1199 insti-

1863 1239 1976 1284 tuta
2007 1233 2294 1301 amplexus
2332 1242 2440 1296 est,
2475 1247 2578 1288 nec
2608 1243 2934 1302 persecutus
2962 1243 3048 1288 est
3078 1241 3281 1299 tamen,
3316 1236 3444 1290 abo-

1859 1322 2100 1379 minatus
2133 1323 2511 1388 Christianos,
2535 1333 2726 1380 contra
2766 1339 2908 1394 quos
2939 1325 3104 1380 etiam
3139 1326 3308 1381 libros
3335 1329 3446 1382 edi-

1859 1413 1970 1481 dit;
2011 1430 2132 1468 cum
2161 1416 2348 1485 pepuli
2377 1431 2472 1486 per
2495 1416 2659 1470 urbes
2689 1425 2854 1485 atque
2883 1418 3036 1472 vicos
3069 1418 3124 1472 in
3152 1419 3444 1488 perniciem

1859 1517 2102 1560 nostram
2137 1508 2400 1577 imperiali
2435 1516 2716 1561 uterentur
2753 1524 2956 1574 sensu,
2997 1509 3447 1580 Christianosque

1857 1598 2150 1651 crudeliter
2177 1597 2528 1666 exciperent;
2567 1597 2692 1650 hinc
2716 1599 2884 1650 etiam
2905 1597 3142 1652 haereses
3175 1597 3440 1654 adversus

1859 1689 2154 1745 Ecclesiam
2187 1698 2322 1745 ortae
2352 1702 2500 1755 sunt,
2535 1690 2652 1744 sive
2675 1687 3006 1744 Arianorum
3043 1690 3156 1745 sive
3194 1689 3444 1745 llomini~

1867 1781 2135 1835 colarum.

1854 1893 2007 1950 CAP.
2041 1893 2200 1950 CXL.
2243 1925 2310 1937 —
2353 1893 2494 1960 Quot
2537 1897 2754 1947 Inureses
2795 1893 3040 1949 Ecclesia:
3081 1896 3241 1964 ﬁdem
3286 1913 3444 1966 appe—

2541 1967 2760 2018 tierunt.

1925 2079 2170 2134 Primum
2194 2077 2312 2146 ipso
2329 2076 2565 2131 adventu
2592 2075 2804 2129 Domini
2829 2075 2881 2129 in
2905 2092 3089 2142 carne,
3113 2078 3442 2134 exstiterunt

1853 2169 2076 2238 quidam
2145 2166 2466 2230 Herodiam',
2527 2165 2621 2235 qui
2689 2162 2935 2221 dicerent
2999 2167 3264 2222 Herodem
3322 2184 3444 2225 esse

1852 2263 2154 2316 Christum.

1922 2355 1974 2408 2.
2017 2353 2312 2410 Tlteudiaui
2335 2372 2364 2411 a
2396 2357 2618 2413 Tltcuda
2649 2359 2884 2428 decepti,
2914 2358 3069 2425 cujus
3097 2358 3428 2412 mentionem

1853 2446 1984 2502 facit
2033 2447 2196 2501 etiam
2241 2449 2576 2506 Gamalielus
2613 2451 2751 2520 legis
2800 2451 3008 2516 doctor,
3039 2449 3173 2522 dum
3217 2457 3442 2503 senten-

1853 2540 1979 2592 tiam
2011 2553 2166 2592 suam
2208 2541 2556 2607 pontificibus
2589 2543 2820 2597 suadere
2851 2543 3127 2596 nitebatur
3149 2585 3163 2606 ,
3213 2541 3304 2608 qui
3345 2555 3442 2593 ue-

1853 2624 1967 2676 scio
2000 2625 2129 2692 quid
2165 2640 2325 2694 agere
2357 2627 2608 2682 volebant
2647 2631 2910 2682 adversus
2946 2629 3240 2697 apostolos.
3277 2637 3338 2681 ut
3377 2645 3444 2680 ne

1853 2715 1982 2784 quid
2011 2716 2274 2772 adversus
2303 2719 2425 2774 illos
2457 2731 2812 2785 conarentur,
2847 2721 3102 2790 inquiens
3137 2739 3148 2774 :
3189 2721 3317 2774 Aule
3347 2721 3440 2772 hos

1850 2807 1988 2860 enim
2030 2809 2142 2862 dies
2175 2813 2406 2865 surrexit
2442 2811 2718 2874 Theudae,
2754 2813 2932 2866 dicens
2963 2828 3018 2865 se
3049 2812 3272 2880 aliquem
3309 2828 3438 2864 esse.

1920 2901 1974 2955 5.
2007 2901 2393 2972 Apostolorum
2429 2913 2674 2975 tempore
2699 2905 2802 2958 alia
2835 2905 3058 2959 luet'esis
3084 2903 3316 2959 conﬂata
3349 2913 3434 2957 est

1848 2993 2244 3066 Hierosolymis
2279 2997 2568 3066 cujusdam
2603 2997 2746 3066 magi
2785 2995 3028 3068 Λῖρῃριξὶ
3062 3013 3080 3051 :
3115 2997 3273 3065 cujus
3301 3013 3442 3066 quo-

1844 3100 1952 3155 que
1987 3086 2244 3140 nonnulla
2292 3089 2500 3142 mentio
2529 3089 2583 3142 in
2626 3089 2948 3157 apostolicis
2985 3089 3209 3143 Actibus
3245 3103 3440 3142 occur-

1844 3177 1937 3242 rit,
1973 3178 2192 3247 quando
2229 3179 2305 3233 ait
2339 3179 2592 3235 tribunus
2638 3179 2812 3234 Paulo
2857 3199 2872 3235 :
2921 3179 3160 3235 Grmcam
3200 3177 3435 3251 linquam

1843 3269 2048 3325 calles?
2074 3268 2156 3322 Au
2187 3285 2288 3324 non
2317 3285 2440 3341 ergo
2456 3288 2508 3326 es
2532 3281 2586 3325 lu
2612 3269 2900 3342 ngyptius
2931 3271 3041 3336 ille,
3071 3271 3161 3341 qui
3185 3281 3308 3326 ante
3340 3275 3434 3325 hos

1843 3362 1956 3415 dies
2007 3363 2294 3418 seditiones
2341 3365 2622 3418 concitavit
2653 3403 2668 3426 ,
2727 3365 3010 3434 eduxilque
3058 3365 3110 3418 iu
3167 3363 3432 3418 desertum

1842 3463 2072 3524 quatuor
2104 3453 2279 3510 millia
2300 3455 2571 3510 hominum
2598 3457 2956 3512 sicariorum?
3031 3447 3040 3456 ⁵

1913 3635 1966 3689 4.
1993 3633 2311 3689 Simoniani.
2345 3633 2535 3689 Simon
2561 3645 2614 3690 et
2652 3635 2770 3705 ipse
2797 3649 2988 3704 magus
3030 3643 3272 3704 tempore
3301 3647 3432 3702 apo-

1842 3725 2106 3781 stolorum
2145 3725 2266 3790 fuit,
2305 3727 2664 3797 lueresimque
2703 3727 2916 3782 induxit
2937 3741 3034 3798 per
3060 3727 3342 3796 signorum
3373 3742 3436 3780 ac

1843 3817 2218 3886 prodigiorum
2277 3819 2594 3873 mendacem
2649 3819 3060 3883 ostensionem,
3121 3819 3310 3874 dicens
3375 3833 3436 3874 se

1841 3925 1964 3965 esse
1991 3909 2083 3965 Dei
2129 3925 2379 3982 magnam
2419 3913 2740 3980 potentiam.
2773 3911 2839 3965 Et
2875 3911 3037 3981 hujus
3067 3921 3248 3967 exstat
3276 3913 3434 3966 me‘n-

1842 4002 1919 4056 tio
1950 4001 2132 4070 aliqua
2167 4003 2220 4056 in
2249 4003 2474 4059 Actibus
2503 4004 2902 4074 apostolorum.

1913 4093 1967 4148 5.
2009 4093 2280 4161 Ebionwi,
2323 4097 2426 4165 ipsi
2464 4111 2681 4165 quoque
2719 4097 2938 4152 fuerunt
2973 4095 3116 4150 circa
3151 4095 3434 4166 apostolo-

1841 4200 1960 4238 rum
1995 4199 2260 4254 tempora,
2281 4187 2372 4254 qui
2405 4185 2670 4254 Paupe‘res
2703 4188 3150 4257 interpretantur,
3181 4195 3432 4258 propter-

1845 4285 1906 4323 ea
1975 4271 2120 4338 quod
2153 4272 2336 4342 inopia
2371 4273 2492 4328 [ldci
2525 4273 2778 4330 laborant
2807 4295 2821 4331 :
2855 4277 3160 4347 corporalia
3195 4293 3432 4348 namque

1737 4387 1746 4396 ·
1842 4373 2044 4420 statuta
2071 4363 2274 4438 Moysis
2308 4367 2646 4421 contendunt
2675 4367 2858 4423 fideles
2889 4367 3086 4424 debere
3114 4369 3430 4424 observare.

1915 4457 1966 4510 6.
2007 4455 2150 4512 Sunt
2191 4469 2244 4511 et
2278 4459 2368 4512 alii
2407 4458 2668 4526 Ebionmi,
2718 4461 2811 4530 qui
2849 4462 3016 4526 etiam,
3051 4459 3308 4516 Νασανωί
3337 4477 3430 4515 vo-

1839 4563 2055 4605 cantur.
2094 4551 2153 4604 lli
2187 4552 2330 4606 circa
2361 4553 2552 4622 legalia
2595 4553 2798 4625 Moysis
2833 4555 3057 4624 perinde
3098 4555 3318 4625 quidem
3350 4563 3430 4608 at-

171 4643 258 4704 τθξ
291 4644 456 4710 ἄλλοις
497 4649 883 4719 διακείμενοι,
915 4649 979 4703 οὐ
1025 4649 1133 4722 μὴν
1179 4651 1270 4704 τὸν
1319 4651 1523 4720 Κύριον
1569 4653 1728 4722 ἡμῶν

1855 4661 1942 4711 jue
1986 4643 2371 4700 antecedentes
2407 4645 2584 4701 affecti
2641 4655 2801 4704 sunt:
2837 4647 3197 4702 nihilominus
3247 4657 3428 4700 tamen

141 4739 148 4762 '-
183 4731 350 4800 Ἰησοῦν
389 4739 630 4809 Χριστὸν
661 4781 678 4806 ,
711 4741 846 4794 Θεοῦ
877 4743 1072 4810 Λόγον,
1117 4745 1546 4814 προϋπάρχοντα
1591 4741 1730 4799 εἶναι

169 4823 274 4877 Θεὸν
297 4831 381 4882 καὶ
401 4830 540 4884 Θεοῦ
566 4833 706 4887 Υἰὺν
731 4831 1069 4898 δοξάζοντες,
1100 4833 1216 4888 ἀλλ’
1245 4833 1536 4905 ἄνθρωπον
1562 4837 1730 4908 τιμῆς

169 4917 262 4970 υἱοῦ
281 4921 402 4976 Θεοῦ
429 4926 772 4995 ηξιωμένον.

217 5007 270 5072 ξ’-
305 5015 770 5084 Μενανδριανοί.
832 5018 1143 5088 Μένανδρός
1192 5037 1278 5081 τις
1326 5019 1434 5072 ἀπὸ
1481 5019 1729 5090 Σίμωνος

169 5101 452 5175 ἀποσχίσας,
480 5112 706 5164 ἄνωθεν
749 5111 940 5164 ἑαυτὸν
976 5111 1160 5180 ἔλεγεν
1188 5113 1583 5180 καταπέμφοαι
1616 5111 1728 5181 (75)

165 5191 222 5254 εἰς
259 5193 602 5252 διδασκαλίαν
639 5199 758 5270 (76)
814 5200 968 5254 τοῦδε
1006 5201 1102 5254 τοῦ
1153 5202 1384 5272 κόσμου.
1432 5203 1729 5272 Ἀγγέλους

167 5285 401 5348 γεγονέναι
430 5291 678 5354 πολλούς
713 5309 864 5356 τινας
893 5293 987 5346 καὶ
1011 5293 1443 5366 ἀναριθμήτους.

213 5383 268 5444 η’.
301 5383 806 5450 Σατορνηλιανοὶ.
860 5384 920 5437 '0
951 5386 1286 5457 Σατορνῆλος
1314 5383 1468 5451 οὗτος
1496 5389 1604 5440 ἀπὸ
1632 5389 1726 5442 τοῦ

159 5467 431 5542 Μενάνδρου
461 5477 692 5545 διέστη,
721 5476 786 5528 δι’
812 5476 952 5530 ἑπτὰ
979 5479 1140 5546 μόνον
1167 5479 1420 5547 ἀγγέλων
1445 5482 1732 5549 γεγονέναι

159 5564 446 5631 παραδιδοὺς
495 5571 594 5622 τὸν
644 5569 858 5640 κόσμον
879 5615 892 5636 ,
927 5571 1044 5625 ἀλλ’
1096 5571 1160 5624 οὐ
1191 5571 1281 5626 διὰ
1315 5571 1582 5627 πλειόνων
1604 5613 1619 5637 ,
1659 5573 1734 5636 ὡς

157 5651 427 5728 Μένανδρος
447 5661 808 5716 ύπετὸπασε.

211 5815 304 5878 (τι)
333 5819 490 5876 Deest
525 5823 645 5875 ἀπὸ
674 5823 872 5876 Θευδᾶ.

213 5887 304 5948 ίῖἓὶι
333 5891 564 5946 Καταπε
579 5891 835 5958 πέμφθαι
869 5893 951 5950 vel
979 5894 1462 5968 καταπεμφθῆναι.

1845 4753 1950 4790 non
1975 4739 2614 4794 arbitranturDominum
2643 4751 2888 4795 nostrum
2915 4741 3100 4796 Jesum
3125 4741 3426 4804 Christum,

1843 4831 1934 4884 Dei
1967 4829 2203 4885 Verbum
2234 4871 2248 4896 ,
2295 4833 2761 4901 przecxsistcntem
2817 4833 2984 4887 fuisse
3028 4833 3191 4886 Deum
3231 4831 3428 4902 Deique

1817 4919 2060 4984 'Filium,
2091 4923 2188 4976 sed
2219 4923 2494 4978 hominem
2528 4925 2736 4978 honore
2766 4925 3048 4994 dignatutn
3085 4923 3180 4977 lilii
3217 4923 3333 4978 Dei.

1909 5015 1959 5069 7.
1999 5015 2400 5070 Meuandriaui.
2449 5015 2681 5083 Quidam
2727 5017 3020 5071 Menander
3059 5015 3354 5072 schismate
3399 5033 3425 5069 ιι

1839 5107 2064 5163 Simone
2125 5107 2446 5178 sejunctius,
2496 5109 2713 5164 coalitus
2778 5111 2958 5164 aiebat
3009 5123 3068 5164 se
3123 5108 3422 5162 demissum

1839 5201 2005 5255 luisse
2027 5201 2092 5256 ad
2113 5203 2471 5257 erudiendum
2500 5203 2645 5258 hunc
2675 5205 2938 5258 muudmn
2969 5221 2982 5257 :
3011 5203 3230 5273 angelos
3259 5199 3422 5256 exsti-

1837 5295 1970 5349 tisse
2008 5295 2444 5365 quamplurimos
2470 5305 2522 5350 et
2552 5297 3001 5352 innumerabile<.

1907 5387 1958 5442 8.
1991 5386 2383 5442 Salurneliaui.
2423 5387 2750 5444 Salurnclus
2783 5405 2814 5443 a
2841 5387 3138 5442 Menandro
3172 5387 3419 5450 dissidet,

1841 5479 2047 5535 docens
2069 5497 2164 5550 per
2183 5491 2386 5550 septem
2417 5481 2581 5536 modo
2601 5481 2823 5552 angelos
2847 5479 3048 5535 factum
3081 5479 3247 5534 fuisse
3263 5493 3420 5534 mutt-

1841 5573 2000 5640 dum,
2059 5574 2150 5628 sed
2195 5589 2304 5627 non
2341 5587 2435 5640 per
2467 5573 2649 5641 plures
2676 5613 2690 5636 ,
2742 5583 2799 5627 ut
2855 5573 3142 5626 Menander
3187 5570 3422 5626 absurde

1841 5675 2186 5722 commentus
2212 5673 2315 5721 est.

1908 5823 2017 5892 (78)
2080 5820 2294 5892 Fabric.
2342 5827 2515 5892 putat
2567 5819 2854 5892 legendum
2897 5818 2976 5878 εἰς
3030 5817 3414 5873 διδασκαλία-ι·

1835 5888 2056 5956 κτίστας
2087 5891 2237 5945 τοῦδε
2271 5891 2360 5944 τοῦ
2399 5889 2602 5961 κόσμου
2639 5888 2918 5958 ἀγγέλους,
2959 5899 3068 5944 etc.
