4044 6466
614 436 713 498 lii
2143 446 2211 505 JC

2234 447 2446 509 SEPPI
3746 464 3827 531 152

674 556 727 604 υ.
767 549 1098 607 Basilidiani.
1134 549 1398 607 Basilides
1431 550 1484 605 in
1516 551 1752 623 Egypto
1782 551 1975 608 fuerat.
2007 552 2187 624 lnquit
2215 566 2259 618 Α

2231 566 2259 618 δ
2361 560 2425 615 θ’.
2453 562 2917 618 Βασιλειδιανοί.
2952 561 3012 617 Ὀ
3037 563 3356 634 Βασιλείδης
3384 564 3441 619 ὲν
3465 567 3703 643 Αἰγύπτῳ
3727 576 3828 644 ἐγε.

603 658 725 698 esse
760 643 865 697 365
896 645 1092 709 caelos,
1131 658 1363 712 quormn
1404 645 1567 698 etiam
1604 645 1825 699 nomina
1866 646 2077 701 recitat.
2121 647 2178 701 In

2283 652 2451 720 γόνει.
2487 653 2589 718 τξε⁸
2616 650 2757 708 εἶναι
2781 654 2931 723 λέγει
2976 656 3260 725 οὐρανοὺς,
3285 659 3380 711 καὶ
3403 656 3633 729 ὀνόματα
3652 643 3829 733 τούτοις

603 733 777 803 pretio
808 733 969 788 habet
1008 734 1330 788 vocabulum
1365 734 1639 798 Abraxas,
1675 736 1875 805 quippe
1899 735 2043 806 quod
2076 751 2181 789 nn-

2284 745 2633 817 ἐπιφημίζει,
2670 748 2760 799 καὶ
2789 747 2851 799 τὺ
2883 746 3149 815 ἀόραεᾶς
3189 749 3365 820 ὄνομα
3394 755 3549 823 τιμᾷ,
3582 756 3829 830 ἰσάριθμον

604 843 812 882 merum
858 827 1123 881 caelorum
1159 828 1438 881 contineat
1477 839 1531 882 et
1562 828 1775 883 dierum
1808 830 1936 884 anni
1975 848 1988 883 :
2041 830 2184 883 valet

2285 834 2344 888 ὃν
2375 836 2483 888 τῶν
2512 838 2759 908 οὐρανῶν
2798 840 2892 892 καὶ
2934 840 3159 911 ἡμερῶν
3190 841 3286 894 τοῦ
3324 843 3587 898 ἐνιαυτοῦ.
3628 827 3832 917 Τριακο-

602 920 746 973 enim
782 927 1053 973 trecentos
1098 928 1151 972 et
1184 920 1465 989 sexaginta
1514 921 1793 989 quinque,
1828 920 1871 975 si
1908 921 2180 977 calculum

602 1010 907 1065 litterarum
946 1010 1122 1065 ineas.

2051 921 2180 974 Ilum
2287 929 2437 990 σιευς
2468 929 2577 1000 γὰρ
2607 930 2701 983 καὶ
2732 930 2996 1001 ἑξήκοντα
3028 934 3191 987 πέντε
3232 933 3443 1005 ψήφους
3484 937 3648 1007 φέρει.

624 1010 907 1065 itterarum
946 1010 1122 1065 ineas.

672 1100 760 1156 1ο.
794 1100 1102 1156 Nicolaum.
1132 1102 1390 1158 Nicolaus
1418 1107 1485 1158 de
1512 1114 1718 1175 septem
1737 1100 1987 1158 diaconis
2020 1118 2184 1167 unus,

2360 1104 2413 1161 ι’.
2443 1109 2809 1164 Νικολαῖται.
2841 1111 3108 1176 Νικόλαος
3139 1113 3249 1167 ἀπὸ
3272 1115 3381 1168 τῶν
3404 1114 3544 1168 ἑπτὰ
3570 1117 3830 1186 διακόνων,

599 1196 695 1265 qui
736 1210 861 1250 cum
895 1197 1164 1265 apostolis
1195 1195 1437 1251 fuerunt.
1478 1196 1617 1251 Cum
1657 1195 1968 1251 communia
2003 1204 2189 1249 essent

2285 1199 2397 1252 τῶν
2435 1202 2495 1254 ὲν
2534 1203 2649 1266 τοῖς
2692 1204 3013 1269 ἀποστόλοις
3037 1248 3052 1273 ,
3082 1202 3164 1270 εἷς
3196 1208 3435 1276 ἐγένετο,
3482 1206 3571 1263 Ἐν
3596 1211 3672 1282 τῷ
3706 1217 3837 1268 κοινὰ

600 1287 857 1344 omnibus
882 1289 1100 1355 omnia,
1132 1290 1299 1344 etiam
1332 1305 1566 1344 uxorum
1602 1288 2051 1347 communionem
2098 1286 2189 1341 in-

2289 1289 2429 1347 εἶναι
2457 1294 2531 1349 τά
2559 1297 2737 1350 πάντα
2769 1300 2881 1363 τοῖς
2908 1302 3064 1363 πᾶσι,
3093 1302 3188 1354 καὶ
3213 1301 3313 1365 τὰς
3342 1304 3607 1371 γυναῖκας
3640 1307 3837 1378 είσηγηι

600 1381 780 1446 duxit,
812 1389 869 1436 et
898 1380 1160 1437 inusitata
1186 1381 1437 1451 quaedam
1471 1381 1693 1435 nomina
1722 1376 2045 1434 honoranda
2076 1384 2190 1433 tra—

2291 1387 2547 1459 σάμενος,
2580 1391 2674 1444 καὶ
2704 1389 2831 1458 ξένα
2855 1392 2977 1448 τινὰ
3007 1394 3251 1465 όνόματα
3279 1395 3544 1465 τιμᾶσθαι
3578 1376 3839 1470 παραδούς.

602 1473 764 1527 didit.

676 1564 767 1619 11.
789 1563 1028 1620 Guouici
1052 1566 1105 1620 in
1130 1564 1365 1636 Egypto
1387 1572 1675 1635 coeperunt
1697 1563 1983 1618 haereticos
2005 1575 2187 1633 agere.

2364 1567 2453 1623 ια’.
2491 1570 2823 1625 Γνωστικοί
2861 1572 2920 1624 ὲν
2950 1571 3213 1642 Αἰγύπτῳ
3244 1571 3481 1644 ἡρξαντο
3523 1573 3846 1645 αίρεσιάζειν,

603 1655 816 1710 Alicubi
836 1658 1001 1711 etiam
1027 1655 1365 1721 Borboriam',
1393 1655 1449 1710 b.
1476 1670 1528 1709 e.
1560 1653 1831 1719 lntulenti,
1862 1653 2188 1708 vocitantur.

2289 1660 2523 1732 ἀλλαχοῦ
2553 1662 2612 1716 δὲ
2641 1664 3020 1731 Βορσοριανοί
3059 1663 3471 1734 κικλήσκονται.
3521 1667 3843 1736 Αἰσχροποιοὶ

604 1746 933 1816 Turpissimi
968 1749 1056 1803 isti
1091 1747 1344 1803 homines
1374 1745 1682 1801 Barbitoten
1711 1754 1766 1800 et
1795 1745 2029 1799 Barbara
2061 1760 2191 1814 pro-

2291 1749 2436 1809 οὗτοι
2466 1753 2566 1825 τὴν
2596 1756 2981 1823 Βαρὸιλώτην
3010 1756 3105 1809 καὶ
3127 1757 3403 1827 Baptism
3427 1757 3541 1830 (77)
3571 1757 3851 1831 προφέρου-

606 1840 866 1895 nnntiant
897 1840 952 1895 in
988 1840 1106 1895 suis
1139 1840 1417 1911 precibus.

2223 1906 2263 1917 _
2295 1863 2379 1900 σιν
2409 1848 2467 1899 ἑν
2498 1848 2620 1910 ταῖς
2649 1848 2831 1901 αὐτῶν
2859 1850 3063 1917 εὖχαίς.

679 1932 768 1986 12.
807 1931 1019 2002 Ορίιίιω
1052 1906 1167 1986 sive
1211 1929 1564 2001 Serpentarii.
1601 1928 1694 1983 Isti
1749 1938 2055 1997 serpentem
2096 1942 2189 1980 co-
2223 1906 2267 1967 Β

2259 1912 2267 1961 ί
2378 1932 2463 2006 ιβ’.
2502 1906 2748 2005 Ὀέῖταα
2782 1906 2954 1993 Οὗτοῖ
2991 1906 3083 1993 τδν
3107 1940 3230 2009 ὅφιν
3255 1942 3462 2011 τιμῶσι
3487 1939 3587 1994 καὶ
3606 1940 3856 2011 προτίθεν-

603 2035 727 2082 .υηι
752 2034 804 2079 et
857 2025 1073 2094 plurimi
1117 2024 1358 2079 omnium
1392 2021 1633 2085 fariunt;
1669 2019 1868 2089 quippe
1904 2017 1997 2088 qui
2029 2017 2195 2071 fuerit

2302 2045 2413 2093 ται,
2439 2028 2517 2093 ὠς
2544 2030 2639 2082 καὶ
2666 2030 2839 2084 αίτιον
2868 2031 3123 2099 γνώσεως
3156 2032 3468 2104 ἀνθρώποις
3504 2033 3799 2103 γενόμενον.

602 2130 770 2172 causa
793 2115 1123 2185 cognitionis
1156 2113 1493 2168 hominibus.

680 2205 769 2260 13.
799 2204 992 2259 Caiani
1019 2205 1251 2260 Cainum
1285 2213 1541 2273 reputant
1572 2202 2008 2273 gloriﬁcandum,
2035 2203 2194 2273 quasi

2377 2211 2468 2274 ιγ’.
2500 2206 2744 2260 Κατανοί
2789 2206 2880 2260 τὸν
2914 2206 3053 2261 Καῒν
3081 2206 3157 2271 ὡς
3192 2205 3440 2278 μεγάλην
3489 2205 3616 2260 τινὰ
3658 2204 3862 2276 δύναμιν

602 2298 698 2369 qui
729 2313 922 2367 magna
954 2296 1204 2368 quaedam
1235 2298 1409 2350 virtus
1435 2294 1619 2350 fuerit.

1301 2305 1409 2350 rtus
1435 2294 1619 2350 fuerit.
2304 2299 2567 2366 γεγονότα
2596 2298 2898 2364 δοξάζουσι.

684 2391 768 2445 14.
805 2388 1026 2444 Setlu'ta:
1068 2388 1292 2443 Sethum
1317 2426 1332 2451 ,
1369 2397 1625 2457 tanquam
1683 2403 1711 2442 a
1755 2402 1989 2458 superna
2025 2395 2198 2442 matre

2376 2388 2455 2442 ιδ’.
2487 2388 2731 2455 Σηθῖται
2757 2389 2849 2443 τὸν
2887 2388 3019 2459 Σὴθ,
3044 2388 3121 2453 ὠς
3149 2388 3258 2443 ἀπὸ
3284 2388 3384 2460 τῆς
3414 2388 3536 2441 ἄνω
3575 2386 3770 2459 μητρὸς
3798 2385 3869 2438 ἑλ-

605 2484 912 2541 νεηὶεηιειη
964 2482 1031 2536 ad
1085 2482 1369 2535 conditum
1432 2481 1558 2535 novi
1614 2482 1843 2539 mundi.
1902 2480 2192 2535 honorant.

2304 2479 2464 2533 θόντα
2492 2480 2571 2542 είς
2594 2479 2714 2533 νέου
2746 2480 2951 2551 κόσμου
3004 2478 3394 2551 δημιουργίαν,
3421 2478 3693 2550 τιμῶσιν,
3718 2478 3868 2547 ἀρχὰς

606 2576 957 2644 Principatus
989 2589 1052 2629 ac
1080 2583 1374 2643 potestates
1418 2589 1514 2643 pro
1552 2573 1868 2628 numinibus
1898 2572 2121 2626 habent.

1503 2590 1514 2625 ι
1552 2573 1868 2628 numinibus
1898 2572 2121 2626 habent.
2305 2572 2397 2625 καὶ
2426 2570 2673 2637 ἐξουσίας
2707 2570 3100 2635 θεοποιοῦντες.

683 2670 770 2723 15.
810 2667 1217 2735 Carpocratiani
1249 2668 1300 2720 in
1339 2667 1466 2721 Asia
1512 2665 1753 2720 fuerunt.
1792 2666 2060 2735 Imagines
2093 2666 2187 2717 lm-

2376 2670 2457 2719 ιε’.
2496 2664 3030 2732 Καρποκρατιανοί,
3061 2665 3118 2717 ὲν
3150 2667 3217 2734 τῇ
3262 2664 3419 2737 Ἀσίᾳ
3450 2665 3745 2733 γεγόνασιν
3767 2704 3781 2725 ,
3806 2662 3871 2713 εί-

610 2761 821 2816 minum
842 2800 860 2827 ,
895 2760 987 2829 qui
1019 2759 1105 2813 vel
1133 2758 1273 2827 apud
1304 2759 1532 2829 gentiles
1560 2758 1909 2812 admirationi
1970 2757 2191 2823 fuerint,

2303 2759 2465 2821 κόνας
2494 2757 2601 2811 τῶν
2647 2757 3069 2827 θαυμασθέντων
3102 2756 3411 2828 ἀνθρώπων
3457 2757 3561 2811 καὶ
3605 2754 3757 2826 παρά
3782 2755 3877 2815 τοῖς

610 2855 894 2924 pingentes
920 2854 1214 2908 honorant.
1239 2850 1368 2907 Jesu
1399 2867 1620 2922 quoque
1642 2851 1881 2906 animam
1912 2851 1965 2905 in
1992 2850 2191 2905 cmlum

2303 2848 2564 2918 Ἕλλησι,
2596 2848 2907 2919 γράψαντες
2933 2847 3156 2917 τιμῶσι.
3188 2849 3300 2902 Καὶ
3340 2846 3443 2919 τὴν
3488 2847 3671 2918 Ἰησοῦ
3718 2843 3876 2915 ψυχὴν

613 2962 885 3003 reversam
918 2945 1096 3011 aiunt,
1131 2954 1190 3000 ut
1223 2960 1346 3015 quae
1373 2944 1482 3000 Deo
1514 2945 1770 3015 placeret.

2303 2944 2384 3006 εἰς
2409 2942 2635 3011 οὐρανὸν
2660 2940 3068 3012 ἀνεληλυθέναι,
3104 2940 3179 3004 ὡς
3218 2940 3524 3010 εὐάρεστον
3559 2935 3642 3009 τῷ
3666 2936 3779 3005 Θεῷ
3800 2950 3881 3003 γε-

2302 3039 2543 3105 γονυῖαν,
2576 3036 2768 3107 φασίν.

685 3124 773 3180 16.
806 3123 1157 3181 Cerinthiani.
1181 3122 1475 3178 Cerinthus
1503 3122 1572 3176 ab
1602 3122 1793 3191 angelo
1819 3121 1987 3190 legem
2012 3120 2191 3173 datam

2380 3128 2476 3194 ις’.
2514 3127 2916 3195 Κηρινθιανοί.
2955 3124 3231 3197 Κήρινθος
3264 3124 3370 3179 ὑπὸ
3405 3123 3657 3194 ἀγγέλου
3694 3120 3781 3174 τὸν
3808 3116 3884 3171 νό-

612 3218 787 3275 fuisse
810 3216 1036 3281 ludatis,
1072 3231 1182 3271 non
1211 3216 1265 3270 in
1300 3216 1504 3271 bonum
1531 3214 1638 3268 illis
1679 3227 1957 3268 cessuram
1992 3211 2189 3264 aiebat.

2307 3237 2405 3291 μον
2430 3218 2676 3273 δεδόσθαι
2720 3215 3022 3279 Ἰουδαίοις,
3055 3216 3157 3269 οὐκ
3188 3217 3268 3278 εἰς
3298 3214 3514 3284 ἀγαθὸν
3552 3212 3740 3275 αὐτοῖς
3764 3225 3883 3281 πριο-

2304 3312 2609 3383 6ησόμενον
2641 3310 2766 3380 ἔφη.

686 3396 775 3451 17.
802 3394 1103 3449 Valentiani
1133 3393 1591 3449 resurrectionem
1614 3408 1735 3448 esse
1760 3400 1960 3462 negant
1988 3411 2001 3448 :
2037 3392 2202 3448 Vetus

2377 3403 2463 3469 ιζ’.
2500 3402 2926 3458 Obuia-tiara!
2953 3398 3067 3473 (78)
3098 3399 3399 3455 ἀνάστασιν
3430 3397 3499 3452 οὗ
3530 3412 3702 3469 φασιν
3729 3391 3886 3454 εῖναι,

614 3489 905 3560 repudiant
927 3486 1338 3543 Testamentum
1386 3504 1401 3540 :
1434 3486 1708 3541 Christum
1738 3486 1804 3539 de
1833 3485 1970 3540 ccelo
2001 3500 2202 3555 corpus

2304 3497 2551 3551 Παλαιὰν
2579 3495 2835 3550 ἀθετοῦσι
2857 3492 3260 3564 Διαθήκην,τδν
3283 3490 3535 3561 Χριστὸν
3562 3489 3661 3544 ἀπ’
3681 3483 3893 3558 οὐρανοῦ

615 3581 867 3636 ὃιιιιιὶιεθ
891 3580 1101 3635 νοιυιιιο
2306 3591 2465 3661 σῶμα
2498 3589 2820 3661 ἑνηνοχέναι
2854 3587 3158 3659 βούλονται.

693 3673 780 3725 18.
821 3669 1117 3724 Ριοίεηιωί.
1166 3669 1211 3723 Α
1260 3668 1549 3723 Valentino
1598 3668 1924 3724 Ptolemaeus
1979 3669 2199 3739 quidam

2377 3683 2467 3752 ιη’.
2492 3680 2869 3751 Πτολεμαῖοι.
2911 3677 3047 3734 Ἀπὸ
3067 3674 3425 3731 Οὐαλεντίνου
3453 3668 3805 3743 Πτολεμαῖός
3826 3682 3897 3725 τις

618 3763 915 3821 dissidens,
961 3761 1213 3831 coniugia
1239 3776 1452 3815 manum
1483 3761 1553 3815 50
1589 3760 1778 3815 haeresi
1812 3758 2204 3815 Valentinianum

2301 3775 2558 3840 διαστὰς,
2592 3772 2855 3842 συζυγίας
2884 3769 3096 3825 αἰώνων
3126 3768 3289 3823 τινῶν
3326 3765 3398 3835 λ’,
3438 3770 3515 3839 τῇ
3552 3760 3897 3820 Οὐαλεντίνου

620 3854 1012 3927 superaddidit.

2305 3864 2517 3935 αἱρέσει
2551 3865 2892 3934 προσήγαγε.

694 3948 782 4004 19.
813 3946 1158 4003 Secundiam'.
1187 3943 1419 4011 Quidam
1465 3942 1752 3999 Secundus
1781 3942 1883 3998 fuit
1912 3958 2036 3998 cum
2062 3958 2203 4013 quo-

2377 3952 2463 4007 ιθ’.
2515 3951 2965 4006 Σελουνδιανοί.
3010 3948 3304 4013 Σεκοῦνδός
3348 3966 3437 4012 τις
3492 3947 3729 4017 ἐγένετο
3778 3938 3904 4013 μετά

620 4043 746 4097 dam
775 4039 984 4096 lsidoro
1008 4048 1062 4095 et
1085 4038 1383 4109 Epipliane.
1416 4037 1479 4092 lli
1501 4052 1656 4092 ca'cae
1686 4035 2045 4091 Valentiniani
2076 4051 2201 4092 sen-

2316 4042 2589 4114 Ἰσιδὼρου
2618 4041 2766 4105 τινὸς
2809 4038 3299 4110 καὶ”Επιφανοῦς.
3343 4033 3518 4093 Οὗτοι
3563 4040 3637 4109 τῇ
3680 4032 3906 4090 υύαλεν-

620 4135 805 4191 tentia:
830 4134 995 4189 etiam
1023 4141 1208 4202 turpes
1237 4128 1482 4185 actiones
1516 4130 1861 4185 addiderunt.

2309 4136 2451 4190 τίνου
2477 4134 2653 4206 τυφλῇ
2682 4132 2879 4205 γνώμῃ
2920 4134 3014 4187 καὶ
3041 4131 3440 4201 αἰσχρουργίας
3474 4126 3906 4200 προστέθεικαν.

691 4226 783 4282 20.
816 4223 1201 4278 Heracleo"in
1236 4222 1306 4277 ab
1337 4221 1562 4277 lleracla
1595 4222 1859 4292 quodam,
1886 4224 2203 4281 octonarios

2375 4226 2446 4283 κ’.
2491 4224 2880 4294 Ἠρακ.1ἐονες
2912 4224 3020 4276 ἀπὸ
3058 4221 3308 4292 Ἠρακλᾶ
3330 4236 3509 4285 τινος,
3540 4216 3811 4287 ὀγδοάδας
3836 4230 3912 4264 τι·

620 4317 887 4386 quosdam
925 4314 1273 4369 honorandos
1310 4312 1755 4380 introduxerunt,
1784 4330 2023 4385 suosque
2052 4332 2201 4371 mor-

2315 4320 2400 4381 νάς
2436 4318 2601 4388 τιμᾷν
2629 4314 2984 4386 εἰσήχθησαν,
3025 4316 3120 4367 καὶ
3152 4312 3279 4375 τοὺς
3314 4310 3716 4373 ἀποθανόντας
3742 4305 3912 4361 αὐτῶν

619 4420 743 4466 tuos
793 4406 1076 4463 llebraicis
1122 4406 1588 4471 invocationibus,
1638 4418 1802 4476 atque
1829 4406 2057 4463 balsami
2095 4424 2200 4464 un-

2317 4416 2360 4464 lv
2398 4409 2709 4481 Ἑϐραϊκαῖς
2733 4408 3076 4479 ἐπικλήσεσι,
3109 4405 3205 4460 καὶ
3233 4403 3311 4475 τῷ
3340 4403 3437 4456 τοῦ
3485 4402 3608 4458 ἀπὸ
3644 4398 3914 4473 βαλσάμου

621 4502 785 4573 guine
816 4499 1008 4555 redimi
1044 4507 1392 4569 putaverunt.

2307 4501 2466 4573 μύρῳ
2487 4499 2818 4571 λυτροῦσθαι
2843 4497 3150 4569 νομίζουσι.
3845 4528 3856 4551 ›

694 4596 785 4649 21.
814 4594 1087 4647 Marcosii.
1116 4590 1349 4656 Quidam
1393 4589 1603 4645 Marcus
1634 4591 1733 4647 fuit
1760 4591 2041 4647 Colobarsi
2069 4610 2199 4647 cun-
2228 4597 2282 4657 D

2379 4599 2484 4647 κα’.
2516 4593 2869 4661 Μαρκόσιοι.
2908 4590 3135 4660 Μάρκος
3160 4604 3245 4650 τις
3279 4585 3593 4661 γεγένῃται
3622 4582 3920 4649 Κολωϐαρ-

622 4688 957 4758 discipulus,
988 4686 1080 4757 qni
1124 4687 1233 4739 duo
1282 4685 1547 4753 principia
1580 4686 1819 4749 invexit,
1859 4695 2198 4741 mortuorum

2327 4684 2407 4738 τοῦ
2436 4683 2831 4754 συμφοιτητὴς,
2847 4681 2941 4736 δύο
2962 4682 3137 4753 ἀρχὰς
3154 4679 3414 4747 εἰσάγων,
3438 4664 3678 4749 νεκρῶν
3696 4675 3924 4729 ἀνάστα-

625 4795 830 4850 negans
864 4778 1349 4835 resurrectionem.

1054 4778 1349 4832 ectionent.
2310 4792 2395 4829 σιν
2424 4774 2651 4829 ἀθετῶν.

696 4871 788 4926 22.
832 4871 1150 4927 Colobarsii.
1196 4870 1525 4927 Colobarsns
1574 4870 1763 4925 eadem
1817 4871 2087 4925 sentiebat
2116 4880 2201 4924 at-

2382 4866 2483 4938 κβ’.
2521 4865 2953 4933 Κολωὸαρσίοι.
3008 4862 3070 4915 '0
3122 4858 3499 4929 Κολωδαρσδς
3542 4858 3779 4928 Μάρκῳ
3838 4853 3930 4925 μὲν

624 4977 731 5032 que
751 4962 987 5026 Marcus,
1020 4972 1076 5016 at
1098 4962 1319 5031 insuper
1353 4960 1618 5030 quosdam
1644 4960 1956 5016 octonarios
1984 4960 2204 5029 adjecit.

2309 4962 2379 5017 τά
2402 4961 2539 5015 αὐτὰ
2569 4958 2801 5031 φρονῶν,
2838 4956 3096 5028 προσθεὶς
3118 4955 3176 5008 δὲ
3202 4955 3297 5007 καὶ
3324 4952 3609 5020 ὀγδοάδας
3642 4951 3827 5013 τινάς.

696 5053 789 5107 25.
822 5052 1162 5107 Cerdom’ani.
1198 5052 1425 5118 Quidam
1458 5052 1636 5106 Cerdo
1678 5048 1921 5106 Heraclae
1958 5064 2203 5105 errorem

2384 5052 2489 5123 κγ’.
2517 5051 2935 5121 Κερδωνιανοί.
2968 5048 3193 5119 Κέρδων
3214 5063 3297 5109 τις
3329 5046 3602 5115 Ἡρακλᾶ
3622 5044 3934 5113 διαδέχεται

626 5144 924 5215 adoptavit,
978 5153 1034 5198 et
1077 5144 1186 5199 duo
1242 5143 1515 5198 contraria
1570 5142 1833 5212 principia
1886 5134 2204 5203 constituit,

2337 5148 2415 5217 τὴν
2440 5145 2670 5215 πλάνην.
2706 5143 2799 5197 δύο
2820 5142 2879 5196 δὲ
2901 5140 3077 5211 ἀρχὰς
3103 5137 3350 5201 ἐναντίας
3378 5137 3671 5206 ἀλλήλαις
3696 5131 3934 5200 ὑπεστή-

623 5236 1014 5308 Christumque
1048 5251 1147 5291 nec
1185 5252 1249 5291 ex
1300 5235 1407 5290 Deo
1453 5246 1662 5304 natum,
1682 5236 1881 5299 aiebat,
1921 5248 2096 5302 neque
2138 5247 2205 5287 ex

2341 5255 2466 5300 ἀτο,
2515 5236 2607 5288 τὸν
2658 5234 2716 5287 δὲ
2748 5230 2985 5303 Χριστὸν
3030 5230 3170 5300 μήτε
3203 5230 3268 5280 ὲκ
3305 5225 3399 5279 τοῦ
3442 5225 3604 5279 Θεοῦ
3650 5222 3938 5293 γεννητδν,

629 5325 795 5383 Maria
837 5342 975 5383 esse.
1019 5324 1492 5383 lit-surrectionem
1530 5337 1709 5397 negat,
1730 5337 1784 5381 et
1815 5324 1983 5381 Vetus
2009 5322 2204 5380 Testa-

2343 5331 2453 5400 ιήτε
2493 5331 2557 5381 ἐκ
2600 5326 2820 5395 Μαρίας
2849 5320 3011 5377 εἶναι.
3064 5322 3390 5375 Ἀνάστασιν
3420 5318 3637 5371 ἀθετεῖ
3658 5358 3675 5382 ,
3708 5318 3809 5371 καὶ
3842 5313 3940 5383 τὴν

630 5427 872 5475 mentum
907 5435 1013 5475 non
1041 5419 1301 5475 admittit.

2309 5420 2555 5476 Παλαιὰν
2589 5418 2865 5489 Διαθήκην
2889 5416 2949 5470 οὐ
2977 5414 3363 5486 παραδέχεται.

698 5511 789 5566 24.
823 5512 1203 5569 Marcionistw.
1235 5513 1437 5570 Marcio
1462 5513 1723 5571 Ponticus
1754 5515 1874 5570 fuit.
1901 5512 2026 5568 Tria
2053 5512 2206 5584 prin-

2382 5511 2479 5567 κδ’.
2532 5508 3001 5581 Μαρκιωνισταί.
3045 5504 3312 5578 Μαρκίων
3364 5504 3661 5566 Ποντικὸς
3724 5501 3942 5571 γέγονε.

630 5602 771 5675 cipia
801 5618 922 5659 esse
955 5607 1284 5673 somniabat,
1314 5607 1785 5677 bonum.jnstum,
1815 5606 2039 5661 malum.
2066 5606 2199 5659 Eum

2347 5607 2469 5678 ’ρεῖς
2498 5607 2672 5678 ἀρχὰς
2698 5599 2837 5658 εἶναι
2862 5602 3134 5669 ἐδόξασεν,
3162 5596 3389 5669 ἀγαθὸν,
3416 5595 3685 5665 δίκαιον,
3715 5594 3944 5667 φαῦλον.

704 5799 1016 5882 (77)._Qua51
1046 5804 1195 5859 dicas
1216 5804 1505 5882 harben/io,
1536 5808 1699 5864 lilium
1730 5807 1980 5875 dominii,
2010 5816 2063 5865 et
2086 5806 2205 5861 bar-

1592 5808 1699 5864 inm
1730 5807 1980 5875 dominii,
2010 5816 2063 5865 et
2086 5806 2205 5861 bar-
2389 5804 2500 5878 (78)
2538 5804 2700 5862 Forte
2726 5797 3184 5882 Genlawtyzavol.

633 5871 776 5925 vero.
804 5868 979 5926 ﬁlium
1008 5876 1289 5931 creatoris.
1494 5868 1504 5874 ⁷
1969 5868 1979 5875 ’
2396 5868 2406 5878 Ἰ
2482 5868 2493 5877 ι
2982 5868 2999 5886 '
