4044 6438
334 408 420 471 15‘}
1461 406 1834 468 LIBELLUS
1876 408 2388 470 MEMORIALIS.

3466 406 3569 472 15$

334 520 424 574 Τὸν
439 518 492 572 δὲ
513 516 609 588 τὴν
632 514 865 572 Παλαιὰν
885 516 963 587 τῷ
997 516 1214 588 Ἰσραὴλ
1238 516 1698 588 νομοθετήσαντα,
1724 522 1874 572 ἐναν-

2016 537 2141 576 orro
2160 522 2251 591 qui
2274 519 2445 576 Vetus
2467 520 2875 574 Testamentum
2901 516 3082 572 ἰέναι»ιὶ
3109 517 3223 585 lege
3244 517 3425 571 sanxit
3443 516 3589 572 Novo

328 614 434 667 τίαν
467 608 623 665 οὖσαν
652 613 714 681 τῇ
742 611 914 681 Καινῇ
940 650 954 673 ,
986 609 1174 680 ἕτερον
1204 610 1306 679 ἔφη
1342 609 1477 662 Θεὸν
1523 608 1684 665 εἶναι.
1721 613 1883 666 Ἀνά-

333 722 497 758 στασιν
559 705 773 767 ἀθετεῖ,
834 702 1121 773 βάπτισμα
1203 702 1465 765 πολλάκις
1525 706 1635 766 τοῖς
1702 706 1886 769 αὐτοῖς

326 798 515 852 δίδωσιν
556 797 649 849 ἐπὶ
705 796 994 866 ἁμαρτιῶν
1044 796 1216 849 λύσει.
1290 794 1471 867 ’Υπὲρ
1522 800 1888 868 κοιμωμένων

327 888 645 959 βαπτίζουσι.

384 977 473 1034 κε’.
507 981 954 1035 Λουκιανισταί.
981 979 1210 1043 Λούκιός
1236 998 1342 1043 τις,
1368 980 1491 1051 οὐχὶ
1517 982 1545 1034 ὁ
1580 980 1879 1049 Ἀρειανὸς,

324 1073 492 1139 γέγονε
511 1073 651 1141 μετὰ
674 1071 1000 1141 Μαρκίωνα,
1027 1072 1094 1123 τὰ
1115 1072 1445 1141 Μαρκίωνος
1468 1072 1878 1142 διαδεξαμενος,

323 1164 402 1217 καὶ
429 1162 583 1232 ἕτερα
613 1164 796 1225 αὐτοῖς
827 1163 1181 1232 ὲπιπροσθεὶς
1218 1162 1561 1235 ἀτοπώτερα.

382 1253 485 1319 ις’.
519 1254 910 1308 Ἀπελλιανοί.
955 1255 1088 1306 ’Λπὸ
1120 1255 1421 1308 Ἀπελλάου
1443 1255 1589 1318 τινὸς
1623 1256 1883 1328 ἤρξαντο.

325 1344 533 1409 Κακίζει
574 1346 631 1398 δὲ
663 1346 763 1416 τὴν
810 1348 1031 1417 ποίησιν
1065 1349 1269 1410 πᾶσαν,
1302 1347 1379 1411 ὡς
1408 1351 1505 1403 καὶ
1532 1352 1559 1403 ὸ
1590 1350 1880 1420 Μαρκίων.

331 1440 398 1492 Οὐ
422 1441 561 1509 τρεῖς
589 1438 645 1490 δὲ
685 1439 860 1509 ἀρχὰς
887 1435 1061 1504 εἶπεν,
1092 1439 1166 1504 ὡς
1190 1442 1401 1505 ἐκεῖνος
1422 1481 1438 1504 ,
1472 1441 1588 1495 ἀλλ’
1617 1442 1715 1495 ἕνα
1752 1442 1886 1495 Θεὸν

326 1528 637 1600 πεποιηκότα
655 1529 787 1582 Θεὸν
812 1529 1022 1598 ἕτερον,
1039 1530 1132 1585 τὸν
1151 1531 1252 1601 τῆς
1276 1532 1509 1595 κτίσεως
1527 1532 1885 1605 δημιουργόν.

380 1708 469 1774 κζ’.
501 1709 789 1765 Τατιανοί.
828 1710 1095 1773 Τατιανὸς
1136 1713 1194 1765 ὲν
1224 1715 1289 1781 τῇ
1354 1713 1752 1784 Μεσοποταμίᾳ
1787 1731 1886 1782 γε·

325 1802 466 1868 γόνει,
489 1803 583 1870 τὴν
635 1801 1029 1871 Ἐγκρατητῶν
1063 1803 1277 1875 αἵρεσιν
1325 1806 1741 1875 συστησάμενος
1763 1849 1778 1872 ,
1819 1807 1887 1877 ἢν

328 1892 472 1944 ἴσασιν
489 1892 535 1944 οἱ
570 1892 779 1945 πολλοί.

382 1991 469 2053 κη’.
504 1986 757 2055 Φρύγες.
807 1988 1105 2051 Μωντανός
1151 2004 1237 2051 τις
1296 1988 1391 2042 καὶ
1442 1988 1744 2059 Πρισκίλλα
1782 1989 1884 2059 τὴν

335 2078 503 2147 αἰρεσιν
528 2079 587 2129 ἑν
617 2080 687 2148 τῇ
731 2079 947 2150 Φρυγίᾳ
986 2081 1390 2150 συνεστήσαντο
1410 2123 1424 2146 ,
1457 2081 1746 2145 Πεπουζᾶν
1788 2082 1886 2135 Ἰε-

330 2169 574 2239 ρουσαλὴμ
598 2171 790 2235 αὐτοῖς
820 2172 977 2225 πόλιν
1006 2171 1107 2241 τῆς
1130 2172 1372 2241 Φρυγίας
1401 2173 1789 2244 ποιησάμενοι.

380 2262 467 2316 κθ’.
495 2262 888 2324 Πεπουζὶανοί
910 2265 1018 2318 ἀπὸ
1041 2264 1329 2335 Πεπούζης
1348 2265 1449 2334 τῆς
1474 2266 1718 2336 Φρυγίας
1744 2266 1891 2319 οὕτω

322 2358 874 2427 προσαγορευόμενοι,
933 2356 1223 2410 κοινωνίαν
1273 2357 1515 2428 ἄθεσμον
1568 2356 1888 2429 ποιούμενοι

322 2446 444 2499 κατὰ
470 2448 573 2499 τῶν
606 2447 1045 2522 δυσσεσούντωνι

376 2536 430 2588 λ’.
462 2539 1198 2607 Τεσσαρεσκωδεκατῖται,
1213 2539 1276 2594 τὸ
1291 2540 1484 2610 Πάσχα
1508 2541 1569 2594 ὲν
1590 2557 1890 2611 τεσσαρεσ-

322 2631 594 2703 καιδεκάτῃ
631 2632 740 2701 τῆς
780 2631 1014 2701 σελήνης
1066 2632 1207 2702 μετὰ
1261 2631 1533 2685 Ἰουδαίων
1580 2634 1885 2696 τελοῦντες.

375 2720 465 2775 λα’.
493 2722 749 2790 Ἀλογοι
774 2740 922 2786 τινες
955 2722 1266 2792 κληθέντες,
1295 2722 1385 2775 διὰ
1409 2722 1471 2775 τὸ
1517 2723 1591 2793 μὴ
1635 2722 1886 2793 δέχεσθαι

318 2812 393 2863 τὸν
413 2812 573 2880 Λόγον
600 2816 661 2867 ἐν
690 2816 840 2884 ἀρχῇ
884 2813 1018 2867 Θεὸν
1044 2813 1173 2866 ὄντα
1209 2812 1348 2883 πρὸς
1379 2812 1470 2866 τὸν
1499 2813 1724 2882 Πατέρα
1744 2851 1760 2872 .
1794 2815 1889 2866 καὶ

317 2904 390 2957 διὰ
412 2904 561 2957 τοῦτο
594 2906 741 2975 μήτε
792 2906 1040 2958 Ἰωάννου
1080 2905 1411 2973 Εὐαγγέλιον
1443 2905 1713 2975 δέχεσθαι,
1751 2907 1888 2977 μήτε

318 2994 400 3058 τὴν
440 2991 811 3061 Ἀποκάλυψιν
845 2992 1034 3047 αὑτοῦ.

377 3081 465 3152 λβ¹.
511 3084 917 3139 Θεοδοτιανοι.
963 3084 1220 3149 Θεόδοτός
1257 3101 1342 3148 τις
1382 3085 1453 3138 ἐν
1489 3084 1569 3155 τῷ
1602 3086 1889 3158 Βυζαντίῳ

321 3175 621 3244 γενόμενος,
680 3175 974 3246 ἄνθρωπον
1024 3173 1181 3230 εἶπεν
1242 3172 1384 3229 εἶναι
1428 3177 1665 3247 Χριστὸν
1709 3177 1884 3247 ψιλὸν,

324 3270 525 3338 μετοχῆς
549 3267 691 3321 Θεοῦ
716 3268 1043 3338 ἠξιωμένον.

383 3361 466 3423 λτι.
525 3358 922 3427 Ἀρτεμιανοί.
986 3358 1278 3429 ’Δρτεμίας
1334 3359 1527 3428 γέγονὲ
1576 3378 1661 3425 τις
1710 3366 1767 3415 ἐν
1814 3366 1880 3434 τῇ

342 3447 483 3519 ’Aoia,
514 3449 615 3521 τὴν
674 3450 939 3504 Θεοδότου
998 3451 1213 3522 αἵρεσιν
1242 3453 1503 3523 τιμήσας.
1563 3452 1883 3523 ’Ἄνθρωπον

327 3537 413 3605 γὰρ
436 3532 576 3592 εἶπεν
615 3538 783 3609 ψιλὸν
814 3539 907 3592 τὸν
936 3540 1196 3611 Χριστὸν,
1224 3540 1285 3595 ὲν
1318 3542 1468 3614 αὐτῷ
1496 3542 1589 3596 τὸν
1618 3544 1754 3597 Θεὸν
1782 3545 1883 3597 A6-

317 3644 398 3696 γον
428 3634 696 3684 κατοικεῖν
730 3631 1128 3703 εύδοκήσαντα.

373 3718 458 3774 λό’.
484 3722 1051 3791 Μελχισεδεκιανοί,
1081 3723 1318 3795 δύναμιν
1343 3723 1479 3778 Θεοῦ
1501 3724 1591 3779 τὸν
1612 3726 1881 3795 Μελχισεο

310 3808 393 3863 δὲκ
420 3807 554 3865 εἶναι
594 3812 885 3881 νομίζουσι
909 3852 926 3876 ,
957 3813 1053 3867 καὶ
1082 3815 1163 3877 είς
1202 3815 1364 3868 αὐτὸν
1393 3817 1574 3879 πάσας
1605 3815 1705 3878 τὰς
1733 3816 1880 3884 Γρα-

310 3902 403 3968 cpi;
429 3905 798 3975 ἀναφέρουσιν
817 3946 833 3971 ,
864 3904 1026 3958 αὐτὸν
1052 3901 1193 3960 εἶναι
1218 3907 1471 3976 λέγοντες
1499 3907 1591 3961 τὸν
1619 3908 1878 3977 Χριστόν.

368 3993 457 4049 λε’.
488 3991 779 4049 Nae-(itm.
810 3994 1061 4059 Ναυᾶτος
1084 3997 1375 4066 μετανοίας
1404 3998 1606 4068 τρόπον
1630 3996 1743 4067 (79)
1769 3999 1882 4061 τοῖς

305 4088 704 4159 ἁμαρτάνουσιν
725 4088 786 4142 οὐ
807 4088 1045 4143 δίδωσιν.
1073 4082 1233 4143 Οὗτοι
1256 4089 1314 4143 δέ
1335 4092 1472 4145 εἰσιν
1500 4091 1550 4143 οί
1575 4090 1885 4159 Καθαροὺς

304 4180 519 4245 ἑαυτοὺς
552 4180 1127 4252 προσαγορεύσαντες.

367 4272 473 4335 λς’.
496 4274 879 4340 Σευηριανοί.
902 4272 941 4324 Γ
944 4274 1173 4335 υναῖκας
1198 4275 1226 4326 ό
1242 4274 1481 4345 Σευῆρος
1506 4278 1880 4348 παραιτεῖται,

302 4362 521 4435 δύναμιν
552 4365 852 4435 ἀριστερὰν
885 4363 1055 4434 αὐτὴν
1090 4364 1290 4419 καλῶν.
1327 4367 1431 4419 Τὸν
1458 4364 1602 4421 οἶνον
1635 4369 1881 4421 ἁποὸάλ-

302 4454 477 4519 λεται,
513 4456 625 4509 ἀπὸ
658 4455 859 4525 μίξεως
889 4455 1184 4525 δράκοντος
1214 4459 1308 4509 καὶ
1334 4460 1431 4529 τῆς
1457 4458 1560 4529 γῆς
1592 4459 1755 4528 φῦναι
1783 4460 1882 4531 τὴν

304 4546 539 4614 ἄμπελον
560 4546 816 4615 φάσκων.

367 4637 457 4701 λζ’.
500 4636 953 4706 Βαρόισανῖται.
1004 4639 1137 4691 Ἀπὸ
1173 4640 1503 4709 Βαρδισὰνου
1537 4641 1683 4706 τινὸς
1717 4643 1775 4696 ὲν
1814 4646 1880 4715 τῇ

303 4727 697 4799 Μεσοποταμίᾳ.
731 4730 1017 4797 γεγονότος
1036 4770 1051 4795 ,
1078 4724 1226 4784 οὗτοι
1254 4731 1311 4785 δὲ
1350 4733 1687 4803 ἁνεφύησαν.
1729 4735 1886 4789 Ἀνάο

306 4836 491 4875 στασιν
523 4820 787 4875 ἀθετοῦσιν
826 4821 1117 4892 σώματος,
1170 4824 1266 4877 καὶ
1313 4824 1410 4895 τὴν
1458 4825 1738 4896 σάρκωσιν
1786 4825 1882 4880 τοῦ

302 4911 549 4984 Σωτῆρος
594 4915 738 4967 κατὰ
768 4915 1073 4984 φαντασίαν
1106 4914 1440 4985 γεγενῆσθαι
1475 4916 1738 4971 τίθενται.
1855 4919 1857 4922 ⁴

362 5008 461 5074 λη’.
501 5004 884 5060 Ἑλκεσιανοὶ
912 5007 972 5059 ὲν
1001 5008 1068 5077 τῇ
1107 5006 1341 5079 Ἀραϐίᾳ
1372 5009 1686 5077 γεγόνασιν.
1720 5004 1883 5065 Οὗτοι

304 5098 402 5151 ἀπό
431 5116 579 5159 τινος
634 5097 873 5152 Ἐλκασᾶ
899 5099 1405 5174 ψευδοπροφητείας
1443 5102 1730 5175 φέροντεςο
1766 5104 1885 5158 ἐλέ-

302 5202 453 5254 γοντο
488 5189 549 5243 δὲ
581 5190 679 5243 καὶ
709 5191 1029 5260 Σαμψαῖοι.

365 5278 464 5337 16'.
495 5285 911 5350 Βυριλλιανοί.
942 5286 1199 5357 Βύριλλός
1229 5304 1312 5351 τις
1340 5289 1396 5340 ὲν
1418 5289 1485 5359 τῇ
1528 5286 1759 5359 ’Δραϐίεμ⁹
1790 5287 1884 5341 καὶ

303 5366 450 5437 οὗτος
482 5376 760 5445 γεγονὼς,
802 5377 1089 5446 ἄνθρωπον
1130 5380 1223 5433 τὸν
1252 5381 1488 5451 Χριστὸν
1517 5382 1789 5451 ἐνόμισεν,
1824 5381 1886 5433 οὐ

306 5467 568 5537 πρότερον
601 5468 763 5521 αὐτὸν
790 5469 920 5522 ὄντα
966 5471 1059 5523 τὸν
1091 5472 1327 5542 Χριστὸν
1365 5472 1537 5540 Λόγον
1580 5469 1890 5543 παραδεξά-

307 5572 490 5625 μενος.

374 5648 446 5719 μ’.
475 5651 821 5707 Οὐαλέσιοι.
856 5653 1091 5727 Οὐάλης,
1113 5658 1142 5710 ὁ
1160 5656 1219 5710 ἐν
1245 5658 1311 5727 τῇ
1350 5655 1579 5729 ’Δραδίᾳ
1614 5654 1709 5710 καὶ
1728 5648 1886 5720 οὗτος

376 5826 486 5892 (79)
511 5829 675 5888 Forte
698 5831 881 5890 τόπον.

1991 615 2351 676 contrarium,
2386 613 2553 667 alium
2582 611 2800 667 dicebat
2824 625 2946 666 esse
2979 609 3167 664 Deum.
3205 608 3582 662 Resurrcctio-

1992 722 2115 760 nem
2146 706 2374 775 respuit.
2409 703 2691 773 Baptisma
2722 702 3004 757 multoties
3034 700 3242 755 eisdem
3266 698 3589 753 conferebat

1992 799 2045 850 in
2084 798 2461 854 remissionem
2490 805 2868 866 peccatorum.
2899 793 3187 864 Baptizant
3208 806 3306 862 pro
3332 791 3583 845 mortuis.

2060 974 2150 1029 25.
2190 973 2528 1027 Luciauirtaz.
2571 971 2805 1037 Quidam
2849 970 3054 1025 Lucius
3076 1012 3090 1033 ,
3127 984 3237 1022 non
3267 969 3457 1038 utique
3488 968 3581 1023 ille

1989 1069 2229 1123 Arianus
2255 1107 2271 1130 ,
2313 1075 2437 1137 post
2483 1067 2817 1120 Marcionem
2869 1062 3005 1126 fuit,
3042 1063 3240 1132 placita
3287 1060 3586 1116 Marcionis

1990 1162 2259 1231 adoptans
2283 1198 2299 1222 ,
2348 1159 2563 1227 aliaque
2607 1157 2767 1227 longe
2795 1155 3117 1210 absurdiora
3148 1155 3255 1209 illis
3285 1152 3577 1221 adjiciens.

2058 1253 2149 1307 εδ.
2180 1249 2464 1319 Αρείιὸαηὶ.
2491 1248 2533 1301 Δ
2568 1249 2808 1318 quodam
2848 1245 3071 1315 Apellae
3117 1251 3419 1314 coeperunt.
3461 1241 3579 1296 Ma-

1990 1345 2097 1399 lam
2128 1359 2252 1399 esse
2286 1343 2364 1397 ait
2402 1340 2714 1395 universam
2755 1346 3101 1401 creaturam,
3152 1346 3211 1389 ut
3259 1343 3316 1390 et
3354 1334 3581 1389 Marcio.

1991 1437 2111 1491 Non
2170 1445 2353 1491 tamen
2397 1444 2455 1488 ut
2503 1434 2595 1488 ille
2646 1431 2748 1486 tria
2792 1429 3063 1501 principia
3111 1427 3436 1485 atlirmabat.
3484 1425 3583 1480 sed

1990 1546 2163 1589 unum
2193 1544 2317 1586 esse
2349 1530 2541 1591 Deum,
2575 1524 2670 1597 qui
2700 1523 2867 1579 alium
2899 1521 3071 1577 Deum
3109 1518 3299 1574 iecerit
3328 1516 3581 1592 Opiﬁcem

1991 1632 2280 1679 creaturte.

2061 1716 2151 1770 27.
2203 1713 2442 1767 Tatiaui.
2505 1709 2773 1764 Tatianus
2820 1707 2877 1783 in
2929 1700 3321 1773 Mesopotamia
3367 1699 3582 1761 fuerat,

1991 1808 2408 1863 Encratetarum
2443 1802 2694 1858 haeresim
2718 1800 3002 1863 conﬁnxit,
3030 1811 3195 1867 quam
3222 1791 3445 1864 plurimi
3479 1805 3582 1844 no-

1919 1879 1961 1933 Β
1996 1910 2144 1956 runt.

2058 1992 2150 2047 28.
2188 1989 2441 2059 Phryges.
2468 1986 2704 2053 Quidam
2733 1982 3024 2038 Montanus
3054 1995 3119 2035 ac
3152 1975 3401 2034 Priscilla
3442 1974 3584 2027 hanc

1991 2083 2237 2139 haeresim
2263 2083 2316 2135 in
2340 2079 2572 2151 Phrygia
2600 2076 2983 2135 condiderunt,
3004 2074 3257 2141 Pepuzan
3290 2066 3581 2138 Phrygiam

1989 2178 2263 2233 civitatem
2303 2172 2737 2242 Hierosolymam
2772 2182 2929 2223 suam
2964 2172 3306 2235 reputantes.

2058 2269 2152 2324 29.
2190 2265 2502 2335 Pepuziani,
2534 2279 2564 2318 a
2598 2262 2813 2331 Pepuza
2844 2259 3066 2313 civitate
3095 2253 3342 2325 Phrygiae
3374 2253 3446 2307 ita
3492 2265 3584 2304 co-

1990 2358 2327 2433 gnominati;
2365 2355 2591 2429 impiam
2617 2352 2937 2408 societatem
2969 2349 3234 2404 adversus
3258 2360 3355 2401 eos
3385 2343 3477 2415 qui
3508 2342 3583 2397 ir-

1992 2451 2244 2520 religiose
2264 2448 2524 2518 egissent,
2550 2445 2809 2499 inierunt.

2059 2543 2149 2598 50.
2204 2537 2701 2607 Quartadecimani,
2749 2534 2844 2605 qui
2896 2531 3176 2587 celebrant
3205 2528 3415 2584 Pascha
3453 2539 3579 2581 cum

1988 2634 2196 2691 Judais
2228 2632 2315 2687 die
2344 2630 2556 2686 decima
2582 2635 2779 2699 quarta
2811 2627 2975 2679 quat.

2061 2727 2151 2783 5|.
2190 2724 2344 2794 Alogi
2380 2720 2606 2793 quidam
2641 2719 2723 2775 sic
2755 2717 2909 2777 dicti,
2952 2722 3233 2785 propterea
3280 2709 3423 2781 quod
3471 2723 3581 2763 non

1992 2820 2355 2876 admittebant
2414 2815 2667 2887 Logum,
2720 2813 2836 2868 sive
2868 2809 3142 2874 Verbum,
3200 2806 3253 2861 in
3316 2803 3585 2874 principio

1991 2913 2163 2967 Deum
2194 2917 2497 2966 exstantem
2532 2907 2674 2977 apud
2703 2905 2947 2967 Patrem,
2972 2902 3204 2971 ideoque
3226 2913 3327 2953 nec
3350 2894 3580 2952 Joannis

1991 3003 2344 3075 Evangelium
2373 3000 2728 3070 recipiebant,
2762 3010 2939 3066 neque
2968 2994 3086 3062 eius
3116 2988 3502 3062 Apocalypsin.

2062 3098 2153 3152 52.
2221 3093 2590 3149 Theodotiam'.
2651 3090 2969 3145 Theodotus
3025 3086 3194 3141 homo
3252 3082 3584 3155 Byzantinus

1998 3188 2179 3243 aiebat
2216 3186 2497 3243 Christum
2549 3199 2671 3240 esse
2703 3197 2898 3252 purum
2948 3178 3258 3241 hominem,
3291 3175 3584 3246 participa-

1993 3281 2139 3334 tione
2166 3278 2471 3332 divinitatis
2505 3276 2806 3344 dignatum.

2063 3373 2150 3425 55.
2183 3369 2501 3423 Artemium".
2532 3366 2655 3420 Fuit
2683 3365 2906 3435 quidam
2948 3360 3219 3415 Artemias
3246 3358 3300 3412 in
3334 3356 3460 3411 Asia
3487 3356 3579 3425 qui

1991 3462 2255 3516 Theodoti
2317 3460 2564 3515 ha-rcsim
2616 3459 2670 3511 in
2725 3457 2899 3528 pretio
2949 3452 3183 3507 habebat
3247 3466 3262 3502 :
3325 3462 3581 3503 asserens

1991 3554 2268 3609 Christum
2298 3567 2420 3606 esse
2454 3548 2659 3604 nudum
2688 3548 2965 3602 hominem
2989 3583 3004 3609 ,
3031 3543 3084 3597 in
3113 3554 3226 3610 quo
3262 3537 3403 3592 Deus
3444 3534 3579 3589 Ver-

1992 3648 2119 3701 bum
2148 3644 2392 3699 habitare
2412 3643 2644 3696 libenter
2668 3639 2872 3695 tulerit.

2062 3737 2153 3793 54.
2201 3734 2691 3791 Melchisedechiani
2745 3733 3003 3787 virtutem
3064 3725 3161 3780 Dei
3212 3738 3337 3779 esse
3386 3729 3580 3792 putant

1991 3827 2501 3887 Melchisedechum,
2521 3834 2577 3878 et
2610 3824 2664 3878 in
2699 3838 2826 3878 eum
2858 3837 3050 3876 omnes
3081 3819 3395 3891 Scripturas
3437 3814 3579 3872 refc-

1990 3931 2141 3987 runt,
2170 3921 2419 3975 dicentes
2448 3934 2572 3972 eum
2601 3932 2725 3972 esse
2746 3914 3047 3971 Christum.

2059 4014 2149 4070 55.
2180 4012 2402 4067 Navati.
2428 4009 2672 4065 Naratus
2698 4007 3037 4078 paenitentia;
3077 4004 3296 4058 modum
3326 4008 3578 4072 peccato-

1990 4108 2143 4163 ribus
2174 4121 2281 4161 non
2314 4104 2574 4171 indulget.
2600 4100 2666 4155 Hi
2698 4110 2876 4154 autem
2901 4107 3049 4162 sunt,
3081 4096 3176 4168 qui
3208 4111 3266 4150 se
3288 4092 3573 4158 Catharos,

1991 4201 2043 4256 id
2082 4211 2164 4254 est
2194 4212 2385 4268 puros,
2422 4194 2731 4248 nominant.

2061 4288 2150 4343 56.
2187 4285 2477 4341 Seueriani.
2508 4282 2765 4336 Mulieres
2810 4282 3047 4334 Severus
3091 4291 3198 4331 non
3226 4275 3450 4344 patitur,
3482 4287 3578 4327 eas

1990 4380 2097 4434 vim
2141 4379 2423 4434 sinistram
2452 4375 2795 4445 appellitans.
2834 4370 3032 4425 Vinum
3080 4368 3359 4438 repudiat,
3388 4366 3577 4422 dicens

1990 4488 2055 4527 ex
2084 4471 2232 4526 coitu
2269 4466 2529 4523 draconis
2560 4476 2613 4519 et
2642 4464 2854 4519 telluris
2891 4470 3069 4517 ortam
3105 4463 3292 4515 vitem.

2061 4650 2152 4703 57.
2215 4645 2599 4710 Bardisam'ta',
2654 4660 2685 4698 a
2741 4642 3045 4697 Bardisano
3095 4638 3332 4709 quodam
3379 4635 3471 4707 qui
3516 4636 3574 4691 iu

1991 4740 2379 4811 MesOpotamia
2404 4736 2527 4799 fuit,
2558 4736 2663 4791 orti
2691 4743 2841 4790 sunt.
2868 4730 3342 4787 ltesurrectionem
3370 4735 3576 4796 negant

1987 4830 2253 4901 corporis,
2284 4828 2821 4895 incarnationetnque
2850 4818 3151 4877 Salvatoris
3177 4818 3575 4888 phantasticam

1990 4922 2163 4977 fuisse
2189 4921 2405 4975 docent.

2061 5014 2151 5068 58.
2194 5011 2494 5067 Helcesiani
2543 5010 2597 5064 in
2637 5007 2837 5063 Arabia
2868 5005 3115 5066 fuerunt.
3149 5003 3243 5060 Isti
3275 5018 3307 5057 a
3332 4998 3573 5067 quodam

1991 5104 2224 5162 Helcasa
2253 5105 2421 5159 falsas
2458 5100 2772 5173 prophetias
2802 5098 3037 5154 mutuati
3060 5104 3209 5152 sunt.
3244 5092 3572 5147 Dicebautur

1990 5202 2155 5256 etiam
2197 5198 2479 5270 Sampsaei.

2061 5291 2150 5345 59.
2190 5288 2496 5361 Byrilliani.
2529 5286 2768 5359 Byrillus
2794 5284 3018 5356 quidam
3049 5281 3103 5336 in
3132 5278 3331 5335 Arabia
3365 5274 3571 5343 pariter

1992 5384 2112 5440 fuit.
2158 5382 2444 5438 Hominem
2479 5381 2754 5436 Christum
2811 5378 3055 5449 putabat.
3100 5387 3201 5428 nec
3251 5368 3570 5425 admittebat

1990 5482 2242 5537 eumdem
2266 5481 2419 5552 prius
2442 5478 2721 5534 exstitisse
2752 5476 2989 5532 Verbum
3011 5472 3317 5527 Christum.

2062 5656 2151 5711 ιο.
2191 5654 2405 5711 Valesii.
2433 5653 2651 5720 Valens,
2680 5651 2772 5723 qui
2804 5659 2859 5707 et
2894 5651 3012 5723 ipse
3048 5648 3105 5708 in
3139 5647 3338 5706 Arabia
3368 5644 3566 5712 fuerat,
