4044 6452
480 400 583 465 155

1992 401 2296 463 JOSEPPI

3628 406 3722 471 156

477 514 720 572 evirabat
774 529 869 570 eos
906 514 996 585 qui
1045 515 1112 569 ad
1155 530 1213 570 se
1235 514 1585 582 accedebant,
1623 516 2044 586 excidebatque,

2162 516 2471 586 γενόμενος,
2530 511 2810 582 εὐνούχιζε
2857 510 2983 573 τοὺς
3037 509 3364 580 προσιόντας
3419 512 3583 583 αὐτῷ,
3635 519 3720 570 καὶ

479 622 579 662 nec
620 606 784 662 Vetus
811 608 1218 662 Testamentum
1254 607 1593 662 admittebat.

547 700 639 753 41.
673 698 990 753 Sabelliam'.
1030 698 1258 763 Quidam
1293 697 1565 753 Sabellius
1608 698 2057 768 Pcntapolitanus

479 799 592 843 tres
631 802 893 857 personas
936 787 1099 840 unius
1141 785 1449 841 Divinitatis
1490 802 1832 856 nequaquam
1865 787 2061 840 admit-

481 890 617 943 tens,
647 878 989 931 Divinitatem
1005 878 1215 930 Patrem
1238 893 1359 932 esse
1379 893 1442 931 ac
1460 876 1681 943 Filium,
1700 877 2058 947 eamdemque

475 971 834 1038 compositam
871 969 1068 1022 stolide
1098 970 1427 1023 sustinebat.
1840 1038 1845 1045 .

546 1061 637 1116 42.
672 1059 929 1129 Origem'i.
955 1060 1326 1129 Turpissimas
1350 1062 1591 1116 actiones
1614 1061 1922 1130 patrabant,
1957 1076 2059 1116 nec

410 1128 417 1136 D
478 1128 829 1207 sobrietatem
883 1128 1083 1206 colunt,
1110 1153 1397 1207 abutentes
1444 1128 1628 1207 carne.
1672 1154 1743 1206 At
1776 1169 1885 1208 non
1929 1162 2058 1208 sunt

474 1241 565 1296 isti
588 1257 655 1295 ex
684 1243 919 1312 Origene
943 1240 1333 1307 Alexandrino,
1355 1244 1472 1298 sive
1494 1243 1846 1299 Adamantio.

545 1424 635 1476 ab.
674 1421 1048 1492 Origeniastaa.
1081 1421 1179 1476 Hic
1209 1434 1293 1479 est
1325 1423 1705 1487 Adamantius,
1738 1427 1832 1495 qui
1864 1441 2057 1496 corpo-

474 1528 598 1567 rum
636 1515 1088 1569 resurrectionem
1116 1514 1351 1570 nolebat.
1384 1516 1441 1569 In
1477 1517 1762 1586 allegorias
1792 1519 2058 1575 absurdas

480 1604 793 1675 Scriptnras
843 1606 1185 1661 deﬂectebat.
1236 1607 1310 1661 De
1340 1609 1524 1677 gentili
1580 1609 1920 1679 philosophia
1958 1626 2056 1663 ve-

477 1696 654 1760 niens,
683 1710 783 1751 nec
808 1697 1196 1753 ethnicismum
1224 1698 1504 1767 abjurans,
1530 1701 1788 1756 tredecim
1820 1702 2057 1759 haereses

478 1786 532 1839 in
554 1785 851 1841 Ecclesiam
878 1790 1103 1844 invexit.

546 1879 635 1932 44.
673 1877 975 1935 Paulliani.
1014 1884 1220 1937 Paulus
1254 1881 1676 1947 Samosatenus,
1719 1884 1811 1954 qui
1859 1885 2053 1940 Antio-

477 1970 699 2023 chensis
725 1973 1013 2041 episcopus
1033 1973 1155 2039 fuit,
1185 1974 1449 2029 Theodoti
1466 1985 1520 2030 et
1542 1976 1776 2030 Artemze
1801 1976 2050 2031 haeresim

475 2060 778 2126 innovans,
838 2063 1118 2118 Christum
1181 2066 1363 2121 aiebat
1429 2067 1699 2120 hominem
1752 2068 2053 2122 divinitatis

477 2154 683 2206 honore
727 2154 1070 2217 decoratum,
1114 2166 1397 2225 propterea
1449 2159 1593 2228 quod
1640 2156 1872 2213 Verbum
1898 2200 1914 2224 ,
1957 2159 2051 2215 Dei

476 2241 778 2311 Sapientia,
814 2244 868 2297 in
913 2246 1030 2313 ipso
1071 2247 1419 2303 habitaverit.

543 2334 634 2389 45.
689 2334 983 2390 Μαιιὶεὴίεὶ.
1038 2336 1224 2393 Manes
1284 2337 1449 2394 Persa
1511 2350 1703 2395 contra
1755 2340 2052 2396 Ecclesiam

472 2424 715 2476 emersit.
752 2422 869 2477 Duo
921 2426 1104 2480 aiebat
1141 2428 1406 2497 principia
1434 2444 1585 2495 esse,
1623 2430 1827 2482 bonum
1860 2443 2055 2498 nempe

470 2527 528 2571 et
562 2518 881 2588 malignum.
939 2519 1281 2590 Repudiabat
1322 2538 1446 2577 eum
1493 2526 1585 2592 qni
1632 2524 1909 2592 legislator
1952 2523 2055 2579 fuit

472 2606 710 2675 lsraelis,
741 2622 793 2665 et
819 2610 991 2666 factor
1022 2613 1428 2669 universorum.
1456 2615 1617 2670 Astra
1641 2616 1876 2672 colebat.

544 2785 637 2839 46.
672 2783 979 2841 Ilicracilw.
1004 2786 1063 2841 In
1092 2786 1300 2844 Leonto
1320 2789 1539 2861 Egypti
1566 2793 1649 2845 vir
1679 2793 1899 2861 quidam
1929 2794 2056 2849 llic-

473 2892 573 2932 rax
607 2878 827 2932 nomine
867 2880 1077 2943 suasit,
1105 2890 1163 2935 ut
1191 2897 1258 2936 ne
1301 2893 1611 2953 speraretur
1646 2887 1829 2940 carnis
1875 2902 2057 2942 resur-

473 2971 667 3024 rectio.
725 2970 952 3040 Nuptias
1002 2975 1343 3044 repudiabat.
1402 2975 1594 3031 Laicos
1652 2978 1899 3033 homines
1944 2994 2054 3032 non

473 3058 828 3127 suscipiebat.
885 3060 1093 3117 Pueros
1150 3064 1378 3119 docebat
1414 3067 1616 3120 Christi
1664 3084 1891 3137 regnum
1943 3085 2053 3123 non

474 3149 721 3219 ingredi,
754 3167 819 3205 eo
848 3154 993 3221 quod
1023 3156 1175 3209 nullo
1202 3158 1501 3212 certamine
1530 3160 1840 3227 pugnarint.

545 3244 636 3297 47.
669 3245 963 3303 Meletiani.
1004 3248 1061 3301 In
1104 3249 1334 3320 Egypto
1376 3234 1715 3322 fuitquidam
1744 3254 2048 3309 schismati-

474 3351 574 3390 cus
595 3335 860 3393 Meletius.
922 3340 973 3394 ls
1021 3341 1240 3395 nolebat
1281 3357 1441 3399 orare
1495 3361 1617 3398 cum
1662 3346 2055 3414 paenitentibus

473 3439 697 3498 propter
719 3430 927 3501 lapsura
953 3434 1008 3487 in
1036 3436 1435 3503 persecutione,
1463 3438 1556 3506 qui
1584 3454 1613 3491 a
1645 3440 1854 3509 synodo
1877 3440 2052 3495 susci-

474 3521 786 3589 piebantur,
814 3532 979 3594 atque
1013 3541 1043 3580 a
1073 3526 1232 3581 Petro
1261 3529 1521 3599 episcopo
1545 3541 1601 3585 et
1633 3542 1892 3602 martyre.

548 3699 638 3754 48.
677 3701 964 3756 Adamiani
1019 3705 1151 3759 nudi
1202 3715 1348 3761 stant
1398 3708 1449 3761 in
1500 3709 1841 3765 orationibus
1875 3726 2057 3767 mares

473 3804 630 3858 aeque
672 3800 837 3860 atque
867 3793 1126 3849 mulieres
1150 3836 1165 3858 .
1200 3798 1522 3852 memoriam
1561 3799 1882 3857 rel‘ricantes
1928 3802 2059 3859 sim.

474 3882 734 3949 plieitatis
769 3882 965 3938 Adami
998 3893 1054 3940 et
1092 3887 1238 3941 Evae.
1290 3915 1294 3920 ι

544 3970 636 4026 49.
681 3969 1006 4027 Mariam'ue.
1044 3973 1265 4030 Mariam
1314 3978 1381 4032 ad
1425 3979 1665 4033 divinam
1695 3983 1936 4037 evehunt
1967 3999 2055 4039 es.

476 4061 727 4127 Sentiat",
755 4060 1129 4134 aﬂirmantque
1144 4081 1264 4121 eam
1289 4080 1627 4139 assumptam
1655 4072 1707 4126 in
1737 4074 1927 4140 caelos,
1946 4090 2061 4129 me-

476 4152 706 4205 moriam
739 4154 885 4209 illius
909 4153 1172 4213 facientes
1196 4159 1249 4212 in
1274 4161 1551 4217 oblatione
1583 4163 1763 4233 panis.

545 4243 635 4297 50.
683 4244 975 4301 Masaliani
1009 4251 1224 4318 operari
1259 4252 1480 4317 nolunt,
1514 4255 1609 4309 sed
1654 4258 1811 4312 aiunt
1854 4260 2061 4313 oratio-

478 4335 642 4390 nibus
663 4347 929 4408 perpetuo
962 4343 1289 4410 vacandum,
1312 4345 1442 4399 dum
1475 4346 1718 4403 laborem
1751 4349 1935 4407 odisse
1964 4353 2062 4407 de-

477 4427 770 4485 lcclantur.

2158 610 2434 677 ἀπέτεμνε
2458 646 2473 669 ,
2505 605 2605 674 τὴν
2628 604 2874 657 Παλαιὰν
2897 602 3120 672 Γραφὴν
3153 601 3228 672 μὴ
3255 603 3559 672 δεχόμενος.

2232 698 2341 768 μα’.
2389 697 2722 752 Σαὸἐλλιοι.
2760 695 3049 757 manus;
3081 713 3164 757 τις
3204 695 3261 746 ὲν
3294 699 3360 763 τῇ
3407 696 3722 751 Πενταπόλει

2158 789 2421 855 γεγονὼς,
2466 788 2563 849 τὰς
2605 788 2755 855 τρεῖς
2806 785 3135 846 ὑποστάσεις
3181 783 3284 851 τῆς
3317 785 3444 851 μιᾶς
3475 784 3723 855 Θεότητος

2157 879 2256 930 οὐκ
2272 877 2697 944 ἀποδεξάμενος,
2718 874 3031 942 Υίοπάτορα
3060 872 3159 939 τὴν
3194 872 3458 942 Θεότητα,
3488 873 3584 925 καὶ
3612 876 3726 926 σύν-

2160 969 2281 1022 θεον
2317 967 2671 1037 παρεφρόνει.

2232 1060 2338 1129 μβ’.
2381 1058 2733 1126 Ὠρειτένιοι.
2770 1057 3219 1125 Αίσχροποιοῦσι,
3264 1057 3361 1111 καὶ
3396 1057 3498 1127 τὴν
3526 1060 3724 1130 σώφρο..

2160 1150 2327 1220 σύνην
2355 1150 2416 1202 ού
2451 1148 2705 1217 τιμῶσιν,
2737 1144 3119 1215 ἀποχρώμενοι
3147 1149 3214 1217 τῇ
3253 1147 3436 1216 σαρκί.
3472 1148 3609 1202 Ἀλλ’
3634 1149 3731 1203 οῦκ

2158 1246 2297 1297 εἰσιν
2354 1234 2501 1294 οῦτοι
2582 1235 2977 1308 ’Λλεξανδρέως
3054 1240 3432 1309 Ὠρειγένους,
3491 1243 3584 1295 τοῦ
3640 1246 3726 1295 καὶ

2171 1333 2549 1405 ’Λδαμαντίοω

2231 1431 2343 1494 μγ¹.
2394 1424 2875 1491 Ὠρειγενιασταί.
2904 1418 3073 1485 Οὗτός
3103 1426 3255 1477 ἐστιν
3284 1426 3311 1477 ό
3338 1425 3433 1477 καὶ
3473 1424 3727 1495 Ἀδαμάν-

2155 1535 2301 1583 τιος,
2358 1516 2628 1586 σωμάτιον
2679 1514 2975 1568 ἀνάστασιν
3019 1515 3221 1569 ἀθετεῖ.
3268 1516 3360 1577 Ei;
3413 1514 3728 1585 ἀλληγορίας

2165 1611 2402 1671 ἀτόπους
2430 1609 2528 1670 τὰς
2558 1607 2784 1679 Γραφάς
2838 1607 3086 1677 ἔτρεψεν.
3145 1607 3282 1659 Ἀπὸ
3322 1607 3421 1675 τῆς
3476 1607 3728 1676 Ἑλλήνων

2159 1702 2473 1771 φιλοσοφίας
2492 1700 2684 1763 ἐλθὼν,
2707 1699 2799 1751 τὸν
2812 1698 2867 1750 δὲ
2894 1699 3251 1769 Ἑλληνισμὸν
3277 1700 3377 1751 οὐκ
3395 1700 3727 1762 ἀποπτύσας,

2156 1792 2511 1863 τρισκαίδεκα
2540 1789 2782 1859 αἱρέσεις
2808 1790 2876 1858 τῇ
2911 1788 3209 1857 Ἐκκλησία
3240 1790 3598 1857 ἐπεισήγαγε.

2230 1884 2331 1953 μδ’.
2366 1882 2719 1935 Παυλιανοι.
2767 1879 2979 1942 Παῦλος
3021 1880 3129 1931 ἀπὸ
3174 1880 3399 1948 Σαμοσᾶ
3423 1918 3439 1941 ,
3479 1880 3579 1947 τῆς
3619 1881 3730 1933 Ἀν-

2156 1977 2379 2041 τιοχέων
2434 1973 2723 2042 γενόμενος
2776 1972 3118 2035 ἐπίσκοπος,
3180 1970 3279 2040 τὴν
3334 1972 3591 2023 Θεοδότου
3641 1973 3729 2026 καὶ

2167 2066 2410 2135 Ἀρτεμά
2462 2064 2673 2133 αἵρεσιν
2726 2062 3210 2130 ἀνανεωσάμενος,
3267 2061 3558 2127 ἄνθρωπον
3604 2062 3730 2115 Θεοῦ

2156 2160 2290 2227 τιμῇ
2334 2156 2698 2226 τετιμημένον
2730 2154 2820 2206 τὸν
2859 2152 3097 2223 Χριστὸν
3123 2192 3138 2217 ,
3170 2154 3260 2207 διὰ
3301 2154 3364 2207 τὸ
3404 2156 3498 2208 τὸν
3531 2156 3728 2224 Λόγον,

2156 2246 2254 2315 τὴν
2289 2244 2487 2311 Σοφίαν
2512 2242 2607 2295 τοῦ
2639 2241 2798 2304 θεοῦ,
2825 2242 3109 2310 ἐνοικῆσαι
3139 2242 3217 2304 είς
3246 2243 3432 2308 αὐτὸν,
3469 2241 3612 2300 εἷπε.

2231 2334 2333 2403 με’.
2387 2332 2724 2402 Ιιιανιχαῖοι.
2775 2331 2907 2384 Ἀπὸ
2956 2334 3056 2402 τῆς
3098 2333 3362 2399 Περσίδος
3411 2330 3569 2396 οὗτος
3601 2337 3731 2390 κατὰ.

2156 2430 2253 2496 τῆς
2292 2426 2620 2494 Ἑκκλησίας
2640 2426 2905 2493 ἀνεφάνη,
2927 2424 3116 2493 Μάνης
3152 2424 3469 2494 λεγόμενος.
3503 2427 3604 2480 Δύο
3631 2447 3729 2498 φη-

2158 2518 2243 2571 σὶν
2276 2518 2450 2587 ἀρχὰς
2472 2558 2488 2581 ,
2524 2516 2742 2586 ἀγαθήν
2787 2532 2846 2568 τε
2888 2517 2982 2567 καὶ
3017 2516 3193 2584 κακὴν
3235 2512 3398 2571 εἶναι.
3444 2520 3549 2572 Τὸν
3579 2537 3729 2590 νομο-

2156 2610 2316 2679 θέτην
2348 2610 2406 2661 ὲν
2435 2607 2513 2676 τῷ
2568 2606 2786 2677 Ἰσραὴλ
2822 2605 3087 2674 γεγονότα
3130 2607 3222 2660 καὶ
3253 2610 3491 2681 ποιητὴν
3524 2612 3731 2667 πάντων

2156 2699 2361 2754 ἀθετεῖ.
2400 2700 2611 2767 ’Λστρα
2638 2698 2876 2752 σέϐεται.

2230 2786 2350 2860 μέ·
2408 2789 2738 2858 ’Ῑερακῖταμ
2787 2791 2876 2843 Ἐν
2921 2789 3137 2859 Λεοντῷ
3182 2793 3247 2859 τῇ
3287 2793 3408 2845 κατ’
3444 2794 3728 2860 Αἴγυπτον,

2166 2880 2341 2955 Ἱέραξ
2373 2898 2455 2943 τις
2502 2881 2798 2950 λεγόμενος
2846 2879 3034 2933 ἔπειθε
3079 2882 3282 2949 σαρκὸς
3328 2883 3627 2938 ἀνάστασιν
3660 2886 3729 2956 μὴ

2156 2973 2419 3037 ἐλπίζειν.
2449 2973 2487 3025 Γ
2492 2973 2631 3042 ἀμον
2662 2971 2866 3038 ἠθέτει.
2901 2972 3216 3040 Κοσμικοὺς
3252 2974 3351 3027 οὐκ
3390 2976 3623 3045 ἐδέχετο.
3655 2978 3730 3030 Τά

2156 3066 2350 3119 παιδία
2379 3067 2460 3129 εἰς
2503 3066 2601 3135 τὴν
2633 3062 2873 3135 Χριστοῦ
2925 3063 3202 3133 βασιλείαν
3246 3065 3323 3136 μὴ
3370 3068 3730 3138 εἰσέρχεσθαι,

2078 3177 2121 3234 C
2154 3158 2275 3210 ἐπεὶ
2310 3157 2447 3226 μηδὲ
2476 3156 2741 3227 ἧθλησαν.

2233 3249 2338 3320 μξ.
2383 3249 2756 3304 Μελετιανοί.
2817 3250 2908 3302 Ἐν
2955 3252 3218 3321 Αἰγύπτῳ
3270 3252 3626 3321 σχισματικός
3655 3266 3731 3309 τις

2158 3343 2348 3413 γέγονε
2390 3342 2620 3396 Μελίτον
2665 3340 3026 3415 [Μελέτιος],
3077 3342 3151 3413 μὴ
3190 3342 3586 3411 συνευξάμενος
3627 3341 3732 3402 τοῖς

2162 3435 2562 3505 μετανοήσασιν
2601 3434 2710 3486 ἀπὸ
2737 3435 2832 3486 τοῦ
2864 3435 3105 3504 διωγμοῦ
3131 3475 3146 3497 ,
3181 3438 3278 3489 καὶ
3312 3436 3551 3504 δεχθεῖσι
3590 3432 3733 3503 παρά

2156 3527 2258 3596 τῆς
2296 3525 2552 3590 συνόδου,
2604 3525 2699 3577 καὶ
2742 3524 2951 3597 Πέτρου
2996 3526 3091 3579 τοῦ
3134 3526 3436 3579 ἀποστόλου
3485 3524 3597 3594 (80)
3645 3524 3731 3576 καὶ

2163 3619 2460 3689 μάρτυρος,

2233 3715 2344 3777 μη’.
2389 3707 2719 3777 Ἀδαμιανοὶ
2748 3707 2948 3777 γυμνοὶ
2983 3710 3041 3761 ὲν
3067 3711 3187 3771 ταῖς
3216 3708 3405 3778 εὐχαῖς
3442 3707 3731 3777 παρίσταν-
3763 3784 3768 3789 _

2160 3817 2273 3862 ται,
2305 3799 2496 3870 ἄνδρες
2529 3799 2667 3868 όμοῦ
2704 3801 2801 3854 κα)⁸
2844 3806 3126 3868 γυναῖκες,
3167 3800 3263 3853 τοῦ
3309 3798 3486 3869 Ἀδάμ
3513 3798 3607 3852 καὶ
3639 3798 3733 3866 τῆς

2161 3888 2309 3951 Εῦας
2343 3890 2443 3957 τῆς
2479 3888 2781 3957 ἁπλότητος
2815 3889 3273 3960 μνημονεύοντες.

2238 3980 2347 4048 μθ’.
2373 3980 2725 4049 Μαριανῖται
2762 3982 2865 4049 τὴν
2911 3980 3130 4050 Μαρίαν
3156 3983 3236 4043 είς
3266 3980 3419 4033 θείαν
3438 3979 3626 4032 οὐσίαν
3650 3979 3735 4032 ἀν-

2164 4070 2415 4137 άγουσιν,
2465 4071 2558 4123 καί
2591 4088 2754 4140 φασιν
2787 4071 2957 4141 αὐτὴν
3002 4072 3083 4134 εἰς
3113 4070 3341 4140 οὐρανὸν
3377 4069 3733 4139 ἀνειλῆφθαι,

2167 4163 2389 4233 μνήμην
2418 4161 2589 4229 αὐτῆς
2617 4164 2674 4213 ὲν
2706 4162 2873 4231 ἄρτου
2906 4163 3165 4231 προθέσει
3195 4162 3536 4231 ποιούμενοι.

2234 4260 2298 4308 ν’.
2344 4255 2763 4308 Μασαλλιανοὶ
2810 4255 3144 4324 ἐργάζεσθαι
3171 4255 3232 4307 ού
3278 4254 3581 4324 βούλονται,
3611 4252 3738 4306 ἀλλά

2168 4364 2333 4416 φασιν
2371 4347 2560 4417 εὐχαῖς
2595 4350 2675 4410 εἰς
2718 4348 2807 4400 ἀεὶ
2850 4348 3153 4411 διατελεῖν,
3193 4350 3480 4418 μισεργεῖν
3531 4345 3739 4415 ἀγαπὴ-

2167 4456 2378 4501 σαντες.

547 4518 636 4576 51.
671 4521 983 4590 Apostoliri.
1018 4524 1259 4581 Fuerunt
1314 4528 1367 4582 hi
1420 4530 1566 4585 circa
1610 4530 1893 4597 Pisidiam,
1947 4535 2053 4590 sibi

2226 4529 2325 4583 να’.
2370 4531 2786 4584 Ἀποστο.1ικοὶ
2815 4572 2829 4592 ,
2882 4532 3012 4602 περὶ
3041 4532 3139 4597 τὴν
3172 4530 3418 4584 Πισιδίαν
3465 4522 3615 4583 οὗτοι
3653 4543 3738 4593 γε·

476 4615 753 4682 subjectos
781 4616 1050 4671 duntaxat
1091 4618 1381 4688 recipiunt,
1412 4638 1537 4676 cum
1569 4623 1721 4677 nullo
1740 4626 1847 4680 alio
1868 4636 2053 4681 orant.

550 4797 634 4853 52.
667 4798 972 4854 Archontici
1003 4802 1344 4872 principatus
1372 4811 1427 4858 et
1457 4813 1755 4874 potestates
1787 4810 2056 4876 quasdam

480 4902 793 4956 recensent,
845 4894 1036 4963 hisque
1074 4895 1377 4959 subjiciunt
1420 4900 1581 4967 hujus
1617 4900 1783 4955 totius
1820 4902 2058 4957 universi

477 4985 1055 5054 administrationem,
1103 4987 1368 5058 aiuntque
1416 4990 1695 5046 Christum
1746 4993 1962 5049 venisse
2008 4994 2061 5048 in

476 5074 742 5144 judicium
770 5090 963 5130 eorum
998 5078 1513 5134 administrationis.

546 5170 636 5225 55.
683 5170 937 5239 Angelici.
995 5171 1401 5240 Superbissime
1439 5174 1724 5243 sapiehant
1774 5175 1851 5239 hi,
1903 5177 2061 5245 quasi

475 5276 629 5315 suam
679 5264 952 5332 propriam
1014 5264 1313 5331 angelicam
1368 5266 1599 5320 classem
1650 5266 1947 5333 habentes,
1999 5283 2063 5321 ac

476 5355 837 5409 sectatoribus
863 5362 1053 5409 carum
1078 5356 1456 5423 promittentes.

548 5444 637 5499 54.
688 5448 943 5501 Audiani.
996 5449 1062 5502 Et
1110 5448 1164 5501 hi
1199 5449 1395 5504 scissio
1448 5450 1697 5518 quaedam
1742 5448 1866 5504 fuit.
1919 5451 2058 5505 Cum

479 5536 632 5591 laicis
668 5554 775 5592 non
808 5542 1071 5605 orabant,
1104 5542 1248 5611 virga
1285 5558 1314 5595 a
1353 5542 1548 5611 seipsis
1581 5553 1901 5611 separantes
1929 5558 2058 5607 eos,

549 5718 662 5797 (80)
694 5717 863 5772 Error
890 5722 1102 5778 videtur
1134 5734 1311 5797 typOg.
1347 5740 1445 5794 pro
1475 5725 1792 5789 ἐπισκόπου,
1826 5724 2052 5781 Alexan-

481 5788 641 5844 drino
670 5802 887 5847 nempe.

2157 4620 2400 4687 γόνασιν,
2434 4621 2836 4685 ὑποτακτικοὺς
2875 4624 3032 4692 μόνον
3062 4623 3329 4692 δέχονται.
3363 4623 3498 4676 Μετ’
3530 4619 3736 4680 οὐδενὸς

2158 4713 2348 4783 ἑτέρου
2377 4713 2653 4782 εῦχονται.

2231 4803 2330 4874 VB"
2373 4806 2731 4873 Ἀρχοντικοὶ
2780 4806 2957 4876 ἀρχὰς
2990 4807 3088 4859 καὶ
3133 4804 3385 4869 ἐξουσίας
3420 4803 3574 4865 τινὰς
3604 4802 3739 4853 ἀπα-

2165 4895 2459 4966 ριομοῦσι,
2521 4896 2616 4948 καὶ
2674 4896 2779 4949 ὑπὸ
2833 4896 3038 4959 ταύτας
3095 4896 3307 4949 τιθέασι
3357 4893 3457 4964 τὴν
3516 4892 3737 4945 καθόλου

2161 4989 2444 5058 διοίκησιν,
2479 4987 2711 5058 Χριστὸν
2745 4989 2802 5040 δὲ
2834 4990 2914 5051 εἰς
2942 4990 3043 5057 τὴν
3064 4988 3272 5040 τούτων
3300 4986 3402 5054 τῆς
3427 4984 3738 5052 διοικήσεως

2162 5080 2345 5150 κρίσιν
2372 5079 2551 5132 ἱέναι..

2234 5170 2333 5239 νγ’.
2396 5172 2742 5240 Ἀγηνελικοὶ.
2792 5171 2951 5238 Μέγα
2997 5172 3413 5241 πεφρονήκασιν
3462 5164 3639 5230 οὗτοι,
3669 5166 3738 5227 ὡς

2164 5263 2460 5334 ἀγγελικὴν
2488 5264 2623 5316 ἰδίαν
2666 5263 2819 5327 τάξιν
2847 5263 3086 5335 ἔχοντες,
3119 5268 3213 5318 καὶ
3238 5269 3349 5328 τοῖς
3383 5260 3737 5329 συντεταγμέ-

2166 5375 2278 5420 νοις
2315 5359 2449 5428 (81).

2238 5449 2330 5506 νδ’.
2357 5451 2661 5506 Λύδιανοί.
2691 5451 2903 5521 Σχίσμα
2934 5449 3196 5517 γεγόνασι
3236 5451 3327 5503 καὶ
3357 5445 3519 5512 οὗτοι,
3553 5463 3739 5514 κοσμιι

2167 5544 2283 5605 κοῖς
2309 5542 2371 5594 οὐ
2414 5541 2819 5612 συνευχόμενοι.
2860 5540 3070 5610 Ῥἀϐδῳ
3107 5540 3453 5611 διορύξαντες
3482 5537 3573 5605 ἀφ’
3617 5536 3737 5589 ἑαυ-

2233 5721 2344 5793 (81)
2375 5721 2534 5778 Deest
2563 5720 3006 5793 ὑπισχνούμενοι,
3040 5721 3119 5777 vel
3149 5718 3280 5795 quid
3314 5716 3443 5773 tale.
