4044 6426
331 419 422 482 157
1479 413 1858 475 LIBELLUS
1893 415 2400 480 MEMORIALIS.

3475 421 3578 488 158

327 535 425 588 τῶν
446 529 558 594 ταῖς
587 529 766 598 εὐχαῖς
800 528 926 589 τοὺς
963 526 1038 597 μὴ
1070 525 1424 587 κοινωνικοὺς
1469 525 1582 578 ἀπὸ
1611 529 1736 589 ταῖς
1769 527 1878 596 (8‘2)

2002 530 2080 596 lui
2105 529 2158 582 in
2181 530 2522 584 orationibus
2547 543 2656 582 non
2683 527 3167 584 comtnunicabant
3195 543 3402 584 secum.
3432 531 3578 604 Apo-

328 625 646 696 ἀποκρύφοις
666 619 1236 696 βιϐλίοιςκέχρηνται,
1257 619 1354 672 καὶ
1379 618 1718 690 παραδόσεσι
1735 619 1886 684 ξέναι

327 717 426 772 τισὶ
449 713 537 768 τοῦ
571 713 796 784 ἐξάρχου
828 713 1030 766 αὐτῶν.

385 815 472 862 νε⁹.
513 804 974 874 Μαρκελλιανοί.
1013 803 1363 874 Μαρκέλλιός
1407 819 1492 867 τις
1537 804 1598 856 ἐν
1641 801 1887 872 Ἀγκύρᾳ

325 902 517 972 γεγόνει
543 900 642 968 τὴν
686 882 978 950 Σαϐελλίου
1021 895 1181 960 δόξαν
1231 894 1476 964 φρονῶν,
1512 893 1886 946 ἀνυπόστατον

322 997 404 1050 τὸν
423 993 508 1048 τοῦ
535 992 668 1046 Θεοῦ
685 992 882 1059 Λόγον,
901 991 1077 1044 καὶτὸ
1104 990 1213 1058 "Ay
1221 1007 1298 1042 ιον
1317 988 1540 1058 Πνεῦμα
1559 988 1812 1057 νομίσας.

382 1085 479 1150 νς’.
538 1083 844 1151 Ἀρειανοί.
883 1083 1094 1152 Ἀρειὸς
1130 1098 1218 1144 τις
1260 1081 1486 1148 γέγονεν
1524 1081 1582 1131 ὲν
1627 1079 1884 1144 Ἀλεξαν-

319 1177 476 1248 δρείᾳ,
507 1175 600 1230 τὸν
633 1175 760 1228 Υίὸν
801 1173 897 1226 τοῦ
937 1173 1074 1226 Θεοῦ
1119 1172 1340 1226 κτιστὸν
1367 1171 1462 1222 καὶ⁵
1499 1169 1558 1236 ἐξ
1587 1169 1686 1222 οὐκ
1715 1169 1884 1223 ὄντων

318 1267 576 1340 γεγονέναι
609 1266 859 1332 δοξάσας.

379 1359 464 1426 νζ.
503 1358 838 1428 Ἠμιάρειοι.
889 1356 980 1421 Ἐξ
1019 1355 1317 1427 Ἀρειανῶν
1345 1351 1496 1411 οὗτοι
1537 1357 1882 1424 ἀπέσχισαν,

319 1453 643 1523 ὁμοιούσιον
665 1450 744 1519 τῷ
773 1447 894 1518 Θεῷ
917 1449 1220 1516 φάσκοντες
1244 1447 1336 1500 τὸν
1359 1447 1510 1512 Υίὸν,
1533 1447 1644 1500 τῶν
1674 1448 1886 1517 ’Δρεια-

321 1545 410 1600 νῶν
440 1543 592 1612 μόνον
626 1542 696 1594 τὸ
725 1541 931 1610 ὅμοιον
957 1533 1098 1592 εἶναι
1131 1538 1419 1606 λεγόντων.

380 1642 467 1704 κη’.
517 1632 919 1686 (licitam-marci.
974 1630 1242 1693 Φωτεινὸς
1293 1647 1380 1690 τις
1433 1630 1656 1700 γέγονεν
1702 1630 1762 1682 ὲν
1812 1630 1879 1700 τῇ

321 1725 550 1797 Σειρμίῳ.
587 1726 668 1777 Τά
698 1723 914 1776 Παύλου
943 1722 1038 1775 τοῦ
1084 1723 1466 1790 Σαμωσατέως
1499 1721 1737 1788 δοξάζει,
1784 1720 1882 1774 ἄν-

323 1819 510 1888 θρωπον
548 1815 810 1884 θεοφόρον
840 1815 1016 1882 λέγων
1045 1809 1188 1866 εἶναι
1217 1813 1310 1866 τὸν
1341 1813 1597 1884 Χριστὸν.

379 1905 462 1962 νϐ’.
500 1905 805 1962 Ἀετιαι-οί.
853 1906 1061 1968 Ἀέτιός
1099 1923 1183 1968 τις
1235 1904 1396 1970 Κίλιξ
1443 1907 1504 1958 τὸ
1545 1907 1724 1972 γένος,
1772 1905 1880 1960 τῶν

337 2001 596 2072 ’Δρειανῶν
629 1998 926 2070 χωρισθεὶς
964 2000 1152 2068 ὅμοιον
1176 1997 1444 2066 λεγόντων
1472 1997 1550 2070 τῷ
1585 1997 1762 2068 Πατρὶ
1789 1999 1880 2052 τον

331 2095 445 2160 Υξὸν,
466 2094 722 2162 ἀνόμοιον
747 2093 898 2163 αὑτῷ
925 2088 1066 2145 εἶναι
1086 2087 1232 2147 εἶπε.
1265 2093 1531 2164 Εὑνὸμιος
1557 2093 1612 2145 δὲ
1637 2093 1878 2164 προέστη

327 2187 422 2258 μετ’
441 2186 599 2240 αὐτοῦ
631 2185 842 2256 ταύτης
873 2185 972 2252 τῆς
994 2185 1284 2256 αἱρέσεως,
1317 2185 1442 2240 ὅθεν
1475 2187 1571 2240 καὶ
1599 2188 1883 2256 Εὐνομία-

323 2278 456 2334 νοίοί
491 2278 778 2346 Ἀνομῐται
813 2275 1136 2346 κέκληνται.

377 2371 432 2436 ξ’.
485 2370 794 2438 Ἀεριανοι.
857 2369 1068 2438 ’Λέριος
1103 2387 1188 2432 τις
1223 2370 1416 2438 γέγονε
1465 2369 1746 2436 Ποντικὸς,
1779 2371 1879 2440 τῆς

327 2463 586 2536 Ἆρειανῆς
634 2462 906 2532 αἱρέσεως
951 2460 1049 2526 ὣν,
1099 2462 1391 2527 ἀνεδόξασε
1431 2462 1488 2516 δὲ
1535 2464 1742 2528 αὐτοῖς,
1785 2465 1881 2517 καὶ

317 2553 558 2624 ἐχωρίσθη
593 2553 692 2607 ἀπ’
726 2552 908 2605 αὐτῶν
944 2551 1033 2605 διὰ
1072 2543 1303 2605 τοιαῦτα
1325 2568 1340 2583 ⁸
1379 2553 1678 2606 ἐπίσκοπον
1711 2553 1879 2624 μηδὲν

317 2643 562 2714 διαφέρειν
601 2643 984 2714 πρεσϐυτέρου
1014 2643 1210 2712 λέγων.
1243 2644 1522 2713 Τετράδας
1562 2643 1658 2696 καὶ
1695 2661 1880 2714 παρα-

319 2737 492 2798 σκευὰς
559 2737 635 2806 μὴ
681 2737 960 2807 προτιμᾷν
1010 2735 1120 2788 τῶν
1166 2736 1226 2788 ἐν
1273 2734 1461 2800 ἄλλαις
1515 2737 1750 2808 ἡμέραις
1787 2755 1880 2810 νη-

321 2825 518 2891 στεύων,
543 2825 668 2877 τινὰ
703 2824 910 2895 σκηνὴν
941 2823 1052 2895 (85)
1081 2825 1352 2892 ὑπερεῖδε.

377 2913 459 2980 ξεί.
488 2915 948 2970 Μακεδονίανοί.
995 2917 1327 2980 Μακεδόνιός
1369 2935 1452 2982 τις
1493 2919 1552 2972 ὲν
1588 2920 1880 2973 Κωνσταν-

1991 620 2214 690 cryphis
2245 631 2476 673 utuntur
2499 620 2675 684 libris,
2699 625 2752 674 et
2776 621 3056 676 inusitatis
3082 621 3431 678 documentis
3452 627 3580 696 qui~

1989 715 2216 770 busdam
2250 715 2492 771 auctoris
2519 718 2624 769 sui.

2062 805 2152 858 55.
2192 805 2546 859 Marcelliani.
2583 805 2818 870 Quidam
2869 801 3181 862 Marcellius
3221 809 3272 862 in
3301 810 3433 864 urbe
3465 805 3580 864 An-

1985 911 2130 966 cyrae
2157 898 2259 952 fuit
2280 913 2404 951 cum
2433 899 2674 952 Sabellio
2695 887 2960 962 sentiens,
2989 899 3321 969 imaginatus
3347 917 3578 970 persona

1985 1004 2178 1044 carere
2219 990 2308 1043 Dei
2343 989 2584 1044 Verbum
2633 999 2799 1060 atque
2835 991 3098 1060 Spiritum
3129 1003 3399 1047 sanctum.

2056 1083 2144 1136 56.
2175 1083 2382 1136 Ariani.
2433 1082 2666 1148 Quidam
2714 1083 2878 1138 Arius
2933 1083 3033 1139 fuit
3079 1085 3446 1150 Alexandriae,
3479 1087 3574 1156 qui

1983 1175 2316 1244 opinabatur
2339 1173 2538 1228 Filium
2567 1173 2660 1228 Dei
2685 1185 2997 1230 creaturam
3019 1190 3160 1240 esse,
3187 1185 3351 1246 atque
3373 1191 3439 1230 ex
3467 1191 3579 1230 non

1983 1263 2328 1324 Exstantibus
2363 1265 2589 1320 factum.

2057 1359 2146 1414 57.
2183 1357 2524 1412 Semiariani.
2569 1357 2650 1411 Ab
2681 1356 2901 1411 Arianis
2933 1357 3023 1411 isti
3056 1359 3351 1414 schismate
3379 1357 3580 1412 divulsi

1984 1461 2132 1516 sunt,
2180 1449 2406 1504 similem
2460 1459 2658 1502 natura
2701 1449 2812 1504 Deo
2867 1447 3012 1502 Patri
3061 1449 3304 1504 dicentes
3351 1449 3578 1516 Filium,

1987 1561 2154 1616 quum
2183 1543 2369 1596 Ariani
2401 1543 2651 1596 dicerent
2688 1543 2956 1596 duntaxat
2983 1557 3105 1597 esse
3144 1543 3394 1596 similem.

2059 1636 2150 1692 58.
2187 1635 2525 1690 Photiniani.
2554 1635 2786 1700 Quidam
2813 1634 3084 1690 Photinus
3119 1635 3224 1690 l'uit
3249 1635 3457 1698 Sirmii,
3483 1635 3576 1704 qui

1985 1745 2110 1785 cum
2137 1728 2308 1784 Paulo
2330 1729 2693 1782 Samosateno
2721 1729 2978 1796 opinione
3013 1727 3376 1783 conveniebat
3401 1767 3417 1794 ,
3446 1727 3578 1783 dum

1985 1821 2184 1874 asserit
2213 1817 2490 1874 Christum
2525 1818 2804 1872 hominem
2843 1834 2966 1873 esse
2999 1818 3288 1873 deiferum.

2055 1911 2146 1968 59.
2176 1911 2408 1964 Aeliani.
2444 1911 2636 1965 Aetius
2685 1925 2882 1980 genere
2912 1909 3076 1972 Cilix,
3133 1911 3201 1964 ab
3241 1910 3460 1965 Arianis
3487 1909 3578 1964 de-

1987 2003 2240 2058 scisceus
2287 2001 2380 2070 qui
2415 2001 2648 2054 similem
2680 2000 2938 2056 dicebant
2977 1999 3131 2054 l’atri
3181 1999 3403 2062 Filium,
3453 2013 3578 2053 eum

1982 2092 2310 2148 dissimilem
2358 2089 2478 2160 ejus
2512 2105 2634 2146 esse
2663 2089 2993 2145 afﬁrmabat.
3035 2090 3166 2146 P05t
3200 2092 3354 2146 illum
3395 2090 3581 2144 Euno-

1983 2184 2130 2238 mius
2160 2181 2380 2253 praefuit
2412 2182 2539 2236 huic
2571 2191 2734 2236 sectae
2763 2200 2778 2236 :
2809 2183 3168 2252 quamobrem
3192 2183 3360 2238 etiam
3395 2182 3580 2236 Euno-

1984 2275 2152 2330 miani
2179 2273 2454 2328 Anomita‘.
2489 2281 2780 2327 vocantur.

2055 2367 2145 2423 60.
2176 2368 2417 2423 Aeriani.
2457 2365 2584 2421 Fuit
2609 2367 2876 2422 Ponticus
2906 2367 3128 2436 quidam
3175 2367 3374 2422 Acrius
3407 2368 3579 2421 hatre-

1983 2461 2124 2516 ticus
2143 2461 2381 2514 Arianus
2404 2478 2417 2514 :
2444 2459 2675 2514 subinde
2698 2459 2972 2513 contraria
2996 2459 3188 2522 sensit,
3213 2467 3266 2512 et
3283 2459 3580 2512 schismate

1993 2552 2062 2605 ab
2112 2551 2194 2608 eis
2255 2551 2454 2606 defecit
2491 2559 2712 2621 propter
2763 2550 2880 2604 hare
2927 2567 2941 2602 :
2985 2549 3209 2605 Dicebat
3261 2551 3577 2620 episcopum

1986 2643 2124 2697 nihil
2163 2659 2193 2697 a
2229 2646 2550 2716 presbytero
2577 2644 2818 2700 dill‘erre.
2849 2641 3038 2696 Ferias
3061 2651 3288 2710 quartas
3313 2652 3366 2694 et
3395 2651 3580 2694 sextus

1990 2749 2099 2788 non
2134 2734 2500 2804 praeferendas
2525 2735 2754 2805 jejuuiis
2792 2735 3024 2788 aliarum
3057 2733 3296 2788 dierum.
3330 2731 3578 2798 Quadra-

1989 2826 2254 2896 gesimam
2285 2827 2692 2881 contemnebat.

2051 2917 2143 2972 61.
2185 2915 2579 2971 Macedoniani.
2629 2917 2757 2972 Fuit
2805 2913 3279 2984 ConstantinOpoli
3355 2912 3578 2984 quidam

317 3007 592 3060 τινουπόλει
626 3007 865 3075 γίνεται,
899 3007 957 3059 τὸ
1005 3005 1232 3072 Πνεῦμα
1257 3009 1317 3061 τὸ
1356 3011 1514 3078 ἅγιον
1545 3010 1754 3064 ἀθετῶν
1780 3013 1878 3082 τῆς

2002 3010 2354 3077 llacedouius,
2391 3011 2486 3082 qui
2525 3009 2792 3080 Spiritum
2841 3016 3094 3066 sanctum
3129 3007 3284 3061 nullo
3319 3006 3442 3060 loco
3475 3006 3576 3058 ha-

317 3098 394 3150 τοῦ
413 3097 534 3152 Θεοῦ
559 3099 782 3170 Πατρὸς
823 3099 918 3151 καὶ
939 3099 1069 3152 Υἱοῦ
1085 3099 1294 3162 οὐσίας.
1322 3101 1413 3153 Διὸ
1433 3101 1528 3154 καὶ
1545 3105 1880 3172 Πνευματο-

317 3191 468 3260 μάχοι
495 3193 794 3261 κέκληνται
823 3192 872 3244 oi
902 3191 1148 3244 κοινωνοὶ
1173 3192 1384 3264 αὑτοῦ.-

379 3281 462 3352 ξβ¹.
491 3283 1090 3352 Ἄνθρωπομορφῖται.
1125 3279 1284 3338 Οὗτοι
1311 3285 1392 3348 εἰς
1417 3284 1515 3356 τὴν
1557 3285 1872 3358 Ἐλευθερο-

327 3375 494 3438 πᾶλεως
535 3373 926 3446 ἀναπεφῄνασι
964 3375 1167 3446 χώραν,
1201 3376 1260 3428 έν
1364 3379 1732 3434 ὲστιν.........
1769 3396 1875 3431 σω-

1980 3103 2163 3167 hebat,
2189 3103 2567 3172 spoliabatque
2599 3101 2691 3156 Dei
2715 3101 2895 3156 Patris
2918 3117 2982 3156 ac
3011 3099 3131 3154 Filii
3161 3097 3420 3154 essentia.
3447 3095 3580 3166 Ejus

1905 3219 1948 3278 α
1981 3205 2271 3266 propterea
2305 3205 2592 3250 consortes
2630 3193 3103 3248 Pneumatomachi
3141 3192 3394 3246 audiunt.

2051 3287 2141 3343 6'2.
2191 3288 2767 3357 .4nllzropomorpliilw.
2817 3287 2884 3340 lli
2925 3287 3030 3340 orti
3078 3294 3208 3340 sunt
3251 3285 3304 3338 in
3349 3283 3578 3352 regione

1979 3375 2560 3450 Eleutheropolitaua,
2603 3379 2692 3434 ubi
2735 3390 2911 3434 est....
2957 3392 3276 3446 corpoream
3330 3375 3570 3444 speciem

335 3466 513 3534 μιτικδν
530 3469 868 3537 χαρακτῆρα
894 3467 989 3519 καὶ
1017 3465 1230 3537 μορφὴν
1253 3467 1602 3538 ἀνθρωπίνην
1626 3468 1717 3520 τὸν
1740 3457 1873 3520 Θεδν

2002 3473 2325 3542 'ormamque
2357 3473 2654 3526 humanam
2681 3470 2850 3524 Deum
2883 3468 3278 3538 haberuquoatl
3305 3477 3572 3524 aeternam

325 3557 441 3626 ἔχειν
477 3558 613 3612 κατὰ
658 3558 765 3628 τὴν
813 3557 1048 3628 ὓπαρξιν
1092 3555 1258 3610 αὐτοῦ
1303 3559 1404 3627 τὴν
1451 3560 1621 3612 ἀΐδιον
1659 3559 1873 3628 λογιζό-

321 3668 466 3720 μενοι,
491 3653 562 3717 ὡς
591 3653 693 3706 καὶ
733 3651 1002 3706 Ἰουδαίων
1035 3652 1084 3704 οἱ
1109 3652 1218 3705 τῶν
1247 3651 1480 3724 Γραφῶν
1514 3653 1751 3726 ἀμύητοι
1783 3671 1872 3707 νε-

319 3745 564 3812 νοὴκασιν.

375 3829 528 3890 Aiunt
555 3838 653 3908 μὲν
685 3831 782 3890 οὖν
815 3835 872 3891 at
900 3838 1040 3891 κατὰ
1079 3839 1178 3909 τῆς
1227 3838 1740 3908 ἁγίαςἚκκλησίας
1778 3839 1876 3891 ἐπ-

315 3931 587 3984 αναστᾶσαι
619 3931 916 3998 γεγόνασιν
947 3929 1208 4000 αἱρέσεις,
1237 3933 1334 4002 τῆς
1371 3931 1464 3983 τὸν
1491 3929 1695 4000 Κύριον
1718 3929 1874 4001 ἡμῶν

325 4019 510 4090 Ἰησοῦν
541 4022 802 4093 Χριστὸν,
845 4022 938 4075 τὸν
971 4023 1036 4075 δι’
1063 4015 1126 4075 οὗ
1173 4021 1242 4074 τὰ
1279 4023 1456 4077 πάντα
1503 4022 1740 4090 ἐγένετο,
1781 4023 1875 4076 καὶ

311 4113 616 4182 γεννηθέντα
658 4114 730 4167 ὲκ
766 4113 989 4182 Μαρίας
1037 4113 1138 4182 τῆς
1174 4113 1458 4184 Παρθένου
1484 4113 1628 4166 κατὰ
1671 4114 1872 4184 σάρκα,

315 4205 394 4256 καὶ
413 4206 826 4276 ἐπιδημήσαντα
844 4207 912 4275 τῇ
945 4204 1142 4258 ἑαυτοῦ
1175 4204 1376 4269 κτίσει,
1409 4205 1576 4258 αὑτὸν
1622 4203 1761 4258 εἶναι
1783 4207 1878 4259 τὸν

313 4296 406 4364 πρὸ
429 4297 532 4350 τῶν
561 4297 780 4352 αἰώνων
813 4299 1042 4350 συνόντα
1063 4296 1141 4366 τῷ
1169 4295 1288 4366 Θεῷ
1321 4297 1418 4348 καὶ
1452 4297 1647 4368 lla-cpt,
1679 4314 1876 4368 γεννηο

1978 3561 2099 3630 ejus
2145 3562 2508 3616 substantiam
2551 3561 2652 3614 rati
2701 3569 2860 3626 sunt,
2898 3561 3364 3630 quemadmodum
3403 3559 3574 3612 etiam

1975 3663 2309 3724 putaverunt
2359 3671 2424 3708 ex
2481 3652 2684 3708 Iudaeis
2731 3654 2826 3723 qui
2883 3653 3292 3722 Scripturarum
3349 3651 3578 3706 scientia

1980 3747 2174 3802 imbuti
2207 3763 2314 3802 non
2348 3758 2524 3802 erant.

2047 3838 2173 3894 Istae
2196 3848 2324 3894 sunt
2361 3857 2489 3912 ergo
2523 3843 2778 3905 lt:ere~'cs,
2811 3856 2931 3906 quae
2961 3849 3150 3894 contra
3187 3844 3430 3894 sanctam
3475 3836 3564 3889 Ec-

1979 3930 2200 3985 clesiam
2227 3943 2433 3987 exorta:
2463 3943 2608 3998 sunt,
2652 3949 2774 4004 qua:
2806 3932 2997 3986 didicit
3047 3939 3212 4000 atque
3250 3928 3410 3982 docet
3468 3925 3576 3978 Do-

1983 4024 2190 4079 niinum
2236 4036 2488 4080 nostrum
2537 4025 2724 4081 Jesum
2773 4026 3077 4083 Christum,
3116 4039 3212 4093 per
3253 4036 3414 4084 quem
3453 4035 3574 4072 om-

1979 4119 2069 4172 nia
2118 4118 2261 4174 l'acla
2311 4129 2463 4186 sunt,
2501 4122 2706 4190 quique
2749 4127 2910 4173 natus
2941 4133 3004 4170 ex
3042 4115 3208 4168 Maria
3247 4111 3468 4181 Virgine
3497 4120 3574 4163 est

1979 4209 2282 4265 secundum
2306 4227 2549 4272 carnem,
2569 4222 2732 4278 atque
2764 4209 2908 4262 inter
2932 4213 3237 4261 creaturam
3272 4219 3427 4258 suam
3457 4203 3572 4254 via-

1983 4310 2157 4358 torem
2193 4305 2335 4373 egit;
2383 4321 2507 4358 eum
2553 4305 2774 4373 inquam
2827 4317 2931 4355 una
2965 4317 3088 4354 cum
3134 4299 3340 4368 Spiritu
3376 4307 3573 4351 sancto

315 4387 452 4441 θέντα
481 4391 542 4442 ὲκ
559 4391 660 4460 τῆς
681 4390 872 4453 οὐσίας
897 4388 994 4442 τοῦ
1039 4387 1274 4458 Πατρδς,
1315 4389 1410 4441 καὶ
1434 4387 1566 4442 ὄντα
1589 4389 1878 4458 ὀμοούσιον

2002 4403 2106 4450 mte
2129 4396 2312 4450 omnia
2340 4397 2539 4451 saecula
2576 4397 2742 4449 Deum
2771 4409 2896 4449 cum
2937 4393 3097 4447 Patre
3132 4391 3322 4456 fuisse,
3361 4400 3564 4444 natum-

313 4480 378 4550 τῷ
399 4483 509 4552 Θεῷ
541 4485 718 4552 Πατρὶ
749 4482 1156 4554 παρειληφυίας
1191 4483 1288 4536 καὶ
1317 4481 1744 4553 παραδιδούσης,
1779 4483 1878 4535 σὺν

2002 4501 2087 4556 |ue
2118 4503 2184 4541 ex
2215 4497 2442 4557 paterna
2479 4487 2808 4554 substantia,
2846 4499 3079 4554 esseque
3123 4480 3571 4538 consubstantia-
3645 4509 3648 4512 λ

314 4574 380 4641 τῷ
417 4575 577 4645 ’Δγίῳ
603 4573 907 4645 Πνεῦματι.

2002 4594 2084 4633 eln
2113 4578 2226 4634 Deo
2253 4578 2420 4634 Patri.

315 4675 540 4741 ΚΕΦᾹΛ.
577 4687 760 4742 PMA'.
791 4718 860 4728 -—
885 4685 1052 4742 Ποῖαι
1082 4689 1344 4758 αἱρέσεις
1370 4691 1532 4760 παρὰ
1569 4691 1874 4758 Ἰουδαίοις

934 4761 1238 4829 γεγόνασι.

2002 4690 2128 4749 ΞΑΡ.
2162 4691 2346 4749 CXLI.
2371 4723 2442 4732 —
2471 4692 2666 4758 Quales
2708 4705 2860 4748 secta:
2894 4707 3047 4762 penes
3086 4687 3304 4742 Judtcos
3335 4687 3574 4756 fuerunt.

934 4777 1216 4828 τετονασι
1225 4801 1238 4814 .

375 4867 692 4936 Φαρισαῖοι,
737 4870 1166 4942 ἑρμηνευόμενοι
1201 4872 1632 4942 κεχωρισμένοι
1656 4873 1688 4946 ἢ
1712 4873 1874 4942 ἀφω-

313 4958 586 5028 ρισμέινοι.
633 4961 769 5030 Περὶ
802 4961 872 5015 τὰ
893 4962 1262 5034 φυλακτήρια,
1295 4965 1392 5017 καὶ
1423 4965 1744 5036 καθαρμοὺς
1767 4981 1880 5020 σω·

323 5053 584 5120 ματικοὺς,
643 5055 738 5108 καὶ
803 5055 1146 5128 βαπτισμοὺς
1209 5055 1415 5123 ξεστῶν
1468 5061 1564 5110 καὶ
1623 5059 1872 5114 πινάκων

317 5143 500 5213 ἠσχολη
507 5147 680 5214 μένοι.

383 5235 438 5303 β’.
461 5236 870 5303 Σαδδουκαῖοι,
918 5239 1346 5311 ἐρμηνευόμενοι
1377 5240 1617 5307 δίκαιοι,
1663 5241 1878 5313 νεκρῶν

2051 4874 2336 4938 Phariswi,
2376 4874 2468 4944 qui
2497 4873 2928 4941 interpretantur
2953 4867 3178 4937 sejuncti
3209 4875 3304 4919 aut
3355 4881 3568 4935 separa-

1979 4969 2042 5024 ti.
2075 4969 2500 5038 Occupahautur
2541 4965 2775 5018 maxime
2812 4963 2956 5016 circa
3005 4957 3342 5031 phylactcria
3373 4968 3428 5010 et
3464 4973 3570 5026 pu-

1977 5061 2314 5116 rificationes
2353 5073 2671 5127 corporum,
2709 5062 2762 5109 et
2788 5053 3022 5108 lotiones
3062 5062 3357 5104 urceorum
3398 5055 3565 5115 atque

2174 5167 2221 5202 m
2231 5189 2246 5202 .

2174 5167 2246 5202 ιι.

1979 5151 2444 5306 Ῑωέῗηὲιέίίάασωί,
2491 5239 2585 5312 qui
2629 5238 2798 5294 latine
2832 5246 3026 5293 sonant
3073 5233 3238 5294 Justi,
3294 5227 3568 5298 negabant

320 5327 592 5382 ἀνάστασιν
643 5331 953 5402 ἀρνοῦνται,
1008 5332 1274 5402 ἀγγέλους
1311 5329 1455 5388 εἶναι
1485 5335 1548 5387 ού
1601 5333 1876 5404 λέγουσιν,

321 5419 426 5474 οὐδὲ
454 5423 673 5496 Πνεῦμα
725 5427 904 5494 ἆγιον,
934 5426 996 5478 οὐ
1047 5427 1266 5498 πνεῦμα
1307 5427 1500 5493 ἁγίων,
1531 5427 1564 5498 ἢ
1595 5426 1734 5491 ὅλως
1781 5429 1879 5481 ἀν-

324 5511 552 5582 θρώπων,
585 5516 724 5588 μετὰ
752 5518 852 5588 τὴν
880 5518 986 5572 ἀπὸ
1011 5519 1104 5572 τοῦ
1137 5519 1390 5590 σώματος
1417 5519 1617 5588 ἔξοδον,
1651 5519 1712 5574 οὐ
1753 5520 1880 5591 κρί-

327 5619 398 5654 σιν
421 5605 524 5657 τῶν
551 5609 958 5679 πεπραγμένων
977 5609 1315 5680 ἀνθρώποις.
1377 5619 1380 5622 ’

387 5703 450 5764 τ’.
491 5701 802 5770 Ἐσσηνοὶ,
850 5703 1100 5773 ἀκριϐεῖς
1136 5704 1264 5777 περὶ
1310 5704 1380 5759 τὰ
1419 5703 1648 5777 νόμιμα,
1699 5705 1880 5777 γάμου

389 5853 490 5922 (82)
521 5855 691 5917 Locus
724 5859 964 5916 vitiatus.

1988 5346 2331 5391 mortuorum
2381 5331 2864 5394 resurrectionem,
2911 5329 3132 5397 angelos
3169 5339 3308 5405 esse
3357 5321 3572 5382 nolunt,

1993 5444 2170 5500 neque
2205 5427 2468 5495 Spiritum
2513 5435 2784 5486 sanetum,
2825 5435 3001 5490 neque
3053 5416 3306 5486 spiritum
3347 5422 3570 5468 sancto-

1992 5537 2135 5586 rum,
2176 5530 2270 5574 aut
2300 5519 2525 5571 omnino
2565 5515 2872 5575 hominum,
2910 5523 3088 5577 neque
3122 5515 3242 5576 post
3269 5505 3474 5559 exitum
3506 5503 3571 5557 dc

1987 5627 2219 5682 corpore
2241 5610 2359 5664 fore
2381 5607 2650 5678 judicium
2686 5607 2753 5660 de
2797 5605 2862 5656 iis
2889 5601 3073 5663 rebus,
3102 5615 3242 5669 quas
3270 5599 3570 5668 egerimus.

2025 5705 2028 5708 ’
2063 5705 2116 5760 5.
2147 5702 2354 5766 Essem’,
2381 5697 2686 5768 scrupulosi
2713 5692 3006 5749 admodum
3029 5693 3174 5748 circa
3203 5691 3417 5764 legalia,
3441 5690 3566 5746 abs-

2061 5859 2174 5931 (85)
2209 5859 2368 5914 Forte
2395 5855 2658 5928 νηστειῶν
2677 5896 2692 5924 ,
2721 5849 3188 5926 τεσσαρακοστήν.
