4044 6470
3632 389 3732 453 164

480 424 583 486 153
2010 402 2082 464 JC

2182 399 2317 459 ΖΡΡΙ

550 536 620 589 52
655 530 922 586 Sex.......
954 529 1189 597 virgines
1234 525 1481 580 vestales.
1521 522 1717 575 Dicunt
1744 519 1917 575 sacris
1953 532 2045 569 va—
2077 561 2082 572 ι

2226 511 2300 580 νβ’
2339 507 2437 573 Ἐξ
2462 508 2608 578 ἄκαρ
2637 507 2693 559 al
2717 505 2819 575 τῆς
2857 503 3075 567 Ἑστίας
3106 503 3387 573 παρθένοιο
3418 505 3733 574 ἱερουργυῦ-

485 636 671 680 cantes
700 637 793 677 eas
821 594 1061 689 quoque-7
1088 616 1406 687 praedixisse
1460 613 1643 667 futura
1682 627 1747 665 ex
1776 611 1897 680 igne
1924 624 2052 678 per-

2182 622 2248 657 rat
2275 602 2491 671 λέγουσι
2514 599 2609 653 καὶ
2635 597 2799 652 αὐταὶ
2822 596 2885 649 τὸ
2911 594 3124 665 μέλλον,
3152 595 3375 664 ἀσπέτῳ
3401 611 3738 668 περιτεκμη.

485 727 644 787 peluo
679 714 1071 782 conjectantes.
1680 786 1683 787 ν

2182 696 2389 765 δόμεναι
2415 693 2553 764 (91).

552 810 620 861 55
658 804 762 870 Qui
782 778 928 873 apud
966 800 1233 855 Bacchum
1259 798 1314 851 in
1346 786 1727 866 Corybanticis
1756 791 1914 847 furiis
1939 805 2055 861 agt-

2228 787 2308 854 νγ¹
2339 786 2407 838 Ui.’
2431 802 2489 837 τε
2528 782 2682 853 παρὰ
2715 779 2788 851 τῷ
2814 778 3059 849 Διονύσῳ
3087 779 3177 832 διὰ
3210 778 3604 850 Κορυϐαντιῶν
3649 796 3738 832 κο-

486 900 757 950 ιιιῑιιιιιιιιιο.
2166 876 2638 950 ρυϐαντιζόμενοι.

562 987 629 1039 δι
678 982 1299 1053 ΟοΙορΙιοηο,ειιοει·ιιοε
1350 977 1616 1047 Apollinis
1664 977 1862 1029 hausta
1900 987 2058 1043 aqua,

486 1076 696 1129 dicebat
724 1074 922 1141 cuique
946 1072 1011 1124 de
1040 1086 1225 1135 causa,
1255 1070 1327 1124 ub
1355 1084 1519 1137 quam
1554 1068 1868 1120 advenerat.

554 1164 622 1217 55
657 1161 875 1230 Delphis
902 1160 1274 1214 vaticinautur
1306 1158 1568 1212 mulieres
1592 1155 1657 1207 ad
1693 1154 1872 1209 fontes
1899 1164 2063 1221 aqua-

487 1270 604 1308 rum
638 1254 963 1307 assidentes.

555 1346 623 1399 5'6
649 1346 821 1399 Etiam
871 1345 925 1396 in
974 1341 1291 1395 Branchidis
1333 1355 1401 1393 ex
1452 1352 1718 1405 aquarum
1764 1334 2063 1404 vaporibus

486 1438 677 1494 adlata:
722 1436 941 1491 oracula
981 1435 1235 1489 edebant.
1271 1432 1418 1485 Intra
1451 1429 1717 1499 quasdam
1752 1442 1882 1481 vero
1922 1426 2063 1495 ligu-

489 1532 728 1585 rationes
751 1539 955 1583 stantes
980 1527 1080 1580 riri
1108 1527 1385 1595 replentur
1405 1521 1678 1577 alllatibus
1697 1520 1753 1573 in
1783 1518 2065 1572 nonnullis

489 1623 704 1689 templis
731 1619 1018 1689 Apollinis.

565 1711 634 1764 57
665 1710 858 1780 Pythia
899 1724 962 1762 ex
1008 1705 1240 1775 tripode,
1278 1703 1509 1772 turpiter
1535 1701 1797 1763 insidens,
1824 1714 1920 1768 per
1947 1712 2070 1751 mu-

493 1802 679 1856 liebria
720 1816 821 1856 sua
859 1801 1002 1855 vires
1042 1794 1375 1851 vaticinandi
1414 1793 1825 1861 aﬂlationesque
1857 1792 2066 1859 recipit.

564 1971 630 2025 58
658 1969 821 2023 Plura
847 1970 1011 2024 etiam
1047 1973 1101 2022 in
1137 1968 1386 2038 pluribus
1418 1982 1513 2034 per
1540 1979 1707 2018 urnas
1739 1971 1791 2017 et
1821 1962 2066 2017 calculos

494 2062 937 2132 respondentium
970 2060 1118 2113 fuere
1146 2058 1399 2123 oracula;
1432 2058 1616 2124 templi
1651 2054 1853 2108 :acdituo
1882 2056 2069 2110 calcu-

494 2160 603 2207 lum
634 2153 974 2222 inspiciente,
1003 2159 1166 2219 atque
1195 2150 1262 2203 de
1297 2150 1435 2203 lihro
1468 2147 1751 2202 oraculum
1786 2147 2066 2202 recitante.

494 2243 557 2296 Et
611 2241 1068 2310 quemadmodum
1119 2236 1458 2309 Porphyrius
1509 2235 1587 2289 ait
1641 2236 1694 2287 in
1743 2233 1973 2299 cpistola
2002 2235 2070 2288 ad

494 2333 802 2388 Anebonem
838 2348 851 2384 :
889 2330 1077 2385 Multis
1124 2330 1264 2385 enim
1293 2336 1480 2399 agyrta
1519 2328 1608 2382 ille
1640 2326 1867 2380 illudens
1895 2326 2069 2380 hianti

493 2426 703 2479 ﬁducia:
726 2434 944 2479 nostrar.

494 2620 649 2675 CAP.
681 2616 890 2674 CXLV.
922 2643 998 2661 --
1034 2618 1143 2671 Cur
1190 2616 1366 2672 Judwi
1411 2618 1693 2671 secundam
1735 2626 1785 2685 et
1834 2618 2073 2685 quintam

847 2688 1189 2743 hebdomade:
1224 2690 1415 2756 feriam
1438 2688 1716 2757 jejunaut.

570 2801 695 2854 Erat
735 2803 977 2854 secunda
1004 2800 1161 2865 feria,
1202 2803 1423 2869 quando
1449 2801 1711 2870 templum
1750 2803 1924 2871 prima
1957 2802 2076 2855 vice

498 2909 529 2948 ει
558 2894 1066 2949 Nabuchodonosor
1094 2904 1362 2949 vastatum
1406 2903 1491 2950 est
1523 2896 1750 2963 :qninta
1782 2909 1910 2949 vero
1940 2893 2077 2947 feria

497 2985 623 3048 fuit,
650 2985 866 3054 quando
899 2986 999 3038 sub
1024 2984 1146 3039 Tito
1170 2987 1309 3041 idem
1338 2987 1533 3042 iterum
1557 3002 1775 3055 passum
1803 2996 1908 3041 est.
1936 2985 2079 3039 Luc-

498 3088 613 3129 tum
662 3077 803 3129 enim
845 3087 1007 3144 agunt
1057 3088 1274 3146 propter
1314 3078 1623 3132 incendium
1657 3079 1842 3147 templi
1886 3077 2080 3148 quavis

2231 964 2301 1020 νδ¹
2346 967 2435 1019 Ἐν
2480 966 2536 1019 δὲ
2585 963 2934 1033 Κωλοφωνίῳ
2974 961 3151 1030 ἱερεὺς
3184 958 3280 1013 τοῦ
3329 961 3572 1030 Κλαρίου
3604 960 3739 1033 ὕδωρ

2162 1060 2358 1123 πίνων,
2393 1058 2581 1125 ἔλεγεν
2606 1058 2821 1126 ἑκάστῳ
2854 1074 2920 1108 πε
2932 1056 2983 1125 pl
3010 1047 3071 1107 οὗ
3101 1054 3196 1106 καὶ
3223 1054 3442 1122 ἀφῖκτο.

2235 1147 2309 1202 νε¹
2354 1148 2445 1201 Ἐν
2480 1148 2705 1215 Δελφοῖς
2728 1146 2784 1199 δὲ
2815 1146 3164 1210 θεσπίζουσιν
3196 1147 3249 1198 αἱ
3279 1148 3537 1213 γυναῖκες
3555 1147 3613 1198 ἐν
3636 1148 3741 1209 τοῖς

2164 1240 2410 1310 στομίοις
2444 1239 2536 1291 τοῦ
2572 1239 2763 1300 ὓδατος
2792 1240 3285 1307 παρακαθήμεναι.

2238 1330 2323 1396 νς⁹
2365 1333 2473 1384 Καὶ
2502 1334 2558 1385 ἐν
2590 1332 2790 1400 Βραχεί
2814 1331 2925 1401 (92)
2958 1332 3015 1383 δὲ
3049 1331 3211 1384 πάλιν
3239 1331 3296 1397 ἐξ
3334 1332 3548 1385 ὑδάτων
3579 1333 3741 1400 ἀτμιο

2165 1422 2390 1492 ζόμεναι
2420 1422 2914 1493 χρησμολογοῦσιν.
2953 1423 3076 1475 'Enl
3101 1423 3488 1493 χαρακτηρίων
3514 1424 3571 1475 δὲ
3596 1425 3745 1477 στάν-

2163 1530 2256 1576 τες
2288 1512 2625 1583 πληροῦνται
2668 1512 2777 1565 τῶν
2815 1513 3201 1582 ἀπεγκρίσεων
3244 1514 3302 1566 ἐν
3333 1531 3445 1567 τισι
3480 1515 3628 1577 ναοῖς
3653 1514 3745 1568 τοῦ

2180 1605 2537 1668 Ἀπόλλωνος.

2237 1691 2315 1758 νζ¹
2343 1693 2479 1745 Ἡδὲ
2510 1693 2687 1747 Πυθία
2713 1694 2807 1747 ἐπὶ
2822 1692 2917 1746 τοῦ
2932 1694 3186 1765 τρίποδος
3207 1695 3533 1765 ἀσχημόνως
3563 1696 3750 1749 ἐπικα-

2171 1786 2404 1856 θημένη,
2444 1786 2532 1839 διὰ
2558 1786 2667 1839 τῶν
2701 1787 3030 1855 γυναικείων
3061 1787 3246 1856 πόρων
3276 1788 3387 1857 (95)
3422 1785 3525 1849 τὰς
3565 1803 3750 1857 μαντι-

2103 1871 2144 1925 Β
2173 1878 2275 1940 κάς
2302 1878 2599 1947 εἰσκρίσεις
2625 1877 2971 1947 ὑποδέχεται.

2241 1966 2325 2034 νη¹
2355 1968 2537 2021 Πολλὰ
2575 1968 2630 2022 δὲ
2661 1970 2720 2021 ὲν
2750 1969 2963 2022 πλείοσι
3007 1971 3177 2032 ναοῖς·
3203 1968 3301 2023 xal
3327 1968 3417 2022 διὰ
3465 1968 3750 2037 καμπιδῶν

2168 2059 2366 2129 ψήφων
2426 2059 2539 2131 (94)
2595 2060 3006 2131 ἀποκρινόντων
3062 2060 3295 2130 συνέστη
3351 2060 3607 2127 μαντεία,
3657 2059 3748 2112 τοῦ

2171 2152 2441 2221 νεωκόρου
2466 2153 2564 2221 τὴν
2592 2152 2774 2223 ψῆφον
2802 2152 3133 2223 ἐφορῶντος,
3170 2153 3267 2206 καὶ¹
3296 2152 3404 2206 ἀπὸ
3433 2151 3642 2222 βιϐλίου
3666 2151 3749 2203 τὸν

2171 2244 2424 2315 χρησμὸν
2475 2243 2963 2311 ἀναγινώσκοντος.
2997 2246 3108 2297 Kal
3154 2243 3338 2306 καθὼς
3366 2241 3675 2312 Πορφύριος
3697 2244 3750 2294 ἐν

2170 2340 2239 2409 τῇ
2267 2336 2405 2407 πρὸς
2452 2336 2743 2389 Ἀνέϐοντά
2794 2354 2960 2407 φησιν
2989 2336 3247 2405 ἐπιστολῇ
3276 2352 3293 2367 ο
3330 2334 3597 2400 Πολλοῖς
3648 2333 3750 2402 γὰρ

2171 2430 2435 2499 ἀγύρτης
2469 2428 2569 2481 καὶ
2601 2426 2683 2494 τῷ
2719 2430 3007 2498 κεχηνότι
3041 2428 3154 2498 τῆς
3190 2425 3565 2497 προσδοκίας
3591 2423 3751 2495 ἡμῶν

2170 2520 2541 2589 ἐπιθέμενος.

2174 2637 2426 2690 ΚΕΦΛΛ.
2460 2636 2637 2690 ΡΜΕ¹.
2667 2666 2735 2677 ——
2761 2636 2926 2689 Διστί
2946 2638 3002 2689 οἱ
3032 2634 3300 2689 Ἰουδαῖοι
3328 2633 3449 2701 τὴν
3474 2631 3752 2699 δευτέραν

2232 2704 2351 2758 τῶν
2376 2706 2689 2759 σαϐϐάτων
2714 2708 2809 2759 καὶ
2836 2707 2951 2771 τὴν
2972 2705 3254 2775 πέμπτην
3273 2704 3703 2773 νηστεύουσιν.

2248 2819 2487 2888 Δευτέρα
2539 2817 2810 2871 σαϐϐάτου
2869 2817 3169 2888 ἐτύγχανεν
3210 2816 3376 2882 εἶναι,
3426 2817 3521 2869 ὅτε
3559 2816 3587 2867 ὁ
3635 2812 3750 2876 vah;

2178 2908 2286 2961 ὑπὸ
2337 2908 2432 2961 τοῦ
2472 2908 2943 2979 Ναϐουχοδονόσορ
2988 2909 3050 2962 τὸ
3100 2909 3367 2979 πρότερον
3420 2908 3747 2979 ἐνεπρήσθη.

2178 2999 2414 3069 Πέμπτη
2445 3000 2521 3061 δὲ,
2558 3001 2647 3053 ὅτε
2682 3000 2786 3052 ὑπὸ
2818 3000 2977 3053 Τίτου
3022 3000 3082 3053 τὸ
3111 2999 3366 3070 δεύτερον
3396 2999 3595 3053 ἔπαθε.
3627 3001 3749 3053 Πενς

2182 3091 2335 3145 θοῦσι
2368 3092 2476 3163 γὰρ
2529 3093 2622 3145 ἐπὶ
2652 3095 2717 3163 τῇ
2753 3094 3028 3162 ἐμπρήσει
3069 3090 3163 3145 τοῦ
3194 3090 3324 3146 ναοῦ
3378 3091 3524 3145 κατὰ
3563 3091 3749 3151 ταύτας

498 3168 801 3237 septimana
848 3169 903 3222 in
960 3169 1176 3224 duabus
1226 3169 1380 3224 hisce
1434 3170 1620 3232 feriis.
1676 3178 2075 3240 proptereaque

2182 3183 2279 3246 τὰς
2311 3183 2404 3235 δύο
2438 3182 2580 3235 κατὰ
2610 3184 2721 3236 πᾶν
2769 3182 3040 3239 σάϐϐατον
3076 3183 3312 3254 ἡμέρας,
3346 3183 3447 3237 καὶ
3474 3182 3563 3237 διὰ
3605 3180 3752 3235 τοῦτο

498 3262 661 3313 etiam
681 3259 955 3328 jejunant.

499 3354 653 3427 CAP.
685 3370 912 3426 CXLVI.
943 3402 1010 3413 —
1045 3370 1157 3427 Cur
1185 3370 1477 3452 Christiani
1511 3371 1760 3441 jejunum
1801 3382 1995 3443 quarta
2029 3382 2077 3427 et

1112 3453 1263 3495 sexta
1299 3446 1455 3509 feria.

572 3556 777 3622 Quarta
814 3554 947 3610 feria
984 3556 1336 3609 hebdomuda:
1363 3554 1533 3611 .ludas
1562 3558 1809 3626 proditor
1840 3556 2082 3626 suscepit

502 3646 557 3700 in
598 3662 656 3700 se
677 3647 1049 3715 operationem
1079 3646 1280 3699 diaboli
1313 3647 1378 3700 nd
1422 3648 1785 3713 proditionem
1810 3647 2081 3701 inducen-

503 3737 595 3800 tis,
630 3740 873 3805 accrptis
900 3753 1005 3790 xxx
1039 3738 1223 3792 aureis
1253 3753 1282 3790 a
1319 3737 1524 3807 Caipha
1555 3746 1608 3792 et
1629 3738 1804 3793 Anna.
1839 3738 1905 3791 At
1933 3749 2083 3792 sexta

505 3826 639 3880 feria
683 3837 806 3879 actu
846 3828 1210 3895 proditionem
1255 3827 1526 3881 excreuit.
1560 3826 1614 3881 In
1651 3844 1755 3897 qua
1800 3829 1888 3883 die
1917 3831 2084 3882 etiam

505 3918 796 3971 salutarent
855 3919 1058 3972 mundo
1122 3919 1432 3987 passionem
1486 3919 1750 3974 Dominus
1801 3921 2084 3975 sustinuit.

509 4010 711 4062 llarum
744 4011 905 4080 igitur
940 4010 1175 4064 duorum
1226 4011 1437 4065 dierum
1466 4012 1673 4065 ambitu
1698 4012 2086 4067 abalienantur

506 4101 804 4157 Christiani
831 4118 858 4154 a
891 4103 1093 4156 diaboli
1123 4102 1457 4171 operatione,
1496 4104 1870 4173 acceduntque
1894 4120 1986 4172 per
2007 4104 2089 4174 je-

502 4194 659 4265 junia
688 4195 757 4249 ad
789 4193 1126 4250 salutiferam
1161 4194 1369 4249 mundo
1402 4197 1715 4266 passionem
1740 4196 1967 4251 Christi.

506 4395 664 4452 CAP.
695 4395 948 4459 CXLVII.
983 4428 1053 4438 —
1079 4396 1211 4461 Qua:
1250 4408 1299 4451 et
1338 4407 1463 4467 quo!
1489 4406 1663 4466 gentes
1692 4413 1757 4452 ea:
1786 4396 2089 4451 Abrahamo

1091 4470 1341 4521 derivata:
1378 4478 1525 4522 sunt.

580 4574 764 4629 Primo
809 4578 899 4631 illa
946 4593 1067 4646 qua:
1106 4594 1171 4630 ex
1224 4580 1395 4644 Agare
1440 4588 1493 4631 et
1521 4576 1744 4631 lsmaele
1775 4576 1916 4643 fuit;
1947 4579 2088 4647 Aga-

514 4669 629 4723 reni
652 4684 843 4737 nempe
860 4678 913 4721 et
934 4667 1248 4723 lsmaelitze:
1282 4671 1372 4738 qui
1394 4670 1530 4725 falso
1553 4669 1803 4723 Saraceni
1838 4670 2086 4735 audiunt,

511 4762 645 4813 dum
668 4761 767 4813 sibi
791 4760 1208 4828 appellationem
1242 4762 1488 4817 tribuunt
1514 4778 1540 4816 a
1573 4762 1707 4816 Sara
1738 4763 2087 4827 accersitam,

512 4868 636 4906 cum
670 4868 733 4906 ex
766 4852 852 4905 illa
888 4854 1109 4908 minime
1147 4854 1277 4908 sint.

582 4941 788 4996 Deinde
842 4940 1164 5009 Israelitica,
1210 4944 1276 4999 ab
1308 4942 1490 5009 Israel,
1523 4944 1727 5002 Jacoho
1746 4962 1961 5017 nempe,
1994 4947 2087 5016 qui
2134 4956 2138 4959 ‘

512 5045 739 5102 accepto
765 5037 1109 5103 cognomine,
1150 5038 1311 5092 Israel
1346 5049 1575 5094 vocatus
1606 5048 1711 5094 est.

586 5127 650 5178 Et
686 5142 713 5178 a
744 5126 1039 5181 Chettliura
1071 5136 1261 5198 gentes
1295 5141 1427 5184 orta:
1462 5140 1589 5184 sunt
1615 5131 1927 5185 Abrahamo
1957 5140 2086 5185 tres.

512 5217 726 5281 Satura,
757 5220 870 5274 sive
901 5219 1230 5290 1Ethiopica.
1267 5221 1641 5284 Madianitica,
1676 5224 1778 5277 sub
1807 5238 1927 5292 quae
1958 5239 2087 5277 cen-

514 5322 701 5364 sentur
737 5313 829 5380 qui
874 5324 1001 5366 sunt
1043 5312 1394 5383 ASthiOpibns
1443 5315 1630 5368 vicini.
1698 5313 1997 5378 Exomittv,
2042 5323 2096 5367 et

516 5401 732 5456 illorum
788 5405 1104 5475 propinqui.
1152 5405 1422 5459 Dedauica
1477 5421 1717 5475 quoque.
1761 5405 1932 5459 Porro
1986 5406 2098 5458 haec

516 5501 599 5546 est
645 5498 814 5558 natio,
860 5513 926 5551 ex
968 5514 1074 5568 qua
1111 5499 1275 5553 etiam
1316 5500 1415 5552 fuit
1454 5497 1650 5553 Jothor
1686 5496 1888 5569 Moysis
1917 5514 2095 5565 socer,

736 5669 1020 5745 :Aafiésftp
1053 5674 1187 5743 πυρὶ
1211 5674 1642 5745 τεκμηρόειεναι.

613 5737 703 5807 9‘2)
736 5737 1083 5807 Βραγχίδαις.

614 5806 707 5868 95)
744 5806 827 5861 ᾹΙ.
849 5810 1084 5875 μορίων.

2118 4537 2173 4591 D,

2180 3274 2522 3345 νηστεύουσι.

2180 3389 2431 3443 ΚΕΦΑΛ.
2460 3390 2653 3454 PMG'.
2690 3420 2759 3428 —
2790 3390 2891 3443 Διὰ
2942 3392 2998 3443 τί
3030 3392 3084 3443 οἱ
3129 3390 3478 3457 Χριστιανοὶ
3525 3388 3637 3455 τὴν
3670 3401 3754 3441 τε-

2372 3459 2555 3526 τράδα
2588 3460 2683 3512 καὶ
2719 3459 3117 3527 παρασκευὴν
3140 3462 3573 3527 νηστεύουσιν.

2253 3572 2485 3641 Τετρὰδι
2515 3570 2608 3623 τοῦ
2644 3572 2916 3625 σαϐϐάτου
2954 3573 3157 3637 Ἰούδας
3186 3575 3213 3627 ό
3238 3573 3507 3644 προδότης
3539 3571 3634 3642 τὴν
3662 3568 3746 3623 τοῦ

2183 3663 2432 3716 διαϐόλου
2464 3662 2567 3730 ’τῆς
2597 3663 2885 3731 προδοσίας
2906 3664 3195 3733 ἐνέργειαν
3216 3665 3540 3730 ὑπεδέξατο,
3571 3664 3690 3723 τοὺς
3711 3657 3750 3711 λ’

2186 3748 2415 3823 χρυσοῦς
2451 3752 2603 3823 παρὰ
2646 3754 2866 3821 Καϊάφα
2906 3754 3002 3806 καὶ
3049 3755 3218 3807 Ἀννα
3258 3754 3646 3823 κομισάμενος.
3679 3751 3749 3820 Τῇ

2185 3844 2242 3896 δὲ
2280 3847 2597 3912 παρασκευῇ
2627 3844 2737 3914 (95)
2772 3844 2869 3913 τὴν
2894 3844 2993 3911 τῆς
3028 3844 3317 3912 προδοσίας
3346 3844 3548 3914 πρᾶξιν
3577 3841 3754 3895 ὲπετέ·

2186 3934 2362 3987 λεσεν.
2408 3936 2496 3987 Ἐν
2616 3936 2798 4006 ἡμέρᾳ
2836 3936 2930 3988 καὶ
2961 3936 3019 3988 τὸ
3072 3935 3519 4011 κοσμοσωτήριον
3550 3931 3753 3991 πάθοςό

2188 4026 2392 4097 Κύριος
2422 4027 2705 4094 ὑπέμεινε.
2731 4028 2886 4081 Κατά
2916 4027 2972 4080 δὲ
2996 4026 3092 4096 τὴν
3118 4026 3226 4079 τῶν
3261 4026 3355 4078 δύο
3384 4026 3610 4095 ἡμερῶν
3636 4021 3751 4075 τού-

2187 4134 2298 4170 των
2348 4116 2597 4185 περίοδον
2646 4116 3053 4187 άλλοτριοῦνται
3097 4116 3195 4186 μὲν
3228 4116 3277 4168 οἱ
3306 4115 3623 4187 Χριστιανοὶ
3666 4113 3755 4178 τῆς

2189 4206 2287 4259 τοῦ
2343 4206 2591 4260 διαϐόλου
2623 4208 2897 4278 πράξεως,
2945 4208 3271 4261 οἱκειοῦνται
3300 4207 3357 4260 δὲ
3404 4206 3495 4260 διὰ
3538 4205 3644 4258 τῶν
3668 4217 3755 4272 νηο

2193 4298 2389 4351 στειῶν
2415 4298 2493 4369 τῷ
2523 4299 2954 4369 κοσμοσωτηρίῳ
2984 4299 3146 4352 πάθει
3177 4297 3440 4369 Χριστοῦ.

2190 4410 2443 4464 ΚΕΦΑΛ.
2497 4408 2674 4466 ΡΜΖ’.
2702 4440 2773 4451 —
2804 4409 2947 4463 Τίνα
2992 4412 3137 4475 ἔθνη
3194 4409 3291 4464 καὶ
3342 4414 3511 4465 πόσα
3546 4409 3613 4462 ἐκ
3656 4405 3754 4460 τοῦ

2701 4482 2954 4548 Ἀϐραὰμ
2979 4481 3274 4548 συνέστη.

2271 4592 2491 4663 Πρῶτον
2522 4593 2583 4644 τὸ
2614 4593 2677 4645 ὲκ
2717 4592 2817 4661 τῆς
2847 4594 3027 4663 Ἀγαρ
3056 4595 3150 4646 καὶ
3177 4594 3269 4648 τοῦ
3316 4595 3564 4665 Ἰσμαὴλ,
3603 4596 3754 4662 Ἀγα-

2190 4685 2371 4755 ρηνοὶ
2427 4686 2519 4737 καλ⁵
2579 4684 2918 4754 Ἰσμαηλῖταί
2968 4688 3135 4749 εἰσιν,
3194 4687 3245 4739 οἱ
3304 4684 3756 4756 ψευδοσαρακηνοὶ

2199 4775 2643 4843 κικλησκόμενοι,
2691 4773 2902 4835 ἑαυτοῖς
2934 4774 3360 4843 ἐπιφημίζοντες
3399 4777 3496 4845 τὴν
3534 4776 3636 4828 ἀπὸ
3669 4776 3757 4841 της

2196 4866 2432 4934 Σάρρας,
2465 4865 2565 4916 οὐκ
2590 4864 2740 4925 ὄντες
2779 4864 2838 4927 et;
2868 4864 3056 4934 αὐτῆς,
3085 4866 3422 4937 ἐπωνυμίαν.

2268 4956 2530 5025 Δεύτερον
2564 4956 2623 5007 τὸ
2673 4956 3128 5023 Ἰσραηλιτικὸν,
3165 4960 3273 5012 ἀπὸ
3309 4960 3401 5012 τοῦ
3446 4957 3672 5028 Ἰσραὴλ,
3705 4958 3757 5016 ἀς

2196 5050 2344 5101 ἐστιν
2390 5047 2603 5111 Ἰακὼϐ,
2626 5048 2946 5116 ἐπικληθεὶς
2976 5048 3052 5113 δὲ,
3095 5050 3315 5121 Ἰσραὴλ
3349 5051 3755 5121 ὀνομαζόμενος.

2269 5137 2377 5189 Καὶ
2405 5136 2513 5189 ἀπὸ
2549 5137 2858 5207 Χετοούρας
2878 5139 3005 5208 ἔθνη
3032 5142 3293 5208 γεγόνασι
3319 5142 3397 5214 τῷ
3431 5124 3673 5213 Ἃϐραὰμ
3692 5136 3752 5206 γ’,

2193 5226 2255 5278 τὸ
2287 5225 2464 5288 Σαϐᾶ,
2495 5228 2521 5280 ὃ
2571 5230 2685 5280 ἐστι
2713 5228 2773 5280 τὸ
2806 5229 3104 5287 Αἰθιόπων.
3140 5233 3248 5285 Καὶ
3288 5234 3348 5285 τὸ
3378 5229 3753 5288 Μαδιανιτῶν.

2193 5317 2246 5369 οἴ
2277 5319 2417 5369 εἰσιν
2447 5320 2497 5370 οἱ
2539 5320 2675 5388 πρὸς
2706 5303 2817 5382 τοῖς
2846 5321 3117 5391 Αἰθίοψιν.
3150 5326 3211 5375 Οἱ
3249 5324 3564 5393 Ἕξοιιῖτιιι,
3598 5324 3685 5375 καὶ
3712 5318 3755 5370 οἱ

2194 5408 2407 5472 τούτοις
2433 5411 2735 5480 πρόσοικοι.
2770 5412 2879 5464 Καὶ
2905 5415 2966 5465 τὸ
2997 5414 3349 5481 Δεδανιτῶν,
3381 5417 3529 5480 ἔθνος
3555 5416 3609 5469 δέ
3650 5416 3753 5465 ἐστι

2197 5498 2379 5566 τοῦτο,
2419 5498 2479 5564 ἐξ
2507 5495 2568 5554 οὗ
2615 5502 2711 5555 καὶ
2764 5503 2954 5571 Ίόθορ,
2989 5506 3016 5557 ὁ
3064 5506 3157 5557 τοῦ
3190 5506 3466 5569 Μωῦσέως
3504 5499 3752 5573 γαμϐρὸς,

2279 5677 2393 5750 (illi)
2419 5678 2501 5732 Al.
2536 5679 2812 5750 καλπίδων
2845 5680 2933 5733 καὶ
2960 5680 3179 5750 ψήφων.

2278 5748 2391 5823 t95)
2442 5751 2592 5823 Apud
2647 5749 2859 5804 .Iudteos
2909 5747 3203 5823 incipiebat
3252 5766 3478 5813 vespere
3534 5747 3669 5802 frl'izL‘
3708 5756 3749 5808 ι,

2206 5820 2321 5871 sole
2350 5821 2652 5872 occidente.
