4070 6412
609 395 703 460 m
2096 382 2399 444 JOSEPPI
3750 388 3838 457 m

679 509 735 560 9.
771 507 824 562 lu
857 517 1040 561 monte
1073 507 1126 560 in
1159 505 1403 566 Galilma.
1455 502 1545 556 ubi
1581 499 1837 573 prmcepit
1869 498 1974 554 illis
2008 497 2194 552 Domi-

2373 494 2439 550 θ’.
2479 494 2572 557 Ei;
2605 492 2666 548 τὸ
2693 492 2818 566 ὅρος
2845 493 2902 547 ἐν
2928 495 2993 566 τῇ
3021 491 3314 564 Γαλιλαίᾳ,
3351 485 3412 545 οὗ
3445 491 3657 561 ἐτάξατο
3683 500 3842 568 αὐτοῖς

611 613 737 662 nus,
760 599 915 669 juxta
943 598 1252 652 Matthzeum
1276 597 1342 650 θ’.

678 690 763 744 10.
799 691 854 744 In
883 699 1065 744 monte
1086 686 1389 753 Olivarum,
1415 700 1584 755 quum
1618 686 1670 738 in
1701 685 1874 739 cce'os
1903 681 2176 737 ascendit.

607 891 758 948 CAP.
795 890 969 947 CLIII.
1003 921 1074 930 —
1107 890 1323 955 Quoties
1371 899 1652 958 pastquam
1689 887 1742 940 in
1773 886 1960 940 cmium
2001 885 2195 948 rediit,

889 963 1136 1032 apparuit
1173 961 1429 1015 Dominus
1465 960 1742 1028 discipulis
1766 959 1898 1012 suis.

676 1147 920 1202 Primum
968 1146 1248 1217 Stephano
1303 1142 1696 1216 protomartyri
1750 1142 2082 1211 interempto
2131 1138 2200 1192 ab

607 1239 829 1306 Judaeis,
865 1255 1032 1310 quum
1070 1240 1243 1309 aperti
1275 1248 1403 1293 sunt
1429 1238 1574 1292 εαξη.

682 1330 738 1383 2.
780 1329 952 1382 Paulo
995 1328 1324 1398 ingredienti
1368 1325 1719 1392 Damascum,
1763 1334 1822 1380 ut
1856 1333 2077 1381 sanctos
2105 1340 2202 1380 vo-

612 1423 758 1476 lebat
791 1421 1063 1476 abducere
1088 1421 1328 1474 vinctos.

683 1514 738 1568 3.
767 1512 939 1568 Paulo
970 1513 1022 1566 in
1051 1511 1377 1579 Jerusalem,
1410 1512 1633 1583 quando
1655 1526 1924 1581 apparens
1945 1511 1993 1564 ci
2023 1510 2158 1564 dixit
2186 1530 2198 1565 :

614 1605 697 1659 Ne
726 1608 984 1668 timueris,
1023 1605 1226 1670 Paule;
1263 1607 1400 1659 sicut
1441 1607 1578 1660 enim
1630 1605 1984 1659 testimonium
2032 1605 2206 1672 per/ei-

612 1698 776 1752 buisti
805 1698 869 1751 de
899 1715 976 1750 mc
999 1698 1054 1749 in
1077 1697 1393 1763 Jerusalem,
1427 1699 1508 1750 ita
1534 1707 1736 1766 oportet
1774 1705 1830 1749 ut
1868 1695 2046 1749 Ilomat
2072 1711 2204 1764 quo-

611 1807 712 1861 que
740 1791 887 1860 per/ii
895 1792 1037 1844 beas.

686 1886 738 1938 4.
773 1882 978 1938 Jacobo
1003 1885 1175 1954 justo,
1212 1893 1270 1938 ut
1302 1883 1644 1953 Ilegesippus
1683 1891 1738 1938 et
1784 1882 2037 1936 Clemens
2079 1896 2203 1933 nar-

615 1989 759 2041 rant,
787 1979 1007 2046 quaqu
1033 1975 1303 2031 adductus
1330 1985 1412 2030 est
1447 1977 1516 2029 ab
1539 1974 1743 2030 Judaeis
1768 1976 1821 2028 in
1850 1974 2204 2044 pinnaculum

615 2069 820 2138 templi,
857 2079 909 2121 ut
939 2068 1164 2133 diceret,
1197 2084 1319 2138 qua:
1344 2079 1487 2124 esset
1524 2076 1677 2139 porta
1715 2065 1866 2122 .Icsu.

613 2179 763 2235 CAP.
796 2179 976 2236 CLIV.
1028 2212 1098 2222 —
1145 2179 1285 2247 Quot
1320 2183 1464 2236 idola
1514 2183 1678 2236 coluit
1737 2182 1986 2251 populus,
2023 2184 2206 2238 relicto

1185 2254 1281 2307 Dei
1320 2256 1425 2307 veri
1470 2261 1636 2307 cultu.

691 2386 879 2441 Ριὶιιιο
914 2396 1079 2458 caput
1107 2389 1288 2455 bovis,
1327 2389 1475 2459 quod
1507 2391 1557 2443 in
1587 2391 1805 2446 deserto
1842 2391 1971 2447 fecit
1999 2393 2204 2447 Aaron.

692 2573 746 2625 9..
772 2571 1024 2626 lnitiatus
1047 2571 1170 2627 Beel
1190 2570 1404 2642 Phegor
1433 2573 1578 2628 idolo
1593 2573 2031 2630 Madianitarum.
2052 2575 2208 2630 Post-

618 2682 684 2720 ea
728 2665 938 2734 I’hegor
973 2665 1370 2720 abominationi
1409 2665 1722 2722 Iudaeorum
1752 2688 1765 2724 :
1805 2669 2020 2723 Babalm
2045 2677 2209 2738 atque

615 2758 949 2821 Astaitibus,
984 2756 1194 2813 deabus
1235 2757 1587 2815 Sidoniorum
1623 2779 1634 2814 :
1664 2759 1873 2830 Dagoni
1899 2771 1951 2816 et
1982 2759 2206 2827 Muscae,

615 2851 720 2904 diis
747 2850 1047 2904 Accaron:
1097 2848 1378 2918 Moloeho,
1427 2863 1484 2907 et
1532 2851 1774 2908 Cbamos
1807 2853 1952 2907 idolo
2001 2852 2204 2909 Moab..

617 2941 959 2996 Thamuzum
983 2959 1229 3014 quoque,
1263 2946 1354 3015 qui
1384 2954 1469 3000 est
1491 2945 1722 3012 Adonis,
1749 2946 2058 3001 lamentata:
2081 2956 2211 3002 sunt

619 3034 878 3089 mulieres
917 3034 971 3088 in
1019 3037 1244 3106 templo,
1287 3048 1342 3092 et
1375 3038 1429 3092 in
1465 3039 1674 3095 uadibus
1716 3041 1834 3095 suis
1873 3041 2206 3095 coluerunt:

618 3126 857 3196 itemque
884 3125 1054 3181 solem
1091 3126 1146 3181 in
1182 3128 1411 3184 collibus
1444 3136 1499 3184 et
1524 3130 1868 3196 nemoribus,
1903 3137 2208 3184 mactautes

619 3218 722 3272 eis.

690 3313 742 3365 5.
800 3311 982 3366 Acbaz
1021 3327 1112 3366 rex
1145 3311 1282 3366 Juda
1334 3313 1505 3367 coluit
1547 3314 1710 3369 etiam
1757 3315 1888 3370 deos
1932 3315 2208 3371 Damasci.

619 3402 870 3459 Manasse
921 3420 1053 3459 vero
1094 3405 1258 3459 etiam
1303 3404 1648 3462 divinaculos
1703 3415 1757 3462 et
1795 3407 2209 3477 ventriloquos,

621 3498 866 3567 sculptas
914 3513 1138 3568 quoque
1189 3499 1453 3564 imagines
1495 3509 1545 3554 et
1577 3500 1772 3556 altaria
1817 3501 2106 3557 dmmuniis
2157 3503 2211 3557 in

624 3588 824 3656 templo
869 3585 1364 3660 Ilierosolymitano
1408 3591 1734 3659 constituit;
1777 3601 1830 3648 et
1882 3609 1981 3664 per
2028 3595 2209 3664 ignem

622 3679 870 3734 traduxit
910 3680 1108 3735 liberos
1149 3696 1299 3736 suos.
1346 3683 1414 3736 At
1453 3683 1687 3753 populus
1729 3685 1824 3754 qui
1857 3685 2072 3742 lsraelis
2111 3704 2212 3741 uo-

624 3772 774 3826 mine
801 3782 1076 3838 censetur,
1100 3773 1238 3828 I'acta
1272 3775 1548 3844 apostasia
1580 3775 1648 3830 ab
1679 3775 2016 3845 Jerusalem,
2043 3778 2214 3834 coluit

620 3865 906 3936 jureucas,
941 3881 1080 3936 quas
1112 3867 1288 3922 erexit
1309 3867 1600 3925 .leroboam
1630 3870 1682 3926 in
1707 3872 1892 3927 Betbel
1917 3883 1970 3928 et
2001 3871 2140 3927 Dan.

627 4085 780 4140 CAP.
813 4086 970 4142 CLV.
995 4119 1063 4130 —
1097 4088 1326 4152 Quinam
1357 4089 1695 4157 ﬁrmissimas
1728 4093 1996 4146 amicitias
2032 4110 2212 4148 serva-

1374 4177 1430 4213 νε
1436 4176 1510 4215 re.

701 4301 868 4355 David
917 4317 1043 4364 rex,
1084 4310 1138 4355 et
1169 4299 1438 4356 Jonatlian
1481 4301 1626 4358 ﬁlius
1679 4301 1829 4357 Saul.
1865 4279 2210 4372 Altessalom,

628 4403 675 4445 et
707 4391 896 4446 Jacob.
935 4393 1122 4447 Achab
1155 4409 1248 4447 rex
1283 4393 1469 4460 Israel,
1510 4405 1564 4450 et
1589 4393 1855 4467 Josspbat
1886 4415 1976 4452 rex
2013 4397 2174 4452 Juda.

631 4589 785 4644 CAP.
833 4589 1013 4645 CLVI.
1059 4622 1129 4632 —
1178 4592 1307 4658 Quis
1345 4596 1661 4677 rationalem
1701 4597 1758 4652 in
1799 4599 1943 4652 bruti
1977 4600 2214 4653 animam

1304 4676 1548 4720 mutavit.

705 4773 1196 4831 Nabuchodonosor
1233 4777 1604 4851 Babylonius,
1638 4781 1869 4852 punitus
1901 4799 2078 4842 annos
2116 4803 2212 4855 ru,

631 4874 854 4934 propter
883 4866 1226 4935 jactautiam.

703 4955 858 5020 Saul,
888 4957 982 5026 qui
1031 4959 1213 5028 juslos
1259 4974 1322 5016 ac
1357 4960 1534 5016 bonos
1563 4978 1778 5028 mores,
1808 4974 2031 5035 propter
2075 4969 2215 5023 invi-

629 5051 774 5104 diam
807 5057 998 5104 contra
1025 5050 1219 5118 David,
1251 5053 1306 5107 in
1335 5053 1575 5122 injustas
1619 5065 1785 5128 atque
1827 5059 2002 5116 malos
2033 5076 2216 5118 mores

631 5143 882 5198 mulavit.

698 5236 876 5292 ludas
917 5239 983 5295 ad
1021 5239 1413 5310 discipulatum
1460 5252 1723 5310 vocatus,
1763 5253 1818 5300 et
1845 5255 2066 5316 propter
2089 5262 2220 5303 avao

631 5330 814 5384 ritiam
853 5330 1030 5386 factus
1059 5332 1328 5400 proditor.

710 5421 963 5475 Nicoluus
991 5424 1084 5492 qui
1113 5440 1257 5479 unus
1305 5425 1406 5479 fuit
1439 5440 1504 5480 ex
1537 5435 1744 5496 scptcm
1777 5428 2050 5500 diaconis,
2079 5442 2132 5488 et
2165 5433 2218 5489 in

634 5509 882 5567 lizeresim
922 5513 1108 5583 lapsus
1139 5524 1244 5568 est.

703 5649 749 5682 ”
791 5650 978 5706 Matth.
1017 5666 1244 5716 xxxviii,
1287 5649 1374 5704 IG.

709 5768 786 5842 (ἓ)
819 5767 1018 5842 ιξ-υεεὺ.
1060 5767 1142 5842 11.⁸
1171 5768 1235 5824 Ε.
1269 5771 1366 5825 lib.
1397 5787 1457 5836 tt,
1489 5788 1606 5842 cap.
1642 5775 1731 5829 25.

710 5838 786 5910 (3)
822 5839 984 5894 Forte
1015 5839 1172 5908 κληδ.

2299 592 2328 643 ὁ
2352 588 2579 656 Κύριος,
2611 586 2754 641 κατὰ
2785 587 2878 640 τὸν
2898 587 3202 641 θιατθαῖον.

2377 688 2429 734 ι’.
2462 682 2558 744 Εἰς
2583 681 2644 735 τὸ
2665 680 2790 752 ὅρος
2818 681 2927 734 τῶν
2966 681 3219 746 Ἐλαιῶν,
3246 682 3326 743 είς
3353 682 3446 734 τὸν
3475 681 3689 753 οὐρανὸν
3714 687 3844 760 ἀνερ-

2302 772 2552 843 χόμενος.

2302 887 2556 958 ΚΕΦΑΛ.
2580 887 2764 958 ‘PNF'.
2796 916 2864 926 --
2896 884 3332 958 Hocdmo‘yeric‘z
3381 884 3598 958 threic
3625 890 3849 958 οὐρανὸν

2372 956 2701 1039 ἐπείνοόον,
2758 960 2790 1011 ὁ
2825 959 3039 1025 Κύριος
3084 955 3211 1020 τοῖς
3251 957 3425 1022 ἰδίοις
3479 957 3634 1026 ὤφθη
3684 955 3849 1030 pm)".

2373 1045 2524 1096 ταις.

2376 1143 2600 1213 Πρῶτον
2631 1141 2894 1212 Στεφάνῳ
2940 1141 3019 1212 τῷ
3050 1141 3486 1213 πρωτομάρτυρι
3515 1143 3851 1216 ἀναιρουμένῳ

2305 1235 2410 1290 ὑπὸ
2433 1235 2540 1288 τῶν
2577 1235 2870 1298 Ἰουδαίων,
2890 1234 2998 1287 τῶν
3034 1234 3279 1303 οὐρανῶν
3309 1233 3681 1303 ἀνοιχθέντων.

2380 1325 2442 1397 β’.
2476 1326 2677 1396 Παύλῳ
2701 1325 2924 1378 εἰσιόντι
2952 1326 3029 1389 είς
3044 1325 3358 1396 Δαμασκδν,
3379 1325 3436 1378 ὲν
3458 1324 3533 1396 τῷ
3556 1325 3674 1388 τοὺς
3695 1327 3852 1395 ἁγίους
3913 1379 3934 1404 ,ι

2305 1419 2562 1489 δεσμίους
2592 1417 2798 1471 ἐθέλειν
2831 1418 3005 1485 ἄγειν.

2376 1510 2446 1577 γ“.
2481 1511 2578 1580 Τῷ
2613 1509 2813 1580 Παύλῳ
2839 1511 2917 1572 είς
2939 1510 3036 1580 τὴν
3082 1508 3459 1580 Ἰερουσαλὴμ,
3498 1508 3583 1561 ὅτε
3607 1510 3852 1578 ἐπιφανεὶς

2307 1602 2454 1674 αύτῷ
2482 1602 2586 1674 ἔφη
2612 1619 2626 1635 ⁶
2653 1602 2748 1672 Μὴ
2785 1603 2994 1673 φοϐοῦ,
3025 1604 3248 1656 Παῦλεο
3283 1603 3364 1666 ὠς
3389 1602 3500 1670 γὰρ
3531 1602 3856 1672 διεμαρτύρω

2309 1699 2442 1768 περὶ
2481 1698 2629 1769 ἐμοῦ
2653 1702 2742 1765 εἰς
2779 1697 3194 1767 Ἰερουσαλὴμ,
3225 1698 3413 1764 οὕτως
3445 1711 3518 1749 σε
3546 1693 3637 1748 δεῖ
3662 1696 3750 1748 καί
3787 1701 3857 1762 εις

2322 1795 2554 1864 Ῥώμην
2574 1793 2982 1863 μαρτυρῆσαι.

2376 1887 2437 1941 δ’.
2475 1886 2671 1940 Ἰακὼϐ
2695 1886 2772 1956 τῷ
2791 1886 3002 1955 δικαίῳ,
3029 1884 3106 1946 ὡς
3147 1884 3497 1954 Ἡγήσιππος
3529 1886 3620 1938 καὶ
3656 1885 3856 1954 Κλήμης

2309 1979 2615 2050 ἱστοροῦσιν
2645 1978 2744 2048 (2),
2798 1977 3082 2048 ἀναχθέντι
3119 1976 3224 2029 ὑπὸ
3252 1977 3362 2030 τῶν
3408 1978 3690 2040 Ἰουδαίων,
3716 1980 3784 2039 εἰς
3807 1979 3856 2028 τὸ

2314 2070 2614 2139 πτερύγιον
2630 2067 2723 2121 τοῦ
2768 2067 2938 2138 ἱεροῦ,
2969 2067 3057 2120 ἵνα
3085 2068 3214 2137 εῐπῃ
3241 2066 3324 2130 τίς
3355 2067 3386 2136 ὴ
3416 2065 3558 2137 θύρα
3585 2065 3672 2118 τοῦ
3687 2064 3856 2133 Ἰησοῦ.

2309 2184 2562 2238 ΚΕΦΛΛ.
2583 2183 2750 2236 PNA'.
2776 2215 2845 2224 —
2860 2183 3028 2235 Πόσα
3057 2180 3328 2234 εἱδωλεῖα
3344 2178 3644 2249 ἐσεϐάσθη
3669 2182 3700 2235 ὁ
3715 2179 3859 2246 λαὸς,

2746 2253 2852 2306 τὸν
2883 2253 3031 2306 Θεὸν
3057 2253 3453 2320 καταλείψας.

2381 2391 2605 2460 Πρῶτον
2662 2388 2722 2443 τὸ
2783 2389 3108 2460 βούκρανον,
3157 2388 3185 2441 ὃ
3232 2390 3289 2441 ὲν
3339 2390 3404 2460 τῇ
3437 2389 3632 2460 ἐρήμω
3683 2386 3860 2456 Ἀαρὼν

2310 2482 2588 2550 ἐποίησεν.

2383 2573 2447 2644 β’.
2480 2572 2768 2637 Τελεσθεὶς
2792 2572 2869 2644 τῷ
2900 2573 3032 2626 Βεὲλ
3058 2575 3248 2643 Φεγωρ
3271 2572 3478 2640 εἰδώλῳ
3513 2571 3832 2626 Μαδιανιτῶν
3851 2586 3862 2600 ο

2310 2668 2502 2720 ἔπειτα
2551 2667 2630 2738 τῷ
2679 2667 2872 2738 Φεγὼρ
2935 2666 3269 2737 βδελύγματι
3320 2666 3432 2719 τῶν
3495 2664 3773 2726 Ἰουδαίων,
3808 2665 3864 2733 τῇ

2311 2761 2458 2814 Βαὰλ
2500 2762 2595 2814 καὶ
2623 2762 2742 2824 ταῖς
2779 2761 3130 2828 Ἀστὰρταις,
3161 2759 3312 2820 θεαῖς
3343 2758 3620 2813 Σιδωνίων
3641 2775 3654 2790 ·
3687 2757 3756 2828 τῷ
3779 2758 3865 2808 Δα-

2310 2851 2422 2921 γὼν
2448 2853 2543 2906 καὶ
2572 2855 2635 2922 τῇ
2670 2852 2839 2924 Μυίᾳ,
2873 2851 3016 2915 θεοῖς
3063 2849 3382 2920 Ἀκκαρώνο
3413 2849 3498 2921 τῷ
3541 2847 3765 2918 Μωλὼχ,
3803 2846 3866 2916 τῷ

2310 2942 2521 3013 Χαμὼς
2551 2943 2754 3013 εἰδώλῳ
2807 2942 2982 2996 Μωὰὃ
3003 2957 3016 2972 ·
3080 2943 3174 2996 καὶ
3204 2942 3293 2996 τὸν
3332 2942 3584 3012 Θαμοὺζ,
3613 2943 3670 3004 ὃς
3699 2941 3866 2992 totum}

2317 3036 2566 3100 Ἀδωνις,
2619 3035 2884 3106 ἐθρήνουν
2917 3035 2974 3087 αἱ
3021 3035 3282 3102 γυναῖκες
3306 3034 3364 3087 ὲν
3394 3031 3477 3104 τῷ
3505 3031 3640 3102 ναῷ,
3670 3031 3755 3084 καὶ
3777 3030 3869 3091 τοῖς

2312 3128 2480 3192 οἴκοις
2505 3126 2684 3182 αὐτῶν
2705 3127 3103 3196 ἐσεϐάσθησαν,
3129 3126 3223 3182 καὶ
3251 3125 3342 3180 τὸν
3367 3126 3525 3197 ἥλιον
3554 3127 3612 3179 ὲν
3640 3125 3746 3188 τοῖς
3773 3122 3874 3193 βουο

2236 3213 2281 3272 C
2315 3222 2424 3286 νοῖς
2453 3220 2686 3286 καὶτοῖς
2716 3219 2924 3283 δάσεσι,
2963 3219 3187 3283 θύοντες
3227 3220 3436 3284 αὐτοῖς.

2385 3321 2454 3382 γ’.
2499 3313 2666 3383 ’Λχὰζ
2694 3315 2722 3366 ὁ
2757 3312 3012 3382 βασιλεὺς
3046 3311 3142 3365 τοῦ
3185 3311 3378 3375 Ἰούδα,
3445 3310 3544 3366 καὶ
3571 3311 3682 3372 τοῖς
3717 3310 3876 3375 Δαμα-

2317 3404 2448 3460 σκοῦ
2483 3404 2628 3470 θεοῖς
2679 3405 2996 3475 ὲλάτρευσε.
3053 3403 3326 3475 Μανασσῆ
3371 3403 3428 3457 δὲ
3483 3401 3582 3457 καὶ
3631 3401 3874 3455 κλειξωνι-

2317 3499 2448 3564 στὰς
2485 3500 2558 3569 (5)
2622 3499 2716 3552 ml.
2751 3496 3248 3569 ἐγγαστριμύθους,
3298 3496 3393 3550 καὶ
3424 3496 3648 3565 γλυπτὰ
3679 3495 3766 3548 καὶ
3789 3493 3875 3562 βω·

2319 3590 2454 3662 μοὺς
2471 3592 2579 3654 τοῖς
2605 3589 2853 3661 δαίμοσιν
2876 3591 2933 3643 ὲν
2961 3590 3041 3662 τῷ
3069 3589 3196 3656 ναῷ·
3227 3588 3598 3662 Ἰερουσαλὴμ
3627 3588 3874 3656 ἐνέστησε,

2314 3681 2409 3736 καὶ
2455 3683 2514 3735 ὲν
2568 3682 2702 3752 πυρὶ
2753 3682 2911 3753 διῆγε
2958 3681 3027 3736 τὰ
3078 3682 3247 3736 τέκνα
3299 3682 3509 3736 αὐτοῦ·
3541 3684 3569 3735 ὁ
3597 3680 3652 3734 δὲ
3689 3676 3879 3748 Ἰσραὴλ

2315 3775 2556 3836 ἀποστὰς
2582 3773 2682 3844 τῆς
2722 3775 3103 3846 Ἰερουσαλὴμ,
3140 3777 3260 3840 ταῖς
3303 3775 3613 3846 δαμάλεσιν
3640 3775 3704 3838 ἃς
3744 3771 3878 3839 ἐστη-

2317 3881 2409 3918 σεν
2439 3867 2467 3919 ὁ
2499 3865 2784 3938 Ἰεροὸοὰμ
2805 3869 2862 3922 ὲν
2884 3870 2950 3939 τῇ
2983 3867 3156 3939 Βεθὴλ
3187 3867 3286 3923 καὶ
3309 3870 3368 3922 ὲν
3394 3871 3466 3938 τῇ
3497 3868 3630 3934 Δὰν,
3651 3865 3880 3936 ἐλάτρευ-

2317 3976 2430 4015 σεν.

2353 4101 2606 4158 ΚΕΦΑΛ.
2645 4103 2817 4159 PNE'.
2844 4133 2914 4145 —
2948 4105 3114 4168 Τίνες
3160 4102 3587 4168 βεϐαιοτάτοις
3645 4099 3854 4169 φιλίαις

2926 4174 3292 4244 ἐχρήσαντο.

2386 4309 2550 4364 Δαὸὶδ
2579 4308 2916 4378 δβασιλεὺς,
2939 4308 3033 4361 καὶ
3072 4306 3347 4372 Ἰωνάθαν,
3385 4305 3528 4360 ὀτοῦ
3560 4301 3733 4358 Σαοὺλ
3757 4299 3884 4360 υἱός·

2307 4405 2343 4456 ὑ
2386 4401 2742 4472 Ἀϐεσσαλὼμ
2771 4401 2868 4455 καὶ
2891 4400 3086 4455 Ἰακώϐ
3115 4400 3214 4473 (4).
3253 4399 3484 4470 Ἀχαὰδ,
3506 4399 3537 4453 ὁ
3563 4397 3660 4453 τοῦ
3693 4388 3892 4466 Ἰσραὴλ

2319 4494 2597 4565 βασιλεὺς,
2630 4493 2725 4548 καὶ
2763 4491 3056 4561 Ἰωσαφὰτ,
3093 4493 3121 4544 ὁ
3146 4491 3241 4545 τοῦ
3285 4491 3483 4548 Ἰούδα.

2321 4604 2570 4658 ΚΕΦΑΛ.
2601 4605 2791 4672 PNG'.
2843 4636 2910 4646 —-
2937 4603 3395 4744 Τι’ξηξέετῖἑϐαλεν
3423 4605 3515 4670 εις
3545 4600 3760 4671 θηρίον
3795 4593 3893 4664 τὴν

2995 4691 3229 4745 Ψυχηνο

2389 4789 2956 4859 Ναϐουχοδονόσορ,
2981 4791 3010 4843 ὁ
3034 4787 3395 4853 Βαϐυλώνιος,
3437 4783 3780 4859 τιμωρηθεὶς
3823 4777 3896 4835 ἐπ’

2317 4881 2624 4953 ἀλαζονείᾳ,
2649 4881 2744 4952 ἔτη
2767 4881 2832 4947 ζ’.

2389 4974 2614 5039 Σαοὺλ,
2645 4977 2708 5028 ὲκ
2737 4976 2948 5030 δικαίου
2986 4976 3080 5030 καὶ
3106 4976 3312 5044 ἀγαθοῦ
3333 4977 3563 5048 τρόπου,
3601 4977 3691 5030 διὰ
3721 4971 3900 5042 φθόνον

2321 5066 2414 5119 τὸν
2445 5067 2587 5123 κατὰ
2617 5067 2713 5122 τοῦ
2742 5070 2926 5133 Δασὶδ,
2957 5070 3036 5134 είς
3069 5070 3254 5125 ἄδικον
3283 5071 3375 5125 καὶ
3410 5069 3622 5140 φαῦλον
3655 5060 3899 5139 μετέϐαλε

2328 5161 2550 5231 τρόπον.

2412 5251 2666 5320 Ἰούδας,
2701 5252 2923 5322 κληθεὶς
2955 5255 3034 5315 είς
3069 5252 3396 5324 μαθητείαν,
3445 5253 3544 5306 καὶ
3590 5251 3682 5306 διὰ
3731 5245 3906 5318 φιλαρ-

2325 5358 2394 5410 γυ
2404 5341 2526 5412 ρίαν
2556 5343 2825 5414 προδότης
2849 5343 3164 5414 γενόμενος.

2395 5435 2716 5502 Νικόλαος,
2776 5438 2840 5489 ὲκ
2867 5438 2977 5490 τῶν
3025 5438 3167 5491 ἑπτὰ
3203 5437 3466 5492 διακόνων
3511 5433 3781 5506 γεγονὼς»
3825 5438 3908 5481 και

2327 5529 2407 5592 εἰς
2441 5527 2653 5601 αἵρεσιν
2679 5531 2996 5603 ἑκτραπείς.

2405 5785 2482 5858 (4)
2520 5785 2681 5841 Forte
2721 5786 2861 5841 Ἰοέιὸ
2891 5804 2953 5843 ex
2981 5786 3019 5840 Il
3054 5786 3179 5859 Reg.
3209 5804 3320 5844 xw.
