4070 6460
568 378 673 445 I75

1576 374 1876 436 JOSEPPI
1914 374 2284 435 I.IBEI.I.US
2326 375 2830 437 MEMORIAIJS.
3711 384 3790 455 ιιι

559 496 713 553 CAP.
764 491 995 551 CLXIV.
1070 491 1302 559 Quinam
1373 500 1670 571 peceatores
1728 488 2135 542 misericordia"

2329 491 2579 544 ΚΕΦΛΛ.
2606 489 2767 542 ΡΞΔ’.
2788 522 2855 531 -
2874 491 3601 571 Τίνες-π.ιημμελήσαντες
3622 496 3791 571 ἐλέους

1130 572 1253 614 sunt
1283 563 1569 627 consecuti.

634 657 854 711 Fratres
886 654 1103 724 Joseph,
1138 654 1230 722 qui
1286 668 1411 705 cum
1465 651 1851 715 vendiderunt,
1908 661 2148 705 attamen

560 754 629 807 ab
665 768 731 806 eo
762 759 893 804 sunt
928 748 1172 802 enutriti.
1210 745 1382 798 David
1421 746 1513 815 qui
1545 745 1787 815 seipsum
1842 744 2150 798 hmniliavit

563 856 788 915 propter
817 851 1027 913 patrata
1056 840 1286 902 scelera,
1319 849 1486 908 atque
1511 838 1721 908 prolixe
1748 847 1959 891 reatum
1985 851 2145 889 suum

558 935 845 990 confessus
874 944 977 988 est.
1022 932 1303 997 Salomon,
1346 932 1440 1001 qui
1473 930 1672 999 templa
1710 929 1871 983 idolis
1903 930 2144 995 gentium

562 1025 877 1088 :edillravit,
913 1031 1156 1077 attamen
1202 1030 1427 1091 propter
1457 1030 1663 1091 patrem
1713 1017 1877 1071 David
1915 1034 2023 1071 non
2064 1028 2147 1073 est

554 1116 803 1189 punitus.
855 1112 1132 1168 llanasses
1184 1115 1383 1167 dut-tus
1420 1113 1472 1166 in
1531 1111 1926 1183 captivitatem,
1976 1119 2024 1164 ct
2081 1110 2149 1165 ad

556 1211 727 1265 Deum
770 1222 1098 1271 conversus,
1134 1217 1297 1274 atque
1326 1204 1533 1258 idcirco
1570 1203 1625 1256 in
1659 1202 1889 1272 patriam
1925 1215 2147 1254 revoca-

555 1312 668 1357 tus.
699 1299 914 1354 Joacim
944 1318 974 1353 a
1008 1298 1243 1353 vinculis
1273 1298 1508 1363 solutus,
1541 1296 1974 1365 honestatusqne
1998 1294 2149 1364 regio

555 1376 767 1448 honore
799 1408 828 1446 a
882 1392 1130 1462 principe
1171 1389 1483 1461 Babylonis.
1534 1387 1835 1457 Latro,qui
1888 1387 1940 1440 in
1986 1401 2149 1441 eruce

554 1485 836 1539 Christum
870 1484 1159 1536 confessus
1195 1488 1300 1547 est,
1336 1490 1392 1534 ct
1437 1480 1580 1533 viam
1614 1479 1680 1533 ad
1720 1478 2034 1548 paradisum
2064 1477 2147 1530 in-

556 1577 725 1631 venit.
758 1575 961 1629 Paulus
994 1574 1297 1643 apostolus,
1343 1572 1437 1642 qui
1483 1570 1916 1641 persequebatur
1957 1568 2147 1623 Εεοριοη

555 1671 729 1733 siam,
765 1678 820 1723 et
866 1672 920 1722 in
971 1667 1305 1737 praeconium
1339 1666 1544 1720 missus
1592 1674 1677 1719 est
1726 1663 1847 1717 lidci
1909 1662 2142 1727 Christi,

554 1763 644 1818 cui
684 1762 887 1817 bellum
923 1769 1185 1814 moverat.
1220 1758 1463 1812 Ecclesia
1494 1774 1613 1827 qua:
1639 1767 1719 1811 cst
1749 1773 1814 1811 cx
1846 1756 2099 1827 gentibus
2124 1796 2137 1817 ,

2836 564 3271 631 τετυχήκασιν.

2331 656 2396 706 Ol
2424 652 2531 707 τοῦ
2580 654 2804 723 Ἰωσὴφ
2849 654 3103 724 ἀδελφοί
3137 657 3489 728 πεπρακότες
3526 659 3689 727 αὑτὸν,
3720 669 3794 719 καὶ

2252 746 2649 819 διατραφέντες
2694 749 2786 801 ὑπ’
2817 750 3011 803 αὑτοῦ.
3054 751 3233 803 Διιὸἶδ
3259 752 3594 815 ταπεινώσας
3637 757 3795 813 ἑαυτὸν

2258 840 2351 891 ἐπὶ
2386 843 2451 909 τῇ
2485 840 2863 912 πλημμελείᾳ,
2900 844 2996 894 καὶ
3042 843 3278 905 ἐκτενῶς
3320 843 3796 916 ἐξομολογούμενος.

2256 931 2548 1000 Σαλομὼν
2578 934 2738 995 ναοὺς
2763 937 2871 997 τοῖς
2892 934 3000 986 τῶν
3022 934 3194 987 ἐθνῶν
3216 935 3457 999 εἰδώλοις
3488 937 3795 1007 δειμάμενος,

2254 1023 2348 1077 καὶ
2376 1024 2465 1077 διὰ
2503 1024 2593 1077 τὸν
2632 1026 2845 1096 πατέρα
2881 1026 2955 1095 μὴ
2988 1025 3351 1097 τιμωρηθείς.
3411 1031 3732 1099 Μανασσῆς
3756 1036 3801 1086 ὲν

2251 1116 2606 1189 αἰχμαλωσίᾳ
2654 1119 2943 1188 ἀπαχθεὶς,
2980 1120 3075 1171 καὶ
3114 1120 3206 1172 ἐπὶ
3260 1119 3392 1173 Θεόν
3442 1122 3799 1193 ἐπιστραφεὶς,

2252 1210 2348 1262 καὶ
2382 1209 2470 1262 διὰ
2499 1209 2657 1263 τοῦτο
2685 1211 3040 1281 ὲπαναχθείς.
3097 1211 3357 1281 Ἰωακείμ
3387 1212 3565 1275 λυθεὶς
3593 1214 3691 1266 ἀπὸ
3714 1217 3806 1268 τῶν

2251 1300 2494 1369 δεσμῶν,
2526 1300 2621 1353 καὶ
2656 1299 2971 1370 τιμώμενος
3000 1299 3257 1371 βασιλικῇ
3288 1303 3422 1371 τιμῇ
3465 1300 3569 1354 ὑπὸ
3595 1303 3680 1356 τὸν
3715 1305 3803 1357 Ba-

2252 1391 2539 1447 συλωνίου.
2606 1391 2668 1444 '0
2726 1392 2971 1460 λῃστὴς
3030 1392 3122 1445 ἐπὶ
3162 1391 3260 1445 τοῦ
3312 1392 3551 1462 σταυροῦ
3600 1395 3809 1465 Χριστὸν

2248 1482 2615 1553 ὁμολογήσας,
2650 1485 2746 1537 καὶ
2776 1484 2875 1553 τὴν
2905 1485 2984 1547 εἰς
3010 1483 3340 1554 παράδεισον
3370 1484 3487 1537 ὁδὸν
3517 1484 3806 1556 εὑράμενος.

2262 1577 2319 1627 '0
2346 1576 2645 1639 ἀπόστολος
2683 1576 2923 1643 Παῦλος
2952 1576 3165 1630 διώκων
3210 1578 3312 1647 τὴν
3348 1577 3694 1648 Ἐκκλησίαν,
3731 1582 3815 1633 καὶ

2250 1670 2428 1739 κήρυξ
2450 1666 2517 1741 ἦς
2533 1670 2794 1741 ἐπολέμει
2816 1670 2857 1723 Χ
2870 1671 3059 1741 ριστοῦ
3086 1672 3326 1735 πίστεως
3344 1672 3810 1742 ἀποστελλόμενος.

2262 1763 2329 1818 ’11
2374 1764 2780 1835 Ἐκκλησία-1]
2830 1765 2890 1830 ἐξ
2946 1766 3139 1831 ἐθνῶν,
3192 1766 3285 1819 ἐπὶ
3364 1769 3487 1830 ταῖς
3549 1768 3816 1830 τοσαύταις

554 1872 678 1926 qua:
710 1864 789 1909 tot
838 1854 1138 1909 sceleribus
1161 1852 1295 1905 nihil
1327 1851 1674 1905 obstantibus
1706 1847 2137 1902 misericordiam

2248 1854 2631 1925 πλημμελείας
2676 1855 3000 1925 ὲλεουμένη.
3041 1857 3136 1908 καὶ
3184 1854 3274 1908 διὰ
3317 1856 3557 1920 πίστεως
3600 1855 3815 1926 Χριστοῦ

554 1958 640 2004 est
671 1955 989 2010 consecuta,
1023 1955 1075 1999 et
1111 1960 1204 2013 per
1262 1942 1421 1997 ﬁdem
1456 1941 1658 1997 Christi
1699 1940 1953 2011 perlecta:
1978 1939 2138 2008 justi-

554 2040 828 2096 licationis
864 2053 1088 2093 munere
1118 2037 1341 2093 donata.

551 2154 705 2208 CAP.
740 2150 952 2207 CLXV.
989 2180 1056 2192 —
1093 2150 1325 2216 Quinam
1377 2164 1496 2201 cum
1556 2148 1656 2201 sibi
1716 2146 1971 2201 eximium
2010 2148 2137 2217 quid

658 2227 833 2293 facere
854 2224 1175 2285 viderentur,
1212 2235 1271 2273 eo
1311 2220 1424 2287 ipso
1450 2236 1481 2271 a
1504 2236 1659 2288 sropo
1687 2218 2027 2271 aberrarunt.

624 2317 682 2372 Is
716 2319 807 2388 qui
848 2316 992 2387 apud
1042 2314 1212 2369 David
1264 2312 1578 2382 jactabatur
1614 2328 1673 2366 se
1716 2311 1943 2365 Saulum
1992 2310 2137 2365 occi-

549 2408 724 2475 disse,
758 2419 923 2478 atque
970 2406 1035 2461 ad
1070 2407 1226 2461 illum
1259 2405 1444 2460 attulit
1491 2404 1646 2475 regni
1690 2404 1960 2472 insignia,
2011 2413 2137 2456 tan-

551 2518 719 2574 quam
756 2516 926 2569 regno
964 2499 1029 2553 ad
1064 2499 1220 2553 illum
1259 2498 1598 2567 pertinente;
1633 2496 1721 2551 hic
1758 2495 1990 2550 intcrlici
2014 2494 2135 2565 jus-

549 2612 647 2652 sus
677 2606 763 2650 est
811 2595 881 2649 ab
926 2594 1161 2665 ipsomet
1214 2592 1437 2647 Davide.
1475 2590 1729 2646 Rachaab
1774 2600 1830 2644 et
1871 2589 2132 2657 Banajas,

551 2694 647 2748 tilii
682 2692 976 2757 Remmon,
1027 2690 1123 2761 qui
1167 2687 1608 2759 Mempbibosthe
1639 2686 1736 2741 lilii
1781 2685 1916 2740 Saul
1972 2693 2139 2755 caput

547 2787 615 2841 ad
648 2785 817 2840 David
852 2784 1163 2847 alIerent'rs,
1198 2791 1363 2853 atque
1408 2782 1510 2836 rati
1546 2795 1803 2849 magnum
1836 2779 1977 2851 apud
2008 2794 2133 2832 cum

550 2880 857 2934 contulisse
885 2876 1242 2941 beneﬁcium,
1262 2884 1486 2946 propter
1503 2876 1647 2945 quod
1670 2882 1723 2927 et
1744 2871 2135 2929 commendan-

548 2974 653 3026 dos
676 2986 795 3026 sese
813 2970 1131 3040 sperabant,
1164 2983 1229 3023 eo
1251 2970 1369 3038 ipso
1404 2967 1675 3022 interfecti
1704 2975 1852 3020 sunt.
1889 2964 2023 3027 Oza,
2043 2964 2134 3034 qui

550 3062 874 3116 inclinatam
907 3060 1111 3114 Arcam
1150 3059 1217 3113 ad
1246 3074 1305 3114 se
1335 3065 1658 3123 attraxerat,
1696 3066 1755 3110 ut
1797 3072 1861 3110 ne
1890 3055 2136 3109 ell‘nndc-

547 3164 703 3210 retur
736 3154 808 3210 de
846 3168 1030 3216 curru,
1055 3160 1109 3205 ct
1141 3159 1361 3219 repente
1391 3158 1645 3203 mortuus
1675 3148 1777 3203 est.
1813 3146 1916 3211 Qui
1940 3145 2134 3217 jussus

549 3257 634 3303 est
663 3262 693 3301 a
727 3245 990 3316 pr0pheta
1028 3242 1253 3298 Micha'a
1290 3241 1441 3296 illum
1469 3240 1697 3305 cmderc,
1736 3254 1916 3309 neque
1947 3240 2016 3293 ob
2038 3254 2133 3293 ve-

545 3340 866 3396 recundiam
911 3337 1132 3402 cecidit,
1162 3334 1489 3391 interfectus
1530 3342 1615 3389 est
1643 3350 1672 3387 ιι
1714 3332 1889 3387 leone.
1936 3331 2133 3385 Phari-

544 3446 704 3497 swus,
737 3428 830 3499 qui
864 3437 1085 3498 propter
1112 3441 1269 3482 suam
1293 3425 1565 3497 justitiam
1594 3424 1859 3480 adversus
1885 3422 2134 3494 publica-

547 3536 677 3575 num
711 3519 1067 3590 gloriabatur.

545 3633 705 3690 CAP.
732 3631 963 3688 CLXVI.
1000 3663 1067 3674 —
1099 3631 1230 3697 Quw
1260 3644 1306 3686 et
1340 3640 1465 3701 quot
1498 3641 1675 3700 gentes
1696 3629 1919 3684 subinde
1948 3639 2133 3685 contra

618 3721 775 3760 sacra
794 3704 913 3757 loca
940 3704 1368 3766 insurrexerunt,
1391 3713 1548 3761 atque
1571 3703 1826 3755 divinitus
1861 3702 2133 3756 immissas

614 3792 799 3844 pwnas
824 3774 1212 3828 sustinuerunt.

618 3888 733 3960 Cog
786 3897 841 3944 et
897 3887 1111 3957 Magog,
1149 3901 1347 3956 nempe
1401 3885 1617 3956 Scytha:
1660 3902 1672 3939 :
1733 3884 1974 3947 Mosoch,
2034 3900 2131 3941 seu

545 3983 716 4055 Illyrii
748 4000 762 4036 :
803 3981 1019 4039 Thobel.
1052 3982 1132 4035 vel
1168 3978 1415 4034 Thessali
1454 3999 1466 4034 :
1508 3977 1719 4045 Gomer,
1755 3995 1848 4034 seu
1880 3979 2084 4035 Galatas
2114 3997 2129 4034 :

549 4075 848 4145 'l‘hogorma
887 4081 981 4125 aut
1023 4070 1265 4125 Armenii
1323 4088 1335 4124 :
1376 4086 1440 4125 ex
1486 4068 1713 4135 Sabaeis,
1756 4070 1984 4137 Arabes,
2034 4070 2131 4141 qui

543 4176 675 4221 sunt
709 4165 871 4236 primi
897 4165 1156 4219 Imlorum
1198 4181 1210 4217 :
1244 4162 1485 4229 Tharsis,
1516 4178 1614 4218 seu
1646 4162 1763 4218 Afri
1802 4182 1815 4218 :
1859 4162 2001 4219 Chus
2033 4173 2129 4219 aut

542 4255 833 4326 Ethiupes
868 4271 881 4308 :
912 4252 1090 4319 Phud,
1130 4270 1225 4309 seu
1261 4253 1458 4325 Libyes
1493 4272 1505 4308 :
1540 4252 1766 4320 Phares,
1792 4254 1907 4310 sive
1928 4253 2128 4311 Persaa.

542 4370 696 4426 CAP.
739 4365 997 4424 CLXVII.
1026 4397 1095 4408 --
1126 4367 1361 4422 Virtutes
1393 4368 1631 4432 lapidum
1675 4368 1731 4421 in
1779 4384 1913 4422 zona
1952 4369 2131 4436 ponti-

1096 4441 1213 4508 ﬁcis
1244 4442 1556 4507 positorum.

612 4552 817 4621 Jaspis,
850 4552 1183 4608 adulterium
1239 4549 1539 4605 mcrtebat.
1583 4547 1900 4618 Sapphirus,
1950 4548 2127 4602 oeulis
2154 4554 2208 4614 Ι)

542 4646 945 4717 fulgentissima
1025 4646 1258 4715 lampas.
1330 4642 1748 4709 Chalcedonius,
1810 4641 2125 4697 sobrietatis

540 4739 886 4793 conciliator.
941 4735 1297 4807 Smaragdtts,
1366 4734 1677 4790 dmntonum
1714 4750 2050 4789 averruncus
2107 4752 2122 4788 :

542 4829 836 4897 Sardonix,
877 4830 1095 4899 ignibus
1154 4828 1383 4883 micans.
1438 4824 1685 4891 Sardius,
1730 4825 2121 4896 (Ihrysolithus,

540 4921 760 4977 dolores
792 4921 1076 4975 oculorum
1105 4928 1324 4975 sanant.
1375 4918 1645 4988 Beryllus,
1671 4918 1909 4972 tristitia:
1937 4919 2124 4973 mede-

542 5024 652 5069 tttr.
703 5011 989 5081 Topazius,
1063 5012 1505 5082 Chrysoprasus,
1554 5011 1908 5082 Hyacinthus.
1968 5012 2125 5063 Ame-

541 5104 773 5174 thystus,
848 5103 1167 5157 ebrietatem
1243 5118 1459 5158 arcens.
1516 5100 1804 5167 Anthrax,
1865 5100 2123 5166 Achates,

537 5196 817 5268 Ligurius.
856 5195 1179 5266 Onychinus.

644 5309 800 5366 Finis
831 5312 915 5364 hic
948 5322 1023 5365 est
1058 5310 1316 5365 librorum
1351 5306 1593 5377 Joseppi,

643 5383 970 5453 Argumenta
1007 5384 1234 5451 quinque
1267 5380 1564 5453 libellorum
1594 5378 1812 5434 habens.

644 5451 835 5507 Finem
866 5452 985 5506 dedi
1012 5452 1201 5505 ultimo
1236 5451 1431 5505 versui.

641 5524 862 5577 Auctori
895 5526 1151 5577 bonorum
1176 5521 1284 5574 Deo
1314 5523 1382 5573 sit
1418 5522 1617 5590 gratia,

644 5593 749 5656 Qui
785 5595 1068 5647 terminum
1090 5592 1233 5645 dedit
1269 5593 1397 5645 mihi
1433 5594 1585 5644 terba
1617 5590 1907 5650 scribendi,

642 5662 706 5717 In
735 5663 945 5716 laudem
980 5674 1027 5717 et
1054 5666 1349 5733 gratiarum
1379 5664 1611 5716 actiones
1658 5662 1810 5718 Verbi
1843 5661 1975 5730 ejus.

608 5798 687 5868 (5)
718 5794 922 5869 Confer
951 5795 1219 5869 Epiphan.
1261 5796 1333 5853 De
1366 5799 1603 5869 gemmis.

613 5867 692 5941 (6)
728 5868 893 5924 Forte
915 5867 1161 5937 λαμπάς.

2242 1947 2343 2017 τῆς
2375 1947 2585 2011 τελείας
2616 1947 2959 2021 δικαιώσεως
2986 1947 3308 2019 ἀξιουμένη.

2242 2151 2493 2206 ΚΕΦΑΛ.
2520 2150 2685 2205 ΡΞΕ’.
2714 2182 2781 2194 -
2822 2151 2987 2217 Τίνες
3012 2151 3173 2203 εἰσὶν
3207 2153 3259 2203 οἱ
3296 2149 3639 2216 κατορθοῦν
3659 2166 3709 2202 τι
3735 2152 3823 2204 δό-

2418 2224 2658 2291 ξαντες,
2696 2222 2795 2275 καὶ
2824 2223 2920 2275 ἐπὶ
2966 2223 3157 2285 τούτῳ
3191 2221 3649 2289 διαμαρτόντες.

2325 2313 2383 2369 Ὀ
2415 2314 2507 2367 τόν
2544 2314 2719 2367 Σαοὺλ
2746 2313 3049 2382 ἐπισφάξαι
3080 2313 3505 2383 καυχησάμενος
3540 2311 3619 2382 τῷ
3652 2312 3825 2376 Δαϐἱδ,

2242 2407 2337 2461 καὶ
2364 2406 2599 2473 κομίσας
2629 2406 2779 2476 αύτῷ
2794 2405 2855 2459 τί,
2880 2406 2977 2475 τῆς
3003 2405 3278 2476 βασιλείας
3311 2407 3567 2475 σημεῖον,
3587 2406 3661 2467 ώς
3693 2406 3829 2473 αύτῷ

2242 2499 2633 2570 προσηκούσης
2648 2499 2746 2568 τῆς
2777 2498 3077 2569 βασιλείας,
3095 2498 3455 2569 ἀναιρεθῆναι
3475 2498 3830 2568 προσταχθεὶς

2242 2590 2347 2644 ὑπὸ
2415 2590 2511 2643 τοῦ
2568 2590 2753 2644 Δαιλδ.
2820 2589 3087 2658 Ῥαχαὰό
3142 2591 3232 2642 καὶ
3289 2590 3583 2655 Βαναίας.
3637 2593 3685 2642 οἱ
3737 2590 3833 2642 υἱοὶ

2252 2680 2595 2750 Ῥεμμὼν,οί
2623 2680 2983 2750 Μεμφιὸοσθὲ
3006 2678 3099 2731 τοῦ
3129 2679 3245 2731 υἱοῦ
3270 2680 3444 2733 Σαοὺλ
3475 2681 3581 2750 τὴν
3599 2680 3832 2748 κεφαλὴν

2240 2773 2570 2842 κομίσαντες
2604 2772 2683 2843 τῷ
2730 2772 2918 2835 Δαδίδ,
2968 2773 3064 2826 καὶ
3112 2772 3359 2843 μεγάλην
3393 2772 3551 2842 αύτῷ
3593 2772 3839 2836 δόξαντες

2239 2866 2634 2921 κατατίθεσθαι
2666 2866 2847 2936 χάριν,
2873 2866 2940 2918 δι’
2988 2861 3055 2936 ἦς
3101 2868 3195 2919 καὶ
3224 2865 3459 2937 ἤλπιζον
3506 2865 3837 2935 εὐδοκιμεῖν,

2237 2956 2625 3027 ἀναιρούμενοι
2660 2957 2748 3012 διὰ
2776 2958 2955 3010 τοῦτο.
2999 2956 3122 3025 Ὁζᾷ
3158 2959 3186 3011 ὀ
3215 2958 3314 3027 τὴν
3342 2957 3607 3011 Κιῦωτδν
3642 2957 3843 3010 ἐπικλι-

2240 3048 2429 3103 θείσαν
2488 3049 2938 3120 ἐπισπασάμενος
2994 3051 3131 3121 πρὸς
3200 3050 3424 3112 ἑαυτὸν.
3466 3051 3615 3123 πρὸς
3660 3050 3725 3103 τὸ
3771 3048 3841 3119 μὴ

2238 3140 2649 3210 περιτραπῆναι
2674 3140 2781 3194 ἀπὸ
2798 3140 2898 3210 τῆς
2916 3141 3156 3211 ἁμάξης,
3175 3140 3474 3195 ἀποθανών
3498 3140 3843 3210 παραυτίκα.

2252 3231 2310 3286 ’0
2338 3232 2653 3297 κελευσθεὶς
2688 3233 2809 3286 ύπὶί
2828 3234 2923 3287 τοῦ
2957 3235 3243 3306 προφήτου
3269 3233 3514 3304 Μιχαίου
3539 3235 3846 3288 πατάσσειν

2240 3325 2429 3391 αὐτὸν,
2478 3325 2576 3379 καὶ
2619 3326 2688 3379 δι’
2740 3326 3031 3381 εὐλάϐειαν
3080 3327 3141 3380 ού
3192 3326 3489 3392 πατάξας,
3532 3327 3852 3397 ἀναιρεθεὶς

2239 3415 2346 3469 ὑπὸ
2365 3415 2599 3480 λέοντος.
2630 3414 2683 3469 '0
2712 3418 3037 3485 Φαρισαῖος
3063 3416 3157 3471 ἐπὶ
3185 3420 3251 3490 τῇ
3279 3418 3463 3491 οἰκεία
3513 3419 3849 3486 δικαιοσύνῃ

2237 3508 2331 3562 τοῦ
2364 3509 2597 3564 τελώνου
2630 3509 3077 3582 καταυχώμενος.

2238 3623 2802 3697 ΚΕΦΑΛηΡΞΕΓῇ-
2841 3627 2981 3680 Τίνα
3011 3628 3144 3681 ἐστὶ
3177 3628 3247 3681 τὰ
3284 3629 3433 3697 ἔθνη
3518 3631 3629 3683 καὶ
3690 3630 3853 3682 πόσα

2306 3695 2400 3770 τὰ.
2431 3694 2556 3770 τοῖς
2575 3696 2765 3770 ,ἱεροῖς
2797 3698 3005 3762 τόποις
3062 3698 3321 3766 ὕστερον
3353 3694 3859 3770 ἐάανιστάιιενα,

2306 3765 2407 3819 καὶ
2439 3765 2738 3832 θεήλατον
2765 3770 3179 3837 ὑπομείναντα
3208 3765 3535 3839 τιμωρίαν.

2307 3880 2445 3949 Γὼγ
2473 3880 2568 3934 καὶ
2614 3880 2856 3951 Μαγώγ,
2901 3883 2956 3935 οἵ
3004 3884 3111 3937 είσι
3152 3884 3394 3938 Σκύθαι·
3440 3887 3723 3954 Μοσὼχ,
3766 3885 3865 3939 Ἵλ-

2233 3970 2411 4041 λυριοί
2428 3987 2441 4001 ·
2465 3971 2684 4034 Θωόἑλ,
2701 3973 2980 4028 Θετταλοί·
2999 3976 3214 4045 Γομὲρ,
3243 3978 3518 4032 Γαλάται·
3550 3979 3862 4049 Gem-aut},

2234 4062 2553 4133 ’Δρμένιοι·
2613 4065 2911 4131 Σαόαιῶν,
2962 4068 3227 4137 ¹Ἄραϐες,
3263 4070 3312 4123 oi
3365 4071 3604 4140 πρῶτοι
3644 4071 3866 4125 Ἰνδῶν·

2237 4154 2513 4222 Θαρσεῖς,
2554 4156 2787 4229 Ἀφροιο
2822 4158 3001 4226 Χοῦς,
3029 4159 3289 4225 Αἰθίοπες
3313 4178 3327 4193 ο
3364 4163 3571 4229 Φοὺδ,
3616 4164 3867 4227 Λίϐυες·

2234 4245 2405 4313 Φρὲς,
2449 4247 2680 4318 Πέρσαι.

2233 4360 2489 4434 ΚΕΦΑᾹΣ
2544 4361 2705 4434 ΡΞΖ’.
2774 4367 2933 4418 -Αἱ
2984 4364 3269 4434 δυνάμεις
3309 4364 3430 4419 τῶν
3482 4369 3705 4421 λίθων
3756 4366 3879 4420 τῶν·

2317 4432 2388 4484 ἐν
2414 4431 2490 4500 τῇ
2518 4433 2626 4487 τοῦ
2656 4434 2978 4503 ἀρχιερέως
3009 4431 3158 4504 ζώνῂ
3184 4437 3617 4506 ἐντιθεμένων
3664 4439 3777 4509 (ὅ).

2312 4544 2592 4610 Ἰασπις,
2647 4546 2896 4616 μοιχείας
2962 4548 3370 4620 ἀποτρεπτική.
3460 4550 3880 4620 Σὰπφειρος,

2233 4637 2536 4708 ὀφθαλμοῖς
2573 4641 2943 4714 στιλπνωτικὴ
2974 4642 3206 4715 λαμπρά
3236 4644 3339 4712 (6).
3382 4646 3889 4713 Χαλκηδόνιος,

2234 4731 2595 4801 σωφροσύνης
2668 4736 3001 4805 πρόσφορος.
3090 4735 3482 4805 Σμάρανδος,
3582 4738 3893 4807 δαιμόνων

2234 4821 2604 4896 ἀπελαστική.
2648 4826 2960 4897 Σαρδόνυξ,
3004 4827 3527 4899 διαπυρσαίνουσα.
3579 4830 3895 4901 Σάρδιος,

2232 4919 2632 4987 Χρυσόλιθος,
2664 4922 2861 4986 ὀδύνας
2891 4924 3191 4995 ὀφθαλμῶν
3224 4925 3441 4979 ἰῶνται.
3494 4928 3893 4997 Βήρυλλος,

2229 5008 2409 5079 λύπης
2457 5010 2665 5082 ίατικὴ.
2730 5014 3029 5081 Τοπὰᾆος,
3073 5016 3570 5084 Χρυσόπρασος,
3620 5019 3901 5073 ’Υὰκιν-

2231 5101 2355 5165 θος,
2419 5100 2796 5171 Ἆμέθυστος,
2858 5105 3030 5177 μέθης
3078 5107 3473 5179 ἀλεξητήριον.
3568 5112 3898 5179 Ἀνθραξ,

2244 5192 2523 5263 ’Λχάτης,
2554 5198 2851 5266 Λιγύριος,
2893 5200 3220 5271 Ὀνύχειος.

2311 5309 2498 5379 Τέρμα
2537 5313 2841 5383 πυκτίδων
2865 5315 3128 5370 ἐνταῦθα
3165 5316 3574 5383 Ἰωσήππου,

2309 5385 2419 5466 Iac
2448 5382 2769 5466 ὑπρρέσεις
2798 5386 2917 5466 τῶν
2945 5388 3127 5466 ,ττέντε
3142 5388 3378 5466 ,βίϐλων
3409 5382 3616 5457 ἔχων
3648 5389 3771 5463 (Ἴ).

2298 5452 2491 5531 [λείας
2519 5452 2751 5531 δέδωκα
2781 5457 2862 5531 τῷ
2888 5458 3213 5531 τελευταίῳ
3241 5452 3469 5531 στέκφξ

2425 5525 2812 5598 συντελεστῇ
2842 5527 2962 5581 τῶν
2994 5526 3199 5582 καλῶν
3232 5526 3354 5593 Θεῷ
3382 5530 3633 5598 χάρις.

2306 5591 2390 5677 ἰῷ
2422 5591 2832 5677 σίίμπέρίξσέέά
2861 5599 3027 5652 δόντι
3052 5617 3154 5677 μρι
3185 5591 3424 5677 -Ξόγόξιξ
3461 5591 3805 5677 ἱζοᾶφειν,

2302 5666 2406 5729 Εἰς
2444 5661 3009 5736 αἶνον-ἐὐχάριστον
3036 5661 3223 5725 αὐτοῦ
3256 5661 3363 5723 τοῦ
3378 5661 3665 5743 ξὶόᾆοοῦ.

2296 5800 2366 5857 17)
2398 5799 2561 5858 Forte
2594 5802 2734 5875 ἕχον.
