4070 6442
303 467 3117 538 MM

1525 659 1698 706 ANNO
1740 660 1964 706 DOMIN!
2010 661 2122 706 CMI

337 844 1678 1038 NICEPHOBUS
1810 841 3370 1027 PHILOSOPHUS

1570 1158 2088 1255 NOTITIA

1177 1354 1374 1420 (Ocnus.
1414 1355 1484 1408 De
1523 1352 1704 1418 Script.
1744 1351 1918 1405 eccles.
1956 1358 2076 1404 tom.
2103 1351 2168 1415 Il,
2203 1367 2316 1418 pag.
2353 1351 2490 1416 402.)

1805 1533 1878 1547 —

313 1658 598 1728 Nicephorus
631 1658 995 1729 philosophus
1037 1665 1092 1714 et
1117 1665 1306 1714 orator
1325 1655 1654 1728 patriarchae
1693 1655 2315 1725 Constantinopolitani,
2355 1657 2460 1714 sub
2497 1655 2740 1714 Antonio
2779 1656 2986 1712 Caulea
3017 1655 3268 1724 ejusdem
3318 1660 3468 1715 sedis

261 1747 600 1816 archiepiscopo
640 1757 697 1801 et
721 1746 1034 1817 patriarcha
1064 1746 1277 1810 vivens,
1321 1745 1408 1800 his
1443 1745 1636 1800 iisdem
1692 1745 2028 1814 tempea-ibus
2063 1746 2347 1816 aliquanto
2395 1757 2520 1816 post
2545 1763 2638 1802 an.
2685 1746 2793 1801 890
2842 1747 3054 1813 ﬂoruit,
3124 1748 3469 1817 scripsitque

263 1835 507 1908 Orationem
535 1834 803 1902 funebrem
837 1849 934 1888 seu
961 1831 1350 1887 Narrationem
1378 1832 1816 1886 encomiasticam
1857 1831 1993 1887 Vita:
2014 1835 2186 1888 sancti
2220 1833 2445 1888 Antonii
2467 1844 2814 1904 cognomento
2857 1834 3093 1896 Cauleaa,
3146 1835 3473 1902 patriarcha:

261 1921 791 1992 Constantinopolitani,
823 1924 918 1994 qui
953 1938 1100 1978 anno
1129 1921 1333 1977 Christi
1363 1921 1491 1987 891,
1521 1920 1616 1975 sub
1643 1920 1960 1989 imperatore
1988 1917 2154 1972 Leone
2183 1916 2506 1988 Philosophe
2538 1935 2630 1972 seu
2655 1918 2926 1987 Sapiente,
2963 1918 3051 1974 die
3083 1919 3149 1972 l2
3179 1918 3503 1973 Februarii’

261 2021 450 2065 mortuus
477 2021 571 2066 est.
601 2009 799 2067 Exstat
843 2012 960 2067 haec
1006 2011 1198 2067 Oratio
1232 2026 1329 2066 seu
1371 2009 1493 2064 Vita
1534 2010 1681 2080 apud
1720 2007 2080 2062 Laurentium
2109 2006 2355 2073 Surium,
2407 2014 2470 2062 ut
2513 2017 2568 2062 et
2617 2007 2762 2078 apud
2813 2005 3084 2062 Joannem
3143 2006 3471 2061 Bollaudum

266 2109 381 2168 atque
406 2097 822 2162 llenscheuium,
861 2100 915 2154 iu
957 2100 1104 2154 Actis
1146 2098 1466 2155 Sanctorum
1493 2097 1562 2152 ad
1595 2098 1742 2152 diem
1795 2098 1863 2152 l2
1889 2099 2202 2164 Februarii,
2258 2099 2354 2155 sed
2396 2099 2693 2169 utrobique
2746 2097 2937 2152 Latine
2992 2106 3228 2152 tantum.
3269 2097 3473 2152 Eadem

262 2196 391 2239 autem
425 2185 599 2240 Oratio
639 2203 741 2242 seu
793 2187 916 2241 Vita
945 2195 1127 2244 exstat
1153 2186 1345 2243 Graece
1374 2185 1776 2254 manuscripta,
1833 2188 1887 2242 in
1923 2188 2260 2243 bibliotheca
2307 2186 2560 2244 Caesarea
2611 2187 3051 2254 Viudobouensi,
3095 2187 3239 2242 inter
3273 2203 3474 2241 manu-

260 2275 439 2344 scriptos
466 2276 682 2332 codices
715 2279 1013 2335 historicos
1043 2277 1286 2343 Graecos,
1318 2277 1443 2332 cod.
1495 2275 1587 2340 XI,
1619 2291 1774 2331 num.
1802 2275 1893 2340 20,
1941 2285 1996 2331 et
2028 2277 2252 2346 quidem
2299 2292 2330 2330 a
2363 2275 2496 2332 lolio
2524 2275 2618 2342 95,
2669 2291 2792 2347 pag.
2843 2275 2899 2340 2,
2933 2275 3041 2330 col.
3083 2276 3140 2341 2,
3189 2292 3367 2345 usque
3405 2278 3471 2330 ad

255 2363 324 2416 fol.
354 2364 456 2427 109,
490 2381 607 2437 pag.
637 2365 698 2429 2.
728 2367 933 2421 colum.
974 2383 1012 2429 ι,
1050 2375 1108 2420 ιιι
1144 2365 1306 2421 habet
1334 2365 1531 2420 Petrus
1580 2365 1911 2420 Lambecius
1955 2365 2097 2419 libro
2145 2379 2241 2419 vm
2282 2364 2824 2421 Commentariorum
2876 2363 3042 2433 hujus
3097 2364 3468 2424 bibliotltccm,

254 2467 292 2519 p.
315 2452 387 2517 83,
411 2453 554 2524 cujus
582 2455 780 2512 titulus
814 2465 869 2510 et
913 2456 1248 2526 principium
1289 2473 1302 2509 :
1359 2455 1684 2525 Νικηφόρου
1735 2452 1832 2507 τοῦ

1870 2452 2297 2524 μακαριωτάτου
2347 2452 2641 2523 φιλοσόφου
2692 2452 2784 2506 καὶ
2841 2453 3094 2523 ῥήτορος,
3145 2453 3469 2521 Ἐπιτὰφιον

250 2542 338 2608 ἤτοι
364 2541 462 2610 βίος
486 2544 752 2616 ἐγκωμίῳ
807 2544 1308 2617 συμπεπλεγμένος
1338 2545 1419 2606 εἰς
1446 2543 1540 2596 τὸν
1591 2543 1770 2614 μέγαν
1824 2542 1881 2593 ὲν
1916 2541 2270 2612 ἀρχιερεῦσιν
2300 2539 2462 2606 Θεοῦ,
2513 2540 2608 2594 καὶ
2639 2539 2959 2610 θαυμαστὸν
2999 2543 3057 2594 ἐν
3090 2542 3466 2612 πατριάρχαις

258 2631 505 2686 Ἀντώνιον.
541 2635 655 2688 Οὐκ
685 2630 754 2706 ἦν
781 2636 892 2706 ἄρα
917 2636 1026 2688 τῶν
1053 2635 1440 2705 προλαϐόντων
1468 2632 1652 2687 καλῶν
1678 2634 1761 2696 εἰς
1786 2631 1865 2684 πίε

1864 2646 1990 2692 ςτιν,
2029 2639 2137 2684 etc.
2174 2629 2229 2683 Id
2261 2637 2348 2684 est
2384 2647 2398 2683 :
2438 2627 2730 2698 Nicephori
2760 2628 3058 2683 beatissimi
3087 2630 3388 2700 philosophi
3421 2641 3471 2686 et

247 2721 428 2774 aratoris
457 2720 639 2776 Oratio
672 2722 913 2791 funebris
956 2724 1062 2777 sive
1102 2721 1222 2775 Vita
1255 2739 1376 2775 cum
1405 2721 1644 2775 encomio
1674 2719 1983 2789 conjuncta,
2013 2721 2070 2771 in
2103 2733 2354 2788 maguum
2382 2715 2481 2771 Dei
2521 2718 2978 2788 archiepiscopum
3012 2729 3063 2773 et
3094 2718 3472 2773 admirabilem

247 2809 285 2857 in
317 2810 600 2874 patriarchis
637 2813 952 2875 Antonium,
983 2821 1091 2866 etc.
1126 2809 1350 2864 Minime
1381 2817 1565 2864 autem
1603 2807 2026 2863 conluudcndus
2051 2816 2135 2861 est
2157 2806 2248 2860 hic
2274 2805 2621 2877 Nicephorus
2653 2807 3016 2877 philosophus
3049 2816 3102 2862 et
3135 2808 3324 2863 rhetor
3343 2823 3471 2863 cum

247 2891 495 2965 Nic-ephoro
519 2898 800 2970 Gregora.
843 2899 1075 2969 integris
1099 2898 1312 2968 aliquot
1341 2897 1561 2953 saeculis
1590 2895 1922 2960 recentiore,
1949 2895 2045 2963 qui
2073 2893 2372 2951 Historiam
2408 2910 2570 2952 suam
2602 2895 2988 2968 Byzantiuam,
3024 2912 3204 2967 usque
3251 2897 3317 2952 ad
3350 2897 3475 2952 obi-

246 2995 330 3036 tum
361 2987 475 3055 imp.
506 2990 816 3044 Andronici
849 2988 1120 3055 Juuioris,
1155 2989 1272 3044 sive
1298 2989 1363 3042 ad
1398 3002 1601 3041 annum
1645 2985 1854 3042 Christi
1906 2985 2038 3040 1541
2079 2983 2356 3054 perduxit.
2413 2981 2552 3038 Nam
2586 2984 2729 3040 etde
2757 2999 2822 3039 eo
2848 2985 2930 3039 vir
2968 2982 3330 3039 doctissimus
3363 2983 3474 3038 Leo

248 3073 430 3130 Allatius
455 3078 503 3130 in
549 3077 806 3133 Diatriba
837 3079 902 3134 de
929 3079 1254 3150 Symeonum
1297 3078 1535 3145 scriptis,
1563 3091 1689 3146 pag.
1739 3074 1830 3141 87,
1865 3072 2053 3137 refert,
2091 3070 2238 3143 quod
2281 3071 2456 3126 Vitam
2486 3072 2721 3140 ejusdem
2774 3070 2832 3127 S.
2883 3073 3105 3127 Antonii
3146 3073 3473 3142 patriarcha:

243 3161 495 3230 scripserit,
529 3167 694 3235 cujus
743 3167 961 3222 titulum
995 3176 1050 3221 et
1082 3166 1412 3237 principium
1449 3165 1525 3220 ibi
1567 3166 1674 3220 hoc
1714 3163 1876 3218 modo
1919 3161 2146 3216 exhibet
2187 3177 2200 3214 :
2243 3159 2541 3230 Nicephori
2588 3160 2845 3231 Gregorze
2877 3160 3004 3224 Βίος
3046 3162 3144 3215 τοῦ
3191 3164 3250 3216 ὲν
3295 3163 3476 3232 ἁγίοις

246 3251 523 3322 πατριάρχου
553 3255 1212 3320 Κωνσταντινουπόλεως,
1257 3252 1550 3308 Ἀντωνίου
1608 3251 1704 3306 τοῦ
1739 3251 1839 3322 τὴν
1877 3247 2045 3320 μονὴν
2070 3247 2166 3301 τοῦ
2197 3246 2428 3312 Καλέως
2471 3248 2914 3319 συστησαμένου.
2951 3251 3014 3303 Εἰ
3044 3250 3103 3304 δὲ
3143 3251 3238 3304 καὶ
3269 3251 3474 3322 θνητὴν

244 3334 421 3405 ψυχὴνό
443 3341 649 3410 χρόνος,
678 3343 777 3396 καὶ
804 3325 1023 3396 πάντων
1049 3344 1166 3396 ἐστὶ
1191 3343 1375 3414 πατὴρ
1401 3341 1576 3396 ὁπόσα,
1613 3341 1792 3410 φθορὰ
1817 3357 1851 3393 κ

1860 3341 1912 3394 αὶ
1943 3338 2160 3406 γένεσις
2205 3337 2418 3407 βόσκει,
2446 3345 2555 3393 etc.
2600 3338 2756 3404 Quod
2790 3353 2956 3408 porro
2981 3339 3049 3394 ad
3090 3336 3467 3410 Nicephorum

250 3419 466 3481 Orationis
505 3445 596 3483 seu
634 3429 779 3486 Vita:
828 3431 987 3485 istius
1024 3433 1351 3501 scriptorem
1388 3431 1606 3496 attinet,
1648 3431 1739 3485 ille
1780 3428 1884 3483 sub
1933 3428 2114 3481 Leone
2151 3425 2412 3496 Sapieute
2474 3427 2812 3497 imperatore
2866 3429 3024 3495 vixit,
3070 3440 3132 3484 ut
3166 3429 3285 3499 ipse
3314 3430 3465 3485 clare

248 3509 352 3564 satis
376 3513 567 3582 inlicat,
603 3518 747 3571 dum
781 3519 986 3574 diserte
1019 3521 1097 3573 ait
1123 3536 1140 3574 :
1180 3518 1564 3589 Plerarumque
1595 3533 1773 3572 rerum
1802 3516 1866 3570 de
1899 3513 1959 3570 S.
1991 3515 2224 3569 Antonio
2249 3515 2566 3584 patriarcha
2593 3517 2992 3570 narrandarum
3025 3518 3339 3587 magistram
3371 3518 3476 3573 sibi

243 3611 326 3649 non
344 3602 479 3655 multo
511 3617 632 3658 ante
663 3617 902 3676 tempore
924 3607 1090 3675 fuisse
1135 3609 1311 3676 ipsam
1339 3607 1716 3676 inspectionem
1761 3614 1810 3660 et
1839 3603 2245 3672 experientiam.
2287 3601 2467 3658 Verba
2518 3603 2640 3673 ejus
2679 3603 2872 3659 Graeca
2906 3605 3023 3662 haec
3057 3615 3210 3669 suut,
3235 3606 3332 3658 καὶ
3362 3604 3472 3658 τῶν

236 3685 315 3749 μὲν
341 3689 611 3746 ἀνελίττειν
642 3693 756 3762 τὴν
786 3694 1034 3766 μνήμην,
1069 3688 1146 3750 ὧν
1175 3695 1300 3765 ὄψις
1348 3713 1442 3766 μοι
1477 3695 1572 3749 καὶ
1611 3697 1778 3765 πεῖρα
1809 3693 2027 3765 χρόνοις
2055 3694 2118 3748 οὐ
2174 3697 2395 3764 συχνοῖς
2433 3693 2759 3758 διδάσκαλος
2793 3690 2882 3767 ἦν,
2918 3704 3027 3751 etc.
3062 3695 3137 3751 De
3167 3695 3478 3766 Nicepltoro

236 3773 320 3824 isto
347 3776 660 3850 philosopho
697 3789 756 3837 et
784 3791 1031 3847 oratore,
1064 3783 1344 3839 Gerardus
1373 3781 1619 3840 Joannes
1643 3783 1874 3838 Vossius
1907 3783 2050 3839 libro
2097 3799 2136 3838 tt
2163 3782 2243 3838 De
2284 3783 2557 3839 historicis
2590 3784 2814 3851 Grazcis,
2853 3800 2978 3856 cap.
3019 3785 3114 3851 26,
3152 3786 3244 3842 ubi
3279 3801 3475 3855 perpe-

230 3881 321 3920 ram
348 3868 528 3940 legitur
552 3871 611 3928 S.
652 3875 958 3929 Antonium
982 3875 1241 3931 Cauleam
1275 3874 1482 3930 obiisse
1515 3891 1608 3930 an.
1654 3874 1864 3930 Christi
1889 3871 2016 3939 901,
2043 3887 2143 3943 pro
2171 3871 2295 3929 89I.
2325 3872 2651 3929 Guillelmus
2687 3871 2944 3930 Cavusiu
2976 3872 3222 3928 Historia
3251 3876 3478 3943 scripto-

229 3969 320 4007 rum
351 3956 604 4028 Ecclesia,
640 3966 713 4017 ad
746 3978 951 4018 annum
975 3963 1101 4026 895,
1136 3979 1259 4034 pag.
1285 3963 1411 4018 569.
1444 3961 1643 4019 Petrus
1672 3961 2024 4030 Lambecius,
2051 3978 2215 4034 quem
2247 3961 2336 4018 hic
2382 3964 2804 4035 exscripsimus,
2840 3964 2940 4020 lib.
2980 3980 3076 4020 νιιι
3124 3963 3478 4020 Commenta-

227 4041 393 4098 riontm
426 4046 774 4105 bibliotheca:
822 4051 1087 4106 Caesareae
1117 4049 1588 4118 Viudobonensis,
1616 4066 1671 4122 p.
1691 4051 1783 4118 83,
1815 4062 1873 4108 et
1895 4051 1952 4107 in
1979 4051 2368 4124 indicibus,fp.
2407 4051 2515 4108 562
2545 4062 2601 4109 et
2631 4051 2760 4109 578.

232 4219 3392 4249 .______________________________,________________________

957 4385 1745 4502 NICEPHORI
1829 4385 2700 4502 PHILOSOPHI

524 4621 818 4715 VITA
890 4622 985 4712 S.
1062 4619 1579 4714 ANTONII
1657 4618 2496 4717 COGNOMENTO
2569 4623 3110 4718 CAULEIE.

1505 4819 2017 4882 PATRIARCH/E
2057 4820 2166 4884 CP.

1038 4973 1183 5035 (Acta
1216 4971 1314 5022 SS.
1349 4968 1600 5034 Bolland.,
1634 4969 1898 5052 Februarii
1924 4977 2044 5024 tom.
2075 4975 2135 5035 ll,
2169 4973 2252 5026 die
2281 4976 2362 5038 12,
2395 4990 2445 5040 p.
2481 4976 2619 5046 621.)

1003 5287 1964 5387 COMMENTARIUS
2043 5296 2641 5390 PRAEVIUS.

272 5605 316 5663 1.
362 5607 583 5668 lit-latus
625 5629 685 5667 in
725 5613 969 5669 caelitum
1005 5616 1221 5672 tabulas
1266 5627 1348 5674 est
1373 5620 1517 5689 apud
1547 5619 1774 5681 Latinos
1881 5618 2133 5680 Ecclesia:
2167 5623 2797 5694 Constantiﬂbpolitanae
2823 5625 3099 5694 praesedit.
3127 5626 3202 5683 De
3228 5643 3294 5683 eo
3328 5625 3472 5684 Mar-

217 5708 342 5790 a‘que
385 5717 447 5757 ac
475 5705 712 5761 Cra-cos
741 5707 1048 5772 Antonius,
1086 5722 1457 5780 cognomento
1515 5711 1773 5784 Cauleas,
1883 5725 2046 5788 tyrot.
2085 5714 2398 5773 Romanum
2441 5732 2457 5773 :
2502 5735 2522 5769 ι
2577 5715 3056 5790 Constantinopoli
3120 5719 3180 5776 S.
3247 5721 3469 5777 Antonii

220 5787 293 5854 qui
318 5793 412 5849 sub
456 5797 672 5853 exitum
707 5798 837 5854 noni
871 5814 903 5855 a
933 5800 1139 5858 Christi
1172 5802 1554 5863 incarnatione
1584 5809 1772 5867 saeculi
1880 5787 1968 5881 ep.
2007 5816 2255 5880 tempore
2282 5807 2485 5866 Leonis
2522 5805 2589 5865 Vl
2639 5809 2800 5882 imp.,
2852 5830 2871 5865 ι
2926 5787 3050 5886 ejus
3099 5829 3312 5886 nempe,
3366 5813 3467 5886 qui
