4070 6434
548 468 650 533 I79

1721 465 2142 526 NICEPHORI
2186 465 2647 527 PIIILOSOPIII
3698 471 3784 538 180

543 578 749 634 Basilio
766 574 1063 632 Macedone
1083 577 1320 646 genitus,
1351 573 1598 643 Sapiens,
1622 589 1714 629 seu
1748 573 2126 642 Philosophus,
2159 574 2205 632 A
2237 574 2432 629 vulnus
2478 576 2638 630 annis
2670 593 2682 626 :
2717 590 2846 647 ergo
2884 575 2935 629 id
2971 575 3048 630 illi
3074 576 3340 632 inflictum
3390 587 3508 632 erat
3538 594 3622 635 an.
3653 584 3789 640 iiut.

543 683 627 724 est
657 667 987 737 appellatus.
1023 665 1244 718 Antonii
1299 664 1545 733 ejusdem
1582 665 1902 719 memoriam
1948 665 2020 717 ita
2077 663 2129 716 in

548 764 733 815 Addit.
786 761 850 813 ad
893 757 1204 812 Usuatdum
1239 756 1526 809 annotavit
1569 754 1817 808 Molanus
1857 774 1868 808 :
1924 774 1941 805 ι
2000 755 2129 807 Item

497 911 500 914 .
543 851 1021 920 Constantinopoli
1059 849 1118 904 S.
1172 848 1418 912 Antonii,
1466 848 1646 914 magni
1688 847 1830 900 inter
1868 847 1958 900 1)νὶ
1996 863 2130 916 pon-

544 950 734 1004 tifices.
765 957 818 1000 et
855 943 1195 999 admirabilis
1247 944 1390 996 inter
1436 941 1804 1009 patriarchas.
1843 960 1859 991 ι
1900 939 2133 994 ιἰοιίιὶθιθ

546 1039 744 1092 lllcnzea
785 1038 872 1090 his
931 1035 1162 1090 verbis:
1215 1054 1232 1086 ι
1278 1033 1480 1086 Eodem
1545 1033 1629 1085 die
1680 1033 1773 1102 (I'Z
1823 1031 2132 1100 Febwarii)

545 1128 810 1182 memoria
855 1124 917 1180 S.
951 1124 1013 1180 P.
1057 1123 1124 1178 N.
1161 1125 1384 1179 Antonii
1417 1124 1818 1193 archiepiscopi
1864 1124 2135 1179 Constam

547 1221 881 1290 tinopoleos.
920 1219 1274 1294 nadnectunt
1307 1217 1571 1288 elogium,
1600 1217 1666 1271 de
1686 1195 1799 1286 quo
1827 1216 1989 1271 infra.

613 1313 670 1367 9..
703 1312 988 1383 Philippus
1027 1311 1315 1366 Ferrarius
1346 1313 1399 1364 in
1437 1311 1673 1380 generali
1703 1310 1963 1380 Catzilogo
2008 1326 2136 1365 san-

544 1418 782 1471 ctorum,
829 1407 922 1476 qui
973 1406 1171 1462 desunt
1201 1405 1590 1475 Martyrologio
1640 1404 1912 1469 Romano,
1969 1406 2034 1458 ad
2073 1405 2130 1458 11

545 1499 832 1552 Februarii
889 1498 948 1552 S.
1003 1498 1304 1551 Antonium
1359 1497 1663 1567 inscripsit,
1712 1513 1778 1552 ex
1829 1496 2136 1567 Menologio

546 1589 888 1652 Cra-corum,
927 1595 986 1641 ut
1018 1588 1070 1642 in
1092 1586 1484 1642 Notationibus
1513 1588 1822 1657 profitetur.
1855 1587 1960 1642 Sed
1994 1593 2138 1657 quo?

546 1679 664 1733 Non
707 1695 772 1735 eo
830 1692 978 1734 certe
1018 1682 1164 1750 quod
1228 1679 1397 1734 IIenr.
1451 1679 1708 1734 Canisius
1761 1680 1983 1734 edidit:
2023 1697 2136 1736 non

549 1773 741 1826 Graeco
774 1773 920 1842 quod
961 1771 1207 1827 Venetiis
1251 1787 1515 1828 excusum
1552 1790 1564 1825 :
1601 1786 1710 1826 non
1752 1773 1898 1842 quod
1951 1772 2136 1828 Basilii

548 1864 863 1918 Macedonis
891 1864 1049 1933 jussu
1093 1866 1486 1919 concinnatum
1519 1863 1793 1920 asservari
1843 1863 2030 1918 Romae
2058 1863 2137 1918 fe-

2236 667 2296 719 51
2333 667 2494 732 Maii;
2531 671 2582 722 in
2636 684 2761 723 eum
2812 669 2959 723 enim
2997 670 3142 724 diem
3195 671 3519 726 Pentecoste
3549 673 3633 727 illo
3671 691 3794 734 anno

2235 759 2425 814 incidit
2458 779 2469 813 :
2506 777 2612 814 non
2661 761 2832 815 multo
2880 762 3040 832 igitur
3085 773 3212 817 ante
3245 763 3505 829 Antonio,
3545 767 3702 834 pridie
3727 772 3793 824 ld.

2237 851 2516 908 Februarii
2550 855 2846 916 exstincto,
2894 865 3242 911 successerat
3293 855 3568 911 Nicolaus.
3613 857 3794 916 Verum

2235 947 2336 1000 etsi
2369 947 2554 1015 paucis
2579 947 2760 1002 verbis
2789 949 3076 1016 perstricta
3102 959 3256 1014 sunt,
3279 965 3400 1019 qua:
3427 950 3503 1004 illi
3532 953 3797 1022 scriptores

2235 1039 2609 1106 intcrjiciunt,
2657 1040 2906 1106 pluribus
2933 1051 3112 1094 tamen
3136 1051 3286 1112 gesta
3321 1052 3454 1098 sunt
3488 1046 3672 1112 annis;
3703 1065 3799 1116 quo

2237 1133 2497 1186 nimirum
2526 1141 2682 1201 pacto
2711 1141 2836 1202 post
2871 1133 2928 1186 S.
2963 1133 3389 1202 Theophanonis
3425 1138 3609 1203 prima:
3637 1131 3800 1196 uxoris

2239 1224 2470 1288 obitum,
2498 1224 2792 1278 secundant
2813 1225 2936 1278 dein
2963 1233 3015 1279 et
3041 1227 3255 1279 tertiam
3285 1229 3503 1280 duxerit
3523 1227 3644 1291 Lco,
3664 1241 3805 1300 atque

2240 1315 2595 1385 imperatorio
2623 1315 2934 1370 diademate
2973 1316 3171 1386 insigni
3207 1317 3329 1370 erit.

2311 1407 2364 1460 5.
2411 1407 2751 1462 Retractavit
2787 1407 2931 1477 quod
2965 1407 3032 1461 ad
3070 1406 3513 1478 Martyrologium
3545 1420 3810 1466 annotarat

2242 1499 2511 1554 Batonius
2540 1508 2579 1553 t.
2629 1497 2695 1554 X.
2732 1499 2934 1553 Annal.
2973 1499 3062 1554 ubi
3111 1499 3178 1553 ad
3226 1516 3355 1553 ann.
3392 1500 3517 1564 890,
3552 1519 3601 1554 ιι.
3637 1502 3716 1565 15,
3747 1505 3808 1557 ita

2241 1594 2463 1662 scripsit
2506 1611 2518 1647 :
2557 1611 2575 1644 ι
2620 1591 2736 1646 Hoc
2774 1608 2919 1647 anno
2955 1593 3186 1646 moritur
3212 1592 3485 1647 Antonius
3529 1596 3812 1662 patriarcha

2238 1683 2926 1752 ConstantinOpolitanus,
2973 1684 3063 1737 ubi
3119 1694 3329 1737 tantum
3368 1699 3540 1738 annos
3580 1687 3711 1740 duos
3737 1704 3812 1740 se-

2242 1777 2432 1831 disset.
2471 1774 2548 1829 Ita
2580 1774 2632 1828 in
2663 1775 2818 1830 Serie
2863 1775 3299 1846 patriarcharum
3332 1774 3815 1847 Constantitmpnli-

2244 1877 2497 1923 tanorum
2540 1868 2595 1922 itt
2638 1866 2883 1935 Corpore
2916 1866 3064 1922 Juris
3096 1867 3326 1920 intexta.
3371 1885 3388 1916 ι
3422 1869 3491 1920 At
3532 1884 3652 1936 qua:
3686 1869 3733 1920 in
3763 1885 3816 1922 ea

549 1968 698 2020 runt,
736 1973 858 2010 cum
923 1957 988 2010 ad
1057 1957 1242 2026 plures
1293 1972 1469 2011 annos
1521 1965 1804 2026 superstes
1850 1953 2136 2012 Macedoni
2173 1926 2213 1982 Β
2246 1957 2399 2014 Seric
2431 1960 2728 2014 traduntur
2757 1957 2825 2014 de
2856 1959 3018 2014 annis
3054 1960 3518 2029 patriarcharum,
3571 1961 3662 2029 qui
3696 1969 3820 2013 teni-

546 2049 819 2102 Antonius
853 2048 1038 2102 fuerit.
1061 2049 1177 2102 Alia
1211 2057 1401 2118 peccat
1435 2049 1487 2102 in
1517 2048 1716 2104 iisdem
1740 2047 2136 2108 Notationibus

547 2139 850 2204 Ferrarius,
883 2142 1010 2194 dum
1061 2157 1186 2195 eum
1238 2143 1313 2195 ait
1349 2161 1367 2193 ι
1436 2141 1620 2196 Plotio
1669 2143 2029 2198 schismatico
2085 2153 2142 2200 et

549 2235 809 2299 lueretit'o
839 2234 1197 2302 subrogatum
1235 2235 1337 2289 sub
1367 2235 1549 2292 Leone
1579 2235 1646 2291 IV
1696 2237 1830 2307 imp.
1870 2257 1888 2289 ι
1929 2239 2139 2308 Copro-

547 2325 696 2393 nymi
734 2323 876 2376 filius
922 2323 1026 2377 fuit
1061 2323 1172 2378 Leo
1218 2323 1286 2377 IV
1329 2337 1494 2396 atque
1539 2328 1702 2383 annis
1733 2337 1954 2384 centum
1988 2329 2142 2398 prior

545 2415 809 2481 Antonio,
837 2417 932 2483 qui
957 2416 1137 2470 Leone
1160 2415 1224 2469 VI
1257 2417 1710 2486 imperante,non
1730 2420 1925 2476 Pltotio
1954 2423 2138 2494 (quem

547 2507 807 2562 mendose
853 2505 1088 2560 Plotium
1123 2511 1304 2577 vocat)
1354 2510 1449 2563 sed
1489 2510 1547 2564 S.
1593 2511 1896 2582 Stephano,
1944 2513 2140 2569 Leonis

549 2601 902 2670 imperatoris
935 2601 1090 2654 fratri
1127 2602 1411 2658 suffectus.

618 2695 674 2748 ὅ.
701 2695 860 2748 Auno
895 2694 1090 2748 Leonis
1140 2696 1322 2760 tertio,
1359 2697 1449 2767 qui
1485 2707 1765 2762 cratzerte,
1797 2715 1961 2770 quam
1996 2716 2144 2756 nunc

549 2786 741 2842 Latina
794 2786 1032 2841 Ecclesia
1079 2799 1341 2858 usurpat,
1395 2791 1546 2853 I588,
1590 2790 1657 2843 ad
1710 2792 2140 2859 patriarchatum

547 2884 770 2930 evectus
816 2875 1084 2930 Antonius
1127 2889 1230 2931 est.
1276 2880 1349 2932 Ita
1379 2879 1660 2935 (Σε-ιιιριιιις
1711 2882 1764 2935 in
1805 2882 2143 2952 Compendio

553 2972 905 3027 historiarum
947 2989 959 3024 :
1010 2993 1028 3024 ι
1074 2974 1229 3026 Anno
1283 2975 1593 3045 insequenti
1641 2979 1837 3048 (antea
1881 2981 2143 3034 retulerat

553 3078 638 3118 tes
672 3076 856 3134 gestas
900 3065 978 3134 τῷ
1027 3067 1266 3136 δευτέρῳ
1294 3069 1403 3120 ἔτει
1439 3069 1538 3136 τῆς
1581 3071 1861 3139 βασιλείας
1891 3073 2140 3137 Λέοντος,

549 3171 696 3208 anno
741 3159 985 3211 secundo
1037 3159 1251 3229 imperii
1304 3160 1544 3231 Leonis)
1603 3165 1911 3234 insequenti
1953 3167 2138 3236 igitur,

2244 2066 2376 2121 pore
2431 2049 2630 2106 Leonis
2680 2062 2799 2106 tam
2853 2051 3096 2104 rexerint
3143 2049 3466 2112 Ecclesium,
3525 2050 3664 2103 haud
3701 2051 3821 2103 satis

2241 2151 2367 2212 apte
2397 2143 2628 2196 inviCem
2670 2151 3005 2212 congruunt.
3062 2140 3273 2194 Dicitur
3325 2141 3471 2194 enim
3529 2140 3824 2209 Stephanus

2244 2233 2457 2286 sedisse
2514 2247 2690 2285 annos
2722 2234 2775 2286 5.
2846 2250 2864 2282 ι
2923 2232 3197 2285 Antonius
3227 2231 3283 2294 2,
3337 2229 3601 2284 Nicolaus
3657 2229 3826 2300 Myso.

2243 2339 2341 2378 cus
2371 2323 2457 2386 11,
2491 2338 2556 2376 co
2605 2322 2779 2391 ejecto
2823 2321 3149 2392 Euthymius
3198 2336 3374 2376 annos
3424 2321 3480 2384 5,
3528 2336 3749 2395 .menses
3776 2321 3825 2380 6,

2244 2415 2581 2483 tandemque
2613 2423 2831 2467 mortuo
2862 2413 3064 2475 Leone,
3096 2415 3253 2482 pulso
3275 2414 3600 2483 Enthymio,
3623 2413 3828 2465 restitu-

2248 2518 2334 2561 tus
2364 2507 2646 2561 Nicolaus.
2690 2506 2850 2559 Anno
2881 2507 2902 2559 1
2945 2505 3166 2569 Leonis,
3201 2507 3406 2560 Christi
3474 2505 3635 2569 1386,
3667 2505 3718 2558 in
3749 2520 3829 2557 so-

2243 2594 2378 2648 lium
2410 2595 2775 2664 patriarchale
2805 2606 3029 2650 erectus
3051 2607 3134 2649 est
3163 2597 3498 2665 Stephanus,
3529 2593 3829 2658 exturbato,

2243 2688 2338 2757 qui
2378 2703 2656 2756 nunquam
2701 2688 2751 2741 id
2800 2688 3038 2758 legitime
3075 2688 3411 2748 obtinuerat,
3467 2687 3669 2740 I’hotio
3703 2706 3715 2739 :
3746 2687 3831 2740 de-

2245 2781 2412 2834 cessit
2439 2778 2750 2849 Stephanus
2793 2781 2952 2834 tertio
2982 2789 3105 2850 post
3131 2795 3300 2842 anno,
3332 2781 3494 2835 1388.
3537 2782 3823 2840 Antonius,

2245 2873 2292 2928 si
2322 2873 2461 2926 duos
2489 2872 2756 2926 duntaxat
2802 2871 2944 2927 sedit
2975 2887 3172 2938 annos,
3215 2872 3420 2927 obiisse
3460 2873 3728 2927 dicendus
3757 2880 3832 2925 est

2248 2964 2406 3029 1590,
2444 2964 2521 3018 uti
2554 2963 2825 3019 Baronius
2863 2965 3053 3018 statuit
3091 2985 3102 3016 :
3140 2979 3269 3035 ergo
3315 2964 3448 3018 1401
3509 2967 3720 3034 cjectus
3748 2962 3835 3017 Ni-

2247 3059 2456 3121 colaus,
2501 3072 2626 3111 cum
2673 3057 2904 3112 sedisset
2943 3073 3120 3113 annos
3155 3058 3242 3112 11.
3295 3058 3596 3127 Sequetur,
3645 3059 3834 3127 Euthy-

2248 3151 2420 3204 mium
2450 3150 2538 3204 cui
2571 3151 2604 3204 5
2632 3151 2777 3204 sedis
2801 3150 2954 3213 anni,
2983 3165 3200 3205 menses
3231 3151 3285 3214 6,
3322 3152 3670 3215 tribuuntur,
3703 3167 3838 3205 anno

549 3248 666 3301 sive
695 3241 853 3302 tertio
879 3250 1092 3318 imperii
1117 3251 1237 3320 ejus
1269 3269 1436 3318 anno,
1463 3254 2143 3326 Stephanusitnperatoris
2170 3264 2213 3326 ρ
2247 3242 2352 3296 906
2393 3242 2608 3311 [Nisum
2645 3257 2787 3305 esse»
2838 3243 2983 3312 ‘l‘md
3031 3243 3252 3297 demum
3306 3243 3368 3298 91
3386 3244 3406 3296 ἰ
3445 3244 3674 3311 ³00ίάίῆ
3723 3257 3836 3298 CW“

551 3340 718 3396 frater
749 3357 811 3396 ac
855 3345 1168 3412 patriarcha
1210 3348 1449 3400 excessit
1489 3364 1518 3398 e
1549 3348 1682 3402 vita.
1717 3347 1772 3401 In
1810 3349 1927 3417 ejus
1960 3349 2139 3403 locum

548 3434 837 3490 ordinatus
902 3444 984 3490 est
1037 3437 1352 3506 patriarcha
1416 3440 1724 3507 Antonius,
1776 3453 2143 3512 cognomento

548 3528 802 3582 Cauieas.
843 3548 862 3580 ι
890 3528 1146 3586 Mendose
1173 3531 1274 3586 ista
1302 3533 1354 3585 in
1386 3531 1717 3602 Curopalate
1748 3535 1905 3588 vertit
1937 3534 2145 3590 Gabios

551 3621 638 3675 his
674 3622 857 3676 verbis
889 3638 903 3675 :
942 3642 959 3674 ι
1002 3623 1314 3692 Insequenti
1364 3641 1508 3679 anno
1558 3626 1869 3694 Stephanus
1906 3629 2142 3696 impera-

551 3713 690 3766 toris
731 3713 918 3778 frater,
969 3723 1022 3768 et
1068 3715 1380 3782 patriarcha
1422 3727 1774 3772 excesserunt
1820 3734 1850 3774 e
1898 3721 2008 3772 vita
2047 3734 2058 3769 :
2091 3718 2144 3772 in

551 3807 712 3874 cujus
771 3807 950 3861 locum
1002 3808 1265 3862 suffectus
1327 3819 1406 3862 est
1451 3811 1724 3864 Antonius
1781 3823 2147 3881 eognomento

552 3901 806 3955 Cauleas.
846 3919 864 3950 ‹
900 3899 1087 3955 Grtcce
1115 3909 1167 3954 et
1207 3902 1296 3956 hic
1339 3901 1592 3964 Καυλέας
1638 3904 1943 3971 appellatur
1983 3919 2012 3957 a
2047 3903 2149 3958 Ce—

553 3992 722 4046 dreno
756 4007 819 4045 ac
861 3990 1072 4044 Zonara
1105 3999 1158 4045 et
1189 3991 1242 4044 in
1279 3992 1434 4047 Seric
1483 3993 1865 4061 ep’scoporum
1901 3992 2145 4064 Byzantii

554 4085 630 4138 lib
683 4101 756 4139 tv.
785 4083 936 4139 .Iuris
960 4079 1310 4149 Graecorum;
1341 4094 1396 4138 et
1427 4084 1740 4153 Stephanus
1771 4083 1941 4140 frater
1978 4086 2148 4155 impe-

551 4178 787 4241 ratoris,
836 4177 980 4232 idem
1031 4188 1087 4232 et
1129 4179 1442 4247 patriarcha
1482 4187 1634 4242 erat,
1669 4178 1746 4233 uti
1779 4179 1895 4248 ipse
1928 4194 2148 4249 quoque

550 4271 910 4341 Curopalates
961 4270 1124 4339 paulo
1166 4281 1294 4325 ante
1335 4271 1633 4336 retulerat;
1678 4283 1733 4326 ct
1766 4272 1906 4342 apud
1942 4273 2146 4328 Ccdre-

472 4435 476 4438 ν
555 4379 684 4416 num
717 4374 800 4417 est
833 4363 1066 4416 ἀπέλιπε
1093 4362 1384 4436 τὴνςωὴν,
1409 4365 1629 4418 excessit
1658 4382 1685 4418 e
1715 4366 1859 4429 vita;
1892 4379 1998 4419 non
2045 4380 2146 4419 au-

555 4465 662 4507 tem
722 4464 1074 4508 accesserunt.
1135 4455 1382 4510 Mortuus
1432 4458 1651 4511 videtur
1701 4453 2013 4526 Stephanus
2059 4458 2147 4512 die

560 4547 625 4599 17
661 4545 809 4611 Maii,
855 4565 965 4617 quo
996 4563 1025 4602 a
1074 4547 1280 4602 Graecis
1321 4549 1424 4603 coli
1459 4551 1651 4604 scribit
1692 4549 1958 4607 Baronius
2009 4560 2048 4605 t.
2075 4551 2143 4604 Χ.

556 4637 754 4689 Annal.
789 4639 854 4690 ad
893 4655 983 4691 an.
1017 4636 1142 4702 888,
1180 4656 1234 4691 ιι.
1271 4639 1322 4692 8.

625 4727 686 4780 4.
730 4727 843 4782 Non
878 4731 1012 4782 sat’s
1045 4729 1332 4797 perSpicue
1372 4729 1608 4783 traditur
1635 4747 1746 4800 quo
1778 4745 1924 4784 anno
1959 4731 2150 4785 deces-

559 4817 692 4870 serit
818 4818 1114 4881 Antonius,
1169 4829 1260 4871 atit
1297 4828 1503 4888 quanto
1549 4828 1796 4889 tempore
1845 4821 2147 4875 Ecclesiam

559 4907 707 4960 illam
749 4908 1168 4963 administrarit.
1222 4911 1488 4965 |iarouius
1541 4912 1592 4964 in
1642 4914 1844 4966 Annot.
1895 4913 1961 4967 ad
2003 4912 2147 4967 Illar-

560 4999 719 5069 tyrnl.
781 5008 835 5052 et
884 4999 1146 5066 Vossius,
1203 5001 1296 5054 lib.
1347 5017 1405 5065 ιι,
1453 5001 1525 5053 De
1585 5000 1869 5055 Historicis
1926 4999 2147 5066 Gra'cis,

557 5105 678 5159 cap.
712 5089 803 5154 26,
839 5092 1088 5146 set'ibunt
1121 5108 1266 5145 anno
1296 5093 1428 5147 MOI
1467 5093 1696 5148 obiisse.
1732 5092 1998 5147 Videntur
2028 5111 2148 5148 eam

558 5185 876 5253 Opinionem
920 5186 1174 5242 hausisse
1218 5202 1280 5240 ex
1323 5187 1672 5255 Curopalate,
1725 5187 1818 5257 qui
1858 5197 2148 5258 postquam

560 5278 781 5346 scripsit
824 5297 840 5327 ι
883 5279 991 5332 vita
1027 5278 1217 5332 functo
1262 5280 1574 5349 patriarcha
1609 5280 1872 5342 Antonio.
1908 5281 2152 5336 declara—

561 5377 673 5419 tum
719 5367 1002 5423 Nicolaum
1050 5369 1377 5440 Mystieum;
1422 5389 1438 5420 ι
1481 5371 1533 5423 in
1575 5373 1764 5424 eadem
1815 5373 2007 5440 pagina
2039 5372 2150 5440 (uti

562 5469 616 5512 et
646 5458 949 5528 Ccdrenus,
980 5479 1142 5530 quem
1174 5475 1440 5534 perpetuo
1472 5462 1759 5533 sequitur)
1794 5473 2000 5526 narrat,
2051 5465 2152 5516 im-

564 5560 869 5618 peratorem
929 5554 1200 5619 Leonem,
1251 5557 1341 5610 die
1413 5557 1769 5612 Pentecostes
1834 5558 1886 5608 in
1948 5557 2151 5624 templo

569 5648 628 5697 S.
653 5645 830 5710 lliocii,
854 5648 993 5703 fuste
1007 5652 1074 5705 ab
1100 5651 1322 5705 homine
1341 5650 1740 5704 nefariofuisse
1767 5651 2150 5720 vulneratum;

566 5744 731 5806 atque
761 5738 808 5790 ei
832 5754 862 5790 a
890 5741 1063 5793 Mario
1098 5743 1366 5796 monacho
1391 5743 1735 5812 praedictum,
1757 5743 1942 5797 decem
1973 5745 2152 5799 adhuc

567 5844 742 5884 annos
774 5831 1070 5888 victurum.
1116 5835 1189 5888 Ita
1233 5837 1380 5890 enim
1414 5836 1634 5891 videtur
1676 5835 1801 5904 quis
1837 5837 2150 5892 ratiOcinari

572 5940 750 5996 posse.
769 5924 919 5982 Obiit
948 5926 1058 5983 Leo
1076 5945 1166 5983 an.
1190 5931 1349 5999 1411,
1372 5930 1555 5986 decent
1574 5938 1697 6000 post
1717 5930 1847 5988 illud
1867 5940 2148 6001 acceptum

2185 4629 2226 4682 Ι)
2259 4635 2504 4690 Zonaras
2553 4647 2608 4690 et
2665 4634 2949 4691 Ccdrenus
3001 4635 3248 4690 scribunt

2250 3333 2434 3390 Leone
2490 3343 2743 3398 mortuo,
2799 3333 3094 3404 imperium
3149 3336 3449 3405 capessivit
3511 3336 3839 3392 Alexander.

2250 3429 2458 3484 Desunt
2487 3431 2649 3500 igitur
2679 3446 2912 3484 numero
2947 3447 3215 3486 annorum
3253 3433 3482 3486 Antonii
3529 3433 3662 3487 anni
3693 3431 3843 3502 quin-

2251 3537 2356 3590 que
2399 3532 2453 3576 et
2483 3538 2700 3577 menses
2734 3523 2944 3589 aliquot
2981 3542 2993 3576 ε
3031 3540 3209 3594 neque
3245 3525 3389 3578 enim
3427 3527 3651 3595 uspiam
3685 3525 3845 3577 inter-

2253 3615 2403 3684 regni
2435 3616 2638 3669 mentio
2669 3616 2746 3679 fit,
2775 3617 2908 3686 quin
2936 3633 3150 3687 semper
3182 3632 3288 3673 uno
3318 3629 3545 3672 mortuo
3573 3629 3668 3672 aut
3698 3616 3846 3687 pulso

2251 3711 2388 3764 alter
2417 3720 2636 3765 creatus
2671 3710 2740 3766 sit
2767 3711 3101 3780 patriarcha.

2325 3804 2376 3859 6.
2425 3803 2598 3858 Aliter
2650 3805 2881 3873 patescit
2929 3819 3103 3870 error,
3153 3805 3197 3860 si
3252 3804 3324 3859 ita
3375 3806 3788 3876 argumentaris
3833 3823 3845 3859 :

2251 3895 2447 3951 Pulsus
2499 3905 2582 3949 est
2645 3895 2975 3965 Eutltymius
3009 3912 3153 3950 anno
3212 3897 3339 3961 911,
3407 3913 3609 3952 mense
3668 3897 3849 3961 Iunio,

2252 3999 2471 4042 mortuo
2504 3985 2708 4042 Leone.
2742 3987 2846 4042 Sed
2889 3997 3006 4042 erat
3036 4001 3216 4042 autem
3244 4004 3418 4043 annos
3444 3990 3500 4054 5,
3549 4006 3768 4046 menses
3800 3991 3848 4052 6,

2252 4080 2320 4133 ab
2352 4080 2511 4133 initio
2547 4095 2742 4150 nempe
2782 4081 2912 4154 anni
2961 4080 3086 4135 906.
3129 4079 3270 4152 Ergo
3304 4090 3436 4137 tunc
3467 4084 3720 4153 primum
3752 4082 3856 4151 ejco

2251 4183 2372 4227 etus
2404 4179 2523 4226 crat
2570 4171 2860 4237 Nicolaus,
2913 4183 3206 4240 postquam
3263 4188 3440 4229 annos
3480 4175 3547 4228 11
3599 4172 3855 4229 Ecclesia:

2254 4265 2582 4336 praefuisset,
2628 4265 2697 4320 ab
2751 4265 2877 4318 anni
2924 4265 3030 4319 895
3067 4264 3396 4330 Februario,
3454 4269 3628 4334 cujus
3680 4267 3768 4322 die
3801 4267 3858 4318 Η.

2251 4359 2466 4414 obierat
2510 4359 2769 4414 decessor
2816 4359 2936 4428 ejus
2985 4357 3278 4414 Antonius.
3317 4357 3571 4429 Denique
3603 4376 3734 4415 cum
3769 4374 3856 4412 an.

2252 4453 2378 4517 9l‘2,
2406 4451 2716 4506 exstinctus
2743 4461 2826 4506 cst
2861 4451 3192 4516 Alexander,
3221 4452 3635 4508 Constantinus
3667 4450 3862 4506 Leonis

2256 4545 2399 4597 ﬁlius
2436 4544 2731 4614 septimum
2779 4544 2892 4613 jam
2947 4559 3152 4597 annum
3209 4546 3387 4598 :etatis
3436 4545 3733 4614 explebat,
3787 4542 3861 4595 uti

3310 4654 3322 4688 :
3380 4652 3554 4705 quem
3637 4635 3866 4706 proinde

2255 4740 2442 4785 aestate
2473 4731 2601 4784 anni
2634 4731 2739 4784 905
2769 4740 2958 4784 natum
2995 4731 3162 4784 fuisse
3207 4737 3443 4798 oportet.
3480 4730 3661 4799 Atqui
3703 4745 3861 4790 eum,

2256 4832 2392 4875 teste
2421 4821 2696 4885 Cedreno,
2734 4819 3033 4888 baptizmit
3062 4820 3116 4873 in
3151 4821 3368 4873 Sancta:
3402 4820 3642 4888 Sophia:
3667 4819 3869 4890 templo

2254 4917 2534 4973 Nicolaus.
2571 4916 2700 4971 Dein
2735 4916 2874 4970 idem
2910 4915 3252 4985 imperatori,
3283 4915 3412 4984 quia
3445 4916 3635 4982 Zoen,
3666 4933 3790 4986 quae
3818 4915 3865 4969 ei

2256 5025 2357 5063 nec
2393 5008 2626 5062 necdum
2679 5008 2839 5061 thoro
2867 5007 3058 5076 juncta
3122 5006 3292 5061 filium
3325 5007 3480 5062 illum
3533 5016 3868 5079 pepererat,

2256 5102 2357 5157 sibi
2391 5111 2640 5170 quartam
2667 5101 2780 5173 jam
2822 5101 3112 5171 conjugcm
3165 5100 3510 5168 copulassct,
3549 5111 3728 5170 atque
3755 5102 3865 5155 Au-

2256 5205 2469 5260 gustam
2495 5202 2833 5257 coronasset,
2862 5195 3033 5246 sacris
3060 5192 3340 5246 interdixit
3371 5191 3686 5257 Nicolaus;
3715 5210 3870 5248 cum-

2256 5301 2364 5355 que
2407 5285 2622 5340 exura‘ri
2672 5301 2751 5348 se,
2806 5296 2864 5338 ut
2908 5301 3032 5338 cum
3071 5286 3121 5337 in
3165 5285 3467 5338 Eeelesiam
3518 5287 3868 5348 admitteret.

2256 5378 2422 5431 nullis
2451 5377 2703 5446 precibus
2747 5387 3044 5446 pateretur,
3083 5375 3198 5444 ipse
3221 5391 3250 5429 e
3277 5375 3474 5429 eathed
3487 5393 3548 5430 ra
3575 5378 3875 5432 submotus

2255 5471 2410 5524 initio
2453 5471 2582 5523 anni
2633 5471 2759 5535 906,
2810 5486 2934 5523 cum
2989 5469 3221 5523 sedisset
3261 5484 3437 5523 annos
3484 5470 3581 5534 11,
3625 5472 3700 5524 ab
3729 5487 3876 5525 anno

2255 5579 2450 5632 nempe
2467 5563 2590 5629 895,
2615 5579 2723 5633 quo
2745 5565 2947 5618 obiissc
2972 5563 3266 5617 Antonium
3291 5570 3539 5631 oportet,
3573 5574 3874 5634 postquam

2255 5655 2555 5712 Ecclesiam
2589 5645 2949 5728 gubernasset
2990 5671 3165 5711 annos
3196 5656 3252 5721 7,
3285 5655 3379 5724 qui
3413 5669 3601 5722 anno,
3641 5667 3702 5710 ut
3729 5657 3875 5711 dixi-

2257 5766 2398 5814 mus,
2433 5751 2537 5805 888
2567 5749 2847 5819 Stephano
2882 5751 3059 5803 fuerat
3091 5748 3375 5804 suffectus.

2331 5843 2380 5894 7.
2424 5841 2706 5897 Ccdrenus
2736 5852 2789 5897 et
2821 5842 3179 5911 Curopalates
3218 5842 3397 5896 solum
3446 5853 3726 5908 narrant,
3761 5844 3877 5897 An-

2259 5937 2409 5991 tonio
2459 5948 2678 5992 mortuo
2725 5937 3067 6008 designatum
3116 5935 3498 6007 patriai-ebant
3567 5935 3874 5995 Nicolaum
