2035 3200
120 201 165 235 131

501 198 591 229 ΥΙΤΛ
611 197 642 226 S.
663 194 824 226 ANTONII
842 194 1001 225 CAULEE
1019 192 1273 225 PATRIARCI-I/E
1292 182 1349 223 CPi

1700 188 1751 220 182

116 258 268 296 ily-sitcum,
292 259 358 290 quot
375 254 421 281 ille
437 253 539 281 sederit
562 252 643 279 annis
659 259 714 278 non
731 250 901 285 exprimunt.
917 249 942 279 Α
989 247 1017 275 8.
1035 247 1113 274 Edita
1137 251 1179 274 est
1199 254 1214 274 a
1237 246 1390 280 Lipomano
1407 250 1474 272 tom.
1490 243 1522 277 V,
1543 243 1580 271 De
1599 243 1667 271 Vitis
1686 243 1750 279 SS.,

114 294 289 340 Expressissc
299 302 325 329 id
337 300 460 328 Zonaras
474 299 591 331 videtur,
603 297 651 325 sed
665 296 772 324 incuria
787 294 902 326 librarii.

115 351 154 377 rel
169 348 271 376 codicis
286 346 394 379 antiqui
416 344 494 375 vitio,
511 343 537 370 id
559 343 587 369 in
605 342 685 370 editis
702 340 906 376 exemplaribus

114 395 257 422 omissum.
284 392 379 420 Graece
406 390 443 417 ita
468 389 596 416 habetur.
611 387 665 414 Τοῦ
684 386 738 424 γὰρ
759 385 904 413 ’Δντωνίου

115 441 200 474 optimo
220 439 273 473 τῆς
287 433 600 465 Κωνσταντινουπόλεως
615 432 796 468 ἐπιξήσαντος
808 431 904 467 ἐτη....

115 487 158 513 ita".
179 485 366 521 μεταθεμένου
387 483 437 518 τὴν
467 481 552 517 ζωὴν,
576 481 590 507 ὁ
611 478 750 510 Μυστικὺς
773 477 907 508 Νικόλαος

116 532 288 568 πατριάρχης
301 529 533 565 ἐκεχειροτόνητο.
549 526 668 554 Wolﬁus
683 524 764 552 vertit
778 533 785 552 :
808 533 817 549 ι
837 523 905 550 Nam

115 586 173 605 cum
196 576 336 604 Antonius
361 576 432 602 Sede
459 571 765 606 Constantinopolitana
791 570 905 597 annis...

115 624 264 660 schemata
277 622 455 654 decessisset,
469 620 600 656 Mystieus
608 618 736 646 Nicolaus
752 616 906 652 patriarcha

115 675 153 698 est
166 670 341 704 designatus.
361 678 371 694 ι
392 668 470 701 Quod
491 670 583 693 autent
608 665 637 692 itt
664 665 747 691 citata
762 662 839 693 Serie
857 669 906 698 pa-

116 716 300 743 triarcharum
311 712 504 741 contendimus
522 712 613 739 inesse
629 710 771 742 mendum,
791 709 827 736 ita
843 715 909 736 con-

115 762 207 796 tigisse
223 761 336 789 videtur
358 759 432 795 quod
451 766 500 793 pro
517 758 538 790 ζ’
556 758 593 785 sit
608 757 630 792 β’
647 756 784 791 positum;
797 755 839 783 vel
860 762 909 790 pro

115 808 170 840 ull,
185 808 291 840 solum,
309 807 354 834 ll.
370 806 438 833 Cum
458 804 578 839 alioquin
595 808 690 830 auctor
706 802 818 830 forsitan
837 806 909 828 recte

114 853 257 889 scripserit
281 861 290 880 :
314 851 458 883 Ἀντώνιος
485 852 498 877 ὀ
522 849 659 881 Καυλέας,
685 849 731 874 ἐπὶ
755 847 800 874 τοῦ
826 848 908 874 αὑτοῦ

114 900 227 932 Λέοντος
239 900 284 926 ἑτι
294 898 318 931 ζ’
331 899 373 926 νυι
385 898 431 933 ἐτη
447 898 501 924 Πιι.
518 896 656 924 Antonius
670 895 797 927 Cattleas,
813 895 908 921 eodem

116 945 203 974 Leone
221 945 389 980 imperante,
405 950 493 971 annos
508 943 535 970 6.

126 1055 552 1068 .___,.._____.__.__—

956 301 988 321 ac
1000 293 1061 321 dein
1082 301 1097 319 a
1113 292 1205 323 Surio.
1224 301 1234 317 ι
1251 291 1407 326 Nieephori,
1425 290 1577 319 beatissimi
1592 289 1751 325 philosophi

955 344 982 367 et
994 339 1123 370 oratoris,
1138 339 1233 366 Oratio
1246 337 1379 370 funebris,
1396 333 1447 365 seu
1468 336 1529 364 Vita
1543 336 1670 364 encontio
1681 343 1748 363 eon-

956 389 1042 417 texta,
1055 384 1147 419 magni
1162 384 1233 410 inter
1249 382 1296 410 Dei
1313 382 1457 418 pontiﬁces
1478 386 1506 408 et
1520 380 1692 408 adtninbilis
1707 380 1752 407 in-

957 435 998 458 ter
1009 430 1179 466 patriarchas
1199 428 1319 456 Antonii.
1340 428 1428 462 Quam
1443 432 1471 455 et
1491 435 1542 455 nos
1560 427 1624 454 inde
1643 426 1687 454 hic
1701 427 1754 454 dae

957 484 1028 504 ntus.
1046 476 1113 510 Quis
1129 476 1174 503 ille
1197 474 1367 510 Nicephorus
1387 474 1479 506 fuerit,
1501 477 1529 500 et
1545 480 1611 500 num
1627 472 1680 499 alia
1693 472 1752 499 edi-

957 522 1028 550 derit
1041 530 1138 557 opera,
1163 528 1300 554 nusquam
1316 520 1444 556 legim'ts.
1465 519 1577 546 Vixisse
1594 518 1646 546 sub
1660 517 1753 544 Leone

958 568 1086 604 Sapicute
1097 568 1176 603 imp.,
1193 567 1243 595 sub
1256 574 1312 602 quo
1323 570 1351 593 et
1364 566 1509 599 Antonius.
1523 573 1556 593 ex
1570 565 1628 600 ipsa
1643 569 1752 592 constat

959 616 1094 644 oratione.
1300 639 1306 647 I

994 662 1021 690 9.
1039 659 1108 688 Vita:
1123 659 1152 688 S.
1170 658 1282 687 Antonii
1296 657 1502 693 compendium,
1519 664 1553 684 ex
1577 656 1673 684 eadem
1686 663 1754 683 con-

960 708 1101 736 cinnatttm
1119 707 1255 739 oratione,
1270 708 1362 733 exstat
1377 705 1404 731 in
1421 703 1544 737 Menaeis,
1560 703 1587 729 in
1600 709 1657 737 quo
1670 702 1756 729 fuisse

960 754 1021 790 ejus
1033 753 1144 781 numitte
1157 752 1359 780 monasterium
1377 750 1489 786 aliquod
1505 750 1652 779 indicatur.
1670 749 1705 776 ah
1722 756 1756 775 eo

962 800 1087 828 fortassis
1105 800 1258 830 conditum,
1280 803 1327 825 aut
1352 797 1378 823 iit
1399 804 1454 831 quo
1480 797 1538 830 ipse
1563 795 1755 822 monachicum

963 847 1083 874 habitum
1108 845 1174 872 olitn
1198 848 1368 879 susceperat.
1386 843 1425 870 lla
1445 843 1547 869 habent
1561 841 1662 867 llletnea
1680 849 1685 866 :
1705 841 1755 866 Τε-

962 892 1049 917 λεῖτίιι
1066 891 1093 917 δὲ
1105 891 1121 925 ὴ
1135 890 1217 916 αὑτοῦ
1232 889 1360 920 σύνταξις
1380 889 1408 914 ὲν
1420 888 1452 921 τῇ
1469 886 1550 913 αὑτοῦ
1566 887 1644 921 μονῇ.
1664 894 1672 910 ι
1692 884 1758 916 Agi—

927 926 947 952 Β
963 944 1006 965 tttr
1021 938 1080 973 ejus
1099 936 1325 964 commemoratio
1338 936 1364 962 itt
1383 935 1470 969 ipsius
1486 933 1664 960 monasterio.
1685 940 1695 957 ›

1257 1040 1743 1054 ,-.-.-.---.-----

381 1135 613 1185 ORATIO
655 1134 717 1178 IN
757 1134 802 1178 S.
842 1129 1164 1175 ANTONIUM
1205 1126 1479 1173 CAULEAM

489 1224 883 1312 NICEPHORI
929 1245 1386 1304 PHILOSOPHI.

271 1436 461 1468 EXORDIUM
483 1434 527 1463 AC
546 1433 764 1463 PROPOSITIO.

143 1521 178 1556 Il.
196 1518 275 1547 Fieri
291 1525 360 1554 ergo
375 1524 429 1544 non
455 1519 571 1550 poterat.
596 1518 625 1540 ιιι
644 1520 739 1540 eorum
757 1511 804 1546 qui
819 1511 846 1537 in
864 1510 916 1538 [ide

118 1569 193 1603 prius
218 1564 354 1602 praeclari
377 1563 552 1593 exstiterunt,
583 1567 637 1586 nou
666 1566 763 1586 rursus
795 1562 914 1592 tempus,

119 1602 226 1641 etiamsi
249 1611 392 1639 videretur
405 1606 595 1639 consenuisse,
612 1605 695 1633 fretus
720 1604 822 1631 similes
837 1602 916 1630 alier-

119 1649 218 1689 ναίει
231 1662 286 1692 per
301 1658 456 1682 extremum
471 1655 589 1687 partum,
606 1650 688 1677 rebus
703 1649 770 1684 ipsis
786 1654 813 1676 et
826 1648 915 1680 factis,

124 1701 338 1738 prandentium
361 1699 500 1727 l‘ructuum
526 1696 719 1731 comprobaret
746 1694 919 1722 admirabili-

124 1753 216 1777 tatem.
228 1747 302 1777 Cum
324 1746 399 1774 enim
421 1745 499 1772 lictor
520 1744 554 1771 ab
570 1743 648 1770 initio
663 1742 811 1769 humanam
836 1740 920 1768 labri-

121 1800 198 1823 ratus
211 1797 290 1822 esset
308 1797 445 1825 naturam,
458 1795 485 1818 et
499 1790 633 1818 bonorum
649 1788 784 1816 seminum
804 1787 828 1814 ei
845 1787 919 1814 indi-

117 1843 205 1870 disset
216 1839 381 1871 materiam.
398 1846 451 1865 non
465 1837 528 1865 sivit
546 1841 575 1863 ut
588 1844 619 1863 ea
638 1843 701 1862 cutn
721 1840 841 1869 tempore
854 1842 920 1861 cott-

116 1891 293 1919 senesoeret,
320 1885 367 1914 sed
381 1890 410 1914 ut
433 1885 459 1912 itt
483 1884 542 1911 dics
568 1882 772 1917 repubescerct,
796 1885 823 1908 et
839 1881 921 1907 lcrrt-t

116 1929 203 1963 bitus
227 1939 382 1970 germanos
407 1929 636 1966 prteccdentibus,
666 1935 791 1962 supernae
818 1935 920 1960 cogita.

116 1978 202 2006 tionis
218 1976 340 2004 minime
359 1975 538 2003 adulteratam
555 1973 724 2001 nobilitatem
742 1972 768 1999 itt
786 1980 815 1999 se
833 1972 923 1999 feren-

115 2030 168 2052 tes.
186 2023 291 2052 Virtus
302 2022 376 2050 enim
394 2030 449 2049 non
466 2022 567 2056 accipit
594 2020 796 2048 dimensionem
814 2028 854 2053 ~ex
878 2027 921 2051 eo,

115 2069 190 2105 quod
211 2074 262 2098 est
275 2073 401 2104 tempore
418 2069 556 2104 posterius
572 2072 619 2094 aut
639 2067 726 2102 prius,
746 2066 793 2094 sed
808 2075 840 2093 ex
857 2074 923 2100 pura

114 2121 141 2145 et
153 2117 327 2152 incorrupta
342 2120 433 2142 mente,
451 2121 560 2146 eerutn,
584 2114 631 2148 qui
653 2120 682 2141 se
700 2117 773 2140 recte
798 2117 897 2147 gerunt
915 2122 921 2140 :

114 2161 264 2198 quomodo
279 2161 314 2193 is,
333 2159 382 2196 qui
405 2168 479 2187 nunc
496 2160 621 2187 oratione
639 2158 793 2186 laudandus
808 2163 849 2185 cst
863 2166 925 2192 pro-

113 2208 242 2244 positus,
258 2207 307 2243 qui
317 2205 488 2242 quotidiattis
500 2205 705 2233 accessionibus
717 2204 840 2232 ascendit
854 2209 924 2232 totas

114 2254 209 2282 scalas
226 2253 377 2284 virtutum,
395 2256 422 2279 et
439 2251 562 2286 pervenit
580 2252 612 2279 ad
628 2259 778 2279 summttm.

149 2300 180 2328 2.
199 2298 264 2328 Sed
285 2301 406 2332 oportet,
431 2297 506 2329 huic,
531 2297 578 2332 qui
607 2305 655 2332 per
676 2301 761 2324 totam
778 2297 862 2324 vitam
896 2297 921 2323 in

115 2346 227 2374 virtute
248 2352 280 2373 se
293 2345 429 2376 exercuit.
446 2352 494 2372 eos
507 2345 553 2379 qui
574 2351 620 2379 per
637 2349 722 2371 totattt
738 2344 822 2371 vitam
839 2343 867 2370 in
883 2343 924 2370 di-

116 2391 199 2420 cudi
211 2390 353 2420 facultate
368 2390 489 2418 studium
507 2394 667 2425 posuerunt,
686 2393 833 2417 contexere
848 2398 925 2416 coro-

116 2446 196 2472 nam,
213 2437 267 2474 qui
286 2436 399 2473 quidem
416 2440 482 2464 sunt
497 2436 591 2471 lingua
607 2436 672 2463 boni
697 2440 723 2463 et
738 2440 865 2470 potentes
879 2445 886 2468 ;
898 2440 926 2462 et

117 2483 263 2512 admirari
283 2490 329 2510 res
345 2482 480 2517 praeclare
497 2487 524 2509 et
546 2486 622 2509 recte
645 2480 679 2508 ab
697 2487 731 2508 eo
755 2484 863 2515 gestas;
882 2488 925 2507 tne

115 2533 214 2558 autem
231 2528 348 2556 silentio
363 2527 444 2564 longo
458 2535 489 2556 os
503 2535 594 2555 meum
611 2526 805 2561 comprimere,
826 2531 854 2553 et
874 2527 926 2553 litt-

117 2581 206 2611 gium
222 2572 491 2603 vinculocontinere
504 2581 511 2601 :
525 2577 553 2600 et
568 2572 634 2600 dum
650 2572 823 2599 aliioratoris
834 2571 925 2599 ollicio

117 2619 326 2656 fungerentur.
339 2625 384 2646 me
398 2618 426 2646 in
437 2626 583 2646 numerum
599 2617 696 2645 relcrri
710 2618 865 2644 auditorum
878 2626 885 2651 ;
900 2622 927 2645 et

117 2673 221 2694 eorum
249 2664 363 2699 quidem
381 2664 522 2692 revolvere
544 2664 718 2697 memoriam,
746 2671 863 2699 quorum
882 2665 924 2690 in—

119 2711 234 2747 spectio
244 2710 453 2746 etesperientia
464 2710 514 2746 (l),
526 2717 581 2738 non
593 2710 676 2746 longo
687 2709 788 2738 abhinc
803 2715 927 2746 tempere

121 2762 240 2793 petent
258 2764 323 2786 esse
347 2757 496 2792 magistra,
521 2761 553 2784 ut
578 2756 687 2784 veritati
705 2764 812 2791 possem
834 2765 926 2785 rerum

122 2809 153 2834 et
177 2804 297 2834 ﬁrmum
326 2803 400 2832 ferre
427 2803 633 2836 testimonium;
660 2811 755 2831 eorum
774 2811 839 2832 vero
866 2812 928 2839 quae

972 1430 1135 1465 ignorantur
1153 1426 1312 1454 narratione
1328 1434 1375 1460 per
1386 1426 1539 1452 orationem
1552 1425 1693 1460 percipere
1716 1433 1763 1453 co-

971 1477 1121 1512 gnitionem
1136 1483 1142 1501 :
1161 1482 1215 1501 tton
1231 1478 1320 1500 autent
1344 1473 1434 1507 lingua
1448 1472 1595 1504 ittcrudita,
1610 1476 1636 1498 et
1652 1472 1764 1507 πέει-ἰω-

970 1523 1042 1550 diuis
1061 1521 1146 1548 animi
1172 1520 1245 1547 nube
1273 1519 1388 1546 confusa
1417 1523 1518 1549 mente,
1544 1518 1654 1552 aggredi
1684 1523 1765 1544 tanta:

970 1569 1009 1596 rei
1025 1567 1253 1603 magnitudinem,
1275 1566 1416 1592 timent:m
1430 1564 1598 1598 periculum,
1618 1564 1690 1598 quod
1714 1565 1766 1591 im-

971 1616 1056 1642 minet
1073 1615 1118 1646 iis,
1135 1615 1182 1650 qui
1202 1613 1358 1647 suscipiunt
1377 1619 1408 1638 ea
1425 1619 1486 1646 qua:
1500 1616 1565 1638 Slllll
1579 1619 1661 1645 supra
1678 1611 1763 1638 \‘ires.

970 1663 1072 1690 Natura
1084 1661 1159 1688 Cllllll
1177 1661 1212 1687 lla
1229 1664 1271 1687 CS'.
1285 1663 1488 1693 comparatum,
1507 1662 1536 1684 ut
1555 1658 1637 1685 \‘Cl'bll
1653 1665 1697 1684 ΓΕΒ
1711 1666 1766 1685 ΠοΠ

970 1709 1074 1744 possint
1094 1707 1219 1741 assequi.
1241 1706 1291 1733 llic
1309 1710 1400 1731 autem
1417 1712 1502 1735 nunc,
1517 1703 1562 1730 tibi
1588 1708 1615 1730 et
1637 1703 1768 1737 longissi—

972 1763 1045 1782 mum
1065 1759 1171 1788 tempus
1187 1753 1342 1779 dimensum
1365 1755 1407 1777 est
1423 1750 1564 1781 virtutem,
1582 1754 1609 1776 et
1623 1749 1769 1776 lloridissiv

973 1810 1046 1828 tntttn
1070 1806 1177 1836 pratum
1209 1799 1353 1826 imitantur
1377 1802 1448 1824 recte
1476 1796 1559 1827 facta,
1581 1804 1644 1822 cum
1674 1795 1768 1822 omnia

973 1850 1092 1872 tractare
1113 1845 1189 1871 nulla
1214 1841 1320 1877 possint
1347 1842 1471 1873 ratione,
1493 1840 1593 1867 merito
1619 1839 1769 1874 refugiunt.

973 1891 1067 1925 Neque
1084 1890 1155 1917 enim
1168 1897 1248 1916 suum
1265 1887 1416 1922 ingenium,
1435 1894 1485 1913 nec
1500 1893 1593 1912 rerum
1610 1886 1771 1920 ignorantes

975 1936 1203 1972 magnitudinem,
1230 1938 1373 1969 sperantes
1399 1937 1489 1960 tamen
1507 1940 1536 1959 se
1556 1932 1647 1966 potius
1667 1930 1771 1965 aliquid

974 1986 1147 2015 accepturos,
1164 1987 1245 2014 quam
1265 1978 1389 2009 daturos,
1413 1977 1574 2005 existimant
1594 1985 1622 2003 se
1638 1976 1771 2003 virtutum

976 2027 1252 2062 magnitudincmsse
1268 2032 1346 2051 suam
1367 2024 1506 2050 celaturos
1524 2022 1741 2050 imbecillitatem
1763 2030 1769 2048 :

976 2075 1113 2102 nemiuem
1132 2073 1203 2100 enim
1218 2072 1343 2107 judicare
1356 2071 1506 2101 orationes,
1529 2069 1713 2104 stupefactum
1730 2076 1773 2095 re—

977 2129 1038 2148 rttm
1055 2119 1250 2147 admiratione.
1265 2116 1450 2149 Quamobrem
1469 2119 1580 2149 sperant
1598 2114 1669 2146 fore,
1688 2118 1717 2142 ut
1733 2113 1772 2140 si-

977 2168 1033 2195 mttl
1048 2172 1074 2193 et
1092 2166 1208 2196 lateant,
1219 2169 1246 2191 ct
1261 2162 1454 2197 praedicantur,
1470 2161 1534 2187 dtnn
1551 2164 1661 2195 propter
1673 2160 1772 2186 borum

977 2214 1178 2241 connexionem
1201 2211 1339 2238 habentur
1356 2209 1381 2235 in
1407 2207 1601 2235 admiratione.
1624 2205 1678 2232 Sed
1702 2213 1773 2239 quo-

941 2261 962 2288 D
977 2262 1051 2288 niam
1066 2259 1175 2291 mentis,
1192 2257 1334 2292 quaeinter
1351 2263 1447 2282 omnes
1459 2254 1641 2289 principatum
1654 2252 1772 2284 obtinet,

979 2307 1063 2335 vincit
1092 2305 1238 2335 sententia,
1262 2311 1323 2337 qua:
1347 2306 1408 2337 post
1423 2300 1569 2335 exsequias
1588 2304 1682 2327 censet
1698 2299 1773 2332 iusta

979 2353 1052 2379 Patri
1069 2359 1130 2379 esse
1148 2349 1304 2380 tribuenda,
1326 2348 1371 2382 jus
1387 2347 1413 2374 itt
1430 2347 1547 2373 dicendo
1558 2345 1653 2380 gratia:
1666 2345 1775 2370 univer-

980 2407 1041 2426 sum
1059 2397 1259 2433 permittentes,
1285 2395 1367 2429 (qua),
1391 2393 1442 2420 etsi
1472 2398 1584 2419 necesse
1605 2390 1640 2417 sit
1666 2390 1698 2417 ad
1720 2398 1773 2416 non

978 2444 1099 2479 assequi,
1122 2442 1236 2469 omnino
1259 2440 1332 2475 qttod
1356 2439 1447 2466 deficit
1470 2437 1598 2472 adjiciet,
1619 2436 1660 2463 vel
1684 2435 1774 2470 potius

978 2490 1097 2517 orationi
1123 2489 1258 2522 integrata
1288 2485 1419 2521 praebebit
1452 2482 1664 2516 correctionem)
1698 2489 1776 2508 acce-

977 2538 1067 2564 dituus
1086 2535 1118 2563 ad
1139 2533 1340 2564 narrationem,
1358 2530 1442 2558 veluti
1453 2529 1592 2565 quoddam
1612 2526 1776 2554 fundamen-

980 2589 1036 2610 tum
1048 2581 1163 2617 patriam
1181 2579 1269 2614 primo
1288 2578 1349 2605 loco
1369 2579 1514 2611 ponentes.

1303 2633 1418 2662 CAPUT
1437 2632 1457 2659 Ι.

1000 2698 1093 2726 Sancti
1106 2697 1217 2724 Antonii
1234 2699 1322 2727 ortus,
1336 2692 1483 2723 institutio,
1500 2691 1553 2718 vita
1573 2687 1740 2716 monachica.

1014 2758 1041 2785 5.
1057 2757 1109 2784 Sed
1124 2756 1221 2792 patria:
1235 2760 1262 2783 et
1279 2753 1415 2788 majorum
1430 2750 1531 2778 nollem
1548 2749 1641 2776 facere
1657 2747 1777 2774 mentio-

985 2812 1047 2831 nem
1065 2813 1071 2830 :
1086 2803 1217 2839 quoniatn
1234 2810 1285 2830 nec
1300 2799 1402 2834 aliquid
1416 2804 1525 2829 eorum,
1538 2802 1599 2831 quin
1612 2795 1645 2822 ad
1665 2801 1776 2823 eat-neut

157 2893 203 2930 (1)
217 2892 296 2935 _Bi_nc
309 2898 394 2935 patet,
410 2900 466 2935 quo
483 2897 615 2935 tempore
645 2892 785 2929 scripserit
814 2893 885 2921 hanc
905 2893 1058 2922 orationem
1083 2890 1272 2927 Nicepltorus;
1295 2897 1357 2918 cum
1375 2897 1473 2926 nempe
1498 2888 1571 2918 haud
1603 2887 1708 2924 pridem
1737 2883 1778 2912 vi-

125 2936 192 2958 vere
209 2929 352 2959 Antonius
365 2929 503 2959 desiisset.
