4070 6404
570 368 672 434 183

1745 382 2157 461 NICEPHORI

2264 386 2667 447 HILOSOPHI
3701 392 3788 459 lSi

565 481 860 549 pertinent,
887 485 1094 542 cmlesti
1119 486 1195 541 illi
1216 497 1270 542 et
1286 490 1470 545 carnis
1491 493 1889 561 propemodum
1914 496 2144 563 experti,
2180 503 2222 558 Α
2251 498 2375 552 dam
2406 498 2777 567 possessione,
2831 512 2953 566 qua:
2985 512 3092 550 non
3129 499 3362 553 multum
3396 500 3578 557 aberat
3611 518 3639 558 a
3674 509 3793 561 civi-

566 582 622 628 et
649 575 744 645 qui
769 576 942 632 solam
983 590 1210 634 noverat
1241 580 1471 649 patriam
1504 597 1801 652 supernam
1842 585 2145 650 civitatem,

569 663 624 717 in
655 682 816 734 quam
851 669 997 723 cives
1030 669 1436 735 adsciscuntur,
1470 674 1563 742 qu'i
1603 683 1735 728 sunt
1765 676 1984 730 virtutis
2015 693 2148 746 ope-

568 767 801 822 ratores,
862 760 1068 815 scimus
1130 759 1301 816 fuisse
1358 764 1666 833 proprium.
1710 767 1815 821 Sed
1880 770 2144 838 quoniam

568 864 716 911 eum,
744 849 837 919 qui
866 859 1088 920 propter
1144 868 1242 907 nos
1275 870 1475 909 massae
1524 867 1724 912 nostra:
1776 861 2149 931 assumptione

570 940 744 995 factus
778 951 863 995 est
898 942 1041 996 sicut
1073 958 1198 1008 nos,
1232 946 1478 1001 universi
1516 948 1768 1018 opificem
1815 950 2065 1006 videmus
2096 961 2152 1004 et

568 1030 882 1097 Dominum,
906 1033 1198 1089 admisisse
1221 1036 1453 1105 patriam
1480 1048 1534 1093 et
1562 1039 1819 1109 majores,
1842 1051 1897 1096 et
1930 1042 2150 1097 humilis

570 1120 887 1178 Bethlehem
930 1126 1365 1196 magnitudinem
1396 1130 1547 1183 omni
1598 1130 1783 1198 lingua
1829 1133 2149 1201 praedicari;

569 1229 669 1269 nec
699 1214 750 1267 in
778 1226 973 1271 sancto
1001 1233 1222 1287 quoque
1251 1218 1516 1275 Pontifiee
1545 1219 1627 1277 fas
1658 1238 1780 1278 esse
1817 1225 1981 1279 statui
2014 1241 2153 1295 prte-

570 1306 873 1363 termittere
920 1328 934 1364 :
990 1310 1083 1363 sed
1119 1312 1171 1364 in
1208 1326 1275 1365 eo
1313 1312 1496 1380 potius
1541 1312 1786 1383 jucunde
1846 1316 2149 1381 immorari,

572 1397 847 1454 reddendo
878 1400 1288 1469 quodammodo
1322 1404 1553 1472 gratiam
1608 1405 2012 1463 alimentorum.
2047 1408 2152 1463 Sed

573 1489 629 1544 in
660 1489 784 1545 aliis
815 1491 1037 1562 quidem
1074 1491 1312 1549 fortasse
1348 1496 1522 1565 patria
1556 1506 1611 1551 et
1636 1513 1808 1567 genus
1845 1500 2153 1569 proposita,

574 1580 794 1636 laudem
825 1598 891 1638 ex
943 1593 1060 1639 arte
1110 1585 1374 1653 afferunt;
1408 1587 1461 1642 in
1507 1603 1574 1644 eo
1619 1599 1827 1657 autem,
1860 1591 1927 1645 de
1960 1608 2072 1661 quo
2100 1592 2152 1646 in

573 1676 865 1744 praesentia
911 1677 1150 1747 agimus,
1207 1688 1401 1749 partus
1441 1680 1625 1750 potius
1682 1682 1783 1748 iis,
1838 1697 1903 1737 ex
1957 1683 2157 1753 quibus

575 1774 732 1822 ortus
764 1778 866 1832 est,
901 1768 1070 1822 donat
1115 1768 1345 1838 gloriam
1398 1771 1786 1837 immortalem,
1823 1772 2036 1828 inferne
2071 1788 2156 1828 re-

575 1860 800 1917 mittens
852 1861 1219 1931 splendorem.
1278 1863 1530 1918 similiter
1564 1864 1831 1919 solarium
1880 1865 2153 1921 radiorum

574 1952 1131 2009 reverberatiunibus.
1189 1952 1373 2009 Patria
1423 1970 1575 2025 ergo,
1609 1972 1731 2026 qua:
1758 1957 1831 2011 sit
1876 1973 2007 2018 una,
2046 1972 2154 2011 non

575 2052 756 2113 potest
788 2044 1040 2101 inveniri.
1076 2044 1213 2100 Nam
1260 2046 1389 2101 Asia
1431 2048 1652 2118 quidem
1683 2057 1737 2103 et
1768 2049 1987 2119 Europa
2041 2050 2158 2119 glo-

577 2138 716 2192 riam
750 2138 893 2192 inter
928 2152 987 2193 se
1030 2138 1262 2208 partitur
1290 2156 1306 2195 :
1340 2140 1453 2195 haec
1482 2140 1703 2211 quidem
1734 2150 1959 2212 propter
1988 2141 2160 2196 Thra-

574 2226 741 2295 ciam,
771 2227 862 2282 illa
892 2242 1027 2283 vero
1067 2237 1290 2300 propter
1325 2227 1645 2301 Phrygiam,
1686 2232 1809 2300 ejus
1841 2241 2023 2287 ortum
2053 2232 2156 2287 sibi

576 2319 936 2375 vindicantes.
972 2319 1110 2375 Cum
1156 2335 1243 2376 res
1275 2329 1458 2375 autem
1496 2321 1750 2377 sitinter
1783 2336 1879 2377 eos
1932 2332 2161 2377 contro-

576 2427 759 2478 versa,
806 2420 1035 2484 apparet
1081 2410 1193 2466 alia
1255 2414 1415 2466 tertia
1471 2414 1672 2483 patria,
1721 2428 1918 2484 nempe
1972 2415 2160 2484 regina

578 2509 826 2575 urbium,
859 2523 983 2578 quas
1030 2506 1195 2562 etiam
1241 2522 1368 2562 eum
1418 2507 1575 2574 aluit,
1607 2508 1755 2563 ulnis
1804 2509 1920 2564 suis
1951 2509 2161 2576 ample-

579 2612 758 2664 ctens,
807 2613 874 2654 ex
911 2614 1020 2668 quo
1057 2597 1170 2654 fere
1212 2613 1243 2653 a
1271 2599 1575 2668 puerilibus
1606 2598 1795 2655 fasciis
1824 2616 1947 2655 eum
1984 2602 2159 2655 evolvi

582 2692 833 2762 contigit,
880 2700 940 2745 ut
971 2690 1064 2761 qui
1107 2691 1157 2745 ei
1206 2700 1395 2760 postea
1433 2689 1654 2747 futurus
1700 2702 1846 2746 esset
1889 2692 2059 2747 decus
2109 2701 2163 2746 et

580 2791 989 2839 ornamentum.
1023 2781 1088 2836 Et
1116 2782 1232 2837 hac
1259 2782 1505 2851 quidem,
1536 2790 1723 2853 utpote
1750 2793 1934 2854 caput,
1972 2784 2022 2839 ei
2078 2783 2162 2838 fa-

581 2876 685 2930 cile
712 2882 767 2930 et
791 2883 1045 2946 prompto
1074 2876 1261 2929 animo
1290 2875 1454 2942 cedit,
1487 2892 1713 2946 sperans
1746 2876 1863 2932 fore
1918 2886 1977 2931 ut
2010 2877 2161 2933 frua-

583 2976 674 3021 tur
701 2967 898 3038 gloria.
946 2968 1075 3022 Asia
1124 2982 1256 3023 vero
1287 2983 1431 3039 :rgre
1480 2967 1585 3023 fert
1635 2969 1877 3037 quidem,
1913 2970 2007 3025 sed
2052 2985 2160 3025 non

582 3073 757 3129 usque
784 3058 853 3114 ad
904 3057 1317 3114 immoderatam
1374 3058 1549 3114 fertur
1601 3060 2006 3115 contentionem
2048 3079 2062 3115 :
2103 3077 2164 3117 se

2255 601 2383 653 tate,
2422 591 2474 644 in
2508 606 2617 660 qua
2675 589 3015 653 habitabant,
3053 593 3296 645 urbanos
3330 594 3614 659 tumultus,
3652 606 3701 651 et
3727 600 3793 665 (Ξ)

2253 680 2762 744 lconomachorum,
2789 693 2910 748 quae
2955 690 3083 733 tunc
3128 679 3389 747 vigebat,,
3424 682 3622 735 rabiem
3652 685 3797 739 deeli-

2253 779 2465 831 nantes,
2518 769 2569 821 in
2596 769 2770 822 lucem
2822 768 3029 829 editus,
3077 769 3254 837 magis
3302 768 3500 837 pietate
3550 771 3796 839 alebatur,

2250 877 2414 932 quam
2452 861 2611 915 lacte.
2658 860 2793 913 Cum
2828 868 3007 912 autem
3040 858 3153 926 jam
3198 858 3494 928 incepisset
3533 860 3797 928 balbutire,

2251 952 2570 1023 parentibus
2597 950 2898 1021 jucundam
2946 948 3201 1003 exhibuit
3234 949 3666 1005 admirationem.
3694 952 3802 1007 Bal-

2255 1043 2482 1097 butienti
2517 1043 2662 1097 enim
2698 1042 2895 1111 lingua)
2944 1040 3079 1095 nihil
3111 1039 3225 1095 fere
3258 1040 3406 1095 aliud
3433 1042 3695 1109 prtebebat
3733 1046 3803 1098 lo-

2253 1132 2555 1204 quendum,
2611 1132 2713 1186 nisi
2772 1147 3117 1201 qumcunque
3180 1140 3340 1185 erant
3396 1133 3608 1202 mystici
3652 1140 3801 1190 nostri

2253 1225 2452 1289 cultus,
2488 1232 2756 1292 quantum
2792 1238 2822 1276 a
2870 1222 3019 1275 molli
3082 1232 3134 1277 et
3172 1231 3360 1276 tenera
3434 1223 3585 1291 pueri
3631 1235 3814 1294 natura_

2253 1325 2433 1387 potest
2460 1315 2689 1385 exprimi
2711 1323 2765 1369 et
2785 1330 2815 1369 e
2844 1314 3012 1369 labris
3033 1314 3286 1384 progredi
3330 1332 3342 1367 :
3370 1324 3417 1369 et
3442 1315 3543 1369 hoc
3566 1316 3803 1384 paulatim

2253 1387 2508 1463 crescens
2561 1421 2687 1462 cum
2742 1416 3041 1476 augmento
3099 1405 3390 1476 corporis,
3447 1406 3608 1461 simul
3661 1409 3805 1462 etiam

2253 1509 2595 1555 crescentem
2624 1497 2863 1553 habebat
2903 1497 3326 1552 admirationem
3362 1514 3376 1551 :
3409 1506 3466 1553 et
3514 1498 3808 1570 quicunque

2256 1595 2308 1648 itl
2348 1592 2589 1658 videbat,
2625 1600 2743 1646 erat
2773 1590 3038 1660 propheta
3072 1588 3262 1644 futuri.

2325 1686 2381 1741 5.
2412 1682 2550 1737 Cum
2604 1680 2672 1735 ad
2708 1681 2961 1751 quintum
3006 1689 3187 1735 autem
3221 1696 3426 1735 annum
3467 1681 3805 1750 pervenisset,

2262 1776 2589 1832 Litterarum
2629 1773 2829 1844 figuras
2864 1772 3058 1827 doctus
3104 1788 3134 1827 a
3174 1782 3367 1827 sancto
3395 1772 3600 1843 Spiritu
3632 1776 3809 1844 (neque

2260 1866 2406 1921 enim
2438 1865 2625 1920 venire
2668 1865 2735 1918 ad
2777 1864 2887 1917 lttdi
2911 1865 3257 1934 magistrum,
3290 1880 3587 1933 puerorum
3620 1866 3810 1921 irrisio-

2260 1973 2357 2013 nes
2382 1968 2435 2013 et
2466 1957 2604 2012 alias
2644 1956 2885 2027 pueriles
2908 1956 3141 2027 ineptias
3168 1957 3473 2020 declinans,
3502 1960 3554 2011 in
3589 1959 3809 2013 animum

2260 2049 2501 2120 induxit)
2533 2064 2727 2104 omnes
2770 2064 2956 2103 sacras
2986 2050 3283 2114 orationes,
3323 2051 3562 2105 maxime
3586 2066 3701 2121 quae
3719 2066 3813 2105 non

2261 2143 2508 2215 mystica:
2542 2158 2606 2197 at:
2632 2150 2844 2197 secreto
2879 2141 3125 2209 prolatae,
3180 2143 3413 2197 sacrifici
3471 2159 3600 2197 voce
3645 2159 3815 2213 perve-

2262 2236 2425 2289 niunt
2459 2232 2526 2287 ad
2578 2247 2741 2287 aures
2774 2246 2989 2297 eorum,
3029 2231 3121 2302 qui
3185 2231 3500 2299 initiantur,
3562 2235 3816 2305 ingeniose

2263 2323 2577 2377 memoriter
2625 2322 3022 2390 pronuntians;
3052 2322 3117 2377 de
3154 2332 3353 2377 cmlero
3384 2324 3550 2379 etiam
3582 2341 3664 2379 res
3689 2325 3817 2394 ipsas

2261 2414 2584 2469 imitabatur
2605 2428 2669 2469 ac
2702 2414 3149 2482 repraesentabat,
3184 2430 3388 2484 panem
3428 2432 3752 2485 preponens,
3772 2428 3818 2471 et

2264 2520 2428 2560 manu
2462 2514 2654 2561 tenens
2683 2504 3023 2559 tburibulum
3063 2523 3076 2558 :
3110 2506 3336 2575 perinde
3363 2522 3428 2561 ac
3459 2509 3504 2561 si
3543 2525 3647 2563 non
3676 2510 3820 2563 susti-

2263 2610 2419 2653 neret
2445 2613 2599 2653 sacra
2631 2599 2837 2663 anima,
2868 2614 2979 2668 quo
3022 2599 3210 2653 minus
3240 2600 3403 2654 etiam
3438 2602 3493 2655 in
3533 2602 3817 2673 imperfecta

2262 2698 2420 2745 aetate
2460 2699 2784 2759 operaretur
2828 2704 2914 2744 res
2943 2689 3178 2752 divinas,
3216 2700 3271 2745 et
3298 2701 3425 2745 ante
3474 2702 3683 2763 tempus
3716 2710 3820 2763 per-

2264 2780 2517 2836 fectionis
2536 2795 2599 2836 ea
2637 2796 2758 2850 qua:
2782 2779 2849 2833 ad
2878 2779 3267 2850 perfectionem
3301 2785 3579 2853 pertinent
3614 2785 3819 2839 inchoa-

2264 2882 2391 2929 ret:
2439 2881 2493 2928 et
2532 2882 2891 2927 sacrosancto
2936 2888 3108 2941 puero
3155 2888 3255 2943 pro
3298 2875 3498 2943 quovis
3546 2874 3671 2929 ludo
3719 2885 3822 2927 erat

2264 2978 2401 3034 opus
2431 2972 2485 3018 et
2509 2963 2774 3025 studium,
2808 2978 3001 3032 parum
3030 2964 3251 3032 quidem
3284 2974 3517 3019 matrem
3543 2964 3820 3027 comitanti,

2265 3069 2460 3125 magna
2497 3062 2677 3109 autem
2712 3070 2779 3109 ex
2835 3066 2987 3125 parte
3037 3056 3089 3110 in
3140 3056 3225 3109 bis
3274 3070 3527 3111 seorsum
3559 3066 3821 3125 occupato.

581 3153 783 3221 reginae
809 3159 992 3207 autem
1017 3149 1369 3217 submittens,
1394 3161 1449 3205 et
1470 3150 1737 3221 majorum
1763 3151 1883 3222 ejus
1907 3161 2160 3209 contenta
2190 3171 2235 3233 ο
2266 3147 2561 3218 Postquam
2590 3162 2720 3202 vero
2764 3147 2854 3201 illa
2895 3148 2962 3203 ad
3000 3148 3236 3214 beatam,
3272 3157 3326 3203 et
3365 3164 3493 3218 quae
3542 3162 3822 3217 numquam

581 3241 778 3312 gloria,
819 3257 850 3297 a
893 3242 1097 3313 quibus
1150 3254 1280 3299 sunt
1330 3243 1459 3299 huic
1510 3243 1689 3300 fontes
1743 3246 2158 3316 generationis:

580 3351 721 3406 quos
752 3351 925 3407 genus
964 3336 1226 3391 ducentes
1260 3352 1323 3390 ex
1375 3334 1635 3407 Phrygia,
1680 3348 1901 3409 propter
1934 3355 2161 3395 munera

581 3426 955 3496 imperatoria,
991 3440 1113 3496 quae
1143 3424 1401 3481 obierunt
1436 3426 1491 3480 in
1524 3427 1771 3483 exercitu
1796 3428 2161 3498 imperatoris,

580 3519 774 3574 habuit
811 3518 996 3589 regina
1028 3519 1248 3574 urbium
1301 3519 1660 3581 habitatores.
1721 3520 1909 3576 animo
1940 3522 2161 3593 quidem

582 3610 778 3674 fortes,
810 3609 981 3665 fortes
1010 3619 1191 3665 autem
1230 3625 1484 3681 corpore,
1520 3619 1575 3666 et
1605 3612 1724 3681 ejus
1744 3654 1758 3679 ,
1790 3613 1885 3683 qui
1919 3628 1985 3668 ex
2031 3613 2164 3683 ipsis

581 3710 703 3757 erat
730 3700 1056 3773 gignendus,
1104 3701 1258 3771 prius
1290 3701 1343 3756 in
1374 3716 1435 3757 se
1461 3702 1838 3760 describentes
1891 3702 2165 3760 fortitudi-

584 3809 709 3849 nem
738 3801 928 3849 contra
958 3793 1089 3848 vitia
1115 3800 1171 3849 et
1191 3794 1583 3850 constantiam.

657 3886 712 3940 4.
742 3884 785 3938 Δ
819 3884 1021 3955 quibus
1043 3892 1199 3941 ortus
1229 3884 1395 3955 hujus
1420 3896 1572 3956 pater
1595 3888 1665 3943 ab
1685 3889 1820 3959 ipsis
1848 3891 2165 3958 parentibus

584 3978 653 4031 ab
688 3976 909 4031 ineunte
938 3984 1118 4041 aetate,
1176 3965 1439 4046 tanquam
1476 3977 1716 4045 Samuel,
1750 3988 1804 4035 et
1838 3980 2026 4035 habitu
2069 3980 2164 4035 Dei

587 4067 724 4123 sorti
752 4066 1040 4122 dedicatur
1068 4075 1122 4121 et
1142 4082 1202 4121 re
1230 4067 1347 4137 ipsa
1377 4085 1390 4122 :
1416 4076 1471 4122 et
1501 4068 1567 4123 ad
1607 4070 1824 4139 generis
1853 4070 2165 4126 successio-

585 4170 712 4210 nem
746 4154 865 4224 lege
896 4154 1233 4209 matrimonii
1267 4154 1622 4227 conjungitur
1648 4158 1884 4221 mulieri,
1924 4159 2166 4215 honesta

585 4247 803 4319 quidem
834 4247 1042 4313 animo,
1065 4248 1312 4304 honestae
1345 4265 1471 4303 vero
1519 4250 1777 4305 omnibus
1808 4252 2078 4314 moribus,
2111 4261 2166 4307 et

584 4337 839 4406 corporis
893 4338 1077 4408 specie
1145 4354 1255 4393 non
1313 4338 1570 4395 afferente
1615 4340 1852 4397 dedecus
1894 4344 2162 4399 nobilitati

586 4428 832 4482 animae:
875 4436 930 4482 et
952 4442 1095 4498 quas,
1136 4436 1195 4482 ut
1228 4428 1399 4484 semel
1433 4428 1633 4495 dicam,
1672 4430 1923 4486 animiet
1970 4447 2166 4502 corpo-

2265 3243 2527 3306 senescit,
2574 3242 2828 3313 migravit
2858 3243 3255 3307 haereditatem,
3293 3259 3419 3298 cum
3470 3254 3622 3311 patre
3660 3257 3826 3297 versa-

2265 3336 2425 3391 batur
2446 3345 2599 3398 tunc,
2636 3350 2694 3390 se
2722 3350 2986 3389 exercens
3015 3333 3067 3387 in
3093 3334 3267 3388 sacris
3286 3334 3568 3389 discendis
3599 3332 3824 3403 psalmis.

2266 3428 2472 3499 Ingenii
2557 3435 2739 3481 autem
2794 3425 3089 3491 felicitate,
3144 3426 3565 3495 intelligentiam
3629 3426 3826 3496 quidem

2265 3536 2431 3591 quam
2462 3535 2558 3589 pro
2582 3529 2738 3573 aetate
2766 3518 3053 3587 majorem,
3078 3518 3436 3571 maturiorem
3469 3528 3649 3569 autem
3682 3528 3827 3583 quam

2265 3626 2366 3681 pro
2421 3618 2663 3679 tempore
2715 3608 2891 3663 astatis
2952 3608 3114 3663 dabat
3172 3607 3529 3677 spectandam
3586 3615 3828 3659 staturam

2266 3701 2535 3773 corporis,
2592 3708 2833 3755 mentem
2864 3714 2995 3753 vero
3034 3699 3177 3767 ejus.
3217 3698 3363 3768 quod
3422 3708 3512 3753 est
3553 3701 3747 3751 bonum
3782 3705 3829 3747 et

2268 3792 2582 3855 honestum,
2632 3790 2975 3858 capaciorem
3007 3802 3171 3857 quam
3222 3794 3495 3856 quantum
3557 3793 3831 3840 consenta-

2267 3897 2430 3937 neum
2509 3889 2657 3935 esset
2737 3889 3029 3948 utrumque
3086 3879 3375 3933 admittere
3454 3878 3830 3933 dimensionem

2267 3972 2551 4043 temporis.

2338 4066 2391 4119 6.
2429 4064 2566 4119 llinc
2592 4080 2717 4120 cum
2742 4063 2807 4119 ad
2828 4078 3029 4117 annum
3065 4062 3403 4134 pervenisset
3433 4061 3828 4120 duodecimum,

2267 4158 2333 4213 ad
2380 4172 2466 4212 res
2516 4155 2834 4225 diligentius
2877 4154 3306 4209 considerandas
3358 4168 3417 4208 se
3448 4153 3752 4222 applicans,
3786 4149 3831 4210 (ο

2268 4260 2506 4316 mentem
2560 4246 2849 4303 stabilem!
2883 4260 2915 4300 ο
2965 4245 3171 4300 bonum
3224 4244 3634 4314 propositum!)
3678 4256 3831 4312 genus

2269 4343 2391 4395 vita:
2434 4339 2692 4394 discrevit
2729 4345 2784 4393 et
2819 4336 2983 4409 elegit
3021 4354 3035 4391 :
3072 4336 3306 4406 aliisque
3354 4335 3594 4404 rejectis,
3628 4334 3691 4388 ad
3726 4348 3831 4384 mo-

2270 4433 2535 4487 nasticam
2564 4430 2811 4497 intuens,
2840 4427 3103 4499 ﬂagrabat
3126 4427 3444 4497 cupiditate.
3469 4426 3671 4481 Rerum
3700 4424 3830 4477 enim

587 4517 667 4572 ris
690 4518 933 4581 dotibus,
965 4518 1186 4576 marito,
1218 4517 1310 4586 qui
1358 4526 1480 4573 erat
1519 4518 1574 4572 iu
1625 4520 1876 4589 utrisque.
1908 4521 2158 4593 insignis,
2192 4511 2241 4570 Ι)
2270 4523 2541 4594 principia
2580 4536 2610 4576 a
2641 4520 2753 4576 fine
2792 4520 3086 4590 dijudicata
3121 4519 3367 4589 praebent
3401 4529 3573 4571 tutam
3630 4514 3835 4570 electio-

591 4607 740 4661 nulla
773 4606 827 4660 in
860 4622 919 4661 re
947 4616 1067 4660 erat
1114 4606 1347 4661 inferior
1389 4622 1404 4660 :
1437 4607 1532 4663 sed
1564 4616 1682 4663 erat
1730 4609 1850 4679 biga
1910 4610 2161 4681 insignis,

592 4699 713 4769 biga
740 4699 1072 4764 veneranda,
1114 4699 1237 4769 biga
1282 4715 1401 4769 qua?
1439 4700 1594 4755 beata
1624 4702 1953 4757 censebatur
1984 4722 1995 4757 :
2029 4718 2164 4758 con-

586 4787 827 4857 jugium,
887 4787 1033 4857 quod
1088 4788 1384 4843 multorum
1434 4789 1626 4844 oculos
1679 4792 2033 4845 convertebat
2096 4793 2165 4846 ad

591 4879 1049 4947 admirationem;
1103 4895 1298 4951 parum
1352 4880 1570 4950 quidem
1637 4881 1811 4946 carni,
1868 4882 2165 4950 plurimum

590 4982 779 5025 autem
800 4970 912 5026 Deo
941 4973 1154 5034 vivens,
1186 4982 1240 5025 et
1270 4972 1337 5026 iis
1362 4987 1484 5041 quae
1506 4986 1633 5026 vere
1662 4972 1727 5026 ad
1765 4971 1930 5026 Deum
1963 4973 2165 5039 ferunt,

589 5063 751 5119 factis
780 5070 836 5118 et
866 5063 1031 5117 rectis
1060 5063 1373 5117 actionibus
1397 5080 1409 5115 :
1442 5078 1540 5132 pro
1566 5063 1768 5133 quibus
1810 5071 1865 5117 ct
1899 5080 1994 5134 per
2023 5080 2166 5134 quae,

591 5167 852 5227 tanquam
903 5154 1123 5225 aliquod
1169 5156 1454 5225 praemium
1505 5156 1747 5220 virtutis,
1799 5155 2009 5227 dignati
2041 5166 2172 5213 sunt

592 5264 813 5305 sacrum
856 5246 1102 5304 fructum
1134 5249 1465 5319 producere.
1495 5249 1598 5314 Qui
1653 5249 1707 5303 in
1754 5258 1997 5303 materna
2029 5265 2169 5319 qua-

670 5389 749 5459 (2)
782 5387 1271 5459 lconomacﬁborum
1305 5387 1484 5459 rabies
1516 5387 1750 5459 primum
1774 5403 1803 5459 a
1826 5387 2004 5442 Leone
2021 5389 2171 5443 isauo

598 5458 892 5530 ricogrimp.
920 5458 1189 5530 anaCbr.
1221 5458 1348 5530 726,
1382 5458 1592 5530 imperii
1643 5458 1728 5530 sui
1762 5458 1818 5530 9,
1866 5460 2167 5530 suscitata;

598 5545 690 5582 an.
723 5526 857 5592 78b,
874 5530 976 5584 sub
1000 5528 1363 5581 Constantino
1392 5538 1445 5580 et
1474 5527 1642 5590 Irene,
1665 5527 1946 5581 adnitente
1976 5526 2035 5581 S.
2064 5528 2171 5582 Ta-

598 5598 746 5652 rasio
776 5598 1109 5667 patriarcha,
1154 5612 1433 5666 repressa:
1465 5598 1684 5667 demum
1720 5612 1811 5650 an.
1838 5598 1960 5660 8l'5,
1996 5599 2170 5667 impe-

599 5678 756 5720 rante
819 5665 998 5721 Leone
1062 5665 1298 5721 Aruleno
1359 5666 1673 5728 recruduit,
1740 5668 2017 5735 smviitque
2069 5665 2171 5721 sub

602 5734 864 5789 Michaele
912 5735 1109 5805 Balbo,
1141 5746 1192 5788 et
1219 5739 1379 5803 hujus
1426 5738 1536 5791 lilio
1568 5737 1905 5804 Tbcupltilo;
1933 5734 2169 5805 penitus

605 5805 867 5859 restincta
909 5804 1167 5859 Michaele
1200 5807 1320 5870 ill,
1348 5817 1401 5861 et
1446 5810 1501 5863 S.
1537 5807 1819 5863 Theodore
1859 5804 2026 5861 matre
2066 5808 2168 5862 im-

2275 4632 2398 4672 nem
2427 4616 2545 4685 ejus
2570 4614 2717 4684 quod
2748 4622 2833 4669 est
2863 4614 3082 4668 melius.
3120 4612 3240 4666 Non
3274 4613 3420 4666 enim
3451 4611 3599 4678 quod
3626 4621 3838 4678 propor-

2276 4709 2423 4762 tione
2442 4706 2586 4761 aetati
2616 4705 2993 4775 responderet,
3016 4704 3314 4773 procedens
3334 4705 3526 4757 habuit
3550 4700 3837 4771 judicium:

2275 4800 2370 4855 sed
2410 4800 2465 4852 in
2500 4798 2729 4868 juvenili
2778 4811 3011 4866 corpore
3050 4810 3241 4850 canam
3285 4794 3611 4849 ostendebat
3658 4789 3840 4845 intelli-

2276 4889 2536 4957 gentiam,
2564 4900 2662 4956 per
2678 4901 2740 4941 ea
2764 4901 2885 4955 quae
2900 4883 3249 4953 operabatur,
3275 4899 3430 4937 suam
3453 4898 3576 4936 cum
3599 4896 3685 4942 eo,
3704 4877 3836 4948 quod

2271 4988 2355 5033 est
2390 4978 2591 5031 bonum
2635 4986 2689 5032 et
2720 4977 3035 5040 honestum,
3075 4975 3323 5030 indicans
3358 4972 3796 5043 conjunctiouem
3825 4984 3837 5020 :

2272 5080 2327 5126 et
2359 5070 2447 5131 iis,
2486 5068 2553 5122 ad
2594 5083 2717 5137 quae
2768 5082 2829 5123 se
2875 5066 3225 5132 extendebat,
3284 5065 3629 5135 significabat
3677 5064 3842 5115 incor-

2273 5171 2449 5231 rupta:
2506 5160 2704 5214 mentis
2758 5158 3111 5213 stabilitatem
3162 5176 3174 5211 :
3226 5165 3280 5211 et
3334 5156 3568 5225 gloriam
3632 5154 3838 5224 quidem

2274 5250 2608 5321 despiciens,
2651 5263 2915 5317 respuens
2952 5255 3135 5338 autem
3187 5245 3454 5317 quidquid
3510 5262 3619 5299 non
3647 5246 3748 5299 fert
3776 5238 3838 5293 ad

2274 5390 2619 5463 perantibus,
2692 5390 2784 5458 qui
2805 5459 2816 5463 _
2840 5388 3057 5463 Remp_._
3079 5404 3183 5463 an._
3233 5385 3832 5463 8il,___eapessiverunt.

2278 5455 2352 5513 itti
2411 5462 2467 5514 ll
2534 5455 2818 5514 Febrfad
2880 5458 2937 5512 S.
2983 5455 3300 5512 ’Theodorze
3355 5455 3532 5509 Vitam
3591 5455 3833 5508 diximus.

2274 5530 2412 5583 Cum
2444 5538 2625 5601 autem
2660 5528 2837 5601 factus
2870 5528 2929 5581 fit
2959 5528 3272 5601 patriarcha
3305 5526 3575 5579 Antonius
3596 5539 3685 5577 an.
3716 5520 3833 5601 8§8.

2276 5601 2431 5653 senili
2458 5600 2570 5667 jam
2615 5602 2696 5667 (ut
2739 5597 2939 5651 Mentea
2976 5598 3197 5665 habent)
3238 5608 3423 5667 aetate.
3457 5597 3839 5667 sexagenarius

2279 5664 2550 5731 fortassis,
2586 5664 2834 5735 sequitur
2866 5667 3009 5721 circa
3052 5668 3203 5720 initia
3236 5664 3522 5735 Theophili
3558 5664 3691 5734 itnp.
3744 5674 3837 5714 na-

2280 5750 2390 5795 tum
2422 5739 2591 5795 fuisse.
2622 5753 2766 5791 anno
2804 5735 2929 5802 828,
2966 5746 3057 5791 aut
3093 5736 3365 5806 sequenti.
