4070 6418
299 405 384 475 Γ85
1031 405 1202 466 VITA
1242 409 1303 468 S.
1346 409 1664 470 ANTONII
1703 412 2018 472 CAULEE
2051 417 2558 478 PATRIARCIL'E
2599 421 2708 482 (ΞΡ.

3413 423 3516 489 186

293 527 462 588 Deum,
509 521 668 591 elegit
714 533 853 584 eam,
887 533 1012 588 quas
1039 519 1144 574 fert
1191 520 1259 574 ad
1303 521 1503 590 ipsum,
1578 538 1828 592 asperam
1863 533 1905 586 Α
1937 528 2084 584 dedit
2129 532 2358 596 aditum,
2391 541 2451 586 ut
2503 533 2597 602 qui
2640 541 2899 602 tanquam
2952 533 3108 590 freno
3159 535 3346 608 aliquo
3393 553 3513 591 eam

290 619 502 689 quidem,
531 613 622 668 sed
657 623 1022 683 quaestuosam
1059 613 1222 678 viam,
1257 622 1310 667 et
1347 629 1468 682 quze
1497 614 1612 669 sola
1652 627 1829 684 porest

291 714 440 766 bonos
472 715 797 762 mercatores
832 705 1208 760 transmittere
1239 705 1305 760 ad
1354 707 1500 760 illam
1545 723 1672 761 vere
1703 722 1829 776 pre-

291 806 458 859 tiosam
513 799 879 870 margaritam.
939 797 1159 852 Sciebat
1207 797 1352 852 enim
1408 799 1592 852 divino
1642 814 1829 854 arnore

287 896 417 966 prius
443 906 594 962 capta
629 890 834 954 anima,
871 889 937 944 ad
970 889 1022 944 id
1048 890 1250 956 solum,
1283 891 1430 958 quod
1461 890 1824 956 desideratur,

285 989 482 1042 omnino
527 985 876 1048 contendere,
927 991 982 1036 et
1033 981 1218 1036 omnia
1251 981 1384 1034 nihil
1425 982 1644 1045 ducere,
1705 998 1828 1053 quae

287 1079 400 1131 nihil
431 1075 626 1130 faciunt
655 1075 720 1128 ad
753 1074 804 1128 id
842 1073 986 1142 quod
1025 1073 1310 1142 quaeritur.
1347 1072 1501 1137 Quod
1541 1075 1685 1127 enim
1711 1083 1826 1130 toto

285 1173 442 1226 animo
467 1169 696 1222 electum
730 1175 812 1221 est
842 1165 910 1220 ad
941 1165 1384 1234 acquisitionem,
1413 1175 1496 1220 est
1520 1167 1732 1220 firmum
1761 1183 1826 1223 ac

285 1259 452 1316 stabile
476 1275 488 1310 :
517 1259 664 1327 quod
693 1267 874 1312 autem
905 1265 988 1310 est
1011 1256 1241 1310 firmiter
1265 1256 1621 1325 acquisitum,
1650 1273 1826 1325 prom-

285 1361 408 1419 ptum
435 1355 514 1403 est
541 1349 606 1401 ad
637 1347 1101 1403 conservandum.
1135 1347 1238 1412 Qui
1274 1349 1420 1403 enim
1453 1351 1621 1406 semel
1649 1351 1826 1406 fuerat

285 1442 506 1493 incitatus
529 1439 592 1492 ad
627 1438 681 1492 id
714 1437 864 1506 quod
893 1445 976 1492 est
997 1437 1308 1503 honestum,
1343 1449 1599 1508 tanquam
1629 1443 1697 1496 ab
1726 1443 1824 1496 ali-

283 1545 372 1599 quo
399 1543 610 1584 carcere
637 1545 668 1582 a
691 1528 893 1583 virtute
921 1537 1230 1597 parentum,
1266 1539 1528 1600 perpetuo
1548 1532 1825 1614 ferebatur

283 1627 472 1694 impetu,
512 1623 677 1678 Deum
711 1639 984 1692 quaerens.
1017 1635 1071 1679 et
1093 1625 1158 1680 ad
1183 1628 1361 1695 ipsum
1394 1629 1749 1684 contendens.

341 1715 385 1770 7.
419 1712 614 1770 Dehinc
639 1713 933 1769 deducitur
955 1713 1020 1768 ad
1044 1716 1220 1768 virum
1251 1725 1527 1776 sanctum,
1557 1717 1650 1786 qui
1689 1733 1821 1787 prte-

281 1811 374 1855 erat
394 1816 542 1856 sacro
567 1802 929 1867 monasterio,
959 1811 1012 1856 et
1037 1811 1154 1857 erat
1185 1804 1414 1874 insignis
1449 1805 1646 1860 virtute
1679 1825 1692 1861 :
1732 1808 1819 1862 cui

1939 621 2245 690 repelleret.
2282 631 2336 674 et
2361 623 2590 691 pulchre
2616 625 2907 678 veheretur
2936 633 2990 679 et
3031 625 3269 680 ferretur
3301 629 3366 682 ad
3409 629 3518 682 vir-

1938 721 2127 766 tutem.
2163 712 2350 782 Neque
2376 715 2601 768 omnino
2632 715 2838 784 aliquid
2871 716 3098 770 indulsit
3131 718 3440 788 cupiditati,
3485 735 3515 772 τι

1938 803 2172 872 proximi
2223 812 2277 857 et
2321 804 2396 858 rei
2429 813 2628 858 creatae
2663 805 2932 860 charilale
2965 806 3256 861 traducens
3288 807 3352 860 ad
3385 807 3517 861 cﬂ‘c-

1935 903 2164 958 ctorem,
2203 895 2347 964 qttod
2385 895 2604 964 quidem
2641 907 2726 950 est
2759 897 3010 950 ultimum
3062 898 3512 966 expetendorum,

1934 996 1986 1040 et
2046 987 2284 1056 primum
2341 988 2855 1042 tlesiderandnrum.
2920 989 3024 1042 Per
3082 991 3224 1044 hanc
3291 991 3516 1046 minimc

1935 1080 2292 1134 adulteratam
2349 1080 2719 1134 conservabat
2758 1081 3159 1146 liberalitatem,
3189 1085 3255 1136 ah
3293 1083 3514 1136 ineunte

1932 1179 2092 1225 aetate
2153 1172 2424 1240 repellens
2471 1173 2812 1226 contrariam
2859 1173 2978 1242 ejus
3025 1173 3364 1228 affectionem
3413 1183 3515 1227 :et

1933 1275 2058 1314 eum
2107 1261 2176 1314 ab
2211 1276 2271 1314 ea
2321 1261 2668 1316 couciliatam
2724 1278 2912 1317 secum
2948 1245 3284 1318 habitantem
3322 1266 3514 1334 aequi-

1933 1352 2121 1408 siisset
2171 1352 2736 1417 commiscratiouem,
2771 1353 2864 1408 Dei
2919 1355 3146 1408 omnino
3199 1355 3376 1410 factus
3406 1365 3510 1411 est.

1935 1443 2028 1499 Sic
2066 1459 2196 1515 ergo
2229 1459 2288 1499 se
2340 1453 2483 1499 recte
2511 1460 2707 1515 gerens
2743 1446 2812 1499 ab
2845 1447 3068 1500 ineunte
3090 1455 3268 1512 relate,
3303 1455 3422 1500 erat
3461 1449 3510 1500 in

1931 1550 2025 1591 ore
2055 1537 2324 1600 omnium,
2352 1547 2408 1590 et
2439 1537 2794 1591 convertebat
2817 1538 2882 1592 ad
2918 1553 2976 1592 se
3006 1539 3254 1592 omnium
3299 1539 3511 1592 oculos.

2003 1626 2054 1682 9.
2083 1625 2204 1682 1am
2235 1637 2416 1682 autem
2444 1629 2498 1682 in
2525 1629 2680 1699 genis
2711 1630 2937 1685 ﬂorente
2967 1630 3228 1699 lanugine
3254 1637 3312 1683 et
3345 1643 3507 1683 coro-

1933 1727 2102 1772 nante
2132 1719 2341 1774 vultum
2375 1720 2599 1789 plenum
2633 1721 2830 1791 gratia,
2871 1735 2992 1790 quae
3035 1721 3088 1773 in
3139 1719 3350 1789 agendo
3390 1734 3512 1772 ver-

1932 1815 2106 1870 satur,
2157 1806 2521 1877 philosophize
2569 1819 2788 1877 pratum
2849 1809 2902 1863 in
2962 1819 3030 1864 'eo
3083 1810 3245 1865 simul
3286 1809 3516 1878 pulchre

283 1909 494 1964 magnam
523 1896 848 1964 acquirebat
878 1895 1108 1966 gloriam
1151 1897 1297 1951 actio
1327 1906 1380 1951 et
1411 1901 1819 1968 contemplatio,
1851 1884 1893 1940 Β
1925 1898 2170 1964 ﬂorebat,
2201 1909 2256 1953 et
2303 1899 2356 1952 in
2387 1899 2550 1954 corde
2580 1900 2878 1970 disponens
2922 1901 3300 1964 ascensiones,
3331 1898 3512 1967 perfe-

283 2002 376 2054 qua:
397 1988 638 2055 corporis
689 1995 744 2042 et
791 1989 988 2042 anima:
1033 1995 1214 2044 motus
1253 1987 1670 2058 dispertiebant.
1717 1991 1822 2056 Qui

289 2091 380 2131 cum
405 2091 522 2130 eum
550 2077 740 2130 statim
777 2077 880 2130 sibi
914 2075 1312 2145 coniunxisset,
1343 2086 1418 2144 et,
1456 2089 1514 2133 ιιι
1539 2096 1662 2149 qua.
1701 2095 1822 2136 esse

283 2177 424 2234 priest
459 2169 508 2220 in
537 2167 764 2236 juvene,
805 2167 1064 2222 virtutem
1112 2169 1455 2238 prawideret,
1516 2186 1643 2226 eum
1717 2180 1823 2227 tra-

279 2259 404 2312 duxit
438 2258 502 2312 ad
535 2275 704 2312 suum
761 2260 1012 2314 habitum
1066 2269 1122 2316 et
1167 2261 1429 2316 amictum
1487 2278 1502 2319 :
1558 2274 1817 2334 tanquam

279 2353 473 2419 quadam
488 2353 676 2407 tabula
703 2353 752 2407 ei
778 2354 898 2408 suis
921 2355 1216 2424 propositis
1237 2354 1560 2421 virtutibus,
1583 2373 1822 2428 eumque

279 2459 360 2497 suo
379 2445 610 2512 exemplo
635 2443 976 2510 informans,
1005 2446 1150 2502 facto
1174 2448 1356 2516 potius
1381 2465 1546 2518 quam
1567 2465 1822 2506 sermone

277 2536 358 2590 fuit
379 2537 420 2592 ei
447 2538 635 2592 doctor
679 2537 948 2593 bonarum
977 2539 1415 2610 disciplinarum.
1447 2542 1492 2596 A
1525 2549 1639 2612 quo
1666 2559 1824 2598 exer-

275 2635 438 2688 citatus
475 2633 524 2686 in
551 2633 696 2688 orbe
735 2633 1172 2703 disciplinarum,
1207 2635 1430 2690 attraxit
1455 2636 1615 2691 dulce
1649 2635 1822 2692 ﬂuen-

276 2739 366 2779 tum
405 2727 706 2781 divinarum
758 2724 1198 2796 Scripturarum,
1250 2737 1490 2784 externae
1539 2729 1823 2784 ebrietatis

273 2819 510 2890 crapulam
561 2820 840 2890 repellens
890 2821 987 2874 illo
1025 2820 1382 2875 institutore:
1416 2829 1472 2875 et
1517 2821 1583 2877 de
1623 2832 1822 2878 caetero

275 2927 510 2980 nunquam
541 2927 872 2977 conversus,
901 2911 1152 2966 admovet
1194 2927 1418 2966 manum
1448 2923 1628 2967 aratro
1663 2929 1824 2968 exer-

275 3001 528 3066 citationis,
577 2999 896 3071 profundos
939 3000 1304 3070 proscindens
1344 3002 1532 3056 sulcos
1579 3003 1820 3070 virtutis,

276 3103 318 3145 et
353 3093 408 3146 ad
435 3093 644 3150 fructus
683 3093 942 3148 ferendos
977 3103 1121 3149 recte
1147 3108 1480 3163 praeparans.
1515 3094 1584 3148 Et
1633 3104 1825 3152 noctes

1923 1992 2095 2046 ctiore
2145 1992 2382 2046 consilio
2440 1991 2767 2060 perfectiora
2841 1993 3265 2062 aggredicbatur
3321 2007 3509 2061 opera.

1922 2081 2286 2138 Consultabat
2338 2098 2492 2146 vero,
2549 2099 2659 2138 non
2714 2084 2900 2139 divina
2940 2100 3119 2150 musa,
3151 2099 3263 2138 non
3311 2084 3510 2139 Demo—

1923 2173 2142 2228 sthenis
2192 2184 2354 2228 utens
2433 2175 2820 2240 vehementia;
2883 2175 2977 2230 sed
3030 2175 3214 2229 divina
3269 2175 3506 2244 quadam

1923 2264 2212 2334 prudentia
2253 2276 2307 2318 et
2348 2265 2626 2320 hominem
2658 2267 2975 2336 superabat,
3009 2275 3062 2320 et
3115 2267 3319 2335 ubique
3355 2267 3510 2320 inre-

1923 2355 2109 2410 niebat
2153 2371 2405 2424 magnam
2437 2357 2870 2424 possessionem,
2916 2373 3056 2432 rem,
3091 2357 3340 2427 inquam,
3368 2357 3511 2410 tlivi-

1923 2462 2072 2514 nam,
2104 2461 2298 2518 nempe
2325 2464 2444 2518 qua:
2477 2449 2609 2503 deos
2641 2447 2769 2503 facit
2797 2449 3140 2514 charitatem,
3210 2449 3292 2502 vel
3323 2449 3506 2517 potius

1923 2553 2090 2607 quam
2138 2537 2374 2592 habebat
2424 2536 2731 2606 proferens.
2787 2539 2854 2590 ad
2910 2553 3138 2606 scopum
3191 2535 3504 2600 ferebatur,

1923 2630 2188 2702 negotiali
2223 2631 2299 2702 (3)
2351 2629 2709 2699 Hermogenis
2743 2639 2861 2682 arte
2901 2629 3036 2682 nihil
3097 2627 3371 2697 indigens.
3405 2627 3508 2680 Per

1925 2726 2068 2780 hanc
2102 2725 2152 2778 ei
2184 2725 2376 2780 aderat
2424 2738 2637 2776 morum
2673 2723 2871 2777 lenitas
2893 2731 2947 2777 et
2975 2723 3301 2784 moderatio,
3330 2720 3509 2791 gravi-

1924 2826 2032 2882 tas,
2091 2816 2476 2880 mansuetudo,
2533 2814 2880 2884 simplicitas,
2933 2813 3200 2876 suavitas,
3236 2813 3507 2880 serpentis

1927 2907 2218 2980 prudentia
2249 2915 2658 2975 contemperata
2698 2903 2968 2959 columbae
3000 2902 3334 2958 sinceritate.
3368 2899 3508 2954 llinc

1926 3001 2092 3058 etiam
2123 3001 2308 3066 liebat,
2344 3007 2402 3052 ut
2428 2997 2594 3053 sciret
2622 3011 2934 3051 mensuram
2964 2995 3238 3050 sermonis
3265 3003 3318 3048 et
3339 2993 3508 3048 silen-

1929 3096 2011 3161 tii,
2039 3103 2093 3149 et
2131 3101 2344 3148 motum
2395 3107 2612 3156 manus,
2651 3097 2702 3144 et
2739 3104 2985 3160 gressum
3014 3086 3189 3158 pedis,
3225 3093 3281 3140 et
3314 3093 3508 3158 gustus

279 3185 464 3252 quidem
498 3185 781 3240 habebant
810 3185 1051 3255 linguam
1084 3183 1338 3253 precibus
1362 3192 1418 3237 et
1460 3184 1680 3255 hymnis
1727 3201 1820 3239 va-
1851 3217 1895 3276 ο
1928 3203 2170 3252 camum,
2199 3195 2254 3241 et
2281 3184 2579 3239 terminum
2616 3181 2790 3247 visus,
2832 3189 2888 3234 et
2921 3179 3189 3234 amussim
3221 3177 3505 3238 odoratus,

279 3289 472 3345 cantem,
526 3288 580 3333 et
613 3278 936 3333 divinarum
999 3290 1184 3331 rerum
1264 3275 1642 3344 meditationi;
1701 3279 1820 3333 dies

287 3379 428 3424 autem
467 3385 662 3424 manus
705 3369 1062 3424 vehementer
1111 3368 1474 3423 iuservientes
1527 3368 1595 3424 iis
1621 3370 1711 3439 qui
1741 3371 1820 3424 si-

291 3459 494 3514 mulcum
542 3477 610 3516 eo
659 3459 1094 3515 exercebantur.
1135 3461 1338 3530 Aperte
1381 3460 1526 3515 enim
1589 3462 1816 3530 sciebat,

283 3551 398 3620 quod
423 3553 502 3608 alii
525 3553 754 3610 labores
785 3569 1046 3623 magnum
1078 3553 1324 3622 quidem,
1368 3553 1588 3623 (quidni
1613 3553 1817 3624 enim?)

277 3645 353 3698 sed
378 3661 468 3700 non
504 3655 722 3700 tantum
753 3645 966 3701 lucrum
1002 3643 1282 3716 praebent;
1331 3645 1426 3713 qui
1471 3655 1652 3699 autem
1686 3661 1819 3701 con-

279 3734 484 3791 feruntur
529 3739 596 3792 ad
643 3736 908 3807 proximo
956 3733 1394 3800 deserviendum,
1459 3735 1816 3805 multiplicem

279 3823 476 3882 fructum
515 3828 780 3894 ferentes,
818 3829 964 3898 quod
999 3843 1032 3882 a
1055 3827 1166 3884 Deo
1191 3828 1380 3883 datum
1409 3836 1491 3884 est
1522 3830 1818 3899 unicuique

277 3922 518 3985 talentum,
563 3921 954 3992 multiplicant,
990 3923 1149 3992 cujus
1188 3937 1403 3978 summa
1442 3933 1526 3979 est
1555 3923 1816 3990 charilas,

273 4029 370 4078 qua:
401 4025 478 4070 est
513 4012 640 4078 fons
665 4015 938 4070 bonorum
975 4029 1044 4068 :a
1074 4030 1185 4085 quo
1218 4015 1314 4086 qui
1339 4015 1531 4072 sordes
1551 4017 1817 4088 abstergit

275 4103 397 4158 rivus
422 4104 714 4174 proﬂuens,
749 4104 1069 4176 Splendidos
1111 4105 1394 4175 splendide
1433 4104 1544 4160 Deo
1569 4107 1734 4174 sistit,
1763 4108 1816 4164 id

271 4195 390 4262 quod
417 4196 578 4250 estad
622 4197 748 4264 eius
779 4195 1098 4265 imaginem,
1131 4196 1316 4250 divina
1353 4197 1660 4253 imitatione
1719 4214 1816 4270 per

271 4290 771 4346 commiserationem
835 4291 1159 4347 describens
1229 4291 1546 4349 indelebile.
1602 4293 1818 4365 Optime

271 4378 390 4432 enim
419 4381 552 4449 apud
583 4396 644 4436 se
672 4390 726 4436 et
759 4381 1162 4452 sapientissime
1202 4382 1476 4447 dividens,
1509 4384 1648 4440 hanc
1685 4387 1817 4441 cha-

274 4468 452 4523 ritatetn
508 4487 603 4542 per
659 4479 830 4528 totam
891 4472 1060 4526 vitam
1119 4472 1373 4528 adhibuit
1419 4475 1663 4542 sociam,
1720 4491 1815 4544 per

1927 3293 1978 3338 et
2018 3279 2327 3336 cautionem
2388 3277 2611 3332 auditus
2647 3293 2662 3338 ;
2699 3283 2761 3329 ut
2799 3273 2854 3327 in
2920 3287 3058 3342 pura
3103 3279 3159 3328 et
3203 3269 3506 3330 secundum

1923 3386 2174 3431 naturam
2223 3371 2439 3442 specula
2497 3377 2743 3424 maneret
2775 3365 2960 3420 anima
2989 3406 3006 3432 ,
3063 3373 3119 3419 et
3169 3377 3280 3416 non
3329 3377 3504 3426 mors,

1922 3481 2117 3536 nempe
2151 3465 2196 3518 is
2236 3463 2330 3534 qui
2365 3477 2468 3518 suo
2501 3462 2674 3514 utitur
2705 3457 2956 3521 arbitrio,
2993 3470 3091 3526 per
3137 3454 3408 3508 fenestras
3433 3455 3501 3505 al

1919 3557 2096 3627 ipsam
2132 3553 2362 3608 latenter
2394 3550 2753 3612 ascenderet,
2786 3555 2846 3601 ut
2871 3553 2956 3601 est
2991 3545 3042 3598 in
3087 3541 3400 3612 proverbio.
3439 3539 3507 3594 Et

1919 3648 1987 3703 de
2014 3657 2213 3702 caetero
2243 3659 2412 3698 unum
2446 3653 2564 3697 erat
2592 3641 2640 3695 ei
2673 3639 2938 3703 studium,
2975 3646 3034 3691 ut
3069 3637 3292 3692 carnem
3325 3632 3508 3688 cllicc-

1921 3747 2004 3794 ret
2049 3736 2258 3793 servire
2285 3733 2527 3806 spiritui,
2563 3741 2618 3788 et
2661 3729 2851 3786 venari
2897 3727 3044 3783 feras
3077 3726 3503 3796 cogitationum,

1919 3840 1976 3886 et.
2015 3837 2174 3884 antra
2206 3839 2507 3897 repurgare
2537 3820 2998 3892 investigantibus
3029 3818 3231 3874 mentis
3263 3816 3505 3871 notioni-

1919 3920 2046 3983 bus,
2083 3918 2284 3974 sobriis
2315 3926 2368 3970 et
2387 3912 2771 3985 vigilantibus,
2813 3909 2984 3965 veluti
3017 3907 3271 3974 canibus,
3305 3905 3505 3961 mentis

1920 4011 2194 4070 celeribus
2220 4009 2286 4064 ad
2321 4007 2547 4063 meliora
2577 4003 2938 4058 motionibus.

1991 4105 2078 4160 l0.
2100 4101 2472 4171 Quamobrem
2491 4097 2628 4152 nihil
2651 4111 2910 4167 magnum
2929 4093 3502 4154 existimabateorum,

1918 4213 2042 4270 qua:
2071 4201 2321 4250 annuunt
2352 4191 2420 4246 ad
2453 4189 2766 4253 interitum,
2799 4195 2854 4241 et
2887 4185 3092 4255 quibus
3119 4183 3369 4236 innatum
3399 4189 3501 4244 est,

1921 4299 1980 4344 ut
2013 4298 2260 4357 tempore
2306 4283 2558 4339 diﬂluant
2587 4322 2604 4348 ,
2658 4295 2766 4334 non
2805 4278 3056 4350 gloriam,
3092 4290 3202 4330 non
3254 4272 3500 4334 divitias,

1917 4395 2030 4436 non
2081 4357 2276 4448 ipsam,
2323 4391 2452 4447 quae
2487 4385 2571 4430 est
2605 4374 2662 4428 in
2699 4371 2966 4434 dicendo,
3001 4365 3362 4438 sapientiam;
3406 4365 3501 4419 sed

1921 4457 2112 4529 unicas
2147 4471 2384 4526 habebat
2409 4467 2654 4533 divitias,
2688 4479 2882 4535 nempe
2915 4463 3170 4517 virtutem
3218 4465 3274 4514 et
3313 4473 3500 4513 veram

271 4575 406 4628 quam
429 4565 624 4644 _anima
657 4582 687 4620 a
713 4565 1071 4621 sensibilibus
1120 4565 1366 4634 evolans,
1409 4565 1702 4622 revertitur
1747 4567 1813 4622 ad
1841 4561 1894 4620 D
1921 4563 2312 4634 cognitionem,
2364 4575 2528 4630 quam
2561 4574 2621 4614 re
2665 4558 2782 4628 ipsa
2837 4555 3138 4644 conciliare
3173 4552 3350 4644 solum
3398 4549 3505 4644 scit

273 4653 466 4718 primam
495 4657 814 4726 dignitatem
825 4697 840 4712 .

325 4745 371 4798 8.
403 4747 545 4804 llane
574 4749 786 4804 ﬁrmam
811 4750 999 4820 posuit
1026 4751 1224 4808 basim.
1263 4750 1440 4822 Super
1464 4767 1586 4808 eam
1616 4753 1814 4811 domus

275 4837 456 4892 virtutis
493 4841 690 4895 stabile
717 4849 772 4896 et
809 4839 1029 4896 firmum
1061 4842 1200 4913 jecit
1236 4842 1678 4898 fundamentum.
1711 4843 1815 4898 Per

273 4940 367 4980 eam
411 4945 580 5002 neque
611 4947 766 4987 vana:
813 4933 1002 5004 gloriae
1061 4935 1286 4990 admisit
1339 4936 1655 5006 vestigium.
1718 4935 1814 4990 Sui

273 5018 390 5071 enim
427 5020 594 5088 ipsius
647 5039 888 5080 amorem
946 5024 1084 5080 solet
1123 5025 1229 5081 hoc
1280 5025 1476 5080 vitium
1527 5025 1811 5094 consequi.

273 5103 382 5162 Nam
407 5115 546 5180 quod
596 5120 808 5170 tenetur
840 5115 924 5169 sui
947 5115 1122 5184 ipsius
1160 5131 1368 5182 amore,
1399 5117 1625 5172 omnino
1647 5119 1812 5172 etiam

273 5207 456 5257 tenetur
483 5203 670 5272 gloriae
723 5207 1023 5284 cupiditate
1056 5224 1070 5262 :
1111 5208 1197 5264 sui
1247 5217 1428 5264 autem
1464 5225 1654 5265 amore
1704 5225 1811 5265 non

275 5299 480 5361 tenetur,
512 5298 605 5367 qui
631 5299 828 5354 fratres
856 5300 1052 5371 diligit.
1084 5299 1178 5356 Est
1204 5317 1336 5372 ergo
1366 5303 1496 5357 vitio
1533 5304 1810 5373 superius,

277 5385 394 5448 quod
413 5389 572 5443 servit
595 5405 688 5459 per
723 5391 1070 5456 charitatem,
1102 5402 1155 5446 et
1182 5392 1233 5446 in
1261 5395 1580 5448 servitutem
1617 5395 1813 5462 redigit

281 5467 412 5540 fms,
456 5493 575 5546 quae
612 5479 760 5536 intus
811 5491 964 5547 sunt,
1027 5483 1256 5546 bestias.
1309 5483 1503 5549 animi,
1563 5484 1810 5554 inquam,

280 5567 708 5630 perturbationum
758 5571 996 5630 furiosos
1045 5574 1324 5646 impetus:
1361 5591 1536 5647 neque
1567 5577 1662 5632 ulli
1719 5577 1813 5632 irae

338 5765 402 5844 β)
433 5767 788 5844 llermogenes
836 5771 1130 5829 Tarsensis
1163 5775 1296 5830 clari
1349 5776 1592 5832 nominis
1624 5777 1813 5831 rhetor

287 5828 396 5900 ίυίίί
421 5839 566 5910 cujus
595 5828 754 5899 varia:
777 5828 999 5908 exstant
1015 5828 1280 5903 oratoria:
1311 5828 1714 5916 institutiones,
1731 5828 1808 5902 de

1917 4653 2292 4727 philosophia.
2313 4651 2534 4707 Sciebat
2556 4649 2724 4711 enim,
2749 4645 2898 4717 quod
2921 4643 3138 4700 etiamsi
3158 4639 3500 4714 philos0phia

1916 4747 1988 4803 sit
2058 4761 2249 4802 eorum
2302 4759 2425 4814 quae
2483 4750 2614 4797 sunt
2667 4739 2944 4810 cognitio,
3003 4736 3145 4792 actio
3183 4748 3364 4790 tamen
3419 4741 3505 4787 est

1917 4853 2179 4895 ascensus
2209 4853 2352 4892 verte
2380 4831 2888 4905 contemplationis.
2927 4831 3006 4886 Ex
3036 4829 3502 4899 contemplatione

1914 4940 2098 4985 autem
2156 4943 2346 4984 eorum
2409 4941 2534 4998 quae
2590 4934 2740 4990 sunt,
2775 4922 3048 4994 exquisita
3101 4921 3496 4976 consideratio.

1914 5021 2144 5077 Actione
2165 5036 2294 5091 ergo
2314 5021 2530 5074 videtur
2553 5033 2742 5074 veram
2765 5017 3049 5088 acquirere
3067 5013 3497 5084 phil050phiam.

1915 5113 2064 5169 Talis
2089 5122 2206 5168 erat
2255 5113 2476 5180 quidem
2510 5127 2683 5166 novus
2715 5109 2918 5180 Joseph
2969 5109 3156 5178 regula
3187 5115 3498 5175 temperau-

1915 5207 2006 5262 tia:
2037 5223 2052 5262 :
2085 5206 2180 5277 qui
2233 5204 2498 5259 adversus
2546 5203 2677 5256 vitia
2719 5211 2775 5256 et
2813 5203 3090 5256 daemones
3119 5201 3270 5255 clara
3319 5199 3496 5252 erexit

1915 5307 2120 5368 troptra
2161 5305 2258 5350 :et
2309 5295 2414 5350 fuit
2461 5293 2680 5366 quidem
2739 5294 2855 5364 ipse
2903 5291 3229 5363 praeclarus,
3293 5287 3496 5342 multos

1916 5398 2098 5444 autem
2163 5387 2537 5458 praeclarior-es
2585 5385 2820 5440 reddidit
2873 5399 2975 5440 suo
3027 5381 3298 5452 exemplo.
3351 5377 3494 5446 Quid

1915 5477 2050 5533 mihi
2111 5477 2409 5532 Socraticae
2461 5477 2527 5531 ad
2565 5477 2682 5532 hazc
2735 5473 3166 5540 admonitiones,
3207 5481 3304 5527 aut
3347 5471 3496 5542 leges

1915 5569 2231 5635 Platonicae,
2265 5580 2360 5624 aut
2384 5567 2634 5622 universa
2672 5567 2847 5622 virtus
2873 5565 3182 5638 gentilium,
3220 5579 3344 5636 qua:
3371 5563 3496 5620 lit-la

1915 5773 2198 5844 petitione,
2257 5772 2324 5828 dc
2370 5773 2704 5840 inventione,
2764 5769 2958 5829 formis
3010 5771 3250 5840 dicendi,
3307 5771 3490 5844 gravi-

1919 5855 2047 5912 tate,
2077 5853 2183 5899 etc.
