4070 6408
565 402 662 466 187

567 632 694 685 hinc
727 629 955 686 monitis
1009 631 1202 684 activa:
1251 629 1638 700 philosophiae,
1675 646 1798 700 qua:
1847 647 1908 686 re
1937 634 2052 701 ipsa
2097 642 2150 688 et

565 723 730 780 factis
763 725 1084 792 loquuntur,
1117 724 1343 776 deduxit
1373 723 1627 778 homines
1659 725 1726 778 ad
1763 726 1990 780 meliora
2025 737 2150 780 stu-

564 817 692 870 dia?
717 818 850 882 Quis
879 815 1225 884 Epimenides
1259 815 1312 868 in
1337 817 1500 870 rebus
1526 817 1726 872 divinis
1744 819 1880 872 adeo
1905 819 2146 888 sapiens,

563 910 687 963 vita:
720 909 919 962 divinte
948 907 1137 961 multis
1173 907 1274 961 fuit
1308 909 1562 962 occasio?
1593 908 1696 963 Per
1735 927 1896 980 quem
1927 911 2152 966 fuerunt

565 1003 784 1070 quidem
841 1011 1017 1055 morte
1076 997 1270 1054 affecta
1325 1002 1478 1066 vitia,
1545 1013 1772 1072 purgata
1831 1021 2014 1058 antem
2050 1005 2152 1059 luit

563 1092 741 1145 anima
800 1099 854 1146 et
903 1107 1125 1162 corpus,
1190 1093 1645 1164 resplenduitque
1687 1097 1794 1149 vita
1853 1099 2038 1165 quieta
2095 1108 2152 1152 ct

567 1196 772 1240 remota
830 1201 860 1238 a
919 1185 1208 1254 negotiis:
1257 1187 1307 1238 in
1362 1203 1472 1256 quo
1528 1199 1582 1240 et
1622 1189 1716 1242 ira:
1777 1189 2154 1246 fabricabatur

563 1295 774 1342 camus,
831 1287 884 1333 et
919 1278 1136 1333 frenum
1175 1279 1394 1348 linguze,
1426 1293 1474 1335 et
1502 1282 1738 1350 partium
1772 1284 1967 1338 animae
1991 1301 2152 1338 excr-

563 1371 794 1424 cobatur
828 1379 1154 1425 concentus.
1183 1371 1257 1424 Ex
1285 1374 1508 1440 quibus,
1535 1383 1588 1427 et
1629 1391 1724 1442 per
1750 1391 1890 1443 quae,
1929 1377 2154 1444 pulchre

564 1461 902 1526 t-[iiciebatur
949 1477 1118 1515 unum
1151 1477 1362 1532 genus;
1397 1464 1542 1532 quod
1579 1464 1819 1534 antiqua:
1849 1467 2154 1536 pulchritu-

567 1553 711 1608 dinis
739 1552 956 1607 divinos
985 1553 1270 1606 emittebat
1297 1552 1638 1622 splendores.

1180 1689 1410 1746 CAPUT
1446 1689 1510 1744 il.

567 1805 756 1861 Sancti
779 1807 997 1860 Antonii
1029 1807 1380 1860 sacerdotium
1407 1825 1426 1862 :
1449 1809 1768 1876 profectura
1797 1813 2110 1866 monasterii
2135 1831 2154 1868 :

639 1879 916 1958 Dt‘tL’ClarlB
945 1880 998 1930 in
1038 1879 1134 1931 hoc
1175 1896 1388 1933 munere
1431 1883 1651 1934 virtutes
1687 1898 1704 1934 :
1749 1885 1919 1950 patris
1965 1901 2151 1937 mona-
2183 1899 2230 1958 B

639 1951 892 2002 clzismus.

638 2085 725 2138 il.
758 2084 894 2154 cum
941 2097 1124 2138 autem
1181 2084 1512 2154 procedente
1563 2093 1808 2155 tempore
1839 2087 1906 2143 ad
1941 2089 2153 2144 virilem

565 2173 910 2241 pervenisset
968 2181 1206 2237 aetatem,
1241 2181 1296 2226 et
1326 2173 1545 2229 virilius
1589 2177 1820 2231 activam
1875 2193 2157 2236 exerceret

569 2262 1002 2332 philosophiam,
1045 2264 1204 2318 latius
1231 2264 1354 2332 ejus
1385 2275 1692 2335 praeceptor
1720 2279 1944 2338 propter
1979 2272 2156 2325 incor-

567 2369 793 2423 poream
831 2355 998 2408 vitam
1033 2355 1086 2408 in
1119 2355 1223 2410 viri
1273 2370 1523 2425 corpore,
1554 2367 1608 2412 et
1641 2369 1901 2429 tanquam
1935 2365 2154 2432 propria

567 2445 806 2516 glorians
836 2461 962 2501 eum
995 2446 1147 2500 ducit
1175 2447 1244 2501 ad
1276 2447 1454 2514 illum,
1487 2449 1581 2518 qui
1617 2461 1746 2504 tunc
1786 2453 2004 2507 tenebat
2039 2455 2154 2510 cla-

563 2553 695 2592 vum
731 2535 808 2608 (4)
855 2537 1224 2607 pontiﬁcalem
1259 2539 1502 2593 civitatis
1539 2541 1722 2610 regie,
1757 2551 1814 2596 ut
1845 2544 2158 2600 initiaretur

567 2631 872 2686 chrismate
905 2629 1254 2702 presbyterii.
1298 2633 1400 2698 Qui
1457 2649 1562 2686 non
1616 2633 1793 2688 solum
1825 2652 1922 2705 per
1953 2640 2156 2707 gradus

567 2724 928 2778 intermedios
958 2741 1083 2778 eum
1117 2723 1342 2780 deduxit
1385 2727 1450 2779 ad
1481 2727 1860 2782 indumentum
1895 2733 2154 2785 sacerdo-

565 2815 650 2878 tii,
709 2815 801 2870 sed
839 2817 988 2870 illius
1027 2818 1345 2871 testimonio
1385 2835 1508 2873 eum
1545 2821 1706 2874 etiam
1768 2822 2068 2888 ordinavit,
2097 2832 2156 2879 ut

565 2914 825 2973 praeesset
865 2908 1202 2962 ntonasterio
1239 2927 1250 2962 :
1289 2912 1433 2964 etde
1463 2922 1661 2967 caetero
1707 2929 1848 2968 novo
1877 2914 2012 2971 Mosi
2043 2927 2154 2973 tra-

565 2999 718 3052 ditur
753 2999 944 3070 populi
1001 3002 1196 3064 rectio,
1245 3005 1423 3073 utqui
1460 3021 1624 3074 parva
1669 3007 2013 3078 philosophia
2042 3011 2157 3064 col-

565 3093 760 3164 legerit
793 3095 1018 3149 multam
1052 3097 1279 3165 pulchre
1313 3100 1573 3167 pascendi
1611 3100 1886 3168 peritiam.
1921 3101 2155 3160 Virtutis

565 3187 712 3239 enim
755 3172 1034 3252 statuebat
1068 3188 1463 3258 perfectionem
1495 3197 1600 3245 non
1626 3193 1806 3248 solum
1841 3195 1892 3247 itt
1925 3211 1991 3250 co
2030 3213 2154 3252 esse

565 3279 753 3340 sitam,
791 3287 850 3333 ut
895 3280 1011 3350 ipse
1047 3297 1107 3335 se
1161 3291 1308 3337 recte
1348 3297 1592 3352 gereret;
1623 3287 1716 3340 sed
1771 3297 1828 3342 ut
1882 3289 2044 3344 etiam
2085 3307 2150 3347 ex
2178 3261 2221 3319 ο

563 3371 798 3438 quadam
857 3373 1222 3427 redundantia
1280 3382 1426 3428 eSset
1473 3377 1729 3433 omnibus
1787 3379 1993 3450 regula.
2032 3379 2152 3437 Non

561 3473 688 3516 sunt
713 3463 858 3518 enim
917 3473 1026 3518 tam
1069 3479 1287 3520 sonora:
1345 3467 1488 3520 tuhze
1518 3483 1582 3520 eo
1614 3479 1858 3537 tempore
1897 3487 2010 3540 quo
2045 3481 2155 3527 stat

563 3555 834 3609 instructa
870 3557 1038 3622 acies,
1077 3557 1144 3610 ad
1177 3557 1380 3612 milites
1413 3559 1480 3612 ad
1536 3575 1770 3629 pugnam
1805 3563 2150 3628 excitandos,

561 3655 624 3700 ut
655 3647 876 3700 virtutis
922 3648 1150 3704 sudores
1191 3665 1287 3702 eos
1323 3649 1416 3718 qui
1455 3659 1584 3704 sunt
1631 3653 1862 3722 subjecti
1912 3657 2154 3710 cxcilant

559 3736 626 3788 ad
661 3735 780 3789 acie
801 3735 1212 3789 decernendum
1245 3738 1512 3792 adversus
1541 3739 1819 3804 inimicos,
1857 3741 1950 3810 qui
1981 3743 2154 3810 perci-

561 3828 789 3894 piuntur
837 3825 1220 3895 intelligentia.
1273 3825 1339 3881 Et
1393 3829 1672 3897 quomodo
1730 3829 1838 3886 dux
1875 3835 2154 3889 exercitus

563 3918 829 3973 adversos
863 3919 1052 3974 hostes
1085 3935 1306 3973 onmem
1343 3932 1524 3975 movet
1551 3923 1749 3987 aciem,
1783 3926 2004 3995 quando
2039 3929 2154 3996 ipse

560 4025 799 4082 pugnant
854 4011 1155 4080 inceperit,
1193 4013 1352 4069 factis
1402 4030 1533 4069 suos
1582 4017 1831 4074 excitans
1863 4018 1930 4072 ad
1977 4021 2152 4075 virtu-

560 4109 710 4166 tem;
745 4099 816 4152 ita
857 4099 1020 4154 etiam
1065 4102 1158 4170 qui
1201 4111 1330 4157 sunt
1365 4104 1638 4158 exercitus
1678 4107 1846 4162 duces
1887 4109 2151 4167 adversus

557 4192 713 4259 vitia,
747 4207 870 4247 cum
907 4193 1114 4249 fuerint
1149 4197 1388 4250 redimiti
1419 4198 1698 4268 praeclaris
1731 4203 1954 4257 coronis
1985 4203 2151 4260 victo-

558 4283 672 4348 riae,
704 4283 1014 4338 cliiciuntur
1045 4286 1305 4342 omnibus
1338 4285 1526 4342 ellicax
1560 4267 1883 4345 admonitio.

631 4373 719 4428 l2.
757 4376 895 4429 Hinc
927 4384 1045 4430 erat
1089 4376 1138 4430 ei
1167 4387 1434 4448 perpetua
1485 4383 1882 4450 propemodum
1939 4383 2166 4464 ittedia,_

556 4477 612 4522 et
645 4467 852 4538 vigilia,
896 4479 947 4522 et
980 4485 1101 4538 qua:
1131 4487 1418 4540 nunquam
1461 4475 1926 4532 intermittebatur
1952 4493 2146 4547 preca-

1741 405 2162 466 NICEPHORI
2205 409 2672 470 PHILOSOPHI
3721 417 3808 482 138

561 539 746 608 specie
797 538 1128 593 exercetur?
1171 536 1310 603 Quis
1341 536 1512 592 Solon
1547 538 1730 608 legum
1779 541 2040 606 decretis,
2085 551 2145 596 ut

2255 537 2358 574 non
2391 533 2600 590 pateret
2649 522 2832 576 aditus
2885 531 3106 593 propter
3137 523 3490 594 asperitatem

3547 543 3560 578 :
3600 528 3728 583 adeo
3756 541 3809 586 ut

2253 627 2398 670 esset
2431 617 2656 685 quidam
2689 631 2785 684 per
2813 617 3000 670 omnia
3033 617 3304 671 honorum
3336 627 3633 674 concentus
3655 621 3810 674 admi-

2253 707 2465 762 rabilis.
2505 705 2836 776 Licebatque
2868 707 3052 762 videre
3087 708 3220 778 (illic
3249 709 3394 762 enim
3423 723 3536 763 mea
3581 721 3811 769 versatur

2253 801 2534 871 cogitatio)
2563 809 2807 870 tempore
2835 800 3004 854 divini
3029 803 3272 870 mysterii
3307 811 3542 856 stantem
3575 807 3811 860 sacerdo-

2257 903 2360 946 tem
2405 905 2530 948 ante
2571 894 2822 948 ordinem
2891 894 3284 956 monastieum,
3337 911 3448 948 non
3489 909 3644 950 secus
3667 907 3814 968 atque

2255 981 2568 1038 Samuelem
2611 985 2762 1038 illum
2817 987 3008 1040 scribit
3041 988 3238 1049 oratio,
3273 997 3558 1056 totumque
3601 987 3704 1042 Deo
3743 989 3812 1042 al-

2257 1078 2422 1130 lixum
2451 1085 2502 1130 et
2535 1077 2816 1142 tribunali,
2845 1087 2900 1132 et
2929 1093 3050 1132 cum
3087 1077 3196 1133 Deo
3227 1091 3536 1133 vorsantetn
3571 1082 3813 1135 immacu-

2255 1168 2382 1222 latis
2411 1170 2609 1222 mentis
2645 1169 3132 1238 applicationihus,
3173 1181 3228 1225 et
3271 1171 3471 1224 divinis
3498 1173 3813 1241 contempla-

2257 1256 2502 1310 tionibus
2571 1257 2823 1312 etl‘ectum
2887 1268 3060 1314 totum
3143 1259 3427 1325 divinum,
3497 1271 3552 1315 et
3607 1262 3812 1332 pulchta

2257 1359 2528 1402 mutatum
2587 1351 2928 1406 alter-alioue.
2981 1352 3110 1406 Mihi
3171 1369 3304 1408 vero
3355 1355 3608 1407 videntur
3637 1353 3816 1408 divina:

2257 1459 2478 1512 quoque
2517 1443 2750 1500 virtutes
2807 1460 2932 1499 eum
2987 1445 3416 1510 circumsistere,
3475 1455 3530 1498 et
3579 1445 3626 1497 ei
3673 1444 3816 1496 mitti-

2259 1534 2518 1590 strare.0
2544 1537 2790 1590 divinum
2823 1537 3159 1592 sacriﬁcium
3185 1537 3570 1607 toperl’ectum
3600 1535 3818 1590 eliiciens

2259 1629 2616 1699 mysterium!
2649 1643 2682 1684 ο
2729 1631 2862 1694 vita,
2907 1647 3026 1701 quae
3068 1633 3136 1686 ah
3165 1647 3232 1684 eo
3287 1631 3610 1700 degebatur,
3659 1629 3745 1698 qui
3773 1627 3820 1681 in

2257 1737 2490 1792 corpore
2513 1733 2631 1776 erat
2673 1733 2933 1792 tauquam
2969 1724 3352 1792 incorporeus.

2331 1815 2418 1868 l3.
2463 1813 2588 1869 llazc
2637 1815 2826 1870 videns
2869 1817 2986 1885 ejus
3037 1826 3192 1885 pater
3239 1815 3544 1870 secundum
3599 1828 3820 1876 carnem,

2259 1907 2588 1962 desideravit
2628 1917 2843 1962 mutare
2893 1910 3016 1962 vitae
3062 1909 3331 1974 habitum,
3373 1917 3427 1961 et
3457 1907 3822 1961 indumentum

2261 2001 2488 2055 induere
2520 2002 2908 2054 monasticam.
2947 2001 3077 2055 Nam
3123 2003 3267 2072 quod
3318 2001 3383 2056 ad
3416 2001 3638 2054 virtutis
3672 1999 3819 2052 ratio-

2259 2107 2382 2145 nem
2422 2091 2648 2151 attinet,
2697 2091 2744 2144 ei
2781 2091 2892 2146 fere
2943 2093 3080 2146 nihil
3112 2093 3318 2156 deerat,
3365 2101 3424 2145 ut
3457 2091 3619 2158 cujus
3659 2105 3688 2143 a
3725 2103 3826 2141 nte-

2262 2183 2380 2238 liori
2419 2185 2758 2238 institutione
2789 2192 2899 2238 tota
2933 2185 3038 2238 vita
3077 2185 3353 2252 penderet.
3393 2183 3564 2253 quue
3603 2197 3706 2236 non
3746 2195 3825 2249 per

2259 2273 2422 2328 aliam
2457 2289 2700 2336 manum,
2730 2273 2822 2328 sed
2855 2289 2948 2343 per
2979 2275 3124 2328 illam
3157 2289 3365 2329 sacram
3401 2287 3652 2336 manum,
3685 2269 3826 2338 cujus

2259 2365 2374 2436 ipse
2405 2365 2582 2420 fuerat
2613 2365 2876 2435 agricola,
2911 2365 3053 2420 hanc
3079 2381 3300 2435 quoque
3327 2365 3558 2436 gratiam
3593 2363 3828 2433 cupiebat

2259 2459 2527 2528 accipere.
2557 2457 2664 2513 Pro
2699 2459 2957 2514 omnibus
2991 2459 3270 2513 alimentis
3299 2456 3636 2525 postulabat,
3667 2465 3720 2508 ut
3745 2452 3828 2506 ﬁlii

2259 2567 2424 2605 manu
2451 2551 2782 2616 initiaretur,
2809 2561 2863 2605 et
2887 2567 3041 2606 suam
3075 2551 3288 2605 vivendi
3319 2551 3556 2604 formam
3591 2555 3826 2602 mutaret.

2261 2643 2565 2714 Regeuerat
2599 2659 2728 2714 ergo
2751 2660 2900 2708 eum,
2927 2643 3019 2713 qui
3052 2653 3311 2712 genuerat
3339 2661 3350 2696 :
3381 2651 3434 2696 et
3463 2641 3538 2704 ei,
3573 2640 3660 2711 qui
3688 2651 3824 2694 ortus

2259 2737 2506 2804 corporis
2550 2736 2753 2791 fontem
2805 2737 3148 2806 praebuerat,
3202 2736 3400 2788 animae
3445 2733 3594 2786 [ilius
3649 2745 3823 2802 puram

2257 2825 2421 2883 elﬁcit
2455 2829 2946 2896 regenerationem.
2979 2825 3044 2880 Et
3079 2842 3202 2880 cum
3239 2825 3448 2896 aliquot
3479 2839 3658 2877 annos
3689 2821 3826 2876 forti-

2259 2929 2342 2975 ter
2366 2921 2556 2992 jngum
2607 2921 2866 2975 traxisset
2914 2918 3304 2978 monasticum,
3337 2917 3561 2987 plenum
3597 2915 3826 2976 dierum,

2257 3013 2480 3084 plenum
2515 3013 2797 3076 virtutum,
2827 3011 3042 3080 plenunt
3078 3011 3403 3080 gratiarum,
3441 3017 3700 3078 tanquam
3723 3021 3828 3058 ma-

2258 3113 2442 3158 turum
2486 3104 2724 3173 aliquem
2773 3102 3039 3166 fructum,
3087 3102 3140 3154 in
3178 3099 3422 3156 cwlcstia
3465 3099 3688 3160 horrea,
3721 3111 3828 3152 cont

2258 3197 2567 3252 advenisset
2603 3207 2838 3266 tempus,
2873 3211 2997 3250 cum
3027 3197 3165 3248 bona
3198 3210 3292 3264 spe
3321 3194 3666 3259 transmittit,
3697 3191 3830 3245 Iaho—

2256 3306 2378 3346 rum
2407 3289 2598 3358 dignas
2627 3303 2862 3343 coronas
2886 3296 3261 3356 accepturum.
3293 3285 3472 3354 Atque
3499 3285 3585 3339 sic
3625 3283 3828 3353 quidem

2255 3379 2654 3434 admirabiliter
2705 3395 2792 3434 res
2843 3379 2964 3448 ejus
3009 3393 3069 3432 se
3127 3377 3424 3432 habebant.
3475 3374 3666 3446 Neque
3701 3375 3828 3429 enim

2256 3471 2374 3525 ﬁeri
2409 3479 2612 3539 potest,
2641 3479 2702 3524 ut
2724 3471 2906 3523 omnia
2932 3469 3206 3522 describat
3238 3467 3438 3520 oratio.

2333 3563 2416 3616 lt.
2453 3561 2708 3617 Oblatum
2749 3569 2933 3614 autem
2969 3569 3184 3630 tempus
3211 3566 3470 3628 tanquam
3509 3557 3722 3610 lucrum
3751 3551 3841 3606 ac-'

2257 3655 2489 3725 cipiens,
2523 3655 2896 3711 misericordis
2927 3653 3116 3720 animi,
3142 3651 3288 3722 quod
3312 3653 3423 3719 jam
3441 3650 3539 3704 diu
3563 3657 3687 3704 ante
3709 3661 3831 3702 con-

2257 3759 2498 3819 ceperat,
2539 3749 2720 3804 fontes
2763 3749 2996 3818 aperuit,
3029 3757 3082 3801 et
3113 3747 3259 3800 rivos
3309 3743 3495 3798 emisit
3531 3742 3831 3796 misericor-

2257 3841 2382 3905 diae,
2455 3839 2732 3894 solventes
2778 3839 3088 3908 squalorem
3131 3851 3458 3907 pauperum,
3519 3843 3832 3902 expromens

2255 3933 2498 4000 quidem,
2543 3933 2590 3986 si
2621 3932 2752 4001 quid
2799 3931 3154 3994 redundabat,
3182 3930 3248 3982 ad
3287 3929 3506 3982 illorum
3543 3939 3718 3988 usum,
3747 3937 3833 3976 ex-

2255 4040 2515 4095 promens
2557 4033 2738 4078 autem
2781 4023 2950 4076 multa
2986 4035 3204 4092 quoque
3232 4035 3298 4074 cx
3339 4015 3692 4073 necessariis.
3722 4013 3828 4068 Non

2253 4117 2402 4172 enim
2455 4117 2509 4170 in
2553 4117 2655 4180 iis,
2685 4132 2808 4185 quae
2842 4115 3184 4180 redundant,
3211 4113 3626 4182 impertiendis,
3657 4109 3745 4165 sed
3781 4108 3828 4162 in

2253 4209 2324 4267 iis
2366 4211 2530 4265 etiam
2567 4225 2689 4280 quae
2723 4211 2939 4272 desunt,
2967 4209 3059 4262 ille
3085 4223 3270 4262 veram
3313 4206 3593 4262 statuebat
3625 4201 3829 4260 miseri-

2252 4305 2517 4359 cordiam.
2551 4303 2616 4357 Et
2642 4303 2954 4358 communis
2985 4303 3146 4356 simul
3178 4301 3454 4372 praposita
3487 4309 3609 4355 erat
3639 4298 3830 4352 utilitas

2251 4395 2513 4450 divitibus
2537 4403 2590 4449 et
2617 4395 2951 4464 pauperibus
2987 4411 3000 4447 :
3042 4393 3131 4447 his
3172 4391 3442 4462 siquidem
3472 4391 3691 4445 solvens
3721 4389 3830 4442 ino-

2251 4491 2418 4559 piam.
2470 4489 2591 4544 illos
2623 4496 2804 4542 autem
2837 4486 3076 4556 eripiens
3109 4485 3178 4540 ab
3213 4485 3442 4549 invidia,
3473 4499 3598 4552 quae
3633 4491 3716 4537 est
3750 4493 3830 4532 re-

557 4559 636 4613 tio
681 4577 695 4614 :
731 4574 794 4613 ex
830 4559 1031 4629 quibus
1071 4571 1126 4614 et
1160 4577 1256 4631 per
1309 4579 1431 4632 qua:
1460 4577 1576 4619 erat
1614 4571 1861 4636 Corporis
1899 4585 2144 4624 Itzacora-
2173 4605 2225 4664 D
2251 4580 2424 4650 posita
2453 4579 2544 4644 iis,
2577 4579 2669 4645 qui
2709 4577 2858 4630 nulla
2898 4586 3190 4630 movemur
3222 4575 3602 4630 misericordia
3637 4591 3651 4627 :
3687 4585 3831 4626 com-

561 4651 659 4716 tio,
690 4663 742 4706 et
779 4651 832 4706 itt
858 4665 1024 4707 carne
1053 4653 1160 4708 vita
1212 4656 1396 4711 carnis
1425 4671 1642 4727 expers,
1675 4671 1728 4715 et
1777 4663 2146 4733 tranquillitas

557 4745 980 4816 cegitationum.
1021 4747 1160 4803 liinc
1210 4765 1422 4816 eorum,
1479 4767 1602 4822 qua:
1658 4755 1968 4823 oportebat,
2027 4765 2146 4810 erat

557 4839 775 4894 sincera
804 4841 1131 4912 disceptatio
1176 4853 1233 4896 et
1265 4843 1559 4912 judicium,
1592 4853 1646 4900 et
1689 4849 1936 4902 omnium
1981 4847 2146 4903 simul

555 4932 900 5002 voluptatum
936 4939 1300 5006 contemptio,
1336 4947 1390 4992 et
1427 4939 1637 5010 hyemis
1670 4955 1733 4995 ac
1760 4942 1970 4996 :rstatis
2005 4949 2145 4996 tem-

555 5043 686 5092 pore
727 5043 930 5096 corpus
987 5044 1148 5082 suum
1201 5047 1310 5084 una
1364 5032 1592 5086 amicire
1624 5033 1830 5098 tunica,
1879 5035 2144 5102 humique

551 5119 796 5198 cubptio,
834 5130 886 5173 et
911 5137 1100 5176 mensa
1137 5123 1285 5176 nullo
1323 5133 1588 5193 apparatu
1619 5125 1907 5190 instructa,
1938 5138 1997 5180 ut
2023 5142 2145 5196 quae

552 5227 690 5280 pane
740 5222 794 5268 et
827 5213 1072 5270 oleribus
1101 5216 1378 5284 exciperet
1409 5218 1832 5273 oxercitatorem
1869 5237 1882 5274 :
1920 5235 2050 5284 non,
2085 5227 2144 5273 ut

555 5305 764 5372 multis,
803 5307 866 5361 ad
899 5307 1112 5378 aliquot
1143 5325 1337 5374 annos,
1370 5311 1463 5366 sed
1510 5326 1539 5364 a
1573 5312 1777 5367 teneris
1810 5313 2140 5380 unguiculis,

553 5413 582 5449 a
625 5399 798 5467 printa
849 5401 1073 5458 ineunte
1107 5413 1265 5457 aetate
1299 5403 1558 5472 perducta
1593 5421 1768 5474 usque
1795 5406 1862 5460 ad
1893 5406 2141 5460 ultimam

553 5499 606 5543 et
651 5493 901 5550 senilem.
945 5495 1085 5553 llinc
1111 5506 1230 5552 erat
1269 5499 1566 5554 austeritas
1605 5507 1910 5570 temperata
1957 5501 2144 5556 suavi-

556 5589 684 5647 tate,
736 5595 790 5638 et
836 5587 1056 5644 lenitate
1085 5591 1390 5660 asperitas;
1437 5603 1498 5646 ut
1553 5609 1728 5661 neque
1783 5593 2142 5662 reprehensio

555 5685 704 5729 esset
735 5678 942 5732 inutilis
973 5691 1197 5751 propter
1215 5685 1619 5751 austeritatem,
1643 5701 1818 5756 neque
1841 5687 2142 5758 disciplinae

593 5811 708 5892 ,(4)
749 5809 798 5864 ls
829 5812 1135 5892 videtur§.
1171 5819 1414 5892 lgnatius
1441 5821 1630 5886 fuisse,
1668 5830 1764 5876 aut
1799 5821 1920 5892 ejus
1947 5823 2144 5880 fortas-

559 5885 636 5939 sis
669 5885 927 5941 decessor
963 5885 1020 5942 S.
1059 5885 1390 5958 Mctltodius,
1425 5892 1472 5948 si
1503 5885 1687 5950 senior
1709 5885 1874 5965 quain
1897 5896 2140 5966 conjeci-

2253 4671 2433 4724 tnunis
2465 4670 2800 4734 benef-actor,
2827 4669 3139 4724 communis
3163 4682 3409 4732 curator,
3429 4665 3830 4737 magistratibus

2250 4773 2304 4818 et
2339 4765 2586 4833 privatis,
2631 4761 2877 4816 omnium
2912 4770 3122 4816 mentes
3155 4777 3258 4816 suo
3285 4761 3534 4830 exemplo
3567 4755 3830 4812 transfor-

2251 4873 2410 4914 mans
2436 4869 2488 4912 et
2515 4871 2852 4926 componens
2875 4855 2941 4909 ad
2967 4855 3218 4920 meliora,
3247 4869 3440 4926 parum
3463 4851 3687 4923 quidem
3719 4865 3834 4904 ver-

2250 4949 2356 5015 bis,
2395 4949 2551 5002 lactis
2583 4963 2711 5001 vero
2749 4948 3050 5017 pluritnum
3093 4961 3401 5015 provocans
3454 4943 3520 4998 ad
3555 4941 3826 4997 virtuteui.

2254 5041 2405 5096 Unde
2439 5043 2605 5096 etiam
2651 5049 2769 5094 erat
2825 5041 3156 5095 reverendus
3204 5037 3639 5108 magistratibus,
3683 5049 3828 5088 reve-

2250 5136 2454 5188 rendus
2497 5134 2564 5189 iis
2614 5133 2706 5204 qui
2764 5143 2920 5187 erant
2969 5133 3020 5185 in
3065 5126 3445 5200 dignitatibus,
3499 5139 3666 5198 atque
3703 5125 3830 5195 ipsis

2250 5229 2385 5282 adeo
2417 5226 2838 5297 imperatoribus
2869 5245 2882 5280 :
2911 5237 3165 5296 recteque
3189 5227 3238 5280 ei
3263 5225 3588 5293 procedebat
3613 5223 3828 5276 univer-

2249 5338 2369 5378 sum
2405 5337 2540 5392 Opus
2566 5318 3080 5382 administrationis,
3117 5319 3336 5372 nemine
3369 5323 3721 5385 repugnante.
3753 5309 3826 5361 Ex

2249 5413 2335 5468 his
2367 5427 2548 5468 autent
2581 5429 2687 5466 non
2721 5421 2837 5467 erat
2867 5411 3207 5478 incredibile,
3238 5409 3384 5479 quod
3411 5407 3550 5462 Deus
3581 5405 3650 5459 ad
3683 5417 3829 5459 cont-

2249 5521 2468 5561 munem
2519 5507 2805 5560 utilitatem
2862 5507 3028 5559 multa
3078 5519 3298 5574 quoque
3331 5519 3429 5573 per
3475 5503 3651 5572 ipsum
3706 5497 3829 5552 fecit

2248 5600 2620 5664 admirabilia,
2670 5599 2884 5652 etiamsi
2937 5609 3207 5668 quantum
3255 5612 3352 5667 per
3409 5595 3668 5650 virtutem
3717 5596 3829 5645 erat

2249 5700 2444 5762 potens
2473 5691 2652 5746 facere
2685 5691 2970 5756 miracula,
3013 5698 3225 5744 tantum
3255 5699 3312 5744 ut
3345 5703 3410 5744 ea
3441 5688 3645 5743 celaret
3671 5693 3723 5738 et
3748 5691 3826 5736 te-

2249 5842 2373 5881 mus
2407 5825 2511 5880 fuit
2541 5823 2833 5881 Antonius.
2862 5823 3110 5880 Tradunt
3143 5833 3332 5883 autem
3359 5823 3564 5882 Mentea
3601 5821 3823 5876 invitum

2249 5898 2423 5954 fuisse
2455 5897 2767 5954 sacerdotio
2797 5897 3094 5953 initiatum.
