4070 6442
258 457 348 524 189

918 486 953 496 κ
1012 457 1187 520 VlTA
1225 458 1287 521 S.
1328 458 1651 520 ANTONII
1686 459 2008 521 CAULEE
2050 461 2559 526 PATRIARCHE
2600 466 2711 528 CP.

3382 512 3387 517 -
3420 471 3529 537 193

252 582 409 645 geret,
444 586 834 642 nonnunquam
885 586 1012 628 eum
1063 573 1319 641 fecisset,
1354 575 1739 646 arnigmatibus
1768 584 1822 630 et
1851 580 1898 637 Α
1926 591 2057 629 cum
2097 577 2466 633 transmiserit
2511 587 2936 635 sacrosanctum
2975 580 3180 649 virum,
3212 583 3306 654 qui
3346 584 3416 639 ab
3442 586 3530 639 in-

253 665 447 719 umbris
474 672 883 735 assequeretur.
915 664 1019 722 Sed
1051 668 1199 738 quod
1235 667 1302 723 ad
1334 669 1632 724 multorum
1676 668 1826 723 venit

251 759 626 830 cognitionem,
691 769 746 813 et
791 757 998 814 factum
1049 774 1176 816 esse
1233 761 1500 827 creditur,
1565 762 1822 832 persequi

253 852 457 907 notabit
479 852 687 906 oratio.

313 944 391 1000 l5.
410 944 649 999 Nalebat
674 960 777 999 una
801 945 1044 1010 civitate,
1068 946 1169 1002 etsi
1194 946 1267 1002 sit
1290 955 1401 1001 tam
1426 962 1646 1023 magna,
1665 935 1821 1001 suam

254 1035 607 1090 circumscribi
668 1037 1212 1092 commiserationem
1252 1054 1267 1091 :
1305 1037 1398 1092 sed
1457 1041 1523 1090 ad
1559 1047 1822 1107 quantam

255 1129 322 1183 δή
359 1129 571 1196 aspicit,
624 1144 747 1183 eam
788 1130 1159 1207 contendebat
1186 1130 1505 1185 extendere.
1539 1129 1674 1184 Hinc
1705 1146 1824 1184 ma-

258 1235 343 1274 nus
369 1221 629 1275 sententis
667 1220 1044 1276 misericordia
1084 1222 1381 1292 participes
1413 1230 1571 1276 erant
1609 1221 1825 1292 Scythae

256 1324 299 1366 et
323 1311 588 1379 Thraces,
640 1324 698 1369 et
730 1330 854 1369 eum
905 1315 1030 1369 aliis
1058 1315 1191 1386 Mysi
1234 1330 1454 1387 quoque
1475 1318 1568 1385 qui
1605 1325 1735 1371 sunt
1767 1317 1821 1371 in

258 1408 383 1460 Asia.
412 1407 548 1471 Quin
577 1407 747 1461 etiam
796 1423 921 1463 cum
953 1409 1021 1464 ad
1052 1424 1171 1473 eos,
1209 1409 1302 1479 qui
1333 1409 1738 1463 exercebantur
1769 1411 1821 1463 in

258 1496 489 1570 Olympo,
524 1500 734 1569 quibus
792 1501 1037 1556 studium
1090 1510 1210 1556 erat
1257 1516 1319 1556 se
1362 1501 1578 1555 fortiter
1634 1516 1824 1569 gerere

260 1595 492 1648 adversus
533 1594 664 1648 vitia
707 1602 764 1649 et
796 1596 1097 1659 daemones,
1137 1595 1432 1665 aliquando
1472 1595 1820 1660 transiisset,

259 1694 303 1738 ct
348 1682 605 1754 quidquid
667 1688 790 1740 auri
848 1688 1084 1742 habebat
1137 1686 1195 1743 in
1253 1688 1531 1752 manibus,
1589 1689 1643 1741 in
1686 1703 1823 1744 usus

261 1791 420 1831 eorum
446 1780 929 1849 consumpsisset,
987 1796 1243 1837 reversus
1280 1784 1457 1836 estad
1513 1782 1821 1847 civitatem,

261 1870 377 1939 apud
403 1887 457 1925 se
493 1873 716 1942 agitans
748 1884 803 1929 et
850 1875 1094 1944 undique
1126 1873 1505 1937 considerans,
1542 1874 1818 1928 uudcnam

1932 666 2106 723 fantia
2138 669 2204 723 ad
2242 667 2416 724 Deum
2470 673 2789 736 vocabatur,
2830 688 2980 739 eum,
3039 675 3286 746 inquam,
3323 677 3415 747 qui
3464 694 3531 733 cx

1927 775 2134 816 corona
2182 762 2503 820 nominatus
2555 765 2659 821 fuit
2692 766 2769 838 (5i
2833 767 3171 838 Stephanus,
3225 771 3274 824 ei
3331 772 3423 841 qui
3464 787 3531 825 cx

1928 852 2117 908 fasciis
2161 863 2244 909 est
2292 869 2704 924 sacrosanctus,
2747 870 3102 915 sacrosancte
3133 861 3527 931 conjungatur,

1926 947 2022 1015 qui
2078 962 2144 1000 ex
2195 945 2339 1001 illius
2383 948 2692 1017 privatione
2718 953 2787 1005 ab
2825 967 2888 1005 ea
2911 962 3199 1023 acceptum
3234 969 3528 1009 maerorem

1928 1038 2122 1092 solvet.
2178 1037 2318 1094 Cum
2363 1040 2549 1109 itaque
2596 1043 2919 1099 advenisset
2973 1052 3214 1114 tempus,
3263 1060 3373 1114 quo
3412 1045 3531 1099 haec

1928 1128 2044 1183 fieri
2087 1130 2398 1199 Oportebat,
2443 1129 2708 1201 sud'ragia
2738 1133 2981 1187 universi
3006 1144 3183 1189 coetus
3208 1136 3528 1205 pontificum

1925 1231 1977 1276 et
2016 1222 2388 1287 sacerdotum,
2419 1231 2473 1277 et
2497 1238 2689 1277 eorum
2733 1224 2826 1292 qui
2856 1227 3024 1279 vitam
3070 1226 3305 1296 agebant
3333 1243 3529 1283 mona-

1928 1314 2147 1376 sticam,
2174 1321 2229 1368 et
2255 1314 2430 1383 ipsius
2457 1330 2673 1384 quoque
2693 1315 2951 1382 Senatus,
2975 1316 3042 1370 ad
3063 1317 3285 1387 dignmn
3312 1333 3532 1388 sponsre

1926 1404 2137 1461 Christi
2177 1406 2436 1462 Ecclesiae
2467 1388 2733 1477 sponsum
2773 1408 3110 1465 ferebantur.
3146 1409 3261 1465 Hoc
3309 1426 3531 1482 quoque

1921 1513 2164 1570 magnus
2209 1500 2400 1556 videns
2453 1501 2774 1571 imperator,
2830 1501 2886 1556 in
2919 1517 3137 1558 omnem
3169 1513 3373 1573 partem
3417 1507 3526 1559 cir-

1926 1591 2242 1648 cumferens
2273 1593 2467 1649 oculos
2497 1593 2866 1663 cogitationis,
2892 1609 3109 1664 semper
3126 1609 3313 1648 curam
3336 1610 3531 1666 gerens

1925 1685 2049 1755 ejus
2102 1688 2249 1756 quod
2299 1687 2553 1758 urgebat,
2617 1696 2675 1742 ut
2732 1687 2825 1757 qui
2868 1687 3099 1758 pulchre
3137 1688 3304 1743 sciret
3346 1689 3530 1743 metiri

1927 1778 2292 1847 praeteritum,
2344 1788 2396 1833 et
2445 1778 2499 1832 id
2551 1778 2698 1848 quod
2730 1779 2906 1845 adest,
2934 1779 3304 1847 considerare,
3339 1790 3392 1835 et
3436 1796 3534 1850 per

1929 1879 2229 1939 utrumque
2270 1871 2338 1925 de
2390 1870 2579 1925 futuro
2632 1880 2840 1926 certam
2908 1870 3088 1928 facere
3132 1873 3532 1942 canjecturam,

268 1978 422 2016 rursus
466 1963 704 2032 vectigal
759 1972 1109 2033 compararet
1168 1963 1521 2033 pauperibus.
1572 1961 1677 2017 Sed
1712 1978 1823 2017 non
1858 1946 1899 2001 Β
1929 1960 2281 2015 continuavit
2317 1961 2681 2028 electionem;
2713 1963 2797 2017 vel
2824 1964 3011 2033 potius
3044 1964 3187 2018 Deus
3221 1979 3316 2034 per
3345 1964 3529 2034 ipsum

269 2054 497 2109 siriteum
534 2054 689 2112 Deus
723 2056 817 2112 diu
849 2073 972 2112 esse
1003 2056 1172 2112 anxio
1214 2058 1423 2112 animo.
1460 2054 1595 2109 Rem
1637 2064 1825 2110 autem

268 2147 382 2212 facit,
400 2157 455 2201 ut
481 2148 642 2212 solet,
670 2148 1083 2214 admirabilem,
1105 2157 1159 2204 et
1181 2164 1310 2203 eum
1341 2149 1539 2203 liberat
1566 2164 1595 2202 a
1618 2149 1826 2204 sollici-

264 2242 429 2295 tudine.
446 2240 684 2308 Quidam
719 2243 866 2297 enim
894 2243 1134 2313 ignotus,
1160 2243 1325 2297 simul
1349 2252 1516 2312 atque
1544 2242 1827 2312 ingressus

260 2344 328 2389 est
346 2334 632 2401 civitatem,
672 2335 791 2390 sive
825 2336 1013 2399 homo,
1051 2336 1168 2392 sive
1199 2336 1430 2406 angelus
1461 2335 1556 2405 qui
1590 2335 1823 2389 formam

261 2427 462 2482 hominis
502 2440 856 2498 susceperat,
923 2429 1233 2483 transeunti
1285 2444 1383 2497 per
1431 2430 1704 2499 porticum
1757 2444 1823 2483 ex

260 2520 460 2588 quoiam
508 2522 811 2591 angiportu
865 2521 1160 2583 accedens,
1211 2523 1259 2576 ei
1290 2523 1455 2577 tradit
1490 2524 1610 2577 auri
1646 2523 1825 2577 mani-

260 2615 526 2682 pulum;et
570 2628 705 2667 cum
744 2614 978 2669 dixisset
1007 2630 1021 2667 :
1055 2615 1275 2683 Accipe.
1304 2615 1451 2683 quod
1489 2615 1737 2669 insumus
1770 2615 1823 2668 in

261 2721 368 2760 usus
398 2721 602 2771 eorum,
635 2719 882 2776 quorum
916 2721 1107 2759 curam
1135 2707 1302 2776 geris,
1326 2704 1478 2761 dicto
1512 2708 1676 2760 citius
1699 2722 1826 2761 evo-

263 2798 365 2851 lavit
394 2809 441 2851 et
468 2801 720 2853 recessit.
750 2798 819 2852 Et
849 2814 1045 2853 manus
1078 2799 1299 2868 quidem
1334 2800 1571 2855 habebat
1597 2816 1820 2865 aurum,

262 2892 374 2945 oculi
395 2904 564 2946 autem
597 2908 719 2945 non
747 2899 1003 2961 poterant
1030 2892 1251 2962 assequi
1284 2908 1409 2946 eum
1444 2895 1536 2962 qui
1569 2882 1843 2962 praebue?

262 2994 348 3037 rat.
377 2983 479 3039 [loc
512 2999 618 3039 non
654 2994 747 3039 est
779 2984 896 3039 leve
943 2984 1161 3055 signum
1199 2985 1348 3040 illius
1380 2999 1504 3040 cum
1550 2985 1660 3039 Deo
1691 2999 1823 3040 con-

262 3075 520 3144 iunctionis
550 3091 564 3129 :
605 3077 721 3131 hoc
745 3085 833 3131 est
863 3092 971 3131 non
1011 3076 1424 3147 levegindicium
1459 3076 1605 3130 illius
1638 3077 1821 3146 magni

264 3165 501 3222 etercelsi
524 3167 709 3221 animi
741 3182 753 3221 :
789 3167 895 3221 hoc
934 3152 1175 3222 Abrahae:
1201 3167 1600 3222 benedictionis
1631 3168 1823 3222 habuit

270 3256 766 3326 multiplicationem,
800 3255 948 3323 quod
990 3254 1093 3308 fuit
1125 3254 1384 3324 hospitali
1414 3255 1656 3308 dexterae
1678 3244 1824 3307 velut

272 3350 470 3419 quadarn
502 3349 797 3404 sementis.
823 3348 1055 3418 Propter
1082 3349 1199 3403 [nec
1230 3349 1369 3403 bona
1415 3362 1647 3418 magnus
1676 3353 1824 3401 recte

279 3444 475 3512 tegessit
505 3444 808 3498 Antonius.
859 3442 985 3496 Haec
1014 3442 1201 3496 manui
1237 3456 1539 3512 pauperum
1572 3441 1822 3506 amanti,

276 3551 331 3589 ne
360 3537 691 3607 suppeditans
740 3546 945 3607 egeret,
994 3535 1097 3589 fuit
1150 3538 1395 3591 occasio.
1425 3533 1564 3589 Cum
1617 3547 1826 3604 qua're

268 3626 410 3684 Crtesi
437 3631 648 3699 quidem
692 3628 846 3683 illius
878 3627 1007 3698 Lydi
1035 3627 1289 3691 felicitas,
1328 3635 1383 3683 et
1408 3627 1565 3682 aurei
1600 3626 1823 3693 lateres,

268 3736 411 3791 neque
436 3722 610 3778 fabula
650 3721 816 3777 Mida:
846 3730 1025 3791 potest
1048 3722 1315 3776 conferri.

828 3832 1061 3889 CAPUT
1117 3832 1213 3887 Ill.

264 3940 418 3998 Sancti
468 3947 686 4000 Antonii
746 3947 1181 4015 patriarchatus,
1242 3949 1296 4003 in
1346 3966 1405 4004 eo
1440 3950 1666 4005 labores.
1719 3948 1825 4006 Leo

709 4018 1000 4087 imperator
1057 4019 1334 4073 laudatus.

322 4153 396 4208 lG.
436 4154 565 4208 Eum
600 4167 817 4222 autem,
844 4170 972 4211 cum
1003 4156 1056 4210 in
1090 4155 1174 4212 his
1206 4164 1376 4221 esset,
1409 4158 1714 4228 aspiciebat
1749 4160 1826 4215 ci-

267 4246 400 4312 vitas,
422 4259 469 4301 et
491 4248 757 4302 virtutum
785 4263 892 4302 non
912 4250 1127 4304 celabat
1153 4251 1619 4319 magnitudinem;
1649 4267 1826 4321 neque

266 4340 444 4410 egregia
478 4341 617 4395 facta
646 4350 812 4395 terra)
864 4342 1191 4408 mandabat;
1225 4341 1369 4397 fama
1407 4358 1537 4397 vero
1583 4343 1825 4412 excipie-

270 4435 376 4489 bat:
400 4447 448 4489 et
481 4436 604 4490 licet
635 4451 747 4491 non
781 4435 1016 4500 adesset,
1046 4451 1174 4491 eum
1200 4421 1460 4492 omnibus
1497 4438 1632 4507 ipsis
1661 4437 1824 4494 factis

267 4529 566 4591 ostendebat,
588 4538 644 4584 et
662 4530 1061 4599 prepemodum
1081 4544 1345 4600 responsa
1369 4531 1437 4586 ab
1455 4546 1550 4586 ore
1572 4531 1822 4586 omnium

1932 2053 2246 2123 obsignavit
2291 2054 2613 2108 universum
2651 2072 2664 2106 :
2699 2064 2753 2109 et
2788 2063 3049 2125 tanquam
3083 2056 3398 2125 quempiam
3448 2056 3531 2110 vi-

1931 2145 2164 2199 ctoriam
2226 2155 2585 2200 consecutum
2663 2147 2927 2202 athletam
2998 2149 3386 2204 transmittens
3459 2149 3529 2203 ad

1930 2237 2261 2309 Olympiam,
2318 2239 2499 2293 evehit
2557 2239 2623 2293 ad
2654 2239 2837 2294 sedem
2888 2239 3278 2309 pontificalem,
3316 2242 3529 2310 majora

1932 2330 2247 2384 habiturqu
2289 2330 2622 2394 certamina,
2661 2340 2716 2385 et
2741 2347 2977 2387 coronas
3011 2332 3411 2402 praeclariores.

2002 2422 2096 2476 17.
2136 2424 2202 2476 Ει
2227 2423 2484 2492 deinceps
2521 2423 2757 2478 habebat
2792 2440 2999 2494 sponsa
3026 2424 3229 2480 Christi
3254 2441 3403 2491 eum,
3434 2425 3529 2494 qui

1933 2520 2079 2565 recte
2120 2514 2341 2567 tenebat
2369 2513 2516 2583 leges
2539 2513 2856 2580 sacerdotii,
2889 2527 2943 2569 et
2973 2515 3187 2569 vivebat
3231 2517 3345 2586 spei
3384 2518 3531 2571 indi-

1929 2604 2206 2673 gentium,
2240 2614 2294 2659 et
2334 2605 2553 2660 abunde
2600 2606 2926 2661 ellundehat
2980 2609 3438 2672 misericordiam,
3478 2619 3533 2665 ut

1928 2706 2048 2750 erat
2088 2696 2345 2751 itionibus
2396 2712 2699 2766 pauperum
2738 2698 3056 2767 propositus
3095 2697 3232 2768 :qui
3274 2698 3329 2752 in
3364 2699 3531 2755 rebus

1928 2789 2154 2851 divinis,
2189 2788 2461 2855 initiabat,
2491 2798 2546 2844 et
2578 2788 2667 2853 iis,
2701 2790 2797 2859 qui
2831 2790 3209 2857 initiabantur,
3252 2793 3533 2860 evertiplar

1929 2881 2173 2945 virtutis,
2212 2881 2508 2949 imaginem
2561 2880 2924 2944 fortitudinis.
2968 2883 3333 2939 simulacrum
3385 2892 3529 2939 tem-

1931 2974 2193 3043 perantia:
2222 2983 2276 3027 et
2302 2973 2538 3042 juSIitia:
2566 2973 2890 3028 ostendebat
2918 2974 3162 3045 regulam
3198 2992 3211 3029 :
3237 2974 3331 3045 qui
3358 2975 3528 3030 vitam

1928 3065 2127 3135 magis,
2163 3080 2327 3134 quam
2370 3064 2637 3133 linguam,
2690 3065 3005 3135 proferebat
3038 3067 3380 3138 magistram.
3420 3065 3528 3122 Sed

1928 3172 2038 3210 non
2077 3156 2179 3210 fuit
2222 3167 2517 3220 contentus
2546 3158 2634 3221 iis,
2670 3175 2794 3228 qua:
2839 3171 3240 3230 praecesserunt
3270 3179 3284 3216 :
3323 3176 3429 3216 non
3460 3163 3531 3216 ad

1930 3250 2298 3306 relaxationes
2325 3252 2558 3320 aspexit,
2591 3260 2649 3305 ut
2677 3253 2879 3323 aliquis
2911 3252 3090 3322 alius;
3122 3270 3300 3322 neque
3335 3269 3530 3323 peper-

1927 3341 2005 3395 cit
2029 3343 2300 3396 senectuti
2334 3360 2346 3395 :
2377 3341 2473 3396 sed
2508 3342 2741 3397 sudores
2782 3344 3154 3398 succedebant
3200 3345 3525 3406 sudoribus,

1927 3443 1981 3489 et
2026 3433 2245 3488 labores
2289 3434 2594 3499 laboribus,
2638 3442 2694 3487 et
2740 3435 2951 3489 sanctis
2980 3435 3130 3490 curis
3166 3451 3314 3491 cura:
3347 3435 3527 3506 magis

1927 3535 2173 3583 sauctm:
2213 3533 2266 3579 et
2318 3524 2547 3594 perinde
2595 3540 2659 3579 ac
2714 3525 2895 3579 alatus
2954 3527 3271 3596 quispiam,
3321 3525 3528 3580 virtute

1927 3621 2100 3675 sancti
2137 3618 2374 3688 Spiritus
2399 3660 2413 3682 ,
2454 3618 2507 3671 in
2549 3616 2625 3687 (ti)
2661 3618 2819 3672 senili
2873 3633 3107 3688 corpore
3154 3619 3392 3675 assumit
3446 3619 3530 3673 vi-

1928 3718 2143 3778 gentem
2175 3710 2343 3764 animi
2386 3710 2749 3774 alacritatem,
2791 3719 2845 3765 et
2873 3727 3064 3766 osuncs
3093 3712 3298 3766 Christi
3330 3711 3527 3766 Eccle-

1927 3804 2061 3868 sias,
2088 3813 2201 3857 tum
2254 3804 2513 3873 precibus
2562 3805 2732 3858 Deum
2779 3804 3025 3873 placans,
3074 3814 3191 3860 tum
3242 3820 3372 3871 eas,
3404 3821 3529 3876 quae

1927 3904 2172 3963 tempore
2213 3894 2629 3961 laboraverant,
2663 3905 2719 3949 et
2768 3896 2913 3950 male
2942 3906 3101 3951 erant
3153 3896 3383 3961 aﬂ'ectat,
3426 3913 3527 3966 pro

1926 3989 2136 4043 viribus
2172 4003 2432 4043 recreans
2457 3986 2535 4059 (7)
2577 4005 2590 4042 :
2623 3988 2801 4059 iisque
2835 3989 2927 4060 qui
2972 4006 3003 4044 e
3028 4001 3288 4060 suggestu
3318 3992 3371 4045 in
3403 3992 3529 4045 ino-

1927 4081 2070 4150 piam
2115 4080 2432 4135 deciderant
2480 4080 2721 4150 cepiosis
2754 4097 3089 4137 succurrens
3132 4083 3530 4153 suppeditatio-

1928 4173 2112 4239 nibus,
2145 4181 2201 4227 et
2231 4173 2566 4242 quotidianis
2599 4173 2961 4242 proventibus
2991 4174 3329 4231 distribuens
3379 4176 3524 4230 eleea

1928 4279 2216 4334 mosynam
2250 4264 2751 4319 innumerabilibus
2772 4266 3130 4335 pauperibus.
3150 4265 3527 4332 Quamobrem

1926 4367 1980 4412 et
2017 4357 2111 4426 qui
2163 4356 2447 4411 laborabat
2502 4356 2709 4426 inopia,
2762 4358 2946 4412 laetum
2999 4359 3144 4413 diem
3202 4358 3420 4427 agebat,
3469 4368 3526 4416 et

1930 4455 2133 4520 hospes
2163 4451 2599 4506 obliviscebatur
2622 4452 2832 4522 patriae,
2860 4462 2912 4508 et
2936 4452 3220 4522 orphanus
3248 4452 3523 4523 laeryma-

1928 4544 2110 4607 batur,
2147 4552 2202 4597 et
2230 4542 2512 4599 viduitatis
2544 4541 2780 4598 ferream
2828 4543 3110 4600 fornacem
3134 4544 3526 4615 exstinguebat

269 4618 557 4683 excidentia,
589 4621 840 4675 futurum
873 4630 1130 4690 tanquam
1157 4637 1402 4691 praesens
1423 4622 1818 4692 praedicabant.
1856 4651 1900 4706 υ
1930 4636 2113 4690 vidua,
2155 4635 2292 4701 Quis
2341 4645 2549 4691 tamam
2602 4652 2795 4692 curam
2857 4638 3032 4708 gessi;
3076 4637 3339 4707 justitia}?
3388 4638 3525 4704 Quis

271 4708 372 4766 Ba:
403 4716 736 4769 canebantur
777 4714 830 4768 in
866 4715 1053 4770 multis
1104 4715 1445 4779 civitatibus,
1483 4718 1825 4775 canebantur

275 4804 317 4857 in
337 4809 487 4877 agris,
518 4810 845 4864 dicebantur
870 4809 923 4863 in
957 4810 1260 4875 montibus,
1288 4810 1343 4864 in
1373 4812 1571 4878 antris,
1606 4814 1660 4866 in
1692 4830 1826 4885 gen-

273 4900 411 4956 tibus.
458 4904 556 4959 Per
601 4920 795 4959 omnes
832 4904 978 4959 enim
1027 4908 1363 4976 pervadebat
1392 4909 1741 4976 miraculum,
1771 4922 1826 4967 et

273 5005 366 5049 erat
384 4998 681 5053 communis
709 4998 862 5053 orbis
890 5009 1051 5053 terra:
1079 5001 1345 5055 narratio.
1390 5001 1515 5057 llaec
1568 5003 1826 5062 Ecclesia:

275 5082 442 5143 Christi
473 5105 689 5160 sponsa:
738 5092 1034 5146 movebant
1064 5108 1336 5161 amorem,
1378 5095 1714 5166 ardebatque
1746 5098 1823 5153 si-

276 5178 391 5234 tiens
421 5197 561 5247 cum,
620 5200 783 5254 quem
834 5185 1115 5255 diligebat,
1175 5195 1232 5240 et
1281 5188 1561 5253 quaerebat
1609 5201 1825 5260 tempus

275 5271 659 5342 coniunctionis,
703 5285 756 5331 et
789 5278 1096 5347 praevidens
1151 5288 1369 5347 tempus
1401 5279 1821 5349 desponsionis,

277 5374 352 5453 spe
378 5362 507 5420 dulci
530 5366 768 5435 jucunde
802 5368 1126 5423 ducebatur.
1164 5368 1385 5424 Sciebat
1418 5372 1564 5425 enim
1595 5372 1715 5429 fore
1728 5424 1740 5454 δ
1766 5381 1825 5428 ut

279 5457 588 5517 praecedentis
615 5459 799 5529 sponsi
840 5460 1107 5530 dignitate
1144 5461 1373 5517 minime
1400 5463 1657 5519 viduetur
1683 5483 1696 5521 :
1727 5466 1822 5521 sed

432 5590 521 5672 Hie
547 5606 661 5672 est,
682 5595 892 5672 dc__qu_o_
940 5607 1068 5672 ante
1117 5598 1355 5672 dictum,
1397 5598 1479 5672 Si.
1510 5600 1824 5672 Stephanus

284 5662 571 5739 patriarcha,
624 5662 807 5739 Basilii
844 5667 1162 5739 Macedonis
1219 5669 1348 5739 imp.
1409 5671 1577 5732 ﬁlius.
1609 5662 1822 5727 Leonis

284 5726 445 5811 frater,_
479 5726 579 5811 qui
617 5737 812 5811 colitur
857 5737 925 5811 η
970 5737 1118 5805 Maii,
1169 5726 1609 5811 quo'mortuus,
1660 5726 1822 5799 tertio

287 5813 403 5872 auro
430 5801 635 5872 Leonis,
660 5807 788 5863 Chr.
821 5809 949 5865 888.

315 5870 552 5957 ,(Glﬂinc
598 5870 760 5947 patet,
803 5880 1167 5957 quodantca
1200 5882 1468 5957 dirimus,
1525 5898 1822 5957 sexagena-

292 5954 422 6009 ttutn,
451 5956 540 6002 aut
567 5963 676 6006 nou
708 5951 881 6009 multo
908 5952 1175 6010 minorem
1212 5954 1404 6011 fuisse.

1929 4730 2129 4800 injuria
2163 4730 2376 4786 allectis
2406 4732 2583 4801 magis
2633 4730 2732 4786 fuit
2780 4731 3087 4787 salutaris?
3116 4730 3254 4797 Quis
3300 4746 3519 4794 eorum,

1928 4824 2021 4894 qui
2073 4825 2333 4894 injuriam
2369 4823 2662 4887 faciebant,
2712 4826 2793 4880 sic
2841 4825 3191 4896 propulsavit
3245 4823 3524 4895 impetus?

1929 4917 2063 4983 Quis
2106 4918 2232 4973 lites
2252 4918 2610 4987 composuit?
2638 4917 2773 4984 Quis
2805 4918 2975 4974 nimis
3013 4927 3259 4975 erectum
3285 4918 3527 4974 detraxit

1929 5010 2330 5079 supercilium?
2362 5009 2501 5076 Quis
2534 5011 2838 5079 superbum
2884 5019 2941 5066 et
2991 5020 3348 5081 arrogantem
3405 5010 3527 5064 ani-

1927 5117 2078 5155 mum
2126 5101 2371 5157 traduxit
2405 5101 2475 5156 ad
2524 5103 3007 5157 moderationem?
3064 5101 3267 5157 Omnia
3317 5112 3373 5155 ct
3430 5116 3526 5168 per

1927 5192 2115 5247 omnia
2174 5193 2290 5263 ipse
2339 5209 2442 5248 suo
2489 5194 2743 5265 exemplo
2794 5194 3211 5265 complanabat,
3275 5193 3520 5247 salutare

1928 5285 2391 5340 medicamentum
2431 5284 2660 5342 ell‘ectus
2694 5286 2905 5341 morbis
2956 5286 3178 5341 animze.
3236 5283 3340 5338 Sed
3398 5288 3524 5353 qu‘rs

1930 5394 1997 5435 ex
2028 5379 2368 5449 pauperibus
2396 5395 2522 5434 cum
2566 5382 2896 5450 aspersisset
2927 5379 3183 5450 lacrymis
3216 5376 3394 5431 forum
3426 5378 3521 5447 ju-

1926 5470 2145 5537 diciale,
2190 5479 2251 5526 ut
2299 5470 2392 5541 jus
2444 5487 2605 5527 suum
2657 5473 2955 5535 obtineret,
3017 5486 3142 5524 cum
3196 5480 3522 5540 paupertate

2001 5604 2078 5675 (7)
2117 5603 2319 5676 Menzca
2339 5603 2418 5676 ita
2447 5602 2650 5676 habent
2691 5621 2704 5657 :
2737 5604 2870 5676 Καὶ.
2890 5606 3004 5676 τοῖς
3047 5604 3257 5676 ἀπορίᾳ
3292 5622 3520 5675 συνεχο-

1931 5672 2113 5743 μέύόις
2158 5674 2268 5726 τῶν
2301 5672 2602 5741 κληρικῶν,
2656 5674 2760 5726 καὶ
2800 5673 2913 5726 τῶν
2959 5672 3279 5743 ἀναγκάίών
3323 5672 3522 5740 Evasi);

1925 5747 2164 5819 ἔχουσιν,
2186 5743 2547 5819 ὰφῡόνςρςςῶν
2574 5745 2863 5819 χρᾳιμάῖων
2892 5747 3157 5818 χορηγίᾳ,
3192 5746 3291 5819 τὴν
3321 5747 3522 5814 παροῦ-

1928 5813 2029 5869 σάν
2075 5813 3122 5887 ἀπορίανδιέλι)ε’““1ήορίαιηἠίιοῇαέ
3179 5813 3517 5879 clericorum,

1924 5887 2016 5955 qui
2058 5886 2362 5939 necessariis
2402 5900 2608 5955 quoque
2642 5886 2794 5939 rebus
2825 5886 3271 5957 destituebantnr,
3302 5887 3523 5944 liberali

1925 5957 2269 6028 pecuniarum
2301 5957 2605 6027 erogatione
2645 5956 2972 6015 sublevabut.
