4070 6470
513 474 613 541 ῙἮ

1689 468 2105 528 NICEPHORI
2150 468 2611 529 PIIlLOSOPlIl

3692 467 3787 530 192

510 586 665 647 abiit,
717 582 925 638 deflens
958 581 1106 652 quod
1143 582 1233 649 jus
1267 594 1427 634 suum
1472 593 1576 633 non
1612 588 1799 648 posset
1830 577 2091 646 assequi?
2118 576 2165 635 A
2196 591 2428 632 mentem
2449 576 2753 648 !)sedatam
2776 578 3232 639 immutarunt,ct
3254 576 3530 649 lacrymas
3546 581 3784 635 omnium

512 676 776 741 Quantam
798 682 982 727 autem
1026 672 1207 735 vidua,
1241 671 1365 739 quis
1398 670 1701 738 orphanus,
1737 670 1781 722 si
1816 670 2098 720 Venissent

515 768 567 817 in
615 766 784 834 ipsius
819 772 1196 831 conspectum,
1246 769 1343 813 aut
1405 761 1578 829 ipsam
1634 768 1818 827 postea
1877 757 2096 811 deﬂevit

514 856 833 914 orbitatem.
875 863 969 907 aut
997 868 1103 905 non
1139 852 1349 905 levatus
1389 850 1493 904 fttit
1524 850 1875 905 calamitate?
1905 848 2099 903 Omni-

515 949 619 1003 lius
649 948 837 1001 aderat
884 958 984 997 sua
1018 944 1390 1011 providentia,
1426 942 1654 1006 malum,
1695 940 1841 1010 quod
1877 941 2099 995 unicui-

515 1056 621 1109 que
657 1038 918 1092 afferebat
969 1035 1307 1098 molestiam,
1336 1035 1453 1089 suis
1495 1032 1754 1087 auferens
1796 1032 2099 1097 beneficiis,

518 1133 701 1187 verbis
735 1131 1055 1195 consolans,
1094 1144 1231 1183 auro
1282 1144 1439 1196 opem
1475 1126 1678 1191 ferens,
1714 1135 1901 1195 tegens
1932 1126 2102 1180 vesti-

516 1227 639 1278 bus.
680 1221 952 1277 Videbant
1001 1221 1164 1276 etiam
1195 1219 1443 1291 quaedam
1497 1235 1662 1288 supra
1714 1220 1984 1273 rationem
2046 1218 2103 1271 in

518 1318 638 1387 ipso
663 1317 979 1377 convenire,
1011 1331 1133 1384 qua:
1169 1312 1471 1369 secundum
1510 1321 1762 1365 naturam
1808 1326 1914 1363 non
1969 1324 2104 1363 con-

516 1409 779 1475 veniunt;
819 1408 1198 1462 austeritatem
1233 1416 1283 1459 et
1340 1407 1695 1469 suavitatem,
1741 1404 2105 1457 humilitatem

519 1510 576 1554 et
625 1501 976 1570 gravitatem,
1026 1501 1374 1560 severitatem
1409 1507 1464 1552 et
1509 1498 1809 1551 leuitatem.
1862 1494 2105 1561 Quorum

522 1594 627 1647 alia
663 1593 884 1662 quidem
927 1592 1237 1661 applicabat
1267 1591 1356 1651 iis,
1404 1590 1603 1656 quibus
1628 1590 1710 1642 vis
1742 1588 2106 1652 afferebat-tr;

524 1687 632 1741 alia
674 1697 858 1740 autem
906 1686 993 1747 iis,
1021 1686 1113 1755 qui
1142 1686 1252 1737 vim
1279 1684 1578 1738 afl‘erebant
1616 1702 1628 1736 :
1667 1691 1721 1736 et
1749 1682 1856 1736 alia
1886 1681 2107 1750 quidem

526 1787 686 1833 erant
721 1779 1150 1842 medicamenta,
1189 1794 1312 1846 qum
1347 1776 1661 1845 superbiam
1692 1784 1745 1829 et
1770 1772 1970 1828 fastum
2011 1772 2110 1827 de-

529 1872 822 1925 trahebant
868 1886 1081 1935 corum,
1122 1870 1215 1940 qui
1248 1870 1511 1923 adversus
1546 1868 1857 1936 proximum
1897 1866 2111 1920 attolle-

460 1994 471 2003 κ
529 1963 663 2017 bant
692 1964 1090 2032 supercilium;
1122 1963 1229 2017 alia
1270 1976 1455 2016 autem
1506 1961 1831 2015 recreabaut
1865 1959 1939 2025 id,
1965 1959 2112 2029 quod

527 2066 645 2110 erat
673 2057 955 2111 amictum.

607 2150 690 2205 18.
730 2148 825 2204 His
858 2149 1117 2204 Ecclesia:
1139 2158 1317 2203 cmtus
1346 2150 1740 2203 traducebatur
1769 2147 1837 2204 ad
1861 2149 2113 2214 meliora,

530 2241 784 2310 Deusque
833 2242 1124 2312 propitius.
1177 2252 1229 2296 ct
1264 2258 1495 2312 magnus
1529 2242 1828 2310 imperator
1875 2243 2117 2311 gaudens

531 2337 922 2390 delectabatur.
982 2336 1292 2404 lncorrupti
1324 2350 1452 2388 vero
1495 2335 1665 2389 animi
1698 2334 1887 2389 videns
1917 2336 1968 2388 itt
2003 2334 2119 2389 suf-

532 2428 1024 2498 fragiojudicittm,
1054 2429 1204 2497 quod
1248 2429 1300 2482 itt
1338 2430 1502 2484 rebus
1528 2430 1663 2499 ipsis
1703 2428 1817 2483 falli
1851 2445 1957 2483 non
1990 2444 2117 2496 pos-

531 2532 638 2589 set,
664 2539 788 2577 cum
813 2538 908 2593 per
940 2524 1119 2593 ipsum
1152 2524 1439 2577 statuisset
1465 2532 1624 2580 vetus
1650 2520 1911 2577 Ecclesiae
1936 2522 2117 2585 ulcus,

532 2632 631 2672 seu
667 2616 744 2689 (8)
776 2617 1036 2679 schisma.
1079 2618 1142 2672 ad
1177 2617 1488 2672 cicatricem
1524 2616 1816 2681 deducere,
1838 2618 1903 2671 'in
1948 2633 2117 2671 unttm

534 2709 678 2778 cogit
712 2710 998 2765 orientalia
1030 2721 1085 2765 et
1111 2712 1186 2781 (9)
1220 2711 1587 2767 occidentalia
1629 2731 1641 2766 :
1678 2722 1733 2766 et
1774 2727 1899 2766 cum
1938 2713 2116 2782 philo-

538 2803 745 2873 sophiae
796 2803 981 2858 florem
1019 2814 1136 2858 arte
1173 2804 1389 2860 dicendi
1435 2813 1821 2875 temperasset,
1874 2806 2119 2877 linguam

538 2896 750 2965 profert
783 2898 1103 2959 salutarem,
1138 2908 1192 2952 ct
1222 2898 1369 2966 justa
1408 2899 1787 2967 persuasione,
1814 2899 1936 2954 laeto
1969 2901 2119 2955 vultu

538 2998 591 3041 et
632 2989 936 3045 ridentibus
983 2989 1161 3044 oculis
1216 2990 1384 3043 solvit
1418 2989 1784 3057 offensiones,
1814 2999 1867 3044 et
1913 3006 1971 3045 re
2008 2992 2124 3061 ipsa

538 3082 799 3146 ostendit,
830 3092 1098 3152 quantum
1135 3082 1357 3137 intersit
1389 3083 1531 3137 inter
1570 3099 1752 3154 regem
1789 3084 1842 3138 in
1874 3083 2123 3139 doctrina

539 3174 853 3242 educatum,
905 3185 959 3229 et
993 3183 1320 3244 potestatem
1370 3189 1491 3243 qua:
1520 3175 1641 3242 ejus
1678 3192 1785 3229 non
1834 3184 1916 3229 est
1951 3175 2125 3245 parti-

2207 679 2609 740 rcpresscrunt,
2649 669 2787 725 fusis
2833 670 3223 725 misericordia:
3269 670 3558 740 lacrymis.
3609 679 3663 724 et
3694 688 3786 726 sua

2204 766 2256 819 iu
2293 780 2408 824 eos.
2437 764 2528 833 qui
2558 772 2716 817 erant
2760 762 3009 832 ejusdem
3046 762 3282 833 generis,
3327 762 3735 823 misericordia.
3760 781 3790 818 e

2204 858 2419 928 superis
2443 857 2681 910 divinam
2703 864 3051 911 attraxcrunt
3072 854 3537 920 miscricordiam,
3566 864 3622 908 et
3644 864 3793 909 terra:

2204 950 2425 1009 faciem.
2459 966 2582 1016 quze
2624 950 2880 1018 squalore
2905 956 2959 1001 ct
2983 947 3231 1003 siccitate
3263 947 3551 1012 interibat,
3584 946 3793 1002 divinas

2207 1043 2587 1097 miserationes
2619 1042 2916 1111 coegerunt
2945 1055 3228 1093 renovare.

2280 1136 2364 1192 19.
2394 1135 2519 1191 Ilico
2542 1146 2669 1190 sunt
2699 1134 3092 1204 philosophiae
3116 1134 3316 1187 mentis
3345 1131 3492 1187 facta
3513 1132 3789 1198 prteclara,

2207 1243 2329 1297 qtue
2365 1236 2495 1282 sunt
2521 1242 2781 1297 germana
2818 1226 2978 1280 factis
3018 1224 3184 1278 Mosis
3225 1233 3280 1279 et
3317 1224 3585 1287 Aaronis,
3616 1223 3795 1278 confe-

2210 1319 2379 1373 renda
2438 1334 2564 1373 cum
2622 1318 2782 1372 factis
2844 1318 2973 1371 Elia:
3009 1328 3063 1371 et
3104 1316 3319 1380 Elisrei,
3378 1315 3590 1370 similia
3649 1314 3796 1371 factis

2214 1414 2431 1467 Davidis
2465 1423 2520 1466 et
2553 1411 2850 1466 Samuelis.
2910 1411 3161 1480 Magnum
3191 1410 3340 1464 illius
3377 1408 3607 1463 virtutis
3665 1407 3798 1461 indi-

2211 1506 2382 1568 cium,
2434 1506 2581 1573 quod
2622 1514 2752 1559 tunc
2801 1520 2986 1559 curam
3044 1504 3342 1558 sustineret
3398 1500 3795 1572 pontificalem,

2212 1599 2432 1669 quando
2474 1598 2771 1667 imperator
2806 1611 2835 1650 a
2867 1597 3055 1665 pueris
3091 1596 3239 1649 laute
3277 1595 3527 1649 nutritus
3549 1593 3795 1662 justititr,

2215 1706 2323 1743 non
2353 1705 2409 1743 se
2441 1690 2579 1743 dans
2630 1689 3027 1757 voluptatibus.
3082 1705 3188 1742 nou
3236 1704 3504 1742 recusans
3551 1684 3797 1752 labores,

2216 1796 2453 1851 quorum
2484 1780 2695 1843 fructus
2727 1781 3000 1836 sinceram
3035 1780 3271 1834 afferunt
3297 1780 3641 1849 voluptatem
3668 1798 3682 1843 ;
3715 1782 3798 1835 sed

2219 1890 2276 1928 se
2316 1873 2582 1928 doctrina:
2627 1873 2888 1928 dedicans
2931 1881 2986 1927 et
3014 1873 3363 1941 eloquentize,
3402 1873 3799 1942 phil050phiam

2226 1968 2420 2037 magis,
2448 1982 2613 2037 quam
2649 1967 2753 2021 alia
2785 1967 2948 2029 bona,
2982 1976 3040 2020 ut
3065 1982 3185 2035 quae.
3213 1976 3438 2036 propter
3474 1967 3654 2035 ipsam
3678 1981 3802 2020 con-

2224 2060 2494 2126 ferantur,
2547 2060 2853 2127 eligendam
2906 2075 3027 2114 esse
3077 2061 3325 2124 ducens,
3382 2059 3801 2113 concionantem

2225 2153 2479 2207 movebat
2532 2153 2812 2223 linguam,
2863 2168 2985 2221 qua:
3034 2151 3395 2218 profundebat
3426 2151 3599 2205 verba
3655 2151 3803 2204 melle

2226 2246 2523 2304 suaviora.
2580 2246 2783 2300 similia
2838 2246 3023 2299 verbis
3081 2245 3419 2309 Salomonis,
3483 2243 3805 2299 conferenda

2226 2354 2350 2393 cum
2380 2337 2617 2392 Davidis.
2660 2335 2781 2403 Quo
2823 2345 3072 2405 tempore
3108 2338 3283 2406 tnagis
3315 2337 3634 2406 apponebat
3662 2352 3803 2389 men-

2228 2447 2343 2487 sam
2379 2430 2670 2485 verborum
2716 2445 2877 2499 quam
2930 2429 3206 2492 ciborum,
3252 2439 3305 2483 et
3334 2430 3657 2499 dogmatum
3698 2437 3805 2481 tan-

2227 2538 2392 2593 quam
2421 2538 2488 2575 ex
2523 2521 2670 2576 fonte
2718 2522 2905 2591 aliquo
2940 2521 3203 2575 fluentum
3251 2521 3476 2588 capiose
3509 2520 3803 2585 emittebat,

2228 2630 2283 2671 et
2323 2617 2625 2685 Scriptura:
2660 2614 3052 2684 profunditatis
3077 2615 3214 2669 citra
3248 2614 3613 2667 offensionem
3646 2613 3805 2665 latens

2230 2725 2429 2764 sensus
2458 2709 2527 2763 ab
2558 2724 2624 2761 eo
2661 2708 3108 2777 investigaliatur,
3138 2715 3191 2761 et
3229 2708 3525 2761 universus
3548 2705 3803 2761 bonorum

2230 2802 2434 2856 chorus
2465 2812 2678 2871 poterat
2704 2801 2851 2871 loqui
2882 2801 3072 2855 libere.

2305 2895 2396 2951 20.
2437 2896 2573 2951 Cum
2627 2896 2679 2948 in
2718 2894 2802 2949 bis
2854 2904 3001 2949 esset
3050 2894 3216 2949 homo
3252 2892 3380 2956 Dei,
3428 2900 3486 2947 et
3539 2893 3803 2947 florentem

2232 2991 2540 3046 doctrinam
2584 2989 2793 3043 videret
2831 3002 2955 3042 cum
3010 2987 3307 3042 virtutibus
3358 2987 3412 3040 in
3470 2986 3807 3055 imperatoris

2234 3086 2439 3149 anima,
2475 3099 2597 3153 quae
2629 3082 2855 3150 juvenili
2907 3081 3163 3135 utebatur
3209 3096 3461 3149 corpore,
3510 3089 3564 3135 et
3597 3078 3803 3147 vestigia

2236 3179 2480 3246 antiqua:
2502 3175 2799 3237 felicitatis,
2829 3182 2883 3229 et
2914 3175 3233 3227 universum
3266 3173 3435 3227 alium
3474 3187 3806 3241 consequen-

541 3283 703 3337 ceps;
752 3277 884 3322 tunc
918 3267 1155 3322 maxime
1192 3277 1502 3338 temperans
1550 3268 1823 3323 viventem
1870 3267 2128 3325 Ecclesiae
2157 3276 2200 3333 C
2236 3278 2343 3325 tem
2385 3277 2587 3325 statum
2639 3277 2746 3322 tam
2783 3267 3022 3332 civilem,
3071 3281 3236 3335 quam
3284 3265 3712 3325 teconomirum.
3758 3273 3806 3317 et

541 3369 809 3416 craterem
842 3360 893 3414 in
928 3362 1204 3429 pontifice,
1231 3361 1324 3430 qui
1357 3376 1603 3416 mensam
1628 3362 1914 3431 proposuit
1937 3364 2130 3417 activae

544 3451 903 3519 pltiIOSOphim
944 3450 1105 3505 bonis
1134 3449 1336 3505 lautam
1382 3459 1437 3504 et
1482 3448 1761 3514 refertam,
1792 3449 2132 3520 docebatque

543 3552 598 3597 et
631 3542 982 3610 imperatoris
1034 3542 1377 3612 philosophi,
1422 3551 1475 3596 et
1506 3542 1782 3611 pontificis
1815 3544 1865 3596 in
1921 3542 2133 3613 agendo

548 3635 813 3691 industrii
848 3635 985 3690 illud
1018 3650 1281 3705 magnum
1306 3643 1360 3688 et
1391 3634 1720 3688 admirabile
1753 3650 1893 3703 opus
1926 3651 2048 3689 esse
2079 3646 2134 3690 et

548 3730 816 3791 studium,
869 3744 970 3798 per
1014 3742 1136 3796 quae
1183 3736 1269 3781 est
1319 3725 1702 3795 incorruptum
1748 3725 2043 3793 judicium,
2081 3737 2138 3783 et

550 3822 791 3878 tribunal
847 3820 1165 3875 muneribus
1217 3818 1592 3887 impollutam,
1647 3827 1702 3872 et
1747 3822 2133 3874 coutinuorum

546 3915 885 3985 iudiciorum
927 3912 1149 3981 sapiens
1181 3911 1515 3980 excogitatio
1549 3930 1562 3965 :
1599 3926 1694 3980 per
1737 3928 1858 3979 qua:
1880 3922 1934 3965 et
1971 3912 2139 3967 libere

550 4006 795 4073 loquitur
820 4012 873 4058 et
906 4002 985 4056 sic
1024 4001 1165 4072 gerit
1192 4000 1429 4070 justitia,
1467 4008 1521 4054 et
1568 4001 1747 4054 locum
1791 4017 1896 4055 non
1932 4003 2140 4059 invenit

550 4092 868 4149 adversaria
906 4107 918 4143 :
960 4107 1054 4160 per
1081 4106 1207 4160 quae
1231 4098 1287 4145 et
1322 4089 1550 4159 reprimi
1580 4100 1837 4159 poterant
1862 4094 2139 4161 orphauo-

551 4203 673 4242 rum
738 4186 1011 4255 lacrymaz,
1055 4182 1406 4254 gemitusque
1465 4182 1784 4246 viduarum,
1849 4185 2141 4255 omnisque

553 4278 808 4349 malignae
837 4286 891 4353 et
936 4276 1141 4331 dolosa:
1172 4275 1607 4330 machinationis
1640 4275 1768 4331 nodi
1806 4277 2054 4343 dissolvi,
2089 4290 2142 4333 et

551 4371 661 4426 dux
701 4370 980 4425 exercitus
1036 4368 1330 4438 imperium
1368 4367 1623 4437 accipere
1650 4369 1935 4436 prtetnium
1969 4370 2140 4423 virtu-

553 4465 646 4530 tis,
680 4474 735 4519 ct
780 4478 813 4519 e
876 4463 1019 4531 turpi
1079 4462 1233 4517 lucro
1305 4475 1528 4515 manum
1580 4460 1827 4531 praebere
1880 4464 2139 4517 mundam

554 4558 871 4613 communia
899 4565 953 4610 et
986 4554 1201 4624 publica
1227 4571 1241 4619 ;
1266 4562 1320 4608 et
1341 4554 1495 4608 dives
1520 4570 1628 4607 non
1664 4554 1938 4610 sustinere
1969 4556 2143 4611 bono-

2234 3374 2579 3433 quatcuuque
2606 3359 2673 3413 de
2705 3358 2916 3427 judicio
2948 3372 3131 3410 rerum
3169 3356 3353 3413 habita
3377 3356 3580 3419 oratio,
3610 3368 3804 3408 morum

2236 3454 2429 3511 tribuit
2484 3452 2811 3521 disciplinae,
2846 3450 3048 3520 gaudio
3098 3458 3247 3504 totus
3300 3446 3724 3510 diffundebatur,
3761 3452 3806 3498 et

2238 3549 2409 3603 Deum
2460 3546 2742 3611 laudabat,
2770 3560 2883 3599 rem
2931 3560 3051 3598 eam
3082 3542 3290 3597 ducens
3322 3542 3670 3596 occasionem
3700 3551 3810 3607 gra-

2238 3640 2441 3695 tiarum
2485 3637 2743 3704 actionis,
2766 3645 2822 3691 et
2851 3636 3041 3691 dicens
3067 3650 3127 3691 se
3157 3635 3227 3689 ab
3266 3635 3603 3704 imperatore
3635 3630 3808 3685 luben-

2240 3742 2323 3787 ter
2362 3730 2647 3802 superari;
2677 3730 2768 3801 qui
2800 3730 2903 3784 etsi
2939 3726 3235 3782 mundanis
3263 3726 3535 3781 obruatur
3563 3722 3809 3779 sollicitu-

2239 3823 2484 3888 dinibus,
2525 3821 2840 3876 accuratius
2876 3828 3061 3874 tamen
3097 3833 3185 3872 res
3212 3818 3557 3887 assequitur,
3594 3828 3746 3885 quam
3777 3811 3807 3863 ii

2239 3915 2333 3985 qui
2369 3914 2422 3968 in
2450 3911 2834 3983 spiritualibus
2866 3910 3031 3965 rebus
3063 3918 3497 3969 consenuerunt,
3532 3916 3642 3961 tum
3676 3905 3807 3971 inge-

2244 4008 2319 4062 nii
2364 4007 2646 4069 felicitate,
2698 4014 2813 4059 tum
2863 4002 3081 4057 dicendi
3118 4000 3381 4055 facultate
3424 4008 3525 4054 :et
3554 4013 3673 4054 cum
3704 3994 3809 4050 aliis

2242 4114 2304 4152 ea
2336 4110 2558 4166 quoque
2581 4094 2831 4163 apprime
2858 4091 2999 4148 sciat
3019 4107 3140 4161 qua:
3159 4090 3437 4161 pertinent
3465 4090 3534 4144 ad
3567 4088 3808 4146 animam,

2245 4198 2507 4257 tanquam
2560 4186 2651 4255 qui
2708 4201 2816 4239 non
2882 4184 3060 4239 solum
3116 4182 3465 4252 corporibus,
3522 4181 3615 4237 sed
3664 4178 3808 4233 etiam

2245 4282 2446 4337 animis
2476 4281 2707 4349 imperet
2743 4277 2967 4332 solertia
2994 4275 3199 4346 ingenii
3236 4284 3292 4330 et
3329 4275 3533 4328 mentis
3559 4268 3806 4326 acumine.

2254 4384 2259 4385 ’
2314 4374 2407 4428 21.
2451 4371 2604 4427 Unde
2637 4370 2801 4424 etiam
2839 4378 3099 4437 tanquam
3136 4367 3222 4421 sui
3255 4366 3460 4433 pudore
3494 4366 3715 4419 affectus
3741 4357 3811 4409 vir

2246 4468 2337 4521 ille
2368 4464 2744 4528 admirabilis,
2800 4476 3018 4515 omnem
3052 4460 3136 4514 sui
3181 4474 3371 4514 curam
3406 4456 3730 4528 despiciebat
3763 4450 3809 4502 in

2247 4569 2405 4615 aetate
2444 4558 2537 4611 illa
2583 4555 2765 4618 senili,
2815 4568 3018 4623 corpus
3051 4550 3279 4604 omnino
3329 4549 3632 4619 negligens,
3674 4551 3723 4596 et
3756 4554 3811 4593 ea

558 4668 679 4706 rum
715 4650 1165 4719 publicationem,
1212 4655 1265 4702 et
1308 4661 1513 4716 pauper
1565 4647 1715 4701 nulla
1756 4646 1899 4702 allici
1943 4656 2140 4702 contu-
2176 4627 2223 4686 ί)
2250 4650 2452 4722 quibus
2483 4646 2693 4703 sciebat
2729 4646 2781 4700 id
2816 4643 3072 4707 recreari,
3114 4653 3168 4696 et
3200 4656 3321 4710 qum
3352 4639 3419 4694 ad
3454 4653 3613 4709 opem
3653 4634 3812 4689 feren-

557 4746 753 4809 melia;
784 4753 839 4798 et
864 4741 1107 4813 agricola
1133 4741 1318 4795 sulcos
1345 4739 1591 4809 jucunde
1615 4739 1995 4807 proscindere,
2025 4756 2133 4795 non

560 4841 760 4895 timens
778 4836 1129 4907 vectigalium
1148 4833 1552 4889 exsolutionem
1584 4833 1722 4904 agri,
1748 4834 1907 4903 cujus
1933 4833 2143 4891 fructus

560 4950 669 4988 non
702 4930 966 5000 percepit.
1003 4929 1208 4983 Horum
1245 4942 1443 4981 manus
1477 4927 1531 4980 in
1571 4925 1772 4980 ccelum
1800 4936 2062 4986 extensae.
2090 4935 2145 4981 et

559 5026 660 5081 rivi
703 5026 1068 5095 lacrymai-um
1100 5021 1285 5077 emissi
1321 5035 1388 5074 ex
1429 5019 1625 5083 oculis,
1662 5018 1831 5073 Deum
1870 5019 1981 5086 jam
2015 5020 2143 5073 olim

562 5119 933 5187 placaverunt,
965 5124 1019 5169 et
1044 5130 1229 5183 quam,
1258 5112 1352 5183 qui
1378 5112 1457 5167 eis
1477 5120 1635 5166 erant
1655 5112 1911 5181 subjecti.
1942 5111 2146 5181 justam

564 5211 699 5265 iram
741 5211 793 5264 in
849 5224 909 5264 se
957 5208 1074 5263 suis
1128 5206 1368 5276 peccatis
1410 5215 1870 5276 provocaverant,
1912 5220 2032 5258 eam
2073 5205 2147 5258 la-

561 5317 875 5374 crymarum
946 5300 1167 5355 fluentis
1227 5298 1293 5369 (Ο
1362 5299 1651 5369 benignam
1712 5307 1767 5353 et
1822 5298 2147 5353 clementem

636 5443 708 5511 (8)
748 5442 998 5496 Selii-ma
1047 5455 1093 5511 a7
1136 5438 1330 5492 Pltotio
1389 5437 1666 5511 invectum
1724 5434 2003 5511 intelligit.
2063 5434 2150 5490 Nil

568 5504 766 5565 mirum
796 5510 1096 5567 desiderari
1136 5510 1300 5577 hujus
1331 5523 1486 5563 conc.
1539 5509 1697 5567 Acta,
1733 5520 1761 5558 a
1800 5504 2029 5563 Grincis.
2061 5522 2152 5559 re—

569 5584 922 5637 crudescente
948 5592 1070 5652 post
1097 5582 1317 5651 longum
1348 5588 1562 5652 tempus
1586 5577 1904 5652 schismate,
1932 5577 2152 5644 penitus

571 5668 754 5708 erasa.
788 5645 1009 5708 Minime
1032 5645 1259 5707 dubiu'm
1294 5659 1399 5714 est,
1434 5645 1488 5703 in
1524 5650 1627 5703 hoc
1651 5645 1844 5701 concil.
1868 5647 2149 5712 damnata,

575 5724 656 5774 vel
728 5723 1054 5786 emendata,
1118 5739 1239 5789 quae
1293 5721 1346 5775 in
1411 5714 1880 5789 Constantinopol.
1917 5718 2153 5783 pseudo-

577 5793 781 5847 concil.
816 5804 942 5859 post
999 5787 1229 5847 mortem
1264 5791 1324 5845 S.
1372 5791 1566 5861 lgnatii
1617 5787 1826 5851 habito,
1884 5797 2031 5857 gesta
2088 5803 2152 5843 ac

580 5871 778 5917 statuta
813 5872 986 5915 erant.

653 5934 730 6005 (9)
771 5932 888 5987 Non
918 5931 1153 5987 arbitror
1180 5930 1405 5987 Latinos
1439 5932 1605 6003 episc.
1635 5948 1701 5988 co
1733 5937 2006 5996 evocatos,
2050 5929 2153 5986 nisi

2251 4745 2374 4799 dam
2400 4741 2597 4796 animm
2616 4739 2671 4793 in
2695 4736 3091 4792 certaminibus
3111 4733 3354 4797 virtutis,
3378 4746 3581 4801 corpus
3612 4725 3814 4782 minime

2253 4837 2531 4893 laederent.
2566 4830 2937 4898 Quamobrem
2961 4829 3016 4883 in
3046 4828 3209 4897 longa
3247 4824 3451 4889 inedia,
3485 4833 3542 4880 et
3564 4816 3810 4878 vincendo

2253 4931 2469 4986 dolores
2523 4925 2812 4997 corporis,
2864 4920 3206 4991 suscipiebat
3241 4918 3483 4981 labores,
3546 4916 3636 4987 qui
3686 4915 3813 4965 vires

2256 5020 2506 5091 corporis
2536 5017 2908 5088 superabant;
2942 5014 3091 5086 quod
3122 5012 3342 5082 quidem
3375 5020 3460 5066 est
3498 5019 3699 5063 natura:
3724 4999 3813 5054 ini-

2257 5115 2485 5176 micum,
2511 5120 2564 5167 et
2589 5108 2733 5180 quod
2766 5116 3052 5163 aversatur
3085 5120 3177 5160 ars
3206 5103 3518 5158 medicines.
3554 5099 3661 5154 Etsi
3687 5098 3812 5149 esset

2257 5210 2377 5279 ejus
2420 5221 2621 5276 corpus
2651 5201 2887 5260 calidius
2923 5197 3343 5269 temperatione,
3382 5205 3437 5249 et
3486 5189 3807 5263 significaret.

2260 5318 2369 5357 non
2396 5315 2519 5356 esse
2540 5298 2589 5355 ei
2618 5306 2804 5368 aptum
2828 5293 2971 5366 quod
3000 5290 3218 5356 deficit,
3254 5304 3325 5345 ne
3352 5288 3630 5344 videretur
3652 5290 3808 5336 tamen

2262 5436 2306 5492 si
2338 5434 2431 5507 qui
2463 5428 2942 5507 Constantinopol.
2968 5426 3231 5507 imperat:
3264 5408 3807 5507 sultjecti'c‘ran'flnAgd:

2262 5486 2491 5562 Eridani
2526 5486 2704 5557 tamen
2763 5486 3014 5555 fortassis
3058 5486 3231 5564 aliqui
3286 5510 3316 5548 a
3367 5486 3620 5564 pontifice
3650 5486 3808 5564 legit“?

2262 5561 2710 5644 quandoquidem
2744 5582 2904 5644 antea
2939 5571 3011 5644 ab
3044 5584 3110 5622 eo
3147 5561 3396 5644 petiisset
3430 5561 3561 5644 beo,

2262 5621 3067 5715 ὒὶὶῦἶίἐῖῚρέἆῖὡ-Ῑιᾷὶὶᾗήειμπ
3113 5621 3289 5715 sacris
3325 5630 3525 5687 initiati
3551 5621 3810 5715 ordinarii

2262 5700 2442 5781 erant,
2473 5700 2725 5781 it'iterque
2754 5700 2851 5766 eos
2878 5710 3193 5790 §teplianus
3228 5705 3409 5790 frater"
3428 5700 3811 5790 mutarat-HE?

2265 5771 2831 5857 fungi'suoposscnt.
2862 5771 3004 5857 _Qui_
3034 5779 3122 5857 hic
3163 5773 3534 5832 occidentales
3566 5771 3805 5831 dicuntur,

2265 5850 2395 5918 sunt
2425 5858 2518 5929 qui
2554 5850 2830 5925 Europam
2862 5850 3199 5908 incolebant.
