4070 6400
231 353 332 419 1‘33

221 505 342 546 esse
371 491 620 542 remotus
665 497 696 537 a
731 489 926 536 natura
963 479 1280 541 hominum,
1319 475 1449 545 quid
1491 471 1520 526 fi

219 593 616 648 nonnunquam
667 575 834 630 veluti
871 574 924 628 in
959 588 1020 628 se
1079 570 1476 630 contrac:a,'et
1524 565 1588 618 ad
1645 564 1814 617 Deum

217 675 514 734 excedens,
569 671 620 723 vi
677 678 930 732 naturae,
973 663 1144 718 veluti
1200 659 1454 716 consulto
1513 669 1817 726 procurans

217 767 434 834 corpori
487 763 914 823 relaxationem,
973 770 1169 826 parum
1221 751 1536 807 remittebat
1568 747 1815 801 laborum

219 871 470 914 tenorem
507 864 864 924 perpetuum.
922 848 1038 903 Hoc
1083 856 1270 901 autem
1309 843 1376 897 iis
1426 839 1668 910 quidem,
1723 836 1815 907 qui

219 962 366 1008 recte
417 948 683 1004 nolebant
717 945 943 1010 intueri,
995 957 1118 997 esse
1151 939 1331 993 visum
1364 945 1450 990 est
1477 931 1814 996 ostentatio;

219 1047 282 1101 iis
325 1057 482 1104 vero,
519 1041 618 1110 qui
659 1047 821 1095 erant
875 1036 1010 1090 recti
1065 1031 1254 1097 corde,
1307 1041 1503 1084 etnon
1559 1025 1699 1080 tardi
1749 1025 1814 1078 ad

217 1137 640 1206 adspiciendum
689 1141 879 1187 vetera
937 1129 1162 1184 Patrum
1211 1123 1484 1194 exempla,
1531 1121 1706 1175 virtus
1763 1125 1818 1173 et

217 1247 498 1292 summum
528 1229 824 1289 virtutum,
855 1235 910 1278 et
941 1237 999 1276 re
1029 1235 1157 1275 vera
1183 1218 1250 1298 ad
1279 1216 1450 1271 Deum
1474 1227 1734 1268 excessus
1760 1219 1817 1265 et

217 1325 534 1396 emigratio.
576 1320 731 1376 Talis
766 1333 988 1380 cursus,
1020 1315 1145 1369 talis
1175 1312 1306 1376 vita,
1351 1308 1479 1363 talia
1520 1307 1640 1376 ejus
1671 1313 1819 1358 recte

217 1423 374 1476 facta.
417 1417 480 1472 In
512 1412 942 1472 necessitatibus
975 1405 1288 1469 tolerantia,
1320 1403 1374 1456 in
1410 1400 1644 1455 fortunae
1675 1397 1819 1452 casi-

215 1517 316 1570 bus
349 1525 600 1582 magnus
631 1517 688 1562 et
721 1504 976 1561 excelsus
1009 1501 1270 1578 animus,
1291 1498 1345 1551 in
1372 1492 1660 1550 laboribus
1687 1507 1815 1561 per-

215 1619 372 1678 petua
409 1600 756 1664 constantia,
789 1599 843 1652 in
879 1595 1141 1652 aerumnis
1170 1575 1458 1653 fortitudo,
1514 1587 1566 1640 in
1613 1583 1820 1639 labori-

217 1677 316 1754 bus
341 1711 454 1768 pro
487 1696 716 1758 virtute,
748 1688 918 1745 animi
951 1687 1230 1749 alacritas,
1259 1684 1314 1738 in
1351 1677 1818 1736 imbecillitatibus

217 1791 408 1856 robur,
455 1789 516 1844 in
559 1783 802 1849 morbis,
829 1780 1062 1837 minime
1090 1777 1316 1833 omnino
1349 1775 1544 1831 cedere
1592 1780 1647 1827 ct
1680 1785 1815 1826 eou-
1847 1801 1894 1861 Β

217 1882 378 1940 sumi.

841 1985 1072 2044 CAPUT
1098 1983 1192 2038 IV.

351 2113 556 2170 Sancti
585 2109 807 2166 Antonii
827 2108 1025 2173 obitus,
1064 2102 1360 2173 sepultura,
1389 2097 1675 2154 miracula.

281 2229 372 2283 22.
403 2227 523 2284 Sed
537 2225 694 2282 venit
715 2224 944 2280 morbus
971 2221 1218 2282 ultimus,
1242 2225 1298 2272 et
1317 2217 1509 2270 aderat
1533 2227 1816 2278 excessus,

215 2331 268 2378 et
289 2335 416 2391 qua:
447 2317 522 2372 ad
553 2328 850 2373 excessum
895 2311 1172 2382 pertinent
1209 2324 1222 2362 :
1251 2315 1306 2361 et
1349 2307 1592 2360 humana
1623 2317 1818 2373 argue-

215 2417 374 2470 batur
411 2409 804 2472 imbecillitas,
837 2406 1034 2461 intima
1065 2408 1390 2473 penetrante
1421 2397 1595 2458 febre,
1629 2405 1684 2451 et
1721 2394 1821 2447 de-

213 2517 486 2582 pascente
533 2505 828 2558 humorem
861 2496 1196 2558 naturalem,
1226 2501 1282 2549 et
1317 2491 1650 2546 dissolvente
1677 2487 1822 2543 vires

215 2605 334 2657 illas
365 2597 792 2654 adamantinas.
827 2591 920 2648 Ille
946 2600 1129 2644 autem
1153 2584 1390 2654 benigno
1419 2592 1667 2652 aspectu,
1698 2595 1818 2633 om-

213 2710 308 2750 nes
355 2703 720 2764 prosequens
793 2680 1298 2744 benedictionibus,
1357 2675 1610 2731 ultimam
1671 2672 1821 2726 dedit

219 2789 518 2844 salutem:
575 2792 801 2837 etcum
869 2777 1058 2845 lingua
1113 2781 1260 2829 esset
1307 2772 1606 2840 impotens,
1664 2779 1821 2822 sacra

217 2897 422 2938 manus
465 2874 788 2947 obsignavit
830 2887 944 2936 eas,
983 2885 1104 2941 qua:
1133 2867 1239 2923 dici
1267 2881 1377 2919 non
1421 2869 1694 2934 poterant,
1727 2860 1823 2914 be-

217 2973 600 3032 nedictiones,
659 2968 914 3034 Deosque
947 2977 1074 3017 eum
1126 2959 1358 3012 vocabat
1401 2955 1467 3008 ad
1522 2964 1822 3022 supernum

221 3064 682 3124 tabernaculum,
703 3069 758 3115 et
777 3059 983 3114 cborus
1004 3054 1340 3124 Angelorum
1369 3063 1493 3104 cum
1521 3045 1820 3117 quaerebat,

217 3156 310 3226 qui
337 3159 532 3225 ipsum
569 3152 630 3206 in
661 3159 809 3204 terra
841 3155 992 3202 recte
1029 3153 1112 3200 est
1151 3144 1398 3198 imitatus
1429 3157 1445 3194 ε
1497 3155 1528 3193 a
1559 3151 1825 3193 reneran-
1852 3170 1898 3230 ο

223 3249 402 3314 doque
457 3251 518 3298 et
591 3253 755 3295 sacro
819 3250 1052 3307 corpore
1107 3233 1292 3288 divina
1329 3227 1824 3300 separata-anima

225 3349 480 3406 vespere,
521 3347 654 3388 cum
686 3329 1070 3386 accenduntur
1117 3326 1379 3388 lucernae,
1415 3338 1537 3377 eum
1573 3319 1826 3391 lampade

233 3424 567 3495 virginitatis
623 3422 785 3493 plena
844 3420 966 3476 oleo
999 3418 1250 3476 sublatus
1302 3416 1406 3471 fuit
1457 3415 1526 3469 ad
1567 3427 1824 3484 n'iaguam

227 3521 430 3578 lucem.
1777 3557 1780 3562 .

289 3613 376 3668 23.
423 3611 552 3667 Nox
601 3609 800 3666 deinde
831 3615 918 3665 est
953 3613 1270 3672 consecuta,
1307 3613 1359 3660 et
1391 3603 1449 3658 fit
1475 3601 1824 3667 miraculum,

215 3707 366 3777 quod
407 3711 608 3778 potest
657 3701 900 3759 conferri
937 3717 1062 3756 cum
1115 3700 1215 3762 iis,
1266 3713 1389 3769 quae
1430 3711 1672 3767 unquam
1708 3693 1828 3749 fue-

213 3809 368 3862 runt.
421 3797 745 3860 miraculis,
785 3795 932 3866 quod
975 3792 1293 3864 publicabat
1331 3791 1478 3844 illius
1512 3803 1828 3860 germanam

211 3893 282 3946 ad
315 3891 508 3947 Deum
553 3889 837 3953 ﬁduciam,
892 3895 948 3941 et
979 3893 1168 3954 aperte
1198 3882 1518 3938 describens
1555 3880 1830 3950 magnitu-

211 3987 406 4040 dinem
465 3982 715 4038 virtutis.
761 3978 898 4034 Nam
953 3995 1080 4034 cum
1133 3985 1459 4033 consuetqu
1501 3973 1721 4044 signum
1764 3987 1829 4026 ex

213 4081 322 4134 alto
357 4076 710 4150 patriarchae
739 4074 1054 4134 decessum,
1093 4071 1240 4126 circa
1273 4081 1532 4138 maguum
1566 4065 1830 4134 templum

211 4173 428 4226 civitati
475 4167 874 4239 signiﬁcasset,
920 4165 1117 4219 mulier
1170 4161 1522 4232 paupercula,
1583 4172 1706 4227 qua:
1737 4171 1833 4226 per

213 4280 454 4320 manum
493 4261 766 4317 beneficio
797 4259 1123 4315 aﬂicieutem
1161 4255 1265 4312 sibi
1313 4253 1698 4325 quotidianum
1735 4265 1826 4320 pa-

215 4359 374 4414 rabat
435 4356 798 4418 alimentum,
859 4367 984 4407 cum
1028 4365 1100 4406 ex
1150 4348 1459 4405 vehementi
1496 4347 1652 4416 lapsu
1705 4343 1834 4398 crus

213 4453 460 4508 haberet
493 4448 756 4514 fractum,
787 4447 844 4500 in
885 4443 1108 4516 tugurio
1144 4443 1290 4498 facto
1315 4457 1382 4496 ex
1407 4439 1557 4496 freno
1591 4447 1645 4494 et
1677 4437 1834 4508 palea

209 4540 412 4608 iacens
457 4512 794 4602 immobilis,
829 4512 1013 4590 audita
1045 4548 1216 4588 causa
1250 4531 1393 4602 ejus,
1427 4529 1574 4602 quod
1623 4529 1828 4600 signili-
1863 4517 1907 4574 Β
1937 4523 2051 4608 lum
2088 4512 2502 4608 ίιιιιοιιρνειιυῐην

211 4632 490 4695 cabatur,
525 4629 667 4684 tristi
704 4626 898 4682 nuntio
919 4635 1143 4697 repente
1169 4639 1304 4680 voce
1332 4623 1564 4695 privata,
1597 4621 1664 4676 ad
1699 4634 1835 4690 apo-

213 4725 472 4794 plexiam
519 4720 784 4776 tendebat
807 4727 863 4775 et
895 4718 1214 4790 paralysim.
1257 4717 1395 4771 Cum
1427 4723 1608 4769 autem
1640 4725 1834 4782 parum

213 4817 587 4888 respirasset,
618 4823 674 4868 et
704 4813 772 4868 ad
803 4827 862 4868 se
895 4811 1172 4878 rediisset,
1199 4807 1350 4865 ﬂevit
1382 4817 1439 4864 et
1473 4805 1702 4877 ejulavit
1733 4803 1838 4858 mi-

213 4911 573 4972 serabiliter,
623 4915 678 4961 et
730 4904 1024 4960 lamentari
1056 4903 1347 4974 incipiens,
1390 4899 1597 4970 tragice
1646 4896 1838 4969 deplo-

215 5003 380 5058 rabat
415 4999 830 5064 calamitatem,
860 4996 1142 5067 appellans
1185 4993 1618 5057 benefactorem,
1654 5005 1842 5046 serva-

217 5107 444 5160 torem,
509 5093 908 5148 nutrimentum
961 5090 1356 5154 esurientium,
1421 5085 1695 5141 nudorum
1757 5091 1839 5138 te-

215 5197 589 5258 gementum,
623 5197 756 5254 epes
789 5183 1179 5252 indigentium,
1213 5181 1403 5236 dicens
1431 5197 1445 5234 :
1476 5175 1522 5234 Ο
1550 5177 1745 5234 duram
1786 5186 1842 5232 et

219 5279 538 5334 immanem
575 5276 718 5330 hanc
753 5285 996 5339 noctem,
1027 5273 1082 5328 in
1123 5287 1232 5344 qua
1288 5271 1558 5327 exstincta
1599 5267 1706 5324 fuit
1744 5271 1840 5323 be-

219 5373 394 5442 nigna
413 5370 516 5424 lux
539 5369 874 5439 pauperum!
901 5365 946 5422 Ο
971 5365 1177 5421 tristem
1198 5375 1438 5429 nectent,
1463 5378 1581 5433 quae
1607 5363 1841 5420 obscura

221 5461 424 5516 effudit
451 5459 720 5514 tenebras
747 5459 925 5514 oculis
952 5457 1285 5528 pauperum!
1315 5459 1358 5509 υ
1398 5453 1508 5510 Eva
1537 5455 1715 5525 prima
1747 5469 1843 5524 pa-

223 5571 380 5619 res,
441 5563 504 5609 et
557 5553 956 5619 inobedieutia,
1009 5565 1064 5606 et
1115 5550 1342 5615 invidia,
1398 5557 1454 5604 et
1490 5563 1740 5618 serpens,
1789 5559 1844 5601 et

225 5663 410 5713 mors,
449 5648 714 5702 humana;
749 5655 962 5700 naturae
983 5659 1158 5715 poenae
1187 5640 1562 5698 inevitabiles!
1601 5638 1644 5694 0
1677 5639 1842 5695 simul

231 5755 468 5796 mecum
505 5740 713 5794 nutrita
745 5747 1078 5808 paupertas,
1109 5751 1232 5805 quae
1279 5742 1546 5805 perpetuo
1595 5731 1804 5788 assides
1825 5773 1839 5797 ,

229 5841 286 5888 et
309 5833 526 5890 acerba
551 5830 788 5898 invadis,
819 5845 928 5886 non
963 5829 1132 5887 habes
1161 5843 1294 5900 ergo
1316 5826 1551 5898 amplius
1573 5839 1844 5882 veneran-

1006 338 1186 404 VITA
1226 337 1289 396 S.
1333 333 1654 396 ANTONII
1695 329 2012 392 CAUI.E1‘E
2048 325 2556 389 PATRIARCIL’E
2589 329 2695 388 CP.

1529 471 1585 526 η
1620 470 1818 525 Anima
1849 454 1892 508 Α
1927 445 2054 498 dam
2085 454 2140 497 et
2175 456 2388 497 sacram
2417 455 2666 507 manum,
2697 453 2821 508 quas
2851 449 2997 494 tuam
3028 454 3058 494 a
3093 437 3251 494 nobis
3278 443 3516 511 expellat

3410 327 3513 392 194

1921 536 2228 592 deformem
2281 533 2589 588 feritatem!
2643 532 2850 588 Secure
2885 533 3147 602 deinceps
3177 533 3398 598 invade,
3429 535 3516 588 in-

1921 627 2066 681 sulta
2105 624 2424 694 jacentibus
2457 642 2470 678 :
2503 639 2630 679 cum
2683 624 2934 694 corporis
2964 623 3342 679 court-actione
3390 642 3516 695 Spes

1920 733 2144 789 quoque
2169 728 2255 772 est
2306 717 2588 774 confracta
2623 719 2773 784 vitae,
2811 719 2976 788 periit
3013 733 3315 788 pauperum
3359 721 3517 774 via'i-

1921 829 2070 868 eum.
2105 810 2148 866 Ο
2179 827 2432 881 quaenam
2469 811 2708 884 Erinnys
2741 827 2888 868 meas
2921 812 3119 882 pedum
3153 815 3366 882 plantas
3395 831 3522 870 mu-

1922 905 2116 968 tilavit,
2159 914 2219 959 ut
2249 920 2348 960 nec
2377 903 2546 960 funus
2575 905 2819 974 quidem,
2847 906 2992 975 quod
3031 905 3276 972 effertur,
3305 909 3512 978 possim

1921 999 2184 1067 consequi
2227 998 2370 1066 ejus,
2402 997 2496 1067 qui
2535 999 2741 1052 multos
2770 1001 3006 1054 extraxit
3035 1015 3066 1054 a
3115 1001 3370 1070 sepulcro
3398 1019 3517 1055 mo-

1921 1087 2249 1142 lestiarum?
2277 1088 2416 1142 Cum
2449 1089 2564 1143 haec
2587 1101 2639 1143 et
2661 1089 2816 1158 plura
2841 1090 2970 1155 alia,
2997 1100 3056 1145 ut
3083 1101 3166 1147 est
3193 1093 3516 1158 verisimile,

1920 1179 2172 1236 deflendo
2205 1181 2414 1236 diceret
2445 1181 2791 1248 muliercula,
2829 1193 2884 1237 et
2919 1185 3130 1240 acerbis
3163 1185 3518 1254 perfundere-

1923 1283 2010 1329 tur
2039 1274 2321 1345 lacrymis,
2353 1275 2715 1345 molestiaque
2747 1287 2799 1330 et
2833 1275 3117 1332 doloribus
3167 1279 3216 1330 ei
3247 1279 3391 1333 vires
3419 1279 3518 1334 de-

1921 1368 2204 1434 fecissent,
2240 1383 2435 1423 somno
2475 1369 2830 1439 opprimitur,
2861 1381 2914 1422 et
2945 1369 3092 1424 dulci
3122 1371 3339 1424 somnio
3373 1371 3520 1424 videt

1923 1462 2276 1515 accedentem
2317 1461 2712 1529 patriarcbam,
2777 1475 2940 1514 manu
2981 1460 3200 1530 signum
3246 1463 3430 1517 crucis
3461 1463 3516 1516 in

1920 1553 2042 1623 ejus
2089 1552 2331 1610 fractura
2387 1553 2755 1622 ellingentem,
2819 1562 2872 1607 et
2921 1553 3196 1608 dicentem
3236 1574 3248 1608 :
3284 1553 3404 1610 Jam
3457 1571 3517 1610 cs

1921 1655 2134 1711 curata,
2170 1653 2225 1700 et
2265 1646 2405 1701 citra
2454 1645 2909 1716 impedimentum
2964 1646 3058 1700 tibi
3099 1646 3226 1701 licet
3268 1649 3518 1717 ingredi;

1922 1745 1978 1790 et
2007 1738 2294 1795 evanuisse
2333 1739 2586 1808 protinus
2615 1739 2684 1792 ab
2738 1739 2935 1794 oculis.
2985 1737 3274 1804 Somnium
3335 1752 3515 1794 autem

1929 1825 2032 1880 fuit
2069 1843 2157 1883 res
2208 1827 2346 1897 ipsa,
2372 1837 2426 1883 ct
2467 1845 2590 1898 qua:
2639 1827 2742 1882 fuit
2775 1828 2828 1882 in
2859 1831 3069 1885 somnis
3107 1831 3267 1894 visio,
3304 1841 3388 1886 est
3427 1848 3518 1884 ve-

1927 1918 2082 1974 ritas.
2119 1918 2258 1974 Nam
2286 1935 2410 1974 cum
2440 1937 2468 1975 a
2501 1936 2698 1977 somno
2727 1934 2872 1976 esset
2899 1935 3249 1993 experrecta,
3283 1925 3386 1978 etsi
3415 1925 3517 1978 do-

1927 2008 2072 2064 iores
2123 2009 2172 2063 ei
2224 2009 2461 2076 amplius
2509 2011 2716 2064 nullam
2762 2011 3019 2066 aﬂ‘errent
3055 2013 3387 2076 molestiam,
3441 2015 3517 2066 rei

1927 2108 2038 2153 tam
2069 2099 2402 2164 admirabili,
2453 2107 2508 2154 et
2541 2108 2649 2154 tam
2687 2107 2884 2169 praeter
2914 2083 3228 2168 opinionem
3263 2115 3370 2152 non
3417 2115 3519 2169 po-

1927 2201 2072 2248 terat
2126 2193 2352 2249 credere
2413 2191 2630 2256 mulier,
2691 2193 2788 2248 sed
2851 2191 3078 2263 putabat
3123 2209 3182 2248 sc
3214 2192 3396 2248 adhuc
3445 2193 3520 2247 ali

1928 2287 2165 2342 somnio.
2198 2286 2302 2342 Sed
2328 2302 2453 2342 cum
2485 2285 2782 2356 perfectius
2829 2287 3063 2340 excitata
3095 2287 3320 2340 sustulit
3351 2285 3517 2339 dubi-

1937 2379 2224 2441 tationem,
2253 2379 2370 2433 laeta
2404 2379 2648 2442 exsiluit,
2709 2379 2914 2447 gratias
2957 2380 3244 2448 agentibus
3295 2379 3523 2433 vocibus

1929 2488 2165 2528 narrans
2211 2473 2561 2538 miraculum,
2609 2481 2665 2527 et
2694 2472 2923 2528 salutem
2960 2473 3061 2528 sibi
3091 2473 3270 2526 datam
3303 2473 3524 2542 publice

1927 2565 2236 2620 celebrans.

1999 2657 2090 2712 ‘24.
2123 2657 2246 2711 Alia
2276 2671 2498 2727 quoque
2531 2656 2752 2722 mulier,
2779 2671 2902 2728 qua:
2945 2655 3232 2712 laborabat
3260 2657 3521 2713 diuturna

1929 2750 2087 2820 plaga
2127 2749 2330 2805 occulti
2363 2749 2563 2816 morbi,
2597 2764 2708 2804 non
2733 2763 2893 2804 secus
2927 2758 3092 2818 atque
3124 2749 3214 2803 illa
3263 2765 3386 2818 qua:
3437 2750 3520 2804 la-

1929 2841 2161 2896 borabat
2189 2839 2460 2912 profluvio
2485 2841 2796 2912 sanguinis,
2827 2849 2972 2896 tactu
3021 2841 3186 2894 loculi
3221 2841 3525 2896 sull'uratur

1931 2935 2186 3000 salutem,
2238 2943 2294 2989 et
2330 2935 2712 2991 liberationem
2753 2951 2785 2991 a
2817 2936 2979 3006 longo
3010 2943 3286 2990 tormento
3313 2935 3525 2990 ichnit

1930 3027 2084 3082 brevi
2132 3035 2414 3082 momento
2446 3019 2748 3094 temporis.
2799 3025 2936 3094 Quis
2973 3025 3348 3097 Esculapius,
3400 3027 3526 3096 quis

1931 3119 2138 3175 Chiron
2183 3121 2290 3176 tale
2333 3119 2660 3190 temperavit
2712 3120 3216 3176 medicamentum?
3273 3119 3524 3186 Quanam

1929 3214 2182 3269 medendi
2210 3214 2499 3284 disciplina
2531 3223 2710 3285 potest
2741 3213 2976 3269 inveniri
3009 3213 3325 3285 hujusmodi
3353 3229 3526 3284 genus

1927 3305 2279 3360 curationis?

1998 3395 2089 3451 25.
2127 3396 2234 3452 Sed
2271 3383 2646 3452 venerandum
2678 3395 2901 3467 quidem
2932 3405 2990 3450 et
3027 3410 3250 3449 sacrum
3283 3409 3484 3464 corpus
3507 3434 3522 3454 .

1929 3506 2054 3547 cum
2083 3490 2382 3545 multorum
2424 3505 2621 3544 manus
2649 3491 2737 3544 vix
2771 3487 2990 3543 tandem
3027 3487 3330 3557 effugisset,
3379 3487 3522 3542 alios

1931 3582 2152 3639 aliunde
2185 3591 2395 3654 partem
2429 3581 2670 3652 aliquam
2703 3579 3029 3636 festinantes
3079 3581 3359 3649 accipere;
3391 3593 3528 3634 con-

1931 3678 2132 3732 fluebat
2189 3676 2336 3732 enim
2399 3675 2640 3745 undique
2701 3674 3026 3736 multitudo,
3090 3689 3257 3728 omne
3314 3687 3524 3744 genus,

1932 3771 2114 3825 omnis
2177 3777 2334 3832 aetas,
2383 3776 2570 3837 utpote
2623 3763 2774 3837 quod
2830 3783 2956 3822 cum
3023 3766 3533 3838 appropinquarent

1934 3860 2230 3931 exsequiae,
2285 3859 2546 3915 imbecilli
2597 3858 2820 3928 plurimi
2871 3858 3111 3914 violento
3161 3857 3369 3928 impetu
3408 3865 3532 3912 stu-

1936 3954 2130 4009 dereut
2155 3967 2346 4025 rapere
2375 3952 2616 4023 aliquam
2647 3960 2856 4023 partem
2888 3961 2942 4007 et
2970 3951 3166 4007 salutis
3193 3950 3392 4004 animre
3425 3947 3532 4003 sibi

1935 4047 2156 4118 aliquod
2199 4046 2418 4102 auferre
2457 4045 2746 4112 viaticum,
2809 4044 3012 4100 robore
3044 4053 3224 4097 tamen
3267 4049 3323 4095 et
3352 4039 3536 4094 studio

1936 4158 2157 4208 eorum,
2188 4143 2390 4212 quibus
2437 4139 2672 4210 sapienti
2705 4137 2940 4194 consilio
2975 4137 3294 4207 impositum
3329 4133 3530 4195 fuerat,

1938 4246 2000 4291 ut
2038 4237 2156 4292 hare
2185 4235 2566 4306 reprimerent,
2619 4241 2909 4302 postquam
2959 4229 3280 4282 mandatum
3309 4233 3394 4280 est
3444 4239 3532 4279 se-

1937 4335 2152 4403 pulcro,
2189 4340 2244 4384 et
2297 4339 2492 4383 natura
2545 4337 2704 4382 terrae
2747 4323 2910 4378 solvit
2959 4321 3230 4380 debitum.
3263 4329 3316 4374 et
3349 4319 3526 4373 lutum

1921 4424 2126 4478 'datum
2158 4428 2242 4476 est
2271 4419 2520 4489 pulveri;
2552 4432 2622 4471 ne
2654 4415 2734 4471 sic
2789 4413 3013 4484 quidem
3053 4411 3182 4466 sivit
3211 4409 3410 4482 figulus
3450 4410 3533 4461 lu-

2547 4507 2642 4562 sed
2685 4505 2852 4560 etiam
2903 4501 3190 4557 conditum
3253 4498 3534 4567 sepuleio,

1939 4607 2180 4662 honorat
2213 4603 2506 4659 miraculo.

2007 4687 2100 4759 i6.
2142 4701 2378 4769 Quidam
2425 4699 2573 4755 enim
2615 4713 2682 4752 ex
2727 4695 2818 4762 iis,
2853 4694 2945 4764 qui
2985 4697 3252 4763 prmcrant
3289 4687 3536 4743 texendae

1939 4799 2080 4854 lanae
2123 4796 2316 4852 sericae
2347 4791 2731 4864 imperatoris,
2765 4797 3055 4857 correptus
3101 4784 3294 4840 morbo
3325 4783 3536 4846 lateris,
3577 4831 3580 4834 .

1941 4905 2066 4946 eum
2099 4888 2327 4944 vidisset
2369 4885 2658 4956 praecisam
2702 4882 2808 4938 sibi
2857 4895 3078 4935 onmem
3111 4893 3264 4947 spem
3305 4875 3535 4936 salutis,

1941 4991 1992 5039 et
2029 4981 2301 5038 medicum
2332 4980 2452 5034 dies
2477 4983 2883 5038 numerantem,
2921 4981 2977 5026 et
3021 4973 3184 5025 horas
3233 4969 3538 5022 oliScrvan-

1946 5087 2078 5143 tem,
2111 5084 2166 5131 et
2198 5087 2412 5144 tempus
2445 5071 2660 5128 curiose
2695 5069 3086 5138 inquirentem,
3119 5073 3173 5119 et
3213 5063 3297 5116 his
3325 5071 3538 5129 tempus

1945 5179 2241 5235 terentem;
2295 5182 2521 5224 uxorem
2579 5177 2762 5224 autem
2821 5173 2876 5221 et
2919 5164 3125 5219 liberos
3173 5173 3297 5212 eum
3333 5154 3538 5209 ultimis

1945 5271 2299 5336 aspergentes
2333 5261 2628 5333 lacrymis,
2679 5270 2734 5316 et
2765 5259 3014 5316 dolorem
3060 5255 3368 5326 graviorem
3425 5249 3541 5304 efll-

1945 5359 2152 5414 cientes
2190 5355 2517 5427 ejulatibus;
2549 5371 2674 5411 cum
2708 5369 2840 5425 ergo
2869 5354 2987 5407 lucc
3022 5349 3265 5408 vidisset,
3303 5353 3356 5399 et
3387 5341 3537 5396 omni

1945 5452 2186 5506 humana
2222 5465 2328 5522 ope
2368 5449 2623 5505 morbum
2667 5447 3055 5519 potentiorem,
3091 5438 3337 5509 confugit
3365 5437 3430 5490 ad
3455 5435 3538 5490 di-

1949 5547 2140 5600 vinum
2171 5545 2293 5615 ejus
2342 5559 2559 5600 servum
2591 5540 2889 5596 Antonium
2925 5555 2939 5592 :
2968 5545 3022 5592 et
3051 5549 3174 5589 cum
3203 5547 3261 5586 se
3291 5532 3542 5586 tinxisset

1947 5639 2092 5701 oleo,
2127 5637 2270 5707 quod
2309 5637 2492 5691 lumen
2519 5633 2700 5690 alebat
2727 5633 2782 5686 in
2817 5629 3015 5694 loculo,
3053 5627 3208 5697 (inani
3235 5637 3360 5679 cum
3395 5631 3542 5677 esset

1949 5729 2144 5794 lidelis,
2173 5729 2410 5784 habebat.
2434 5727 2734 5791 modicum,
2767 5724 2914 5797 quod
2944 5713 3258 5791 acceperat)
3289 5719 3538 5774 morbum

1951 5823 2137 5880 statim
2168 5821 2340 5893 fugat,
2370 5831 2424 5878 et
2449 5821 2650 5878 fruitur
2683 5817 2994 5887 curatione,
3020 5825 3073 5872 et
3097 5823 3295 5886 printer
3322 5825 3538 5868 omnem
