4070 6406
2042 125 2066 145 \

602 325 705 390 195

1770 321 2188 382 NICEPHORI
2234 320 2698 382 PIIILOSOPHI
3737 333 3822 402 196

595 449 746 504 spem
785 432 997 488 accedit
1043 432 1110 486 ad
1143 432 1404 494 loculum,
1449 431 1742 499 confitens,
1772 433 2184 488 et-beneticium
2220 435 2269 496 Α
2298 433 2350 487 in
2376 433 2498 502 ejus
2529 432 2938 488 dormitioncm.
2970 430 3103 500 Quae
3147 442 3327 488 autem
3368 433 3418 488 in
3453 438 3683 496 Oratione
3711 458 3734 497 a
3759 463 3829 505 me

594 527 744 581 clara
779 541 912 579 voce
939 525 1264 593 pra'dicans.

667 618 758 671 27.
799 618 935 671 Cum
987 631 1118 670 vero
1161 630 1325 685 capsa
1374 615 1648 684 pontificis
1696 625 1891 671 octavo
1943 617 2031 671 die
2072 627 2192 686 post

593 709 743 779 justa
770 708 933 768 facta,
961 707 1222 776 quoniam
1255 722 1362 760 non
1394 716 1538 761 recte
1564 722 1623 762 se
1649 707 1849 763 habere
1877 708 2186 769 videbatur,

555 799 560 852 ῗ
598 811 905 854 mutaretur
934 799 986 851 in
1038 799 1342 861 meliorem,
1393 814 1568 852 novus
1613 800 1836 868 quidam
1871 808 1926 853 et
1959 800 2191 869 insignis

557 889 561 896 ’
600 893 734 944 odor
756 889 1016 958 unguenti
1041 889 1420 953 sacratissimi,
1450 890 1694 960 implevit
1721 907 1944 947 sensum
1971 909 2188 953 eorum,

561 965 685 1048 :qui
731 981 976 1042 aderant,
1016 981 1176 1035 tacite
1225 981 1506 1036 honoratis
1540 998 1664 1036 eum
1709 983 1801 1053 qtti
1848 983 2085 1053 jacehat,
2139 993 2193 1038 et

594 1075 911 1128 describens
966 1089 1110 1136 ea'n,
1159 1090 1280 1142 quae
1317 1075 1688 1129 intercedebat
1733 1091 1856 1130 cum
1893 1076 2021 1140 Deo,
2053 1093 2184 1132 con-

591 1162 927 1232 iunctionem
963 1172 1014 1216 et
1046 1160 1497 1218 familiaritatem.
1533 1164 1667 1218 Nam
1700 1165 1792 1234 qui
1821 1166 1959 1221 hanc
1987 1182 2190 1221 carun-

593 1255 735 1317 cula,
776 1255 1020 1323 inquam
1055 1256 1201 1309 cadit
1231 1257 1510 1318 interitus,
1553 1257 1836 1312 Christum
1876 1259 2194 1326 magnifica-

591 1357 766 1412 vcrat,
823 1356 875 1400 ct
936 1350 1201 1416 mysticus
1251 1348 1469 1416 quidam
1524 1349 1699 1402 bonus
1747 1349 1881 1401 odor
1917 1350 1966 1402 ei
2016 1349 2194 1405 fuerat

593 1447 869 1499 ostensus,
902 1446 961 1491 ut
997 1438 1149 1506 prius
1197 1437 1524 1492 describitur
1559 1440 1875 1508 apostolicis
1905 1441 2191 1510 geloquiis;

593 1530 791 1583 merito
825 1530 990 1583 etiam
1025 1529 1282 1597 dignatur
1327 1531 1522 1599 gratia,
1560 1545 1682 1600 quae
1722 1532 1896 1601 spirat
1941 1549 2192 1602 unguat-

593 1633 733 1684 tutn,
795 1622 1051 1676 virtutem
1118 1623 1481 1677 immortalem
1536 1624 1865 1693 praedicante
1922 1625 2192 1695 operatio-

594 1729 742 1766 nem.

2295 537 2423 581 sunt
2460 527 2849 595 praetermissa,
2885 528 2938 579 in
2966 527 3209 594 .juvenili
3243 527 3361 597 ejus
3405 539 3556 584 aetate
3584 531 3708 589 facta
3743 542 3828 595 mi.

2299 619 2509 680 racula,
2547 635 2609 672 ea
2643 619 2883 676 narrabo
2917 629 3191 689 repetens.

2366 712 2456 768 50.
2491 714 2628 766 Cum
2658 713 2787 770 olim
2829 721 2978 767 esset
3009 721 3168 767 aetate
3208 712 3446 782 juvenis,
3489 723 3537 768 ct
3566 715 3830 778 Davidieam

2294 807 2540 877 pulsaret
2563 806 2832 864 citharam
2860 807 2914 860 in
2945 807 3154 876 templo
3180 807 3293 860 Divi
3313 805 3580 861 Theodori
3600 809 3832 884 Martyris,

2295 899 2439 968 quod
2475 908 2596 953 erat
2628 900 2793 962 situm
2835 915 3000 970 super
3047 900 3322 970 quoddam
3375 908 3740 972 emulcti-rium,
3792 911 3832 961 itt

2297 993 2441 1062 quod
2472 994 2902 1062 projiciebantur
2921 993 3187 1047 cadavera
3215 994 3710 1061 condemnatorum,
3731 1000 3837 1056 viuit

2295 1085 2562 1153 quosdam
2629 1085 2770 1138 duos
2840 1093 3061 1154 aspectu
3131 1085 3427 1150 deformes,
3480 1087 3663 1153 (solent
3715 1092 3834 1145 enim

2293 1176 2592 1246 plurimum
2638 1177 2794 1242 tales,
2842 1177 3034 1246 quales
3091 1187 3245 1240 sunt,
3299 1179 3577 1248 apparere)
3622 1183 3746 1250 apud
3792 1199 3839 1236 se

2297 1269 2560 1322 iracunde
2593 1269 2841 1324 dicentes
2878 1288 2888 1321 :
2925 1269 3202 1323 Abeamus
3235 1269 3381 1323 hinc.
3423 1267 3681 1325 Przcsente
3709 1274 3835 1340 enim

2296 1363 2684 1427 adolescente,
2722 1377 2831 1415 non
2885 1363 3286 1416 sustinebimus
3339 1362 3430 1418 hic
3490 1378 3714 1419 manere.
3755 1364 3838 1430 Qui

2294 1454 2514 1524 quidem
2551 1465 2775 1522 repente
2799 1452 3164 1521 aufugiettlcs,
3212 1453 3378 1508 simul
3420 1469 3542 1507 cum
3579 1455 3671 1508 hoc
3705 1459 3839 1511 verbo

2294 1558 2656 1602 evanuerunt.
2718 1530 2832 1601 Hoc
2880 1548 3124 1601 ostendit
3173 1555 3521 1618 potestatem,
3573 1564 3684 1618 quae
3716 1551 3842 1619 prius

2297 1649 2492 1695 sancto
2522 1643 2574 1694 in
2606 1657 2700 1695 eos
2727 1641 2854 1696 data
2891 1641 3088 1695 fuerat.

2369 1733 2458 1786 51.
2495 1734 2610 1787 lloc
2643 1748 2864 1803 quoque
2927 1733 3230 1788 secundum
3276 1733 3675 1799 conscribatur,
3722 1736 3840 1804 quod

661 1805 755 1863 ‘28.
797 1803 986 1858 Nonus
1045 1816 1226 1858 autem
1271 1806 1708 1876 magnificentius
1744 1809 1978 1876 praebuit
2020 1811 2183 1864 mira-

2296 1827 2622 1896 przecedcnti
2657 1825 2760 1880 fuit
2786 1826 2998 1896 tequale
3032 1835 3295 1895 tempore.
3337 1825 3529 1880 Mulier
3555 1827 3778 1891 illustris,
3799 1829 3840 1881 in

593 1897 798 1960 colunt,
846 1897 911 1950 ad
957 1898 1280 1951 beneficium
1327 1915 1650 1968 pauperum,
1705 1902 1799 1970 qui
1849 1902 1918 1956 ab
1972 1902 2090 1971 ipso
2121 1905 2188 1958 de

593 2001 744 2038 more
802 1986 1108 2052 alebantur,
1159 1987 1239 2040 vel
1289 1989 1470 2057 potius
1504 2006 1532 2042 a
1565 1991 1672 2043 Deo
1708 2006 1803 2060 per
1844 1992 2048 2061 ipsum,
2094 1995 2185 2063 qui

590 2077 752 2128 etiam
790 2092 884 2144 per
915 2077 1113 2130 Mosem
1143 2077 1194 2130 in
1229 2080 1446 2132 deserto
1474 2081 1800 2134 alimentum
1836 2083 1974 2152 pluit
2007 2085 2185 2138 admi-

591 2167 800 2220 rabile:
835 2177 887 2220 et
934 2169 1109 2222 viduae
1161 2169 1543 2239 Sarephtanaz,
1596 2173 1833 2228 adventu
1878 2177 2186 2246 prophetae,

588 2273 818 2327 parvum
855 2257 1239 2327 multiplicavit
1287 2262 1547 2316 viaticum
1585 2263 1875 2333 :quiuque
1922 2281 2053 2321 vero
2095 2282 2187 2336 pa-

589 2351 774 2415 nibus,
839 2351 1084 2420 quinque
1143 2352 1350 2417 millia;
1392 2362 1446 2407 et
1495 2371 1690 2411 rursus
1747 2366 1992 2425 septem,
2054 2360 2190 2413 aluit

588 2452 828 2509 quatuor
855 2442 1050 2506 millia,
1085 2453 1139 2496 et
1184 2453 1365 2498 certos
1397 2454 1587 2510 testes,
1636 2461 1756 2515 qua:
1787 2449 2020 2502 satietati
2059 2450 2187 2502 reli-

589 2536 843 2602 quiarum
871 2550 1036 2603 super
1064 2536 1545 2606 fueruntsportas,
1578 2541 1830 2609 praebuit.
1860 2540 2187 2597 Miracufum

589 2636 772 2679 autem
807 2637 925 2680 erat
952 2627 1038 2681 hic
1067 2645 1289 2698 quoque
1318 2630 1752 2687 additamentum
1788 2636 2066 2698 ciborum,
2096 2638 2188 2707 qui

589 2717 995 2773 distribuuntur
1027 2723 1383 2790 pauperibus.
1421 2721 1473 2777 Id
1503 2739 1632 2779 vero
1663 2736 1781 2780 erat
1805 2728 1962 2797 panis
1987 2741 2036 2783 et
2068 2728 2188 2783 frti-

590 2823 833 2866 mentum
882 2825 1119 2877 coctum,
1158 2831 1264 2869 non
1326 2832 1557 2873 numero
1605 2820 1826 2889 quidem
1867 2822 2187 2890 indefinito,

589 2905 682 2958 sed
717 2917 985 2975 quantum
1039 2907 1259 2963 definita
1316 2926 1572 2965 mensura
1635 2912 2040 2971 distributionis
2099 2932 2190 2972 so-

588 2997 736 3050 lebat
793 2998 1044 3053 squieere
1085 3001 1234 3054 ntille
1281 3002 1594 3059 animabus.
1647 3004 1790 3071 Quin
1834 3009 1998 3062 etiam
2033 3018 2192 3063 erant

589 3102 784 3142 onmcs
834 3089 1034 3143 c:edem
1067 3107 1359 3157 mensuras,
1414 3109 1537 3162 quae
1578 3095 1865 3162 solebant,
1901 3097 2189 3172 iidemco—

589 3180 741 3250 phiui
787 3181 880 3250 qui
937 3192 1288 3253 acceperunt,
1344 3186 1550 3240 eazdem
1607 3203 1805 3243 manus
1859 3204 2048 3244 eorum
2093 3191 2185 3262 qui

589 3275 996 3328 ministrabant.
1037 3275 1103 3330 Et
1142 3293 1407 3333 numerus
1436 3280 1658 3349 quidem
1691 3282 1792 3336 fuit
1821 3295 2187 3354 consumptus

588 3383 803 3431 eorum,
854 3369 945 3438 qui
998 3377 1236 3426 tesseras
1281 3371 1530 3427 ferebant
1581 3375 1857 3443 manibus,
1892 3377 1991 3444 (iis
2039 3377 2188 3432 enim

587 3463 741 3530 prius
769 3460 1098 3528 distributis,
1132 3466 1526 3522 numerabatur
1551 3469 1699 3523 mille
1728 3469 2016 3525 hominum
2045 3471 2190 3525 mul-

585 3554 799 3625 titudo)
845 3568 1229 3613 remanserunt
1259 3569 1443 3614 autem
1477 3571 1588 3617 tres
1626 3562 1872 3632 cophiui,
1899 3566 1993 3634 qui
2026 3565 2193 3619 suffe-

588 3661 784 3702 cerunt
817 3651 1170 3718 pauperibus,
1205 3653 1296 3722 qui
1323 3664 1594 3708 venerunt
1623 3657 1834 3724 absque
1870 3657 2116 3714 tesseris.

659 3741 752 3794 29.
793 3740 1117 3810 Cujusmodi
1171 3755 1356 3798 autem
1414 3746 1516 3801 fuit
1567 3749 1620 3802 id
1653 3747 2004 3813 miraculum,
2043 3752 2190 3821 quod

591 3830 798 3884 factum
835 3842 919 3886 est
948 3833 1000 3885 in
1052 3831 1287 3890 Leonem
1325 3839 1636 3907 patricium,
1668 3841 1763 3910 qtti
1791 3852 2019 3911 praeerat
2052 3845 2192 3898 mili-

590 3925 802 3978 taribus
839 3928 1108 3991 numeris,
1133 3930 1349 3987 dicatur
1371 3947 1401 3985 a
1450 3933 1628 3988 nobis.
1667 3932 1763 3988 Vir
1794 3914 1883 3989 ilole
1911 3935 2192 3992 laborabat

589 4017 907 4073 diﬂicultate
940 4021 1238 4086 anhelitus,
1267 4027 1414 4094 quod
1449 4025 1656 4090 causis,
1683 4043 1804 4096 qu:e
1835 4028 2188 4096 atiluserunt,

588 4111 868 4165 obstructa
899 4123 1087 4168 essent
1124 4115 1515 4183 instrumenta,
1552 4126 1608 4173 et
1635 4121 1912 4178 anhelitus
1960 4123 2190 4179 liberuut

588 4215 700 4256 non
729 4201 956 4256 haberet
991 4213 1252 4260 meatum.
1286 4207 1392 4274 Qui
1424 4225 1548 4264 cum
1591 4210 1728 4265 adeo
1764 4212 2000 4283 graviter
2041 4215 2193 4270 obsi-

587 4290 831 4356 deretur,
853 4301 1184 4366 tenuemque
1202 4307 1256 4352 et
1274 4299 1602 4356 imbecillam
1624 4318 1811 4358 vocem
1836 4305 2042 4371 ederet,
2072 4307 2193 4362 ade-

585 4392 710 4437 rant
737 4385 954 4454 quidem
988 4389 1080 4457 qui
1117 4391 1181 4445 ad
1205 4406 1330 4445 eum
1365 4409 1566 4463 genere
1595 4397 1922 4464 attinebant,
1957 4401 2192 4454 maxime

2293 1937 2436 1989 equo
2467 1921 2746 1974 transiens
2778 1935 2872 1988 per
2905 1921 3299 1973 monasterium
3343 1935 3468 1974 cum
3511 1921 3707 1974 mundo
3745 1937 3844 1974 nm-

2297 2012 2474 2075 Iiebri,
2509 2028 2678 2082 prope
2708 2012 2876 2067 fracta
2903 2013 3122 2081 delapsa
3149 2022 3234 2066 est
3259 2012 3310 2065 in
3343 2023 3567 2066 terram.
3598 2013 3718 2066 Nam
3742 2029 3842 2068 eum

2293 2104 2513 2158 divinus
2546 2104 2817 2158 Antonius
2851 2113 2982 2160 tunc
3026 2115 3172 2159 esset
3205 2105 3348 2158 inter
3381 2105 3765 2171 adolescentes,
3804 2116 3847 2159 et

2297 2197 2596 2265 improviso
2627 2208 2773 2251 esset
2806 2213 2835 2250 e
2870 2208 3026 2266 porta
3057 2213 3335 2266 egressus,
3392 2197 3621 2266 contigit
3655 2214 3842 2252 currum

2295 2299 2517 2357 repente
2551 2289 2894 2352 conturbari,
2951 2289 3096 2358 quod
3152 2304 3218 2343 ex
3259 2289 3372 2343 alto
3405 2290 3658 2344 deorsum
3690 2290 3848 2343 detur-

2296 2381 2498 2446 basset,
2537 2382 2638 2436 nisi
2690 2397 2812 2436 eam
2853 2391 3299 2448 eonservassent,
3325 2384 3421 2450 qui
3458 2398 3582 2438 cum
3609 2383 3716 2452 ipsa
3751 2399 3848 2436 atu-

2295 2473 2576 2529 hulabant.
2603 2475 2696 2529 llla
2728 2484 2910 2529 autem
2942 2477 3276 2530 conturbata
3312 2492 3379 2531 eo
3401 2476 3551 2546 quod
3583 2476 3847 2537 acciderat,

2295 2565 2668 2621 venerandum
2747 2567 3135 2622 ludificabatur
3185 2568 3464 2632 habitum,
3520 2577 3577 2622 ut
3629 2567 3677 2621 itt
3716 2567 3850 2621 rebus

2296 2641 2618 2724 hujusmodi
2649 2658 2851 2724 solent,
2877 2660 2971 2728 qui
3009 2669 3140 2713 sunt
3168 2660 3350 2730 pusilli
3381 2668 3436 2716 et
3467 2658 3660 2729 abjecti
3687 2657 3848 2712 animi.

2294 2746 2393 2799 Cui
2426 2747 2565 2800 dixit
2593 2747 2638 2801 is
2658 2747 2753 2817 qui
2779 2757 2896 2802 erat
2924 2748 3200 2818 perfectus
3225 2750 3279 2803 in
3307 2750 3601 2819 juventute
3634 2748 3849 2811 :Mulier,

2295 2838 2406 2892 noli
2437 2854 2560 2892 eum
2604 2840 2884 2896 incessere
2917 2841 3252 2908 maledictis;
3289 2842 3430 2895 meis
3459 2841 3604 2896 enim
3629 2840 3853 2894 manibus

2296 2933 2488 2987 venies
2513 2933 2578 2986 ad
2609 2933 2757 2988 hunc
2781 2934 3048 2988 habitum.
3080 2934 3205 2990 I'irrc
3235 2936 3374 2989 dixit
3397 2947 3623 2990 sanctus
3644 2952 3658 3000 ;
3682 2943 3852 2988 etcum

2295 3024 2455 3078 multi
2511 3025 2641 3079 anni
2716 3027 3137 3096 praatcriissent,
3199 3028 3264 3084 ad
3327 3028 3582 3082 efl‘cctum
3640 3025 3856 3098 pervenit

2297 3116 2600 3184 praedictio,
2648 3133 2777 3172 cum
2810 3118 2927 3188 ipse
2967 3119 3188 3188 quidem
3235 3119 3437 3174 beatus
3483 3120 3675 3174 horum
3734 3125 3856 3173 esset

2292 3208 2520 3272 oblitus,
2568 3209 2765 3266 mulier
2803 3226 2933 3265 vero
2995 3212 3045 3265 ei
3099 3221 3415 3267 revocasset
3452 3213 3507 3266 in
3541 3210 3854 3272 memoriam,

2293 3309 2348 3355 et
2370 3301 2677 3370 aperuisset
2692 3318 2818 3356 eum
2837 3319 2982 3368 esse,
3002 3304 3096 3374 qui
3115 3304 3232 3360 baac
3254 3314 3386 3361 tunc
3410 3306 3461 3359 ei
3487 3306 3856 3361 denuntiasset.

2903 3434 3135 3490 CAPUT
3188 3435 3254 3490 ν.

2295 3546 2522 3602 Sanctus
2562 3549 2825 3626 Antonius
2889 3569 3009 3606 cum
3062 3555 3320 3608 veteribus
3360 3554 3464 3611 SS.
3508 3562 3861 3626 comparatus:

2755 3624 3030 3679 invocatus
3063 3627 3128 3678 ab
3168 3629 3420 3682 Auctore.

2367 3758 2459 3812 52.
2516 3757 2642 3814 Haec
2674 3772 2989 3817 sanctorum
3029 3764 3200 3832 Deus,
3260 3767 3356 3836 qui
3409 3767 3602 3823 omnia
3658 3765 3781 3821 facit
3821 3774 3865 3816 et
3953 3823 3956 3826 .

2297 3849 2682 3918 transformat,
2733 3853 2826 3922 qui
2873 3853 2967 3910 dat
3012 3856 3336 3913 alimentum
3375 3861 3531 3914 omni
3581 3860 3750 3921 carni,
3786 3858 3864 3926 qui

2296 3943 2472 4013 aperit
2500 3958 2752 4010 manum,
2775 3955 2830 4000 et
2855 3948 3044 4018 implet
3071 3965 3233 4004 omne
3250 3952 3454 4005 animal
3475 3951 3865 4011 benedictione;

2295 4036 2391 4105 qui
2421 4037 2692 4105 glorificat
2726 4055 2843 4106 eos,
2876 4041 2969 4110 qui
3009 4041 3189 4111 ipsum
3219 4043 3557 4114 glorificaut,
3591 4055 3645 4098 et
3674 4053 3753 4099 est
3781 4042 3868 4096 mi-

2299 4127 2490 4183 rabilis
2542 4129 2594 4183 in
2641 4135 2848 4189 sanctis
2887 4134 3027 4190 suis.
3082 4133 3187 4190 Sed
3224 4137 3489 4204 quoniam
3530 4137 3679 4192 brevi
3721 4136 3871 4189 calice

2299 4221 2571 4276 orationis
2607 4234 2868 4294 tanquam
2907 4242 3106 4296 magno
3144 4228 3306 4290 tnari,
3344 4228 3691 4284 admirabilis
3719 4229 3873 4279 Anto-

2298 4313 2412 4380 nii,
2462 4325 2516 4368 et
2563 4317 2746 4386 magni
2801 4319 2946 4373 inter
2999 4321 3365 4390 patriarchas,
3419 4338 3652 4393 parvam
3726 4321 3872 4373 vitam

2298 4404 2608 4468 hausimus,
2637 4425 2735 4480 age
2761 4426 2827 4464 ex
2855 4412 3142 4468 ductorum
3172 4420 3594 4486 comparatione
3615 4418 3877 4472 discamus

585 4478 857 4546 ejulautes
915 4481 1038 4551 (eos
1062 4483 1231 4550 enim,
1270 4487 1364 4554 qui
1401 4497 1534 4543 sunt
1557 4488 1727 4557 gloria
1752 4489 2017 4560 insignes,
2046 4509 2192 4548 mors
2221 4503 2273 4563 D
2301 4499 2657 4570 discipulum.
2727 4504 2900 4558 Adam
2953 4506 3188 4562 habetur
3241 4508 3295 4561 in
3363 4509 3767 4571 admiratione,
3827 4514 3878 4558 ttt

589 4573 764 4639 magis
795 4573 1096 4642 exagitat);
1136 4575 1184 4629 ei
1211 4590 1394 4629 autem
1428 4594 1700 4648 nusquam
1725 4593 1844 4635 erat
1875 4583 2051 4637 morbi
2095 4599 2187 4639 so-

590 4664 747 4724 lutio.
795 4666 900 4719 nisi
935 4681 964 4718 a
1014 4669 1132 4722 solo
1161 4670 1348 4724 divino
1377 4669 1629 4727 Pastore.
1669 4675 1896 4730 Accedit
1939 4677 2085 4732 enim
2121 4680 2188 4734 ad

587 4771 713 4808 eum
761 4757 1148 4824 dormientem,
1179 4771 1234 4816 et
1283 4779 1407 4817 cum
1449 4780 1576 4819 eum
1615 4781 1644 4820 c
1678 4767 1820 4822 lecto
1853 4770 2185 4835 excitasset,

590 4848 827 4917 rogavit,
879 4853 1346 4919 quemadmodum
1395 4858 1624 4914 morbus
1679 4875 1738 4914 se
1779 4860 2029 4918 haberet.
2082 4864 2188 4930 Qui

589 4949 819 5010 tangens
877 4953 1044 5012 caput
1098 4956 1152 5000 et
1201 4949 1532 5013 membrum,
1582 4953 1728 5020 quod
1772 4953 2024 5020 dolebat,
2079 4972 2185 5010 non

587 5031 902 5089 P.canicum
939 5040 1266 5107 remedium,
1296 5058 1472 5113 neque
1503 5045 1906 5117 medicamenta
1931 5047 2189 5103 Chironis

587 5128 701 5181 suis
751 5129 1066 5198 applicabat
1116 5135 1395 5196 manibus,
1430 5136 1595 5206 (nam
1629 5153 1808 5208 neque
1849 5140 1972 5195 aliis
2000 5150 2086 5196 est
2119 5156 2188 5196 ex

588 5219 675 5275 his
731 5221 899 5277 rebus
954 5227 1210 5297 curatio)
1269 5229 1362 5283 sed
1419 5247 1545 5286 cum
1597 5233 1943 5288 adhibuisset
1999 5250 2187 5304 preces

593 5314 785 5368 morbo
827 5320 1246 5388 convenientes,
1282 5330 1338 5376 et
1372 5323 1863 5394 incomparabilem
1915 5329 2185 5383 malorum

595 5412 912 5461 nostrorum
972 5421 1289 5466 curatorem
1361 5414 1643 5469 Christum
1703 5416 2032 5482 invocasset,
2098 5420 2188 5474 ille

591 5493 808 5560 quidem
852 5499 1119 5556 liberatur
1149 5519 1179 5556 a
1215 5506 1369 5574 gravi
1399 5508 1624 5574 morbo;
1661 5524 1824 5564 verus
1869 5521 2053 5566 autem
2086 5512 2190 5566 fuit

593 5599 816 5650 precum
847 5602 1076 5649 eventus
1104 5611 1119 5648 :
1151 5597 1405 5666 protinus
1437 5600 1582 5652 enim
1632 5602 1936 5681 convaluit,
1979 5604 2186 5675 absque

595 5673 988 5745 impedimento
1029 5687 1356 5744 miraculum
1404 5673 1680 5762 aperiens,
1721 5695 1854 5748 etin
1886 5705 1996 5750 tota
2025 5696 2186 5752 domo

592 5781 746 5822 suam
783 5773 1012 5832 salutem
1053 5780 1358 5841 celebrans.
1394 5785 1520 5841 llaec
1555 5795 1684 5842 sunt
1722 5787 1862 5843 facta
1913 5791 2184 5857 pontificis

2298 4594 2634 4664 principium
2688 4606 2744 4650 ct
2783 4599 2935 4652 radix
2972 4601 3214 4668 generis.
3257 4601 3363 4656 Sed
3400 4602 3494 4657 hic
3540 4618 3764 4672 quoque
3793 4598 3880 4652 fuit

2295 4686 2554 4755 princeps
2586 4697 2643 4741 et
2671 4699 2864 4744 auctor
2898 4693 3221 4756 multorum,
3247 4693 3341 4764 qui
3367 4711 3480 4749 non
3513 4705 3648 4751 sunt
3682 4695 3788 4747 nati
3822 4706 3879 4744 ex

2293 4779 2682 4848 conjunctione
2737 4798 3056 4852 corporum,
3089 4787 3184 4840 sed
3233 4798 3362 4842 sunt
3395 4789 3746 4858 multiplicati
3781 4783 3884 4854 spi-

2293 4871 2438 4924 ritali
2473 4873 2868 4942 conjunctione
2908 4895 2922 4930 :
2955 4879 3158 4946 quibus
3194 4896 3302 4934 non
3343 4881 3672 4951 obtigerunt
3723 4890 3883 4948 pinna:

2296 4976 2541 5032 paterna:
2573 4968 2983 5036 damnationis;
3032 4973 3123 5026 sed
3161 4973 3433 5028 donorum
3464 4976 3656 5044 potius
3679 4970 3884 5028 heredi-

2293 5068 2482 5124 ratem,
2518 5076 2713 5131 nempe
2768 5064 2934 5118 vitam
2996 5077 3284 5134 teternam,
3329 5084 3438 5123 non
3490 5083 3752 5130 mortem,
3789 5065 3881 5120 sibi

2291 5149 2655 5205 conciliarunt
2683 5169 2696 5205 :
2725 5167 2821 5222 per
2853 5170 3019 5224 quam
3040 5159 3368 5227 exprimitur
3399 5176 3526 5214 vera
3559 5171 3611 5214 et
3637 5171 3883 5230 germana

2291 5250 2522 5309 paterna
2574 5246 2856 5313 cognatio.
2916 5248 2985 5301 Et
3020 5250 3096 5303 illi
3132 5252 3354 5320 quidem
3411 5252 3590 5308 cessit
3649 5251 3881 5306 ferarum

2293 5341 2525 5396 natura;
2557 5338 2654 5390 sed
2683 5354 2792 5392 non
2838 5357 3056 5406 eorum,
3089 5346 3184 5414 qui
3220 5346 3370 5403 intus
3401 5357 3591 5414 erant,
3627 5361 3683 5405 et
3720 5353 3885 5404 coha-

2291 5425 2562 5484 bitabant.
2596 5428 2738 5486 Hinc
2785 5449 3014 5504 serpens
3057 5448 3110 5492 et
3143 5439 3350 5496 invidia
3378 5451 3431 5497 et
3461 5441 3631 5498 dolus
3661 5451 3880 5496 mortem

2291 5533 2418 5575 sunt
2469 5521 2742 5579 fabricati.
2793 5525 2894 5582 Hic
2945 5540 3128 5586 autem
3180 5533 3412 5603 imperio
3469 5537 3714 5592 rationis
3769 5548 3883 5590 cum

2290 5614 2555 5684 quidquid
2583 5627 2666 5672 est
2701 5619 2874 5676 ferum
2903 5633 2956 5678 et
2988 5637 3207 5696 agreste
3237 5628 3570 5698 reddidisset
3607 5629 3881 5690 obediens.

2292 5707 2504 5764 nullum
2545 5711 2772 5770 inimico
2807 5717 2875 5771 ad
2910 5717 3160 5775 fraudem
3201 5731 3388 5792 aptum
3431 5725 3886 5796 reliquitiustru-

2293 5813 2555 5858 mentum.
2583 5805 2716 5861 Abel
2742 5809 2841 5864 fttit
2867 5812 3080 5881 primus
3109 5826 3367 5885 operator
3399 5816 3511 5874 Deo
3537 5835 3622 5874 aet
3642 5831 3883 5889 eptorum
