4070 6408
311 362 389 426 197
1009 347 1189 410 VITA
1228 345 1290 406 S.
1332 339 1654 402 ANTONII
1694 339 2010 400 CAULEIE
2050 338 2557 400 PATRIARCH/E
2597 339 2705 400 (ΣΡ.

305 470 670 539 sacriﬁciorum;
701 459 794 518 sed
825 467 1206 522 cruentorum,
1239 466 1294 512 et
1321 455 1494 524 partis
1519 469 1642 524 qua:
1661 460 1812 508 caret
1841 469 1888 522 Α

303 569 490 626 ratione.
531 559 618 614 Hic
667 565 842 608 autem
892 551 1177 606 sacriﬁcus
1223 547 1492 602 incruenti
1529 544 1808 608 sacriﬁcii,

303 663 426 732 cujus
457 657 534 710 illa
555 656 702 706 erant
733 657 896 718 typus
927 653 982 698 et
1025 642 1216 696 umbra
1248 641 1460 694 ratione
1491 637 1812 692 sacriﬁcans

301 729 553 822 et-spiritu,
576 752 626 796 et
651 738 894 811 quotidie
929 735 1171 804 seipsum
1199 731 1514 792 immolaris,
1541 744 1571 784 a
1601 729 1813 782 ratione

299 850 544 903 alienarum
597 837 758 891 animi
823 829 1300 902 perturbationum
1367 823 1808 888 mortiﬁcatione,

296 949 384 996 erat
420 931 596 990 invidia
627 927 877 997 superior
907 934 962 979 et
996 923 1113 994 ejus
1139 921 1382 986 hiatibus,
1413 920 1540 975 dolo
1566 927 1619 972 et
1643 917 1810 980 caede,

294 1044 334 1088 et
372 1029 590 1083 universa
634 1021 868 1088 denique
925 1016 1094 1070 simili
1145 1023 1359 1068 catena.
1424 1011 1656 1080 Magnus
1709 1009 1815 1063 fuit

295 1120 426 1182 Scth;
461 1114 544 1170 sed
583 1111 766 1165 habuit
797 1115 1025 1178 nepotes
1075 1121 1138 1158 ex
1194 1104 1580 1174 conjunctione
1607 1117 1814 1168 cogna-

295 1210 440 1272 tionis,
472 1221 581 1274 quae
627 1201 849 1254 fratrem
911 1198 1222 1260 occiderat,
1278 1196 1370 1265 qui
1440 1195 1824 1263 magnitudine

296 1313 531 1370 corporum
563 1291 940 1348 describebant
992 1287 1178 1343 delicti
1211 1287 1666 1357 magnitudinem.
1715 1283 1815 1337 llic

293 1407 392 1448 vero
433 1389 563 1442 illius
601 1386 820 1455 quidem
858 1382 1114 1435 virtutem
1159 1379 1470 1450 superavit;
1505 1378 1576 1432 iis
1609 1385 1812 1440 autent,

294 1487 360 1556 qui
384 1499 436 1536 ex
463 1481 568 1549 ipso
589 1477 698 1532 nati
722 1485 881 1529 erant
913 1473 1253 1543 spiritaliter.
1280 1471 1496 1524 nullum
1526 1469 1639 1524 fere
1663 1469 1816 1524 dedit

293 1577 456 1628 aditum
487 1586 572 1638 per
604 1569 744 1622 bona
769 1582 868 1620 sua
895 1573 1162 1634 praecepta
1195 1573 1248 1616 et
1276 1563 1506 1625 monita,
1543 1569 1603 1614 ut
1633 1567 1817 1615 essent

293 1665 378 1718 11111
409 1659 694 1731 participes.
744 1655 934 1710 Enoeh
961 1663 1015 1708 et
1057 1653 1171 1706 Noe
1207 1653 1296 1706 ille
1348 1652 1568 1720 quidem
1621 1651 1816 1706 beatus

294 1755 467 1810 ducitur
515 1761 728 1820 propter
766 1746 1223 1810 translationem;
1273 1743 1365 1798 hic
1409 1753 1614 1810 autem,
1665 1741 1813 1810 quod

3403 341 3510 407 195

1988 449 2078 506 54.
2121 449 2258 505 Cum
2305 450 2460 505 Isaac
2509 449 2780 515 ascendit,
2825 451 3104 508 caelestem
3161 465 3372 524 patrem
3419 475 3508 515 se-

1914 560 2092 616 quens
2121 545 2426 612 jubentcm,
2465 557 2574 596 non
2624 543 2677 596 in
2725 545 2995 598 tumulum
3031 546 3294 616 aliquem.
3325 552 3418 605 sed
3455 553 3510 607 in

1916 645 2161 691 montem
2195 637 2483 698 virtutum,
2521 643 2752 689 onustus
2812 636 2978 706 lignis
3015 639 3387 694 continentiae.
3408 641 3514 698 Per

1916 738 2040 791 qua:
2081 725 2134 776 in
2168 737 2263 776 ara
2295 722 2476 776 cordis
2517 722 2771 776 desiderii
2801 725 2868 778 ad
2907 725 3071 780 [leum
3105 727 3281 798 ignem
3317 745 3512 786 accen-

1915 815 2074 878 dens,
2104 829 2164 868 se
2187 813 2423 868 hosﬁam
2461 813 2692 883 pra-ltuit
2736 826 3038 885 acceptam.
3075 819 3299 874 invenio
3325 831 3510 879 autem

1915 925 2039 964 cum
2071 909 2226 964 valde
2273 925 2398 964 esse
2437 908 2606 964 Jacob
2644 909 2942 970 imitatum.
2977 927 3082 966 non
3111 914 3286 967 solum
3326 916 3380 968 in
3409 931 3477 968 eo
3543 949 3548 986 τ

1915 1005 2062 1074 quod
2100 1019 2208 1057 non
2246 1003 2388 1058 ﬁctis
2436 1004 2687 1058 moribus
2744 1005 2892 1058 varie
2927 1006 3105 1060 .vitam
3137 1022 3294 1060 suam
3353 1007 3483 1060 insti
3543 994 3548 1008 ’

1916 1097 2102 1159 tuerit,
2135 1097 2230 1150 sed
2266 1097 2430 1150 etiam
2474 1096 2527 1148 in
2553 1111 2640 1158 eo,
2675 1096 2820 1164 quod
2853 1099 3078 1152 recessit
3132 1115 3161 1152 a
3213 1101 3410 1169 patria,
3459 1116 3514 1156 et

1915 1189 1970 1243 in
2002 1191 2178 1244 aliena
2217 1191 2436 1259 regione
2468 1195 2661 1259 degere
2692 1191 2946 1246 statuerit
2984 1211 2995 1245 :
3028 1193 3121 1246 sed
3153 1209 3258 1246 non
3293 1205 3505 1265 propter

1918 1283 2377 1338 cohabitationem
2403 1285 2716 1348 mulierum,
2743 1301 3019 1351 sororum,
3049 1287 3141 1340 sed
3163 1303 3384 1357 propter
3407 1291 3516 1343 vir-

1917 1383 2094 1428 tutum
2142 1391 2396 1430 sororum
2456 1376 2815 1440 desiderium,
2871 1379 3373 1447 contemplationis,
3428 1381 3512 1434 in-

1918 1483 2106 1538 quam,
2141 1478 2192 1522 et
2221 1469 2486 1532 actionis;
2539 1477 2598 1522 ut
2638 1469 2852 1523 actione
2897 1469 3172 1539 particeps
3199 1481 3350 1526 esset
3379 1487 3517 1526 con-

1921 1563 2323 1631 templationis,
2386 1572 2441 1616 et
2503 1577 2627 1630 quae
2667 1563 2888 1629 quidem
2941 1563 3006 1616 ad
3063 1579 3230 1617 unum
3283 1565 3513 1632 fontem,

1925 1671 2120 1724 nempe
2156 1657 2220 1709 ad
2259 1654 2492 1724 primum
2547 1655 2774 1720 bonum,
2825 1653 3140 1710 referuntur
3183 1666 3236 1710 et
3264 1659 3513 1727 erigunt;

1919 1763 2018 1818 per
2049 1764 2190 1817 quas
2227 1748 2682 1817 multiplicatione
2725 1749 3046 1818 insignium,
3083 1765 3190 1803 non
3238 1766 3266 1804 a
3303 1751 3520 1806 ratione

297 1861 420 1902 omne
461 1857 622 1914 genus
661 1839 1030 1894 animantium
1080 1835 1424 1892 conservarit
1479 1837 1532 1888 in
1584 1834 1813 1888 diluvio.
1851 1829 1891 1884 Β
1923 1844 2226 1896 alienarum
2255 1843 2551 1910 pecudum,
2588 1843 2679 1896 53;]
2715 1843 2928 1898 ratione
2968 1843 3344 1912 prmdimrum’
3388 1863 3516 1901 ev“-

295 1941 447 1994 Noster
473 1952 594 1990 vero
628 1936 720 1989 hic
745 1948 967 2003 quoque
995 1931 1262 2000 exemplis
1291 1945 1400 1984 non
1443 1928 1694 1992 inferior,
1737 1935 1822 1982 est

298 2031 486 2086 moribus
512 2027 762 2097 superior
785 2017 882 2081 :‘et
911 2025 1199 2079 translatio
1223 2039 1329 2077 non
1355 2023 1518 2077 habet
1546 2022 1812 2090 laetitiam,

296 2143 378 2196 quin
407 2139 492 2192 spe
534 2122 729 2175 mortis
795 2119 1250 2188 intert'umpatur,
1291 2117 1385 2172 sed
1443 2116 1566 2170 vita:
1603 2129 1822 2170 aeterna:

291 2217 512 2274 successio
549 2230 742 2286 puram
801 2215 1036 2284 percipit
1083 2213 1470 2282 voluptatem:
1531 2219 1584 2265 et
1639 2219 1822 2265 servat

288 2327 448 2376 arcani,
477 2325 578 2364 non
629 2309 853 2377 plenam
899 2305 1274 2360 animantibus
1311 2305 1544 2358 rationis
1582 2305 1821 2373 experti-

289 2405 435 2468 tibus;
475 2402 558 2456 sed
609 2399 944 2465 Ecclesium,
1006 2399 1166 2466 cujus
1225 2398 1314 2451 illa
1345 2405 1476 2452 sunt
1529 2397 1818 2466 imagines,

287 2496 404 2550 omni
436 2509 618 2564 genere
641 2501 703 2546 et
725 2500 886 2546 relate
915 2492 1150 2545 rationis
1177 2490 1510 2560 partieipum
1538 2489 1818 2546 refertam.

337 2590 410 2642 55.
439 2589 563 2642 Cum
584 2587 868 2642 Abraham
901 2583 1172 2640 voeationi
1211 2583 1352 2652 ejus,
1388 2584 1480 2653 qui
1499 2583 1685 2661 ipsum
1723 2599 1821 2638 vo-

281 2679 428 2734 carite
445 2688 660 2748 paterna
691 2679 874 2738 domo,
908 2675 1232 2746 emigrando
1253 2675 1577 2745 peregrinus
1597 2673 1822 2728 effectus

281 2773 426 2842 paruit
451 2787 612 2842 usque
657 2771 732 2826 ad
768 2781 1029 2824 mortem.
1068 2767 1174 2822 Sed
1215 2767 1305 2821 ille
1339 2767 1558 2836 quidem
1605 2764 1820 2837 fugiens

281 2880 478 2920 errorem
523 2864 713 2919 cultus
757 2867 1094 2926 daemonum,
1127 2875 1288 2930 quem
1327 2843 1516 2929 fugere
1565 2859 1650 2912 vel
1705 2861 1818 2927 ipsa

286 2957 410 3010 docet
431 2968 608 3010 natura
631 2965 696 3010 et
715 2971 892 3017 mens,
925 2968 1046 3022 quae
1073 2952 1358 3007 dominatu
1387 2949 1682 3005 deterioris
1713 2967 1820 3002 non

283 3049 462 3102 0111111110
481 3049 662 3119 perdid
681 3049 720 3101 it
746 3049 853 3100 vim
883 3043 1194 3115 judicandi,
1219 3045 1475 3100 tenebras
1507 3052 1560 3097 et
1590 3051 1818 3096 mortem

284 3141 376 3194 luce
409 3141 781 3206 commutavit,
815 3149 870 3194 et
897 3140 1100 3208 pietate
1135 3139 1494 3208 impietatem,
1533 3152 1658 3206 quae
1693 3143 1824 3190 sunt

287 3249 352 3287 res
381 3249 462 3304 per
503 3249 558 3290 se
630 3234 960 3301 expetenda:
1011 3229 1283 3286 universae
1319 3240 1548 3293 naturae,
1583 3244 1706 3299 qua:
1741 3237 1825 3282 est

287 3327 509 3396 particeps
535 3326 802 3381 rationis.
827 3325 926 3380 l-lie
951 3335 1137 3379 autem
1165 3340 1193 3378 a
1222 3327 1406 3394 pueris
1437 3323 1577 3378 lacte
1605 3321 1824 3392 pietatis

294 3421 526 3486 enutritus,
566 3429 622 3474 et
657 3419 858 3473 vivens
909 3417 963 3470 in
995 3418 1084 3480 iis,
1138 3431 1262 3486 quae
1306 3423 1465 3470 erant
1493 3412 1822 3482 expetenda,

294 3511 469 3580 (nullius
499 3514 645 3568 enim
703 3511 780 3566 rei
839 3510 1117 3582 fugienda:
1146 3524 1216 3564 ne
1254 3509 1544 3580 vestigium
1603 3507 1824 3577 quidem

287 3603 418 3658 ullum
447 3621 688 3675 unquam
721 3604 1042 3672 admiserat)
1082 3600 1394 3673 perfectiori
1423 3601 1635 3670 judicio
1675 3615 1825 3669 quae-

281 3699 401 3752 rebat
423 3701 584 3770 magis
618 3701 776 3770 pium
817 3708 1020 3754 statum
1053 3707 1107 3752 et
1129 3697 1306 3766 magis
1338 3695 1684 3764 eligendum;
1713 3694 1826 3746 vita

281 3791 434 3855 vitam,
459 3803 508 3847 et
539 3793 662 3847 luce
696 3793 903 3856 lucem,
939 3802 994 3846 et
1019 3791 1310 3861 eligendis,
1340 3797 1400 3843 ut
1423 3788 1594 3844 semel
1621 3789 1824 3853 dicam,

279 3893 553 3952 permutans
589 3887 770 3957 magis
803 3885 1074 3956 eligenda.
1107 3882 1388 3949 Quantum
1439 3897 1570 3936 vero
1601 3881 1828 3936 interest

278 3976 396 4030 inter
421 3978 686 4047 eligenda,
715 3987 774 4032 et
799 3992 862 4032 ea
887 3991 1012 4047 quae
1045 3984 1176 4030 sunt
1204 3975 1378 4046 magis
1399 3975 1683 4045 eligenda;
1709 3983 1829 4028 tan-

275 4073 368 4116 tum
397 4065 551 4119 etiam
595 4066 832 4120 omnino
868 4065 1102 4120 interest.
1145 4064 1288 4118 inter
1314 4079 1410 4119 eos
1457 4064 1549 4134 qui
1595 4063 1823 4134 eligunt.

277 4152 360 4209 Sed
391 4157 658 4213 Abraham
719 4158 945 4226 quidem
995 4172 1093 4211 eos
1128 4156 1368 4225 hospitio
1400 4155 1704 4225 accipiens,
1733 4155 1827 4226 qui

273 4251 548 4306 transibant
581 4269 682 4322 per
709 4252 976 4318 Mambre,
1010 4252 1180 4306 semel
1221 4251 1540 4320 imprudens
1591 4249 1830 4320 hospitio

272 4345 452 4414 accepit
489 4347 740 4416 angelos.
779 4345 879 4400 llic
907 4361 1040 4400 vero
1073 4343 1244 4399 totius
1289 4343 1439 4399 orbis
1496 4353 1656 4398 terrae
1693 4358 1832 4412 pau-

273 4449 404 4501 peres
435 4451 699 4508 perpetuo
751 4440 1056 4508 excipiens,
1115 4437 1398 4492 Christum
1461 4436 1704 4506 hospitio
1735 4451 1832 4504 per

1926 1934 1998 1988 sit
2038 1933 2268 2003 insignis
2301 1933 2442 1986 inter
2474 1933 2838 2002 patriarchas.

1995 2025 2084 2080 55.
2123 2027 2304 2078 Aaron
2348 2025 2451 2078 fuit
2497 2025 2707 2095 primus
2760 2025 3040 2094 pontifex,
3103 2025 3196 2081 sed
3253 2027 3414 2098 typici
3464 2037 3518 2082 et

1925 2119 2236 2175 umbratilis
2291 2118 2650 2172 tabernaculi.
2702 2119 2803 2172 llic
2854 2129 3036 2172 autem
3083 2119 3219 2183 veri,
3259 2129 3312 2174 et
3361 2118 3520 2187 cujus

1924 2209 2054 2264 illud
2090 2221 2205 2264 erat
2237 2208 2428 2279 ﬁgura.
2471 2211 2607 2264 Cum
2647 2211 2794 2264 Mose
2821 2209 2926 2263 fuit
2959 2208 3078 2262 Dux
3113 2212 3238 2264 novi
3271 2211 3514 2265 lsraelis.

1923 2301 2060 2356 Cum
2101 2300 2355 2356 Samuele
2396 2301 2497 2356 fuit
2545 2317 2703 2356 sacer
2738 2303 2806 2356 ab
2853 2303 3120 2368 infantia,
3169 2313 3222 2357 et
3253 2304 3319 2358 ad
3356 2319 3517 2358 sene-

1924 2404 2128 2448 ctutcm
2181 2409 2355 2462 usque
2396 2393 2506 2448 Deo
2552 2395 2819 2448 serviens.
2871 2393 3122 2448 Imitatus
3171 2406 3255 2448 est
3302 2395 3518 2449 Davidis

1923 2489 2424 2552 mansuetudinem,
2479 2495 2552 2552 et,
2587 2489 2632 2540 si
2669 2489 2772 2550 vis,
2800 2487 2964 2541 etiam
3004 2486 3380 2542 fortitudinem
3420 2499 3518 2543 :ut

1922 2583 2017 2652 qui
2043 2596 2150 2634 non
2187 2581 2452 2634 adversus
2483 2577 2723 2643 Goliath,
2761 2573 3042 2633 hominem
3078 2581 3369 2648 quemdam
3403 2596 3521 2634 ma-

1921 2671 2208 2743 gnitudine
2251 2673 2498 2742 corporis
2547 2672 2896 2742 gloriantem,
2941 2686 3003 2726 se
3050 2681 3198 2726 recte
3246 2673 3514 2741 gesserit;

1924 2768 2018 2822 sed
2073 2767 2337 2821 adversus
2381 2764 2596 2820 Goliath
2650 2765 2742 2835 qui
2783 2765 3083 2835 percipitur
3115 2765 3516 2838 intelligentia,

1925 2862 2250 2932 malignum,
2281 2861 2528 2930 inquam,
2556 2869 2610 2914 et
2637 2861 2838 2928 carnis,
2871 2868 3148 2930 expertem
3191 2861 3520 2927 tlzemonem,

1925 2973 2048 3010 cum
2100 2957 2254 3025 virga
2288 2954 2642 3009 continentia:
2684 2969 2939 3024 egressus
2980 2961 3063 3009 est
3107 2953 3256 3024 virga
3292 2953 3436 3020 ﬁdei,
3470 2965 3524 3007 et

1927 3047 2246 3115 praeclarum
2297 3047 2474 3102 erexit
2529 3056 2818 3117 tropmum.
2873 3045 3023 3100 Elias
3068 3045 3257 3116 elIugit
3291 3046 3524 3101 insidias

1928 3138 2219 3196 Jezabelis.
2264 3139 2362 3194 llic
2414 3150 2596 3194 autem
2635 3140 2864 3194 insidias
2915 3140 3248 3209 impudentis
3287 3142 3520 3210 peccati.

1931 3233 2131 3288 llabuit
2171 3251 2292 3287 rum
2331 3233 2529 3288 Elismo
2577 3233 2849 3303 duplicem
2901 3234 3141 3302 Spiritus
3171 3235 3428 3304 gratiam,
3465 3246 3525 3288 ut

1929 3327 2020 3397 qui
2055 3325 2374 3380 monasticis
2407 3331 2461 3378 et
2491 3323 2928 3380 sacerdotalibus
2960 3324 3122 3378 donis
3161 3334 3306 3378 esset
3351 3339 3522 3378 orna-

1931 3429 2036 3473 tus.
2064 3417 2130 3472 Et
2161 3428 2218 3472 ut
2250 3432 2366 3482 eos,
2397 3417 2490 3486 qui
2522 3417 2889 3482 intercedunt,
2938 3418 3261 3472 omittamus
3299 3427 3524 3486 propter

1929 3509 2363 3574 multitudinem,
2385 3507 2638 3574 Joannis,
2669 3510 2832 3562 vitam
2859 3525 2966 3562 non
2993 3524 3162 3579 agens
3187 3510 3520 3574 solitariam,

1929 3603 1982 3658 in
2016 3603 2191 3657 media
2243 3601 2464 3656 civitate
2512 3602 2760 3656 imitatus
2813 3602 3378 3672 estphilosOphiam.
3422 3603 3522 3657 Hie

1930 3709 2151 3764 quoque
2197 3695 2341 3763 quod
2399 3694 2468 3748 ad
2517 3709 2578 3750 se
2637 3693 2928 3758 attinebat,
2987 3694 3222 3750 habebat
3271 3711 3519 3751 mensam

1931 3786 2139 3854 absque
2171 3785 2282 3840 ullo
2316 3794 2604 3854 apparatu,
2637 3796 2690 3840 et
2717 3785 2808 3840 hic
2833 3800 2900 3840 ex
2928 3786 3054 3854 pilis
3087 3795 3344 3841 centexta
3375 3797 3523 3842 veste

1931 3893 2135 3948 corpus
2187 3883 2422 3948 tegebat,
2475 3886 2532 3933 et
2573 3878 2740 3932 veluti
2797 3880 3034 3948 quadam
3085 3879 3310 3948 pellicea
3351 3897 3520 3946 zona,

1932 3989 2127 4046 nempe
2167 3977 2641 4046 perturbationum
2683 3973 2856 4028 animi
2890 3972 3334 4037 mortiﬁcatione,
3377 3974 3524 4026 Iuro--

1931 4065 2031 4121 hos
2062 4041 2217 4122 “suos
2251 4065 2683 4135 eonstringebat,
2725 4071 2780 4119 et
2811 4064 2878 4118 ad
2911 4077 3034 4118 eum
3069 4061 3383 4116 conﬂuebat
3415 4077 3523 4116 non
3591 4041 3604 4056 ’

1935 4173 2043 4214 una
2079 4159 2311 4224 civitas,
2351 4173 2528 4229 neque
2579 4173 2685 4212 una
2729 4171 2886 4222 gens,
2925 4156 3019 4212 sed
3057 4157 3231 4210 turbae
3275 4155 3526 4225 plurimae

1933 4255 2134 4324 populo
2169 4253 2472 4324 frequentis
2504 4253 2761 4316 civitatis,
2797 4251 3040 4305 collectae
3062 4265 3126 4305 ex
3155 4265 3318 4304 omne
3350 4266 3526 4321 genus

1935 4347 2188 4418 gentibus
2217 4357 2271 4402 et
2295 4346 2631 4410 civitatibus,
2671 4353 2778 4398 tam
2809 4342 3127 4408 orientales,
3170 4357 3334 4411 quam
3379 4343 3528 4396 occi-

1936 4441 2214 4508 dentales;
2245 4456 2350 4493 non
2399 4454 2538 4508 aqua
2590 4439 2880 4509 tingendae,
2913 4437 3010 4492 sed
3058 4436 3330 4506 spirituali
3371 4435 3524 4506 puri-

273 4537 416 4583 tolam
463 4532 634 4586 vitam
665 4532 997 4602 excipiebat,
1055 4532 1145 4600 qui
1179 4515 1442 4586 ineﬂabili
1495 4529 1832 4598 benignitate
1868 4553 1908 4606 ι)
1941 4533 2162 4587 fucandae
2193 4532 2476 4602 mysterio,
2511 4530 2655 4600 quod
2696 4528 3059 4600 peragebatur
3085 4527 3285 4582 divinis
3315 4529 3525 4582 instru-

269 4636 340 4684 ca,
377 4639 490 4692 qua:
519 4636 654 4680 sunt
685 4625 932 4690 illorum,
959 4625 1058 4680 sibi
1085 4625 1336 4680 attribuit
1381 4643 1394 4678 :
1443 4639 1537 4692 per
1573 4639 1692 4692 quae
1723 4637 1830 4675 non

271 4712 314 4764 in
340 4718 508 4784 specie
557 4717 906 4788 angelorum,
945 4716 1040 4771 sed
1078 4719 1132 4770 in
1169 4717 1248 4771 rei
1288 4717 1534 4776 veritate.
1586 4715 1833 4769 Omnium

269 4807 567 4864 cilectricem
601 4811 938 4866 Trinitatem
983 4811 1036 4864 in
1079 4811 1319 4864 animam
1355 4811 1674 4871 admittens,
1727 4825 1833 4864 non

272 4897 438 4951 habuit
463 4901 897 4968 promissionem
947 4903 1109 4955 unius
1147 4900 1240 4954 ﬁlii
1273 4901 1366 4971 qui
1399 4901 1610 4954 carnali
1643 4909 1836 4969 praeter

271 5005 402 5056 spem
433 5003 552 5047 erat
577 4994 904 5048 nasciturus
935 4993 1328 5062 conjunctione
1357 5009 1372 5058 ;
1411 4993 1505 5047 sed
1545 5002 1603 5046 ut
1637 4993 1836 5046 multo-

267 5097 368 5135 Ium
403 5087 588 5153 potius
641 5085 878 5140 ﬁliorum
919 5086 1112 5140 activa:
1141 5084 1504 5155 philosophia:
1554 5085 1835 5156 eonjugio,

265 5173 308 5225 in
341 5178 530 5245 spiritu
588 5187 883 5232 vocaretur
917 5187 1096 5248 pater,
1135 5178 1327 5232 habuit
1385 5177 1833 5247 promissionem,

267 5275 312 5317 et
342 5281 532 5337 praeter
561 5285 722 5342 Spem
755 5271 888 5326 vidit
921 5271 1438 5338 multiplicationem
1468 5271 1686 5340 dignam
1707 5287 1838 5341 pro--

269 5360 532 5427 missione,
569 5373 634 5418 ut
661 5363 756 5434 qui
795 5377 904 5418 non
937 5371 1311 5418 trecentorum
1363 5378 1662 5419 vernarum
1697 5363 1840 5418 irru-

271 5453 470 5518 ptione,
525 5459 832 5511 multarum
895 5473 1085 5526 regum
1141 5456 1470 5526 represserit
1523 5457 1834 5528 impetum;

269 5545 348 5598 sed
397 5548 542 5602 virili
604 5549 813 5620 impetu
885 5549 1170 5620 tripartite:
1226 5552 1455 5616 animae,
1521 5553 1837 5604 universam

269 5632 724 5698 everterit'aciem
757 5661 972 5708 eorum,
1021 5645 1116 5716 qui
1167 5643 1524 5712 invadebant,
1557 5655 1614 5700 et
1654 5656 1844 5716 tyran—

273 5730 376 5790 nice
399 5735 476 5802 id,
505 5737 660 5807 quod
707 5746 791 5792 est
820 5747 1138 5810 cognatum,
1169 5753 1268 5808 per
1313 5739 1648 5810 voluptatem
1691 5741 1836 5797 redi-

273 5825 452 5888 gebant
477 5829 532 5884 in
561 5829 964 5900 Captivitatem,
993 5831 1096 5890 sub
1129 5833 1252 5886 ticta
1285 5832 1434 5902 regni
1471 5837 1671 5902 specie.

1940 4623 2139 4677 mentis
2163 4623 2310 4676 illius
2337 4637 2534 4676 manus
2560 4631 2611 4675 et
2647 4620 2865 4690 linguae,
2897 4627 2952 4674 et
2985 4618 3239 4672 initiabat
3277 4633 3395 4681 eos,
3432 4621 3530 4689 qui

1938 4713 2306 4783 dignabantnr
2333 4711 2722 4767 communione
2752 4709 2958 4764 deiﬁcze
2993 4709 3456 4778 participationis.

2009 4803 2098 4859 56.
2155 4805 2544 4874 Apostolorum
2606 4810 2788 4856 autem
2849 4816 3088 4871 sequens
3147 4801 3428 4856 doctrinas
3477 4809 3534 4855 et

1941 4900 2285 4966 traditiones,
2324 4910 2378 4954 et
2415 4901 2496 4955 eis
2521 4916 2674 4970 suam
2709 4900 2875 4953 vitam
2919 4913 3134 4969 semper
3166 4913 3528 4968 componens,

1940 4993 2101 5048 factis
2145 5010 2466 5066 germanum
2516 4993 2868 5048 conﬁrmavit
2899 4993 3248 5063 martyrium,
3297 4991 3350 5044 in
3381 4991 3532 5061 quod

1941 5095 2244 5157 martyrum
2297 5088 2474 5140 zelum
2531 5087 2756 5139 haberet
2789 5100 2888 5154 pro
2941 5084 3164 5154 pietate,
3204 5091 3257 5136 et
3287 5083 3534 5153 quotidie

1939 5195 2040 5234 sua
2075 5189 2380 5234 moreretur
2403 5177 2773 5243 conscientia;
2809 5177 3244 5232 monasticorum
3279 5175 3530 5228 laborum

1939 5274 2198 5329 diuturna
2252 5281 2306 5327 et
2345 5270 2542 5330 acerba
2591 5271 2985 5341 perpessione:
3037 5267 3182 5340 quod
3233 5266 3532 5337 martyrica

1941 5367 2142 5422 virtute
2189 5365 2336 5420 nulla
2397 5364 2452 5420 in
2511 5379 2570 5418 re
2603 5373 2690 5419 est
2738 5362 3028 5432 abjectius.
3083 5359 3344 5416 Omnium
3397 5375 3534 5430 ergo

1943 5469 2258 5514 sanctorum
2303 5467 2358 5512 et
2409 5457 2712 5527 justorum,
2766 5455 2982 5510 illorum
3045 5451 3266 5522 quidem
3326 5467 3528 5516 mores,

1943 5551 2142 5608 horum
2180 5565 2310 5606 vero
2341 5565 2590 5612 cursum,
2638 5550 2868 5604 aliorum
2901 5553 3082 5600 autem
3113 5544 3410 5608 actionem,
3453 5543 3532 5598 si-

1944 5645 2058 5700 mul
2085 5659 2218 5698 vero
2248 5642 2494 5698 omnium
2527 5642 2594 5696 ad
2627 5641 2864 5710 primum
2901 5639 3128 5701 bonum,
3161 5635 3533 5692 vehementis-

1946 5737 2145 5792 sitnum
2173 5743 2226 5791 et
2251 5733 2762 5790 constantissimum
2797 5731 3044 5787 imitatus
3071 5740 3154 5787 est
3173 5731 3526 5787 desiderium.

1946 5833 2066 5899 Quo
2099 5845 2244 5886 mine
2279 5837 2466 5900 aperte
2503 5827 2714 5896 fruens,
2765 5839 3021 5900 protegas
3063 5837 3120 5884 et
3165 5827 3452 5886 defendas.
3499 5841 3534 5878 0
