4070 6400
582 331 688 396 199
1755 314 2112 394 ANDREAS
2151 333 2668 396 C/ESARIENSIS
3723 342 3817 410 aco

579 447 828 501 divinum
872 453 928 502 et
962 460 1184 501 sacrum
1217 456 1401 516 caput,
1438 461 1656 502 sacrum
1689 463 1932 518 gregem,
1966 457 2021 502 et
2066 447 2176 503 tuis
2203 457 2253 514 Α
2279 464 2466 504 serves
2507 462 2698 503 navem
2743 448 2796 502 in
2829 457 2944 503 toto
2982 455 3139 518 porto
3187 446 3385 503 divinae
3415 449 3816 519 tranquillitatis.

579 541 835 608 precibus
861 541 1156 594 corrobora
1180 549 1392 608 sceptra
1424 540 1663 609 pietatis,
1693 549 1747 595 et
1777 556 1998 595 manum
2029 556 2168 610 prze-
2271 558 2464 597 omnes
2500 542 2697 596 sedans
2731 541 2977 596 turbines
3006 551 3060 596 et
3084 549 3434 610 tempestates
3458 541 3818 616 improborum,

580 633 712 688 beas
749 634 848 701 piae
903 627 1175 702 potentiae",
1218 632 1408 685 mottdi
1451 649 1614 687 coras
1664 649 1789 687 cntn
1825 648 1892 688 eo
1943 632 2168 703 partici-
2272 645 2328 689 et
2371 634 2612 687 ohrnens
2659 634 2899 688 insoltos
2949 634 3322 696 inimicorum,
3370 642 3477 687 tam
3521 650 3715 700 eorum,
3743 643 3819 707 qni

583 742 718 793 parts
757 745 769 779 :
803 737 855 778 et
887 725 1193 780 intereedas
1227 725 1368 793 apud
1426 724 1593 778 Deum
1632 726 1899 781 assistens
1931 727 2050 780 sine
2081 726 2166 778 in-
2274 725 2377 780 sub
2403 725 2592 780 oculos
2654 727 2892 787 cadunt,
2951 741 3116 796 quam
3181 726 3276 794 qui
3348 740 3456 779 non
3486 729 3722 792 'cadunt,
3777 734 3820 786 in

581 816 931 870 'termissione
979 830 1078 884 pro
1107 830 1194 878 eo,
1248 815 1394 886 quod
1444 818 1637 880 orasti,
1692 833 1818 870 cum
1850 833 2001 872 esses
2042 832 2166 871 cum
2273 818 2498 872 Christo
2531 815 2659 872 Jesu
2697 817 2929 872 Domino
2974 828 3185 883 nostro,
3221 821 3309 873 cui
3340 820 3508 887 gloria
3537 833 3587 874 et
3615 829 3821 892 potentia

581 905 723 973 ipso,
759 915 810 959 et
831 906 950 974 ejus
983 906 1105 960 vita:
1131 906 1426 962 interesses
1455 928 1467 962 :
1501 918 1554 963 et
1583 910 1918 964 mundanam
1953 911 2002 964 ei
2035 925 2170 964 con-
2275 925 2421 965 nunc
2450 920 2505 964 et
2533 925 2772 980 semper,
2803 920 2858 965 et
2891 910 2946 966 in
2977 911 3177 966 saecula
3209 913 3554 978 saeculorum,
3587 916 3762 970 Anien.

3665 1173 3806 1187 ’ἢ

1700 1358 1994 1538 AN
2004 1356 2722 1542 DBEAS

918 1700 1514 1790 CIESAREZE
1589 1697 2370 1805 CAPPADOCIE
2448 1700 3324 1798 ARCHIEPISCOP
3347 1711 3518 1800 US.

2177 1943 2251 1957 σε

1917 2117 2526 2232 ΝΟΤΙΤΙΑ

1564 2360 1698 2423 (Cas.
1721 2361 1897 2420 Ouum,
1928 2361 1998 2411 De
2033 2357 2204 2423 script.
2230 2362 2421 2423 eccles.,
2451 2366 2570 2413 tom.
2603 2362 2663 2425 II,
2690 2378 2739 2426 p.
2764 2364 2827 2414 95
2852 2364 2869 2428 )

643 2701 892 2759 Andreas
915 2702 1182 2758 Caesarea:
1211 2701 1596 2796 Cappadocum
1627 2707 2100 2780 archiepiscopus,
2130 2711 2198 2767 de
2225 2729 2339 2784 quo
2369 2715 2572 2772 eximie
2612 2716 2943 2776 Guillelmus
2967 2719 3148 2776 Cavns
3171 2722 3226 2777 in
3259 2721 3512 2780 Historia
3539 2728 3826 2796 scriptorum

571 2792 1082 2856 ecclesiasticarum,
1121 2791 1186 2844 ad
1219 2807 1421 2846 annum
1451 2792 1573 2847 500.
1615 2811 1736 2867 pag.
1765 2796 1891 2863 ¹579,
1925 2797 2011 2854 his
2049 2801 2229 2856 verbis
2260 2819 2274 2856 :
2311 2821 2330 2854 α
2373 2803 2619 2861 Andreas
2672 2805 2936 2863 Caesarea:
2957 2809 3344 2880 Cappadocum
3379 2791 3825 2886 archiepiscopus,

573 2882 776 2935 vixisse
805 2880 1023 2934 videtur
1055 2879 1206 2933 circa
1241 2881 1451 2935 exitum
1485 2883 1658 2937 seculi
1690 2901 1742 2939 v1
1779 2899 1843 2940 ac
1883 2887 2131 2944 ﬂoruisse
2163 2905 2311 2946 anno
2340 2891 2468 2946 500.
2501 2893 2713 2950 Incerta
2753 2896 2898 2951 enim
2937 2879 3167 2968 prorsus
3214 2899 3364 2957 illius
3400 2913 3560 2969 tetas,
3591 2921 3687 2969 nec
3735 2905 3825 2959 ulla

570 2970 692 3034 ejus
723 2969 866 3036 apud
919 2977 1135 3022 veteres
1175 2969 1404 3022 mentio.
1451 2969 1504 3023 Id
1548 2979 1759 3026 tantum
1807 2983 2044 3040 certum,
2096 2991 2222 3032 cum
2271 2989 2395 3049 post
2432 2979 2698 3037 Basilinm
2739 2999 2802 3038 ac
2833 2983 3093 3056 Cyrillum
3148 2988 3584 3047 Alexandrinum
3635 3004 3688 3048 et
3718 3003 3826 3047 ante

571 3057 835 3111 Arethant
865 3055 1266 3112 Caesariensem
1297 3057 1608 3128 scripsisse.
1649 3061 1885 3132 Scripsit
1919 3063 1984 3118 ad
2033 3063 2332 3120 Macarinm
2376 3068 2671 3138 quemdam
2714 3055 3138 3129 Commentarios
3174 3077 3230 3130 in
3271 3079 3670 3152 Apocalypsim,
3708 3096 3826 3150 quos

571 3144 766 3200 Latine
819 3144 983 3198 vertit
1013 3145 1340 3202 Theodorus
1373 3145 1653 3210 Peltanns,
1711 3149 1839 3205 Soc.
1867 3151 2021 3207 .Iesu.
2057 3154 2288 3210 Exstant
2321 3154 2735 3214 Graeco-Latine
2785 3160 2852 3216 ad
2888 3161 3049 3216 linem
3093 3144 3633 3222 Commentariorum
3659 3144 3823 3222 ﬁsa-nui

569 3232 952 3304 Chrysostomi
989 3234 1044 3286 in
1081 3233 1430 3305 Evangelium
1489 3235 1742 3304 Joannis,
1797 3240 1850 3292 in
1882 3242 2125 3296 editione
2157 3241 2472 3300 Morclliana
2505 3255 2654 3300 tomo
2690 3245 2822 3302 VIII.
2860 3266 2879 3300 ι
2925 3250 3004 3304 Ita
3034 3250 3214 3308 Cavus
3245 3251 3360 3308 fere
3410 3255 3736 3311 verbotenns
3771 3272 3826 3308 ex

568 3321 927 3385 Bellarmino,
971 3337 1132 3391 quem
1163 3325 1332 3377 etiam
1369 3339 1481 3379 non
1529 3327 1871 3381 nominatum
1905 3331 2412 3402 expressitpquam
2469 3334 2603 3388 mihi
2641 3336 2860 3406 culpam
2903 3348 3015 3392 tam
3068 3355 3211 3411 saepe
3256 3343 3462 3408 Carus,
3504 3345 3640 3401 alios
3681 3348 3824 3400 ctiam

567 3426 711 3478 saepe
740 3411 1083 3476 exscribcns,
1133 3411 1450 3481 exprobrat.
1501 3410 1682 3467 Unum
1725 3423 1907 3470 tamen
1955 3416 2325 3477 Bellarminus
2354 3421 2525 3487 addit,
2570 3428 2714 3494 quod
2747 3427 2928 3484 Carus
2970 3410 3297 3500 suppressit,
3331 3448 3530 3506 nempe
3556 3437 3682 3507 quia
3719 3452 3824 3491 cum

566 3516 674 3554 non
727 3499 952 3570 legisset
999 3501 1446 3559 Commentarios
1477 3503 1618 3559 istos
1648 3505 1884 3562 Andrere
1926 3506 2282 3566 Caesariensis
2335 3512 2556 3565 nomine
2595 3513 2914 3584 inscriptos,
2969 3499 3157 3573 errare
3191 3531 3318 3589 post
3352 3499 3737 3579 Bellarminom
3767 3525 3826 3577 ti-

567 3589 726 3641 muit.
757 3587 924 3642 Addit
961 3603 1094 3659 ergo
1125 3589 1516 3657 Bellarminus,
1550 3593 1824 3647 Andream
1858 3596 1911 3649 in
1945 3595 2352 3653 Commentario
2385 3598 2660 3654 Basiliam
2701 3601 3090 3661 Cwsariensem
3119 3587 3255 3676 stupe
3284 3611 3476 3666 citare.
3511 3611 3663 3679 Quod
3697 3622 3827 3666 certe

565 3674 764 3729 lalsom
793 3687 898 3742 est,
932 3692 1095 3746 quem
1130 3692 1197 3731 ne
1229 3679 1400 3732 semel
1431 3680 1655 3750 quidem
1681 3681 1736 3735 in
1775 3681 2174 3741 Commentario
2202 3701 2304 3742 suo
2329 3686 2579 3743 Andreas
2604 3689 2881 3758 allegavit,
2909 3692 3036 3749 licet
3061 3674 3428 3764 plurimorum
3457 3674 3674 3755 Pairum
3705 3700 3824 3754 alio-

565 3779 690 3818 rum
723 3773 777 3818 et
803 3765 966 3818 verba
1001 3773 1056 3819 et
1091 3779 1291 3820 nomen
1315 3767 1369 3820 in
1399 3783 1566 3838 opere
1595 3785 1696 3825 suo
1732 3775 2092 3842 expresserit.
2123 3774 2294 3832 Porro
2322 3791 2459 3833 mss.
2495 3777 2711 3834 codices
2736 3781 2900 3850 hujus
2926 3781 3348 3851 Commentarii,
3393 3789 3635 3844 maxime
3663 3789 3712 3844 in
3752 3789 3823 3844 hi-

565 3852 858 3906 bli0thecis
889 3853 1133 3916 variant,
1166 3861 1227 3907 ut
1263 3855 1428 3908 habet
1469 3854 1800 3914 Lambecius
1839 3859 1980 3916 libro
2011 3878 2062 3916 tv
2089 3879 2184 3917 seu
2213 3872 2362 3919 tomo
2391 3865 2929 3924 Commentariorum
2962 3871 3307 3931 bibliotheca:
3337 3875 3607 3932 Caesareae
3637 3876 3821 3932 Vindo-

565 3938 850 4001 honensis,
886 3938 954 3994 ad
985 3940 1206 3996 codices
1242 3957 1378 3997 mss.
1417 3942 1758 4014 theologicos
1785 3945 2006 4006 Graecos
2035 3949 2158 4018 I72,
2193 3953 2297 4007 175
2325 3964 2379 4008 et
2419 3953 2543 4020 174,
2579 3969 2702 4026 pag.
2741 3957 2869 4025 I80,
2900 3959 2986 4015 his
3012 3962 3193 4017 verbis
3232 3981 3246 4018 :

643 4046 662 4078 ι
697 4027 882 4082 Codex
916 4045 1021 4084 ms.
1051 4028 1425 4100 Theologicos
1452 4030 1679 4090 Graecus
1710 4035 1833 4103 172,
1873 4044 1955 4092 est
1993 4039 2339 4105 chartaceos,
2374 4041 2725 4098 mediocriter
2755 4047 3040 4118 antiquus,
3073 4050 3126 4104 in
3162 4051 3315 4117 lolio,
3345 4063 3674 4126 constatque
3697 4054 3825 4109 loliis

565 4117 690 4180 I20,
721 4127 775 4172 et
809 4117 874 4172 ad
909 4117 1186 4173 Andream
1211 4117 1548 4176 Taumarum
1581 4121 1992 4193 Epidauriotam
2018 4127 2146 4182 olim
2176 4130 2459 4200 pertinuit.
2492 4129 2824 4188 Continetur
2855 4117 2942 4201 eo,
2978 4137 3201 4194 Andreae
3245 4117 3601 4197 Caesariensis
3623 4145 3672 4197 in
3699 4143 3822 4210 (ἔαρι

563 4209 814 4276 padocia,
851 4208 1234 4277 archiepiscopi
1267 4209 1693 4266 Commentarios
1725 4215 1779 4266 in
1811 4215 2182 4287 Apocalypsim
2213 4221 2386 4273 sancti
2417 4217 2643 4274 Joannis
2665 4224 2895 4292 apostoli
2923 4235 2972 4278 et
3003 4228 3364 4296 euangelista,
3398 4231 3559 4300 cnjns
3599 4208 3824 4302 prrelatio

561 4297 894 4391 inscribitur;
933 4305 1099 4368 atque
1129 4298 1328 4391 incipit
1361 4300 1465 4391 hoc
1496 4302 1659 4391 modo
1689 4321 1701 4356 :
1751 4303 2168 4391 'Av5péouAdpxt:

2216 4307 2468 4362 τισκὸπου
2504 4311 2848 4381 Καισαρείας
2890 4315 3296 4381 Καππαδοκίας
3326 4297 3616 4390 ὲπισὼλήξ
3655 4322 3823 4391 Κυρίῳ

563 4395 665 4446 μου
691 4378 905 4450 ἀδελφῷ
933 4383 1028 4434 καὶ
1061 4381 1490 4455 συλλειτουργῷ.
1513 4384 1784 4450 Πολλάκις
1813 4389 2062 4459 αἰτηθεὶς
2096 4394 2249 4462 παρὰ
2280 4396 2493 4449 πολλῶν
2521 4397 2582 4466 ἐξ
2611 4378 2858 4472 ἀγάπης,
2893 4404 3125 4472 μείζονα
3151 4405 3252 4476 τῆς
3277 4378 3421 4477 ἐμῆς
3449 4378 3823 4479 δυνέμωςιώς

559 4467 880 4536 ἐσχηκότων
931 4469 1228 4540 ὑπόληψιν,
1281 4480 1386 4526 etc.
1433 4473 1555 4543 Ipse
1587 4485 1770 4529 autem
1801 4476 2166 4535 Commentari

2216 4499 2242 4539 s
2281 4484 2476 4558 incipit
2515 4487 2601 4543 his
2636 4467 2819 4545 verbis
2853 4467 3285 4564 :"Amxditud/tc
3461 4467 3612 4550 εστιᾷ
3652 4467 3822 4567 ses;

560 4554 824 4650 xpertth
856 4555 1176 4650 postqplmv
1206 4557 1460 4650 animate,
1495 4563 1983 4650 natauyaCopévou
2004 4567 2101 4621 τοῦ
2127 4554 2464 4643 ἡγεμονικοῦ
2490 4577 2601 4630 εἴτε
2641 4579 2730 4632 διὰ
2760 4579 2922 4634 θείων
2949 4554 3279 4650 ὀνειράτυλν,
3303 4554 3439 4647 εἴτε,
3475 4597 3587 4640 etc.
3625 4554 3825 4638 Pritrtts

571 4642 719 4696 hunc
749 4642 1246 4707 Commentarium,
1277 4646 1370 4700 sed
1399 4645 1590 4703 Latine
1621 4658 1833 4705 tantum
1861 4653 2035 4708 edidit
2065 4655 2388 4719 Theodorus
2413 4662 2673 4722 Peltanus
2708 4666 2832 4722 Soc.
2869 4669 3020 4734 .lcsu,
3056 4642 3390 4740 Ingolstadii,
3427 4642 3578 4742 typis
3623 4671 3824 4726 Davidis

567 4727 804 4826 Sertorii
849 4728 1014 4826 I584:
1053 4731 1438 4826 in-I..Eodcm
1467 4750 1686 4806 quoque
1717 4739 1879 4795 modo
1907 4751 2084 4800 exstat
2114 4745 2256 4803 idem
2289 4750 2730 4810 Commentarios
2755 4755 2808 4809 in
2835 4727 3026 4826 Magna
3069 4727 3410 4814 Bibliotheca
3449 4727 3691 4816 veterum
3729 4759 3822 4814 Pa-

561 4825 707 4871 trum
750 4817 1176 4874 Graeco-Latina
1205 4819 1536 4915 Earisiensi,
1565 4827 1692 4879 anni
1729 4827 1888 4896 1654,
1923 4839 2074 4887 tomo
2106 4833 2145 4900 I,
2174 4853 2203 4891 a
2227 4840 2481 4895 columna
2516 4842 2654 4898 I529
2685 4860 2858 4915 usque
2883 4817 2953 4899 ad
2973 4846 3083 4902 col.
3124 4847 3282 4901 I622.

631 4906 758 4970 I72,
804 4904 986 4961 Codex
1041 4922 1148 4963 ms.
1205 4906 1572 4980 Tlteologicus
1623 4913 1867 4984 Grteeus,
1916 4928 2000 4974 est
2044 4923 2390 4988 cbartaceus,
2434 4904 2786 4985 mediocriter
2836 4933 3116 5002 antiquus,
3150 4935 3204 4989 in
3255 4947 3478 5005 quarto,
3515 4945 3820 5006 constatque

557 4995 702 5049 foliis
734 4996 856 5054 I5I.
885 4995 1214 5051 Continetur
1248 5013 1336 5064 eo,
1367 5001 1593 5056 Andreae
1623 5003 1968 5063 Caesariensis
2007 5012 2062 5063 in
2097 5010 2437 5083 Cappadocia
2481 5018 2864 5088 archiepiscopi
2911 4995 3340 5076 Crinnuizntarius
3369 5025 3426 5077 in
3459 4995 3819 5095 Apocalypsin:

553 5084 727 5137 sancti
769 5081 999 5137 Joannis
1045 5086 1277 5154 apostoli
1312 5097 1360 5141 et
1394 5092 1751 5161 evangelium,
1791 5096 1886 5150 scd
1921 5081 2219 5167 perperam-
2247 5103 2570 5160 attribuitur
2617 5105 2862 5176 Origeni,
2896 5117 2955 5161 ut
2986 5110 3173 5166 videre
3225 5121 3304 5166 est
3341 5127 3404 5167 ex
3443 5113 3602 5168 titulo
3635 5111 3818 5168 Praela-

556 5171 748 5237 tionis,
798 5173 893 5241 qui
936 5172 1010 5227 ibi
1043 5173 1172 5228 talis
1203 5185 1289 5229 est
1320 5191 1333 5228 :
1368 5176 1464 5240 Εἰς
1493 5179 1592 5250 τὴν
1635 5180 1730 5233 τοῦ
1768 5182 1922 5251 ἁγίου
1963 5187 2163 5240 ἀποστό

2211 5205 2262 5241 ου
2296 5191 2390 5244 καὶ
2424 5192 2815 5261 εὐαγγελιστοῦ
2873 5197 3124 5251 Ἰωάννου
3153 5199 3249 5253 τοῦ
3289 5200 3554 5270 Θεολόγου
3597 5201 3818 5256 Ἀποκά-

551 5258 712 5327 λυψιν
760 5257 1026 5332 ἐξήγησις
1072 5261 1409 5332 Ὠριγὲνους,
1441 5263 1776 5336 θαυμαστῶς
1804 5270 1904 5341 τὴν
1935 5273 2158 5343 ἀσάφεια

2241 5281 2451 5352 ταύτης
2487 5257 2717 5353 είςνφῶς
2752 5287 3096 5357 παράγουσα,
3136 5288 3257 5359 Ipsa
3301 5257 3523 5360 quoque
3582 5290 3817 5347 Przel‘atio

552 5348 756 5401 ibidem
781 5349 837 5402 in
869 5347 1144 5419 principio
1177 5360 1264 5405 est
1296 5352 1515 5418 tnutila,
1546 5363 1602 5408 et
1632 5357 1792 5426 quasi
1827 5358 2042 5430 integra
2073 5381 2159 5422 ess

2211 5377 2241 5435 l,
2276 5347 2466 5437 incipit
2493 5347 2796 5427 hoc-modo
2883 5347 3200 5448 ιίροοίμιον.
3233 5347 3456 5450 Πρίῦτον
3499 5381 3600 5450 μὲν
3638 5380 3728 5434 οὖν
3751 5380 3818 5440 ὼς

551 5431 710 5488 οἶσθα
739 5437 836 5490 καὶ
888 5436 1075 5500 αὐτὸς,
1129 5438 1282 5491 πᾶσα
1313 5439 1672 5504 θεόπνευστος
1713 5445 1945 5517 Γραφὴ,
1981 5462 2088 5508 etc.
2131 5453 2158 5507 1

2229 5431 2406 5510 sancti
2455 5459 2685 5528 apostoli
2735 5472 2892 5532 atque
2931 5431 3818 5535 evangelistre'loannis—Theologi

553 5523 954 5592 Apoealypsim,
987 5523 1419 5582 Commentarios
1451 5529 1718 5600 Origenis,
1741 5536 1978 5591 mirabili
2000 5542 2155 5595 modo
2179 5523 2557 5601 obscuritatem
2589 5547 2737 5602 illius
2769 5523 2838 5602 acl
2871 5550 3038 5604 lucem
3061 5523 3351 5607 adducens.

631 5629 648 5658 ⁶
681 5610 884 5713 uouet
914 5625 1020 5713 Πιῆ-
1061 5611 1166 5667 Πλί
1204 5613 1548 5684 ιιιεοιοείοιιε
1574 5617 1818 5688 Graecus,
1848 5609 1940 5678 esi
1963 5628 2293 5686 chartaceos
2321 5643 2376 5688 ct
2415 5634 2572 5689 bona;
2609 5647 2772 5702 ποίεε,
2810 5639 2860 5691 in
2892 5639 2945 5702 4,
2979 5650 3301 5712 constatque
3327 5642 3468 5697 loliis
3499 5643 3590 5707 85,
3629 5643 3719 5713 qtti
3751 5642 3812 5696 ad

551 5694 1214 5799 InstinctttnSatttbucutn,
1268 5712 1338 5799 ut
1368 5705 1484 5775 ipse
1517 5707 1674 5762 solita
1703 5712 1939 5781 propriae
1971 5729 2168 5775 manns
2204 5722 2567 5791 inscriptione
2599 5733 2854 5793 testatur,
2887 5729 3017 5782 olim
3055 5694 3337 5799 pertinuit.
3379 5694 3704 5787 Continetur
3730 5747 3806 5786 eo.

552 5785 777 5840 Andre“:
807 5783 1172 5880 (ἷωδανὶειιδὲξ,
1197 5791 1252 5844 in
1299 5789 1640 5863 Cappadocia
1678 5799 2062 5874 archiepiscopi
2100 5783 2526 5866 Commentarios
2558 5813 2610 5867 in
2642 5783 3016 5889 Apocalypsint
3051 5783 3223 5878 sancti
3251 5817 3475 5876 Joannis
3517 5821 3734 5892 apostoli
3765 5825 3813 5872 et
