4070 6406
613 365 721 431 203
1791 374 2150 437 ANDREAS
2187 377 2728 439 C/ESARIENSlSo
3748 392 3839 459 20L

613 488 813 543 nobilis
844 496 899 544 ct
929 489 1423 546 senatoriiordinis
1455 489 1583 559 viri,
1614 489 1826 547 domini
1855 492 2073 559 Quirini
2120 494 2419 568 llellingeri
2455 516 2469 553 :
2503 496 2650 551 aliud
2687 503 3059 566 pcrvetustum
3108 496 3393 567 exemplar
3441 511 3506 552 ex
3559 500 3839 572 reipublicae

611 577 947 646 Augustante
975 577 1306 633 bibliotheca
1335 578 1646 647 impetravi,
1685 580 1831 649 quod
1859 595 1995 637 sane
2023 581 2324 653 plurimum
2359 584 2492 639 mihi
2525 583 2780 639 contulit.
2814 582 3081 649 Quamvis
3109 584 3257 638 enim
3295 599 3418 655 qute
3444 584 3645 642 ducalis
3668 590 3839 647 biblio-

620 664 779 719 theca
812 666 1277 734 suppeditaverat,
1317 666 1384 720 ad
1412 666 1462 720 id
1491 666 1637 736 quod
1666 666 2038 736 institueram,
2075 669 2210 725 satis
2235 686 2357 728 esse
2392 671 2690 742 potuerint,
2722 671 3078 743 Augustanus
3100 680 3281 725 tamen
3314 672 3482 725 codex
3527 675 3698 731 multis
3726 678 3838 736 locis

608 766 874 821 perquam
907 761 1257 822 opportunus
1289 751 1422 806 mihi
1456 751 1579 808 fuit.
1614 752 2057 811 liabebatautem
2094 757 2141 813 is
2176 771 2284 812 non
2310 757 2544 812 Andreae
2568 756 2950 823 Caesariensis,
2979 758 3075 812 sed
3104 756 3360 811 lethodii
3395 757 3628 816 titulum.
3664 762 3837 821 Verum

607 838 660 893 id
700 839 881 892 minus
911 849 1080 902 recte,
1116 838 1386 910 siquidem
1421 838 1823 897 Commentarii
1876 843 2042 914 hujus
2072 844 2424 907 architectus,
2460 859 2586 899 curn
2627 844 2680 899 in
2723 844 2841 915 ipsa
2898 843 3247 915 praefatione,
3294 853 3410 899 tum
3460 846 3585 900 alibi
3630 864 3839 922 persaepe

604 926 937 994 Methodium
968 930 1236 983 nominat.
1271 928 1650 987 Nihilominus
1684 941 1866 987 tamen
1891 933 1985 1003 qui
2018 930 2334 987 Grecorum
2371 931 2643 988 librorum
2675 932 2916 988 iudicem
2944 932 3211 996 confecit,
3252 932 3413 999 culpa
3442 936 3659 991 omnino
3689 950 3837 995 caret.

602 1012 739 1069 Nam
775 1030 899 1069 cum
930 1015 1121 1085 primae
1154 1016 1381 1088 pagellte
1420 1017 1893 1087 desiderarentur,
1930 1019 2245 1092 nulliusque
2282 1021 2419 1076 certi
2460 1020 2708 1076 auctoris
2759 1036 2961 1076 nomen
2995 1021 3127 1075 illud
3178 1020 3436 1075 volumen
3466 1024 3729 1091 pransum
3756 1027 3840 1082 ba-

603 1103 775 1167 berct,
807 1104 1077 1172 probabili
1105 1105 1305 1161 ductus
1343 1106 1554 1163 ratione
1578 1147 1593 1174 ,
1614 1106 1893 1164 Hethodio
1925 1123 2086 1179 quem
2123 1109 2180 1164 in
2202 1107 2434 1165 Joannis
2474 1109 2861 1181 Apocalypsim
2897 1108 3192 1180 scripsisse
3241 1110 3513 1174 audierat,
3563 1125 3693 1181 opus
3722 1114 3837 1170 illud

600 1191 869 1246 attribuit.
913 1210 931 1243 ι

672 1278 801 1335 Haec
834 1278 1118 1346 Pcltanus,
1154 1281 1369 1351 primus
1404 1282 1571 1353 hujus
1623 1283 1805 1355 operis
1837 1283 2041 1350 editor,
2092 1284 2187 1356 qui
2234 1283 2286 1339 in
2322 1283 2514 1339 multis
2560 1292 2773 1354 peccat,
2826 1283 2988 1355 cujus
3040 1298 3261 1340 errores
3315 1284 3457 1340 duos
3490 1284 3835 1343 animadverti.

598 1366 866 1434 Primum,
892 1368 1021 1423 dtttn
1056 1370 1133 1423 ait
1165 1369 1313 1424 hunc
1354 1380 1636 1426 auctorem
1667 1370 1879 1426 Basilio
1921 1370 2119 1442 Magno
2154 1371 2392 1442 ejusdem
2423 1373 2565 1426 sedis
2599 1372 2841 1427 antistite
2875 1374 3226 1443 posteriorem
3267 1373 3454 1442 fuisse,
3486 1384 3633 1427 extra
3660 1386 3834 1430 contro-

598 1457 824 1509 versiam
853 1466 952 1521 est,
985 1467 1043 1510 ut
1073 1458 1165 1527 qui
1192 1474 1297 1512 non
1320 1458 1483 1513 setncl
1511 1458 1566 1513 in
1599 1458 1697 1514 hoc
1732 1456 2129 1515 Commentario
2169 1461 2489 1517 nominetur.
2536 1459 2651 1516 Hoc
2689 1461 2838 1516 enim
2873 1476 3064 1517 verum
3124 1476 3236 1516 non
3278 1471 3383 1526 est,
3431 1471 3487 1516 et
3532 1467 3784 1533 quomodo
3811 1484 3836 1519 a

596 1542 889 1600 Theodoro
924 1544 1152 1600 Peltano
1183 1545 1290 1601 dici
1326 1548 1592 1617 potuerit,
1631 1563 1740 1603 non
1775 1548 1935 1602 video
1967 1564 1981 1602 :
2019 1548 2219 1618 quippe
2249 1563 2372 1602 cum
2418 1547 2624 1601 nullam
2685 1562 2918 1619 prorsus
2970 1547 3155 1603 Basilii
3202 1548 3558 1605 Caesariensis
3597 1552 3840 1621 archiepi-

595 1633 745 1701 scopi
781 1631 866 1687 vel
896 1632 1129 1689 alterius
1163 1633 1416 1704 ejusdem
1445 1634 1710 1702 nominis,
1754 1634 2091 1690 mentionem
2122 1634 2207 1690 vel
2238 1635 2555 1691 citationem
2583 1634 2769 1696 faciat.
2800 1642 2863 1689 ut
2882 1635 3015 1690 mihi
3053 1644 3313 1692 accurate
3349 1636 3548 1706 legenti
3594 1640 3833 1693 constitit.

598 1722 714 1775 lmo
742 1720 787 1775 si
820 1721 1161 1793 conjecturis
1195 1723 1588 1794 indulgendum
1626 1733 1793 1789 esset,
1826 1739 1952 1779 cum
1978 1731 2090 1778 tam
2124 1723 2422 1778 multorum
2450 1722 2785 1792 scriptorum
2835 1721 3212 1792 antiquiorum
3248 1720 3591 1792 frequentem
3630 1724 3837 1777 mentio-

597 1824 719 1861 ncm
756 1807 945 1873 faciat,
979 1809 1264 1879 altumque
1297 1811 1362 1865 de
1388 1809 1601 1866 Basilio
1631 1810 1971 1866 Caesariensi
1997 1810 2279 1865 silentium
2307 1810 2565 1866 observet
2602 1827 2617 1865 ε
2648 1809 2775 1865 inde
2800 1820 3129 1880 argumento
3151 1810 3437 1865 contrario
3463 1826 3562 1866 nec
3592 1811 3838 1881 improba-

595 1895 692 1949 bili
732 1895 1013 1964 conjicere
1036 1896 1247 1963 liceret,
1298 1910 1581 1953 auctorem
1628 1898 1775 1953 illius
1817 1898 1991 1953 fuisse
2030 1898 2304 1953 Andream
2342 1897 2508 1952 istum
2559 1897 2961 1953 Cmsariensem
3015 1898 3515 1968 archiepiscopum,
3558 1900 3646 1969 qui
3694 1899 3841 1954 dubio

595 1982 808 2054 procul,
852 1976 1033 2039 locum
1069 1984 1305 2056 aliquem
1340 1984 1545 2040 Basilio
1574 1982 1769 2056 Magno
1798 1986 2045 2056 ejusdem
2068 1986 2217 2041 sedis
2246 1984 2479 2040 antistiti
2510 2000 2639 2041 cum
2667 1984 2790 2040 aliis
2814 1985 3185 2055 scriptoribus
3217 1986 3483 2054 dedisset,
3510 1988 3649 2043 unde
3694 2003 3833 2043 suum

593 2071 1070 2127 Commentarium
1104 2071 1311 2139 hausit,
1350 2087 1453 2128 nec
1481 2074 1549 2127 ab
1590 2089 1658 2128 eo
1687 2072 1913 2129 citando
1963 2083 2019 2129 et
2048 2072 2336 2143 allegando
2385 2088 2614 2142 prorsus
2666 2082 3053 2144 temperasset.
3109 2072 3387 2129 Secundus
3412 2089 3572 2130 error
3598 2084 3697 2140 est,
3725 2076 3837 2131 dura

593 2176 716 2231 cap.
751 2157 846 2226 63,
886 2170 1011 2231 post
1045 2160 1343 2231 allegatum
1383 2159 1677 2225 Irenazum,
1707 2161 1842 2216 citat
1868 2159 2206 2217 Methodium
2240 2159 2614 2231 patriarcham
2659 2160 3342 2231 Constantinopolitanum
3376 2162 3464 2218 his
3509 2162 3685 2221 verbis
3731 2181 3745 2227 ;
3784 2163 3835 2217 Et

594 2266 817 2319 magnus
848 2251 1161 2321 patriarcha
1188 2248 1493 2305 Methodius
1526 2252 1581 2305 in
1604 2267 1845 2305 sermone
1880 2250 1949 2307 de
1990 2248 2441 2313 Resurrcctione,
2493 2248 2560 2302 de
2604 2248 2685 2302 Itis
2721 2251 2798 2303 ita
2826 2250 3033 2314 scribit,
3080 2258 3193 2305 etc.
3238 2248 3354 2306 Hac
3405 2250 3556 2307 enim
3607 2251 3839 2307 citatioe

594 2339 929 2394 haberemus
958 2348 1167 2409 aperte,
1206 2340 1536 2409 scriptorem
1573 2340 1720 2395 hunc
1751 2355 1860 2394 non
1888 2354 2013 2395 esse
2040 2337 2411 2409 antiquiorem
2459 2336 2676 2391 ultimis
2706 2336 2891 2392 saeculi
2924 2351 2980 2391 ts
3028 2336 3394 2407 temporibus.
3448 2335 3586 2392 Nam
3638 2337 3753 2394 licet
3777 2339 3839 2392 ad

596 2424 935 2480 Methodium
964 2426 1181 2498 Olympi
1214 2426 1534 2499 episcopum
1572 2436 1782 2497 spectet
1809 2427 1947 2481 liber
1978 2425 2045 2480 de
2076 2425 2482 2480 Resurrectioue
2510 2441 2673 2495 quem
2694 2424 2922 2496 profert,
2956 2439 3082 2479 cum
3116 2436 3300 2480 tamen
3330 2426 3490 2482 illum
3526 2427 3764 2483 indoctus
3789 2436 3837 2479 et

594 2516 850 2572 incautus
880 2515 981 2571 istc
1014 2516 1256 2586 scriptor
1281 2516 1385 2571 sub
1411 2516 1638 2571 nomine
1664 2516 1849 2586 Magni
1878 2516 2206 2583 patriarchae
2234 2516 2493 2570 Μαίη)άῆ
2525 2514 2792 2586 proferat,
2822 2515 3032 2571 diserte
3059 2515 3163 2570 hac
3193 2515 3627 2572 halluciuatioue
3649 2526 3837 2571 atatem

591 2619 750 2658 suam
784 2603 986 2675 prodit,
1028 2618 1197 2675 seque
1228 2604 1434 2660 vixisse
1471 2612 1595 2675 post
1629 2611 1874 2673 tempora
1907 2602 2164 2657 Methodii
2190 2603 2512 2671 patriarclue
2548 2601 3157 2671 Coustantiuopolitnui,
3206 2618 3371 2674 quem
3429 2621 3559 2660 cuna
3591 2603 3837 2659 Methodio

590 2689 805 2764 Olympi
850 2691 1027 2763 Lyclze
1059 2708 1155 2746 seu
1222 2690 1507 2746 Patarensi
1562 2692 1826 2763 episcopo
1883 2690 2152 2747 confudit.
2211 2690 2520 2746 Methodius
2562 2702 2787 2754 autem,
2842 2691 3159 2761 patriarcha
3213 2691 3835 2762 Coustautinopolitanus

587 2796 733 2835 anno
765 2780 871 2837 842
900 2783 1077 2837 factus
1103 2797 1136 2836 a
1166 2778 1429 2838 Michaele
1453 2779 1518 2835 Ill
1540 2779 2038 2854 Porphyrogenito,
2086 2795 2233 2837 anno
2259 2780 2365 2835 847
2406 2779 2494 2835 die
2524 2778 2593 2834 Η
2613 2777 2762 2833 Junii
2792 2779 2949 2845 obiit,
2976 2788 3034 2833 ut
3077 2781 3281 2836 habent
3299 2780 3437 2836 Acta
3461 2780 3684 2837 Joannis
3708 2781 3836 2834 Aua-

588 2875 823 2926 choreta:
845 2873 988 2942 apud
1012 2868 1329 2925 Simeonem
1362 2869 1815 2942 Metaphrastem.
1845 2870 2152 2926 Floruissct
2176 2882 2309 2939 ergo
2338 2868 2496 2939 juxta
2528 2868 2674 2925 hanc
2726 2868 2938 2922 Peltaui
2971 2867 3306 2935 versionem,
3339 2868 3432 2925 hic
3474 2868 3715 2925 Andreas
3738 2866 3837 2925 Cat-

586 2961 850 3015 saricusis
901 2959 1348 3029 archiepiscopus
1376 2959 1491 3014 sive
1525 2974 1857 3031 anonymus,
1895 2969 2019 3029 post
2043 2957 2284 3013 medium
2322 2956 2505 3013 saeculi
2548 2956 2701 3021 noni,
2738 2955 2903 3010 annis
2928 2955 3149 3010 circiter
3178 2955 3252 3010 50
3291 2956 3575 3013 Methodio
3619 2958 3830 3027 patriar-

589 3050 693 3104 tha
722 3048 1118 3118 citatojuuior.
1154 3047 1230 3102 Ita
1261 3057 1408 3104 certe
1436 3047 1597 3117 juxta
1630 3045 1881 3102 Latinam
1922 3047 2085 3117 hujus
2108 3045 2212 3100 loci
2239 3044 2546 3100 versionem
2585 3041 2639 3097 in
2669 3041 3005 3097 Bibliotheca
3044 3041 3289 3097 Veterum
3342 3043 3574 3099 Patrum
3609 3044 3839 3099 editionis

588 3137 750 3203 1589,
780 3135 1013 3192 Parisiis
1040 3146 1194 3191 tomo
1228 3137 1271 3202 l,
1308 3134 1419 3190 col.
1450 3133 1613 3200 1262,
1643 3135 1823 3205 capite
1844 3134 1936 3199 63,
1966 3133 2073 3190 col.
2108 3130 2267 3195 1360,
2290 3136 2349 3181 et
2374 3127 2428 3181 in
2456 3126 2581 3181 aliis
2608 3126 2949 3182 editionibus
2973 3126 3253 3190 omnibus.
3274 3143 3456 3198 usque
3480 3129 3549 3183 ad
3569 3127 3837 3183 Maximam

586 3226 1018 3297 Lugdunensem
1053 3222 1183 3278 anni
1222 3222 1385 3278 ιδη.
1420 3222 1529 3278 Sed
1560 3223 1751 3279 Graeca
1800 3222 1969 3278 editio
2010 3221 2173 3291 hujus
2212 3218 2398 3289 operis
2434 3216 2574 3273 inter
2605 3215 2788 3288 Opera
2832 3214 2899 3270 Ι).
2933 3216 3316 3289 Chrysostomi
3358 3218 3443 3275 sic
3479 3220 3676 3275 habet:
3713 3219 3766 3272 ὐ
3788 3217 3835 3270 δὲ

590 3316 770 3386 μέγας
802 3313 1065 3377 Μεθὸδιος
1091 3314 1149 3366 ὲν
1182 3310 1261 3383 τῷ
1290 3311 1429 3381 Περὶ
1471 3309 1871 3378 ἀναστάσεως
1904 3311 2051 3381 λόγῳ
2083 3312 2197 3366 αὖτε

2228 3306 2503 3372 Blaecca
2542 3306 2753 3372 οὕτως’
2807 3306 3074 3363 editionis
3114 3305 3483 3364 Commeliuae
3533 3309 3661 3363 anni
3695 3305 3835 3371 1596,

537 3419 542 3424 “
587 3398 964 3470 ileideibcrgte
1003 3397 1060 3452 in
1088 3394 1210 3464 ξυμ,
1247 3408 1416 3451 serm.
1449 3393 1541 3462 22,
1576 3395 1823 3452 sectione
1855 3394 1947 3461 63,
1981 3411 2108 3467 pag.
2137 3395 2230 3452 96.

650 3488 771 3543 iam
806 3488 872 3543 ad
902 3494 1121 3543 :etatern
1154 3501 1260 3558 qua
1287 3486 1496 3541 vixisse
1518 3495 1574 3541 ct
1594 3485 1886 3555 scripsisse
1913 3486 2005 3542 hic
2038 3496 2232 3541 auctor
2279 3485 2546 3548 creditur,
2593 3483 2943 3540 accedamus.
2978 3481 3224 3539 Joannes
3269 3481 3517 3541 Jacobus
3570 3482 3767 3540 Frisios
3790 3480 3838 3535 in

582 3570 924 3629 Bibliotheca
972 3572 1261 3627 uniuersali
1302 3571 1578 3625 Andream
1607 3569 1875 3626 Caesarem
1919 3573 2241 3641 episcopum
2294 3588 2443 3627 anno
2475 3572 2604 3638 5⁸19,
2633 3579 2691 3627 ct
2744 3572 3007 3627 Aretham
3057 3570 3306 3641 ejusdem
3351 3570 3507 3627 sedis
3557 3571 3835 3627 antistitem

581 3676 728 3717 anno
758 3661 861 3716 587
890 3659 1173 3728 assignat;
1201 3675 1367 3731 quem
1435 3667 1660 3714 secutus
1698 3669 1782 3714 est
1828 3659 2262 3731 Christopherus
2294 3660 2549 3719 llelvicus
2584 3661 2642 3717 in
2677 3660 2906 3715 Theatra
2936 3660 3219 3727 historico,
3252 3675 3378 3731 pag.
3425 3660 3556 3725 106,
3601 3658 3834 3716 editionis

584 3746 864 3820 Marpurgi
896 3745 1183 3801 Cattorum
1225 3746 1386 3811 i638,
1422 3748 1475 3801 iu
1510 3745 1665 3801 folio.
1703 3746 1781 3801 Ita
1819 3756 1878 3801 ιιι
1910 3748 2105 3804 ambos
2126 3751 2232 3806 sibi
2263 3755 2613 3826 synchrouos
2644 3753 2966 3809 constituat.
2989 3752 3316 3808 Guillelmus
3338 3753 3563 3810 Caveus
3588 3753 3640 3807 in
3672 3751 3835 3806 [listo-

581 3835 669 3890 ria
701 3836 781 3891 rei
808 3836 1092 3891 litterarire
1121 3851 1212 3890 seu
1246 3836 1311 3890 de
1343 3835 1695 3905 scriptoribus
1727 3834 2148 3904 Ecclesiastieis,
2179 3842 2454 3896 Andream
2487 3857 2632 3897 anno
2662 3841 2787 3907 500,
2817 3856 2939 3911 pag.
2964 3840 3095 3907 379,
3124 3840 3386 3896 Aretham
3427 3855 3579 3897 anno
3606 3841 3705 3895 640
3732 3838 3833 3893 alli-

583 3933 698 3998 gat,
735 3923 1134 3981 Bcllarminum
1159 3923 1261 3980 hac
1293 3926 1347 3980 in
1378 3934 1535 3996 parte
1562 3925 1941 3980 caecuticntem
1962 3928 2273 3997 amplexus.
2309 3928 2550 3985 lacubus
2605 3930 2932 3986 Perizonius
2966 3929 3020 3983 in
3060 3928 3276 3984 erudita
3328 3927 3724 3986 Dissertatioue
3752 3926 3836 3981 ad-

581 4026 775 4070 versus
808 4012 1153 4069 Grouovium
1180 4014 1449 4085 collegam
1481 4013 1546 4068 de
1572 4022 1741 4068 morte
1770 4012 1932 4069 lude
1962 4024 2011 4069 et
2042 4030 2168 4070 voce

2225 4017 2688 4089 οὖάπάγχεσοαι,
2742 4032 2869 4088 cap.
2913 4018 2969 4083 ι,
3016 4032 3144 4087 pag.
3176 4016 3271 4082 40,
3309 4017 3380 4072 de
3425 4017 3515 4073 his
3547 4016 3751 4072 duobus
3774 4016 3832 4066 ita

580 4103 847 4177 loquitur.
892 4121 913 4155 ο
948 4105 1017 4158 At
1044 4102 1283 4159 Arethas
1316 4101 1424 4158 iste
1454 4103 1733 4158 contraxit
1771 4102 2007 4159 Andreae
2036 4102 2393 4159 Ctesariensis
2432 4103 2878 4158 (hnnnteutarios
2911 4100 2965 4156 in
3008 4101 3317 4170 epitomeu,
3354 4107 3525 4171 atque
3549 4100 3670 4155 ἰάσει)
3700 4099 3833 4153 locu-

579 4192 760 4247 tiones
792 4190 840 4245 si
868 4205 977 4245 uon
1012 4190 1180 4260 plane
1203 4204 1424 4254 omnes,
1453 4199 1509 4245 ut
1537 4190 1812 4261 pler-reque
1836 4198 1967 4244 sunt
2012 4190 2160 4246 illius
2209 4190 2465 4252 Androm,
2517 4188 2611 4259 qui
2656 4189 2847 4244 seculo
2880 4204 2961 4254 tv,
3003 4187 3281 4245 successit
3322 4186 3533 4244 Basilio
3574 4186 3762 4255 Magno
3787 4186 3835 4237 in

576 4280 975 4335 Caesariensem
1014 4277 1381 4349 Cappadocia:
1400 4279 1803 4348 episcopatum.
1839 4277 1946 4332 Sed
1975 4286 2031 4331 et
2058 4278 2292 4333 Arethas
2315 4277 2432 4347 ipse
2466 4277 2698 4331 refertur
2732 4277 2803 4331 ad
2840 4277 3108 4333 saeculum
3144 4292 3221 4341 vr,
3263 4288 3431 4348 atque
3464 4280 3541 4333 ita
3565 4278 3721 4347 longe
3744 4290 3833 4328 auo

575 4370 787 4440 tiquior
824 4377 909 4422 est
937 4365 1359 4437 iurisconsultis
1392 4367 1491 4436 qui
1526 4365 1768 4421 Basilica
1798 4364 2181 4429 coniecerunt,
2205 4374 2263 4423 et
2292 4380 2528 4437 quorum
2575 4374 2758 4420 tamen
2810 4366 3141 4421 auctoritate
3188 4365 3256 4421 ad
3299 4365 3645 4436 probandam
3699 4359 3835 4417 verbi

575 4456 933 4526 ἀπάγχεσθαι
958 4454 1445 4525 signiﬁcationem,
1472 4452 1646 4508 utitur
1672 4453 1753 4507 vir
1781 4453 2127 4509 clarissimus
2158 4452 2429 4511 Henricus
2462 4453 2799 4524 Stephanus,
2834 4469 2888 4522 p.
2921 4454 3013 4511 68.
3041 4472 3059 4506 ι
3107 4453 3235 4510 lites
3283 4454 3508 4510 incaute
3553 4455 3632 4507 vir
3659 4449 3838 4506 doctus

576 4545 827 4615 scripsit,
868 4543 1037 4614 cujus
1054 4542 1247 4597 verbis
1270 4542 1463 4613 paucis
1492 4551 1610 4596 tres
1635 4556 1857 4598 errores
1882 4540 2097 4599 insunt.
2132 4540 2350 4597 Primus
2384 4542 2520 4598 dum
2537 4543 2814 4598 Andream
2844 4541 3109 4598 Caesareae
3143 4542 3538 4613 Cappadocum
3587 4538 3834 4607 archiepi-

575 4646 804 4702 scopum
835 4632 1039 4687 swcuio
1072 4646 1126 4685 tv
1157 4631 1425 4699 assignat,
1457 4629 1553 4700 qui
1587 4629 1771 4685 medio
1802 4629 1990 4685 saeculi
2016 4646 2067 4683 ts
2094 4630 2345 4687 art-terior
2375 4646 2483 4687 non
2509 4642 2618 4685 est.
2651 4630 2928 4686 Secundus
2961 4630 3091 4686 dum
3124 4631 3403 4685 Andream
3434 4630 3693 4684 cutndem
3718 4642 3833 4682 suc-

574 4721 818 4775 cessisse
849 4721 1024 4790 iuquit
1056 4718 1262 4774 Basilio
1318 4717 1516 4788 Magno
1544 4714 1811 4773 Cassareae
1868 4715 2263 4787 Cappadocum
2314 4718 2759 4789 archiepiscopo,
2806 4720 2900 4789 qui
2946 4734 3095 4773 anno
3151 4719 3263 4774 369
3295 4718 3598 4787 episcopus
3649 4716 3833 4777 factus,

573 4825 721 4867 anno
748 4810 857 4866 518
893 4812 996 4867 sub
1048 4810 1319 4867 Gratiano
1365 4821 1419 4866 ct
1452 4809 1845 4866 Valentiniano
1876 4822 2131 4867 mortuus
2181 4818 2265 4864 cst
2299 4808 2561 4864 Kalendis
2597 4806 2870 4871 Januarii,
2901 4807 3058 4877 juxta
3107 4806 3406 4861 Barouium
3468 4807 3524 4861 in
3560 4802 3838 4859 Annalibus

569 4902 970 4957 ecclesiasticis.
1002 4900 1217 4956 Tertius
1247 4902 1377 4956 dum
1414 4900 1681 4956 Arellium
1708 4898 1914 4955 saeculo
1944 4916 1995 4953 vt
2029 4899 2219 4963 refert,
2272 4910 2435 4965 quem
2474 4904 2665 4965 postea
2688 4896 2897 4951 saeculo
2929 4912 2962 4950 χ
2999 4896 3066 4951 ad
3101 4911 3306 4949 annum
3340 4894 3448 4950 9M
3504 4906 3558 4951 et
3599 4890 3704 4948 9&0
3731 4890 3827 4944 cla-

572 4992 754 5047 ruisse
788 4990 1165 5062 probabimus.

639 5075 763 5131 Jam
801 5076 991 5145 igitur,
1020 5085 1082 5130 ut
1106 5076 1288 5131 atatis
1316 5075 1584 5146 epocham
1617 5074 2026 5145 aggrediamur,
2056 5082 2182 5142 post
2212 5081 2483 5128 attentam
2512 5068 2915 5127 Commentarii
2938 5069 3126 5142 hujus,
3158 5080 3217 5126 ut
3254 5066 3467 5140 aliquid
3501 5070 3571 5125 ab
3595 5082 3662 5124 eo
3695 5064 3835 5135 expi-

569 5180 877 5230 scarcmur,
913 5164 1278 5235 iteratamque
1310 5150 1601 5220 lectionem
1640 5164 1805 5218 :dico
1833 5162 1981 5217 hunc
2001 5162 2278 5216 Andream
2309 5159 2706 5217 Caesariensem
2749 5160 3250 5232 archiepiscopum,
3278 5158 3447 5229 hujus
3487 5152 3837 5228 expositionis

565 5253 942 5320 collectorem,
973 5253 1080 5309 sub
1102 5251 1296 5309 saeculi
1328 5260 1542 5307 tantum
1570 5267 1627 5306 ιι
1659 5250 1904 5311 inediam
1932 5249 2246 5319 scripsisse,
2282 5259 2450 5319 atque
2483 5248 2626 5303 adeo
2644 5255 2699 5302 et
2721 5245 3117 5304 Bellarminum
3151 5256 3207 5303 et
3233 5246 3564 5314 scriptorem
3596 5244 3714 5313 ejus
3742 5242 3835 5295 Ca-

560 5359 751 5410 veunt,
782 5344 945 5401 annis
964 5357 1186 5400 errasse
1214 5358 1345 5399 ωσι.
1366 5342 1452 5398 vel
1486 5342 1730 5407 circiter,
1759 5342 1813 5397 in
1849 5349 2010 5397 aetate
2042 5341 2205 5397 istius
2231 5338 2779 5411 assignarrda,3longe
2800 5339 3017 5407 turpius
3036 5353 3203 5410 quam
3236 5351 3340 5408 ego
3374 5337 3426 5390 in
3451 5343 3615 5391 atate
3638 5332 3835 5387 Simeo-

561 5433 651 5489 nis
684 5431 1071 5505 Metaphrastis
1100 5433 1403 5503 assignate.
1436 5430 1537 5488 His
1558 5430 1902 5501 minuentis
1932 5430 2135 5485 ductus
2164 5428 2242 5485 ita
2273 5429 2477 5484 sentio.
2506 5416 2797 5483 L'Auctor
2822 5426 2988 5498 hujus
3022 5425 3403 5483 comentarii
3458 5425 3514 5479 in
3579 5419 3836 5491 Apocaly

562 5523 728 5589 psim,
755 5536 823 5578 ex
852 5524 977 5579 aliis
1005 5522 1328 5579 transcribit
1350 5530 1519 5592 atque
1542 5512 1915 5577 transcribere
1937 5534 2000 5576 se
2018 5518 2341 5589 proﬁtetur,
2367 5516 2515 5587 quod
2538 5516 2761 5571 saeculis
2802 5514 3065 5572 Ecclesia:
3109 5515 3355 5586 quinque
3406 5524 3465 5567 et
3521 5527 3618 5567 sex
3658 5506 3841 5578 primis

562 5610 871 5665 inauditum
902 5611 1031 5676 fuit,
1058 5611 1361 5682 saeculique
1384 5610 1517 5665 noni
1544 5609 1854 5680 proprium,
1881 5617 1942 5663 ut
1977 5607 2186 5665 eruditi
2221 5619 2423 5659 omnes
2468 5614 2695 5659 norunt.
2732 5602 2877 5674 Ergo
2916 5604 3004 5659 hic
3037 5613 3234 5660 auctor
3277 5610 3489 5672 spectat
3533 5606 3745 5654 tantum
3774 5592 3837 5682 ad

561 5699 823 5754 stu-culum
860 5698 1119 5757 Ecclesiae
1154 5716 1231 5755 rx.
1268 5681 1322 5755 ω
1356 5699 1659 5769 probamus
1685 5714 1751 5754 ex
1782 5697 1917 5768 ipsis
1953 5697 2120 5767 huius
2149 5692 2545 5752 Commentarii
2598 5692 2807 5759 ver-Iris,
2853 5702 2912 5748 ut
2959 5693 3246 5763 prolitetur
3269 5704 3535 5758 espresse
3568 5694 3753 5740 auctor
3781 5681 3835 5733 in

562 5784 813 5855 Prologo.
844 5786 1066 5842 Constat
1108 5804 1334 5857 namque
1370 5792 1551 5842 beatos
1582 5787 1707 5841 illos
1732 5789 1871 5841 uiros
1897 5787 2186 5854 Palmaque
2222 5792 2454 5846 nostros,
2489 5778 2803 5851 Gregorium
2831 5780 3175 5854 Theologum,
3210 5780 3480 5851 Cyrillum
3515 5771 3830 5828 Alexandri-

560 5890 711 5941 num,
739 5876 1005 5947 multoque
1040 5877 1182 5929 hisce
1213 5877 1519 5931 vetustiores
1558 5875 1809 5944 Papiam,
1848 5875 2136 5941 lremt'ttm,
2194 5870 2527 5925 Nelltodiuut
2564 5880 2612 5924 et
2661 5869 3029 5941 Hippo/glorior,
3080 5873 3318 5925 diuinum
3355 5867 3568 5937 ﬁdeque
3622 5862 3828 5931 dignum
