4070 6460
555 438 659 500 207
1724 440 2053 502 ANDREAE
2092 440 2162 499 Cf

2162 438 2610 500 ESARIENSIS
3683 439 3769 502 208

555 549 926 605 Continentur
957 566 1023 605 eo
1056 554 1227 621 primo
1252 561 1305 607 et
1336 552 1555 623 quidem
1591 566 1621 607 a
1662 552 1755 607 I‘ol.
1788 553 1809 607 i
1846 568 2023 621 usque
2052 552 2118 604 ad
2157 550 2255 604 fol.
2294 549 2383 614 7i,
2420 548 2728 624 Proverbia
2750 545 3053 601 Salomonis
3078 559 3204 601 cum
3256 547 3586 618 amplissima
3610 563 3771 610 catena

553 640 671 694 sive
708 642 1108 694 commentario
1153 656 1219 695 ex
1260 642 1540 696 variorum
1598 650 1915 696 sanctorum
1964 638 2215 700 Patrum,
2248 636 2595 703 aliorumque
2628 641 2875 688 veterum
2926 633 3257 703 scriptorum
3310 635 3773 695 eccleLsiasticorum

561 726 827 795 Operibus
872 727 1142 790 collecto,
1193 727 1352 797 cujus
1392 727 1722 797 principium
1776 745 1790 781 :
1847 728 1913 780 Ai
1954 743 2161 796 παροιμ.

2169 726 2243 777 ίαι
2296 725 2648 794 περιέχουσιν
2699 721 2986 776 παίδευσιν
3035 720 3185 790 ἠθῶν
3243 722 3338 775 καὶ
3398 723 3581 777 παθῶν
3628 727 3771 780 ἐπαν-

549 813 809 884 όρθωσιν,
846 821 957 867 etc.
988 813 1251 878 Secunao,
1288 824 1342 868 et
1379 816 1599 884 quidem
1643 830 1671 868 a
1704 814 1798 869 l‘ol.
1832 815 1900 869 72
1940 829 2112 881 usque
2154 811 2222 865 ad
2281 811 2377 864 fol.
2437 812 2563 872 529,
2604 810 2776 864 Isaias
2808 809 3063 879 propheta
3090 825 3214 863 cum
3244 810 3576 878 amplissima
3619 825 3779 868 catena

551 901 667 953 sive
725 904 1123 954 conmentario
1175 916 1243 955 ex
1304 903 1582 955 variorum
1626 910 1945 955 sanctorum
1978 900 2199 954 Patrum
2231 900 2583 968 aliorumque
2637 908 2881 952 veterum
2920 898 3251 966 scriptorum
3308 898 3777 955 ecclesiasticarum

546 987 809 1055 operibus
861 988 1118 1053 collecto,
1160 989 1324 1058 cujus
1375 990 1745 1059 principium:
1780 988 1887 1041 Τοῦ
1944 988 2153 1055 ἁγιωτά

2170 1002 2249 1038 που
2289 986 2565 1056 Κυρίλλου
2622 985 3062 1056 ἀρχιεπισκόπου
3122 985 3529 1058 Ἀλεξανδρείας
3579 990 3651 1051 είς
3700 991 3777 1042 τὸν

564 1074 797 1126 Ἡσαΐαν
828 1076 1141 1145 προοίμιον.
1181 1078 1538 1146 Ἀσυμφανὴς
1573 1078 1671 1147 μὲν
1700 1076 1812 1129 τῶν
1839 1076 2012 1145 ἁγίων
2044 1075 2340 1144 προφητῶν
2372 1075 2551 1142 λόγος,
2587 1085 2692 1127 etc.

619 1179 638 1211 ι
680 1160 954 1217 Collector
996 1164 1289 1234 utriusque
1328 1164 1494 1233 hujus
1527 1174 1759 1225 catenae,
1812 1178 2011 1231 nempe
2045 1173 2154 1217 tam
2190 1164 2242 1216 in
2298 1162 2585 1217 Proverbia
2628 1162 2958 1226 Salomonis,
2992 1176 3157 1231 quam
3199 1163 3253 1215 in
3284 1161 3531 1227 Esaiam,
3563 1161 3781 1233 fuitqui-

541 1246 666 1300 dain
707 1249 960 1303 Andreas
984 1250 1296 1320 presbyter,
1333 1253 1408 1304 uti
1444 1252 1631 1304 videre
1654 1260 1735 1305 est
1766 1250 1898 1304 folio
1922 1250 2027 1304 329
2054 1253 2169 1307 sive
2200 1252 2400 1307 ultimo
2428 1269 2442 1305 :
2472 1253 2677 1322 quippe
2712 1252 2805 1306 ubi
2838 1252 3021 1307 scriba
3058 1253 3150 1322 qui
3184 1260 3357 1307 totum
3390 1252 3536 1307 hunc
3564 1254 3784 1310 codicem

540 1352 641 1392 sua
677 1353 846 1392 manu
878 1339 1155 1397 exaravit.
1194 1340 1430 1394 lectores
1466 1347 1620 1410 rogat
1644 1353 1806 1393 orare
1834 1338 2027 1400 Deum.
2059 1348 2120 1392 ut
2161 1341 2213 1393 in
2253 1340 2540 1394 tremendo
2578 1340 2757 1393 ultimi
2783 1339 2978 1408 iudicii
3003 1339 3093 1394 die
3123 1341 3455 1395 misereatur
3497 1355 3601 1395 non
3627 1343 3783 1396 solum

542 1426 654 1489 sui,
698 1440 886 1480 verum
921 1426 1088 1481 etiam
1130 1426 1382 1497 Ἀνδρέου
1416 1426 1558 1479 ἐλέει
1582 1425 1720 1478 Θεοῦ
1744 1426 2152 1497 πρεσϐυτέρου,
2197 1426 2293 1480 τοῦ
2323 1428 2726 1495 συναγαγόντος
2761 1426 2856 1480 καὶ
2887 1426 3276 1497 παραθεμένου
3299 1427 3398 1489 τὰς
3427 1427 3789 1503 ὲμφερομένας

541 1516 606 1583 τῇ
641 1512 809 1583 βίϐλῳ
838 1512 1016 1586 ταύτῃ
1047 1515 1445 1585 παραγραφάς.
1476 1513 1717 1583 Tempus
1749 1524 1931 1568 autem
1966 1531 2079 1583 quo
2110 1515 2148 1567 it‘

2173 1531 2253 1570 em
2290 1517 2464 1571 codex
2490 1525 2753 1571 exaratos
2778 1523 2887 1577 est,
2922 1515 3199 1571 indicatur
3228 1514 3351 1569 folii
3389 1515 3457 1569 75
3486 1517 3677 1585 pagina
3708 1533 3780 1572 se-

541 1601 745 1667 cunda,
774 1616 873 1670 per
901 1600 1273 1671 fragmentum
1303 1602 1522 1654 canonis
1553 1599 1837 1654 Paschalis
1868 1601 1937 1656 ab
1964 1616 2112 1656 anno
2147 1603 2341 1657 mundi
2379 1602 2688 1658 secundum
2721 1616 3077 1658 communem
3121 1602 3383 1659 Ecclesiae
3413 1600 3792 1658 Constantino-

541 1688 802 1756 politanae
842 1689 1292 1759 supputationem
1344 1688 1505 1755 67M,
1545 1689 1650 1744 hoc
1675 1699 1760 1743 est
1807 1703 1957 1743 anno
1980 1704 2104 1745 aras
2125 1690 2455 1746 Christiana:
2486 1689 2649 1758 1236,
2695 1705 2869 1761 usque
2910 1690 2979 1745 ad
3018 1704 3226 1744 annum
3258 1688 3447 1744 mundi
3486 1688 3646 1757 6N9,
3689 1692 3796 1748 sive

540 1793 747 1831 annum
778 1777 990 1832 Christi
1025 1778 1188 1832 l2“.
1226 1797 1244 1830 ι

616 1863 691 1917 De
732 1863 836 1919 hoc
894 1863 1311 1919 Commentario
1357 1875 1412 1921 et
1446 1865 1595 1920 illius
1642 1873 1867 1920 auctore
1899 1873 2068 1934 agunt
2107 1864 2159 1919 in
2200 1865 2477 1936 Apparatu
2502 1883 2657 1921 sacro
2690 1866 2966 1922 Antonius
2995 1861 3330 1921 Possevinus
3367 1874 3520 1920 tomo
3566 1865 3611 1932 ι,
3640 1867 3795 1922 verbo

542 1954 787 2007 Andreas
828 1951 1091 2008 σωθείη-ιω
1123 1955 1178 2007 in
1210 1954 1554 2025 Cappadocia
1601 1956 1895 2024 episcopus.
1931 1954 1996 2009 Et
2028 1956 2094 2010 ad
2121 1956 2327 2012 calcem
2365 1960 2672 2029 Apparatus
2710 1958 2853 2012 sacri
2886 1958 2940 2012 in
2973 1956 3226 2027 catalogo
3258 1969 3393 2011 mss.
3429 1956 3682 2011 codicum
3714 1955 3798 2009 Bi-

539 2039 827 2093 bliotheca}
867 2040 1168 2106 Bavaricae,
1224 2040 1348 2095 cod.
1382 2042 1474 2105 45,
1510 2041 1604 2095 ubi
1646 2042 1875 2097 Andrca:
1931 2042 2159 2097 nomine
2191 2044 2532 2101 inscribitur.
2570 2045 2639 2100 Et
2677 2045 2732 2099 in
2789 2044 3043 2115 catalogo
3072 2041 3410 2115 Augustam:
3445 2043 3798 2107 bibliothecae,

537 2126 728 2182 codice
782 2127 871 2191 72,
900 2126 993 2181 ubi
1020 2126 1127 2181 sub
1156 2127 1411 2182 Methodii
1451 2128 1699 2182 monachi
1740 2129 1989 2197 nomine,
2030 2132 2190 2198 juxta
2225 2131 2406 2201 ipsum
2438 2132 2727 2188 Peltanum
2755 2133 3052 2196 editorem,
3082 2130 3320 2203 legitur;
3355 2129 3721 2186 Bellarminus
3751 2133 3799 2184 in

536 2213 675 2266 libro
715 2213 778 2267 de
808 2214 1156 2283 scriptoribus
1212 2215 1615 2282 ecclesiasticis,
1658 2215 1725 2271 ad
1756 2230 1965 2273 annum
2014 2216 2140 2283 500,
2181 2216 2345 2288 cujus
2392 2218 2725 2274 sententiam
2772 2226 3000 2275 secutus
3037 2224 3126 2274 est
3178 2218 3396 2274 Caveus
3450 2215 3523 2272 ad
3557 2216 3803 2272 eumdem

535 2316 735 2356 annum
780 2316 905 2373 pag.
945 2301 1075 2358 579.

2093 2468 3798 2504 Μ

1509 2594 1647 2646 ΤΟΥ
1680 2596 1770 2647 EN
1801 2596 2027 2648 ΑΓΙΟΙΣ
2061 2594 2290 2647 ΟΝΤΟΣ
2328 2594 2599 2648 ΠΑΤΡΟΣ
2636 2593 2834 2648 ΗΜΩΝ

911 3006 1846 3094 ΛΡΧΙΕΠΙΣΚΟΠΟΥ
1920 3006 2561 3093 ΚΑΙΣΑΡΕΙΑΣ
2638 3004 3463 3093 ΚΑΠΠΑΔΟΚΙΑΣ

1983 3187 2345 3243 ΕΡΜΗΝΕῙΔ

1292 3354 1534 3465 ΕΙΣ
1608 3351 1927 3465 ΤΗΝ
2002 3345 3053 3468 ΑΠΟΚΑΛΥΨΙΝ

1015 3567 1155 3621 ΤΟΥ
1188 3566 1397 3619 ΔΠοΥ
1428 3564 1848 3621 ΑΠΟΣΤΟΛΟΥ
1879 3563 2002 3619 ΚΑΙ
2036 3560 2565 3618 ΕΥΑΓΓΕΛΙΣΤΟΥ
2599 3563 2903 3618 ΙΩΑΝΝΟΥ
2938 3562 3324 3621 ΘΕΟΔΟΓΟΥ.

1306 3846 1465 4002 s.
1592 3850 1764 3999 P.
1891 3844 2078 3998 N.
2146 3728 3040 3997 “ANDREJE

940 4129 1865 4224 ARCHIEPISCOPI
1946 4126 2543 4221 CAESAREIE
2614 4122 3397 4219 CAPPADOCUE

2130 4340 2199 4386 IN

1249 4490 1425 4551 DIVI
1492 4490 1837 4553 JOANNIS
1888 4488 2294 4554 APOSTOLI
2343 4489 2448 4550 ET
2503 4486 3094 4552 EVANGELISTIE

1540 4672 2797 4791 APOCALYPSIN

1837 4894 2604 4961 COMMENTARIUS.

525 5073 790 5126 Theodoro
816 5072 1025 5122 Peltano
1057 5072 1357 5132 Interprele.
1375 5094 1444 5132 _--
1461 5066 1598 5130 Opus
1626 5068 1799 5132 Graece
1826 5066 2040 5129 primum
2066 5066 2117 5115 in
2144 5065 2310 5132 lucem
2344 5062 2591 5132 prolatum
2615 5076 2676 5113 ex
2705 5062 2887 5132 illustri
2918 5062 3504 5132 bibliotheca_Palatina.
3534 5066 3870 5118 Fredcricus

587 5126 1260 5197 Sylburgiusiarchetypiim
1304 5126 1731 5197 Palatinum__cum
1771 5126 2069 5197 Augustino
2112 5134 2168 5175 et
2208 5127 2436 5176 Bavarieo
2473 5139 2589 5176 mss.
2614 5126 2843 5188 contulit,
2883 5127 3015 5177 notis
3052 5132 3105 5176 et
3140 5126 3384 5177 indicibus
3432 5127 3763 5181 illustravit.
3802 5152 3871 5167 -—

596 5189 999 5261 typo‘érapheo
1046 5189 1337 5256 Hieronymi
1380 5193 1692 5243 Commelini.
1771 5189 2027 5240 MD’XLVI.

1324 5491 1711 5546 MAGNIFICIS,
1761 5489 2181 5536 NOBILISSIMIS
2232 5486 2744 5541 CLARISSIMISQUE
2785 5486 2982 5544 VIRIS,

1043 5571 1435 5619 SERENISSIMI
1472 5570 1777 5616 PRINCIPIS
1835 5569 2124 5614 PALATINI
2169 5568 2508 5614 ELECTOBIS
2550 5566 2986 5613 SENATORIBUS
3031 5563 3265 5610 INTIMIS

1860 5647 2273 5694 PATRONIS'S.
2314 5648 2377 5691 0.
2427 5647 2496 5691 Μ.

504 5848 507 5853 .
599 5797 742 5856 Cum
774 5795 835 5851 B.
859 5796 1235 5870 Chrysostomi
1260 5813 1427 5869 opera
1478 5797 1896 5856 Graeco-Latina
1924 5798 2069 5870 typis
2100 5794 2364 5852 mandare
2397 5791 2543 5864 apud
2585 5807 2673 5849 me
2700 5792 3041 5859 statuissem,
3073 5787 3445 5861 amplissimi,
3504 5792 3883 5852 nobilissimi

529 5883 942 5957 clarissimique
960 5886 1137 5953 viri,a
1181 5888 1579 5945 commentario
1612 5888 1668 5945 in
1710 5886 1989 5963 Paulinae.
2009 5885 2275 5957 epistolas
2328 5884 2547 5940 initium
2586 5880 2897 5939 faciendum
2959 5876 3294 5947 existimavi,
3334 5876 3589 5939 interea
3636 5884 3784 5940 dum
3816 5897 3883 5938 ea
