4070 6404
596 396 707 457 223

1692 380 1695 383 ’
1777 394 2105 455 ANDnE/s
2143 392 2664 454 C/ESARIENSIS
3748 399 3835 461 224

597 513 738 564 lilios
772 521 916 578 saepe
942 510 1054 579 jam
1080 508 1214 564 olitn
1249 514 1417 574 venit,
1444 522 1622 577 neque
1649 521 1891 575 unquam
1916 523 2093 577 usque
2122 509 2176 561 ac‘

2297 508 2641 576 θμουμένους
2685 507 2749 577 τῇ
2802 505 3219 578 θεαρχικωτάτῃ
3251 505 3341 559 καὶ
3398 504 3621 575 βασιλίδι
3653 507 3834 576 Τριάδι,

595 599 781 655 saeculi
809 601 1339 654 consummationem
1384 599 1570 651 venire
1608 597 1846 653 desinet.
1882 596 2103 650 Interim
2132 597 2185 650 in

596 696 770 748 altero
800 692 893 746 illo
914 707 1051 756 aevo,
1079 690 1272 759 majori
1293 690 1447 758 copia
1471 698 1526 744 et
1549 689 1797 743 ubertate
1823 689 1876 741 in
1902 703 2036 743 suos
2065 704 2189 743 sese

593 783 853 837 ell‘undet.
896 782 999 835 Per
1039 790 1246 851 septem
1280 795 1448 850 porro
1495 781 1742 850 spiritus,
1781 788 1988 849 septem
2016 795 2189 849 ange-

593 873 697 938 los,
730 873 931 942 quibus
963 872 1337 927 Ecclesiarum
1361 888 1493 927 cura
1521 882 1574 927 et
1608 873 1936 942 gubernatio
1960 873 2189 927 deman-

599 965 726 1017 data
751 972 853 1027 est,
893 966 1145 1032 acclpcre
1194 963 1343 1019 licet.
1389 964 1453 1018 Hi
1485 965 1657 1030 enim,
1684 974 1949 1033 tanquam
1990 963 2182 1031 dispa-

592 1056 669 1110 ris
704 1057 987 1126 potestatis
1021 1074 1147 1112 cum
1176 1073 1437 1128 supremo
1473 1058 1566 1112 illo
1598 1059 1847 1123 numine,
1896 1059 2179 1112 omnium-

590 1161 696 1215 que
772 1148 961 1216 regina
1029 1145 1270 1213 Triade,
1335 1162 1445 1202 non
1517 1155 2026 1212 connumerantur;
2091 1147 2185 1200 scd

589 1244 851 1304 tanquam
912 1238 1160 1306 primarii
1218 1239 1366 1292 illius
1427 1240 1570 1293 servi
1602 1248 1659 1294 et
1682 1238 2023 1305 administri,
2077 1254 2186 1293 una

588 1342 714 1380 cum
750 1329 866 1397 ipsa
900 1329 1172 1385 interdum
1213 1331 1592 1386 nominantur.
1642 1331 1817 1401 Cujus
1853 1332 1931 1385 rei
1976 1330 2188 1385 illustre

588 1420 901 1490 exemplum
954 1423 1342 1478 subministrat
1399 1424 1560 1479 nobis
1593 1424 1753 1481 divus
1811 1424 2033 1479 Paulus.
2095 1424 2187 1478 Ait

588 1510 731 1563 enim
765 1527 779 1564 :
820 1510 1005 1566 Testor
1037 1531 1220 1569 coram
1264 1515 1394 1581 Deo,
1425 1526 1475 1570 et
1515 1517 1729 1572 Christo
1767 1514 1895 1570 Iesu
1918 1557 1933 1582 ,
1980 1525 2028 1570 et
2081 1516 2186 1570 ele-

588 1604 687 1655 ctis
720 1606 923 1675 angelis
958 1608 1005 1661 ⁸.
1032 1606 1140 1663 Sed
1175 1610 1411 1665 fortasse
1456 1620 1688 1681 possunt
1717 1612 1835 1665 haec
1866 1609 1976 1665 alio
2011 1610 2179 1664 etiam

591 1691 752 1744 modo
804 1703 861 1747 et
900 1709 1064 1750 sensu
1102 1712 1211 1751 non
1263 1698 1493 1754 omnino
1544 1699 1889 1755 incommode
1931 1700 2132 1769 exponi
2166 1718 2180 1766 ;

593 1796 789 1850 nempe
816 1794 877 1839 ut
908 1801 1006 1856 per
1036 1803 1159 1843 eum
1191 1791 1283 1857 qui
1313 1799 1410 1853 est,
1441 1801 1493 1844 et
1527 1793 1618 1861 qui
1655 1800 1794 1855 erat,
1848 1804 1898 1845 et
1930 1792 2022 1860 qui
2057 1807 2180 1845 υεηο

2292 596 2409 648 ἀλλ’
2444 596 2520 658 ὡς
2555 595 2777 658 δούλους
2803 595 2943 665 αὐτῇ
2974 597 3602 664 συμμνημονευομένους
3628 610 3640 623 ·
3670 597 3735 658 ὡς
3762 604 3837 651 καὶ

2290 690 2319 739 ὁ
2349 688 2494 750 θεῖος
2533 684 2690 740 εἶπεν
2743 686 3073 749 Ἀπόστολος
3098 703 3112 717 ’
3144 688 3616 755 Διαμαρτύρομαι
3648 703 3737 741 σοι
3761 691 3841 742 ὲν-

2288 780 2479 833 ώπιον
2525 779 2679 851 [τοῦ]
2735 780 2884 834 Θεοῦ
2925 779 3024 832 καὶ
3063 779 3182 833 τῶν
3229 779 3536 833 ἐκλεκτῶν
3578 780 3838 849 ἀγγέλων.

2293 874 2452 934 Ἴσως
2478 872 2536 924 δὲ
2572 873 2668 925 καὶ
2696 871 2905 941 ἑτέρως
2925 871 3089 925 τοῦτο
3113 872 3443 941 νοηθήσεται
3463 888 3478 902 °
3505 872 3593 925 διὰ
3620 874 3711 941 μὲν
3739 875 3841 937 τοῦ,

2290 966 2322 1015 ό
2368 963 2473 1027 ὦν,
2508 964 2622 1028 καὶ,
2683 966 2718 1017 d
2754 959 2854 1033 ἦν,
2888 963 3029 1027 ικαὶ,
3066 966 3100 1017 ὁ
3147 962 3497 1033 ἐρχόμενος,
3532 964 3620 1016 τοῦ
3657 965 3842 1033 Πατρὸς

2291 1054 2719 1125 σημαινομένου,
2786 1055 2884 1108 τοῦ
2937 1054 3290 1126 περιέχοντος
3338 1057 3398 1106 ὲν
3448 1054 3626 1123 ἑαυτῷ
3656 1057 3843 1110 πάντων

2288 1147 2398 1198 τῶν
2427 1145 2602 1200 ὄντων
2630 1148 2733 1217 τήν
2768 1162 2826 1199 τε
2859 1147 3058 1216 ἀρχὴν,
3094 1147 3166 1200 τά
3192 1163 3251 1198 τε
3284 1146 3451 1215 μέσα,
3483 1147 3662 1199 καὶτὰ
3685 1149 3843 1200 τελευ-

2287 1245 2415 1295 ταῖα
2442 1258 2457 1273 ·
2497 1242 2585 1295 διὰ
2611 1241 2668 1294 δὲ
2704 1242 2821 1293 τῶν
2846 1241 2997 1295 ἑπτὰ
3020 1239 3399 1309 πνευμάτων,
3449 1238 3556 1292 τῶν
3587 1242 3844 1309 ἐνεργειῶν

2286 1334 2383 1389 τοῦ
2445 1333 2714 1396 ζωοποιοῦ
2765 1333 3085 1399 Πνεῦματος
3112 1350 3126 1365 ·
3167 1334 3255 1385 διὰ
3307 1333 3364 1386 δὲ
3418 1332 3513 1385 τοῦ
3582 1333 3842 1401 ἑπομένου,

2288 1425 2528 1496 Χριστοῦ
2556 1424 2652 1478 τοῦ
2694 1425 2851 1489 Θεοῦ,
2884 1425 2979 1477 τοῦ
3005 1425 3076 1478 δι’
3106 1426 3256 1494 ἡμᾶς
3293 1422 3590 1493 ἀνθρώπου
3648 1425 3846 1492 γενομέ-

2288 1535 2379 1570 νου
2403 1533 2416 1546 ·
2455 1515 2730 1586 πολλαχοῦ
2774 1518 2885 1587 γὰρ
2920 1516 3233 1586 άδιαςςόρως
3287 1516 3495 1583 ἑκάστη
3557 1514 3704 1584 θεῖκὴ
3737 1516 3847 1567 ὑπό.

2290 1625 2477 1671 στασις
2497 1608 2578 1678 τῷ
2612 1608 2927 1678 ’Λποστόλῳ
2955 1608 3324 1679 προτάττεται
3363 1609 3458 1660 καὶ
3497 1608 3842 1660 ὑποτάττεται.

2286 1702 2378 1753 Διὸ
2408 1699 2691 1753 κάνταῦθά
2714 1717 2852 1770 φησι
2877 1716 2893 1732 ·
2927 1700 3033 1754 Kal
3061 1699 3183 1753 ἀπὸ
3221 1698 3432 1767 ἰησοῦ
3471 1698 3743 1766 Χριστοῦ,
3768 1701 3849 1751 καὶ

2286 1792 2355 1845 τὰ
2387 1789 2537 1859 ἑξῆς.

590 1880 741 1925 turns
773 1882 872 1937 est,
901 1876 1078 1931 solum
1104 1877 1319 1933 Patrem
1353 1880 1723 1949 signiﬁcatum
1759 1881 2131 1950 intelligamus
2171 1898 2185 1934 :
2238 1880 2513 1951 siquidem
2548 1883 2594 1937 is
2642 1895 2785 1936 unus
2839 1882 3088 1936 omnium
3152 1897 3273 1953 qua:
3318 1897 3557 1953 usquam
3607 1883 3658 1937 in
3686 1897 3847 1937 rerum

590 1973 787 2018 natura
816 1976 1060 2035 exstant,
1094 1970 1383 2040 principia,
1416 1981 1470 2025 et
1494 1973 1696 2036 media,
1719 1982 1773 2026 et
1804 1972 1941 2028 lines
1977 1973 2033 2026 in
2091 1986 2216 2027 sese
2266 1972 2675 2042 complectitur.
2736 1970 2841 2026 Per
2878 1983 3075 2042 septem
3120 1981 3304 2027 autem
3355 1974 3597 2041 spiritus,
3657 1982 3838 2042 septem

592 2056 794 2111 viviﬁci
855 2058 1086 2127 spiritus
1120 2061 1482 2126 charismata,
1532 2065 1617 2117 vel
1670 2065 1894 2120 totidem
1933 2064 2182 2134 ejusdem
2215 2079 2407 2133 opera.
2440 2063 2543 2118 Per
2572 2080 2699 2118 eum
2766 2073 2948 2119 autem
3002 2064 3097 2133 qui
3141 2080 3268 2119 mox
3301 2065 3677 2135 subjungitur,
3709 2067 3847 2121 Chri-

587 2163 730 2205 stum
774 2150 942 2207 Deum
971 2162 1027 2208 et
1054 2154 1347 2214 Dominum
1376 2169 1649 2225 nostrum,
1672 2162 1767 2231 qui
1798 2162 1973 2216 nostri
2000 2174 2171 2215 causa
2206 2158 2384 2215 factus
2424 2171 2510 2216 est
2569 2159 2757 2217 homo.
2816 2162 3072 2215 Pluribus
3115 2176 3355 2232 namque
3382 2162 3523 2218 locis
3547 2163 3737 2217 divinae
3763 2166 3848 2235 hy-

584 2249 832 2308 postases
875 2242 1019 2312 apud
1055 2244 1379 2314 Apostolum
1435 2248 1573 2303 citra
1628 2262 1842 2306 certum
1895 2251 2134 2321 aliquem
2196 2251 2465 2305 delectum
2513 2260 2568 2306 et
2614 2260 3032 2321 praeponuntur,
3088 2261 3145 2309 et
3202 2261 3632 2323 postponuntnr.
3683 2254 3848 2321 Quare

586 2331 692 2387 hoc
748 2348 972 2403 quoque
1014 2334 1136 2390 loco
1182 2338 1463 2407 praedictis
1514 2355 1645 2396 mox
1700 2343 1994 2407 subditur,
2045 2342 2115 2395 Et
2154 2342 2333 2396 alesu
2360 2341 2596 2407 Christo,
2630 2353 2838 2412 etquae
2867 2353 3196 2413 sequuntur.

658 2424 700 2490 1,
731 2424 914 2491 στοαί
938 2434 1016 2483 est
1038 2430 1186 2483 testis
1205 2432 1403 2497 ﬁdelis,
1427 2434 1809 2506 primogenitae
1828 2447 2180 2501 mortuorum,
2211 2439 2259 2497 B

582 2525 630 2568 τι
662 2517 906 2587 princeps
935 2535 1117 2591 τεθαηι
1142 2532 1317 2578 terrae.

660 2605 780 2675 Ipse
815 2608 965 2663 enim
996 2619 1084 2665 est
1107 2613 1201 2682 qui
1239 2615 1399 2671 lidele
1430 2618 1803 2675 testimonium
1847 2622 1951 2676 sub
1980 2621 2178 2676 Pontio

582 2693 760 2752 Pilato
804 2696 949 2764 tulit,
1002 2701 1211 2771 quique
1259 2704 1313 2758 in
1347 2708 1611 2765 omnibus
1658 2711 1821 2765 dictis
1851 2712 1968 2767 suis
2012 2727 2176 2767 verax

581 2786 800 2843 exsistit
833 2806 848 2844 :
884 2790 1284 2861 primogenitus
1311 2795 1501 2852 itidem
1541 2814 1607 2855 ex
1644 2802 1897 2867 mortuis,
1948 2812 2004 2857 et
2044 2803 2175 2867 vita,

580 2890 638 2931 et
688 2884 1046 2940 resurrectio.
1086 2885 1301 2952 Quibus
1362 2890 1511 2945 enim
1559 2892 1650 2948 ille
1708 2892 2046 2957 dominatur.
2098 2897 2174 2951 illi

583 2982 840 3038 mortem,
883 2984 943 3029 ut
968 2978 1224 3034 solebant
1270 2982 1363 3051 qui
1394 2983 1526 3037 olim
1574 2999 1606 3039 e
1640 2985 1783 3041 vivis
1811 2987 2175 3052 excedebant,

586 3063 826 3131 amplius
861 3081 970 3122 non
1004 3073 1456 3139 gustabunt;sed
1481 3074 1535 3128 in
1564 3089 1783 3131 omnem
1816 3078 2176 3133 aaternitatcm

586 3153 730 3208 beati
785 3156 987 3213 victuri
1022 3172 1172 3216 sunt.
1212 3161 1454 3219 Vocatur
1504 3176 1685 3222 autem
1716 3169 1821 3224 hoc
1864 3170 1985 3225 loco
2018 3168 2177 3225 Prin-

579 3260 699 3313 ceps
745 3264 925 3319 regum
974 3262 1149 3318 term,
1196 3264 1255 3309 ut
1285 3256 1413 3312 alibi
1441 3257 1554 3313 Rex
1590 3276 1795 3331 regum,
1823 3270 1877 3317 et
1915 3263 2174 3319 Dominus

583 3340 977 3397 dominantium
1005 3360 1025 3398 :
1056 3354 1248 3414 utpote
1270 3349 1462 3405 eadem
1493 3352 1725 3407 omnino
1757 3369 1883 3408 cum
1905 3356 2063 3411 Patre
2080 3372 2177 3427 po—

582 3432 756 3487 tentia
816 3443 870 3488 et
920 3436 1162 3491 essentia
1223 3441 1504 3509 praeditus.
1561 3443 1685 3499 Alia
1749 3446 1917 3501 etiam
1962 3449 2175 3502 ratione

577 3518 837 3593 Princeps
868 3542 1052 3597 regunt
1098 3538 1254 3584 terrm
1286 3534 1615 3603 appellatur,
1673 3537 1804 3607 quia
1838 3540 2170 3609 peculiarem

578 3618 635 3672 in
669 3618 795 3674 illos
819 3620 1165 3679 dominatum
1195 3628 1408 3683 obtinet
1442 3630 1533 3699 qui
1577 3632 1815 3688 terrenis
1854 3634 2170 3703 cupiditati-

578 3709 684 3763 bus
707 3710 979 3778 imperare
1002 3715 1333 3772 didicerunt.
1358 3718 1515 3785 Quod
1547 3721 1594 3776 si
1629 3720 1932 3793 Gregorius
1964 3740 2170 3794 cogno-

582 3810 770 3857 mento
799 3802 1113 3876 ThetiIOgus
1153 3812 1480 3865 sententiam
1540 3810 1591 3882 5
1647 3813 1822 3880 illam,
1856 3814 1961 3882 Qui
1982 3826 2084 3879 est,
2118 3830 2168 3870 et

577 3893 669 3961 qui
704 3905 845 3961 erat,
874 3905 926 3950 et
953 3900 1046 3967 qui
1101 3912 1350 3955 venturus
1384 3913 1463 3959 est
1500 3906 1853 3975 omnipotens,
1903 3907 1958 3962 in
1990 3909 2167 3963 solum

578 3984 863 4042 Christum
923 4000 1070 4046 recte
1099 3996 1402 4059 transtulit.
1462 3997 1603 4052 nihil
1656 4006 1807 4054 vetat
1868 4001 2171 4071 quominus

579 4077 807 4132 alteram
848 4078 999 4136 illam
1037 4099 1161 4154 quae
1208 4100 1336 4140 mox
1374 4089 1754 4160 consequitur,
1787 4091 1858 4147 ad
1909 4094 2165 4149 eumdem

576 4184 797 4239 quoque
817 4173 1242 4232 transferamus.
1263 4176 1358 4234 Est
1384 4181 1531 4235 enim
1562 4182 1688 4238 huic
1715 4184 1874 4253 plane
1906 4196 2167 4255 cognata,

574 4273 629 4313 et
666 4276 868 4318 nomen
894 4261 1239 4335 Omnipotens
1270 4284 1426 4341 aeque
1454 4273 1775 4343 adjunctum
1806 4276 1971 4332 habet
2000 4289 2171 4346 atque

578 4352 692 4408 haec
718 4369 983 4425 praesens,
1018 4374 1195 4432 neque
1226 4364 1334 4418 nlla
1362 4380 1592 4435 prorsus
1639 4382 1880 4437 persona
1912 4370 2039 4425 istic
2074 4372 2171 4424 azl-

571 4442 822 4513 jungitur
866 4458 964 4503 aut
1001 4465 1068 4505 ex
1113 4454 1494 4522 superioribus
1556 4460 1845 4529 repetitur,
1883 4461 1952 4515 ad
2001 4477 2165 4531 quam

576 4542 857 4597 transferri
898 4548 1093 4613 possit.
1146 4546 1261 4605 Hoc
1313 4562 1495 4607 autem
1543 4553 1687 4618 loco,
1720 4569 1846 4609 eum
1911 4557 2166 4624 proxime

576 4632 1010 4699 praecedentibus
1037 4638 1220 4693 statim
1271 4640 1595 4697 adnectatur
1639 4643 1771 4699 illud
1804 4661 1817 4698 :
1857 4643 1924 4697 Et
1978 4663 2008 4699 a
2034 4645 2168 4699 Iesu

576 4723 787 4778 Christo
812 4764 830 4793 ,
858 4727 1005 4783 clare
1062 4730 1393 4799 insinuatur,
1424 4750 1675 4804 sensum,
1706 4750 1871 4805 quem
1903 4752 2007 4792 nos
2041 4739 2163 4792 red-

574 4814 832 4883 didimus,
866 4825 1217 4878 commodum
1274 4825 1585 4895 rationique
1635 4835 1690 4881 et
1739 4830 2019 4882 contextui
2054 4844 2161 4896 0p-

576 4905 706 4976 pido
743 4920 1176 4969 consentaneum
1215 4931 1358 4972 esse.
1414 4916 1550 4970 Nam
1607 4919 1651 4971 si
1703 4921 1974 4973 sententia
2015 4920 2106 4975 illa
2149 4938 2163 4975 :

574 4995 681 5062 Qui
704 5008 805 5065 est,
830 5009 882 5054 et
922 5004 1015 5071 qui
1056 5014 1193 5069 erat,
1224 5015 1274 5057 et
1299 5006 1389 5074 qui
1418 5019 1666 5060 venturus
1693 5017 1794 5072 est,
1822 5008 1889 5063 de
1913 5009 2032 5063 solo
2071 5010 2165 5065 Dei

573 5087 775 5157 Verbo,
798 5100 895 5147 aut
936 5091 1057 5148 Filii
1096 5110 1327 5162 persona
1378 5096 1697 5164 dissereret,
1755 5113 2163 5169 supervacaneo
2195 5123 2241 5179 ο

572 5181 820 5248 profecto
849 5183 1145 5240 adderetur
1191 5204 1205 5240 :
1236 5186 1301 5241 Et
1330 5205 1363 5242 a
1395 5187 1528 5243 Jesu
1559 5190 1774 5245 Christo
1800 5207 1821 5254 ;
1870 5207 1983 5263 quo
2012 5194 2157 5249 hunc

572 5274 762 5329 abillo
814 5276 1133 5332 distinctum
1175 5294 1298 5335 esse
1351 5282 1572 5351 planum
1614 5283 1802 5350 ﬂeret;
1850 5286 2159 5355 praesertim

572 5378 719 5429 cum,
752 5367 943 5421 eodem
984 5365 1249 5439 Gregorio
1303 5379 1459 5435 teste,
1514 5387 1677 5428 voces
1702 5388 1826 5443 quae
1878 5372 1932 5427 in
1989 5372 2160 5427 Deum

574 5459 928 5526 conveniunt,
948 5461 1063 5531 pari
1090 5462 1318 5519 honoris
1339 5467 1532 5534 gradu,
1552 5467 1862 5536 aequalique
1889 5464 2163 5536 dignitate

578 5549 632 5601 in
663 5551 909 5621 singulas
940 5570 1220 5625 personas,
1246 5565 1301 5612 et
1346 5572 1539 5614 onmes
1572 5559 1739 5614 simul
1786 5560 1840 5614 in
1878 5558 2161 5615 communi

577 5647 924 5716 conveniant,
956 5650 1025 5707 iis
1055 5652 1323 5709 duntaxat
1356 5653 1619 5724 exceptis,
1647 5668 1772 5725 qua:
1802 5652 1868 5710 ad
1905 5652 2162 5726 hyposta-

651 5824 671 5853 ι
709 5822 722 5876 ι
754 5820 893 5877 'l‘im.
930 5839 979 5890 ν,
1006 5824 1095 5878 at.

2373 2437 2435 2487 '0
2464 2436 2697 2505 μάρτυς
2732 2439 2766 2490 ό
2806 2437 3043 2502 πιστὸς,
3098 2441 3133 2491 d
3183 2439 3566 2506 πρωτότοκος
3746 2437 3850 2492 τῶν

2280 2527 2529 2597 νεκρῶν,
2570 2528 2672 2581 καί
2711 2530 2745 2581 ό
2768 2527 2971 2597 ἄρχων
3003 2528 3121 2581 τῶν
3148 2527 3465 2593 ,βασιλέων
3481 2525 3591 2595 τῆς
3616 2527 3742 2595 γῆς.

2350 2619 2523 2681 Αὐτὸς
2555 2618 2663 2688 γάρ
2697 2620 2847 2671 ἐστιν
2889 2621 2917 2671 ό
2954 2620 3319 2690 μαρτυρήσας
3368 2619 3457 2670 ὲπὶ
3516 2618 3732 2671 Ποντίου
3772 2619 3851 2670 Πι-

2281 2710 2448 2765 λάτου
2473 2727 2489 2743 ·
2514 2712 2542 2764 ὁ
2584 2708 2728 2783 [καὶ]
2764 2710 2961 2773 πιστὸς
2992 2712 3050 2762 ἐν
3079 2712 3214 2764 πᾶσι
3262 2712 3376 2771 τοῖς
3405 2708 3590 2777 λόγοις
3617 2708 3770 2763 αὐτοῦ
3794 2726 3804 2738 ·
3828 2712 3852 2761 ὁ

2280 2804 2344 2854 ἐκ
2374 2802 2587 2872 νεκρῶν
2616 2801 2989 2872 πρωτότοκος,
3016 2800 3094 2864 ὡς
3122 2801 3237 2869 ζωὴ
3272 2800 3370 2854 καὶ
3399 2801 3704 2863 ἀνάστασις
3729 2816 3741 2829 ·
3777 2794 3842 2852 ὧν

2281 2895 2389 2965 γάρ
2410 2895 2574 2958 αὐτὸς
2601 2896 2890 2965 κατάρχει,
2916 2894 3126 2959 οὐκέτι,
3154 2893 3342 2956 καθὼς
3388 2894 3440 2945 oi
3475 2894 3737 2963 πρότερον
3767 2892 3849 2944 θα-

2279 2989 2464 3051 νόντες
2485 2988 2585 3042 καὶ
2606 2988 2965 3050 ἀναστάντες,
2986 2986 3207 3055 ἅψονται
3227 2985 3483 3050 θάνατον,
3505 2985 3623 3039 ἀλλ’
3644 2985 3851 3045 αίωνίως

2280 3077 2560 3147 ζήσονται.
2590 3079 2810 3149 Ἀρχων
2836 3076 2893 3129 δὲ
2920 3078 3031 3129 τῶν
3059 3076 3351 3145 βασιλέων,
3375 3076 3451 3139 ὡς
3475 3076 3734 3141 Βασιλεὺς
3759 3076 3853 3127 τῶν

2279 3166 2703 3239 βασιλευόντων,
2756 3166 2852 3219 καὶ
2885 3165 3093 3237 Κύριος
3140 3166 3252 3219 τῶν
3311 3168 3722 3238 κυριευόντων,
3771 3166 3852 3219 καὶ

2282 3258 2573 3327 ίσοσθενής
2598 3258 2679 3329 τῷ
2705 3259 2884 3330 Πατρὶ
2916 3258 3012 3313 καὶ
3054 3258 3364 3327 όμοούσιος.
3392 3259 3508 3312 Καὶ
3561 3259 3757 3330 ἑτέρως
3784 3258 3850 3315 δὲ.

2277 3352 2465 3422 ἄρχων
2493 3350 2603 3405 τῶν
2646 3351 2918 3422 βασιλέων
2968 3349 3071 3420 τῆς
3102 3350 3229 3419 γῆς,
3263 3350 3373 3403 τῶν
3413 3353 3628 3421 γηΐνων
3678 3350 3849 3403 ἐπιθυ-

2281 3444 2445 3514 μιῶν,
2474 3443 2715 3511 λέγεται.
2746 3444 2809 3495 Εἰ
2839 3442 2897 3496 δὲ
2930 3442 3008 3512 τῷ
3048 3442 3308 3513 μακαρίῳ
3346 3444 3640 3515 Γρηγορίφ
3665 3444 3697 3513 ἡ
3728 3441 3851 3512 χρῆ-

2277 3552 2363 3597 σις
2400 3534 2543 3605 αῦτη
2563 3534 2682 3601 τοῦ,
2725 3537 2759 3589 ό
2788 3534 2895 3599 ὢν,
2928 3534 3044 3599 καὶ,
3078 3537 3110 3588 ό
3140 3531 3240 3605 ἦν,
3280 3536 3398 3599 καὶ,
3433 3538 3468 3589 d
3526 3535 3850 3604 ἐρχόμενος.

2276 3628 2310 3680 ὁ
2343 3626 2793 3695 παντοκράτωρ,
2825 3626 2905 3689 εἰς
2932 3626 3025 3681 τὸν
3070 3626 3311 3696 Χριστὸν
3345 3626 3692 3698 ὲξιίληπται,
3718 3624 3855 3678 οὐδὲν

2276 3720 2506 3784 ἀπεικὸς
2538 3719 2610 3773 τὰ
2645 3720 2766 3790 μετ’
2802 3720 2982 3788 ὀλίγον
3011 3720 3365 3789 ῥηθησόμενα
3396 3720 3617 3783 τούτοις
3643 3716 3845 3787 ἐμφερῆ

2276 3811 2457 3879 λόγια,
2514 3811 2597 3873 εἰς
2646 3810 2809 3863 αὐτὸν
2847 3809 3221 3880 ἀναφέρεσθαι
3248 3824 3263 3840 ο
3307 3807 3393 3873 οἷς
3438 3810 3558 3874 καὶ,
3582 3812 3616 3864 ό
3655 3822 3853 3862 παντο-

2277 3904 2528 3973 κράτωρ,
2560 3903 2891 3974 πρόσκειται
2914 3918 2930 3935 ο
2962 3903 3058 3957 καὶ
3103 3902 3296 3971 ἑτέρου
3336 3900 3641 3970 προσώπου
3685 3900 3851 3951 ἐπεισ-

2276 3994 2470 4064 αγωγὴ
2528 3993 2561 4064 ἢ
2625 3992 2971 4062 ἐπανάληψις
3016 3992 3077 4044 οὐ
3117 3990 3565 4061 προστεθήσεται
3591 4008 3606 4022 ο
3637 3986 3852 4043 ἐνταῦθα

2274 4088 2384 4156 γὰρ
2407 4088 2441 4157 ἠ
2468 4085 2738 4155 ἐπαγωγὴ
2764 4085 2884 4148 τοῦ,
2920 4084 3030 4138 Kal
3069 4082 3189 4137 ἀπὸ
3228 4082 3428 4150 Ἰησοῦ
3461 4081 3742 4151 Χριστοῦ,
3774 4078 3852 4131 τὸν

2274 4178 2571 4233 ἐκτεθέντα
2598 4176 2732 4249 παρ’
2768 4176 2927 4247 ἡμῶν
2986 4174 3112 4229 νοῦν
3172 4173 3430 4244 βεσαιοῦν
3476 4174 3746 4243 φαίνεται.
3773 4170 3853 4239 Τῷ

2272 4272 2384 4343 γὰρ
2422 4271 2551 4343 περὶ
2586 4270 2752 4342 μόνου
2780 4268 2877 4322 τοῦ
2905 4267 3044 4321 Θεοῦ
3077 4267 3257 4335 Λόγου
3286 4265 3689 4337 διαλεγομένῳ,
3720 4258 3848 4334 [καὶ]

2274 4364 2374 4434 τῆς
2395 4363 2592 4432 Υίῖκῆς
2618 4360 2995 4423 ὑποστάσεως,
3022 4357 3289 4431 περισσὺν
3312 4353 3382 4428 ἦν
3407 4358 3644 4426 ἐπάγειν
3673 4353 3848 4413 εὐθὺς

2272 4455 2379 4511 Kal
2403 4453 2522 4507 ἀπὸ
2548 4452 2754 4521 Ἰησοῦ
2785 4451 3044 4520 Χριστοῦ
3064 4468 3079 4483 ο
3128 4450 3219 4504 ἴνα
3255 4449 3449 4504 τοῦτον
3479 4450 3707 4519 έμφάνῃ
3734 4443 3854 4511 παρ’

2270 4547 2479 4601 ἐκεῖνον
2521 4545 2733 4616 ἕτερον,
2782 4543 2893 4597 τῶν
2945 4542 3273 4613 θεοπρεπῶν
3331 4540 3531 4612 φωνῶν
3588 4538 3853 4610 ὁμοτίμως

2271 4637 2705 4707 έφαρμοζουσῶν
2746 4634 2956 4705 ἑκάστῃ
2991 4633 3150 4703 θεῖκῇ
3194 4633 3521 4697 ὑποστάσει,
3576 4632 3675 4683 καὶ
3708 4627 3851 4693 κοινῇ

2268 4731 2392 4794 ταῖς
2419 4727 2591 4800 τρισὶ,
2624 4727 2767 4798 πλὴν
2790 4727 2901 4781 τῶν
2937 4726 3245 4794 ἰδιοτήτων,
3286 4725 3455 4795 ἤγουν
3485 4723 3745 4791 σχέσεων,
3780 4718 3851 4778 ὣς

2271 4839 2437 4893 φησιν
2467 4819 2677 4893 [αὐτὸς]
2725 4822 2754 4872 ό
2788 4817 3052 4887 Θεολόγος
3097 4817 3400 4886 Γρηγόριος
3435 4814 3576 4887 [καὶ]
3632 4815 3729 4881 τῆς
3763 4809 3852 4863 τοῦ

2269 4916 2448 4983 Λόγου
2493 4913 2990 4983 ένανθρωπήσεως.
3027 4909 3141 4963 Καὶ
3169 4909 3331 4977 δῆλον
3365 4907 3424 4974 ἐξ
3473 4901 3549 4960 ὧν
3578 4907 3671 4957 τὸν
3700 4904 3853 4973 Τρισ-

2271 5006 2429 5074 άγιον
2450 5004 2561 5058 τῶν
2586 5004 2841 5073 Σεραφὶμ
2876 5001 3067 5071 ὕμνον,
3100 5003 3161 5053 ὲν
3204 5001 3304 5069 μὲν
3330 4997 3409 5067 τῷ
3440 4993 3758 5064 Εὐαγγελίῳ
3779 4994 3852 5054 είς

2269 5098 2361 5151 τὸν
2393 5098 2522 5151 Υίὸν
2556 5095 2905 5166 μανθάνομεν
2936 5092 3221 5160 λέγεσθαι,
3267 5093 3327 5143 ἑν
3357 5090 3417 5143 δὲ
3445 5092 3510 5159 τῇ
3547 5082 3850 5159 δημηγορίᾳ

2265 5189 2358 5243 τοῦ
2390 5187 2627 5252 Παύλου,
2654 5191 2719 5257 τῇ
2750 5188 2811 5240 ὲν
2841 5187 2964 5248 ταῖς
2996 5185 3293 5256 Πράξεσιν,
3335 5185 3417 5246 είς
3446 5182 3509 5235 τὸ
3544 5180 3769 5248 Πνεῦμα
3791 5174 3849 5225 τὸ

2274 5285 2430 5351 ἆγιον
2459 5298 2475 5314 ο
2504 5282 2562 5333 ἐν
2591 5280 2649 5333 δὲ
2678 5282 2747 5349 τῇ
2775 5278 2887 5331 τῶν
2928 5276 3178 5348 φρικτῶν
3219 5274 3541 5345 μυστηρίων
3571 5269 3846 5342 προσφορᾷ

2272 5377 2352 5436 είς
2383 5375 2475 5427 τὸν
2517 5374 2767 5442 Πατέρα,
2808 5370 2944 5444 πρὸς
2991 5370 3051 5423 ὃν
3094 5370 3195 5438 τὴν
3233 5367 3490 5436 τοιαύτην
3527 5365 3697 5434 εὐχὴν
3722 5361 3847 5415 εἰθί-

2273 5466 2453 5537 σμεθα
2479 5467 2675 5528 ποιεῖν,
2713 5462 2898 5525 καθὼς
2944 5462 3043 5515 καὶ
3093 5460 3173 5532 τῷ
3241 5460 3499 5531 μακαρίῳ
3549 5452 3845 5522 Ἐπιφανίῳ

2271 5560 2488 5631 εἴρηται
2527 5560 2586 5611 ὲν
2620 5558 2697 5627 τῷ
2724 5556 2869 5628 λόγῳ
2892 5553 3113 5622 [αὑτοῦ]
3138 5554 3217 5623 τῷ
3248 5556 3348 5617 Εἰς
3382 5550 3447 5606 τὸ
3491 5548 3739 5617 Πνεῦμα
3783 5543 3844 5597 τὸ

2271 5653 2465 5724 ἅγιον.
2492 5651 2599 5705 Καὶ
2629 5649 2803 5706 ταῦτα
2838 5650 2936 5720 μὲν
2973 5648 3110 5721 πρὸς
3154 5647 3217 5701 τὸ
3264 5644 3437 5713 δεῖξαι
3474 5642 3552 5715 μὴ
3586 5634 3875 5733 ὲναντιοῦοη
