4070 6466
267 398 352 459 γχδ
1180 383 1796 445 COMMENTARIUS
1829 385 1914 446 IN
1949 386 2485 452 APOCALYPSIN.
3389 401 3501 466 226

263 513 364 565 σθαι
384 506 492 566 ταῖς
521 499 810 572 Πατρικαῖς
833 495 1040 566 φωναῖς
1068 492 1168 564 τὴν
1196 494 1477 565 ἡμετέραν
1502 496 1794 568 ὑπόληψιν·

1909 513 2042 553 scon
2077 501 2490 570 proprietatem,
2549 512 2644 557 aut
2675 504 2835 584 Verbi
2887 506 3321 567 incarnationem
3381 531 3504 584 spe-

259 601 387 668 ᾑμᾴς
415 595 464 647 δὲ
496 592 587 644 σὺν
613 587 732 659 Θεῴ
759 587 856 656 τῆς
893 584 1221 646 ἀκολουθίας
1254 583 1538 654 ἐχώμεθα.

1903 600 2077 646 ctant.
2106 592 2402 664 Potestque
2425 596 2530 651 hoc
2565 581 2691 653 inde
2721 615 2941 670 quoque
2969 604 3310 669 confirmari,
3362 581 3508 677 quod

256 697 476 762 ιητηιιυιιι
508 680 881 749 Seraphicum,
937 691 1103 744 quem
1158 675 1444 744 τρισάγιον
1486 679 1786 747 appellant,
1853 681 1944 735 uni
1982 681 2123 738 Filio
2153 685 2206 738 in
2260 687 2570 759 Evangeliis
2631 692 2897 746 tributum
2955 694 3244 765 legamus;
3274 699 3327 753 in
3359 675 3512 755 Pan.

256 788 344 839 lina
385 794 500 834 vero
553 775 853 838 concione,
905 786 1031 841 quae
1077 769 1133 824 in
1201 772 1580 840 apostolorum
1636 774 1789 829 Actis
1845 785 2042 844 exstat,
2102 779 2202 834 soli
2234 779 2462 850 Spiritui
2515 795 2744 851 sancto;
2775 785 2828 839 in
2862 802 3018 842 sacra
3046 797 3229 844 autem
3261 801 3507 847 tremen-

254 880 413 932 dorum
434 867 805 942 mysteriorum
843 863 1145 928 oblatione,
1188 863 1290 917 soli
1320 861 1492 919 Patri.
1519 864 1604 918 Ad
1633 866 1787 920 illum
1832 882 2092 937 namque,
2155 878 2216 922 ut
2265 871 2427 925 beato
2483 871 2792 942 Epiphanio
2832 874 2887 928 in
2929 877 3184 932 oratione
3233 895 3398 950 quam
3433 884 3499 938 de

255 973 424 1040 Spiritu
449 974 633 1024 sancto
662 961 852 1024 edidit,
881 959 1081 1029 placet,
1115 958 1388 1027 ejusmodi
1442 960 1812 1030 precationem
1874 961 2116 1032 dirigere
2177 965 2590 1021 consuevimus.
2649 966 2830 1037 Atque
2880 969 2997 1026 haec
3041 971 3329 1040 hactenus,
3394 993 3506 1046 quo

255 1067 420 1123 certius
467 1066 674 1116 constet
699 1065 946 1112 nostram
1002 1053 1404 1123 expositionem
1477 1067 1794 1113 sanctorum
1829 1057 2054 1114 Patrum
2114 1061 2338 1117 vocibus
2386 1073 2550 1133 atque
2613 1067 2900 1123 sententiis
2936 1069 3256 1139 neutiquam
3304 1074 3505 1129 adver-

257 1159 357 1213 san'.
383 1153 476 1208 Sed
503 1151 566 1206 ad
596 1150 911 1203 institutum
947 1147 1127 1200 denuo
1150 1156 1516 1201 revertamur.

312 1248 381 1313 Τῷ
409 1243 784 1312 ἁγααήσαντι
827 1240 989 1309 ἡμᾶς
1035 1239 1137 1292 καί
1186 1241 1490 1295 λούσαντι
1516 1240 1677 1310 ἡμᾶς
1730 1243 1794 1296 ἐκ

1973 1244 2017 1308 Ι,
2048 1244 2102 1310 5,
2134 1245 2187 1300 6.
2231 1247 2340 1313 Qui
2375 1249 2563 1303 dilexit
2596 1268 2715 1314 nos,
2747 1262 2795 1306 et
2848 1253 2979 1307 lavit
3039 1271 3134 1309 nos
3195 1273 3228 1309 a
3271 1261 3502 1326 peccatis

259 1342 348 1398 τῶν
387 1335 673 1408 ἁμαρτιῶν
704 1333 922 1405 [ἡμῶν]
961 1333 1033 1386 ἐν
1060 1333 1142 1398 τῷ
1185 1334 1391 1403 αἵματι
1433 1335 1661 1389 αὑτοῦ·
1699 1336 1794 1390 καί

1903 1339 2100 1396 nostris
2125 1354 2219 1407 per
2268 1343 2584 1410 sanguinem
2623 1361 2778 1398 suum
2814 1360 2832 1397 :
2865 1356 2913 1399 et
2953 1346 3074 1415 fecit
3117 1366 3211 1402 nos
3261 1367 3500 1419 regnum.

259 1435 494 1496 ἐποίησεν
537 1425 698 1496 ἡμᾶς
735 1425 1046 1491 βασιλεῖς,
1092 1425 1192 1478 καὶ
1235 1426 1412 1494 ἱερεῖς
1439 1424 1521 1491 τῷ
1547 1426 1670 1494 Θεῷ
1699 1429 1794 1482 καί

1903 1436 1950 1479 et
1977 1429 2278 1482 sacerdotes
2337 1429 2466 1497 Deo,
2492 1441 2541 1485 et
2581 1431 2737 1486 Patri
2772 1451 2887 1488 suo.
2939 1434 3058 1504 Ipsi
3105 1437 3278 1507 gloria
3311 1449 3359 1492 et
3401 1443 3504 1493 im-

258 1526 399 1594 Hatpl
424 1521 618 1576 αὑτοῦ.
652 1518 828 1584 Αὐτῷ
847 1519 886 1584 ἠ
909 1518 1060 1583 δόξα
1083 1519 1184 1573 καὶ
1207 1520 1274 1574 τὸ
1292 1519 1514 1588 κράτος
1537 1523 1626 1588 εις
1652 1521 1794 1589 τοὺς

1903 1519 2109 1584 perium
2138 1519 2194 1572 in
2229 1522 2426 1574 swcula
2459 1523 2802 1578 tta-culorum.
2837 1524 3028 1580 Amen.

257 1618 433 1682 αιᾶινας
456 1612 568 1669 τῶν
599 1611 857 1667 αἰώνων.
895 1611 1102 1682 Ἀμήν.

307 1710 484 1780 Τούτῳ,
517 1707 704 1777 φησιν,
743 1707 779 1777 ἡ
810 1705 941 1772 δόξα
974 1705 1176 1777 πρέπει
1222 1705 1302 1778 τῷ
1329 1706 1396 1761 δι’
1427 1707 1651 1777 ἀγάπην
1681 1706 1793 1762 τῶν

1961 1696 2144 1764 Illum,
2193 1698 2392 1770 inquit,
2429 1699 2588 1757 decet
2621 1701 2819 1767 honor,
2877 1705 3050 1775 gloria
3079 1717 3134 1762 et
3168 1709 3457 1780 imperium
3481 1753 3498 1777 ,

259 1801 428 1873 δεσμῶν
470 1799 559 1853 τοῦ
595 1799 839 1854 θανάτου
875 1799 1026 1870 ἡμᾶς
1085 1797 1333 1865 λύσαντι,
1380 1799 1476 1853 καὶ
1534 1798 1643 1872 [ἐκ]
1680 1801 1792 1852 τῶν

1904 1791 1996 1861 qui
2049 1791 2268 1848 ardenti
2307 1794 2576 1851 charitate
2627 1795 2909 1863 incensus,
2955 1817 3054 1855 sua
3097 1813 3272 1859 morte
3329 1822 3504 1875 genus

263 1870 342 1965 τῆς
381 1890 635 1964 ἁμαρτίας
707 1891 955 1963 κηλίδων
1019 1891 1280 1946 λούσαντι
1317 1895 1386 1963 τῇ
1439 1870 1666 1962 ἐκχύσει
1695 1891 1790 1945 τοῦ

1903 1893 2146 1939 nostrum
2186 1901 2217 1941 a
2262 1888 2456 1944 mortis
2483 1887 2721 1945 vinculis
2770 1890 3052 1956 liberavit,
3102 1870 3500 1967 sanguinisque

269 1983 469 2049 ἔσηπε)ιοῦ
503 1983 742 2053 αἵματος
775 1979 947 2034 αὑτοῦ
977 1985 1074 2035 καὶ
1106 1981 1299 2044 ὓδατος
1323 1997 1338 2012 '
1375 1981 1472 2034 καὶ
1497 1982 1790 2052 ποιήσαντι

271 2081 377 2150 ἡμᾶς
423 2077 683 2148 βασίλειον
743 2077 1051 2146 ἱεράτευμα
1073 2091 1087 2104 ·
1135 2074 1262 2128 ἀντὶ
1321 2075 1540 2143 ἀλόγων
1588 2073 1792 2128 θυσιῶν

268 2170 408 2224 Θυσίαν
435 2167 606 2232 ζῶσαν
656 2167 768 2240 τὴν
820 2166 1051 2238 λογικὴν
1115 2166 1374 2238 λατρείαν
1437 2165 1543 2238 [τῷ
1587 2165 1792 2238 Ila-:91]

263 2262 628 2333 προσφέροντας.

306 2442 434 2499 ’1δοὺ
465 2443 693 2512 ἔρχεται
720 2442 877 2512 μετὰ
908 2441 1028 2495 τῶν
1049 2441 1327 2512 νεφελῶν
1353 2458 1367 2472 ο
1397 2441 1492 2495 καὶ
1536 2441 1794 2510 ὄψονται

257 2536 402 2590 αὐτὸν
422 2533 532 2600 πᾶς
556 2533 893 2604 ὀφθαλμὸς.
936 2535 1036 2587 καὶ
1083 2534 1307 2599 οἵτινες
1335 2534 1527 2588 αὐτὸν
1555 2532 1794 2597 ἐξεκέν-

260 2645 427 2696 τησαν.
480 2627 572 2680 καί
602 2627 906 2695 κόψονται
927 2626 1021 2680 ἐπ’
1051 2625 1242 2681 αὐτὸν
1279 2625 1470 2682 πᾶσαι
1500 2629 1560 2680 αἱ
1604 2625 1794 2696 φυλαὶ

260 2719 341 2786 τῆς
357 2718 467 2788 τῆς.
501 2717 630 2781 Ναὶ,
665 2715 857 2787 ἀμήν.
1233 2773 1235 2775 ,

318 2812 364 2862 '0
384 2811 478 2880 γὰρ
516 2807 781 2871 ἐνταῦθα,
829 2807 1021 2875 φησὶν,
1050 2805 1126 2870 ὡς
1172 2806 1348 2878 ἀμνὸς
1398 2806 1791 2876 σφαγιασϐεὶς,

261 2899 382 2972 [iam]
406 2903 458 2952 ὲν
489 2903 549 2970 τῇ
580 2901 836 2971 πατρικῇ
879 2898 1007 2970 δόξῃ
1040 2899 1236 2970 κριτὴς
1271 2899 1367 2952 ἐπὶ
1403 2897 1516 2952 τῶν
1549 2898 1794 2968 νεφελῶν

261 2993 486 3045 ἐλεύσεται
503 3008 518 3024 ’
543 2993 654 3045 εἴτε
683 2991 1005 3061 ἀσωμάτων
1026 2990 1336 3062 νοουμένων
1364 2991 1660 3061 δυνάμεων
1685 2991 1795 3045 τῶν
1828 3004 1831 3008 ‘

262 3082 496 3150 νεφελῶν,
527 3084 634 3137 εἴτε
693 3081 841 3154 [καὶ]
876 3081 1138 3136 τοιούτων
1187 3083 1386 3155 οἵαπερ
1433 3083 1596 3138 αὐτὸν
1628 3087 1686 3137 ἐν
1716 3083 1794 3156 τῷ

263 3174 473 3245 Θιὸωρίῳ
497 3175 608 3245 ὄρει
635 3177 745 3229 σὺν
777 3177 891 3238 τοῖς
945 3174 1125 3243 ἁγίοις
1183 3175 1461 3246 μαθηταῖς
1493 3175 1788 3244 ἐκάλυψεν.

265 3267 526 3337 Ἐρχὰμενον
562 3267 618 3320 δὲ
641 3266 819 3321 αὐτὸν
850 3265 992 3336 μετὰ
1025 3265 1208 3337 δόξης,
1249 3267 1358 3330 πᾶς
1393 3266 1491 3336 μὲν
1518 3266 1796 3336 ὀφθαλμὸς

267 3362 440 3429 inferar
467 3364 510 3415 si
538 3362 594 3416 δὲ
650 3363 1122 3434 ὲκκεντήσαντες,
1163 3362 1259 3416 καὶ
1298 3363 1473 3415 πᾶσαι
1536 3365 1592 3414 αἱ
1625 3361 1794 3432 φυλαὶ

272 3455 348 3521 τῆς
369 3456 448 3523 τῆς
475 3458 523 3510 αἱ
549 3457 616 3527 τῇ
667 3455 910 3526 ἀπιστίᾳ
937 3455 1297 3525 ὶμμείνασαι,
1334 3456 1620 3524 κόψονται.
1651 3456 1790 3520 Nai,

265 3547 407 3614 ἀμὴν,
431 3549 537 3601 ἀντὶ
565 3547 691 3616 τοῦ,
734 3551 955 3612 πάντως
977 3564 995 3581 ο
1035 3548 1104 3601 δι’
1135 3542 1199 3601 οὗ
1251 3547 1344 3601 τὸν
1381 3547 1545 3602 αὑτὸν
1565 3547 1699 3601 νοῦν
1726 3549 1793 3619 τῇ

263 3657 308 3691 τε
344 3639 570 3710 Ἑλληνίδι
609 3644 676 3713 τῇ
717 3657 782 3694 τε
830 3640 1076 3713 Ἐϐραΐδι
1125 3639 1344 3712 γλώττῃ
1404 3641 1647 3713 ἑσήμανε
1672 3655 1686 3669 ·
1734 3639 1796 3692 τὸ

262 3731 344 3800 γὰρ
379 3732 554 3801 Ἀμὴν,
587 3752 606 3785 ι
654 3734 880 3802 γένοιτο
913 3751 934 3786 ι
963 3732 1363 3805 ἑρμηνεύεται.

1897 1977 2098 2034 vivilici
2118 1988 2170 2034 et
2192 1994 2350 2050 aqua:
2371 1981 2660 2048 effusione,
2683 1998 2711 2036 a
2734 1995 3091 2052 peccatorum
3113 1990 3370 2045 sordibus
3395 2007 3498 2045 nos

1895 2070 2106 2135 abluit,
2163 2087 2229 2128 ac.
2307 2073 2363 2128 in
2426 2074 2637 2144 regium
2705 2079 3078 2134 sacerdotium
3147 2083 3426 2150 cooptavit
3482 2102 3498 2138 :

1895 2161 2098 2232 quippe
2145 2161 2240 2232 qui
2295 2164 2582 2219 brutarum
2650 2166 3005 2222 victimarum
3040 2170 3186 2235 loco,
3258 2172 3497 2228 hostiam

1896 2253 2075 2307 vivam
2103 2254 2426 2325 cultumque
2457 2265 2605 2311 certa
2637 2258 2851 2313 ratione
2882 2268 3254 2325 constantem,
3301 2262 3408 2317 Deo
3440 2281 3496 2318 et

1897 2345 2045 2401 Patri
2085 2346 2196 2417 jam
2239 2363 2386 2402 nunc
2417 2348 2739 2406 oll’eramus.

1967 2434 2007 2502 1,
2041 2436 2094 2491 7.
2128 2436 2268 2492 Ecce
2286 2439 2423 2493 venit
2445 2454 2565 2492 cum
2600 2439 2848 2504 nubibus,
2875 2452 2920 2496 et
2955 2441 3147 2496 videbit
3171 2461 3291 2497 eum
3320 2448 3496 2501 omnis

1896 2529 2105 2593 oculus,
2137 2539 2185 2584 et
2215 2530 2307 2600 qui
2345 2546 2466 2584 eum
2520 2544 2882 2602 pupugerunt.
2926 2532 2993 2586 Et
3039 2534 3292 2606 plangent
3339 2555 3501 2607 super

1895 2637 2015 2676 eum
2051 2638 2232 2677 omnes
2261 2622 2430 2676 tribus
2465 2632 2623 2679 terra:
2651 2640 2670 2679 :
2695 2623 2902 2692 Etiam,
2931 2625 3118 2680 Amen.

1968 2801 2072 2868 Qui
2122 2801 2211 2856 hic
2245 2799 2365 2872 (ait)
2415 2801 2584 2857 veluti
2623 2818 2800 2873 agnus
2837 2801 2940 2858 fuit
2982 2801 3287 2873 iugulatus,
3320 2806 3366 2861 is
3398 2823 3494 2878 pa-

1897 2901 2049 2949 terna
2091 2894 2264 2964 gloria
2293 2903 2348 2948 et
2392 2895 2678 2964 majestate
2717 2904 3042 2958 exornatus,
3069 2895 3244 2952 Judex
3275 2900 3406 2954 olim
3442 2901 3496 2955 in

1895 2984 2139 3040 nubibus
2162 2993 2246 3040 cst
2287 2995 2556 3041 venturus
2597 3003 2613 3040 :
2657 2984 2774 3041 sive
2832 2986 3053 3041 nubium
3108 2991 3374 3045 vocabulo
3406 3009 3498 3046 ra-

1897 3077 2140 3133 diantem
2169 3078 2428 3133 virtutum
2474 3078 2724 3146 corporis
2782 3080 3092 3150 expcrtium
3151 3082 3497 3150 splendorem

1899 3168 2140 3240 accipias
2187 3188 2201 3224 :
2242 3171 2358 3226 sive
2397 3171 2570 3226 nubes
2615 3170 2911 3241 ejusmodi,
2969 3172 3283 3243 cujusmodi
3316 3177 3494 3246 ipsum

1906 3277 2015 3316 una
2045 3277 2172 3316 eum
2202 3261 2494 3332 discipulis
2543 3263 2597 3316 in
2653 3273 2840 3318 monte
2868 3262 3090 3320 Thabor
3127 3281 3412 3334 Operuere.
3458 3269 3500 3322 E

1905 3353 2045 3408 caelo
2078 3366 2240 3420 porro
2265 3366 2392 3405 cum
2428 3351 2606 3423 gloria
2649 3360 2703 3406 et
2753 3353 3042 3423 majestate
3068 3353 3495 3425 descendentem

1899 3445 2080 3501 omnis
2107 3443 2325 3514 quidem
2352 3443 2548 3498 oculus
2578 3444 3029 3512 conspicabitur;
3069 3445 3107 3500 ii
3139 3459 3323 3500 autem
3364 3446 3494 3508 soli,

1899 3536 1993 3608 qui
2025 3535 2179 3588 illum
2209 3539 2590 3603 pupugerunt,
2639 3549 2825 3603 eaeque
2865 3535 3040 3592 tribus
3087 3544 3264 3601 terra},
3293 3550 3413 3605 quze
3441 3536 3494 3586 in

1901 3627 2127 3700 perlidia
2153 3627 2220 3681 ad
2253 3626 2420 3679 linem
2469 3639 2646 3695 usque
2696 3626 3007 3696 perstitere,
3040 3627 3301 3697 plangent
3329 3636 3382 3680 et
3414 3626 3494 3679 la-

1901 3720 2298 3778 mentabuntur
2333 3732 2499 3788 super
2543 3730 2695 3771 eum.
2753 3714 2878 3781 Nae,
2901 3720 3089 3786 Amen,
3119 3719 3225 3774 hoc
3272 3729 3380 3781 est,
3417 3720 3489 3772 ita

260 3826 382 3891 plane
404 3824 626 3882 futurum
657 3835 782 3892 est;
817 3825 1086 3897 siquidem
1129 3826 1241 3891 ναί,
1277 3824 1597 3880 hominibus
1627 3821 1833 3878 Graecis
1883 3818 2026 3872 idem
2081 3826 2312 3884 prorsus
2381 3817 2543 3866 sonat
2601 3811 2748 3881 quod
2804 3808 3046 3868 Hebraeis
3106 3812 3294 3867 Amen.
3329 3812 3494 3866 Amen

259 3927 401 3971 autent
429 3918 861 3990 interpretatum,
899 3920 1042 3974 idem
1087 3919 1374 3974 hominum
1402 3917 1570 3972 menti
1603 3916 1784 3978 oll‘ert,
1815 3910 1960 3982 quod
1995 3907 2149 3972 Fiat,
2175 3905 2260 3961 vel
2292 3903 2487 3958 Ratum
2519 3912 2656 3960 esto.

310 4009 433 4079 Ἐγώ
455 4013 560 4082 εἰμι
578 4012 643 4066 τὸ
670 4029 715 4066 a
735 4011 835 4066 καὶ
856 4012 924 4065 τὸ
939 4029 1006 4076 ω,
1021 4009 1110 4080 [ἡ]
1143 4009 1302 4080 ἀρχὴ
1322 4011 1422 4064 καὶ
1444 4008 1560 4082 [τὸ]
1589 4008 1783 4074 τέλος,

255 4101 384 4171 λέγει
408 4104 605 4171 Κύριος
636 4107 670 4158 ὁ
699 4105 868 4169 Θεὸς,
893 4107 926 4158 ό
948 4101 1055 4169 ὢν,
1093 4103 1195 4158 καὶ
1227 4105 1260 4158 ὁ
1290 4099 1391 4174 ἦν,
1421 4103 1523 4157 καὶ
1561 4104 1594 4157 ό
1617 4102 1788 4171 ἐρχό-

254 4211 414 4261 μενος,
441 4195 516 4262 [ό]
537 4194 986 4262 παντοκράτωρ.

313 4289 462 4353 Τδδὲ,
488 4287 634 4359 Ἐγώ
669 4290 792 4358 ειμι
848 4288 916 4342 τὸ
966 4301 1009 4340 α
1039 4286 1234 4341 καὶτὸ
1267 4303 1332 4350 ω,
1359 4286 1389 4338 ὁ
1426 4283 1664 4356 Χριστὸς
1701 4285 1789 4336 ὲν·-

258 4377 393 4431 ταῦθα
416 4379 659 4450 δηλοῦται
683 4395 700 4410 ⁶
733 4381 834 4434 ἅτε
862 4379 998 4442 Θεὸς
1028 4379 1124 4432 καὶ
1153 4377 1378 4449 κρατῶν
1397 4378 1507 4430 τῶν
1539 4379 1784 4438 πάντων,

258 4469 447 4540 ἄναρχος
495 4489 552 4524 τε
581 4471 722 4544 ὁμοῦ
749 4470 847 4524 καὶ
899 4469 1282 4540 ἀτελεύτητος,
1313 4468 1392 4522 ὣν
1445 4469 1540 4524 καὶ
1578 4465 1785 4537 προὼν,

1961 4003 2019 4072 6
2065 3997 2319 4069 1,8.Ego
2375 4013 2491 4051 sum
2536 3996 2696 4064 alpha
2733 4005 2781 4049 et
2823 4011 3029 4066 omega,
3081 3997 3398 4066 principium
3449 4008 3498 4050 et

1891 4092 2195 4162 ﬁnis:dicit
2223 4089 2483 4143 Dominus
2522 4087 2685 4151 Deus,
2749 4088 2840 4158 qui
2889 4097 2990 4152 est,
3027 4097 3078 4142 et
3132 4090 3224 4159 qui
3259 4098 3409 4153 erat,
3447 4099 3498 4144 et

1890 4188 1980 4258 qui
2029 4195 2178 4239 ventu
2191 4200 2278 4236 rus
2300 4191 2398 4248 est,
2423 4183 2770 4250 omnipotens.

1973 4274 2074 4330 Hic
2107 4275 2258 4328 locus
2285 4272 2573 4342 perspicue
2609 4271 2891 4326 Christum
2923 4269 3196 4340 designat,
3240 4279 3298 4323 ut
3325 4271 3415 4340 qui
3441 4281 3496 4326 ct

1899 4367 2044 4423 Deus
2073 4367 2325 4429 exsistat,
2362 4373 2416 4419 et
2447 4363 2762 4418 absolutum
2801 4364 2852 4417 in
2887 4377 3081 4418 omnes
3137 4363 3489 4419 dominatum

1897 4459 2164 4526 obtineat,
2195 4468 2253 4514 et
2283 4457 2468 4513 omnis
2509 4456 2766 4527 principii
2816 4471 2884 4511 ac
2933 4455 3058 4510 linis
3090 4470 3290 4526 expers
3323 4458 3487 4510 vivat.

259 4562 506 4634 καὶπέρας
557 4565 657 4618 οὐκ
692 4563 856 4635 ἔχων,
887 4563 965 4626 ὡς
1007 4561 1088 4634 τῷ
1126 4563 1306 4633 Πατρὶ
1348 4560 1654 4624 συναῖδιοςο
1688 4560 1787 4612 καὶ

1903 4551 1995 4618 Qui
2033 4551 2176 4606 idem
2198 4551 2365 4606 etiam
2398 4559 2503 4614 est,
2539 4557 2591 4605 et
2623 4557 2764 4616 erat,
2788 4558 2842 4604 et
2873 4549 3036 4603 linem
3088 4548 3328 4618 ignorat.
3359 4564 3473 4619 per-

259 4653 325 4705 διᾶ
345 4655 483 4709 τοῦτο
515 4656 813 4711 ἀποδώσων
842 4655 1062 4727 ἑκάστῳ
1094 4656 1206 4709 τῶν
1258 4651 1679 4724 πεπραγμένων
1722 4651 1792 4704 τὰ

260 4744 483 4817 ἐπίχειρα,

310 4922 436 4992 Ἐγὼ
462 4926 790 4995 Ἰωάννηςό
827 4927 1096 4999 ἀδελφὸς
1122 4926 1298 4997 ὑμῶν
1325 4926 1426 4980 καὶ
1452 4940 1788 4994 συγκοινω-

261 5012 342 5078 νὸς
369 5016 431 5068 ἐν
455 5017 522 5085 τῇ
563 5020 766 5088 θλίψει
807 5020 910 5074 καί
1057 5019 1156 5091 τῇ]
1181 5019 1476 5085 ,βασιλείᾳ
1503 5015 1602 5069 καὶ
1636 5017 1786 5069 ὑπο·

259 5103 382 5173 μονῇ
425 5109 618 5176 Ἰησοῦ
661 5110 947 5178 Χριστοῦ,
979 5111 1277 5180 ἐγενόμην
1312 5109 1383 5162 ἐν
1413 5105 1486 5176 τῇ
1514 5105 1689 5173 νήσῳ
1715 5103 1788 5174 τῇ

261 5199 552 5269 καλουμένῃ
583 5200 818 5270 Πάτμῳ,
857 5200 955 5255 διὰ
987 5202 1097 5255 τὸν
1123 5203 1314 5270 λόγον
1357 5199 1462 5253 τοῦ
1491 5196 1641 5252 Θεοῦ
1686 5196 1787 5252 καί

263 5285 373 5359 [διὸ]
396 5291 502 5358 τὴν
524 5294 854 5363 μαρτυρίαν
880 5293 1087 5362 Ἰησοῦ
1117 5289 1448 5366 [Χριστοῦ].

322 5378 439 5447 ἐγὼ
471 5381 545 5448 δὲ,
564 5382 662 5436 ἇτε
691 5381 940 5452 ἁδελφὸς,
972 5382 1162 5454 φησὶν,
1205 5381 1361 5451 ὑμῶν
1394 5378 1495 5445 ὣν,
1529 5379 1627 5434 καὶ
1653 5395 1788 5448 συγ-

264 5475 469 5538 κοινωνὸς
495 5477 549 5529 ὲν
576 5477 696 5540 ταῖς
733 5475 824 5530 διὰ
853 5473 1094 5546 Χριστὸν
1145 5472 1416 5544 θλίψεσιν,
1461 5471 1691 5536 εἰκότως
1723 5472 1788 5525 τὸ

266 5563 526 5628 ἀξιόπιστον
556 5570 684 5640 παρ’
715 5569 846 5640 ὑμῖν
877 5569 1161 5638 κέκτημαι
1184 5581 1200 5596 ο
1233 5564 1325 5618 διὰ
1353 5566 1465 5636 γὰρ
1499 5564 1601 5636 τὴν
1645 5582 1787 5637 μαρ-

265 5657 416 5723 τυρίαν
449 5660 637 5731 Ἰησοῦ,
669 5661 888 5733 Πάτμον
919 5661 1091 5714 οἰκεῖν
1145 5657 1248 5727 τὴν
1283 5657 1447 5729 νῆσον
1482 5659 1786 5712 καταδικα-

269 5747 403 5816 σθεὶς,
437 5755 764 5826 ἀπαγγέλλω
813 5755 943 5827 ὑμῖν
984 5753 1056 5808 τὰ
1081 5751 1372 5826 ἑωραμένα
1401 5769 1493 5825 μοι
1537 5752 1595 5807 ὲν
1645 5753 1782 5825 αὐτῇ

273 5843 513 5915 μυστήρια.

1895 4645 2133 4715 indeque
2211 4653 2375 4712 atque
2437 4643 2600 4698 Pater
2648 4656 2765 4696 aevo
2818 4639 3154 4711 sempiterno
3205 4642 3390 4705 durat,
3438 4649 3487 4695 ct

1892 4739 2196 4808 unicuique
2225 4738 2357 4792 olim
2385 4751 2484 4807 pro
2514 4751 2741 4804 cperum
2780 4751 3002 4790 suorum
3028 4734 3244 4789 ratione
3263 4745 3316 4789 et
3347 4750 3485 4804 qua-

1895 4829 2068 4895 litate,
2099 4827 2183 4882 vel
2221 4827 2444 4898 praemia
2502 4825 2770 4892 exsolvet,
2808 4835 2905 4880 aut
2957 4824 3226 4895 supplicia
3271 4825 3488 4880 inlerct.

1965 4920 2008 4985 Ι,
2057 4921 2114 4975 9.
2147 4919 2262 4991 Ego
2306 4919 2544 4974 Joannes
2586 4920 2755 4989 frater
2792 4927 2976 4985 vester,
3027 4927 3076 4971 et
3126 4919 3396 4987 particeps
3438 4920 3490 4970 in

1899 5013 2250 5068 tribulatione
2289 5023 2338 5068 et
2379 5029 2560 5084 regno,
2607 5025 2656 5066 et
2696 5013 2960 5081 patientia
3006 5013 3061 5066 in
3109 5012 3320 5066 Christo
3340 5009 3489 5067 Iesu.

1896 5106 1978 5174 fui
2017 5107 2073 5159 in
2107 5106 2288 5160 insuto
2331 5121 2450 5174 qua:
2490 5106 2795 5175 appellatur
2842 5103 3090 5171 Patmos,
3121 5116 3335 5176 propter
3375 5123 3459 5161 ver

1895 5197 2019 5252 bum
2044 5197 2160 5265 Dei,
2190 5207 2241 5252 et
2276 5197 2640 5252 testimonium
2669 5196 2824 5252 Iesu.

1963 5380 2193 5449 Quando
2230 5379 2452 5452 (inquit)
2508 5388 2564 5436 et
2620 5388 2800 5435 vester
2845 5379 3032 5441 frater,
3067 5387 3122 5432 et
3172 5384 3481 5433 vestrarum

1888 5475 2249 5530 alllictionum
2290 5476 2478 5529 socius
2513 5489 2658 5538 sum,
2694 5473 2890 5527 merito
2921 5469 3064 5540 apud
3098 5483 3198 5524 vos
3235 5467 3393 5522 [idem
3429 5478 3483 5523 ct

1888 5567 2276 5623 auctoritatem
2301 5567 2550 5622 obtinere
2575 5567 2768 5621 debeo.
2794 5564 2931 5618 Nam
2984 5571 3205 5633 prapter
3235 5561 3475 5617 testimo-
3544 5620 3548 5622 ,

1889 5664 2042 5718 nium
2070 5661 2202 5718 Jesn
2225 5661 2429 5717 Christi
2459 5661 2524 5717 ad
2554 5660 2792 5717 insulam
2823 5657 3052 5712 Patmon
3095 5658 3384 5729 relegatus.
3427 5669 3479 5713 et

1887 5762 1948 5808 ut
1978 5752 2052 5807 ibi
2107 5761 2321 5807 aetatem
2379 5767 2622 5823 agerem,
2667 5751 3086 5816 condemnatus,
3121 5751 3378 5822 mysteria
3425 5759 3484 5805 et

1889 5859 2091 5901 arcana
2127 5859 2250 5917 qua:
2282 5845 2337 5901 in
2378 5844 2476 5902 illa
2512 5843 2646 5914 vidi,
2678 5831 2834 5900 vobis
2863 5844 3149 5903 denuntio.
