4070 6410
562 333 663 398 231

1730 319 2077 399 annuae
2118 337 2638 402 C/ESARIENSIS

3719 355 3811 422 232

635 446 677 513 Ι,
712 445 797 511 l9,
834 444 923 500 20.
954 442 1134 500 Scribe
1166 461 1289 515 ergo
1316 462 1431 516 qum
1456 445 1657 513 vidisti,
1689 456 1739 500 et
1770 465 1888 517 qua:
1910 458 2057 514 sunt,
2101 457 2151 503 et

2328 449 2584 518 Γράψον
2612 446 2728 502 οὖν
2752 445 2791 502 d
2823 443 3001 515 εἶδες,
3040 450 3141 504 καὶ
3191 448 3230 505 d
3274 452 3417 519 εισι,
3451 455 3545 509 καὶ
3569 458 3605 512 ἆ
3628 462 3812 528 μέλλει

561 555 678 607 quae
710 550 912 608 oportet
937 540 1055 609 ﬁeri
1078 548 1194 608 post
1217 540 1347 593 hrec.
1376 538 1780 593 Sacramentum
1810 552 2004 608 septem
2029 542 2156 597 stel-

564 631 762 695 larum,
788 648 918 700 quas
949 631 1128 684 vidisti
1161 631 1215 683 in
1261 630 1481 684 dextera
1518 648 1663 697 mea;
1708 643 1758 687 et
1796 643 1990 703 septem
2029 652 2157 688 can-

561 721 783 777 delabra
834 738 1019 775 aurea.
1079 721 1290 791 Septem
1340 722 1509 776 stella:
1537 763 1551 787 ,
1590 724 1763 795 angeli
1805 736 1928 780 sunt
1961 736 2157 795 septem

569 811 931 868 Ecclesiarum
962 828 980 865 :
1039 825 1084 866 et
1130 812 1457 868 candelabra
1504 826 1725 884 septem,
1784 833 1903 887 qua:
1953 817 2155 885 vidisti,

563 913 756 972 septem
793 902 1046 956 Ecclesia:
1076 913 1223 957 sunt.

637 994 1088 1063 Quandoquidem
1131 994 1225 1049 lux
1248 1011 1375 1051 vera
1421 1010 1504 1052 est
1533 996 1788 1053 Christus
1825 1015 1838 1051 :
1884 997 1942 1051 lit
1978 1005 2036 1051 ut
2069 1014 2162 1053 co-

564 1087 804 1156 piosiore
836 1086 955 1140 lucc
990 1087 1059 1141 ab
1085 1102 1152 1142 eo
1190 1088 1477 1157 illustrati,
1508 1090 1738 1145 lucerna:
1791 1091 2156 1160 appellentur,

564 1179 721 1247 quasi
764 1178 1052 1243 praesentis
1088 1178 1210 1233 vitae
1256 1189 1471 1234 noctem
1520 1180 1633 1250 jam
1678 1184 1851 1236 exuti.
1899 1180 2161 1236 Lucerna:

565 1286 785 1324 rursum
844 1270 990 1325 haud
1061 1271 1391 1328 inconcinne
1439 1284 1707 1329 vocantur
1759 1276 2052 1343 Ecclesiaz;
2103 1284 2163 1330 ut

565 1378 685 1431 quae
716 1362 899 1416 stellas
925 1362 1197 1432 ejusmodi
1228 1366 1369 1419 intra
1400 1382 1457 1421 se
1489 1365 1728 1434 foveant,
1749 1384 1872 1438 qua:
1900 1368 2023 1422 vita:
2045 1384 2165 1422 ver-

568 1455 695 1509 bum
756 1454 907 1525 juxta
943 1457 1192 1526 Apostoli
1255 1459 1581 1512 sententiam
1641 1459 1912 1515 obtinent.
1972 1459 2163 1514 Aurea:

569 1557 750 1603 autem
806 1549 1011 1604 eaedem
1066 1550 1295 1605 lucerna:
1345 1562 1400 1606 et
1461 1553 1579 1622 ipsa
1630 1554 1795 1607 etiam
1840 1554 2161 1608 candelabra

568 1642 848 1707 dicuntur,
880 1642 947 1696 ad
982 1643 1321 1698 innuendam
1361 1645 1697 1715 singularem
1729 1646 1947 1701 illorum
1982 1647 2164 1702 excel—

569 1731 1206 1803 lentiam,eximiamque
1246 1734 1394 1800 ﬁdei,
1424 1752 1546 1805 qua:
1590 1737 1644 1790 in
1672 1737 1806 1807 ipsis
1841 1737 2004 1808 viget,
2049 1737 2164 1793 sin-

2259 540 2545 606 γενέσθαι
2593 540 2746 610 μετὰ
2793 541 3001 595 ταῦτα.
3067 541 3144 596 Τὸ
3182 547 3521 614 μυστήριον
3546 549 3656 603 τῶν
3686 554 3814 611 ἑπτὰ

2260 634 2534 700 ἀστέρων
2566 629 2656 687 ὧν
2701 630 2860 699 εἶδες
2902 634 3001 687 ἐπὶ
3046 633 3159 701 τῆς
3188 635 3395 702 δεξιᾶς
3424 656 3561 706 μου,
3595 644 3685 696 καὶ
3724 649 3817 715 τὰς

2259 724 2410 777 ἑπτὰ
2461 725 2725 792 λυχνίας
2794 724 2904 789 τὰς
2946 723 3185 792 χρυσᾶς
3209 742 3223 758 ο
3268 730 3326 779 οἱ
3377 728 3530 782 ἑπτὰ
3574 732 3815 801 ἀστέρες,

2261 817 2505 886 ἄγγελοι
2526 814 2650 871 τῶν
2684 816 2839 870 ἑπτὰ
2884 817 3264 886 Ἐκκλησιῶν
3301 822 3421 875 εισι
3446 838 3462 853 ο
3494 824 3589 876 καὶ
3613 829 3668 879 al
3693 827 3819 883 ἑπτὰ

2260 912 2509 979 λυχνίαι
2536 909 2607 975 ἂς
2638 906 2817 975 εἶδες,
2851 910 3003 965 ἑπτὰ
3046 912 3397 979 Ἐκκλησίαι
3433 915 3605 967 εἰσίν.

2346 1003 2564 1072 Ἐπειδὴ
2608 1003 2664 1055 δὲ
2696 1003 2812 1070 φῶς
2842 1002 3097 1073 ἀληθινὸν
3126 1005 3154 1055 ό
3182 1004 3447 1074 Χριστὸς,
3478 1005 3660 1060 τούτου
3683 1011 3819 1081 χάριν

2262 1093 2468 1163 λύχνοι,
2495 1095 2545 1145 οἱ
2573 1093 2665 1147 τὸν
2700 1092 2869 1148 αὐτοῦ
2896 1094 3262 1158 πλουτοῦντες
3289 1098 3621 1164 φωτισμὸν,
3655 1101 3819 1171 ὡςτὴν

2264 1185 2435 1238 νύκτα
2468 1185 2562 1239 τοῦ
2614 1186 2886 1257 παρόντος
2932 1186 3051 1255 βίαν
3087 1188 3568 1258 καταλάμποντες.
3614 1192 3813 1262 Λνχνίαι

2262 1278 2321 1331 δὲ
2377 1279 2608 1341 εἰκότως
2661 1280 2718 1331 al
2795 1278 3117 1350 Ἐκκλησίαι
3163 1280 3547 1351 ὀνομάζονται,
3598 1282 3669 1346 ὼς
3715 1288 3820 1349 τοὺς

2265 1372 2562 1441 φωστῆρας
2617 1370 2881 1441 ἔχουσαι,
2937 1372 3067 1435 τοὺς
3113 1371 3274 1439 λόγον
3333 1372 3481 1442 ζωῆς
3535 1375 3817 1445 ἐπέχοντας,

2268 1461 2411 1515 κατὰ
2458 1461 2552 1514 τὸν
2584 1462 2927 1515 Ἀπόστολον.
2962 1463 3195 1532 Χρυσοῖ
3236 1465 3293 1516 δὲ
3328 1466 3385 1518 οῖ
3424 1481 3483 1517 τε
3512 1468 3715 1535 λύχνοι
3738 1472 3821 1523 καὶ

2264 1558 2325 1609 al
2351 1556 2620 1625 λυχνίαι,
2652 1555 2741 1609 διὰ
2782 1557 2842 1609 τὺ
2867 1556 3050 1626 τίμιον
3083 1558 3180 1610 καὶ
3214 1557 3511 1626 ἀκίϐδηλον
3535 1558 3634 1629 τῆς
3654 1563 3707 1612 ὲν
3731 1563 3816 1614 αὑ-

2264 1650 2378 1710 τοῖς
2408 1647 2666 1711 πίστεως.
2711 1647 2935 1702 Τούτων
2969 1650 3026 1703 δὲ
3079 1648 3289 1723 ἑκάστῃ
3345 1650 3600 1719 ἅγγελος
3646 1655 3824 1720 φύλαξ

2267 1740 2561 1809 ἐφέστηκε,
2592 1734 2793 1803 καθώς¹
2819 1759 2984 1812 φησιν
3018 1744 3046 1796 ό
3080 1742 3284 1813 Κύριος
3309 1758 3325 1773 ⁸
3374 1743 3471 1796 καὶ
3519 1744 3549 1795 ὁ
3593 1744 3826 1813 Θεολόγος

570 1826 872 1878 ceritatem.
908 1824 1150 1895 Singulis
1204 1842 1392 1896 porro,
1430 1837 1490 1881 ut
1551 1826 1818 1883 Dominus
1844 1830 2047 1885 alicubi
2085 1831 2155 1884 iu-

2268 1832 2325 1885 δὲ
2354 1833 2659 1903 Γρηγόριος
2694 1831 2882 1905 [οὕτω]
2923 1834 2983 1887 τὸ
3016 1834 3192 1905 παρὸν
3241 1834 3471 1903 νενόηκε
3516 1836 3790 1904 κεφάλαιον
3811 1855 3822 1867 ·

569 1918 773 1983 sinuat,
800 1926 855 1970 et
881 1917 1178 1988 Gregorius
1234 1919 1568 1991 Tlteologus,
1621 1921 1751 1975 dum
1787 1937 2025 1991 praesens
2058 1923 2160 1976 hoc

567 2019 732 2078 caput
760 2009 1034 2073 edisserit,
1064 2010 1376 2077 conﬁrmat,
1407 2014 1637 2082 angelus
1682 2023 1870 2071 custos
1906 2017 2160 2086 praeposi-

2270 1922 2366 1988 οὓς
2397 1924 2677 1994 τροπικῶς
2707 1924 2944 1995 ἀστέρας
2979 1925 3069 1979 διὰ
3099 1925 3161 1979 τὸ
3190 1926 3454 1996 φωτεινδν
3490 1927 3582 1980 καὶ
3616 1926 3829 1997 καθαρὸν

2268 2017 2367 2087 τῆς
2393 2016 2609 2085 φύσεως
2648 2016 2924 2086 ὠνόμασε.

571 2111 657 2155 tus
714 2112 815 2155 est.
874 2100 987 2157 llos
1047 2112 1229 2157 autem
1285 2105 1500 2174 angelos
1570 2108 1813 2163 custodes
1876 2109 1947 2164 ob
2007 2120 2217 2164 naturae
2266 2109 2592 2176 claritatem,
2644 2110 2879 2180 vitasque
2939 2112 3285 2168 sanctitatem
3345 2125 3400 2169 et.
3450 2114 3825 2177 castimoniam.

568 2204 723 2265 tropo
744 2196 978 2265 quodam
1012 2196 1294 2251 stellarum
1329 2214 1461 2255 voce
1482 2200 1823 2260 deuominat.

1156 2342 1408 2398 CAPUT.
1452 2343 1538 2400 111.

701 2453 783 2507 Ad
809 2453 1091 2524 Ephesium
1126 2456 1381 2513 Ecclesia!
1407 2462 1655 2531 angelum
1690 2463 1982 2521 destinata.

634 2648 699 2712 ΙΙ,
732 2652 780 2703 ί.
825 2650 891 2704 Et
928 2652 1114 2722 angelo
1151 2652 1348 2722 Ephesi
1386 2654 1641 2711 Ecclesia:
1672 2658 1843 2713 scribe
1870 2675 1888 2712 :
1926 2658 2052 2714 lia-c
2076 2662 2154 2713 di-

562 2746 633 2796 cit
658 2747 748 2815 qui
775 2756 909 2800 tenet
943 2758 1139 2817 septem
1166 2750 1352 2804 stellas
1379 2752 1432 2805 in
1465 2753 1689 2807 dextera
1716 2771 1815 2809 sua
1839 2773 1858 2823 ;
1907 2758 1998 2827 qui
2044 2776 2156 2813 am-

562 2839 707 2890 bulat
741 2839 796 2892 in
829 2840 999 2894 medio
1030 2852 1226 2911 septem
1256 2844 1699 2901 candelabrorum
1736 2866 2044 2906 aureorum.

636 3011 740 3069 Per
769 3016 1021 3086 angelum
1072 3018 1371 3077 Ecclesiam
1409 3024 1638 3094 perinde
1668 3025 1784 3083 fere
1812 3028 2031 3097 aﬂ'atur,
2069 3039 2155 3085 at-

2876 2352 3133 2406 ΚΕΦΔΛ.
3173 2348 3248 2407 Γ.

2272 2462 2353 2518 Τὰ
2411 2464 2787 2535 γεγραμμένα
2836 2464 2986 2533 πρὸς
3038 2464 3147 2517 τὸν
3207 2463 3318 2531 τῆς
3363 2464 3653 2535 Ἐφεσίων
3714 2466 3829 2521 Ἐκ-

2764 2536 3030 2602 κλησίας
3079 2535 3361 2603 ἄγγελον.

2334 2669 2423 2737 Τῷ
2459 2672 2696 2742 ἀγγέλῳ
2743 2670 2852 2741 τῆς
2885 2671 2955 2724 ἐν
2997 2671 3233 2741 Ἐφέσῳ
3293 2672 3659 2740 Ἐκκγησίας
3707 2674 3829 2744 γρά-

2258 2767 2383 2833 ψον
2408 2781 2422 2795 ’
2468 2766 2613 2819 Τάδε
2634 2766 2795 2835 λέγει
2826 2768 2858 2819 ό
2885 2764 3119 2834 κρατῶν
3142 2765 3285 2833 τοὺς
3311 2765 3463 2820 ἑπτὰ
3491 2766 3744 2835 ἀστέρας
3771 2768 3831 2819 ἐν

2258 2854 2335 2924 τῇ
2374 2856 2546 2925 δεξιᾷ
2574 2852 2763 2913 αὐτοῦ
2797 2862 2829 2911 ὁ
2877 2857 3220 2927 περιπατῶν
3250 2859 3320 2913 ἐν
3342 2857 3519 2929 μέσῳ
3562 2858 3678 2913 τῶν
3701 2860 3831 2914 ἑπτὰ

2264 2944 2535 3017 λυχνιῶν
2563 2944 2681 2999 τῶν
2707 2947 2978 3017 χρυσῶν.

2334 3039 2433 3092 Διὰ
2465 3038 2555 3092 τοῦ
2590 3041 2825 3107 ἀγγέλου
2851 3044 2917 3111 τῇ
2959 3041 3257 3113 Ἐκκλησία
3298 3042 3633 3112 διαλέγεται,
3664 3042 3829 3111 ὥσπερ

561 3118 669 3168 que
699 3103 745 3157 si
787 3108 913 3175 quis
960 3123 1057 3178 per
1108 3112 1464 3183 paedagogum
1494 3117 1660 3171 verba
1707 3118 1775 3173 ad
1806 3119 1958 3174 illum
1988 3120 2154 3177 faciat

2263 3133 2329 3186 ἄν
2346 3150 2429 3195 τις
2457 3132 2545 3185 διὰ
2569 3103 2925 3201 παιδαγωγοῦ
2946 3133 3023 3204 τῷ
3046 3103 3580 3207 παιδαγωγουμένῳ.
3608 3135 3829 3189 Οξκεῑοῦ·

561 3196 653 3261 qui
682 3198 874 3253 litteris
908 3201 1145 3269 primum
1181 3204 1469 3261 imbuitur.
1505 3208 1696 3265 Solent
1744 3227 1984 3282 namque
2012 3229 2155 3283 prte-

560 3297 833 3355 ceptorcs,
885 3306 1008 3359 qua:
1061 3292 1459 3364 discipulorum
1501 3308 1652 3364 sunt,
1710 3298 1761 3352 in
1797 3315 1857 3355 se
1899 3316 2158 3354 nonnun-

560 3394 724 3446 quam
759 3380 1055 3438 transl‘erre
1080 3424 1096 3446 ,
1144 3383 1258 3440 sive
1298 3401 1361 3441 ea
1393 3397 1574 3443 errata
1601 3389 1822 3455 iuerint,
1871 3392 1987 3447 sive
2018 3408 2158 3461 prac-

560 3471 709 3525 clara
741 3488 960 3543 quoque
990 3474 1259 3532 facinora.
1293 3476 1560 3535 Nituutur
1576 3484 1724 3538 enim
1762 3483 1817 3538 hi
1844 3485 2154 3556 discipulos

560 3566 739 3629 quoad
766 3564 881 3631 ejus
938 3566 1052 3621 lieri
1100 3579 1299 3638 potest,
1340 3572 1550 3628 similes
1584 3576 1689 3629 sibi
1730 3576 1980 3633 reddere.
2019 3577 2155 3632 Pro-

563 3655 741 3708 babile
771 3655 828 3709 lit
861 3669 1042 3711 autem
1067 3676 1163 3729 per
1183 3674 1379 3730 septem
1407 3666 1591 3720 stellas
1623 3679 1878 3738 septemve
1916 3672 2151 3742 angelos,

560 3760 701 3814 quos
731 3743 964 3801 Irenzeus
980 3758 1033 3802 et
1056 3752 1394 3822 Epiphanius
1426 3755 1848 3828 intelligentium
1884 3762 2151 3817 caelorum

563 3838 784 3890 nomine
811 3839 1010 3894 alicubi
1057 3844 1393 3913 exprimunt,
1436 3849 1608 3901 totius
1652 3851 1896 3908 universi
1952 3856 2154 3925 guber-

560 3930 859 3996 nationem,
918 3950 1040 4002 qme
1098 3933 1151 3988 in
1195 3936 1417 3993 dextera
1466 3939 1693 4009 Christi,
1764 3943 1907 4000 sicut
1963 3963 2154 4003 oumes

559 4035 777 4089 quoque
836 4034 993 4078 terrae
1044 4027 1198 4094 lines,
1250 4030 1354 4083 sita
1385 4039 1489 4092 est.
1526 4034 1632 4088 hoc
1672 4034 1796 4088 loco
1831 4038 2149 4107 siguilieari.

2262 3223 2385 3275 σθαι
2433 3222 2542 3293 γὰρ
2583 3225 2611 3276 ὁ
2656 3224 2975 3289 διδάσκαλος
3036 3227 3104 3280 τὰ
3130 3227 3227 3279 τοῦ
3289 3228 3538 3298 μαθητοῦ
3588 3230 3828 3298 πέφυκεν,

2255 3314 2366 3367 εἴτε
2398 3316 2746 3386 ἐγκλήματα,
2801 3318 2910 3370 εἴτε
2971 3320 3400 3391 κατορθώματα,
3453 3323 3552 3375 ἆτε
3609 3320 3830 3374 σπεύδων

2256 3406 2540 3477 ἐξομοιοῦν
2576 3409 2758 3478 ἐαυτῷ
2786 3409 2877 3462 τὸν
2903 3411 3312 3481 διδασκόμενον.
3344 3414 3509 3476 Εἰκὸς
3536 3415 3591 3467 δὲ
3621 3414 3705 3466 διὰ
3728 3409 3831 3466 τῶν

2254 3497 2405 3551 ἑπτὰ
2426 3499 2720 3568 ἀστέρων,
2756 3500 2948 3569 ἤγουν
2982 3501 3146 3575 [τῶν]
3179 3504 3473 3572 ἀγγέλων,
3515 3505 3623 3557 τῶν
3654 3507 3708 3556 ἐν
3736 3506 3832 3567 τοῖς

2260 3592 2583 3662 εἰρημένοις
2617 3593 2895 3664 Εἰρηναίῳ
2922 3596 3017 3647 καὶ
3057 3595 3367 3667 Ἐπιφανίῳ
3395 3600 3510 3659 τοῖς
3540 3597 3832 3668 μακαρίοις,

2261 3682 2403 3734 ἑπτὰ
2428 3683 2702 3753 οὐρανοῖς,
2728 3683 2964 3753 λογικῶν
3000 3686 3212 3751 τάξεων
3257 3688 3561 3756 δηλοῦσθαι
3594 3690 3691 3759 τὴν
3735 3688 3833 3739 δια-

2261 3773 2558 3843 κόσμησιν,
2598 3776 2657 3827 ὲν
2692 3779 2759 3847 τῇ
2804 3777 2953 3848 δεξιᾷ
2990 3779 3085 3831 τοῦ
3113 3780 3352 3848 Χριστοῦ
3379 3784 3647 3852 κειμένην
3672 3798 3687 3813 ο
3730 3773 3832 3853 ὲνῇ

2258 3864 2351 3916 καὶ
2380 3865 2449 3916 τὰ
2472 3864 2575 3934 τῆς
2619 3869 2723 3937 γῆς
2749 3867 2963 3937 πέρατα
2992 3886 3005 3900 ο
3038 3869 3135 3923 τοῦ
3168 3872 3261 3924 καὶ
3292 3874 3349 3925 ἐν
3388 3874 3543 3943 μέσῳ
3582 3874 3689 3925 τῶν
3726 3872 3832 3924 Ἐκ-

2254 3953 2496 4024 κλησιῶν
2557 3958 3014 4028 περιπατοῦντος,
3103 3963 3249 4017 κατά
3307 3967 3407 4036 τὴν
3458 3966 3671 4019 οἰκείαν
3722 3964 3833 4015 ὑπέ-

2256 4064 2462 4117 σχεσιν.

561 4110 842 4179 Siquidem
881 4114 925 4169 i‘s
981 4126 1064 4169 est
1106 4120 1196 4187 qui
1249 4120 1407 4189 juxta
1439 4126 1863 4193 promissionem
1908 4146 2065 4185 suam
2095 4133 2147 4187 in
2192 4140 2371 4194 medio
2426 4139 2802 4200 Ecclesiarum
2864 4146 3133 4214 ambulat,
3166 4151 3549 4221 mundumque
3598 4166 3692 4221 per
3720 4132 3827 4203 San-

558 4214 679 4259 ctos
711 4206 937 4276 angelos
972 4207 1345 4267 administrat.

628 4318 694 4385 ll,
725 4321 844 4376 2-5.
884 4322 1007 4378 Scio
1032 4341 1193 4395 opera
1244 4338 1340 4382 tua
1368 4340 1417 4384 et
1445 4331 1704 4401 laborent,
1738 4345 1788 4390 et
1833 4340 2149 4407 patientiam

558 4420 706 4464 luant
725 4428 744 4475 ;
776 4425 823 4466 et
860 4416 985 4485 quia
1024 4433 1125 4470 non
1155 4430 1303 4487 potes
1330 4426 1591 4479 sustinere
1624 4428 1817 4497 malos,
1848 4439 1898 4484 et
1927 4435 2147 4488 tentasti

554 4520 642 4557 eos
666 4507 757 4574 qui
779 4507 966 4560 dicunt
992 4525 1046 4562 se
1074 4514 1343 4579 apostolos
1377 4531 1512 4581 esse,
1545 4527 1595 4571 et
1627 4536 1729 4573 non
1758 4533 1979 4587 sunt,et
2008 4527 2152 4581 inve-
2183 4503 2230 4559 θ

560 4601 690 4653 nisti
715 4618 799 4654 eos
834 4604 1109 4659 mendaces
1135 4622 1152 4659 :
1191 4618 1241 4661 et
1274 4610 1332 4680 9
1353 4614 1667 4679 patientiam
1696 4618 1880 4687 habes,
1907 4631 1956 4675 et
1984 4625 2148 4678 susti-

560 4693 726 4746 nuisti
751 4704 964 4762 propter
1012 4714 1203 4752 nomen
1257 4719 1453 4770 meum,
1490 4718 1539 4760 et
1596 4725 1702 4763 non
1732 4712 1996 4781 deiecisti.
2044 4716 2149 4772 Sed

556 4785 722 4839 habeo
779 4789 1058 4843 adversum
1105 4804 1153 4847 te
1197 4810 1392 4862 pauca,
1455 4804 1593 4871 quod
1642 4805 1958 4862 charitatem
2000 4821 2147 4865 tuam

556 4880 787 4946 primunt
816 4881 1099 4950 reliquisti.
1126 4886 1332 4942 Memor
1359 4901 1471 4945 esto
1493 4881 1672 4964 itaque
1693 4900 1831 4954 unde
1857 4904 2143 4969 excideris,

555 4980 603 5023 et
629 4988 723 5041 age
754 4976 1137 5047 paenitentiam,
1158 4994 1205 5034 et
1236 4984 1411 5052 prima
1441 5003 1602 5055 opera
1640 4990 1752 5059 fac.

625 5264 994 5335 Ephesiorum
1030 5268 1334 5329 Ecclesiam
1372 5274 1441 5331 de
1462 5279 1680 5336 duobus
1712 5281 1959 5337 tribusve
2000 5300 2148 5339 sum.

555 5360 745 5412 matim
787 5365 1169 5429 commendat;
1197 5367 1412 5421 de~uno
1465 5382 1648 5425 autem
1707 5374 1944 5441 incusat,
1978 5377 2145 5446 idque

557 5449 609 5500 in
646 5452 826 5505 medio
854 5454 1111 5509 collocat.
1138 5456 1355 5511 Etenim
1405 5461 1750 5516 tolerantiam
1787 5464 2145 5535 laboremque

557 5550 611 5592 et
690 5545 996 5601 molestiam
1058 5565 1220 5619 quam
1286 5567 1383 5621 pro
1433 5556 1537 5609 lidc
1595 5568 1946 5627 susceperat;
2023 5572 2140 5615 tum

558 5633 742 5686 odium
772 5651 1011 5707 quoque,
1046 5657 1156 5710 quo
1198 5643 1569 5711 improborum
1633 5651 1840 5705 scelera
1874 5660 1930 5705 et
1962 5654 2143 5719 impo-

562 5730 745 5778 sturas
780 5735 1228 5802 persequebatur,
1282 5741 1486 5795 laudat.
1537 5742 1748 5796 Laudat
1797 5760 1952 5815 teque
2000 5747 2144 5815 quod

564 5835 673 5873 non
708 5824 857 5877 omni
884 5826 1103 5894 spiritui
1134 5832 1291 5885 Iidem
1324 5834 1557 5902 habeat;
1590 5851 1778 5890 verum
1818 5838 1871 5892 in
1910 5853 2006 5893 eos
2048 5840 2143 5909 qui

2334 4343 2479 4402 Οἶδα
2512 4349 2583 4403 τὰ
2608 4350 2750 4429 ἔργα
2780 4368 2921 4419 σου,
2960 4355 3059 4408 καὶ
3084 4356 3193 4410 τὸν
3217 4357 3410 4410 κόπον
3439 4374 3583 4421 σου,
3612 4356 3705 4411 καὶ
3734 4355 3834 4424 τὴν

2257 4443 2578 4510 ὑπομονήν
2597 4458 2715 4499 σου
2742 4459 2756 4474 ’
2789 4446 2889 4500 καὶ
2943 4447 3033 4501 ὅτι
3091 4451 3164 4503 οὐ
3203 4449 3358 4520 δύνῃ
3383 4451 3702 4515 βαστάσαι
3739 4468 3835 4504 κα-

2257 4536 2440 4602 κούς·
2476 4539 2573 4591 καί
2632 4539 2960 4609 ἐπείρασας
2990 4543 3133 4609 τοὺς
3184 4536 3483 4612 λέγονταςἶ
3548 4543 3835 4619 [ἑαυτοὺς]

2250 4627 2639 4696 ἀποστόλους
2671 4628 2846 4698 εἶναι,
2887 4635 2988 4688 καὶ
3040 4637 3152 4689 οὐκ
3182 4639 3306 4690 εἰσι
3330 4654 3344 4668 ·
3396 4638 3495 4691 καὶ
3538 4635 3715 4707 εὗρες
3736 4639 3835 4689 αὺ-

2252 4720 2393 4784 τοὺς
2428 4722 2711 4789 ψευδεῖς,
2764 4725 2862 4778 καὶ
2933 4726 3311 4795 ἐϐάστασαςο
3380 4730 3481 4783 καὶ
3526 4727 3836 4798 ὑπομονὴν

2248 4813 2411 4880 ἔχεις
2443 4812 2541 4867 διὰ
2570 4816 2637 4869 τὸ
2692 4816 2882 4886 ὄνομὰ
2911 4836 3054 4887 μου,
3124 4820 3223 4874 καὶ
3282 4821 3402 4893 [οὐ]
3452 4824 3831 4887 κεκοπιάκας.

2263 4904 2418 4958 Ἀλλ’
2447 4906 2567 4975 ἔχω
2610 4908 2761 4961 κατὰ
2802 4909 2939 4973 σοῦ,
2995 4912 3083 4964 ὅτι
3126 4911 3242 4980 τὴν
3285 4913 3531 4982 ἀγάπην
3579 4928 3694 4966 σου
3728 4910 3832 4976 τὴν

2249 5000 2492 5071 πρώτην
2551 5005 2815 5073 ἀφῆκας.
2862 5009 3217 5075 Μνημόνευε
3275 5006 3391 5064 οὖν
3433 5011 3625 5064 πόθεν
3667 5008 3822 5062 ἐκπέ-

2248 5109 2522 5162 πτωκας,
2583 5098 2679 5150 καὶ
2716 5102 3122 5168 μετανόησον,
3165 5102 3264 5155 καὶ
3322 5102 3394 5156 τὰ
3444 5101 3650 5171 πρῶτα
3700 5101 3836 5168 ἔργα

2248 5187 2528 5254 ποίησον.

2333 5281 2423 5331 Ἐν
2450 5281 2570 5334 δυσὶ
2601 5283 2656 5335 δὲ
2690 5284 2785 5353 τὴν
2830 5286 3161 5355 Ἐκκλησίαν
3204 5289 3633 5361 ἀποδεχόμενος,
3666 5290 3721 5341 ὲν
3757 5289 3832 5338 ἔνι

2247 5372 2422 5445 ταύτῃ
2454 5377 2879 5445 καταμέμφεται
2910 5395 2922 5407 ·
2947 5379 2973 5428 ὂ
2998 5383 3094 5433 καὶ
3123 5382 3292 5451 μέσον
3323 5383 3593 5447 τέθεικεν,
3626 5384 3695 5436 τὰ
3719 5398 3835 5432 κετ-

2248 5466 2550 5533 ορθώματα
2601 5468 2715 5530 θεὶς
2768 5472 3148 5541 ἑκατέρωθεν·
3219 5475 3311 5525 τὸν
3366 5476 3463 5544 μὲν
3526 5474 3702 5526 κόπον
3749 5472 3834 5522 καὶ

2247 5558 2346 5627 τὴν
2374 5561 2513 5631 ὑπὲρ
2542 5564 2641 5631 τῆς
2679 5564 2920 5628 πίστεως
2953 5568 3254 5638 ὑπομονὴν,
3289 5571 3385 5621 καὶ
3412 5569 3509 5637 τὴν
3545 5569 3686 5634 πρὸς
3713 5566 3831 5623 τοὺς

2250 5656 2453 5718 κακοὺς
2511 5659 2680 5726 αὐτῆς
2734 5661 3092 5730 ἀλλοτρίωσιν
3148 5665 3413 5733 ἐπῄνεσεν
3449 5680 3461 5693 ·
3506 5664 3597 5715 ὅτι
3652 5678 3715 5714 τε
3757 5658 3828 5727 μὴ

2250 5749 2416 5800 παντὶ
2464 5752 2809 5805 πιστεύσασα
2844 5756 3163 5824 ΙΙνεύματι,
3205 5759 3466 5827 ἐπείρασε
3512 5756 3644 5816 τοὺς
3686 5751 3833 5821 ψευδ⁵

2249 5843 2579 5908 αποστόὶονς
2612 5860 2625 5874 ⁶
2665 5848 2757 5900 καὶ
2805 5848 3010 5915 γνοῦσα
3056 5851 3271 5920 ψευδεῖς
3321 5852 3537 5916 αὐτοὺς,
3576 5850 3823 5916 ἀπεπέμο
