4070 6454
291 413 367 478 233
1152 394 1758 458 COMMENTARIUS
1796 396 1879 455 ΙΝ
1923 396 2457 460 APOCALYPSIN.

3350 397 3453 462 234

290 533 418 600 sum.
449 520 558 591 πρὸς
601 515 652 568 δὲ
685 514 882 584 τούτῳ,
912 515 994 568 ὅτι
1037 515 1132 568 καὶ
1159 517 1227 570 τὰ
1272 516 1407 587 ἔργα
1435 517 1544 570 τῶν
1576 519 1770 590 αἰσχρ-

1881 531 1977 588 pro
2028 514 2291 588 apostolis
2330 528 2391 568 se
2435 508 2815 574 venditabant,
2851 509 3139 580 diligenter
3191 509 3456 578 inquirat,

285 613 442 688 ουρτῶν
485 606 796 663 Νικολαϊτῶν
843 605 1174 676 μεμίσηκεν.
1246 608 1640 678 Ἐπεμέμψατο
1696 609 1776 676 δὲ,

284 715 342 767 δτι
375 707 451 777 τὴν
492 701 610 772 πρὸς
664 701 756 751 τὸν
814 699 1046 768 πλησίον
1107 700 1330 770 ἀγάπην
1370 701 1466 754 καὶ
1523 700 1776 754 εὐποιίαν

281 801 472 871 ἐχλὶανεο
503 793 619 864 πρὸς
647 792 716 860 ἣν
756 791 927 860 αὐτὴν
961 789 1174 864 [πάλιν]
1209 791 1299 846 διὰ
1345 793 1456 847 τῶν
1493 793 1620 864 ἑξῆς
1679 795 1774 846 ἀν-

286 891 530 944 εκσλέσστοο
551 883 610 938 δι’
631 876 706 936 ὧν
739 900 873 954 φησι
906 900 921 916 ·
956 884 1033 938 Τὰ
1066 881 1271 952 πρῶτα
1301 885 1448 954 ἔργα
1479 887 1768 955 ποίησον.

1878 611 2156 680 falsosque
2204 616 2515 676 compertos
2567 604 2866 674 prudenter
2927 601 3199 672 repudiet.
3248 601 3465 657 Laudat

1876 701 2096 756 tandem
2121 699 2267 768 quod
2304 697 2518 766 impura
2551 693 2948 750 Nicolaitarum
2981 709 3148 764 opera
3179 703 3464 748 aversetur

1871 793 2168 863 palamque
2207 790 2532 846 detestetur.
2570 786 2639 842 At
2664 799 2794 841 vero
2834 785 2982 856 quod
3029 785 3266 855 primam
3328 784 3466 839 dile-

1871 885 2136 948 ctionem,
2182 881 2510 951 solitamque
2571 895 2698 950 erga
2767 893 2968 950 egenos
3048 876 3465 933 beneﬁcentiam

280 980 517 1038 remissius,
541 990 695 1045 quam
727 991 828 1047 par
856 983 997 1041 erat,
1017 985 1324 1039 exerceret,
1349 975 1403 1030 id
1423 977 1558 1032 vitio
1589 977 1752 1032 vertit
1785 994 1799 1030 :
1838 977 1906 1032 ad
1933 991 2099 1046 quam
2157 973 2390 1045 proinde
2432 973 2580 1028 illam
2607 973 2789 1028 denuo
2835 984 3098 1027 revocare
3135 967 3417 1025 contendit
3448 984 3464 1026 :

281 1077 354 1127 huc
380 1083 569 1139 namque
617 1067 854 1138 pertinet
912 1064 1275 1120 comminatio
1318 1080 1486 1136 quam
1544 1081 1671 1122 mox
1698 1065 2009 1137 subjungit,
2083 1073 2138 1120 et
2186 1063 2350 1121 verba
2404 1062 2678 1133 illazAgc
2744 1063 3136 1133 paenitentiam,
3201 1071 3250 1116 et
3291 1063 3466 1132 prima

277 1183 392 1235 opera
409 1165 568 1234 facito.

320 1265 370 1315 Et
391 1260 446 1313 ac
475 1259 568 1328 μὴ,
598 1256 851 1328 ἔρχομαί
887 1271 990 1311 σοι
1023 1256 1201 1328 ταχὺ,
1231 1257 1335 1311 καὶ
1383 1258 1617 1324 κινήσω
1660 1259 1776 1328 τὴν

274 1355 473 1424 λυχνίαν
495 1366 598 1405 σου
627 1350 724 1421 [ἐκ
751 1350 861 1405 τοῦ
899 1353 1091 1406 τόπου
1144 1350 1383 1424 autne],
1413 1353 1523 1406 ἐὰν
1559 1351 1648 1422 μὴ
1671 1371 1780 1423 με-

272 1445 524 1512 curatione.
573 1441 748 1496 Ἀλλὰ
785 1441 971 1496 τοῦτο
1000 1443 1163 1511 ἔχεις
1191 1443 1282 1498 ὅτι
1309 1444 1511 1514 μισεῖς
1543 1444 1616 1498 τὰ
1639 1444 1784 1516 ἔργα

273 1537 358 1592 τῶν
376 1535 732 1599 Νικολαϊτῶν,
763 1536 803 1590 d
838 1536 1003 1606 κάγὼ
1021 1536 1204 1606 μισῶ.

329 1648 516 1717 Κῖνησις
563 1647 640 1719 [δὲ
679 1649 784 1718 τῆς
810 1648 1060 1718 λυχνίας,
1093 1649 1215 1719 ἦτοι
1266 1649 1390 1722 τῆς]
1447 1650 1775 1720 Ἐκκλησίας

270 1741 392 1806 ἐστὶν,
425 1743 451 1810 ἡ
499 1741 587 1804 τῆς
627 1740 784 1805 θείας
822 1741 1047 1812 χάριτος
1088 1744 1370 1812 γύμνωσις
1401 1759 1418 1776 ο
1457 1743 1526 1797 δι’
1554 1739 1622 1814 ἦς
1659 1742 1778 1816 [γυ-

271 1829 484 1904 unitatem]
513 1833 566 1884 ὲν
594 1832 744 1902 σάλῳ
781 1832 876 1885 καὶ
903 1832 1137 1896 κλύδωνι
1174 1833 1278 1886 ὑπὸ
1309 1832 1420 1887 τῶν
1447 1837 1548 1906 τῆς
1601 1852 1772 1906 πονη-

270 1924 356 1994 pia;
385 1923 679 1993 πνευμάτων
713 1924 809 1977 καὶ
836 1925 948 1977 τῶν
986 1925 1414 1997 ὑπουργούντων
1454 1929 1640 1991 αὐτοῖς
1670 1945 1771 1981 πο-

271 2013 399 2082 νηρῶν
438 2011 734 2081 ἀνθρώπων
786 2013 1138 2069 καθίσταται.
1179 2015 1338 2079 Τινὲς
1398 2015 1456 2069 δὲ
1520 2015 1621 2087 τὴν
1674 2016 1775 2086 τῆς

274 2104 429 2173 λυχνίας
458 2104 688 2172 κίνησιν,
722 2105 814 2159 τὸν
839 2107 1227 2178 ἀρχιερατικὺν
1259 2108 1357 2179 τῆς
1387 2108 1617 2179 Ἐφέσου
1651 2109 1778 2181 θρό-

268 2213 342 2260 νον,
362 2197 418 2260 ὡς
443 2198 493 2251 ὲν
524 2200 586 2268 τῇ
625 2198 864 2266 βασιλίδι
889 2199 1282 2269 μετατεθέντα,
1307 2201 1571 2272 ἐνόησαν.
1613 2203 1695 2255 Τὰ
1723 2203 1782 2255 δὲ

263 2288 360 2356 ἔργα
395 2288 484 2341 τῶν
511 2289 873 2355 Νικολαϊτῶν,
898 2292 1049 2354 ὅπως
1091 2292 1204 2346 εἰσὶ
1233 2293 1313 2363 τῷ
1361 2293 1483 2362 Θεῷ
1541 2294 1775 2363 μισητὰ,

255 2381 440 2448 ἐντυχών
467 2396 543 2443 τις
583 2383 650 2451 τῇ
703 2381 939 2453 βδελυρᾷ
978 2381 1162 2437 αὐτῶν
1213 2383 1448 2452 αἱρέσει,
1481 2383 1772 2452 γνώσεται.

1956 1256 2030 1324 ll,
2071 1257 2124 1323 5,
2161 1256 2216 1311 6.
2254 1255 2354 1312 Sin
2417 1265 2618 1320 autem,
2673 1255 2881 1310 veniam
2935 1255 3031 1309 tibi
3107 1256 3310 1320 cito,et
3351 1273 3466 1310 mo-

1880 1353 2002 1408 vebo
2041 1351 2424 1406 candelabrum
2471 1359 2622 1403 tuum
2661 1349 2725 1403 de
2756 1349 2870 1404 loco
2911 1365 3032 1414 suo,
3078 1350 3182 1403 nisi
3216 1352 3471 1419 paeniten-

1880 1447 2013 1499 tiam
2034 1446 2221 1515 egeris.
2263 1442 2367 1499 Sed
2387 1444 2486 1498 hoc
2532 1443 2714 1511 habes,
2745 1444 2871 1515 quia
2895 1442 3058 1497 odisti
3093 1443 3242 1512 facta
3296 1442 3469 1499 Nico-

1876 1536 2171 1599 laitarum;
2200 1551 2325 1606 qua:
2353 1544 2403 1588 et
2433 1551 2526 1604 ego
2548 1535 2658 1589 odi.

1946 1646 2244 1702 Ecclesium
2267 1647 2382 1702 loco
2403 1649 2600 1703 moveri
2632 1648 2774 1703 haud
2801 1648 3150 1704 incommode
3178 1649 3469 1714 asseritur,

1877 1755 2003 1796 cum
2047 1741 2232 1796 divina
2287 1741 2466 1811 gratia
2519 1741 2829 1796 denudatur
2860 1759 2873 1795 :
2902 1741 3174 1811 siquidem
3221 1756 3333 1796 uno
3363 1741 3471 1796 hoc

1810 1817 1852 1872 Β
1885 1834 2077 1907 gratiae
2136 1834 2394 1905 praesidio
2441 1834 2728 1899 destituta,
2787 1848 2886 1904 per
2928 1834 3191 1904 nequitia:
3241 1833 3471 1904 spiritus

1882 1928 2249 1999 hbminesque
2323 1929 2644 1996 sceleratos,
2699 1928 2939 1984 efﬁcacia
2987 1929 3304 1985 earumdem
3356 1931 3469 1999 spi-

1881 2019 2091 2076 rituum
2126 2034 2332 2091 organa
2366 2030 2417 2075 et
2447 2021 2828 2086 administros,
2869 2022 2925 2076 in
2962 2019 3140 2078 fmdos
3183 2019 3383 2077 ﬂuetus
3415 2031 3472 2077 et

1879 2121 2234 2185 tempestates
2261 2112 2424 2169 facile
2457 2112 2772 2184 conjicitur.
2804 2113 2944 2169 Sunt
2977 2115 3343 2169 nihilominus
3373 2114 3471 2184 qui

1878 2221 1976 2274 per
2009 2205 2319 2262 candelabri
2353 2207 2642 2261 motionem
2696 2206 2845 2264 sedis
2889 2206 3202 2278 pontiﬁciae,
3238 2221 3361 2278 quae
3410 2207 3469 2264 in

1879 2299 2155 2370 Ephesina
2185 2299 2410 2354 civitate
2440 2299 2719 2369 quondam
2755 2300 3028 2367 exstabat,
3061 2300 3116 2355 in
3143 2301 3349 2371 regiam
3383 2301 3466 2356 ei-

1879 2386 2102 2442 vitatem
2157 2386 2579 2442 translationem
2620 2388 2951 2460 intelligant.
2987 2389 3260 2445 Caeterum
3291 2407 3456 2461 quam

254 2469 435 2525 obscena
460 2471 668 2541 Deoque
713 2486 880 2529 exosa
905 2470 1298 2529 Nicolaitarum
1349 2473 1560 2531 fuerint
1625 2489 1816 2543 Opera,
1889 2475 2026 2531 illud
2075 2475 2276 2532 diversi
2321 2478 2706 2534 commentarii
2750 2478 2820 2535 de
2855 2481 3179 2537 exsecrabili
3248 2481 3469 2539 illorum

251 2562 398 2615 haeresi
435 2560 630 2616 dudum
682 2571 816 2617 ante
857 2561 1009 2628 editi,
1056 2562 1363 2619 meridiana
1412 2563 1534 2620 luce
1572 2564 1777 2620 clarius
1821 2564 2140 2621 ostendunt.

309 2655 352 2706 Ὀ
380 2655 519 2725 ἔχων
562 2652 701 2724 οὖς,
761 2657 1084 2714 ἀκουσάτω
1105 2659 1166 2712 τί
1221 2659 1290 2714 τὸ
1323 2658 1570 2730 Πνεῦμα
1609 2659 1777 2731 λέγει

246 2744 342 2811 ταῖς
378 2747 760 2815 Ἐκκλησιάις
783 2765 800 2781 ο
841 2746 928 2813 Τῷ
974 2749 1236 2816 νικῶντι,
1269 2749 1444 2804 δώσω
1471 2750 1633 2817 αὐτῷ
1662 2767 1779 2821 φα-

248 2835 348 2902 γεῖν
383 2837 444 2890 ἐκ
477 2838 580 2893 τοῦ
618 2839 820 2904 ξύλου
859 2840 970 2910 τῆς
1005 2839 1174 2911 ζωῆς,
1215 2842 1250 2896 ὅ
1287 2842 1461 2897 ἐστιν
1498 2843 1569 2899 ἐν
1607 2846 1780 2914 μέσῳ

244 2927 322 2982 τοῦ
343 2930 698 3000 παραδείσου
730 2932 840 2987 τοῦ
865 2933 1034 2988 Θεοῦ.

1958 2661 2042 2727 ll,
2086 2662 2136 2716 7.
2189 2661 2295 2728 Qui
2346 2662 2500 2717 habet
2549 2679 2752 2728 aurem,
2813 2664 3001 2718 audiat
3059 2665 3186 2736 quid
3234 2664 3472 2737 Spiritus

1888 2753 2035 2808 dicat
2081 2753 2334 2810 Ecclesiis
2367 2772 2381 2808 :
2429 2754 2672 2810 Vincenti
2699 2755 2837 2812 dabo
2871 2758 3021 2814 edere
3059 2759 3125 2814 de
3155 2759 3298 2831 ligno
3329 2765 3470 2833 vitta,

1887 2847 2028 2917 quod
2052 2856 2131 2902 est
2160 2848 2214 2902 in
2247 2848 2501 2918 paradiso
2539 2847 2633 2904 Dei
2691 2851 2811 2905 mei.

289 3040 340 3092 '0
353 3039 489 3109 ἔχων
504 3037 612 3109 οὖς
631 3043 986 3099 ἀκουσάτω.
1010 3047 1370 3116 -Σαρκικὸν
1402 3049 1502 3119 μὲν
1530 3043 1622 3114 οὖς
1671 3051 1779 3115 πᾶς

289 3132 476 3157 βψω,
559 3155 593 3157 _
984 3138 1030 3157 ..ι
1112 3143 1126 3156 .
1397 3156 1400 3157 ,
1517 3142 1529 3157 .
1671 3142 1684 3157 ι

1961 3051 2160 3106 Aurem
2207 3067 2528 3124 corpoream
2570 3053 2756 3110 nullus
2815 3071 2924 3112 non
2961 3059 3278 3115 mortalium
3308 3064 3475 3122 sorti-

240 3131 495 3203 ἄνθρωπος.
553 3136 938 3205 πνευματικὸν
979 3138 1036 3191 δὲ
1092 3143 1126 3193 ὀ
1164 3142 1574 3211 πνευματικὸς
1617 3142 1778 3214 μόνος

1883 3154 2009 3211 tur;
2044 3145 2343 3216 spiritalem
2404 3156 2610 3215 autem,
2645 3147 2910 3217 spiritalis
2973 3159 3188 3207 tantum
3227 3172 3242 3209 :
3280 3154 3470 3228 cujus-

240 3225 451 3296 κέκτηται
480 3244 495 3258 ·
527 3229 666 3300 ὅπερ
717 3231 816 3282 καὶ
853 3229 932 3300 τῷ
996 3230 1195 3301 Ἡσαΐᾳ
1246 3231 1651 3302 προστέθειται.
1691 3233 1783 3306 Τῷ

305 3317 497 3389 τοιούτῳ
521 3320 758 3374 νικῶντι
795 3319 888 3374 τὸν
920 3319 1057 3392 πρὸς
1084 3323 1210 3384 τοὺς
1228 3321 1491 3392 δαίμονας
1523 3323 1780 3394 πόλεμον,

243 3404 394 3460 δώσειν
418 3412 823 3480 ἐπαγγέλλεται
842 3414 1039 3482 φαγεῖν
1069 3413 1134 3466 ὲκ
1166 3413 1261 3466 τοῦ
1284 3411 1441 3478 ξύλου
1470 3413 1571 3484 τῆς
1599 3415 1745 3484 ζωῆς
1765 3432 1779 3446 ’

244 3499 448 3553 τουτέστι
469 3505 781 3574 μετασχεῖν
814 3503 924 3557 τῶν
953 3503 1046 3557 τοῦ
1083 3505 1372 3574 μέλλοντος
1414 3507 1616 3569 αἰῶνος
1646 3507 1784 3574 ἁγα-

237 3589 343 3644 θῶν.
375 3593 834 3667 Περιφραστικῶς
863 3595 971 3667 γὰρ
1004 3595 1094 3649 διὰ
1130 3597 1226 3649 τοῦ
1261 3597 1422 3664 ξύλου
1463 3596 1717 3669 δηλοῦται
1746 3601 1780 3668 ἡ

227 3683 320 3755 ζωὴ
362 3689 390 3756 ἡ
428 3690 683 3752 αἰώνιος*
728 3683 809 3743 ὧν
840 3691 1104 3760 ἑκάτερον
1145 3691 1174 3743 ὁ
1221 3690 1456 3763 Χριστός
1505 3693 1674 3754 ἐστιν,
1706 3689 1782 3753 ὥς

228 3793 363 3845 φησιν
385 3781 410 3832 ὁ
440 3782 724 3853 Σολομῶν,
763 3783 860 3834 καὶ
892 3783 920 3834 ὁ
951 3782 1145 3855 παρὼν
1169 3782 1472 3847 ἀπόστολος
1511 3782 1743 3853 ἑτέρωθι
1765 3799 1778 3813 ⁸

218 3870 241 3920 ὁ
262 3871 366 3940 μὲν,
394 3875 520 3945 περὶ
557 3878 661 3949 τῆς
685 3877 899 3946 Σοφξας
927 3876 1122 3944 λέγων·
1162 3878 1366 3932 Ξὺλον
1397 3877 1548 3947 ζωῆς
1573 3878 1744 3932 ἐστιν
1765 3894 1781 3911 ·

216 3963 327 4029 ὁδὲ,
351 3967 604 4034 ὡσαύτως
640 3969 782 4038 περὶ
826 3969 920 4022 τοῦ
974 3967 1215 4039 Χριστοῦ
1244 3982 1257 3995 ·
1307 3969 1505 4033 Αὐτός
1554 3968 1721 4022 ἐστιν
1750 3970 1782 4021 ό

211 4055 460 4126 ἀληθινός
481 4061 654 4127 Θεὸς,
687 4061 796 4116 καὶ
816 4061 854 4128 ἡ
877 4059 987 4128 ζ’ωὴ
1016 4062 1054 4129 ή
1070 4061 1326 4127 αἰώνιος.
1343 4061 1407 4113 Et
1437 4061 1619 4115 τοίνυν
1642 4061 1785 4114 ὲκεί-

213 4165 298 4202 νων
312 4154 485 4221 τυχεῖν
507 4154 814 4225 ἐφιέμεθα,
843 4155 941 4222 τὴν
968 4153 1110 4208 κατὰ
1131 4153 1239 4208 τῶν
1262 4154 1448 4209 παθῶν
1475 4156 1631 4224 νίκην
1652 4154 1781 4225 [πα-

212 4243 423 4317 ρακαλῶ]
443 4245 926 4316 κατορθώσωμεν.
956 4245 1081 4308 Τοῖς
1109 4246 1220 4317 γὰρ
1244 4246 1429 4310 πόνοις
1465 4246 1520 4298 αἱ
1554 4245 1783 4315 ἀμοιϐαὶ

208 4335 395 4398 πάντως
431 4337 662 4408 ἕψονται
701 4354 717 4369 ο
757 4339 946 4408 χάριτι
981 4339 1078 4390 καὶ
1123 4337 1507 4410 φιλανθρωπίᾳ
1533 4338 1628 4392 τοῦ
1670 4340 1785 4402 Κυ-

1884 3239 2033 3294 modi
2064 3239 2214 3294 auris
2257 3240 2534 3311 propheta:
2580 3239 2737 3296 Isaiae
2778 3240 2991 3311 obtigit.
3027 3244 3247 3302 Homini
3286 3248 3472 3322 itaque

1885 3346 1952 3385 ex
1985 3331 2172 3400 praelio
2211 3333 2356 3401 quod
2398 3342 2587 3388 contra
2623 3332 2902 3388 daemones
2933 3334 3160 3404 geritur,
3187 3338 3471 3397 victoriam

1888 3421 2170 3490 referenti,
2201 3437 2327 3480 esca
2358 3423 2427 3479 de
2466 3423 2613 3491 ligno
2642 3422 2768 3477 vitae
2798 3423 3055 3495 decerpta
3083 3429 3425 3496 promittitur
3454 3451 3468 3501 ;

1887 3528 2086 3584 nempe
2111 3524 2442 3569 atternorum
2475 3515 2746 3570 bonorum
2796 3518 3244 3588 communicatio,
3298 3522 3474 3593 siqui-

1885 3606 2010 3661 dem
2047 3621 2142 3676 per
2168 3616 2387 3662 aeternae
2421 3607 2546 3662 vitae
2600 3608 2810 3678 ligmun
2839 3607 3110 3678 ejusmodi
3145 3612 3289 3668 bona
3324 3615 3472 3672 desi-

1887 3700 2043 3770 gnari
2070 3700 2268 3756 solent.
2289 3701 2819 3770 Utrumque'autem,
2841 3711 2898 3757 ut
2916 3703 3175 3760 Salomon
3206 3706 3472 3775 insinuat,

1886 3801 1941 3847 et
1967 3807 2210 3861 praesens
2243 3792 2576 3863 evangelista
2612 3795 2814 3851 alicubi
2849 3797 3055 3854 diserte
3103 3798 3356 3865 allirmat,
3385 3811 3469 3856 est

1885 3884 2164 3941 Christus.
2199 3883 2297 3939 Ille
2325 3885 2470 3940 enim
2523 3886 2590 3941 de
2617 3888 2885 3958 sapientia
2923 3889 3090 3946 verba
3143 3889 3373 3956 faciens,
3403 3892 3469 3949 iis

1887 3979 1980 4048 qui
2012 3979 2431 4049 apprehendunt
2460 3981 2630 4046 illam,
2671 3981 2843 4035 instar
2875 3982 3004 4051 ligni
3055 3984 3176 4036 vine
3204 3997 3327 4040 esse
3349 4000 3473 4054 pro-

1888 4071 2146 4138 nuntiat;
2202 4069 2440 4126 Joannes
2498 4080 2678 4126 autem
2705 4072 2771 4127 de
2822 4071 3041 4129 Christo
3067 4075 3118 4128 in
3157 4075 3306 4131 hunc
3359 4093 3471 4132 mo-

1887 4161 2018 4217 dum
2055 4162 2248 4217 scribit
2272 4181 2286 4216 :
2313 4161 2416 4216 llic
2445 4171 2526 4218 est
2556 4179 2706 4216 verus
2743 4164 3090 4227 Deus,etvita
3117 4177 3311 4219 a’terna
3332 4168 3374 4224 ⁸.
3411 4167 3470 4222 Si

1888 4249 2053 4320 igitur
2078 4259 2280 4305 aeterna
2302 4250 2388 4304 illa
2425 4251 2565 4305 bona
2595 4253 2862 4321 consequi
2901 4252 3308 4322 desideramus,
3341 4271 3472 4311 con-

1887 4345 1971 4390 tra
2003 4336 2172 4390 animi
2196 4338 2637 4406 perturbationes
2678 4340 2973 4410 carnisque
3001 4343 3310 4412 voluptates
3342 4360 3471 4401 acre
3516 4353 3530 4363 ‘

206 4425 300 4490 ρίου
326 4427 479 4497 ἡμῶν
523 4430 720 4500 Ἰησοῦ
753 4429 1021 4500 Χριστοῦ,
1055 4430 1176 4500 μεθ’
1219 4424 1280 4483 οὗ
1336 4430 1416 4501 τῷ
1456 4431 1632 4500 Harp}.
1657 4431 1775 4501 ἅμα

1888 4438 2167 4484 certamen
2217 4429 2858 4501 ineamus,victoriaque
2898 4435 3064 4502 potiri
3119 4436 3280 4492 enixe
3332 4451 3469 4492 con-

205 4516 279 4566 zal
315 4518 384 4587 τῷ
427 4521 573 4591 ἁγίῳ
606 4521 930 4591 Πνεύματι,
957 4521 1086 4587 δόξα
1117 4519 1236 4592 [νῦν
1267 4522 1362 4576 καὶ
1393 4522 1505 4588 ἀεὶ,
1547 4520 1666 4592 καὶ]
1699 4521 1797 4585 εἱς,

203 4609 305 4672 τοὺς
319 4610 521 4676 αὲὢνας
551 4613 674 4666 τῶν
700 4612 944 4668 αἰώνων.
975 4613 1171 4685 ’Λμήν.

1889 4521 2204 4586 tendamus,
2263 4523 2712 4592 quandoquidem
2745 4540 2840 4595 per
2866 4525 3296 4594 Dominilnostri
3337 4527 3470 4587 Jcsu

1887 4610 2090 4666 Christi
2126 4611 2358 4681 gratiam
2386 4621 2552 4682 atque
2590 4612 2940 4668 clementiam
2970 4615 3284 4672 istiusmodi
3320 4617 3472 4671 labo-

200 4714 380 4756 ressua
415 4705 682 4760 mercede
719 4719 1008 4776 nunquam
1055 4705 1482 4761 frustrabantur.
1545 4703 1657 4775 Ipsi
1702 4719 1809 4760 una
1838 4718 1963 4760 cum
2005 4703 2167 4760 Patre
2213 4715 2267 4760 et
2333 4704 2539 4775 Spiritu
2591 4718 2780 4762 sancto
2816 4707 2887 4762 sit
2931 4709 3104 4778 gloria
3156 4709 3214 4765 in
3271 4713 3470 4771 saecula

199 4793 508 4852 seculorum.
541 4799 764 4854 Amen.

603 4911 878 4965 ΚΕΦΑΛ.
925 4908 1001 4964 Δ’.
1029 4911 1250 4964 ΛΟΓΟΣ
1283 4911 1388 4973 BC,

199 5041 261 5095 Τὰ
300 5043 666 5113 δηλωθέντα
703 5043 793 5110 τῷ
839 5045 951 5113 τῆς
1002 5046 1356 5114 Σμυρναίων
1412 5045 1781 5113 Ἐκκλησίας

849 5116 1104 5186 ἀγγέλῳ.

249 5253 340 5304 Kal
387 5253 768 5325 nimim-$.19)
824 5253 937 5323 τῆς
986 5255 1055 5307 ἐν
1108 5254 1352 5324 Σμύρνῃ
1423 5251 1783 5319 Ἐκκλησίας

197 5342 423 5412 mium"
457 5348 617 5402 Τάδε
653 5347 834 5416 λέγει
869 5350 900 5400 ὀ
933 5346 1164 5415 πρῶτος
1212 5348 1306 5400 καὶ
1339 5351 1371 5400 ό
1398 5347 1680 5416 ἔσχατος,
1715 5345 1781 5410 ὃς

189 5435 397 5502 ἐγένετο
416 5441 680 5508 νεκρὸς,
723 5438 830 5492 καὶ
850 5437 1083 5505 ἔζησεν.

246 5549 458 5620 Πρῶτός
523 5549 756 5624 [ἐστιν]
793 5552 877 5616 ¹ὼς
935 5552 1103 5615 Θεὸς·
1141 5550 1389 5621 ἔσχατος,
1429 5550 1504 5614 ὼς
1579 5548 1783 5620 ἅνθρωο

191 5653 272 5700 to;
307 5641 389 5691 ἐπ’
413 5643 690 5710 ἐσχάτων
719 5639 840 5694 τῶν
875 5641 1084 5711 καιρῶν
1107 5639 1368 5712 γεγονὼς,
1408 5640 1502 5695 καὶ
1545 5639 1634 5693 διὰ
1675 5639 1774 5709 τῆς

244 5821 299 5876 'l
323 5820 484 5880 Joan.
504 5840 562 5889 ν,
583 5824 688 5879 20.

443 5918 756 5979 ΡΑτιιοι..
795 5920 906 5978 (ἶιιη
933 5917 1090 5981 CVI.

2317 4909 2552 4966 CAPUT
2585 4909 2678 4966 IV.
2725 4911 2959 4968 SERMO
3009 4913 3076 4969 ll.

1887 5046 2198 5116 Cujusmodi
2229 5045 2569 5117 Smyrnensis
2590 5045 2844 5103 Ecclesite
2870 5048 3056 5119 angelo
3075 5049 3182 5104 sint
3211 5048 3468 5106 indicata.

1955 5249 2020 5312 ll,
2051 5251 2102 5304 9.
2129 5250 2233 5320 ιο
2249 5249 2314 5303 Et
2343 5249 2526 5320 angelo
2553 5249 2794 5319 Smyrna:
2818 5249 3068 5305 Ecclesia:
3091 5251 3258 5305 scribe
3290 5267 3308 5304 :
3342 5223 3468 5306 Ilaec

1891 5344 2018 5399 dicit
2051 5344 2254 5413 primus
2281 5354 2327 5397 et
2355 5345 2690 5411 novissimus,
2711 5344 2802 5412 qui
2824 5344 2925 5414 fuit
2951 5353 3210 5410 mortuus,
3239 5353 3286 5396 et
3323 5343 3464 5398 vivit.

1959 5545 2108 5601 idem
2142 5534 2396 5602 Christus
2431 5553 2514 5601 est
2541 5547 2750 5615 primus
2777 5555 2830 5601 et
2857 5545 3225 5601 novissimus:
3257 5546 3472 5618 primus

1889 5638 2129 5710 quidem,
2183 5648 2243 5692 ut
2286 5637 2472 5704 Deus;
2519 5637 2854 5693 novissimus
2903 5646 3113 5704 autem,
3163 5645 3224 5696 ut
3266 5638 3467 5706 homo;

2988 5863 3001 5878 ’
3037 5920 3077 5980 8
