4070 6490
563 421 671 484 235

1733 423 2061 482 ANDREE
2099 424 2616 487 CAESARIENSIS

3723 429 3832 494 236

565 546 751 608 utpote
784 536 1097 590 novissimis
1127 535 1278 590 hisce
1309 535 1645 603 temporibus
1676 545 1861 602 natus,
1912 537 2004 607 qui
2040 551 2133 590 sua

2245 539 2545 610 τριημέρου
2595 539 2921 609 νεκρὼσεως
2961 538 3182 604 ἀνοίξας
3236 542 3372 610 ἡμῖν
3413 540 3509 610 τὴν
3550 541 3696 613 ζωὴν
3731 547 3830 613 τὴν

564 629 729 684 etiam
761 635 885 696 post
941 625 1252 679 triduanam
1290 633 1522 678 mortem
1569 627 1973 681 resurreCtione
2021 644 2140 682 cer-

565 730 677 775 tum
703 718 769 773 ad
803 719 970 772 vitam
1005 727 1262 772 aeternam
1300 715 1511 770 aditum
1545 715 1706 771 nobis
1731 717 1962 787 aperuit.

631 811 701 876 ll,
745 810 798 866 9.
855 807 976 863 Scio
1037 807 1426 862 tribulationem
1481 819 1624 862 tuam
1676 817 1724 862 et
1779 819 2139 880 paupertatem

564 914 747 964 tuam;
782 901 874 955 sed
901 900 1043 954 dives
1077 916 1152 955 es.

629 992 786 1059 Novi,
820 993 1016 1062 inquit,
1054 991 1402 1046 alﬂictionem
1442 1001 1496 1047 et
1550 1001 2136 1063 paupertatem,quam

561 1088 614 1141 in
660 1086 823 1139 rebus
864 1100 986 1154 qua:
1011 1085 1076 1138 a.l
1135 1087 1317 1139 carnis
1347 1100 1569 1138 sensum
1619 1084 1848 1150 faciunt,
1884 1086 2088 1154 pateris
2123 1103 2136 1139 :

561 1193 685 1233 nam
709 1187 765 1233 et
785 1176 1014 1247 ﬂagellis
1044 1177 1149 1231 mei
1181 1192 1345 1230 causa
1369 1177 1438 1231 ab
1466 1176 1780 1231 inﬁdelibus
1808 1192 1968 1239 caesa,
1997 1187 2050 1230 ct
2073 1177 2141 1231 ab

559 1267 816 1323 omnibus
847 1267 1202 1321 facultatibus
1259 1276 1428 1321 exuta
1465 1281 1525 1321 es
1562 1285 1574 1320 :
1621 1267 1839 1320 interim
1880 1267 2140 1336 spiritali-

564 1361 668 1414 bus
698 1360 898 1429 Opibus
929 1359 1128 1424 allluis,
1157 1367 1343 1428 utpote
1383 1360 1704 1413 thesaurum
1755 1359 2137 1413 absconditum

559 1453 614 1505 in
643 1453 878 1518 pectoris
908 1467 1038 1519 agro
1083 1449 1362 1510 defossum
1397 1465 1710 1506 asset-rans.

629 1545 694 1610 ll,
767 1546 821 1598 9.
875 1541 940 1595 Et
1003 1543 1383 1613 blasphemaris
1441 1544 1503 1596 ab
1562 1545 1642 1596 his
1701 1545 1790 1614 qui
1849 1560 1905 1596 se
1957 1543 2136 1596 dicunt

557 1637 774 1692 Judwos
851 1654 981 1700 esse,
1038 1647 1094 1691 et
1148 1652 1252 1690 non
1313 1646 1478 1702 sunt;
1533 1636 1625 1690 sed
1692 1646 1813 1690 sunt
1871 1652 2137 1706 synagoga

556 1728 798 1784 Salanat.

631 1818 897 1890 Repetere
953 1819 1057 1873 hoc
1089 1819 1211 1873 loco
1269 1826 1486 1889 oportet
1522 1817 1776 1883 verbum,
1827 1819 1968 1884 novi,
1995 1818 2138 1888 quod

2251 627 2487 684 αἰώνιον.

2323 808 2466 864 Οἶδά
2513 828 2628 864 σου
2673 813 2741 863 τὰ
2788 812 2950 878 ἔργα,
2985 812 3077 864 καὶ
3115 812 3229 875 τὴν
3281 812 3513 880 θλίψιν,
3552 814 3650 868 καὶ
3715 814 3821 882 τὴν

2251 904 2550 970 πτωχείαν
2575 919 2588 932 ’
2629 903 2791 955 ἀλλὰ
2836 903 3134 965 πλούσιος
3165 902 3240 957 ετ.

2319 994 2510 1060 Θλίψιν
2539 992 2596 1044 δὲ
2628 993 2722 1044 καὶ
2761 993 3055 1061 πτωχείαν,
3084 995 3141 1044 ὲν
3169 994 3281 1056 τοῖς
3316 996 3628 1063 σαρκικοῖς,
3659 997 3830 1066 φημὶ,

2248 1085 2314 1154 ἢν
2342 1083 2634 1151 ὑπομένεις
2657 1081 2724 1134 δι’
2753 1082 2852 1150 ἐμὲ
2885 1083 3278 1151 μαστιζόμενος
3303 1082 3406 1136 ὑπὸ
3421 1083 3530 1136 τῶν
3553 1085 3826 1148 ἀπίστων,

2250 1178 2480 1230 καὶτῶν
2531 1175 2887 1245 ὑπαρχόντων
2946 1175 3342 1245 στερούμενος
3370 1175 3630 1239 πλούσιος
3674 1177 3720 1230 δ’
3769 1179 3830 1231 ἑν

2247 1273 2361 1333 τοῖς
2390 1270 2779 1340 πνευματικοῖς
2809 1263 2880 1331 εἴ,
2912 1267 3050 1336 ἔχων
3077 1267 3168 1320 τὸν
3195 1267 3472 1339 θησαυρὸν
3497 1268 3830 1338 κεκρυμμέ-

2248 1380 2336 1416 νον
2358 1365 2416 1414 ὲν
2442 1361 2519 1431 τῷ
2552 1359 2708 1429 ἀγρῷ
2746 1359 2844 1424 τῆς
2876 1357 3106 1428 καρδίας
3130 1374 3253 1412 σου.

2321 1538 2425 1592 Καὶ
2457 1538 2572 1604 τὴν
2592 1535 2998 1606 ,ϐλασφημίαν
3015 1533 3134 1589 τῶν
3155 1538 3463 1605 λεγόντων
3498 1537 3833 1602 Ἰουδαίους

2246 1629 2399 1687 εἶναι
2449 1632 2726 1698 ἑαυτοὺς,
2768 1631 2866 1685 καὶ
2915 1632 3025 1684 οὐκ
3075 1631 3257 1696 εἰσιν,
3289 1632 3450 1686 ἀλλὰ
3499 1632 3828 1702 συναγωγὴ

2247 1728 2353 1781 τοῦ
2400 1725 2658 1782 Σατανᾶ.

2335 1819 2493 1872 Κατὰ
2545 1819 2726 1872 κοινοῦ
2769 1820 2825 1872 δὲ
2871 1819 2952 1885 τὸ,
2985 1815 3151 1872 οἶδα.
3181 1818 3291 1870 Καὶ
3335 1817 3434 1887 τὴν
3475 1815 3828 1887 βλασφημίαν

558 1899 860 1980 praecessit,
890 1909 957 1964 ad
988 1913 1106 1964 haec
1138 1913 1321 1965 omnia
1368 1925 1663 1966 commune
1695 1928 1707 1964 :
1747 1925 1944 1968 sensus
1989 1910 2133 1965 enim

2243 1911 2340 1980 τῆς
2382 1911 2708 1979 συναγωγῆς
2755 1912 2849 1965 τοῦ
2905 1889 3139 1975 Σατίνᾶ,
3169 1910 3355 1980 φησὶν,
3392 1907 3718 1978 ἐπίσταμαι,
3742 1909 3826 1961 ὅτι

556 2009 676 2056 est:
713 1999 844 2054 Novi
899 2015 1062 2070 opera
1123 2011 1237 2064 tua,
1263 2010 1316 2056 ct
1353 2001 1483 2055 novi
1520 2017 1712 2056 eorum
1745 2016 1964 2072 quoque
1993 2000 2141 2057 blas-

558 2092 854 2159 phemiam,
899 2091 990 2160 qui
1059 2090 1108 2145 id
1174 2105 1283 2144 non
1341 2099 1466 2145 sunt
1507 2091 1656 2162 quod
1713 2106 1772 2146 se
1821 2106 1944 2145 esse
1994 2089 2138 2145 falso

557 2193 857 2238 asserunt:
903 2198 1029 2237 nam
1071 2198 1193 2238 cum
1231 2181 1450 2238 Judazos
1500 2200 1558 2239 se
1618 2200 1740 2239 esse
1794 2182 2024 2252 iactent,
2058 2197 2137 2243 _re

2248 2002 2346 2054 οὐκ
2372 2002 2509 2054 εἰσὶν
2535 2001 2563 2054 ὃ
2608 2001 2859 2069 λέγονται
2885 2017 2897 2030 ·
2928 2003 2988 2054 οὐ
3008 2000 3116 2071 γὰρ
3152 1998 3224 2072 [ὁ]
3249 2002 3305 2052 ὲν
3329 1999 3407 2068 τῷ
3431 1998 3651 2068 φανερῷ
3697 1997 3827 2052 ’1ου-

2245 2091 2414 2157 δαίος,
2445 2091 2560 2144 ἀλλ’
2611 2092 2669 2144 ὲν
2698 2091 2778 2160 τῷ
2823 2091 3072 2162 κρυπτῷ’
3121 2089 3352 2156 Ἰούδας
3382 2090 3492 2160 γάρ
3527 2089 3676 2142 ἐστιν
3730 2087 3828 2151 ἐξ·-

2242 2184 2613 2252 ομολόγησις
2637 2182 2754 2254 [καὶ
2783 2179 3113 2253 μετάι·οια].

554 2277 671 2344 ipsa
732 2289 1004 2346 synagoga
1058 2282 1190 2330 sunt
1243 2272 1486 2329 Satanae.
1543 2274 1731 2344 Neque
1776 2276 1948 2338 enim,
2007 2276 2098 2344 qui
2153 2274 2206 2327 in
2262 2274 2554 2328 manifesto
2609 2274 2830 2330 Judzcus
2885 2283 2988 2339 est,
3040 2275 3128 2328 ille
3173 2273 3359 2328 statim
3409 2287 3508 2344 pro
3564 2285 3830 2340 germano

551 2365 740 2420 Judaeo
794 2366 1079 2422 habendus
1107 2377 1225 2432 est;
1261 2367 1353 2420 sed
1383 2367 1475 2435 qui
1514 2366 1567 2421 in
1613 2367 1833 2421 occulto
1863 2366 2133 2434 ejusmodi
2160 2374 2273 2421 est?
2311 2364 2488 2420 Judus
2547 2381 2803 2438 namque,
2856 2365 2902 2421 si
2961 2364 3353 2436 interpreteris,
3417 2361 3823 2417 confessionem

551 2472 606 2516 et
640 2461 1078 2529 resipiscentiam
1115 2468 1312 2524 sonat,
1342 2474 1448 2528 qua
1483 2459 1558 2514 illi
1585 2459 1977 2516 destituuntur.

623 2555 688 2621 ll,
750 2554 835 2609 10.
890 2552 1042 2606 Nihil
1105 2553 1292 2606 horum
1343 2555 1527 2607 timeas
1590 2571 1708 2624 quae
1747 2570 2004 2622 passurus
2060 2571 2134 2610 es.

557 2645 690 2700 Ecce
739 2649 999 2700 missurus
1068 2653 1144 2698 est
1169 2644 1415 2702 diabolus
1481 2646 1689 2715 aliquos
1751 2661 1816 2699 ea:
1877 2647 2020 2700 vobis
2077 2648 2131 2699 in

553 2754 838 2803 carcerem,
876 2746 933 2790 ut
983 2737 1364 2798 tentemini;et
1425 2735 1686 2790 [rubebitis
1741 2737 2134 2790 tribulationem

550 2831 734 2886 diebus
763 2830 960 2883 decem.
999 2827 1128 2882 Esto
1159 2828 1328 2898 ﬁdelis
1361 2844 1521 2899 usque
1555 2830 1624 2882 ad
1651 2837 1902 2893 mortem;
1931 2839 1978 2882 et
1997 2829 2135 2883 dabo

561 2921 654 2974 tibi
685 2935 932 2974 coronam
966 2919 1110 2972 vitae.

624 3011 704 3066 Nc
752 3011 1028 3074 metuatis,
1066 3008 1262 3080 inquit,
1322 3007 1669 3062 alliictioncm
1715 3021 1881 3078 quam
1935 3005 2130 3074 Judaei,

556 3104 665 3159 Deo
711 3102 914 3163 infesti,
948 3117 1044 3172 per
1076 3099 1284 3170 ﬂagella
1318 3110 1372 3155 et
1429 3101 1756 3156 tentationcs
1814 3101 1970 3155 vobis
2005 3109 2133 3155 sunt

553 3195 778 3252 illaturi.
848 3193 1033 3262 Neque
1094 3194 1238 3248 enim
1301 3193 1396 3247 diu
1462 3193 1729 3248 duratura
1788 3204 1918 3248 sunt
1994 3193 2130 3262 illa;

552 3286 648 3341 sed
719 3284 904 3338 decem
969 3292 1177 3336 tantum
1224 3283 1435 3338 dierum
1495 3285 1781 3339 intervallo
1818 3325 1832 3347 ,
1881 3284 1987 3339 hoc
2026 3293 2130 3350 est,

552 3374 877 3429 brevissimo
921 3375 1183 3444 temporis
1227 3374 1428 3442 spatio.
1460 3374 1599 3441 Quin
1630 3377 1746 3444 ipsa
1769 3377 1934 3430 etiam
1961 3391 2132 3442 mors,

548 3467 693 3537 quod
759 3465 1018 3533 temporis
1076 3467 1235 3536 quasi
1299 3477 1506 3537 puncto
1565 3468 1939 3538 incorruptam
2007 3468 2135 3522 vita:

549 3573 808 3614 coronam
839 3558 1122 3627 largiatur,
1157 3558 1382 3612 omnino
1404 3559 1804 3613 contemnenda
1835 3559 2071 3612 videtur.

623 3651 797 3714 ll,H.
833 3651 938 3714 Qui
991 3649 1144 3704 habet
1205 3666 1407 3713 aurem,
1457 3650 1643 3703 audiat
1708 3653 1832 3719 quid
1899 3649 2134 3720 Spiritus

551 3743 697 3796 dicat
748 3738 1000 3792 Etclesiis
1030 3753 1049 3792 :
1091 3738 1196 3804 Qui
1247 3739 1452 3802 vicerit,
1479 3755 1581 3793 non
1624 3739 1849 3794 ltedetur
1896 3757 1927 3793 a
1969 3750 2133 3793 morte

552 3833 800 3889 secunda.

623 3925 748 3992 Qui,
781 3925 979 3996 inquit,
999 3923 1232 3996 spiritali
1257 3923 1445 3977 auditu
1469 3921 1757 3992 pra-ditus,
1789 3938 1988 3992 pravas
2014 3923 2134 3976 dia-

553 4018 663 4074 boli
702 4019 1082 4089 suggestiones
1129 4015 1419 4080 devicerit,
1446 4016 1552 4071 etsi
1603 4017 1837 4084 primam
1874 4024 2130 4080 mortem,

553 4126 674 4182 qua!
717 4119 927 4164 tantum
964 4109 1018 4163 in
1061 4123 1284 4164 carnem
1332 4106 1500 4172 cadit,
1558 4106 1812 4169 subierit,
1892 4117 2131 4162 attamen

465 4207 472 4214 ’
551 4220 582 4258 a
613 4202 1082 4272 secunda,qu:nin
1110 4203 1417 4272 gehennam
1447 4200 1636 4264 mittit,
1670 4215 1780 4254 non
1805 4199 2130 4256 oﬂendetur.

1186 4333 1414 4392 CAPUT
1438 4333 1504 4390 ν.

553 4446 1560 4588 Cujttsmodi[Pergamensisﬁcc‘lcsiw
1589 4449 1774 4520 angelo
1805 4449 2000 4519 fuerint
2058 4451 2134 4503 si—

1205 4535 1292 4588 gm
1367 4535 1398 4572 a
1425 4537 1478 4572 a.

1205 4535 1478 4589 gmpcata.

621 4656 687 4722 ll,
721 4655 810 4711 12.
853 4653 923 4708 Et
960 4655 1144 4725 angelo
1186 4649 1439 4722 Pergami
1479 4649 1725 4706 Ecclesia:
1767 4653 1972 4707 scribe:
2007 4653 2131 4708 Haec

552 4749 683 4802 dicit
712 4748 804 4818 qui
851 4747 1003 4800 habet
1052 4744 1374 4812 romphteam
1417 4751 1643 4812 utraque
1695 4754 1846 4812 parte
1875 4754 2130 4798 acutam:

551 4840 674 4894 Scio
705 4855 858 4908 opera
892 4849 1006 4904 tua,
1028 4849 1077 4891 et
1109 4837 1198 4889 ubi
1221 4836 1454 4900 habitas,
1496 4835 1583 4888 ubi
1613 4837 1754 4889 sedes
1783 4842 1873 4889 est’
1889 4835 2129 4891 Satanw.

623 5019 955 5074 ldololatria:
987 5017 1172 5072 dedita
1195 5025 1314 5070 erat
1345 5016 1558 5078 civitas,
1591 5013 1658 5068 ad
1694 5028 1856 5083 quam
1885 5015 2129 5086 Evange-

550 5115 674 5168 lista
718 5112 834 5165 haec
882 5110 1095 5164 scribit.
1133 5109 1358 5162 Interim
1412 5107 1601 5162 ﬁdeles
1633 5105 1726 5174 qui
1763 5105 1816 5159 in
1848 5106 1936 5160 illa
1965 5108 2129 5178 dege-

549 5205 699 5265 bant,
756 5209 978 5271 propter
1033 5199 1376 5253 tolerantiam
1407 5214 1567 5268 quam
1623 5200 1676 5253 in
1735 5200 2131 5255 tentationibus

550 5295 924 5361 ostenderant,
959 5293 1328 5347 commendat.
1357 5290 1530 5346 Porro
1557 5303 1741 5348 autem
1775 5309 1870 5363 per
1889 5293 2129 5362 gladium

549 5388 830 5455 ancipitem
860 5424 876 5450 ,
927 5393 1022 5438 aut
1058 5383 1338 5451 Evangelii
1401 5385 1737 5450 doctrinam,
1791 5385 2127 5440 credentium

549 5478 715 5532 c0rda
765 5476 1286 5542 eircumcidcntem,
1336 5475 1632 5547 ﬁdelesque
1691 5477 1760 5540 ab
1815 5475 2130 5531 inﬁdelibus

549 5579 947 5633 secernentem,
995 5568 1272 5634 insinuat;
1322 5578 1416 5624 aut
1459 5569 1882 5639 peremptoriam
1919 5567 2128 5624 Judicis

549 5669 738 5714 contra
764 5661 960 5730 impios
995 5661 1345 5716 sententiam.

621 5749 686 5812 ll,
757 5753 845 5805 l5.
893 5750 960 5804 Et
1012 5761 1151 5805 tenes
1205 5768 1391 5805 nomen
1434 5767 1626 5816 meum,
1669 5763 1718 5806 et
1779 5768 1882 5805 non
1930 5753 2130 5821 negasti

553 5839 709 5909 ﬁdem
753 5857 945 5895 meam.
969 5841 1037 5896 Et
1080 5844 1133 5896 in
1163 5843 1346 5897 diebus
1392 5842 1499 5896 illis
1540 5844 1765 5913 Antipas
1789 5845 1938 5897 testis
1985 5859 2127 5898 meus

2153 4580 2206 4639 D

2315 2559 2371 2610 Μ
2377 2554 2409 2623 ὴ
2441 2555 2634 2624 φοϐοῦ
2653 2555 2693 2608 ἂ
2717 2554 2962 2624 μέλλεις
2991 2554 3226 2610 παθεῖν.
3264 2554 3419 2608 Ἰδοὺ
3453 2553 3580 2625 ιδὴ]
3607 2557 3825 2623 μέλλει

2235 2645 2458 2711 βαλεῖν
2503 2644 2574 2709 ἐξ
2622 2645 2792 2714 ὑμῶν
2835 2647 2867 2699 ὁ
2917 2644 3200 2710 διάϐολος
3244 2647 3332 2710 εἰς
3371 2643 3674 2712 φυλακὴν,
3721 2645 3824 2697 ἵνα

2240 2735 2608 2804 πειρασθῆτε
2635 2752 2649 2764 ·
2703 2736 2804 2790 καὶ
2865 2735 3034 2800 ἕξετε
3081 2737 3296 2803 θλίψιν
3373 2734 3612 2804 ἡμερῶν
3653 2734 3821 2788 δέκα.

2241 2830 2427 2882 ι”ίνου
2457 2829 2678 2895 πιστὸς
2707 2828 2842 2897 ἄχρι
2875 2827 3136 2882 θανάτου
3171 2844 3183 2856 ·
3221 2828 3319 2881 καὶ
3362 2825 3535 2882 δώσω
3565 2844 3666 2880 σοι
3716 2819 3825 2882 τὸν

2240 2920 2552 2990 στέφανον
2575 2919 2686 2989 τῆς
2712 2919 2880 2987 ζωῆς.

2325 3013 2418 3082 Μὴ
2452 3012 2739 3081 φοϐεῖσθαι
2781 3011 2839 3065 δέ
2874 3027 3006 3081 φησι
3028 3010 3129 3080 τὴν
3161 3010 3225 3063 ἐκ
3253 3009 3363 3062 τῶν
3404 3007 3689 3080 θεομάχων
3731 3009 3824 3062 διὰ

2245 3107 2530 3178 μαστίγων
2568 3109 2664 3160 καὶ
2714 3104 3045 3177 πειρασμῶν
3087 3104 3288 3173 Θλίψιν.
3313 3105 3661 3174 Δεκαήμερος
3710 3102 3824 3174 γὰρ

2242 3198 2406 3268 αὕτη,
2439 3199 2534 3252 καὶ
2562 3199 2622 3251 οὖ
2673 3197 3013 3268 μακρόϐιος·
3053 3196 3134 3250 διὸ
3182 3197 3277 3249 καὶ
3330 3193 3770 3266 καταφρονητέος
3793 3195 3826 3247 ὁ

2243 3288 2497 3354 θάνατος,
2517 3289 2592 3353 ὡς
2631 3292 2686 3343 ὲν
2719 3288 2884 3360 ὀλίγῳ
2915 3289 3192 3361 προξενῶν
3217 3287 3482 3356 στέφανον
3511 3285 3656 3357 ζωῆς
3677 3285 3826 3355 ἁ.μά-

2240 3397 2458 3451 ραντον.

2323 3651 2386 3703 '0
2431 3650 2590 3719 ἔχων
2641 3645 2770 3715 οὖς,
2796 3650 3118 3706 ἀκουσάτω
3155 3652 3214 3704 τί
3258 3650 3324 3702 τὸ
3368 3652 3609 3720 Πνεῦμα
3655 3648 3824 3718 λέγει

2238 3741 2369 3808 ταῖς
2409 3743 2836 3810 Ἐκκλησίαις·
2881 3743 2944 3794 '0
2981 3739 3172 3796 νικῶν
3201 3743 3273 3796 οὐ
3324 3743 3411 3812 μὴ
3448 3741 3706 3814 ἀδικηθῇ
3746 3744 3822 3798 ἐκ

2237 3834 2344 3887 τοῦ
2382 3831 2645 3888 θανάτου
2667 3831 2775 3887 τοῦ
2808 3833 3111 3902 δευτέρου.

2324 3923 2379 3978 Ὀ
2406 3925 2803 3996 πνευματικῶς
2835 3925 2917 3988 δὲ,
2949 3926 3136 3996 φησιν,
3163 3926 3379 3980 ἀκούων
3404 3925 3498 3979 καὶ
3530 3924 3695 3980 νεκῶν
3716 3923 3824 3988 τὰς

2237 4017 2555 4083 διαϐολικὰς
2593 4017 2943 4089 ὕποσπορὰς,
2970 4034 3018 4071 ει
3049 4019 3144 4073 καὶ
3173 4017 3265 4072 τὸν
3300 4018 3518 4090 πρῶτον
3559 4016 3646 4070 διὰ
3679 4032 3820 4086 cap-

2238 4112 2332 4176 κὸς
2363 4111 2573 4182 ὑποστῇ
2623 4110 2876 4175 Θάνατον,
2902 4106 3008 4163 ὑπὸ
3038 4109 3132 4163 τοῦ
3174 4109 3429 4180 δευτέρου
3456 4111 3554 4180 τῆς
3587 4107 3819 4178 γεέννης

2236 4206 2296 4260 οὺ
2319 4203 2873 4275 καταδικασθήσεται.

2840 4339 3095 4396 ΚΕΦΑΔ.
3126 4339 3202 4393 Ε’.

2244 4455 2320 4510 Τὰ
2359 4453 2709 4522 δηλωθέντα
2759 4453 2841 4520 τῷ
2879 4454 3133 4593 τὲῆςγέέἒῳ
3135 4452 3416 4522 Περγάμῳ
3443 4449 3820 4517 Ἐκκλησία(-

2941 4542 2978 4593 τ
3137 4563 3152 4578 .

2941 4542 3152 4593 Trean-

2304 4662 2416 4717 ,Καὶ
2447 4662 2528 4728 τῷ
2567 4660 2801 4732 ἀγγέλῳ
2849 4659 2958 4726 τῆς
3005 4660 3074 4712 ὲν
3115 4657 3400 4728 Περγάμῳ
3442 4655 3817 4722 Ἐκκλησία(-

2234 4754 2476 4827 τράψον
2509 4773 2521 4786 ·
2565 4753 2713 4810 Τάδε
2752 4754 2918 4822 λέγει
2947 4757 2980 4807 ό
3015 4753 3172 4821 ἔχων
3221 4751 3336 4818 τὴν
3368 4749 3676 4820 ῥομφαίαν
3698 4748 3818 4816 τὴν

2235 4850 2530 4917 δίστομον
2547 4846 2662 4913 τὴν
2692 4846 2913 4910 ὀξεῖαν·
2957 4841 3101 4898 Οἶδα
3125 4845 3195 4896 τὰ
3226 4845 3367 4908 ἔργα
3385 4859 3521 4905 σου,
3561 4841 3657 4894 καὶ
3694 4839 3815 4893 ,τιοῦ

2234 4939 2553 5005 κατοικεῖς,
2592 4939 2747 4992 ὅπου
2777 4941 2808 4991 ό
2843 4939 3057 5005 θρόνος
3092 4936 3195 4989 τοῦ
3229 4933 3488 4989 Σατανᾶ.

2330 5031 2672 5094 Κατείδωλος
2725 5025 2793 5100 ἦν
2855 5027 2996 5098 αὕτη
3039 5031 3072 5095 ἡ
3133 5026 3309 5090 πόλις,
3345 5023 3481 5094 πρὸς
3524 5023 3592 5094 ἢν
3638 5021 3818 5075 ταῦτά

2238 5142 2395 5194 φησι,
2427 5125 2554 5186 τοὺς
2589 5125 2645 5176 ὲν
2675 5123 2813 5193 αὐτῇ
2835 5121 3060 5183 πιστοὺς
3089 5120 3157 5172 δι’
3177 5117 3454 5188 ὑπομονὴν
3488 5115 3815 5185 πειρασμῶν

2238 5216 2658 5285 ἀποδεχόμενος.
2702 5214 3025 5283 Ῥομφαίαν
3047 5212 3102 5265 δὲ
3128 5210 3440 5276 δίστομον,
3470 5207 3619 5279 ἢτὺν
3648 5207 3817 5274 εὒαγ-
3849 5207 3858 5222 ‘

2233 5304 2453 5372 γελικδν
2488 5303 2648 5370 λόγον
2691 5303 2846 5372 φησὶ,
2881 5302 2971 5355 τὸν
3005 5303 3104 5366 τὴν
3131 5298 3358 5368 καρδίαν
3393 5298 3813 5369 περιτέμνοντα,

2235 5395 2330 5447 καὶ
2359 5394 2485 5456 τοὺς
2514 5395 2736 5456 πιστοὺς
2757 5395 2817 5446 ὲκ
2848 5393 2954 5446 τῶν
3002 5391 3246 5446 ἀπίστων
3279 5392 3571 5462 μερίζοντα
3605 5406 3618 5419 ·
3657 5387 3812 5461 ἣτὴν

2238 5486 2381 5540 κατὰ
2407 5485 2518 5539 τῶν
2551 5485 2764 5539 ἀσεϐῶν
2786 5486 3058 5556 ἀπότομον
3088 5484 3381 5553 ἀπόφασιν.

2307 5753 2416 5807 Kal
2437 5751 2672 5821 κρατεῖς
2692 5753 2758 5806 τὸ
2780 5753 2970 5824 ὄνομά
2990 5773 3131 5824 μου,
3169 5753 3265 5806 καὶ
3297 5753 3406 5806 οὐκ
3426 5749 3673 5819 ἠρνήσω
3700 5747 3816 5816 τὴν

2235 5846 2450 5930 πίστεις
2503 5846 2754 5930 μου-,ἐνθῶ
2781 5847 2910 5912 ταῖς
2954 5847 3199 5915 ἡμέραις
3234 5847 3304 5899 ἐν
3341 5841 3439 5910 αἷς
3480 5843 3752 5906 Ἀντίπας
3779 5841 3815 5893 ό
