4070 6470
339 453 415 514 23-7
949 421 960 432 ’
1213 441 1814 504 COMMENTARIUS
1849 443 1930 502 IN
1973 443 2490 507 APOCALYPSIN.

3357 449 3464 516 238

336 566 506 636 μάρτυς
527 576 632 628 μου
661 559 696 610 ὀ
748 555 980 620 πιστὸς,
1007 555 1072 620 ὃς
1097 555 1438 622 ἀπεκτάνθη
1494 557 1630 622 παρ’
1651 553 1809 622 ὑμῖν,

1923 555 2106 619 ﬁdelis,
2153 559 2241 624 qui
2280 559 2480 611 occisus
2527 569 2605 611 est
2657 561 2796 625 apud
2825 577 2930 620 vos.
2975 562 3061 615 ubi
3107 563 3338 618 Satanas
3369 566 3468 618 Ita-

335 655 449 708 ὅπου
468 654 494 702 ὀ
523 647 776 712 Σατανᾶς
806 646 1083 699 κατοικεῖ.

410 758 614 819 Ἀντίπας
643 757 698 809 δέ
747 755 880 827 [τις]
909 754 1168 824 τοῦνομα,
1203 755 1413 825 μάρτυς
1457 755 1514 806 ἓν
1543 755 1818 824 Περγάμῳ

334 853 502 922 rivom-tv
527 848 910 916 ἀνδρειότατος,
931 841 1098 914 οὗπερ
1125 845 1362 914 ἀνέγνων
1388 844 1447 898 τὸ
1489 845 1816 916 μαρτύριον

332 939 376 996 οὗ
402 941 522 994 vivi
562 938 947 1009 εὐαγγελιστὴς
979 937 1112 1006 πρὸς
1137 935 1363 1001 ἔνδειξιν
1392 935 1486 1004 τῆς
1515 953 1573 988 τε
1603 935 1820 989 ἐκεενων

331 1029 566 1100 ὑπομονῆς,
626 1028 724 1097 τῆς
782 1045 844 1080 τε
901 1027 1010 1082 τῶν
1050 1026 1480 1095 πεπλανημένων
1539 1026 1822 1097 ὠμότητος

331 1119 689 1190 ἐμνημόνευσεν.

387 1395 532 1450 Ἀλλὰ
549 1393 663 1462 ἔχω
689 1399 839 1450 κατὰ
857 1398 972 1450 σοῦ
1003 1397 1192 1464 ὀλίγα,
1217 1395 1306 1450 ὅτι
1334 1397 1491 1464 ἔχεις
1525 1397 1654 1450 ἐκεῖ
1683 1417 1822 1466 κρα-

323 1485 526 1550 τοῦντας
578 1484 691 1552 τὴν
748 1485 1004 1555 διδαχὴν
1061 1487 1304 1556 Βαλαάμ
1324 1503 1338 1516 ·
1392 1485 1460 1550 ὃς
1504 1483 1824 1542 ἐδίδασκεν

319 1577 374 1628 ἐν
394 1575 458 1640 τῷ
469 1575 698 1644 Βαλαὰμ
716 1575 824 1628 τὸν
855 1579 1056 1630 Βαλὰκ
1076 1577 1296 1640 ,βαλεῖν
1319 1577 1666 1631 σκάνδαλον
1678 1578 1821 1632 ἐνώ-

321 1682 428 1718 πιον
453 1663 554 1718 τῶν
581 1664 728 1718 υἱῶν
749 1665 1012 1734 Ἰσραὴλ,
1038 1665 1180 1738 [καὶ]
1207 1667 1417 1735 φαγεῖν
1463 1667 1821 1723 εἰδωλόθυτα

318 1755 742 1823 καὶπερ-εὗσαν
773 1757 958 1822 οὕτως
995 1759 1155 1825 ἔχεις
1189 1758 1283 1810 καὶ
1328 1759 1408 1812 σὺ
1443 1759 1811 1826 κρατοῦντας

317 1844 405 1910 τὴν
421 1844 656 1912 διδαχὴν
689 1845 806 1898 τῶν
819 1847 1187 1900 Νικολαϊτῶν
1209 1846 1444 1918 [ὁμοίως
1533 1849 1612 1915 ἢν
1640 1850 1814 1918 μισῶ.

378 1954 460 2006 Δύο
485 1954 534 2006 δὲ
559 1955 789 2026 χαλεπὰ,
811 1957 886 2018 ὡς
916 1955 1113 2022 ἔοικεν,
1135 1960 1167 2029 ἡ
1191 1959 1343 2022 πόλις
1369 1959 1506 2030 αὕτη
1524 1961 1787 2032 ἐκέκτητο
1803 1980 1815 1991 ·

321 2043 400 2116 ἱτδ]
439 2050 548 2110 τοὺς
596 2050 698 2118 μὲν
752 2047 1000 2113 πλείονας
1038 2053 1305 2124 Ἕλληνας
1328 2049 1490 2126 [εἶναι
1529 2057 1586 2108 ὲν
1614 2055 1772 2128 αὐτῇ]
1801 2072 1816 2088 ·

325 2133 368 2198 ἐξ
385 2135 528 2187 αὐτῶν
544 2137 596 2190 δὲ
617 2138 729 2189 τῶν
756 2141 961 2192 πιστῶν
987 2139 1414 2212 ὠνομασμένων,
1442 2145 1570 2206 τοὺς
1591 2145 1814 2215 αἰσχροο

325 2227 460 2286 ποιοὺς
495 2226 818 2291 Νικολαῖτας
859 2231 1265 2298 ὑποσπαρέντας
1317 2232 1394 2302 τῷ
1429 2233 1559 2304 σίτῳ
1605 2239 1817 2304 πονηρὰ

319 2309 502 2374 ζιζάνια.
524 2316 610 2366 Διὸ
662 2317 759 2368 καὶ
793 2317 884 2370 τοῦ
911 2317 1138 2388 Βαλαὰμ
1183 2321 1576 2390 ἐμνημόνευσε,
1618 2324 1814 2390 φήσαςο

319 2403 396 2465 ’ος
415 2401 717 2457 ἐδίδασκεν
751 2405 820 2458 ἐν
867 2406 946 2470 τῷ
975 2408 1220 2476 Βαλαὰμ
1257 2408 1364 2461 τὸν
1406 2411 1632 2464 Βαλάκ.
1663 2411 1820 2481 Δηλοϊ

311 2489 434 2542 ea:
465 2493 657 2546 τούτων
679 2495 770 2547 τὸν
807 2497 995 2565 νοητὸν
1021 2495 1248 2566 Βαλαὰμ
1273 2497 1367 2551 τὸν
1394 2497 1637 2552 διάϐολον
1664 2501 1722 2553 ὲν
1743 2501 1819 2572 τῷ

309 2581 529 2650 αἰσθητῷ,
555 2583 646 2636 τὸν
681 2585 863 2638 Βαλὰκ
885 2587 1092 2650 διδάξαι
1129 2587 1192 2640 τὸ
1227 2589 1371 2642 κατὰ
1399 2589 1508 2642 τῶν
1557 2591 1824 2661 Ἰσραηλιο

307 2669 393 2720 τῶν
412 2673 712 2738 σκάνδαλον,
747 2675 1004 2746 πορνείαν
1033 2677 1126 2730 καὶ
1146 2677 1584 2750 εἰδωλολατρῐαν.
1611 2680 1691 2751 Τῇ
1713 2681 1822 2750 γὰρ

305 2759 484 2830 ἐκείνης
503 2763 654 2835 ἡδονῇ
683 2767 766 2830 εἰς
812 2767 1013 2834 ταύτην
1033 2768 1112 2838 τῷ
1147 2767 1466 2838 Βεελφεγὼρ
1485 2768 1823 2836 τελεσθὲν-τες

307 2852 761 2923 κατεκυλίσθησαν.

305 2953 382 3006 per
423 2945 802 2998 scortationem
859 2944 1028 3000 illexit
1067 2947 1214 3002 illum
1271 2949 1336 3003 ad
1395 2949 1758 3004 idololatriam
1799 2967 1815 3002 :

1919 643 2070 696 bitat.

1993 752 2090 820 ιι
2123 751 2350 817 Quidam
2397 755 2623 823 Antipas
2665 758 2906 825 nomine,
2954 760 3289 817 fortissimus
3334 779 3468 818 con-

1920 840 2400 912 stantissimusque
2456 844 2654 900 Christi
2706 857 2911 918 martyr
2935 850 3138 904 exstitit
3186 849 3469 922 Pergami,

1919 930 2082 998 cujus
2109 945 2207 1000 ego
2235 935 2556 1002 martyrium
2582 937 2710 990 olim
2737 937 2858 1006 legi.
2888 935 3038 994 Facit
3071 949 3246 994 autem
3299 940 3472 994 EVan-

1921 1019 2108 1090 gelista
2145 1023 2472 1090 peculiarem
2498 1025 2642 1080 illius
2666 1027 2768 1082 hoc
2801 1028 2919 1083 loco
2961 1029 3317 1094 mentionem,
3354 1039 3469 1085 tum

1919 1125 2029 1178 quo
2061 1111 2298 1166 ﬁdelium
2325 1113 2566 1170 civitatis
2594 1115 2740 1172 illius
2780 1121 2951 1174 virtus
2979 1128 3140 1189 atque
3167 1123 3470 1177 constantia

1923 1199 2086 1268 plana
2114 1201 2224 1267 tlat,
2273 1211 2386 1256 tum
2433 1205 2597 1259 etiam
2653 1222 2764 1276 quo
2814 1210 3164 1264 seductorum
3221 1211 3467 1281 ejusdem

1924 1291 2315 1346 immanitatem
2341 1294 2411 1347 ob
2458 1295 2647 1351 oculos
2683 1299 2842 1354 nobis
2875 1309 3061 1369 ponat.

1993 1401 2059 1464 ll,
2088 1401 2172 1467 Μ,
2197 1403 2281 1456 15.
2299 1403 2400 1457 Sed
2432 1405 2592 1459 habeo
2610 1409 2856 1465 adversus
2873 1422 2919 1466 te
2943 1431 3112 1482 pauca
3143 1420 3302 1488 :quia
3319 1423 3470 1480 habet

1923 1489 2036 1542 illic
2066 1501 2290 1545 tenentes
2319 1493 2613 1548 doc'lrinam
2652 1497 2897 1564 Balaam,
2932 1505 3021 1572 qui
3058 1507 3274 1562 docebat
3307 1509 3473 1568 Balac

1924 1581 2125 1632 mittere
2146 1583 2454 1636 scandalum
2501 1601 2674 1640 coram
2716 1589 2841 1657 [iliis
2874 1591 3066 1658 Israel,
3097 1599 3244 1652 edere
3276 1610 3324 1653 et
3358 1604 3472 1671 for-

1923 1671 2092 1724 nicari
2133 1675 2252 1726 :ita
2307 1675 2464 1729 habes
2507 1688 2556 1730 et
2591 1689 2642 1732 tu
2681 1689 2907 1736 tenentes
2955 1686 3250 1742 doctrinam
3305 1689 3472 1748 Nico-

1923 1757 2192 1826 laitarnm,
2223 1780 2378 1830 quam
2410 1768 2515 1819 odi.

1995 1959 2233 2028 Duobus,
2268 1973 2326 2018 ut
2346 1965 2578 2034 videtur,
2611 1969 2728 2024 haec
2757 1973 2950 2028 civitas
2975 1975 3190 2045 ﬂagitiis
3215 1979 3480 2038 obstricta

1927 2052 2208 2105 tenebatur
2244 2093 2258 2118 ,
2317 2055 2494 2126 iisque
2568 2060 2792 2116 minime
2845 2064 3180 2134 vulgaribus.
3224 2068 3356 2124 Nam
3423 2081 3480 2128 et

1927 2139 2126 2195 multos
2173 2141 2350 2198 adhuc
2404 2159 2642 2214 paganos
2685 2149 2827 2204 intra
2863 2166 2922 2206 se
2955 2151 3170 2208 fovebat
3199 2173 3213 2208 :
3243 2166 3299 2212 et
3335 2158 3478 2214 inter

1923 2245 2018 2286 eos
2071 2233 2164 2302 qui
2204 2235 2515 2292 Christiano
2555 2241 2774 2296 nomine
2816 2246 3196 2311 censebantur,
3221 2252 3476 2318 permulti

1923 2321 2135 2392 impuro
2182 2323 2512 2384 Nicolaismo
2543 2334 2916 2399 contaminati,
2947 2346 3002 2391 et
3030 2339 3169 2394 inter
3198 2341 3302 2396 loci
3327 2343 3478 2402 illius

1926 2413 2283 2482 orthodoxos,
2319 2419 2543 2488 perinde
2580 2419 2692 2478 lere
2740 2435 2904 2494 atque
2935 2427 3120 2483 lolium
3167 2431 3306 2487 inter
3333 2435 3475 2489 triti-

1927 2515 2049 2556 cum
2096 2505 2252 2571 solet,
2285 2507 2518 2564 intersiti
2560 2513 3052 2582 comperiebantur.
3094 2520 3270 2590 Atque
3315 2538 3377 2578 ea
3409 2525 3478 2580 de

1920 2605 2082 2648 causa
2132 2593 2390 2663 Balaami,
2417 2601 2510 2669 qui
2557 2603 2811 2672 populum
2867 2605 3220 2666 lsraeliticum
3283 2615 3478 2670 callide

1921 2681 1978 2736 in
2023 2697 2263 2740 errorem
2318 2688 2626 2758 induxerat,
2655 2694 2985 2750 mentionem
3027 2696 3176 2753 facit.
3205 2697 3470 2758 Ceterum

1922 2789 2016 2844 per
2045 2785 2330 2833 externum
2357 2789 2411 2835 et
2439 2783 2695 2838 sensilem
2729 2785 2878 2842 hunc
2899 2787 3217 2847 Balaamum
3250 2793 3344 2863 qui
3395 2793 3478 2849 ls-

1921 2863 2051 2918 raeli
2110 2881 2205 2935 per
2247 2867 2496 2924 Balacnm
2554 2873 2778 2930 insidias
2830 2883 3104 2934 struxerat
3165 2881 3474 2953 (siquidem

1879 2954 2062 3009 carnis
2123 2957 2267 3010 enim
2315 2959 2590 3030 voluptate
2617 2961 2846 3029 deliniti,
2896 2980 2962 3020 eo
2992 2965 3196 3038 delapsi
3246 2979 3394 3038 sunt,
3418 2981 3480 3028 ut

309 3030 426 3084 idolo
463 3031 784 3105 Beelphegor
818 3037 1034 3105 publice
1081 3039 1471 3110 immolarent),
1507 3042 1816 3095 insinuatur
1842 3041 2060 3098 Balaam
2128 3047 2409 3119 mysticus,
2479 3067 2668 3122 nempe
2699 3053 2949 3110 diabolus
3001 3067 3057 3112 et
3113 3030 3366 3118 -Satanas.

361 3143 737 3210 Μενανὸησον
762 3141 874 3200 οὖν
907 3165 921 3178 ·
957 3149 1008 3200 si
1037 3149 1104 3200 δὲ
1126 3149 1234 3218 μὴ,
1253 3151 1498 3218 ἔρχομαί
1527 3166 1624 3204 σοι
1649 3151 1818 3219 ταχὺ,

1997 3153 2059 3220 ll,
2095 3154 2177 3210 i6.
2208 3156 2462 3213 Similiter
2502 3163 2855 3229 paenitentiam
2887 3182 2978 3236 age
3005 3183 3024 3222 .'
3046 3169 3092 3222 si
3131 3186 3233 3240 quo
3285 3175 3477 3240 minus,

305 3229 382 3280 καὶ
413 3233 732 3300 πολεμήσω
763 3235 890 3303 μετ’
926 3235 1123 3289 αὐτῶν
1171 3239 1240 3290 ὲν
1297 3237 1370 3305 τῇ
1405 3240 1676 3308 ῥομφαίᾳ
1709 3239 1815 3294 τοῦ

1923 3245 2121 3298 veniam
2181 3247 2273 3300 tibi
2320 3250 2444 3318 cito,
2491 3262 2538 3306 et
2581 3253 2819 3324 pugnabo
2860 3229 2979 3308 cuin
3037 3229 3155 3312 illis.
3195 3261 3248 3312 in
3297 3229 3478 3330 gladio

303 3323 559 3387 στόματός
575 3341 726 3391 μου.

379 3427 452 3478 Ἐν
474 3432 534 3499 τῇ
557 3432 764 3514 ἀπειλῇ
793 3431 850 3486 δὲ
896 3435 930 3500 ἡ
966 3433 1362 3510 φιλανθρωπία.
1397 3437 1471 3490 Οὐ
1510 3436 1638 3508 γὰρ,
1665 3435 1823 3492 Μετὰ

307 3517 416 3582 σοῦ,
438 3525 615 3590 φησὶν,
663 3523 828 3590 ἀλλὰ,
879 3527 1006 3594 μετ’
1038 3526 1286 3580 ἐκείνων
1335 3527 1682 3596 πολεμήσω,
1713 3527 1821 3579 τῶν

303 3608 552 3665 νοσούντων
579 3614 804 3667 ἀνίατα.

360 3811 412 3863 ὀ
441 3815 590 3880 ἔχων
637 3813 778 3881 οὖς,
816 3817 1128 3871 ἀκουσάτω
1173 3819 1226 3872 τί
1258 3818 1322 3874 τὸ
1369 3820 1608 3889 Πνεῦμα
1659 3822 1821 3892 λέγει

287 3901 396 3966 ταῖς
439 3903 828 3973 Ἐκκλησίαις
853 3922 866 3936 ·
927 3907 1008 3972 Τῷ
1040 3909 1280 3964 νικῶντι
1321 3910 1490 3965 δώσω
1521 3911 1679 3978 αὐτῷ
1713 3929 1824 3981 9a-

287 3987 394 4050 τεῑν
409 3989 520 4044 ἀπὸ
543 3995 648 4048 τοῦ
665 3994 875 4064 μάννα
909 3993 1014 4050 τοῦ
1047 3997 1454 4067 κεκρυμμένου
1486 4016 1501 4032 ·
1527 4000 1624 4054 καὶ
1654 4000 1824 4054 δώσω

280 4077 418 4142 αὐτῷ
457 4083 669 4152 ψῆφον
707 4086 962 4153 λευκὴν,
987 4087 1084 4140 καὶ
1115 4087 1212 4140 ἐπὶ
1253 4087 1367 4157 τὴν
1401 4089 1610 4158 ψῆφον
1637 4092 1824 4161 ὄνομα

279 4171 466 4223 καινὸν
509 4177 948 4245 τετραμμένον,
1011 4177 1042 4230 ὃ
1101 4179 1298 4245 οὐδεὶς
1348 4175 1513 4235 οἶδεν
1573 4185 1627 4236 ει
1671 4182 1757 4252 μὴ
1791 4186 1824 4234 ὀ

273 4261 588 4326 λαμϐάνων.

343 4371 544 4426 Mdv-ra
571 4376 632 4430 δὲ
663 4379 1100 4446 κεκρυμμένον,
1123 4380 1150 4432 ὁ
1173 4379 1336 4450 ἄρτος
1364 4381 1460 4450 τῆς
1488 4379 1654 4452 ζωῆς,
1685 4382 1712 4434 ὁ
1735 4382 1824 4434 οὐ·

275 4460 458 4528 ράνιος,
485 4467 789 4536 οὐρανόθεν
805 4468 873 4520 δι’
906 4471 1054 4538 ἡμᾶς
1077 4470 1372 4536 κατελθὼν,
1410 4471 1501 4524 καὶ
1549 4470 1824 4542 βρώσιμος

1925 3335 2031 3389 oris
2061 3337 2179 3390 mei.

1993 3447 2094 3512 En,
2131 3455 2188 3502 ut
2213 3449 2352 3504 inter
2397 3450 2572 3506 minas
2624 3453 2926 3512 clementiae
2973 3471 3188 3529 quoque
3223 3469 3280 3516 et
3323 3461 3478 3519 beni-

1923 3533 2147 3604 gnitatis
2177 3551 2283 3590 non
2311 3538 2698 3596 obliviscatur:
2725 3558 2898 3612 neque
2926 3547 3070 3602 enim
3102 3549 3198 3614 ait,
3225 3547 3480 3622 Pugnabo

1923 3624 2198 3679 adversum
2228 3635 2310 3691 te;
2337 3630 2430 3684 sed
2458 3631 2534 3684 ait
2561 3647 2576 3684 :
2611 3629 2860 3704 Pugnabo
2902 3645 3084 3691 contra
3113 3640 3256 3702 illos,
3284 3657 3480 3712 nempe

1921 3715 2190 3772 obscenos
2215 3718 2541 3787 Nicolaitas,
2573 3721 2662 3791 qui
2685 3724 2972 3780 insanabili
3001 3729 3186 3782 morbo
3209 3730 3474 3790 laborant.

1995 3831 2060 3892 ll,
2083 3831 2165 3886 l7.
2191 3832 2297 3897 Qui
2319 3833 2470 3888 habet
2499 3851 2700 3900 aurem,
2727 3837 2912 3892 audiat
2928 3839 3056 3908 quid
3073 3839 3304 3909 Spiritus
3331 3841 3476 3898 dicat

1927 3917 2178 3974 Ecclesiis
2219 3938 2235 3973 :
2282 3920 2516 3976 Vincenti
2558 3923 2692 3978 dabo
2743 3941 2938 3980 manna
2983 3925 3384 3994 absconditum;
3425 3938 3476 3986 et

1925 4009 2061 4062 dabo
2111 4009 2193 4062 illi
2243 4010 2504 4064 calculum
2555 4014 2838 4068 candidum
2869 4023 2918 4068 et
2961 4017 3017 4070 in
3045 4017 3249 4072 calculo
3294 4031 3478 4076 nomen

1926 4115 2114 4152 norum
2144 4101 2416 4169 scriptum,
2436 4103 2572 4170 quod
2601 4119 2750 4158 nemo
2771 4105 2890 4170 scit,
2924 4107 3030 4162 nisi
3055 4109 3146 4171 qui
3179 4109 3388 4176 accipit.

2000 4371 2201 4426 Manna
2245 4374 2604 4426 absconditum
2628 4381 2711 4428 est
2741 4374 2978 4430 caelestis
3000 4375 3123 4430 vita
3151 4375 3332 4446 panis,
3357 4377 3474 4448 qui,

1929 4473 2110 4518 nostra
2159 4477 2323 4518 causa
2353 4479 2382 4518 e
2414 4463 2555 4519 caelo
2599 4465 2876 4535 delapsus,
2919 4465 2987 4520 ad
3040 4467 3474 4522 manducandum

273 4551 564 4622 γενόμενος·
613 4559 900 4628 τροπικῶς
943 4559 1001 4612 δὲ
1031 4560 1124 4612 καὶ
1171 4559 1240 4613 τὰ
1290 4560 1550 4631 μέλλοντα
1606 4561 1783 4630 ἀγαθὰ
1803 4600 1818 4625 ,

1928 4553 2170 4622 apprime
2203 4565 2288 4608 est
2334 4553 2581 4610 idoneus.
2613 4553 2754 4620 Quin
2781 4555 2924 4610 bona
2957 4555 3046 4610 illa
3076 4571 3196 4622 quae
3225 4555 3278 4611 in
3307 4557 3476 4632 altero

267 4641 448 4706 μάννα
493 4645 750 4715 λέγεται,
797 4649 894 4702 ἅτε
941 4650 1231 4718 οὐρανόθεν
1278 4653 1675 4722 κατερχόμενα,
1697 4651 1820 4704 ὅθεν

274 4727 358 4779 καὶ
385 4733 419 4797 ἠ
447 4732 570 4786 ἄνω
609 4735 1035 4804 Ἰερουσαλήμ.
1073 4735 1308 4802 Τούτων,
1327 4739 1512 4810 φησὶν,
1547 4737 1596 4790 οἱ
1627 4737 1820 4789 νικῶν-

271 4831 346 4877 τες
379 4819 466 4872 τόν
503 4822 768 4878 διάϐολον
799 4824 1104 4890 τεύξονται.
1152 4825 1422 4896 Ᾱήψονται
1478 4827 1535 4880 δὲ
1573 4825 1667 4880 καὶ
1701 4825 1823 4895 ψῆ-

271 4923 372 4971 φον
392 4913 650 4980 λευκὴν,
675 4918 925 4970 τουτέστι
941 4915 1242 4989 [καθαρῶς]
1266 4917 1521 4982 νικῶσαν,
1535 4917 1632 4986 τῆς
1647 4917 1824 4982 δεξιᾶς

273 4995 446 5065 μοίρας
470 5001 830 5074 ἀξιούμενοι·
866 5005 961 5058 καὶ
992 5003 1178 5074 ὄνομα
1211 5005 1421 5059 καινὸν
1465 5009 1530 5076 τῇ
1577 5005 1824 5076 παρούσῃ

270 5079 366 5152 ζωῇ
383 5088 763 5160 ἀγνοούμενον
794 5109 812 5124 ο
834 5093 1110 5165 ὀφθαλμὸς
1150 5095 1258 5166 γὰρ
1303 5097 1401 5149 οὐκ
1437 5091 1566 5160 εἶδε,
1597 5098 1688 5150 καὶ
1731 5095 1823 5157 οὓς

267 5169 352 5223 οὐκ
379 5177 600 5244 ἤκουσε,
629 5182 734 5233 καὶ
761 5181 882 5244 νοῦς
901 5181 960 5235 οὐ
986 5183 1249 5236 κατέλαϐε
1282 5187 1351 5237 τὰ
1387 5183 1568 5252 ἀγαθὰ
1589 5185 1656 5238 τὰ
1689 5183 1818 5253 μέλ-

266 5261 426 5331 λοντα,
441 5273 538 5322 καὶ
556 5272 621 5324 τὸ
639 5273 1037 5350 καινδνδνομα,
1053 5273 1080 5326 ὃ
1092 5277 1140 5329 οἱ
1167 5276 1309 5342 ἅγιοι
1333 5275 1431 5344 κλη
1442 5275 1819 5344 ρονομήσουσι.

1926 4644 2120 4700 saeculo
2147 4645 2352 4700 sanctis
2397 4645 2632 4716 reposita
2663 4654 2788 4701 sunt
2812 4686 2829 4711 ,
2859 4661 3052 4700 alanna
3101 4661 3318 4718 quoque
3378 4661 3476 4718 ap-

1927 4736 2229 4804 pellantur;
2286 4745 2346 4790 ut
2393 4750 2517 4806 quae
2571 4745 2626 4791 et
2674 4737 2888 4792 coalitus
2921 4737 3159 4801 veniant,
3179 4746 3233 4792 et
3261 4737 3313 4792 in
3342 4739 3482 4794 etelo

1935 4833 2170 4890 tantum,
2227 4825 2372 4894 quod
2434 4824 2542 4879 alio
2593 4825 2813 4880 nomine
2889 4841 3114 4894 superna
3186 4825 3480 4882 Jerusalem

1931 4923 2171 4977 vocatur,
2207 4913 2364 4983 plene
2400 4913 2704 4984 obtingant.
2752 4914 2960 4968 Horum
2995 4923 3174 4970 autem
3211 4915 3480 4970 bonorum

1932 5009 2048 5056 tuta
2094 5001 2440 5070 possessione
2471 5002 2548 5056 illi
2589 5003 2806 5056 demum
2845 5002 3140 5072 potientur,
3177 5004 3272 5072 qui
3299 5003 3483 5056 diabo-

1934 5089 2046 5144 lum
2104 5099 2157 5144 et
2195 5089 2456 5146 mundum
2507 5089 2776 5145 vicerunt.
2817 5090 3104 5160 Accepturi
3133 5089 3292 5144 iidem
3341 5103 3480 5159 quo-

1930 5196 2032 5252 que
2055 5187 2182 5235 sunt
2214 5180 2498 5233 candidum
2541 5182 2886 5250 victoremque
2930 5179 3188 5233 calculum
3231 5195 3250 5232 :
3295 5185 3480 5246 utpote

1929 5271 2044 5340 qui,
2077 5280 2138 5325 ut
2195 5271 2259 5324 ad
2310 5270 2518 5325 iudicis
2573 5271 2850 5326 dexteram
2904 5271 3275 5333 collocentur,
3323 5267 3480 5338 digni

268 5359 620 5419 habebuntur.
683 5367 972 5437 Accipient
1021 5370 1236 5424 tandem
1311 5385 1416 5424 una
1487 5383 1611 5424 cum
1673 5368 1886 5422 calculo
1949 5383 2132 5421 nomen
2176 5383 2362 5421 novum
2397 5406 2412 5432 ,
2467 5365 2822 5436 prtesentique
2877 5363 3004 5419 huic
3069 5363 3188 5416 vitae
3257 5377 3480 5431 prorsus

265 5449 612 5524 incognitum.
675 5455 888 5516 Oculus
931 5460 1078 5515 enim
1132 5475 1241 5514 non
1313 5460 1489 5524 vidit,
1555 5474 1656 5514 nec
1731 5460 1880 5513 auris
1936 5457 2178 5524 audivit,
2244 5473 2416 5527 neque
2487 5471 2641 5511 mens
2709 5456 2948 5510 humana
3021 5451 3480 5523 comprehcndit,

269 5559 376 5614 qua
431 5560 780 5622 quantaque
822 5553 874 5608 in
943 5553 1128 5608 luturo
1175 5569 1290 5609 aevo
1369 5563 1666 5624 praeparata
1724 5563 1849 5608 sunt
1873 5551 2062 5624 justis;
2092 5543 2365 5608 sicut—nec
2411 5565 2605 5608 nomen
2663 5561 2882 5620 quoque
2911 5543 3045 5599 illud
3075 5557 3297 5614 novum,
3333 5545 3482 5616 quod

267 5637 412 5694 iidem
442 5644 520 5698 illi
571 5653 784 5714 pacate
819 5645 1192 5714 possidebunt.
