4070 6412
482 423 588 485 239

1095 526 1321 582 CAPUT
1375 525 1456 579 Vl.

482 665 796 735 Cujusmodi
830 662 1190 733 Thyatirensis
1216 660 1472 742 Ecclesia:
1499 663 1688 732 angelo
1754 663 2059 734 signiﬁcatu

1214 742 1343 786 8”".

553 873 618 938 ll,
654 873 741 927 18.
770 871 838 925 Et
870 872 1056 941 angelo
1093 869 1366 942 Thyatira:
1395 870 1646 927 Ecclesia’
1683 872 1850 926 scribe
1885 888 1904 926 :
1931 871 2060 926 lla'c

480 967 607 1022 dicit
629 963 675 1016 Ε
678 965 800 1018 ilius
834 965 947 1027 Dei,
984 965 1074 1033 qui
1100 967 1251 1019 habet
1273 965 1454 1019 oculos
1498 976 1752 1034 tanquam
1783 967 2060 1035 ﬂammam

480 1060 638 1129 ignis,
673 1067 723 1112 et
757 1058 908 1126 pedes
951 1059 1065 1125 ejus
1097 1059 1298 1114 similes
1327 1059 1660 1114 aurichalco.

544 1237 760 1308 lgneam
807 1238 1096 1294 oculorum
1152 1239 1391 1308 speciem
1475 1247 1773 1309 utrumque
1842 1253 1954 1308 pra:
2000 1255 2061 1295 se

474 1333 617 1387 ferre
659 1331 866 1386 dictum
912 1342 995 1386 est
1060 1340 1218 1398 ante,
1278 1332 1626 1402 splendorem
1689 1331 1951 1385 nimirum
2003 1338 2060 1386 et

471 1421 758 1486 ardorem;
789 1430 843 1475 et
900 1421 1046 1475 hunc
1077 1422 1295 1491 quidem
1342 1421 1658 1491 signiﬁcare
1699 1420 1970 1491 supplicia
2001 1422 2056 1475 in

472 1514 672 1584 impios
701 1524 755 1568 et
777 1522 1093 1583 peccatores
1119 1515 1450 1579 consututa;
1486 1513 1641 1567 illum
1666 1529 1817 1578 vero,
1854 1513 2056 1578 lucem,

469 1609 596 1676 quia
629 1605 761 1676 justi
793 1614 846 1659 ct
877 1605 1048 1659 sancti
1081 1604 1507 1670 perfunduntur.
1546 1605 1650 1660 Per
1679 1605 1834 1675 pedes
1869 1615 2054 1660 autem

467 1708 524 1752 et
545 1697 971 1750 chalcolibanum
1005 1697 1106 1766 12
1131 1696 1378 1751 denotari
1405 1697 1611 1752 Christi
1633 1697 2053 1762 humanitatem,

469 1789 833 1860 ejusdemque
874 1789 928 1844 in
964 1790 1049 1843 his
1083 1788 1176 1857 qui
1208 1787 1340 1842 salvi
1375 1788 1532 1853 ﬁunt,
1563 1789 1728 1842 veluti
1791 1787 2055 1858 spiritalis

467 1882 752 1952 cujusdam
815 1881 1070 1952 unguenti
1105 1879 1496 1952 l‘ragrantiam;
1527 1896 1628 1936 nec
1673 1897 1779 1937 non
1839 1881 2040 1936 indivi-

1659 420 1983 480 ANDRE/E
2023 419 2537 482 CzESARlENSIS

3637 424 3746 489 ΞΗ

2762 530 3010 583 unum.
3051 533 3142 598 ς’.

2175 670 2249 722 Τὰ
2304 668 2648 737 δηλωθέντα
2711 666 2790 732 τῷ
2849 666 3083 736 ἀγγέλῳ
3127 664 3236 733 τῆς
3285 665 3353 720 ἐν
3412 667 3754 736 Θυατείροις

2761 739 2816 790 Ἐ
2819 737 3046 805 κκλησί
3049 753 3143 803 ας.

2238 875 2348 931 Kal
2381 873 2459 939 τῷ
2488 872 2722 942 ἀγγέλῳ
2748 872 2858 940 τῆς
2894 871 2964 924 ἐν
2993 873 3338 939 Θυατείροις
3386 871 3754 938 Ἐκκλησίας

2166 965 2438 1036 γράψον-⁸
2480 963 2625 1018 Τάδε
2673 963 2835 1032 λέγει
2881 966 2914 1018 ό
2976 961 3110 1028 Υίός
3163 961 3272 1016 τοῦ
3323 962 3473 1018 Θεοῦ
3519 964 3553 1017 ὁ
3586 963 3751 1031 ἔχων

2165 1058 2301 1124 τοὺς
2365 1055 2716 1126 ὀφθαλμοὺς
2743 1055 2824 1121 ὡς
2857 1056 3059 1124 φλόγα
3091 1052 3306 1122 πυρὸς,
3337 1052 3438 1108 zeal
3481 1055 3534 1107 οι
3568 1054 3754 1119 πόδες

2164 1150 2352 1205 αὐτοῦ
2381 1150 2572 1219 ὅμοιοι
2603 1146 3046 1216 χαλκολιϐάνῳ.

2226 1244 2458 1311 Εἴρηται
2489 1242 2551 1295 τὸ
2577 1241 2687 1296 τῶν
2715 1239 3010 1311 ὀφθαλμῶν
3037 1237 3309 1310 πυρῶδες,
3336 1237 3399 1291 τὺ
3421 1236 3753 1308 φωτιστικὺν

2163 1335 2271 1388 τῶν
2304 1335 2554 1399 δικαίων,
2584 1332 2678 1387 καὶ
2704 1332 2766 1385 τὸ
2799 1331 3096 1385 καυστικὸν
3118 1328 3316 1400 δηλοῦν
3347 1330 3456 1384 τῶν
3486 1329 3752 1400 ἀμαρτω-

2162 1426 2300 1481 λῶνο
2353 1425 2498 1491 τοὺς
2526 1424 2586 1480 δὲ
2637 1423 2830 1490 πόδας
2865 1423 2959 1477 καὶ
3003 1424 3108 1477 τὸν
3157 1423 3608 1493 χαλκολίσανον
3652 1438 3752 1490 ση-

2165 1519 2379 1589 μαίνειν
2410 1517 2507 1590 τὴν
2540 1516 2635 1572 τοῦ
2665 1516 2910 1588 Χριστοῦ
2941 1518 2999 1570 ὲν
3026 1517 3140 1579 τοῖς
3163 1515 3492 1585 σωζομένοις
3515 1513 3750 1568 εὐωδίαν

2157 1609 2252 1661 τοῦ
2288 1607 2482 1679 νοητοῦ
2515 1608 2713 1680 μύρου,
2747 1607 2844 1662 καὶ
2887 1607 2988 1676 τὴν
3022 1607 3268 1676 ἄτμητον
3295 1605 3390 1660 καὶ
3433 1605 3746 1676 ἁσύγχυτον

2158 1699 2354 1752 ἕνωσιν
2413 1697 2670 1768 θεύτητός
2711 1713 2772 1750 τε
2816 1699 2912 1750 καὶ
2950 1694 3370 1767 ἀνθρωπότητος
3396 1710 3411 1725 ο
3450 1694 3590 1764 αὕτη
3637 1694 3749 1764 γὰρ

2158 1791 2234 1853 ὼς
2261 1789 2746 1861 πεπυρακτωμένη
2774 1788 2852 1859 τῷ
2877 1787 3005 1857 Θείῳ
3033 1787 3336 1854 Πνεύματι,
3363 1787 3479 1849 τοῖς
3525 1785 3746 1856 ἀνθρω-

2153 1882 2330 1945 πίνοις
2353 1883 2634 1952 λογισμοῖς
2675 1882 2826 1934 ἔστιν
2859 1879 3238 1951 ἁψηλάφητος.

467 1973 632 2030 duam
697 1973 847 2028 illam
879 1981 934 2028 et
1009 1972 1355 2027 inconfusam
1410 1972 1681 2044 planeque
1721 1973 2100 2029 admirabilem
2133 1973 2361 2029 "divinae
2418 1972 2786 2042 humanaeque
2826 1980 3035 2027 natura:
3073 1969 3217 2024 inter
3249 1983 3308 2024 se
3332 1968 3589 2025 unionem
3623 1987 3638 2024 :
3677 1983 3744 2025 ea

465 2071 610 2124 enim
651 2077 908 2138 tanquam
945 2066 1112 2122 divini
1152 2066 1390 2140 Spiritus
1448 2068 1572 2140 igne
1617 2067 1880 2137 conﬂata,
1941 2070 2191 2142 miroque
2241 2069 2405 2126 modo
2449 2075 2857 2139 coagmentata,
2915 2064 3172 2123 humanis
3241 2065 3554 2122 rationibus
3580 2081 3736 2124 com-

465 2162 724 2234 prehendi
741 2163 972 2216 omnino
999 2175 1106 2216 non
1139 2170 1340 2232 potest.

536 2259 601 2326 ll,
633 2259 718 2322 l9,
745 2258 836 2314 20.
881 2256 1022 2312 Novi
1045 2273 1208 2326 opera
1241 2265 1355 2322 tua,
1379 2265 1429 2311 et
1459 2256 1619 2330 [idem
1647 2265 1694 2312 et
1731 2259 2043 2318 charitatem

2216 2256 2359 2311 Οἵδὰ
2392 2273 2512 2312 σου
2557 2256 2630 2312 τὰ
2663 2256 2831 2327 ἔργα,
2859 2257 2959 2312 zeal
3009 2257 3128 2326 τὴν
3178 2258 3446 2329 ἀγάπην,
3474 2259 3572 2315 zeal
3625 2258 3744 2324 τὴν

465 2362 645 2414 tuam;
669 2360 716 2404 et
751 2349 1106 2403 ministerium
1142 2357 1189 2402 et
1224 2349 1538 2417 patientiam
1574 2359 1746 2413 tuam,
1787 2359 1836 2406 et
1887 2364 2046 2418 opera

466 2459 558 2497 tua
600 2443 884 2496 novissima
915 2441 1071 2510 plura
1093 2441 1383 2510 prioribus.
1415 2439 1520 2494 Sed
1547 2440 1708 2494 habeo
1767 2441 2046 2498 adversum

467 2546 515 2589 te
539 2550 713 2603 pauca
741 2572 756 2597 ,
786 2532 912 2603 quia
938 2532 1204 2601 permittis
1240 2531 1514 2586 mulierem
1545 2530 1783 2596 Iezabel,
1815 2547 1932 2604 qua:
1992 2547 2047 2586 se

462 2628 595 2681 dicit
645 2626 976 2696 prophetam,
1007 2624 1212 2690 docere,
1260 2635 1311 2680 et
1363 2624 1609 2684 seducere
1653 2641 1826 2681 servos
1879 2640 2043 2693 meos,

463 2718 696 2772 scortari
717 2726 766 2772 et
799 2716 1122 2771 manducare
1144 2717 1206 2770 de
1240 2714 1570 2788 idolothytis.

531 2985 670 3054 Etsi,
689 2988 886 3059 inquit,
906 2997 1144 3043 vestram
1163 2986 1217 3042 in
1237 2986 1343 3042 fide
1359 2983 1755 3050 constantiam,
1769 2993 2042 3040 vestram-

460 3097 565 3152 que
591 3080 736 3136 circa
771 3096 1066 3151 egenorum
1097 3091 1150 3135 et
1175 3095 1478 3150 pauperum
1511 3078 1880 3134 ministerium
1909 3077 2043 3132 cha-

461 3177 696 3232 ritatcm.
725 3182 781 3228 et
807 3182 1047 3228 vestram
1098 3171 1336 3243 denique
1358 3171 1672 3242 patientiam
1713 3170 2042 3224 commendo

461 3276 796 3337 acceptaque
843 3265 1038 3333 habeo,
1081 3277 1319 3321 attamen
1368 3266 1471 3320 hoc
1521 3265 1749 3320 nomine
1777 3263 1899 3334 jure
1943 3277 2042 3318 vos

459 3359 822 3429 reprehendo,
848 3359 995 3428 quod
1022 3356 1420 3414 Nicolaitarum
1470 3357 1730 3421 lueresin,
1759 3373 1882 3426 quae
1915 3370 2042 3427 pro-

461 3457 577 3516 pter
631 3447 858 3516 impiam
919 3448 1305 3517 impuramque
1356 3446 1634 3502 lasciviam
1684 3445 1900 3500 Iezabel
1942 3459 2042 3515 per

458 3551 674 3611 tropum
702 3542 807 3594 hoc
831 3541 950 3595 loco
980 3540 1306 3609 appellatur,
1330 3539 1507 3606 palam
1533 3538 1785 3592 obtinere
1817 3537 2042 3607 permit-

2154 2351 2383 2416 πίστιν,
2422 2349 2521 2403 zeal
2573 2349 2690 2418 τὴν
2724 2348 3058 2418 διακονίαν,
3090 2350 3230 2422 '[zeal
3284 2349 3398 2419 τὴν
3449 2351 3744 2420 ὑπακοήν

2151 2441 2318 2514 σου,]
2352 2443 2450 2497 zeal
2492 2442 2610 2510 τὴν
2662 2441 2979 2513 ὑπομονήν
3014 2457 3152 2509 σου,
3191 2442 3292 2497 zeal
3329 2443 3401 2496 τὰ
3429 2443 3574 2512 ἔργα
3621 2458 3743 2497 σου

2153 2534 2225 2588 τὰ
2252 2535 2484 2602 ἔσχατα
2515 2533 2776 2588 πλείονα
2813 2533 2936 2587 τῶν
2959 2533 3207 2602 πρώτων
3239 2550 3254 2566 ·
3287 2533 3427 2589 ἀλλ’
3447 2533 3566 2602 ἔχω
3591 2533 3744 2585 κατὰ

2153 2626 2269 2680 σοῦ
2295 2623 2543 2698 [dura],
2566 2625 2656 2678 ὅτι
2687 2609 2933 2694 ἀφῆκας
2965 2623 3084 2691 τὴν
3133 2623 3386 2694 γυναῖκά
3409 2640 3528 2678 σου
3567 2621 3742 2682 Ἰεζά-

2153 2719 2280 2781 ϐελ,
2313 2715 2353 2785 ἡ
2381 2717 2545 2785 λέγει
2576 2717 2808 2784 ἑαυτὴν
2843 2714 3166 2785 προφῆτιν,
3193 2715 3292 2768 zeal
3326 2715 3601 2768 διδάσκει
3640 2715 3741 2766 zeal

2152 2809 2357 2878 πλανᾷ
2389 2809 2532 2875 τοὺς
2556 2809 2740 2880 ἐμοὺς
2760 2809 3026 2875 δούλους
3043 2809 3380 2877 πορνεῦσαι
3401 2808 3499 2861 zeal
3524 2806 3742 2877 φαγεῖν

2149 2903 2533 2956 εἰδωλόθυτα.

2224 2988 2369 3046 Οἶδά
2414 3007 2534 3047 σου
2571 2993 2644 3048 τὰ
2681 2991 2844 3060 ἔργα.
2871 3021 2939 3035 —-
2963 2991 3026 3046 El
3051 2991 3165 3063 γὰρ
3187 2990 3282 3045 καὶ
3314 2989 3404 3044 διὰ
3432 3005 3532 3059 την
3554 2989 3740 3044 πίστιν

2152 3081 2245 3134 καὶ
2275 3081 2375 3152 τὴν
2409 3083 2546 3152 πρὸς
2578 3083 2703 3146 τοὺς
2751 3082 3042 3152 δεομένους
3071 3080 3374 3144 διακονίαν,
3407 3080 3468 3132 τὸ
3501 3079 3734 3143 εὐλαϐὲς

2151 3176 2305 3248 ὑμῶν
2347 3176 2442 3232 καὶ
2479 3175 2882 3246 ὑπομονητικὸν
2926 3174 3292 3244 ἀποδέχομαι,
3324 3173 3461 3226 ἀλλὰ
3508 3171 3736 3234 δικαίως

2149 3268 2278 3338 ὑμῖν
2302 3267 2715 3337 ἐπιμέμφομαι,
2738 3268 2820 3320 ὅτι
2845 3268 2946 3338 τὴν
2970 3267 3082 3322 τῶν
3129 3266 3473 3319 Νικολαϊτῶν
3494 3265 3734 3334 αἵρεσιν,

2148 3358 2248 3432 τὴν
2272 3358 2550 3430 τροπικῶς
2581 3358 2982 3428 ὠνομασμένην
3030 3357 3310 3424 Ἰεζάϐελ,
3338 3357 3427 3413 διὰ.
3459 3356 3560 3425 τὴν
3603 3355 3734 3408 δυσ-

2151 3449 2370 3503 σέϐειαν
2419 3448 2514 3501 zeal
2553 3449 2868 3520 ἀσέλγειαν,
2910 3449 3166 3520 ἀφήκατε
3228 3446 3734 3520 παρρησιάζεσθαι,

2148 3537 2290 3590 ὥστε
2321 3540 2433 3599 τοῖς
2454 3538 2664 3602 δούλοις
2699 3555 2826 3608 μου,
2891 3538 2962 3591 δι’
2991 3539 3273 3612 ἁπλότητα
3311 3536 3556 3610 γνώμης,
3597 3554 3741 3606 παρο

460 3633 596 3697 titis,
623 3633 1004 3701 hactenusque
1032 3630 1416 3700 permiseritis.
1438 3628 1563 3686 l-iaac
1581 3629 1726 3683 enim
1757 3644 1844 3683 res
1873 3628 2043 3682 servis

2155 3632 2299 3700 ἐχειν
2339 3631 2660 3697 σκάνδαλον,
2688 3633 2784 3685 καὶ
2835 3630 3018 3685 ἕλκειν
3045 3631 3246 3694 αὐτοὺς
3285 3629 3431 3702 [καὶ]
3465 3631 3545 3693 εἰς
3585 3628 3740 3682 εἰδω-

459 3723 617 3788 meis,
649 3722 720 3776 ob
745 3721 947 3791 ingenii
993 3720 1288 3774 ruditatem
1332 3720 1641 3787 mentisque
1709 3718 2033 3786 simplicita-

461 3826 593 3878 tem,
635 3827 890 3883 magnam
927 3810 1268 3865 .otl‘ensionis
1307 3809 1656 3864 occasionem
1711 3807 1899 3873 oﬂ‘ert;
1931 3808 2039 3861 imo

461 3921 590 3962 vero
613 3907 680 3961 ad
710 3920 900 3961 earum
945 3919 1130 3959 rerum
1167 3917 1326 3957 usum
1370 3916 1491 3971 qua:
1547 3901 1707 3956 idolis
1747 3901 2041 3955 immolatae

2149 3722 2368 3786 λύοντα,
2399 3717 2480 3785 οἷς
2509 3722 2692 3784 καλῶς
2733 3722 3098 3788 ἀπετάξαντο.
3132 3723 3353 3792 Ταύτην
3379 3717 3473 3778 οὖν
3508 3724 3732 3774 ἐπιστο-

2153 3813 2334 3883 μίζειν
2364 3813 2612 3881 ὀφείλετε
2646 3831 2661 3844 ·
2687 3815 2770 3868 ὅτι
2793 3817 2886 3866 καὶ
2926 3814 3198 3884 προφῆτις
3252 3811 3393 3868 εἶναι
3441 3813 3738 3885 ὑποκρίνε-

2147 3922 2264 3969 ται,
2294 3905 2399 3958 ὑπὸ
2426 3905 2669 3976 πονηροῦ
2709 3906 3078 3976 ἐνεργουμένη
3118 3905 3448 3974 πνεύματος.

462 4005 700 4068 fuerant,
733 4018 762 4056 a
788 4016 896 4072 quo
920 3999 1150 4071 pulchre
1176 3999 1288 4068 jam
1307 4005 1432 4052 ante
1453 3996 2078 4064 ablactatividebantur,
2124 3999 2308 4054 denuo
2346 4003 2592 4067 attraxit,
2627 4011 2682 4056 et
2743 4001 2990 4070 quotidie
3035 4001 3215 4054 adhuc
3257 3999 3538 4069 pertrahit.
3584 3999 3737 4056 Hanc

462 4093 688 4163 proinde
733 4091 952 4146 Jezabel
999 4087 1410 4159 quamprimum
1463 4085 1816 4155 compescere
1871 4101 2045 4158 osque
2095 4088 2340 4159 ejusdem
2386 4090 2674 4148 obstruere
2703 4091 2958 4147 debetis:
3021 4092 3291 4162 siquidem
3349 4091 3588 4161 maligno
3617 4095 3730 4162 spi-

461 4189 568 4242 ritu
595 4188 820 4257 agitata,
846 4184 1224 4256 prophetidem
1256 4196 1378 4237 sese
1403 4181 1612 4251 jactare
1645 4197 1755 4236 non
1801 4183 2037 4239 dubitat.

529 4279 596 4342 ll,
626 4279 825 4334 21-25.
859 4277 926 4331 Et
961 4279 1082 4332 dedi
1111 4277 1194 4330 illi
1221 4286 1419 4344 tempus
1445 4286 1500 4330 ut
1521 4277 1888 4346 paenitentiam
1915 4294 2043 4348 age-

462 4387 633 4441 ret,et
675 4393 777 4430 non
816 4377 926 4429 vult
977 4377 1229 4444 pwnitere
1275 4392 1307 4427 a
1356 4374 1711 4444 fornicatione
1745 4391 1863 4427 sua.
1908 4372 2043 4428 Ecce

461 4485 554 4538 ego
585 4469 734 4521 mitto
779 4483 894 4521 eam
928 4469 981 4520 in
1017 4467 1209 4520 lectum
1235 4467 1777 4536 ;etquimcechantur
1811 4481 1925 4518 eum
1957 4481 2040 4527 ea,

462 4562 517 4612 in
550 4559 891 4613 tribulatione
926 4561 1164 4612 maxima
1195 4567 1370 4621 erunt,
1414 4557 1518 4611 nisi
1575 4557 1933 4626 paenitentiam
1976 4555 2043 4609 ab

463 4649 703 4718 operibus
743 4648 852 4702 suis
899 4644 1205 4718 egerint;et
1255 4648 1552 4716 ﬁlios‘ejus
1607 4646 1926 4714 inter/icium
1988 4645 2042 4696 in

464 4751 650 4796 morte.

535 4833 695 4900 Quia,
725 4831 920 4902 inquit,
949 4831 1183 4902 maligna
1217 4830 1304 4883 illa
1339 4828 1568 4884 lueresis
1598 4837 1861 4898 tempore,
1891 4828 2034 4898 quod

462 4925 530 4980 ad
566 4925 827 4994 agendam
873 4923 1247 4991 pmnitentiam
1305 4919 1654 4972 commodum
1711 4927 1868 4972 nacta
1899 4927 2034 4981 erat,

469 5018 608 5071 bene
635 5017 712 5069 uti
743 5030 852 5069 non
877 5015 1079 5081 voluit,
1108 5011 1240 5065 Ecce
1275 5012 1523 5080 dejiciam
1553 5010 1704 5063 illam
1744 5012 1798 5063 in
1823 5011 2040 5080 a'gritu-

461 5110 636 5163 dinem
693 5117 741 5162 et
790 5116 1032 5160 mortem.
1097 5104 1153 5157 In
1211 5114 1368 5174 tropo
1424 5111 1717 5172 perstans,
1770 5101 2036 5156 nefariam

459 5202 605 5258 illam
662 5201 1048 5255 Nimlaitarum
1105 5205 1312 5268 pestem
1344 5236 1358 5260 ,
1414 5205 1634 5264 propter
1697 5195 2036 5263 versipellem

460 5295 838 5348 ha~reticorum
881 5291 1198 5355 versutiam,
1226 5289 1445 5342 mulieri
1487 5287 1750 5344 adulterae
1811 5303 2038 5359 compa-

458 5399 560 5442 rat.
597 5387 981 5442 Comu.inatur
1001 5398 1132 5437 vero
1156 5398 1266 5436 non
1299 5382 1445 5435 illam
1478 5389 1688 5435 tantum
1725 5382 1780 5435 in
1815 5383 2038 5451 aegritu-

458 5475 640 5533 dinem
678 5488 730 5533 et
776 5490 1005 5533 mortem
1049 5490 1108 5530 se
1163 5474 1527 5543 dejecturum,
1572 5473 1678 5526 nisi
1709 5474 2032 5546 resipuerit;

2215 4280 2323 4334 Kal
2373 4281 2570 4336 ἔδωκα
2647 4281 2804 4349 αὐτῇ
2869 4283 3091 4350 χρόνον
3170 4283 3271 4334 ἵνα
3331 4280 3682 4349 μετανοήσῃ
3708 4297 3723 4311 ·

2144 4372 2242 4425 καὶ
2277 4376 2348 4427 οὐ
2379 4373 2540 4427 θέλει
2565 4373 2940 4443 μετανοῆσαι
2965 4375 3033 4426 ἐκ
3056 4369 3161 4442 τῆς
3199 4374 3486 4440 πορνείας
3516 4371 3729 4440 αὐτῆς.

2154 4463 2338 4526 Ἰδοὺ,
2370 4464 2588 4528 βάλλω
2627 4465 2824 4533 αὐτὴν
2867 4469 2954 4531 είς
2986 4468 3206 4531 κλίνην
3235 4480 3250 4495 ο
3295 4465 3561 4531 καὶτοὺς
3601 4483 3732 4534 μοι·

2146 4557 2448 4625 χεύοντας
2471 4557 2600 4625 μετ’
2648 4555 2840 4624 αὐτῆς
2898 4560 2984 4624 είς
3042 4557 3254 4626 θλίψιν
3288 4555 3586 4626 μεγάλην,
3624 4557 3734 4609 ἐὰν

2141 4647 2228 4716 μὴ
2258 4649 2726 4716 μετανοήσωσιν
2764 4647 2833 4700 ἐκ
2866 4647 2987 4701 τῶν
3029 4649 3219 4721 ἔργων
3253 4647 3452 4702 αὐτῶν
3483 4664 3498 4678 '
3533 4648 3632 4703 zeal
3662 4651 3734 4702 τὰ

2145 4740 2323 4794 τέκνα
2343 4740 2531 4808 αὐτῆς
2562 4739 2872 4793 ἀποκτενῶ
2901 4741 2972 4794 ἐν
3006 4740 3261 4806 θανάτῳ.

2217 4833 2327 4885 Kal
2386 4832 2561 4884 ἔδωκα
2611 4833 2748 4902 αὐτῇ
2798 4831 2989 4902 χρόνον
3022 4849 3035 4863 ·
3096 4833 3215 4901 ἠδὲ
3263 4832 3479 4903 πονηρὰ
3513 4829 3728 4902 [φησὶν]

2149 4926 2332 4979 αὐτῶν
2365 4928 2600 4996 αἵρεσις,
2628 4927 2823 4996 καιρὸν
2867 4925 3112 4978 λαϐοῦσα
3139 4926 3219 4988 εἰς
3280 4926 3594 4995 μετάνοιαν,
3627 4941 3728 4980 κα·

2146 5019 2252 5080 λῶς
2286 5019 2459 5088 τούτῳ
2484 5021 2584 5074 οὐκ
2610 5020 2902 5089 ἐχρήσατο.
2947 5018 3125 5084 Ἰδοὺ,
3147 5018 3365 5083 βάλλω
3407 5017 3602 5082 αὐτὴν
3641 5018 3728 5081 είς

2147 5113 2382 5179 κλίνην,
2425 5113 2503 5184 Τῇ
2565 5115 2741 5184 τροπῇ
2799 5113 3086 5183 ἐνέμεινε,
3131 5113 3226 5166 καὶ
3291 5111 3566 5183 μοιχαλίδι
3629 5110 3728 5178 τὴν

2149 5205 2460 5274 συστροφὴν
2486 5204 2594 5256 τῶν
2627 5205 2921 5275 αἱρετικῶν
2954 5205 3322 5275 παρεικάσας,
3353 5204 3571 5258 ἀπειλεῖ
3595 5202 3728 5256 ταύ-

2148 5313 2246 5363 την
2285 5313 2341 5348 τε
2383 5296 2641 5366 ἀσθενείᾳ
2694 5298 2790 5350 καὶ
2845 5297 3063 5366 Θανάτῳ
3102 5297 3442 5369 περιϐαλεῖν,
3473 5298 3566 5351 καὶ
3605 5298 3731 5358 τοὺς

2146 5385 2283 5454 αὐτῇ
2322 5385 2834 5456 συμφοειρομένους
2875 5389 2972 5444 καὶ
3021 5387 3108 5459 [ὲκ
3140 5387 3300 5460 Θεοῦ]
3344 5387 3728 5459 πορνεύοντας,

2148 5479 2197 5530 εἰ
2235 5478 2310 5546 μὴ
2340 5478 2428 5529 διὰ
2465 5479 2755 5545 μετανοίας
2790 5480 2926 5550 πρὸς
2973 5481 3136 5536 αὐτὸν
3167 5482 3596 5552 ἐπιστρέψωσιν.

460 5582 648 5622 verum
680 5581 908 5627 caeteros
939 5583 1159 5640 quoque
1205 5581 1419 5629 omnes,
1472 5566 1592 5634 qui,
1652 5565 1764 5621 Deo
1797 5581 1892 5636 per
1955 5569 2239 5638 mysticam
2291 5572 2680 5625 seortationem
2728 5573 2966 5640 deserto,
3021 5589 3149 5630 cum
3214 5575 3304 5629 illa
3353 5589 3473 5631 sese
3534 5585 3726 5629 conta-

460 5660 787 5718 minaverint
819 5703 833 5727 ,
891 5664 994 5717 nisi
1048 5670 1225 5715 tamen
1274 5675 1371 5729 per
1423 5673 1608 5713 veram
1653 5659 2035 5727 paenitentiam
2076 5663 2142 5716 ad
2172 5663 2347 5730 ipsum
2381 5679 2439 5718 se
2465 5664 2646 5718 denuo
2677 5667 3068 5726 converterint.

531 5756 596 5821 ll,
634 5757 819 5811 25-25.
847 5759 914 5811 Et
940 5760 1105 5816 scient
1131 5772 1308 5810 omnes
1337 5754 1610 5819 Ecclesia',
1640 5756 1766 5824 quia
1795 5771 1888 5825 ego
1919 5773 2036 5808 sum

459 5857 701 5903 scrutans
736 5868 880 5904 renes
925 5862 972 5904 et
1011 5851 1193 5915 corda,
1220 5860 1269 5904 et
1302 5849 1439 5902 dabo
1481 5849 1764 5917 unicuique
1810 5859 2038 5903 vestrum

2218 5761 2322 5812 Kal
2356 5759 2692 5828 γνώσονται
2727 5759 2917 5816 πᾶσαι
2949 5764 3010 5815 al
3061 5763 3442 5832 Ἐκκλησίαι,
3481 5765 3570 5816 ὅτι
3615 5764 3728 5833 ἐγώ

2153 5853 2264 5920 ειμι
2297 5856 2329 5905 c'
2364 5851 2627 5918 ἐγιευνῶν
2672 5853 2936 5920 νεφροὺς
2958 5856 3054 5908 zeal
3102 5857 3352 5924 καρδίας
3377 5873 3391 5888 ·
3427 5856 3525 5911 zeal
3555 5856 3726 5910 δώσω
