4070 6406
291 1057 312 1086 Ἰ

359 373 466 438 241

1329 365 1938 430 COMMENTARIUS
1979 369 2062 430 IN
2103 367 2639 434 APOCALYPSIN.

3529 369 3592 432 2-!
3605 371 3638 432 ‘2

357 487 506 556 ὑμῖν
529 485 766 550 ἐκαστφ
803 485 954 540 κατὰ
979 485 1052 538 τὰ
1085 485 1230 555 ἔργα
1255 485 1442 555 ὑμῶν.
1473 487 1653 559 ξΥμῖν
1693 486 1762 540 δὲ
1793 487 1950 554 λέγω

2081 490 2342 542 ecundum
2381 507 2540 559 opera
2577 507 2696 544 sua.
2749 489 2899 544 Vobis
2933 499 3108 544 autem
3159 489 3297 554 dico,
3331 499 3378 542 et
3433 493 3638 543 ra'teris

359 580 490 646 τοῖς
514 579 752 644 ,λοιποῖς
781 580 908 645 τοῖς
937 581 1008 632 ἑν
1030 579 1394 647 Θυατείροις,
1427 580 1562 633 ὅσοι
1590 582 1702 633 οὐκ
1731 579 1948 648 ἔχουσι

359 669 481 740 τὴν
535 669 795 736 διδαχὴν
853 671 1102 736 ταύτην,
1143 669 1362 734 οἵτινες
1401 671 1516 722 οὐκ
1555 668 1832 736 ἔγνωσαν
1877 668 1948 719 τὰ

353 765 554 830 ,ϐαθέα
588 763 694 817 τοῦ
731 761 988 827 Σατανᾶ,
1011 761 1090 825 ὡς
1116 762 1408 830 λέγουσιν
1431 775 1446 792 ·
1486 761 1568 812 Οὐ
1601 758 1820 822 ,ϐάλλω
1857 758 1950 825 ἐφ’

2060 583 2150 650 qui
2205 581 2474 652 Thyatira:
2507 584 2630 636 estis
2651 601 2668 636 :
2701 583 3032 652 Quicumque
3083 599 3184 634 non
3217 581 3404 634 habent
3444 581 3644 632 doctri-

2063 683 2186 721 nam
2233 669 2393 731 hanc,
2429 681 2477 723 et
2509 673 2602 738 qui
2649 687 2750 723 non
2782 683 3133 740 cognoverunt
3189 671 3502 724 altitudines
3544 669 3642 724 Sa-

2061 771 2220 827 tanaz,
2251 763 2694 832 quemadmodum
2723 765 2929 826 dicunt,
2964 782 3066 816 non
3107 767 3317 817 mittant
3353 779 3510 832 super
3555 779 3642 816 ros

359 855 524 926 ὑμᾶς
573 856 730 910 ἄλλο
783 855 978 924 βάρος
1037 853 1208 921 πλὴν
1265 853 1298 906 ὃ
1341 852 1554 922 ἔχε-τεο
1613 848 1954 919 κρατήσατε

2078 853 2216 908 iliud
2241 857 2471 924 pondus.
2503 855 2699 911 Tamen
2729 858 2784 910 id
2826 859 2964 927 quod
3017 857 3244 921 habetis,
3278 867 3444 910 tenete
3481 859 3645 909 dorice

279 935 290 1032 '_
359 951 540 1019 ἄχρις
573 945 646 1005 οὗ
677 949 756 1003 ἂν
781 947 928 1016 ἥξω.

436 1043 628 1114 [Ὅσοι
647 1044 760 1096 οὐκ
777 1041 996 1111 έχουσι
1011 1040 1132 1106 τὴν
1141 1039 1402 1108 διδαχὴν
1419 1040 1640 1105 ταύτην
1655 1036 1956 1109 .]-Ταῦτα

369 1137 474 1206 μὲν
504 1137 640 1206 πρὸς
657 1136 786 1198 τοὺς
807 1134 1200 1204 ἠπατημένους
1221 1133 1532 1204 αἱρετικοὺς
1563 1132 1659 1185 καὶ
1698 1128 1954 1184 ἀπατῶν-

367 1243 471 1290 τας
488 1227 732 1296 ἑτέρους·
750 1226 886 1296 πρὸς
903 1226 960 1278 δὲ
979 1226 1106 1286 τοὺς
1129 1224 1532 1293 ἁπλουστέρους
1551 1222 1737 1291 φησιν’
1773 1223 1897 1274 Ἐπε
1910 1221 1954 1271 ί-

369 1337 480 1389 περ
508 1318 644 1387 πρὸς
669 1319 798 1380 τοὺς
827 1317 972 1370 οὕτω
1001 1318 1278 1386 πονηροὺς
1304 1317 1400 1369 καὶ
1417 1313 1801 1387 εὑρεσιλόγους
1824 1314 1954 1366 ἀντ-

375 1411 527 1480 έχειν
556 1410 622 1462 δι’
663 1409 946 1478 ἁπλότητα
979 1409 1203 1478 τρόπων
1224 1407 1286 1458 οὐ
1305 1407 1559 1469 δύνασθε,
1590 1404 1688 1458 ᾶτε
1720 1405 1790 1457 τὰ
1815 1403 1955 1474 βάθη

369 1503 468 1555 τοῦ
499 1503 714 1556 Σατανᾶ
740 1501 816 1572 μὴ
835 1501 1160 1569 ἐγνωκότες,
1185 1500 1262 1563 ὼς
1287 1499 1478 1568 λέγετε
1501 1516 1514 1530 '
1545 1499 1606 1552 οὐ
1643 1497 1792 1566 ζητῶ
1823 1495 1955 1566 παρ’

371 1595 530 1664 ὑμῶν
556 1595 658 1664 τὴν
685 1594 774 1647 διὰ
803 1593 964 1661 λόγου
1021 1594 1201 1664 μάχην
1219 1633 1234 1657 ,
1273 1592 1412 1646 ἀλλὰ
1433 1593 1532 1659 τὴν
1573 1589 1830 1660 φυλακὴν
1859 1592 1960 1657 τῆς

365 1685 596 1754 διδαχῆς
623 1685 692 1754 ἣν
741 1684 1082 1756 παρελάϐετε
1117 1700 1129 1712 ·
1175 1682 1338 1754 ἄχρις
1381 1681 1450 1736 ἂν
1493 1681 1744 1735 ἐντεῦθεν
1813 1681 1958 1748 ὑμᾶς

368 1777 804 1846 προσλήψωμαι.

2063 963 2292 1002 ueniam.

2137 1039 2203 1094 Et
2239 1042 2354 1095 haec
2381 1041 2646 1096 hactenus
2679 1041 2744 1095 ad
2788 1041 3042 1095 seductos
3086 1041 3334 1109 aliosque
3369 1041 3644 1094 scducen-

2066 1139 2146 1183 tes
2191 1131 2497 1185 Iucrcticos.
2525 1131 2604 1185 Ad
2660 1130 3027 1200 simpliciores
3061 1145 3190 1184 vero
3227 1131 3296 1184 ait
3327 1148 3340 1184 :
3383 1129 3644 1194 Quando-

2067 1221 2286 1292 quidem
2321 1224 2586 1278 adversus
2619 1225 2872 1278 homines
2915 1241 3091 1293 usque
3122 1225 3258 1277 adeo
3293 1225 3564 1292 malignos
3592 1231 3646 1274 et

2067 1313 2296 1368 callidos
2349 1314 2420 1368 ob
2465 1315 2666 1382 ingenii
2697 1329 3026 1384 morumque
3063 1315 3419 1382 simplicatem
3467 1315 3682 1388 cunni".

2066 1413 2214 1460 stere
2247 1422 2353 1460 non
2415 1405 2644 1472 valetis,
2696 1415 2888 1475 utpote
2939 1405 3336 1474 proiundarnm
3395 1403 3646 1459 fraudum

2067 1495 2308 1562 Satanae,
2347 1505 2409 1551 ut
2459 1498 2728 1564 asseritis,
2757 1498 2956 1568 ignari,
3005 1513 3110 1550 non
3161 1499 3376 1566 exigam
3431 1511 3460 1549 a
3495 1497 3650 1550 vobis

2065 1591 2362 1646 verborum
2411 1605 2694 1661 pugnam;
2727 1591 2820 1646 sed
2883 1591 3046 1644 ﬁdam
3101 1597 3310 1642 tantum
3366 1589 3650 1652 doctrinm,

2063 1699 2228 1752 quam
2283 1684 2600 1753 accepistis,
2649 1683 2984 1746 custodiam,
3047 1685 3228 1736 donec
3285 1681 3502 1734 tandem
3553 1695 3652 1735 vos

2066 1761 2196 1830 hinc
2225 1776 2291 1830 ad
2323 1791 2409 1830 me
2437 1791 2815 1844 assumpsere.

441 1869 552 1924 Kal
579 1871 612 1922 ό
635 1867 822 1924 νικῶν
851 1866 952 1920 καὶ
989 1868 1022 1920 ό
1049 1866 1247 1934 τηρῶν
1276 1865 1416 1935 ἄχρι
1445 1866 1661 1932 τέλους
1689 1867 1762 1920 τὰ
1803 1865 1950 1934 ἔργα

2129 1865 2196 1934 ll,
2235 1865 2429 1920 96-28.
2459 1867 2562 1936 13
2606 1865 2672 1919 Et
2726 1865 2816 1935 qui
2849 1866 3055 1927 vicerit,
3085 1875 3134 1918 et
3192 1863 3502 1918 custodierit
3559 1879 3654 1916 us-

361 1977 508 2030 μου,
549 1958 721 2014 δώσω
762 1957 922 2024 αὐτῷ
959 1958 1256 2022 ἐξουσίαν
1281 1959 1380 2012 ἐπὶ
1412 1959 1534 2012 τῶν
1565 1957 1762 2014 ἐθνῶν
1803 1973 1816 1985 ’
1855 1957 1958 2011 καὶ

2078 1977 2164 2030 1ue
2186 1960 2256 2014 ad
2285 1960 2442 2028 ﬁnem
2485 1976 2644 2028 opera
2683 1975 2818 2024 mea,
2850 1958 2990 2012 dabo
3033 1958 3114 2012 iiii
3147 1967 3464 2027 potestatem
3495 1971 3656 2025 super

369 2050 654 2120 ,ποιμανεῖ
683 2049 908 2116 αὐτοὺς
939 2050 1010 2104 ἐν
1021 2050 1226 2118 ῥάϐδῳ
1251 2050 1476 2119 σιδηρᾷ
1501 2067 1516 2080 ·
1547 2051 1628 2116 ὡς
1661 2049 1736 2104 τὰ
1763 2049 1958 2117 σκεύη

2078 2061 2242 2118 ventes
2265 2068 2284 2116 ;
2305 2063 2354 2106 et
2393 2061 2530 2122 reget
2561 2067 2650 2104 eas
2681 2051 2737 2104 in
2767 2053 2914 2121 virga
2955 2051 3150 2120 ferrea,
3175 2061 3226 2103 et
3261 2061 3515 2118 tanquam
3561 2065 3654 2103 eas

371 2142 447 2196 τὰ
489 2141 777 2210 κεραμικὰ
818 2139 1286 2208 συντριϐήσεται
1319 2157 1334 2172 ο
1369 2142 1450 2208 ὡς
1507 2140 1670 2210 κάγὼ
1733 2141 1960 2211 εἴληφα

2078 2145 2222 2215 ﬁguli
2253 2145 2674 2215 confringentur,
2701 2145 2910 2199 sicutet
2934 2162 3026 2214 ego
3055 2143 3238 2212 accepi
3264 2161 3298 2196 ιι
3329 2141 3490 2196 Patre
3517 2157 3651 2196 nec.

373 2232 534 2302 παρὰ
557 2233 664 2286 τοῦ
689 2233 922 2299 Πατρός
955 2249 1096 2301 μου.

443 2321 624 2374 Δώσω
662 2319 824 2386 αὐτῷ
877 2321 1194 2386 ἐξουσίαν.
1243 2349 1314 2362 -
1341 2322 1434 2392 Τῷ
1483 2323 1748 2390 ποιοῦντι,
1803 2325 1959 2394 φησὶ,

369 2413 444 2466 τὰ
489 2413 626 2483 ἔργα
673 2429 797 2482 μου,
828 2413 986 2468 δώσω
1017 2415 1168 2485 αὺτῷ
1201 2416 1452 2481 ἐξουσίαν
1491 2417 1680 2472 ἐπάνω
1731 2419 1892 2472 πέντε
1927 2418 1960 2488 ἦ

373 2505 508 2560 δέκα
539 2505 766 2570 πόλεων,
789 2506 867 2570 ὡς
919 2507 976 2560 ὲν
1002 2507 1080 2576 τῷ
1125 2507 1448 2578 Εὐαγγελίῳ
1477 2510 1716 2579 εἴρηται.
1757 2511 1828 2563 Ἢ
1873 2511 1964 2564 διὰ

373 2597 570 2652 τούτου
605 2597 702 2651 καὶ
753 2599 852 2667 τὴν
880 2599 990 2652 τῶν
1021 2599 1268 2652 ἀπίστων
1297 2601 1480 2670 κρίσιν
1502 2601 1804 2656 αἰνίττεται
1836 2619 1850 2634 ·
1891 2603 1962 2655 δι’

373 2685 446 2758 ἦς
497 2689 549 2741 οἱ
599 2687 1034 2759 πεπλανημένοι,
1065 2689 1142 2752 ὡς
1191 2691 1251 2742 ὲν
1284 2690 1464 2760 ῥάϐδῳ
1525 2692 1964 2762 ποιμαινόμενοι,

375 2779 854 2851 συντριϐήσονται,
892 2779 996 2834 ὑπὸ
1039 2781 1148 2834 τῶν
1183 2782 1240 2834 ἐν
1274 2782 1458 2845 αὐτοῖς
1481 2781 1560 2852 τῷ
1592 2783 1814 2854 Χριστῷ
1873 2801 1965 2838 πι-

377 2873 725 2926 στευσάντων
752 2875 1064 2945 κρινόμενοι
1087 2891 1103 2906 ο
1135 2874 1321 2938 καθὼς
1350 2869 1507 2928 εἶπεν
1525 2879 1552 2930 ὁ
1583 2877 1808 2946 Κύριος
1838 2881 1965 2931 ’Λν-

377 2964 520 3034 δρες
545 2965 848 3019 Νινευΐται
877 2966 1352 3036 ἀναστήσονται,
1385 2967 1486 3021 καὶ
1535 2971 1968 3036 κατακρινοῦσι

381 3057 498 3125 τὴν
525 3059 740 3128 γενεὰν
759 3058 1002 3126 ταύτην.
1033 3060 1107 3113 Τὸ
1128 3059 1210 3125 δὲ,
1238 3059 1332 3124 Ὡς
1357 3061 1432 3116 κά
1445 3059 1534 3128 γὼ
1555 3062 1782 3130 εἴληφα
1809 3063 1970 3130 παρὰ

383 3151 491 3206 τοῦ
535 3152 766 3220 Πατρός
799 3170 942 3221 μου,
975 3153 1338 3224 ἀνθρώπινον,
1381 3155 1470 3209 διὰ
1499 3155 1604 3227 τὴν
1641 3157 1740 3227 τῆς
1763 3158 1970 3227 σαρκὸς

385 3241 716 3314 πρόσληψιν.

463 3513 566 3566 Καὶ
618 3509 793 3566 δώσω
830 3511 995 3578 αὐτῷ
1032 3507 1140 3568 τὸν
1177 3511 1406 3582 ἀστέρα
1436 3515 1544 3566 τὸν
1595 3517 1876 3582 πρωῖνόν.
1919 3515 1972 3572 Ὀ

387 3605 544 3672 ἔχων
583 3599 715 3670 οὖς,
746 3605 1068 3662 ἀκουσάτω
1117 3609 1174 3662 τι
1221 3606 1288 3662 τὸ
1335 3608 1580 3677 Πνεῦμα
1629 3608 1790 3677 λέγει
1844 3611 1972 3677 ταῖς

402 3697 810 3764 Ἑκκλησιάις.

475 3788 716 3857 Ἀστέρα
764 3789 824 3843 δὲ
867 3791 1220 3864 πρωτνόν,ἢ
1277 3793 1490 3846 ἐκεῖνόν
1535 3811 1668 3862 φησι
1725 3797 1860 3864 περὶ
1909 3789 1972 3847 οὗ

387 3877 462 3950 [ὁ]
511 3879 736 3944 Ἦσαϊας
755 3880 928 3950 ἔλεγε·
966 3881 1097 3949 Πῶς
1130 3883 1426 3948 ἐξέπεσεν
1454 3886 1525 3939 ἐκ
1564 3887 1670 3940 τοῦ
1713 3887 1976 3952 οὐρανοῦ

387 3973 424 4024 ό
450 3971 758 4042 ἑωσφόρος
797 3975 830 4027 ὁ
873 3973 1028 4041 πρωῒ
1073 3974 1546 4042 eradendus»:
1598 3977 1794 4032 δώσειν
1841 3995 1972 4033 συν-

388 4068 754 4138 τετριμμένον
788 4067 892 4122 ὁπὺ
915 4068 1044 4130 τοὺς
1073 4068 1242 4132 πόδας
1292 4069 1402 4122 τῶν
1433 4071 1646 4124 πιστῶν
1695 4071 1974 4140 ἐπήγγελ-

386 4171 482 4208 ται
513 4173 528 4185 ·
562 4155 597 4226 ἢ
643 4157 736 4209 τὸν
785 4156 892 4210 ὑπὸ
949 4155 1042 4210 τοῦ
1095 4157 1371 4230 μακαρίου
1447 4159 1658 4230 Πέτρου
1709 4158 1974 4228 λεχθέντα

386 4247 734 4318 φωσφόρον,
765 4251 824 4302 ὲν
865 4251 983 4314 ταῖς
1026 4249 1280 4320 καρδίαις
1309 4249 1419 4302 τῶν
1463 4251 1678 4304 πιστῶν
1741 4251 1976 4306 ἀνατέλ-

389 4341 572 4404 λοντα,
613 4340 706 4394 τὸν
749 4339 990 4412 Χριστοῦ
1049 4342 1330 4412 φωτισμὸν
1385 4343 1586 4414 δηλαδή
1615 4361 1628 4374 ·
1659 4345 1754 4396 καὶ
1788 4343 1818 4396 ὁ
1869 4343 1978 4398 Βα-

390 4435 620 4506 πτιοτὴς
651 4435 708 4488 δὲ
759 4435 1036 4504 Ἰωάννης,
1073 4435 1167 4488 καὶ
1199 4435 1226 4488 ὁ
1275 4435 1545 4504 Θεσόἱτης
1591 4436 1777 4499 Ἠλίας
1809 4451 1975 4505 φωσ-

391 4529 564 4594 φόροι
613 4527 1128 4598 προσηγόρευνται·
1182 4529 1210 4580 ὁ
1276 4527 1376 4596 μὲν
1429 4528 1539 4595 γὰρ
1604 4531 1704 4596 τῆς
1751 4528 1976 4598 πρώτης

392 4619 660 4686 ἀνατολῆς
723 4618 816 4672 τοῦ
876 4619 1062 4672 Ἡλίου
1116 4619 1214 4690 τῆς
1270 4619 1640 4690 δικαιοσύνης,
1701 4622 1728 4673 ὁ
1773 4621 1828 4673 δὲ
1875 4623 1975 4692 τῆς

393 4709 654 4780 δευτέρας
682 4711 887 4764 νοεῖται
930 4711 1261 4782 πρόδρομος.
1297 4711 1436 4766 Μεο’
1457 4705 1532 4764 ὧν
1559 4713 1704 4776 ἕξειν
1731 4713 1790 4766 τὸ
1813 4713 1981 4784 μέρος

394 4805 519 4865 τοὺς
548 4804 774 4870 νικητὰς
803 4803 898 4856 τοῦ
928 4803 1174 4856 διαϐόλου
1209 4803 1561 4874 πιστεύομεν.
1603 4804 1678 4857 Οὐ
1720 4804 1973 4874 θαυμαν-

399 4893 524 4946 στὸν
547 4893 603 4946 δὲ
645 4895 694 4946 εἰ
735 4895 829 4948 ἐπὶ
877 4895 988 4948 τῶν
1029 4895 1236 4966 σφόδρα
1280 4895 1676 4966 ἀντικειμένων
1731 4897 1981 4970 ἀλλήλοις

397 4986 662 5056 ἐλάϐομεν
709 4987 888 5042 τοῦτο.
921 4987 1152 5042 Λέοντα
1196 4987 1304 5058 γὰρ
1338 4989 1406 5054 ἐξ
1459 4989 1656 5044 Ἰούδα
1714 4991 1806 5044 τὸν
1849 4992 1984 5062 Χρι-

400 5075 546 5140 στὸν,
595 5078 688 5129 καὶ
717 5077 784 5129 ἐκ
816 5077 1026 5130 Bucar
1047 5077 1139 5130 τὸν
1176 5077 1550 5148 ’Λντίχριστον
1582 5079 1646 5132 ἐκ
1686 5079 1785 5148 τῆς
1831 5080 1982 5140 θείας

401 5167 622 5238 Γραφῆς
651 5168 1019 5238 μανθάνομεν,
1051 5169 1176 5222 καθ’
1201 5169 1388 5240 ἕτερον
1422 5171 1515 5223 καὶ
1546 5170 1734 5241 ἕτερον
1781 5189 1982 5241 σημαι-

401 5259 662 5328 νόμενον·
697 5261 898 5312 νοεῖται
947 5261 1004 5313 δὲ
1035 5262 1129 5315 καὶ
1176 5261 1210 5330 ἠ
1260 5259 1360 5330 τῆς
1421 5260 1722 5330 μελλούσης
1769 5263 1984 5334 ἡμέρας

399 5350 632 5420 ἀνατολὴ
670 5368 682 5380 ·
713 5347 821 5422 [ἐν]
903 5351 964 5405 τὸ
998 5351 1190 5414 σκότος
1223 5351 1318 5405 τοῦ
1347 5351 1620 5423 παρόντος
1668 5355 1786 5424 βίου
1821 5355 1988 5408 καλυ-

399 5441 702 5511 φθήσεται·
741 5445 836 5497 καὶ
866 5445 894 5496 ὁ
922 5443 1130 5514 ταύτην
1168 5443 1225 5497 δὲ
1278 5445 1769 5516 εὐαγγελιζόμενος
1819 5446 1988 5516 ἄγγε-

399 5534 508 5594 λος.
545 5535 989 5605 ιιροπορεύσεται
1035 5537 1145 5606 γὰρ
1175 5535 1314 5607 αὕτη
1357 5537 1452 5590 τοῦ
1488 5538 1588 5608 τῆς
1626 5537 1984 5610 δικαιοσύνης

1997 3233 2042 3296 C

2009 4584 2055 4642 ι)

2141 2325 2242 2392 Qui
2263 2341 2417 2378 suam
2453 2341 2634 2379 mnam
2665 2341 2936 2394 suumque
2963 2325 3225 2379 talentum
3259 2325 3395 2377 bene
3416 2322 3656 2376 colloca-

2073 2419 2230 2482 rerit,
2266 2427 2320 2472 et
2362 2433 2529 2487 opera
2579 2433 2698 2471 mea
2733 2417 2926 2472 fecerit
2981 2417 3079 2488 (ait
3107 2417 3160 2470 in
3203 2416 3502 2484 Evangelio
3553 2415 3656 2468 Do-

2074 2503 2302 2575 minus),
2366 2505 2511 2559 dabo
2547 2505 2622 2559 illi
2689 2515 3008 2576 potestalcm
3062 2523 3224 2576 supra
3275 2507 3517 2574 quinque
3567 2514 3660 2558 aut

2073 2597 2260 2653 decem
2287 2597 2560 2653 civitates.
2589 2601 2698 2652 Ant
2734 2615 2828 2668 per
2847 2609 3181 2668 potestatem,
3207 2601 3366 2669 cujus
3399 2600 3506 2654 hoc
3535 2599 3657 2652 loco

2076 2689 2134 2744 ﬁt
2186 2689 2413 2756 mentio,
2445 2689 2578 2744 illud
2611 2693 2882 2759 judicium
2931 2693 3265 2754 insinuatur,
3297 2708 3407 2760 quo
3449 2691 3658 2746 seducti

2075 2782 2160 2838 vel
2191 2783 2462 2838 increduli
2495 2784 2565 2838 ab
2613 2785 2680 2840 iis
2721 2784 3136 2850 iudicabuntur,
3189 2793 3246 2839 et
3297 2785 3460 2840 veluti
3507 2785 3660 2854 virga

2078 2874 2254 2930 ferrea
2295 2883 2672 2936 conterentur.
2705 2877 2798 2946 qui
2840 2892 2908 2932 ex
2949 2877 3206 2945 gentibus
3245 2885 3302 2932 et
3351 2877 3662 2932 inﬁdelibus

2077 2985 2172 3039 per
2225 2967 2388 3024 ﬁdem
2437 2979 2858 3039 promptamque
2917 2969 3283 3026 obedientiam
3335 2971 3556 3026 Christo
3601 2985 3664 3024 se

2079 3061 2470 3130 adiunxerunt.
2495 3058 2698 3116 Notum
2741 3071 2828 3116 est
2855 3062 3000 3116 enim
3037 3061 3170 3117 illud
3201 3061 3410 3116 Christi
3464 3061 3664 3116 Serva-

2079 3153 2218 3208 toris
2251 3171 2264 3207 :
2308 3151 2418 3208 Viri
2471 3151 2728 3207 Ninivita:
2761 3163 2976 3222 surgent
3009 3153 3062 3206 in
3099 3151 3313 3222 judicio
3365 3167 3482 3204 cum
3513 3168 3666 3221 gene—

2078 3247 2282 3300 ratione
2335 3247 2462 3311 ltac,
2509 3254 2558 3301 et
2587 3246 3016 3301 condemnabam
3062 3261 3180 3300 eam
3217 3245 3257 3300 ⁸.
3305 3244 3450 3299 Cum
3481 3253 3662 3298 autem

2079 3338 2286 3401 subdit,
2339 3337 2487 3393 Sicut
2511 3355 2607 3410 ego
2655 3355 2690 3392 a
2741 3337 2908 3392 Patre
2947 3337 3148 3405 accepi,
3185 3335 3664 3406 assumptus-carni

2080 3433 2446 3502 humanaeque
2477 3443 2691 3487 natura:
2719 3431 2992 3486 orationis
3021 3431 3170 3485 ﬁlum
3203 3437 3554 3499 attemperat.

2150 3525 2215 3590 11,
2245 3525 2338 3590 28,
2380 3525 2472 3581 29.
2514 3524 2586 3578 Et
2634 3525 2771 3578 dabo
2809 3524 2894 3578 illi
2931 3524 3144 3579 stellam
3179 3525 3524 3578 matutinum.
3557 3523 3664 3588 Qui

2080 3618 2234 3673 habet
2281 3635 2465 3674 aurem
2495 3657 2511 3684 ,
2542 3618 2730 3673 audiat
2771 3617 2899 3690 quid
2935 3615 3176 3688 Spiritus
3207 3618 3352 3672 dicat
3387 3615 3663 3674 Ecclesiis.

2153 3801 2263 3854 Aut
2312 3799 2524 3853 stellam
2555 3797 2877 3852 matutinum
2901 3809 3023 3852 eam
3057 3794 3164 3850 hoc
3218 3793 3342 3848 loco
3365 3799 3548 3856 vocat,
3601 3789 3668 3844 dc

2080 3907 2190 3962 qua
2245 3891 2416 3948 Isaias
2469 3891 2730 3946 dicebat:
2774 3887 3053 3955 Quomodo
3097 3885 3340 3944 cecidisti
3411 3883 3474 3938 de
3514 3884 3666 3946 εωιο,

2085 3981 2322 4052 Lucifer,
2346 3983 2440 4051 qui
2493 3981 2946 4036 mane'orsebaris
2978 3979 3040 4033 ’?
3087 3975 3402 4048 cuiusmodi
3451 3975 3664 4030 stellam

2085 4070 2356 4126 Dominus
2385 4071 2490 4125 sub
2517 4071 2860 4126 credentium
2891 4069 3124 4141 pedibus
3143 4083 3204 4123 se
3233 4063 3662 4139 proculcandam

2085 4163 2344 4218 daturum
2371 4162 2572 4218 alicubi
2615 4161 2888 4232 promittit
2919 4179 2934 4216 :
2964 4170 3060 4216 aut
3093 4163 3160 4214 de
3187 4173 3252 4214 ea
3275 4157 3432 4214 stella
3463 4165 3550 4212 est
3579 4155 3670 4208 hic

2086 4271 2290 4320 sermo,
2318 4269 2484 4324 quam
2517 4255 2804 4324 apostolus
2829 4253 3028 4308 Petrus
3057 4253 3110 4306 in
3144 4251 3386 4306 ﬁdelium
3405 4247 3668 4304 cordibus

2087 4345 2253 4400 veluti
2299 4343 2606 4413 Luciferum
2661 4343 2834 4406 nasci,
2863 4344 2920 4397 in
2963 4357 3062 4398 sua
3111 4339 3382 4396 canonica
3433 4336 3668 4402 scribit;

2086 4450 2210 4508 qua:
2268 4434 2456 4504 utique
2505 4434 2651 4490 aliud
2700 4434 2837 4488 nihil
2860 4441 2946 4488 est
2994 4449 3160 4503 quam
3195 4435 3288 4488 lux
3337 4429 3590 4501 quaedam
3637 4443 3668 4481 a

2087 4527 2308 4582 Christo
2329 4526 2384 4580 in
2415 4527 2755 4582 credentium
2783 4526 2944 4580 corda
2979 4526 3290 4580 dimanans.
3329 4523 3471 4590 Quin
3501 4521 3672 4578 Joan—

2085 4636 2184 4675 nes
2251 4620 2494 4690 Baptista
2554 4629 2609 4675 et
2677 4619 2824 4674 Elias
2895 4617 3186 4674 Thesbites
3261 4615 3498 4686 Luciferi
3577 4633 3674 4672 no-

2087 4715 2235 4770 mine
2263 4713 2643 4784 aquihusdam
2675 4727 2897 4784 quoque
2915 4712 3298 4782 appellantur:
3325 4726 3426 4766 nec
3449 4709 3673 4780 injuria.

2084 4805 2326 4864 Joannes
2371 4806 2519 4861 enim
2564 4806 2802 4876 priorem
2855 4803 3000 4860 Solis
3027 4803 3254 4873 justiti-te
3292 4812 3476 4858 ortum
3524 4809 3680 4856 ante-

2085 4901 2291 4967 cessit;
2319 4899 2463 4955 Elias
2489 4915 2622 4954 vero
2645 4898 3002 4970 posteriorem
3027 4897 3551 4968 ejusdemexortum
3575 4909 3676 4948 an-

2085 4992 2443 5062 tegredictur.
2475 4989 2614 5046 Cum
2640 4991 2840 5059 quibus
2857 5004 2954 5044 cos
2977 5003 3196 5058 quoque
3227 4997 3432 5056 partem
3461 4984 3678 5038 habitu-

2094 5099 2184 5138 ros
2219 5081 2479 5138 credibile
2537 5083 2613 5146 tit,
2647 5080 2739 5150 qui
2786 5087 3012 5135 strenue
3047 5076 3338 5150 pugnando
3395 5073 3676 5129 diabolum

2093 5174 2342 5229 vicerint.
2381 5173 2563 5244 Neque
2595 5173 2792 5226 mirum
2829 5169 3000 5226 videri
3038 5171 3199 5225 debet
3226 5171 3269 5225 si
3301 5167 3442 5222 idem
3477 5179 3676 5219 nomen

2089 5267 2158 5322 ad
2205 5283 2292 5323 res
2329 5267 2468 5321 inter
2522 5279 2582 5321 se
2635 5255 2928 5319 admodum
2990 5263 3236 5316 diversas
3279 5273 3676 5326 nonnunquam

2093 5355 2491 5424 transferatur;
2544 5371 2666 5410 cum
2719 5371 2782 5409 cx
2846 5353 3020 5408 sacris
3071 5351 3291 5405 Litteris
3335 5355 3676 5418 compertum

2091 5447 2412 5510 habeamus,
2442 5445 2722 5500 Christum
2775 5452 2831 5499 et
2869 5441 3272 5498 Antichristum
3317 5437 3422 5492 alia
3467 5447 3521 5492 et
3574 5435 3678 5490 alia

2091 5539 2304 5594 ratione
2331 5538 2472 5593 idem
2507 5553 2704 5593 nomen
2729 5535 2936 5593 sortiri.
2973 5533 3214 5603 Uterque
3257 5531 3402 5586 cnim
3441 5529 3680 5601 appella‘

411 5625 616 5692 Ἡλίου,
651 5627 1126 5698 ἐπιφανησομένου
1159 5631 1272 5690 τοῖς
1311 5629 1506 5696 ἁγίοις,
1544 5631 1639 5684 καὶ
1670 5631 1768 5701 τὴν
1817 5631 1969 5702 ἀχλὺι

2095 5639 2184 5687 tur
2212 5629 2354 5697 Leo;
2387 5631 2483 5686 sed
2509 5629 2624 5695 ille,
2661 5645 2724 5684 ex
2759 5627 2940 5694 Juda;
2981 5627 3090 5694 hic,
3129 5641 3196 5681 ea:
3241 5625 3440 5680 Busan.
3482 5623 3586 5678 Sed
3627 5629 3680 5676 ct

477 5806 498 5838 ⁶
528 5803 714 5859 Matth.
757 5823 856 5868 xu,
887 5809 974 5864 ll.
1055 5811 1072 5840 ⁷
1097 5807 1200 5865 lsa.
1235 5823 1344 5873 xw,
1379 5811 1464 5866 1‘2.
