4070 6418
413 367 519 432 243
1580 369 1908 430 ANDRE/E
1947 371 2023 428 Cri

2132 374 2470 434 tlilENSlS
3563 379 3701 444 244

413 485 532 540 dies
568 481 738 538 futuri
771 482 979 548 saeculi,
999 483 1051 537 in
1094 496 1204 550 quo
1253 482 1539 552 praesentis
1593 482 1718 536 vitae
1757 481 2023 541 tenebrae.

2132 485 2190 539 οὗ
2226 489 2494 559 παρόντος
2537 491 2656 561 βίου
2703 493 3154 558 διασκεδάσοντος
3185 510 3202 527 ·
3231 491 3294 550 οὒ
3318 497 3442 560 ταῖς
3492 497 3696 551 ἀκτῖσι

416 575 780 631 discutientur
821 576 1091 643 tinemque
1117 571 1340 636 l‘acient,
1372 583 1425 627 et
1466 573 1709 642 Angelus
1766 587 1991 627 rursum

2132 581 2195 632 ιαὶ
2222 581 2385 650 ἡμεῖς
2421 582 2885 656 ἐλλαμφθείημεν,
2918 588 3138 659 εὐδοκία
3184 589 3277 640 τοῦ
3313 589 3548 660 Πατρὸς,
3577 590 3700 642 σὺν

415 668 510 737 qui
546 667 696 721 illum
755 665 1186 720 annnntiaturus
1217 674 1326 730 est,
1358 663 1593 719 Orientis
1642 679 1864 734 quoque
1897 681 1996 719 vo-

2132 669 2177 740 ᾦ
2208 673 2458 744 παναγίῳ
2502 675 2778 746 Πνεύματι
2809 694 2825 709 ·
2861 671 2964 748 ᾧή
3000 680 3128 746 δόξα
3163 683 3242 744 εἰς
3276 682 3405 744 τοὺς
3447 682 3693 744 αἰῶνας.

417 759 612 813 cabula
661 758 856 814 alicubi
903 759 1272 827 designantur.
1308 755 1548 827 Uterque
1588 757 1734 812 enim
1767 757 1994 826 iustitia:
2098 759 2295 831 Ἀμήν.

420 854 624 918 Solem,
685 855 777 923 qui
810 853 1014 908 sanctis
1079 851 1380 921 apparebit,
1453 852 1849 922 praesentisque
1901 852 2024 908 vita:
2074 855 2470 912 obscuritatem
2526 859 2839 928 dissipabit,
2900 863 3204 916 antecedet.
3263 863 3434 930 Cujus
3515 861 3700 916 radiis

421 950 627 1002 utinam
679 962 782 1002 nos
817 962 1036 1016 quoque
1073 947 1338 1002 illustrari
1372 948 1670 1017 contingat,
1700 948 1993 1003 accedente
2027 949 2134 1006 huc
2165 952 2306 1007 bona
2358 953 2533 1010 Patris
2565 955 2876 1022 voluntate;
2930 957 3020 1011 cui
3086 973 3211 1012 cum
3255 957 3462 1027 Spiritu
3486 965 3703 1012 sancto

418 1039 488 1096 sit
511 1038 679 1107 gloria
709 1037 760 1090 in
795 1037 991 1091 smeula
1033 1035 1381 1092 saeculorum.
1416 1036 1611 1090 Amen.

809 1147 1042 1205 CAPUT
1075 1148 1184 1202 VII.
1220 1147 1452 1202 SERNIO
1487 1148 1575 1202 Ill.

2526 1159 2777 1213 ΚΕΦΑΛ.
2833 1162 2908 1215 Ζ’.
2940 1160 3161 1215 ΛΟΓΟΣ
3187 1161 3260 1214 Ρ.

421 1287 495 1340 De
540 1288 604 1339 iis
659 1302 775 1356 qua:
821 1285 1107 1340 Sardiam‘e
1152 1285 1402 1339 Ecclesia:
1458 1288 1644 1356 angelo
1698 1286 2002 1356 signi/irata

1115 1365 1265 1408 sunt.

2132 1286 2181 1338 ⁸ὰ
2213 1286 2559 1353 δηλωθέντα
2584 1285 2665 1355 τῷ
2690 1289 3082 1408 ἀζγλιέέέἒαῖἦς
3119 1291 3190 1344 ἐν
3216 1290 3518 1359 Σάρδεσιν
3553 1293 3700 1348 Ἔκ-

1115 1365 1265 1410 sunt.

2739 1362 3027 1427 πλησίας.

491 1495 581 1559 Ill,
617 1498 668 1551 1.
703 1493 770 1548 Et
829 1495 1015 1564 angelo
1045 1492 1319 1548 'Ecclesia:
1371 1492 1559 1547 Sardis
1617 1492 1784 1547 scribe
1815 1510 1833 1547 :
1873 1492 2000 1547 "me

2169 1493 2279 1546 Kal
2318 1493 2396 1560 τῷ
2428 1495 2666 1564 ἀγγέλῳ
2711 1496 2822 1565 τῆς
2858 1496 2927 1549 ἐν
2969 1496 3265 1564 Σάρδεσιν
3316 1496 3694 1566 Ἐκκλησίας

420 1589 546 1642 (Νι-ξι
578 1588 670 1658 qui
719 1587 872 1641 habet
903 1595 1097 1655 septem
1136 1587 1354 1655 spiritus
1384 1585 1479 1639 Dei
1503 1597 1551 1640 et
1575 1595 1768 1654 septem
1785 1585 1966 1640 stellas
1985 1600 2004 1638 .'

2132 1583 2343 1653 Ῥάψον
2385 1603 2400 1618 ⁸
2453 1585 2598 1641 Τάδε
2642 1587 2806 1658 λέγει
2853 1590 2887 1642 ό
2954 1588 3112 1658 ἔχων
3173 1589 3248 1643 τὰ
3300 1589 3453 1642 ἑπτὰ
3501 1592 3696 1644 uret»

423 1676 545 1732 Scio
591 1691 749 1744 opera
784 1685 900 1742 tua,
934 1676 1059 1744 quia
1110 1691 1296 1729 nomen
1340 1673 1497 1727 habes
1545 1675 1684 1742 quod
1739 1676 1900 1734 vivas,
1955 1682 2004 1727 et

2132 1692 2260 1730 tata
2290 1677 2398 1732 τοῦ
2423 1679 2591 1745 Θεοῦ,
2618 1679 2716 1734 καὶ
2741 1680 2880 1746 τοὺς
2906 1679 3057 1735 ἑπτὰ
3081 1681 3367 1750 ἀστέρας·
3399 1677 3543 1736 Οἶδά
3567 1696 3700 1735 σου

424 1777 669 1821 υιοηιιιιε
702 1782 777 1819 88.

2132 1766 2178 1821 ’ὰ
2203 1768 2347 1837 ἔργα
2394 1769 2482 1823 ὅτι
2525 1770 2714 1839 ὄνομα
2749 1771 2911 1839 ἔχεις
2934 1771 3024 1825 ὅτι
3065 1770 3189 1839 ζῇς,
3223 1773 3324 1826 καὶ
3367 1774 3584 1843 νεκρὸς
3609 1769 3695 1828 εἴ.

494 1856 599 1911 Per
621 1867 817 1925 septem
861 1855 1045 1909 stellas
1092 1865 1298 1926 septem
1335 1856 1556 1925 angelos
1583 1855 1844 1924 :dcnotari
1880 1855 1992 1922 jam

2184 1859 2366 1913 Ἑπτὰ
2403 1861 2688 1930 ἀστέρας,
2729 1862 2911 1928 θείους
2969 1865 3242 1932 ἀγγέλους
3298 1864 3621 1936 προιφημεν
3675 1878 3696 1894 ⁶

425 1958 552 2006 ante
584 1948 881 2002 indicatum
917 1955 1021 2001 est.
1060 1948 1162 2002 Per
1190 1957 1384 2015 septem
1419 1954 1600 2000 autem
1657 1947 1881 2016 spiritus
1923 1947 2004 2001 vel

2132 1953 2204 2006 ια).
2225 1953 2376 2008 ἑπτὰ
2407 1955 2736 2025 πνεύματα,
2768 1957 2803 2028 ἦ
2833 1957 3061 2020 τούτους
3091 1958 3308 2022 αὐτοὺς,
3343 1957 3377 2028 ἢ
3411 1959 3508 2020 τὰς
3538 1959 3702 2028 ινερ-

426 2041 505 2097 illi
539 2039 676 2110 ipsi,
711 2047 804 2092 aut
828 2045 1038 2107 septem
1082 2047 1230 2092 certe
1266 2037 1466 2091 viviﬁci
1500 2036 1740 2106 Spiritus
1769 2037 1914 2091 vires
1953 2046 2010 2090 et

2132 2044 2263 2111 tela;
2293 2044 2390 2098 τοῦ
2407 2045 2670 2110 ζωοποιοῦ
2694 2046 3012 2118 Πνεῦματος
3037 2063 3052 2075 ·
3077 2048 3222 2118 άπερ
3243 2048 3528 2119 ἀμφότερα
3542 2049 3602 2100 ιν
3623 2049 3698 2118 τῇ

424 2131 661 2202 energiaa
689 2130 1016 2184 innuuntur.
1050 2127 1292 2198 Utraque
1322 2129 1469 2184 enim
1493 2129 1547 2184 in
1593 2129 1797 2186 Christi
1841 2143 2006 2182 manu

2132 2137 2258 2208 ιειρὶ
2287 2136 2384 2190 τοῦ
2407 2137 2647 2208 Χριστοῦ
2692 2140 2820 2194 εἰσι.
2845 2139 2969 2192 Τῶν
3015 2138 3114 2210 μὲν
3138 2139 3247 2211 γὰρ
3281 2137 3357 2202 ὡς
3411 2139 3702 2210 Δεσπότης

425 2235 476 2278 et
506 2231 774 2293 potestate
807 2229 953 2276 sunt.
983 2219 1117 2274 Nam
1149 2229 1203 2274 et
1251 2221 1461 2292 angelis
1497 2232 1757 2291 tanquam
1791 2220 2009 2274 univer-

2132 2233 2308 2299 ιρατεῑ
2340 2246 2354 2261 ·
2391 2229 2484 2282 τοῦ
2523 2229 2578 2283 δὲ
2612 2230 2928 2302 Πνεῦματός
2958 2233 3078 2285 ἐστι
3102 2232 3357 2303 χορηγὸς,
3389 2231 3468 2294 ὡς
3491 2231 3701 2300 ὀμοούο

425 2332 612 2372 eorum
677 2313 941 2370 Dominus
991 2314 1258 2384 imperat,
1301 2323 1355 2368 et
1410 2313 1677 2384 Spiritum
1733 2322 2010 2372 sanctum,

427 2420 688 2479 tanquam
726 2407 917 2462 eadem
972 2421 1096 2461 cum
1147 2406 1242 2460 illo
1281 2406 1520 2460 essentia
1577 2405 1861 2474 praeditus,
1898 2404 2009 2457 lar-

2123 2338 2258 2384 σιος.
2299 2321 2656 2392 Ἐπιπλήττει
2681 2321 2739 2375 δὲ
2767 2325 2832 2394 τῇ
2866 2323 3185 2396 Ἐκκλησία,
3209 2323 3286 2388 ὡς
3330 2322 3490 2392 ψιλὸν
3519 2323 3702 2391 ὄνομα.

2117 2411 2343 2484 [ζώσης]
2367 2414 2566 2485 ἐχούσῃ
2617 2413 2875 2480 πίστεως,
2905 2415 3292 2487 νενεκρωμένῃ
3317 2415 3376 2469 δὲ
3415 2412 3601 2488 [οὔσῃ]
3631 2413 3696 2480 ἐξ

428 2500 596 2572 gitur.
631 2496 885 2568 Increpat
916 2505 1103 2552 autem
1153 2495 1480 2550 Sardianam
1511 2496 1832 2559 Ecelesiam,
1865 2494 2014 2565 quod

2132 2503 2339 2573 ὶγαθῶν
2365 2507 2640 2576 πράξεων.

432 2592 636 2646 nudum
666 2599 874 2645 tantum
917 2587 1023 2661 ιι
1039 2589 1174 2644 viva:
1195 2587 1316 2643 lidei
1341 2603 1539 2643 nomen
1563 2587 1843 2654 teneat,ad
1875 2589 2015 2642 bona

429 2697 560 2738 vero
597 2698 761 2753 opera
797 2681 942 2753 quod
965 2689 1198 2751 spectat,
1229 2681 1520 2736 demortua
1547 2680 1748 2750 jaceat.

502 2795 591 2861 Ill,
621 2797 679 2863 2,
709 2798 762 2852 5.
821 2795 952 2850 Esto
991 2796 1237 2866 vigilans,
1273 2806 1321 2850 et
1362 2795 1621 2865 conﬁrma
1671 2797 2020 2865 stetere}un

2192 2790 2382 2843 Γίνου
2421 2789 2764 2860 γρηγορῶν·
2818 2791 2917 2846 καί
2956 2791 3250 2861 στήριεωκ·
3303 2791 3377 2847 τὰ
3431 2792 3614 2848 λοιπὰ
3659 2791 3702 2847 d

433 2891 696 2943 moritura
739 2898 911 2943 erant.
941 2886 1065 2942 Non
1114 2889 1252 2942 enim
1293 2888 1467 2942 inveni
1522 2903 1681 2957 opera
1729 2899 1821 2941 tua
1864 2889 2018 2956 plena

2132 2883 2383 2952 ἔμελλον
2419 2883 2764 2938 ἀποθανεῖν.
2807 2885 2890 2937 Οὐ
2926 2884 3036 2954 γὰρ
3067 2883 3292 2952 εὕρηκά
3309 2898 3427 2938 σου
3457 2885 3527 2937 τὰ
3555 2884 3704 2952 ἔργα

433 2998 610 3034 eorum
634 2980 757 3034 Deo.
797 2979 863 3032 In
893 2990 1062 3034 mente
1093 2996 1217 3049 ergo
1251 2979 1380 3033 habe
1416 2979 1649 3050 qualiter
1684 2982 1948 3049 acceperis
1972 2990 2019 3035 et

2132 2971 2556 3041 πεπληρωμένα
2584 2971 2842 3027 ἐνώπιον
2879 2971 2986 3027 τοῦ
3034 2975 3183 3027 Θεοῦ
3213 2971 3396 3046 [pou].
3455 2974 3703 3042 Μνημό-

435 3069 704 3132 audieris;
740 3081 786 3122 et
823 3085 994 3133 serva,
1028 3077 1077 3123 et
1097 3069 1463 3137 penitentiam
1485 3085 1600 3138 age.

2132 3081 2265 3119 νευε
2291 3060 2552 3131 οὖνπῶς
2582 3066 2842 3134 εἴληφας
2899 3065 2998 3120 καί
3037 3065 3332 3135 ἤκουσας,
3370 3067 3470 3120 καὶ
3513 3065 3695 3136 τήρει,

2075 3199 2088 3219 ,
2125 3156 2224 3212 καί
2241 3157 2642 3226 μετανόησον.

511 3245 764 3314 lgnaviae,
824 3246 1002 3314 inquit
1033 3283 1048 3307 ,
1101 3245 1437 3315 desidiaeque
1479 3259 1734 3300 somnum
1791 3253 2018 3310 excute;

437 3349 640 3407 tuaque
667 3338 932 3400 membra,
955 3352 1078 3406 qua:
1108 3345 1333 3407 propter
1366 3335 1746 3391 inﬁdelitatem
1780 3336 1847 3391 ad
1877 3351 2022 3389 mor-

437 3442 546 3486 tem
596 3440 744 3486 recta
789 3429 1038 3494 tendunt,
1073 3429 1338 3484 conﬁrma
1383 3444 1608 3500 :neque
1655 3429 1800 3483 enim
1850 3429 2013 3483 bono-

437 3539 561 3579 rum
615 3537 840 3592 opcrum
898 3521 1190 3576 exordium
1244 3531 1481 3577 coronat
1531 3521 1870 3590 operarium,
1927 3517 2020 3574 sed

438 3614 721 3686 perfectio.
757 3614 1026 3669 Memento
1077 3613 1305 3684 proinde
1357 3611 1690 3676 traditionis,
1741 3626 1904 3680 quam
1955 3609 2024 3662 ab

440 3703 706 3772 apostolis
757 3703 1015 3770 accepisti
1057 3711 1112 3755 et
1154 3701 1430 3764 audivisti,
1461 3711 1512 3756 et
1563 3717 1718 3756 serva
1746 3700 2024 3764 eam;de-

441 3809 549 3864 que
580 3795 794 3865 ignavia
819 3802 909 3848 tua
935 3793 1081 3848 serio
1113 3793 1396 3863 resipisce,
1418 3802 1470 3847 et
1495 3791 1873 3862 paenitentiam
1901 3806 2020 3860 age.

515 3979 604 4044 Ill,
626 3979 679 4033 ὅ.
717 3978 775 4033 Si
813 3994 937 4048 ergo
979 3995 1083 4032 non
1116 3978 1437 4048 vigilaveris,
1466 3978 1672 4032 veniant
1707 3976 1776 4029 art
1828 3985 1876 4030 te
1906 3986 2022 4029 tan—

442 4091 602 4146 quam
640 4075 749 4144 fur,
786 4083 836 4128 et
878 4075 1071 4128 nescies
1091 4091 1194 4144 qua
1217 4074 1346 4127 liora
1365 4073 1565 4127 veniam
1592 4075 1658 4124 ad
1679 4083 1745 4124 te.

516 4190 710 4248 Merito
744 4191 876 4245 illud
910 4206 922 4241 :
958 4206 1083 4244 nam
1108 4203 1168 4244 ut
1197 4189 1509 4245 communis
1532 4187 1818 4259 praesentis
1840 4185 2024 4241 seleuli

443 4284 850 4341 consummatio
890 4284 1147 4337 omnibus
1175 4294 1258 4338 est
1292 4281 1596 4351 incognita,
1635 4281 1707 4334 ita
1755 4280 2023 4333 uniuscu-

439 4377 642 4448 jusque
697 4391 845 4431 mors
900 4391 1122 4446 quoque
1175 4385 1260 4431 est
1320 4376 1552 4429 incerta.
1613 4372 1880 4428 Cancrum
1931 4370 2026 4441 qui

2182 3249 2376 3304 Γενοῦ
2405 3249 2726 3321 γρηγορῶν.
2737 3251 2912 3305 -Τδν
2933 3251 3120 3316 ὕπνον,
3141 3251 3295 3322 φησι,
3313 3251 3412 3322 τῆς
3430 3249 3704 3322 ῥᾳθυμίας

2132 3343 2477 3411 άποτίναξαι,
2513 3345 2608 3397 καὶ
2649 3343 2717 3397 τὰ
2759 3345 2898 3414 μέλη
2941 3362 3034 3398 σου
3083 3346 3153 3398 τὰ
3207 3343 3578 3415 ἀποθνήσκειν
3613 3360 3704 3396 τε-

2125 3435 2288 3500 λείως
2338 3435 2406 3489 δι’
2463 3434 2722 3498 ἀπιστίας
2765 3434 3052 3500 μέλλοντα,
3079 3435 3337 3505 στήριξον
3371 3449 3385 3464 ο
3415 3435 3477 3487 οὐ
3517 3433 3626 3502 γάρ
3670 3435 3704 3502 ἠ

2124 3525 2270 3595 ἁρχὴ
2291 3525 2399 3577 τῶν
2434 3523 2846 3595 ἀγαθῶνεργων
2868 3526 3125 3593 στεφανοῖ
3151 3525 3244 3577 τὸν
3275 3524 3534 3594 ἐργάτην,
3569 3522 3706 3577 ἀλλὰ

2124 3617 2186 3669 τὸ
2235 3616 2530 3688 πλήρωμα.
2577 3613 2931 3687 [Μνημὸνευε
2987 3615 3122 3684 γοῦν
3158 3615 3276 3680 πῶς
3332 3613 3562 3683 εἴληφας
3611 3614 3706 3668 καὶ

2127 3707 2367 3776 ἤκουσας
2395 3705 2435 3777 °]
2459 3709 2553 3759 καὶ
2583 3706 2682 3777 τὴν
2707 3707 3010 3776 παράδοσιν
3037 3708 3105 3778 ἢν
3154 3709 3219 3761 ὲκ
3245 3707 3355 3760 τῶν
3391 3705 3706 3761 ἀποστόλων

2127 3793 2456 3864 παρέλαϐες,
2492 3795 2752 3865 τήρησον,
2791 3795 2887 3849 καὶ
2918 3795 3012 3850 ἐπὶ
3041 3799 3107 3867 τῇ
3141 3795 3384 3868 ῥᾳθυμίᾳ
3414 3811 3510 3848 σου
3542 3809 3708 3864 μετα·

2129 3886 2342 3958 νόησον.

2213 3977 2350 4031 ἐὰν
2394 3973 2512 4033 οὖν
2555 3977 2641 4048 μὴ
2675 3977 3080 4048 γρηγορήσῃς.
3112 3977 3239 4046 ἥξω
3289 3978 3370 4044 ὡς
3397 3976 3704 4047 κλέπτης·

2131 4071 2228 4124 καὶ
2252 4071 2325 4124 οὐ
2345 4069 2431 4139 μὴ
2453 4070 2612 4139 γνῷς
2638 4070 2820 4127 ποίαν
2847 4069 3007 4139 ὥραν
3041 4070 3166 4138 ἥξω
3197 4071 3295 4123 ἐπὶ
3323 4070 3419 4124 σέ.

2206 4183 2370 4247 ἽῙξω
2391 4183 2473 4250 ὡς
2491 4184 2778 4252 κλέπτης,
2805 4215 2875 4227 ο·-
2902 4184 3142 4248 Είκότως
3167 4201 3180 4214 ·
3202 4185 3230 4237 ὅ
3253 4200 3310 4236 τε
3339 4183 3448 4253 γὰρ
3476 4182 3709 4236 ἑκάστου

2134 4277 2364 4342 θάνατος
2414 4278 2510 4332 καὶ
2555 4280 2589 4350 ἡ
2645 4279 2803 4350 κοινὴ
2849 4279 3160 4344 συντέλεια,
3199 4279 3366 4332 πᾶσιν
3410 4279 3708 4347 ἄγνωστος.

2134 4372 2260 4435 Τοῖς
2332 4373 2430 4444 μὲν
2485 4373 3052 4444 παρεσκευασμένοις,
3113 4373 3294 4424 πόνων
3355 4371 3706 4433 ἀνάπαυσις⁶

443 4468 695 4539 corporis
751 4477 985 4522 mortem
1041 4467 1282 4528 adducit,
1310 4467 1377 4518 iis
1431 4463 1652 4535 quidem
1701 4463 1794 4533 qui
1851 4460 2023 4532 parati

2133 4471 2244 4527 τοῖς
2271 4465 2330 4518 δὲ
2381 4466 2898 4536 ἀπαρασκευάστοις
2929 4465 3191 4534 κλέπτης,
3221 4462 3450 4534 ψυχικὸν
3486 4463 3712 4532 ἐπάγων

444 4569 596 4624 sunt,
623 4561 823 4628 quietis
857 4575 886 4614 a
935 4557 1218 4613 laboribus
1249 4566 1443 4611 auctor
1478 4567 1593 4620 est;
1628 4556 1696 4609 iis
1746 4569 1876 4608 vero
1932 4555 2025 4624 qui
2065 4531 2106 4584 θ
2137 4555 2389 4612 θάνατον.

449 4668 608 4709 secus
637 4651 936 4720 comparati
963 4659 1113 4714 sunt,
1143 4649 1229 4702 fur
1259 4657 1362 4702 est.

518 4742 606 4809 Ill,
636 4743 690 4799 4.
740 4741 844 4797 Sed
883 4741 1041 4796 habes
1101 4757 1272 4810 pauca
1314 4739 1528 4792 nomina
1579 4739 1632 4790 in
1702 4736 1909 4798 Sardis,
1940 4737 2029 4806 qui

451 4851 556 4890 non
605 4835 1012 4904 inquinaverunt
1077 4833 1384 4886 vestimenta
1411 4845 1544 4892 sua;
1593 4840 1642 4883 et
1683 4828 2029 4882 ambulabunt

449 4941 651 4983 mecum
683 4927 738 4979 in
763 4925 917 4991 albis,
949 4926 1073 4996 quia
1111 4924 1256 4994 digni
1295 4932 1443 4978 sunt.

520 5039 660 5108 Hoc,
714 5039 918 5109 inquit,
965 5039 1169 5094 bonum
1216 5038 1406 5106 adepta
1443 5053 1524 5098 es,
1560 5036 1708 5107 quod
1761 5035 2028 5106 quosdam

449 5131 593 5204 apud
624 5141 676 5188 te
703 5130 873 5186 habes
904 5130 994 5198 qui
1020 5130 1256 5184 sordidis
1292 5129 1630 5200 impuris-que
1664 5127 1880 5181 actibus
1910 5141 2031 5181 ear-

452 5227 538 5283 nis
593 5240 705 5282 suae
753 5225 1071 5279 vestimenta
1143 5237 1252 5276 non
1332 5221 1875 5283 conlaminaverunt;
1937 5218 2030 5289 qui

447 5317 676 5390 proinde
711 5315 764 5372 in
815 5315 1247 5387 regenerationis
1277 5314 1624 5369 solemnitate
1651 5312 1900 5367 candidis
1925 5326 2031 5366 una

450 5429 665 5469 meeum
709 5411 1043 5476 induuntur;
1085 5418 1145 5463 ut
1195 5409 1288 5478 qui
1353 5406 1777 5463 immortalitatis
1839 5407 2031 5462 stolam

449 5503 790 5575 impollutam
819 5501 1286 5558 conservaverint.

522 5614 611 5683 111,
649 5616 701 5675 5.
743 5615 794 5668 6.
839 5613 944 5679 Qui
1000 5615 1217 5682 uicerit,
1271 5614 1354 5668 hic
1416 5615 1664 5669 vestietur
1710 5613 2030 5667 vestimentis

453 5707 625 5770 albis;
665 5715 715 5759 et
770 5723 871 5759 non
918 5708 1101 5762 delebo
1148 5723 1333 5760 nomen
1377 5707 1490 5773 eius
1523 5707 1587 5760 de
1631 5705 1763 5758 libro
1791 5706 1906 5758 vitae
1939 5714 2027 5766 ;et

455 5797 742 5868 conﬁtebor
770 5814 954 5852 nomen
1003 5799 1116 5868 ejus
1160 5817 1338 5855 coram
1397 5794 1559 5854 Patre
1590 5815 1722 5864 nico,
1759 5809 1806 5853 et
1849 5813 2030 5852 coram

2220 4735 2384 4789 Ἀλλ’
2415 4734 2589 4804 ὀλίγα
2615 4733 2779 4803 ἔχεις
2813 4733 3076 4801 ὀνόματα
3102 4733 3171 4786 ἐν
3204 4731 3498 4800 Σάρδεσιν
3512 4732 3570 4786 οἳ
3596 4733 3712 4787 οὐκ

2134 4827 2444 4898 ἐμόλυναν
2475 4825 2547 4879 τὰ
2587 4824 2786 4894 ἱμάτια
2808 4823 3007 4878 αὐτῶν
3046 4841 3059 4855 ’
3096 4824 3193 4878 καί
3221 4823 3714 4891 περιπατήσουσι

2131 4924 2259 4992 μετ’
2283 4919 2430 4992 ἐμοῦ
2456 4921 2527 4975 ἐν
2555 4918 2817 4985 λευκοῖς,
2840 4918 2926 4972 ὅτι
2954 4916 3115 4983 ἄξιοί
3133 4919 3312 4972 είσιν.

2214 5033 2393 5106 [Ἀλλ’
2425 5033 2622 5102 ὀλίγοι
2671 5031 2830 5086 εἰσιν
2854 5031 2912 5085 οἳ
2940 5032 3051 5084 οὐκ
3084 5031 3393 5100 ἐμόλυναν
3423 5031 3493 5085 τὰ
3515 5029 3714 5098 ἱμάτια

2137 5125 2383 5198 obstina]
2403 5123 2678 5186 -Τοῦτο,
2704 5123 2856 5194 φησὶ,
2882 5122 3046 5177 καλὸν
3069 5124 3355 5194 κέκτησαι’
3379 5123 3522 5192 ἔχεις
3563 5120 3716 5184 τινὰς

2139 5220 2263 5282 τοὺς
2293 5219 2355 5271 τὸ
2403 5217 2618 5288 ἱμάτιον
2666 5218 2764 5286 τῆς
2812 5215 2992 5287 ψυχῆς
3043 5217 3318 5286 ῥυπαραῖς
3372 5212 3604 5285 πράξεσι
3641 5212 3717 5284 μὴ

2143 5315 2462 5385 μιάναντας·
2488 5309 2537 5363 οἳ
2571 5307 2689 5379 μετ’
2714 5307 2849 5378 ἐμοῦ
2877 5309 2934 5360 ὲν
2958 5309 3022 5379 τῇ
3049 5305 3444 5377 παλιγγενεσία
3471 5304 3718 5376 λαμπρο·

2140 5407 2494 5477 φορήσουσιν,
2523 5402 2599 5466 ὡς
2631 5400 2974 5472 τηρήσαντες
3000 5399 3227 5454 ἄσπιλον
3253 5398 3313 5451 τὸ
3347 5399 3445 5468 τῆς
3503 5397 3719 5468 ἀφθαρ-

2141 5496 2262 5559 σίας
2285 5493 2509 5564 ἔνδυμα.

2223 5611 2287 5664 '0
2324 5607 2527 5668 νικῶν,
2561 5600 2740 5671 οὗτος
2763 5600 3161 5672 περιϐαλεῖται
3191 5600 3262 5654 ἐν
3306 5598 3557 5669 ἱματίοις
3583 5600 3722 5652 λευ-

2141 5701 2288 5768 κοῖς.
2333 5699 2428 5753 καὶ
2478 5699 2548 5752 οὑ
2582 5696 2668 5764 μὴ
2711 5695 3014 5764 ἐξαλείψω
3047 5693 3112 5747 τὸ
3181 5692 3370 5761 ὄνομα
3415 5689 3601 5747 αὐτοῦ
3651 5689 3722 5742 ἐκ

2144 5793 2496 5863 τῆςβίὸλου
2531 5788 2640 5858 τῆς
2673 5786 2843 5856 ζωῆς,
2895 5785 2991 5840 καί
3021 5783 3380 5855 ὁμολογήσω
3420 5781 3486 5837 τὸ
3536 5780 3728 5849 ὄνομα
