4070 6442
291 406 411 468 ΞΣ5

1262 393 1867 458 COMMENTARIUS
1911 391 1986 450 ΙΝ
2030 389 2555 451 APOCALYPSIN.

3431 383 3534 443 2N3

292 513 491 569 αὐτοῦ
520 511 774 567 ἐνώπιον
795 505 900 562 τοῦ
931 505 1161 574 Πατρός
1181 519 1321 573 μου,
1347 503 1444 557 καί
1466 500 1724 556 ἐνώπιον
1756 499 1873 552 τῶν

2000 497 2172 565 mgelis
2207 497 2342 564 ejus.
2383 496 2488 562 Qui
2516 497 2668 551 habet
2706 509 2912 562 aurem,
2937 495 3124 548 audiat
3150 492 3276 566 quid
3311 493 3544 560 Spiritus

291 604 574 675 ἀγγέλων
612 598 820 655 αὑτοῦ.
865 596 931 649 '0
979 595 1137 661 ἔχων
1176 588 1309 659 οὖς,
1343 590 1662 646 ἀκουσάτω
1688 590 1745 643 τι
1808 590 1874 642 τὸ

294 696 548 762 Πνεῦμα
576 692 738 761 λέγει
777 689 906 754 ταῖς
968 686 1380 753 Ἐκκλησίαις.
1401 694 1413 705 °

387 785 446 840 '0
464 785 524 838 δὲ
542 786 644 856 τὴν
664 780 1079 853 προλεχθεῖσιν,
1102 778 1259 849 φησι,
1277 777 1433 847 νίκην
1450 775 1617 830 νικῶν
1633 776 1744 837 τοῖς
1769 774 1877 826 τῶν

295 877 520 930 οίκεέων
555 875 764 944 ἀρετῶν
801 872 1038 943 ἱματίοις
1075 869 1280 939 λάμψει
1307 869 1384 930 ὡς
1413 867 1443 918 ὀ
1472 867 1623 937 ἥλιος
1646 881 1660 896 ο
1690 867 1786 918 καὶ
1815 864 1878 916 τὺ

297 967 476 1036 ενομα
505 966 670 1020 αὑτοῦ
704 967 762 1018 ὲν
804 967 870 1035 τῇ
914 963 1024 1016 τῶν
1062 960 1281 1025 ζώντων
1309 958 1476 1028 βίϐλῳ
1521 957 1676 1010 ἔσται
1721 954 1877 1019 ἀνεξ-

299 1059 582 1114 ἀλειπτον.
625 1053 1119 1127 Ὀμολογηθήσεται
1145 1051 1202 1104 δὲ
1250 1049 1402 1122 [παρ’
1446 1047 1607 1118 ἐμοῦί
1660 1047 1755 1100 ἐπὶ
1780 1047 1878 1100 τοῦ

307 1149 529 1218 Πατρός
555 1165 662 1218 μου
709 1147 803 1200 καὶ
838 1144 949 1197 τῶν
995 1141 1303 1212 ἀγγελικῶν
1355 1139 1662 1210 δυνάμεων,
1691 1137 1882 1206 ὥσπερ

303 1240 403 1293 καὶ
433 1241 484 1292 οί
530 1237 835 1292 καλλίνικοι
888 1232 1167 1305 μάρτυρες
1201 1247 1215 1262 ⁸
1257 1229 1438 1293 καθώς
1485 1247 1651 1298 φησιν
1712 1232 1771 1282 ὲν
1803 1227 1882 1298 τῷ

304 1330 627 1399 Εὑαγγελίῳ
658 1327 868 1398 λάμψαι
901 1325 1026 1389 τοὺς
1059 1324 1303 1387 δικαίους
1331 1321 1406 1385 ὼς
1431 1321 1524 1376 τδν
1552 1320 1724 1391 ἥλιον.

912 1544 1160 1598 ΚΕΦΑΛ.
1200 1542 1278 1596 Il'.

311 1662 394 1718 Τὰ
428 1662 772 1730 δη.ίωθένιά
825 1657 1204 1778 τῷςὲγγῗλῳι
1227 1654 1334 1720 τῆς
1397 1654 1466 1706 ἐν
1515 1651 1887 1719 Φιλαδειμίφίῃ

945 1746 956 1762 ι
975 1743 1178 1778 nus-no
1209 1743 1301 1778 ac.

945 1743 1301 1794 ςκκνιησιας.

1976 590 2120 642 dicat
2144 588 2415 644 Ecclesiis.

2049 760 2389 832 Qui,inquit,
2428 762 2730 829 victoriam,
2759 761 2828 815 de
2869 775 2976 831 qua
3024 767 3148 815 ante
3179 758 3386 813 dictum
3441 763 3548 818 est,

1979 868 2101 907 cum
2130 853 2381 922 gloriosis
2423 855 2752 924 martyribus
2771 851 3087 914 obtinuerit,
3128 850 3389 904 virtutum
3419 863 3552 901 sua-

1984 959 2103 998 rum
2137 945 2275 1000 stola
2309 954 2538 1001 ornatus
2571 945 2875 1014 splendebit
2907 945 3051 999 velut
3081 942 3198 1007 sol;
3235 953 3548 1006 nomenque

1981 1035 2128 1090 illius
2159 1037 2211 1088 iu
2244 1036 2385 1092 libro
2415 1037 2710 1092 viventium
2732 1036 2972 1091 manebit
2997 1033 3314 1097 indelebile;
3350 1031 3553 1099 quippe

1981 1125 2075 1193 qui
2092 1125 2266 1194 palam
2293 1143 2476 1182 coram
2501 1129 2660 1183 Patre
2691 1143 2812 1182 meo
2843 1127 3214 1197 augelieisque
3259 1123 3552 1178 virtutibus

1985 1216 2117 1270 illud
2143 1217 2494 1284 professurus
2542 1219 2668 1274 sim.
2697 1217 2841 1283 Quin
2895 1217 2950 1271 in
2995 1215 3288 1284 Evangelio
3335 1227 3554 1281 quoqu

1985 1305 2179 1374 legitur
2231 1306 2408 1376 justos
2455 1309 2626 1363 instar
2653 1309 2785 1363 solis
2841 1306 3150 1376 splendoris
3192 1303 3372 1357 radios
3419 1301 3550 1355 olim

1986 1394 2230 1451 l'usuros.

2562 1531 2787 1589 CAPUT
2814 1532 2950 1586 Vlll.

1988 1650 2296 1720 Cujusmodi
2328 1646 2625 1718 signiﬁcata
2649 1716 2658 1720 Α
2683 1645 2875 1720 fuerint
2911 1641 3096 1713 angelo
3146 1605 3391 1693 Ecclesia:
3427 1635 3558 1689 Phi-

2641 1714 2939 1783 ladelphiw.

381 1865 494 1927 Kal
555 1864 632 1928 τῷ
667 1865 898 1933 emero
938 1860 1045 1928 τῆς
1085 1859 1155 1912 ἐν
1204 1859 1574 1927 Φιλαδελφίᾳ
1637 1859 1886 1920 Ἐκκλη-

2064 1856 2152 1917 lll,
2181 1856 2232 1907 '7.
2268 1853 2334 1908 Et
2366 1851 2550 1922 angelo
2597 1848 2978 1918 Philadelphia:
3035 1844 3287 1900 Ecclesia:
3335 1841 3501 1895 scribe
3536 1854 3550 1890 :

305 1955 458 2019 σίας
491 1953 724 2022 γράψον
749 1966 762 1979 ’
801 1951 942 2005 Τάδε
974 1951 1136 2020 λέγει
1166 1953 1198 2004 ό
1236 1948 1423 2016 ἅγιος,
1453 1951 1484 2001 ό
1515 1947 1821 2012 ἀληθινὸς,
1855 1947 1887 1998 ό

305 2045 472 2112 ἔχων
498 2043 613 2109 τὴν
640 2042 852 2097 κλεῖδα
888 2042 994 2097 τοῦ
1026 2040 1205 2094 Δαυΐδ
1224 2055 1236 2067 ’
1281 2041 1313 2092 ὁ
1338 2039 1621 2106 ἀνοίγων,
1657 2037 1758 2088 καὶ
1788 2037 1889 2090 οὐ·

306 2132 442 2197 δείς
465 2132 653 2185 κλείει
677 2147 691 2160 ’
735 2131 833 2184 καὶ
864 2130 1108 2196 κλείων,
1141 2129 1236 2182 καὶ
1267 2127 1467 2192 οὐδεὶς
1499 2127 1746 2195 ἀνοίγει.
1873 2192 1883 2199 _

386 2227 566 2292 Κνιδίς
612 2226 719 2280 τοῦ
765 2225 1021 2290 Δα·υϊδ,ἡ
1066 2220 1313 2294 βασιλεία
1361 2219 1528 2274 αὑτοῦ
1587 2219 1886 2289 κέκληταιο

311 2318 561 2385 ἐξουσίας
597 2321 705 2388 γὰρ
748 2318 888 2386 αὕτη
924 2314 1215 2385 σύμϐολον.
1248 2312 1425 2378 Κλείς
1466 2312 1524 2364 δὲ
1581 2311 1744 2364 πάλιν
1787 2311 1888 2380 τῆς

309 2425 374 2466 τε
396 2411 678 2480 ψαλμικῆς
703 2409 883 2479 βίϐλου
908 2409 1002 2462 καὶ
1018 2408 1196 2476 πάσης
1211 2403 1569 2476 προφητείας,
1590 2403 1649 2456 τὺ
1667 2402 1892 2472 Πνεῦμα

311 2503 377 2556 τὸ
403 2502 558 2569 ᾶγιον
584 2518 597 2531 ·
623 2501 691 2553 δι’
720 2493 783 2553 οὗ
825 2502 874 2554 οἱ
907 2499 1176 2568 θησαυροὶ
1204 2497 1302 2566 τῆς
1352 2495 1605 2564 γνώσεως
1645 2495 1891 2559 ἀνοίγον-

311 2609 429 2647 ται.
468 2593 581 2646 Καὶ
608 2592 706 2662 τὴν
731 2593 830 2657 μὲν
860 2590 1082 2661 πρώτην
1114 2589 1253 2642 κατὰ
1277 2588 1339 2641 τὸ
1379 2586 1719 2656 ἀνθρώπινον
1741 2585 1894 2655 δέχε-

312 2699 443 2738 ται.⁹
480 2684 578 2750 τὴν
611 2682 668 2736 δὲ
689 2681 950 2749 δευτέραν
980 2680 1093 2750 ἔχει
1127 2679 1265 2734 κατὰ
1299 2679 1359 2731 τὸ
1383 2677 1621 2746 ἄναρχον
1648 2676 1747 2743 τῆς
1775 2676 1894 2730 θεό-

312 2791 502 2844 τητος.
555 2773 709 2827 Ἐπεὶ
747 2773 804 2826 δὲ
842 2772 897 2826 ἐν
937 2789 1049 2825 τισι
1077 2770 1185 2824 τῶν
1231 2769 1583 2839 ἀντιγράφων
1624 2767 1745 2821 ἀντὶ
1799 2765 1893 2820 τοῦ

313 2862 524 2926 ,Δαυῖδ,
555 2862 706 2929 ᾅδου
752 2861 1085 2930 γέγραπται,
1109 2859 1199 2912 διὰ
1239 2859 1337 2928 τῆς
1381 2857 1475 2910 τοῦ
1529 2856 1655 2927 ᾇδου
1685 2855 1894 2920 κλειδὸς

319 2958 356 3028 ἡ
385 2954 602 3020 ἐξουσία
632 2954 732 3024 τῆς
750 2953 894 3024 ζωῆς
906 2955 999 3007 καὶ
1013 2951 1108 3006 τοῦ
1134 2950 1460 3020 θανάτουζτῷ
1477 2949 1698 3022 Χριστῷ
1722 2965 1893 3020 προσ-

323 3046 749 3119 μεμαρτύρηται
769 3065 780 3078 ν
816 3046 984 3116 ἅγιος
1010 3045 1067 3098 δὲ
1099 3044 1195 3098 καὶ
1255 3043 1565 3111 ἀληθινὸς,
1627 3042 1702 3106 ὡς
1735 3044 1896 3097 αὐτο-

320 3140 605 3210 αγιωσύνη
635 3141 728 3195 καὶ
751 3138 1145 3208 αὖτοουσιώδης
1170 3137 1420 3208 ἀλήθεια.

403 3407 544 3465 Οἵδὰ
575 3424 692 3463 σου
720 3407 795 3461 τὰ
824 3408 968 3476 ἔργα
1001 3421 1013 3433 ·
1053 3404 1182 3460 ὶδοὺ
1217 3403 1451 3457 δέδωκα
1498 3404 1756 3457 ἐνώπιόν
1783 3419 1903 3458 σου

334 3501 517 3569 θύραν
566 3497 977 3568 ἠνεῳγμένην,
1001 3497 1099 3550 καὶ
1136 3495 1335 3561 οὐδεὶς
1384 3495 1632 3550 δύναται
1665 3497 1901 3550 κλεῖσαι

330 3592 522 3659 αὑτήν
552 3607 566 3619 ‘
593 3592 682 3644 ὅτι
716 3589 938 3660 μικρὰν
953 3589 1112 3656 ἔχεις
1132 3587 1389 3656 δύναμιν
1418 3604 1430 3616 ·
1472 3588 1572 3640 καί
1601 3586 1904 3656 ἐτήρησάς

325 3702 447 3755 μου
490 3686 595 3737 τὸν
627 3668 836 3751 λόγον,
863 3680 964 3734 καί
988 3669 1099 3734 ουκ
1151 3677 1399 3746 ἠρνήσω
1434 3681 1497 3730 τὸ
1534 3675 1726 3746 ὄνομά
1757 3697 1900 3747 μου.

411 3774 509 3826 Ἐκ
541 3772 648 3824 τῶν
679 3769 1083 3841 γεγραμμένων
1104 3769 1184 3832 δὲ,
1229 3767 1436 3837 μικρὰν
1479 3767 1578 3835 μὲν
1624 3768 1699 3838 τῷ
1745 3767 1906 3838 μεγέ-

329 3862 416 3916 Θει
440 3861 538 3932 τὴν
566 3860 717 3912 πόλιν
751 3859 977 3930 ταύτην,
1014 3857 1256 3928 μεγάλην
1286 3857 1342 3908 δὲ
1368 3859 1434 3926 τῇ
1469 3856 1677 3918 πίστει,
1697 3855 1904 3925 μανθά-

327 3973 496 4027 νομεν
527 3972 542 3984 ’
576 3956 643 4008 δι’
679 3949 756 4009 ὧν
808 3972 940 4023 φησι
986 3951 1172 4026 [αὐτῇ]
1202 3969 1214 3982 °
1242 3948 1388 4006 Οἷδὰ
1437 3967 1555 4007 σου
1591 3955 1662 4008 τὰ
1713 3954 1856 4022 ἔργα
1891 3970 1902 3984 ’

328 4045 628 4109 τουτέστιν,
659 4045 993 4115 ἀποδέχομαι
1025 4060 1039 4074 ·
1087 4043 1274 4110 ὥσπερ
1305 4043 1400 4094 καὶ
1439 4041 1516 4112 τῷ
1550 4045 1758 4113 Μυοῦσῇ
1814 4043 1906 4096 λέ-

331 4153 441 4204 γει’
471 4133 614 4190 Οἷδὰ
637 4152 709 4190 σε
742 4135 901 4204 παρὰ
925 4134 1174 4199 πάντας.
1207 4134 1314 4187 Καὶ
1348 4133 1518 4204 θύραν
1550 4133 1782 4187 ἐνώπιόν
1815 4152 1907 4188 σου

331 4228 430 4279 τοῦ
482 4226 862 4280 διδασκαλικοῦ
912 4226 1266 4296 κηρύγματος
1328 4223 1535 4295 ἧνοιξα,
1592 4224 1910 4296 κλεισθῆναι

333 4319 423 4372 διὰ
475 4319 798 4390 πειρασμῶν
851 4318 924 4389 μὴ
981 4318 1304 4385 δυναμένην.
1359 4316 1436 4386 Τῇ
1497 4318 1756 4386 προθέσει
1803 4318 1911 4390 γὰρ

335 4409 640 4480 ἀρκοῦμαι,
671 4411 766 4463 καὶ
795 4411 896 4462 οὐκ
919 4407 1135 4461 ἀπαιτῶ
1167 4407 1236 4459 τὰ
1270 4406 1410 4475 ὑπὲρ
1441 4404 1694 4474 δύναμιν.

1991 1949 2112 2003 "rec
2148 1947 2272 2001 dicit
2297 1953 2513 1998 sanctus
2535 1951 2582 1996 et
2619 1958 2793 2003 verus,
2819 1941 2908 2008 qui
2941 1939 3092 1991 habet
3115 1937 3310 1990 clavem
3343 1931 3510 1987 Dauid
3545 1946 3560 1984 :

1987 2038 2077 2105 qui
2097 2035 2288 2104 aperit,
2315 2042 2364 2086 et
2395 2047 2542 2085 nemo
2573 2029 2809 2091 claudit;
2844 2027 3066 2090 claudit,
3087 2035 3133 2079 et
3182 2039 3330 2077 nemo
3369 2021 3559 2087 aperit.

2063 2209 2329 2265 Davidici:
2393 2206 2554 2260 clavis
2617 2200 2976 2273 appellatione
3028 2197 3271 2267 ejusdem
3331 2209 3558 2264 regnum

1991 2305 2340 2375 designatur,
2373 2294 2814 2370 quandoquidem
2875 2291 3036 2344 clavis
3091 2290 3233 2343 inter
3279 2285 3562 2356 potestatis

1993 2396 2238 2470 symbola
2263 2391 2475 2449 censeri
2502 2390 2658 2444 solet.
2691 2386 2873 2441 Clavis
2903 2399 3122 2440 rursum
3157 2381 3276 2435 libri
3314 2379 3562 2435 l’salmo-

1992 2487 2438 2553 rum,omnisque
2456 2483 2589 2536 adeo
2615 2477 2930 2548 prophetiae,
2957 2486 3041 2530 est
3061 2474 3297 2542 Spiritus
3319 2481 3562 2527 sanctus.

1993 2580 2097 2634 Per
2127 2580 2275 2633 hunc
2313 2577 2457 2630 enim
2488 2587 2679 2626 omnes
2706 2570 2930 2623 omnino
2960 2565 3284 2635 cognitionis
3317 2563 3560 2617 thesauri

1994 2671 2332 2741 aperiuntur.
2388 2667 2455 2721 Et
2529 2663 2748 2733 quidem
2805 2660 3042 2730 priorem
3103 2658 3307 2712 clavem
3363 2655 3569 2723 acoepit

1995 2763 2249 2818 Christus
2281 2767 2340 2814 ut
2387 2759 2583 2821 homo;
2617 2753 2973 2825 posteriorem
3026 2760 3225 2814 autem,
3253 2755 3310 2801 ut
3368 2745 3566 2816 sempi-

1999 2866 2187 2910 ternus
2221 2852 2386 2917 Deus,
2422 2848 2742 2903 naturaliter
2766 2845 2994 2899 obtinet.
3035 2842 3172 2908 Quia
3202 2855 3330 2894 vero
3365 2839 3420 2894 in
3475 2854 3568 2891 ve-

1999 2947 2159 3001 tustis
2217 2941 2542 3013 quibusdam
2596 2933 2996 3004 exemplaribus
3034 2932 3247 3002 legitur,
3276 2929 3438 2984 clavis
3485 2929 3570 2980 in-

2001 3037 2169 3107 femi,
2222 3050 2315 3105 per
2374 3029 2670 3086 inferorum
2720 3026 2924 3080 clavem
2955 3023 3058 3094 15
3096 3023 3219 3076 vitze
3267 3020 3571 3088 mortisque

1925 3158 1975 3224 ο
2015 3136 2336 3200 potestatem
2371 3137 2538 3193 penes
2585 3118 2860 3175 Christum
2897 3131 3019 3171 esse
3049 3113 3411 3186 signiﬁcatur.
3469 3108 3574 3175 Qui

2006 3220 2227 3290 quidem
2275 3215 2526 3270 Christus
2613 3219 2830 3264 sanctus
2893 3217 2947 3262 et
3001 3222 3159 3260 verax
3223 3203 3574 3265 nominatur,

2004 3322 2263 3379 tanquam
2297 3307 2411 3375 ipsa
2439 3319 2534 3374 per
2565 3318 2623 3356 se
2645 3300 2908 3355 sanctitas
2944 3308 2998 3352 et
3023 3299 3241 3351 veritas.

2075 3400 2163 3463 Ill,
2197 3400 2251 3454 8.
2283 3397 2417 3451 Novi
2441 3409 2599 3464 opera
2641 3403 2751 3445 tuo.
2793 3389 2924 3442 Ecce
2949 3389 3069 3441 dedi
3096 3403 3274 3440 coram
3307 3395 3354 3440 te
3383 3387 3577 3438 ostium

2004 3503 2262 3561 apertum,
2289 3499 2338 3545 et
2367 3503 2516 3542 nemo
2536 3493 2702 3555 potest
2726 3481 2968 3534 claudere
2995 3480 3128 3532 illud
3151 3496 3168 3533 :
3191 3478 3312 3548 quia
3337 3478 3576 3544 exiguam

2005 3587 2160 3642 habes
2195 3585 2464 3642 virtutem,
2487 3590 2536 3632 et
2583 3574 2805 3632 servasti
2830 3589 3119 3627 sermonem
3149 3587 3337 3632 meum,
3374 3580 3421 3622 ct
3478 3585 3578 3620 non

2009 3679 2212 3750 negasti
2239 3691 2425 3730 nomen
2452 3688 2647 3726 meum.

2081 3771 2154 3826 Ex
2193 3778 2434 3824 veterum
2466 3763 2833 3820 monumentis
2859 3767 3098 3820 constat,
3135 3755 3405 3811 civitatem
3444 3754 3583 3806 hanc

2007 3864 2213 3919 auibilu
2265 3861 2484 3930 quidem
2522 3857 2834 3925 civiumque
2863 3867 3089 3907 numero
3137 3862 3358 3920 parvam
3416 3844 3584 3897 exsti-

2017 3957 2182 4022 tisse;
2227 3964 2282 4009 at
2324 3953 2428 4007 ﬁde
2457 3965 2586 4004 vero
2611 3959 2664 4003 et
2694 3947 2893 4002 virtute
2911 3944 3204 4014 plurimum
3241 3937 3498 3998 valuisse,
3519 3952 3580 3990 ex

2011 4051 2116 4105 hoc
2148 4050 2268 4103 loco
2301 4044 2585 4101 discimus.
2620 4041 2792 4108 Quam
2821 4041 2890 4094 ob
2917 4055 3027 4092 rem
3051 4033 3318 4106 ejusmodi
3342 4032 3588 4086 Oratione

2012 4142 2158 4196 illam
2185 4138 2473 4206 compellat
2497 4153 2508 4187 :
2541 4134 2676 4189 Novi
2707 4149 2863 4200 opera
2897 4141 2988 4182 tua
3014 4144 3033 4190 ,'
3069 4127 3172 4180 hoc
3199 4135 3302 4186 est,
3327 4133 3478 4194 grata
3506 4138 3590 4175 ae—

2011 4240 2280 4300 Ceptaque
2339 4228 2428 4280 illa
2459 4226 2671 4279 habeo:
2707 4222 3165 4292 quemadmodum
3187 4217 3298 4283 jam
3358 4214 3486 4268 olim
3524 4213 3588 4266 ad

2013 4321 2231 4390 Moysen
2261 4318 2516 4372 dicebat:
2547 4315 2678 4370 Novi
2717 4324 2762 4366 te
2794 4327 2903 4381 pra:
2965 4309 3239 4363 omnibus:
3282 4307 3595 4374 ostiumque

2014 4414 2081 4469 ad
2139 4411 2437 4468 docendum
2491 4419 2544 4463 et
2599 4404 3001 4478 praedicandum
3055 4417 3238 4458 coram
3287 4409 3337 4453 te
3383 4397 3593 4467 aperui,

336 4507 481 4576 quod
544 4505 705 4560 nulla:
759 4503 1082 4559 tentationes
1144 4509 1399 4571 poterunt
1447 4502 1719 4557 claudere.
1776 4504 1902 4561 Sola
1955 4510 2100 4564 enim
2159 4508 2432 4562 voluntate
2490 4503 2557 4557 ad
2618 4504 2722 4555 hoc
2773 4501 2973 4554 malum
3054 4493 3454 4564 impediendum
3513 4499 3598 4546 sat.

337 4615 494 4665 sum;
529 4613 701 4668 neque
732 4598 875 4651 enim
907 4597 1066 4666 exigo
1096 4596 1190 4648 ubs
1231 4603 1300 4658 te,
1330 4610 1450 4663 quae
1476 4595 1618 4650 vires
1646 4605 1768 4652 tuas
1798 4603 2084 4658 excedunt.

420 4696 577 4753 Ἰδοὺ
603 4695 812 4764 δίδωμί
843 4692 988 4764 [σοι]
1013 4694 1083 4747 ἐκ
1115 4691 1228 4759 τῆς
1252 4690 1611 4760 συναγωγῆς
1654 4694 1758 4746 τοῦ
1801 4698 1898 4750 Σα.

2089 4698 2178 4762 lll,
2206 4700 2258 4752 9.
2298 4696 2427 4749 Ecce
2469 4695 2537 4747 do
2578 4695 2639 4747 de
2686 4706 2953 4761 synagoga
3001 4688 3240 4753 Satame,
3276 4688 3363 4757 qui
3414 4689 3597 4740 dicunt

343 4788 495 4847 τανᾶ
532 4787 652 4842 τῶν
705 4790 1007 4856 λεγόντων
1066 4784 1317 4850 ἑαυτοὺς
1372 4783 1701 4851 Ἰουδαίους
1739 4783 1915 4852 εἶναι,

343 4884 442 4938 καί
451 4885 561 4937 οὐκ
577 4880 930 4943 εἰσίηάλλὰ
945 4879 1291 4948 ψεύδονται.
1316 4877 1420 4930 Καὶ
1439 4878 1673 4946 ποιήσω
1697 4880 1929 4946 αὐτοὺς

342 4975 444 5029 ἵνα
472 4975 662 5041 ἧξωσι
687 4971 784 5025 καί
818 4969 1338 5038 προσκυνήσωσιν
1365 4967 1625 5022 ἐνώπιον
1660 4969 1779 5023 τῶν
1809 4984 1917 5025 πο..

343 5066 467 5121 δῶν
495 5079 634 5130 σου,
669 5063 770 5118 καί
790 5060 1015 5132 γνῶσιν
1045 5061 1133 5114 ὅτι
1159 5060 1274 5129 ἐγὼ
1294 5059 1589 5128 ἠγάπησά
1623 5077 1722 5116 σε.

415 5155 598 5227 [Ἰδοὺ
626 5153 836 5222 δίδωμι
861 5153 930 5206 ἐκ
956 5150 1068 5220 τῆς
1099 5150 1459 5220 συναγωγῆς
1494 5153 1602 5206 τοῦ
1634 5152 1918 5225 Sat-arci]

347 5243 785 5314 -”Εξεις,φησὶ.
807 5241 999 5310 μισθὸν
1017 5244 1117 5310 τῆς
1137 5240 1426 5310 ὁμολογίας
1443 5241 1537 5294 τοῦ
1556 5241 1689 5312 ἐμοῦ
1721 5243 1920 5312 ὀνόμα-

343 5350 438 5397 τος
465 5335 563 5403 τὴν
579 5332 689 5386 τῶν
738 5331 1008 5385 Ἰουδαίων
1035 5329 1372 5399 ἐπιστροφήν
1389 5348 1447 5384 τε
1468 5331 1564 5384 καὶ
1588 5332 1877 5398 μετάνοιαν
1903 5349 1916 5361 ·

345 5426 396 5479 οἳ
426 5423 861 5497 προσπεσοῦνται
890 5425 1001 5486 τοῖς
1029 5423 1298 5495 ποσίρσου,
1331 5424 1430 5493 τὴν
1456 5423 1589 5493 πρὸς
1622 5423 1724 5492 ἐμὲ
1749 5440 1921 5494 προσ-

345 5518 575 5588 αγωγὴν
625 5517 720 5572 καὶ
764 5516 854 5568 τὸν
881 5516 940 5582 ἐξ
978 5513 1115 5584 ἐμοῦ
1169 5515 1449 5585 φωτισμὸν
1482 5513 1793 5582 αίτούμενοι
1825 5516 1920 5568 καὶ

346 5609 410 5662 ἓν
445 5609 523 5677 τῷ
540 5607 766 5679 κρυπτῷ
795 5608 892 5675 τῆς
922 5606 1168 5680 καρδίας,
1191 5605 1337 5676 [οὐκ]
1363 5607 1419 5658 ἐν
1439 5605 1515 5676 τῷ
1542 5605 1761 5678 φανερῷ
1800 5605 1913 5659 λοι-

351 5700 457 5754 πὸν
494 5698 898 5764 Ίουδαῖζοντες.

428 5793 545 5844 Ὅτι
572 5790 870 5858 ἐτήρησας
901 5788 1001 5845 τόν
1042 5791 1227 5858 λόγον
1260 5787 1368 5857 τῆς
1399 5786 1708 5858 ὑπομονῆς
1748 5804 1866 5856 μου
1909 5799 1922 5814 °

2015 4807 2070 4845 se
2091 4788 2309 4843 Iudaeos
2332 4802 2441 4840 esse
2463 4796 2508 4839 et
2538 4801 2641 4837 non
2659 4794 2816 4845 sunt;
2848 4781 2937 4834 sed
2973 4782 3320 4833 mentiuntur.
3356 4778 3484 4832 Ecce
3514 4780 3597 4845 fu-

2016 4883 2153 4935 ciam
2175 4879 2294 4934 illos
2323 4887 2378 4932 ut
2409 4879 2708 4940 veniant,et
2763 4874 2981 4928 adorent
3023 4885 3146 4926 ante
3181 4876 3333 4940 pedes
3382 4882 3520 4933 tuos,
3552 4883 3598 4922 et

2018 4974 2185 5028 scient
2209 4972 2336 5041 quia
2359 4986 2450 5040 ego
2483 4969 2644 5022 dilexi
2674 4979 2743 5020 te.

2097 5146 2471 5203 Conlessiouis
2500 5143 2823 5203 mercedem,
2857 5156 2965 5210 qua
2994 5139 3282 5195 confessus
3309 5154 3366 5190 es
3405 5149 3598 5186 nomen

2029 5255 2234 5305 incum,
2289 5236 2600 5292 Judaeorum
2663 5231 3080 5286 conversionem
3112 5236 3165 5280 et
3226 5222 3598 5295 pmnitentiam

2031 5316 2192 5394 teres,
2235 5329 2411 5400 inquit
2440 5343 2456 5379 :
2489 5325 2773 5396 procident
2801 5323 2854 5378 hi
2887 5335 3124 5390 namque
3153 5319 3218 5372 ad
3267 5316 3429 5386 pedes
3455 5327 3596 5375 tuos,

2029 5423 2300 5490 enixeque
2333 5428 2390 5474 ut
2411 5418 2476 5472 ad
2509 5430 2594 5471 me
2621 5409 3298 5478 adducantur-mentisque
3325 5405 3600 5460 illumina-

2027 5515 2231 5569 tionem
2253 5519 2680 5580 consequantur,
2711 5506 2809 5560 abs
2852 5514 2900 5559 te
2929 5510 3144 5574 petent;
3172 5499 3239 5552 de
3265 5505 3474 5553 caetero
3493 5511 3597 5548 non

2021 5606 2134 5677 jam
2163 5603 2217 5658 in
2257 5610 2465 5672 aperto,
2488 5598 2583 5655 sed
2610 5595 2929 5654 abscondito
2944 5591 3150 5653 cordis,
3173 5588 3341 5644 Judaei
3374 5587 3564 5641 futuri.

2102 5778 2190 5844 lll,
2224 5778 2303 5838 l0.
2325 5779 2405 5830 ll.
2429 5776 2688 5840 Quoniam
2702 5772 3144 5828 scrvastiverbum
3163 5772 3434 5841 patientirc
3453 5783 3602 5823 nmr.
