4070 6410
469 366 573 433 2&7

1641 364 1969 427 ANDRE/E
2007 367 2528 430 CESARIENSIS

3623 353 3731 419 248

470 492 519 536 et
543 497 638 551 ego
667 482 883 541 servabo
915 488 964 534 te
990 477 1068 534 'ab
1117 480 1247 533 hora
1305 476 1632 542 tentationis,
1665 493 1784 548 quia
1829 488 2045 534 ventura

2155 481 2318 551 κάγώ
2337 496 2412 535 σε
2437 479 2682 547 τηρήσω
2715 475 2783 530 ἐκ
2813 473 2922 542 τῆς
2940 471 3095 543 ὥρας
3127 471 3235 527 τοῦ
3259 468 3596 540 πειρασμοῦ
3617 466 3729 534 τῆς

469 583 547 628 est
580 571 635 626 in
665 579 839 628 orbem
875 573 1192 633 universum,
1217 579 1418 624 tentare
1451 569 1750 622 habitantes
1803 569 1856 622 in
1880 578 2042 623 terra.

472 663 608 718 Ecce
643 665 788 718 venio
821 664 924 716 cito
949 678 968 717 ε
1024 671 1136 716 tene
1161 662 1301 731 quod
1325 661 1506 727 habes,
1550 670 1606 714 ut
1637 676 1788 714 nemo
1814 663 2042 731 accipiat

471 770 722 810 coronam
745 765 912 807 tuam.

545 927 874 984 Tentationis
902 930 1088 982 horant
1130 938 1225 984 aut
1268 943 1468 985 saevam
1528 930 1825 1000 impiorum
1862 942 2050 1003 tyran-

468 1033 690 1082 norum,
721 1022 812 1089 qui
851 1021 1003 1076 urbis
1048 1021 1308 1077 Romana
1357 1021 1571 1077 clavum
1625 1032 1742 1077 tum
1789 1024 2048 1093 temporis

467 1111 744 1179 tenebant,
777 1113 1040 1168 adversus
1073 1112 1417 1168 Christianos
1460 1115 1898 1182 persecutionem
1947 1129 2047 1186 ap.

467 1200 630 1267 pellat
663 1218 677 1256 :
708 1216 772 1255 ea
804 1203 954 1257 enim
988 1202 1101 1273 jam
1135 1211 1249 1256 tum
1281 1217 1391 1273 prae
1452 1203 1662 1259 foribus
1720 1205 1985 1273 urgebat;
2016 1219 2046 1258 a

467 1306 573 1361 qua
601 1307 661 1347 se
688 1292 835 1348 illam
863 1295 1220 1350 liberaturum
1265 1295 1491 1365 spondet
1529 1314 1543 1350 :
1580 1305 1676 1350 aut
1725 1310 1844 1350 eam
1901 1303 2050 1350 certe

467 1395 874 1456 tempestatem,
903 1403 1069 1458 quam
1106 1388 1478 1443 Antichristus
1508 1388 1612 1443 sub
1654 1388 1816 1443 linem
1862 1388 2048 1443 saeculi

465 1489 655 1533 contra
687 1480 892 1535 Christi
921 1480 1104 1536 ﬁdeles
1129 1497 1225 1550 per
1259 1481 1575 1538 universum
1604 1481 1867 1536 mundum
1893 1481 2046 1536 exci-

465 1571 738 1626 tabitzex
759 1587 865 1642 qua
923 1573 1176 1628 Christus
1217 1573 1482 1628 Dominus
1546 1580 1844 1628 sectatores
1894 1586 2046 1638 suos,

465 1678 534 1716 ne
563 1675 729 1733 Supra
762 1665 902 1719 vires
927 1673 1227 1730 tententur,
1258 1679 1380 1720 sese
1409 1673 1728 1734 erepturum
1753 1665 2046 1734 promittit,

464 1754 579 1807 sive
611 1770 705 1823 per
729 1755 979 1824 corporis
1009 1755 1434 1812 dissolutionem
1469 1767 1592 1810 aute
1651 1756 1784 1810 illud
1832 1764 2048 1826 tempus

2146 572 2502 641 μελλούσης
2536 569 2819 638 ἔρχεσθαι
2854 566 2954 618 ἐπὶ
3000 564 3119 633 τὴν
3143 563 3509 632 οἰκουμένην
3553 561 3731 626 ὅλην,

2153 661 2429 732 πειρᾶσαι
2471 661 2615 726 τοὺς
2666 656 3097 722 κατοικοῦντας
3129 655 3229 709 ἐπὶ
3262 655 3374 722 τῆς
3415 652 3547 723 τῆς.
3590 654 3734 719 Ἔρ-

2151 770 2329 823 χομαι
2351 753 2536 822 ταχύ·
2565 751 2764 820 κράτει
2786 751 2818 804 ὃ
2848 749 3032 818 ἔχεις.
3059 748 3161 801 ἵνα
3190 745 3404 816 μηδείς
3432 745 3589 812 ,λάϐῃ
3621 743 3733 796 τὸν

2151 845 2464 914 στέφανόν
2491 856 2627 898 σου.
3754 899 3761 910 ⁸

2226 938 2346 1005 Τὴν
2386 935 2550 1006 ὥραν
2579 935 2650 989 δὲ
2684 934 2794 989 τοῦ
2841 932 3203 1002 πειρασμοῦ,
3260 931 3370 984 εῐτε
3417 928 3494 994 ὡς
3531 926 3733 982 αὐτίκα

2153 1029 2352 1104 [itala]
2385 1030 2790 1101 παρεσομένην,
2813 1027 2914 1096 τὴν
2944 1025 3068 1080 ,τῶν
3102 1021 3318 1087 ἀσεϐῶς
3363 1021 3467 1092 τῆς
3505 1020 3733 1091 Ῥώμης

2152 1122 2518 1192 τοτηνικαῦτα
2541 1119 2985 1191 βασιλευσάντων
3000 1117 3142 1171 κατὰ
3169 1114 3514 1187 Χριστιανῶν
3545 1113 3731 1178 δίωξιν

2152 1214 2412 1286 εἴρηκεν·
2469 1209 2538 1285 ἦς
2589 1211 2920 1282 λυτροῦσθαι
2969 1208 3142 1278 αὐτὴν
3195 1206 3636 1276 ἐπαγγέλλεται·
3693 1203 3728 1276 ἢ

2154 1306 2252 1377 τὴν
2279 1307 2373 1359 ἐπὶ
2405 1305 2685 1376 συντελείᾳ
2704 1305 2799 1358 τοῦ
2826 1303 3023 1365 αἰῶνος
3053 1300 3402 1370 παγκόσμιον
3447 1297 3592 1352 κατὰ
3619 1296 3732 1349 τῶν

2154 1399 2362 1454 πιστῶν
2426 1399 2522 1451 τοῦ
2585 1396 2956 1467 Ἀντιχρίστου
3013 1394 3226 1462 κίνησιν
3273 1392 3448 1461 λέγει,
3497 1389 3604 1463 [ἐξ]
3662 1384 3733 1460 ἦς

2152 1492 2473 1563 ἐλευθεροῦν
2514 1492 2642 1554 τοὺς
2677 1489 2926 1558 ζηλωτὰς
2963 1487 3134 1556 αὐτῆς
3201 1486 3564 1554 ὑπισχνεῖται,
3597 1498 3733 1561 προ-

2151 1581 2632 1653 αναρπαζομένους
2660 1581 2749 1634 διὰ
2777 1579 2876 1650 τῆς
2898 1577 3151 1632 ἐντεῦθεν
3179 1577 3518 1638 ἀναλύσεως,
3543 1575 3631 1626 ἵνα
3655 1573 3732 1644 μὴ

2150 1670 2522 1743 πειρασθῶσιν
2593 1670 2731 1743 ὑπὲρ
2781 1669 2810 1724 ὃ
2855 1668 3129 1724 δύνανται.
3185 1666 3383 1730 Καλῶς
3430 1667 3488 1721 δέ
3538 1680 3730 1735 φησιν·

2155 1763 2444 1834 Ἔρχομαι
2469 1765 2622 1831 ταχύ
2643 1780 2658 1794 ·
2698 1763 2836 1832 μετὰ
2861 1761 2971 1834 γὰρ
3003 1762 3104 1829 τὴν
3130 1761 3313 1830 θλίψιν
3343 1758 3456 1812 τῶν
3501 1755 3730 1828 ἡμερῶν

461 1858 494 1900 e
522 1845 702 1901 medio
731 1847 850 1901 illos
884 1848 1056 1911 tollat,
1084 1848 1200 1904 sive
1233 1849 1340 1902 alia
1373 1847 1458 1902 via
1481 1857 1536 1902 et
1582 1847 1794 1902 ratione
1827 1847 1896 1901 ab
1929 1847 2044 1901 im-

2154 1830 2381 1910 ἐκείνων
2409 1830 2633 1921 εὐθέως,
2670 1830 2792 1927 [ῶς]
2844 1830 3029 1925 φησιν,
3060 1854 3090 1906 δ
3135 1852 3338 1923 Κῦριος
3393 1847 3680 1902 ἐλεύσεται
3711 1862 3730 1878 ”

463 1938 721 2009 pendenti
761 1941 1002 2009 periculo
1036 1941 1256 1996 eosdem
1311 1941 1529 2010 eripiat.
1572 1941 1830 2009 Apposite
1859 1949 2041 1996 autem

461 2029 614 2093 dicit,
653 2029 786 2085 Ecce
834 2033 982 2088 venio
1013 2034 1119 2086 cito
1149 2049 1169 2086 :
1209 2033 1477 2102 siquidem
1507 2041 1629 2101 post
1661 2032 1872 2086 dierum
1924 2034 2041 2088 illo-

462 2137 582 2177 rum
610 2123 978 2193 alllictiouem,
1014 2125 1154 2180 utin
1209 2123 1518 2195 Evangeliis
1569 2124 1825 2194 legimus,
1860 2123 2035 2179 Judex

2151 1947 2233 2002 διὸ
2264 1949 2555 2018 παρεγγυᾷ
2594 1947 2868 2018 κρατῆσαι
2912 1946 3005 2000 τὸν
3033 1945 3312 2016 θησαυρὸν
3340 1945 3444 2014 τῆς
3488 1941 3728 2000 πίστεως

2148 2037 2366 2103 ἄσυλον,
2391 2039 2478 2090 ἶνα
2515 2039 2590 2108 μή
2620 2055 2702 2101 τις
2738 2037 2982 2106 ἀπολέσῃ
3006 2037 3099 2090 τὸν
3138 2035 3240 2103 τῆς
3272 2031 3555 2104 ὑπομονῆς
3597 2029 3726 2084 στέ-

2146 2146 2338 2199 φανον.

461 2219 642 2273 statim
673 2229 758 2274 est
786 2228 1050 2276 venturus
1089 2238 1104 2275 :
1140 2229 1428 2291 propterea
1461 2231 1682 2290 quoque
1729 2221 1879 2276 serio
1924 2223 2198 2292 admouet,
2237 2235 2298 2279 ut
2324 2225 2447 2280 ﬁdei
2495 2226 2815 2280 thesaurum
2859 2225 3182 2279 inviolatum
3217 2230 3567 2287 conservent,
3592 2233 3730 2290 ope-

461 2324 685 2380 ramque
710 2312 838 2367 deut
871 2313 1115 2368 sedulam
1159 2328 1225 2366 ne
1252 2313 1523 2381 patientire
1550 2327 1812 2366 coronam
1844 2314 2118 2371 amittant.

533 2399 619 2467 Ill,
654 2402 742 2456 l2.
795 2403 900 2469 Qui
939 2402 1145 2466 vicerit,
1193 2403 1391 2471 faciam
1444 2402 1599 2455 illum
1652 2402 1955 2457 columnam
1995 2405 2050 2458 in

462 2495 654 2564 templo
695 2494 792 2549 Dei
812 2497 930 2560 mei,
966 2502 1016 2548 et
1043 2494 1187 2562 foras
1210 2511 1312 2547 non
1326 2494 1625 2564 egredietur
1651 2495 1905 2564 amplius.

532 2588 700 2642 Recte
740 2587 895 2640 illud.
928 2585 1062 2640 Nam
1099 2587 1190 2656 qui
1223 2585 1571 2641 adversar-ias
1631 2595 1928 2656 potestates
1953 2587 2046 2642 de-

461 2681 769 2742 bellaverit,
795 2678 1050 2734 columna
1071 2690 1121 2734 et
1141 2681 1546 2733 ﬁrmamentum
1566 2676 1823 2734 Ecclesia:
1838 2680 2046 2734 consti-

462 2770 655 2831 tuitur,
693 2776 882 2840 utpote
912 2769 1224 2833 immotum,
1244 2770 1401 2840 juxta
1431 2769 1678 2839 Apostoli
1705 2769 2043 2839 doctrinam,

459 2859 880 2918 fundamentum
913 2861 968 2916 in
1001 2863 1090 2918 illa
1127 2861 1355 2918 habens.

533 3047 621 3114 111,
660 3047 749 3104 12.
779 3046 845 3101 Et
883 3029 1111 3102 scribam
1133 3056 1290 3111 super
1318 3061 1438 3100 eum
1482 3061 1670 3101 nomen
1724 3045 1820 3102 Dei
1847 3047 1971 3114 mei,
1994 3056 2045 3102 et

2231 2408 2296 2462 Ὀ
2348 2388 2555 2473 νικῶν,
2587 2408 2820 2478 ποιήσω
2861 2409 3048 2462 αὑτὸν
3081 2406 3316 2462 στύλον
3355 2406 3426 2458 ἐν
3470 2403 3552 2470 τῷ
3601 2400 3728 2470 ναῶ

2148 2500 2257 2556 τοῦ
2293 2500 2445 2555 Θεοῦ
2460 2517 2606 2570 μου,
2640 2499 2738 2554 καὶ
2761 2499 2878 2564 ἐξω
2906 2501 2979 2553 οὐ
2999 2498 3086 2567 μὴ
3113 2497 3331 2565 ἐξέλθῃ
3360 2497 3473 2550 ἔτι.

2234 2591 2476 2656 Εἰκότως
2508 2591 2589 2663 [δὲ
2634 2586 2756 2644 εἷπε
2790 2591 3018 2660 ποιῆσαι
3041 2591 3136 2643 τὸν
3169 2589 3411 2643 νικῶντα
3448 2587 3644 2640 στύλον
3669 2585 3731 2640 ἐν

2145 2685 2223 2756 τῷ
2245 2684 2359 2756 ναῷ
2378 2683 2474 2738 τοῦ
2493 2683 2679 2755 Θεοῦ].
2713 2682 2771 2737 '0
2788 2683 2898 2754 γὰρ
2920 2683 3148 2752 νικητὴς
3169 2681 3280 2734 τῶν
3300 2679 3560 2734 ἐναντίων
3574 2677 3730 2732 δυνά-

2149 2791 2318 2851 μεων,
2363 2777 2557 2841 στύλος
2591 2777 2686 2831 καὶ
2726 2776 3009 2847 ἑδραίωμα
3065 2774 3164 2845 τῆς
3210 2771 3541 2841 Ἐκκλησίας
3597 2769 3732 2824 no.0-

2147 2872 2383 2938 ίσταται,
2404 2869 2659 2940 ἀκίνητον
2687 2870 2746 2922 ὲν
2774 2868 2910 2938 αὐτῇ
2943 2866 3046 2938 τὴν
3067 2866 3224 2936 βάσιν
3252 2864 3415 2934 ἔχων,
3455 2861 3599 2916 κατὰ
3633 2862 3730 2915 τδν

2147 2959 2337 3035 [θεῖον]
2391 2963 2734 3016 Ἀπόστολον.

2216 3055 2330 3109 Kal
2361 3053 2568 3124 γράψω
2595 3051 2691 3106 ἐπ’
2708 3050 2897 3106 αὐτὸν
2923 3049 2989 3103 τὸ
3021 3047 3216 3117 ὄνομα
3258 3043 3367 3100 τοῦ
3400 3044 3549 3098 Θεοῦ
3581 3056 3726 3112 μου,

459 3158 644 3196 nomen
677 3139 906 3194 civitatis
939 3139 1034 3193 Dei
1060 3140 1159 3194 mei
1182 3154 1325 3193 nova:
1342 3135 1668 3203 Jerusalem,
1687 3155 1804 3208 quae
1829 3138 2042 3194 descen-

2148 3145 2248 3199 καὶ
2275 3144 2341 3198 τὸ
2371 3144 2559 3213 ὄνομα
2585 3141 2695 3210 τῆς
2723 3143 2958 3206 πόλεως
2992 3137 3102 3192 τοῦ
3131 3137 3282 3191 Θεοῦ
3305 3153 3424 3204 μου
3451 3132 3565 3203 τῆς
3595 3148 3727 3186 και-

458 3237 537 3288 dit
571 3235 634 3288 de
663 3236 792 3289 ca'lo
820 3252 850 3286 a
886 3233 992 3287 Deo
1017 3247 1162 3296 meo;
1201 3242 1247 3286 et
1277 3247 1462 3286 nomen
1496 3248 1668 3285 meum
1699 3246 1910 3286 novum.

531 3410 637 3482 ιθ
668 3409 721 3464 lu
756 3409 942 3474 corde,
983 3409 1183 3478 inquit,
1228 3406 1499 3479 ejusmodi
1557 3407 1830 3464 columnae
1873 3409 2042 3464 divini

455 3504 696 3561 nominis
709 3518 1071 3575 superumque
1091 3501 1395 3558 Jerusalem
1417 3502 1666 3557 notitiam
1693 3501 1995 3556 inscribam
2023 3517 2039 3567 ;

455 3612 568 3668 quo
599 3595 1087 3667 pulchritudinem,
1120 3609 1243 3664 qua:
1271 3595 1324 3648 iu
1354 3594 1469 3663 ipsa
1495 3593 1734 3660 exsistit,
1781 3593 2044 3663 spiritali-

457 3690 562 3745 bus
628 3688 802 3744 oculis
854 3686 1186 3743 consideret.
1251 3685 1319 3740 Et
1393 3699 1579 3738 nomen
1621 3684 1809 3739 itidem
1869 3699 2042 3738 meum

456 3794 670 3843 novum,
700 3776 848 3848 quod
879 3777 932 3831 in
967 3776 1151 3831 futuro
1183 3775 1384 3830 saeculo
1428 3773 1570 3828 inter
1596 3783 1819 3830 sanctos
1849 3790 2040 3844 perce-

457 3868 606 3926 lebre
638 3870 763 3924 erit.
797 3865 1036 3924 Verbum
1065 3878 1246 3923 autem
1307 3873 1664 3936 posteaquam
1700 3865 1837 3921 citra
1871 3865 2039 3920 ullam

457 3965 544 4018 sui
570 3962 928 4017 mutationem
957 3975 1087 4015 caro
1120 3959 1289 4014 semel
1319 3965 1510 4012 nostra
1570 3972 1735 4012 causa
1779 3957 2032 4012 ell‘ectum

456 4064 561 4120 est,
599 4063 863 4122 suscepta:
891 4051 1222 4106 humanitati
1252 4063 1561 4105 sermonem
1591 4048 1917 4113 adtnetiens,
1938 4049 2038 4101 hu-

457 4161 729 4216 manoque
751 4159 904 4199 more
925 4143 1177 4212 loquens,
1197 4140 1473 4196 caelestem
1496 4138 1711 4193 Patrem
1743 4139 1907 4193 Deum
1938 4154 2036 4206 ap-

2147 3237 2264 3304 νῆς
2307 3233 2726 3303 Ἰερουσαλὴμ,
2754 3230 2793 3299 ἢ
2824 3229 3170 3284 καταϐαίνει
3210 3227 3280 3281 ἐκ
3310 3225 3418 3279 τοῦ
3460 3223 3726 3294 οὐρανοῦ

2145 3329 2267 3384 ἀπὸ
2292 3329 2398 3382 τοῦ
2433 3325 2582 3382 Θεοῦ
2605 3343 2725 3396 μου
2759 3342 2772 3355 ·
2809 3327 2911 3378 καί
2932 3323 2994 3376 τὸ
3029 3319 3218 3390 ὄνομά
3232 3337 3354 3389 μου
3383 3318 3452 3372 τὸ
3484 3319 3720 3372 καινόν.

2231 3417 2364 3492 [Kal
2387 3415 2593 3488 ῃοάψω
2631 3416 2723 3469 ἐπ’
2747 3415 2934 3468 αὐτὸν
2965 3413 3032 3468 τὸ
3059 3412 3247 3482 ὄνομα
3282 3409 3393 3466 τοῦ
3411 3411 3560 3465 Θεοῦ
3577 3424 3720 3480 μου.

2145 3541 2214 3553 —-
2231 3509 2367 3583 Καὶ]
2385 3512 2478 3564 ἐπὶ
2503 3509 2602 3580 τὴν
2625 3507 2875 3578 καρδίαν,
2899 3505 3086 3576 φησιν,
3109 3504 3204 3559 τοῦ
3235 3503 3481 3557 τοιούτου
3526 3501 3724 3555 στύλσυ

2145 3604 2368 3676 χαράξω
2393 3603 2491 3673 τὴν
2521 3602 2722 3670 γνῶσιν
2748 3599 2839 3653 τοῦ
2870 3599 3015 3652 θείου
3037 3597 3322 3667 ὀνόματος,
3359 3597 3456 3649 καὶ
3487 3593 3587 3664 τῆς
3613 3593 3729 3647 ἄνω

2157 3693 2517 3765 Ἰερουσαλήμ
2541 3708 2554 3722 ·
2585 3691 2673 3744 ἶνα
2699 3690 2781 3760 ἴδῃ
2798 3691 2862 3742 τὰ
2884 3689 2941 3741 ὲν
2963 3689 3102 3760 αὐτῇ
3118 3687 3290 3756 κάλλη
3307 3688 3422 3749 τοῖς
3445 3685 3540 3738 τοῦ
3559 3684 3727 3738 πνεύ-

2148 3803 2320 3857 ματος
2341 3784 2551 3854 ὄμμασι
2573 3799 2587 3813 ·
2619 3782 2714 3835 καὶ
2745 3781 2812 3834 τὸ
2862 3778 3076 3832 καινόν
3109 3794 3230 3847 μου
3270 3776 3481 3845 ὄνομα,
3515 3777 3576 3826 τὸ
3616 3771 3723 3845 [sv]

2145 3878 2257 3938 τοῖς
2299 3874 2474 3942 ἁγίοις
2507 3875 2564 3927 ὲν
2597 3871 2676 3942 τῷ
2733 3871 2982 3942 μέλλοντι
3025 3867 3230 3941 [αἰῶνι]
3293 3866 3722 3936 γνωριζόμενον.

2145 3968 2217 4022 Τὸ
2244 3967 2323 4031 δὲ,
2349 3965 2496 4020 Θεοῦ
2526 3981 2665 4034 μου,
2708 3963 3066 4032 ἀνθρωπίνως
3102 3961 3232 4030 περὶ
3269 3959 3365 4012 τοῦ
3395 3958 3608 4029 Πατρὸς
3643 3958 3722 4010 ετ·

2146 4074 2336 4132 ρηκεν,
2361 4059 2436 4122 ὡς
2469 4057 2607 4125 σὰρξ
2625 4055 2692 4110 δι’
2715 4057 2862 4126 ἡμᾶς
2889 4053 3181 4126 ἀτρέπτως
3199 4053 3512 4121 γενόμενος.
3541 4052 3726 4103 Ἀνω-

2145 4155 2249 4207 θεν
2277 4151 2333 4203 δὲ
2373 4151 2413 4218 ἡ
2453 4147 2854 4217 Ἰερουσαλὴμ
2899 4145 3243 4200 καταϐαίνει
3268 4160 3282 4175 ·
3315 4145 3380 4196 ὲκ
3413 4143 3514 4213 μὲν
3556 4141 3723 4210 ἀγγέ-

455 4242 621 4311 pellat
641 4257 820 4301 suum.
865 4237 1163 4294 Jerusalem
1195 4246 1374 4291 autem
1401 4252 1428 4289 e
1455 4234 1694 4302 supernis
1726 4233 2039 4286 descendere

2148 4245 2248 4296 λων
2289 4241 2604 4312 ἀρξαμένης
2632 4239 2733 4307 τῆς
2753 4238 2904 4298 θείας
2929 4236 3208 4305 γνώσεως,
3238 4234 3433 4304 μέχρις
3463 4235 3497 4303 ἡ
3509 4232 3626 4302 μῶν
3657 4231 3714 4285 δὲ

453 4336 675 4398 dicitur,
706 4332 975 4402 siquidem
1005 4330 1187 4384 divina
1221 4327 1462 4399 cognitio
1477 4327 1546 4381 ab
1577 4327 1788 4396 angelis
1814 4341 2034 4391 exorsa,

453 4434 603 4478 certo
635 4425 872 4493 quodam
915 4422 1130 4484 ordine,
1169 4420 1234 4472 ad
1263 4419 1515 4472 homines
1542 4431 1715 4486 usque
1754 4417 2033 4486 pertingit.

451 4515 555 4571 Per
581 4515 862 4570 Christum
896 4526 1132 4581 namque
1157 4519 1321 4580 caput
1345 4517 1592 4564 nostrum
1643 4508 1695 4562 hi
1732 4517 1785 4562 et
1819 4508 1892 4562 illi
1946 4510 2032 4563 iu—
2070 4499 2113 4554 Ι)

453 4618 535 4662 ter
558 4623 617 4663 se
649 4607 884 4660 invicem
918 4604 1029 4674 apti
1065 4610 1213 4656 sunt.

527 4698 724 4765 "1,13.
764 4697 873 4762 Qui
901 4697 1057 4750 habet
1085 4710 1264 4759 aures,
1297 4694 1484 4748 audiat
1515 4693 1644 4763 quid
1675 4691 1914 4762 Spiritus
1944 4693 2031 4745 di-

451 4801 536 4847 cat
597 4791 869 4846 Ecclesiis.

524 4882 840 4939 Istiusmodi
863 4896 1048 4937 aurem
1083 4889 1140 4935 ut
1165 4890 1219 4934 et
1245 4894 1344 4934 nos
1375 4894 1812 4949 consequamur,
1849 4880 2028 4949 preci-

431 4983 556 5044 .hus
588 4981 655 5036 ad
691 4979 860 5034 Deum
894 4977 1032 5034 fusis
1063 4975 1332 5032 iudelessc
1371 4975 1790 5030 contendamus.

1067 5111 1296 5168 CAPUT
1323 5110 1415 5165 IX.

451 5235 649 5301 Qualia
673 5227 1083 5286 Laodicensium
1105 5226 1356 5349 Eccle‘siw
1389 5223 1575 5294 angelo
1599 5221 1900 5294 signiﬁcata
1913 5223 2030 5300 {uc-

1160 5313 1245 5349 rtn
1274 5333 1288 5349 .

1160 5313 1288 5351 νιηι.

522 5444 608 5506 ΙΙΙ,
640 5443 727 5496 Η.
784 5437 850 5494 Ει
879 5437 1064 5508 angelo
1096 5432 1343 5490 Laodica:
1371 5433 1620 5486 Ecclesia:
1660 5431 1866 5485 scribe:
1903 5429 2028 5484 ﬂare

451 5537 578 5588 dicit
605 5537 792 5596 Amen,
824 5533 967 5587 testis
996 5529 1170 5600 ﬁdelis
1205 5539 1254 5583 et
1287 5539 1459 5592 verus,
1491 5527 1580 5595 qui
1605 5537 1680 5579 est
1708 5524 2027 5593 principium

451 5637 712 5680 ereatnra’
750 5625 867 5679 Dei.

523 5714 832 5770 Fidelitatis
863 5730 996 5771 voce
1022 5713 1225 5770 Christi
1253 5712 1456 5768 veritas
1507 5710 1612 5765 hoc
1640 5709 1757 5764 loco
1788 5708 2028 5764 insinua-

453 5815 544 5865 tur
576 5825 587 5861 :
620 5815 714 5862 aut
776 5807 978 5890 verius,
1013 5808 1163 5862 illum
1192 5820 1314 5861 esse
1377 5804 1673 5873 ipsummet
1704 5804 1886 5864 Amen,
1944 5799 2028 5854 vel

2141 4331 2584 4402 καταντησάσης,
2613 4327 2996 4397 συναφθέντων
3033 4324 3300 4395 ,ἀλλήλοις
3343 4322 3431 4376 διὰ
3479 4320 3718 4392 Χριστοῦ

2141 4428 2240 4495 τῆς
2272 4423 2514 4495 κεφαλῆς
2538 4422 2719 4493 ἡμῶν.

2229 4689 2282 4743 ⁴0
2339 4689 2498 4757 ἔχων
2537 4682 2668 4752 οὖς,
2704 4681 3024 4739 ἀκουσάτω
3073 4681 3132 4735 tl
3167 4680 3236 4734 τὸ
3270 4677 3517 4749 Πνεῦμα
3557 4679 3721 4748 λέγει

2141 4783 2273 4849 ταῖς
2307 4779 2712 4848 Ἐκκλησίαις.

2234 4871 2332 4945 [Ὃ
2361 4871 2521 4940 ἔχων
2549 4864 2678 4935 οὖς,
2707 4864 3076 4937 damnatith
3108 4895 3178 4905 —
3203 4862 3408 4917 Τούτου
3440 4863 3534 4916 τοῦ
3553 4863 3719 4916 ὠτίου

2143 4968 2237 5021 καὶ
2267 4965 2638 5036 ἡμεῖςτυχείν
2665 4959 2975 5030 εὐξώμεθα.

2742 5098 2996 5153 ΚΕΦΛΛ.
3027 5094 3103 5150 9'.

2145 5222 2221 5276 Τὰ
2250 5216 2596 5286 δηλωθέντα
2634 5211 2784 5286 πρὸς
2809 5210 2908 5286 τὸε-
2944 5208 3055 5286 τῆς
3086 5207 3425 5262 Λαοδικέων
3476 5209 3718 5277 Ἐκκλη-

2704 5283 2845 5346 σίας
2869 5280 3147 5350 ἄγγελον.

2210 5427 2315 5481 Καὶ
2346 5423 2428 5488 τῷ
2474 5420 2706 5489 ἀγγέλῳ
2757 5415 2866 5485 τῆς
2895 5416 2965 5469 ἐν
2994 5413 3310 5480 Λαοδικε’ᾳ
3353 5413 3720 5481 Euxino/ar;

2139 5519 2374 5588 πιοάψον
2409 5531 2423 5544 ·
2459 5511 2609 5567 Τάδε
2636 5511 2798 5577 λέγει
2825 5510 2858 5561 ὁ
2895 5505 3093 5574 Ἀμὴν,
3127 5509 3159 5559 ὁ
3181 5503 3413 5572 μάρτυς
3445 5507 3477 5556 ό
3503 5502 3722 5567 πιστὸς

2140 5609 2238 5663 καί
2293 5603 2601 5671 ἀληθινὸς,
2632 5603 2670 5668 ή
2725 5596 2883 5667 ἀρχὴ
2944 5595 3054 5665 τῆς
3092 5597 3343 5660 κτίσεως
3385 5593 3493 5647 τοῦ
3544 5591 3714 5646 Θεοῦ.

2214 5699 2323 5752 Καὶ
2348 5697 2436 5750 διὰ
2467 5694 2562 5747 τοῦ
2607 5692 2801 5745 πιστοῦ
2834 5692 2867 5759 ἡ
2905 5690 3130 5758 ἀλήθεια
3177 5685 3269 5739 τοῦ
3319 5685 3556 5755 Χριστοῦ
3605 5685 3716 5736 δείσ-

2141 5808 2354 5849 κνυταιο
2389 5787 2591 5861 μᾶλλον
2622 5786 2679 5840 δὲ
2699 5786 2782 5839 ὅτι
2808 5783 2969 5848 αὐτὸς
2997 5780 3264 5850 οὐσιὼδης
3290 5781 3440 5832 ἐστὶν
3465 5777 3715 5846 ἀλήθεια.
