4070 6434
327 418 443 484 249
1291 418 1900 485 COMMENTARIUS
1935 417 2016 482 IN
2058 419 2584 482 APOCALYPSIN.
3490 427 3602 491 ‘250

342 531 520 601 Ἆρχὴ
553 525 630 603 [δὲ
664 529 776 599 τῆς
804 530 1059 595 κτίσεως
1150 528 1274 581 ἀντὶ
1322 528 1442 595 τοῦ,
1477 532 1733 601 βασιλεία
1761 549 1775 564 ·
1817 531 1904 585 καὶ

2018 529 2349 598 ipsissimam
2407 529 2691 585 veritatem
2743 543 2841 600 per
2881 531 3202 596 essentiam,
3255 533 3356 589 hac
3415 539 3599 605 pltrasi

325 622 477 696 ἀρχὴ
507 623 747 686 πάντων,
776 621 852 686 ὡς
881 620 989 675 τῶν
1012 620 1331 691 κτισμάτων
1350 623 1706 688 δεσπόζουσα.
1753 622 1806 676 Ἀ
1819 624 1904 694 pr)

2029 620 2324 677 indicatur.
2350 619 2591 675 Vocatur
2621 630 2804 675 autem
2823 633 3082 678 creatura:
3101 625 3446 694 principium,
3472 629 3600 696 quia

325 715 443 784 γὰρ
497 711 640 786 [τῆς]
692 712 926 776 κτίσεως
995 713 1030 782 ἡ
1083 713 1542 783 προκαταρκτικὴ
1616 713 1767 766 αἰτία
1824 714 1904 765 κα¹

2021 719 2106 765 est
2131 713 2498 780 primordialis
2527 721 2582 766 et
2612 713 2853 768 increata
2883 715 3131 782 ejusdem
3162 732 3379 770 causa:
3417 719 3500 772 vel
3530 721 3601 773 ob

329 807 617 868 ἄκτιστος.

2022 803 2073 856 id
2105 811 2372 858 creaturas
2425 803 2569 874 ἀρχὴ
2619 814 2867 870 vocatur,
2899 808 3029 874 quia
3062 806 3376 862 absolutum
3423 809 3478 863 in
3514 821 3602 865 res

2020 906 2212 946 omnes
2234 891 2524 961 productas
2559 892 2922 963 principatum
2951 905 3120 950 tenet.

2091 981 2178 1046 111,
2213 983 2301 1050 15,
2333 983 2420 1038 l6.
2457 983 2580 1038 Scio
2612 998 2771 1053 opera
2803 995 2914 1051 tua,
2955 989 3094 1056 quod
3153 1003 3316 1059 neque
3363 990 3597 1060 frigidus

2017 1090 2093 1138 es,
2124 1089 2284 1142 neque
2306 1074 2515 1128 calidus
2546 1089 2566 1128 :
2598 1076 2803 1131 utinam
2859 1077 3082 1146 frigibus
3125 1096 3282 1145 esses,
3323 1091 3419 1135 aut
3466 1082 3602 1136 cali—

2017 1166 2155 1219 (ius!
2184 1166 2287 1222 Sed
2327 1167 2452 1237 quia
2496 1168 2701 1235 tepidus
2723 1184 2799 1231 es,
2827 1178 2877 1222 et
2905 1186 2996 1222 nec
3037 1170 3268 1240 [rigidus
3319 1189 3411 1228 nec
3463 1175 3600 1227 cati-

2016 1257 2141 1324 dus,
2190 1259 2444 1326 incipiam
2495 1269 2543 1312 te
2568 1274 2799 1313 evomere
2831 1274 2896 1313 ex
2911 1275 3002 1314 ore
3030 1277 3162 1316 meo.

2088 1349 2226 1403 Cum
2256 1348 2534 1403 hominem
2569 1357 2823 1404 accurate
2847 1351 3050 1418 vivere,
3086 1352 3188 1406 hoc
3212 1361 3316 1417 est,
3345 1353 3425 1406 vel
3450 1355 3587 1408 insi-

2017 1441 2187 1511 gniter
2233 1440 2453 1508 fervere,
2491 1441 2571 1495 vel
2623 1442 2907 1509 insigniter
2932 1441 3124 1511 frigere
3160 1451 3436 1511 nporteat,
3479 1460 3596 1498 mc-

2016 1531 2122 1586 rito
2148 1529 2660 1600 (inquitGregorius
2693 1530 3207 1601 Theologus)dlcit:
3243 1532 3460 1586 Utinam
3495 1535 3596 1603 fri-

2014 1620 2168 1691 gidus
2191 1630 2282 1674 aut
2311 1622 2544 1690 fervidus
2569 1623 2747 1676 esses!
2777 1621 3056 1692 Siquidem
3106 1623 3200 1693 qui
3253 1625 3477 1679 omnino
3500 1626 3599 1678 ad-

407 980 555 1038 Οἶδά
598 997 716 1037 σου
751 983 825 1037 τὰ
871 981 1042 1053 ἔργα·
1083 982 1172 1037 ὅτι
1221 983 1360 1037 οὔτε
1394 983 1629 1052 ψυχρὸς
1667 975 1742 1050 εἷ,
1779 984 1919 1038 οὔτε

333 1075 544 1139 ζεστὸς
599 1073 713 1148 [ὅτι
763 1077 1010 1143 χλιαρὸς
1037 1071 1136 1146 ei].
1178 1071 1446 1143 Ὄφελον
1491 1075 1730 1144 Ψυχρῦς
1758 1069 1835 1145 ἦς
1877 1075 1916 1144 ’ἦ

331 1164 567 1230 ζεστός]
592 1162 792 1231 Οὕτως
831 1167 922 1219 ὄτι
957 1163 1209 1235 χλιαρὸς
1246 1159 1320 1230 εἴ,
1348 1166 1447 1218 καὶ
1489 1167 1626 1219 οὔτε
1685 1160 1915 1232 ζεστὸς,

331 1255 475 1311 οὔτε
502 1259 761 1326 ψυχρός.

403 1349 517 1403 Καὶ
563 1351 591 1403 ὁ
624 1348 884 1416 Θεολόγος
926 1348 1061 1418 φησι
1097 1345 1428 1419 Γρηγόριος·
1460 1347 1608 1402 Δέον
1658 1349 1916 1416 ἀκριϐῶς

331 1433 474 1507 ζεῖν,
495 1439 532 1510 ἣ
551 1441 804 1510 ἀκριϐῶς
819 1440 1182 1509 ἀπεψύχθαι.
1206 1435 1447 1503 Εἰκότως
1473 1456 1486 1470 °
1505 1441 1532 1492 ό
1558 1440 1656 1510 μὲν
1683 1441 1790 1510 γὰρ
1809 1440 1914 1510 ψυο

330 1532 488 1604 χρδς,
517 1534 610 1585 καὶ
636 1531 733 1603 τῆς
753 1531 979 1602 ζεούσης
1025 1529 1263 1594 πίστεως
1294 1532 1585 1600 ἄγευστος,
1645 1533 1703 1583 ὲν
1737 1533 1914 1585 ἐλπίδι

327 1618 598 1686 πολλάκις
640 1621 790 1676 ἔσται
837 1618 932 1684 τοῦ
995 1623 1180 1692 τυχεῖν
1210 1622 1382 1692 αὐτῆς
1414 1638 1426 1651 ·
1454 1622 1482 1674 ὁ
1517 1622 1573 1674 δὲ
1618 1621 1786 1686 ζέσας
1823 1622 1914 1676 διὰ

320 1710 425 1764 τοῦ
469 1711 850 1781 βαπτίσματος
878 1711 954 1782 τῷ
981 1710 1280 1780 Πνεέματι,
1319 1712 1412 1764 καὶ
1449 1711 1786 1781 ἀποψυχθεὶς
1824 1712 1904 1765 διὰ

2015 1713 2123 1766 huc
2157 1711 2340 1782 friget,
2367 1713 2470 1766 hoc
2493 1722 2596 1778 est,
2627 1712 2886 1767 ferventis
2913 1713 3035 1768 fidei
3068 1728 3261 1768 exsors
3291 1722 3397 1776 est,
3435 1727 3597 1783 pror-

327 1803 610 1874 ῥᾳθυμίαν
651 1804 904 1876 ὕστερον,
934 1804 1113 1875 ἑαυτῷ
1159 1805 1257 1866 τὰς
1303 1803 1530 1865 ἐλπίδας
1581 1803 1681 1872 τῆς
1733 1817 1904 1873 σωτη-

2013 1816 2109 1856 sus
2141 1817 2291 1872 spem
2324 1801 2454 1856 facit
2483 1802 2596 1856 fore
2626 1813 2685 1857 ut
2713 1818 2833 1857 eam
2867 1805 3161 1874 aliquando
3201 1814 3594 1873 consequatur,

328 1867 456 1963 ρίας
481 1867 753 1964 έξέκοψε,
779 1867 1096 1960 καταγνοὺς·
1139 1895 1237 1962 τῆς
1289 1892 1603 1962 αἱρεθείσης
1638 1867 1904 1956 πίστεως.

2012 1867 2259 1960 adeoque
2287 1906 2354 1945 ex
2400 1891 2596 1960 frigido
2643 1891 2887 1947 fervidus
2914 1867 3152 1948 evadat:
3207 1903 3264 1948 at
3324 1867 3456 1946 vero
3502 1895 3594 1962 qui

333 1982 562 2053 Ἔργοις
603 1981 703 2052 μὲν
730 1982 839 2053 γὰρ
869 1983 970 2035 οὐκ
999 1983 1364 2052 ἀπογνωστέα
1407 1983 1440 2052 ἡ
1490 1983 1722 2051 μεσότης
1752 1997 1768 2014 ο
1798 1981 1904 2034 ῶσ-

2008 1999 2106 2054 per
2131 1984 2467 2053 baptismum
2517 1984 2713 2053 spiritu
2769 1984 3010 2040 fervidus
3038 1986 3206 2040 semel
3263 1985 3502 2051 exstitit,
3543 1996 3599 2038 et

324 2089 436 2143 περ
467 2073 496 2126 ό
523 2074 746 2145 ἔννομος
774 2077 968 2144 γάμος,
1008 2074 1173 2145 μέσος
1201 2073 1278 2127 ὢν
1303 2074 1603 2143 παρθενίας
1629 2073 1727 2126 καὶ
1764 2091 1902 2143 πορ-

2007 2083 2196 2142 postea
2228 2088 2322 2142 per
2354 2073 2622 2143 ignaviam
2655 2073 2910 2143 intepuit,
2948 2074 3261 2128 ille'salutis
3286 2089 3440 2142 spem
3490 2072 3595 2126 sibi

325 2163 498 2229 νείας,
527 2166 625 2219 οὐκ
655 2167 978 2237 ἀπόϐλητος·
1010 2167 1065 2219 ὲν
1094 2165 1149 2218 δὲ
1177 2167 1244 2236 τῇ
1275 2166 1476 2230 πίστει,
1505 2165 1565 2216 τὸ
1611 2165 1778 2236 μέσον
1809 2165 1904 2219 καὶ

2007 2167 2106 2236 ipsi
2142 2166 2546 2236 quodammodo
2583 2168 2906 2235 amputavit;
2958 2167 3061 2220 fide
3098 2168 3382 2229 nimirum,
3429 2179 3594 2234 quam

325 2257 551 2328 χλιαρὸν
573 2259 854 2328 ἀδόκιμον.

2007 2267 2133 2313 ante
2166 2257 2481 2326 complexus
2506 2257 2814 2322 videbatur,
2854 2259 3157 2328 repudiata.
3193 2258 3338 2312 Sane
3371 2258 3425 2310 in
3462 2271 3596 2324 ope-

327 2349 481 2404 ribus
513 2351 771 2414 extcrnis,
804 2349 948 2419 quod
1001 2347 1242 2403 medium
1302 2356 1505 2414 servat,
1532 2363 1639 2402 non
1698 2356 1783 2403 est
1832 2364 2050 2419 semper
2095 2347 2486 2417 respuendum,
2547 2350 2704 2418 quasi
2742 2364 2866 2402 cum
2941 2349 3076 2402 vitio
3106 2349 3178 2403 sit
3238 2348 3592 2416 conjunclum

328 2446 530 2512 (neque
565 2443 714 2499 enim
752 2443 1051 2512 legitimum
1091 2442 1435 2512 conjugium,
1481 2443 1627 2511 quod
1663 2442 1898 2497 medium
1924 2449 2072 2496 tenet
2105 2441 2246 2494 inter
2305 2439 2634 2509 virginitatis
2696 2441 3006 2494 custodiam
3071 2450 3125 2493 et
3180 2455 3368 2508 vagam
3409 2439 3592 2493 libidi-

327 2553 477 2605 nem,
497 2545 581 2592 est
607 2535 1127 2606 condemnandum).
1151 2535 1221 2589 At
1250 2551 1377 2589 vero
1406 2533 1668 2599 medium,
1709 2535 1814 2591 hoc
1843 2543 1926 2588 est
1953 2533 2193 2602 tepidum
2229 2532 2280 2586 in
2310 2532 2434 2597 fide,
2462 2532 2584 2601 jure
2614 2533 2682 2584 ab
2718 2531 2971 2586 omnibus
3013 2529 3376 2600 improbatur.

394 2629 611 2686 Μέλλω
658 2643 734 2682 σε
763 2627 971 2696 ἐμέσαι
1015 2627 1086 2681 ἐκ
1118 2623 1225 2680 τοῦ
1263 2628 1563 2696 στόματός
1613 2645 1734 2697 μου
1759 2645 1772 2659 ο
1808 2627 1901 2681 ὅτι

324 2721 544 2790 λέγεις,
571 2719 873 2785 Πλούσιός
902 2720 1040 2786 εἰμι,
1066 2717 1165 2770 καὶ
1203 2717 1618 2784 πεπλούτηκα,
1651 2718 1750 2772 καί
1799 2719 1902 2772 οὐ·

324 2810 503 2876 δενὸς
557 2809 767 2878 χρείαν
815 2809 955 2878 ἔχω.
1016 2809 1126 2864 Kal
1190 2808 1303 2862 οὐκ
1359 2801 1531 2875 οἶδας
1583 2805 1676 2862 ὅτι
1730 2807 1813 2862 σὺ
1852 2811 1906 2863 εί

325 2902 360 2954 ό
406 2899 801 2965 ταλαίπωρος,
836 2897 958 2968 [καὶ
1004 2895 1313 2968 ἐλεεινὸς-Α
1358 2897 1457 2950 καὶ
1498 2895 1754 2966 πτωχὸς,
1808 2895 1907 2951 καὶ

326 2990 583 3060 τυφλός,
613 2989 712 3042 καὶ
751 2989 999 3058 γυμνός.

391 3083 606 3153 Ὠσπερ
651 3081 781 3151 γὰρ,
812 3081 966 3152 φησι,
1011 3081 1072 3134 τὸ
1104 3080 1326 3153 χλιαρὸν
1369 3082 1568 3152 ἔμετον
1617 3080 1760 3133 κινεῖ
1793 3079 1908 3142 τοῖς

2075 2624 2159 2688 Ill,
2194 2625 2280 2688 16,
2317 2625 2403 2677 17.
2429 2623 2691 2692 Incipiant
2727 2633 2777 2676 te
2814 2638 3048 2675 evomere
3077 2636 3140 2675 ea:
3167 2637 3259 2673 ore
3295 2637 3428 2685 meo,
3467 2620 3596 2691 quia

2002 2716 2135 2770 dicis
2173 2731 2192 2770 :
2221 2715 2377 2768 Dives
2407 2731 2547 2778 sum,
2578 2723 2624 2767 et
2649 2714 3024 2783 locupletatus,
3053 2721 3101 2765 et
3132 2710 3328 2764 nullius
3365 2726 3518 2780 egeo;
3543 2719 3596 2765 et

2004 2807 2167 2858 nescis
2191 2805 2317 2874 quia
2341 2816 2398 2857 tu
2436 2820 2490 2859 es
2524 2805 2703 2870 miser,
2737 2813 2787 2858 et
2833 2801 3173 2866 miserabilis,
3215 2812 3265 2856 et
3291 2816 3514 2871 pauper,
3533 2794 3596 2857 'e:

2003 2909 2195 2961 cwcus,
2225 2903 2275 2948 et
2297 2893 2494 2948 nudus.

2086 3069 2580 3136 Quemadmodum,
2618 3069 2817 3139 inquit,
2841 3069 3083 3139 tepidum
3133 3069 3200 3124 iis
3229 3067 3376 3123 ciere
3411 3068 3590 3123 vomi-

328 3173 858 3244 μεταλαμὸάνουσιν,
890 3171 1032 3224 οὕτω
1049 3169 1205 3240 κάγώ
1225 3189 1280 3225 σε
1303 3173 1376 3235 ὡς
1396 3171 1684 3240 βδελυκτὺν
1709 3170 1904 3240 βρῶμα

2011 3171 2125 3217 tum
2161 3163 2301 3218 solet
2340 3162 2435 3232 qui
2475 3162 2606 3216 illud
2634 3170 2962 3227 assumunt,
2997 3162 3070 3216 ita
3107 3177 3206 3230 ego
3251 3176 3470 3230 quoque
3499 3175 3596 3231 per

325 3264 512 3334 ὲμέσω
537 3263 628 3316 διὰ
659 3262 818 3330 λόγου
845 3263 1111 3332 στόματός
1141 3279 1243 3332 μου
1272 3263 1356 3326 εἰς
1389 3260 1607 3316 αἰώνιον
1637 3261 1858 3314 κόλασιν
1887 3277 1903 3292 ο

330 3357 414 3409 δτι
439 3356 554 3418 ταῖς
587 3352 852 3417 ἀκάνθαις
875 3352 972 3406 τοῦ
1004 3353 1236 3406 πλούτου
1267 3353 1359 3407 τὸν
1384 3354 1586 3425 σπόρον
1611 3353 1705 3406 τοῦ
1759 3353 1904 3406 θείου

333 3447 491 3516 λόγου
536 3446 943 3516 συμπνίγουσα,
975 3445 1076 3517 τὴν
1117 3445 1319 3514 ἑαυτῆς
1343 3447 1402 3498 ὲν
1443 3447 1555 3508 τοῖς
1599 3460 1904 3516 πνευματι-

334 3541 449 3602 κοῖς
499 3537 715 3606 ἀγνοεῖς
749 3536 1045 3607 πτωχείαν,
1109 3536 1207 3590 καὶ
1257 3535 1357 3606 τὴν
1389 3534 1499 3590 τῶν
1522 3536 1734 3606 νοητῶν
1760 3533 1904 3606 [σου]

325 3630 623 3700 ὀφθαλμῶν
673 3628 969 3700 τύφλωσιν,
1000 3629 1095 3682 καὶ
1137 3630 1237 3699 τὴν
1266 3627 1325 3694 ἐξ
1376 3627 1599 3697 ἀγαθῶν
1651 3627 1905 3697 πράξεων

325 3739 398 3791 γυ
405 3739 636 3794 μνωσιν.

398 3905 792 3973 Συμϐουλεύω
835 3917 932 3955 σοι
970 3899 1262 3968 ἀγοράσαι
1297 3897 1434 3965 παρ’
1466 3895 1613 3966 ἐμοῦ
1643 3895 1904 3966 χρυσίον

323 3994 757 4064 πεπυρωμένον
802 3993 871 4046 ἐκ
922 3993 1134 4060 πυρὸς,
1192 3991 1293 4044 ἵνα
1348 3987 1734 4054 πλουτήσῃς·
1805 3986 1905 4040 καὶ

323 4085 525 4158 ἱμάτια
550 4083 762 4150 λευκὰ,
789 4083 890 4136 ἵνα
919 4081 1233 4150 περιϐάλῃ,
1269 4080 1370 4134 καὶ
1405 4081 1488 4148 μὴ
1520 4077 1833 4148 φανερωθῇ
1865 4078 1904 4146 ἡ

321 4180 589 4246 αἰσχύνη
637 4175 749 4246 τῆς
795 4168 1165 4245 γυμνότητός
1217 4187 1364 4226 σου·
1421 4170 1520 4223 καί
1577 4171 1904 4240 κολλύριον

322 4271 610 4340 ἓγχρισον
639 4267 780 4334 τσὺς
819 4265 1165 4335 ὀφθαλμούς
1192 4278 1332 4326 σου,
1364 4264 1465 4316 ἵνα
1491 4259 1758 4328 βλέπῃς.

397 4361 460 4414 El
503 4356 559 4412 δὲ
607 4356 904 4428 πλουτῆσαι
951 4354 1136 4426 βούλῃ,
1175 4355 1330 4423 φησὶ,
1389 4351 1744 4422 συμϐουλεύω
1794 4367 1900 4416 σοι,

2009 3257 2236 3311 verbum
2271 3258 2388 3310 oris
2435 3256 2540 3308 mei
2598 3263 2650 3310 te
2685 3255 2851 3308 veluti
2880 3255 3270 3308 exsecrabilem
3295 3269 3477 3307 escam
3537 3254 3592 3307 in

2007 3347 2406 3416 sempiternum
2438 3346 2762 3414 supplicium
2790 3359 3075 3412 exspuam.
3104 3343 3242 3397 Nam
3275 3344 3592 3398 divitiarum

2007 3437 2181 3506 Spinis
2213 3435 2448 3498 obsitus,
2472 3434 2642 3487 divini
2685 3434 2836 3487 verbi
2873 3448 3057 3488 semen
3092 3433 3146 3486 in
3204 3443 3255 3488 te
3295 3433 3588 3503 praefocas,

2005 3538 2266 3598 tuamque
2295 3529 2346 3581 in
2366 3527 2529 3582 rebus
2545 3525 2888 3594 spiritalibus
2923 3522 3162 3593 inopiam
3198 3523 3462 3592 ignoras;
3491 3537 3592 3577 ne-

2006 3635 2112 3690 que
2139 3619 2466 3674 interiorum
2498 3617 2784 3671 oculorum
2815 3628 3035 3669 tuorum
3064 3614 3366 3668 cazcitatem
3401 3598 3585 3678 curas,

2006 3727 2186 3783 neque
2216 3720 2363 3766 tuam
2389 3723 2611 3780 quoque
2636 3723 2665 3762 a
2683 3706 2848 3762 bonis
2876 3705 3138 3777 operibus
3163 3704 3466 3759 nuditatem
3497 3718 3592 3759 sa-

2007 3806 2078 3860 tis
2113 3811 2370 3858 accurate
2393 3801 2735 3857 consideras.

2080 3897 2182 3966 17
2205 3892 2294 3958 111,
2318 3893 2406 3948 18.
2439 3891 2651 3948 Suadeo
2681 3890 2779 3946 tibi
2799 3905 2967 3945 emere
2995 3906 3026 3943 a
3048 3903 3130 3942 me
3152 3903 3342 3941 aurum
3369 3887 3594 3956 ignitum

2004 3987 2318 4058 probatum,
2353 3994 2410 4038 ut
2462 3984 2692 4053 locuples
2727 3983 2830 4052 ﬁas
2859 3996 2878 4034 :
2904 3990 2953 4034 et
2980 3980 3305 4035 vestimentis
3335 3977 3470 4032 albis
3505 3977 3593 4030 in-

2005 4079 2225 4143 duaris,
2261 4087 2318 4132 ut
2359 4093 2462 4130 non
2501 4083 2755 4145 appareat
2784 4073 3026 4140 confusio
3066 4071 3326 4124 nuditatis
3359 4081 3464 4122 tuw
3494 4084 3513 4122 :
3544 4075 3596 4122 et

2004 4171 2225 4240 collyrio
2261 4170 2455 4238 immge
2485 4167 2664 4220 oculos
2703 4176 2841 4230 tuos,
2876 4175 2932 4216 ut
2963 4164 3160 4216 videas.

2076 4345 2134 4400 Si
2163 4345 2430 4400 ditescere
2471 4342 2657 4408 lubet,
2697 4355 2728 4395 a
2771 4355 2875 4404 me,
2914 4338 3110 4408 inquit,
3146 4337 3240 4407 qui
3273 4350 3432 4390 veras
3481 4346 3595 4390 sta-

322 4455 456 4522 παρ⁹
504 4450 639 4522 ἐμοῦ
686 4427 807 4504 τοῦθ
839 4445 1218 4510 πλουτίζοντος
1275 4443 1578 4515 κτήσασθαι
1640 4440 1900 4513 προθέσει

2009 4438 2251 4506 bilesque
2271 4451 2404 4506 opes
2446 4435 2671 4505 largior,
2707 4431 2940 4487 ferventi
2969 4430 3243 4484 desiderio
3282 4427 3595 4495 valentique

323 4513 656 4615 {action-nat
690 4540 888 4612 καρδίᾳ
920 4539 1171 4611 θελούσῃ,
1219 4513 1441 4606 χρυσίον
1471 4533 1898 4603 πεπυρωμένον,

2010 4530 2192 4584 animo
2219 4527 2450 4598 ignitum
2475 4539 2670 4580 aurum
2689 4525 2892 4587 emito;
2915 4535 3108 4589 nempe
3135 4535 3307 4574 sacra:
3331 4518 3594 4574 doctrina:

323 4630 561 4704 [ἧγουνξ
601 4629 694 4684 τὸν
741 4627 1120 4683 διδασκαλικὸν
1165 4625 1344 4693 λόγον,
1386 4623 1478 4677 τὸν
1506 4624 1584 4693 τῷ
1618 4625 1753 4690 πυρὶ
1790 4622 1900 4674 τῶν

324 4723 654 4796 πειρασμῶν
689 4717 1174 4791 λαμπρυνόμενον·
1206 4716 1275 4770 δι’
1303 4710 1364 4770 οὗ
1397 4715 1539 4781 ἕξεις
1571 4716 1630 4768 ὲν
1661 4717 1726 4784 τῇ
1763 4730 1900 4784 καρ-

322 4813 414 4882 δίᾳ
456 4812 547 4864 τὸν
577 4810 852 4880 θησαυρὸν
883 4807 1098 4870 ἄσυλον,
1137 4805 1232 4859 καὶ
1265 4805 1532 4875 περιϐαλῇ
1572 4804 1670 4871 τὴν
1703 4803 1899 4874 στολὴν

322 4905 431 4956 τῶν
463 4902 674 4972 ἀρετῶν
705 4901 803 4973 τὴν
846 4899 1271 4972 ὑπέρλαμπρον’
1308 4896 1375 4949 δι’
1404 4892 1472 4966 ἦς
1513 4896 1570 4966 ’δ’
1607 4910 1900 4964 προσγενο-

325 4995 468 5064 μένη
518 5011 601 5046 σοι
654 4993 714 5058 ἐξ
765 4990 1037 5061 ἁμαρτίας
1092 4988 1542 5058 ἀμφιασθήσεται
1594 4987 1899 5056 γύμνωσις.

324 5085 661 5151 Κολλύριον
684 5083 762 5147 δὲ,
787 5083 821 5150 ἡ
844 5078 1219 5151 ἁκτημοσύνη.
1249 5079 1310 5132 Εἰ
1335 5078 1443 5148 γὰρ
1469 5077 1618 5148 δῶρα
1642 5077 1901 5146 ὲκτυφλοῖ

319 5175 639 5245 ὀφθαλμοὺς
675 5174 1005 5244 βλεπόντων,
1046 5173 1266 5233 τούτους
1306 5171 1525 5234 πάντως
1589 5169 1795 5236 ἀνοίγει
1837 5168 1899 5220 τὸ

320 5265 598 5336 ἀδωροδόκ
609 5281 754 5333 ητον.

407 5437 556 5512 Ἐγὼ
586 5439 768 5506 ὅσους
819 5440 928 5494 ἐὰν
977 5437 1153 5509 φιλῶ,
1200 5437 1427 5507 ἐλέγχω
1473 5435 1574 5491 καί
1613 5437 1894 5493 παιδεύω.

324 5531 620 5599 Ζήλωσον
647 5525 763 5586 οὖν
787 5530 885 5584 καὶ
908 5531 1316 5600 μετανόησον.

397 5621 418 5695 [
445 5623 593 5691 Ἐγὼ
619 5621 805 5688 ὅσους
837 5622 944 5675 ἐὰν
976 5619 1152 5691 φιλῶ,
1181 5619 1426 5689 ἐλέγχω.
1453 5649 1525 5659 -
1547 5618 1566 5690 ]
1601 5619 1776 5674 Βαϐαὶ
1797 5620 1898 5690 τῆς

329 5716 770 5789 φιλανθρωπίαςι
799 5715 938 5786 πόσῃ
959 5715 1253 5784 ἁγαθότητι
1286 5715 1313 5766 ό
1346 5712 1565 5782 ἔλεγχος
1600 5713 1894 5781 κέκραταιέ

412 5807 568 5864 ἰδοὺ
602 5807 839 5875 ,ἕστηκα
878 5808 973 5861 ἐπὶ
1011 5807 1124 5875 τὴν
1161 5807 1367 5873 θύραν,
1401 5805 1497 5858 καὶ
1535 5806 1756 5873 κρούω·
1790 5805 1897 5858 ἐὰν

2005 4620 2229 4675 verbum
2276 4619 2401 4687 igne
2434 4616 2798 4671 tcntationum
2831 4613 3176 4683 exploratum
3214 4608 3593 4679 splendidum-

2003 4727 2109 4781 que
2154 4710 2448 4764 redditum.
2499 4707 2602 4762 Per
2645 4707 2752 4761 hoc
2795 4706 2940 4759 enim
2989 4703 3142 4758 cordi
3191 4710 3284 4755 tuo
3323 4699 3592 4768 ejusmodi

2004 4802 2297 4855 thesaurus
2335 4799 2604 4867 obtinget,
2632 4797 2725 4866 qui
2753 4810 2852 4850 nec
2883 4794 3074 4848 violari
3121 4807 3222 4846 nec
3246 4790 3408 4859 diripi
3435 4789 3594 4844 facile

2003 4892 2220 4960 poterit.
2253 4888 2632 4958 Vesticrisque
2665 4887 2949 4957 splendida
2997 4887 3265 4939 virtutum
3290 4883 3452 4944 stola,
3483 4897 3593 4950 qua

2003 4981 2242 5043 nuditas,
2278 4994 2444 5050 quam
2477 4993 2545 5032 ex
2575 4986 2801 5047 peccato
2829 4984 3207 5036 contraxeras,
3244 4979 3590 5040 contegi-tur.

2003 5071 2106 5125 Per
2149 5071 2429 5140 collyrium
2467 5078 2649 5125 autem
2699 5069 2930 5122 innuere
2972 5066 3192 5120 videtur
3238 5073 3588 5118 externarum

2002 5176 2182 5216 rerum
2210 5161 2516 5231 penuriam,
2549 5171 2951 5226 ntuueruntque
2979 5154 3418 5224 despicientiam.
3449 5147 3585 5201 Nam

1999 5251 2046 5307 si
2081 5253 2224 5306 dona
2291 5252 2590 5307 videntium
2627 5249 2818 5303 oculos
2858 5254 3172 5310 excaecant,
3203 5243 3430 5298 omnino
3463 5255 3585 5292 tnu-

2002 5357 2192 5397 nerum
2223 5342 2564 5411 contemptio
2591 5341 2692 5394 ltos
2721 5339 2951 5409 aperiet.

2071 5433 2159 5499 111,
2190 5434 2275 5490 19.
2312 5433 2424 5504 Ego
2448 5449 2575 5502 quos
2602 5449 2742 5494 amo,
2764 5446 2929 5500 arguo
2956 5437 3005 5483 et
3045 5425 3267 5493 castigo.
3300 5420 3586 5476 lEmulare

1999 5541 2120 5596 ergo
2137 5566 2151 5590 ,
2180 5536 2228 5580 et
2249 5526 2611 5595 paenitentiam
2643 5539 2759 5594 age.

2068 5616 2261 5685 Papae!
2311 5625 2516 5685 quanta
2561 5613 2656 5669 Dei
2699 5610 3024 5668 clementia!
3066 5619 3270 5678 quanta
3314 5609 3585 5664 suavitate

2000 5719 2053 5766 et
2083 5708 2416 5776 benignitate
2448 5705 2931 5776 reprehensionem
2964 5702 3259 5773 temperat!

2075 5799 2164 5869 111,
2191 5801 2279 5855 20.
2324 5803 2436 5868 qu
2474 5809 2556 5854 sto
2592 5797 2660 5851 ad
2693 5796 2885 5853 ostium
2929 5805 2977 5851 et
3011 5795 3182 5864 pulso.
3237 5793 3294 5849 Si
3326 5792 3441 5863 quis
3481 5808 3580 5844 au-
