4070 6404
449 371 560 439 εει
1629 366 1960 428 ΑΝῡΒΕΑἰ
1999 365 2520 426 (ΣΕΞΑΗΙΕΝἯε
3597 364 3712 429 252

459 491 614 544 dierit
661 501 834 542 suam
867 500 1068 548 mem,
1099 494 1149 537 et
1179 481 1442 550 aperuerit
1475 479 1608 532 mihi
1635 477 1896 546 iam,
1939 476 2031 529 iu-
2058 515 2062 535 λ

2166 469 2318 546 οὖν]
2367 492 2464 541 τις
2503 475 2744 542 ἀκούσῃ
2797 473 2909 541 τῆς
2946 474 3155 543 φωνῆς
3193 492 3316 544 μου
3349 476 3457 530 καὶ
3495 476 3714 545 ἀνοίξῃ

463 582 614 636 trabe
642 581 710 634 ad
751 580 926 644 illum,
960 590 1008 632 et
1037 576 1250 630 castrabo
1277 590 1396 628 eum
1425 573 1524 627 illo
1542 613 1559 639 ,
1583 583 1633 627 et
1668 574 1780 641 ipse
1805 586 2033 624 metu.

2163 565 2253 632 ’ὴν
2298 566 2509 632 θύραν,
2563 565 2985 632 εἰσελεύσομαι
3019 563 3170 632 πρὸς
3216 565 3424 629 αὐτὸν,
3458 566 3555 620 καί
3598 567 3717 620 δει-

2139 655 2354 724 πνήσω
2374 657 2501 726 μετ’
2534 657 2741 721 αὑτοῦ,
2772 655 2866 708 καί
2897 656 3079 720 αὐτὸς
3103 655 3230 724 μετ’
3263 655 3432 724 ἐμοῦ.

533 759 671 822 Mea,
707 756 900 826 inquit,
935 753 1225 824 praesentia
1266 753 1399 806 nulli
1440 751 1546 806 vim
1607 751 1784 806 allrrt.
1843 750 2039 805 Cordis

2214 747 2429 819 [Ἰδοὺ,
2485 742 2604 817 ἧκα
2631 745 2749 799 ’ἐπὶ
2792 747 2906 812 τὴν
2953 747 3161 814 θύραν,
3215 747 3313 800 καὶ
3365 749 3578 816 κρούω.
3610 747 3720 821 -]

465 849 664 904 ostium
698 846 888 914 pulso;
924 852 1172 912 prompte
1217 841 1484 910 aperienti
1532 856 1700 909 super
1735 841 1909 894 salute
1941 858 2039 895 sua

2163 836 2458 901 Ἀὃίαστος,
2495 837 2680 906 φησὶν,
2707 837 2739 905 ἡ
2769 835 2876 906 ἐμὴ
2912 836 3203 905 παρουσία.
3239 839 3352 906 Τὴν
3396 837 3566 908 θύραν
3617 839 3723 907 τῆς

467 937 739 1007 gratulor;
773 935 1030 1002 illamque
1084 933 1324 1000 opipara:
1353 947 1527 986 coenae
1568 932 1690 984 loco
1733 931 1874 985 duco
1914 949 1926 984 :
1962 931 2041 986 si-

2163 923 2369 994 ιαρδίας
2421 922 2634 994 κρούω·
2683 925 2778 976 καὶ
2818 925 2933 987 τοῖς
2978 923 3289 990 ἀνοίγουσιν
3322 924 3416 976 ἐπὶ
3443 926 3507 995 τῇ
3537 923 3722 977 αὐτῶν

465 1022 681 1091 quidem
719 1022 787 1075 iis
810 1021 973 1076 rebus
996 1022 1268 1090 przccipue
1297 1021 1485 1090 capior
1509 1030 1564 1074 et
1593 1035 1807 1088 pascor,
1837 1021 2042 1090 quibus

2163 1016 2389 1087 uotqpiq.
2439 1015 2923 1085 συνευφραίνομαι.
2960 1013 3182 1084 Τροφὴν
3224 1014 3333 1084 γὰρ
3369 1015 3466 1068 καὶ⁸
3505 1015 3722 1067 δεῖπνον

465 1111 566 1179 ipsi
619 1111 872 1179 spiritum
919 1112 1096 1174 alunt,
1149 1111 1460 1182 famemque
1511 1113 1766 1166 audiendi
1816 1114 2040 1168 verbum

2163 1103 2344 1174 ςαύτην
2372 1105 2608 1175 ἥγημαι,
2641 1105 2972 1174 τρεφόμενος
2999 1104 3084 1170 ἐφ’
3117 1097 3199 1166 οἷς
3222 1104 3374 1156 αὐτοὶ
3394 1105 3721 1173 τρέφονται,

465 1201 558 1257 Dei
584 1205 793 1270 sedant,
824 1220 888 1260 ac
912 1206 1117 1262 erroris
1145 1206 1397 1262 tenebras
1419 1207 1759 1276 propulsant.

2163 1195 2240 1250 ιαὶ
2294 1195 2385 1247 τὸν
2427 1195 2584 1264 λιμὸν
2640 1194 2735 1247 τοῦ
2788 1193 3019 1248 ἀκοῦσαι
3053 1195 3212 1262 λόγον
3266 1195 3472 1264 Κυρίου
3526 1196 3621 1248 καὶ
3661 1196 3724 1248 τὸ

2148 1287 2337 1350 σκότος
2368 1287 2469 1356 τῆς
2500 1286 2711 1355 πλάνης
2739 1286 3135 1356 ἀποφεύγουσι.

535 1380 624 1442 Ill,
651 1382 712 1436 il
736 1421 752 1446 ,
779 1382 870 1440 2‘2.
902 1385 1008 1449 Qui
1029 1383 1210 1438 vicerit
1233 1425 1246 1446 ,
1282 1384 1418 1436 dabo
1448 1384 1497 1436 ei
1531 1383 1708 1436 sedere
1751 1398 1948 1435 mecum
1993 1383 2045 1434 in

2235 1379 2296 1431 Ὀ
2323 1377 2528 1442 νικῶν,
2555 1377 2726 1430 δώσω
2750 1376 2910 1442 αὑτῷ
2939 1379 3182 1432 καθίσαι
3217 1380 3343 1448 μετ’
3370 1379 3516 1447 ἐμοῦ
3545 1379 3614 1432 ἐν
3646 1378 3725 1444 τῷ

470 1471 654 1525 throno
687 1489 796 1525 meo
818 1511 832 1536 ,
865 1475 998 1526 sicut
1029 1482 1078 1526 et
1104 1489 1195 1543 ego
1226 1474 1364 1535 vici,
1406 1482 1455 1526 et
1483 1473 1694 1526 consedi
1727 1489 1844 1524 cum
1886 1471 2049 1525 Patre

2163 1471 2338 1538 θρόνῳ
2370 1488 2490 1539 μου
2513 1485 2526 1498 °
2565 1469 2646 1536 ὡς
2683 1469 2844 1538 κάγὼ
2872 1470 3131 1537 ἐνίκησα
3167 1469 3263 1522 καί
3301 1468 3551 1523 ἐκάθισα
3573 1470 3728 1536 μετὰ

472 1575 584 1613 meo
625 1562 678 1614 in
715 1563 904 1616 throno
934 1563 1071 1630 ejus.
1107 1561 1212 1627 Qui
1241 1563 1392 1616 habet
1443 1579 1662 1626 aurem,
1703 1562 1888 1615 audiat
1922 1562 2048 1630 quid

2163 1561 2254 1615 τοῦ
2275 1562 2504 1628 Πατρός
2523 1577 2643 1628 μου
2663 1560 2733 1613 ἐν
2760 1560 2837 1624 τῷ
2863 1561 3052 1628 θρόνῳ
3082 1559 3291 1614 αὑτοῦ.
3327 1560 3388 1612 '0
3408 1559 3565 1628 ἔχων
3591 1555 3726 1627 οὖς,

473 1647 702 1715 Spiritus
734 1651 876 1704 dicat
903 1651 1175 1706 Ecclesiis.

2149 1648 2468 1703 ἀκουσάτω
2532 1650 2589 1702 τί
2646 1647 2711 1701 τὸ
2767 1647 3008 1718 Πνεῦμα
3060 1648 3224 1717 λέγει
3279 1648 3410 1716 ταῖς
3473 1649 3728 1717 Ἐκκλη-

2151 1741 2334 1806 σὶαις.

547 1824 652 1879 Per
703 1826 894 1880 solium
937 1843 1163 1898 regnum
1197 1828 1477 1898 futurique
1505 1829 1686 1884 saeculi
1721 1833 1936 1900 requies
1952 1833 2048 1887 de-

2221 1802 2320 1886 ,διὰ
2363 1832 2420 1886 δὲ
2449 1832 2552 1887 τοῦ
2590 1834 2806 1900 θρόνου
2847 1833 2880 1901 ἡ
2916 1830 3165 1900 βασιλεία
3220 1832 3314 1884 καὶ
3345 1831 3379 1900 ἡ
3415 1830 3724 1893 ἀνάπαυσις

476 1923 716 1969 notatur.
748 1915 836 1970 Ait
864 1933 992 1986 ergo
1025 1935 1039 1973 :
1074 1917 1331 1988 Quisquis
1365 1921 1597 1979 hostem.
1633 1921 1728 1989 qui
1757 1922 1860 1975 sub
1888 1939 2048 1990 aspe-

475 2014 623 2062 ctum
658 2022 762 2060 non
805 2009 990 2074 venit,
1033 2009 1322 2075 devicerit,
1365 2011 1454 2065 ille
1502 2027 1714 2066 mecum
1768 2015 2049 2084 regnabit,

477 2111 722 2166 meaeque
750 2097 933 2168 gloria:
983 2101 1253 2171 particeps
1293 2102 1421 2158 erit.
1458 2104 1594 2157 (lum
1639 2114 1820 2160 autem
1861 2107 2048 2172 addit,

479 2183 628 2239 Sicut
666 2195 715 2238 et
745 2202 836 2255 ego
867 2189 987 2252 vici,
1033 2189 1103 2243 ob
1133 2204 1466 2261 assumptam
1513 2207 1758 2259 carnem,
1796 2205 1854 2248 ut
1887 2197 2053 2249 bonio

478 2275 752 2345 loquitur;
787 2293 965 2348 neque
1003 2281 1148 2335 enim
1197 2281 1341 2338 Deus
1389 2283 1662 2347 Verbum,
1699 2285 1920 2342 cceleste
1963 2303 2053 2342 re-

477 2382 645 2436 gnum
693 2377 950 2441 tanquam
981 2373 1197 2428 virtutis
1232 2375 1516 2444 praemium
1559 2377 1855 2446 aliquando
1895 2379 2052 2444 tulit;

479 2455 680 2524 quippe
723 2458 816 2526 qui
857 2462 1178 2515 naturaliter
1206 2471 1260 2516 et
1308 2465 1376 2517 ab
1406 2466 1553 2518 onmi
1589 2469 1891 2522 .ctcrnitate
1922 2469 2052 2522 illud

479 2547 804 2614 possederit.
855 2549 970 2605 Nisi
1020 2553 1166 2606 enim
1209 2565 1398 2608 natura
1449 2571 1550 2610 sua
1595 2556 1666 2609 ita
1711 2569 2056 2627 comparatus

481 2646 649 2704 esset,
677 2639 798 2696 aliis
826 2639 957 2696 illud
988 2642 1254 2714 impertiri
1281 2662 1387 2700 non
1425 2658 1609 2717 posset
1640 2666 1654 2703 :
1690 2665 1813 2704 cum
1851 2659 2055 2715 tamen,

483 2729 784 2784 secundum
816 2733 1038 2788 tonitrui
1072 2734 1241 2790 ﬁlium
1275 2734 1630 2808 Tbcologum,
1653 2755 1749 2809 pro
1773 2741 2059 2811 p0testatis

486 2835 600 2874 suae
630 2822 968 2890 plenitudine
997 2827 1205 2882 sanctis
1235 2828 1364 2884 illud
1397 2829 1660 2901 impertiri
1692 2834 2056 2888 consueverit.

487 2910 566 2967 Ad
593 2915 838 2969 eamdem
873 2933 1089 2987 quoque
1119 2929 1439 2988 potestatem
1467 2933 1696 2992 spectat,
1724 2925 1935 2992 judices
1965 2926 2060 2981 de-

487 3003 710 3073 signare
736 3014 793 3061 et
824 3007 1146 3079 instituere;
1175 3014 1334 3068 sicuti
1360 3024 1582 3070 sanctos
1609 3017 1886 3085 apostolos
1919 3017 2060 3072 duo-

2151 1925 2244 1978 τοῦ
2275 1925 2556 1994 μέλλοντος
2577 1926 2771 1987 αἰῶνος
2800 1924 3094 1978 δείκνυται.
3125 1923 3262 1993 Φησὶ
3295 1924 3497 1984 τοίνυν,
3530 1924 3614 1976 ὅτι
3659 1923 3726 1975 Οἱ

2150 2018 2240 2070 τὸν
2288 2017 2482 2088 ἐχθρὸν
2528 2016 2874 2085 νικήσαντες,
2920 2013 3439 2084 συνδοξασθήσονταί
3495 2031 3586 2083 μοι
3631 2012 3730 2065 καὶ

2155 2125 2217 2160 συ
2227 2105 2666 2175 μῆασιλεύσουσι.
2697 2107 2770 2158 Τὸ
2793 2105 2869 2168 δὲ,
2910 2104 3006 2169 Ὠς
3027 2101 3187 2172 κάγὼ
3210 2103 3487 2169 ἐνίκησα,
3519 2101 3730 2170 ἀνθρω-

2155 2199 2326 2261 πίνως
2359 2198 2595 2267 εἴρηται,
2641 2197 2731 2250 διὰ
2784 2196 2886 2266 τὴν
2932 2193 3257 2266 πρόσληψιν.
3291 2193 3367 2247 Οὐ
3421 2191 3530 2263 γὰρ
3565 2189 3728 2246 ἆθλον

2153 2290 2353 2360 ἀρετῆς
2377 2289 2474 2362 τὴν
2503 2288 2782 2359 βασιλείαν
2825 2289 2852 2340 ὁ
2873 2287 3014 2356 ,Θεὸς
3044 2286 3212 2354 Λόγος
3254 2284 3530 2355 ἐκτήσατο
3573 2283 3730 2352 (ταύι

2154 2399 2254 2452 την
2285 2381 2392 2452 γὰρ
2423 2381 2538 2451 ἔχει
2567 2378 2838 2441 οὐσιωδῶς
2860 2377 2982 2450 [ὡς]
3011 2377 3200 2430 ἀΐδιον,
3226 2377 3286 2428 Ei
3321 2373 3431 2444 γὰρ
3462 2374 3536 2445 μὴ
3550 2373 3728 2440 τοῦτο,

2155 2476 2254 2528 οὐκ
2303 2475 2368 2529 ἂν
2397 2475 2604 2544 ἑτέροις
2651 2470 2988 2542 μεταδιδόναι
3031 2469 3237 2535 ταύτης
3283 2467 3541 2536 ἠδύνατο,
3595 2465 3733 2519 ἀλλὰ

2157 2563 2299 2616 κατὰ
2353 2562 2445 2614 τὸν
2491 2561 2750 2629 Θεολόγον
2802 2559 2896 2612 καὶ
2941 2558 3042 2627 τῆς
3095 2558 3324 2628 βροντῆς
3357 2557 3492 2621 υίδν,
3542 2557 3606 2609 ἐκ
3637 2553 3732 2610 τοῦ

2158 2653 2526 2725 πληρώματος
2570 2650 2734 2706 αὑτοῦ
2765 2653 2878 2714 τοῖς
2929 2649 3103 2718 ἁγίοις
3136 2646 3343 2720 [πᾶσι]
3396 2647 3730 2718 μετέδωκεν·

2156 2744 2280 2799 ὅθεν
2310 2744 2537 2807 καὶτοῖς
2572 2743 2739 2814 ίεροῖς
2763 2740 3082 2802 ἀποστόλοις
3115 2739 3451 2808 ἐπήγγελται
3488 2737 3734 2791 καθίσειν

2157 2838 2250 2893 ἐπὶ
2278 2835 2485 2891 δώδεκα
2525 2836 2748 2908 θρόνους
2788 2833 2992 2902 κρίνειν
3025 2832 3122 2894 τὰς
3149 2829 3398 2903 [δώδεκα]
3435 2828 3605 2898 φυλὰς
3634 2826 3730 2881 τοῦ

2171 2929 2386 3000 Ἰσραὴλ
2425 2927 2741 2999 μέλλοντας.
2784 2923 3003 2994 Ἐπειδὴ
3033 2923 3141 2993 γὰρ
3177 2919 3280 2992 [δι’
3306 2917 3488 2990 ἡμᾶς]
3521 2917 3734 2986 ἀνθρω.

2165 3037 2262 3084 πος
2293 3020 2507 3088 γέγονε,
2532 3017 2664 3082 Θεὸς
2697 3017 2955 3088 ὑπάρχων
2987 3011 3082 3067 καὶ
3107 3012 3357 3082 βασιλεὺς
3386 3007 3734 3079 προαιώνιος,

486 3092 663 3200 decim
688 3097 927 3152 tribuum
949 3098 1113 3155 lsrael
1131 3101 1343 3170 judices
1364 3104 1475 3172 jam
1498 3105 1802 3176 designavit
1821 3107 2061 3178 olimque

2164 3113 2258 3166 uel.
2289 3111 2504 3164 πάντων
2532 3110 2640 3162 τῶν
2670 3107 2953 3179 ἡμετέρων
2981 3103 3254 3176 ἁμαρτίας
3283 3101 3450 3199 χωρὶς
3474 3100 3739 3200 if"???

490 3183 704 3242 futuros
749 3191 1021 3257 promisit.
1071 3191 1282 3248 Etenim
1326 3204 1715 3264 posteaquam,
1757 3213 1880 3252 cum
1920 3199 2060 3254 Deus

2164 3217 2279 3264 κεν,
2313 3200 2531 3252 πάντων
2555 3198 2662 3251 τῶν
2698 3194 2892 3249 ἑαυτοῦ
2927 3195 3039 3255 τοῖς
3071 3193 3319 3262 νικηταϊς
3354 3188 3448 3242 τοῦ
3488 3187 3737 3240 διαϐόλου

488 3276 706 3346 alioqui-
732 3289 786 3333 et
815 3282 1184 3351 sempiternus
1216 3283 1328 3338 Rex
1358 3295 1523 3347 esset,
1564 3295 1750 3342 nostra
1778 3303 1941 3344 causa
1977 3306 2062 3343 se-

491 3366 594 3421 mel
619 3365 798 3424 l'actus
826 3378 910 3424 est
947 3373 1130 3438 homo,
1156 3384 1452 3444 nostraque
1474 3377 1682 3444 omnia,
1706 3377 1824 3432 solo
1843 3390 2062 3448 peccato

488 3465 735 3526 excepto,
774 3462 1148 3531 participavit,
1197 3481 1262 3519 ea
1299 3466 1478 3520 omnia
1509 3483 1631 3536 quae
1657 3469 1956 3525 divinitatis
1997 3471 2061 3524 il-

489 3545 596 3602 lius
643 3551 856 3619 propria
895 3563 1088 3616 erant,
1123 3569 1300 3624 neque
1349 3557 1600 3612 humana:
1640 3567 1819 3614 tamen
1858 3571 2063 3616 natura:

489 3639 885 3708 repugnabant,
917 3641 984 3696 iis
1007 3644 1098 3711 qui
1129 3643 1405 3700 diabolum
1427 3658 1797 3716 superassent,
1824 3649 2060 3706 vicissim

492 3729 756 3797 impertiri
803 3732 1105 3787 constituit.
1161 3733 1457 3806 Eapropter
1510 3745 1568 3790 ut
1637 3737 1728 3792 ille
1779 3738 1831 3791 in
1865 3754 1962 3793 sua
1997 3743 2064 3794 ad

491 3821 661 3878 caelos
692 3825 1064 3893 assumptione
1097 3827 1243 3882 nube
1274 3837 1529 3897 tanquam
1577 3831 1827 3885 vehiculo
1865 3833 1940 3885 uti
1974 3849 2066 3886 vo-

493 3912 628 3978 luit;
654 3912 724 3966 ita
755 3923 977 3970 sanctos
1007 3931 1244 3986 quoque,
1278 3930 1339 3973 ut
1365 3921 1656 3990 Apostolus
1690 3932 1937 3989 testatur,
1972 3939 2067 3993 per

493 4002 693 4056 nubem
755 4005 808 4057 in
870 4018 1165 4062 occursum
1235 4023 1396 4062 suum
1466 4009 1741 4079 quondam
1811 4012 2062 4080 abripit-t.

497 4097 604 4167 13
635 4099 866 4153 Rursum
898 4109 954 4152 ut
996 4101 1130 4168 ipse,
1167 4110 1424 4172 tanquam
1469 4115 1732 4158 creatura)
1777 4104 2063 4170 Dominus,

493 4204 784 4258 rerumque
815 4192 1083 4258 conditor,
1117 4193 1281 4262 judex
1320 4203 1580 4250 venturus
1612 4204 1724 4261 est;
1760 4197 1829 4248 ita
1865 4198 2068 4250 sanctis

492 4299 710 4353 quoque
761 4285 1174 4354 illustribusque
1203 4287 1340 4344 viris
1377 4303 1474 4342 eos
1511 4287 1793 4356 judicandi
1840 4297 1894 4343 et
1935 4304 2069 4342 con-

491 4375 780 4430 demnandi
815 4386 1136 4445 potestatem
1169 4379 1447 4450 largietur,
1480 4379 1574 4450 qui
1605 4379 1802 4434 divina:
1833 4396 2070 4448 vereque

2165 3290 2461 3362 μετέδωκε,
2485 3288 2665 3352 καθὼς
2682 3283 2749 3357 ἦν
2768 3285 2992 3340 δυνατὸν
3017 3283 3324 3353 ἀνθρώποις
3350 3277 3736 3344 ὑποδέξασθαι.

2165 3381 2328 3436 Ὅοεν
2363 3381 2592 3450 νεφέλην
2625 3379 2812 3448 ὄχημα
2855 3376 2955 3444 τῆς
2995 3375 3074 3436 είς
3125 3370 3388 3443 οὐρανοὺς
3421 3369 3740 3431 ἀναῦάσεως

2165 3473 2224 3526 ὲν
2251 3473 2318 3542 τῇ
2350 3470 2617 3540 ἀναλήψει
2651 3467 2814 3522 αὑτοῦ
2848 3468 3236 3538 ποιησάμενος,
3275 3469 3367 3519 καὶ
3399 3466 3524 3528 τοὺς
3551 3464 3741 3533 ἁγίους

2163 3563 2257 3614 ἐπὶ
2296 3561 2535 3630 νεφελῶν
2596 3561 2684 3613 διὰ
2732 3560 2826 3612 τοῦ
2888 3558 3214 3613 Ἀποστόλου
3265 3559 3432 3628 φησὶν
3481 3555 3740 3624 ἁρπαγή-

2168 3653 2357 3706 σεσΘαι
2396 3652 2529 3718 πρὸς
2557 3652 2652 3721 τὴν
2696 3651 2862 3704 αὐτοῦ
2897 3651 3227 3720 ὑπάντησιν·
3281 3649 3376 3703 καὶ
3415 3649 3627 3720 κριτὴς,
3664 3647 3743 3710 ὡς

2167 3744 2506 3815 Δημιουργὺς
2541 3743 2633 3796 καὶ
2657 3743 2934 3811 Δεσπότης
2959 3742 3056 3812 τῆς
3085 3741 3334 3805 κτίσεως,
3361 3740 3740 3810 ὲλευσόμενος,

2167 3836 2374 3908 κρίνειν
2423 3837 2534 3895 τοῖς
2581 3835 2760 3902 ἁγίοις
2811 3832 3036 3904 παρέξει
3082 3832 3208 3895 τοὺς
3248 3833 3344 3902 τῆς
3397 3830 3544 3893 Θείας
3573 3831 3741 3894 ὅντως

2169 3928 2262 3982 καὶ
2310 3927 2587 3997 μακαρίας
2637 3925 2882 3988 δουλείας
2930 3926 3359 3994 ἁφηνιάσαντας,
3412 3924 3486 3984 ῶς
3525 3940 3688 3992 φησιν
3717 3926 3746 3976 ὁ

2181 4018 2519 4080 ’Λπόστολος
2550 4019 2671 4071 Οὐκ
2701 4016 2902 4070 οἴδατε
2935 4016 3024 4070 ὅτι
3057 4016 3353 4085 ἀγγέλους
3387 4015 3710 4082 κρινοῦμεν
3723 4030 3743 4079 ;

2168 4111 2372 4179 δηλαδὴ
2419 4111 2544 4172 τοὺς
2598 4109 2690 4162 τοῦ
2740 4109 2965 4172 σκότους
3024 4108 3314 4178 ἄρχοντας.
3361 4107 3515 4159 Ἐπεὶ
3563 4106 3746 4159 τοίνυν

2169 4201 2310 4255 οὕτω
2362 4200 2746 4269 φιλάνθρωπον
2820 4199 2910 4252 τὸν
2957 4197 3147 4268 κριτὴν
3211 4196 3428 4266 ἔχομεν,
3485 4194 3747 4264 εὐμενοῦς

2169 4292 2334 4346 αὑτοῦ
2377 4295 2560 4361 τυχεῖν
2618 4291 3040 4360 σπουδᾱισωμεν·
3094 4287 3358 4358 διηνεκῶς
3411 4285 3747 4356 πληροῦντες

2169 4386 2228 4438 τὸ
2260 4383 2656 4453 Σολομῶντειον
2684 4382 2861 4450 λόγιον
2878 4397 2890 4411 ·
2932 4381 3034 4434 Ἐν
3058 4379 3236 4433 παντὶ
3261 4378 3443 4446 καιρῷ
3467 4377 3750 4431 ἔστωσαν

493 4465 668 4522 beatae
702 4469 983 4525 servitutis
1012 4469 1204 4539 jugum
1243 4472 1479 4540 superbe
1517 4482 1900 4527 excusserunt.
1951 4471 2061 4526 Ne-

2170 4476 2238 4529 τὴ
2268 4474 2466 4544 ἱμάτιά
2498 4488 2615 4528 σου
2658 4471 2869 4534 λευκὰ,
2919 4467 3084 4541 [ταῖς]
3129 4471 3391 4538 πονηραῖς
3433 4467 3507 4538 μὴ
3548 4469 3749 4538 ρυπαι-

491 4559 671 4619 scitis,
701 4559 777 4614 ait
823 4561 1146 4630 Apostolus,
1193 4565 1320 4632 quia
1373 4563 1582 4634 angelos
1625 4564 2069 4632 judicabimus'?

494 4662 691 4716 nempe
737 4651 1080 4706 tenebrarum
1139 4652 1430 4722 principes.
1473 4654 1606 4708 Cum
1653 4669 1782 4724 ergo
1828 4654 2066 4723 judicent

495 4739 640 4791 nacti
672 4739 846 4794 simus
875 4756 1050 4811 usque
1071 4743 1209 4797 adeo
1237 4743 1530 4814 benignum
1561 4753 1614 4798 et
1637 4744 1983 4808 clementem,
2011 4753 2072 4797 ut

494 4829 649 4885 illum
673 4832 995 4889 benevolum
1020 4835 1450 4905 clementemque
1461 4837 1832 4905 experiamur,
1847 4851 2068 4904 operam

493 4922 685 4980 demus
736 4925 1014 4993 sedulam,
1069 4927 1310 4998 illudque
1363 4928 1710 4994 Salomonis;
1753 4927 2070 4981 Vestimenta

496 5022 588 5066 tua
617 5015 758 5068 omni
782 5026 1007 5083 tempore
1035 5019 1138 5071 sint
1161 5019 1448 5084 eandida’,
1480 5020 1582 5075 hoc
1609 5027 1713 5082 est,
1750 5017 1912 5071 nullis
1946 5031 2072 5086 pra-

494 5107 578 5163 vis
624 5109 885 5178 operibus
937 5111 1348 5175 contaminata,
1401 5111 1551 5165 omni
1614 5109 1800 5164 studio
1853 5108 2073 5176 explere

495 5200 912 5257 contendamus.
950 5202 1028 5257 Ad
1064 5218 1186 5258 eum
1212 5204 1359 5259 enim
1396 5203 1617 5258 modum
1663 5200 1891 5268 nuptiali
1922 5209 2071 5254 veste

499 5293 710 5348 animas
742 5304 956 5349 nostras
978 5297 1381 5352 convestientes
1401 5336 1416 5360 ,
1445 5295 1737 5350 immortali
1773 5291 1989 5362 Sponso
2017 5299 2073 5345 et

2169 4568 2372 4638 νόμενα
2425 4567 2712 4636 πράξεσιν.
2758 4562 2915 4616 Οὕτω
2965 4561 3074 4632 γὰρ
3107 4559 3394 4630 νυμφικῶς
3444 4559 3542 4621 τὰς
3573 4558 3750 4628 ψυχὰς

2169 4658 2327 4728 ἡμῶν
2362 4659 2761 4726 κοσμήσαντες,
2809 4653 3142 4722 ἐπεράστους
3179 4651 3408 4732 ἑαυτοὺς
3441 4649 3519 4719 τῷ
3577 4648 3751 4718 [ἀθα-

2170 4749 2313 4817 νάτῳ
2343 4747 2580 4817 Νυμφίῳ
2608 4743 2735 4816 καῖ]
2767 4743 2984 4796 Βασιλεῖ
3020 4741 3190 4815 [πρὸς
3213 4735 3548 4810 συνάφειαν]
3567 4755 3750 4808 παρα-

2172 4840 2462 4908 στήσωμεν,
2515 4838 2608 4890 καὶ
2660 4836 2768 4888 τῶν
2817 4833 3052 4888 αἰωνίων
3100 4831 3319 4900 ἀγαθῶν
3371 4829 3477 4902 [δι’
3536 4827 3750 4898 ἀρετῶν

2170 4927 2318 4996 αὖτῷ
2353 4922 2758 4995 συναφθέντες]
2790 4922 3115 4994 τευξόμεθα,
3150 4923 3207 4974 ἐν
3240 4920 3389 4990 αὑτῴ
3421 4918 3643 4990 Χριστῷ
3673 4918 3753 4987 τῷ

2169 5018 2289 5087 Θεῷ
2323 5015 2499 5088 ἡμῶν,
2551 5015 2628 5085 τῷ
2661 5017 2868 5069 τούτων
2899 5011 3122 5084 χορηγῷ
3144 5029 3157 5043 ·
3196 5012 3315 5081 μεθ’
3369 5005 3430 5065 οὗ
3465 5010 3543 5080 τῷ
3578 5012 3750 5078 [Ιατρὶ

2169 5106 2327 5172 δόξα,
2379 5105 2512 5176 τιμὴ
2577 5106 2673 5158 καὶ
2730 5103 3127 5174 προσκύνησις,
3190 5103 3304 5171 ἅμα
3360 5102 3437 5169 τῷ
3493 5097 3752 5167 παναγίῳ

2171 5197 2468 5261 Πνεύματι,
2501 5196 2632 5267 [νῦν
2663 5197 2760 5250 καὶ
2810 5195 2919 5260 ἀεὶ,
2959 5193 3092 5264 καὶ]
3128 5195 3206 5256 είς
3249 5193 3374 5255 τοὺς
3409 5191 3612 5252 αἰῶνας
3641 5187 3752 5242 τῶν

2170 5288 2404 5341 αἰώνων.
2453 5289 2647 5358 Ἀμήν.

500 5381 630 5453 Regi
676 5401 778 5440 nos
826 5386 1368 5448 commendabimus,
1419 5385 1632 5454 Ipsique
1682 5398 1779 5452 per
1822 5381 2076 5435 virtutem
2099 5377 2398 5446 conjuncti,
2460 5376 2812 5446 sempiternis
2841 5377 2947 5434 illis
2995 5378 3153 5433 bonis
3207 5377 3476 5447 potiemur
3508 5392 3522 5428 :
3556 5373 3610 5426 in
3639 5371 3755 5440 ipso

500 5475 717 5527 Christo
753 5474 861 5530 Deo
891 5485 945 5531 et
992 5475 1222 5530 Domino
1261 5485 1470 5538 nostro,
1497 5471 1929 5539 eorumdemque
1971 5471 2239 5524 bonorum
2287 5468 2526 5537 largitori
2563 5485 2576 5522 :
2632 5484 2758 5549 cum
2822 5483 2930 5536 quo
2982 5468 3162 5534 Patri,
3215 5483 3341 5522 cum
3374 5464 3586 5521 vivilico
3621 5475 3754 5516 san-

505 5566 859 5636 ctissimoque
881 5567 1126 5637 Spiritu,
1165 5568 1240 5623 sit.
1270 5568 1483 5634 honor,
1511 5565 1686 5638 gloria
1709 5604 1722 5631 ,
1753 5575 1808 5621 et
1833 5563 2078 5620 adoratio
2109 5565 2163 5620 in
2200 5563 2394 5620 saecula
2423 5564 2774 5621 saeculorum.
2802 5562 2997 5617 Amen.

633 5741 649 5794 l
689 5741 814 5795 Cor.
849 5761 923 5809 vt,
961 5747 1012 5799 5.
1091 5748 1110 5778 ⁸
1140 5744 1319 5802 Ecclc.
1357 5761 1428 5813 ts,
1459 5747 1512 5799 8.
