4070 6432
227 422 355 487 253

670 532 922 587 ΚΕΦᾹΛ.
968 533 1025 586 I'.
1064 531 1286 586 ΛΟΓΟΣ
1325 532 1401 588 Δ’.

229 648 381 718 Περὶ
417 645 532 718 τῇς
575 647 898 718 ρραθείσης
947 647 1135 718 θύρας
1165 646 1246 718 ἐν
1281 645 1362 718 τῷ
1413 649 1672 716 οὐρανῷ,

397 716 519 771 τῶν
545 715 636 770 κδ’
664 716 1083 786 πρεσϐυτέρων
1118 716 1253 788 [καὶ
1287 717 1406 770 τῶν
1434 715 1582 788 ἑξῆς
1603 719 1647 791 ].

1727 651 1829 704 καί

310 896 474 952 Μετὰ
519 896 705 951 ταῦτα
743 893 907 951 εἶδον
929 913 942 927 ο
979 897 1077 950 καὶ
1127 897 1260 951 ἰδοὺ
1297 899 1448 968 θύρα
1475 900 1828 969 ἠνεῳγμένη

228 991 308 1044 ἐν
339 990 420 1056 τῷ
447 989 717 1056 οὐρανῷ·
746 990 844 1044 καί
877 992 915 1059 ή
951 989 1121 1058 φωνὴ
1147 992 1184 1058 ἡ
1207 991 1406 1059 πρώτη
1444 987 1520 1061 ἧς
1563 990 1825 1060 ἤκουσα,

229 1083 318 1148 ὡς
366 1081 711 1152 σάλπιγγος
759 1083 1074 1150 λαλούσης
1120 1083 1247 1152 μετ’
1296 1083 1464 1151 ἐμοῦ,
1523 1084 1822 1154 λέγουσα·

241 1173 470 1228 ’Λνάϐα
512 1167 630 1227 ὧδε
649 1190 663 1205 ο
710 1173 807 1229 καί
840 1173 1017 1240 δείξω
1045 1172 1212 1243 σοαᾶ
1247 1173 1342 1228 δεῖ
1365 1174 1644 1245 γενέσθαι
1678 1177 1830 1246 μετὰ

227 1280 450 1318 ταυτα.

320 1355 387 1408 'll
436 1355 781 1428 περιαίρεσις
834 1355 932 1425 τῆς
987 1354 1158 1424 θύραις
1212 1355 1324 1408 τῶν
1387 1355 1653 1424 κρυπτῶν
1730 1355 1827 1408 τοῦ

224 1450 560 1519 Πνεῦματος
585 1447 903 1519 μυστηρίων
940 1448 1201 1517 σημαίνει
1237 1449 1337 1517 τὴν
1368 1445 1636 1518 δήλωσιν·
1688 1449 1724 1516 ἡ
1761 1449 1818 1501 δὲ

223 1538 531 1607 σάλπιγξ,
568 1538 626 1591 τὸ
652 1536 747 1591 τοῦ
778 1536 1259 1597 ἀποκαλύπτοντος
1309 1538 1726 1606 μεγαλόφωνον
1768 1538 1828 1591 τὸ

223 1631 312 1694 δὲ,
357 1632 568 1684 Ἀνάϐα
608 1625 745 1695 ὧδε,
786 1631 848 1685 τὸ
878 1629 989 1684 τῶν
1025 1630 1230 1700 γηΐνων
1264 1629 1485 1692 τελείως
1524 1630 1826 1697 ἀποστῆναι

227 1723 335 1774 καὶ
364 1724 423 1775 ὲν
453 1721 670 1793 οὖρανῷ
702 1723 960 1792 γενέσθαι
982 1721 1081 1793 τὴν
1110 1719 1352 1775 διάνοιαν
1378 1719 1473 1772 τοῦ
1513 1718 1823 1781 ἀκούοντος.

309 1897 420 1952 Kal
471 1897 691 1961 εὐθέως
738 1894 1036 1965 ἐγενόμην
1075 1893 1146 1947 ἐν
1193 1893 1527 1961 Πνεύματι·
1560 1891 1658 1945 καὶ
1693 1891 1825 1945 ὶδοὺ

229 1989 451 2057 Opi-rae
482 1987 673 2041 ἔκειτο
704 1987 772 2040 ἐν
793 1985 872 2051 τῷ
901 1983 1168 2053 οἰνρανῷ’
1200 1983 1298 2036 καὶ
1327 1983 1425 2036 ἐπὶ
1456 1983 1562 2036 τοῦ
1607 1982 1826 2049 θρόνου

229 2079 581 2148 καθήμενος
617 2077 817 2146 ὅμοιος
849 2075 1057 2143 ὁράσει
1102 2075 1253 2140 λίθῳ
1285 2072 1520 2127 ἰάσπιδι
1547 2072 1645 2126 καὶ
1676 2086 1827 2140 σαρο

225 2172 362 2236 δίῳ,
400 2174 497 2225 καὶ
532 2172 646 2238 τρες
677 2171 976 2225 κυκλόθεν
1009 2167 1114 2222 τοῦ
1145 2167 1387 2236 θρόνου,
1415 2165 1591 2234 ὁμοία
1615 2163 1826 2233 δράσει

227 2264 648 2334 σμαραγδίνῳ.

310 2354 454 2426 [Καὶ
491 2353 710 2420 εὐθέως
751 2353 1048 2422 ἐγενόμην
1103 2350 1175 2404 ἐν
1221 2351 1540 2418 Πνεύματι.
1575 2345 1672 2420 -]
1713 2344 1826 2418 Τῆς

231 2449 443 2518 φωνῆς,
476 2448 666 2517 φησὶν,
708 2448 975 2509 ἀκούσας,
1000 2444 1094 2498 καὶ
1123 2441 1201 2514 τῷ
1238 2441 1520 2512 Πνεύμστι
1550 2440 1828 2503 τυπωθεὶς

227 2542 295 2594 τδ
323 2538 674 2610 ἡγεμονικὸν,
707 2539 923 2605 θρόνον
982 2535 1300 2606 ἐθεασάμην
1323 2552 1336 2567 ·
1379 2535 1445 2587 δι’
1471 2524 1533 2586 οὗ
1567 2532 1827 2603 δηλοῦται

301 2633 359 2684 ὲν
387 2633 500 2693 τοῖς
530 2629 705 2698 ἁγίοις
735 2628 832 2681 τοῦ
855 2627 993 2681 Θεοῦ
1027 2626 1356 2690 ἀνάπαυσιςο
1389 2627 1576 2688 αὐτοῖς
1608 2627 1718 2695 γὰρ
1737 2625 1823 2676 ὲν-

235 2723 566 2794 θρονίζεται.
607 2719 827 2790 Ἐπειδὴ
850 2719 906 2773 δὲ
934 2720 1026 2773 τὸν
1057 2718 1278 2789 Πατέρα
1309 2718 1401 2772 τὸν
1432 2716 1703 2788 ὁραθέντα
1742 2716 1828 2768 ὲν-

236 2814 409 2868 ταῦθα
454 2814 794 2885 παρίστησι,
849 2811 1164 2881 σωματικὸν
1215 2809 1367 2881 αὐτῷ
1405 2810 1733 2878 χαρακτῆρα
1762 2808 1822 2860 οὐ

237 2907 607 2978 περιτίθησιν,
635 2905 824 2977 ὥσπερ
853 2905 910 2957 ὲν
946 2906 1011 2974 τῇ
1047 2901 1352 2973 προτεραίᾳ
1373 2901 1468 2954 τοῦ
1497 2899 1627 2953 Υίοῦ
1654 2901 1824 2953 ὀπτα-

238 2999 358 3070 σίᾳο
395 2996 537 3051 ἀλλά
568 2995 774 3064 τιμίοις
810 2993 972 3047 αὑτὸν
1018 2991 1188 3053 λίθοις
1216 2990 1506 3053 ἀπεικάζει
1531 3004 1546 3020 ο
1579 2991 1681 3059 τῆς
1727 2988 1826 3056 μὲν

239 3089 520 3157 Irim-nam;
556 3085 953 3160 σημαινούσης,
1005 3087 1078 3148 ὡς
1133 3083 1363 3153 χλοερᾶς
1394 3079 1595 3154 [οὔσης
1613 3079 1653 3152 ],
1689 3079 1824 3150 ὁμοῦ

237 3185 297 3238 τδ
323 3181 576 3245 ἀειθαλὲς
625 3182 722 3233 καὶ
761 3177 1051 3249 φερέσϐιον
1095 3176 1192 3229 καὶ
1226 3175 1434 3246 τροφῆς
1466 3174 1704 3244 χορηγὸν
1728 3172 1824 3242 τῆς
1850 3215 1894 3276 C

240 3276 392 3338 θείας
431 3273 668 3344 φύσεως,
707 3271 797 3324 διὰ
826 3269 887 3322 τὸ
915 3270 1022 3321 πᾶν
1059 3267 1283 3338 σπέρμα
1298 3266 1655 3336 χλοηφορεῐν·
1689 3263 1828 3335 πρὸς

247 3366 420 3436 τούτῳ
444 3365 499 3418 δὲ
543 3365 637 3416 καὶ
664 3362 727 3415 τὸ
754 3361 984 3432 φοϐερὸν
1015 3363 1130 3423 τοῖς
1163 3357 1526 3420 ὑπεναντίοις.
1556 3357 1694 3410 Φασὶ
1717 3356 1827 3425 γὰρ

250 3460 352 3529 τὴν
375 3460 511 3511 ἴασιν
562 3454 802 3526 φοϐερὰν
826 3451 966 3506 εἶναι
991 3451 1202 3523 θηρίοις
1237 3451 1332 3504 καὶ
1363 3451 1615 3520 φάσμασι
1639 3467 1652 3482 ³
1673 3450 1842 3524 ’μετὰ

247 3549 409 3606 τοῦτο
435 3550 508 3613 δὲ,
549 3550 645 3601 καὶ
670 3546 780 3599 τῶν
827 3545 1231 3615 ὲπιδεχομένων
1272 3543 1372 3614 τὴν
1393 3542 1630 3613 ψυχικὴν
1662 3544 1829 3606 ἴασιν,

243 3644 308 3698 τὸ
347 3639 764 3712 θεραπευτικόν.
819 3639 982 3707 Λέγει
1019 3638 1129 3708 γὰρ
1185 3637 1214 3688 ὁ
1256 3636 1431 3705 μέγας
1489 3635 1829 3704 Ἐπιφάνιος,

245 3737 435 3791 τοῦτον
457 3734 550 3788 τὸν
571 3733 717 3787 λίθον
755 3730 1027 3802 ἰατρεύειν
1063 3729 1334 3801 οἰδήματά
1372 3746 1430 3781 τε
1471 3730 1566 3782 καὶ
1595 3729 1693 3791 τὰς
1723 3728 1832 3781 ἀπὸ

245 3826 466 3896 σιδήρου
517 3822 752 3892 πληγὰς,
778 3821 1196 3893 ὲπιχριόμενοψ
1243 3820 1277 3890 ἡ
1304 3819 1360 3872 δὲ
1401 3816 1538 3888 ἶρις,
1573 3835 1836 3888 σμαραγ-

242 3915 516 3982 δίζουσα,
563 3917 623 3969 τὸ
669 3913 912 3968 ποικίλον
955 3913 1050 3966 καὶ
1093 3913 1290 3966 ἀνθοῦν
1336 3913 1394 3966 ἐν
1444 3913 1668 3983 ἀρεταῖς
1724 3909 1833 3964 τῶν

243 4005 559 4076 ἀγγελικῶν
585 4004 840 4077 ἐμφαίνει
872 4003 1102 4070 τάξεων.
1353 3997 1358 4000 ’

1217 423 1825 485 COMMENTARIUS
1865 419 1946 484 IN
1990 423 2526 485 APOCALYPSIN.

3428 422 3534 484 954

2354 531 2587 588 CAPUT
2617 530 2685 589 Χ.
2726 531 2965 588 SERMO
3007 533 3102 588 IV.

1936 645 2014 700 De
2038 648 2173 718 ostio
2206 647 2345 716 quod
2377 648 2431 700 in
2464 647 2592 700 caelo
2633 649 2801 702 visum
2831 657 2908 703 est
2947 658 3187 718 apertum
3211 664 3230 702 :
3254 648 3419 718 deque
3454 649 3534 701 ri-

2008 715 2144 785 ginti
2174 715 2403 789 quatuor
2428 719 2746 782 senioribus,
2781 729 2830 773 et
2871 715 2994 773 aliis
3022 715 3340 789 quibusdam
3365 762 3380 786 ,
3413 735 3534 787 qua:

2001 789 2122 840 hinc
2154 788 2338 841 ordine
2361 799 2773 858 consequuntur.

2005 896 2094 964 IV,
2132 899 2182 953 I.
2224 899 2354 954 Post
2383 901 2494 957 haec
2539 901 2672 966 vidi,
2704 911 2753 955 et
2784 919 2900 956 ecce
2932 903 3127 956 ostium
3177 913 3417 970 apertum
3469 906 3527 956 in

1930 992 2080 1057 caelo,
2113 1001 2162 1045 et
2195 1008 2294 1045 vox
2322 995 2499 1060 prima
2549 1010 2710 1064 qnam
2748 995 2950 1056 audivi,
3001 1005 3249 1064 tanquam
3283 994 3420 1048 tuba;
3448 995 3531 1048 lo-

1928 1085 2136 1152 quentis
2170 1100 2406 1147 mecum,
2439 1085 2616 1138 dicens
2667 1101 2686 1138 :
2717 1085 2955 1140 Ascende
2982 1087 3114 1151 huc,
3162 1097 3211 1140 et
3251 1087 3527 1141 ostendant

1931 1175 2026 1228 tibi
2049 1190 2168 1243 qua:
2197 1185 2398 1243 Oportet
2430 1175 2547 1242 ﬁeri
2577 1177 2705 1229 cito.

1999 1350 2254 1407 Caelestis
2279 1349 2405 1407 ostii
2427 1349 2740 1420 patefactio,
2765 1349 3112 1405 occultorum
3139 1353 3524 1421 mysteriorum

1931 1443 2171 1514 Spiritus
2233 1443 2658 1513 explicationem
2715 1441 2989 1512 signiﬁcat
3042 1460 3056 1495 :
3111 1440 3260 1494 Tuba
3309 1449 3524 1508 autem,

1929 1535 2320 1605 grandisonam
2367 1532 2754 1603 patefacientis
2795 1548 3008 1588 vocem.
3046 1531 3182 1586 Illud
3228 1548 3390 1596 vero,
3426 1535 3530 1587 As-

1929 1625 2088 1679 cende
2131 1625 2253 1690 huc,
2291 1625 2566 1679 audientis
2619 1631 2858 1678 mentem
2898 1639 2925 1677 a
2967 1624 3130 1678 rebus
3170 1623 3321 1678 hisce
3367 1623 3530 1677 ﬂuxis

1929 1726 2095 1784 atque
2129 1716 2366 1771 terrenis
2412 1715 2653 1786 perfecte
2706 1716 2982 1780 avulsam,
3038 1715 3092 1769 in
3147 1715 3289 1770 calo
3323 1715 3528 1769 versari

1934 1808 2159 1861 imlicat.

1861 1872 1900 1924 Β
2001 1897 2090 1963 IV,
2131 1898 2187 1963 9.,
2231 1897 2285 1950 '5.
2325 1893 2452 1950 Post
2482 1897 2596 1951 lucc
2627 1896 2812 1950 statim
2846 1895 2927 1966 fui
2960 1898 3015 1949 in
3050 1898 3262 1965 spiritu.
3312 1895 3384 1950 Et
3413 1912 3529 1949 ecce

1929 1991 2075 2044 sedes
2107 1990 2282 2059 posita
2313 1999 2426 2042 erat
2459 1989 2513 2042 in
2546 1988 2677 2042 caelo
2699 2005 2718 2048 :
2744 1998 2794 2041 et
2825 2005 2988 2056 supra
3017 1989 3190 2042 sedent
3221 1988 3428 2042 sedens.
3461 1985 3529 2040 Et

1928 2085 2019 2155 qui
2050 2081 2284 2146 sedebat,
2335 2081 2527 2134 similis
2559 2089 2673 2133 erat
2714 2082 2946 2148 aspectui
2980 2082 3176 2150 lapidis
3199 2080 3432 2148 jaspidis
3477 2087 3528 2133 et

1928 2174 2164 2229 sardinis
2201 2182 2298 2226 :et
2340 2173 2439 2225 iris
2481 2181 2608 2226 erat
2658 2173 2712 2226 in
2744 2173 2974 2226 circuitu
3002 2173 3167 2237 sedis,
3210 2171 3401 2225 similis
3447 2183 3529 2224 vt-

1928 2268 2068 2321 sioni
2095 2283 2207 2320 sma
2217 2265 2477 2335 ragdinaa.

1997 2358 2174 2424 Cum,
2211 2357 2410 2428 inquit,
2452 2372 2640 2413 vocem
2686 2356 3057 2423 audivissem,
3099 2371 3367 2427 mensque
3407 2372 3529 2412 mea

1931 2449 2100 2504 divini
2133 2447 2376 2518 Spiritus
2400 2448 2612 2518 allapso
2644 2456 2788 2502 taeta
2820 2447 3036 2511 luisset,
3063 2463 3193 2503 ecce
3227 2463 3351 2502 mox
3378 2447 3531 2501 thro-

1930 2554 2056 2594 num
2089 2539 2143 2594 in
2175 2539 2319 2594 caelo
2350 2539 2592 2608 positum
2629 2538 2761 2593 vidi.
2798 2537 2900 2592 Per
2955 2537 3094 2592 hanc
3129 2548 3310 2593 autem
3356 2539 3531 2593 sedem

1929 2632 2135 2687 Christi
2168 2633 2224 2686 in
2253 2631 2462 2688 sanctis
2495 2630 2714 2700 requies
2743 2631 3065 2700 designatur
3101 2649 3114 2686 :
3146 2631 3417 2700 siquidem
3471 2630 3528 2684 in

1933 2724 2041 2778 illis
2061 2722 2228 2778 veluti
2256 2723 2309 2776 in
2337 2722 2542 2776 throno
2559 2721 2799 2791 quodam
2827 2718 3334 2777 insidet.Ca:terum
3358 2718 3529 2784 Patri,

1930 2828 2093 2886 quem
2133 2815 2240 2870 boc
2273 2814 2395 2868 loco
2426 2813 2606 2867 visum
2641 2812 2876 2886 inducjt,
2911 2811 3118 2867 nullam
3149 2811 3377 2866 omnino
3403 2825 3531 2864 cor-

1932 2922 2154 2980 porcam
2196 2909 2424 2979 figuram
2457 2905 2665 2977 aﬂingit
2687 2948 2703 2972 ,
2735 2915 2794 2962 ut
2830 2906 2885 2960 in
2929 2908 3106 2976 prima
3132 2905 3347 2960 visione
3392 2901 3533 2957 Filio

1930 2997 2252 3062 aliinxerat;
2285 3012 2475 3051 verum
2510 2996 2769 3066 pretiosis
2799 3004 3013 3051 tantum
3060 2994 3333 3066 lapidibus
3375 2993 3530 3047 illum

1930 3096 2236 3158 comparat.
2275 3085 2484 3157 Jaspidi
2521 3087 2768 3157 quidem,
2797 3087 2944 3156 quod
2970 3087 3018 3141 is
3044 3086 3236 3140 viridis
3261 3085 3491 3141 exsistat
3511 3117 3528 3143 ν

1931 3196 2143 3250 suaque
2181 3179 2459 3234 viriditate
2487 3179 2692 3234 divinae
2725 3189 2936 3233 uatum
2975 3178 3288 3248 symbolum
3324 3191 3435 3246 pra!
3472 3189 3534 3231 se

1929 3270 2088 3325 ferat.
2135 3268 2260 3323 Haec
2307 3282 2547 3338 namque
2591 3283 2806 3337 semper
2837 3267 2994 3322 ﬂoret
3037 3276 3092 3322 et
3121 3267 3295 3332 viret,
3327 3266 3524 3320 vitam-

1927 3376 2034 3431 que
2063 3371 2118 3416 et
2148 3375 2331 3416 escam
2369 3360 2681 3414 viventibus
2712 3359 2968 3414 omnibus
3015 3367 3254 3428 priestat.
3305 3356 3409 3414 Sed
3458 3365 3512 3411 et

1929 3467 2091 3508 omne
2117 3465 2337 3521 quoque
2364 3459 2527 3505 terrm
2559 3466 2746 3505 semen
2777 3450 3004 3506 viridem
3041 3449 3264 3505 herbam
3289 3447 3519 3504 fundere

1931 3544 2089 3598 solet.
2120 3543 2494 3598 Assimulatur
2523 3542 2711 3596 adbaec
2733 3541 2938 3604 sat-dio,
2969 3542 3040 3595 ob
3061 3551 3330 3595 terrorem
3354 3553 3523 3609 quem

1937 3635 2192 3690 hostibus
2219 3634 2470 3689 incutere
2495 3645 2656 3688 natus
2695 3641 2799 3688 est.
2836 3632 3005 3686 Aiunt
3025 3645 3263 3701 namque
3284 3630 3528 3686 sardium

1947 3727 2077 3783 feris
2116 3725 2459 3798 spectrisque
2493 3725 2796 3782 terribilem
2850 3725 3018 3780 videri
3076 3744 3092 3780 :
3132 3725 3184 3779 vi
3235 3736 3530 3794 prauerea,

1941 3833 2108 3889 quam
2155 3827 2352 3873 natura
2395 3818 2617 3873 insitam
2669 3818 2850 3882 habet,
2895 3831 3034 3888 aegra
3071 3829 3304 3885 corpora
3339 3829 3535 3870 sanare

1942 3913 2190 3968 solitum.
2245 3913 2410 3976 Sane,
2447 3919 2507 3964 ut
2547 3927 2745 3979 magno
2795 3909 3104 3980 Epiphanio
3159 3909 3374 3979 placet,
3422 3921 3532 3961 non

1943 4005 2107 4059 modo
2133 4004 2464 4069 tumoribus,
2492 4003 2536 4057 si
2565 4002 2854 4057 commode
2878 4003 3226 4066 adhibeatur,
3248 3999 3530 4067 medetur;

246 4115 439 4155 verum
487 4097 651 4152 etiam
705 4095 852 4150 ferre
897 4093 1065 4150 illatis
1109 4093 1448 4148 vulneribus.
1497 4091 1671 4147 Porro
1719 4092 1839 4157 iris,
1881 4107 2002 4162 qua:
2052 4093 2325 4164 smaragdi
2369 4093 2609 4147 colorem
2675 4091 2981 4155 :etnulatur,
3012 4093 3163 4145 varia
3211 4099 3266 4144 et
3316 4089 3530 4142 ﬂorida:

246 4195 556 4252 caelestium
589 4192 851 4246 virtutum
884 4199 939 4245 et
968 4190 1223 4244 ordinum
1265 4196 1586 4243 ornamenta
1612 4185 1986 4258 ,‘fdiversaque
2013 4189 2332 4243 eorumdem
2367 4186 2554 4240 munia
2582 4193 2636 4239 et
2658 4184 2958 4238 ministeria
2990 4183 3298 4237 adumbrat.

322 4285 436 4342 Kal
457 4285 664 4350 κύκλῳ
694 4282 800 4337 τοῦ
826 4283 1067 4350 θρόνου,
1095 4282 1294 4349 θρόνοι
1318 4280 1831 4347 εὶκοσιτέσσαρες’

248 4377 350 4432 καὶ
393 4373 494 4430 ἐπὶ
531 4374 655 4439 τοῖς
688 4374 924 4443 θρόνοις
955 4368 1455 4438 εἰκοσιτέσσαρας
1505 4369 1833 4438 πρεσϐυτέ-

242 4489 390 4541 pou;
445 4465 819 4534 καθημένους
868 4462 1038 4536 [καὶ]
1089 4462 1634 4531 περιϐεϐλημένους

2018 4281 2125 4350 19
2154 4279 2240 4343 IV,
2279 4279 2332 4333 5.
2366 4277 2430 4330 Et
2462 4279 2515 4330 in
2550 4279 2778 4356 circuitu
2805 4277 2942 4329 sedis
2970 4275 3161 4328 sedilia
3187 4273 3372 4341 viginti
3399 4285 3531 4342 qua‘

1943 4382 2062 4426 tuor
2099 4387 2118 4425 :
2153 4380 2201 4426 et
2234 4387 2391 4440 super
2435 4369 2650 4424 thronos
2701 4369 2884 4438 viginti
2919 4377 3149 4438 quatuor
3189 4366 3418 4420 seniores
3450 4381 3533 4418 se-

1942 4463 2144 4526 dentes,
2173 4462 2559 4516 circumamicti
2616 4462 2938 4516 uestimentis
2967 4459 3103 4513 albis
3131 4475 3149 4512 :
3177 4471 3224 4514 et
3258 4459 3310 4512 in
3339 4457 3532 4527 capiti-

249 4565 505 4633 ἱματίοις
554 4555 844 4622 λευκοῒςο
901 4553 1002 4609 καὶ
1050 4554 1150 4608 ἐπὶ
1199 4553 1306 4619 τὰς
1334 4551 1605 4622 κεφαλὰς
1650 4551 1833 4606 αὐτῶν

1952 4556 2045 4611 bus
2076 4558 2186 4610 suis
2213 4571 2420 4610 corona:
2449 4571 2646 4610 aurete.

251 4653 597 4723 στεφάνους
625 4649 917 4719 χρυσοῦς.

332 4741 843 4814 Εὶκοσθέσσαρας
879 4739 936 4792 δὲ
967 4738 1417 4807 πρεσϐυτέρους
1451 4754 1538 4802 τις
1567 4736 1678 4790 τῶν
1729 4735 1836 4805 πρὸ

253 4837 413 4908 ἡμῶν
444 4834 610 4888 ’Δϐελ
640 4833 734 4885 καὶ
782 4832 1005 4902 ἐτέρους
1046 4831 1221 4884 εἴκοσι
1251 4831 1349 4900 τῆς
1382 4831 1627 4895 Παλαιᾶς
1655 4829 1840 4894 ἐξελά-

253 4931 410 4991 ϐετο,
444 4929 537 4981 καὶ
563 4927 713 4996 τρεῖς
735 4924 834 4994 τῆς
864 4924 1031 4986 Νέας.
1070 4923 1196 4976 Εἴτε
1226 4923 1282 4975 δὲ
1326 4922 1486 4976 τοῦτό
1525 4923 1695 4989 ἐστιν,
1728 4923 1838 4975 είτε

257 5020 461 5090 μᾶλλον
485 5017 610 5081 τοὺς
649 5015 786 5088 πρὸς
830 5016 948 5076 ταῖς
985 5015 1216 5085 πράξεσι
1251 5015 1343 5068 καὶ
1374 5015 1452 5086 τῷ
1483 5014 1630 5085 λόγῳ
1673 5031 1836 5067 κεκο-

255 5112 597 5184 σμημένους,
647 5109 756 5179 χρὴ
811 5109 951 5161 νοεῖν
989 5107 1048 5160 τὸ
1088 5107 1178 5160 διὰ
1222 5107 1331 5160 τῶν
1377 5106 1840 5176 εἰκοσιτεσσάρων

256 5203 539 5272 στοιχείων
573 5200 924 5272 δηλούμενον,
961 5200 989 5252 ὁ
1023 5197 1416 5269 ἀναγινώσκων
1467 5196 1835 5270 δοκιμαζέτω.

255 5298 415 5367 Τάχα
450 5296 506 5350 δὲ
541 5293 794 5350 ἐκλαϐεῖν
825 5291 1249 5363 ἀκολουθότερον
1313 5291 1405 5347 διά
1431 5291 1544 5347 τῶν
1605 5291 1670 5364 ιβ’
1704 5310 1840 5366 πρεο

259 5391 566 5460 σϐυτέρων,
602 5387 728 5452 τοὺς
768 5389 826 5441 ὲν
857 5389 922 5458 τῇ
946 5384 1160 5455 Παλαιᾷ
1193 5383 1638 5455 δια).ὁιμιζιοιντας’⁵
1669 5383 1757 5439 διὰ
1783 5383 1842 5438 δὲ

256 5483 369 5537 τῶν
396 5484 598 5555 ἑτέρων
632 5482 721 5552 ιβ’,
763 5481 888 5544 τοὺς
920 5483 979 5534 ἐν
1006 5482 1072 5552 τῇ
1117 5479 1234 5551 Νέᾳ
1263 5479 1700 5550 διαπρέψανταςο
1737 5479 1840 5533 κά-

256 5577 456 5632 κείνων
485 5577 594 5648 γάρ
633 5575 842 5630 δώδεκα
892 5572 1191 5644 φύλαρχοι,
1226 5571 1326 5652 καὶ
1354 5573 1465 5625 τῶν
1503 5574 1561 5627 ἐν
1611 5577 1678 5646 τῇ
1726 5573 1842 5647 Νέᾳ

257 5668 472 5723 δώδεκα
518 5667 805 5722 ἀπόστολοι
864 5666 1291 5738 προηγήσαντοτ
1342 5662 1423 5729 οἷς
1474 5664 1696 5720 καθίσαι
1747 5667 1840 5720 ἐπὶ

259 5761 473 5815 δώδεκα
505 5760 710 5831 θρόνων
735 5761 764 5813 ὁ
791 5759 994 5832 Κύριος
1023 5757 1409 5832 ἐπηγγείλατο.
1461 5757 1544 5812 Τὰ
1570 5759 1628 5813 δὲ
1647 5761 1840 5815 λευκὰ

263 5851 466 5924 ἱμάτια
522 5851 616 5908 τοῦ
664 5850 922 5926 λαμπροῦ
957 5850 1070 5922 βίου
1119 5849 1212 5906 καὶ
1240 5849 1338 5920 τῆς
1367 5850 1606 5923 ἀλήκτου
1647 5852 1840 5924 ἑορτῆς

2017 4752 2175 4809 Hunc
2207 4753 2390 4824 viginti
2421 4762 2653 4824 quatuor
2683 4753 2950 4808 seniorum
2984 4768 3272 4809 numerum
3309 4751 3533 4823 quidam

1945 4861 2012 4899 ex
2071 4845 2266 4914 priscis
2325 4844 2721 4916 interpretibus
2783 4846 3143 4902 constituisse
3214 4845 3536 4900 existimant

1947 4936 2194 5002 Abelcm,
2241 4951 2366 4991 cum
2407 4936 2533 4992 aliis
2561 4937 2755 5009 viginti
2783 4936 3000 4994 Veteris
3025 4980 3039 5000 .
3079 4947 3134 4994 et
3185 4939 3365 4994 tribus
3395 4937 3531 4994 Novi

1948 5027 2280 5084 Testamenti
2317 5028 2588 5099 patribus.
2619 5029 2717 5083 Ast
2740 5039 3023 5084 certumne
3054 5028 3108 5084 id
3149 5029 3257 5096 sit,
3297 5044 3366 5082 an
3403 5045 3533 5084 vero

1948 5135 2048 5191 pro
2065 5119 2253 5191 viginti
2272 5130 2511 5192 quatuor
2527 5121 2921 5175 elementorum
2945 5120 3256 5176 Grzecorum
3277 5135 3530 5183 numero,

1949 5213 2150 5270 rectius
2210 5229 2309 5283 per
2375 5214 2475 5269 bos
2536 5212 2877 5283 accipiantur
2913 5214 3109 5284 viginti
3137 5223 3375 5282 quatuor
3436 5213 3527 5281 qui

1947 5305 2166 5362 actione
2199 5315 2254 5360 et
2282 5304 2599 5374 cognitione
2620 5319 2732 5374 pra:
2764 5305 2977 5361 caeteris
3004 5305 3400 5360 excelluerunt.
3426 5303 3529 5356 hoc

1942 5397 2206 5468 judicium
2231 5410 2398 5466 penes
2432 5397 2688 5450 lectorem
2719 5405 2858 5453 esto.
2892 5395 3062 5450 Nobis
3093 5396 3310 5449 illorum
3338 5395 3526 5465 opinio

1949 5488 2124 5560 magis
2157 5488 2438 5558 probatur,
2473 5488 2565 5559 qui
2613 5503 2706 5559 per
2756 5488 3044 5544 duodecim
3083 5487 3331 5544 seniores
3364 5489 3527 5543 intel-

1947 5579 2196 5636 lexerunt
2216 5577 2504 5635 duodecim
2531 5580 2678 5637 viros
2703 5581 2798 5651 qui
2831 5581 2885 5635 in
2915 5579 3088 5635 veteri
3115 5579 3232 5649 lege
3261 5579 3526 5650 sapientia

1947 5681 2002 5726 et
2023 5670 2225 5725 virtute
2253 5685 2368 5740 pra:
2398 5670 2522 5727 aliis
2553 5669 2792 5726 illustres
2817 5671 3074 5727 exstitere
3107 5689 3120 5726 :
3152 5686 3248 5741 per
3283 5671 3526 5741 reliquos

1948 5771 2128 5818 autem
2155 5761 2466 5827 duodecim,
2494 5762 2717 5818 totidem
2749 5763 2885 5820 alios
2907 5763 3041 5819 Novi
3061 5764 3398 5822 Tcstamenti
3428 5765 3522 5821 be~

1947 5869 2089 5913 roas.
2130 5854 2286 5927 Apud
2337 5853 2556 5912 Judaeos
2600 5855 2844 5915 celebres
2891 5856 3045 5917 fuere
3087 5857 3374 5916 duodecim
3419 5870 3518 5924 pa-
