4070 6408
526 384 637 448 235

1704 373 2036 437 ANDREtE
2072 374 2592 436 CJESARIENSIS

3682 371 3807 436 256

526 499 782 555 triarchre
801 539 815 564 ,
839 496 1127 553 duodecim
1156 494 1395 550 tribuum
1436 490 1715 561 principes
1751 500 1806 545 et
1835 492 1993 561 quasi
2028 506 2114 545 ca-

2231 491 2314 544 mi.
2359 489 2699 561 εὐφροσύνης
2748 490 2994 561 σύμϐολά
3025 488 3248 561 [εἰσινο]
3281 490 3328 543 oi
3368 489 3425 542 δὲ
3464 491 3765 558 στέφανοι
3792 529 3811 551 ,

524 594 661 662 pit-a.
708 592 766 645 lu
826 591 982 645 Novo
1029 598 1248 650 autem,
1292 584 1584 639 duodecim
1650 583 1919 652 apostoli;
1965 598 2104 651 quos

526 691 745 751 propter
774 680 1125 733 excellentem
1171 676 1422 729 virtutem
1467 683 1521 725 et
1552 671 1901 741 sapientiam,
1945 670 2106 725 Chri-

527 782 647 827 stus
705 770 968 823 Dominus
1024 764 1311 819 duodecim
1376 762 1613 816 tribuum
1673 760 1837 815 Israel
1886 760 2099 828 iudices
2156 760 2285 815 olim
2319 760 2529 814 futuros
2572 761 2779 815 docuit.
2834 760 3095 816 Candida:
3162 772 3342 817 autem
3373 762 3818 831 stolaz,symbo'

527 860 639 914 lum
670 870 799 915 sunt
844 859 1067 928 integra:
1097 870 1352 924 puraeque
1393 854 1553 907 vitae:
1602 864 1714 906 tum
1766 863 2042 921 perpetua:
2092 868 2311 921 quoque
2364 852 2672 907 festivitatis
2732 853 3028 923 solidaeque
3088 854 3319 919 lwtitiaa,
3355 859 3482 925 'qua
3531 856 3673 908 beati
3706 870 3821 924 po-

2211 581 2310 649 τῆς
2338 581 2494 648 νίκης
2542 564 2608 651 ἣν
2641 581 2777 649 πρὸς
2813 583 2941 645 τοὺς
2973 582 3247 653 πονηροὺς
3281 582 3542 653 δαίμονας
3577 582 3815 653 κατώρ-

2214 671 2395 724 θωσαν
2426 673 2835 742 ἀνδρισάμενοι.

527 954 753 1006 ticntur.
792 949 1014 1004 Corona
1051 948 1265 1001 tandem
1309 960 1516 1008 aurew,
1570 943 1810 997 victoria:
1852 942 2117 996 adversus
2146 941 2413 1011 malignos
2446 942 2742 1006 demnones,
2798 957 2905 996 non
2937 942 3145 1010 absque
3204 957 3399 1012 magna
3430 942 3601 996 animi
3635 941 3806 997 forti-

529 1046 717 1099 tudine
746 1044 1005 1107 obtenta},
1038 1050 1168 1096 sunt
1200 1052 1362 1097 notae.

598 1134 689 1200 IV,
721 1136 774 1189 5.
813 1133 878 1186 Et
908 1134 972 1187 de
993 1134 1180 1187 throno
1209 1132 1555 1201 procedebant
1585 1130 1801 1201 fulgura
1821 1168 1837 1195 ,
1867 1139 1916 1185 et
1946 1146 2116 1197 voces,

525 1234 574 1277 et
600 1225 861 1278 tonitrua.

598 1313 667 1368 Et
698 1315 829 1368 hinc
859 1329 1081 1383 quoque
1120 1313 1340 1382 planum
1387 1313 1465 1378 fit,
1501 1328 1667 1381 quam
1716 1313 2013 1369 terribilem
2053 1328 2117 1366 ac

530 1404 934 1458 firmidabilem
979 1405 1122 1459 Deus
1180 1405 1249 1459 iis
1287 1403 1551 1457 exhibere
1596 1417 1716 1457 sese
1762 1402 1970 1466 soleat,
2022 1400 2115 1468 qui

531 1495 677 1550 illius
717 1495 981 1563 patientia
1026 1504 1080 1548 et
1132 1493 1553 1548 mansuetudine
1604 1493 1924 1548 abutuntur.
1978 1490 2113 1545 Nam

534 1588 850 1641 hominibus
882 1587 1058 1641 salute
1087 1587 1267 1655 dignis
1319 1586 1554 1638 tonitrua
1590 1585 1777 1638 istluec
1817 1594 1870 1638 et
1900 1583 2114 1652 fulgura

531 1679 705 1733 lucem
740 1680 918 1733 verius
939 1688 993 1733 et
1012 1679 1347 1746 voluptatem
1372 1692 1536 1745 quam
1576 1687 1836 1731 terrorem
1862 1675 2111 1729 aﬂ‘erent.

2290 1129 2397 1183 Kal
2429 1129 2498 1182 ἐκ
2528 1128 2633 1183 τοῦ
2656 1131 2877 1196 θρόνου
2907 1130 3335 1198 ἐκπορεύονται
3368 1128 3670 1195 ἀστραπαί
3702 1127 3816 1181 καί

2219 1220 2409 1290 φωναί
2444 1223 2540 1273 καὶ
2573 1223 2828 1288 βρονταί
2835 1262 2848 1276 .

2291 1312 2596 1365 Κάντεῦθεν
2625 1313 2685 1365 τὸ
2711 1313 2943 1383 φοϐερὸν
2966 1313 3061 1365 καὶ
3078 1312 3524 1383 καταπληκτικὸν
3546 1309 3641 1364 τοῦ
3664 1310 3815 1364 Θεοῦ

2216 1405 2358 1458 κατᾶ
2396 1404 2507 1457 τῶν
2555 1404 2788 1469 ἀναξίων
2818 1406 2917 1475 τῆς
2961 1405 3125 1459 αὑτοῦ
3161 1406 3545 1475 μακροθυμίας
3583 1406 3817 1458 δείκνυ-

2215 1514 2323 1549 ται.
2365 1496 2485 1559 Τοῖς
2529 1498 2711 1567 μέντοι
2760 1499 3040 1567 σωτηρίας
3090 1499 3263 1562 ἀξίοις
3296 1497 3504 1551 τούτων
3558 1498 3815 1565 ἑκάτερα.

2222 1588 2503 1657 φωτισμὺν
2539 1589 2847 1659 ὲντίθησιν’
2892 1592 2925 1659 ἡ
2965 1589 3064 1659 μὲν
3112 1592 3225 1653 τοῖς
3270 1591 3368 1657 τῆς
3425 1589 3666 1652 διανοίας
3696 1588 3811 1658 δμ-

2227 1694 2420 1745 μασιν,
2462 1680 2496 1747 ή
2522 1679 2579 1730 δὲ
2601 1681 2711 1741 τοῖς
2747 1682 3138 1750 πνευματικοῖς
3170 1680 3302 1732 ὠσὶν
3329 1681 3705 1749 ἐμπίπτουσα.

530 1774 775 1827 Alterum
813 1788 1048 1842 namque
1081 1788 1147 1826 ex
1184 1771 1290 1835 his,
1331 1770 1526 1824 mentis
1560 1770 1779 1823 illorum
1834 1770 2023 1823 oculos
2052 1768 2255 1825 lumine
2308 1771 2624 1839 perfundet;
2677 1774 2907 1827 alterum
2946 1790 3096 1838 vero,
3149 1772 3424 1843 spiritales
3475 1773 3817 1828 eorumdem

532 1878 699 1915 aures
741 1862 1000 1928 perficiet,
1034 1868 1087 1914 et
1121 1860 1357 1928 quadam
1393 1859 1665 1913 suavitate
1690 1856 1913 1911 afficiet.

602 1954 692 2021 IV,
722 1956 775 2019 5,
809 1956 860 2007 ϐ.
894 1954 965 2006 Ει
993 1963 1185 2023 septem
1223 1954 1492 2019 lampades
1531 1952 1773 2004 ardentes
1804 1962 1925 2005 ante
1969 1952 2117 2005 thro—

2294 1953 2405 2007 Καὶ
2448 1953 2599 2006 ἑπτὰ
2639 1954 2952 2023 λαμπάδες
2982 1958 3175 2025 πυρὸς
3208 1958 3515 2026 καιόμεναι
3545 1958 3821 2011 ἐνώπιον

533 2067 693 2115 num;
721 2066 838 2119 qua:
872 2058 996 2103 sunt
1020 2058 1215 2117 septem
1242 2048 1463 2117 spiritus
1492 2047 1589 2099 Dei
1613 2062 1631 2099 :
1659 2056 1708 2099 et
1751 2046 1806 2099 in
1835 2054 2118 2113 conspectu

531 2144 669 2198 sedis
705 2151 957 2211 tanquam
986 2156 1131 2194 mare
1157 2140 1382 2194 vitreum
1422 2138 1595 2193 sintita
1629 2138 1901 2209 crystallo.

607 2316 714 2373 Per
755 2324 951 2386 septem
979 2315 1077 2371 hos
1108 2316 1348 2384 spiritus,
1386 2322 1483 2369 aut
1519 2323 1725 2385 septem
1754 2315 1980 2384 angelos
2009 2329 2117 2370 ca:-

533 2409 671 2465 teris
704 2407 1112 2478 pratstantiores
1155 2422 1279 2461 eum
1330 2405 1530 2461 Irenaeo
1566 2406 1814 2476 accipere
1847 2414 2066 2474 Oportet
2102 2424 2116 2460 :

534 2509 631 2554 aut
658 2509 867 2569 septem
914 2498 1113 2553 viviliei
1144 2497 1293 2551 illius
1320 2496 1560 2567 Spiritus
1588 2497 1943 2552 charismata.
1972 2497 2121 2562 Quo-

540 2607 662 2645 rum
701 2591 1032 2645 mentionem
1077 2589 1206 2643 facit
1235 2588 1404 2643 Isaias
1432 2588 1715 2658 propheta.
1755 2588 1997 2657 Utraque
2024 2603 2120 2643 ex-

538 2682 741 2752 positio
775 2683 987 2737 ratione
1024 2691 1078 2736 et
1112 2681 1440 2736 auctoritate
1481 2680 1689 2735 nititur.
1716 2680 1984 2735 Caeterum
2024 2695 2119 2749 per

538 2788 684 2825 mare
711 2773 932 2825 vitreum
955 2771 1221 2825 immensa
1239 2770 1329 2853 illa
1347 2778 1659 2825 sanctarum
1681 2768 1951 2823 Virtutum
1977 2770 2120 2823 mul-

537 2861 734 2926 titudo,
764 2877 1059 2931 rerumque
1092 2863 1394 2917 cmlestium
1422 2862 1491 2916 ab
1518 2862 1668 2916 omni
1718 2862 1837 2914 labe
1866 2862 2124 2914 immuni-

539 2964 666 3017 tas;
700 2968 914 3008 necnon
948 2968 1051 3023 pax
1081 2955 1173 3009 illa
1207 2968 1534 3023 summaque
1570 2953 1768 3007 futurae
1802 2956 1924 3007 vita:
1970 2965 2123 3008 tran-

536 3042 780 3111 quillitas
808 3043 1148 3114 designatur.
1186 3044 1329 3097 Sunt
1374 3049 1554 3097 tamen
1600 3043 1693 3111 qui
1729 3058 1823 3111 per
1864 3059 2011 3097 mare
2049 3045 2126 3097 vi-

539 3145 713 3187 treum
751 3149 926 3203 aquas
952 3134 1075 3188 illas
1103 3149 1224 3203 quae
1248 3134 1553 3188 secundum
1582 3134 1929 3188 Psalmistam
1961 3150 2126 3203 super

541 3228 709 3283 caelos
726 3227 975 3292 firmatae,
997 3226 1205 3281 homini
1219 3241 1445 3296 prorsus
1463 3227 1814 3296 meoguitmet
1833 3227 2128 3282 inaccessa:

2220 2045 2327 2099 τοῦ
2354 2046 2571 2112 θρόνου
2589 2065 2603 2078 ·
2631 2048 2692 2100 αἵ
2720 2050 2840 2100 εισι
2868 2048 2940 2101 τὰ
2963 2047 3113 2102 ἑπτὰ
3141 2050 3451 2117 πνεύματα
3482 2049 3588 2103 τοῦ
3626 2050 3812 2104 Θεοῦ.

2220 2140 2331 2193 Kal
2363 2138 2622 2194 ἐνώπιον
2643 2140 2749 2194 τοῦ
2772 2142 3012 2207 θρόνου,
3047 2139 3333 2194 θάλασσα
3354 2141 3600 2207 ὑαλίνη,
3628 2141 3820 2210 ὁμοία

2222 2230 2606 2300 κρυστάλλῳ.

2290 2322 2373 2376 Τὰ
2405 2324 2461 2375 δὲ
2490 2322 2641 2375 ἑπτὰ
2666 2324 2981 2393 πνεύματα
3014 2323 3107 2376 τοῦ
3153 2324 3311 2389 Θεοῦ,
3351 2326 3483 2389 εἴτε,
3531 2326 3609 2389 ῶς
3632 2343 3814 2396 φησιν

2224 2412 2542 2482 Εἰρηναῖος,
2580 2412 2722 2465 ἑπτὰ
2757 2411 3023 2480 ἀγγέλους
3047 2412 3154 2463 τῶν
3187 2412 3392 2464 λοιπῶν
3431 2411 3816 2481 ὑπερέχοντας

2223 2504 2304 2557 δεῖ
2352 2506 2522 2569 νοεῖν,
2572 2505 2681 2555 εἴτε
2710 2504 2811 2566 τὰς
2856 2504 3137 2572 ἐνεργείας
3182 2501 3275 2556 τοῦ
3318 2502 3585 2567 ζωοποιοῦ
3624 2503 3809 2557 Πνεύ-

2228 2612 2415 2666 ματος,
2455 2588 2529 2647 ὧν
2587 2594 2815 2657 Ἡσαΐας
2866 2594 3163 2663 μέμνηται.
3228 2594 3348 2645 Οὐδ’
3400 2594 3589 2663 ἕτερον
3647 2588 3816 2663 οἶμαι

2225 2684 2488 2739 ἀπίθανον
2516 2700 2531 2716 ο
2588 2684 2622 2751 ἡ
2666 2682 2735 2736 δὲ
2759 2683 2977 2749 ὑαλίνη
3012 2682 3295 2737 θάλασσα
3348 2684 3409 2736 τὸ
3445 2684 3648 2753 πλῆθος
3687 2684 3811 2738 τῶν

2226 2778 2396 2847 ἁγίων
2439 2778 2734 2845 Δυνάμεων
2770 2774 2864 2830 καὶ¹
2912 2774 2972 2827 τὸ
3024 2774 3267 2845 καθαρὸν
3300 2776 3393 2828 καὶ
3443 2774 3812 2841 ἀκηλίδωτον,

2225 2872 2320 2924 καὶ
2344 2869 2405 2923 τὸ
2434 2870 2534 2937 τῆς
2568 2868 2863 2938 μελλούσης
2886 2868 3031 2936 ζωῆς
3078 2866 3471 2937 χαρακτηρίζει
3502 2867 3812 2937 ἀτάραχον.

2226 2960 2381 3031 Τάχα.
2433 2961 2489 3012 δὲ
2544 2961 2633 3013 διὰ
2678 2959 2880 3028 ταύτης
2928 2960 3181 3027 δηλοῦται
3228 2960 3297 3013 τὰ
3345 2960 3575 3031 οὐράνια
3630 2961 3813 3025 νῶτα,

2228 3050 2537 3118 ἀνεφίκτοις
2568 3051 2698 3120 ἡμῖν
2759 3048 2936 3117 ὕδασι,
2965 3049 3105 3101 κατὰ
3133 3051 3223 3101 τὸν
3253 3048 3577 3119 Ψαλμῳδὸν,
3606 3066 3813 3118 στεγα-

2228 3142 2457 3211 ζόμενα.
2509 3141 2570 3194 Et
2612 3141 2667 3194 δέ
2709 3158 2823 3195 τισι
2874 3141 3327 3210 κρυσταλλοειδὴς
3361 3142 3393 3211 ἡ
3427 3140 3521 3193 τοῦ
3568 3140 3814 3211 ούρανοῦ

2230 3235 2390 3304 φύσις
2433 3238 2768 3305 νενόμισται,
2816 3237 3040 3288 σκοπεῖν
3086 3235 3189 3305 χρὴ
3243 3236 3291 3287 εί
3347 3236 3421 3306 μὴ
3452 3237 3485 3305 ἡ
3516 3236 3677 3289 οὐσία
3709 3235 3813 3289 τοῦ

542 3327 694 3384 sunt,
727 3320 1017 3374 denotatas
1050 3327 1244 3387 putant
1287 3335 1301 3372 :
1333 3325 1429 3372 aut
1461 3318 1830 3387 crystalliuam
1866 3318 1988 3372 (ιωιὶ
2023 3333 2124 3370 na-

2231 3328 2543 3391 θεοστιϐοὖς
2582 3329 2793 3381 ἐκείνου
2822 3329 3053 3396 ἐδάφους
3092 3328 3180 3382 διὰ
3208 3328 3413 3381 τούτων
3448 3328 3814 3400 σημαίνεται,

541 3420 741 3473 turam,
776 3419 871 3465 aut
900 3411 1237 3479 singularem
1269 3417 1416 3464 certe
1445 3409 1612 3462 divini
1645 3409 1792 3465 illius
1825 3409 2123 3479 pavimenti

541 3500 808 3571 fulgorem
836 3512 891 3555 et
914 3501 1380 3579 perspicuitatem.
1406 3498 1606 3555 Verum
1632 3516 1814 3557 rerum
1836 3516 1957 3570 qua:
1979 3516 2129 3554 men-

540 3590 612 3644 tis
637 3598 840 3645 nostras
856 3598 1073 3660 captum
1094 3588 1383 3655 excedunt,
1408 3588 1811 3657 investigationi
1834 3588 2124 3659 prolixius,

540 3697 706 3751 quam
740 3698 839 3751 par
870 3691 974 3748 est,
1004 3683 1279 3748 insistere,
1312 3683 1604 3737 ridiculum
1649 3682 1904 3740 fortassis
1937 3683 2123 3739 fuerit.

612 3772 701 3839 IV,
732 3774 784 3829 6.
814 3773 885 3828 Et
912 3775 966 3828 in
994 3776 1162 3829 medio
1189 3774 1351 3841 sedis,
1381 3786 1430 3828 et
1455 3775 1512 3828 in
1546 3776 1773 3828 circuitu
1801 3776 1962 3839 sedis,
1990 3792 2126 3845 qua-

541 3875 660 3919 tuor
679 3867 937 3921 animalia
965 3867 1121 3936 plena
1147 3866 1316 3919 oculis
1346 3875 1468 3920 ante
1490 3877 1539 3920 et
1574 3876 1737 3920 retro.

612 4042 716 4099 Per
746 4044 863 4098 hmc
901 4043 1210 4097 ostenditur
1233 4044 1479 4097 thronum
1516 4042 1612 4094 Dei
1660 4041 1789 4095 nihil
1834 4041 1946 4096 fere
1982 4042 2127 4097 aliud

541 4152 686 4199 esse,
717 4151 880 4205 quam
913 4150 1142 4203 regnum
1185 4134 1300 4199 Dei,
1331 4133 1740 4203 jucundamqne
1783 4134 2024 4203 ejusdem
2072 4135 2126 4188 in

543 4228 750 4283 sanctis
782 4226 1044 4295 requiem.
1074 4225 1263 4280 Cernit
1305 4235 1488 4279 autem
1523 4225 1578 4278 in
1627 4241 1795 4295 regno
1837 4226 1931 4279 illo
1965 4226 2128 4281 Sera-

542 4320 690 4385 phim
718 4320 895 4373 oculis
924 4319 1081 4387 plena
1107 4318 1481 4385 thronumque
1502 4355 1517 4381 ,
1567 4317 1633 4371 de
1664 4331 1774 4386 quo
1818 4316 1908 4372 hic
1947 4332 2128 4372 sermo

544 4420 667 4476 est,
696 4411 902 4480 jugiter
950 4410 1230 4465 obeuntia.
1286 4408 1575 4463 Osulorum
1623 4421 1803 4463 autem
1860 4424 2126 4472 numero,

546 4505 655 4556 vim
693 4520 798 4572 qua
841 4502 905 4556 ad
949 4501 1282 4555 hauriendos
1327 4501 1634 4554 Divinitatis
1675 4500 1859 4553 radios
1902 4500 2127 4570 pollent,

549 4596 657 4663 2ο
686 4594 827 4647 haud
874 4593 1037 4646 dubie
1069 4591 1398 4657 subindicat,
1430 4591 1875 4661 quandoquidem
1910 4605 1972 4643 ea
2007 4606 2129 4658 per—

552 4687 785 4740 fectione
811 4701 840 4738 a
872 4685 977 4739 Deo
1006 4684 1371 4743 illustrantur.
1411 4695 1468 4736 ut
1507 4684 1692 4749 et;illa
1745 4683 1966 4735 videant
2010 4698 2131 4751 qua:

549 4778 663 4846 jam
698 4777 903 4831 dudum
941 4785 1066 4831 ante
1102 4787 1232 4831 sunt
1277 4775 1458 4843 facta,
1510 4786 1564 4830 et
1610 4775 1701 4829 illa
1755 4789 1975 4828 rursum
2017 4788 2138 4842 qum

554 4874 679 4923 olim
714 4879 841 4924 sunt
870 4869 1079 4923 futura.

624 4961 713 5028 IV,
740 4963 793 5016 '7.
827 4961 895 5015 Et
926 4961 1126 5015 animal
1166 4962 1396 5030 primum
1442 4957 1613 5013 simile
1644 4957 1817 5022 leoni;
1858 4966 1905 5010 et
1948 4972 2137 5009 secun-

551 5059 675 5109 dum
707 5055 908 5109 animal
939 5054 1109 5108 simile
1140 5053 1341 5117 vitulo;
1375 5060 1423 5105 et
1457 5051 1669 5105 tertium
1700 5047 1900 5100 animal
1941 5046 2133 5098 habens

553 5148 748 5215 [aciem
804 5149 937 5200 velut
988 5145 1248 5211 hominis;
1300 5155 1347 5198 et
1398 5152 1646 5212 quartum
1698 5139 1899 5192 animal
1960 5138 2131 5191 simile

552 5239 747 5309 aquin
776 5237 993 5291 volanti.
1069 5263 1076 5269 ’

626 5328 906 5394 Ejusmodi
957 5327 1215 5382 animalia
1262 5325 1525 5395 prepheta
1580 5323 1832 5379 Ezechiel
1882 5331 2131 5378 conteru-

554 5423 736 5491 platus
760 5435 977 5490 quoque
1007 5419 1223 5489 legitur.
1254 5417 1522 5473 Caeterum
1550 5431 1644 5485 per
1669 5428 1907 5485 quatuor
1945 5413 2132 5475 facies,

558 5524 792 5583 quatuor
832 5514 1124 5575 elementa,
1172 5526 1235 5564 cx
1273 5508 1475 5579 quibus
1507 5508 1669 5562 homo
1705 5514 2133 5577 eoagmentatnr,

560 5606 989 5671 corumdemque
1014 5603 1319 5674 procreatio
1350 5611 1402 5656 et
1429 5600 1792 5664 conservatio,
1815 5609 1871 5653 ut
1904 5596 2137 5651 nonnul-

566 5697 634 5749 lis
674 5697 867 5764 placet,
922 5697 1026 5749 hoc
1073 5697 1190 5750 loco
1242 5696 1570 5750 denotamur
1611 5709 1623 5745 :
1663 5703 1756 5746 aut
1800 5690 1891 5745 Dei
1944 5691 1997 5743 in
2052 5704 2138 5743 res

571 5800 782 5840 omnes.
809 5787 1041 5842 siveilla:
1073 5788 1125 5840 in
1151 5788 1312 5856 cnglo,
1336 5784 1449 5840 sive
1484 5785 1536 5838 in
1565 5794 1728 5848 terra,
1762 5782 1877 5837 sive
1901 5780 1953 5835 in
1981 5779 2137 5845 mari,

2228 3422 2289 3474 τὸ
2337 3420 2548 3472 στίλϐον
2594 3421 2731 3491 ὁμοῦ
2784 3421 2877 3473 καὶ
2919 3420 3137 3489 διαυγὲς
3191 3421 3406 3491 ἔχουσα.
3479 3422 3640 3476 Ἀλλὰ
3696 3424 3815 3476 τῶν

2230 3512 2371 3581 ὑπὲρ
2404 3512 2708 3581 κατάληψιν
2738 3514 2769 3583 ἡ
2799 3512 2995 3584 ἔρευνα
3023 3514 3450 3582 καταγέλαστος.

2299 3779 2411 3834 Καὶ
2446 3779 2518 3832 ἐν
2543 3778 2717 3847 μέσῳ
2744 3777 2851 3831 τοῦ
2884 3779 3125 3845 θρόνου,
3162 3779 3261 3833 καὶ
3307 3780 3509 3846 κύκλῳ
3538 3782 3642 3835 τοῦ
3670 3780 3812 3848 θρό-

2228 3888 2362 3935 νου,
2390 3869 2659 3935 τέσσαρα
2689 3866 2800 3926 ζῶα
2826 3867 3077 3936 γέμοντα
3108 3868 3432 3937 ὀφθαλμῶν
3462 3870 3815 3938 ἔμπροσθεν

2230 3963 2327 4018 καί
2364 3961 2634 4015 ὄπισθεν.

2304 4052 2436 4127 [Καὶ
2460 4054 2669 4118 κύκλῳ
2700 4052 2807 4106 τοῦ
2841 4054 3079 4120 θρόνου,
3108 4052 3378 4119 τέσσαρα
3410 4051 3522 4113 ζῶα
3552 4051 3815 4120 γέμοντα

2230 4146 2573 4217 ὀφθαλμῶν.
2598 4143 2696 4216 -]
2729 4146 2837 4198 Καὶ
2869 4144 2955 4196 διὰ
2994 4143 3183 4197 τούτου
3226 4144 3502 4197 δείκνυται
3550 4145 3579 4196 ὁ
3618 4144 3813 4213 θρόνος

2231 4236 2563 4307 σημαντικὸς
2587 4230 2725 4287 εἶναι
2754 4236 2851 4303 τῆς
2883 4234 2975 4286 τοῦ
3006 4234 3142 4287 Θεοῦ
3171 4235 3448 4303 βασιλείας
3482 4252 3539 4287 τε
3562 4234 3656 4287 καὶ
3676 4236 3810 4287 ἀνα-

2231 4328 2515 4388 παύσεως’
2546 4327 2603 4376 ὲν
2699 4325 2792 4377 καὶ
2834 4326 2961 4393 περὶ
2993 4324 3060 4395 ἢν
3094 4325 3163 4376 τὰ
3190 4323 3452 4393 Σεραφίμ
3499 4323 3811 4393 ἐθεώρησε·

2230 4416 2316 4467 διὰ
2338 4413 2431 4467 τοῦ
2473 4413 2711 4482 πλήθους
2740 4413 2847 4465 τῶν
2883 4412 3207 4480 ὀφθαλμῶν
3246 4413 3305 4465 τὸ
3360 4413 3497 4483 πρὸς
3528 4413 3629 4475 τέις
3657 4413 3814 4475 θείας

2232 4505 2405 4573 αὐγὰς
2434 4505 2719 4559 θεοπτικὸν
2767 4504 2947 4557 αὐτῶν
2987 4504 3394 4572 διδασκόμενος.
3434 4505 3817 4571 Ἔμπροσθεν

2237 4599 2332 4650 καί
2356 4598 2624 4651 ὄπισθεν’
2648 4598 2729 4649 ὅτι
2762 4597 2853 4648 καὶ
2878 4596 2985 4647 τῶν
3003 4595 3309 4664 ἔμπροσθεν
3333 4596 3429 4649 καὶ
3454 4596 3561 4649 τῶν
3587 4594 3815 4647 ὄπισθεν

2238 4687 2468 4760 [θεόθεν]
2510 4689 2606 4758 τὴν
2636 4687 2837 4756 γνῶσιν
2863 4687 3276 4754 ὲναυγάζονται.

2307 4944 2415 4998 Καὶ
2452 4943 2516 4997 τὸ
2548 4941 2692 5003 ζῶον
2719 4942 2784 4996 τὸ
2813 4941 3072 5009 πρῶτον,
3100 4940 3306 5011 ὅμοιον
3335 4945 3566 4996 λέοντι⁸
3602 4945 3699 4995 καὶ
3750 4943 3817 4996 τὸ

2236 5037 2516 5103 δεύτερον
2542 5035 2706 5098 ζῶον,
2732 5034 2937 5102 ὅμοιον
2956 5033 3184 5101 μόσχῳ*
3210 5032 3309 5085 καί
3332 5034 3398 5085 τὸ
3420 5032 3621 5100 τρίτον
3646 5032 3814 5095 ζῶον,

2239 5128 2385 5196 ἕχον
2448 5126 2773 5195 πρόσωπον
2832 5124 3181 5191 ἀνθρώπου’
3245 5124 3342 5177 καί
3410 5124 3475 5177 τὸ
3536 5122 3820 5191 τέταρτον

2242 5218 2405 5284 ζῶον,
2444 5218 2649 5287 ὅμοιον
2677 5215 2826 5281 ἀετῷ
2853 5214 3175 5282 πετομένῳ.

2312 5310 2497 5364 Ταῦτα
2538 5310 2606 5361 τὰ
2650 5306 2936 5378 [τέσσαρα]
2990 5307 3103 5372 ζῶα
3158 5308 3251 5358 καὶ
3306 5307 3399 5359 τὸν
3436 5306 3666 5360 Ἡσαΐαν
3721 5323 3811 5358 τε‹

2243 5403 2469 5458 θεᾶσθαι
2519 5400 2814 5471 νομίζομεν
2840 5418 2852 5431 ο
2888 5402 2977 5453 διὰ
3023 5399 3133 5452 τῶν
3186 5402 3469 5472 τεσσάρων
3506 5399 3818 5470 προσώπων

2240 5493 2505 5565 δηλοῦντα
2559 5490 2742 5564 εἴτε]
2787 5493 2885 5563 τὴν
2934 5493 3043 5546 τῶν
3090 5493 3374 5559 τεσσάρων
3412 5492 3697 5562 στοιχείων
3727 5492 3817 5544 τοῦ

2243 5586 2378 5639 Θεοῦ
2436 5587 2794 5656 δημιουργίαν
2854 5602 2911 5638 τε
2967 5586 3062 5637 καὶ
3125 5587 3475 5655 συντήρησιν,
3540 5586 3616 5647 ὥς
3678 5599 3818 5637 τισιν

2252 5677 2450 5743 ἔδοξεν,
2497 5679 2604 5729 εἴτε
2636 5678 3042 5746 τῶνούρανίων
3073 5679 3163 5731 καὶ
3202 5679 3461 5745 ἐπιγείων
3495 5680 3588 5729 καὶ
3630 5676 3738 5727 τῶν
3768 5677 3822 5727 ἐν

2247 5768 2489 5838 θαλάσσῃ
2523 5768 2639 5839 [καὶ
2664 5769 3057 5839 καταχθονίων]
3088 5771 3186 5839 τὴν
3220 5769 3434 5841 [θείαν]
3470 5767 3817 5820 δεσποτείαν’

3860 4808 3868 4874 ἔ
