4070 6454
341 365 464 430 257

1314 368 1922 431 COMMENTARIUS
1959 369 2044 430 IN
2083 365 2616 434 APOCALYPSIN.

3511 378 3618 441 258

345 478 470 527 εἶτε
516 474 614 537 τὰς
672 475 872 543 ἀρετὰς
934 475 1033 539 τὰς
1079 477 1372 546 τέσσαρας,
1427 477 1522 530 καὶ
1569 476 1640 530 τὰ
1694 478 1938 548 τέσσαρα

2045 480 2160 536 sive
2197 481 2252 534 in
2276 496 2425 551 aere,
2463 482 2578 538 sive
2608 484 2713 538 sub
2745 492 2889 541 terra
2929 485 3196 542 exsistant
3223 526 3238 551 ,
3264 488 3577 545 dominatus
3612 532 3628 556 ,

349 567 691 634 Εὑαγγέλια,
719 567 795 629 ὡς
817 567 1024 637 ἑτέροις
1061 567 1238 630 καλῶς
1272 567 1418 637 ἔχειν
1450 567 1762 636 λελόγισται
1785 584 1799 599 ο
1831 568 1940 623 τοῦ

351 655 462 721 μὲν
499 656 752 720 ,λέοντος
805 655 1092 724 δηλοῦντος
1141 656 1240 726 τὴν
1288 656 1539 726 ἀνδρείαν
1591 659 1684 710 καὶ
1712 658 1773 710 τὸ
1802 657 1942 711 κατὰ

365 746 628 816 Ἰωάννην
649 747 1007 816 Εὐαγγέλιον,
1031 748 1106 811 ῶς
1129 765 1296 819 φησιν
1320 750 1626 820 Εἰρηναῖος·
1655 749 1739 802 διὰ
1763 749 1824 802 τὸ
1843 749 1941 818 τῆς

349 838 690 906 προαιωνίου
726 837 1003 907 βασιλείας
1045 838 1238 892 τούτου
1281 839 1620 910 σημαντικόν
1643 856 1656 870 ·
1695 841 1752 891 ἐν
1796 840 1938 909 ἀρχῇ

349 933 468 1000 γὰρ
495 927 640 996 εἶναι⁴
674 931 767 983 τὸν
813 931 986 998 Λόγον
1012 931 1249 1001 ἐκήρυξε
1268 948 1280 960 ·
1312 932 1421 986 τοῦ
1458 931 1517 984 δὲ
1549 933 1814 1001 μόσχου,
1843 931 1938 985 ᾰτε

346 1023 472 1084 τοῖς
517 1022 740 1084 οἰκείοις
793 1022 1141 1092 ἀρκουμένου
1191 1022 1398 1088 πόνοις,
1448 1021 1547 1093 τὴν
1594 1021 1941 1092 δικαιοσύνην

351 1113 453 1166 καὶ
501 1113 564 1164 τὸ
590 1113 732 1166 κατᾶ
766 1113 981 1164 Λουκᾶν
1036 1111 1390 1180 Εὑαγγέλιον,
1445 1111 1522 1174 ὼς
1571 1112 1811 1181 νομικῶς
1847 1112 1941 1164 καὶ

354 1203 659 1274 ἱερατικῶς
729 1203 822 1255 τὸν
888 1203 1124 1272 Χριστὸν
1184 1202 1620 1272 γενεαλογῆσαν·
1702 1201 1811 1256 τοῦ
1880 1201 1938 1255 δὲ

346 1295 559 1358 ἀετοῦ,
594 1295 691 1365 τὴν
724 1294 1080 1367 σωφροσύνην
1101 1311 1116 1326 ν
1144 1295 1351 1364 ταύτην
1389 1294 1500 1364 γὰρ
1531 1291 1756 1366 [φιλεῖν]
1794 1310 1939 1363 μαρ-

351 1389 602 1456 τυρεῖται
643 1384 842 1457 [τοῦτο]
897 1386 958 1438 τὸ
1010 1385 1184 1450 ζῶονο
1245 1385 1340 1438 καὶ
1398 1385 1459 1438 τὸ
1515 1385 1656 1439 κατὰ
1710 1383 1938 1455 Μάρκον

350 1478 709 1545 Εὑαγγέλιον,
741 1478 817 1540 ὼς
859 1476 1122 1548 σύντομον
1163 1479 1258 1530 καὶ
1307 1477 1416 1533 ἀπὸ
1457 1475 1553 1530 τοῦ
1593 1476 1938 1548 προφητικοῦ

348 1570 675 1639 Πνεύματος
698 1569 1004 1638 ἀρξάμενον
1023 1584 1036 1598 ·
1070 1567 1182 1622 τοῦ
1209 1567 1266 1621 δὲ
1297 1568 1614 1636 ἀνθρώπου
1657 1569 1756 1640 τὴν
1803 1568 1938 1639 φρό-

2045 580 2139 625 aut
2165 580 2402 640 quatuor
2428 574 2702 642 primarim
2734 577 2964 633 virtutes
3015 596 3028 632 :
3058 587 3154 633 aut
3184 589 3424 648 quatuor
3456 581 3632 636 Evan-

2042 663 2181 735 gelia
2217 683 2231 720 :
2276 675 2392 730 aut,
2434 667 2578 735 quod
2627 667 2749 723 aliis
2788 670 2960 740 magis
2996 670 3282 740 probatur,
3335 682 3632 740 utrumque

2043 752 2207 806 simul
2255 753 2449 807 :leone
2505 755 2726 824 quidem
2781 756 3159 813 fortitudinem
3191 767 3246 813 et
3273 758 3628 828 Evangelium

2041 842 2344 896 secundum
2377 841 2647 898 Joannem
2679 844 3046 914 signiﬁcante.
3083 847 3254 912 Nam,
3302 857 3360 902 ut
3389 849 3630 904 Irenaeus

2041 933 2300 990 admonet
2323 974 2340 1000 ,
2371 951 2540 989 unum
2576 938 2682 990 hoc
2725 938 2779 991 in
2812 938 2931 1007 ipso
2961 939 3144 994 statim
3175 941 3400 995 exordio
3429 942 3630 1010 sempi-

2042 1026 2182 1079 terni
2213 1026 2364 1096 regni
2391 1028 2726 1084 mentionem
2760 1029 3241 1086 infert.Praedicat
3271 1047 3509 1100 namque
3534 1031 3629 1086 Dei

2043 1115 2280 1171 Verbum
2310 1134 2340 1173 a
2371 1120 2956 1189 principio'exstitisse.
2990 1121 3170 1177 Vitqu
3195 1139 3343 1188 vero,
3369 1133 3626 1194 tauquam

2039 1209 2279 1278 pmpriis
2312 1210 2508 1280 opibus
2543 1211 2934 1283 laboribusque
2971 1223 3229 1269 contento
3261 1215 3479 1285 sibique
3512 1217 3629 1271 suf-

2042 1299 2278 1365 ficiente,
2301 1302 2575 1369 justitiam
2603 1310 2659 1358 et
2685 1304 3038 1374 Evangelium
3062 1307 3363 1360 secundum
3396 1306 3625 1372 Lucam,

2039 1387 2131 1458 qui
2162 1387 2366 1442 Christi
2398 1391 2769 1460 genealogiam
2802 1392 2965 1448 simul
2993 1407 3088 1462 per
3109 1394 3332 1462 legalem
3363 1405 3417 1449 et
3438 1411 3628 1450 sacer-

2040 1477 2276 1532 dotalem
2301 1479 2498 1534 lineam
2523 1481 2674 1536 ducit
2703 1499 2716 1534 :
2752 1482 2931 1552 aquila
2955 1493 3159 1548 autem,
3188 1487 3626 1554 temperantiam,

2041 1567 2194 1637 (huic
2219 1568 2362 1622 enim
2395 1569 2620 1624 animali
2661 1571 2852 1628 isthaec
2884 1573 3060 1628 virtus
3088 1573 3376 1630 familiaris
3408 1575 3624 1646 fertur),

346 1679 534 1733 νησιν,
567 1661 664 1714 καὶ
693 1662 755 1713 τὸ
793 1661 934 1715 κατὰ
967 1659 1244 1714 Ματθαῖον
1279 1661 1630 1726 Εὐαγγέλιον,
1669 1660 1744 1723 ὡς
1778 1661 1937 1731 φύσει

2042 1667 2092 1712 et
2137 1659 2490 1729 Evangelium
2536 1663 2836 1718 secundum
2872 1662 3140 1728 Marcum,
3181 1665 3326 1734 quod
3363 1673 3416 1718 et
3465 1666 3629 1720 breve

344 1756 450 1808 καὶ
495 1755 556 1808 οὐ
607 1755 756 1824 νόμῳ
787 1753 1032 1824 κηρύξαν
1061 1755 1160 1820 τὴν
1189 1750 1333 1824 [τοῦ]
1378 1754 1621 1823 Χριστοῦ
1657 1754 1934 1823 γέννησιν.

2042 1761 2142 1817 est,
2171 1761 2227 1807 et
2256 1768 2286 1807 a
2310 1754 2629 1824 prophetico
2655 1754 2868 1824 Spiritu
2891 1755 3181 1810 exordium
3212 1757 3345 1810 facit
3374 1775 3388 1811 :
3418 1756 3630 1812 homine

342 1846 518 1910 Εἰκὸς
547 1845 604 1899 δὲ
642 1845 728 1899 διὰ
753 1843 958 1898 τούτων
999 1845 1094 1897 καὶ
1141 1843 1239 1915 τὴν
1265 1845 1582 1916 οἰκονομίαν
1623 1844 1765 1918 [τοῦ]
1801 1847 1938 1916 Χρι-

2042 1844 2255 1899 tandem
2288 1846 2638 1915 prudentiam
2668 1856 2724 1902 et
2757 1847 3112 1919 Evangelium
3153 1850 3458 1906 secundum
3489 1848 3629 1904 Mal-

345 1937 482 1992 στοῦ
512 1933 827 2009 δηλοῦσθαι·
856 1935 947 1990 διὰ
971 1935 1076 1990 τοῦ
1105 1934 1378 2002 λέοντος,
1409 1936 1486 1998 ὡς
1512 1936 1812 2006 βασιλέως
1845 1937 1933 1990 διὰ

2042 1935 2430 2006 thaaum,‘quod
2450 1939 2607 2007 legali
2634 1938 2828 2003 missa,
2852 1940 3161 1995 naturalem
3181 1949 3389 1995 tantum
3415 1940 3625 1995 Christi

340 2028 460 2082 τοῦ
477 2028 740 2096 μόσχου,
771 2026 846 2091 ὡς
881 2027 1091 2098 ἱερέως,
1130 2027 1334 2097 μᾶλλον
1361 2026 1418 2079 δὲ
1457 2028 1551 2081 καὶ
1580 2027 1780 2098 ἱερείου
1803 2044 1814 2056 ·
1845 2027 1935 2082 διὰ

2042 2028 2447 2098 generationem
2476 2031 2628 2084 texit.
2666 2029 2954 2085 Probabile
2992 2029 3053 2086 fit
3086 2046 3304 2100 quoque
3326 2032 3628 2100 prmcipnas

343 2118 459 2172 τοῦ
497 2116 835 2184 ἀνθρώπου,
881 2116 956 2180 ὡς
1001 2116 1070 2169 δι’
1105 2116 1255 2186 ἡμᾶς
1304 2115 1709 2185 ἀνδρωθέντος’
1759 2115 1848 2170 διὰ
1876 2115 1934 2170 δὲ

2042 2119 2361 2172 ωεοηοηιὶιε
2386 2118 2590 2173 Christi
2621 2127 2802 2188 partes
2827 2134 2924 2188 per
2949 2128 3191 2188 quatuor
3220 2121 3335 2176 haec
3366 2121 3626 2176 animalia

339 2209 459 2263 τοῦ
485 2210 687 2274 ἀετοῦ,
710 2208 785 2272 ὡς
810 2207 1049 2281 χορηγοῦ
1066 2207 1159 2262 τοῦ
1186 2206 1450 2272 ζωοποιοῦ
1467 2206 1605 2261 [Ινεύ
1613 2225 1801 2278 ματος,
1832 2208 1930 2262 τοῦ

2042 2207 2328 2279 designare
2375 2208 2640 2266 voluisse.
2696 2209 2897 2279 Regem
2949 2211 3233 2266 exstitisse
3261 2251 3278 2275 ,
3322 2212 3626 2268 indicatum

342 2301 682 2364 ἐπιπτάντος
711 2302 843 2373 ἡμῖν
875 2299 1105 2356 ἄνωθεν.

2042 2300 2210 2354 videri
2251 2309 2429 2371 potest
2457 2317 2553 2371 per
2597 2300 2799 2355 leonem
2839 2317 2858 2356 :
2894 2302 3235 2357 sacerdotem
3281 2317 3447 2371 porro
3471 2341 3486 2365 ,
3524 2311 3621 2356 aut

342 2393 916 2456 verius‘sacrificiutn,
947 2407 1043 2464 per
1070 2391 1291 2448 vitulum
1319 2407 1339 2445 :
1362 2392 1536 2448 nostri
1562 2403 1744 2447 autem
1774 2407 1943 2448 causa
1996 2407 2218 2448 carnem
2260 2379 2659 2464 assumpsisse,
2693 2409 2789 2463 per
2823 2393 3086 2448 hominem
3108 2409 3128 2450 :
3164 2395 3363 2451 viviﬁci
3391 2393 3628 2465 denique

343 2482 614 2556 Spiritus,
651 2487 746 2557 qui
773 2501 804 2543 e
833 2487 1086 2556 supernis
1117 2486 1366 2552 devolat,
1398 2487 1694 2557 benignum
1724 2486 2040 2557 largitorem
2065 2501 2211 2553 esse,
2244 2502 2342 2557 per
2364 2486 2626 2556 aquilam.

421 2577 529 2630 Kal
557 2576 827 2649 τέσσαρα
871 2576 1002 2641 ζῶα,
1037 2577 1109 2630 ἓν
1143 2579 1273 2631 καθ’
1302 2575 1372 2632 ἐν
1401 2576 1602 2632 αὐτῶν
1633 2575 1782 2646 ἕχον
1816 2577 1934 2639 ἀνὰ

2115 2575 2206 2640 IV,
2242 2577 2295 2632 8.
2331 2576 2400 2630 Et
2420 2586 2651 2648 quatuor
2685 2577 2980 2645 animalia,
3016 2577 3228 2649 singula
3256 2593 3438 2633 eorum
3463 2578 3626 2638 habe-

345 2665 651 2736 πτέρυγας
695 2667 764 2734 ἐξ
815 2669 1147 2734 κύκλωθεν,
1198 2666 1298 2723 καὶ
1353 2666 1586 2721 ἔσωθεν
1640 2664 1932 2736 γέμουσιν

2042 2669 2164 2725 bant
2187 2670 2304 2728 alas
2329 2687 2480 2725 senas
2510 2671 2562 2724 in
2588 2672 2838 2737 circuitu,
2862 2680 2911 2725 et
2935 2674 3080 2725 intus
3105 2670 3260 2740 plena
3287 2682 3410 2726 sunt
3437 2675 3624 2729 oculis.

347 2757 697 2826 ὀφθαλμῶν.

417 2851 553 2921 [Kal
580 2850 847 2920 τέσσαρα
878 2849 991 2912 ζῶα
1016 2849 1086 2905 ἐν
1119 2851 1248 2904 καθ’
1292 2849 1363 2903 ἓν
1399 2847 1600 2905 αὐτῶν
1629 2847 1779 2917 ἕχον
1811 2846 1933 2902 ἀνὰ

2108 2846 2357 2912 Quatuor
2405 2847 2518 2901 ba‘c
2562 2847 2850 2912 animalia,
2907 2855 2967 2902 ut
2999 2861 3199 2916 magno
3243 2845 3501 2920 Dionysio
3545 2848 3626 2902 vi-

347 2944 657 3013 πτέρυγας
701 2943 791 3009 ἒξ.
827 2941 932 3016 —-]
963 2943 1149 2996 Ταῦτα
1189 2944 1217 2995 ό
1251 2941 1428 3013 μέγας
1478 2941 1611 3010 φησί
1655 2939 1930 3003 Διονύσιος

2042 2951 2159 2994 sum
2194 2948 2313 3006 est,
2346 2939 2558 2994 duabus
2605 2940 2709 2993 alis
2753 2939 2825 2993 ob
2861 2938 2913 2992 id
2959 2938 3128 2994 facies
3170 2955 3299 2995 suas
3335 2939 3624 3009 tegebant,

347 3035 436 3087 διὰ
463 3033 626 3086 τοῦτο
655 3035 773 3096 ταῖς
802 3033 921 3086 δυσὶ
951 3032 1180 3104 πτέρυξι
1207 3032 1504 3087 καλύπτειν
1536 3031 1605 3084 τὰ
1636 3029 1926 3096 πρόσωπα,

2042 3029 2250 3084 duabus
2297 3045 2516 3084 rursum
2553 3031 2751 3100 pedes;
2794 3039 2848 3084 et
2892 3029 3106 3086 duabus
3158 3031 3376 3086 tandem
3429 3031 3625 3086 mediis

349 3125 445 3178 καὶ
472 3125 596 3186 ταῖς
617 3122 741 3176 δυσὶ
771 3123 898 3186 τοὺς
928 3122 1118 3186 πόδας,
1147 3123 1240 3174 καὶ
1269 3123 1390 3184 ταῖς
1423 3120 1617 3190 μέσαις
1647 3117 1930 3171 πέτεσθαι·

2042 3122 2290 3176 volabant
2336 3139 2350 3174 :
2403 3137 2515 3192 quo
2545 3121 2674 3177 hinc
2723 3131 2999 3177 constaret
3044 3131 3253 3191 quanto
3303 3136 3430 3177 cum
3477 3131 3624 3178 metu

352 3217 438 3269 ἵνα
465 3218 499 3288 ἡ
529 3216 661 3286 περὶ
686 3214 754 3268 τὰ
786 3213 1095 3285 ὑψηλότερα
1120 3209 1348 3284 [αὐτῶν]
1381 3211 1476 3263 καὶ
1524 3207 1800 3279 βαθύτερα
1830 3207 1932 3277 τῆς

2042 3221 2089 3267 et
2137 3213 2442 3266 reverentia
2499 3213 2551 3267 in
2605 3213 2988 3267 sublimiorum
3037 3229 3219 3267 rerum
3259 3212 3527 3270 theoriam
3570 3225 3626 3269 et

351 3308 560 3369 οἰκείας
588 3305 951 3375 καταλήψεως
992 3306 1134 3374 φανῇ
1170 3301 1458 3355 εὐλάϐειαι
1489 3299 1558 3352 δι’
1589 3299 1655 3369 ἣν
1681 3300 1797 3360 τοῖς
1833 3297 1932 3369 μέ-

2042 3303 2472 3374 iuquisitionem,
2494 3303 3030 3375 profundiorumque
3056 3301 3445 3375 mysteriorum
3471 3320 3626 3358 com-

359 3417 472 3463 σοις
497 3396 636 3469 πρὸς
668 3398 767 3460 τὰς
799 3395 1097 3469 θεαρχικὰς
1152 3393 1328 3464 αὐγὰς
1357 3391 1518 3466 [τοῖς]
1551 3389 1715 3454 θείοις
1747 3389 1935 3458 ζυγοῖς

2042 3397 2454 3466 prehensioncm
2481 3395 2730 3450 ferantur
2751 3414 2765 3463 ;
2791 3406 3107 3466 quantaque
3127 3398 3382 3451 cautione
3401 3397 3626 3452 haustos

360 3492 748 3547 ἅνατείνονται.

2044 3483 2355 3541 Diviuitatis
2387 3487 2601 3550 radios,
2652 3487 2718 3540 ad
2765 3486 2904 3540 alios
2958 3486 3273 3556 interiectos
3315 3487 3540 3542 ordines
3571 3497 3627 3542 et

2035 3575 2194 3630 sedes
2218 3590 2326 3629 non
2355 3577 2564 3646 absque
2585 3569 2679 3629 Dei
2700 3575 2854 3646 jussu
2884 3577 3253 3630 transmittere
3281 3575 3516 3630 soleant.

423 3669 534 3724 Kal
582 3667 934 3722 ἀνάπαυσιν
975 3667 1087 3720 οὐκ
1132 3664 1406 3734 ἔχουσιν,
1441 3661 1668 3730 ἡμέρας
1701 3660 1799 3714 καί
1825 3676 1934 3714 νυ-

2106 3668 2197 3734 ιν,
2225 3668 2279 3723 8.
2309 3666 2378 3723 Et
2411 3669 2635 3738 requiem
2669 3683 2772 3720 non
2802 3667 2992 3720 habent
3022 3666 3107 3719 die
3137 3682 3198 3719 ac
3229 3676 3410 3732 nocte,
3443 3666 3624 3722 dicen-

349 3759 496 3826 κτὸς
534 3759 846 3830 λένοντεςο
881 3758 1106 3828 Ἀγιος,
1159 3757 1346 3823 ἅγιος,
1396 3753 1594 3823 ἅγιος·
1644 3755 1857 3821 Κύριος
1903 3755 1936 3806 ό

2042 3761 2144 3815 tia:
2174 3759 2426 3821 Sanctus,
2458 3767 2694 3823 sanctus,
2731 3768 2948 3811 sanctus
2984 3755 3240 3810 Dominus
3272 3755 3414 3809 Deus
3448 3755 3624 3810 omni—

351 3851 501 3918 Θεὸς
527 3853 559 3904 ὁ
603 3848 1053 3918 παντοκράτωρ,
1081 3850 1114 3901 ό
1137 3845 1243 3912 ὢν,
1269 3845 1369 3899 καί
1391 3847 1424 3900 ό
1450 3841 1550 3915 ἦν,
1577 3845 1676 3898 καὶ
1704 3846 1736 3897 ό
1770 3844 1938 3912 ἐρχό-

2042 3863 2237 3920 potens,
2263 3853 2352 3920 qui
2382 3859 2480 3915 est,
2505 3858 2552 3902 et
2583 3849 2672 3919 qui
2700 3857 2838 3911 erat,
2866 3858 2916 3902 et
2944 3848 3032 3917 qui
3067 3846 3444 3900 venturus'est.

373 3959 556 4008 ιενος.

373 3963 500 3997 tero
541 3980 556 3995 .

345 3963 370 4014 1
437 3963 795 4099 Ἀἱάπαυσις
824 4032 880 4084 δὲ
918 4032 1038 4094 ταῖς
1067 4029 1254 4099 ἁγίαις
1286 4027 1514 4090 ταύταις
1545 4024 1842 4096 δυνάμεσι,
1877 4024 1936 4078 τὸ

2111 4019 2328 4076 Sancta:
2369 4019 2488 4074 ista:
2525 4017 2757 4072 virtutes
2795 4017 2865 4071 ob
2905 4016 2956 4069 id
2995 4017 3238 4084 requiem
3280 4013 3481 4068 habere
3523 4026 3623 4070 ne-

351 4131 419 4181 ὲκ
447 4127 546 4198 τῆς
591 4125 740 4188 θείας
780 4122 1053 4195 ὑμνῳδίας
1081 4120 1158 4192 μὴ
1203 4118 1498 4184 παύεσθαι,
1537 4117 1631 4170 καὶ
1663 4116 1754 4169 τὸν
1782 4132 1937 4188 τρισ-

2042 4123 2260 4184 gantur,
2294 4113 2437 4181 quod
2474 4126 2504 4164 a
2540 4109 2743 4164 divinis
2781 4108 3035 4162 laudibus
3062 4121 3346 4175 nunquam
3385 4112 3622 4159 cessent.

352 4218 446 4270 σὺν
472 4196 742 4287 ἁγιασμὸν
770 4216 838 4284 τῇ
867 4209 1287 4282 τρισυποστάτῳ
1310 4207 1644 4278 προσφέρειν
1673 4204 1925 4274 Θεότητι.

2042 4205 2308 4260 Caeterum
2347 4218 2442 4272 per
2478 4202 2788 4256 sanctitatis
2835 4213 3033 4253 nomen
3079 4198 3239 4252 tertio
3287 4196 3621 4265 repetitum,

351 4311 426 4362 Τὺ
581 4307 635 4360 Ὀ
660 4308 746 4362 ὢν
768 4306 868 4360 καὶ
894 4308 928 4359 ό
957 4301 1036 4374 ἦν
1065 4302 1160 4356 καὶ
1192 4304 1224 4356 ό
1249 4301 1574 4369 ἐρχόμενος
1600 4296 1672 4368 [ό
1709 4312 1934 4350 παντο-

2042 4293 2348 4357 Divinitati,
2383 4305 2504 4361 qua:
2555 4291 2608 4344 in
2657 4289 2837 4344 tribus
2885 4286 3310 4358 hypostas'rbus,
3349 4300 3418 4338 ex
3465 4298 3623 4352 aequo

349 4371 580 4468 κράτωρ
599 4398 644 4472 ],
675 4400 775 4469 τὴν
805 4371 1202 4466 ἁγίαν-Τριάδα
1235 4391 1428 4462 δηλοῦν
1455 4388 1688 4460 ἔφημεν.

2042 4383 2315 4447 subsistit,
2353 4379 2568 4436 laudem
2601 4378 2872 4458 deferunt.
2907 4378 3082 4433 Porro
3114 4383 3297 4430 autem
3326 4374 3482 4438 illud,
3516 4371 3622 4439 Qui

349 4465 452 4555 est,
483 4465 554 4544 ει-
583 4465 672 4560 qui
715 4465 932 4554 erat,“
976 4465 1066 4557 qui
1099 4495 1350 4540 venturus
1386 4489 1499 4547 est,
1542 4486 1912 4535 sacrosanctae
1941 4476 2225 4532 Trinitatis
2280 4471 2637 4544 mysterium,
2691 4481 2752 4524 ut
2802 4481 2928 4525 ante
2978 4482 3198 4537 quoque
3248 4465 3473 4522 .dictum
3501 4471 3619 4528 est,

349 4587 424 4640 ob
456 4586 648 4641 oculos
685 4581 840 4636 nobis
874 4580 1049 4650 ponit.
2249 4652 2263 4654 Α
2346 4651 2393 4654 Α
2473 4648 2509 4654 _
2760 4647 2770 4654 ,
3185 4645 3196 4654 _

421 4675 530 4730 Kal
560 4674 708 4726 ὅταν
735 4643 1002 4723 δώσουσι
1031 4663 1105 4720 τὰ
1133 4663 1247 4725 ζῶα
1272 4662 1462 4726 δόξαν
1491 4660 1586 4713 καί
1611 4658 1796 4728 τιμὴν
1827 4659 1924 4712 καὶ

2105 4651 2194 4719 ιν,
2241 4652 2296 4718 9,
2338 4651 2422 4706 10.
2461 4648 2530 4703 Et
2570 4665 2686 4703 cum
2737 4647 2927 4699 darent
2962 4644 3058 4698 illa
3106 4643 3363 4697 animalia
3395 4644 3624 4713 gloriam

349 4766 744 4837 εὐχαριστίαν
793 4761 876 4827 τῷ
925 4757 1237 4825 καθημένῳ
1283 4753 1381 4806 ἐπὶ
1424 4751 1532 4805 τοῦ
1581 4751 1818 4817 θρόνου,
1849 4748 1930 4813 τῷ

2042 4755 2085 4800 et
2116 4747 2364 4798 honorem
2390 4751 2439 4796 et
2478 4740 2888 4795 benedictionem
2933 4735 3132 4790 sedenti
3169 4751 3324 4804 super
3355 4735 3621 4800 thronum,

551 4857 637 4920 εἰς
669 4851 812 4917 τοὺς
854 4848 1075 4914 αἰῶνας
1122 4845 1242 4899 τῶν
1291 4844 1543 4906 αἰώνων,
1599 4841 1930 4894 πεσοῦνται

2042 4838 2226 4892 viventi
2255 4838 2311 4891 in
2340 4835 2535 4890 swcula
2567 4833 2906 4894 saeculorum,
2925 4829 3111 4898 viginti
3138 4836 3365 4896 quatuor
3395 4827 3499 4898 21
3540 4843 3625 4882 se-

351 4917 408 5004 οἰ
445 4917 938 5010 εἰκοσιτέσσαρες
955 4936 1344 5006 πρεσϐύτεροι
1361 4932 1620 4986 ἐνώπιον
1643 4929 1750 4984 τοῦ
1785 4935 1930 4982 καθ-

2042 4931 2212 4983 niores
2241 4927 2580 4996 procidebant
2614 4933 2736 4976 ante
2770 4921 3031 4975 sedentem
3067 4919 3123 4971 in
3161 4919 3370 4983 throno,
3403 4929 3452 4972 et
3495 4917 3626 4972 udo.

349 5037 577 5109 ημένου
637 5033 735 5087 ὲπί
767 5031 876 5086 τοῦ
921 5029 1172 5097 θρόνου·
1236 5025 1337 5079 καί
1382 5020 1932 5090 προσκυνήσουσιν

2042 5019 2230 5071 rabant
2268 5017 2517 5071 viventem
2551 5015 2603 5066 in
2631 5011 2827 5067 swcula
2857 5009 3193 5064 sa'culorum.

347 5124 531 5183 αὐτῷ.

425 5144 531 5190 ντῳ.

425 5213 786 5290 [Πεσοῦνται
815 5213 868 5264 ol
888 5206 1379 5272 εἰκοσιτέσσαρες
1409 5202 1822 5270 πρεσϐύτεροι.
1841 5197 1933 5269 —-]

2107 5197 2245 5253 llinc
2292 5196 2558 5252 discimus
2606 5191 2881 5254 seniores,
2939 5189 3006 5243 de
3056 5187 3262 5257 quibus
3312 5193 3490 5240 actum
3540 5195 3625 5239 est

2049 5300 2196 5354 ante,
2229 5290 2282 5343 in
2319 5287 2516 5341 divinae
2559 5282 2734 5337 laudis
2763 5279 3144 5335 tlecantatione
3184 5275 3478 5330 virtutibus
3507 5289 3625 5329 cae-

349 5309 454 5362 Διὰ
492 5306 700 5361 τούτων
727 5301 1001 5372 δηλοῦται,
1051 5298 1147 5352 καὶ
1175 5299 1300 5358 τοὺς
1325 5294 1617 5364 νοηθέντας
1646 5294 1774 5362 ἡμῖν
1800 5308 1938 5360 πρε-

351 5401 655 5470 σϐυτέρους
705 5395 1001 5455 κοινωνοὺς
1044 5387 1184 5444 εἶναι
1218 5388 1348 5460 [τῆς
1377 5383 1683 5456 ὑμνῳδίας]
1716 5383 1822 5436 τῶν
1848 5382 1938 5435 ού-

355 5493 558 5566 ρανίων
607 5489 925 5558 δυνάμεωνο
961 5480 1363 5554 ὁμολογοῦντας
1417 5479 1480 5532 ὲκ
1521 5476 1656 5530 θεοῦ
1706 5474 1936 5544 κεκομί⁴

357 5585 482 5639 σθαι
513 5583 613 5652 τῆς
647 5577 833 5653 [κατὰ]
893 5577 1002 5631 τῶν
1033 5574 1239 5644 νοητῶν
1280 5571 1491 5643 ἐχθρῶν
1539 5570 1694 5641 νίκης
1726 5569 1821 5639 τὴν
1850 5567 1939 5620 δύ-

354 5691 542 5747 ναμιν.

424 5767 534 5824 Καὶ
573 5763 848 5831 ,βαλοῦσι
896 5759 1038 5827 τοὺς
1075 5755 1421 5826 στεφάνους
1453 5751 1652 5808 αὐτῶν
1683 5749 1938 5804 ἐνώπιον

2047 5383 2276 5438 lestibus
2304 5376 2610 5434 consociari
2647 5392 2660 5428 :
2695 5373 3090 5440 victoriamque
3120 5369 3186 5422 de
3216 5365 3496 5427 hostibus,
3530 5365 3623 5433 qui

2047 5475 2148 5530 sub
2178 5480 2459 5542 aspectum
2495 5483 2604 5523 non
2643 5464 2888 5528 veniunt,
2935 5459 3068 5516 nulli
3105 5456 3261 5514 alteri
3308 5469 3474 5524 quam
3513 5453 3625 5510 Deo

2046 5573 2322 5635 acceptam
2352 5563 2515 5617 ferre.

2118 5740 2208 5806 IV,
2245 5737 2330 5806 ίθ,
2368 5739 2454 5792 Η.
2503 5735 2573 5789 Et
2615 5729 2895 5788 mittebant
2925 5741 3146 5782 coronas
3175 5739 3302 5782 suas
3329 5731 3450 5779 ante
3483 5725 3627 5778 thro-
