  <div class='ocr_page' id='page_1' title='image "/cluster/home/n/w/nwhite01/storage/ocr_20150623/106/coo.31924054870104/139.png"; bbox 0 0 4070 6466; ppageno 0'>
   <div class='ocr_carea' id='block_1_1' title="bbox 460 375 568 440">
    <p class='ocr_par' dir='ltr' id='par_1_1' title="bbox 460 375 568 440">
     <span class='ocr_line' id='line_1_1' title="bbox 460 375 568 440; baseline 0 -1"><span class='ocrx_word' id='word_1_1' title='bbox 460 375 568 440; x_wconf 81' lang='lat'><strong>259</strong></span> 
     </span>
    </p>
   </div>
   <div class='ocr_carea' id='block_1_2' title="bbox 1640 353 2532 420">
    <p class='ocr_par' dir='ltr' id='par_1_2' title="bbox 1640 353 2532 420">
     <span class='ocr_line' id='line_1_2' title="bbox 1640 353 2532 420; baseline -0.007 -2"><span class='ocrx_word' id='word_1_2' title='bbox 1640 356 1973 420; x_wconf 67' lang='lat' dir='ltr'><strong>ANDREAS</strong></span> <span class='ocrx_word' id='word_1_3' title='bbox 2013 353 2532 415; x_wconf 59' lang='lat' dir='ltr'><strong>CIESARIENSIS</strong></span> 
     </span>
    </p>
   </div>
   <div class='ocr_carea' id='block_1_3' title="bbox 3638 349 3750 412">
    <p class='ocr_par' dir='ltr' id='par_1_3' title="bbox 3638 349 3750 412">
     <span class='ocr_line' id='line_1_3' title="bbox 3638 349 3750 412; baseline 0 0"><span class='ocrx_word' id='word_1_4' title='bbox 3638 349 3750 412; x_wconf 76' lang='lat'><strong>260</strong></span> 
     </span>
    </p>
   </div>
   <div class='ocr_carea' id='block_1_4' title="bbox 463 460 2065 553">
    <p class='ocr_par' dir='ltr' id='par_1_4' title="bbox 463 469 2062 553">
     <span class='ocr_line' id='line_1_4' title="bbox 463 469 2062 553; baseline -0.014 -9"><span class='ocrx_word' id='word_1_5' title='bbox 463 505 610 553; x_wconf 86' lang='lat' dir='ltr'><strong>num,</strong></span> <span class='ocrx_word' id='word_1_6' title='bbox 645 484 912 540; x_wconf 82' lang='lat' dir='ltr'><strong>dicentes:</strong></span> <span class='ocrx_word' id='word_1_7' title='bbox 949 481 1150 551; x_wconf 81' lang='lat' dir='ltr'><strong>Dignus</strong></span> <span class='ocrx_word' id='word_1_8' title='bbox 1168 492 1242 541; x_wconf 84' lang='lat' dir='ltr'><strong>es,</strong></span> <span class='ocrx_word' id='word_1_9' title='bbox 1275 473 1519 535; x_wconf 85' lang='lat' dir='ltr'><strong>Domine,</strong></span> <span class='ocrx_word' id='word_1_10' title='bbox 1551 469 1691 524; x_wconf 78' lang='lat' dir='ltr'><strong>Deus</strong></span> <span class='ocrx_word' id='word_1_11' title='bbox 1731 483 1938 533; x_wconf 82' lang='lat' dir='ltr'><strong>noster,</strong></span> <span class='ocrx_word' id='word_1_12' title='bbox 1969 483 2062 522; x_wconf 79' lang='lat' dir='ltr'><strong>ac-</strong></span> 
     </span>
    </p>
   </div>
   <div class='ocr_carea' id='block_1_5' title="bbox 2173 460 3756 553">
    <p class='ocr_par' dir='ltr' id='par_1_5' title="bbox 2173 460 3756 537">
     <span class='ocr_line' id='line_1_5' title="bbox 2173 460 3756 537; baseline -0.003 -18"><span class='ocrx_word' id='word_1_13' title='bbox 2173 467 2274 520; x_wconf 82' lang='grc' dir='ltr'><strong>τοῦ</strong></span> <span class='ocrx_word' id='word_1_14' title='bbox 2328 467 2570 532; x_wconf 78' lang='grc' dir='ltr'><strong>θρόνου,</strong></span> <span class='ocrx_word' id='word_1_15' title='bbox 2619 466 2930 537; x_wconf 67' lang='grc' dir='ltr'><strong>λέγοντες·</strong></span> <span class='ocrx_word' id='word_1_16' title='bbox 2985 464 3178 530; x_wconf 79' lang='grc' dir='ltr'><em>Ἄξιος</em></span> <span class='ocrx_word' id='word_1_17' title='bbox 3213 460 3288 527; x_wconf 80' lang='grc' dir='ltr'><strong>εί,</strong></span> <span class='ocrx_word' id='word_1_18' title='bbox 3319 462 3496 529; x_wconf 79' lang='grc' dir='ltr'><em>Κύριε</em></span> <span class='ocrx_word' id='word_1_19' title='bbox 3541 465 3574 517; x_wconf 87' lang='lat' dir='ltr'><strong>d</strong></span> <span class='ocrx_word' id='word_1_20' title='bbox 3607 463 3756 530; x_wconf 74' lang='grc' dir='ltr'><strong>Θεὸς</strong></span> 
     </span>
    </p>
   </div>
   <div class='ocr_carea' id='block_1_6' title="bbox 461 560 2056 650">
    <p class='ocr_par' dir='ltr' id='par_1_6' title="bbox 461 560 2056 650">
     <span class='ocr_line' id='line_1_6' title="bbox 461 560 2056 650; baseline -0.014 -16"><span class='ocrx_word' id='word_1_21' title='bbox 461 582 632 650; x_wconf 84' lang='lat' dir='ltr'><strong>eipere</strong></span> <span class='ocrx_word' id='word_1_22' title='bbox 662 578 886 647; x_wconf 76' lang='lat' dir='ltr'><strong>gloriam</strong></span> <span class='ocrx_word' id='word_1_23' title='bbox 914 582 958 625; x_wconf 87' lang='lat' dir='ltr'><strong>et</strong></span> <span class='ocrx_word' id='word_1_24' title='bbox 981 572 1228 624; x_wconf 85' lang='lat' dir='ltr'><strong>honorem</strong></span> <span class='ocrx_word' id='word_1_25' title='bbox 1251 575 1298 618; x_wconf 86' lang='lat' dir='ltr'><strong><em>et</em></strong></span> <span class='ocrx_word' id='word_1_26' title='bbox 1322 565 1565 618; x_wconf 79' lang='lat' dir='ltr'><strong>virtutem</strong></span> <span class='ocrx_word' id='word_1_27' title='bbox 1588 577 1608 625; x_wconf 87' lang='lat'><em>;</em></span> <span class='ocrx_word' id='word_1_28' title='bbox 1634 562 1759 630; x_wconf 82' lang='lat' dir='ltr'><strong>quia</strong></span> <span class='ocrx_word' id='word_1_29' title='bbox 1783 570 1838 612; x_wconf 87' lang='lat' dir='ltr'><strong>tu</strong></span> <span class='ocrx_word' id='word_1_30' title='bbox 1862 560 2056 612; x_wconf 66' lang='lat' dir='ltr'><strong>creasti</strong></span> 
     </span>
    </p>
   </div>
   <div class='ocr_carea' id='block_1_7' title="bbox 463 658 2050 732">
    <p class='ocr_par' dir='ltr' id='par_1_7' title="bbox 463 658 2050 732">
     <span class='ocr_line' id='line_1_7' title="bbox 463 658 2050 732; baseline -0.012 -10"><span class='ocrx_word' id='word_1_31' title='bbox 463 669 661 728; x_wconf 82' lang='lat' dir='ltr'><strong>omnia,</strong></span> <span class='ocrx_word' id='word_1_32' title='bbox 695 676 742 719; x_wconf 84' lang='lat' dir='ltr'><strong><em>et</em></strong></span> <span class='ocrx_word' id='word_1_33' title='bbox 773 679 864 732; x_wconf 87' lang='lat' dir='ltr'><strong>per</strong></span> <span class='ocrx_word' id='word_1_34' title='bbox 897 661 1216 714; x_wconf 80' lang='lat' dir='ltr'><strong>uoluntatem</strong></span> <span class='ocrx_word' id='word_1_35' title='bbox 1243 666 1391 708; x_wconf 87' lang='lat' dir='ltr'><strong>tuam</strong></span> <span class='ocrx_word' id='word_1_36' title='bbox 1421 660 1594 714; x_wconf 88' lang='lat' dir='ltr'><strong>erant,</strong></span> <span class='ocrx_word' id='word_1_37' title='bbox 1625 661 1674 704; x_wconf 78' lang='lat' dir='ltr'><strong>et</strong></span> <span class='ocrx_word' id='word_1_38' title='bbox 1700 659 1879 704; x_wconf 78' lang='lat' dir='ltr'><strong>creata</strong></span> <span class='ocrx_word' id='word_1_39' title='bbox 1907 658 2050 704; x_wconf 84' lang='lat' dir='ltr'><strong>sunt.</strong></span> 
     </span>
    </p>
   </div>
   <div class='ocr_carea' id='block_1_8' title="bbox 534 833 2059 910">
    <p class='ocr_par' dir='ltr' id='par_1_8' title="bbox 534 833 2059 910">
     <span class='ocr_line' id='line_1_8' title="bbox 534 833 2059 910; baseline -0.01 -14"><span class='ocrx_word' id='word_1_40' title='bbox 534 843 639 907; x_wconf 82' lang='lat' dir='ltr'><strong>Tu,</strong></span> <span class='ocrx_word' id='word_1_41' title='bbox 670 839 866 910; x_wconf 91' lang='lat' dir='ltr'><strong>inquit,</strong></span> <span class='ocrx_word' id='word_1_42' title='bbox 896 837 1145 900; x_wconf 86' lang='lat' dir='ltr'><strong>Domine,</strong></span> <span class='ocrx_word' id='word_1_43' title='bbox 1173 833 1482 887; x_wconf 67' lang='lat' dir='ltr'><strong>victricium</strong></span> <span class='ocrx_word' id='word_1_44' title='bbox 1507 843 1842 884; x_wconf 83' lang='lat' dir='ltr'><strong>coronarum</strong></span> <span class='ocrx_word' id='word_1_45' title='bbox 1868 836 2059 882; x_wconf 87' lang='lat' dir='ltr'><strong>auctor</strong></span> 
     </span>
    </p>
   </div>
   <div class='ocr_carea' id='block_1_9' title="bbox 464 921 2058 1002">
    <p class='ocr_par' dir='ltr' id='par_1_9' title="bbox 464 921 2058 1002">
     <span class='ocr_line' id='line_1_9' title="bbox 464 921 2058 1002; baseline -0.01 -12"><span class='ocrx_word' id='word_1_46' title='bbox 464 946 520 990; x_wconf 88' lang='lat' dir='ltr'><strong>et</strong></span> <span class='ocrx_word' id='word_1_47' title='bbox 565 933 791 1002; x_wconf 75' lang='lat' dir='ltr'><strong>largitor</strong></span> <span class='ocrx_word' id='word_1_48' title='bbox 841 929 1124 984; x_wconf 75' lang='lat' dir='ltr'><strong>exstitisti.</strong></span> <span class='ocrx_word' id='word_1_49' title='bbox 1179 924 1356 991; x_wconf 85' lang='lat' dir='ltr'><strong>Quam</strong></span> <span class='ocrx_word' id='word_1_50' title='bbox 1410 923 1483 977; x_wconf 89' lang='lat' dir='ltr'><strong>ob</strong></span> <span class='ocrx_word' id='word_1_51' title='bbox 1525 937 1638 976; x_wconf 87' lang='lat' dir='ltr'><strong>rem</strong></span> <span class='ocrx_word' id='word_1_52' title='bbox 1681 921 1752 973; x_wconf 85' lang='lat' dir='ltr'><strong>ab</strong></span> <span class='ocrx_word' id='word_1_53' title='bbox 1802 921 2058 974; x_wconf 82' lang='lat' dir='ltr'><strong>universa</strong></span> 
     </span>
    </p>
   </div>
   <div class='ocr_carea' id='block_1_10' title="bbox 463 1013 2057 1092">
    <p class='ocr_par' dir='ltr' id='par_1_10' title="bbox 463 1013 2057 1092">
     <span class='ocr_line' id='line_1_10' title="bbox 463 1013 2057 1092; baseline -0.009 -11"><span class='ocrx_word' id='word_1_54' title='bbox 463 1034 713 1081; x_wconf 82' lang='lat' dir='ltr'><strong>creatura</strong></span> <span class='ocrx_word' id='word_1_55' title='bbox 749 1022 921 1092; x_wconf 78' lang='lat' dir='ltr'><strong>gloria</strong></span> <span class='ocrx_word' id='word_1_56' title='bbox 965 1028 1023 1075; x_wconf 91' lang='lat' dir='ltr'><strong>et</strong></span> <span class='ocrx_word' id='word_1_57' title='bbox 1052 1017 1358 1089; x_wconf 77' lang='lat' dir='ltr'><strong>gratiarum</strong></span> <span class='ocrx_word' id='word_1_58' title='bbox 1390 1014 1535 1071; x_wconf 87' lang='lat' dir='ltr'><strong>actio</strong></span> <span class='ocrx_word' id='word_1_59' title='bbox 1573 1013 1699 1081; x_wconf 86' lang='lat' dir='ltr'><strong>jure</strong></span> <span class='ocrx_word' id='word_1_60' title='bbox 1743 1013 2057 1080; x_wconf 86' lang='lat' dir='ltr'><strong>meritoque</strong></span> 
     </span>
    </p>
   </div>
   <div class='ocr_carea' id='block_1_11' title="bbox 467 1113 850 1168">
    <p class='ocr_par' dir='ltr' id='par_1_11' title="bbox 467 1113 850 1168">
     <span class='ocr_line' id='line_1_11' title="bbox 467 1113 850 1168; baseline -0.01 0"><span class='ocrx_word' id='word_1_61' title='bbox 467 1114 564 1168; x_wconf 86' lang='lat' dir='ltr'><strong>tibi</strong></span> <span class='ocrx_word' id='word_1_62' title='bbox 599 1113 850 1167; x_wconf 84' lang='lat' dir='ltr'><strong>debetur.</strong></span> 
     </span>
    </p>
   </div>
   <div class='ocr_carea' id='block_1_12' title="bbox 1071 1217 1441 1276">
    <p class='ocr_par' dir='ltr' id='par_1_12' title="bbox 1071 1217 1441 1276">
     <span class='ocr_line' id='line_1_12' title="bbox 1071 1217 1441 1276; baseline -0.014 0"><span class='ocrx_word' id='word_1_63' title='bbox 1071 1219 1299 1276; x_wconf 85' lang='lat' dir='ltr'><strong>CAPUT</strong></span> <span class='ocrx_word' id='word_1_64' title='bbox 1351 1217 1441 1272; x_wconf 76' lang='lat' dir='ltr'><strong>XI.</strong></span> 
     </span>
    </p>
   </div>
   <div class='ocr_carea' id='block_1_13' title="bbox 468 1333 2063 1410">
    <p class='ocr_par' dir='ltr' id='par_1_13' title="bbox 468 1333 2063 1410">
     <span class='ocr_line' id='line_1_13' title="bbox 468 1333 2063 1410; baseline -0.006 -16"><span class='ocrx_word' id='word_1_65' title='bbox 468 1341 543 1396; x_wconf 81' lang='lat' dir='ltr'><strong>De</strong></span> <span class='ocrx_word' id='word_1_66' title='bbox 568 1341 702 1395; x_wconf 85' lang='lat' dir='ltr'><strong>libro</strong></span> <span class='ocrx_word' id='word_1_67' title='bbox 730 1350 925 1410; x_wconf 82' lang='lat' dir='ltr'><strong><em>septem</em></strong></span> <span class='ocrx_word' id='word_1_68' title='bbox 964 1337 1159 1407; x_wconf 77' lang='lat' dir='ltr'><strong>sigillis</strong></span> <span class='ocrx_word' id='word_1_69' title='bbox 1191 1336 1491 1410; x_wconf 79' lang='lat' dir='ltr'><strong>obsignato,</strong></span> <span class='ocrx_word' id='word_1_70' title='bbox 1520 1351 1672 1410; x_wconf 88' lang='lat' dir='ltr'><strong>quem</strong></span> <span class='ocrx_word' id='word_1_71' title='bbox 1704 1333 1854 1386; x_wconf 80' lang='lat' dir='ltr'><strong>nulla</strong></span> <span class='ocrx_word' id='word_1_72' title='bbox 1884 1341 2063 1387; x_wconf 89' lang='lat' dir='ltr'><strong>creata</strong></span> 
     </span>
    </p>
   </div>
   <div class='ocr_carea' id='block_1_14' title="bbox 929 1408 1586 1476">
    <p class='ocr_par' dir='ltr' id='par_1_14' title="bbox 929 1408 1586 1476">
     <span class='ocr_line' id='line_1_14' title="bbox 929 1408 1586 1476; baseline -0.005 -15"><span class='ocrx_word' id='word_1_73' title='bbox 929 1420 1122 1461; x_wconf 88' lang='lat' dir='ltr'><strong>natura</strong></span> <span class='ocrx_word' id='word_1_74' title='bbox 1152 1409 1357 1476; x_wconf 87' lang='lat' dir='ltr'><strong>aperire</strong></span> <span class='ocrx_word' id='word_1_75' title='bbox 1391 1408 1586 1474; x_wconf 84' lang='lat' dir='ltr'><strong>potuit.</strong></span> 
     </span>
    </p>
   </div>
   <div class='ocr_carea' id='block_1_15' title="bbox 538 1581 2061 1650">
    <p class='ocr_par' dir='ltr' id='par_1_15' title="bbox 538 1581 2061 1650">
     <span class='ocr_line' id='line_1_15' title="bbox 538 1581 2061 1650; baseline -0.008 -8"><span class='ocrx_word' id='word_1_76' title='bbox 538 1586 605 1650; x_wconf 67' lang='grc' dir='ltr'><strong>ν,</strong></span> <span class='ocrx_word' id='word_1_77' title='bbox 638 1589 685 1642; x_wconf 93' lang='grc' dir='ltr'><strong>Ι.</strong></span> <span class='ocrx_word' id='word_1_78' title='bbox 722 1586 788 1640; x_wconf 87' lang='lat' dir='ltr'><strong>Et</strong></span> <span class='ocrx_word' id='word_1_79' title='bbox 822 1587 928 1641; x_wconf 82' lang='lat' dir='ltr'><strong>vidi</strong></span> <span class='ocrx_word' id='word_1_80' title='bbox 961 1588 1012 1639; x_wconf 85' lang='lat' dir='ltr'><strong>in</strong></span> <span class='ocrx_word' id='word_1_81' title='bbox 1059 1587 1281 1639; x_wconf 75' lang='lat' dir='ltr'><strong>dextera</strong></span> <span class='ocrx_word' id='word_1_82' title='bbox 1323 1583 1550 1637; x_wconf 80' lang='lat' dir='ltr'><strong>sedentis</strong></span> <span class='ocrx_word' id='word_1_83' title='bbox 1591 1598 1754 1650; x_wconf 87' lang='lat' dir='ltr'><strong>supra</strong></span> <span class='ocrx_word' id='word_1_84' title='bbox 1789 1581 2061 1642; x_wconf 81' lang='lat' dir='ltr'><strong>thronum,</strong></span> 
     </span>
    </p>
   </div>
   <div class='ocr_carea' id='block_1_16' title="bbox 467 1673 2064 1749">
    <p class='ocr_par' dir='ltr' id='par_1_16' title="bbox 467 1673 2064 1749">
     <span class='ocr_line' id='line_1_16' title="bbox 467 1673 2064 1749; baseline -0.006 -13"><span class='ocrx_word' id='word_1_85' title='bbox 467 1679 665 1736; x_wconf 82' lang='lat' dir='ltr'><strong>librum</strong></span> <span class='ocrx_word' id='word_1_86' title='bbox 706 1681 964 1749; x_wconf 86' lang='lat' dir='ltr'><strong>scriptum</strong></span> <span class='ocrx_word' id='word_1_87' title='bbox 1009 1679 1153 1732; x_wconf 85' lang='lat' dir='ltr'><strong>intus</strong></span> <span class='ocrx_word' id='word_1_88' title='bbox 1200 1688 1248 1731; x_wconf 84' lang='lat' dir='ltr'><strong>et</strong></span> <span class='ocrx_word' id='word_1_89' title='bbox 1294 1676 1463 1745; x_wconf 77' lang='lat' dir='ltr'><strong>foris,</strong></span> <span class='ocrx_word' id='word_1_90' title='bbox 1507 1674 1841 1745; x_wconf 85' lang='lat' dir='ltr'><strong>obsignatum</strong></span> <span class='ocrx_word' id='word_1_91' title='bbox 1871 1673 2064 1744; x_wconf 81' lang='lat' dir='ltr'><strong>sigillis</strong></span> 
     </span>
    </p>
   </div>
   <div class='ocr_carea' id='block_1_17' title="bbox 467 1782 686 1842">
    <p class='ocr_par' dir='ltr' id='par_1_17' title="bbox 467 1782 686 1842">
     <span class='ocr_line' id='line_1_17' title="bbox 467 1782 686 1842; baseline -0.009 -15"><span class='ocrx_word' id='word_1_92' title='bbox 467 1782 686 1842; x_wconf 86' lang='lat' dir='ltr'><strong>septem.</strong></span> 
     </span>
    </p>
   </div>
   <div class='ocr_carea' id='block_1_18' title="bbox 539 1857 2063 1928">
    <p class='ocr_par' dir='ltr' id='par_1_18' title="bbox 539 1857 2063 1928">
     <span class='ocr_line' id='line_1_18' title="bbox 539 1857 2063 1928; baseline -0.005 -11"><span class='ocrx_word' id='word_1_93' title='bbox 539 1865 642 1917; x_wconf 82' lang='lat' dir='ltr'><strong>Per</strong></span> <span class='ocrx_word' id='word_1_94' title='bbox 667 1865 813 1916; x_wconf 83' lang='lat' dir='ltr'><strong>hunc</strong></span> <span class='ocrx_word' id='word_1_95' title='bbox 841 1861 1034 1914; x_wconf 76' lang='lat' dir='ltr'><strong>librant</strong></span> <span class='ocrx_word' id='word_1_96' title='bbox 1059 1859 1468 1916; x_wconf 85' lang='lat' dir='ltr'><strong>tenacissimam</strong></span> <span class='ocrx_word' id='word_1_97' title='bbox 1491 1857 2063 1928; x_wconf 85' lang='lat' dir='ltr'><strong>sapientissimamque</strong></span> 
     </span>
    </p>
   </div>
   <div class='ocr_carea' id='block_1_19' title="bbox 473 1950 2058 2023">
    <p class='ocr_par' dir='ltr' id='par_1_19' title="bbox 473 1950 2058 2023">
     <span class='ocr_line' id='line_1_19' title="bbox 473 1950 2058 2023; baseline -0.004 -14"><span class='ocrx_word' id='word_1_98' title='bbox 473 1956 568 2010; x_wconf 89' lang='lat' dir='ltr'><strong>Dei</strong></span> <span class='ocrx_word' id='word_1_99' title='bbox 605 1954 926 2009; x_wconf 83' lang='lat' dir='ltr'><strong>memoriam</strong></span> <span class='ocrx_word' id='word_1_100' title='bbox 978 1955 1320 2023; x_wconf 75' lang='lat' dir='ltr'><strong>accipimus;</strong></span> <span class='ocrx_word' id='word_1_101' title='bbox 1357 1953 1412 2006; x_wconf 90' lang='lat' dir='ltr'><strong>in</strong></span> <span class='ocrx_word' id='word_1_102' title='bbox 1448 1967 1554 2022; x_wconf 89' lang='lat' dir='ltr'><strong>qua</strong></span> <span class='ocrx_word' id='word_1_103' title='bbox 1579 1991 1595 2014; x_wconf 93' lang='lat'><strong>,</strong></span> <span class='ocrx_word' id='word_1_104' title='bbox 1620 1950 1776 2021; x_wconf 84' lang='lat' dir='ltr'><strong>juxta</strong></span> <span class='ocrx_word' id='word_1_105' title='bbox 1812 1950 2058 2005; x_wconf 87' lang='lat' dir='ltr'><strong>divinum</strong></span> 
     </span>
    </p>
   </div>
   <div class='ocr_carea' id='block_1_20' title="bbox 473 2044 2062 2114">
    <p class='ocr_par' dir='ltr' id='par_1_20' title="bbox 473 2044 2062 2114">
     <span class='ocr_line' id='line_1_20' title="bbox 473 2044 2062 2114; baseline -0.004 -15"><span class='ocrx_word' id='word_1_106' title='bbox 473 2046 752 2111; x_wconf 86' lang='lat' dir='ltr'><strong>Davidcm,</strong></span> <span class='ocrx_word' id='word_1_107' title='bbox 788 2061 980 2100; x_wconf 84' lang='lat' dir='ltr'><strong>omnes</strong></span> <span class='ocrx_word' id='word_1_108' title='bbox 1013 2045 1263 2100; x_wconf 87' lang='lat' dir='ltr'><strong>homines</strong></span> <span class='ocrx_word' id='word_1_109' title='bbox 1297 2044 1560 2114; x_wconf 83' lang='lat' dir='ltr'><strong>descripti</strong></span> <span class='ocrx_word' id='word_1_110' title='bbox 1594 2052 1721 2097; x_wconf 87' lang='lat' dir='ltr'><strong>sunt</strong></span> <span class='ocrx_word' id='word_1_111' title='bbox 1754 2059 1768 2095; x_wconf 91' lang='lat'><strong>:</strong></span> <span class='ocrx_word' id='word_1_112' title='bbox 1803 2055 2062 2111; x_wconf 83' lang='lat' dir='ltr'><strong>operum-</strong></span> 
     </span>
    </p>
   </div>
   <div class='ocr_carea' id='block_1_21' title="bbox 470 2135 2067 2209">
    <p class='ocr_par' dir='ltr' id='par_1_21' title="bbox 470 2135 2067 2209">
     <span class='ocr_line' id='line_1_21' title="bbox 470 2135 2067 2209; baseline -0.004 -16"><span class='ocrx_word' id='word_1_113' title='bbox 470 2157 578 2209; x_wconf 88' lang='lat' dir='ltr'><strong>que</strong></span> <span class='ocrx_word' id='word_1_114' title='bbox 603 2139 914 2194; x_wconf 87' lang='lat' dir='ltr'><strong>divinorum</strong></span> <span class='ocrx_word' id='word_1_115' title='bbox 937 2139 1220 2209; x_wconf 81' lang='lat' dir='ltr'><strong>abyssum.</strong></span> <span class='ocrx_word' id='word_1_116' title='bbox 1245 2135 1393 2189; x_wconf 83' lang='lat' dir='ltr'><strong>Libri</strong></span> <span class='ocrx_word' id='word_1_117' title='bbox 1419 2136 1579 2205; x_wconf 83' lang='lat' dir='ltr'><strong>hujus</strong></span> <span class='ocrx_word' id='word_1_118' title='bbox 1612 2136 1824 2198; x_wconf 86' lang='lat' dir='ltr'><strong>intima,</strong></span> <span class='ocrx_word' id='word_1_119' title='bbox 1849 2141 2067 2203; x_wconf 84' lang='lat' dir='ltr'><strong>propter</strong></span> 
     </span>
    </p>
   </div>
   <div class='ocr_carea' id='block_1_22' title="bbox 469 2225 2066 2296">
    <p class='ocr_par' dir='ltr' id='par_1_22' title="bbox 469 2225 2066 2296">
     <span class='ocr_line' id='line_1_22' title="bbox 469 2225 2066 2296; baseline -0.004 -12"><span class='ocrx_word' id='word_1_120' title='bbox 469 2229 720 2296; x_wconf 82' lang='lat' dir='ltr'><strong>spiritum</strong></span> <span class='ocrx_word' id='word_1_121' title='bbox 756 2229 806 2281; x_wconf 94' lang='lat' dir='ltr'><strong>in</strong></span> <span class='ocrx_word' id='word_1_122' title='bbox 840 2243 906 2282; x_wconf 92' lang='lat' dir='ltr'><strong>eo</strong></span> <span class='ocrx_word' id='word_1_123' title='bbox 948 2228 1248 2291; x_wconf 89' lang='lat' dir='ltr'><strong>inclusum,</strong></span> <span class='ocrx_word' id='word_1_124' title='bbox 1295 2235 1458 2295; x_wconf 88' lang='lat' dir='ltr'><strong>captu</strong></span> <span class='ocrx_word' id='word_1_125' title='bbox 1491 2234 1621 2281; x_wconf 92' lang='lat' dir='ltr'><strong>sunt</strong></span> <span class='ocrx_word' id='word_1_126' title='bbox 1655 2225 1938 2290; x_wconf 85' lang='lat' dir='ltr'><strong>dilllcilia;</strong></span> <span class='ocrx_word' id='word_1_127' title='bbox 1971 2240 2066 2278; x_wconf 74' lang='lat' dir='ltr'><strong>ex-</strong></span> 
     </span>
    </p>
   </div>
   <div class='ocr_carea' id='block_1_23' title="bbox 469 2317 2060 2388">
    <p class='ocr_par' dir='ltr' id='par_1_23' title="bbox 469 2317 2060 2388">
     <span class='ocr_line' id='line_1_23' title="bbox 469 2317 2060 2388; baseline -0.003 -15"><span class='ocrx_word' id='word_1_128' title='bbox 469 2332 637 2374; x_wconf 87' lang='lat' dir='ltr'><strong>trenta</strong></span> <span class='ocrx_word' id='word_1_129' title='bbox 670 2335 820 2383; x_wconf 90' lang='lat' dir='ltr'><strong>vero,</strong></span> <span class='ocrx_word' id='word_1_130' title='bbox 864 2335 1059 2388; x_wconf 84' lang='lat' dir='ltr'><strong>nempe</strong></span> <span class='ocrx_word' id='word_1_131' title='bbox 1086 2335 1148 2373; x_wconf 82' lang='lat' dir='ltr'><strong>ea</strong></span> <span class='ocrx_word' id='word_1_132' title='bbox 1178 2334 1300 2387; x_wconf 73' lang='lat' dir='ltr'><strong>qua:</strong></span> <span class='ocrx_word' id='word_1_133' title='bbox 1331 2334 1424 2388; x_wconf 86' lang='lat' dir='ltr'><strong>per</strong></span> <span class='ocrx_word' id='word_1_134' title='bbox 1454 2319 1693 2372; x_wconf 88' lang='lat' dir='ltr'><strong>litteram</strong></span> <span class='ocrx_word' id='word_1_135' title='bbox 1732 2317 2060 2382; x_wconf 81' lang='lat' dir='ltr'><strong>oll&#39;cruntur,</strong></span> 
     </span>
    </p>
   </div>
   <div class='ocr_carea' id='block_1_24' title="bbox 471 2406 2067 2478">
    <p class='ocr_par' dir='ltr' id='par_1_24' title="bbox 471 2406 2067 2478">
     <span class='ocr_line' id='line_1_24' title="bbox 471 2406 2067 2478; baseline -0.002 -15"><span class='ocrx_word' id='word_1_136' title='bbox 471 2407 672 2464; x_wconf 85' lang='lat' dir='ltr'><strong>minori</strong></span> <span class='ocrx_word' id='word_1_137' title='bbox 725 2410 944 2478; x_wconf 80' lang='lat' dir='ltr'><strong>negotio</strong></span> <span class='ocrx_word' id='word_1_138' title='bbox 998 2409 1314 2478; x_wconf 89' lang='lat' dir='ltr'><strong>capiuntur.</strong></span> <span class='ocrx_word' id='word_1_139' title='bbox 1377 2407 1582 2474; x_wconf 83' lang='lat' dir='ltr'><strong>Septem</strong></span> <span class='ocrx_word' id='word_1_140' title='bbox 1632 2417 1816 2461; x_wconf 89' lang='lat' dir='ltr'><strong>autem</strong></span> <span class='ocrx_word' id='word_1_141' title='bbox 1866 2406 2067 2476; x_wconf 85' lang='lat' dir='ltr'><strong>sigilla,</strong></span> 
     </span>
    </p>
   </div>
   <div class='ocr_carea' id='block_1_25' title="bbox 470 2495 2066 2566">
    <p class='ocr_par' dir='ltr' id='par_1_25' title="bbox 470 2495 2066 2566">
     <span class='ocr_line' id='line_1_25' title="bbox 470 2495 2066 2566; baseline -0.003 -12"><span class='ocrx_word' id='word_1_142' title='bbox 470 2510 678 2554; x_wconf 82' lang='lat' dir='ltr'><strong>certam</strong></span> <span class='ocrx_word' id='word_1_143' title='bbox 719 2499 841 2552; x_wconf 86' lang='lat' dir='ltr'><strong>libri</strong></span> <span class='ocrx_word' id='word_1_144' title='bbox 878 2498 1041 2566; x_wconf 81' lang='lat' dir='ltr'><strong>hujus</strong></span> <span class='ocrx_word' id='word_1_145' title='bbox 1079 2497 1261 2561; x_wconf 76' lang='lat' dir='ltr'><strong>(idem,</strong></span> <span class='ocrx_word' id='word_1_146' title='bbox 1299 2496 1547 2565; x_wconf 88' lang='lat' dir='ltr'><strong>nullique</strong></span> <span class='ocrx_word' id='word_1_147' title='bbox 1583 2495 1897 2549; x_wconf 80' lang='lat' dir='ltr'><strong>mortalium</strong></span> <span class='ocrx_word' id='word_1_148' title='bbox 1931 2495 2066 2549; x_wconf 72' lang='lat' dir='ltr'><strong>satis</strong></span> 
     </span>
    </p>
   </div>
   <div class='ocr_carea' id='block_1_26' title="bbox 473 2585 2064 2658">
    <p class='ocr_par' dir='ltr' id='par_1_26' title="bbox 473 2585 2064 2658">
     <span class='ocr_line' id='line_1_26' title="bbox 473 2585 2064 2658; baseline 0 -18"><span class='ocrx_word' id='word_1_149' title='bbox 473 2595 816 2658; x_wconf 86' lang='lat' dir='ltr'><strong>perspectam</strong></span> <span class='ocrx_word' id='word_1_150' title='bbox 883 2585 1129 2654; x_wconf 84' lang='lat' dir='ltr'><strong>ejusdem</strong></span> <span class='ocrx_word' id='word_1_151' title='bbox 1183 2587 1498 2640; x_wconf 80' lang='lat' dir='ltr'><strong>ﬁrmitatem</strong></span> <span class='ocrx_word' id='word_1_152' title='bbox 1548 2586 1862 2656; x_wconf 84' lang='lat' dir='ltr'><strong>signiﬁcant</strong></span> <span class='ocrx_word' id='word_1_153' title='bbox 1917 2596 2064 2640; x_wconf 91' lang='lat' dir='ltr'><strong>:aut</strong></span> 
     </span>
    </p>
   </div>
   <div class='ocr_carea' id='block_1_27' title="bbox 473 2679 2065 2750">
    <p class='ocr_par' dir='ltr' id='par_1_27' title="bbox 473 2679 2065 2750">
     <span class='ocr_line' id='line_1_27' title="bbox 473 2679 2065 2750; baseline -0.001 -17"><span class='ocrx_word' id='word_1_154' title='bbox 473 2680 594 2746; x_wconf 83' lang='lat' dir='ltr'><strong>ejus</strong></span> <span class='ocrx_word' id='word_1_155' title='bbox 623 2696 757 2734; x_wconf 86' lang='lat' dir='ltr'><strong>sane</strong></span> <span class='ocrx_word' id='word_1_156' title='bbox 785 2679 1031 2734; x_wconf 88' lang='lat' dir='ltr'><strong>ordinem</strong></span> <span class='ocrx_word' id='word_1_157' title='bbox 1061 2689 1110 2733; x_wconf 87' lang='lat' dir='ltr'><strong>et</strong></span> <span class='ocrx_word' id='word_1_158' title='bbox 1145 2679 1587 2747; x_wconf 82' lang='lat' dir='ltr'><strong>dispositionem,</strong></span> <span class='ocrx_word' id='word_1_159' title='bbox 1615 2679 1708 2750; x_wconf 87' lang='lat' dir='ltr'><strong>qui</strong></span> <span class='ocrx_word' id='word_1_160' title='bbox 1738 2679 1906 2732; x_wconf 83' lang='lat' dir='ltr'><strong>divini</strong></span> <span class='ocrx_word' id='word_1_161' title='bbox 1936 2679 2065 2749; x_wconf 68' lang='lat' dir='ltr'><strong>Spin</strong></span> 
     </span>
    </p>
   </div>
   <div class='ocr_carea' id='block_1_28' title="bbox 474 2771 2063 2842">
    <p class='ocr_par' dir='ltr' id='par_1_28' title="bbox 474 2771 2063 2842">
     <span class='ocr_line' id='line_1_28' title="bbox 474 2771 2063 2842; baseline -0.001 -16"><span class='ocrx_word' id='word_1_162' title='bbox 474 2773 615 2827; x_wconf 89' lang='lat' dir='ltr'><strong>ritus</strong></span> <span class='ocrx_word' id='word_1_163' title='bbox 647 2772 917 2842; x_wconf 75' lang='lat' dir='ltr'><strong>profunda</strong></span> <span class='ocrx_word' id='word_1_164' title='bbox 948 2780 1228 2827; x_wconf 87' lang='lat' dir='ltr'><strong>scrutatur</strong></span> <span class='ocrx_word' id='word_1_165' title='bbox 1261 2789 1273 2826; x_wconf 88' lang='lat'>:</span> <span class='ocrx_word' id='word_1_166' title='bbox 1309 2787 1428 2840; x_wconf 65' lang='lat' dir='ltr'><strong>quae</strong></span> <span class='ocrx_word' id='word_1_167' title='bbox 1456 2773 1639 2825; x_wconf 85' lang='lat' dir='ltr'><strong>omnia</strong></span> <span class='ocrx_word' id='word_1_168' title='bbox 1675 2773 1888 2826; x_wconf 74' lang='lat' dir='ltr'><strong>solvere</strong></span> <span class='ocrx_word' id='word_1_169' title='bbox 1915 2771 2063 2825; x_wconf 81' lang='lat' dir='ltr'><strong>nulla</strong></span> 
     </span>
    </p>
   </div>
   <div class='ocr_carea' id='block_1_29' title="bbox 473 2863 2066 2934">
    <p class='ocr_par' dir='ltr' id='par_1_29' title="bbox 473 2863 2066 2934">
     <span class='ocr_line' id='line_1_29' title="bbox 473 2863 2066 2934; baseline -0.001 -16"><span class='ocrx_word' id='word_1_170' title='bbox 473 2867 703 2920; x_wconf 88' lang='lat' dir='ltr'><strong>omnino</strong></span> <span class='ocrx_word' id='word_1_171' title='bbox 727 2875 910 2921; x_wconf 87' lang='lat' dir='ltr'><strong>creata</strong></span> <span class='ocrx_word' id='word_1_172' title='bbox 944 2876 1140 2919; x_wconf 84' lang='lat' dir='ltr'><strong>natura</strong></span> <span class='ocrx_word' id='word_1_173' title='bbox 1168 2864 1328 2918; x_wconf 88' lang='lat' dir='ltr'><strong>valet.</strong></span> <span class='ocrx_word' id='word_1_174' title='bbox 1358 2865 1465 2917; x_wconf 84' lang='lat' dir='ltr'><strong>Aut</strong></span> <span class='ocrx_word' id='word_1_175' title='bbox 1489 2877 1583 2933; x_wconf 91' lang='lat' dir='ltr'><strong>per</strong></span> <span class='ocrx_word' id='word_1_176' title='bbox 1606 2865 1806 2918; x_wconf 88' lang='lat' dir='ltr'><strong>librum</strong></span> <span class='ocrx_word' id='word_1_177' title='bbox 1832 2863 2066 2934; x_wconf 55' lang='lat' dir='ltr'><strong>propino.</strong></span> 
     </span>
    </p>
   </div>
   <div class='ocr_carea' id='block_1_30' title="bbox 2156 554 3754 630">
    <p class='ocr_par' dir='ltr' id='par_1_30' title="bbox 2156 554 3754 630">
     <span class='ocr_line' id='line_1_30' title="bbox 2156 554 3754 630; baseline -0.003 -18"><span class='ocrx_word' id='word_1_178' title='bbox 2156 558 2350 628; x_wconf 70' lang='grc' dir='ltr'><strong>ἡμῶν,</strong></span> <span class='ocrx_word' id='word_1_179' title='bbox 2386 558 2600 612; x_wconf 74' lang='grc' dir='ltr'><em>λαϐεῖν</em></span> <span class='ocrx_word' id='word_1_180' title='bbox 2624 557 2683 630; x_wconf 86' lang='grc' dir='ltr'><strong>[ὁ</strong></span> <span class='ocrx_word' id='word_1_181' title='bbox 2713 559 2904 630; x_wconf 71' lang='grc' dir='ltr'><strong>ἅγιος]</strong></span> <span class='ocrx_word' id='word_1_182' title='bbox 2937 558 3053 625; x_wconf 78' lang='grc' dir='ltr'><strong>τὴν</strong></span> <span class='ocrx_word' id='word_1_183' title='bbox 3078 557 3267 620; x_wconf 80' lang='grc' dir='ltr'><em>δόξαν</em></span> <span class='ocrx_word' id='word_1_184' title='bbox 3299 556 3401 609; x_wconf 80' lang='grc' dir='ltr'><em>καὶ</em></span> <span class='ocrx_word' id='word_1_185' title='bbox 3425 554 3543 622; x_wconf 78' lang='grc' dir='ltr'><strong>τὴν</strong></span> <span class='ocrx_word' id='word_1_186' title='bbox 3571 555 3754 624; x_wconf 78' lang='grc' dir='ltr'><em>τιμὴν</em></span> 
     </span>
    </p>
   </div>
   <div class='ocr_carea' id='block_1_31' title="bbox 2157 643 3755 718">
    <p class='ocr_par' dir='ltr' id='par_1_31' title="bbox 2157 643 3755 718">
     <span class='ocr_line' id='line_1_31' title="bbox 2157 643 3755 718; baseline -0.004 -16"><span class='ocrx_word' id='word_1_187' title='bbox 2157 650 2257 702; x_wconf 73' lang='grc' dir='ltr'><em>καὶ</em></span> <span class='ocrx_word' id='word_1_188' title='bbox 2287 649 2404 716; x_wconf 81' lang='grc' dir='ltr'><strong>τὴν</strong></span> <span class='ocrx_word' id='word_1_189' title='bbox 2423 649 2685 718; x_wconf 84' lang='grc' dir='ltr'><em>δύναμιν</em></span> <span class='ocrx_word' id='word_1_190' title='bbox 2704 666 2719 679; x_wconf 74' lang='grc' dir='ltr'><strong>ο</strong></span> <span class='ocrx_word' id='word_1_191' title='bbox 2747 649 2836 702; x_wconf 84' lang='grc' dir='ltr'><strong>ὅτι</strong></span> <span class='ocrx_word' id='word_1_192' title='bbox 2865 648 2948 702; x_wconf 81' lang='grc' dir='ltr'><strong>σὺ</strong></span> <span class='ocrx_word' id='word_1_193' title='bbox 2976 650 3225 712; x_wconf 74' lang='grc' dir='ltr'><em>ἔκτισας</em></span> <span class='ocrx_word' id='word_1_194' title='bbox 3247 643 3366 716; x_wconf 80' lang='grc' dir='ltr'><strong>[τὰ]</strong></span> <span class='ocrx_word' id='word_1_195' title='bbox 3392 643 3613 709; x_wconf 75' lang='grc' dir='ltr'><strong>πάντα,</strong></span> <span class='ocrx_word' id='word_1_196' title='bbox 3652 644 3755 697; x_wconf 74' lang='grc' dir='ltr'><em>καὶ</em></span> 
     </span>
    </p>
   </div>
   <div class='ocr_carea' id='block_1_32' title="bbox 2157 737 3496 811">
    <p class='ocr_par' dir='ltr' id='par_1_32' title="bbox 2157 737 3496 811">
     <span class='ocr_line' id='line_1_32' title="bbox 2157 737 3496 811; baseline -0.004 -15"><span class='ocrx_word' id='word_1_197' title='bbox 2157 741 2257 798; x_wconf 74' lang='grc' dir='ltr'><em>διὰ</em></span> <span class='ocrx_word' id='word_1_198' title='bbox 2289 743 2354 795; x_wconf 73' lang='grc' dir='ltr'><strong>τι)</strong></span> <span class='ocrx_word' id='word_1_199' title='bbox 2385 742 2619 811; x_wconf 72' lang='grc' dir='ltr'><strong>θέλημά</strong></span> <span class='ocrx_word' id='word_1_200' title='bbox 2641 757 2760 796; x_wconf 92' lang='grc' dir='ltr'><strong>σου</strong></span> <span class='ocrx_word' id='word_1_201' title='bbox 2789 742 3165 806; x_wconf 73' lang='grc' dir='ltr'><strong>ἐκτίσθησαν</strong></span> <span class='ocrx_word' id='word_1_202' title='bbox 3191 737 3290 792; x_wconf 77' lang='grc' dir='ltr'><em>καὶ</em></span> <span class='ocrx_word' id='word_1_203' title='bbox 3314 739 3496 791; x_wconf 71' lang='grc' dir='ltr'><strong>εἰσιν.</strong></span> 
     </span>
    </p>
   </div>
   <div class='ocr_carea' id='block_1_33' title="bbox 2231 827 3762 907">
    <p class='ocr_par' dir='ltr' id='par_1_33' title="bbox 2231 827 3762 907">
     <span class='ocr_line' id='line_1_33' title="bbox 2231 827 3762 907; baseline -0.005 -19"><span class='ocrx_word' id='word_1_204' title='bbox 2231 836 2303 888; x_wconf 70' lang='grc' dir='ltr'><strong>Σὺ</strong></span> <span class='ocrx_word' id='word_1_205' title='bbox 2327 834 2505 907; x_wconf 60' lang='lat' dir='ltr'><strong>[rip],</strong></span> <span class='ocrx_word' id='word_1_206' title='bbox 2538 835 2693 905; x_wconf 75' lang='grc' dir='ltr'>φησὶ,</span> <span class='ocrx_word' id='word_1_207' title='bbox 2714 834 2985 896; x_wconf 64' lang='grc' dir='ltr'><strong>Δεσποτα,</strong></span> <span class='ocrx_word' id='word_1_208' title='bbox 3014 833 3124 885; x_wconf 77' lang='grc' dir='ltr'><strong>τῶν</strong></span> <span class='ocrx_word' id='word_1_209' title='bbox 3156 829 3437 898; x_wconf 76' lang='grc' dir='ltr'><strong>στεφάνων</strong></span> <span class='ocrx_word' id='word_1_210' title='bbox 3460 827 3564 898; x_wconf 78' lang='grc' dir='ltr'><strong>τῆς</strong></span> <span class='ocrx_word' id='word_1_211' title='bbox 3599 828 3762 898; x_wconf 81' lang='grc' dir='ltr'><strong>νίκης</strong></span> 
     </span>
    </p>
   </div>
   <div class='ocr_carea' id='block_1_34' title="bbox 2159 921 3760 999">
    <p class='ocr_par' dir='ltr' id='par_1_34' title="bbox 2159 921 3760 999">
     <span class='ocr_line' id='line_1_34' title="bbox 2159 921 3760 999; baseline -0.006 -19"><span class='ocrx_word' id='word_1_212' title='bbox 2159 927 2333 991; x_wconf 82' lang='grc' dir='ltr'><strong>αἴτιος</strong></span> <span class='ocrx_word' id='word_1_213' title='bbox 2377 928 2474 980; x_wconf 79' lang='grc' dir='ltr'><em>καὶ</em></span> <span class='ocrx_word' id='word_1_214' title='bbox 2511 927 2748 999; x_wconf 77' lang='grc' dir='ltr'><strong>χορηγὸς</strong></span> <span class='ocrx_word' id='word_1_215' title='bbox 2785 927 3051 995; x_wconf 80' lang='grc' dir='ltr'><strong>γέγονας·</strong></span> <span class='ocrx_word' id='word_1_216' title='bbox 3103 925 3200 978; x_wconf 75' lang='grc' dir='ltr'><strong>καὶ</strong></span> <span class='ocrx_word' id='word_1_217' title='bbox 3233 923 3318 974; x_wconf 74' lang='grc' dir='ltr'><strong>σοὶ</strong></span> <span class='ocrx_word' id='word_1_218' title='bbox 3350 921 3506 990; x_wconf 81' lang='grc' dir='ltr'><strong>παρὰ</strong></span> <span class='ocrx_word' id='word_1_219' title='bbox 3533 921 3760 973; x_wconf 69' lang='grc' dir='ltr'><strong>πάντων</strong></span> 
     </span>
    </p>
   </div>
   <div class='ocr_carea' id='block_1_35' title="bbox 2159 1015 3323 1091">
    <p class='ocr_par' dir='ltr' id='par_1_35' title="bbox 2159 1015 3323 1091">
     <span class='ocr_line' id='line_1_35' title="bbox 2159 1015 3323 1091; baseline -0.003 -18"><span class='ocrx_word' id='word_1_220' title='bbox 2159 1020 2234 1084; x_wconf 75' lang='grc' dir='ltr'><strong>ὡς</strong></span> <span class='ocrx_word' id='word_1_221' title='bbox 2259 1021 2579 1088; x_wconf 76' lang='grc' dir='ltr'><strong>κτισμάτων</strong></span> <span class='ocrx_word' id='word_1_222' title='bbox 2610 1022 2645 1091; x_wconf 71' lang='grc' dir='ltr'><strong>η</strong></span> <span class='ocrx_word' id='word_1_223' title='bbox 2665 1019 2993 1091; x_wconf 71' lang='grc' dir='ltr'><strong>εὐχαριστία</strong></span> <span class='ocrx_word' id='word_1_224' title='bbox 3023 1015 3323 1086; x_wconf 75' lang='grc' dir='ltr'><strong>ὀφείλεται.</strong></span> 
     </span>
    </p>
   </div>
   <div class='ocr_carea' id='block_1_36' title="bbox 2752 1215 3155 1270">
    <p class='ocr_par' dir='ltr' id='par_1_36' title="bbox 2752 1215 3155 1270">
     <span class='ocr_line' id='line_1_36' title="bbox 2752 1215 3155 1270; baseline -0.005 0"><span class='ocrx_word' id='word_1_225' title='bbox 2752 1217 3007 1270; x_wconf 65' lang='grc' dir='ltr'><strong>ΚΕΟΑΛ.</strong></span> <span class='ocrx_word' id='word_1_226' title='bbox 3053 1215 3155 1269; x_wconf 82' lang='grc' dir='ltr'><strong>1Α’.</strong></span> 
     </span>
    </p>
   </div>
   <div class='ocr_carea' id='block_1_37' title="bbox 2165 1323 3758 1407">
    <p class='ocr_par' dir='ltr' id='par_1_37' title="bbox 2165 1323 3758 1407">
     <span class='ocr_line' id='line_1_37' title="bbox 2165 1323 3758 1407; baseline -0.006 -23"><span class='ocrx_word' id='word_1_227' title='bbox 2165 1331 2302 1407; x_wconf 57' lang='grc' dir='ltr'><strong>Περ]</strong></span> <span class='ocrx_word' id='word_1_228' title='bbox 2337 1329 2443 1397; x_wconf 82' lang='grc' dir='ltr'><strong>τῆς</strong></span> <span class='ocrx_word' id='word_1_229' title='bbox 2463 1331 2690 1407; x_wconf 47' lang='grc' dir='ltr'><em>βίϐλον</em></span> <span class='ocrx_word' id='word_1_230' title='bbox 2717 1329 2829 1407; x_wconf 68' lang='grc' dir='ltr'><strong>τῆς</strong></span> <span class='ocrx_word' id='word_1_231' title='bbox 2850 1326 3352 1407; x_wconf 49' lang='grc' dir='ltr'><strong>ᾖσεν-ραγισμένης</strong></span> <span class='ocrx_word' id='word_1_232' title='bbox 3381 1323 3533 1405; x_wconf 55' lang='grc' dir='ltr'><strong>ἑπτὰ</strong></span> <span class='ocrx_word' id='word_1_233' title='bbox 3562 1337 3758 1407; x_wconf 70' lang='grc' dir='ltr'><em>σφραο</em></span> 
     </span>
    </p>
   </div>
   <div class='ocr_carea' id='block_1_38' title="bbox 2261 1393 3760 1468">
    <p class='ocr_par' dir='ltr' id='par_1_38' title="bbox 2261 1393 3760 1468">
     <span class='ocr_line' id='line_1_38' title="bbox 2261 1393 3760 1468; baseline -0.005 -16"><span class='ocrx_word' id='word_1_234' title='bbox 2261 1393 2434 1464; x_wconf 64' lang='grc' dir='ltr'><strong>οἷσιν,⁷</strong></span> <span class='ocrx_word' id='word_1_235' title='bbox 2466 1393 2553 1466; x_wconf 65' lang='grc' dir='ltr'><strong>ἣν</strong></span> <span class='ocrx_word' id='word_1_236' title='bbox 2582 1393 2787 1463; x_wconf 63' lang='grc' dir='ltr'><strong>οὐδεὶς(</strong></span> <span class='ocrx_word' id='word_1_237' title='bbox 2806 1393 3078 1462; x_wconf 57' lang='grc' dir='ltr'><em>’ἀνοῖξαι</em></span> <span class='ocrx_word' id='word_1_238' title='bbox 3099 1393 3207 1468; x_wconf 76' lang='grc' dir='ltr'><strong>τῆς</strong></span> <span class='ocrx_word' id='word_1_239' title='bbox 3235 1393 3487 1463; x_wconf 82' lang='grc' dir='ltr'><em>κτιστῆς</em></span> <span class='ocrx_word' id='word_1_240' title='bbox 3515 1393 3760 1463; x_wconf 70' lang='grc' dir='ltr'><strong>φύσεως</strong></span> 
     </span>
    </p>
   </div>
   <div class='ocr_carea' id='block_1_39' title="bbox 2275 1472 2507 1525">
    <p class='ocr_par' dir='ltr' id='par_1_39' title="bbox 2275 1472 2507 1525">
     <span class='ocr_line' id='line_1_39' title="bbox 2275 1472 2507 1525; baseline 0 0"><span class='ocrx_word' id='word_1_241' title='bbox 2275 1472 2507 1525; x_wconf 82' lang='grc' dir='ltr'><em>ύναται.</em></span> 
     </span>
    </p>
   </div>
   <div class='ocr_carea' id='block_1_40' title="bbox 2236 1576 3756 1654">
    <p class='ocr_par' dir='ltr' id='par_1_40' title="bbox 2236 1576 3756 1654">
     <span class='ocr_line' id='line_1_40' title="bbox 2236 1576 3756 1654; baseline -0.008 -13"><span class='ocrx_word' id='word_1_242' title='bbox 2236 1587 2347 1641; x_wconf 84' lang='lat' dir='ltr'><strong>Kal</strong></span> <span class='ocrx_word' id='word_1_243' title='bbox 2388 1583 2553 1640; x_wconf 74' lang='grc' dir='ltr'><em>εἶδον</em></span> <span class='ocrx_word' id='word_1_244' title='bbox 2591 1586 2686 1640; x_wconf 75' lang='grc' dir='ltr'><strong>ἐπὶ</strong></span> <span class='ocrx_word' id='word_1_245' title='bbox 2725 1585 2841 1654; x_wconf 78' lang='grc' dir='ltr'><strong>τὴν</strong></span> <span class='ocrx_word' id='word_1_246' title='bbox 2874 1583 3084 1648; x_wconf 80' lang='grc' dir='ltr'><em>δεξιὰν</em></span> <span class='ocrx_word' id='word_1_247' title='bbox 3125 1581 3235 1637; x_wconf 81' lang='grc' dir='ltr'><strong>τοῦ</strong></span> <span class='ocrx_word' id='word_1_248' title='bbox 3273 1580 3618 1650; x_wconf 69' lang='grc' dir='ltr'><strong>καθημένου</strong></span> <span class='ocrx_word' id='word_1_249' title='bbox 3657 1576 3756 1630; x_wconf 77' lang='grc' dir='ltr'><strong>ἐπὶ</strong></span> 
     </span>
    </p>
   </div>
   <div class='ocr_carea' id='block_1_41' title="bbox 2167 1670 3763 1748">
    <p class='ocr_par' dir='ltr' id='par_1_41' title="bbox 2167 1670 3763 1748">
     <span class='ocr_line' id='line_1_41' title="bbox 2167 1670 3763 1748; baseline -0.006 -16"><span class='ocrx_word' id='word_1_250' title='bbox 2167 1679 2274 1734; x_wconf 83' lang='grc' dir='ltr'><strong>τοῦ</strong></span> <span class='ocrx_word' id='word_1_251' title='bbox 2320 1681 2563 1747; x_wconf 79' lang='grc' dir='ltr'><strong>θρόνου,</strong></span> <span class='ocrx_word' id='word_1_252' title='bbox 2613 1679 2859 1743; x_wconf 78' lang='grc' dir='ltr'><em>βιϐλίον</em></span> <span class='ocrx_word' id='word_1_253' title='bbox 2917 1675 3327 1748; x_wconf 73' lang='grc' dir='ltr'><strong>γεγραμμένον</strong></span> <span class='ocrx_word' id='word_1_254' title='bbox 3375 1674 3606 1728; x_wconf 71' lang='grc' dir='ltr'><strong>ἔσωθεν</strong></span> <span class='ocrx_word' id='word_1_255' title='bbox 3661 1670 3763 1724; x_wconf 76' lang='grc' dir='ltr'><em>καί</em></span> 
     </span>
    </p>
   </div>
   <div class='ocr_carea' id='block_1_42' title="bbox 2169 1763 3608 1840">
    <p class='ocr_par' dir='ltr' id='par_1_42' title="bbox 2169 1763 3608 1840">
     <span class='ocr_line' id='line_1_42' title="bbox 2169 1763 3608 1840; baseline -0.006 -15"><span class='ocrx_word' id='word_1_256' title='bbox 2169 1773 2412 1836; x_wconf 75' lang='grc' dir='ltr'><strong>ἔξωθεν,</strong></span> <span class='ocrx_word' id='word_1_257' title='bbox 2447 1770 3046 1840; x_wconf 66' lang='grc' dir='ltr'><strong>κατεσφραγισμένον</strong></span> <span class='ocrx_word' id='word_1_258' title='bbox 3071 1765 3406 1837; x_wconf 70' lang='grc' dir='ltr'><em>σφραγῖσιν</em></span> <span class='ocrx_word' id='word_1_259' title='bbox 3435 1763 3608 1820; x_wconf 72' lang='grc' dir='ltr'><strong>ἑπτά.</strong></span> 
     </span>
    </p>
   </div>
   <div class='ocr_carea' id='block_1_43' title="bbox 2241 1856 3757 1934">
    <p class='ocr_par' dir='ltr' id='par_1_43' title="bbox 2241 1856 3757 1934">
     <span class='ocr_line' id='line_1_43' title="bbox 2241 1856 3757 1934; baseline -0.005 -18"><span class='ocrx_word' id='word_1_260' title='bbox 2241 1863 2487 1916; x_wconf 66' lang='grc' dir='ltr'><em>Βιϐλίων</em></span> <span class='ocrx_word' id='word_1_261' title='bbox 2512 1863 2611 1934; x_wconf 72' lang='grc' dir='ltr'><strong>τὴν</strong></span> <span class='ocrx_word' id='word_1_262' title='bbox 2658 1863 2934 1930; x_wconf 73' lang='grc' dir='ltr'><strong>πάνσοφον</strong></span> <span class='ocrx_word' id='word_1_263' title='bbox 2957 1858 3049 1913; x_wconf 78' lang='grc' dir='ltr'><strong>τοῦ</strong></span> <span class='ocrx_word' id='word_1_264' title='bbox 3076 1858 3212 1913; x_wconf 80' lang='grc' dir='ltr'><strong>Θεοῦ</strong></span> <span class='ocrx_word' id='word_1_265' title='bbox 3244 1859 3469 1930; x_wconf 78' lang='grc' dir='ltr'><strong>μνήμην</strong></span> <span class='ocrx_word' id='word_1_266' title='bbox 3489 1856 3723 1927; x_wconf 76' lang='grc' dir='ltr'><strong>νοοῦμεν</strong></span> <span class='ocrx_word' id='word_1_267' title='bbox 3743 1895 3757 1917; x_wconf 91' lang='grc'><em>,</em></span> 
     </span>
    </p>
   </div>
   <div class='ocr_carea' id='block_1_44' title="bbox 2168 1947 3760 2030">
    <p class='ocr_par' dir='ltr' id='par_1_44' title="bbox 2168 1947 3760 2030">
     <span class='ocr_line' id='line_1_44' title="bbox 2168 1947 3760 2030; baseline -0.004 -24"><span class='ocrx_word' id='word_1_268' title='bbox 2168 1955 2226 2008; x_wconf 79' lang='grc' dir='ltr'><strong>ἐν</strong></span> <span class='ocrx_word' id='word_1_269' title='bbox 2367 1955 2592 2017; x_wconf 79' lang='grc' dir='ltr'><strong>πάντες,</strong></span> <span class='ocrx_word' id='word_1_270' title='bbox 2645 1953 2788 2008; x_wconf 70' lang='grc' dir='ltr'><strong>κατὰ</strong></span> <span class='ocrx_word' id='word_1_271' title='bbox 2816 1953 2907 2006; x_wconf 70' lang='grc' dir='ltr'><strong>τὸν</strong></span> <span class='ocrx_word' id='word_1_272' title='bbox 2947 1948 3160 2024; x_wconf 73' lang='grc' dir='ltr'><strong>[θεῖον]</strong></span> <span class='ocrx_word' id='word_1_273' title='bbox 3196 1948 3383 2012; x_wconf 76' lang='grc' dir='ltr'><em>Δασὶδ,</em></span> <span class='ocrx_word' id='word_1_274' title='bbox 3417 1947 3760 2018; x_wconf 78' lang='grc' dir='ltr'><strong>γράφονται,</strong></span> 
     </span>
    </p>
   </div>
   <div class='ocr_carea' id='block_1_45' title="bbox 2169 2035 3762 2112">
    <p class='ocr_par' dir='ltr' id='par_1_45' title="bbox 2169 2035 3762 2112">
     <span class='ocr_line' id='line_1_45' title="bbox 2169 2035 3762 2112; baseline -0.006 -16"><span class='ocrx_word' id='word_1_275' title='bbox 2169 2045 2262 2097; x_wconf 67' lang='grc' dir='ltr'><em>καὶ</em></span> <span class='ocrx_word' id='word_1_276' title='bbox 2295 2043 2405 2096; x_wconf 85' lang='grc' dir='ltr'><strong>τῶν</strong></span> <span class='ocrx_word' id='word_1_277' title='bbox 2429 2042 2590 2096; x_wconf 86' lang='grc' dir='ltr'><strong>θείων</strong></span> <span class='ocrx_word' id='word_1_278' title='bbox 2624 2042 2912 2112; x_wconf 80' lang='grc' dir='ltr'><strong>κριμάτων</strong></span> <span class='ocrx_word' id='word_1_279' title='bbox 2948 2040 3046 2111; x_wconf 78' lang='grc' dir='ltr'><strong>τὴν</strong></span> <span class='ocrx_word' id='word_1_280' title='bbox 3076 2037 3330 2092; x_wconf 75' lang='grc' dir='ltr'><strong>ἄϐυσσον.</strong></span> <span class='ocrx_word' id='word_1_281' title='bbox 3356 2035 3574 2105; x_wconf 78' lang='grc' dir='ltr'><strong>Ταύτης</strong></span> <span class='ocrx_word' id='word_1_282' title='bbox 3604 2036 3660 2088; x_wconf 79' lang='grc' dir='ltr'><em>δὲ</em></span> <span class='ocrx_word' id='word_1_283' title='bbox 3693 2037 3762 2087; x_wconf 74' lang='grc' dir='ltr'><strong>τὰ</strong></span> 
     </span>
    </p>
   </div>
   <div class='ocr_carea' id='block_1_46' title="bbox 2174 2125 3757 2205">
    <p class='ocr_par' dir='ltr' id='par_1_46' title="bbox 2174 2125 3757 2205">
     <span class='ocr_line' id='line_1_46' title="bbox 2174 2125 3757 2205; baseline -0.006 -18"><span class='ocrx_word' id='word_1_284' title='bbox 2174 2136 2273 2205; x_wconf 80' lang='grc' dir='ltr'><strong>μὲν</strong></span> <span class='ocrx_word' id='word_1_285' title='bbox 2305 2135 2432 2200; x_wconf 80' lang='grc' dir='ltr'><strong>ἔσω,</strong></span> <span class='ocrx_word' id='word_1_286' title='bbox 2461 2135 2550 2188; x_wconf 76' lang='grc' dir='ltr'><em>διὰ</em></span> <span class='ocrx_word' id='word_1_287' title='bbox 2579 2135 2641 2188; x_wconf 77' lang='grc' dir='ltr'><strong>τὸ</strong></span> <span class='ocrx_word' id='word_1_288' title='bbox 2674 2132 2913 2202; x_wconf 79' lang='grc' dir='ltr'><strong>πνεῦμα,</strong></span> <span class='ocrx_word' id='word_1_289' title='bbox 2943 2131 3233 2204; x_wconf 80' lang='grc' dir='ltr'><strong>[εὔληπτα</strong></span> <span class='ocrx_word' id='word_1_290' title='bbox 3263 2129 3363 2183; x_wconf 77' lang='grc' dir='ltr'><strong>οὐκ</strong></span> <span class='ocrx_word' id='word_1_291' title='bbox 3395 2129 3553 2191; x_wconf 76' lang='grc' dir='ltr'><strong>εἰσὶν,</strong></span> <span class='ocrx_word' id='word_1_292' title='bbox 3583 2125 3757 2198; x_wconf 79' lang='grc' dir='ltr'><strong>ἀλλὰ]</strong></span> 
     </span>
    </p>
   </div>
   <div class='ocr_carea' id='block_1_47' title="bbox 2170 2219 3761 2298">
    <p class='ocr_par' dir='ltr' id='par_1_47' title="bbox 2170 2219 3761 2298">
     <span class='ocr_line' id='line_1_47' title="bbox 2170 2219 3761 2298; baseline -0.005 -18"><span class='ocrx_word' id='word_1_293' title='bbox 2170 2227 2562 2298; x_wconf 79' lang='grc' dir='ltr'><strong>δυστέκμαρτα</strong></span> <span class='ocrx_word' id='word_1_294' title='bbox 2587 2242 2600 2256; x_wconf 89' lang='grc'><strong>·</strong></span> <span class='ocrx_word' id='word_1_295' title='bbox 2630 2227 2699 2280; x_wconf 76' lang='grc' dir='ltr'><strong>τὰ</strong></span> <span class='ocrx_word' id='word_1_296' title='bbox 2736 2225 2794 2278; x_wconf 81' lang='grc' dir='ltr'><em>δὲ</em></span> <span class='ocrx_word' id='word_1_297' title='bbox 2839 2224 2966 2290; x_wconf 75' lang='grc' dir='ltr'><strong>ἔξω,</strong></span> <span class='ocrx_word' id='word_1_298' title='bbox 3005 2223 3093 2277; x_wconf 73' lang='grc' dir='ltr'><em>διὰ</em></span> <span class='ocrx_word' id='word_1_299' title='bbox 3121 2223 3182 2276; x_wconf 81' lang='grc' dir='ltr'><strong>τὸ</strong></span> <span class='ocrx_word' id='word_1_300' title='bbox 3224 2222 3459 2296; x_wconf 82' lang='grc' dir='ltr'><strong>γράμμα</strong></span> <span class='ocrx_word' id='word_1_301' title='bbox 3496 2219 3761 2290; x_wconf 81' lang='grc' dir='ltr'><strong>εὐληπτό-</strong></span> 
     </span>
    </p>
   </div>
   <div class='ocr_carea' id='block_1_48' title="bbox 2169 2311 3758 2388">
    <p class='ocr_par' dir='ltr' id='par_1_48' title="bbox 2169 2311 3758 2388">
     <span class='ocr_line' id='line_1_48' title="bbox 2169 2311 3758 2388; baseline 0.002 -18"><span class='ocrx_word' id='word_1_302' title='bbox 2169 2335 2325 2388; x_wconf 82' lang='grc' dir='ltr'><strong>τερα.</strong></span> <span class='ocrx_word' id='word_1_303' title='bbox 2366 2319 2478 2383; x_wconf 78' lang='grc' dir='ltr'><strong>Τὰς</strong></span> <span class='ocrx_word' id='word_1_304' title='bbox 2517 2317 2586 2370; x_wconf 82' lang='grc' dir='ltr'><em>δὲ</em></span> <span class='ocrx_word' id='word_1_305' title='bbox 2629 2315 2780 2370; x_wconf 79' lang='grc' dir='ltr'><strong>ἐπτά</strong></span> <span class='ocrx_word' id='word_1_306' title='bbox 2828 2313 3187 2385; x_wconf 66' lang='grc' dir='ltr'><em>σφραγῖδας,</em></span> <span class='ocrx_word' id='word_1_307' title='bbox 3224 2313 3257 2384; x_wconf 79' lang='grc' dir='ltr'>ἢ</span> <span class='ocrx_word' id='word_1_308' title='bbox 3290 2312 3385 2384; x_wconf 76' lang='grc' dir='ltr'><strong>τὴν</strong></span> <span class='ocrx_word' id='word_1_309' title='bbox 3421 2311 3636 2365; x_wconf 73' lang='grc' dir='ltr'><strong>τελείαν</strong></span> <span class='ocrx_word' id='word_1_310' title='bbox 3659 2311 3758 2380; x_wconf 81' lang='grc' dir='ltr'><strong>τῆς</strong></span> 
     </span>
    </p>
   </div>
   <div class='ocr_carea' id='block_1_49' title="bbox 2173 2401 3760 2480">
    <p class='ocr_par' dir='ltr' id='par_1_49' title="bbox 2173 2401 3760 2480">
     <span class='ocr_line' id='line_1_49' title="bbox 2173 2401 3760 2480; baseline -0.005 -18"><span class='ocrx_word' id='word_1_311' title='bbox 2173 2409 2359 2480; x_wconf 74' lang='grc' dir='ltr'><strong>βίϐλου</strong></span> <span class='ocrx_word' id='word_1_312' title='bbox 2433 2410 2736 2478; x_wconf 71' lang='grc' dir='ltr'><strong>ἀσφάλειαν</strong></span> <span class='ocrx_word' id='word_1_313' title='bbox 2795 2409 2892 2461; x_wconf 77' lang='grc' dir='ltr'><em>καὶ</em></span> <span class='ocrx_word' id='word_1_314' title='bbox 2960 2409 3128 2460; x_wconf 75' lang='grc' dir='ltr'>πᾶσιν</span> <span class='ocrx_word' id='word_1_315' title='bbox 3191 2405 3468 2473; x_wconf 71' lang='grc' dir='ltr'><strong>ἄγνωστον</strong></span> <span class='ocrx_word' id='word_1_316' title='bbox 3524 2401 3760 2475; x_wconf 75' lang='grc' dir='ltr'><strong>[δηλοῦν</strong></span> 
     </span>
    </p>
   </div>
   <div class='ocr_carea' id='block_1_50' title="bbox 2174 2493 3758 2573">
    <p class='ocr_par' dir='ltr' id='par_1_50' title="bbox 2174 2493 3758 2573">
     <span class='ocr_line' id='line_1_50' title="bbox 2174 2493 3758 2573; baseline -0.004 -19"><span class='ocrx_word' id='word_1_317' title='bbox 2174 2502 2416 2573; x_wconf 74' lang='grc' dir='ltr'><strong>φημι].ἢ</strong></span> <span class='ocrx_word' id='word_1_318' title='bbox 2452 2502 2550 2566; x_wconf 76' lang='grc' dir='ltr'><strong>τὰς</strong></span> <span class='ocrx_word' id='word_1_319' title='bbox 2581 2502 2895 2570; x_wconf 69' lang='grc' dir='ltr'><strong>οἰκονομίας</strong></span> <span class='ocrx_word' id='word_1_320' title='bbox 2922 2499 3015 2553; x_wconf 81' lang='grc' dir='ltr'><strong>τοῦ</strong></span> <span class='ocrx_word' id='word_1_321' title='bbox 3047 2497 3376 2569; x_wconf 81' lang='grc' dir='ltr'><strong>ὲρευνῶντος</strong></span> <span class='ocrx_word' id='word_1_322' title='bbox 3413 2496 3481 2550; x_wconf 86' lang='grc' dir='ltr'><strong>τὰ</strong></span> <span class='ocrx_word' id='word_1_323' title='bbox 3503 2495 3641 2568; x_wconf 83' lang='grc' dir='ltr'><strong>βάθη</strong></span> <span class='ocrx_word' id='word_1_324' title='bbox 3663 2493 3758 2548; x_wconf 77' lang='grc' dir='ltr'><strong>τοῦ</strong></span> 
     </span>
    </p>
   </div>
   <div class='ocr_carea' id='block_1_51' title="bbox 2173 2586 3760 2664">
    <p class='ocr_par' dir='ltr' id='par_1_51' title="bbox 2173 2586 3760 2664">
     <span class='ocr_line' id='line_1_51' title="bbox 2173 2586 3760 2664; baseline -0.004 -18"><span class='ocrx_word' id='word_1_325' title='bbox 2173 2593 2318 2648; x_wconf 80' lang='grc' dir='ltr'><strong>θείου</strong></span> <span class='ocrx_word' id='word_1_326' title='bbox 2363 2592 2714 2664; x_wconf 74' lang='grc' dir='ltr'><strong>Πνεῦματοςο</strong></span> <span class='ocrx_word' id='word_1_327' title='bbox 2779 2592 2845 2656; x_wconf 71' lang='grc' dir='ltr'><strong>ἃς</strong></span> <span class='ocrx_word' id='word_1_328' title='bbox 2885 2591 3048 2645; x_wconf 81' lang='grc' dir='ltr'><em>λῦσαι</em></span> <span class='ocrx_word' id='word_1_329' title='bbox 3083 2592 3262 2653; x_wconf 80' lang='grc' dir='ltr'><strong>πάσας</strong></span> <span class='ocrx_word' id='word_1_330' title='bbox 3308 2589 3534 2658; x_wconf 77' lang='grc' dir='ltr'><strong>οὐδεμία</strong></span> <span class='ocrx_word' id='word_1_331' title='bbox 3570 2586 3760 2658; x_wconf 74' lang='grc' dir='ltr'><strong>κτιστὴ</strong></span> 
     </span>
    </p>
   </div>
   <div class='ocr_carea' id='block_1_52' title="bbox 2174 2679 3756 2754">
    <p class='ocr_par' dir='ltr' id='par_1_52' title="bbox 2174 2679 3756 2754">
     <span class='ocr_line' id='line_1_52' title="bbox 2174 2679 3756 2754; baseline -0.004 -18"><span class='ocrx_word' id='word_1_332' title='bbox 2174 2684 2336 2754; x_wconf 82' lang='grc' dir='ltr'><strong>φύσις</strong></span> <span class='ocrx_word' id='word_1_333' title='bbox 2379 2684 2625 2737; x_wconf 75' lang='grc' dir='ltr'><strong>δύναται.</strong></span> <span class='ocrx_word' id='word_1_334' title='bbox 2656 2683 2842 2746; x_wconf 73' lang='grc' dir='ltr'><strong>Βίῆλος</strong></span> <span class='ocrx_word' id='word_1_335' title='bbox 2883 2682 2939 2735; x_wconf 81' lang='grc' dir='ltr'><em>δὲ</em></span> <span class='ocrx_word' id='word_1_336' title='bbox 2978 2682 3072 2736; x_wconf 75' lang='grc' dir='ltr'><em>καὶ</em></span> <span class='ocrx_word' id='word_1_337' title='bbox 3106 2683 3140 2752; x_wconf 71' lang='grc' dir='ltr'>ἡ</span> <span class='ocrx_word' id='word_1_338' title='bbox 3164 2679 3472 2751; x_wconf 80' lang='grc' dir='ltr'><strong>προφητεία</strong></span> <span class='ocrx_word' id='word_1_339' title='bbox 3517 2681 3756 2732; x_wconf 68' lang='grc' dir='ltr'><strong>νοεϊττι·</strong></span> 
     </span>
    </p>
   </div>
   <div class='ocr_carea' id='block_1_53' title="bbox 2174 2771 3762 2845">
    <p class='ocr_par' dir='ltr' id='par_1_53' title="bbox 2174 2771 3762 2845">
     <span class='ocr_line' id='line_1_53' title="bbox 2174 2771 3762 2845; baseline -0.003 -19"><span class='ocrx_word' id='word_1_340' title='bbox 2174 2774 2240 2845; x_wconf 75' lang='grc' dir='ltr'><strong>ἣν</strong></span> <span class='ocrx_word' id='word_1_341' title='bbox 2271 2775 2433 2838; x_wconf 71' lang='grc' dir='ltr'><strong>αὐτὸς</strong></span> <span class='ocrx_word' id='word_1_342' title='bbox 2468 2777 2496 2828; x_wconf 85' lang='grc' dir='ltr'>ὁ</span> <span class='ocrx_word' id='word_1_343' title='bbox 2542 2773 2777 2844; x_wconf 81' lang='grc' dir='ltr'><strong>Χριστὸς</strong></span> <span class='ocrx_word' id='word_1_344' title='bbox 2804 2775 2861 2826; x_wconf 82' lang='grc' dir='ltr'><strong>ὲν</strong></span> <span class='ocrx_word' id='word_1_345' title='bbox 2887 2771 2966 2842; x_wconf 82' lang='grc' dir='ltr'><strong>τῷ</strong></span> <span class='ocrx_word' id='word_1_346' title='bbox 3010 2771 3326 2841; x_wconf 75' lang='grc' dir='ltr'><strong>Εὑαγγελίῳ</strong></span> <span class='ocrx_word' id='word_1_347' title='bbox 3363 2771 3762 2841; x_wconf 70' lang='grc' dir='ltr'><strong>πεπληρῶσθαι</strong></span> 
     </span>
    </p>
   </div>
   <div class='ocr_carea' id='block_1_54' title="bbox 2175 2861 3553 2938">
    <p class='ocr_par' dir='ltr' id='par_1_54' title="bbox 2175 2861 3553 2938">
     <span class='ocr_line' id='line_1_54' title="bbox 2175 2861 3553 2938; baseline -0.001 -20"><span class='ocrx_word' id='word_1_348' title='bbox 2175 2866 2280 2934; x_wconf 77' lang='grc' dir='ltr'>ἔφη</span> <span class='ocrx_word' id='word_1_349' title='bbox 2301 2882 2316 2898; x_wconf 89' lang='grc'><strong>·</strong></span> <span class='ocrx_word' id='word_1_350' title='bbox 2347 2861 2412 2938; x_wconf 78' lang='grc' dir='ltr'><strong>ἧς</strong></span> <span class='ocrx_word' id='word_1_351' title='bbox 2437 2867 2507 2919; x_wconf 69' lang='grc' dir='ltr'><strong>τὰ</strong></span> <span class='ocrx_word' id='word_1_352' title='bbox 2529 2866 2657 2933; x_wconf 77' lang='grc' dir='ltr'><strong>ἑξῆς</strong></span> <span class='ocrx_word' id='word_1_353' title='bbox 2688 2865 2774 2918; x_wconf 63' lang='grc' dir='ltr'><strong>ἐπ’</strong></span> <span class='ocrx_word' id='word_1_354' title='bbox 2805 2864 3050 2936; x_wconf 72' lang='grc' dir='ltr'><strong>ἐσχάτων</strong></span> <span class='ocrx_word' id='word_1_355' title='bbox 3073 2864 3553 2937; x_wconf 79' lang='grc' dir='ltr'><strong>πληρωθήσονται.</strong></span> 
     </span>
    </p>
   </div>
   <div class='ocr_carea' id='block_1_55' title="bbox 473 2953 3756 3030">
    <p class='ocr_par' dir='ltr' id='par_1_55' title="bbox 473 2953 3756 3030">
     <span class='ocr_line' id='line_1_55' title="bbox 473 2953 3756 3030; baseline -0.002 -18"><span class='ocrx_word' id='word_1_356' title='bbox 473 2961 546 3012; x_wconf 90' lang='lat' dir='ltr'><strong>tia</strong></span> <span class='ocrx_word' id='word_1_357' title='bbox 576 2960 691 3030; x_wconf 87' lang='lat' dir='ltr'><strong>ipsa</strong></span> <span class='ocrx_word' id='word_1_358' title='bbox 729 2960 986 3013; x_wconf 84' lang='lat' dir='ltr'><strong>universe</strong></span> <span class='ocrx_word' id='word_1_359' title='bbox 1011 2959 1356 3027; x_wconf 84' lang='lat' dir='ltr'><strong>intelligitur,</strong></span> <span class='ocrx_word' id='word_1_360' title='bbox 1391 2973 1555 3027; x_wconf 87' lang='lat' dir='ltr'><strong>quam</strong></span> <span class='ocrx_word' id='word_1_361' title='bbox 1589 2958 1846 3012; x_wconf 83' lang='lat' dir='ltr'><strong>Christus</strong></span> <span class='ocrx_word' id='word_1_362' title='bbox 1897 2957 2163 3013; x_wconf 85' lang='lat' dir='ltr'><strong>Dominus</strong></span> <span class='ocrx_word' id='word_1_363' title='bbox 2209 2959 2262 3013; x_wconf 93' lang='lat' dir='ltr'><strong>in</strong></span> <span class='ocrx_word' id='word_1_364' title='bbox 2309 2959 2606 3030; x_wconf 76' lang='lat' dir='ltr'><strong>Evangelia</strong></span> <span class='ocrx_word' id='word_1_365' title='bbox 2645 2958 2948 3014; x_wconf 86' lang='lat' dir='ltr'><strong>secundum</strong></span> <span class='ocrx_word' id='word_1_366' title='bbox 2972 2955 3177 3013; x_wconf 86' lang='lat' dir='ltr'><strong>Lucam</strong></span> <span class='ocrx_word' id='word_1_367' title='bbox 3235 2958 3512 3028; x_wconf 87' lang='lat' dir='ltr'><strong>impletam</strong></span> <span class='ocrx_word' id='word_1_368' title='bbox 3541 2953 3756 3009; x_wconf 83' lang='lat' dir='ltr'><strong>asserit.</strong></span> 
     </span>
    </p>
   </div>
   <div class='ocr_carea' id='block_1_56' title="bbox 477 3051 2771 3123">
    <p class='ocr_par' dir='ltr' id='par_1_56' title="bbox 477 3051 2771 3123">
     <span class='ocr_line' id='line_1_56' title="bbox 477 3051 2771 3123; baseline 0.001 -20"><span class='ocrx_word' id='word_1_369' title='bbox 477 3054 613 3120; x_wconf 75' lang='lat' dir='ltr'><strong>Qua:</strong></span> <span class='ocrx_word' id='word_1_370' title='bbox 642 3063 824 3107; x_wconf 87' lang='lat' dir='ltr'><strong>autem</strong></span> <span class='ocrx_word' id='word_1_371' title='bbox 858 3052 1040 3107; x_wconf 85' lang='lat' dir='ltr'><strong>adhuc</strong></span> <span class='ocrx_word' id='word_1_372' title='bbox 1071 3054 1280 3123; x_wconf 81' lang='lat' dir='ltr'><strong>reliqua</strong></span> <span class='ocrx_word' id='word_1_373' title='bbox 1316 3062 1463 3118; x_wconf 88' lang='lat' dir='ltr'><strong>sunt,</strong></span> <span class='ocrx_word' id='word_1_374' title='bbox 1499 3066 1560 3107; x_wconf 88' lang='lat' dir='ltr'><strong>ea</strong></span> <span class='ocrx_word' id='word_1_375' title='bbox 1599 3051 1920 3107; x_wconf 75' lang='lat' dir='ltr'><strong>novissimis</strong></span> <span class='ocrx_word' id='word_1_376' title='bbox 1954 3051 2146 3106; x_wconf 82' lang='lat' dir='ltr'><strong>diebus</strong></span> <span class='ocrx_word' id='word_1_377' title='bbox 2181 3062 2334 3108; x_wconf 88' lang='lat' dir='ltr'><strong>certo</strong></span> <span class='ocrx_word' id='word_1_378' title='bbox 2374 3053 2771 3122; x_wconf 86' lang='lat' dir='ltr'><strong>itnplcbuntur.</strong></span> 
     </span>
    </p>
   </div>
   <div class='ocr_carea' id='block_1_57' title="bbox 549 3137 2065 3216">
    <p class='ocr_par' dir='ltr' id='par_1_57' title="bbox 549 3142 2065 3216">
     <span class='ocr_line' id='line_1_57' title="bbox 549 3142 2065 3216; baseline -0.001 -18"><span class='ocrx_word' id='word_1_379' title='bbox 549 3142 615 3207; x_wconf 69' lang='grc' dir='ltr'><strong>ν,</strong></span> <span class='ocrx_word' id='word_1_380' title='bbox 641 3144 695 3206; x_wconf 74' lang='lat'><strong>2,</strong></span> <span class='ocrx_word' id='word_1_381' title='bbox 726 3143 780 3197; x_wconf 73' lang='grc' dir='ltr'><strong>ὃ.</strong></span> <span class='ocrx_word' id='word_1_382' title='bbox 818 3142 884 3196; x_wconf 88' lang='lat' dir='ltr'><strong>Et</strong></span> <span class='ocrx_word' id='word_1_383' title='bbox 920 3145 1027 3197; x_wconf 76' lang='lat' dir='ltr'><strong>vidi</strong></span> <span class='ocrx_word' id='word_1_384' title='bbox 1056 3145 1301 3216; x_wconf 85' lang='lat' dir='ltr'><strong>angelum</strong></span> <span class='ocrx_word' id='word_1_385' title='bbox 1334 3145 1524 3215; x_wconf 82' lang='lat' dir='ltr'><strong>fortem</strong></span> <span class='ocrx_word' id='word_1_386' title='bbox 1553 3146 1926 3214; x_wconf 63' lang='lat' dir='ltr'><strong>praedicantem</strong></span> <span class='ocrx_word' id='word_1_387' title='bbox 1955 3161 2065 3198; x_wconf 82' lang='lat' dir='ltr'><strong>voce</strong></span> 
     </span>
    </p>
   </div>
   <div class='ocr_carea' id='block_1_58' title="bbox 2173 3137 3762 3216">
    <p class='ocr_par' dir='ltr' id='par_1_58' title="bbox 2247 3137 3762 3215">
     <span class='ocr_line' id='line_1_58' title="bbox 2247 3137 3762 3215; baseline -0.006 -15"><span class='ocrx_word' id='word_1_388' title='bbox 2247 3147 2353 3200; x_wconf 82' lang='lat' dir='ltr'><strong>Kal</strong></span> <span class='ocrx_word' id='word_1_389' title='bbox 2395 3143 2559 3200; x_wconf 81' lang='grc' dir='ltr'><em>εἶδον</em></span> <span class='ocrx_word' id='word_1_390' title='bbox 2605 3147 2865 3215; x_wconf 67' lang='grc' dir='ltr'><strong>ἄγγελον</strong></span> <span class='ocrx_word' id='word_1_391' title='bbox 2905 3144 3160 3214; x_wconf 73' lang='grc' dir='ltr'><strong>ἰσχυρὸν</strong></span> <span class='ocrx_word' id='word_1_392' title='bbox 3213 3143 3604 3210; x_wconf 71' lang='grc' dir='ltr'><em>κηρύσσοντα</em></span> <span class='ocrx_word' id='word_1_393' title='bbox 3645 3137 3762 3212; x_wconf 78' lang='grc' dir='ltr'><strong>[ἐι]</strong></span> 
     </span>
    </p>
   </div>
   <div class='ocr_carea' id='block_1_59' title="bbox 476 3234 2068 3306">
    <p class='ocr_par' dir='ltr' id='par_1_59' title="bbox 476 3234 2068 3306">
     <span class='ocr_line' id='line_1_59' title="bbox 476 3234 2068 3306; baseline 0.001 -17"><span class='ocrx_word' id='word_1_394' title='bbox 476 3250 716 3305; x_wconf 81' lang='lat' dir='ltr'><strong>magno:</strong></span> <span class='ocrx_word' id='word_1_395' title='bbox 759 3234 890 3301; x_wconf 83' lang='lat' dir='ltr'><strong>Quis</strong></span> <span class='ocrx_word' id='word_1_396' title='bbox 923 3247 999 3289; x_wconf 88' lang='lat' dir='ltr'><strong>est</strong></span> <span class='ocrx_word' id='word_1_397' title='bbox 1050 3236 1243 3306; x_wconf 84' lang='lat' dir='ltr'><strong>dignus</strong></span> <span class='ocrx_word' id='word_1_398' title='bbox 1290 3238 1494 3306; x_wconf 87' lang='lat' dir='ltr'><strong>aperire</strong></span> <span class='ocrx_word' id='word_1_399' title='bbox 1529 3237 1724 3290; x_wconf 83' lang='lat' dir='ltr'><strong>librum</strong></span> <span class='ocrx_word' id='word_1_400' title='bbox 1770 3246 1819 3291; x_wconf 84' lang='lat' dir='ltr'><strong>et</strong></span> <span class='ocrx_word' id='word_1_401' title='bbox 1867 3237 2068 3291; x_wconf 84' lang='lat' dir='ltr'><strong>soluere</strong></span> 
     </span>
    </p>
   </div>
   <div class='ocr_carea' id='block_1_60' title="bbox 473 3328 2066 3400">
    <p class='ocr_par' dir='ltr' id='par_1_60' title="bbox 473 3328 2066 3400">
     <span class='ocr_line' id='line_1_60' title="bbox 473 3328 2066 3400; baseline 0 -18"><span class='ocrx_word' id='word_1_402' title='bbox 473 3328 752 3400; x_wconf 85' lang='lat' dir='ltr'><strong>signacula</strong></span> <span class='ocrx_word' id='word_1_403' title='bbox 787 3329 945 3399; x_wconf 76' lang='lat' dir='ltr'><strong>ejus?</strong></span> <span class='ocrx_word' id='word_1_404' title='bbox 978 3328 1045 3382; x_wconf 85' lang='lat' dir='ltr'><strong>Et</strong></span> <span class='ocrx_word' id='word_1_405' title='bbox 1076 3347 1225 3383; x_wconf 89' lang='lat' dir='ltr'><strong>nemo</strong></span> <span class='ocrx_word' id='word_1_406' title='bbox 1249 3339 1489 3399; x_wconf 86' lang='lat' dir='ltr'><strong>poterat,</strong></span> <span class='ocrx_word' id='word_1_407' title='bbox 1525 3346 1683 3395; x_wconf 85' lang='lat' dir='ltr'><strong>neque</strong></span> <span class='ocrx_word' id='word_1_408' title='bbox 1714 3331 1766 3382; x_wconf 88' lang='lat' dir='ltr'><strong>in</strong></span> <span class='ocrx_word' id='word_1_409' title='bbox 1798 3329 1948 3392; x_wconf 77' lang='lat' dir='ltr'><strong>creto,</strong></span> <span class='ocrx_word' id='word_1_410' title='bbox 1973 3346 2066 3382; x_wconf 90' lang='lat' dir='ltr'><strong>ne-</strong></span> 
     </span>
    </p>
   </div>
   <div class='ocr_carea' id='block_1_61' title="bbox 473 3420 2066 3491">
    <p class='ocr_par' dir='ltr' id='par_1_61' title="bbox 473 3420 2066 3491">
     <span class='ocr_line' id='line_1_61' title="bbox 473 3420 2066 3491; baseline 0 -19"><span class='ocrx_word' id='word_1_411' title='bbox 473 3437 572 3490; x_wconf 83' lang='lat' dir='ltr'><strong>que</strong></span> <span class='ocrx_word' id='word_1_412' title='bbox 619 3421 672 3473; x_wconf 86' lang='lat' dir='ltr'><strong>in</strong></span> <span class='ocrx_word' id='word_1_413' title='bbox 713 3434 877 3479; x_wconf 78' lang='lat' dir='ltr'><strong>terra,</strong></span> <span class='ocrx_word' id='word_1_414' title='bbox 941 3438 1104 3491; x_wconf 78' lang='lat' dir='ltr'><strong>neque</strong></span> <span class='ocrx_word' id='word_1_415' title='bbox 1142 3421 1326 3475; x_wconf 84' lang='lat' dir='ltr'><strong>subtus</strong></span> <span class='ocrx_word' id='word_1_416' title='bbox 1369 3434 1564 3475; x_wconf 87' lang='lat' dir='ltr'><strong>terram</strong></span> <span class='ocrx_word' id='word_1_417' title='bbox 1609 3423 1813 3488; x_wconf 84' lang='lat' dir='ltr'><strong>aperire</strong></span> <span class='ocrx_word' id='word_1_418' title='bbox 1852 3420 2066 3485; x_wconf 86' lang='lat' dir='ltr'><strong>librum,</strong></span> 
     </span>
    </p>
   </div>
   <div class='ocr_carea' id='block_1_62' title="bbox 474 3513 1107 3582">
    <p class='ocr_par' dir='ltr' id='par_1_62' title="bbox 474 3513 1107 3582">
     <span class='ocr_line' id='line_1_62' title="bbox 474 3513 1107 3582; baseline 0 -16"><span class='ocrx_word' id='word_1_419' title='bbox 474 3527 640 3582; x_wconf 83' lang='lat' dir='ltr'><strong>neque</strong></span> <span class='ocrx_word' id='word_1_420' title='bbox 670 3515 904 3582; x_wconf 84' lang='lat' dir='ltr'><strong>aspicere</strong></span> <span class='ocrx_word' id='word_1_421' title='bbox 935 3513 1107 3566; x_wconf 82' lang='lat' dir='ltr'><strong>illaut.</strong></span> 
     </span>
    </p>
   </div>
   <div class='ocr_carea' id='block_1_63' title="bbox 549 3685 2066 3759">
    <p class='ocr_par' dir='ltr' id='par_1_63' title="bbox 549 3685 2066 3759">
     <span class='ocr_line' id='line_1_63' title="bbox 549 3685 2066 3759; baseline 0.004 -21"><span class='ocrx_word' id='word_1_422' title='bbox 549 3685 650 3739; x_wconf 87' lang='lat' dir='ltr'><strong>Per</strong></span> <span class='ocrx_word' id='word_1_423' title='bbox 699 3687 814 3741; x_wconf 73' lang='lat' dir='ltr'><strong>lucc</strong></span> <span class='ocrx_word' id='word_1_424' title='bbox 854 3687 1140 3741; x_wconf 76' lang='lat' dir='ltr'><strong>manifeste</strong></span> <span class='ocrx_word' id='word_1_425' title='bbox 1187 3688 1530 3753; x_wconf 54' lang='lat' dir='ltr'><strong>UalCHditUl‘,</strong></span> <span class='ocrx_word' id='word_1_426' title='bbox 1575 3703 1755 3755; x_wconf 72' lang='lat' dir='ltr'><strong>neque</strong></span> <span class='ocrx_word' id='word_1_427' title='bbox 1804 3689 2066 3759; x_wconf 76' lang='lat' dir='ltr'><strong>angelos,</strong></span> 
     </span>
    </p>
   </div>
   <div class='ocr_carea' id='block_1_64' title="bbox 478 3778 2071 3850">
    <p class='ocr_par' dir='ltr' id='par_1_64' title="bbox 478 3778 2071 3850">
     <span class='ocr_line' id='line_1_64' title="bbox 478 3778 2071 3850; baseline 0.001 -18"><span class='ocrx_word' id='word_1_428' title='bbox 478 3792 660 3846; x_wconf 86' lang='lat' dir='ltr'><strong>neque</strong></span> <span class='ocrx_word' id='word_1_429' title='bbox 716 3778 966 3837; x_wconf 76' lang='lat' dir='ltr'><strong>limnincs</strong></span> <span class='ocrx_word' id='word_1_430' title='bbox 1022 3779 1075 3831; x_wconf 92' lang='lat' dir='ltr'><strong>in</strong></span> <span class='ocrx_word' id='word_1_431' title='bbox 1124 3795 1291 3833; x_wconf 81' lang='lat' dir='ltr'><strong>carne</strong></span> <span class='ocrx_word' id='word_1_432' title='bbox 1325 3779 1505 3833; x_wconf 85' lang='lat' dir='ltr'><strong>adhuc</strong></span> <span class='ocrx_word' id='word_1_433' title='bbox 1545 3779 1840 3848; x_wconf 79' lang='lat' dir='ltr'><strong>degentes,</strong></span> <span class='ocrx_word' id='word_1_434' title='bbox 1896 3795 2071 3850; x_wconf 86' lang='lat' dir='ltr'><strong>neque</strong></span> 
     </span>
    </p>
   </div>
   <div class='ocr_carea' id='block_1_65' title="bbox 479 3869 2068 3939">
    <p class='ocr_par' dir='ltr' id='par_1_65' title="bbox 479 3869 2068 3939">
     <span class='ocr_line' id='line_1_65' title="bbox 479 3869 2068 3939; baseline 0.001 -15"><span class='ocrx_word' id='word_1_435' title='bbox 479 3878 703 3924; x_wconf 85' lang='lat' dir='ltr'><strong>sanctos</strong></span> <span class='ocrx_word' id='word_1_436' title='bbox 731 3884 967 3939; x_wconf 70' lang='lat' dir='ltr'><strong>cut-pore</strong></span> <span class='ocrx_word' id='word_1_437' title='bbox 992 3869 1105 3938; x_wconf 87' lang='lat' dir='ltr'><strong>jam</strong></span> <span class='ocrx_word' id='word_1_438' title='bbox 1145 3882 1362 3934; x_wconf 81' lang='lat' dir='ltr'><strong>exutos,</strong></span> <span class='ocrx_word' id='word_1_439' title='bbox 1399 3879 1711 3925; x_wconf 80' lang='lat' dir='ltr'><strong>accuratam</strong></span> <span class='ocrx_word' id='word_1_440' title='bbox 1733 3870 2068 3939; x_wconf 86' lang='lat' dir='ltr'><strong>judiciorum</strong></span> 
     </span>
    </p>
   </div>
   <div class='ocr_carea' id='block_1_66' title="bbox 485 3960 2068 4033">
    <p class='ocr_par' dir='ltr' id='par_1_66' title="bbox 485 3960 2068 4033">
     <span class='ocr_line' id='line_1_66' title="bbox 485 3960 2068 4033; baseline 0.001 -19"><span class='ocrx_word' id='word_1_441' title='bbox 485 3960 578 4017; x_wconf 85' lang='lat' dir='ltr'><strong>Dei</strong></span> <span class='ocrx_word' id='word_1_442' title='bbox 615 3961 865 4015; x_wconf 87' lang='lat' dir='ltr'><strong>notitiam</strong></span> <span class='ocrx_word' id='word_1_443' title='bbox 901 3973 1129 4027; x_wconf 83' lang='lat' dir='ltr'><strong>tenere;</strong></span> <span class='ocrx_word' id='word_1_444' title='bbox 1156 3963 1248 4017; x_wconf 85' lang='lat' dir='ltr'><strong>sed</strong></span> <span class='ocrx_word' id='word_1_445' title='bbox 1282 3964 1461 4033; x_wconf 87' lang='lat' dir='ltr'><strong>ipsum</strong></span> <span class='ocrx_word' id='word_1_446' title='bbox 1497 3961 1592 4017; x_wconf 87' lang='lat' dir='ltr'><strong>Dei</strong></span> <span class='ocrx_word' id='word_1_447' title='bbox 1623 3965 1834 4033; x_wconf 81' lang='lat' dir='ltr'><strong>Agnum</strong></span> <span class='ocrx_word' id='word_1_448' title='bbox 1870 3964 2068 4018; x_wconf 89' lang='lat' dir='ltr'><strong>solum.</strong></span> 
     </span>
    </p>
   </div>
   <div class='ocr_carea' id='block_1_67' title="bbox 481 4051 2072 4123">
    <p class='ocr_par' dir='ltr' id='par_1_67' title="bbox 481 4051 2072 4123">
     <span class='ocr_line' id='line_1_67' title="bbox 481 4051 2072 4123; baseline 0 -15"><span class='ocrx_word' id='word_1_449' title='bbox 481 4051 582 4108; x_wconf 78' lang='lat' dir='ltr'><strong>llic</strong></span> <span class='ocrx_word' id='word_1_450' title='bbox 618 4067 762 4105; x_wconf 90' lang='lat' dir='ltr'><strong>unus</strong></span> <span class='ocrx_word' id='word_1_451' title='bbox 790 4053 932 4106; x_wconf 86' lang='lat' dir='ltr'><strong>enim</strong></span> <span class='ocrx_word' id='word_1_452' title='bbox 971 4052 1195 4108; x_wconf 88' lang='lat' dir='ltr'><strong>oracula</strong></span> <span class='ocrx_word' id='word_1_453' title='bbox 1230 4052 1343 4122; x_wconf 85' lang='lat' dir='ltr'><strong>jam</strong></span> <span class='ocrx_word' id='word_1_454' title='bbox 1385 4053 1516 4107; x_wconf 92' lang='lat' dir='ltr'><strong>olim</strong></span> <span class='ocrx_word' id='word_1_455' title='bbox 1549 4068 1644 4122; x_wconf 73' lang='lat' dir='ltr'><strong>per</strong></span> <span class='ocrx_word' id='word_1_456' title='bbox 1676 4053 1968 4123; x_wconf 82' lang='lat' dir='ltr'><strong>pr0pltctas</strong></span> <span class='ocrx_word' id='word_1_457' title='bbox 2004 4053 2072 4108; x_wconf 89' lang='lat' dir='ltr'><strong>de</strong></span> 
     </span>
    </p>
   </div>
   <div class='ocr_carea' id='block_1_68' title="bbox 482 4143 2068 4215">
    <p class='ocr_par' dir='ltr' id='par_1_68' title="bbox 482 4143 2068 4215">
     <span class='ocr_line' id='line_1_68' title="bbox 482 4143 2068 4215; baseline 0.003 -19"><span class='ocrx_word' id='word_1_458' title='bbox 482 4143 602 4214; x_wconf 89' lang='lat' dir='ltr'><strong>ipso</strong></span> <span class='ocrx_word' id='word_1_459' title='bbox 629 4143 799 4208; x_wconf 87' lang='lat' dir='ltr'><strong>edita,</strong></span> <span class='ocrx_word' id='word_1_460' title='bbox 833 4160 929 4215; x_wconf 79' lang='lat' dir='ltr'><strong>per</strong></span> <span class='ocrx_word' id='word_1_461' title='bbox 964 4159 1121 4198; x_wconf 89' lang='lat' dir='ltr'><strong>suum</strong></span> <span class='ocrx_word' id='word_1_462' title='bbox 1154 4145 1452 4200; x_wconf 83' lang='lat' dir='ltr'><strong>adventum</strong></span> <span class='ocrx_word' id='word_1_463' title='bbox 1485 4155 1743 4200; x_wconf 87' lang='lat' dir='ltr'><strong>accurate</strong></span> <span class='ocrx_word' id='word_1_464' title='bbox 1782 4145 2068 4211; x_wconf 75' lang='lat' dir='ltr'><strong>dissolvit,</strong></span> 
     </span>
    </p>
   </div>
   <div class='ocr_carea' id='block_1_69' title="bbox 482 4232 1283 4303">
    <p class='ocr_par' dir='ltr' id='par_1_69' title="bbox 482 4232 1283 4303">
     <span class='ocr_line' id='line_1_69' title="bbox 482 4232 1283 4303; baseline 0.002 -15"><span class='ocrx_word' id='word_1_465' title='bbox 482 4247 703 4302; x_wconf 64' lang='lat' dir='ltr'><strong>suaeque</strong></span> <span class='ocrx_word' id='word_1_466' title='bbox 725 4232 982 4288; x_wconf 68' lang='lat' dir='ltr'><strong>Ecclesiae</strong></span> <span class='ocrx_word' id='word_1_467' title='bbox 1007 4235 1283 4303; x_wconf 81' lang='lat' dir='ltr'><strong>patefecit.</strong></span> 
     </span>
    </p>
   </div>
   <div class='ocr_carea' id='block_1_70' title="bbox 553 4321 2071 4398">
    <p class='ocr_par' dir='ltr' id='par_1_70' title="bbox 553 4321 2071 4398">
     <span class='ocr_line' id='line_1_70' title="bbox 553 4321 2071 4398; baseline 0.005 -24"><span class='ocrx_word' id='word_1_468' title='bbox 553 4321 620 4389; x_wconf 79' lang='grc' dir='ltr'><strong>ν,</strong></span> <span class='ocrx_word' id='word_1_469' title='bbox 671 4323 723 4378; x_wconf 75' lang='grc' dir='ltr'><em>ι.</em></span> <span class='ocrx_word' id='word_1_470' title='bbox 766 4325 830 4379; x_wconf 77' lang='lat' dir='ltr'><strong>Et</strong></span> <span class='ocrx_word' id='word_1_471' title='bbox 866 4341 960 4396; x_wconf 86' lang='lat' dir='ltr'><strong><em>ego</em></strong></span> <span class='ocrx_word' id='word_1_472' title='bbox 988 4325 1179 4394; x_wconf 75' lang='lat' dir='ltr'><strong>ﬂebam</strong></span> <span class='ocrx_word' id='word_1_473' title='bbox 1211 4325 1472 4390; x_wconf 87' lang='lat' dir='ltr'><strong>multum,</strong></span> <span class='ocrx_word' id='word_1_474' title='bbox 1505 4327 1644 4398; x_wconf 86' lang='lat' dir='ltr'><strong>quod</strong></span> <span class='ocrx_word' id='word_1_475' title='bbox 1692 4344 1840 4382; x_wconf 82' lang='lat' dir='ltr'><strong>nemo</strong></span> <span class='ocrx_word' id='word_1_476' title='bbox 1881 4326 2071 4398; x_wconf 81' lang='lat' dir='ltr'><strong>dignus</strong></span> 
     </span>
    </p>
   </div>
   <div class='ocr_carea' id='block_1_71' title="bbox 481 4415 1856 4488">
    <p class='ocr_par' dir='ltr' id='par_1_71' title="bbox 481 4415 1856 4488">
     <span class='ocr_line' id='line_1_71' title="bbox 481 4415 1856 4488; baseline 0.003 -20"><span class='ocrx_word' id='word_1_477' title='bbox 481 4415 720 4470; x_wconf 81' lang='lat' dir='ltr'><strong>inventus</strong></span> <span class='ocrx_word' id='word_1_478' title='bbox 751 4427 826 4471; x_wconf 87' lang='lat' dir='ltr'><strong>est</strong></span> <span class='ocrx_word' id='word_1_479' title='bbox 860 4419 1064 4488; x_wconf 85' lang='lat' dir='ltr'><strong>aperire</strong></span> <span class='ocrx_word' id='word_1_480' title='bbox 1094 4418 1319 4484; x_wconf 87' lang='lat' dir='ltr'><strong>librum,</strong></span> <span class='ocrx_word' id='word_1_481' title='bbox 1355 4435 1448 4474; x_wconf 87' lang='lat' dir='ltr'><strong>uec</strong></span> <span class='ocrx_word' id='word_1_482' title='bbox 1477 4421 1655 4474; x_wconf 69' lang='lat' dir='ltr'><strong>ridere</strong></span> <span class='ocrx_word' id='word_1_483' title='bbox 1685 4420 1856 4473; x_wconf 89' lang='lat' dir='ltr'><strong>illum.</strong></span> 
     </span>
    </p>
   </div>
   <div class='ocr_carea' id='block_1_72' title="bbox 555 4590 2069 4661">
    <p class='ocr_par' dir='ltr' id='par_1_72' title="bbox 555 4590 2069 4661">
     <span class='ocr_line' id='line_1_72' title="bbox 555 4590 2069 4661; baseline 0.002 -18"><span class='ocrx_word' id='word_1_484' title='bbox 555 4590 622 4644; x_wconf 86' lang='lat' dir='ltr'><strong>Et</strong></span> <span class='ocrx_word' id='word_1_485' title='bbox 656 4607 772 4660; x_wconf 82' lang='lat' dir='ltr'><strong>ego,</strong></span> <span class='ocrx_word' id='word_1_486' title='bbox 803 4591 1000 4660; x_wconf 88' lang='lat' dir='ltr'><strong>inquit,</strong></span> <span class='ocrx_word' id='word_1_487' title='bbox 1032 4593 1259 4659; x_wconf 79' lang='lat' dir='ltr'><strong>ﬂebam;</strong></span> <span class='ocrx_word' id='word_1_488' title='bbox 1294 4593 1364 4646; x_wconf 90' lang='lat' dir='ltr'><strong>ob</strong></span> <span class='ocrx_word' id='word_1_489' title='bbox 1394 4591 1447 4646; x_wconf 87' lang='lat' dir='ltr'><strong>id</strong></span> <span class='ocrx_word' id='word_1_490' title='bbox 1473 4591 1680 4655; x_wconf 60' lang='lat' dir='ltr'><strong>forsan,</strong></span> <span class='ocrx_word' id='word_1_491' title='bbox 1706 4593 1850 4661; x_wconf 89' lang='lat' dir='ltr'><strong>quod</strong></span> <span class='ocrx_word' id='word_1_492' title='bbox 1883 4593 2069 4646; x_wconf 88' lang='lat' dir='ltr'><strong>animo</strong></span> 
     </span>
    </p>
   </div>
   <div class='ocr_carea' id='block_1_73' title="bbox 481 4682 2069 4752">
    <p class='ocr_par' dir='ltr' id='par_1_73' title="bbox 481 4682 2069 4752">
     <span class='ocr_line' id='line_1_73' title="bbox 481 4682 2069 4752; baseline 0.002 -16"><span class='ocrx_word' id='word_1_493' title='bbox 481 4690 748 4744; x_wconf 79' lang='lat' dir='ltr'><strong>versaret,</strong></span> <span class='ocrx_word' id='word_1_494' title='bbox 781 4697 847 4735; x_wconf 88' lang='lat' dir='ltr'><strong>ne</strong></span> <span class='ocrx_word' id='word_1_495' title='bbox 875 4683 992 4750; x_wconf 82' lang='lat' dir='ltr'><strong>ipsa</strong></span> <span class='ocrx_word' id='word_1_496' title='bbox 1015 4682 1182 4736; x_wconf 86' lang='lat' dir='ltr'><strong>etiam</strong></span> <span class='ocrx_word' id='word_1_497' title='bbox 1220 4683 1467 4752; x_wconf 79' lang='lat' dir='ltr'><strong>angelica</strong></span> <span class='ocrx_word' id='word_1_498' title='bbox 1504 4693 1699 4738; x_wconf 85' lang='lat' dir='ltr'><strong>natura</strong></span> <span class='ocrx_word' id='word_1_499' title='bbox 1733 4687 1786 4738; x_wconf 93' lang='lat' dir='ltr'><strong>in</strong></span> <span class='ocrx_word' id='word_1_500' title='bbox 1823 4687 2069 4740; x_wconf 78' lang='lat' dir='ltr'><strong>mortife-</strong></span> 
     </span>
    </p>
   </div>
   <div class='ocr_carea' id='block_1_74' title="bbox 484 4771 1513 4842">
    <p class='ocr_par' dir='ltr' id='par_1_74' title="bbox 484 4771 1513 4842">
     <span class='ocr_line' id='line_1_74' title="bbox 484 4771 1513 4842; baseline 0.003 -17"><span class='ocrx_word' id='word_1_501' title='bbox 484 4787 602 4825; x_wconf 86' lang='lat' dir='ltr'><strong>ram</strong></span> <span class='ocrx_word' id='word_1_502' title='bbox 633 4771 1030 4840; x_wconf 76' lang='lat' dir='ltr'><strong>ignorationcm</strong></span> <span class='ocrx_word' id='word_1_503' title='bbox 1059 4773 1316 4842; x_wconf 88' lang='lat' dir='ltr'><strong>prolapsa</strong></span> <span class='ocrx_word' id='word_1_504' title='bbox 1346 4785 1513 4828; x_wconf 86' lang='lat' dir='ltr'><strong>esset.</strong></span> 
     </span>
    </p>
   </div>
   <div class='ocr_carea' id='block_1_75' title="bbox 557 4858 2066 4934">
    <p class='ocr_par' dir='ltr' id='par_1_75' title="bbox 557 4858 2066 4934">
     <span class='ocr_line' id='line_1_75' title="bbox 557 4858 2066 4934; baseline 0.005 -22"><span class='ocrx_word' id='word_1_505' title='bbox 557 4858 621 4923; x_wconf 87' lang='lat' dir='ltr'><strong>V,</strong></span> <span class='ocrx_word' id='word_1_506' title='bbox 651 4859 705 4912; x_wconf 84' lang='lat'><strong>5.</strong></span> <span class='ocrx_word' id='word_1_507' title='bbox 737 4859 804 4913; x_wconf 84' lang='lat' dir='ltr'><strong>Et</strong></span> <span class='ocrx_word' id='word_1_508' title='bbox 831 4877 964 4912; x_wconf 85' lang='lat' dir='ltr'><strong>unus</strong></span> <span class='ocrx_word' id='word_1_509' title='bbox 986 4860 1048 4912; x_wconf 79' lang='lat' dir='ltr'><strong>de</strong></span> <span class='ocrx_word' id='word_1_510' title='bbox 1067 4861 1359 4914; x_wconf 86' lang='lat' dir='ltr'><strong>senioribus</strong></span> <span class='ocrx_word' id='word_1_511' title='bbox 1383 4863 1513 4915; x_wconf 84' lang='lat' dir='ltr'><strong>dicit</strong></span> <span class='ocrx_word' id='word_1_512' title='bbox 1537 4865 1699 4918; x_wconf 84' lang='lat' dir='ltr'><strong>mihi:</strong></span> <span class='ocrx_word' id='word_1_513' title='bbox 1735 4863 1816 4918; x_wconf 87' lang='lat' dir='ltr'><strong>Nc</strong></span> <span class='ocrx_word' id='word_1_514' title='bbox 1839 4865 2066 4934; x_wconf 77' lang='lat' dir='ltr'><strong>ﬂeveris.</strong></span> 
     </span>
    </p>
   </div>
   <div class='ocr_carea' id='block_1_76' title="bbox 487 4949 2071 5027">
    <p class='ocr_par' dir='ltr' id='par_1_76' title="bbox 487 4949 2071 5027">
     <span class='ocr_line' id='line_1_76' title="bbox 487 4949 2071 5027; baseline 0.004 -23"><span class='ocrx_word' id='word_1_515' title='bbox 487 4950 620 5005; x_wconf 86' lang='lat' dir='ltr'><strong>Ecce</strong></span> <span class='ocrx_word' id='word_1_516' title='bbox 655 4953 773 5004; x_wconf 80' lang='lat' dir='ltr'><strong>vicit</strong></span> <span class='ocrx_word' id='word_1_517' title='bbox 807 4949 906 5005; x_wconf 88' lang='lat' dir='ltr'><strong>Leo</strong></span> <span class='ocrx_word' id='word_1_518' title='bbox 940 4952 1005 5006; x_wconf 87' lang='lat' dir='ltr'><strong>de</strong></span> <span class='ocrx_word' id='word_1_519' title='bbox 1037 4954 1176 5006; x_wconf 85' lang='lat' dir='ltr'><strong>tribu</strong></span> <span class='ocrx_word' id='word_1_520' title='bbox 1217 4952 1253 5006; x_wconf 76' lang='grc' dir='ltr'><em>Ι</em></span> <span class='ocrx_word' id='word_1_521' title='bbox 1260 4954 1365 5007; x_wconf 82' lang='lat' dir='ltr'><strong>uda</strong></span> <span class='ocrx_word' id='word_1_522' title='bbox 1389 4994 1404 5019; x_wconf 94' lang='lat'><strong>,</strong></span> <span class='ocrx_word' id='word_1_523' title='bbox 1438 4955 1593 5007; x_wconf 73' lang='lat' dir='ltr'><strong>radix</strong></span> <span class='ocrx_word' id='word_1_524' title='bbox 1643 4953 1834 5022; x_wconf 79' lang='lat' dir='ltr'><strong>David,</strong></span> <span class='ocrx_word' id='word_1_525' title='bbox 1867 4959 2071 5027; x_wconf 87' lang='lat' dir='ltr'><strong>aperire</strong></span> 
     </span>
    </p>
   </div>
   <div class='ocr_carea' id='block_1_77' title="bbox 482 5043 1700 5116">
    <p class='ocr_par' dir='ltr' id='par_1_77' title="bbox 482 5043 1700 5116">
     <span class='ocr_line' id='line_1_77' title="bbox 482 5043 1700 5116; baseline 0.004 -20"><span class='ocrx_word' id='word_1_526' title='bbox 482 5043 698 5108; x_wconf 85' lang='lat' dir='ltr'><strong>librum,</strong></span> <span class='ocrx_word' id='word_1_527' title='bbox 728 5054 776 5097; x_wconf 84' lang='lat' dir='ltr'><strong>et</strong></span> <span class='ocrx_word' id='word_1_528' title='bbox 805 5044 1006 5098; x_wconf 84' lang='lat' dir='ltr'><strong>solvere</strong></span> <span class='ocrx_word' id='word_1_529' title='bbox 1031 5056 1222 5114; x_wconf 83' lang='lat' dir='ltr'><strong>septem</strong></span> <span class='ocrx_word' id='word_1_530' title='bbox 1261 5047 1539 5116; x_wconf 87' lang='lat' dir='ltr'><strong>signacula</strong></span> <span class='ocrx_word' id='word_1_531' title='bbox 1564 5048 1700 5116; x_wconf 81' lang='lat' dir='ltr'><strong>ejus.</strong></span> 
     </span>
    </p>
   </div>
   <div class='ocr_carea' id='block_1_78' title="bbox 552 5246 2069 5318">
    <p class='ocr_par' dir='ltr' id='par_1_78' title="bbox 552 5246 2069 5318">
     <span class='ocr_line' id='line_1_78' title="bbox 552 5246 2069 5318; baseline 0.002 -17"><span class='ocrx_word' id='word_1_532' title='bbox 552 5246 690 5314; x_wconf 88' lang='lat' dir='ltr'><strong>Etsi,</strong></span> <span class='ocrx_word' id='word_1_533' title='bbox 719 5247 919 5317; x_wconf 88' lang='lat' dir='ltr'><strong>inquit,</strong></span> <span class='ocrx_word' id='word_1_534' title='bbox 949 5247 1085 5302; x_wconf 87' lang='lat' dir='ltr'><strong>liber</strong></span> <span class='ocrx_word' id='word_1_535' title='bbox 1117 5247 1206 5302; x_wconf 86' lang='lat' dir='ltr'><strong>hic</strong></span> <span class='ocrx_word' id='word_1_536' title='bbox 1229 5247 1550 5316; x_wconf 82' lang='lat' dir='ltr'><strong>angelorum</strong></span> <span class='ocrx_word' id='word_1_537' title='bbox 1579 5259 1799 5318; x_wconf 89' lang='lat' dir='ltr'><strong>captum</strong></span> <span class='ocrx_word' id='word_1_538' title='bbox 1823 5251 2069 5316; x_wconf 83' lang='lat' dir='ltr'><strong>excedit,</strong></span> 
     </span>
    </p>
   </div>
   <div class='ocr_carea' id='block_1_79' title="bbox 483 5338 2069 5409">
    <p class='ocr_par' dir='ltr' id='par_1_79' title="bbox 483 5338 2069 5409">
     <span class='ocr_line' id='line_1_79' title="bbox 483 5338 2069 5409; baseline 0.002 -17"><span class='ocrx_word' id='word_1_539' title='bbox 483 5340 575 5394; x_wconf 88' lang='lat' dir='ltr'><strong>Dei</strong></span> <span class='ocrx_word' id='word_1_540' title='bbox 618 5349 821 5406; x_wconf 86' lang='lat' dir='ltr'><strong>tamen,</strong></span> <span class='ocrx_word' id='word_1_541' title='bbox 851 5338 945 5409; x_wconf 89' lang='lat' dir='ltr'><strong>qui</strong></span> <span class='ocrx_word' id='word_1_542' title='bbox 985 5349 1174 5393; x_wconf 86' lang='lat' dir='ltr'><strong>nostra</strong></span> <span class='ocrx_word' id='word_1_543' title='bbox 1206 5352 1372 5392; x_wconf 85' lang='lat' dir='ltr'><strong>causa</strong></span> <span class='ocrx_word' id='word_1_544' title='bbox 1405 5338 1586 5394; x_wconf 77' lang='lat' dir='ltr'><strong>lactus</strong></span> <span class='ocrx_word' id='word_1_545' title='bbox 1618 5352 1704 5395; x_wconf 88' lang='lat' dir='ltr'><strong>est</strong></span> <span class='ocrx_word' id='word_1_546' title='bbox 1738 5341 1926 5405; x_wconf 87' lang='lat' dir='ltr'><strong>homo,</strong></span> <span class='ocrx_word' id='word_1_547' title='bbox 1962 5358 2069 5397; x_wconf 90' lang='lat' dir='ltr'><strong>non</strong></span> 
     </span>
    </p>
   </div>
   <div class='ocr_carea' id='block_1_80' title="bbox 482 5432 2068 5502">
    <p class='ocr_par' dir='ltr' id='par_1_80' title="bbox 482 5432 2068 5502">
     <span class='ocr_line' id='line_1_80' title="bbox 482 5432 2068 5502; baseline 0 -16"><span class='ocrx_word' id='word_1_548' title='bbox 482 5432 589 5500; x_wconf 71' lang='lat'><strong>22</strong></span> <span class='ocrx_word' id='word_1_549' title='bbox 621 5432 694 5487; x_wconf 85' lang='lat' dir='ltr'><strong>ita</strong></span> <span class='ocrx_word' id='word_1_550' title='bbox 733 5449 747 5487; x_wconf 83' lang='lat'><strong>;</strong></span> <span class='ocrx_word' id='word_1_551' title='bbox 780 5433 874 5502; x_wconf 90' lang='lat' dir='ltr'><strong>qui</strong></span> <span class='ocrx_word' id='word_1_552' title='bbox 911 5432 1130 5501; x_wconf 86' lang='lat' dir='ltr'><strong>quidem</strong></span> <span class='ocrx_word' id='word_1_553' title='bbox 1175 5433 1476 5489; x_wconf 87' lang='lat' dir='ltr'><strong>secundum</strong></span> <span class='ocrx_word' id='word_1_554' title='bbox 1510 5433 1752 5487; x_wconf 82' lang='lat' dir='ltr'><strong>divinam</strong></span> <span class='ocrx_word' id='word_1_555' title='bbox 1789 5444 2068 5498; x_wconf 74' lang='lat' dir='ltr'><strong>naturam,</strong></span> 
     </span>
    </p>
   </div>
   <div class='ocr_carea' id='block_1_81' title="bbox 485 5523 2072 5590">
    <p class='ocr_par' dir='ltr' id='par_1_81' title="bbox 485 5523 2072 5590">
     <span class='ocr_line' id='line_1_81' title="bbox 485 5523 2072 5590; baseline 0.006 -17"><span class='ocrx_word' id='word_1_556' title='bbox 485 5532 644 5588; x_wconf 84' lang='lat' dir='ltr'><strong>prout</strong></span> <span class='ocrx_word' id='word_1_557' title='bbox 670 5523 926 5577; x_wconf 89' lang='lat' dir='ltr'><strong>nimirum</strong></span> <span class='ocrx_word' id='word_1_558' title='bbox 960 5538 1137 5577; x_wconf 91' lang='lat' dir='ltr'><strong>rerum</strong></span> <span class='ocrx_word' id='word_1_559' title='bbox 1168 5527 1414 5578; x_wconf 90' lang='lat' dir='ltr'><strong>omnium</strong></span> <span class='ocrx_word' id='word_1_560' title='bbox 1441 5525 1694 5580; x_wconf 85' lang='lat' dir='ltr'><strong>conditor</strong></span> <span class='ocrx_word' id='word_1_561' title='bbox 1719 5535 1824 5590; x_wconf 90' lang='lat' dir='ltr'><strong>est,</strong></span> <span class='ocrx_word' id='word_1_562' title='bbox 1853 5527 2072 5582; x_wconf 88' lang='lat' dir='ltr'><strong>Davidis</strong></span> 
     </span>
    </p>
   </div>
   <div class='ocr_carea' id='block_1_82' title="bbox 484 5612 2073 5685">
    <p class='ocr_par' dir='ltr' id='par_1_82' title="bbox 484 5612 2073 5685">
     <span class='ocr_line' id='line_1_82' title="bbox 484 5612 2073 5685; baseline 0.005 -21"><span class='ocrx_word' id='word_1_563' title='bbox 484 5612 640 5665; x_wconf 81' lang='lat' dir='ltr'><strong>radix</strong></span> <span class='ocrx_word' id='word_1_564' title='bbox 666 5620 720 5665; x_wconf 86' lang='lat' dir='ltr'><strong>et</strong></span> <span class='ocrx_word' id='word_1_565' title='bbox 751 5615 906 5685; x_wconf 74' lang='lat' dir='ltr'><strong>origo</strong></span> <span class='ocrx_word' id='word_1_566' title='bbox 937 5623 1021 5669; x_wconf 89' lang='lat' dir='ltr'><strong>cst</strong></span> <span class='ocrx_word' id='word_1_567' title='bbox 1053 5631 1066 5668; x_wconf 94' lang='lat'><strong>:</strong></span> <span class='ocrx_word' id='word_1_568' title='bbox 1110 5623 1165 5668; x_wconf 89' lang='lat' dir='ltr'><strong>at</strong></span> <span class='ocrx_word' id='word_1_569' title='bbox 1196 5629 1326 5669; x_wconf 86' lang='lat' dir='ltr'><strong>vero</strong></span> <span class='ocrx_word' id='word_1_570' title='bbox 1361 5617 1662 5671; x_wconf 86' lang='lat' dir='ltr'><strong>secundum</strong></span> <span class='ocrx_word' id='word_1_571' title='bbox 1696 5626 1946 5672; x_wconf 89' lang='lat' dir='ltr'><strong>naturam</strong></span> <span class='ocrx_word' id='word_1_572' title='bbox 1984 5633 2073 5672; x_wconf 85' lang='lat' dir='ltr'><strong>as-</strong></span> 
     </span>
    </p>
   </div>
   <div class='ocr_carea' id='block_1_83' title="bbox 488 5706 2068 5774">
    <p class='ocr_par' dir='ltr' id='par_1_83' title="bbox 488 5706 2068 5774">
     <span class='ocr_line' id='line_1_83' title="bbox 488 5706 2068 5774; baseline 0.006 -20"><span class='ocrx_word' id='word_1_573' title='bbox 488 5713 789 5770; x_wconf 80' lang='lat' dir='ltr'><strong>sumptam,</strong></span> <span class='ocrx_word' id='word_1_574' title='bbox 818 5721 882 5759; x_wconf 80' lang='lat' dir='ltr'><strong>ex</strong></span> <span class='ocrx_word' id='word_1_575' title='bbox 912 5706 1157 5774; x_wconf 87' lang='lat' dir='ltr'><strong>ejusdem</strong></span> <span class='ocrx_word' id='word_1_576' title='bbox 1194 5706 1378 5763; x_wconf 85' lang='lat' dir='ltr'><strong>radice</strong></span> <span class='ocrx_word' id='word_1_577' title='bbox 1399 5708 1455 5763; x_wconf 91' lang='lat' dir='ltr'><strong>in</strong></span> <span class='ocrx_word' id='word_1_578' title='bbox 1481 5708 1698 5764; x_wconf 88' lang='lat' dir='ltr'><strong>vitalem</strong></span> <span class='ocrx_word' id='word_1_579' title='bbox 1724 5708 1864 5765; x_wconf 83' lang='lat' dir='ltr'><strong>hanc</strong></span> <span class='ocrx_word' id='word_1_580' title='bbox 1894 5708 2068 5765; x_wconf 84' lang='lat' dir='ltr'><strong>lucem</strong></span> 
     </span>
    </p>
   </div>
   <div class='ocr_carea' id='block_1_84' title="bbox 486 5806 930 5862">
    <p class='ocr_par' dir='ltr' id='par_1_84' title="bbox 486 5806 930 5862">
     <span class='ocr_line' id='line_1_84' title="bbox 486 5806 930 5862; baseline 0.018 -19"><span class='ocrx_word' id='word_1_581' title='bbox 486 5806 806 5862; x_wconf 78' lang='lat' dir='ltr'><strong>progressus</strong></span> <span class='ocrx_word' id='word_1_582' title='bbox 826 5806 930 5851; x_wconf 87' lang='lat' dir='ltr'><strong>est.</strong></span> 
     </span>
    </p>
   </div>
   <div class='ocr_carea' id='block_1_85' title="bbox 2172 3231 3764 3306">
    <p class='ocr_par' dir='ltr' id='par_1_85' title="bbox 2172 3231 3764 3306">
     <span class='ocr_line' id='line_1_85' title="bbox 2172 3231 3764 3306; baseline -0.001 -19"><span class='ocrx_word' id='word_1_583' title='bbox 2172 3235 2343 3305; x_wconf 67' lang='grc' dir='ltr'><strong>φωνῇ</strong></span> <span class='ocrx_word' id='word_1_584' title='bbox 2383 3236 2654 3306; x_wconf 70' lang='grc' dir='ltr'><strong>μεγά.ίῃ’</strong></span> <span class='ocrx_word' id='word_1_585' title='bbox 2709 3237 2803 3301; x_wconf 71' lang='grc' dir='ltr'><strong>Τίς</strong></span> <span class='ocrx_word' id='word_1_586' title='bbox 2850 3235 3020 3302; x_wconf 77' lang='grc' dir='ltr'><em>ἄξιός</em></span> <span class='ocrx_word' id='word_1_587' title='bbox 3060 3235 3236 3288; x_wconf 78' lang='grc' dir='ltr'><em>ἐστιν</em></span> <span class='ocrx_word' id='word_1_588' title='bbox 3283 3232 3519 3296; x_wconf 80' lang='grc' dir='ltr'><strong>ἀνοῖξαι</strong></span> <span class='ocrx_word' id='word_1_589' title='bbox 3563 3232 3632 3286; x_wconf 76' lang='grc' dir='ltr'><strong>τὸ</strong></span> <span class='ocrx_word' id='word_1_590' title='bbox 3661 3231 3764 3297; x_wconf 64' lang='lat' dir='ltr'><strong>ﬁt-</strong></span> 
     </span>
    </p>
   </div>
   <div class='ocr_carea' id='block_1_86' title="bbox 2173 3323 3763 3395">
    <p class='ocr_par' dir='ltr' id='par_1_86' title="bbox 2173 3323 3763 3395">
     <span class='ocr_line' id='line_1_86' title="bbox 2173 3323 3763 3395; baseline -0.002 -14"><span class='ocrx_word' id='word_1_591' title='bbox 2173 3329 2364 3392; x_wconf 67' lang='lat' dir='ltr'><strong>EZ/llor,</strong></span> <span class='ocrx_word' id='word_1_592' title='bbox 2400 3329 2499 3382; x_wconf 80' lang='grc' dir='ltr'><em>καὶ</em></span> <span class='ocrx_word' id='word_1_593' title='bbox 2531 3327 2720 3382; x_wconf 76' lang='grc' dir='ltr'><em>λῦσαι</em></span> <span class='ocrx_word' id='word_1_594' title='bbox 2753 3329 2860 3394; x_wconf 82' lang='grc' dir='ltr'><strong>τὰς</strong></span> <span class='ocrx_word' id='word_1_595' title='bbox 2912 3326 3248 3395; x_wconf 66' lang='grc' dir='ltr'><em>σφραγῖδας</em></span> <span class='ocrx_word' id='word_1_596' title='bbox 3273 3324 3498 3390; x_wconf 71' lang='grc' dir='ltr'><strong>αὐτοῦς</strong></span> <span class='ocrx_word' id='word_1_597' title='bbox 3526 3323 3632 3380; x_wconf 78' lang='lat' dir='ltr'><strong>Kal</strong></span> <span class='ocrx_word' id='word_1_598' title='bbox 3660 3325 3763 3378; x_wconf 82' lang='grc' dir='ltr'><strong>οὐ·</strong></span> 
     </span>
    </p>
   </div>
   <div class='ocr_carea' id='block_1_87' title="bbox 2171 3415 3760 3488">
    <p class='ocr_par' dir='ltr' id='par_1_87' title="bbox 2171 3415 3760 3488">
     <span class='ocr_line' id='line_1_87' title="bbox 2171 3415 3760 3488; baseline 0 -17"><span class='ocrx_word' id='word_1_599' title='bbox 2171 3418 2298 3486; x_wconf 78' lang='grc' dir='ltr'><strong>δεὶς</strong></span> <span class='ocrx_word' id='word_1_600' title='bbox 2329 3420 2593 3487; x_wconf 74' lang='grc' dir='ltr'><em>ἠδύνατο</em></span> <span class='ocrx_word' id='word_1_601' title='bbox 2630 3421 2702 3475; x_wconf 82' lang='grc' dir='ltr'><strong>ἐν</strong></span> <span class='ocrx_word' id='word_1_602' title='bbox 2745 3418 2825 3486; x_wconf 82' lang='grc' dir='ltr'><strong>τῷ</strong></span> <span class='ocrx_word' id='word_1_603' title='bbox 2875 3417 3128 3488; x_wconf 81' lang='grc' dir='ltr'><em>οὐρανῷ,</em></span> <span class='ocrx_word' id='word_1_604' title='bbox 3162 3419 3301 3472; x_wconf 80' lang='grc' dir='ltr'><strong>οὔτε</strong></span> <span class='ocrx_word' id='word_1_605' title='bbox 3339 3417 3435 3470; x_wconf 76' lang='grc' dir='ltr'><strong>ἐπὶ</strong></span> <span class='ocrx_word' id='word_1_606' title='bbox 3476 3415 3583 3484; x_wconf 83' lang='grc' dir='ltr'><strong>τῆς</strong></span> <span class='ocrx_word' id='word_1_607' title='bbox 3626 3415 3760 3486; x_wconf 81' lang='grc' dir='ltr'><strong>γῆς,</strong></span> 
     </span>
    </p>
   </div>
   <div class='ocr_carea' id='block_1_88' title="bbox 2171 3507 3761 3581">
    <p class='ocr_par' dir='ltr' id='par_1_88' title="bbox 2171 3507 3761 3581">
     <span class='ocr_line' id='line_1_88' title="bbox 2171 3507 3761 3581; baseline 0.001 -19"><span class='ocrx_word' id='word_1_608' title='bbox 2171 3513 2310 3565; x_wconf 65' lang='grc' dir='ltr'><strong>οὔτε</strong></span> <span class='ocrx_word' id='word_1_609' title='bbox 2341 3511 2616 3567; x_wconf 76' lang='grc' dir='ltr'><strong>ὑποκάτω</strong></span> <span class='ocrx_word' id='word_1_610' title='bbox 2642 3511 2752 3581; x_wconf 83' lang='grc' dir='ltr'><strong>τῆς</strong></span> <span class='ocrx_word' id='word_1_611' title='bbox 2781 3510 2916 3580; x_wconf 70' lang='grc' dir='ltr'><strong>γῆς,</strong></span> <span class='ocrx_word' id='word_1_612' title='bbox 2944 3509 3181 3575; x_wconf 82' lang='grc' dir='ltr'><strong>ἀνοῖξαι</strong></span> <span class='ocrx_word' id='word_1_613' title='bbox 3213 3509 3279 3563; x_wconf 83' lang='grc' dir='ltr'><strong>τὸ</strong></span> <span class='ocrx_word' id='word_1_614' title='bbox 3316 3507 3585 3574; x_wconf 72' lang='grc' dir='ltr'><em>βιϐλίον,</em></span> <span class='ocrx_word' id='word_1_615' title='bbox 3621 3508 3761 3563; x_wconf 82' lang='grc' dir='ltr'><strong>οὔτε</strong></span> 
     </span>
    </p>
   </div>
   <div class='ocr_carea' id='block_1_89' title="bbox 2167 3605 2623 3669">
    <p class='ocr_par' dir='ltr' id='par_1_89' title="bbox 2167 3605 2623 3669">
     <span class='ocr_line' id='line_1_89' title="bbox 2167 3605 2623 3669; baseline 0.002 -12"><span class='ocrx_word' id='word_1_616' title='bbox 2167 3605 2426 3669; x_wconf 70' lang='grc' dir='ltr'><em>βλέπειν</em></span> <span class='ocrx_word' id='word_1_617' title='bbox 2456 3607 2623 3660; x_wconf 81' lang='grc' dir='ltr'><strong>αὐτό.</strong></span> 
     </span>
    </p>
   </div>
   <div class='ocr_carea' id='block_1_90' title="bbox 2243 3692 3760 3765">
    <p class='ocr_par' dir='ltr' id='par_1_90' title="bbox 2243 3692 3760 3765">
     <span class='ocr_line' id='line_1_90' title="bbox 2243 3692 3760 3765; baseline -0.003 -16"><span class='ocrx_word' id='word_1_618' title='bbox 2243 3698 2340 3751; x_wconf 72' lang='grc' dir='ltr'><strong>Διὰ</strong></span> <span class='ocrx_word' id='word_1_619' title='bbox 2368 3699 2423 3752; x_wconf 76' lang='grc' dir='ltr'><em>δὲ</em></span> <span class='ocrx_word' id='word_1_620' title='bbox 2460 3698 2572 3762; x_wconf 78' lang='grc' dir='ltr'><strong>τοῦ,</strong></span> <span class='ocrx_word' id='word_1_621' title='bbox 2604 3697 2812 3764; x_wconf 75' lang='grc' dir='ltr'><strong>Οὐδεὶς</strong></span> <span class='ocrx_word' id='word_1_622' title='bbox 2840 3696 3104 3765; x_wconf 80' lang='grc' dir='ltr'><em>ἠδύνατο</em></span> <span class='ocrx_word' id='word_1_623' title='bbox 3137 3693 3372 3758; x_wconf 81' lang='grc' dir='ltr'><em>ἀνοῖξαι</em></span> <span class='ocrx_word' id='word_1_624' title='bbox 3398 3693 3464 3746; x_wconf 82' lang='grc' dir='ltr'><strong>τὸ</strong></span> <span class='ocrx_word' id='word_1_625' title='bbox 3491 3692 3760 3757; x_wconf 74' lang='grc' dir='ltr'><em>βιϐλίον.</em></span> 
     </span>
    </p>
   </div>
   <div class='ocr_carea' id='block_1_91' title="bbox 2171 3785 3761 3861">
    <p class='ocr_par' dir='ltr' id='par_1_91' title="bbox 2171 3785 3761 3861">
     <span class='ocr_line' id='line_1_91' title="bbox 2171 3785 3761 3861; baseline -0.006 -18"><span class='ocrx_word' id='word_1_626' title='bbox 2171 3790 2430 3860; x_wconf 74' lang='grc' dir='ltr'><strong>δηλοῦται</strong></span> <span class='ocrx_word' id='word_1_627' title='bbox 2479 3791 2618 3861; x_wconf 83' lang='grc' dir='ltr'><strong>μήτε</strong></span> <span class='ocrx_word' id='word_1_628' title='bbox 2671 3789 2958 3859; x_wconf 78' lang='grc' dir='ltr'><strong>ἀγγέλους,</strong></span> <span class='ocrx_word' id='word_1_629' title='bbox 2999 3788 3137 3859; x_wconf 80' lang='grc' dir='ltr'><strong>μήτε</strong></span> <span class='ocrx_word' id='word_1_630' title='bbox 3178 3785 3501 3854; x_wconf 77' lang='grc' dir='ltr'><strong>ἀνθρώπους</strong></span> <span class='ocrx_word' id='word_1_631' title='bbox 3538 3785 3664 3847; x_wconf 73' lang='grc' dir='ltr'><strong>τοὺς</strong></span> <span class='ocrx_word' id='word_1_632' title='bbox 3704 3785 3761 3834; x_wconf 81' lang='grc' dir='ltr'><strong>ὲν</strong></span> 
     </span>
    </p>
   </div>
   <div class='ocr_carea' id='block_1_92' title="bbox 2176 3874 3762 3953">
    <p class='ocr_par' dir='ltr' id='par_1_92' title="bbox 2176 3874 3762 3953">
     <span class='ocr_line' id='line_1_92' title="bbox 2176 3874 3762 3953; baseline -0.004 -18"><span class='ocrx_word' id='word_1_633' title='bbox 2176 3882 2342 3951; x_wconf 66' lang='grc' dir='ltr'><em>σαρκὶ</em></span> <span class='ocrx_word' id='word_1_634' title='bbox 2380 3882 2565 3948; x_wconf 78' lang='grc' dir='ltr'><strong>ὄντας,</strong></span> <span class='ocrx_word' id='word_1_635' title='bbox 2596 3885 2735 3953; x_wconf 84' lang='grc' dir='ltr'><strong>μήτε</strong></span> <span class='ocrx_word' id='word_1_636' title='bbox 2764 3882 2888 3946; x_wconf 81' lang='grc' dir='ltr'><strong>τοὺς</strong></span> <span class='ocrx_word' id='word_1_637' title='bbox 2935 3881 2999 3934; x_wconf 80' lang='grc' dir='ltr'><em>ἐκ</em></span> <span class='ocrx_word' id='word_1_638' title='bbox 3041 3878 3243 3950; x_wconf 68' lang='grc' dir='ltr'><strong>σαρκὸς</strong></span> <span class='ocrx_word' id='word_1_639' title='bbox 3276 3874 3762 3948; x_wconf 67' lang='grc' dir='ltr'><strong>ἀποδεδημηκότας</strong></span> 
     </span>
    </p>
   </div>
   <div class='ocr_carea' id='block_1_93' title="bbox 2174 3968 3758 4046">
    <p class='ocr_par' dir='ltr' id='par_1_93' title="bbox 2174 3968 3758 4046">
     <span class='ocr_line' id='line_1_93' title="bbox 2174 3968 3758 4046; baseline -0.007 -15"><span class='ocrx_word' id='word_1_640' title='bbox 2174 3975 2386 4043; x_wconf 80' lang='grc' dir='ltr'><strong>ἁγίους.</strong></span> <span class='ocrx_word' id='word_1_641' title='bbox 2424 3976 2525 4046; x_wconf 82' lang='grc' dir='ltr'><strong>τὴν</strong></span> <span class='ocrx_word' id='word_1_642' title='bbox 2576 3976 2780 4046; x_wconf 78' lang='grc' dir='ltr'><strong>ἀκριὸῆ</strong></span> <span class='ocrx_word' id='word_1_643' title='bbox 2824 3975 2934 4028; x_wconf 80' lang='grc' dir='ltr'><strong>τῶν</strong></span> <span class='ocrx_word' id='word_1_644' title='bbox 2967 3973 3127 4028; x_wconf 86' lang='grc' dir='ltr'><strong>θείων</strong></span> <span class='ocrx_word' id='word_1_645' title='bbox 3186 3971 3471 4044; x_wconf 75' lang='grc' dir='ltr'><strong>χριμάτων</strong></span> <span class='ocrx_word' id='word_1_646' title='bbox 3503 3968 3758 4039; x_wconf 79' lang='grc' dir='ltr'><strong>κατειλη-</strong></span> 
     </span>
    </p>
   </div>
   <div class='ocr_carea' id='block_1_94' title="bbox 2177 4057 3762 4139">
    <p class='ocr_par' dir='ltr' id='par_1_94' title="bbox 2177 4057 3762 4139">
     <span class='ocr_line' id='line_1_94' title="bbox 2177 4057 3762 4139; baseline -0.006 -19"><span class='ocrx_word' id='word_1_647' title='bbox 2177 4067 2332 4136; x_wconf 63' lang='grc' dir='ltr'><strong>φέναι</strong></span> <span class='ocrx_word' id='word_1_648' title='bbox 2380 4068 2606 4136; x_wconf 73' lang='grc' dir='ltr'><strong>γνῶσιν,</strong></span> <span class='ocrx_word' id='word_1_649' title='bbox 2659 4068 2799 4139; x_wconf 78' lang='grc' dir='ltr'><strong>πλὴν</strong></span> <span class='ocrx_word' id='word_1_650' title='bbox 2844 4067 2940 4120; x_wconf 80' lang='grc' dir='ltr'><strong>τοῦ</strong></span> <span class='ocrx_word' id='word_1_651' title='bbox 2981 4064 3182 4135; x_wconf 74' lang='grc' dir='ltr'><strong>Ἀρ.νοῦ</strong></span> <span class='ocrx_word' id='word_1_652' title='bbox 3208 4063 3300 4116; x_wconf 76' lang='grc' dir='ltr'><strong>τοῦ</strong></span> <span class='ocrx_word' id='word_1_653' title='bbox 3338 4060 3496 4122; x_wconf 79' lang='grc' dir='ltr'><strong>Θεοῦ,</strong></span> <span class='ocrx_word' id='word_1_654' title='bbox 3529 4057 3622 4114; x_wconf 82' lang='grc' dir='ltr'><strong>τοῦ</strong></span> <span class='ocrx_word' id='word_1_655' title='bbox 3652 4060 3762 4112; x_wconf 86' lang='grc' dir='ltr'><strong>τῶν</strong></span> 
     </span>
    </p>
   </div>
   <div class='ocr_carea' id='block_1_95' title="bbox 2177 4152 3753 4234">
    <p class='ocr_par' dir='ltr' id='par_1_95' title="bbox 2177 4152 3753 4234">
     <span class='ocr_line' id='line_1_95' title="bbox 2177 4152 3753 4234; baseline -0.005 -21"><span class='ocrx_word' id='word_1_656' title='bbox 2177 4160 2666 4234; x_wconf 77' lang='grc' dir='ltr'><strong>προφητευθὲντων</strong></span> <span class='ocrx_word' id='word_1_657' title='bbox 2717 4160 2844 4232; x_wconf 78' lang='grc' dir='ltr'><strong>περὶ</strong></span> <span class='ocrx_word' id='word_1_658' title='bbox 2890 4159 3056 4212; x_wconf 74' lang='grc' dir='ltr'><strong>αὖτοῦ</strong></span> <span class='ocrx_word' id='word_1_659' title='bbox 3086 4156 3324 4211; x_wconf 75' lang='grc' dir='ltr'><em>ἔκπαλαι</em></span> <span class='ocrx_word' id='word_1_660' title='bbox 3364 4152 3452 4207; x_wconf 80' lang='grc' dir='ltr'><em>διὰ</em></span> <span class='ocrx_word' id='word_1_661' title='bbox 3478 4152 3578 4222; x_wconf 82' lang='grc' dir='ltr'><strong>τῆς</strong></span> <span class='ocrx_word' id='word_1_662' title='bbox 3609 4169 3753 4224; x_wconf 88' lang='grc' dir='ltr'><strong>παρ-</strong></span> 
     </span>
    </p>
   </div>
   <div class='ocr_carea' id='block_1_96' title="bbox 2175 4249 3340 4325">
    <p class='ocr_par' dir='ltr' id='par_1_96' title="bbox 2175 4249 3340 4325">
     <span class='ocr_line' id='line_1_96' title="bbox 2175 4249 3340 4325; baseline -0.003 -19"><span class='ocrx_word' id='word_1_663' title='bbox 2175 4254 2366 4314; x_wconf 82' lang='grc' dir='ltr'><strong>ουσίας</strong></span> <span class='ocrx_word' id='word_1_664' title='bbox 2398 4251 2566 4306; x_wconf 76' lang='grc' dir='ltr'><strong>αὑτοῦ</strong></span> <span class='ocrx_word' id='word_1_665' title='bbox 2594 4254 2693 4325; x_wconf 85' lang='grc' dir='ltr'><strong>τὴν</strong></span> <span class='ocrx_word' id='word_1_666' title='bbox 2725 4251 3026 4321; x_wconf 75' lang='grc' dir='ltr'><strong>ἀσφάλειαν</strong></span> <span class='ocrx_word' id='word_1_667' title='bbox 3055 4249 3340 4310; x_wconf 82' lang='grc' dir='ltr'><strong>λύσαντος.</strong></span> 
     </span>
    </p>
   </div>
   <div class='ocr_carea' id='block_1_97' title="bbox 2246 4337 3757 4412">
    <p class='ocr_par' dir='ltr' id='par_1_97' title="bbox 2246 4337 3757 4412">
     <span class='ocr_line' id='line_1_97' title="bbox 2246 4337 3757 4412; baseline -0.005 -15"><span class='ocrx_word' id='word_1_668' title='bbox 2246 4344 2419 4412; x_wconf 58' lang='grc' dir='ltr'><strong>Κάγὼ</strong></span> <span class='ocrx_word' id='word_1_669' title='bbox 2452 4343 2703 4398; x_wconf 71' lang='grc' dir='ltr'><em>ἔκλαιον</em></span> <span class='ocrx_word' id='word_1_670' title='bbox 2735 4343 2918 4408; x_wconf 72' lang='grc' dir='ltr'><em>πολὺ,</em></span> <span class='ocrx_word' id='word_1_671' title='bbox 2963 4343 3055 4396; x_wconf 85' lang='grc' dir='ltr'><strong>ὅτι</strong></span> <span class='ocrx_word' id='word_1_672' title='bbox 3087 4340 3286 4406; x_wconf 73' lang='grc' dir='ltr'><strong>οὐδεὶς</strong></span> <span class='ocrx_word' id='word_1_673' title='bbox 3327 4339 3491 4405; x_wconf 82' lang='grc' dir='ltr'><em>ἄξιος</em></span> <span class='ocrx_word' id='word_1_674' title='bbox 3546 4337 3757 4406; x_wconf 81' lang='grc' dir='ltr'><strong>εὑρέθη</strong></span> 
     </span>
    </p>
   </div>
   <div class='ocr_carea' id='block_1_98' title="bbox 2177 4429 3761 4506">
    <p class='ocr_par' dir='ltr' id='par_1_98' title="bbox 2177 4429 3761 4506">
     <span class='ocr_line' id='line_1_98' title="bbox 2177 4429 3761 4506; baseline -0.007 -14"><span class='ocrx_word' id='word_1_675' title='bbox 2177 4437 2412 4504; x_wconf 79' lang='grc' dir='ltr'><em>ἀνοῖξαι</em></span> <span class='ocrx_word' id='word_1_676' title='bbox 2441 4437 2540 4491; x_wconf 79' lang='grc' dir='ltr'><em>καί</em></span> <span class='ocrx_word' id='word_1_677' title='bbox 2572 4436 2912 4506; x_wconf 77' lang='grc' dir='ltr'><em>ἀναγνῶναι</em></span> <span class='ocrx_word' id='word_1_678' title='bbox 2946 4435 3012 4490; x_wconf 84' lang='grc' dir='ltr'><strong>τὸ</strong></span> <span class='ocrx_word' id='word_1_679' title='bbox 3036 4434 3299 4500; x_wconf 72' lang='grc' dir='ltr'><em>βιϐλίον,</em></span> <span class='ocrx_word' id='word_1_680' title='bbox 3335 4432 3473 4486; x_wconf 80' lang='grc' dir='ltr'><strong>οὔτε</strong></span> <span class='ocrx_word' id='word_1_681' title='bbox 3499 4429 3761 4494; x_wconf 76' lang='grc' dir='ltr'><strong>βλέπειν</strong></span> 
     </span>
    </p>
   </div>
   <div class='ocr_carea' id='block_1_99' title="bbox 2101 4523 2342 4584">
    <p class='ocr_par' dir='ltr' id='par_1_99' title="bbox 2101 4523 2342 4584">
     <span class='ocr_line' id='line_1_99' title="bbox 2101 4523 2342 4584; baseline -0.004 0"><span class='ocrx_word' id='word_1_682' title='bbox 2101 4523 2145 4575; x_wconf 83' lang='grc' dir='ltr'><strong>Ῐ)</strong></span> <span class='ocrx_word' id='word_1_683' title='bbox 2173 4530 2342 4584; x_wconf 82' lang='grc' dir='ltr'><strong>αὐτό.</strong></span> 
     </span>
    </p>
   </div>
   <div class='ocr_carea' id='block_1_100' title="bbox 2246 4611 3760 4690">
    <p class='ocr_par' dir='ltr' id='par_1_100' title="bbox 2246 4611 3760 4690">
     <span class='ocr_line' id='line_1_100' title="bbox 2246 4611 3760 4690; baseline -0.009 -15"><span class='ocrx_word' id='word_1_684' title='bbox 2246 4621 2419 4690; x_wconf 72' lang='grc' dir='ltr'><strong>Κάγὼ</strong></span> <span class='ocrx_word' id='word_1_685' title='bbox 2447 4620 2718 4682; x_wconf 71' lang='grc' dir='ltr'><em>ἔκλαιον,</em></span> <span class='ocrx_word' id='word_1_686' title='bbox 2751 4617 2943 4686; x_wconf 84' lang='grc' dir='ltr'><strong>φησίν·</strong></span> <span class='ocrx_word' id='word_1_687' title='bbox 2969 4618 3099 4679; x_wconf 56' lang='lat' dir='ltr'><strong>hinc</strong></span> <span class='ocrx_word' id='word_1_688' title='bbox 3130 4616 3206 4678; x_wconf 85' lang='grc' dir='ltr'><strong>ὡς</strong></span> <span class='ocrx_word' id='word_1_689' title='bbox 3232 4617 3312 4678; x_wconf 79' lang='grc' dir='ltr'><strong>είς</strong></span> <span class='ocrx_word' id='word_1_690' title='bbox 3353 4611 3627 4681; x_wconf 85' lang='grc' dir='ltr'><strong>ἀγνωσίαν</strong></span> <span class='ocrx_word' id='word_1_691' title='bbox 3661 4627 3760 4663; x_wconf 68' lang='grc' dir='ltr'><strong>περ</strong></span> 
     </span>
    </p>
   </div>
   <div class='ocr_carea' id='block_1_101' title="bbox 2177 4703 3762 4783">
    <p class='ocr_par' dir='ltr' id='par_1_101' title="bbox 2177 4703 3762 4783">
     <span class='ocr_line' id='line_1_101' title="bbox 2177 4703 3762 4783; baseline -0.004 -19"><span class='ocrx_word' id='word_1_692' title='bbox 2177 4710 2380 4783; x_wconf 82' lang='grc' dir='ltr'><strong>σούσης</strong></span> <span class='ocrx_word' id='word_1_693' title='bbox 2428 4711 2528 4782; x_wconf 81' lang='grc' dir='ltr'><strong>τῆς</strong></span> <span class='ocrx_word' id='word_1_694' title='bbox 2582 4710 2981 4782; x_wconf 77' lang='grc' dir='ltr'><strong>καθαρωτάτης</strong></span> <span class='ocrx_word' id='word_1_695' title='bbox 3019 4708 3129 4762; x_wconf 86' lang='grc' dir='ltr'><strong>τῶν</strong></span> <span class='ocrx_word' id='word_1_696' title='bbox 3189 4703 3500 4776; x_wconf 71' lang='grc' dir='ltr'><strong>ἀγγελικῶν</strong></span> <span class='ocrx_word' id='word_1_697' title='bbox 3559 4703 3762 4757; x_wconf 69' lang='grc' dir='ltr'><strong>οὐσιιῖιν</strong></span> 
     </span>
    </p>
   </div>
   <div class='ocr_carea' id='block_1_102' title="bbox 2172 4803 2402 4869">
    <p class='ocr_par' dir='ltr' id='par_1_102' title="bbox 2172 4803 2402 4869">
     <span class='ocr_line' id='line_1_102' title="bbox 2172 4803 2402 4869; baseline 0.009 -13"><span class='ocrx_word' id='word_1_698' title='bbox 2172 4803 2402 4869; x_wconf 77' lang='grc' dir='ltr'><strong>τάξεως.</strong></span> 
     </span>
    </p>
   </div>
   <div class='ocr_carea' id='block_1_103' title="bbox 2246 4887 3759 4963">
    <p class='ocr_par' dir='ltr' id='par_1_103' title="bbox 2246 4887 3759 4963">
     <span class='ocr_line' id='line_1_103' title="bbox 2246 4887 3759 4963; baseline -0.003 -15"><span class='ocrx_word' id='word_1_699' title='bbox 2246 4895 2354 4949; x_wconf 79' lang='lat' dir='ltr'><strong>Kal</strong></span> <span class='ocrx_word' id='word_1_700' title='bbox 2399 4890 2486 4961; x_wconf 77' lang='grc' dir='ltr'><strong>εἷς</strong></span> <span class='ocrx_word' id='word_1_701' title='bbox 2538 4895 2608 4948; x_wconf 81' lang='grc' dir='ltr'><em>ἐκ</em></span> <span class='ocrx_word' id='word_1_702' title='bbox 2642 4893 2760 4948; x_wconf 84' lang='grc' dir='ltr'><strong>τῶν</strong></span> <span class='ocrx_word' id='word_1_703' title='bbox 2813 4891 3236 4963; x_wconf 75' lang='grc' dir='ltr'><strong>πρεσϐυτέρων</strong></span> <span class='ocrx_word' id='word_1_704' title='bbox 3275 4889 3437 4960; x_wconf 76' lang='grc' dir='ltr'><em>λέγει</em></span> <span class='ocrx_word' id='word_1_705' title='bbox 3488 4905 3624 4958; x_wconf 83' lang='grc' dir='ltr'><em>μοι’</em></span> <span class='ocrx_word' id='word_1_706' title='bbox 3660 4887 3759 4955; x_wconf 76' lang='grc' dir='ltr'><strong>Μὴ</strong></span> 
     </span>
    </p>
   </div>
   <div class='ocr_carea' id='block_1_104' title="bbox 2174 4979 3761 5054">
    <p class='ocr_par' dir='ltr' id='par_1_104' title="bbox 2174 4979 3761 5054">
     <span class='ocr_line' id='line_1_104' title="bbox 2174 4979 3761 5054; baseline -0.006 -13"><span class='ocrx_word' id='word_1_707' title='bbox 2174 4986 2376 5041; x_wconf 75' lang='grc' dir='ltr'><em>κλαῖε·</em></span> <span class='ocrx_word' id='word_1_708' title='bbox 2421 4985 2551 5039; x_wconf 86' lang='grc' dir='ltr'><em>ίδοὺ</em></span> <span class='ocrx_word' id='word_1_709' title='bbox 2596 4986 2884 5053; x_wconf 79' lang='grc' dir='ltr'><strong>ἐνίκησεν</strong></span> <span class='ocrx_word' id='word_1_710' title='bbox 2913 4987 2944 5038; x_wconf 90' lang='grc' dir='ltr'><strong><em>ὁ</em></strong></span> <span class='ocrx_word' id='word_1_711' title='bbox 2972 4983 3130 5038; x_wconf 74' lang='grc' dir='ltr'><strong>λέων</strong></span> <span class='ocrx_word' id='word_1_712' title='bbox 3162 4986 3194 5037; x_wconf 85' lang='grc' dir='ltr'><strong><em>ό</em></strong></span> <span class='ocrx_word' id='word_1_713' title='bbox 3225 4981 3354 5054; x_wconf 77' lang='grc' dir='ltr'>[ὢν]</span> <span class='ocrx_word' id='word_1_714' title='bbox 3388 4982 3456 5034; x_wconf 79' lang='grc' dir='ltr'><em>ἐκ</em></span> <span class='ocrx_word' id='word_1_715' title='bbox 3490 4979 3601 5048; x_wconf 81' lang='grc' dir='ltr'><strong>τῆς</strong></span> <span class='ocrx_word' id='word_1_716' title='bbox 3645 4998 3761 5048; x_wconf 68' lang='grc' dir='ltr'><strong>φυ-</strong></span> 
     </span>
    </p>
   </div>
   <div class='ocr_carea' id='block_1_105' title="bbox 2174 5066 3763 5146">
    <p class='ocr_par' dir='ltr' id='par_1_105' title="bbox 2174 5066 3763 5146">
     <span class='ocr_line' id='line_1_105' title="bbox 2174 5066 3763 5146; baseline -0.008 -16"><span class='ocrx_word' id='word_1_717' title='bbox 2174 5075 2288 5143; x_wconf 66' lang='grc' dir='ltr'><strong>⁸Ιῆς</strong></span> <span class='ocrx_word' id='word_1_718' title='bbox 2325 5076 2552 5141; x_wconf 74' lang='grc' dir='ltr'><em>Ἰούδα,</em></span> <span class='ocrx_word' id='word_1_719' title='bbox 2596 5076 2634 5142; x_wconf 75' lang='grc' dir='ltr'><strong><em>ἡ</em></strong></span> <span class='ocrx_word' id='word_1_720' title='bbox 2673 5074 2806 5142; x_wconf 79' lang='grc' dir='ltr'><strong>ῥίζα</strong></span> <span class='ocrx_word' id='word_1_721' title='bbox 2857 5072 3011 5146; x_wconf 82' lang='grc' dir='ltr'>[τοῦ]</span> <span class='ocrx_word' id='word_1_722' title='bbox 3041 5071 3238 5134; x_wconf 80' lang='grc' dir='ltr'><em>Δασὶδ,</em></span> <span class='ocrx_word' id='word_1_723' title='bbox 3287 5068 3522 5133; x_wconf 80' lang='grc' dir='ltr'><em>ἀνοῖξαι</em></span> <span class='ocrx_word' id='word_1_724' title='bbox 3575 5068 3642 5119; x_wconf 82' lang='grc' dir='ltr'><strong>τὸ</strong></span> <span class='ocrx_word' id='word_1_725' title='bbox 3665 5066 3763 5131; x_wconf 83' lang='grc' dir='ltr'><em>βι-</em></span> 
     </span>
    </p>
   </div>
   <div class='ocr_carea' id='block_1_106' title="bbox 2175 5158 3649 5240">
    <p class='ocr_par' dir='ltr' id='par_1_106' title="bbox 2175 5158 3649 5240">
     <span class='ocr_line' id='line_1_106' title="bbox 2175 5158 3649 5240; baseline -0.007 -18"><span class='ocrx_word' id='word_1_726' title='bbox 2175 5171 2364 5233; x_wconf 74' lang='grc' dir='ltr'><em>ϐλίον,</em></span> <span class='ocrx_word' id='word_1_727' title='bbox 2392 5167 2488 5222; x_wconf 81' lang='grc' dir='ltr'><em>καὶ</em></span> <span class='ocrx_word' id='word_1_728' title='bbox 2517 5165 2751 5240; x_wconf 73' lang='grc' dir='ltr'><em>[λῦσαι]</em></span> <span class='ocrx_word' id='word_1_729' title='bbox 2778 5166 2884 5230; x_wconf 79' lang='grc' dir='ltr'><strong>τὰς</strong></span> <span class='ocrx_word' id='word_1_730' title='bbox 2905 5165 3055 5219; x_wconf 77' lang='grc' dir='ltr'><strong>ἑπτὰ</strong></span> <span class='ocrx_word' id='word_1_731' title='bbox 3079 5161 3415 5232; x_wconf 73' lang='grc' dir='ltr'><em>σφραγῖδας</em></span> <span class='ocrx_word' id='word_1_732' title='bbox 3438 5158 3649 5214; x_wconf 86' lang='grc' dir='ltr'><strong>αὑτοῦ.</strong></span> 
     </span>
    </p>
   </div>
   <div class='ocr_carea' id='block_1_107' title="bbox 2246 5249 3762 5326">
    <p class='ocr_par' dir='ltr' id='par_1_107' title="bbox 2246 5249 3762 5326">
     <span class='ocr_line' id='line_1_107' title="bbox 2246 5249 3762 5326; baseline -0.008 -11"><span class='ocrx_word' id='word_1_733' title='bbox 2246 5259 2342 5325; x_wconf 78' lang='grc' dir='ltr'><strong>Μὴ</strong></span> <span class='ocrx_word' id='word_1_734' title='bbox 2375 5258 2638 5314; x_wconf 80' lang='grc' dir='ltr'><em>κλαῖε.-</em></span> <span class='ocrx_word' id='word_1_735' title='bbox 2661 5259 2723 5310; x_wconf 85' lang='grc' dir='ltr'>Εἰ</span> <span class='ocrx_word' id='word_1_736' title='bbox 2747 5257 2856 5326; x_wconf 75' lang='grc' dir='ltr'><strong>γὰρ</strong></span> <span class='ocrx_word' id='word_1_737' title='bbox 2885 5257 2980 5310; x_wconf 74' lang='grc' dir='ltr'><em>καὶ</em></span> <span class='ocrx_word' id='word_1_738' title='bbox 3007 5254 3285 5323; x_wconf 80' lang='grc' dir='ltr'><strong>ἀγγέλοις,</strong></span> <span class='ocrx_word' id='word_1_739' title='bbox 3307 5251 3493 5322; x_wconf 62' lang='grc' dir='ltr'><strong>φησιν,</strong></span> <span class='ocrx_word' id='word_1_740' title='bbox 3522 5253 3557 5320; x_wconf 80' lang='grc' dir='ltr'><strong>ἡ</strong></span> <span class='ocrx_word' id='word_1_741' title='bbox 3580 5249 3762 5318; x_wconf 72' lang='grc' dir='ltr'><strong>βίϐλος</strong></span> 
     </span>
    </p>
   </div>
   <div class='ocr_carea' id='block_1_108' title="bbox 2175 5340 3762 5420">
    <p class='ocr_par' dir='ltr' id='par_1_108' title="bbox 2175 5340 3762 5420">
     <span class='ocr_line' id='line_1_108' title="bbox 2175 5340 3762 5420; baseline -0.007 -16"><span class='ocrx_word' id='word_1_742' title='bbox 2175 5350 2582 5420; x_wconf 80' lang='grc' dir='ltr'><strong>ἅκατάληπτος,</strong></span> <span class='ocrx_word' id='word_1_743' title='bbox 2607 5348 2723 5402; x_wconf 81' lang='grc' dir='ltr'>ἀλλ’</span> <span class='ocrx_word' id='word_1_744' title='bbox 2746 5348 2808 5401; x_wconf 82' lang='grc' dir='ltr'><strong>οὐ</strong></span> <span class='ocrx_word' id='word_1_745' title='bbox 2833 5347 2909 5418; x_wconf 80' lang='grc' dir='ltr'><strong>τῷ</strong></span> <span class='ocrx_word' id='word_1_746' title='bbox 2933 5345 3052 5417; x_wconf 83' lang='grc' dir='ltr'><strong>Θεῷ</strong></span> <span class='ocrx_word' id='word_1_747' title='bbox 3073 5346 3150 5416; x_wconf 84' lang='grc' dir='ltr'><strong>τῷ</strong></span> <span class='ocrx_word' id='word_1_748' title='bbox 3173 5345 3263 5400; x_wconf 78' lang='grc' dir='ltr'><em>διὰ</em></span> <span class='ocrx_word' id='word_1_749' title='bbox 3291 5344 3415 5407; x_wconf 83' lang='grc' dir='ltr'><strong>τοὺς</strong></span> <span class='ocrx_word' id='word_1_750' title='bbox 3439 5340 3762 5412; x_wconf 78' lang='grc' dir='ltr'><strong>ἀνθρώπους</strong></span> 
     </span>
    </p>
   </div>
   <div class='ocr_carea' id='block_1_109' title="bbox 2177 5434 3760 5513">
    <p class='ocr_par' dir='ltr' id='par_1_109' title="bbox 2177 5434 3760 5513">
     <span class='ocr_line' id='line_1_109' title="bbox 2177 5434 3760 5513; baseline -0.006 -17"><span class='ocrx_word' id='word_1_751' title='bbox 2177 5443 2679 5513; x_wconf 80' lang='grc' dir='ltr'><strong>ὲνανθρωπήσαντι·</strong></span> <span class='ocrx_word' id='word_1_752' title='bbox 2704 5441 2760 5504; x_wconf 84' lang='grc' dir='ltr'><strong>ὃς</strong></span> <span class='ocrx_word' id='word_1_753' title='bbox 2789 5441 2914 5510; x_wconf 78' lang='grc' dir='ltr'><strong>ῥίζα</strong></span> <span class='ocrx_word' id='word_1_754' title='bbox 2944 5440 3043 5508; x_wconf 74' lang='grc' dir='ltr'><strong>μὲν</strong></span> <span class='ocrx_word' id='word_1_755' title='bbox 3067 5437 3251 5503; x_wconf 82' lang='grc' dir='ltr'><strong>Δαυῒδ,</strong></span> <span class='ocrx_word' id='word_1_756' title='bbox 3279 5437 3354 5499; x_wconf 82' lang='grc' dir='ltr'><strong>ὡς</strong></span> <span class='ocrx_word' id='word_1_757' title='bbox 3382 5435 3648 5504; x_wconf 83' lang='grc' dir='ltr'><strong>Κτίστης,</strong></span> <span class='ocrx_word' id='word_1_758' title='bbox 3671 5434 3760 5486; x_wconf 75' lang='grc' dir='ltr'><em>διὰ</em></span> 
     </span>
    </p>
   </div>
   <div class='ocr_carea' id='block_1_110' title="bbox 2175 5525 3763 5604">
    <p class='ocr_par' dir='ltr' id='par_1_110' title="bbox 2175 5525 3763 5604">
     <span class='ocr_line' id='line_1_110' title="bbox 2175 5525 3763 5604; baseline -0.004 -19"><span class='ocrx_word' id='word_1_759' title='bbox 2175 5533 2272 5603; x_wconf 83' lang='grc' dir='ltr'><strong>τὴν</strong></span> <span class='ocrx_word' id='word_1_760' title='bbox 2318 5532 2548 5604; x_wconf 83' lang='grc' dir='ltr'><strong>θεότητα</strong></span> <span class='ocrx_word' id='word_1_761' title='bbox 2569 5551 2582 5566; x_wconf 87' lang='grc'><strong>·</strong></span> <span class='ocrx_word' id='word_1_762' title='bbox 2631 5536 2695 5588; x_wconf 78' lang='grc' dir='ltr'><em>ἐκ</em></span> <span class='ocrx_word' id='word_1_763' title='bbox 2723 5531 2881 5604; x_wconf 74' lang='grc' dir='ltr'><strong>ῥίζης</strong></span> <span class='ocrx_word' id='word_1_764' title='bbox 2928 5532 2984 5585; x_wconf 74' lang='grc' dir='ltr'><em>δὲ</em></span> <span class='ocrx_word' id='word_1_765' title='bbox 3013 5529 3198 5597; x_wconf 82' lang='grc' dir='ltr'><strong>αὑτοῦ,</strong></span> <span class='ocrx_word' id='word_1_766' title='bbox 3230 5529 3320 5586; x_wconf 83' lang='grc' dir='ltr'><em>διὰ</em></span> <span class='ocrx_word' id='word_1_767' title='bbox 3348 5527 3445 5600; x_wconf 77' lang='grc' dir='ltr'><strong>τὴν</strong></span> <span class='ocrx_word' id='word_1_768' title='bbox 3473 5525 3763 5600; x_wconf 83' lang='grc' dir='ltr'><strong>ἀνθρωπό-</strong></span> 
     </span>
    </p>
   </div>
   <div class='ocr_carea' id='block_1_111' title="bbox 2174 5642 2336 5695">
    <p class='ocr_par' dir='ltr' id='par_1_111' title="bbox 2174 5642 2336 5695">
     <span class='ocr_line' id='line_1_111' title="bbox 2174 5642 2336 5695; baseline 0.019 -18"><span class='ocrx_word' id='word_1_769' title='bbox 2174 5642 2336 5695; x_wconf 85' lang='grc' dir='ltr'><strong>τητα.</strong></span> 
     </span>
    </p>
   </div>
  </div>
