4070 6414
380 319 484 384 261

984 435 1232 488 ΚΕΦΑΛ.
1279 433 1376 486 ΙΒν.

384 545 524 614 Περὶ
576 542 687 614 τῆς
736 545 807 600 έν
835 543 1004 616 μέσῳ
1045 545 1152 599 τοῦ
1182 543 1403 612 θρόνου
1433 543 1532 597 καὶ
1583 541 1702 596 τῶν
1731 541 1780 594 δ’
1813 543 1969 603 ζώων

1043 617 1308 683 θεωρίας.

459 729 568 784 Kal
597 726 764 786 εἶδον
787 731 857 782 ἐν
883 729 1052 799 μέσῳ
1083 728 1190 783 τοῦ
1229 732 1448 796 θρόνου
1472 731 1571 783 καὶ
1597 728 1721 784 τῶν
1746 729 1970 784 τεσσά-

381 837 508 887 ρων
526 819 703 885 ζώων,
733 819 830 875 και
859 821 929 873 ἐν
943 819 1111 888 μέσῳ
1131 819 1250 873 τῶν
1269 819 1709 889 πρεσϐυτέρων,
1749 822 1977 891 Ἀρνίον

387 911 653 977 ἑστηκὸς
683 913 766 977 ὠς
802 910 1206 980 ἐσφαγμένον,
1248 912 1396 980 ἕχον
1459 911 1677 979 κέρατα
1702 913 1852 966 ἑπτὰ
1877 913 1979 968 καὶ

389 1004 738 1074 ὀφθαλμοὺς
771 1004 953 1058 ἑπτά·
1001 1005 1059 1058 οἳ
1083 1004 1203 1057 εισι
1234 1004 1305 1057 τὰ
1337 1003 1489 1057 ἑπτὰ
1517 1007 1828 1074 πνεύματα
1866 1005 1973 1060 τοῦ

393 1097 563 1159 Θεοῦ,
595 1096 1095 1166 ἀποστελλόμενα
1123 1098 1210 1161 εις
1241 1095 1450 1150 πᾶσαν
1477 1097 1594 1163 τὴν
1623 1097 1760 1166 γῆν.

463 1187 544 1238 Τὰ
589 1185 728 1238 ἑπτὰ
760 1186 969 1256 κέρατα
1017 1185 1113 1238 καὶ
1158 1184 1208 1236 οἱ
1238 1185 1378 1237 ἑπτὰ
1409 1183 1680 1255 ὀφθαλμοὶ
1710 1185 1803 1239 τοῦ
1847 1187 1976 1257 Ἀρ·-

391 1277 507 1330 νίου
551 1276 772 1348 δηλοῦσι
797 1276 1037 1347 Χριστοῦ
1061 1277 1128 1330 τὰ
1146 1275 1286 1328 ἑπτὰ
1309 1275 1616 1346 πνεύματα,
1644 1271 1719 1330 ῶν
1747 1277 1978 1340 Ἡσαΐας

392 1369 768 1438 ἐμνημόνευσε
804 1368 900 1421 καὶ
933 1366 1212 1437 Ζαχαρίας
1258 1368 1305 1418 ol
1344 1370 1642 1439 προφῆται.
1677 1368 1751 1421 Τὸ
1779 1368 1866 1435 δὲ’,
1898 1368 1980 1434 ὡς

391 1460 797 1529 ἐσφαγμένον,
827 1458 981 1529 δηλοί
1007 1459 1105 1528 τὴν
1152 1463 1293 1528 μετὰ
1335 1461 1434 1530 τὴν
1464 1461 1682 1530 σφαγὴν
1707 1460 1852 1531 ζωὴν
1879 1461 1979 1514 αὐ-

390 1552 486 1604 τοῦ
507 1565 521 1580 °
555 1551 613 1603 ὲν
718 1550 928 1604 ἐδείκνυ
955 1550 1022 1602 τὰ
1047 1550 1139 1603 τοῦ
1170 1549 1373 1614 πάθους
1406 1551 1672 1622 σύμϐολα,
1707 1552 1781 1614 ὡς
1812 1554 1979 1621 ἐσφα-

389 1643 593 1713 γμένον
617 1641 835 1714 ἀληθῶς
867 1642 1008 1713 μετὰ
1035 1643 1134 1714 τὴν
1155 1646 1220 1697 ὲκ
1249 1644 1461 1714 νεκρῶν
1485 1644 1724 1715 ἔγερσιν.

1347 323 1957 384 COMMENTARIUS
2003 321 2082 381 ΙΝ
2125 321 2652 385 APOCALYPSIN.

2004 440 2052 496 Α

3557 334 3667 398 262

2683 432 2916 490 CAPUT
2942 433 3058 490 XII.

2087 547 2156 602 Ut
2184 546 2364 619 Agnus
2391 548 2481 618 qui
2502 548 2656 604 habet
2681 558 2876 620 septem
2898 566 3120 619 cornua,
3156 553 3421 622 aperuerit
3448 553 3666 610 librum.

2151 730 2216 794 V,
2250 729 2303 784 6.
2337 728 2403 784 Et
2438 731 2578 796 vidi;
2611 742 2662 786 et
2692 750 2806 787 ecce
2851 735 2906 788 in
2947 737 3118 791 medio
3159 739 3337 792 throni
3361 748 3410 793 et
3440 750 3670 810 quatuor

2078 822 2395 874 animalium
2436 834 2483 874 et
2532 824 2586 876 in
2619 825 2788 878 medio
2831 827 3132 892 seniorum,
3180 830 3387 899 Agnum
3437 842 3664 886 stantem

2081 921 2334 982 tanquam
2363 915 2616 983 occisum,
2647 918 2921 971 habentem
2953 934 3152 974 cornua
3179 934 3393 990 septem,
3413 933 3463 978 et
3487 926 3666 980 oculos

2076 1014 2302 1071 septem;
2331 1007 2419 1076 qui
2451 1019 2572 1061 sunt
2599 1021 2793 1078 septem
2830 1011 3046 1079 spiritus
3079 1011 3175 1066 Dei
3203 1017 3352 1069 missi
3381 1017 3435 1069 in
3461 1032 3668 1073 omnem

2079 1105 2297 1152 terram.

2153 1186 2371 1258 Septem
2411 1191 2576 1257 oculi,
2628 1193 2966 1265 totidemque
2996 1195 3134 1266 Agni
3171 1213 3417 1263 cornua,
3457 1201 3668 1272 signiti-

2079 1289 2208 1334 cant
2269 1291 2479 1350 septem
2543 1283 2778 1353 spiritus
2825 1286 3068 1352 Christi;
3111 1303 3348 1357 quorum
3401 1291 3570 1349 Isaias
3613 1303 3669 1348 et

2079 1370 2378 1427 Zacharias
2409 1377 2687 1444 prOphetas
2719 1377 3040 1433 meminere.
3071 1378 3227 1446 Quod
3256 1390 3439 1437 autem
3474 1387 3663 1453 Agnus

2079 1463 2168 1517 ille
2215 1465 2461 1520 cernitur
2493 1466 2654 1521 veluti
2683 1470 2921 1534 occisus,
2960 1471 3066 1526 hoc
3117 1472 3282 1527 vitam
3321 1485 3376 1528 et
3426 1477 3662 1546 speciem

2078 1555 2226 1612 illius
2253 1567 2379 1627 post
2411 1568 2643 1614 mortem
2679 1569 2734 1614 et
2779 1561 3208 1618 immolationem
3255 1567 3514 1634 exprimit
3559 1585 3574 1622 :
3608 1570 3665 1623 in

2080 1647 2170 1701 illa
2214 1663 2453 1720 namque
2493 1661 2753 1722 tanquam
2783 1667 2914 1708 vere
2946 1655 3166 1710 occisus
3207 1657 3497 1714 manifesta
3538 1675 3666 1731 per-

391 1738 663 1808 pessionis
717 1751 832 1792 sua:
883 1738 1109 1809 vestigia
1161 1739 1439 1804 ostendit;
1490 1754 1612 1810 qua:
1663 1746 1790 1808 post
1828 1753 1986 1794 suam
2035 1755 2258 1811 quoque
2303 1756 2368 1798 ex
2415 1745 2650 1801 mortuis
2700 1747 3161 1803 resurrectionem
3194 1747 3247 1803 in
3293 1764 3524 1821 corpore
3568 1768 3669 1808 suo

389 1833 602 1902 reliqua
637 1847 758 1886 esse
796 1832 987 1887 voluit.

464 1922 570 1977 Kal
622 1921 770 1993 ἦλθε
795 1925 891 1978 καὶ
933 1925 1189 1994 εἴληφεν
1215 1924 1283 1978 ἐκ
1321 1923 1434 1993 τῆς
1457 1922 1661 1990 δεξιᾶς
1690 1923 1799 1978 τοῦ
1831 1929 1970 1979 καθο

2153 1927 2216 1991 γ,
2247 1927 2299 1993 7,
2332 1927 2386 1983 8.
2422 1927 2491 1982 Et
2521 1931 2677 1993 venit,
2713 1939 2764 1985 et
2794 1934 2997 2001 accepit
3024 1934 3089 1988 de
3111 1935 3330 1990 dextera
3357 1937 3585 1993 sedentis
3616 1939 3669 1992 in

387 2015 618 2084 ημένου
679 2015 779 2069 ἐπὶ
831 2017 939 2070 τοῦ
983 2017 1206 2084 θρόνου
1258 2016 1326 2070 τὸ
1383 2016 1652 2081 βιϐλίον.
1711 2017 1816 2072 Kal
1869 2016 1970 2070 ὅτε

388 2109 568 2162 ἔλαϐε
613 2108 809 2171 τοῦτο,
857 2110 929 2162 τὰ
963 2107 1236 2178 τέσσαρα
1275 2106 1389 2168 ζῶα
1423 2109 1520 2162 καὶ
1553 2111 1610 2162 οἱ
1637 2109 1974 2163 εἰκοσιτέσ-

391 2212 576 2266 σαρες
597 2201 985 2269 πρεσϐύτεροι
1032 2201 1263 2254 ἔπεσον
1281 2200 1542 2253 ἐνώπιον
1565 2199 1673 2254 τοῦ
1720 2201 1974 2268 Ἀρνὶου,

390 2289 639 2359 ἔχοντες
659 2291 916 2358 ἕκαστος
943 2291 1194 2360 κιθάρας
1229 2291 1325 2346 καὶ
1357 2291 1581 2361 φιάλας
1611 2290 1846 2362 χρυσᾶς
1881 2309 1974 2361 γε·

387 2383 628 2450 μούσας
664 2381 1046 2453 θυμιαμάτων
1069 2401 1084 2415 υ
1117 2384 1180 2436 αἵ
1213 2385 1374 2436 εἰσιν
1403 2385 1464 2436 al
1493 2382 1831 2452 προσευχαὶ
1859 2381 1978 2435 τῶν

392 2475 597 2543 άγίων.

457 2569 525 2620 Αἱ
547 2566 777 2634 κιθάραι
823 2566 882 2620 δὲ
912 2566 1010 2638 τὴν
1039 2566 1358 2637 ἐναρμόνιον
1389 2565 1482 2619 καὶ
1512 2565 1709 2636 εὔηχον
1758 2566 1980 2637 δηλοῦσι

396 2656 551 2711 θείαν
577 2658 886 2727 δοξολογίαν
909 2675 923 2688 ·
957 2660 1025 2712 τὰ
1053 2660 1111 2712 δὲ
1144 2660 1509 2729 θυμιάματα,
1543 2661 1640 2731 τὴν
1667 2659 1840 2730 εὐώδη
1871 2660 1981 2713 τῶν

397 2749 609 2802 πιστῶν
640 2749 832 2803 θυσίαν
860 2750 1278 2821 προσιγομένην
1323 2751 1410 2804 διὰ
1445 2750 1562 2820 βίου
1601 2749 1842 2821 καθαροῦ
1871 2748 1983 2821 (ῶς

398 2858 566 2912 φησιν
628 2843 657 2894 ὁ
719 2840 934 2914 [θεῖος]
1011 2842 1372 2907 Ἀπόστολος·
1443 2843 1703 2911 Χριστοῦ
1765 2844 1984 2898 εὐωδία

395 2933 624 3005 ἐσμέν)
647 2949 660 2964 ο
702 2938 762 2988 al
804 2935 1017 3004 φιάλαι
1053 2935 1133 3002 δὲ,
1185 2935 1290 2989 τῶν
1325 2936 1576 2988 διανοιῶν
1611 2937 1944 3006 σημαντικαί
1967 2954 1979 2968 ·

400 3027 460 3092 ἐξ
488 3020 564 3080 ὧν
612 3027 646 3098 ὴ
680 3027 790 3079 τῶν
832 3027 1060 3097 ἀγαθῶν
1107 3027 1286 3099 ἔργων
1314 3027 1514 3081 εὐωδία
1563 3028 1720 3100 καὶὴ
1763 3029 1982 3100 καθαρὰ

399 3115 677 3187 προσευχὴ
712 3117 1060 3188 προέρχεται.

405 3468 601 3523 λαϐεῖν
620 3469 683 3521 τὸ
714 3469 980 3532 βιϐλίον,
1007 3468 1103 3521 καὶ
1127 3467 1361 3533 ἀνοῖξαι
1381 3470 1488 3534 τὰς
1513 3469 1856 3540 σφραγῖδας
1876 3473 1982 3525 αὐ-

399 3561 526 3628 τοῦ,
562 3560 652 3614 ὅτι
671 3558 969 3630 ἐσφάγης,
999 3559 1098 3612 και
1133 3560 1442 3629 ἠγόρασας
1462 3559 1543 3626 τῷ
1573 3559 1694 3626 Θεῷ
1716 3561 1872 3632 ἡμᾶς
1913 3563 1983 3616 ἐν

399 3650 478 3716 τῷ
506 3653 709 3720 αἵματί
733 3667 851 3705 σου
873 3651 940 3704 ἐκ
964 3650 1170 3718 πάσης
1207 3649 1415 3719 φυλῆς
1441 3652 1540 3704 καὶ
1567 3651 1852 3722 γλώσσης
1884 3655 1981 3708 καὶ

393 3745 549 3800 λαοῦ
592 3746 689 3798 καὶ
733 3745 985 3811 ἔθνους*
1033 3743 1132 3798 καὶ
1165 3745 1462 3813 ἐποίησας
1491 3745 1714 3812 αὐτοὺς
1747 3746 1826 3812 τῷ
1859 3746 1983 3812 Θεῷ

393 3834 566 3904 ἡμῶν
606 3835 890 3902 ,βασιλεῖς
941 3833 1042 3888 και
1096 3835 1294 3903 ἱερεῖς,
1348 3836 1449 3890 καὶ
1481 3838 1982 3902 ,ϐασιλεύσουσιν

393 3927 493 3980 ἐπὶ
526 3926 635 3996 τῆς
663 3927 796 3998 γῆς.

466 4017 530 4071 Ol
562 4018 945 4092 πρεσὸύτεροι,
971 4020 1024 4074 οἱ
1051 4021 1108 4073 ἐν
1136 4023 1202 4092 τῇ
1234 4021 1444 4092 Παλαιᾷ
1475 4039 1534 4076 τε
1569 4023 1663 4076 καὶ
1705 4022 1820 4094 Νέᾳ
1861 4021 1981 4092 Θεῷ

395 4110 890 4180 εὐαρεστήσαντες,
949 4113 1045 4166 καὶ
1088 4113 1186 4182 τὴν
1237 4113 1379 4183 ὑπὲρ
1413 4114 1613 4178 παντὸς
1643 4115 1737 4169 τοῦ
1769 4117 1978 4187 κόσμου

393 4203 474 4274 τῷ
513 4203 903 4270 σφαγιασθέντι
962 4203 1148 4276 Ἀμνῷ
1204 4205 1298 4259 τοῦ
1334 4205 1470 4260 Θεοῦ
1504 4209 1597 4260 καὶ
1646 4209 1980 4279 ἀγοράσαντι

397 4296 543 4364 ἡμᾶς
578 4295 903 4366 εὐαρεστίαν
956 4297 1348 4368 προσάγοντες.
1379 4296 1565 4365 lianc-i1
1605 4299 1661 4352 δὲ
1689 4297 1801 4372 [ἡ]
1831 4299 1976 4367 ᾠδὴ,

395 4387 465 4457 ῆν
502 4388 600 4456 τῆς
645 4387 1004 4459 παλαιότητος
1052 4389 1146 4442 τοῦ
1200 4390 1529 4461 γράμματος
1573 4391 1980 4458 ἀπαλλαγέντες

396 4481 448 4532 οἱ
493 4482 559 4532 ἐκ
608 4481 789 4550 πάσης
843 4480 1016 4551 φυλῆς
1052 4481 1143 4534 καὶ
1182 4480 1435 4549 γλώσσης
1467 4481 1976 4549 καταυγασοέντες,

397 4571 549 4642 ᾄδειν
597 4571 956 4642 ἐδιδάχθημεν
998 4571 1088 4625 διὰ
1135 4572 1228 4626 τοῦ
1261 4573 1601 4642 Πνεύματος.
1639 4573 1748 4642 Τῆς
1779 4573 1884 4642 γῆς
1922 4572 1978 4625 δὲ

2082 2019 2269 2072 throno
2316 2019 2546 2086 librum;
2589 2033 2639 2076 et
2679 2039 2796 2076 cum
2826 2027 3119 2093 aperuisset
3161 2027 3386 2094 librum,
3441 2041 3672 2101 quatuor

2078 2111 2340 2164 animalia
2355 2123 2402 2164 et
2427 2113 2856 2183 vigintiquatuor
2879 2117 3107 2170 seniores
3129 2120 3469 2185 prociderunt
3493 2139 3672 2176 coram

2079 2202 2250 2271 Agno,
2305 2201 2553 2254 habentes
2591 2205 2792 2272 singuli
2832 2206 3070 2260 citharas
3093 2247 3108 2270 ,
3137 2217 3187 2260 et
3229 2209 3440 2276 phialas
3477 2227 3670 2266 aureas

2079 2291 2260 2359 plenas
2307 2293 2806 2359 odoramcntarum,
2835 2311 2951 2364 qua:
2998 2306 3121 2349 sunt
3156 2300 3421 2353 orationes
3457 2311 3664 2354 sancto-

2080 2399 2219 2436 rum.

2153 2561 2390 2616 Cithara
2420 2562 2748 2617 concinnam
2781 2578 3059 2635 suaveque
3087 2577 3378 2623 sonantem
3414 2569 3506 2624 Dei
3547 2571 3668 2626 lau-

2083 2653 2207 2707 dem
2235 2695 2250 2719 ,
2285 2669 2583 2724 rerumque
2622 2655 2932 2710 divinarum
2977 2657 3403 2714 celebrationem
3444 2661 3673 2717 demon-

2085 2755 2261 2800 strant
2304 2763 2318 2800 :
2369 2747 2719 2815 thymiamata
2777 2758 2958 2804 autem
3015 2751 3382 2819 beneolentia,
3456 2753 3669 2809 sacriﬁ-

2084 2837 2230 2891 cium
2262 2839 2405 2907 quod
2443 2838 2629 2893 lideles
2658 2856 2753 2910 per
2784 2840 2908 2895 vita:
2934 2843 3317 2897 castimoniam
3355 2853 3409 2900 et
3447 2845 3676 2913 integri-

2089 2937 2250 2982 tatem
2271 2929 2384 2984 Deo
2407 2929 2644 2986 oll‘erunt
2667 2948 2681 2985 :
2714 2931 2820 2986 huc
2843 2933 2986 2986 enim
3007 2943 3218 3002 spectat
3240 2935 3370 2989 illud
3393 2935 3671 3004 Apostoli:

2088 3023 2290 3076 Christi
2336 3022 2503 3077 bonus
2554 3023 2686 3076 odor
2735 3039 2920 3078 sumus
2951 3025 3043 3077 “:
3091 3026 3290 3094 phiala:
3339 3041 3503 3088 vero,
3558 3027 3677 3096 pias

2087 3121 2376 3182 castasque
2400 3113 2764 3182 cogitationes
2794 3131 2808 3167 :
2838 3114 2965 3168 hinc
2990 3129 3228 3184 namque
3249 3114 3516 3169 bonorum
3546 3131 3678 3185 ope-

2091 3220 2213 3259 rum
2239 3204 2558 3275 fragrantia,
2587 3220 2834 3275 puraque
2855 3215 2911 3261 et
2943 3215 3094 3262 casta
3124 3207 3369 3276 precatio
3391 3207 3676 3264 dimanarc

471 3377 575 3432 Kal
615 3376 873 3444 ᾄδουσιν
903 3377 1123 3446 καινὴν
1159 3377 1324 3446 ᾠδὴν
1354 3345 1668 3448 λέγοντες·
1703 3379 1900 3448 Ἄξιος
1928 3377 1979 3436 si

2084 3306 2389 3352 consuevit.
2429 3341 2432 3344 .

2159 3388 2224 3449 ν,
2259 3391 2313 3449 9.
2343 3390 2429 3445 l0.

2159 3388 2224 3454 ν,
2259 3391 2313 3456 9,
2343 3390 2429 3445 l0.
2468 3390 2536 3444 Et
2567 3389 2852 3444 cantabant
2879 3390 3144 3445 canticum
3165 3376 3629 3466 novumpdicentes
3653 3411 3674 3450 :

2089 3480 2292 3550 Dignus
2319 3497 2396 3545 es,
2428 3479 2664 3545 Domine,
2691 3480 2924 3548 accipere
2941 3480 3158 3543 librum,
3187 3491 3236 3535 et
3260 3484 3468 3550 aperire
3497 3485 3674 3555 signa-

2085 3571 2207 3623 cula
2246 3572 2404 3640 ejus;
2433 3571 2684 3640 quoniam
2711 3569 2912 3624 occisus
2943 3585 3019 3635 es,
3049 3579 3100 3624 et
3131 3572 3401 3626 redemisti
3431 3587 3526 3626 nos
3565 3571 3676 3628 Deo

2085 3663 2142 3716 in
2173 3661 2431 3730 sanguine
2456 3669 2567 3724 tuo,
2599 3675 2665 3713 ea:
2697 3661 2840 3713 omni
2871 3660 3037 3727 tribu,
3066 3671 3117 3714 et
3150 3661 3358 3731 lingua,
3386 3674 3434 3716 et
3458 3662 3673 3732 populo,

2083 3765 2134 3809 et
2180 3754 2429 3819 natione;
2473 3764 2523 3805 et
2557 3752 2730 3822 fecisti
2763 3768 2856 3805 uos
2891 3751 3001 3805 Deo
3032 3763 3216 3806 nostro
3246 3769 3463 3822 regnum
3499 3763 3549 3809 et
3583 3771 3676 3809 sa-

2085 3843 2349 3908 cerdotes;
2378 3854 2426 3898 et
2459 3842 2792 3913 regnabimus
2822 3859 2979 3912 super
3007 3852 3223 3897 terram.

2156 4025 2257 4080 Per
2289 4024 2407 4080 haec
2433 4023 2746 4080 ostenditur
2787 4024 3032 4079 seniores
3055 4023 3211 4092 illos,
3241 4025 3476 4084 eximios
3506 4040 3678 4096 quos-

2083 4118 2209 4175 dam
2265 4115 2738 4185 praecellontisque
2800 4115 3112 4171 sanctitatis
3170 4115 3320 4170 viros
3374 4129 3527 4181 esse;
3576 4117 3673 4185 qui

2083 4208 2280 4278 partim
2317 4207 2372 4261 iu
2403 4205 2603 4272 Veteri,
2640 4205 2837 4276 partim
2875 4204 2931 4258 in
2963 4204 3119 4259 Novo
3164 4202 3520 4262 Testamento
3560 4204 3676 4262 Deo

2083 4312 2195 4367 pra:
2249 4301 2467 4354 caeteris
2521 4298 2879 4366 placuerunt;
2936 4295 3145 4365 quique
3203 4296 3340 4352 adeo
3391 4296 3674 4354 communi

2082 4388 2328 4446 omnium
2369 4388 2592 4443 nomine
2623 4389 2778 4454 Agno
2807 4386 2927 4450 Dei,
2965 4385 3060 4456 qui
3110 4401 3211 4455 pro
3259 4387 3430 4440 totius
3481 4385 3674 4443 mundi

2083 4480 2260 4534 salute
2294 4478 2608 4533 immolatus
2628 4485 2738 4540 est,
2757 4491 2969 4547 suoque
2994 4491 3097 4532 nos
3123 4476 3394 4546 sanguine
3417 4477 3674 4542 redemit,

2081 4572 2345 4628 continuo
2372 4572 2578 4640 gratias
2621 4577 2811 4640 agunt.
2843 4566 3053 4624 Nouum
3098 4577 3282 4624 autem
3317 4569 3422 4625 hoc
3459 4585 3675 4624 carmen

400 4662 718 4733 βασιλεῦσαι
746 4663 971 4724 τούτους
1021 4663 1158 4733 φησὶ
1195 4663 1290 4732 τῆς
1322 4662 1546 4732 καινῆς,
1599 4662 1667 4732 ἥν
1717 4664 1744 4714 ὁ
1776 4662 1979 4736 Κύριος

2087 4665 2288 4720 dicitur
2327 4682 2341 4718 :
2376 4664 2646 4733 siquidem
2692 4679 2761 4718 es
2799 4662 2950 4716 omni
2977 4662 3120 4717 tribu
3147 4672 3202 4718 et
3232 4662 3415 4734 lingua
3442 4663 3512 4719 ad
3549 4662 3676 4722 ﬁdei

396 4754 512 4815 τοῖς
542 4753 772 4823 πραέσιν
799 4753 1187 4823 ἐπηγγείλατο.

2094 4755 2278 4812 lumen
2313 4755 2513 4822 vocati,
2545 4763 2604 4811 et
2633 4769 2664 4808 a
2695 4753 2891 4810 litterae
2925 4762 3197 4809 vetustate
3231 4755 3480 4820 liberati,
3515 4755 3676 4811 dein-

400 4861 529 4914 ceps
570 4860 666 4915 per
698 4843 958 4914 Spiritum
991 4859 1188 4899 canere
1224 4843 1401 4899 cdocti
1448 4858 1664 4920 sumus.
1718 4841 2002 4916 Ejusmodi
2059 4855 2244 4902 autem
2312 4855 2475 4904 terrae
2545 4845 2886 4902 dominaturi
2939 4844 3338 4912 praedicantur;
3393 4860 3504 4900 non
3548 4845 3677 4900 huic

400 4956 601 5011 crassa:
633 4949 684 4994 et
724 4941 1054 5009 caliginosae,
1091 4939 1186 4994 sed
1219 4955 1373 4994 nova:
1408 4939 1482 4994 illi
1520 4955 1685 5009 quam
1722 4941 1986 4996 Dominus
2020 4943 2248 4999 mitibus
2281 4960 2341 5000 se
2375 4946 2635 5000 daturum
2677 4944 2949 5014 promisit.

472 5033 578 5086 Kal
637 5028 822 5097 εἶδον,
873 5033 972 5085 καὶ
1031 5031 1273 5100 ἤκουσα
1325 5032 1405 5097 ὡς
1459 5030 1666 5100 φωνῆς
1709 5031 1983 5101 ἀγγέλων

400 5126 649 5182 πολλῶν
680 5129 884 5192 κύκλῳ
916 5127 1023 5182 τοῦ
1048 5129 1265 5196 θρόνου
1295 5127 1392 5181 καὶ
1419 5125 1538 5181 τῶν
1566 5125 1723 5187 ζώων
1749 5128 1847 5181 και
1867 5126 1986 5181 τῶν

402 5220 840 5288 πρεσϐυτέρων
879 5219 979 5274 καὶ
1008 5216 1088 5290 ἦν
1138 5224 1168 5275 ό
1199 5221 1444 5290 ἀριθμὸς
1477 5219 1680 5274 αὐτῶν
1697 5219 1985 5289 μυριάδες

394 5314 719 5384 μυριάδων,
746 5317 843 5370 καὶ
871 5316 1138 5386 χιλιάδες
1167 5316 1475 5384 χιλιάδων,
1506 5316 1791 5386 λέγοντες
1813 5317 1985 5387 φωνῇ

395 5407 659 5475 μεγάλῃ·
696 5409 906 5473 Ἀξιόν
951 5409 1078 5463 ἐστι
1113 5409 1180 5461 τὸ
1226 5409 1462 5475 Ἀρνίον
1505 5411 1567 5462 τὸ
1601 5409 1988 5478 ἐσφαγμένον

399 5498 608 5552 λαϐεῖν
642 5498 758 5568 τὴν
783 5500 1042 5570 δύναμιν
1073 5501 1171 5556 καὶ
1201 5501 1472 5556 πλοῦτον
1503 5503 1602 5555 καὶ
1629 5505 1857 5570 σοφίαν
1887 5503 1986 5554 καὶ

403 5590 587 5658 ἐσχὺν
614 5592 710 5646 καὶ
729 5593 907 5662 τιμὴν
925 5594 1021 5647 καὶ
1044 5593 1234 5659 δόξαν
1259 5594 1356 5648 καὶ
1383 5591 1508 5648 πᾶν
1522 5595 1743 5664 κτίσμα
1765 5593 1798 5648 ὅ
1817 5594 1989 5648 ἐστιν

475 5750 516 5780 ¹⁹
544 5749 587 5804 ll
612 5748 740 5805 Cor.
772 5763 834 5808 ιι.
876 5748 960 5802 l5.

2163 5035 2230 5101 V,
2263 5038 2381 5091 ll-l
2393 5038 2449 5091 5.
2479 5035 2548 5090 Et
2580 5037 2712 5099 vidi,
2739 5045 2789 5090 et
2814 5035 2992 5088 audiui
3012 5050 3186 5088 vocent
3209 5031 3516 5103 angelorum
3542 5034 3678 5086 mul-

2089 5138 2262 5183 torum
2287 5131 2342 5184 in
2373 5130 2595 5182 circuitu
2625 5128 2822 5190 throni,
2851 5137 2900 5182 et
2926 5126 3265 5192 animalium,
3295 5134 3345 5178 et
3375 5124 3674 5190 seniorum;

2089 5233 2138 5276 et
2167 5232 2282 5277 erat
2303 5237 2552 5276 numerus
2573 5236 2752 5275 eorum
2777 5219 2949 5274 millia
2977 5218 3224 5281 millium,
3247 5216 3533 5269 dicentium
3557 5232 3678 5271 race

2089 5333 2281 5386 magna
2314 5330 2332 5368 :
2368 5313 2569 5384 Dignus
2601 5322 2680 5365 est
2717 5314 2921 5382 Agnus,
2954 5311 3045 5381 qui
3075 5310 3279 5363 occisus
3309 5317 3409 5371 est,
3443 5309 3676 5376 accipere

2089 5409 2331 5462 uirtutem
2347 5418 2398 5461 et
2420 5406 2775 5467 divinitatem,
2797 5414 2845 5459 et
2861 5405 3198 5472 sapientiam,
3215 5409 3264 5454 et
3278 5399 3646 5469 fortitudine»:
3658 5444 3673 5464 ,

2088 5511 2137 5555 et
2166 5500 2443 5565 honorem,
2465 5507 2514 5552 et
2535 5497 2786 5567 gloriam,
2815 5506 2862 5548 et
2898 5495 3331 5548 benedictionem.
3364 5489 3434 5546 Et
3467 5509 3673 5547 omnem

2090 5603 2428 5658 creaturam,
2463 5606 2582 5660 qute
2607 5591 2662 5644 in
2696 5587 2824 5642 calo
2857 5596 2956 5654 est,
2987 5597 3034 5640 et
3060 5600 3217 5655 super
3246 5595 3466 5654 terram,
3502 5597 3553 5641 et
3581 5585 3674 5639 sub
