4070 6418
407 360 515 421 2G3

1582 343 1908 405 ANDREE
1946 336 2459 399 C/ESARIENSIS

3569 335 3679 397 σοι

408 485 571 535 terra,
599 478 646 523 et
671 482 787 537 qua:
820 474 937 519 sunt
966 465 1021 516 in
1054 462 1212 526 mari,
1247 468 1293 513 ct
1319 475 1433 529 qua:
1467 475 1525 516 in
1589 475 1649 523 o,
1682 472 1857 509 omnes
1898 472 1998 505 au-

2110 452 2171 502 ἐν
2196 448 2275 514 τῷ
2306 444 2552 515 οὐρανῷ
2575 444 2670 499 καὶ
2700 443 2799 497 ἐπὶ
2826 444 2937 512 τῆς
2966 443 3100 511 τῆς,
3132 444 3230 497 καὶ
3262 446 3541 499 ὑποκάτω
3570 445 3680 512 τῆς

388 564 516 615 .diui
547 560 776 613 dicentes
809 556 1005 610 sedenti
1043 556 1099 606 in
1149 554 1357 615 throno,
1389 562 1438 605 et
1472 552 1655 620 Agna:
1691 548 1798 617 23
1828 544 1993 599 Baic-

408 654 595 716 dictio,
628 658 675 703 et
705 649 891 712 honor,
922 656 971 700 et
998 646 1166 716 gloria
1187 682 1202 709 ,
1235 654 1283 698 et
1323 654 1552 712 potestas
1584 644 1636 693 in
1663 640 1861 695 sarcula
1892 653 1994 691 sa:—

412 743 672 796 culorum.
698 738 881 792 Amen.

479 912 563 965 Ab
590 909 865 972 omnibus,
897 907 1010 961 sive
1036 921 1100 960 ea
1128 906 1317 959 vivant
1340 945 1355 969 ,
1391 906 1507 960 sive
1530 903 1858 973 intelligant,
1884 901 2000 955 sive

410 1002 602 1072 quovis
633 1001 741 1055 alio
773 999 937 1053 modo
966 998 1259 1063 exsistant,
1290 996 1432 1051 Deus
1461 1005 1717 1063 tanquam
1750 994 1997 1047 oninium

412 1093 740 1161 principium
768 1100 821 1143 et
866 1104 1035 1144 causa
1076 1088 1330 1143 laudatur
1382 1097 1437 1142 et
1480 1085 1862 1156 gloriﬁcatur:
1900 1097 2001 1138 nec

413 1197 518 1235 non
566 1179 882 1248 unigenitus
908 1189 963 1234 et
993 1178 1484 1234 consubstantialis
1513 1175 1759 1247 ejusdem
1788 1175 1960 1230 Filius
1985 1190 1999 1238 ;

411 1272 505 1340 qui
536 1271 745 1324 homini
779 1270 988 1339 totique
1020 1279 1290 1324 creatura:
1312 1309 1327 1333 ,
1360 1282 1477 1337 qua:
1524 1282 1617 1336 per
1650 1266 1829 1335 ipsum
1860 1266 1999 1319 facta

414 1372 519 1425 est,
569 1362 866 1415 novitatem
910 1361 1217 1429 imper-titus
1263 1370 1366 1413 est.
1405 1357 1517 1412 Etsi
1559 1356 1776 1412 interim
1812 1371 2003 1411 secun-

413 1451 540 1505 dum
578 1461 831 1505 naturam
866 1460 1225 1519 assumptam,
1257 1460 1516 1519 tanquam
1538 1449 1728 1512 homo,
1764 1455 2004 1515 potesta-

419 1551 524 1593 tem
578 1538 631 1592 in
665 1555 727 1593 ea
760 1554 883 1609 qua:
917 1549 1047 1595 sunt
1076 1539 1132 1593 in
1164 1538 1304 1593 cmlo
1333 1548 1386 1594 et
1425 1538 1480 1593 in
1522 1547 1687 1605 terra,
1719 1537 1999 1607 accepisse

418 1633 714 1688 scribatur.

492 1720 553 1785 V,
589 1722 676 1775 M.
711 1718 779 1773 Et
804 1730 1032 1790 quatuor
1057 1721 1315 1774 animalia
1347 1720 1589 1774 dicebant
1616 1720 1819 1781 Amen;
1846 1728 1893 1772 et
1930 1718 2005 1772 oiv

2093 540 2238 608 γῆς·
2289 538 2387 591 καί
2412 538 2510 591 ἐπὶ
2557 536 2669 603 τῆς
2698 535 3018 603 θαλάσσης
3051 534 3127 607 [ἃ
3149 537 3281 590 ἐστι
3306 536 3324 607 ]
3353 537 3454 590 καὶ
3498 538 3579 592 τὰ.
3613 538 3688 593 ἐν

2096 630 2302 695 αὐτοῖς
2320 628 2517 681 πάντα
2536 644 2549 658 ·
2575 627 2833 696 λέγοντα
2853 626 2932 690 τῷ
2960 627 3275 696 καθημένῳ
3293 628 3391 681 ἐπὶ
3424 628 3532 681 τοῦ
3554 634 3693 697 θρό-

2101 739 2212 775 νου
2240 721 2339 774 καί
2374 719 2455 783 τῷ
2504 720 2714 786 Ἀρνίῳ
2734 734 2747 748 ·
2794 718 2857 772 Ἠ
2887 719 3136 788 εὐλογία
3178 720 3276 772 καὶ
3316 721 3355 787 ἡ
3384 719 3557 787 δόξα,
3588 723 3689 774 καὶ

2097 813 2167 864 τὸ
2191 808 2408 878 κράτος
2437 810 2526 872 εις
2574 807 2721 873 τοὺς
2746 805 2968 873 αἰῶνας
2992 806 3111 861 τῶν
3136 807 3388 862 αἰώνων.
3433 810 3645 878 Ἀμήν,

2171 901 2190 971 [
2217 901 2327 956 Καὶ
2360 900 2598 968 ἡκουσα
2620 899 2702 965 ώς
2728 898 2930 968 φωνῆς
2954 899 3229 969 ἀγγέλων
3271 901 3543 967 πολλῶν,
3588 903 3691 955 καὶ

2100 994 2222 1047 τῶν
2248 992 2427 1059 ζώων,
2458 992 2553 1046 καὶ
2586 991 2705 1045 τῶν
2736 991 3175 1059 πρεσϐυτέρων.
3204 991 3298 1063 -]
3338 993 3436 1047 Ἐκ
3464 994 3689 1048 πάντων

2101 1085 2210 1152 γὰρ
2252 1082 2361 1135 τῶν
2406 1098 2466 1134 τε
2497 1080 2728 1149 νοητῶν,
2760 1079 2872 1133 τῶν
2903 1096 2963 1132 τε
2994 1079 3294 1149 αἰσθητῶν,
3324 1079 3435 1131 τῶν
3466 1095 3526 1132 τε
3555 1080 3694 1144 ζών-

2100 1192 2230 1239 των,
2274 1175 2384 1227 τῶν
2427 1190 2487 1227 τε
2516 1172 2702 1234 ἁπλῶς
2748 1170 2940 1234 ὄντων,
2987 1173 3238 1238 φυσικοῖς
3268 1170 3449 1238 λόγοις
3485 1171 3513 1223 ὁ
3558 1171 3695 1233 Θεὸς

2102 1266 2423 1331 δοξάζεται,
2469 1265 2544 1326 ὡς
2597 1264 2817 1317 πάντων
2865 1262 3259 1331 γενεσιάρχης·
3302 1263 3397 1315 καὶ⁵
3433 1264 3461 1314 ὀ
3497 1262 3690 1315 τούτου

2108 1358 2405 1431 μονογενὴς
2437 1357 2531 1409 καὶ
2560 1354 2843 1425 ὁμοούσιος
2870 1354 3019 1418 Υἱὸς,
3052 1354 3128 1415 ώς
3150 1355 3249 1424 τὴν
3287 1354 3582 1424 καινότητα
3610 1349 3690 1422 τῷ

2104 1449 2378 1520 ἀνθρώπῳ
2402 1448 2497 1502 καὶ
2524 1446 2712 1517 τὴνιδΰ
2738 1445 2902 1499 αὑτοῦ
2934 1447 3309 1515 γεγενημένην
3341 1446 3690 1498 ἁνακαίνισιν

2104 1541 2485 1612 χαριζόμενος,
2515 1540 2563 1591 εἱ
2589 1538 2683 1589 καὶ
2707 1536 2891 1591 λαϐεῖν
2917 1535 3025 1588 τῶν
3061 1538 3121 1589 ἐν
3167 1526 3415 1603 οῦρανοῖς
3443 1535 3538 1588 καὶ
3583 1534 3692 1588 τῶν

2106 1633 2367 1699 ἐπιγείων
2399 1636 2498 1700 τὴν
2531 1629 2788 1694 ὲξουσίαν
2814 1626 2889 1690 ὡς
2917 1628 3201 1697 ἄνθρωπος
3224 1628 3559 1698 γέγραπται.

2178 1724 2291 1777 Καὶ
2344 1722 2415 1775 τὰ
2455 1722 2725 1788 τέσσαρα
2775 1718 2889 1779 ζῶα
2932 1717 3147 1787 ἔλεγον
3206 1719 3415 1788 Ἀμήν·
3480 1719 3578 1773 καὶ
3637 1722 3694 1776 οἱ

418 1814 549 1882 ginti
580 1823 808 1880 quatuor
832 1813 1061 1865 seniores
1113 1812 1408 1865 Ceciderunt
1459 1813 1511 1864 in
1558 1811 1721 1880 facies
1768 1827 1914 1876 suas,
1955 1820 2003 1863 et

2110 1818 2497 1885 πρεσϐύτεροι
2523 1815 2754 1868 ἔπεσαν
2782 1814 2879 1865 καὶ
2904 1812 3401 1881 προσεκύνησαν.

418 1905 774 1957 adoraverunt
799 1904 1048 1957 viventem
1080 1904 1135 1955 in
1167 1902 1360 1957 swcula
1388 1902 1723 1955 surculorum.

492 1994 557 2048 Et
586 1995 713 2048 hinc
734 2009 953 2063 quoque
976 1993 1386 2048 demonstratur
1408 2009 1501 2062 per
1522 1992 1706 2047 Jesum
1728 1991 2005 2046 Christum

424 2085 590 2137 Deum
622 2092 675 2136 et
706 2083 997 2137 Dominum
1027 2094 1303 2145 nostrum,
1336 2085 1425 2152 qui
1453 2084 1666 2138 divulsa
1698 2082 2005 2152 conjunxit.

425 2176 779 2244 tnacet'iteque
811 2175 1165 2229 interstitium
1202 2175 1486 2240 dissolvit,
1526 2190 1694 2228 unum
1728 2190 1797 2228 ex
1824 2175 2006 2227 omni-

422 2266 525 2322 bus
556 2266 874 2321 hominibus
896 2266 1057 2330 ovile,
1087 2274 1140 2321 et
1166 2280 1326 2318 unam
1353 2280 1575 2319 rursum
1602 2280 1667 2320 cs
1694 2263 2009 2319 hominibus

420 2365 474 2411 et
497 2356 705 2424 angelis
739 2352 1037 2411 Ecclesiam
1073 2354 1277 2410 factam
1304 2369 1447 2409 esse.
1483 2353 1623 2409 Ecce
1652 2355 1798 2409 enim
1832 2355 2010 2425 vigin-

424 2447 464 2500 ti
490 2454 729 2516 quatuor
754 2447 1021 2509 scniores,
1044 2460 1139 2516 per
1158 2460 1298 2516 quos
1322 2444 1709 2499 salvandorum
1734 2445 2011 2516 plenitudo

422 2538 819 2604 adumbratur,
851 2538 1001 2609 digni
1035 2538 1138 2592 hoc
1168 2537 1289 2591 loco
1329 2538 1713 2606 praedicantur,
1757 2538 1851 2608 qui
1878 2552 2011 2594 con-

422 2646 559 2687 sona
602 2646 737 2687 voce
765 2645 889 2686 cum
925 2640 1163 2700 quatuor
1198 2628 1444 2696 mysticis
1483 2629 1851 2697 animalibus,
1889 2645 2012 2700 quae

425 2720 569 2775 inter
594 2731 823 2775 caeteros
854 2718 1077 2789 angelos
1110 2718 1408 2788 primatum
1442 2727 1648 2784 tenent,
1685 2720 1853 2774 Deum
1886 2720 2009 2775 lau-

424 2810 556 2865 dent
591 2819 646 2865 et
675 2811 926 2865 adorent.
964 2809 1079 2874 Quo
1115 2809 1451 2866 laudationis
1487 2825 1716 2865 munere
1745 2826 1846 2866 nos
1874 2826 2014 2881 quo-

424 2917 533 2971 que
584 2902 639 2955 in
692 2901 811 2972 ipso
848 2900 1066 2955 Christo
1118 2900 1230 2955 Deo
1283 2910 1474 2957 nostro
1513 2902 1777 2973 pacisque
1823 2903 2014 2960 datore

425 2994 573 3063 digni
612 2993 942 3058 habeamur,
979 3008 1103 3045 cum
1147 3007 1258 3062 quo
1289 2992 1459 3059 Patri,
1494 3009 1602 3051 una
1644 3009 1770 3052 cum
1803 2994 2011 3065 Spiritu

427 3094 639 3151 sancto,
670 3087 741 3142 sit
767 3085 963 3155 gloria,
998 3086 1288 3154 imperium
1320 3093 1375 3139 et
1399 3086 1765 3156 honorgnnnc
1793 3097 1846 3143 et
1866 3102 2010 3144 sem-

426 3192 543 3246 per,
575 3186 630 3232 et
659 3177 715 3231 in
747 3177 959 3231 inﬁnita
990 3178 1186 3234 saecula
1221 3179 1567 3235 saeculorum.
1600 3180 1796 3235 Amen.

836 3288 1066 3346 CAPUT
1101 3289 1237 3344 XIII.
1283 3289 1516 3345 SERMO
1558 3290 1623 3346 V.

426 3398 637 3455 Salutio
674 3402 833 3469 primi
876 3401 1087 3471 sigilli;
1132 3419 1225 3472 per
1280 3420 1440 3473 quant
1486 3404 1851 3475 apostolorum
1906 3406 2008 3461 do-

927 3475 1102 3527 ctrina
1132 3475 1461 3544 designatur.

499 3579 590 3647 Vl,
634 3581 687 3634 i.
734 3580 803 3633 Et
840 3582 947 3635 vidi
979 3585 1118 3651 quod
1168 3585 1455 3651 aperuisset
1505 3587 1683 3655 Agnus
1734 3604 1899 3641 unum
1948 3590 2011 3643 de

430 3681 623 3753 septem
648 3672 859 3740 sigillis.
907 3672 976 3725 Et
1005 3674 1187 3726 audivi
1217 3690 1380 3726 unum
1405 3675 1469 3729 de
1495 3686 1724 3744 quatuor
1763 3679 2012 3731 animali-

431 3761 557 3827 bus,
596 3762 798 3829 dicens,
827 3772 1079 3833 tanquam
1108 3780 1282 3819 vocem
1314 3768 1533 3820 tonitrui
1564 3780 1585 3819 .'
1625 3769 1751 3824 Veni
1788 3786 1837 3825 et
1877 3772 2009 3826 vide.

505 3937 582 3991 Ex
611 3939 848 3993 hocloco
873 3938 1201 3993 concinnum
1228 3956 1411 3995 rerum
1434 3942 1737 3998 cwlestium
1764 3944 2012 4000 ordinem

433 4042 765 4099 cognoscere
814 4031 938 4084 licet
986 4048 1000 4085 :
1048 4032 1318 4100 siquidem
1370 4047 1435 4087 ex
1487 4036 1675 4102 primis
1729 4038 2015 4091 ordinibus

435 4120 640 4176 scnsim
670 4122 728 4173 tit
759 4121 961 4188 gradus
996 4121 1063 4174 ad
1106 4121 1243 4175 alios
1288 4122 1595 4177 inferiores.
1638 4123 1740 4178 Per
1782 4126 2012 4194 primam

436 4211 621 4280 itaque
663 4208 1121 4279 quadriformium
1168 4211 1489 4266 animalium
1542 4212 1775 4280 faciem,
1819 4229 2015 4284 nempe

433 4301 682 4365 Leonem,
712 4302 941 4370 primam
968 4316 1154 4356 vocem
1188 4301 1388 4357 laetam
1417 4303 1624 4357 audivit
1646 4305 2012 4375 evangelista;

436 4409 558 4463 qua:
590 4392 783 4464 angelo
808 4394 899 4463 qui
930 4393 1329 4462 mnigmaticam
1357 4394 1621 4448 visionem
1648 4394 2014 4464 imprimebat,

432 4485 886 4540 demandabatuti
913 4485 1114 4538 veniret
1141 4494 1192 4539 et
1221 4487 1447 4540 videret.
1475 4485 1740 4539 Caeterum
1772 4488 2007 4555 primum
2038 4478 2089 4535 D

439 4578 540 4628 hoc
592 4576 790 4627 animal
822 4575 1006 4642 (quod
1040 4573 1276 4628 Leonem
1316 4590 1439 4629 esse
1488 4576 1773 4645 diximus)
1807 4576 2012 4646 regiam

437 4668 806 4736 apostolorum
839 4667 1199 4735 prudentiam,
1232 4668 1761 4736 imperterritamque
1792 4682 2014 4722 eorum-

436 4759 557 4810 dem
602 4768 793 4811 contra
832 4760 1104 4812 tlwtnones
1141 4758 1514 4811 fortitudinem
1549 4758 1859 4827 signiﬁcare
1890 4773 2015 4814 cre-

434 4846 603 4897 ditur.
639 4843 756 4899 Huc
781 4847 925 4899 enim
950 4846 1154 4901 dictum
1182 4847 1343 4913 illud,
1376 4846 1510 4901 Ecce
1532 4864 1674 4917 roges
1712 4858 1865 4903 terra
1892 4865 2015 4902 con-

441 4937 643 5006 gregali
704 4938 893 4990 sunt“
945 4957 957 4993 :
996 4948 1049 4991 et
1096 4938 1228 4991 illud
1275 4953 1527 5005 rursum,
1581 4940 1881 4994 Constitues
1924 4956 2009 4995 eos

440 5033 699 5102 principes
740 5048 894 5097 super
921 5047 1123 5085 onmem
1154 5040 1346 5084 terram
1374 5034 1435 5095 ιι,
1468 5034 1741 5101 pertinere
1775 5034 2009 5089 videtur.

514 5124 603 5190 Vl,
637 5127 690 5179 Ξ.
728 5125 795 5178 Et
832 5127 969 5189 vidi;
1008 5136 1056 5179 et
1082 5143 1196 5180 ecce
1224 5143 1384 5195 equus
1416 5127 1589 5188 albus,
1616 5139 1662 5180 et
1686 5130 1773 5196 qui
1801 5128 2010 5182 sedebat

2181 1995 2279 2048 Διὰ
2305 1993 2362 2047 δὲ
2391 1995 2498 2047 τῶν
2543 1994 2823 2063 τεσσάρων
2856 1991 3010 2055 ζώων
3039 1992 3134 2045 καὶ
3162 1991 3272 2045 τῶν
3302 1992 3694 2063 πρεσϐυτέρων

2108 2088 2383 2140 δείκνυται
2411 2085 2509 2155 μία
2533 2084 2760 2154 ποίμνη,
2786 2085 2883 2137 καὶ
2912 2085 3013 2154 μία
3051 2084 3346 2153 Ἐκκλησία
3368 2085 3694 2154 γεγενῆσθαι

2108 2178 2359 2245 ἀγγέλων
2410 2177 2506 2229 καὶ
2539 2176 2869 2247 ἀνθρώπων,
2918 2175 3007 2228 διὰ
3029 2175 3269 2245 Χριστοῦ
3295 2176 3387 2229 τοῦ
3416 2175 3573 2242 Θεοῦ,
3597 2177 3694 2230 τοῦ

2109 2268 2176 2319 τὰ
2225 2266 2489 2320 διεστῶτα
2543 2265 2905 2333 συνάψαντος,
2955 2268 3050 2317 καί
3103 2265 3164 2317 τὸ
3227 2266 3546 2336 μεσότοιχον
3598 2266 3693 2321 τοῦ

2111 2356 2368 2427 φραγμοῦ
2390 2354 2673 2419 λύσαντος*
2702 2356 2811 2410 ἰδοὺ
2841 2355 2974 2428 γὰρ,
3005 2356 3080 2420 ώς
3106 2357 3444 2427 ἀκηκόαμεν,
3472 2358 3567 2409 σὺν
3583 2360 3693 2422 τοῖς

2110 2449 2373 2519 τέσσαρσι
2413 2448 2575 2511 ζώοις
2608 2449 2721 2510 τοῖς
2789 2448 2899 2499 τῶν
2932 2446 3134 2499 λοιπῶν
3166 2446 3473 2515 ἀγγελικῶν
3523 2448 3696 2519 ὑπερ-

2118 2541 2303 2613 ἐχουσι
2323 2541 2553 2607 τάξεων,
2571 2540 2665 2593 καὶ
2689 2541 2737 2593 oi
2768 2541 3255 2610 χαρακτηριστικώ
3278 2539 3372 2593 τοῦ
3395 2538 3506 2593 τῶν
3529 2540 3697 2604 σωζο-

2114 2634 2293 2706 μένων
2314 2632 2619 2704 ἀνθρώπων
2639 2631 3030 2703 πληρώματος,
3056 2632 3156 2700 τῆς
3181 2629 3274 2683 τοῦ
3306 2628 3441 2682 Θεοῦ
3475 2628 3693 2694 ἀξιοῦν-

2111 2740 2202 2776 ται
2237 2720 2509 2792 ὑμνῳδίας
2543 2737 2603 2773 τε
2650 2721 2744 2776 καὶ
2790 2720 3252 2790 προσκυνήσεως·
3309 2714 3377 2790 ἦς
3404 2718 3499 2772 κα)⁸
3532 2720 3694 2791 ἡμεῖς

2111 2812 2475 2884 ἀξιωθείημεν
2507 2814 2565 2865 ὲν
2596 2810 2743 2882 αύτῷ
2788 2809 2943 2883 [τῷ]
2978 2810 3201 2881 Χριστῷ
3240 2810 3317 2879 τῷ
3344 2812 3442 2880 τῆς
3471 2811 3695 2881 εἰρήνης

2111 2905 2302 2977 δοτῆρι
2342 2906 2437 2958 καὶ
2488 2902 2607 2974 Θεῴ
2659 2903 2846 2974 ἡμῶν·
2896 2901 3013 2969 μεθ’
3047 2896 3107 2956 οῦ
3138 2900 3215 2972 τῷ
3248 2901 3443 2972 Πατρὶ,
3476 2902 3591 2971 ἅμα
3619 2901 3697 2971 τῷ

2113 2996 2255 3070 ἁγίῳ
2301 2996 2604 3065 Πνεύματι,
2656 2996 2803 3062 δόξα,
2856 2997 3076 3064 κράτος,
3109 2996 3300 3069 lupi),
3329 2994 3425 3049 νῦν
3451 2994 3544 3050 καὶ
3572 2994 3658 3045 ἀεὶ
3678 3030 3694 3055 ,

2113 3088 2249 3159 καὶ]
2287 3089 2367 3151 είς
2392 3089 2518 3153 τοὺς
2568 3087 3036 3161 [ἀτελευτήτους]
3066 3087 3270 3153 αἰῶνας
3320 3086 3428 3141 τῶν
3460 3086 3694 3141 αἰώνων.

2125 3181 2318 3252 Ἀμήν.

2524 3294 2778 3347 ΚΕΦΑΛ.
2816 3290 2928 3362 π’.
2987 3292 3211 3346 ΛΟΓΟΣ
3244 3293 3319 3345 E'.

2115 3406 2305 3475 Λύσις
2348 3403 2458 3473 τῆς
2509 3403 2745 3475 πρώτης
2793 3401 3152 3475 σφραγῖδος,
3219 3401 3334 3468 τὴν
3370 3401 3698 3456 ἀποστολιο

2466 3475 2588 3541 κὴν
2623 3472 2883 3541 διδαχὴν
2911 3474 3327 3541 σημαίνουσα.

2184 3587 2293 3643 Καὶ
2324 3587 2489 3641 εἶδον
2518 3586 2607 3640 ὅτι
2654 3585 2862 3654 ἤνοιξε
2898 3584 2965 3637 τὸ
3004 3584 3237 3651 Ἆρνίον
3278 3583 3427 3650 μίαν
3462 3584 3532 3637 ἐκ
3579 3581 3699 3636 τῶν

2114 3679 2263 3733 ἑπτὰ
2302 3678 2685 3748 σφραγίδων·
2719 3678 2814 3731 mil
2860 3675 3100 3745 ἤκουσα
3139 3676 3278 3741 ἐνὸς
3311 3676 3379 3729 ἐκ
3406 3674 3525 3728 τῶν
3563 3693 3701 3729 τεσ-

2115 3770 2320 3840 σάρων
2367 3769 2524 3831 ζώων
2548 3768 2855 3837 λέγοντος,
2890 3769 2969 3833 ὡς
3001 3766 3206 3839 φωνῆς
3237 3766 3526 3836 βροντῆςο
3562 3770 3699 3837 Ἥρα

2115 3882 2228 3934 χου
2256 3864 2353 3917 καὶ
2382 3862 2495 3916 ἴδε.

2187 3956 2483 4010 Κάνταῦθα
2508 3958 2540 4025 ἡ
2578 3957 2687 4009 τῶν
2714 3956 2770 4007 ἐν
2804 3954 3055 4024 οὐρανοῖς
3099 3951 3319 4016 εὐταξία
3348 3953 3697 4022 σημαίνεται,

2116 4051 2181 4102 ὲκ
2223 4049 2334 4101 τῶν
2384 4048 2618 4119 πρώτων
2663 4045 2870 4111 τάξεων
2917 4044 2998 4107 είς
3034 4044 3105 4097 τὰ
3152 4043 3381 4113 δεύτερα
3434 4044 3697 4097 καταϐαί-

2116 4158 2282 4195 νουσα
2302 4156 2317 4171 ο
2349 4140 2428 4193 διὸ
2453 4138 2618 4212 [καὶ]
2658 4141 2722 4191 ὲκ
2752 4136 2844 4191 τοῦ
2880 4136 2997 4198 ἐνὸς
3028 4134 3324 4205 προσώπου
3358 4134 3466 4188 τῶν
3504 4152 3699 4205 τετρα-

2120 4231 2367 4301 μόρφων,
2413 4228 2616 4299 δηλαδὴ
2662 4226 2755 4280 τοῦ
2809 4224 3041 4286 λέοντος,
3072 4224 3170 4294 τὴν
3212 4223 3437 4295 πρώτην
3470 4225 3699 4294 γεγενῆ-

2120 4323 2242 4373 σοαι
2298 4317 2481 4388 φωνὴν
2534 4320 2760 4389 ἤκουσε,
2811 4315 3179 4383 κελευομένην
3222 4314 3305 4378 τὸ,
3344 4316 3587 4382 Ἔρχου,
3619 4315 3698 4383 τῷ

2118 4415 2217 4482 τὴν
2268 4411 2538 4464 ὀπτασίαν
2585 4408 2843 4463 τυποῦντι
2874 4408 3111 4477 ἀγγέλῳ,
3138 4407 3205 4460 δι’
3249 4406 3591 4474 αἰνίγματος.
3627 4406 3699 4457 Τὸ

2115 4506 2170 4558 δὲ
2198 4504 2412 4575 πρῶτον
2441 4502 2601 4567 ζῶον,
2622 4506 2649 4554 ὁ
2667 4500 2825 4565 λέων,
2850 4502 3139 4569 ἐμφαίνειν
3171 4515 3263 4568 μοι
3288 4497 3517 4550 δοκεῖτὸ
3544 4497 3698 4566 βασι-

2115 4598 2265 4650 λικὸν
2295 4597 2402 4649 τῶν
2446 4596 2765 4650 ἀποστόλων
2814 4593 2955 4646 κατὰ
3000 4592 3270 4662 δαιμόνων
3316 4591 3604 4661 φρόνημα,
3630 4591 3697 4643 δι’

2118 4691 2210 4753 οὓς
2236 4690 2451 4761 εἴρηται
2475 4706 2489 4720 ·
2534 4687 2683 4742 Ἰδοὺ
2714 4690 2768 4741 ol
2788 4684 3073 4750 ,βασιλεῖς
3116 4683 3227 4750 τῆς
3253 4682 3365 4751 γῆς
3393 4685 3701 4751 συνήχθη-

2116 4796 2256 4833 σαν.
2289 4778 2397 4830 Καὶ
2430 4777 2619 4829 πάλιν·
2654 4774 3071 4844 Καταστήσεις
3113 4772 3412 4843 ἄρχοντας
3447 4770 3544 4825 ἐπὶ
3584 4769 3697 4827 πᾶ-

2117 4882 2238 4919 σαν
2266 4864 2380 4934 τὴν
2406 4861 2542 4935 γῆν.

2190 5128 2298 5180 Kal
2341 5127 2503 5180 εἶδον
2520 5144 2535 5159 ο
2567 5126 2663 5179 καί
2694 5126 2821 5180 ὶδοὺ
2842 5127 3024 5189 ἵππος
3048 5124 3267 5188 λευκός
3288 5138 3302 5152 ’
3332 5122 3429 5175 καὶ
3456 5125 3488 5175 ό
3513 5122 3696 5189 καθή-

439 5235 595 5288 super
628 5219 800 5282 illam,
829 5217 1047 5271 habebat
1082 5234 1293 5285 arcum;
1324 5228 1372 5273 et
1400 5221 1528 5272 data
1555 5232 1625 5272 est
1650 5222 1696 5273 ei
1724 5237 1941 5287 corona,
1966 5229 2010 5273 ct

2112 5236 2296 5288 μενος
2317 5220 2411 5273 ἐπ’
2427 5218 2635 5282 αὑτὸν,
2661 5220 2819 5287 ἔχων
2839 5219 3041 5282 τόξον
3062 5217 3160 5270 καί
3180 5216 3356 5283 ἐδόθη
3378 5215 3537 5280 αὐτῷ
3556 5221 3695 5269 στέ-

438 5312 594 5365 exivit
624 5312 826 5364 vincens
858 5321 913 5363 ut
942 5312 1183 5365 vinceret.

506 5403 645 5458 Sunt
690 5405 780 5473 qui
813 5412 864 5457 et
897 5405 1178 5471 praesentis
1200 5443 1214 5469 ,
1262 5413 1316 5458 et
1355 5404 1691 5473 reliquorum
1739 5415 1791 5459 et
1822 5406 2005 5459 itidem

434 5509 554 5563 quae
595 5495 722 5547 hinc
768 5504 1215 5563 consequuntur,
1265 5496 1427 5564 sigilli
1473 5494 1890 5564 patefactionem
1939 5499 2005 5551 ad

434 5582 696 5638 incarnati
742 5584 900 5639 Verbi
955 5586 1314 5641 incanumiam
1360 5585 1618 5641 referant.
1670 5587 1735 5642 Et
1783 5589 2004 5660 quidem

507 5740 549 5771 “
580 5738 724 5794 Psal.
755 5758 921 5807 run,
960 5744 1013 5800 5.
1096 5746 1137 5776 ¹²
1170 5743 1313 5801 Psal.
1337 5758 1481 5809 xmv,
1514 5746 1600 5799 17.

2118 5328 2345 5381 φανος·
2412 5312 2509 5363 καὶ
2564 5310 2789 5377 ἐξῆλθε
2861 5307 3084 5373 νικῶν,
3145 5310 3243 5360 καὶ
3286 5307 3387 5359 ἵνα
3447 5306 3692 5375 νικήσῃ.

2186 5404 2296 5472 Τῆς
2345 5403 2401 5454 δὲ
2434 5401 2715 5472 παρούσης
2766 5401 3060 5471 σφραγῖδος
3109 5399 3208 5469 τὴν
3252 5397 3428 5463 λύσιν,
3460 5400 3555 5450 καὶ
3588 5400 3696 5451 τῶν

2114 5493 2240 5564 ἑξῆς
2294 5494 2543 5558 ἁπασῶν,
2587 5496 2732 5557 τινὲς
2765 5496 2846 5556 εἰς
2884 5493 2983 5564 τὴν
3011 5492 3273 5561 ἐνσαρκον
3308 5491 3402 5543 τοῦ
3431 5490 3564 5544 Θεοῦ
3597 5492 3697 5544 Λό-

2113 5604 2210 5655 γου
2256 5587 2571 5656 οἰκονομίαν
2601 5586 2985 5659 ὲξει).ἠφασιν’
3030 5585 3129 5656 τὴν
3161 5582 3428 5655 πρώτην,
3476 5586 3567 5655 ,εἰς
3599 5585 3699 5656 τὴν
