4070 6404
301 355 410 420 265

1264 349 1874 414 COMMENTARIUS
1912 351 1996 413 IN
2037 351 2569 414 APOCALYPSIN.

3459 355 3568 424 266

300 465 551 534 γένεσιν·
585 462 686 536 τὴν
710 463 994 538 δευτέραν,
1027 464 1108 529 εἰς
1151 462 1214 518 τὸ
1263 465 1547 535 βάπτισμα
1568 481 1584 496 ο
1615 464 1716 537 την
1753 465 1876 537 τρί-

1995 465 2224 536 primum
2271 481 2339 522 ex
2370 465 2458 522 his
2489 473 2738 538 septem,
2789 463 2857 521 ad
2889 463 3036 521 illius
3083 475 3266 522 ortum
3315 485 3330 523 :
3370 484 3570 526 secun-

297 573 422 628 την,
455 558 662 621 εἰςτὰς
703 558 842 625 μετά
871 557 1032 613 τοῦτο
1064 557 1418 630 θεοσημείαςο
1455 558 1555 630 τὴν
1590 559 1883 630 τετάρτην,

299 651 382 712 εἰς
407 650 508 720 τὴν
538 649 632 702 ἐπὶ
673 650 907 704 Πιλάτου
943 649 1290 722 παράστασιν
1311 665 1324 679 ·
1358 647 1460 720 τὴν
1491 649 1773 722 πέμπτην,
1805 652 1888 716 εἰς

298 738 393 792 τὸν
426 740 690 810 σταυρόν·
736 741 838 812 τὴν
867 746 940 806 ς’,
976 742 1056 804 εἰς
1084 742 1184 811 τὴν
1217 743 1274 795 ὲν
1310 739 1459 812 [τῷ]
1489 742 1735 812 μνήματι
1789 759 1888 794 κα-

298 832 555 885 τάθεσιν·
593 833 688 886 καὶ
737 833 838 904 τὴν
887 832 1147 904 ἑϐδόμην,
1196 835 1277 896 εἰς
1323 831 1423 903 τὴν
1455 833 1551 885 τοῦ
1580 831 1709 903 ᾅδου
1750 833 1888 887 σκύο

296 923 504 978 λευσιν.
549 925 744 996 Ἡμεῖς
798 925 882 992 δὲ,
937 926 1360 997 ἐντετυχηκότες
1409 924 1661 996 Μεθοδίῳ
1713 923 1887 990 οὕτως

296 1018 550 1088 εἰρηκότι
575 1019 668 1071 ἐπὶ
693 1016 928 1082 λέξεως,
963 1018 1045 1072 ὅτι
1081 1020 1161 1072 Οὐ
1189 1017 1306 1087 χρὴ
1337 1017 1446 1072 τὸν
1477 1017 1740 1087 Χριστὸν
1775 1021 1887 1074 αὺ-

295 1110 409 1162 τὸν
427 1105 580 1163 εἶναι
609 1107 870 1180 νομίζειν
907 1111 1014 1164 τὸν
1049 1110 1520 1181 γεγεννημένον·
1554 1111 1742 1165 πάλαι
1775 1111 1888 1181 γὰρ

296 1197 418 1266 πρὸ
436 1199 545 1269 τῆς
573 1201 1037 1270 Ἆποκαλύψεως
1055 1201 1445 1272 ἐπεπλήρωτο
1469 1202 1537 1256 τὸ
1548 1202 1888 1272 μυστήριον

290 1293 412 1362 τῆς
455 1294 974 1363 ὲνανθρωπήσεως
1029 1294 1138 1348 τοῦ
1201 1294 1416 1367 [Θεοῦ]
1465 1298 1684 1366 Λόγου.
1731 1297 1790 1350 ’0
1830 1296 1887 1350 δὲ

304 1379 585 1454 Ἰωάννης,
649 1385 778 1453 περὶ
837 1381 1021 1455 [τῶν]
1075 1387 1361 1455 παρόντων
1423 1386 1518 1438 καὶ
1583 1386 1887 1456 μελλόντων

292 1470 602 1544 θεσμῳδεῖ·
638 1473 767 1528 ἔνθα
799 1475 900 1546 τὴν
930 1474 1026 1528 τοῦ
1060 1475 1237 1547 πυροῦ
1269 1475 1564 1547 δράκοντος
1586 1477 1889 1542 ἀνάπτυξιν

291 1559 600 1630 ἐποιήσατο
626 1562 702 1626 ὼς
731 1563 1120 1619 ὑποτέτακται.
1154 1563 1344 1629 Οὕτως
1378 1566 1747 1637 ὲξειλήφαμεν
1786 1569 1888 1638 τὴν

291 1647 401 1720 τῆς
443 1651 665 1724 πρώτης
717 1653 1013 1725 σφραγῖδος
1061 1653 1236 1721 λύσιν,
1281 1655 1380 1726 τὴν
1421 1655 1534 1708 τῶν
1568 1657 1887 1712 ἀποστόλων

290 1742 600 1798 ἐννοεῖσθαι
624 1745 817 1812 γενεάν
837 1761 851 1776 ο
883 1745 934 1798 οἳ
963 1744 1219 1816 καθάπερ
1251 1746 1406 1814 τόξον
1434 1747 1496 1801 τὸ
1525 1747 1884 1816 εὐαγγελικὸν

291 1835 565 1907 κήρυγμα
621 1837 764 1892 κατά
808 1837 1084 1908 δαιμόνων
1135 1839 1496 1906 ὲντείναντες,
1531 1839 1611 1911 τῷ
1660 1841 1885 1913 Χριστῷ
1921 1829 1961 1884 Β

289 1928 428 1991 τοὺς
458 1929 769 2000 τρωθέντας
799 1934 912 1993 τοῖς
943 1933 1236 2002 σωτηρίοις
1265 1931 1446 2002 βέλεσι
1496 1933 1880 2002 προσήγαγον·

291 2018 569 2087 στέφανον
601 2020 886 2090 εἰληφότες
922 2023 1040 2077 ἀνθ’
1093 2019 1169 2076 ὧν
1214 2023 1302 2077 διά
1358 2018 1456 2093 τῆς
1503 2023 1761 2094 ἀληθείας
1793 2025 1884 2079 τὸν

289 2110 398 2180 τῆς
423 2111 630 2184 πλάνης
656 2115 900 2186 ἀρχηγὸν
928 2116 1188 2187 ἐνίκησαν
1207 2131 1223 2147 ·
1273 2116 1360 2169 ἐπ’
1403 2115 1579 2170 ἐλπίδι
1623 2115 1885 2188 δευτέρας

290 2201 476 2272 νίκης,
525 2203 629 2273 τῆς
681 2206 845 2277 μέχρι
901 2207 1078 2278 βιαίου
1140 2206 1375 2262 θανάτου
1436 2207 1729 2279 ὁμολογίας
1793 2208 1888 2262 τοῦ

293 2293 636 2350 Δεσποτικοῦ
672 2297 959 2369 ὀνόματος.
991 2297 1082 2352 Διὸ
1112 2300 1425 2370 γέγραπται
1445 2315 1460 2329 °
1515 2298 1771 2367 Ἔξῆλθε
1799 2317 1886 2354 νι-

293 2387 446 2456 κῶν,
499 2391 599 2446 καί
646 2393 750 2448 ἵνα
794 2393 1044 2463 νικήσῃ.
1085 2395 1284 2467 Πρώτη
1337 2396 1447 2468 γὰρ
1497 2395 1646 2467 νίκη,
1687 2397 1721 2465 ὴ
1777 2395 1886 2448 τῶν

292 2479 474 2536 ἐθνῶν
509 2484 850 2558 ἐπιστροφή·
885 2487 1117 2556 δευτέρα
1151 2486 1305 2561 [δὲ],
1341 2483 1375 2560 ἠ
1413 2487 1508 2542 τοῦ
1543 2487 1796 2560 σώματος
1819 2487 1886 2541 δι’

293 2573 472 2645 αὐτὴν
503 2575 750 2642 ἑκούσιος
775 2577 914 2649 μετά
937 2581 1212 2634 κολάσεων
1233 2580 1432 2648 ἔξοδος.

1987 559 2143 622 dum,
2177 561 2246 613 ad
2287 558 2625 629 Baptismum
2658 578 2671 615 :
2707 559 2951 625 tertium,
2980 560 3048 614 ad
3091 562 3267 632 signa,
3297 577 3421 632 quas
3445 573 3574 634 post

1990 647 2330 718 Baptismum
2364 659 2680 720 susceptum
2717 650 2953 721 patravit
2989 669 3008 708 ε
3047 661 3342 721 quartum,
3380 653 3450 708 ad
3491 653 3576 709 in-

1985 739 2192 810 justam
2242 741 2386 810 apud
2426 741 2582 795 Pilati
2632 741 2873 796 tribunal
2911 741 3318 797 accusationem
3357 761 3370 798 :
3407 743 3577 814 quin-

1991 841 2128 897 tum,
2161 831 2228 887 ad
2263 847 2482 887 crucem
2518 849 2532 884 :
2575 843 2814 897 sextum,
2850 833 2918 887 ad
2975 833 3314 904 sepulturam
3350 853 3364 889 :
3400 836 3574 906 septi-

1989 940 2178 990 mum,
2233 924 2302 979 ad
2351 923 2677 979 descensum
2743 925 2812 979 ad
2869 924 3106 990 inferos,
3163 925 3577 998 inferorumque

1991 1015 2396 1086 spuliationem.
2429 1015 2539 1071 Nos
2566 1024 2748 1070 autem
2777 1015 3032 1070 Methodii
3066 1017 3348 1072 sententiae
3383 1019 3576 1073 Iuben-

1994 1119 2074 1161 ter
2101 1108 2488 1177 astipulamur.
2525 1106 2724 1162 Scribit
2759 1107 2804 1162 is
2831 1118 3012 1162 autem
3048 1109 3100 1162 in
3134 1110 3279 1165 hunc
3307 1111 3530 1165 modum
3558 1128 3572 1165 :

1990 1198 2156 1253 Nulla
2178 1200 2458 1253 necessitas
2481 1201 2618 1269 cogit
2646 1210 2700 1253 ut
2729 1199 2838 1253 lucc
2868 1202 2937 1253 ad
2968 1200 3238 1254 Christum
3261 1201 3370 1273 24
3392 1213 3578 1256 natam

1989 1292 2248 1360 pertinere
2343 1293 2687 1358 arbitremur,
2739 1293 3001 1362 siquidem
3084 1294 3352 1347 incarnati
3421 1294 3577 1348 Verbi
3658 1345 3665 1350 _

1993 1383 2320 1452 mysterium,
2357 1383 2560 1436 dudum
2591 1392 2713 1437 ante
2757 1383 3114 1454 Apocalypsin
3138 1386 3357 1451 editam,
3396 1387 3581 1454 imple-

1993 1485 2104 1528 tum
2141 1485 2256 1528 erat
2293 1490 2312 1527 :
2341 1473 2583 1532 Joannes
2630 1489 2810 1532 autem
2841 1477 2906 1530 de
2941 1479 3307 1546 praaseutihus
3339 1481 3580 1548 olimque

1993 1565 2193 1622 futuris
2224 1567 2386 1622 verba
2418 1567 2569 1622 facit.
2600 1567 2713 1622 Hac
2748 1577 2932 1624 autem
2981 1570 3236 1641 pericopa
3261 1611 3274 1634 ,
3301 1574 3580 1642 quomodo

1991 1655 2148 1712 rufus
2177 1657 2268 1712 ille
2303 1657 2622 1728 ignitusque
2669 1657 2839 1713 draco
2869 1659 3195 1731 subjugatus
3241 1659 3441 1726 fuerit,
3483 1677 3582 1717 ex-

1991 1747 2234 1818 ponitur.
2273 1747 2442 1804 Primi
2479 1745 2711 1818 proinde
2760 1748 2921 1820 sigilli
2961 1751 3166 1806 solutio
3204 1752 3269 1807 ad
3303 1753 3573 1822 apostolo-

1993 1856 2113 1894 rum
2164 1841 2576 1912 generationem
2632 1841 2778 1896 haud
2821 1842 3172 1898 incommode
3233 1828 3580 1898 transfertur.

1993 1933 2058 1987 Hi
2091 1947 2325 2003 namque
2370 1931 2651 2005 Evangelii
2698 1934 3142 2004 praedicationem
3189 1935 3357 1990 veluti
3389 1951 3579 2001 arcum

1991 2024 2283 2081 infractum
2330 2035 2522 2081 contra
2573 2027 2852 2083 daemones
2902 2027 3286 2092 intenderunt,
3321 2029 3582 2084 salutari-

1992 2117 2206 2188 busque
2230 2115 2448 2186 sagittis
2475 2117 2794 2172 vulneratos
2818 2117 2884 2172 ad
2901 2116 3183 2173 Christum
3200 2118 3580 2174 adduxerunt:

2001 2223 2264 2263 coronam
2308 2208 2382 2264 ob
2429 2207 2496 2263 id'
2530 2208 2736 2272 sortiti,
2787 2210 2936 2280 quod
2991 2225 3089 2280 per
3137 2211 3382 2268 veritatis
3428 2226 3583 2266 arma

1992 2303 2197 2357 erroris
2220 2302 2415 2358 ducem
2445 2302 2784 2369 devicerunt,
2817 2303 3186 2376 secundaeque
3210 2305 3456 2362 victoriae
3488 2321 3586 2376 spe

1995 2408 2170 2462 usque
2195 2393 2262 2449 ad
2288 2393 2581 2450 violentam
2611 2405 2847 2451 mortem
2876 2411 3076 2451 nomen
3109 2397 3322 2452 Domini
3351 2397 3583 2466 professi

1993 2490 2144 2536 sunt.
2179 2483 2483 2554 Eapropter
2524 2485 2628 2539 hoc
2657 2484 2802 2550 loco,
2837 2483 3017 2539 Exibit
3053 2486 3217 2540 victor
3245 2495 3300 2539 ut
3333 2488 3582 2541 vinceret.

1992 2574 2175 2630 Prima
2204 2575 2388 2648 itaque
2421 2577 2646 2634 victoria
2667 2616 2683 2643 ,
2715 2592 2881 2646 quam
2905 2593 3006 2648 per
3031 2581 3310 2650 apostolos
3330 2581 3586 2637 Christus

295 2675 495 2721 nactus
521 2677 626 2733 est,
653 2670 897 2740 gentium
924 2671 1029 2728 fuit
1047 2672 1338 2730 conversio
1372 2690 1387 2729 :
1424 2671 1667 2731 secunda
1693 2680 1902 2735 autem,
1942 2678 2282 2740 spontancus
2315 2685 2347 2726 a
2378 2684 2609 2740 corpore
2639 2670 2823 2726 exitus
2847 2712 2863 2736 ,
2903 2687 3012 2726 non
3073 2673 3281 2743 absque
3336 2675 3584 2730 cruciatu

297 2757 423 2830 ejus
457 2760 536 2817 rei
563 2775 732 2818 causa
760 2773 1075 2836 susceptus.

898 2903 1152 2958 ΚΕΦΑΛ.
1186 2906 1287 2958 1Δ’.

301 3030 496 3112 Δύσίς
540 3031 654 3112 τῆς
697 3032 989 3112 δευτέρας
1029 3037 1372 3112 σφραγῖδος
1419 3038 1732 3108 (δηλοῦσα
1781 3035 1891 3096 τὸν

388 3104 512 3156 τῶν
538 3104 814 3159 ἀπίστων
850 3105 1003 3160 κατὰ
1037 3104 1156 3162 τῶν
1185 3104 1434 3164 πιστῶν
1456 3104 1785 3181 πόλεμον).

377 3260 488 3316 Καὶ
505 3260 604 3315 ὅτε
624 3258 838 3330 ἤνοιξε
855 3261 974 3331 τὴν
991 3262 1282 3334 δευτέραν
1301 3265 1624 3338 σφραγῖδα,
1647 3266 1893 3336 ἤκουσα

315 3353 414 3409 τοῦ
445 3352 730 3423 δευτέρου
757 3353 927 3421 ζώου,
957 3357 1250 3426 λέγοντος
1272 3375 1287 3390 ο
1322 3359 1543 3429 Ἔρχου
1573 3359 1674 3414 καί
1706 3359 1818 3414 ιδε.

387 3464 528 3524 Ζῶον
565 3464 723 3539 οἶμαι
771 3468 1046 3541 δεύτερον,
1097 3471 1190 3525 τὸν
1226 3472 1427 3543 μόσχον
1469 3473 1750 3542 λέγεσθαι,
1783 3476 1893 3528 τῶν

315 3559 480 3628 ἁγίων
517 3559 813 3632 μαρτύρων
840 3563 940 3626 τάς
967 3563 1120 3633 ἰεράς
1151 3563 1342 3629 θυσίας
1389 3569 1891 3639 χαρακτηρίζοντα,

307 3648 398 3702 τοῦ
451 3650 720 3723 προτέρου
747 3651 849 3723 τὴν
885 3654 1252 3728 ἀποστολικὴν
1285 3655 1537 3722 ἐξουσίαν
1564 3656 1895 3728 διαγράφον-

303 3757 418 3808 τος,
449 3742 524 3808 ώς
555 3742 793 3814 εἴρηται.

375 3856 484 3910 Kal
514 3851 704 3923 εἶδον,
735 3857 833 3912 καί
861 3857 990 3913 ἰδοὺ
1017 3857 1279 3927 ἐξῆλθεν
1311 3859 1504 3927 ἄλλος
1530 3863 1716 3929 ἵππος
1746 3866 1893 3932 πυρ-

291 3949 431 4019 ρός.
480 3950 594 4004 Kal
641 3950 724 4018 τῷ
782 3951 1098 4022 καθημένῳ
1147 3953 1241 4007 ἐπ’
1291 3953 1474 4020 αὐτῷ,
1520 3953 1699 4023 ἐδόθη
1733 3953 1924 4020 αὐτῷ’

299 4041 516 4096 λαϐεῖν
550 4043 667 4113 τὴν
696 4044 948 4113 εἰρήνην
992 4045 1062 4099 ἐκ
1114 4043 1222 4113 τῆς
1273 4045 1408 4116 γῆς,
1452 4047 1552 4099 ἵνα
1580 4047 1894 4116 ἀλλήλους

298 4133 618 4206 σφάξωσιθ
659 4137 758 4190 καί
793 4134 975 4206 ἐδόθη
1009 4135 1172 4201 αὐτῷ
1199 4137 1468 4206 μάχαιρα
1491 4137 1749 4208 μεγάλη.

377 4249 599 4321 Ταύτην
625 4251 788 4323 ἡμεῖς
812 4249 1190 4322 στοχαζόμεθα
1219 4249 1318 4323 τὴν
1343 4249 1602 4322 δευτέραν
1628 4251 1737 4305 τῶν
1759 4240 1894 4306 ἀπο-

305 4341 516 4397 στόλων
541 4341 781 4397 νοεῖσθαι
807 4342 1051 4415 διδαχὴν,
1076 4343 1166 4398 διά
1196 4343 1498 4415 μαρτύρων
1520 4345 1612 4398 καὶ
1634 4344 1892 4400 διδασκά-

298 4433 414 4489 λων
443 4435 941 4508 συμπληρουμένην
963 4451 976 4467 ·
1006 4437 1064 4489 ὲν
1088 4430 1122 4511 ᾗ
1147 4435 1554 4503 πλατυνομένου
1582 4436 1770 4491 λοιπὸν
1798 4437 1894 4492 τοῦ

300 4529 685 4600 κηρύγματος,
729 4533 764 4603 ἡ
787 4530 883 4585 τοῦ
917 4533 1126 4603 κόσμου
1157 4532 1348 4602 εἰρήνη
1393 4531 1578 4602 ἐλύθη.
1616 4532 1738 4586 καθ’
1767 4534 1895 4585 ἐαυ-

2587 2901 2814 2958 CAPUT
2875 2903 3014 2959 XIV.

1998 3037 2230 3096 Secundi
2268 3037 2436 3108 sigilli
2467 3036 2694 3110 solutio,
2737 3054 2842 3108 qua
2889 3039 3134 3106 prtelium
3179 3040 3320 3108 quod
3349 3038 3586 3110 inﬁdeles

2278 3118 2464 3163 contra
2495 3108 2675 3178 ﬁdeles
2707 3110 2911 3174 ineunt,
2945 3110 3282 3165 describitur.

2069 3262 2155 3330 Vl,
2184 3265 2240 3321 5.
2262 3263 2325 3317 Et
2356 3279 2474 3316 cum
2491 3261 2782 3332 aperuisset
2803 3262 3041 3331 sigillum
3067 3263 3380 3331 secundum,
3403 3266 3588 3322 audiri

1995 3352 2278 3407 secundum
2311 3353 2515 3408 animal
2543 3353 2720 3407 dicens
2756 3368 2772 3409 :
2817 3352 2946 3407 Vetti
2977 3363 3026 3407 et
3057 3354 3191 3410 vide.

2069 3467 2380 3524 Secundum
2439 3468 2642 3522 animal
2700 3467 2932 3522 vitulum
2984 3469 3090 3523 dici
3145 3470 3422 3526 existimo.
3471 3471 3586 3528 Hoc

1999 3566 2183 3612 autem
2239 3563 2628 3612 sacrosanctas
2687 3558 2970 3612 beatorum
3025 3570 3327 3630 martyrum
3379 3563 3592 3620 hostias

1997 3649 2284 3721 designat,
2330 3649 2492 3704 sicuti
2542 3649 2781 3717 primum
2829 3650 3191 3719 apostolicam
3227 3662 3589 3722 potestatem,

1997 3742 2074 3798 uti
2106 3742 2272 3812 paulo
2301 3751 2429 3797 ante
2461 3740 2832 3796 indicabatur.

2067 3856 2159 3924 Vl,
2191 3858 2245 3914 ό.
2273 3857 2340 3912 Et
2361 3859 2524 3913 exivit
2563 3857 2706 3913 alius
2728 3873 2893 3928 equus
2946 3857 3116 3926 rufus.
3155 3855 3223 3911 Et
3255 3862 3347 3930 qui
3379 3862 3589 3918 sedebat

1996 3969 2157 4022 super
2185 3952 2373 4019 illum,
2399 3952 2588 4005 datum
2612 3960 2689 4005 est
2716 3952 2765 4005 ei
2793 3959 2851 4003 ut
2875 3959 3104 4004 sumeret
3126 3967 3306 4020 pacem
3335 3955 3400 4009 de
3429 3965 3591 4020 terra,

1995 4061 2044 4104 et
2069 4058 2124 4102 ut
2154 4049 2376 4103 invicem
2412 4064 2464 4103 se
2495 4047 2821 4116 interﬁciant
2851 4063 2864 4112 ;
2891 4053 2940 4099 et
2974 4045 3131 4099 datus
3159 4058 3236 4101 est
3268 4048 3350 4103 illi
3381 4049 3593 4119 gladius

1996 4155 2238 4210 magnus.

2066 4249 2223 4308 Hane
2283 4249 2580 4307 secundam
2619 4250 2688 4305 ab
2729 4251 2993 4321 apostolis
3036 4252 3444 4310 successionem
3495 4253 3585 4308 in-

1995 4342 2285 4415 terpretari
2317 4357 2646 4413 possumus,
2675 4359 2798 4413 quae
2825 4359 2922 4415 per
2952 4354 3222 4417 martyres
3253 4353 3307 4400 et
3341 4345 3592 4400 doctores

1997 4435 2294 4489 constituta
2341 4443 2446 4488 est.
2474 4433 2530 4488 ln
2555 4433 2661 4490 hac
2687 4435 2834 4491 enim
2870 4435 3129 4492 Ecclesiae
3155 4446 3334 4503 aetate,
3365 4438 3593 4494 dilatata

1995 4525 2108 4595 jam
2143 4525 2421 4597 Evangelii
2455 4526 2877 4595 praedicatione,
2910 4529 3099 4583 mundi
3138 4530 3304 4600 hujus
3338 4545 3442 4600 pax
3476 4530 3593 4586 dis-

301 4623 410 4692 τῆς
439 4623 797 4697 μερισθείσης
826 4626 927 4696 τῆς
957 4624 1195 4694 φύσεως,
1227 4625 1370 4678 κατά
1394 4624 1454 4677 τὸ
1485 4623 1650 4694 ῥηθὲν
1679 4625 1784 4678 ὑπὸ
1806 4623 1893 4677 τοῦ

2007 4619 2220 4684 soluta,
2265 4618 2665 4689 hominumque
2699 4629 2894 4674 natura
2930 4629 3122 4675 contra
3163 4621 3400 4692 seipsam
3450 4635 3595 4692 quo-

302 4714 585 4785 Χριστοῦ⁶
630 4718 754 4773 Οὐκ
802 4713 996 4789 ἦλθον
1042 4718 1267 4783 βαλεῖν
1311 4718 1563 4787 εἰρήνην
1612 4717 1750 4790 [ἐπὶ
1790 4718 1903 4786 τῆς

308 4806 430 4877 γῆς
446 4805 490 4879 1,
516 4807 680 4863 ἀλλά
706 4811 1032 4879 μάχαιραν.
1062 4810 1140 4863 Δι’
1176 4804 1242 4882 ἦς
1265 4811 1334 4863 τά
1359 4809 1675 4882 μαρτυρικά
1697 4809 1902 4879 σφάγια

309 4898 400 4960 εἰς
443 4897 506 4950 τὸ
547 4897 662 4952 ἀνω
694 4898 1088 4969 θυσιαστήριον
1130 4899 1528 4971 ἀνηνέχθησαν.
1575 4899 1628 4952 Ὁ
1657 4898 1726 4952 δέ
1757 4901 1905 4968 πιρ-

294 4989 416 5058 pec
448 4989 658 5058 ἵππος,
703 4990 736 5062 ἢ
776 4992 874 5062 τῆς
927 4992 1209 5062 ὲκχύσεως
1251 4993 1362 5046 τῶν
1415 4993 1687 5062 αίμάτων,
1719 4992 1754 5062 ἦ
1802 4992 1903 5062 τῆς

306 5083 723 5154 πεπυρωμένης
754 5082 864 5137 τῶν
913 5084 1054 5156 ὑπὲρ
1089 5084 1331 5156 Χριστοῦ
1373 5085 1694 5157 πασχόντων
1719 5083 1902 5138 διαθέ-

307 5190 452 5239 σεως
477 5173 767 5245 σύμϐολον.
803 5176 877 5229 Τὸ
905 5166 962 5231 δὲ
993 5171 1326 5248 γεγράφθαι,
1349 5177 1602 5248 δοθῆναι
1620 5177 1699 5245 τῷ
1751 5181 1897 5233 καθ·

303 5268 514 5342 ημένῳ
530 5269 621 5323 ἐπ’
646 5267 808 5335 αὐτῷ
827 5269 1039 5324 λαϐεῖν
1059 5270 1170 5342 τὴν
1193 5268 1468 5340 εἰρήνην,
1498 5270 1598 5341 τὴν
1623 5271 1899 5340 πάνσοφον

197 5365 202 5370 ’
303 5362 552 5419 δείκνυσι
578 5363 674 5417 τοῦ
700 5363 838 5418 Θεοῦ
868 5363 1240 5435 συγχώρησιν,
1267 5365 1396 5430 τοὺς
1421 5365 1649 5430 πιστοὺς
1677 5364 1899 5429 δούλους

306 5454 412 5510 διὰ
433 5454 760 5527 πειρασμῶν
789 5453 1199 5526 δοκιμάζουσαν

385 5808 434 5844 ¹³
467 5808 659 5866 Matth.
695 5828 749 5866 χ.
774 5811 864 5866 54,

641 5909 914 5969 Panos.
963 5909 1078 5969 Gn.
1125 5909 1283 5970 CVI.

2004 4711 2298 4766 dammodo
2337 4709 2511 4766 divisa
2559 4720 2665 4766 est.
2714 4708 2831 4766 lluc
2877 4728 3119 4780 namque
3171 4713 3408 4782 pertinet
3463 4710 3596 4766 illud

2004 4804 2208 4859 Christi
2243 4820 2255 4856 :
2294 4803 2420 4858 Non
2469 4805 2583 4860 veni
2622 4819 2804 4873 pacem
2843 4807 3085 4869 mittere,
3129 4807 3220 4861 sed
3264 4806 3594 4877 gladium";

2005 4912 2102 4968 per
2126 4911 2286 4966 quem
2321 4904 2621 4967 martyrum
2651 4897 2847 4952 hostiae
2877 4909 3163 4964 mactatae,
3203 4909 3256 4954 et
3293 4899 3349 4953 in
3380 4899 3592 4954 ccelesti

2003 5004 2099 5044 ara
2133 4988 2329 5044 oblatae
2360 4998 2508 5044 sunt.
2545 4991 2719 5046 Porro
2757 5007 2920 5061 equus
2951 4992 3128 5059 rufus,
3152 5002 3248 5048 aut
3277 4991 3434 5048 effusi
3465 5007 3596 5047 san-

2003 5081 2186 5151 guinis
2233 5081 2542 5152 symbolum
2597 5091 2714 5147 est,
2769 5095 2864 5138 aut
2921 5082 3318 5138 inﬂammatum
3378 5083 3594 5136 illorum

2006 5173 2258 5229 affectum
2303 5172 2609 5242 signiticat‘,
2637 5173 2732 5243 qui
2774 5181 3006 5228 mortem
3052 5188 3153 5244 pro
3181 5171 3402 5228 Christo
3429 5183 3595 5238 oppe-

2005 5265 2231 5320 tierunt.
2262 5264 2400 5320 Cum
2440 5274 2620 5319 autem
2647 5264 2886 5331 additur,
2920 5265 3042 5334 rufo
3064 5281 3196 5335 equo
3225 5261 3478 5317 insidenti
3499 5260 3596 5312 da-

2007 5369 2116 5414 tam
2137 5376 2248 5415 esse
2273 5369 2584 5431 potestatem
2613 5369 2670 5414 ut
2695 5360 2900 5414 tolleret
2920 5375 3100 5429 pacem
3123 5358 3186 5412 de
3211 5365 3367 5418 terra,
3383 5354 3591 5426 sapien-

2007 5450 2221 5506 tissima
2257 5450 2349 5506 Dei
2383 5451 2676 5522 permissio
2701 5453 2771 5506 ob
2799 5451 2989 5507 oculos
3018 5448 3177 5505 nobis
3199 5447 3440 5519 ponitur.
3473 5445 3594 5500 Haec

2009 5557 2116 5596 una
2149 5541 2297 5597 enim
2335 5551 2441 5606 est,
2475 5557 2597 5612 qua:
2627 5542 2764 5598 lldos
2794 5541 2888 5599 Dei
2924 5556 3113 5598 servos
3141 5555 3239 5611 per
3264 5539 3595 5596 tentationes

2008 5635 2229 5706 probari
2254 5642 2308 5693 et
2335 5635 2610 5707 explorari
2636 5635 2788 5691 sinit.
