4070 6404
514 368 614 429 267

1129 476 1361 534 CAPUT
1393 474 1507 530 XV.

527 625 726 680 Salutio
789 619 928 674 tertii
979 615 1139 685 sigilli
1164 629 1336 685 ,φησι
1373 611 1586 685 illorum
1622 627 1654 663 a
1697 609 1908 685 Christo
1949 609 2095 678 defe-

592 698 811 815 Clilonent
842 681 1080 759 proponit
1109 684 1198 755 qui
1229 681 1399 737 minus
1435 682 1661 751 ﬁrmiter
1694 682 1748 734 in
1784 681 1956 746 ipsum
1981 696 2096 734 cre-

591 767 643 817 di
684 771 853 816 erant.

590 897 677 956 Vl,
704 896 757 948 5.
805 893 870 946 Et
901 907 1018 944 cum
1049 889 1335 956 aperuisset
1372 886 1583 941 tertium
1613 884 1873 956 sigillum,
1917 885 2098 940 audivi

522 990 732 1044 tertium
755 983 977 1045 animal,
1011 982 1188 1035 dicens
1215 995 1234 1033 :
1277 978 1404 1033 Veni
1430 988 1477 1032 et
1503 979 1638 1032 vide.

593 1077 836 1132 Tertium
890 1073 1091 1128 animal
1120 1071 1420 1133 hominem,
1443 1079 1502 1124 ut
1523 1069 1782 1132 arbitror,
1807 1067 2057 1138 designat.
2083 1081 2100 1120 :

523 1171 609 1226 hic
659 1176 876 1228 autem,
924 1163 1237 1219 mortalium
1295 1160 1543 1216 omnium
1592 1175 1803 1215 casum.
1847 1158 1978 1213 Nam
2031 1159 2103 1213 ob

524 1259 815 1317 voluntatis
850 1258 1157 1310 libertatem
1198 1262 1251 1308 et
1273 1253 1455 1307 carnis
1510 1251 1882 1306 inﬁrmitatem
1940 1249 2104 1304 homo

525 1354 682 1411 facile
714 1350 1017 1422 prolabitur
1056 1347 1108 1400 in
1144 1355 1462 1415 peccatum;
1491 1357 1666 1412 eaque
1707 1342 1774 1396 de
1803 1355 1971 1396 causa
1999 1339 2105 1394 mi-

527 1447 719 1500 tiorem
761 1453 978 1509 quoque
1012 1451 1228 1507 pmuam
1263 1433 1560 1503 promereri
1596 1432 1828 1486 videtur.

597 1535 689 1601 Vl,
715 1534 765 1598 5,
795 1533 847 1586 6.
881 1529 945 1582 Et
975 1530 1087 1582 ecce
1111 1543 1271 1595 equus
1297 1525 1483 1595 niger:
1509 1533 1556 1576 et
1585 1522 1674 1592 qui
1713 1521 1918 1575 sedebat
1952 1534 2108 1590 super

528 1629 634 1700 25
660 1628 832 1689 illum,
869 1621 1089 1675 habebat
1114 1627 1367 1672 stateram
1400 1618 1454 1668 in
1495 1631 1654 1668 manu
1681 1628 1814 1676 sua;
1841 1621 1889 1667 et
1925 1610 2108 1666 audivi

529 1735 778 1792 tanquam
807 1732 978 1770 vocem
1014 1712 1070 1766 in
1103 1711 1271 1765 medio
1305 1721 1531 1778 quatuor
1560 1705 1907 1767 animalium,
1935 1703 2111 1755 dicen-

1673 356 2002 418 ANDREIE
2041 357 2578 426 C/ESARIENSIS.

3670 357 3778 422 208

2781 476 3034 531 ΚΕΦΛΛ.
3087 477 3186 530 IE'.

2200 611 2390 675 Λύσις
2409 611 2528 684 τῆς
2565 611 3129 684 τρίτης-σφραγῖδος
3175 609 3490 684 [δηλρῦσα
3548 613 3668 684 τῶν
3691 613 3780 680 μὴ

2271 679 2498 749 παγίως
2529 679 2944 751 dictaverth
2973 679 3055 748 τῷ
3119 679 3351 751 Χριστῷ
3386 680 3502 748 τὴν
3529 681 3634 735 ἀπ’
3670 679 3778 735 at);

2267 751 2374 806 τοῦ
2404 751 2727 804 ἔκπτωσιν.
2748 749 2768 822 ]

2271 884 2382 940 Καὶ
2399 885 2495 938 ὅτε
2509 883 2715 953 ἤνοιξε
2732 884 2846 953 τὴν
2860 883 3157 954 σφραγῖδα
3173 882 3289 951 τὴν
3302 883 3529 950 τρίτην,
3544 881 3786 948 ἤκουσα

2199 979 2307 1034 τοῦ
2327 980 2526 1046 τρίτου
2553 977 2695 1038 ζώου
2725 976 3040 1045 λέγοντοςο
3076 977 3299 1043 Ἔρχου
3332 972 3462 1045 [καί
3492 973 3636 1044 we].

2275 1067 2423 1141 [Τὸ]
2453 1067 2647 1139 ςτρίτον
2687 1066 2826 1132 ζῶον
2867 1064 3098 1120 ἐνταῦθα
3150 1065 3240 1117 τὸν
3283 1063 3572 1131 ἄνθρωπον
3619 1061 3780 1132 οἶμαι

2201 1159 2478 1228 λέγεσθαι,
2521 1159 2622 1229 τὴν
2669 1156 2779 1210 τῶν
2822 1155 3124 1227 ἀνθρώπων
3163 1153 3426 1226 δηλοῦντα
3477 1153 3781 1216 ἔκπτωσιν,

2204 1252 2399 1307 καὶδιά
2415 1250 2578 1305 τοῦτο
2594 1251 2837 1316 κόλασιν,
2858 1248 2949 1301 διά
2965 1248 3026 1301 τὸ
3041 1249 3174 1320 πρὸς
3194 1245 3468 1318 ἁμαρτίαν
3484 1244 3784 1312 εὐόλισθον,

2203 1347 2272 1415 τῇ
2301 1343 2520 1415 ἐξουσίᾳ
2541 1343 2637 1414 τῆς
2663 1339 3061 1414 προαιρέσεως.

2277 1519 2421 1592 [Καὶ
2443 1516 2663 1591 sitiam]
2695 1517 2792 1572 καὶ
2822 1517 2952 1573 ἰδοὺ
2983 1513 3370 1584 ἵππος-μέλας
3391 1531 3404 1546 ·
3437 1513 3536 1568 καὶ
3576 1517 3611 1568 ὀ
3640 1517 3790 1568 καθ⁴

2209 1613 2431 1682 ἠμενος
2477 1611 2570 1665 ἐπ’
2612 1609 2772 1676 αὑτῷ
2810 1610 2966 1680 ἔχων
2993 1605 3169 1678 ζυγὸν
3192 1607 3262 1660 ἐν
3291 1606 3362 1674 τῇ
3395 1605 3544 1674 χειρί
3573 1604 3787 1660 αὑτοῦ·

2211 1703 2307 1756 καί
2349 1700 2589 1770 ἤκουσα
2616 1698 2820 1769 φωνῆς
2845 1701 2915 1753 ἐν
2945 1698 3114 1769 μέσῳ
3143 1695 3261 1750 τῶν
3295 1695 3606 1764 τεσσάρων
3627 1694 3795 1754 ζώων

530 1785 684 1863 tem':
716 1808 938 1862 Bilibris
981 1805 1190 1869 tritici,
1221 1802 1440 1856 denario
1477 1814 1617 1862 uno;
1653 1807 1703 1851 et
1745 1807 1848 1850 tres
1896 1792 2109 1848 bilibres

2214 1795 2546 1864 λετούσης’
2593 1791 2796 1857 Χοῖνιξ
2853 1792 3051 1855 σίτου,
3097 1789 3417 1856 δηναρίουο
3483 1788 3579 1841 καί
3633 1785 3795 1854 τρεῖς

530 1898 734 1963 hordei,
775 1897 990 1950 denario
1024 1910 1126 1948 uno
1157 1909 1175 1946 :
1209 1904 1256 1947 et
1293 1892 1468 1946 vinum
1497 1898 1544 1943 et
1577 1887 1750 1941 oleum
1780 1901 1842 1941 ne
1882 1883 2104 1939 lwseris.

597 2075 890 2132 Probabile
943 2074 1002 2127 lit
1055 2070 1294 2141 aliquam
1339 2075 1468 2121 'tum
1535 2066 1800 2134 temporis
1850 2062 2107 2119 sensilem

530 2179 925 2237 externamquc
977 2165 1174 2218 famem
1223 2159 1506 2216 exstitisse
1572 2176 1586 2212 :
1638 2171 1745 2227 qua
1791 2157 1858 2211 de
1906 2171 1964 2209 re
2007 2168 2108 2209 suo

530 2271 719 2333 postea
760 2261 881 2314 loco
919 2258 1201 2328 aliquanto
1233 2253 1410 2326 plura.
1449 2252 1552 2306 Per
1590 2265 1778 2320 equum
1812 2257 1997 2302 autem
2030 2247 2110 2300 ni-

531 2371 685 2426 grum
716 2353 1009 2408 denotatur
1041 2349 1224 2402 luctus
1257 2355 1307 2399 et
1345 2359 1550 2398 maeror
1578 2342 1668 2396 ille
1703 2339 1819 2410 qui,
1864 2346 1921 2393 ut
1960 2338 2108 2393 credi

529 2454 730 2518 potest,
761 2441 902 2512 apud
923 2441 1104 2508 justos
1135 2437 1204 2492 de
1232 2436 1336 2490 illis
1367 2435 1575 2489 orietur
1603 2433 1696 2503 qui
1730 2441 1950 2500 propter
1979 2444 2110 2498 sup—

533 2537 820 2606 pliciorum
860 2531 1256 2587 immanitatem
1288 2541 1315 2578 a
1340 2527 1443 2581 title
1467 2540 1588 2594 quae
1611 2532 1694 2578 est
1722 2523 1775 2576 in
1804 2522 2107 2583 Christum,

533 2627 856 2684 desciscent.
883 2623 984 2677 Per
1004 2630 1258 2676 stateram
1276 2628 1481 2680 autem,
1506 2630 1732 2670 examen
1756 2613 1899 2682 quod
1918 2626 2108 2666 eorum

533 2721 750 2774 animos
796 2714 1108 2786 explorabit
1150 2711 1244 2780 qui
1299 2711 1369 2764 oh
1407 2707 1604 2762 mentis
1648 2704 2018 2759 lubricitatem
2055 2709 2112 2756 et

535 2811 958 2868 inconstantiam
983 2847 999 2872 ,
1035 2814 1130 2860 aut
1177 2814 1396 2873 propter
1447 2801 1665 2855 inanem
1708 2797 1935 2867 gloriam
1961 2833 1977 2861 ,
2017 2801 2112 2848 aut

535 2905 787 2977 corporis
844 2915 1062 2972 quoque
1126 2895 1535 2954 inﬁrmitatem,
1604 2889 1762 2944 ﬁdem
1828 2887 2110 2957 abjicient.

539 2999 726 3055 Tritici
780 3011 942 3067 porro
995 2990 1274 3046 chwnicem
1328 3002 1415 3039 seu
1470 2983 1706 3037 bilibrem
1743 2979 1961 3033 denario
2009 2993 2112 3030 uno

537 3087 817 3152 testimari,
857 3096 1014 3154 tropo
1048 3080 1284 3152 quodam
1307 3115 1321 3140 ,
1376 3087 1434 3129 ut
1461 3075 1682 3144 quidam
1726 3078 1954 3141 putant,
1988 3068 2113 3123 illo-

2209 1884 2474 1954 χοίνικες
2505 1880 2746 1950 κριθῶν,
2798 1881 3119 1950 δηναρίου·
3163 1879 3260 1933 καί
3302 1879 3370 1933 τὸ
3427 1877 3636 1931 ἔλαιον
3686 1875 3795 1930 καί

2209 1976 2316 2031 τὸν
2345 1973 2514 2031 οἶνον
2537 1975 2622 2046 μὴ
2649 1972 2970 2042 ἀδικήσῃς.

2283 2069 2380 2123 Διά
2422 2069 2478 2122 δὲ
2521 2067 2616 2122 τοῦ
2653 2065 2881 2137 μέλανος
2925 2064 3090 2117 ἵππου
3134 2062 3196 2116 τὸ
3231 2061 3426 2125 πένθος
3494 2059 3796 2130 δηλοῦσθαι

2210 2163 2533 2232 νομίζομεν,
2579 2158 2639 2213 τὸ
2683 2159 2774 2211 ὲπί
2809 2159 2922 2221 τοῖς
2970 2153 3264 2209 ἐκπεσοῦσι
3295 2154 3392 2224 τῆς
3425 2154 3507 2216 εἰς
3553 2153 3798 2224 Χριστὸν

2211 2252 2482 2315 πίστεως,
2511 2233 2599 2305 sui
2629 2247 2727 2319 τὴν
2768 2245 3071 2317 ὑπερϐολὴν
3120 2245 3226 2298 τῶν
3267 2244 3564 2298 κολάσεων·
3599 2243 3694 2298 τὸν
3737 2243 3799 2296 δὲ

2212 2347 2412 2415 ζυγὸν,
2451 2342 2788 2412 δοκιμαστὴν
2826 2336 2966 2394 εἶναι
2993 2339 3102 2393 τῶν
3144 2356 3204 2391 τε
3250 2337 3317 2392 δι’
3354 2336 3606 2392 εὐκολίαν
3651 2335 3800 2404 γνώ-

2215 2454 2322 2508 μης
2373 2434 2406 2506 ἢ
2445 2431 2784 2497 κενοδοξίαν,
2824 2430 2932 2483 τῶν
2977 2447 3036 2482 τε
3077 2430 3165 2485 διὰ
3212 2430 3464 2499 σώματος
3505 2427 3802 2482 ἀσθένειαν

2212 2525 2646 2583 ἐκπεπτωκότων
2675 2523 2775 2594 τῆς
2803 2525 3058 2586 πὲστεως.
3102 2521 3307 2585 Χοῖνιξ
3346 2522 3558 2584 σίτου,
3606 2519 3802 2586 δηνα-

2206 2621 2364 2688 ρίου.
2394 2618 2554 2681 Εἰκὸς
2603 2615 2701 2687 μὲν
2742 2615 2836 2668 καί
2863 2612 3118 2681 αἰσθητὸν
3149 2611 3306 2683 λιμὸν
3337 2611 3458 2664 τότε
3498 2609 3759 2678 γενέσθαι
3783 2649 3800 2672 ,

2212 2709 2394 2773 καθὼς
2420 2709 2516 2764 καὶ
2549 2711 2607 2762 ὲν
2636 2711 2748 2770 toi;
2779 2707 2904 2774 ἑξῆς
2934 2704 3234 2776 ῥηθήσεται
3255 2719 3268 2732 °
3301 2703 3392 2756 τὸν
3422 2703 3481 2756 δὲ
3507 2699 3602 2755 τοῦ
3639 2702 3802 2754 σίτου

2213 2799 2426 2871 χοίνικα
2460 2801 2552 2851 τὸν
2589 2792 2848 2868 δηναρίου
2901 2795 3080 2860 ἄξιον,
3114 2792 3392 2864 τροπικῶς
3441 2790 3635 2862 δηλοῦν
3667 2793 3804 2856 τοὺς

2213 2891 2462 2962 νομίμως
2495 2889 2874 2960 ἀθλήσαντας,
2917 2888 3012 2942 καὶ
3041 2889 3142 2957 τῆς
3178 2885 3425 2956 δοθείσης
3459 2884 3666 2947 εἰκόνος
3690 2883 3802 2952 τῆς

2215 2983 2363 3046 Θείας
2407 2979 2651 3050 ἀκριϐῶς
2701 2979 2970 3049 φύλακας.
3035 2977 3179 3043 Τοὺς
3211 2976 3280 3030 δὲ
3321 2976 3480 3045 τρεῖς
3520 2976 3805 3045 χοίνικας

2213 3073 2325 3143 τῆς
2373 3070 2617 3140 κριθῆς,
2664 3070 2792 3133 τοὺς
2832 3066 3227 3139 κτηνοπρεπῶς
3265 3069 3378 3128 τοῖς
3424 3065 3684 3129 διώκταις
3729 3064 3804 3118 δι’

536 3198 660 3237 rum
709 3188 908 3236 statum
958 3175 1234 3235 insinuat,
1279 3168 1374 3240 qui
1425 3166 1666 3236 legitime
1714 3169 2100 3228 certaverunt,

2225 3163 2515 3234 ἀνανδρίαν
2555 3161 2976 3230 ὑποκύψαντας,
3009 3158 3288 3226 ἀναλόγως
3328 3156 3384 3210 δὲ
3428 3158 3806 3227 μετανοήσαν-

536 3280 970 3346 impressumque
999 3284 1028 3322 a
1085 3266 1192 3320 Deo
1246 3263 1536 3332 imaginem
1573 3267 1826 3314 accurate
1868 3256 2114 3312 custodi-

534 3374 750 3423 verunt.
807 3363 933 3417 Tres
969 3366 1150 3414 autem
1182 3355 1366 3408 hordei
1395 3352 1644 3406 chwnices
1677 3349 1935 3403 tantidem
1971 3346 2112 3416 ﬁeri,

536 3461 753 3516 iltorum
823 3453 1100 3508 fortunam
1158 3445 1450 3516 exprimit,
1504 3443 1598 3512 qui
1659 3456 1784 3496 cum
1843 3439 2114 3510 pecudum

537 3566 691 3608 more
724 3547 926 3620 ignari,
959 3550 1375 3615 persecutorem
1420 3536 1578 3591 furiis
1610 3541 1737 3589 ante
1783 3533 2077 3588 cessissent
2099 3568 2114 3594 ,

537 3654 726 3716 postea
769 3655 868 3710 pro
911 3640 1165 3708 lapsuum
1214 3646 1442 3688 suorum
1483 3629 1698 3683 ratione
1742 3623 2114 3696 paenitentiam

540 3740 807 3804 egerunt,
848 3729 1252 3796 imaginemque
1302 3729 1652 3792 peccatorum
1702 3716 1957 3772 sordibus
1993 3721 2119 3769 ante

541 3829 957 3890 conspurcatam
1011 3814 1268 3883 laerymis
1312 3813 1619 3866 ablueruut.
1672 3807 1905 3876 Quando
1966 3821 2116 3871 vero,

543 3934 605 3972 ne
628 3916 806 3969 vinum
837 3919 927 3964 aut
951 3908 1122 3962 oleum
1146 3906 1394 3970 lwdatur,
1417 3903 1660 3974 jubetur,
1691 3915 1757 3955 ne
1781 3915 1875 3970 per
1903 3899 2118 3954 turbam

541 4005 743 4062 Christi
793 4000 1064 4057 medicina
1117 4007 1434 4062 evertatur,
1476 4003 1570 4048 aut
1629 4007 1724 4062 per
1769 3990 2016 4046 fraudem
2063 3997 2119 4043 et

544 4101 904 4169 imposturam
957 4092 1286 4153 inlirmetur,
1336 4088 1482 4142 serio
1517 4083 1819 4155 iniungitur
1853 4100 1865 4136 :
1909 4089 1968 4136 ut
1999 4096 2123 4150 quae

545 4194 668 4248 illos
706 4203 900 4247 sanare
931 4185 1003 4242 sit
1041 4184 1258 4248 idonea,
1291 4183 1384 4252 qui
1419 4181 1472 4234 in
1519 4180 1758 4234 latrones
1791 4176 2122 4232 inciderunt.

542 4286 625 4340 Ad
667 4285 783 4338 haec
830 4296 924 4351 per
964 4287 1193 4334 mortem
1248 4275 1372 4330 illos
1413 4272 1740 4342 intercipere
1783 4284 1892 4324 non
1937 4268 2122 4332 licere,

2217 3276 2314 3322 τας
2349 3255 2573 3326 ὕστερον
2596 3296 2610 3321 ,
2657 3253 2753 3306 καὶ
2793 3252 2892 3322 τὴν
2925 3249 3270 3320 ρυπωθεῖσαν
3314 3248 3500 3301 εἰκόνα
3531 3248 3806 3318 δάκρυσιν

2218 3345 2656 3407 ἀποπλύναντας.
2688 3343 2761 3395 Τὸ
2791 3341 2976 3408 μέντοι
3009 3337 3324 3394 ἐντετάλθαι
3349 3337 3435 3408 μὴ
3460 3337 3803 3392 ἀδικεῖσθαι

2215 3440 2325 3493 τὸν
2366 3433 2536 3492 οἶνον
2575 3435 2673 3489 καί
2707 3434 2775 3487 τὸ
2803 3435 3044 3496 ἔλαιον,
3078 3431 3139 3485 τὸ
3175 3431 3250 3502 μὴ
3291 3429 3608 3484 ἀθετεῖσθαι
3651 3429 3806 3498 λέγει

2216 3531 2316 3604 τὴν
2345 3531 2412 3584 δι’
2443 3527 2780 3600 ἐπιστροφῆς
2823 3524 2962 3599 [τοῦ]
2999 3524 3238 3596 Χριστοῦ
3277 3521 3553 3594 ἰατρείαν,
3595 3522 3630 3594 ἢ
3673 3523 3808 3585 τοὺς

2217 3619 2647 3690 ὲμπεπτωκὸτας
2699 3619 2811 3679 τοῖς
2856 3615 3082 3687 λῃσταῖς
3141 3614 3236 3666 καὶ
3288 3611 3806 3683 τραυματισθέντας

2221 3711 2588 3782 θεραπεῦσαι,
2635 3709 2728 3762 καὶ
2787 3707 2861 3778 μὴ
2919 3707 3078 3760 ἐάσαι
3121 3703 3543 3776 προαρπαγῆναι
3584 3701 3807 3770 θανάτῳ

2219 3808 2442 3865 τούτους
2470 3804 2518 3857 οἳ
2550 3801 2641 3856 διὰ
2675 3799 3060 3872 μακροθυμίας
3091 3797 3187 3868 τὴν
3213 3793 3382 3869 ἦτταν
3409 3794 3635 3866 ἔμελλον
3667 3795 3806 3848 dwa-

2226 3896 2596 3968 μαχήσασθαι.
2655 3895 2773 3947 Ἵνα
2829 3893 3009 3946 τοίνυν
3060 3891 3154 3945 καὶ
3211 3890 3371 3962 ἡμεῖς
3423 3884 3809 3956 φιλάνθρωπον

2227 3988 2410 4059 ἰατρὸν
2436 3989 2526 4041 τὸν
2560 3987 2691 4040 Θεὸν
2721 3987 2813 4039 ἐπὶ
2837 3987 2948 4049 τοῖς
2972 3984 3222 4055 ψυχικοῖς
3248 3980 3406 4051 ἡμῶν
3437 3979 3638 4033 πάθεσι
3663 3995 3804 4047 κτη-

2226 4081 2446 4151 σώμεθα
2466 4121 2480 4146 ,
2513 4080 2746 4133 τοιοῦτοι
2787 4081 2900 4142 τοῖς
2933 4077 3185 4146 ἀδελφοῖς
3216 4075 3373 4147 ἡμῶν
3411 4071 3810 4143 σφαλλομένοις

2227 4173 2483 4243 γενέσθαι
2513 4172 2929 4239 σπουδάσωμεν,
2969 4168 3048 4234 τῷ
3076 4169 3258 4231 ἐλαίῳ
3297 4164 3406 4233 τῆς
3431 4165 3806 4233 συμπαθείας

2221 4265 2588 4336 μεμιγμένον
2619 4263 2727 4317 τὸν
2759 4261 2868 4330 τῆς
2903 4258 3313 4327 παραινέσεως
3351 4252 3522 4310 οῖνον
3549 4252 3812 4326 [τούτοις]

544 4375 639 4446 qui
693 4388 789 4444 per
833 4346 930 4425 bci
988 4367 1459 4440 longanimitatem
1519 4375 1572 4420 et
1610 4362 1967 4434 patientiam,
2004 4368 2113 4429 post

2229 4357 2632 4428 προσφέροντες
2656 4371 2670 4385 ·
2719 4354 2806 4407 ἵνα
2841 4353 2915 4424 μὴ
2965 4351 3028 4406 τὸ
3059 4350 3230 4422 χωλὸν
3257 4351 3540 4420 ἐκτραπῇ,
3586 4347 3709 4418 ἰαθῇ
3747 4346 3812 4399 δὲ

546 4469 761 4537 lapsum
814 4464 994 4517 denuo
1041 4457 1450 4522 exsurrecturi,
1503 4456 1780 4526 decusque
1833 4451 2123 4522 pristinum

545 4560 920 4631 recuperaluri
952 4567 1095 4613 sunt.
1126 4557 1199 4612 Ut
1229 4555 1394 4625 igitur
1429 4567 1528 4608 nos
1550 4565 1768 4622 quoque
1796 4549 1965 4604 lleum
1997 4547 2120 4615 Opt.

547 4653 686 4706 Max.
721 4652 1014 4719 benignum
1068 4647 1502 4714 clementemque
1547 4643 1856 4698 animarum
1899 4647 2120 4694 nostra-

549 4760 670 4799 rum
706 4744 974 4798 medicum
1007 4741 1380 4812 experiamur,
1414 4736 1675 4790 fratribus
1703 4733 1906 4788 nostris
1934 4747 2125 4786 erran-

552 4838 695 4893 tibus
728 4836 991 4905 benignos
1023 4835 1428 4900 clementesque
1463 4843 1562 4883 nos
1596 4825 1853 4881 exhibere
1904 4822 2126 4878 studea-

553 4946 706 4995 mus,
783 4928 1166 4998 objurgationis
1233 4927 1411 4977 vinum
1471 4917 1944 4973 commiserationis
2015 4914 2127 4969 oleo

2235 4450 2458 4521 μᾶλλον,
2515 4449 2657 4503 κατά
2707 4447 2796 4501 τὸν
2827 4444 3015 4518 [θεῖον]
3070 4443 3430 4497 Ἀπόστολον’
3476 4441 3630 4503 ὅπως
3673 4437 3811 4492 Θεοῦ

2151 4524 2203 4585 D
2232 4543 2480 4614 συνεργοί
2494 4542 2820 4617 χενόμενοι,
2858 4541 2971 4602 toi;
2993 4537 3158 4591 αὐτοῦ
3188 4536 3413 4604 ἀγαθοῖς
3449 4533 3693 4594 αἰωνίως
3725 4531 3812 4582 ἐν-

2231 4636 2634 4706 τρυφήσωμεν,
2678 4633 2862 4703 χάριτι
2906 4629 3001 4684 καὶ
3044 4627 3428 4700 φιλανθρωπίᾳ
3459 4624 3553 4678 τοῦ
3603 4621 3813 4693 Κυρίου

2231 4728 2387 4799 ἡμῶν
2436 4726 2610 4797 Ἰησοῦ
2640 4723 2914 4796 Χριστοῦ’
2953 4722 3072 4793 μεθ’
3101 4715 3162 4775 οὗ
3190 4719 3270 4792 τῷ
3323 4719 3530 4788 Πατρὶ,
3577 4715 3697 4785 ἅμα
3738 4713 3811 4782 τῷ

2233 4821 2373 4890 ἁγίῳ
2405 4818 2704 4889 Πνεύματι,
2734 4815 2884 4880 δόξα,
2924 4813 3171 4887 [κράτος.
3205 4810 3302 4865 νῦν
3331 4809 3428 4863 καὶ
3465 4809 3552 4862 ἀεὶ
3585 4805 3707 4878 καὶ]
3737 4808 3812 4868 εἰς

2230 4913 2358 4976 τοὺς
2385 4909 2586 4974 αἰῶνας
2611 4910 2718 4963 τῶν
2741 4908 2972 4961 αἰώνων.
3017 4905 3208 4976 Ἀμήν.

553 5021 860 5084 miscentes;
925 4990 990 5072 tie
1054 5017 1223 5071 nimia
1288 5013 1606 5075 severitate,
1661 5009 1806 5078 quod
1849 5007 2145 5078 Apostolus
2200 5005 2444 5070 damnat,
2483 5003 2534 5058 id
2567 5003 2712 5073 quod
2747 5000 2999 5056 claudum
3089 4995 3410 5050 mutilumve
3433 5001 3580 5058 erat,
3613 4990 3812 5046 distor-

549 5129 815 5184 qucamus
844 5112 1028 5166 verius
1069 5125 1230 5179 quam
1263 5121 1552 5171 sanemus;
1593 5117 1766 5170 eaque
1799 5102 2010 5156 ratione
2037 5099 2131 5155 Dei
2195 5099 2475 5168 adjutores
2531 5095 2746 5158 ell‘ecti,
2790 5094 2843 5146 in
2905 5091 3062 5146 bonis
3115 5089 3264 5144 illius
3314 5103 3420 5141 non
3470 5085 3678 5154 absque
3719 5085 3808 5153 ju-

551 5208 732 5265 cunda
775 5209 1058 5276 voluptate
1100 5205 1157 5258 in
1212 5219 1374 5257 omne
1419 5216 1592 5255 aevum
1647 5213 1960 5263 versemur;
2010 5196 2181 5267 gratia
2239 5205 2293 5249 et
2353 5191 2642 5247 clementia
2701 5185 2916 5242 Domini
2982 5183 3154 5238 nostri
3215 5179 3346 5235 Jesu
3393 5178 3636 5242 Christi,
3689 5188 3812 5230 cum

550 5319 660 5375 quo
696 5303 843 5357 Patri
891 5311 945 5356 et
997 5298 1224 5369 Spiritui
1274 5307 1466 5351 sancto
1501 5295 1570 5350 sit
1613 5291 1784 5364 gloria
1832 5291 1885 5345 iu
1931 5291 2128 5346 saecula
2166 5289 2516 5346 satculorum.
2559 5285 2753 5340 Amen.

941 5415 1173 5476 CAPUT
1211 5416 1347 5470 XVI.
1389 5414 1621 5470 SERMO
1661 5413 1724 5470 V.

2658 5402 2910 5456 ΚΕΦΑΛ.
2948 5399 3066 5466 ις’.
3107 5393 3327 5450 ΛΟΓΟΣ

555 5541 760 5598 Soitttio
790 5541 966 5610 quarti
999 5538 1194 5608 sigilli,
1228 5553 1330 5610 qua
1365 5536 1578 5610 illorum
1613 5532 1827 5610 ﬂagella
1861 5531 2113 5610 delineatt

2235 5529 2426 5593 Λύσις
2453 5523 2564 5610 τῆς
2596 5514 3264 5610 temeretemere:
3296 5511 3678 5610 ἓλέὲῗίῗῖξῗέἴσα
3712 5506 3808 5572 τὰς

627 5622 714 5681 tur
763 5584 852 5680 qiti
885 5584 1099 5681 proptgr
1139 5584 1304 5661 animi
1341 5584 1624 5660 mollitieni
1663 5584 1715 5659 el
1744 5584 2113 5674 impatientia"

2403 5584 2418 5593 ’
2446 5584 2838 5664 ἐπαγομένας-⁷
2853 5584 2979 5654 τοῖς
3000 5584 3255 5642 ἀσεϐέσι
3284 5584 3602 5654 μάστιγας.

621 5680 904 5734 Dominum
941 5689 1276 5750 negaverunt.

620 5813 713 5879 Vl,
756 5813 810 5866 7.
855 5816 922 5868 Et
959 5832 1079 5870 cum
1132 5816 1420 5886 aperuisset
1454 5814 1686 5885 sigillum
1718 5821 2002 5884 quartum,
2044 5825 2111 5862 au

2311 5803 2415 5854 Kat
2465 5814 2562 5852 οτε
2605 5810 2812 5864 ηνοιςε
2859 5791 2976 5862 τὴν
3006 5785 3308 5860 σφραγῖδα
3354 5786 3465 5856 τὴν
3500 5780 3808 5850 τετάρτην.
