4070 6400
281 367 386 429 969

1252 365 1864 429 COMMENTARIUS
1905 369 1986 428 IN
2027 367 2556 430 APOCALYPSIN.

3449 367 3554 430 ἓτο

285 477 520 544 ἤκουσα
573 478 784 546 φωνῆς
837 479 944 536 τοῦ
995 479 1278 549 τετάρτου
1325 480 1502 547 ᾅδου,
1541 485 1828 554 λέγοντος
1851 525 1866 550 ,

1969 487 2077 540 diui
2127 501 2300 540 vocem
2335 485 2516 554 quarti
2547 481 2828 542 animalis.
2867 478 3127 532 dicentis:
3177 477 3299 530 l’eni
3332 487 3380 530 et
3415 479 3546 532 uide.

287 573 500 640 Ἔρχου
531 569 654 642 [καὶ
679 570 816 644 [de].

353 665 426 716 Τὸ
457 664 552 716 τοῦ
591 664 856 734 τετάρτου
895 665 1058 730 (dion,
1089 665 1290 736 δηλαδὴ
1316 667 1406 720 τοῦ
1443 667 1625 734 ἀετοῦ,
1667 670 1864 738 ὑψιπε-

279 755 372 817 τὲς
406 756 500 807 καὶ
529 755 624 819 ὀξὺ
667 757 802 825 πρὸς
833 755 1002 826 βορὰν
1022 797 1036 819 ,
1073 757 1282 810 ἄνωθεν
1309 759 1466 828 ἥκειν
1505 761 1570 812 ὲκ
1599 759 1864 831 θεηλάτου

279 846 448 914 ὀργῆς
487 845 590 910 τὰς
621 846 836 915 πληγὰς
869 847 1160 916 ἐμφαίνειν
1203 847 1462 916 δύναται,
1504 851 1584 913 είς
1615 850 1714 920 τὴν
1753 849 1866 904 τῶν

279 935 522 990 εὐσεϐῶν
571 936 888 1006 ἐκδίκησιν,
940 936 1170 990 καὶτῶν
1213 937 1426 992 ἀσεϐῶν
1462 940 1764 1010 τιμωρίαν,
1816 943 1866 994 εί

285 1027 357 1098 μὴ
383 1027 612 1090 ταύταις
644 1027 1030 1096 βελτιωθέντες
1061 1029 1474 1099 ἐπιστρέφουσι.

2039 665 2308 731 Quartum
2347 664 2550 718 animal
2594 672 2680 718 est
2705 662 2926 733 aquila;
2957 677 3078 732 quae
3101 660 3194 716 ubi
3223 662 3553 731 perspicaci-

1967 757 2073 812 bns
2101 757 2280 812 oculis
2317 758 2558 827 praedam
2593 757 2968 826 despectavit,
3002 771 3202 824 magna
3235 757 3424 810 statim
3465 770 3557 810 ce—

1971 847 2184 902 leritate
2222 861 2253 902 e
2299 847 2522 902 sublimi
2565 848 2632 902 ad
2665 849 2812 902 illam
2859 847 3100 902 devolat.
3135 845 3420 915 Signiﬁcat
3453 863 3558 902 au-

1969 951 2077 994 tem
2133 943 2283 1006 haec,
2339 940 2523 996 clades
2575 942 2876 1010 plagasque
2924 955 3118 994 omnes
3169 955 3277 994 non
3333 939 3556 992 aliunde

1972 1034 2182 1097 venire,
2213 1047 2379 1102 quam
2426 1047 2457 1086 e
2489 1031 2746 1101 supernis
2793 1053 2804 1086 :
2857 1031 3000 1085 Deus
3028 1047 3265 1100 namque
3293 1031 3440 1098 justa
3473 1032 3553 1084 ita

279 1129 330 1176 et
367 1121 748 1190 indignatione
797 1133 1164 1191 provocatus,
1207 1124 1455 1179 immittit
1501 1125 1622 1180 illas
1659 1127 1858 1195 partim
1887 1127 2134 1197 quidem,
2167 1138 2226 1182 ut
2282 1129 2464 1196 justus
2523 1126 2854 1192 ulciscatur,
2884 1126 3078 1196 partim
3133 1127 3324 1194 etiam,
3355 1137 3414 1182 ut
3449 1127 3554 1182 im-

277 1214 416 1283 pios,
463 1215 568 1268 nisi
599 1213 738 1270 forte
779 1231 874 1284 per
909 1231 1006 1270 eas
1045 1215 1266 1270 excitati
1313 1233 1344 1272 a
1379 1217 1685 1274 sceleribus
1717 1221 2044 1290 resipiscant
2067 1262 2082 1284 ,
2115 1221 2308 1290 puniat
2343 1230 2510 1289 atque
2545 1219 2766 1290 amigat.

345 1306 451 1358 Kal
479 1301 789 1374 εἷδονκκαί
825 1306 957 1359 ἰδοὺ
990 1308 1177 1372 ἵππος
1207 1310 1432 1376 χλωρός
1455 1325 1468 1338 ·
1519 1309 1614 1362 καὶ
1645 1313 1676 1363 ό
1719 1314 1863 1364 καθ-

279 1396 507 1465 ήμενος
529 1396 730 1450 ἐπάνω
747 1399 956 1462 αὐτοῦ,
989 1399 1178 1467 ὄνομα
1199 1398 1358 1462 αὐτῷ
1389 1401 1422 1452 ό
1439 1397 1726 1465 Θάνατος
1761 1401 1861 1454 καὶ

271 1494 306 1545 ὁ
339 1490 496 1558 ᾅδης
519 1491 844 1559 ἠκολούθει
869 1491 1030 1557 αὐτῷ
1049 1508 1062 1521 ·
1103 1492 1202 1546 καὶ
1229 1492 1406 1559 ἐδόθη
1444 1493 1648 1560 αὐτοῖς
1685 1493 1862 1557 ἐξου-

269 1584 378 1636 σία
407 1582 508 1636 ἐπὶ
547 1583 612 1638 τὸ
643 1583 930 1653 τέταρτον
955 1583 1181 1656 [μέρος]
1207 1583 1318 1654 τῆς
1351 1584 1485 1654 τῆς,
1512 1585 1864 1640 ἀποκτεῖναι

270 1675 338 1728 ἐν
368 1676 662 1744 ῥομφαίᾳ,
689 1675 790 1730 καί
818 1676 890 1730 ἐν
921 1674 1093 1746 λιμῷ,
1123 1676 1224 1730 καὶ
1247 1676 1318 1732 ἐν
1337 1674 1592 1744 θανάτῳ,
1619 1676 1716 1731 καὶ
1743 1675 1864 1732 ὑπὸ

272 1768 392 1822 τῶν
416 1771 638 1836 θηρίων
665 1769 776 1838 τῆς
813 1767 944 1839 γῆς.
1403 1765 1416 1786 ¹

2045 1309 2128 1377 Vl,
2163 1311 2215 1364 8.
2249 1315 2320 1365 Et
2347 1327 2464 1364 ecce
2487 1327 2650 1381 equus
2677 1311 2936 1380 pallidus,
2965 1321 3016 1366 et
3043 1312 3130 1382 qui
3159 1311 3368 1366 sedebat
3399 1327 3554 1379 super

1963 1419 2106 1462 eum,
2150 1419 2336 1457 nomen
2367 1404 2449 1456 illi
2477 1402 2622 1456 Mors
2645 1420 2664 1456 :
2709 1413 2758 1456 et
2789 1403 3027 1472 infernus
3053 1405 3370 1474 sequebatur
3389 1422 3508 1458 eum
3534 1420 3552 1456 :

1965 1503 2014 1548 et
2061 1493 2190 1547 data
2217 1504 2296 1550 est
2339 1496 2421 1548 illi
2453 1503 2683 1564 potestas
2715 1511 2873 1562 super
2901 1508 3130 1565 quatuor
3162 1505 3336 1565 partes
3379 1506 3553 1562 terra,

1969 1585 2270 1656 interﬁcere
2299 1587 2502 1658 gladio,
2537 1588 2700 1656 fante.
2729 1599 2778 1642 et
2803 1599 2994 1656 morte,
3025 1599 3076 1642 et
3109 1589 3290 1642 bestiis
3323 1598 3506 1644 terrm.

341 1861 458 1916 Τοῦ
481 1861 539 1916 δὲ
571 1861 766 1934 είρμοῦ
794 1865 904 1916 τῶν
928 1864 1370 1933 προεκτεθέντων
1391 1866 1487 1918 καὶ
1515 1864 1582 1918 τὰ
1615 1864 1862 1935 παρόντα

2037 1850 2148 1921 Ἆϐ
2209 1848 2335 1906 llaec
2387 1867 2512 1906 cum
2572 1851 2898 1906 calamitoso
2955 1867 3141 1907 rerum
3201 1854 3554 1921 prmspntium

271 1953 482 2025 ἔχεται.
521 1956 609 2018 Ὧς
644 1957 754 2028 γάρ
781 1973 945 2024 φησιν
971 1958 1029 2010 ἐν
1059 1957 1231 2028 ὀγδόῳ
1261 1958 1542 2029 κεφαλαίῳ
1580 1958 1672 2011 τοῦ
1709 1959 1864 2012 ἐννά-

273 2061 364 2098 του
419 2043 582 2111 λόγου
633 2045 734 2114 τῆς
802 2046 1300 2117 Ἐκκλησιαστικῆς
1363 2048 1531 2102 αὑτοῦ
1599 2049 1866 2120 Ἱστορίας

219 2177 230 2192 .
383 2137 672 2201 Εὐσέϐιος,
711 2141 770 2190 ἐν
799 2141 862 2208 τῇ
898 2139 1006 2194 τῶν
1047 2139 1310 2209 διωγμῶν
1337 2141 1512 2211 ἀκμῇ,
1557 2141 1653 2195 ἐπὶ
1692 2141 1864 2208 Μαξι-

277 2225 474 2296 μιαινοῦ
519 2229 809 2298 Ῥωμαίων
843 2229 1246 2300 βασιλεύοντος,
1291 2229 1422 2302 [ὑπὸ
1447 2231 1548 2302 μὲν
1579 2231 1741 2302 λιμοῦ
1770 2233 1865 2286 καὶ

275 2320 468 2390 λοιμοῦ
501 2323 961 2394 κατασκήψαντος
1001 2325 1190 2386 αὐτοῖς
1217 2325 1316 2376 σὺν
1352 2325 1564 2396 ἑτέροις
1599 2325 1864 2395 συμπτώο

278 2429 449 2482 μασιν
469 2411 510 2483 ,]
543 2412 749 2482 ἄπειρα
800 2413 983 2485 πλήθη
1033 2413 1436 2484 διεφθείροντο,
1483 2415 1558 2478 ὡς
1595 2417 1740 2484 ταφῇ
1785 2415 1863 2485 μὴ

276 2505 538 2558 δύνασθαι
571 2506 962 2576 παραδίδοσθαι
989 2524 1002 2537 ·
1031 2507 1212 2560 καίτοι
1240 2507 1588 2576 Χριστιανῶν
1617 2507 1740 2560 τότε
1775 2525 1864 2578 φι-

278 2597 516 2666 λοτίμως
563 2599 692 2667 περὶ
742 2597 842 2662 τὰς
897 2599 1118 2670 κηδείας
1177 2599 1603 2670 ἡσχολημένων,
1648 2601 1741 2654 καὶ
1787 2600 1865 2670 τῷ

279 2687 652 2759 φιλανθρώπῳ
695 2690 821 2754 τοὺς
877 2692 1336 2762 πεπλανημένους
1379 2692 1684 2761 ἐναγόντων
1729 2692 1866 2764 πρὸς

279 2781 374 2852 τὴν
429 2782 532 2850 τῆς
583 2781 844 2852 ἀληθείας
899 2785 1198 2852 ἐπίγνωσιν
1227 2800 1239 2814 ·
1297 2783 1404 2838 ὑπὸ
1449 2785 1506 2838 δὲ
1566 2783 1868 2854 ’Λρμενίων

283 2874 706 2928 ἐπαναστάντων
763 2875 1088 2944 Ῥωμαίοις,
1133 2877 1235 2930 οὐκ
1285 2876 1500 2944 ὀλίγους
1559 2877 1866 2950 ἀνῃρῆσθαι

286 2965 530 3037 ῥομφαίᾳ
586 2969 739 3036 φησὶ,
777 2967 869 3020 καὶ
893 2967 998 3022 ὑπὸ
1023 2969 1204 3021 κυνῶν
1227 2967 1284 3021 δὲ
1307 2967 1623 3038 ἀνηλῶσθαι
1658 2969 1730 3022 τὰ
1758 2968 1867 3021 τῶν

286 3055 553 3112 θανόντων
589 3059 850 3129 σώματα·
893 3059 970 3124 ὡς
1001 3059 1189 3113 λοιπὸν
1227 3061 1354 3123 τοὺς
1385 3059 1745 3130 λειπομένους
1784 3061 1867 3124 εἰς

291 3149 636 3205 κυνοκτονίαν
683 3152 999 3222 τραπῆναι,
1051 3151 1292 3216 δεδιότας
1327 3151 1403 3223 μὴ
1442 3153 1537 3206 καὶ
1581 3152 1738 3205 αὐτοὶ.
1767 3151 1860 3204 θα-

291 3244 496 3312 νόντες,
551 3243 762 3309 ζῶντας
817 3237 1044 3308 τούτους
1111 3245 1318 3314 τάφους
1374 3246 1706 3314 κτήσωνται.
1751 3245 1867 3298 Οὐκ

299 3337 510 3400 ἀπεικὸς
553 3337 610 3390 δὲ
646 3340 761 3401 τοῖς
795 3339 926 3391 κυσὶ
951 3338 1051 3407 τῆς
1081 3337 1252 3406 αὐτῆς
1283 3337 1466 3405 θοίνης
1501 3337 1596 3390 καὶ
1643 3336 1866 3407 ἀγρίους

305 3427 460 3498 θῆρας
485 3429 870 3499 συμμετέχειν,
901 3427 988 3482 διὰ
1017 3429 1079 3480 τὸ
1105 3428 1202 3496 τῆς
1233 3427 1438 3498 τροφῆς
1471 3425 1738 3494 ἄφθονον·
1774 3426 1868 3478 καὶ

297 3519 356 3570 ἐν
407 3521 468 3590 τῇ
515 3521 762 3592 ἡμετέρᾳ
803 3521 860 3574 δὲ
907 3522 1070 3590 γενεᾷ
1116 3520 1324 3609 τούτων
1366 3519 1600 3572 ἕκαστον
1651 3517 1868 3589 συμϐὰν

292 3609 554 3684 ἔγνωμεν.

869 3903 1126 3962 ΚΕΦΑΛ.
1161 3901 1258 3958 lZ'.

277 4015 472 4080 Λύσις
522 4015 634 4082 τῆς
685 4015 960 4084 πέμπτης
1008 4017 1372 4085 σφραγῖδος,
1425 4016 1705 4083 δηλοῦσα
1749 4017 1866 4084 τὴν

344 4085 468 4138 τῶν
493 4086 678 4158 ἁγίων
706 4085 967 4158 [ψυχῶν]
1003 4089 1153 4155 πρὸς
1183 4089 1404 4156 Κύριον
1424 4089 1558 4156 περὶ
1587 4088 1696 4157 τῆς
1719 4105 1867 4142 συν-

341 4157 580 4222 τελείας
603 4157 994 4224 καταϐόησιν.

341 4269 458 4324 Καὶ
495 4269 596 4323 ὅτε
625 4269 832 4338 ἤνοιξε
871 4270 990 4338 τὴν
1026 4270 1306 4340 πέμπτην
1333 4272 1636 4342 σφραγῖδα
1656 4315 1671 4340 ,
1699 4268 1868 4328 εἶδον

273 4359 560 4416 ὑποκάτω
589 4361 697 4416 τοῦ
733 4363 1172 4429 θυσιαστηρίου
1201 4361 1310 4428 τὰς
1331 4363 1537 4432 ψυχὰς
1579 4362 1720 4434 [τῶν
1757 4364 1865 4418 ἀν-

277 4453 548 4526 θρώπων]
595 4453 716 4508 τῶν
757 4454 1158 4524 ἐσφαγμένων
1205 4455 1304 4508 διὰ
1361 4455 1469 4508 τὸν
1507 4457 1706 4524 Λόγον
1759 4454 1865 4510 τοῦ

1967 1951 2112 1996 statu
2166 1941 2302 1996 satis
2355 1943 2700 2011 conspirant.
2750 1941 2968 1997 Etenim
3013 1958 3176 2006 cum,
3221 1943 3558 1998 Maximiano

1967 2029 2342 2086 Romanorum
2378 2033 2626 2100 principe
2663 2033 3006 2103 imperante,
3047 2033 3101 2088 in
3141 2035 3262 2104 ipso
3299 2051 3558 2104 persecu-

1969 2122 2138 2178 tionis
2161 2131 2296 2178 testu
2329 2125 2499 2194 pestis
2529 2125 2694 2178 simul
2719 2135 2772 2180 et
2799 2125 2974 2180 fames
3011 2127 3306 2182 crudeliter
3341 2143 3558 2198 grassa-

1965 2226 2193 2280 rentur,
2252 2225 2402 2272 tanta
2453 2217 2742 2272 hominum
2791 2218 3124 2284 multitudo,
3178 2229 3238 2273 ut
3283 2221 3557 2276 Eusebius

1967 2303 2242 2376 Pamphili
2286 2307 2548 2378 exponit,
2579 2309 2852 2363 exstincta
2893 2310 3129 2374 interiit,
3182 2319 3242 2364 ut
3289 2312 3556 2366 cadavera

1967 2399 2266 2468 sepulturae
2304 2399 2446 2454 tradi
2477 2415 2620 2470 aegre
2652 2401 2950 2454 admodum
3004 2403 3304 2470 potuerint,
3341 2403 3556 2458 etiamsi

1967 2491 2269 2546 Christiani
2303 2501 2558 2548 accurate
2583 2509 2680 2562 per
2710 2493 2764 2548 id
2799 2503 3014 2563 tempus
3053 2495 3198 2549 circa
3235 2497 3558 2552 demortuo-

1967 2599 2090 2638 rum
2126 2584 2316 2638 l‘unera
2357 2594 2788 2654 occuparentur,
2817 2600 3115 2655 erroreque
3147 2587 3401 2642 seductos
3436 2603 3556 2640 ma-

1969 2691 2078 2744 gna
2105 2675 2452 2730 immanitate
2486 2676 2552 2730 ad
2596 2677 2846 2730 veritatis
2883 2677 3058 2731 lucem
3103 2677 3378 2732 adducere
3418 2680 3559 2734 nite-

1967 2773 2182 2821 rentur.
2223 2766 2390 2820 Addit
2423 2767 2568 2821 idem
2601 2776 2817 2834 auctor,
2849 2783 2962 2822 non
3001 2783 3208 2838 paucos
3241 2785 3458 2840 quoque
3489 2773 3558 2825 ab

1969 2857 2285 2922 Armeniis,
2336 2859 2430 2928 qui
2459 2867 2650 2913 contra
2687 2859 2970 2916 Romanos
3011 2861 3198 2916 eadem
3239 2871 3557 2931 tempestate

1971 2948 2410 3014 insurrexerunt,
2447 2951 2858 3008 contrucidatos
2889 2955 3239 3018 occubuisse,
3285 2971 3558 3026 canesque

1969 3037 2026 3093 in
2069 3039 2484 3095 interfectorum
2521 3041 2788 3098 cadavera
2817 3043 3132 3098 immaniter
3168 3047 3444 3114 saaviisse,
3483 3049 3554 3102 ita

1971 3139 2029 3186 ut
2065 3131 2101 3186 ii
2133 3132 2226 3202 qui
2255 3147 2282 3186 a
2311 3133 2464 3188 clade
2497 3134 2694 3204 reliqui
2717 3135 2899 3190 adhuc
2919 3146 3100 3202 erant,
3135 3137 3188 3190 in
3220 3153 3420 3192 cauum
3453 3155 3560 3196 cz:-

1893 3215 1936 3271 C
1969 3223 2092 3278 dem
2138 3239 2260 3302 sese
2293 3227 2700 3292 converterint,
2751 3227 2912 3281 veriti
2955 3223 3062 3292 ne,’
3124 3239 3480 3299 posteaquam
3527 3249 3558 3284 ιι

1971 3315 2108 3370 vivis
2158 3317 2566 3382 excessissent,
2615 3317 2833 3371 illorum
2870 3330 3090 3373 ventres
3127 3321 3250 3374 viva
3305 3321 3556 3390 Sepulcra

1970 3409 2322 3462 sortirentur.
2357 3407 2642 3464 Probabile
2661 3410 2718 3463 lit
2747 3425 2968 3481 quoque
2990 3424 3236 3482 agreSIes
3265 3411 3433 3481 feras,
3463 3430 3556 3470 ca-

1971 3499 2232 3554 daverum
2285 3503 2490 3570 passim
2524 3503 2827 3571 jacentium
2863 3504 3019 3572 c0pia
3055 3504 3358 3571 excitatas,
3405 3507 3557 3577 ejus-

1973 3592 2097 3647 dem
2159 3608 2282 3647 cum
2346 3595 2580 3650 canibus
2641 3606 2834 3666 pastus
2892 3597 3186 3666 participes
3256 3601 3556 3654 exstitisse.

1970 3681 2114 3748 Quin
2153 3693 2338 3738 nostra
2370 3701 2592 3755 quoque
2623 3696 2782 3742 aetate
2810 3689 3060 3757 quaedam
3089 3687 3289 3744 similia
3324 3706 3425 3746 usu
3470 3709 3556 3748 vc-

1975 3776 2124 3830 ttisse
2155 3776 2431 3834 novimus.

2499 3889 2731 3946 CAPUT
2767 3891 2933 3950 XVII.

1974 4001 2179 4078 Salutio
2212 4005 2384 4075 quinti
2421 4005 2618 4077 sigilli,
2662 4025 2780 4078 qua:
2823 4021 3132 4068 sanctorum
3175 4015 3434 4068 clamores
3491 4029 3558 4068 na

2115 4075 2282 4130 Deum
2317 4093 2411 4144 pro
2442 4075 2624 4132 seaculi
2662 4075 3111 4138 consummatione
3139 4089 3404 4155 proponit.

2048 4254 2136 4322 Vi,
2177 4256 2229 4321 9,
2270 4255 2358 4310 10.
2397 4257 2464 4310 Et
2515 4273 2636 4309 cum
2671 4259 2962 4326 aperuisset
3009 4259 3246 4329 sigillum
3277 4262 3558 4332 quintum,

1969 4350 2079 4403 uidi
2115 4349 2294 4404 subter
2309 4351 2481 4404 altare
2511 4352 2720 4404 animas
2750 4352 3150 4420 interfectorum
3176 4365 3390 4424 propter
3429 4355 3557 4410 Ver-

1975 4441 2095 4494 bum
2129 4441 2246 4506 Dei,
2273 4452 2320 4494 et
2360 4453 2574 4512 propter
2613 4443 2970 4497 testimonium
3001 4453 3138 4514 quod
3170 4445 3432 4500 habebant
3463 4462 3482 4500 :
3509 4459 3558 4502 et

273 4546 426 4602 Θεοῦ
443 4547 542 4600 καὶ
560 4545 658 4600 διὰ
677 4547 793 4615 τὴν
797 4549 1130 4616 μαρτυρίαν
1147 4545 1276 4618 [τοῦ
1307 4548 1467 4614 Ἀρνί
1471 4547 1565 4618 ου]
1590 4547 1664 4615 ἣν
1677 4543 1866 4617 εἶχον.

1975 4537 2278 4592 clamabant
2303 4555 2422 4593 uoce
2445 4555 2658 4610 magna,
2683 4539 2913 4594 dicentes
2943 4555 2962 4595 :
2990 4541 3288 4613 Usquequo,
3314 4544 3556 4611 Domine,

273 4640 381 4692 Kal
411 4637 848 4708 ἔκραζονςρωνῇ
866 4641 1097 4709 μεγάλῃ
1127 4640 1431 4710 λέγοντες·
1461 4641 1616 4703 ’Έως
1643 4644 1810 4707 πότε,
1833 4643 1867 4695 ό

275 4731 587 4798 Δεσπότης
607 4730 823 4804 [ἡμῶν]
855 4735 887 4785 ό
917 4731 1084 4801 ἅγιος
1099 4731 1196 4785 καὶ
1223 4735 1256 4786 ὁ
1281 4733 1596 4798 ἀληθινὸς,
1627 4734 1700 4787 οὐ
1739 4733 1866 4801 κρί-

273 4841 402 4892 νεις
439 4825 539 4878 καί
579 4825 737 4897 [οὐκ]
781 4825 1040 4891 ἐκδικεῖς
1069 4826 1134 4878 τὸ
1175 4821 1320 4894 αἷμα
1372 4825 1544 4895 ἡμῶν
1579 4826 1700 4881 ἀπὸ
1747 4825 1868 4880 τῶν

275 4919 721 4972 κατοικούντων
740 4919 838 4970 ἐπὶ
863 4917 972 4985 τῆς
998 4917 1143 4986 γ-ῆςς

349 5011 414 5065 Ei
474 5011 574 5081 μέν
613 5029 696 5074 τις
747 5009 846 5082 τὴν
890 5011 1046 5064 λύσιν
1079 5011 1192 5064 τῶν
1224 5013 1508 5084 τεσσάρων
1553 5012 1868 5082 σφραγίδων

273 5107 396 5170 ταῖς
425 5106 520 5159 τοῦ
543 5105 783 5176 Χριστοῦ
812 5106 1232 5176 παρῳχηκυίαις
1257 5107 1593 5174 οἰκονομίαις
1621 5109 1868 5174 προσνεῖ-

281 5215 381 5266 μαι
421 5197 694 5268 βιάσεται,
737 5199 835 5250 καὶ
883 5198 1088 5267 ταύτην
1123 5199 1345 5261 εἰκότως
1395 5202 1506 5261 τοῖς
1543 5197 1869 5269 προτελειω-

275 5289 422 5344 θεῖσι
459 5292 770 5362 προφήταις
800 5291 893 5343 καὶ
931 5290 1140 5352 λοιποῖς
1178 5289 1356 5357 ἁγίοις
1395 5289 1731 5359 ἐφαρμόσει·
1771 5286 1870 5359 [οἳ]

276 5383 380 5452 τῆς
431 5383 584 5447 θείας
621 5383 934 5436 καταϐοῶσι
980 5382 1404 5453 μακροθυμίας,
1457 5383 1544 5450 ἐφ’
1589 5375 1671 5445 οἷς
1709 5382 1870 5452 μέχρι

281 5475 526 5544 σταυροῦ
563 5476 713 5545 παρά
777 5475 1050 5528 Ἰουδαίων
1085 5475 1442 5544 ὑϐριζόμενος
1485 5474 1758 5544 ἀνέχεται.
1807 5474 1870 5527 Ei

275 5571 334 5623 δέ
367 5587 456 5634 τις
487 5569 564 5633 ὡς
604 5570 908 5640 μελλόντων
939 5569 1245 5639 πρόῤῥησιν
1271 5567 1444 5621 ταῦτα
1479 5567 1684 5638 ὲκλάὸῃ
1727 5567 1871 5621 κατὰ

277 5663 410 5724 τοὺς
439 5660 793 5722 διδασκάλους
822 5661 922 5730 τῆς
966 5659 1314 5729 Ἐκκλησίας,
1357 5661 1470 5722 τοῖς
1499 5659 1586 5712 διὰ
1635 5659 1870 5729 Χριστὸν

281 5754 674 5824 σφαγιασθεῖσι
705 5757 806 5824 τὴν
847 5750 1106 5822 τοιαύτην
1135 5753 1368 5822 πρέπειν
1399 5751 1542 5806 κατὰ
1591 5751 1698 5804 τῶν
1739 5749 1869 5804 διω-

279 5847 432 5900 κτῶν
489 5849 733 5916 οἰήσεται
785 5844 1152 5916 καταϐόησιν,
1206 5844 1294 5913 ἐφ’
1348 5838 1394 5914 ᾧ
1439 5843 1569 5908 τοὺς
1618 5846 1676 5897 ὲν
1730 5844 1868 5913 αὐτῇ

1975 4633 2213 4692 (sanctus
2247 4641 2294 4686 et
2328 4637 2502 4702 verus)
2543 4649 2644 4686 non
2672 4633 2917 4702 judicas,
2949 4645 2998 4688 et
3031 4651 3134 4688 non
3167 4636 3404 4691 vindicas
3434 4653 3560 4691 san-

1971 4725 2180 4796 guinem
2213 4735 2456 4779 nostrum
2481 4725 2544 4780 de
2572 4725 2652 4779 his
2678 4725 2770 4796 qui
2799 4727 3043 4780 habitant
3079 4727 3132 4782 in
3165 4729 3348 4782 terra!

2045 4991 2150 5059 Qui
2209 5001 2447 5062 quatuor
2501 4993 2809 5065 sigillorum
2879 4994 3211 5050 solutionem
3267 5003 3560 5052 transacL-e

1967 5088 2078 5156 jam
2115 5088 2246 5140 olim
2287 5087 2490 5142 Christi
2523 5091 2846 5142 (economiaz
2887 5089 3156 5149 tribuunt,
3201 5089 3300 5149 illi,
3348 5099 3406 5142 ut
3451 5091 3555 5144 sibi

1973 5191 2246 5242 constent,
2285 5181 2428 5234 hanc
2467 5181 2718 5249 quintam
2761 5179 3044 5248 prophetis
3073 5180 3396 5249 jamdudum
3429 5189 3558 5233 ante

1975 5274 2378 5328 consummatis
2447 5273 2772 5341 caeterisque
2841 5273 3050 5325 sanctis
3139 5269 3559 5324 accommodent

1973 5373 2208 5435 oportet.
2245 5365 2308 5418 lli
2347 5377 2584 5432 namque
2615 5363 2684 5418 de
2725 5363 2818 5418 Dei
2853 5361 3112 5431 patientia
3139 5371 3192 5416 et
3225 5360 3556 5430 longanimi-

1973 5470 2082 5514 tate
2123 5466 2272 5512 ccrta
2319 5459 2554 5527 quadam
2593 5457 2812 5510 ratione
2847 5455 2992 5509 haud
3037 5454 3238 5524 injuste
3287 5453 3554 5521 qut-ritari

1973 5555 2140 5610 videri
2191 5559 2451 5622 possunt;
2493 5559 2552 5606 ut
2577 5551 2668 5620 qui
2693 5549 2978 5604 tentationi
3013 5561 3188 5617 usque
3217 5547 3284 5602 ad
3321 5555 3554 5602 mortem

1973 5649 2300 5712 restitcrint,
2338 5647 2712 5715 injustamque
2756 5643 3070 5697 Judmorum
3125 5643 3231 5695 vim
3275 5649 3330 5697 et
3361 5651 3560 5696 contu-

1977 5743 2194 5797 meliam
2241 5741 2512 5810 patienter
2553 5738 2940 5793 sustinuerint.
2979 5735 3082 5801 Qui
3113 5751 3246 5792 vero
3281 5735 3557 5805 receptio'

1973 5853 2090 5894 rem
2141 5835 2428 5890 doctorum
2487 5829 2747 5886 Ecclesia:
2802 5828 3132 5884 sententiam
3187 5827 3394 5894 scenti,
3443 5825 3558 5880 haec
