4070 6406
492 365 600 432 211

1670 352 2001 415 ANDREZE
2039 353 2559 418 CESARIENSIS

3661 365 3774 428 ΤΞ

501 496 764 555 tanquam
799 479 1106 536 futurorum
1142 473 1547 545 praedictionem
1577 470 1826 540 accipere
1852 471 2082 535 malunt,

2197 472 2375 538 ἀξίους
2418 471 2750 545 ἐπιστρέψαι
2773 489 2785 504 ⁸
2823 473 2931 528 τῶν
2964 474 3024 528 δέ
3065 473 3309 530 ἀπειθῶν
3336 477 3403 548 τῇ
3443 481 3781 550 παγκοσμίῳ

501 581 578 636 illi
626 577 912 648 praesentis
945 571 1048 627 loci
1088 569 1342 640 querelas
1375 574 1542 636 atque
1589 565 1861 620 clamores
1893 563 1946 616 in
1986 578 2082 618 eos

500 675 674 743 magis
701 669 991 726 convenire
1021 671 1292 726 statuunt,
1317 659 1408 730 qui
1433 666 1654 728 propter
1676 656 1956 711 Christum
1995 671 2084 710 oc-

499 765 639 828 eisi,
703 769 893 816 contra
961 762 1345 827 persecutores
1413 751 1710 804 vindictam
1786 755 2079 818 expetunt;

499 864 772 925 quatenus
800 853 894 922 qui
937 850 1077 903 inter
1113 848 1264 916 ipsos
1306 843 1396 896 Dei
1443 840 1731 896 clementia
1773 855 1878 893 non
1921 854 2079 908 pror-

499 964 594 1013 sus
627 946 835 1014 indigni
876 941 1255 1001 invenientur,
1297 938 1364 990 ad
1416 933 1704 988 Dominum
1747 941 2080 987 convertan-

501 1049 613 1105 tur,
664 1038 940 1092 obstinate
977 1043 1158 1088 autcm
1188 1029 1362 1099 impii,
1396 1043 1491 1097 per
1521 1025 1886 1080 universalem
1914 1025 2082 1079 totius

2191 563 2474 634 συντελείᾳ
2506 562 2738 632 ἐκκόψαι
2776 563 2876 634 τὴν
2907 565 3165 619 ἀσέϐειαν
3196 567 3346 630 ὅπως
3374 567 3442 620 ἂν
3475 569 3551 637 μὴ
3595 570 3776 622 ἐκτεί-

2189 672 2355 709 νωσιν
2396 656 2446 708 οἱ
2484 655 2685 709 δίκαιοι
2722 657 2781 709 ἐν
2827 656 3079 727 ἀνομίαις
3104 659 3292 729 χεῖρας
3324 658 3526 712 αὐτῶν.
3567 659 3632 712 Εί
3667 661 3781 732 γάρ

2190 747 2429 818 καὶῆδη
2470 747 2625 814 τότε,
2669 747 2854 812 καθὼς
2896 751 3147 821 εἴρηται,
3193 752 3242 806 oi
3299 751 3582 815 δυσσεϐεῖς
3622 753 3782 815 θείας

2189 835 2360 907 ὀργῆς
2412 835 2824 907 ἐπειράθησαν,
2875 837 2989 891 ἀλλ’
3040 839 3191 892 οὐδὲν
3238 837 3402 914 ἦττον
3454 842 3523 895 τὰ
3567 843 3783 895 τούτων

2191 926 2422 996 λείψανα
2491 927 2939 1000 ἐπιστρεπτικῶν
2993 929 3025 1000 ἢ
3089 932 3430 987 κολαστικῶν
3493 935 3784 1004 μαστίγων

2190 1021 2423 1074 ἐδέοντο.

500 1134 652 1190 orbis
681 1129 1218 1188 consummationem
1260 1125 1620 1186 excidantur,
1688 1137 1757 1175 ne
1797 1122 1933 1192 justi
1987 1118 2055 1173 ad
2115 1119 2460 1189 iniquitatem
2515 1116 2814 1172 extendant
2867 1133 3062 1173 manus
3122 1134 3270 1176 suas.
3342 1119 3478 1176 Nam
3510 1123 3616 1178 etsi
3652 1137 3779 1192 per-

499 1227 656 1283 multi
683 1225 834 1295 impii
861 1222 1184 1292 jamdudum
1242 1228 1368 1274 ante
1399 1218 1492 1273 Dei
1528 1219 1666 1273 iram
1709 1215 1922 1285 experti
1945 1222 2096 1278 sunt,
2133 1211 2304 1267 nihilo
2327 1211 2510 1267 secius
2537 1211 2755 1266 illorum
2781 1211 3052 1282 'reliquiaa
3100 1212 3328 1284 ﬂagellis
3369 1215 3550 1271 adhuc
3573 1226 3780 1288 egent;

498 1321 699 1392 quibus
723 1328 816 1371 aut
845 1324 1254 1376 convertantur,
1286 1321 1376 1366 aut
1408 1327 1506 1381 pro
1533 1310 1745 1366 meritis
1767 1317 1915 1364 certe
1937 1308 2266 1388 plectantur.

572 1416 665 1479 VI,
697 1416 782 1470 II'.
816 1413 885 1467 Et
919 1413 1061 1466 datae
1090 1422 1210 1464 sunt
1251 1410 1360 1464 illis
1401 1407 1627 1478 singula:
1657 1407 1809 1460 stola:
1838 1405 1995 1470 albas,
2035 1412 2084 1456 et

499 1513 700 1565 dictum
732 1517 808 1562 cst
846 1509 954 1560 illis
983 1516 1037 1559 ut
1067 1505 1446 1573 requiescerent
1477 1501 1650 1554 adhuc
1677 1499 1929 1568 pusillum
1959 1507 2088 1551 tem-

499 1605 682 1675 poris;
718 1603 880 1655 donec
910 1599 1275 1667 compleantur
1311 1595 1544 1648 conservi
1572 1608 1775 1655 eorum,
1810 1600 1860 1644 et
1898 1590 2090 1659 fratres

501 1713 703 1755 eorum,
737 1695 825 1764 qui
860 1690 1211 1760 interficiendi
1237 1697 1382 1753 sunt,
1419 1691 1557 1741 sicut
1588 1695 1636 1739 et
1668 1685 1770 1738 illi.

2258 1401 2366 1456 Kal
2407 1401 2586 1470 ἐδόθη
2627 1402 2833 1469 αὐτοῖς
2870 1401 3107 1470 ἑκάστῳ
3155 1402 3352 1470 στολὴ
3395 1403 3626 1472 λευκή·
3675 1420 3782 1457 και

2186 1495 2397 1565 ἐρρέθη
2427 1496 2634 1562 αὐτοῖς
2673 1497 2773 1550 ἵνα
2805 1497 3273 1552 ἀναπαύσωνται
3315 1498 3401 1549 ἐτι
3436 1498 3664 1566 χρόνον
3687 1515 3782 1566 μι-

2188 1588 2358 1657 κρὸν,
2381 1587 2493 1653 ἕως
2518 1584 2590 1643 οὗ
2609 1587 2974 1655 πληρώσωσι
2996 1587 3092 1640 καί
3119 1590 3175 1640 οἱ
3196 1586 3529 1641 σύνδουλοι
3553 1586 3778 1650 αὐτῶν,

2195 1679 2295 1733 καὶ
2329 1681 2383 1732 οί
2421 1679 2673 1748 ἀδελφοί
2722 1677 2922 1733 αὐτῶν
2959 1681 3013 1732 ot
3048 1679 3378 1748 μέλλοντες
3423 1678 3781 1733 ἀποκτείνε-

2191 1776 2331 1827 σθαι
2359 1775 2441 1840 ὡς
2470 1773 2565 1826 καί
2589 1775 2781 1828 αὐτοι.

575 1880 718 1948 Quin
776 1893 873 1948 per
915 1876 1026 1929 haec
1060 1885 1281 1944 quoque
1318 1869 1501 1926 smeuli
1548 1866 2082 1924 consummationem

2260 1867 2333 1920 Τὸ
2361 1866 2448 1928 δέ,
2503 1866 2656 1931 Ἕως
2692 1862 2764 1923 οὗ
2811 1866 3178 1934 πληρώσωσι
3206 1866 3302 1921 καί
3351 1867 3406 1920 οἱ
3443 1865 3782 1920 σύνδουλοι

501 1980 759 2040 expetere
797 1966 972 2021 sancti
1014 1964 1319 2032 probantur
1356 1979 1369 2014 :
1405 1961 1629 2016 interim
1662 1972 1832 2027 usque
1870 1956 1938 2011 ad
1976 1955 2086 2011 Ira-

502 2076 648 2118 trum
681 2075 910 2113 suorutu
939 2065 1196 2118 mortem,
1235 2070 1304 2109 ne
1334 2062 1458 2107 ante
1487 2051 1632 2114 illos,
1659 2050 1816 2120 juxta
1854 2049 2087 2118 Aposto—

503 2158 637 2220 lum,
666 2159 1153 2213 consummentur,
1188 2161 1398 2201 moram
1450 2145 1612 2199 istam
1644 2143 1912 2213 patienter
1943 2139 2087 2196 ferre

499 2253 781 2320 iubentur.
842 2244 1101 2300 Candida:
1167 2242 1273 2311 27
1330 2250 1511 2295 autem
1562 2239 1754 2302 slolm,
1821 2238 2084 2292 virtutum

500 2340 871 2412 splendorem,
895 2337 986 2405 qui
1031 2334 1264 2388 illustris
1303 2333 1358 2386 in
1389 2332 1497 2386 illis
1523 2331 1769 2393 exsistit,
1806 2329 2084 2393 insinuat;

503 2447 614 2500 quo
646 2427 936 2498 splendore
965 2423 1076 2493 jam
1111 2435 1260 2474 nunc
1304 2419 1545 2488 undique
1579 2426 1706 2471 sunt
1739 2413 2084 2479 circumfusi,

503 2521 724 2578 etiamsi
767 2517 1190 2588 promissorum-
1222 2512 1487 2566 bonorum
1534 2507 1911 2562 haereditatem
1962 2519 2088 2558 nec-

505 2617 636 2670 dum
669 2611 848 2681 adepti
891 2617 1038 2663 sunt.
1075 2605 1276 2658 Eorum
1309 2603 1493 2671 itaque
1522 2601 1790 2654 bonorum
1823 2613 1939 2667 spe,
1969 2609 2090 2665 qua:

507 2703 742 2776 spiritali
791 2699 954 2756 oequ
1010 2711 1156 2751 nunc
1191 2692 1640 2762 eontemplantur
1682 2689 1750 2744 ab
1799 2685 1952 2743 omni
2003 2687 2089 2739 in-

507 2812 658 2855 terea
704 2790 1071 2849 crassitudine
1100 2787 1272 2850 exuti,
1304 2785 1500 2840 merito
1537 2784 1817 2847 Iactantur;
1852 2794 1951 2835 nec
1980 2792 2087 2832 non

508 2894 563 2946 in
607 2889 842 2944 Abraba:
874 2877 1229 2950 sinu'pacate
1265 2880 1612 2950 requiescere
1642 2877 1911 2931 feruntur.
1952 2871 2088 2927 Mul-

508 2994 691 3038 torum
738 2991 978 3047 namque
1039 2983 1357 3029 sanctorum
1410 2971 1681 3026 sententia
1722 2976 1841 3034 est,
1893 2979 2090 3020 unum-

507 3072 810 3146 quemlibet
868 3067 1084 3122 \irtutis
1130 3065 1394 3119 cultorem
1446 3062 1626 3118 locum
1664 3059 1820 3114 Iactis
1861 3057 1977 3113 suis
2005 3056 2092 3110 di-

508 3178 675 3234 gnum
723 3167 848 3231 post
894 3159 1036 3213 banc
1071 3157 1237 3209 vitam
1276 3154 1494 3220 sortiri;
1548 3167 1614 3206 ex
1659 3164 1770 3220 quo
1809 3149 1876 3204 de
1920 3147 2090 3219 gloria
2119 3182 2164 3242 ο

469 3315 473 3320 _
509 3256 612 3310 sib’i
638 3261 937 3324 praeparata
969 3258 1177 3306 certam
1204 3247 1580 3314 conjecturam
1614 3244 1794 3300 facere
1821 3241 2018 3298 valeat.

1039 3427 1052 3438 .
1072 3383 1300 3441 CAPUT
1341 3381 1529 3439 XVIII.

508 3504 659 3561 Sexti
711 3502 875 3574 sigilli
929 3501 1328 3574 solutio,__qu(r
1373 3499 1559 3574 plagas
1591 3513 1720 3574 gum
1764 3495 2096 3574 sub_swculi

580 3567 952 3641 catastrophen
986 3567 1291 3624 mortalium
1323 3567 1494 3639 generi
1522 3571 1837 3636 infer-eatur,
1873 3567 2097 3622 breviter

580 3656 864 3714 percenset.

584 3780 678 3845 VI,
716 3780 802 3843 i2,
838 3779 924 3832 I3.
972 3775 1037 3829 Et
1084 3775 1190 3828 vidi
1233 3789 1350 3825 cum
1387 3771 1678 3838 aperuisset
1711 3768 1946 3838 sigillum
1978 3783 2097 3822 sex-

513 3887 626 3929 tum
655 3888 673 3927 :
705 3881 752 3926 et
789 3887 902 3925 ecce
948 3875 1278 3922 terrwmotus
1328 3880 1549 3934 magnus
1579 3862 1751 3931 factus
1784 3871 1897 3926 est;
1935 3869 1984 3913 et
2017 3859 2098 3913 sol

515 3968 689 4038 {actus
734 3972 808 4018 est
855 3963 1005 4032 niger
1051 3971 1300 4029 tanquam
1353 3973 1536 4012 saccus
1567 3957 1837 4020 cilicinus,
1877 3965 1925 4008 et
1968 3954 2096 4007 luna

517 4073 627 4114 tota
669 4060 813 4130 facta
857 4066 932 4112 est
961 4058 1094 4110 sicut
1133 4055 1350 4125 sanguis
1381 4068 1399 4108 :
1427 4061 1476 4107 et
1515 4051 1682 4106 stellae
1717 4052 1779 4105 de
1810 4051 1937 4104 caelo
1967 4051 2098 4104 ceci—

513 4155 703 4207 derunt
735 4165 890 4217 super
918 4160 1144 4212 terram,
1174 4148 1308 4201 sicut
1336 4147 1468 4216 [icus
1491 4145 1684 4198 emittit
1719 4159 1929 4214 grossos
1953 4159 2096 4209 suos,

513 4262 634 4300 cum
667 4261 696 4296 a
727 4255 876 4297 vento
909 4258 1097 4310 magno
1128 4250 1379 4293 movetur.

593 4335 709 4392 Etsi
738 4350 845 4389 non
889 4333 1071 4389 desint
1107 4334 1196 4403 qui
1229 4332 1343 4387 haec
1366 4330 1551 4386 omnia
1589 4331 1655 4385 ad
1687 4327 2097 4399 IIierosolymo-
2141 4398 2143 4400 η

513 4443 639 4484 rum
676 4426 1018 4482 obsidionem
1047 4433 1100 4479 et
1129 4424 1470 4478 eversionem
1510 4440 1631 4493 quae
1663 4439 1692 4477 a
1723 4421 1845 4478 Tito
1888 4419 2096 4492 Vespa—

2186 1957 2408 2023 αὐτῶν,
2445 1957 2598 2028 δηλοῖ
2631 1959 2714 2012 ὅτι
2739 1957 2839 2026 τὴν
2865 1955 2961 2011 τοῦ
2993 1957 3202 2027 κόσμου
3249 1958 3565 2012 συντέλειαν
3592 1957 3780 2011 αίτού-

2191 2069 2344 2122 μενοι
2371 2052 2654 2121 φαίνονται
2691 2053 2739 2105 οί
2776 2051 2922 2120 ἅγιοι
2945 2067 2962 2085 υ
2997 2050 3081 2105 διὸ
3105 2050 3200 2105 καὶ
3229 2050 3609 2121 μακροθυμεῖν
3647 2051 3778 2121 ἄχρι

2186 2145 2286 2214 τῆς
2333 2143 2444 2196 τῶν
2491 2144 2738 2213 ἀδελφῶν
2775 2141 3114 2204 τελειώσεως
3165 2141 3517 2208 κελεύονται,
3567 2141 3657 2194 ἴνα
3701 2142 3780 2212 μὴ

2188 2234 2359 2304 χωρὶς
2389 2233 2570 2288 αὐτῶν
2604 2233 2961 2296 τελειωθῶσι,
3007 2231 3150 2287 κατὰ
3174 2232 3268 2287 τὸν
3315 2231 3663 2285 ’Λπόστολον.
3717 2231 3781 2287 Ἠ

2188 2327 2245 2380 δέ
2298 2329 2491 2396 λευκὴ
2551 2327 2747 2396 στολὴ
2794 2327 2892 2398 τὴν
2921 2325 3262 2382 ἐπανθοῦσαν
3293 2326 3476 2388 αὐτοῖς
3506 2326 3617 2378 τῶν
3647 2325 3780 2392 ἀρε-

2189 2420 2298 2474 τῶν
2325 2421 2580 2490 ἐμφαίνει
2612 2420 2976 2490 λαμπρότητα
2998 2461 3012 2484 ,
3042 2420 3109 2489 ἦν
3139 2417 3538 2488 ἀμφιέννυνται
3557 2457 3572 2480 ,
3601 2416 3650 2468 εξ
3680 2415 3779 2469 καὶ

2193 2515 2362 2584 μήπω
2393 2515 2492 2576 τὰς
2537 2513 2874 2582 ἐπαγγελίας
2925 2512 3272 2582 ἐκομίσαντο.
3313 2511 3392 2581 Τῇ
3425 2510 3557 2577 γοῦν
3601 2508 3779 2562 ἐλπίδι

2191 2605 2400 2658 τούτων
2420 2647 2435 2671 ,
2467 2606 2613 2676 ἆπερ
2644 2605 2844 2676 νοερῶς
2887 2603 3302 2674 ἐνοπτρίζονται
3325 2642 3338 2665 ,
3383 2601 3565 2670 πάσης
3598 2601 3778 2669 ἀπηλ-

2191 2697 2453 2767 λαγμένοι
2503 2695 2849 2768 παχύτητος,
2913 2697 3142 2759 είκότως
3195 2696 3612 2764 εὐφραίνονται,
3664 2694 3781 2755 τοῖς

2190 2790 2415 2852 κόλποις
2454 2789 2707 2860 Ἀϐραὰμ
2733 2788 3210 2858 ἐπαναπαυόμενοι
3232 2804 3246 2818 ·
3288 2785 3504 2849 πολλοῖς
3530 2785 3640 2854 γὰρ
3667 2782 3780 2835 τῶν

2191 2881 2364 2950 ἁγίων
2407 2882 2567 2934 τοῦτο
2609 2881 2860 2952 εἴρηται,
2899 2881 2962 2934 τὸ
3004 2881 3218 2950 χώρους
3267 2880 3454 2946 ἀξίους
3497 2877 3779 2947 εἰληφέναι

2192 2973 2300 3028 τῶν
2323 2973 2423 3043 τῆς
2451 2975 2655 3045 ἀρετῆς
2677 2974 2930 3044 ἐργατῶν
2957 2974 3187 3027 ἕκαστον
3209 2973 3278 3026 δι’
3306 2965 3381 3026 ὧν
3403 2972 3502 3025 καὶ
3531 2970 3777 3041 περὶτῆς

2197 3065 2502 3137 μελλούσης
2537 3066 2717 3122 αὐτῶν
2745 3065 2904 3136 δόξης
2935 3067 3354 3139 τεκμαίρονται.

2792 3399 3045 3453 ΚΕΦᾹΛ.
3087 3399 3197 3452 ιη’.

2198 3519 2392 3588 Λύσις
2419 3517 2529 3586 τῆς
2551 3518 2730 3584 ἕκτης
2747 3517 3099 3587 σφραγῖδος,
3134 3517 3240 3583 τὰς
3263 3517 3334 3570 ἐν
3359 3516 3435 3585 τῇ
3458 3516 3783 3584 συντελείᾳ

2439 3589 2815 3659 ἐπαγομένας
2843 3589 3084 3658 πληγὰς
3115 3589 3529 3658 σημαίνουσα.

2270 3791 2379 3846 Καί
2420 3788 2602 3847 εἶδον·
2641 3795 2741 3847 καὶ
2784 3795 2883 3848 ὅτε
2934 3793 3143 3862 ἤνοιξε
3171 3793 3287 3859 τὴν
3332 3793 3636 3864 σφραγῖδα
3667 3791 3784 3860 τὴν

2198 3881 2409 3950 ἕκτην,
2440 3883 2694 3961 σεισμὸς
2713 3882 2903 3952 μέγας
2942 3883 3202 3954 ἐγένετο.
3235 3885 3341 3938 Kal
3376 3887 3410 3938 ὁ
3446 3884 3622 3952 ἣλιος
3649 3884 3781 3954 ἐγέ-

2198 3990 2336 4026 νετο
2370 3975 2564 4042 μέλας
2601 3975 2679 4040 ὼς
2723 3974 2917 4040 ἀσκὸς
2959 3977 3246 4045 τρίχινος·
3299 3978 3396 4029 καί
3451 3976 3490 4042 ’ἡ
3546 3975 3782 4042 σελήνη

2201 4062 2362 4136 [ὅλη]
2392 4064 2630 4132 ἐγένετο
2662 4065 2742 4131 ὡς
2771 4060 2932 4135 αᾷια·
2967 4066 3062 4118 καί
3097 4068 3152 4118 οι
3185 4065 3437 4133 ἀστέρες
3467 4066 3574 4119 τοῦ
3605 4066 3782 4132 οὐρα-

2198 4156 2311 4211 νοῦ
2349 4157 2578 4211 ἔπεσον
2609 4159 2696 4222 είς
2740 4157 2856 4224 τὴν
2884 4156 3022 4225 γῆν,
3061 4157 3142 4222 ὡς
3191 4156 3356 4225 συκῆ
3386 4154 3612 4220 ,ϐάλλει
3643 4156 3784 4220 τοὺς

2199 4253 2500 4318 ὀλύνθους
2530 4251 2722 4320 αὐτῆς
2753 4251 2873 4307 ὑπὸ
2899 4252 3169 4321 μεγάλου
3199 4250 3426 4320 ἀνέμου
3452 4249 3756 4319 σειομένη.

2273 4345 2384 4399 Καὶ
2414 4345 2592 4400 ταῦτά
2620 4363 2766 4408 τινες
2798 4349 2876 4409 είς
2911 4346 3012 4416 τὴν
3041 4345 3134 4398 ἐπὶ
3165 4343 3581 4400 Οὐεσπασιανοῦ
3609 4342 3786 4415 [βασι-

2199 4435 2360 4508 λέως]
2399 4436 2716 4508 πολιορκίαν
2749 4438 3004 4502 ἐξέλαϐον
3039 4439 3291 4502 ἅπαντα,
3329 4437 3439 4490 τῶν
3472 4436 3784 4507 εἰρημένων

514 4523 672 4575 siano
705 4517 846 4573 facta
893 4524 978 4571 est
1000 4555 1015 4580 ,
1060 4517 1336 4585 pertinere
1370 4515 1715 4580 existiment,
1748 4529 1924 4583 eoque
1958 4512 2094 4568 refe-

2205 4529 2437 4584 ἐκαστον
2473 4530 3001 4602 τροπολογήσαντες.
3054 4531 3217 4602 Ἡμῖν
3248 4531 3305 4584 δέ
3340 4530 3589 4599 φαίνεται
3621 4529 3786 4598 μετά-

516 4621 676 4677 rant,
731 4609 946 4678 singula
1001 4622 1124 4677 quae
1165 4607 1255 4661 hic
1301 4607 1592 4672 dicuntur,
1641 4606 1885 4676 tropicos
1929 4621 2099 4676 expo-

518 4711 714 4760 nentes
749 4742 764 4767 ,
789 4702 947 4756 nobis
981 4708 1162 4755 tamen
1195 4698 1535 4769 probabilius
1561 4698 1619 4753 lit
1647 4714 1677 4754 a
1704 4698 2102 4770 persecutionis

515 4805 763 4864 tempore
799 4791 1089 4847 transitum
1135 4789 1240 4843 hoc
1288 4788 1408 4842 loco
1441 4787 1558 4843 ﬁeri
1603 4789 1669 4844 ad
1707 4797 1924 4857 tempus
1953 4786 2135 4871 quod:

517 4885 842 4943 Antichristi
879 4885 1174 4939 adventum
1211 4883 1531 4948 antecedet;
1567 4882 1622 4937 in
1653 4881 1801 4954 quod
1836 4881 2021 4936 clades
2051 4889 2105 4935 et

517 4978 931 5050 persecutiones
969 4976 1037 5030 de
1067 4975 1268 5044 quibus
1319 4975 1406 5029 hic
1445 4990 1628 5030 sermo
1665 4985 1786 5040 est,
1835 4973 2099 5036 incident.

516 5073 787 5128 Caeterum
841 5068 1182 5124 calamitates
1229 5079 1282 5122 ct
1329 5083 1556 5134 cruces,
1605 5083 1727 5138 quae
1762 5076 1925 5122 tanta:
1973 5077 2104 5121 tunc

516 5157 832 5228 exstabunt,
859 5171 1080 5231 quantae
1109 5169 1268 5215 antea
1307 5175 1586 5230 nunquam
1623 5161 1755 5216 visae
1787 5160 1870 5214 vel
1905 5161 2104 5214 audita).

516 5259 795 5328 leguntur,
837 5254 982 5309 haud
1025 5253 1137 5308 alio
1173 5253 1279 5307 line
1317 5253 1589 5322 praedictae
1621 5253 1895 5319 videntur,
1935 5269 2101 5324 quam

517 5363 578 5408 ut
617 5353 865 5408 homines
908 5351 1114 5404 dudum
1149 5360 1275 5404 ante
1312 5349 1381 5404 de
1405 5349 1474 5404 iis
1509 5349 1813 5417 praemoniti
1856 5350 2100 5404 animum

517 5459 630 5500 non
662 5441 1058 5512 despondeant,
1106 5455 1231 5494 cum
1264 5455 1359 5509 per
1387 5440 1786 5496 Anticltristum
1830 5440 2102 5510 ejusdemo

523 5552 632 5605 que
709 5535 998 5591 ministros
1049 5549 1107 5588 re
1162 5535 1280 5604 ipsa
1333 5534 1776 5604 irrogabuntur',
1829 5534 2100 5604 siquidem

519 5627 661 5680 mala
694 5627 920 5696 praevisa
952 5637 1007 5681 et
1037 5625 1446 5696 quodammodo
1479 5625 1876 5695 praemeditata,
1919 5626 2103 5681 minus

523 5717 800 5773 olIeudere
848 5719 1050 5773 solent.
1101 5717 1207 5773 Per
1253 5729 1408 5773 terra:
1457 5727 1638 5774 autem
1689 5730 1889 5774 motum
1933 5734 2103 5775 sacrae

520 5809 740 5864 Litterae
802 5824 987 5866 rerum
1063 5815 1422 5868 mutationem
1488 5813 1692 5883 passim
1763 5814 2096 5886 signilieant.

2207 4621 2365 4674 ϐασιν
2391 4621 2630 4676 ἐνταῦθα.
2655 4621 2992 4692 γεγενῆσθαι
3024 4620 3134 4677 ἀπὸ
3162 4621 3273 4676 τῶν
3299 4622 3360 4675 ἐν
3393 4623 3504 4684 τοῖς
3525 4620 3786 4689 διωγμοῖς

2205 4713 2415 4784 χρόνων
2469 4715 2550 4776 εἰς
2586 4713 2678 4767 τὸν
2726 4713 2918 4784 καιρὸν
2956 4713 3047 4767 τὸν
3078 4713 3185 4784 πρὸ
3230 4713 3333 4782 τῆς
3376 4712 3472 4766 τοῦ
3519 4711 3786 4782 Ἀντιχρί-

2208 4820 2334 4856 στου
2373 4804 2636 4872 ἀφίξεως,
2673 4805 2732 4857 ἐν
2763 4797 2808 4872 ᾧ
2842 4803 3114 4868 τοσαύτας
3141 4801 3529 4875 προεφητεύθη
3567 4802 3788 4854 ἔσεσθαι

2205 4895 2307 4959 τὰς
2359 4895 2596 4964 πληγάς·
2653 4897 2785 4961 ἴσως
2832 4895 2971 4967 πρὸς
3003 4895 3062 4949 τὸ
3103 4895 3528 4965 ἐμμελετῶντας
3563 4892 3788 4953 ταύταις

2205 4988 2333 5050 τοὺς
2365 4988 2712 5059 ἀνθρώπους,
2750 4989 2825 5058 μὴ
2853 4989 3111 5042 ἀπειπεῖν
3151 4988 3286 5058 πρὸς
3315 4987 3417 5051 τὰς
3441 4985 3790 5056 ἐπαγομένας

2207 5077 2318 5151 [ἐκ]
2362 5077 2457 5132 τοῦ
2520 5079 2893 5150 ’Δντιχρίστου
2925 5078 3208 5144 κολάσεις,
3264 5078 3548 5151 [τοιαύτας
3601 5074 3789 5146 οὔσας]

2205 5169 2325 5233 οἵας
2363 5169 2620 5223 οὐδέποτε
2655 5172 3029 5240 γεγενημένας
3085 5171 3357 5241 ἔγνωμεν.
3395 5169 3630 5238 Σεισμὸν
3663 5169 3790 5238 μέν·

2207 5279 2288 5314 τοι
2339 5262 2439 5333 τὴν
2499 5261 2610 5316 τῶν
2653 5265 2996 5335 πραγμάτων
3045 5263 3336 5333 μετάθεσιν
3388 5261 3660 5331 πολλαχοῦ
3693 5260 3792 5330 τῆς

2207 5355 2432 5425 Γραφῆς
2461 5355 2811 5426 εὑρίσκομεν.
2842 5357 2916 5408 Τὸ
2945 5357 3077 5426 γὰρ,
3117 5357 3238 5408 Ἔτι
3267 5355 3432 5420 ἅπαξ
3465 5355 3678 5418 σείσω,
3695 5355 3793 5423 δη-

2205 5447 2290 5499 λοῖ
2339 5448 2438 5516 τὴν
2488 5448 2598 5501 τῶν
2645 5449 3027 5519 σαλευομένων
3071 5449 3386 5519 μετάθεσιν,
3436 5447 3511 5511 ὥς
3561 5465 3728 5518 φησιν
3765 5448 3794 5499 ὁ

2220 5539 2568 5605 Ἀπόστολος’
2620 5541 2714 5595 καὶ
2762 5543 2822 5594 ἐν
2863 5544 2930 5612 τῇ
2951 5541 3162 5612 Παλαιᾷ
3198 5541 3256 5594 δὲ
3289 5541 3507 5612 εἴρηται
3535 5539 3666 5611 περὶ
3694 5539 3795 5610 τῆς

2209 5632 2270 5698 ἐξ
2300 5632 2580 5702 Αἰγύπτου
2599 5633 2824 5704 πορείας
2848 5634 2954 5688 τῶν
2983 5634 3360 5704 Ἰσραηλιτῶν,
3383 5631 3474 5702 Γῆ
3503 5633 3754 5699 ἐσείσθη
3776 5647 3790 5662 ·

2208 5726 2439 5797 καὶγὰρ
2455 5729 2775 5797 οίούρανοί
2815 5730 3106 5794 ἕσταξαν.
3141 5760 3212 5771 -
3255 5729 3324 5784 Τὸ
3349 5730 3405 5783 δὲ
3445 5728 3644 5797 μέλαν
3685 5728 3794 5782 τοῦ

2207 5819 2408 5887 ἡλίου,
2435 5820 2532 5872 καὶ
2577 5819 2689 5889 τῆς
2719 5821 2992 5890 σελήνης
3018 5820 3083 5874 τὸ
3109 5820 3371 5891 ἀφεγγὲς
3399 5818 3501 5873 καί
3540 5816 3795 5889 alga-n3-
