4070 6404
507 376 615 440 2³15

1686 365 2013 425 ANDREE
2051 360 2569 424 CESARIENSIS

3656 354 3767 416 276

506 492 651 557 buni,
683 498 732 545 et
766 490 953 560 fortes,
987 496 1037 543 et
1072 486 1240 541 omnis
1276 500 1475 547 servus,
1510 492 1558 535 et
1598 482 1766 534 omnis
1803 481 1932 532 liber
1961 479 2080 531 abs-

2201 473 2484 540 ιτιάτᾶνες,
2513 474 2610 527 καὶ
2638 474 2694 526 ol
2735 471 3055 541 χιλίαρχοι,
3090 468 3186 524 καὶ
3247 472 3302 524 ol
3327 469 3633 532 πλούσιοι,
3668 469 3767 520 καὶ

507 585 795 637 ronderunt
825 599 878 635 se
923 582 977 633 in
1003 579 1297 647 speluncis,
1334 588 1381 630 et
1422 576 1475 627 in
1498 573 1657 642 petris
1691 571 1967 623 montium.
2017 568 2082 622 Et

2185 572 2237 622 οὶ
2288 568 2549 635 ἰσχυροὶ,
2602 564 2699 618 καὶ
2733 562 2852 631 πᾶς
2893 563 3116 629 δοῦλος
3150 564 3247 617 καὶ
3284 561 3404 627 πᾶς
3451 562 3768 627 ἐλεύθερος

508 675 687 725 dicunt
724 671 982 725 montibus
1012 680 1060 723 et
1085 669 1247 738 petris
1286 684 1303 721 :
1337 667 1525 722 Cadite
1549 682 1703 734 super
1740 680 1855 727 nos,
1881 673 1928 716 et
1963 662 2085 715 abs-

2201 662 2460 728 Ξκρυψαν
2486 659 2744 724 ἑαυτοὺς
2773 660 2861 721 εἰς
2889 657 2961 710 τὰ
2988 656 3260 722 σπήλαια
3287 656 3385 709 καὶ
3408 657 3495 719 είς
3522 655 3630 716 τὰς
3664 652 3772 704 πέ-

509 766 718 817 mndite
749 780 839 816 nos
874 780 903 813 a
933 761 1067 828 facie
1092 760 1317 812 sedentis
1357 773 1512 825 super
1546 755 1811 815 thronum,
1838 762 1886 805 et
1911 752 1974 804 ab
2004 752 2088 805 ira

2201 769 2325 819 ερας
2353 752 2470 805 τῶν
2500 750 2704 819 ὀρέων·
2745 749 2843 803 καὶ
2885 750 3101 817 ἔλεγον
3137 748 3261 812 τοῖς
3300 747 3467 814 ὄρεσι
3500 745 3597 798 καὶ
3644 744 3770 806 ταῖς

508 856 669 923 Aqui,
723 854 974 921 quoniam
1032 851 1167 903 venit
1211 850 1323 902 dies
1354 863 1574 917 magnus
1608 848 1700 900 ira:
1734 846 1990 913 ipsorum,
2037 852 2084 895 et

507 947 619 1013 quis
648 952 811 1012 potest
840 941 1027 994 stare?

2189 843 2449 911 πέτραις·
2479 841 2702 896 Πέσετε
2725 842 2817 911 ἐφ’
2846 841 3023 910 ἡμᾶς,
3052 840 3149 893 καὶ
3177 841 3447 907 κρύψατε
3472 836 3629 905 ἡμᾶς
3652 836 3772 888 ἀπὸ

2190 934 2515 1002 προσώπου
2561 934 2668 987 τοῦ
2714 933 3053 1002 καθημένου
3096 933 3194 985 ἐπὶ
3240 931 3346 985 τοῦ
3382 930 3619 996 θρόνου,
3671 926 3770 977 καὶ

505 1037 621 1090 ἀπὸ
651 1036 760 1102 τῆς
786 1032 969 1104 ὀργῆς
998 1035 1103 1088 τοῦ
1138 1034 1383 1101 Ἀρνίου·
1418 1031 1507 1084 ὅτι
1534 1027 1721 1101 ἦλθεν
1752 1030 1788 1098 ἡ
1821 1028 2011 1098 ἡμέρα
2064 1028 2102 1096 ἡ
2129 1027 2364 1097 μεγάλη
2435 1027 2545 1095 τῆς
2578 1026 2758 1097 ὀργῆς
2811 1027 3018 1092 αὑτοῦ,
3054 1024 3153 1080 καὶ
3212 1026 3304 1089 τίς
3335 1022 3588 1076 δύναται
3621 1034 3773 1071 στα-

506 1129 681 1199 θῆναι
702 1147 721 1194 ;

583 1221 847 1277 Dominus
904 1231 1092 1278 noster
1146 1220 1307 1276 Jesus
1374 1219 1630 1275 Christus
1697 1217 1962 1287 apostolis
2024 1216 2093 1271 de

507 1313 991 1383 Hicrosolymitani
1018 1315 1201 1384 templi
1228 1314 1511 1369 eversione
1542 1322 1595 1367 et
1623 1312 1803 1366 saeculi
1835 1324 2092 1365 consum-

2276 1216 2336 1268 '0
2410 1214 2670 1285 Kupto;‘
2701 1215 2860 1285 ἡμῶν
2914 1216 3028 1276 τοῖς
3114 1211 3433 1272 ἀποστόλοις
3520 1206 3773 1277 ἐρωτῶσι

2192 1310 2449 1382 περὶτῆς
2491 1308 2585 1362 τοῦ
2640 1312 2696 1361 ὲν
2759 1306 3152 1379 Ἰεροσολύμοις
3201 1303 3331 1357 ναοῦ
3380 1301 3773 1369 καταστροφῆς

509 1411 751 1462 matione
808 1409 1292 1479 interrogantibus,
1343 1423 1465 1477 qum
1510 1406 1642 1460 olim
1688 1403 1873 1459 futura
1913 1411 2089 1469 erant,

2201 1402 2283 1454 ml.
2317 1402 2414 1471 τῆς
2446 1401 2777 1464 συντελείας,
2804 1399 2984 1461 καθὼς
3010 1397 3273 1467 ἠδύναντο
3305 1394 3505 1464 χωρεῖν
3534 1394 3770 1460 προεῖπε

509 1510 779 1569 quatenus
809 1501 928 1571 eius
966 1501 1041 1554 rei
1078 1515 1304 1569 capaces
1341 1508 1518 1563 erant,
1550 1496 1821 1566 prmdixit.
1856 1495 1934 1549 Ex
1964 1496 2090 1564 qui-

2201 1494 2258 1548 τὰ
2287 1495 2571 1564 μέλλονταο
2608 1495 2752 1563 ἆπερ
2801 1490 2943 1562 [nail
2986 1491 3083 1560 ἤδη
3135 1490 3232 1559 μὲν
3268 1490 3324 1541 ὲν
3363 1490 3428 1557 τῇ
3480 1485 3775 1554 πολιορκίᾳ

507 1593 611 1647 bus
640 1593 858 1662 quidem
900 1594 1145 1648 cladibus
1185 1603 1239 1646 et
1265 1592 1630 1646 incommodis
1660 1589 1830 1644 multa
1880 1590 1934 1643 in
1977 1588 2083 1643 Ve-

502 1686 761 1754 .spasiaua
788 1684 1076 1740 obsidione
1098 1683 1323 1748 Judaeis,
1355 1683 1745 1753 quiChristum
1776 1682 1831 1735 in
1863 1696 2083 1736 crucem

507 1788 755 1847 egerunt,
806 1788 862 1831 ut
897 1776 1170 1845 Josephus
1208 1776 1440 1845 scriptor
1489 1774 1747 1829 Hebraeus
1796 1772 1987 1827 diffuse
2030 1772 2085 1825 in

510 1884 608 1922 sua
649 1869 877 1923 historia
925 1869 1194 1937 explicat,
1228 1876 1549 1922 evenerunt.
1594 1870 1664 1921 At
1695 1882 1823 1923 vero
1849 1868 1953 1922 sub
1984 1883 2086 1922 sa:-

511 1962 621 2015 culi
684 1962 876 2021 linem,
941 1976 1134 2028 nempe
1190 1960 1291 2015 sub
1358 1960 1682 2015 Antichristi
1746 1960 2084 2023 adventum,

510 2055 685 2107 multo
729 2053 885 2121 plura
923 2053 1203 2121 multoque
1248 2053 1477 2107 saeviora
1518 2061 1570 2107 et
1602 2053 1909 2108 crudeliora
1945 2052 2087 2107 mala

510 2153 708 2209 totum,
734 2154 792 2199 ut
823 2145 897 2198 ita
926 2144 1126 2207 dicam,
1159 2143 1346 2199 orbem
1383 2144 1716 2213 oppriment.
1750 2144 1825 2197 Ea
1854 2160 2089 2214 namque

511 2247 831 2305 tempestate
864 2248 971 2291 tam
1006 2236 1162 2306 iiqui
1200 2238 1475 2291 mundana
1509 2238 1749 2306 potentia
1783 2253 1894 2305 pra:
1925 2245 2087 2291 caete-

507 2331 587 2387 ris
624 2342 901 2401 praestant,
934 2348 1097 2399 quam
1130 2331 1165 2385 ii
1204 2331 1369 2384 etiam
1398 2331 1488 2399 qui
1518 2331 1663 2385 inter
1691 2330 2090 2385 ecclesiasticos

510 2424 804 2493 primatum
835 2434 1040 2485 tenent,
1077 2434 1284 2476 montes
1328 2423 1497 2492 ﬁgura
1532 2424 1769 2491 quadam
1799 2422 2087 2492 appellati;

511 2527 625 2570 tum
678 2516 914 2569 tilelium
954 2530 1170 2585 quoque
1203 2514 1462 2569 Ecclesia:
1486 2553 1501 2580 ,
1543 2529 1665 2583 quae
1702 2514 1887 2568 insulto
1920 2523 2091 2568 mcta-

514 2610 782 2678 phoricdts
813 2620 1098 2673 vorantur,
1123 2619 1175 2664 et
1206 2612 1258 2665 in
1281 2617 1493 2663 novata:
1524 2624 1553 2662 a
1579 2608 1687 2662 Deo
1721 2608 1860 2677 apud
1896 2606 2088 2662 Isaiam

513 2704 788 2773 leguntur,
813 2703 971 2757 sedes
1004 2719 1133 2759 suas
1164 2703 1437 2765 deserent,
1470 2701 1644 2771 deque
1673 2700 1791 2755 loco
1815 2701 1881 2753 ad
1911 2701 2088 2753 locum

517 2809 739 2865 preptcr
764 2797 1085 2850 Antichristi
1120 2797 1517 2850 immanitatem
1556 2794 1788 2851 subinde
1815 2810 1874 2848 se
1905 2802 2083 2847 trans-

514 2889 713 2943 ferent.
769 2889 879 2959 29
917 2889 1239 2957 Cujusmodi
1305 2888 1653 2944 incommoda
1686 2896 1740 2943 et
1778 2887 1959 2942 clades
1994 2901 2094 2942 nos

513 2997 730 3051 quoque
762 2991 887 3035 ante
929 2982 1252 3036 Antichristi
1293 2983 1582 3036 adventum
1615 2989 1835 3050 propter
1870 2988 2092 3049 peccata

515 3084 701 3129 nostra
736 3075 847 3143 jatn
899 3076 1106 3143 experti
1141 3091 1355 3129 sumus.
1416 3075 1687 3128 Caeterum
1744 3088 1889 3141 reges
1940 3081 2095 3125 terra:

2192 1588 2332 1661 [ἐπὶ]
2392 1584 2801 1641 Οὐεσπασιανοῦ
2842 1585 2936 1637 καὶ
2977 1584 3139 1634 Τίτου
3190 1583 3301 1643 τοῖς
3351 1577 3803 1649 Χριστοκτόνοιςι

2205 1680 2479 1741 Ἰουδαίοις
2532 1678 2878 1747 συμϐέϐηκε,
2932 1674 3113 1736 καθὼς
3161 1674 3363 1743 ἱστορεῖ
3406 1673 3434 1724 ό
3521 1670 3776 1738 Ἐϐραῖος

2206 1776 2487 1844 Ἰώσηπος·
2537 1774 2630 1824 ἐπὶ
2671 1772 2817 1824 τέλει
2866 1769 2924 1821 δὲ
2982 1767 3099 1838 μεθ’
3162 1764 3469 1834 ὑπερϐολῆς
3523 1761 3778 1821 πλείονος

2194 1866 2379 1927 παντὶ,
2416 1864 2491 1927 ὡς
2520 1863 2717 1926 εἰπεῖν,
2744 1860 2820 1930 τῷ
2844 1859 3036 1928 κόσμῳ
3074 1859 3131 1910 ὲν
3160 1858 3227 1926 τῇ
3258 1853 3354 1906 τοῦ
3396 1850 3781 1922 Ἀντιχρίστου

2195 1958 2462 2028 ἐπιδημίᾳ
2492 1954 2865 2017 ἐπελεύσεται,
2916 1949 3101 2013 καθὼς
3145 1950 3379 2019 εἴρηται⁸
3412 1948 3471 1998 ὲν
3504 1940 3538 2016 ᾗ
3567 1945 3616 1997 oi
3650 1944 3780 1995 κατ’

2195 2051 2385 2121 ἐξοχὴν
2421 2050 2531 2102 εἴτε
2572 2044 3034 2115 ὲκκλησιαστικῆς
3083 2040 3357 2104 εὐταξίας,
3417 2037 3530 2090 εἴτε
3576 2051 3773 2103 κοσμι-

2196 2146 2300 2215 κῆς
2341 2140 2668 2203 δυναστείας
2699 2139 3070 2209 ὑπάρχοντες,
3103 2134 3211 2202 ὅρη
3251 2129 3530 2202 τροτάκῶς
3573 2129 3775 2196 ὀνομα-

2197 2239 2438 2310 ζόμενοι·
2478 2236 2616 2290 αἵτε
2651 2234 2758 2287 τῶν
2786 2230 2995 2284 πιστῶν
3030 2225 3325 2296 ἐκκλησίαι
3391 2219 3783 2292 μεταφορικῶς

2194 2332 2377 2400 νῆσοι
2404 2328 2760 2397 καλούμεναι,
2780 2327 2873 2378 καὶ
2895 2324 3030 2393 πρὸς
3048 2321 3202 2384 Θεὸν,
3236 2316 3382 2370 κατὰ
3408 2316 3499 2367 τὸν
3522 2314 3785 2373 Ἡσαΐαν,

2198 2422 2665 2493 ἐγκαινιζόμεναι,
2713 2421 2777 2471 ὲκ
2828 2416 2938 2470 τῶν
2984 2416 3172 2467 τόπων
3219 2410 3400 2463 αὐτῶν
3449 2406 3781 2476 φεύξονται·

2197 2520 2364 2572 τόπον
2409 2518 2473 2569 ὲκ
2511 2515 2678 2566 τόπου
2710 2512 2797 2565 διὰ
2834 2511 2927 2563 τὸν
2985 2508 3378 2575 ψευδόχριστον
3418 2500 3741 2571 ἀμείὼντες
3763 2510 3783 2527 ⁸

2197 2608 2272 2668 ὧν
2302 2614 2394 2666 καὶ
2422 2611 2585 2681 ἡμεῖς
2611 2606 2717 2678 πρὸ
2745 2606 2843 2674 τῆς
2870 2601 3034 2655 αὐτοῦ
3069 2595 3371 2667 παρουσίας
3400 2593 3466 2646 δι’
3496 2588 3785 2660 ἁμαρτίας

2199 2702 2598 2777 φιλανθρώπως
2645 2696 3055 2769 πεπειράμεθα.
3099 2695 3164 2745 Ol
3198 2690 3254 2743 δὲ
3289 2683 3557 2777 τῆςῄτυῆς
3590 2683 3785 2777 ﬁam:-

2199 2797 2348 2863 λεῖς,
2397 2792 2679 2847 τουτέστιν
2726 2790 2776 2841 οἱ
2818 2785 3024 2855 ταύτης
3080 2775 3630 2846 κατεξουσιάζοντες,
3686 2770 3786 2823 καὶ

2205 2861 2371 2958 μηδὲν
2406 2887 2463 2938 ὲν
2510 2880 2763 2951 οὐρανοῖς
2792 2873 3148 2945 κεκτημένοι,
3191 2870 3289 2923 σὺν
3319 2868 3453 2919 πᾶσι
3485 2861 3787 2958 μεγιστᾶσι

2201 2980 2296 3034 καὶ
2329 2974 2629 3036 πλουσίοις,
2665 2974 2723 3022 ὲν
2753 2970 2865 3031 τοῖς
2894 2965 3102 3027 δούλοις
3145 2963 3254 3015 τῶν
3294 2960 3466 3022 κάτω,
3504 2956 3595 3008 καὶ
3628 2953 3773 3005 ὲλευ-

2203 3072 2402 3141 θέροις,
2430 3066 2530 3139 [ὡς
2561 3065 2660 3117 οὑκ
2689 3057 2939 3132 dupe:th
2974 3056 3072 3126 τῆς
3095 3052 3331 3125 Χριστοῦ
3362 3048 3631 3112 δουλείας,
3673 3046 3784 3097 ὑπὸ

516 3168 553 3221 ii
590 3168 693 3221 hoc
724 3168 841 3222 loco
882 3169 989 3222 dici
1034 3169 1311 3234 videmur,
1346 3182 1578 3235 quorum
1616 3167 1857 3221 studium
1906 3174 1961 3219 et
1991 3165 2092 3219 do-

2201 3139 2310 3216 1’.th
2352 3158 2632 3230 σπηλαίων
2676 3156 2771 3209 καὶ
2804 3151 3022 3221 πετρῶν
3062 3149 3157 3202 καὶ
3204 3146 3375 3217 ὀρέων
3436 3139 3784 3208 καλυφθῆναι

516 3262 747 3314 minium
776 3260 919 3315 circa
954 3270 1151 3315 terram
1187 3261 1461 3329 prrccipue
1496 3268 1819 3328 occupatur,
1854 3257 2098 3323 nihilque

514 3367 807 3407 commune
848 3367 972 3407 eum
1007 3353 1148 3407 C(BIO
1180 3352 1401 3406 habent.
1448 3351 1564 3417 Qua
1600 3354 1653 3405 in
1685 3366 1743 3406 re
1778 3350 2099 3419 conspirant

515 3463 640 3499 cum
699 3446 955 3500 omnibus
1010 3446 1247 3499 terrenis
1301 3445 1662 3514 principibus,
1714 3451 1767 3497 et
1811 3441 2096 3517 divitibus,

516 3553 814 3607 rerumque
853 3548 1196 3592 terrenarum
1232 3537 1426 3597 servis,
1467 3546 1520 3590 ct
1551 3536 1754 3600 liberis,
1788 3536 1893 3588 hoc
1931 3541 2032 3594 est,
2069 3548 2100 3585 a

517 3627 721 3682 Christi
782 3629 1044 3682 servitute
1098 3627 1386 3682 absolutis.
1444 3624 1508 3678 lli
1556 3624 1720 3694 igitur
1756 3638 1945 3677 omnes
1996 3620 2101 3676 sub

520 3719 799 3787 speluncis
842 3729 895 3772 et
926 3720 1095 3787 petris
1133 3727 1186 3771 et
1232 3718 1512 3771 montibus
1556 3716 1681 3770 abdi
1724 3722 1977 3784 expetent
2004 3726 2102 3780 po-

523 3814 661 3876 tius,
703 3827 867 3880 quam
895 3811 1039 3880 Agni
1103 3810 1241 3863 iram
1280 3817 1335 3863 et
1388 3808 1635 3877 ﬂagella,
1677 3823 1800 3877 quae
1855 3806 1907 3859 in
1941 3802 2098 3859 Auti-

519 3904 714 3959 christi
756 3904 992 3957 adventu
1040 3901 1340 3958 secundum
1388 3901 1592 3971 justam
1633 3899 1726 3953 Dei
1775 3898 2098 3968 permissio-

520 4010 644 4049 nem
672 4011 735 4049 ex
761 3995 902 4049 laute
925 4004 979 4048 et
1004 4004 1169 4062 peste,
1204 3993 1439 4063 aliisque
1459 3991 1728 4060 ejusmodi
1760 3990 1932 4059 plagis
1954 3998 2098 4053 orta,

519 4087 695 4141 instar
753 4087 1046 4155 impetuosi
1104 4085 1297 4140 imbris
1357 4085 1589 4139 miseros
1645 4083 1767 4137 illos
1825 4082 2098 4147 obruent,

518 4179 776 4247 experiri.
831 4183 937 4233 Aut
966 4188 1114 4233 certe
1156 4185 1307 4233 tanto
1349 4178 1443 4231 illo
1473 4185 1679 4231 terrore
1719 4183 2103 4230 concutientur

518 4282 740 4340 propter
772 4280 1073 4341 praeparata
1105 4282 1229 4339 post
1271 4270 1454 4323 carnis
1486 4269 1942 4323 resurrectionem
1973 4282 2105 4336 sup-

520 4365 680 4433 plicia
722 4382 1003 4434 nunquam
1052 4366 1214 4418 tinem
1247 4364 1537 4429 habitura;
1574 4362 1795 4431 quando
1837 4361 2099 4414 nimirum

519 4460 701 4513 divina
743 4460 846 4523 ira,
895 4471 942 4513 et
1002 4459 1221 4527 quidem
1255 4457 1425 4526 juste,
1470 4456 1643 4524 magis
1689 4455 2009 4509 cxardescet
2050 4454 2131 4506 in-

2200 3255 2467 3319 εὔξονται,
2504 3252 2537 3319 ἢ
2584 3247 2911 3318 πειραθῆναι
2945 3243 3044 3312 τῆς
3074 3241 3225 3302 θείας
3264 3236 3434 3308 ὀργῆς
3477 3235 3572 3302 τῆς
3606 3234 3783 3297 ἑπομ-

2202 3350 2442 3421 6ρούσης
2490 3347 2672 3407 αὐτοῖς
2724 3344 2783 3395 ὲν
2808 3343 2874 3410 τῇ
2926 3338 3021 3391 τοῦ
3078 3332 3456 3421 Ἀντιχρίστου
3506 3322 3783 3421 παρουσίᾳ

2202 3413 2347 3494 κατὰ
2374 3413 2724 3507 συγχώρησιν
2753 3433 2851 3494 τὰς
2879 3429 2986 3483 ἀπὸ
3014 3424 3174 3495 λιμοῦ
3204 3425 3296 3477 καὶ
3322 3420 3528 3491 ἐτέρων
3554 3413 3784 3507 πληγιῖιν

2208 3504 2511 3603 μάστιγας-’Ἴ
2606 3504 2663 3579 ἒν
2687 3525 2807 3585 ταῖς
2835 3516 3320 3591 προσδοκωμέναις
3360 3511 3498 3582 μετὰ
3520 3508 3617 3578 τὴν
3648 3504 3783 3560 ἀνά-

2206 3597 2398 3678 στασιν
2428 3620 2756 3689 ἀπεράντοις
2786 3613 3094 3668 κολάσεσινο
3127 3610 3217 3661 ὅτε
3244 3606 3340 3661 καὶ
3368 3602 3571 3674 μᾶλλον
3597 3601 3631 3670 ἡ
3661 3597 3785 3689 θεία

2202 3716 2340 3786 ὀργὴ
2375 3687 2597 3775 δικαίως
2639 3710 2713 3772 ὡς
2745 3706 2998 3769 κλίϐανος
3044 3700 3486 3770 ἐκκαυθήσεται,
3532 3693 3660 3786 τοὺς
3702 3687 3783 3786 τιῖὲ

2204 3780 2438 3880 θεμελίῳ
2480 3807 2578 3876 τῆς
2628 3804 2866 3864 πίστεως
2907 3793 3401 3865 ὲποικοδομοῦντος
3455 3788 3590 3855 ξύλα
3637 3780 3785 3880 [καί]

2203 3874 2396 3974 χόρτον
2412 3874 2568 3971 ⁷[καί]
2598 3895 2853 3964 καλάμην
2891 3890 2964 3953 ὡς
2994 3887 3200 3958 τροφὴν
3249 3882 3445 3974 πυρὸς,
3492 3874 3781 3974 καταναλί-

2206 3966 2446 4045 out-cuca:
2466 3966 2595 4059 ἦςό
2623 3983 3009 4053 φιλάνθρωπος
3053 3978 3185 4040 Θεὸς
3218 3972 3583 4043 λυτρούμενος
3610 3966 3783 4059 ἡμας,

2203 4082 2312 4134 τῶν
2343 4055 2579 4132 αἰωνίων
2618 4074 2859 4143 ἀγαθῶν,
2885 4073 2996 4125 τῶν
3024 4067 3445 4142 ἡτοιμασμένων
3469 4063 3580 4122 τοῖς
3610 4055 3782 4124 ἁγίοις

2205 4171 2394 4234 αὐτοῦ,
2447 4168 2705 4239 μετόχους
2750 4165 3149 4235 ἀπεργάσαιτο,
3201 4156 3511 4212 συντάττων
3551 4149 3627 4220 τῷ
3676 4147 3781 4200 τῶν

2208 4236 2531 4330 σωζομένων
2564 4236 2916 4328 ρώματι,
2950 4256 3135 4326 χάριτι
3164 4250 3257 4304 τοῦ
3297 4242 3620 4319 μονογενοῦς
3652 4236 3780 4293 Υἱοῦ

2206 4354 2395 4409 αὐτοῦ’
2432 4354 2551 4424 μεθ’
2576 4346 2639 4405 οὗ
2665 4352 2741 4420 τῷ
2778 4349 2955 4418 Πατρὶ
2999 4348 3199 4417 πρέπει
3241 4342 3368 4407 δόξα
3400 4340 3496 4393 σὺν
3522 4335 3598 4406 τῷ
3643 4330 3785 4401 ἁγίῳ

2208 4447 2510 4517 Πνεύματι,
2538 4446 2618 4507 είς
2639 4443 2764 4506 τοὺς
2795 4442 2995 4504 αἰῶνας
3021 4440 3130 4492 τῶν
3163 4435 3399 4490 αἰώνων.
3446 4430 3641 4500 Ἀμήν.

518 4571 614 4610 eos
666 4557 759 4623 qui
817 4570 982 4623 supra
1038 4554 1159 4607 ﬁdei
1224 4523 1639 4606 fundamentmn
1696 4550 2103 4605 aediﬁcaverunt
2131 4548 2295 4617 ligna,
2342 4544 2571 4605 foenum,
2628 4550 2683 4595 et
2715 4537 2998 4607 stipulam,
3073 4546 3237 4603 quam
3291 4531 3517 4623 incensa
3554 4523 3783 4583 l'ornax;

521 4647 838 4715 omniaque,
884 4646 1049 4698 veluti
1096 4645 1279 4711 paleas
1328 4644 1467 4713 ignis
1516 4644 1687 4704 solet,
1745 4652 2051 4697 consumet.
2088 4643 2131 4693 A
2161 4655 2266 4707 qua
2302 4638 2381 4691 ira
2406 4636 2649 4689 clemens
2670 4644 2723 4685 et
2746 4630 3013 4699 benignus
3057 4629 3199 4681 Deus
3225 4639 3324 4678 nos
3371 4622 3587 4679 liberet,
3628 4623 3787 4669 mter-

522 4753 831 4806 norumque
886 4738 1195 4801 bonorum,
1282 4711 1405 4804 quae
1456 4736 1665 4790 sanctis
1729 4735 1877 4790 illius
1926 4736 2162 4803 reposita
2198 4738 2362 4794 sunt,
2412 4726 2706 4797 participes
2761 4722 2987 4787 reddat,
3037 4721 3254 4774 illorum
3307 4711 3631 4786 plenitudini
3683 4721 3788 4761 nos

522 4805 820 4884 accenseus
871 4828 965 4899 qui
1022 4827 1155 4882 salvi
1214 4828 1377 4892 ﬁent;
1434 4826 1610 4897 gratia
1665 4834 1720 4880 et
1772 4826 2107 4895 benignitate
2173 4819 2439 4892 unigeniti
2500 4817 2619 4871 Filii
2652 4816 2760 4881 sui,
2807 4829 2932 4869 cum
2958 4826 3066 4882 quo
3088 4810 3240 4865 Patri
3260 4817 3315 4865 et
3341 4805 3568 4876 Spiritui
3596 4808 3787 4858 sancto

522 4922 594 4979 sit
622 4922 816 4993 gloria,
862 4921 1058 4985 honor,
1091 4929 1143 4974 et
1202 4920 1450 4973 adoratio
1479 4919 1533 4971 in
1594 4917 1789 4972 saacula
1821 4916 2172 4972 saeculorum.
2203 4914 2399 4966 Amen.

900 5014 1131 5071 CAPUT
1173 5015 1314 5070 XIX.
1360 5013 1591 5069 SERMO
1632 5012 1744 5067 νη.

522 5114 600 5168 De
650 5122 855 5166 rentum
897 5110 1254 5181 quadraginta
1293 5118 1521 5181 quatuor
1555 5108 1845 5181 hominum
1874 5104 2111 5157 millibus

598 5186 689 5256 qui
741 5202 773 5237 ιι
823 5176 1055 5251 quatuor
1109 5176 1419 5251 angelorum
1469 5178 1628 5248 plaga
1686 5176 1845 5231 illaesi
1904 5190 2114 5228 conser-

592 5266 804 5313 vantur.

599 5347 707 5413 Vl],
744 5350 795 5401 l.
829 5345 960 5399 Post
990 5345 1101 5398 Itale
1136 5343 1241 5395 vidi
1270 5355 1501 5407 quatuor
1544 5339 1757 5409 angelos
1790 5346 1987 5391 stantes
2017 5352 2109 5389 su-

524 5454 615 5505 per
658 5449 886 5507 quatuor
918 5437 1137 5505 angulos
1168 5444 1323 5487 terra:
1345 5472 1359 5493 ,
1405 5442 1631 5486 tenentes
1663 5442 1893 5500 quatuor
1929 5440 2107 5483 ventos

529 5544 681 5584 terra:
702 5571 716 5594 ,
752 5548 811 5583 ne
857 5531 1049 5597 ﬂarent
1098 5543 1253 5596 super
1281 5534 1477 5580 terram
1498 5564 1513 5591 ,
1545 5540 1705 5592 neque
1733 5540 1887 5592 super
1926 5538 2071 5576 mare
2091 5560 2105 5586 ,

529 5637 688 5690 neque
719 5622 771 5673 in
801 5622 964 5675 ullam
990 5621 1257 5675 arborem.

614 5805 728 5858 Etsi
768 5804 954 5861 isthacc
991 5808 1056 5862 ad
1089 5808 1179 5862 illa
1210 5804 1554 5863 incommoda
1595 5818 1624 5859 a
1655 5800 1984 5873 quibusdam
2018 5817 2108 5856 re-

2602 5002 2853 5058 ΚΕΦΑΛ.
2887 4998 2987 5055 ΙΘ¹.
3014 4998 3231 5053 ΛΟΓΟΣ
3270 4997 3339 5050 Z'.

2219 5104 2358 5171 Περὶ
2394 5102 2511 5157 τῶν
2535 5096 2882 5166 σωζομένων
2900 5096 2980 5171 ’ἐλαι
3019 5091 3128 5171 τῆς
3158 5090 3397 5171 πληγῆς
3427 5088 3544 5141 τῶν
3567 5084 3783 5171 ζεσσὰ-

2285 5156 2410 5243 ρων
2438 5156 2709 5247 ἀγγέλων
2752 5166 3036 5237 χιλιάδων
3076 5156 3302 5216 ἑκατὸν
3338 5156 3787 5247 τεσσαράκοντα

2288 5243 2623 5312 τεσσάρων.

2288 5337 2397 5393 Kal
2423 5335 2573 5405 μετὰ
2594 5333 2779 5388 ταῦτα
2800 5326 2965 5385 εἶδον
2986 5326 3286 5395 τέσσαρας
3305 5322 3594 5393 ἀγγέλους
3618 5316 3797 5373 ἑστῶ-

2217 5450 2319 5500 τας
2352 5431 2452 5486 ἐπὶ
2488 5431 2587 5491 τὰς
2624 5428 2929 5495 τέσσαρας
2954 5425 3170 5494 γωνίας
3192 5423 3303 5489 τῆς
3334 5418 3466 5490 τῆς,
3503 5415 3784 5485 κρατοῦν-

2216 5539 2325 5589 τας
2371 5518 2514 5584 τοὺς
2545 5518 2850 5584 τέσσαρας
2878 5512 3140 5582 ἀνέμους
3180 5509 3313 5581 [τῆς
3357 5506 3515 5578 Mc],
3558 5507 3660 5558 ἵνα
3706 5501 3785 5571 μὴ

2218 5611 2373 5679 πνέῃ
2407 5607 2627 5678 ἄνεμος
2655 5607 2753 5661 ἐπὶ
2791 5605 2905 5673 τὴν
2944 5604 3080 5675 γῆν,
3119 5601 3271 5675 μήτε
3297 5599 3393 5655 ἐπὶ
3424 5597 3541 5666 τὴν
3571 5597 3782 5653 θάλασι

2220 5717 2360 5766 σαν,
2383 5699 2538 5770 μήτε
2574 5700 2673 5752 ἐπὶ
2701 5696 2823 5753 πᾶν
2851 5695 3123 5763 δένδρον.
3190 5747 3201 5756 ,

2293 5796 2356 5848 Εἰ
2413 5794 2506 5848 καὶ
2563 5791 2739 5848 ταῦτὰ
2768 5807 2911 5846 τισιν
2957 5788 3065 5842 ὑπὸ
3124 5786 3413 5858 Ῥωμαίων
3462 5783 3632 5841 πάλαι
3681 5781 3781 5841 τοῖς
