4070 6412
277 388 383 447 2⁸77

1237 379 1845 442 COMMENTARIUS
1886 378 1969 437 IN
2003 374 2538 438 APOCALYPSIN-

3433 369 3543 431 278

289 494 568 558 Ἰουδαίοις
623 493 954 563 γεγενῆσθαι
1004 491 1352 562 ὲξείληπται,
1414 493 1524 546 τῶν
1577 494 1862 562 τεσσάρων

1979 489 2240 553 leruutut‘,
2275 501 2397 559 qua:
2428 477 2600 541 Judaei
2630 482 2908 554 quondam
2943 497 2972 536 a
2999 480 3262 537 Romanis
3302 483 3544 552 perpessi

275 590 439 642 θείων
469 586 716 655 ἀγγέλων
743 584 938 655 δηλοῦν
966 585 1149 647 αὐτοῖς
1180 584 1550 652 νομισθέντων
1590 585 1650 637 τὸ
1678 583 1772 636 ὲπί
1805 600 1864 636 τε

275 682 384 751 γῆς
419 679 512 732 ἐπί
552 695 613 732 τε
655 677 964 746 θαλάττης,
993 677 1102 729 τῶν
1143 677 1248 746 τὴν
1289 676 1461 747 ὀργὴν
1505 677 1868 748 πειρωμένων

274 771 681 841 διαδιδράσκειν
714 769 977 837 ἄφυκτον,
998 767 1178 838 πολλῴ
1197 768 1398 838 μᾶλλον
1419 768 1578 822 τοῦτο
1595 772 1651 822 ὲν
1681 772 1745 839 τῇ
1770 768 1864 822 τοῦ

287 862 662 932 Ἀντιχρίστου
693 857 974 912 ὲπελεύσει
1008 859 1324 926 γενήσεται,
1351 858 1451 911 οὐκ
1482 861 1539 910 ὲν
1569 860 1636 928 τῇ
1662 862 1862 929 μερικῇ

275 957 349 1024 γῇ
385 953 485 1022 τῆς
507 951 789 1014 Ἰουδαίας,
822 948 938 1003 ἀλλ’
970 948 1028 1001 ἐν
1057 949 1204 1018 πάσῃ
1235 942 1302 1018 ἦς
1332 948 1424 1000 ἐπὶ
1451 948 1558 1001 τῶν
1581 950 1866 1019 τεσσάρων

277 1041 498 1112 γωνιῶν
546 1041 769 1095 ἑστάναι
818 1040 946 1103 τοὺς
987 1037 1253 1107 ἀγγέλους
1287 1037 1561 1105 διέξεισιν,
1610 1038 1686 1102 ὡς
1730 1040 1867 1110 πλη-

275 1132 512 1203 ροῦντας
561 1129 842 1192 διακονίας
892 1126 1079 1180 θεόθεν
1125 1127 1312 1188 αὐτοῖς
1353 1129 1863 1198 ἐγκεχειρισμένας,

272 1223 414 1292 ἡμῖν
433 1221 492 1275 δὲ
519 1218 852 1288 ἀγνώστους.
895 1216 964 1271 Ἡ
984 1216 1042 1270 δὲ
1070 1216 1188 1270 τῶν
1215 1215 1454 1286 ἀνέμων
1475 1218 1670 1287 ἐποχή
1731 1236 1866 1290 προ-

270 1312 454 1381 δήλως
483 1310 639 1365 λύσιν
675 1309 774 1380 τῆς
811 1305 1070 1372 εὐταξίας
1097 1308 1197 1377 τῆς
1226 1307 1480 1371 κτίσεως,
1513 1310 1608 1363 καὶ
1656 1311 1719 1363 τὸ
1755 1311 1863 1363 τῶν

270 1402 467 1454 κακῶν
495 1401 750 1472 ἐμφαίνει
778 1399 1158 1469 άδιάδραστον.
1193 1398 1272 1452 Δι’
1299 1400 1518 1470 ἀνέμων
1544 1401 1652 1471 γὰρ
1681 1402 1864 1456 καὶτὰ

267 1493 380 1563 τῆς
409 1493 512 1564 γῆς
542 1494 685 1562 φυτὰ
718 1493 1034 1563 τρέφονται,
1073 1491 1168 1544 καὶ
1195 1491 1412 1546 πλείται
1447 1495 1478 1562 ἡ
1513 1492 1778 1552 θάλασσα.

1967 593 2098 639 sunt
2127 600 2140 637 :
2172 581 2544 651 (arbitrantur
2575 576 2720 632 enim
2757 590 2854 646 per
2883 583 3120 643 quatuor
3154 573 3385 644 mystica
3422 574 3545 626 ani-

1967 674 2128 728 malia
2155 673 2430 732 effectum.
2460 677 2519 722 ut
2551 681 2727 738 neque
2757 674 2922 729 terra,
2969 679 3142 731 neque
3171 665 3329 727 mari,
3369 679 3545 733 neque

1965 766 2071 819 ulla
2104 764 2208 819 alia
2237 764 2322 817 via
2356 763 2489 816 iram
2514 761 2755 814 divinam
2786 758 3301 828 impendentemque
3328 757 3540 809 cladem

1965 855 2171 910 evitare
2211 850 2508 924 potuerint)
2571 851 2742 904 multo
2799 857 2977 902 tamen
3025 847 3230 900 rectius
3274 846 3341 900 ad
3393 845 3553 898 Antio

1969 945 2156 1000 christi
2210 945 2499 998 adventum
2560 941 2711 994 locus
2753 939 2838 992 hic
2892 937 3144 992 refertur.
3192 937 3350 990 Tunc
3401 935 3548 988 enim

1967 1052 2108 1092 szeva
2144 1036 2230 1090 illa
2263 1042 2558 1104 tempestas
2590 1030 2881 1085 furibunde
2907 1029 3183 1092 deamviet,
3215 1043 3322 1080 non
3353 1027 3407 1080 in
3441 1040 3549 1078 una

1967 1129 2150 1196 aliqua
2182 1135 2338 1181 terrae
2371 1135 2520 1194 parte
2540 1124 2742 1185 solum,
2777 1134 2870 1174 aut
2901 1122 2954 1174 in
2981 1119 3291 1174 Iudaeorum
3331 1117 3554 1186 regione

1969 1227 2204 1282 tantum,
2245 1218 2340 1271 sed
2389 1217 2444 1270 in
2489 1214 2743 1268 universa
2779 1221 2945 1266 terra.
2977 1209 3157 1276 Quare
3182 1210 3346 1264 etiam
3383 1223 3550 1276 super

1971 1323 2210 1379 quatuor
2237 1308 2357 1377 ejus
2384 1306 2614 1375 angulos
2648 1313 2884 1373 quatuor
2913 1302 3134 1371 angelos
3175 1299 3392 1355 stetisse
3423 1315 3550 1351 nar-

1971 1413 2144 1466 ratur,
2180 1402 2271 1472 qui
2307 1400 2596 1469 implerent
2628 1394 2992 1450 ministerium
3034 1392 3297 1447 divinitus
3328 1390 3546 1460 quidem

1973 1496 2076 1551 sibi
2121 1493 2532 1554 dcuiandatum,
2586 1489 2746 1545 nobis
2802 1497 2984 1541 autem
3045 1485 3404 1554 incognitum.
3455 1483 3553 1535 Ast

270 1601 413 1642 vero
463 1589 760 1658 {ventorum
825 1585 1078 1640 cohibitio
1139 1586 1364 1658 legitimi
1435 1590 1646 1646 ordinis
1702 1593 2117 1648 dissolutionem
2179 1589 2658 1657 inevitabilemque
2733 1586 3189 1641 comminatorum
3280 1580 3549 1633 malorum

268 1691 533 1738 eventum
573 1683 719 1738 haud
752 1683 918 1739 dubie
950 1685 1196 1740 insinuat
1231 1704 1244 1739 :
1292 1686 1561 1755 siquidem
1621 1702 1716 1757 per
1753 1699 2038 1744 ventorum
2071 1687 2262 1742 ﬂatum
2322 1686 2547 1740 arbores
2603 1691 2658 1738 et
2718 1683 2915 1754 plantze
2969 1680 3292 1734 nutriuntur
3316 1685 3369 1732 et
3407 1677 3554 1732 refo-

269 1778 560 1842 cillantur,
595 1785 649 1832 et
678 1777 849 1833 maria
879 1779 1115 1834 navibus
1149 1781 1454 1836 sulcantur.
1508 1853 1516 1863 ‘

342 1892 460 1945 Καὶ
511 1887 679 1945 εἶδον
743 1890 942 1946 ἄλλον
984 1892 1250 1963 ἄγγελον
1305 1895 1710 1950 ἀναϐαίνοντα
1749 1897 1866 1952 ἀπὸ

2045 1894 2158 1959 νη,
2204 1893 2260 1959 ‘2,
2291 1894 2343 1948 5.
2393 1893 2456 1947 Et
2489 1894 2597 1947 vidi
2642 1901 2866 1946 alterum
2900 1890 3145 1960 angelum
3189 1886 3560 1941 ascendentem

267 1981 586 2049 ἀνατολῆς
615 1985 815 2050 ἡλίου,
847 1984 1068 2052 ἔχοντα
1097 1985 1398 2056 σφραγῖδα
1444 1988 1592 2043 Θεοῦ
1632 1987 1866 2054 ζῶντος·

269 2075 377 2126 καὶ
401 2073 604 2142 ἕκραζε
625 2073 796 2143 φωνῇ
821 2075 1055 2145 μεγάλῃ
1083 2078 1208 2143 τοῖς
1231 2078 1568 2148 τέσσαρσιν
1591 2081 1872 2151 ἀγγέλοις

269 2159 368 2229 οἷς
401 2164 580 2232 ἐδόθη
611 2161 857 2236 [άίὺτοὲς]
888 2165 1176 2235 ἀδικῆσαι
1199 2168 1314 2238 τὴν
1336 2168 1450 2241 γῆν
1481 2172 1579 2224 καί
1623 2173 1738 2241 τὴν
1770 2173 1872 2228 6d-

269 2259 550 2322 λασσαν,
585 2255 801 2326 λέγων*

361 2371 587 2440 Ὄπερί
649 2371 728 2443 τῷ
829 2373 1092 2444 Ἰεζεκιὴλ
1135 2407 1159 2420 --
1183 2375 1355 2429 πάλαι
1447 2377 1872 2434 ἀποκεκάλυπτο

273 2460 414 2532 περὶ
462 2460 556 2514 τοῦ
612 2461 965 2535 ἐνδεδυμένον
1023 2464 1084 2518 τὺ
1132 2465 1334 2536 βαδδὶν,
1400 2469 1494 2521 καὶ
1535 2469 1644 2524 τῶν
1698 2490 1872 2527 κατα-

276 2551 659 2618 στεναζόντων
726 2554 796 2608 τὰ
861 2558 1095 2628 μέτωπα
1153 2560 1550 2629 σφραγίζοντος
1611 2565 1749 2635 πρὸς
1811 2566 1872 2620 τὸ

279 2648 361 2718 μὴ
413 2646 814 2702 συναπολέσθαι
865 2649 1276 2716 τοὺςβικαίους
1325 2658 1438 2718 τοῖς
1491 2655 1720 2721 ἀδίκοις,
1784 2659 1873 2712 διὰ

279 2741 342 2792 τὸ
391 2741 491 2811 τῆς
548 2741 943 2813 κεκρυμμένης
991 2743 1102 2796 τῶν
1161 2744 1333 2813 ἁγίων
1374 2747 1576 2820 ἀρετῆς
1637 2751 1874 2816 καὶτοῖς

282 2834 542 2902 ἀγγέλοις
593 2834 907 2903 ἄγνωστονο
937 2833 1099 2889 τοῦτο
1155 2837 1568 2912 κάνταῦθα”τῷ
1617 2843 1875 2916 μακαρίῳ

283 2925 603 2990 δείκνυται,
657 2925 968 2996 ὑπερτέρας
1046 2927 1208 2996 ἁγίας
1269 2929 1553 3001 δυνάμεως
1614 2937 1729 2997 τοῖς
1797 2953 1877 2988 τι-

289 3017 494 3087 μωροῑς
537 3015 713 3084 ἁγίοις
760 3017 1018 3086 ἀγγέλοις
1059 3018 1492 3093 ἐγκελευομένης
1539 3024 1707 3093 μηδὲν
1740 3026 1875 3096 δρᾶ-

291 3126 380 3162 σαι
433 3111 513 3172 εἰς
573 3110 703 3172 τοὺς
757 3109 1303 3180 πλημμελήσαντας,
1356 3115 1486 3185 πρὶν
1533 3114 1600 3168 ἂν
1645 3116 1733 3170 διὰ
1779 3117 1875 3172 τοῦ

293 3201 699 3273 σφραγιςθῆναι
728 3202 1111 3272 διακριθέντας
1142 3205 1411 3272 ὲπιγνῶσι
1440 3208 1568 3272 τοὺς
1596 3210 1698 3281 τῆς
1741 3210 1877 3283 ἁλη-

296 3267 462 3357 θείας⁷
488 3267 873 3364 θεραπευτάς.-
901 3293 1074 3348 Τοῦτο
1096 3267 1158 3349 δὲ
1187 3267 1262 3348 εί-
1283 3299 1376 3351 καὶ
1419 3267 1875 3370 μερικῶςτπάλαι
1900 3267 1945 3329 C

307 3388 618 3456 γεγένηται,
665 3386 775 3440 τῶν
804 3387 883 3458 τῷ
912 3388 1136 3461 Χριστῷ
1174 3394 1622 3448 πεπιστευκότων
1652 3395 1749 3467 τὴν
1780 3399 1878 3466 τῆς

321 3473 654 3550 Ἰερουσαλὴμ
684 3478 789 3532 ὑπὸ
820 3477 1109 3551 Ῥωμαίων
1137 3483 1560 3552 ἐκπεφευγότων
1587 3486 1877 3558 πόρθησιν,

298 3571 379 3631 είς
432 3571 626 3634 πολλὰς
678 3571 980 3626 τελούντων
1027 3575 1318 3645 μυριάδας,
1373 3576 1517 3629 κατὰ
1557 3577 1650 3632 τὸν
1707 3579 1881 3648 μέγαν

307 3660 583 3728 Ἰάκωϐον,
615 3665 706 3716 τὸν
731 3664 809 3734 τῷ
839 3666 1096 3737 μακαρίῳ
1129 3666 1326 3739 Παύλῳ
1358 3669 1420 3721 τὸ
1457 3669 1659 3739 πλῆθος
1696 3671 1881 3726 αὐτῶν

291 3755 652 3825 ἐμφαίνοντα·
686 3757 804 3810 ἀλλ’
830 3753 948 3823 οὖν,
985 3759 1061 3822 ὡς
1092 3759 1332 3830 εἴρηται,
1378 3761 1437 3814 ὲν
1464 3761 1542 3832 τῷ
1578 3762 1758 3834 καιρῷ
1783 3763 1882 3834 τῆς

289 3847 386 3900 τοῦ
420 3849 792 3918 Ἀντιχρίστου
818 3849 1157 3914 ὲπελεύσεως
1181 3851 1417 3922 μάλιστα
1439 3855 1750 3926 γενήσεται,
1785 3854 1883 3926 τῆς

292 3940 594 4010 σφραγῖδος
635 3940 730 3994 τοῦ
780 3941 1050 4005 ζωοποιοῦ
1095 3943 1330 4010 σταυροῦ
1381 3945 1727 4018 διειργούσης
1773 3947 1884 4000 τῶν

287 4033 541 4086 ἀπίστων
573 4033 698 4095 τοὺς
729 4036 956 4097 πιστοὺς
988 4036 1438 4106 ἀνεπαισχύντως
1459 4039 1553 4091 καὶ
1586 4041 1883 4111 πεπαρρη-

290 4125 604 4192 σιασμένως
636 4125 734 4196 τὴν
773 4124 867 4178 τοῦ
897 4125 1138 4196 Χριστοῦ
1174 4128 1476 4197 σημείωσιν
1511 4129 1744 4186 ἐνώπιον
1774 4129 1884 4185 τῶν

287 4214 508 4269 ἀσεϐῶν
539 4217 826 4288 φέροντας.
859 4217 950 4270 Διό
978 4234 1143 4289 φησιν
1169 4217 1196 4272 ὁ
1229 4217 1494 4288 ἄγγελος·

361 4506 463 4575 Μὴ
507 4507 837 4576 ἀδικήσητε
878 4509 994 4577 τὴν
1037 4507 1157 4579 γῆν
1190 4509 1346 4579 μήτε
1393 4508 1510 4577 τὴν
1563 4509 1890 4566 θάλασσαν

1974 1985 2039 2040 ab
2081 1995 2198 2041 ortu
2229 1987 2388 2051 solis,
2429 1984 2697 2039 habenten:
2736 1986 2941 2054 signum
2981 1983 3072 2035 Dei
3106 1982 3241 2038 rivi:
3269 1989 3317 2032 et
3349 1979 3560 2030 clama-

1973 2079 2044 2132 vit
2088 2094 2206 2132 voce
2243 2095 2433 2147 magna
2467 2087 2696 2146 quatuor
2739 2075 2973 2145 angelis,
3013 2074 3201 2144 quibus
3239 2072 3424 2124 datum
3480 2075 3559 2122 est

1975 2187 2156 2225 nocere
2191 2179 2344 2224 terra:
2370 2177 2417 2222 et
2450 2169 2609 2232 mari,
2642 2168 2839 2220 dicens.

2046 2371 2201 2439 Quod
2254 2370 2535 2441 prophetae
2593 2367 2864 2422 Εῑοοιιὶοιί
2905 2381 3000 2436 per
3053 2365 3206 2418 illum
3255 2363 3368 2433 jam
3424 2362 3557 2418 olim

1976 2462 2426 2534 significabatur,
2477 2460 2569 2530 qui
2606 2460 2748 2512 linea
2781 2459 2918 2514 stola
2956 2457 3180 2512 indutus
3227 2455 3560 2526 gementium

1977 2553 2186 2608 frontes
2225 2552 2499 2621 signabat,
2533 2567 2602 2606 ne
2625 2550 2759 2620 justi
2791 2549 2956 2606 simul
2989 2548 3280 2603 interirent
3305 2563 3431 2602 cum
3467 2547 3558 2601 in-

1971 2646 2136 2714 justis
2173 2664 2185 2699 :
2229 2645 2248 2718 (
2285 2653 2412 2700 sunt
2447 2644 2592 2698 enim
2636 2655 2958 2699 sanctorum
3006 2643 3234 2707 virtutes
3283 2657 3426 2710 saepe
3463 2655 3559 2694 oc-

1977 2737 2155 2800 cultat,
2172 2743 2313 2791 etne
2337 2737 2471 2805 ipsis
2486 2736 2706 2806 quidem
2736 2735 2944 2806 angelis
2967 2735 3102 2789 satis
3124 2733 3436 2803 comperta)
3455 2733 3561 2788 hoc

1977 2813 2154 2899 ipsum
2183 2829 2339 2884 beato
2368 2827 2565 2883 Joanni
2597 2829 2712 2898 pari
2747 2828 2860 2884 fere
2901 2829 3061 2883 modo
3089 2828 3192 2882 hoc
3228 2827 3347 2880 loco
3370 2835 3560 2881 osten-

1977 2921 2140 2976 ditur.
2181 2921 2393 2974 Etenim
2430 2937 2524 2991 per
2549 2921 2892 2978 sublimioris
2926 2921 3143 2975 virtutis
3172 2929 3224 2976 et
3255 2919 3564 2975 sanctitatis

1979 3011 2204 3080 angelos
2273 3011 2383 3082 30
2423 3012 2631 3083 angelis
2686 3012 2863 3082 ptenis
2925 3011 3236 3082 irrogandis
3288 3010 3565 3080 Praefectis

1980 3103 2126 3159 serio
2159 3103 2247 3157 hic
2280 3105 2562 3171 indicitur,
2589 3122 2658 3160 ne
2691 3106 2818 3174 quid
2849 3107 3000 3176 prius
3027 3118 3218 3160 contra
3244 3114 3563 3175 peccatores

1980 3205 2212 3262 tentent,
2236 3213 2399 3267 quam
2433 3198 2682 3253 veritatis
2717 3198 2958 3253 cultores
2983 3214 3080 3268 per
3115 3199 3460 3268 signaculum
3493 3199 3563 3252 ab

1978 3289 2102 3342 aliis
2128 3289 2415 3344 distinctos
2445 3290 2685 3344 videant.
2712 3289 2825 3345 Hoc
2856 3301 3036 3345 autem
3065 3292 3164 3345 etsi
3196 3291 3261 3345 iis
3287 3290 3568 3360 quondam

1979 3393 2044 3432 ex
2079 3387 2232 3448 parte
2273 3379 2530 3436 acciderit
2563 3381 2656 3451 qui
2695 3396 2760 3435 ex
2798 3379 3000 3437 Iudaeis
3040 3381 3093 3434 in
3129 3381 3406 3436 Christum
3440 3398 3566 3436 cre-

1979 3469 2173 3526 dentes
2209 3472 2683 3542 depopulationem
2721 3474 2866 3528 illam
2896 3489 3018 3542 qua:
3060 3471 3568 3545 Hierosolymorum

1983 3562 2191 3618 civitati
2241 3580 2272 3620 a
2318 3565 2578 3622 Romanis
2622 3567 2770 3621 illata
2817 3577 2919 3630 est,
2957 3567 3348 3623 admirabiliter
3377 3584 3571 3624 evase-

1982 3665 2131 3721 runt,
2180 3657 2273 3726 qui
2323 3658 2624 3713 secundum
2678 3675 2935 3729 maguum
2970 3657 3273 3721 Jacobum,
3308 3661 3400 3730 qui
3445 3661 3572 3714 ille-

1984 3764 2105 3802 rum
2131 3749 2537 3805 multitudinem
2570 3753 2818 3821 apostolo
2844 3752 3014 3808 Paulo
3048 3753 3336 3823 allegabat,
3364 3753 3576 3824 aliquot

1986 3841 2257 3912 myriades
2289 3843 2652 3900 conficiebant
2673 3863 2691 3912 ;
2715 3855 3092 3901 verumtamen
3125 3848 3391 3902 adventus
3425 3847 3576 3900 Anti-

1987 3933 2175 3988 christi
2227 3943 2474 4006 tempore
2524 3938 2784 4002 maxime,
2824 3947 2884 3992 ut
2930 3946 3060 3994 ante
3104 3955 3325 4009 quoque
3363 3939 3570 3994 dictum

1986 4035 2090 4093 est,
2123 4027 2226 4081 hoc
2255 4028 2434 4083 locum
2485 4030 2742 4096 habebit;
2783 4031 3003 4101 quando
3044 4032 3305 4086 nimirum
3345 4032 3574 4086 vivitica:

1987 4121 2168 4176 crucis
2221 4123 2435 4192 signum
2483 4122 2669 4179 fideles
2715 4125 2784 4179 ab
2832 4125 3144 4180 infidelibus
3193 4135 3460 4179 secernet.
3507 4123 3573 4176 hi

1987 4214 2136 4269 enim
2193 4215 2459 4285 intrepide
2505 4217 2754 4286 citraque
2811 4217 2979 4271 ullum
3046 4218 3302 4272 ruborem
3363 4216 3571 4271 Christi

1988 4308 2170 4362 erucis
2226 4309 2570 4377 signaculum
2623 4309 2677 4363 in
2710 4320 3020 4380 'conspectu
3072 4310 3367 4380 impiorum
3424 4309 3577 4364 defe-

1989 4412 2115 4455 rent
2149 4416 2163 4455 :
2195 4409 2248 4456 et
2273 4401 2347 4456 ob
2375 4401 2426 4456 id
2453 4402 2684 4472 angelus
2713 4402 2800 4458 hic
2830 4418 2958 4458 mox
2991 4403 3275 4473 subjungit
3305 4421 3320 4458 :

2061 4513 2176 4582 νη,
2203 4515 2257 4571 3.
2293 4515 2476 4571 Nolite
2511 4534 2696 4572 nocere
2735 4529 2912 4584 terror,
2944 4530 2992 4571 et
3025 4519 3181 4581 mari,
3227 4533 3388 4587 neque
3418 4517 3578 4571 orbo-

283 4599 445 4669 μήτε
465 4599 538 4653 τὰ
564 4600 803 4669 δένδρα,
831 4601 1004 4670 ἄχρις
1026 4598 1100 4658 οὗ
1125 4603 1556 4671 σφραγίσωμεν
1576 4600 1718 4667 τοὺς
1741 4603 1878 4657 δού-

1991 4605 2175 4672 ribus;
2223 4610 2564 4680 quoadusque
2611 4611 2878 4682 signemus
2922 4627 3099 4666 seruos
3149 4610 3244 4665 Dei
3291 4612 3464 4666 nostri
3520 4611 3577 4664 in

285 4696 443 4759 ,κους
475 4693 582 4748 τοῦ
630 4695 778 4748 Θεοῦ
822 4695 992 4764 ἡμῶν
1029 4695 1128 4748 ἐπὶ
1174 4695 1294 4748 τῶν
1325 4695 1616 4765 μετώπων
1659 4695 1882 4751 αὐτῶν.

381 4806 445 4857 Ἡ
470 4805 668 4870 κτίσις,
697 4806 772 4869 ὡς
796 4806 862 4860 δι’
892 4809 924 4876 ἡ
935 4808 1043 4876 μᾶς
1069 4808 1441 4878 γεγενημένη,
1467 4807 1887 4878 παιδευομένοις

286 4899 428 4968 ἡμῖν
479 4901 724 4951 κοινωνεῖ
770 4899 862 4951 ἐπὶ
897 4902 1016 4961 ταῖς
1063 4899 1337 4968 μάστιξιν,
1374 4899 1565 4970 ὥσπερ
1619 4899 1758 4973 [οὖν]
1793 4901 1888 4955 καὶ

287 4990 677 5060 δοξαζομένοις
720 4994 833 5054 τοῖς
881 4992 1059 5059 ἁγίοις
1108 4992 1709 5064 συμφαιδρυνθήσεται.
1777 4995 1878 5048 Διὰ

286 5081 502 5134 τούτων
547 5082 604 5134 δὲ
634 5083 982 5154 μανθάνομεν
1027 5086 1120 5138 καὶ
1166 5086 1296 5149 τοὺς
1337 5087 1630 5157 ἐναρέτους
1678 5087 1886 5142 δεῖσθαι

283 5171 688 5242 δυναμωθῆναι
730 5176 800 5228 δι’
838 5177 1139 5247 ἀγγελικῆς
1187 5177 1440 5248 βοηθείας
1490 5180 1598 5252 πρὸ
1635 5180 1736 5250 τῆς
1775 5181 1888 5236 τῶν

289 5266 624 5336 πειρασμῶν
654 5268 952 5340 δπαγωγῆς
981 5273 1048 5342 τῇ
1087 5270 1352 5344 δεδομένῃ
1390 5270 1572 5343 [ἡμῖν]
1601 5273 1888 5343 σφραγῖδι

287 5356 405 5410 τοῦ
448 5359 814 5429 Πνεύματος,
858 5362 953 5415 καὶ
994 5364 1140 5416 κατὰ
1181 5362 1439 5416 τοσοῦτον
1461 5363 1890 5440 έπιδεικνυμένη

289 5449 398 5520 τὴν
433 5451 644 5504 οἰκείαν
688 5451 941 5524 δύναμιν,
981 5454 1104 5508 καθ’
1134 5456 1259 5508 ὅσον
1308 5454 1376 5510 ἂν
1422 5437 1579 5509 uino!
1621 5437 1892 5528 ἐργασίαν

289 5542 736 5613 παρεισχώμεθαο
761 5546 870 5598 τῶν
891 5546 1096 5600 λοιπῶν
1121 5547 1391 5617 μενόντων
1413 5546 1734 5621 ἀϐοηθήτων
1757 5551 1891 5621 παρ’

287 5635 516 5688 οἰκείων
554 5635 648 5689 τοῦ
684 5639 757 5708 μὴ
786 5636 1126 5709 βοηθηθῆναι
1152 5639 1390 5709 θέλημα.

1989 4699 2253 4768 frontibus
2291 4718 2496 4758 eorum.

2063 4813 2364 4881 Creatura,
2431 4817 2606 4872 nostri
2659 4833 2826 4874 causa
2870 4818 3047 4883 facta,
3085 4818 3244 4874 nobis
3293 4818 3574 4888 castigatis

1989 4922 2098 4962 una
2141 4907 2428 4962 nobiscum
2461 4910 2738 4979 plagarum
2771 4913 3046 4981 particeps
3077 4911 3338 4978 edicitur;
3376 4927 3572 4982 quem-

1990 4997 2286 5053 admodum
2331 5014 2362 5055 e
2415 5001 2632 5057 diverso
2675 5005 2884 5059 sanctis
2933 5003 3002 5058 ad
3054 5004 3282 5072 gloriam
3345 5003 3570 5066 erectis,

1988 5088 2105 5158 ipsa
2137 5104 2358 5160 quoque
2394 5092 2556 5146 simul
2583 5109 2704 5147 cum
2736 5094 2844 5149 illis
2874 5095 3165 5159 laetabitur,
3191 5105 3246 5149 et
3275 5110 3380 5150 suo
3407 5096 3570 5147 etiam

1991 5181 2155 5235 modo
2191 5181 2607 5251 gloriticabitur.
2649 5184 2928 5239 Discimus
2969 5193 3150 5239 autem
3185 5184 3333 5247 hinc,
3375 5183 3574 5236 virtute

1991 5287 2212 5343 quoque
2258 5282 2484 5330 ornatos
2548 5276 2866 5346 angelorum
2919 5275 3172 5346 praesidio
3218 5288 3415 5342 egere:
3462 5286 3575 5340 quo

1991 5364 2252 5419 nimirum
2301 5365 2566 5422 adversus
2599 5367 2876 5435 graviores
2928 5367 3257 5422 tentationes
3293 5365 3577 5418 ﬁrmentur

1991 5465 2049 5513 et
2098 5457 2549 5513 corroborentur.
2598 5459 2866 5515 (laterum
2922 5458 3154 5528 Spiritus
3216 5452 3572 5526 signaculum,

1998 5548 2148 5620 quod
2196 5549 2405 5605 homini
2452 5560 2643 5606 contra
2687 5551 3010 5605 tentationea
3050 5549 3307 5611 donatur,
3351 5554 3579 5600 eatenus

1999 5643 2109 5698 vim
2163 5657 2322 5699 suam
2370 5645 2641 5711 ostendit,
2673 5653 2948 5714 quatenus
2989 5643 3092 5712 ipsi
3151 5641 3577 5698 collaboramus.

291 5725 406 5791 Qui
439 5726 606 5795 igitur
633 5731 840 5790 auxilio
862 5731 977 5816 ~hoc
998 5732 1393 5805 destituuntur,
1428 5735 1550 5792 ideo
1604 5736 1998 5807 destituuntur,
2031 5737 2160 5809 quia
2211 5752 2315 5793 una
2353 5752 2482 5795 cum
2538 5739 2660 5810 ipso
2713 5753 2938 5794 manum
2969 5738 3118 5810 operi
3154 5736 3443 5809 .adbibcre
3473 5747 3581 5786 non

291 5819 512 5878 Volunt.

2410 5979 2432 6005 ε
