4070 6430
438 386 547 451 279
1612 385 1941 447 ΑΝΒΒΕιΕ
1978 386 2101 447 C/El

2209 388 2503 450 RIENSIS
3655 386 3772 451 280

513 497 630 567 VII,
652 497 772 556 4-8.
800 496 868 554 Et
906 498 1087 554 audivi
1110 512 1387 552 numerum
1414 498 1748 568 signatorum
1775 513 1794 551 :
1818 507 2028 551 centum
2060 503 2101 561 Α

2209 500 2313 555 Καὶ
2346 500 2588 569 ἤκουσα
2625 500 2734 555 τὸν
2762 499 3015 571 ἀριθμὸν
3036 499 3157 555 τῶν
3197 500 3766 570 ἐσφραγισμένων·

443 593 805 664 quadraginta
852 600 1085 662 quatuor
1132 590 1306 644 millia
1353 590 1550 661 signati
1584 606 1650 645 ea:
1688 592 1833 644 omni
1885 591 2027 644 tribu

2209 596 2378 647 ιατὸν
2405 593 2861 662 τεσσαράκοντα
2885 593 3187 662 τέσσαρες
3212 594 3493 661 χιλιάδες
3522 594 3765 662 ἐσφρα-

447 686 682 756 ﬁliorum
720 681 915 738 Israel.
955 680 1041 735 Ea:
1094 681 1233 735 tribu
1278 681 1425 736 Juda
1452 722 1466 747 ,
1532 682 1811 737 duodecim
1861 683 2033 737 millia

2209 686 2448 758 τμένοι,]
2470 687 2539 741 ἐκ
2566 685 2769 755 πάσης
2791 685 2994 756 φυλῆς
3019 685 3183 758 [τῶν]
3198 684 3344 740 υἱῶν
3381 685 3674 753 Ἰσραήλ’
3696 685 3771 742 ἐκ

446 778 664 848 signati.
2136 780 2342 853 φυλῆς
2389 781 2597 846 Ἰούδα,
2640 781 2869 835 δώδεκα
2916 779 3186 846 χιλιάδες
3223 777 3753 848 ἐσφραγισμένοι.

2209 874 2296 946 [Al
2329 874 2598 945 σημασίαι
2623 874 2731 929 τῶν
2758 874 3005 943 κλήσεων
3033 871 3142 925 τῶν
3174 871 3242 941 ιβ’
3270 869 3715 942 πατριαρχῶν.]

520 952 716 1027 ludas,
768 952 1169 1010 confessionem
1217 960 1378 1009 sonat
1409 972 1420 1008 :
1455 969 1551 1024 per
1584 970 1747 1025 quem
1785 954 1861 1009 illi
1894 954 2039 1010 desi-

2223 965 2495 1031 Ἰούδας,
2544 964 2936 1035 ἐξομολόγησις
2982 962 3371 1035 ἑρμηνεύεται·
3424 962 3500 1016 δι’
3548 954 3615 1016 οὗ
3664 964 3764 1033 δη-

453 1054 711 1118 gnantur,
740 1044 834 1117 qui
864 1061 961 1117 per
993 1044 1197 1102 Christi
1227 1045 1655 1115 confessionem,
1685 1048 1777 1118 qui
1809 1062 1876 1102 ex
1897 1046 2039 1101 Juda

2211 1057 2369 1112 ὖνται
2400 1059 2451 1111 οἱ
2484 1056 2553 1111 δι’
2599 1056 3041 1127 ὲξομολογήσεως
3074 1056 3175 1125 τῆς
3218 1054 3431 1125 πρδςζΧ
3443 1054 3645 1125 ριστὸν
3674 1056 3769 1109 τὸν

454 1148 637 1193 ortum
676 1137 851 1205 ducit,
900 1137 1136 1195 salutem
1177 1149 1613 1210 consequuntur.

2240 1152 2415 1206 Ἰούδα
2447 1151 2836 1222 βλαστήσαντα
2872 1152 3197 1220 σωζόμενοι.

525 1234 612 1288 Ea:
643 1232 784 1287 tribu
824 1231 1030 1297 Ruben,
1071 1232 1348 1287 duodecim
1382 1233 1553 1287 millia
1578 1235 1798 1303 signati.

2231 1245 2334 1298 Ἐκ
2379 1241 2586 1312 φυλῆς
2629 1242 2906 1313 Ῥουϐὶμ,
2943 1242 3177 1296 δώδεκα
3210 1237 3495 1309 χιλιάδες
3531 1237 3770 1308 ἐσφρα-

529 1408 732 1475 Ruben,
774 1410 820 1466 si
870 1423 1069 1466 nomen
1122 1408 1521 1479 interpreteris,
1582 1408 1815 1464 visionis
1870 1409 2042 1464 tilium
2149 1340 2447 1479 γιῗέιτῗέϊ

461 1513 623 1559 sonat
656 1521 670 1558 :
714 1518 812 1574 per
836 1518 999 1574 quem
1041 1502 1393 1570 denotantur,
1437 1502 1531 1572 qui
1560 1516 1656 1572 per
1685 1500 1869 1557 cordis
1897 1500 2049 1571 puri—

466 1605 631 1651 tatem
663 1596 873 1653 caelesti
906 1596 1115 1652 visione
1145 1595 1450 1665 potiuntur.

536 1690 623 1746 Ea:
659 1692 799 1746 tribu
828 1689 967 1755 Gud,
1000 1690 1278 1746 duodecim
1310 1689 1483 1743 millia
1516 1689 1736 1760 signati.

2221 1432 2475 1500 Ῥουϐὶμ,
2498 1431 2745 1504 ὁράσεως
2764 1430 2879 1495 υἱὸς
2899 1428 3292 1501 ὲρμηνεύεταιυ
3320 1427 3390 1481 δι’
3426 1419 3496 1481 οὗ
3528 1424 3765 1496 δηλοῦν-

2149 1544 2241 1581 ται
2285 1528 2335 1580 οἱ
2374 1525 2464 1578 διὰ
2508 1524 2863 1596 καθαρότητα
2912 1524 3141 1595 καρδίας
3197 1522 3299 1595 τὴν
3351 1521 3766 1592 πνευματικὴν

2152 1620 2343 1691 ὅρασιν
2369 1617 2730 1689 κτησάμενοι.

2239 1713 2342 1767 Ἐκ
2394 1709 2599 1782 φυλῆς
2632 1708 2795 1777 Γὰδ,
2842 1708 3075 1764 δώδεκα
3128 1706 3404 1778 χιλιάδες
3466 1705 3769 1775 ἐσφραγι-

2159 1803 2404 1875 σμένοι.

2229 1896 2380 1964 Γὰδ,
2405 1896 2733 1969 πειρασμὸς·
2762 1895 2831 1950 δι’
2874 1888 2937 1950 οὗ
2975 1892 3260 1965 δηλοῦνται
3283 1893 3333 1947 οἱ
3357 1892 3430 1946 δι’
3474 1889 3767 1961 ὑπομονῆς

2163 1988 2486 2065 πειρασμῶν
2511 1990 2654 2044 κατὰ
2677 1988 2769 2042 τὸν
2809 1986 2929 2042 ’1ὼὸ
2958 1986 3412 2057 στεφανούμενοι.

539 1870 692 1939 Gad,
752 1871 1111 1927 tentationem
1182 1869 1506 1942 signiﬁcat:
1565 1883 1663 1940 per
1706 1882 1868 1938 quem
1924 1867 2047 1923 illos
2087 1845 2130 1905 Β

467 1966 717 2037 accipere
778 1965 938 2030 licet,
991 1964 1084 2035 qui
1143 1978 1241 2033 per
1291 1963 1652 2018 tentationum
1706 1961 2055 2016 tolerantiam

468 2070 524 2115 et
556 2057 914 2130 patientiam,
962 2062 1032 2112 ad
1079 2055 1494 2112 similitudinem
1538 2053 1660 2112 Johi
1702 2068 1906 2111 corona
1954 2053 2057 2111 do-

469 2157 692 2203 nantur.

540 2234 627 2290 Ea:
653 2235 794 2292 tribu
823 2236 976 2303 Aser,
1006 2235 1282 2291 duodecim
1314 2234 1487 2290 millia
1516 2234 1741 2306 signati.

2244 2244 2342 2296 Ἐκ
2382 2238 2587 2310 φυλῆς
2623 2236 2833 2306 Ἀσὴρ,
2868 2234 3100 2290 δώδεκα
3129 2232 3406 2304 χιλιάδες
3452 2230 3754 2298 ἐσφραγι-

542 2410 650 2467 Per
691 2410 844 2480 Aser,
880 2412 973 2482 qui
1011 2411 1404 2482 interpretatus
1436 2408 1832 2465 beatitudinem
1865 2416 2063 2475 sonat,

2209 2334 2448 2495 μξιῖἕιῷ,
2492 2422 2863 2497 μακαρισμός·
2900 2420 2967 2475 δι’
3004 2412 3065 2474 οὗ
3095 2418 3413 2473 δείκνυνται
3456 2414 3510 2467 οἱ
3552 2410 3646 2465 τὸν
3670 2412 3767 2463 Δε-

473 2505 551 2560 illi
600 2504 1001 2574 intelliguntur,
1050 2503 1144 2573 qui
1196 2518 1293 2573 per
1336 2503 1557 2573 dignam
1593 2502 1721 2557 vita:
1770 2515 2066 2557 conversa-

2209 2520 2430 2575 ποτικὸν
2461 2515 2814 2589 μακαρισμὸν
2852 2514 2941 2568 διὰ
2986 2509 3267 2572 πολιτείας
3298 2507 3466 2571 ἀξίας
3505 2504 3769 2575 κληρονο-

474 2598 679 2653 tionem
715 2596 1054 2652 Dominicam
1080 2596 1395 2652 beatitatem
1428 2595 1733 2666 promeriti,
1773 2596 2064 2651 stationem

2209 2611 2420 2675 οῦντες,
2448 2609 2545 2663 καὶ
2571 2608 2672 2679 τῆς
2696 2604 3034 2672 Δεσποτικῆς
3062 2604 3159 2673 τῆς
3185 2604 3250 2656 ὲκ
3278 2599 3486 2667 δεξιῶν
3514 2596 3611 2650 τοῦ
3637 2596 3768 2665 Χρι-

476 2690 545 2744 ad
595 2689 871 2744 dexteram
912 2687 1118 2743 Christi
1174 2696 1625 2758 consequuntur,
1670 2685 1878 2757 ﬁliique
1928 2684 2062 2740 lucis

2209 2706 2264 2761 οὗ
2302 2705 2548 2766 στάσεως
2577 2699 2913 2771 ἀξιούμενοι,
2941 2698 3037 2752 καὶ
3069 2696 3173 2749 υἱοὶ
3195 2693 3375 2764 φωτὸς
3427 2693 3532 2746 καὶ
3553 2686 3765 2759 ἡμέρας

477 2795 527 2840 et
561 2783 668 2839 diei
697 2782 1062 2854 appellantur.
2170 2798 2643 2867 ἀναδεικνύμενοι.

550 2875 638 2932 Ea:
660 2878 801 2931 tribu
835 2875 1201 2945 Nephtltalim,
1238 2875 1513 2931 duodecim
1543 2876 1717 2931 millia
1744 2876 1961 2947 signati.

2264 2896 2366 2948 Ἐκ
2388 2889 2592 2961 φυλῆς
2621 2883 2981 2956 Νεφθαλεὶμ.
3010 2879 3238 2935 δώδεκα
3258 2876 3560 2949 χιλιάδες.

551 2966 655 3022 Per
702 2967 1084 3037 Nephthalim,
1140 2966 1234 3038 qni
1293 2968 1667 3038 precationem
1722 2966 1984 3030 denotat,
2032 2967 2067 3021 ii

2241 2980 2605 3053 Νεφθαλεὶμ,
2640 2975 2941 3049 προσευχή-
2972 2972 3039 3027 δι’
3078 2966 3148 3043 ἦς
3188 2965 3697 3041 χαρακτηρὶζονται
3718 2963 3765 3016 oi

483 3061 857 3125 insinuantur,
892 3060 984 3131 qui
1020 3059 1242 3117 assiduo
1276 3061 1535 3129 precandi
1566 3061 1748 3117 studio
1784 3059 1892 3118 Deo
1924 3060 2069 3115 indi-

483 3154 637 3208 vulse
670 3153 972 3208 adhaerent.

2209 3078 2265 3133 ιὰ
2287 3073 2599 3149 προσευχῆς
2631 3070 2979 3126 ἀδιαλείπτου
3005 3065 3085 3138 τῷ
3110 3064 3230 3136 Θεῷ
3261 3061 3631 3132 κολλώμενοι.

483 3162 637 3210 vulsa
670 3162 972 3209 adhaerent.
2101 3187 2148 3249 C

556 3250 642 3306 Ea:
679 3250 819 3305 tribu
856 3249 1127 3315 Manasse,
1170 3250 1451 3306 duodecim
1489 3247 1666 3302 millia
1704 3246 1923 3317 signati.

2258 3258 2361 3311 Ἐκ
2383 3251 2583 3322 φυλῆς
2604 3244 2931 3314 Μανασσῆ,
2958 3243 3187 3297 δώδεκα
3218 3237 3519 3309 χιλιάδες.

554 3347 851 3407 Manasses,
896 3343 991 3413 qui
1033 3345 1101 3399 ab
1130 3343 1408 3400 oblivione
1438 3357 1639 3397 nomen
1690 3339 1893 3405 trahit,
1927 3337 2071 3393 desi-

2248 3342 2611 3412 Μανασσῆς,
2626 3337 3062 3410 ὲπιλησμοσύνη,
3092 3332 3399 3395 τουτέστιν,
3444 3330 3496 3383 οἱ
3520 3326 3629 3381 τῶν
3654 3322 3766 3379 6m-

485 3441 618 3506 gnat
645 3435 767 3492 illos
796 3435 890 3507 qui
917 3435 1101 3491 divino
1128 3451 1318 3492 amore
1365 3434 1602 3498 incensi,
1653 3447 1715 3488 ea
1764 3445 1885 3502 quae
1926 3438 2075 3486 retro

2209 3446 2305 3501 θεν
2347 3435 2835 3508 ἐπιλανθανόμενοι
2863 3431 2959 3487 καὶ
3004 3428 3114 3483 τῶν
3152 3424 3439 3497 πατρῴων
3470 3421 3656 3487 οἴκων,
3685 3416 3767 3472 διὰ

486 3539 637 3593 sunt,
665 3528 1003 3599 domumque
1036 3538 1341 3598 paternam,
1385 3525 1647 3583 oblivioni
1676 3524 1918 3580 tradunt.

2211 3538 2270 3591 δν
2293 3536 2450 3591 Θεῖον
2475 3533 2678 3604 ἔρωτα.

559 3618 648 3673 Ea:
676 3620 819 3674 tribu
849 3618 1062 3675 Simeon
1084 3659 1099 3686 ,
1135 3619 1416 3675 duodecim
1444 3617 1619 3672 millia
1646 3616 1866 3688 signati.

2264 3631 2369 3684 Ἐκ
2385 3626 2590 3697 φυλῆς
2607 3621 2871 3693 Συμεὼν,
2903 3616 3135 3672 δώδεκα
3160 3612 3460 3685 χιλιάδες.

558 3712 666 3783 31
703 3711 808 3766 Per
857 3709 1188 3779 Simeonem,
1239 3710 1334 3782 qui
1382 3710 1529 3766 idem
1575 3708 1689 3764 fere
1732 3717 1895 3764 sonat
1933 3708 2079 3778 quod

2254 3719 2530 3792 Συμεὼν,
2580 3716 2833 3785 ὑπακοήο
2884 3708 3116 3781 δηλαδὴ,
3168 3707 3219 3761 οἱ
3272 3706 3339 3760 δι’
3371 3702 3629 3775 ὑπακοῆς
3668 3696 3768 3754 τῶν

493 3803 827 3869 obedientia,
864 3802 1173 3857 innuuntur
1216 3800 1318 3868 illi,
1373 3801 1468 3871 qui
1503 3814 1600 3870 per
1643 3798 1948 3856 studiosam
1998 3799 2083 3853 di-

2209 3815 2348 3869 tt:le
2380 3810 2612 3867 ἐντολῶν
2642 3806 3032 3878 δικαιούμενοι.

496 3896 749 3951 vinornm
794 3902 1192 3966 praeceptorum
1227 3893 1696 3960 observationem,
1729 3892 2083 3964 iustiﬁcatio-

498 3986 585 4042 nis
616 3986 845 4055 gratiam
879 3986 1166 4041 consecuti
1197 3993 1346 4040 sunt.

570 4078 657 4133 Ea:
686 4078 830 4133 tribu
862 4077 1003 4144 Levi,
1040 4077 1318 4134 duodecim
1346 4079 1519 4133 millia
1545 4078 1763 4150 signati.

2272 4086 2375 4140 Ἐκ
2407 4081 2611 4153 φυλῆς
2641 4080 2817 4141 Λευῖ,
2851 4075 3082 4130 δώδεκα
3115 4067 3407 4142 χιλιάδες.

571 4172 727 4239 Levi,
779 4184 1123 4242 assumptum
1164 4172 1472 4243 signiﬁcat;
1513 4186 1622 4243 quo
1661 4170 1884 4226 nomine
1916 4170 2088 4225 deno-

2263 4150 2427 4244 Λευῒ,
2466 4150 2943 4247 προσειλημμένος
2965 4184 2980 4199 ο
3008 4166 3076 4219 δι’
3104 4158 3166 4218 οὗ
3192 4160 3446 4216 νοοῦνται
3477 4157 3526 4209 οἱ
3561 4150 3767 4247 διὰ-πο-

500 4276 687 4322 tantur
732 4266 771 4320 ii
831 4265 924 4335 qui
979 4279 1075 4335 per
1132 4242 1613 4320 conversationem
1664 4262 1951 4318 sacerdote
2007 4261 2091 4316 di-

2209 4242 2419 4335 ιιτείαςγ
2445 4242 2813 4340 ἱεροπρεποῦς
2847 4260 2954 4316 ὑπὸ
2997 4255 3238 4329 Χριστοῦ
3281 4242 3766 4340 προσειλημμένοι.

503 4375 689 4429 gnam,
723 4373 754 4414 a
787 4332 1008 4413 Christo
1056 4358 1319 4427 assumpti
1352 4364 1501 4410 sunt.
1538 4355 1856 4410 Collocatur
1904 4362 2090 4409 autem

2209 4332 2425 4436 Ὀγδοος
2476 4332 2533 4415 δὲ
2589 4332 2722 4413 [teut
2772 4354 3068 4417 τέτακται,
3133 4349 3210 4412 ὡς
3260 4346 3404 4401 κατὰ
3458 4342 3557 4436 την
3588 4332 3767 4436 ὀγδόην

504 4450 637 4506 Levi
675 4450 870 4504 ordine
924 4457 1173 4514 octavus,
1215 4451 1361 4518 quod
1416 4456 1608 4503 octavo
1639 4447 1859 4502 demum
1905 4460 2092 4501 resur-

2209 4430 2412 4533 ἡμέραν
2438 4459 2537 4528 τῆς
2560 4450 2912 4512 ἀναστάσεως
2937 4446 3036 4517 τῆς
3059 4439 3295 4513 ἀληθοῦς
3325 4434 3626 4509 ἱερωσύνης
3646 4430 3770 4483 ἁνα-

507 4542 766 4599 rectionis
803 4542 894 4597 die
927 4557 1118 4596 verum
1153 4540 1528 4597 sacerdotium
1560 4550 1843 4595 ostensum
1878 4538 1968 4595 sit.

2209 4554 2381 4607 Setuvu
2390 4550 2580 4621 μένης.

579 4634 666 4690 Ea:
695 4635 836 4689 tribu
875 4632 1149 4699 Issacltar,
1178 4632 1455 4688 duodecim
1490 4633 1664 4686 millia
1695 4633 1913 4703 signati.

2285 4648 2387 4701 Ἐκ
2415 4641 2620 4714 φυλῆς
2662 4636 2930 4708 ἰσάχαρ,
2963 4633 3193 4688 δώδεκα
3220 4625 3509 4699 χιλιάδες.

583 4730 684 4785 Per
708 4726 983 4792 Issacltar,
1014 4727 1108 4799 qui
1135 4729 1201 4783 de
1240 4727 1490 4783 mercede
1530 4702 1947 4796 appellationem
1974 4739 2097 4778 sor-

2286 4702 2776 4805 Ἰσάχιιρ,“μισθός
2794 4702 3118 4782 ί-τουτέστιν
3148 4725 3197 4778 οἱ
3219 4723 3310 4776 τὸν
3334 4722 3400 4774 ὲκ
3424 4713 3560 4772 Θεοῦ
3591 4702 3770 4781 μισθῦν

512 4824 678 4888 titur,
728 4819 805 4877 illi
845 4820 1263 4884 adumbrantur,
1326 4819 1421 4889 qui
1487 4826 1708 4889 propter
1764 4816 2099 4882 mercedem,

2209 4826 2599 4899 λαμϐάνοντες,
2634 4824 2711 4887 ὼς
2738 4820 3012 4892 ὲναρέτως
3050 4813 3483 4883 πολιτευόμενοι.

512 4931 677 4985 quam
717 4929 785 4969 ex
824 4912 937 4969 Deo
983 4920 1325 4984 exspectant,
1375 4912 1637 4968 studiosae
1670 4912 1795 4967 vitae
1832 4910 2102 4967 rationem

514 5010 778 5066 inierunt.

588 5102 674 5155 Ex
701 5100 842 5161 tribu
875 5096 1139 5166 Zabulon,
1170 5098 1450 5152 duodecim
1479 5096 1650 5151 millia
1680 5096 1899 5167 signati.

2294 5093 2398 5145 Ἐκ
2421 5087 2630 5160 φυλῆς
2656 5082 3003 5147 Ζαϐουλὼν,
3034 5077 3267 5133 δώδεκα
3286 5070 3572 5173 χιλιάδες.
3595 5156 3607 5173 ⁸

588 5193 868 5258 Zabulon,
904 5195 1293 5263 interpretatur
1325 5192 1545 5246 virtutis
1577 5200 1674 5246 aut
1717 5187 2101 5245 suaveolentiam

2281 5151 2626 5245 Ζαϐδυλὼιθ,
2689 5176 3110 5246 κατοικητήριον
3148 5169 3454 5239 δυνάμεως,
3497 5151 3771 5263 ﬂagtium“;

519 5240 1284 5356 ιιεὶίιεῖιίιίὶζιέι”ἐ”ξ›έῗξιξέὲἐὶ
1320 5240 1547 5354 signa
1578 5240 2101 5351 satissatis;

2210 5279 2277 5333 δι’
2318 5270 2381 5332 οὗ
2426 5276 2674 5331 νοοῦνται
2703 5273 2753 5324 οἱ
2792 5272 2859 5341 τῇ
2892 5268 3165 5337 ἐνοικήσει
3203 5261 3346 5336 [τοῦ]
3379 5250 3611 5330 Χριστοῦ
3642 5240 3771 5350 id?"

523 5380 920 5436 inhabitantcm
967 5347 1058 5433 [lci
1089 5347 1354 5449 Spiritum
1387 5347 1651 5431 adversus
1683 5374 1849 5430 animi
1891 5347 2101 5444 pertur-

2211 5371 2322 5426 τῶν
2358 5370 2549 5424 παθῶν
2597 5363 3044 5435 δυναμωθέντες,
3088 5362 3182 5413 καὶ
3233 5355 3431 5410 εὐωδία
3500 5347 3771 5402 αὐτοῦ.ω;

526 5472 793 5538 bationcs,
828 5470 1122 5541 carnisque
1151 5485 1397 5535 sensum,
1430 5469 1631 5524 ﬁrmati
1657 5477 1713 5523 et
1743 5466 2101 5533 corroborati,

2214 5482 2380 5537 φησιν
2407 5467 2435 5517 ό
2464 5462 2674 5525 Παῦλος
2692 5502 2706 5527 ,
2734 5458 3033 5528 γινόμενοι.

529 5563 662 5617 facti
698 5570 830 5618 sunt
860 5562 1038 5618 bonus
1068 5561 1207 5617 odor
1236 5560 1466 5629 Christi,
1512 5568 1573 5616 ut
1606 5560 1811 5615 Paulus
1844 5558 2109 5630 loquitur.
2188 5626 2189 5629 η

600 5654 683 5708 Ea:
706 5654 849 5709 tribu
880 5653 1096 5723 Ioseph,
1120 5654 1397 5708 duodecim
1422 5653 1595 5708 millia
1625 5653 1843 5724 signati.

2299 5644 2405 5699 "Ex
2431 5640 2635 5713 φυλῆς
2668 5638 2905 5708 Ἰωσὴφ,
2933 5635 3164 5690 δώδεκα
3188 5630 3477 5703 χιλιάδες.

599 5742 817 5813 Ioseph,
848 5710 1018 5799 idem.
1040 5710 1201 5800 sonat
1247 5746 1393 5814 quod
1434 5744 1641 5799 additio
1674 5710 1762 5800 ’νει
1806 5745 2101 5799 incremen-

2303 5710 2557 5807 Ἰωσὴφ,
2606 5735 2934 5806 πρόσθεσις·
2975 5731 3253 5786 τουτέστιν
3282 5730 3329 5781 οἱ
3379 5728 3438 5778 ὲν
3479 5710 3768 5814 προσρήκηξ

539 5844 654 5892 tum
686 5856 698 5892 :
736 5837 963 5892 denotat
1010 5849 1191 5894 autent
1217 5853 1315 5896 cos
1348 5840 1441 5910 qui
1482 5839 1537 5894 in
1566 5847 1775 5911 partem
1814 5837 2091 5911 angnienti

2225 5836 2383 5908 μέρει
2432 5834 2529 5889 σὺν
2562 5833 2627 5903 τῇ
2660 5829 2908 5903 βασιλείᾳ
2968 5827 3076 5882 τῶν
3140 5824 3385 5896 οὐρανῶν
3421 5818 3487 5873 τὰ
3542 5810 3663 5881 πρὸς
3717 5798 3769 5851 τὸ
