4070 6426
279 398 390 466 281

1250 398 1857 462 COMMENTARIUS
1897 399 1978 461 ΙΝ
2018 399 2552 462 APOCALYPSIN.

3474 402 3580 465 282

283 516 395 587 ζῇν
440 513 712 583 ἀναγκαῖα
773 510 1175 583 λαμϐάνοντες,
1210 509 1287 576 ὥς
1335 525 1505 583 ’φησιν
1557 515 1586 567 ὁ
1645 513 1870 585 Κύριος.

1981 529 2088 568 una
2142 529 2265 569 cum
2319 529 2488 584 regno
2531 511 2834 577 cmlorum,
2884 527 2948 569 ea
2988 528 3210 584 quoque
3258 530 3286 569 a
3341 516 3576 572 Domino

367 693 473 746 Ἐκ
503 687 708 761 φυλῆς
742 689 1048 761 Βενιαμὶν,
1083 689 1315 745 δώδεκα
1343 692 1614 761 χιλιάδες
1649 694 1880 765 ἐσφρα-

279 785 582 856 γισμένοι.
701 807 705 810 ·

354 866 668 948 Βενιαμὶν,
709 877 822 940 υίὸς
858 876 1052 946 ὀδύνης
1073 917 1088 941 ,
1146 878 1180 949 ἢ
1232 879 1350 943 υἱὸς
1386 879 1603 951 ἡμέρας
1627 921 1643 947 ,
1689 881 1724 951 ἢ
1760 882 1880 948 υἱὸς

279 971 474 1035 δεξιᾶς
499 987 514 1002 ο
563 969 765 1041 δηλαδὴ
810 970 860 1023 οἱ
917 969 1006 1023 διὰ
1047 971 1360 1042 καρδιακῶν
1406 972 1643 1032 ὀδυνῶν.
1678 974 1789 1028 εἴτε
1827 977 1879 1030 οἱ

282 1067 405 1119 τότε
459 1065 520 1130 ἐξ
584 1063 854 1136 Ἑϐραίων
910 1064 1098 1117 πιστοὶ
1145 1065 1242 1118 καὶ
1299 1066 1730 1136 διαπεφευγότες
1778 1069 1880 1142 τὴν

286 1152 447 1229 [τῶν]
497 1155 786 1224 Ῥωμαίων
817 1155 1222 1225 αἰχμαλωσίαν,
1276 1155 1369 1211 τὸν
1418 1157 1654 1229 ἀριθμὸν
1689 1160 1880 1217 τοῦτον

281 1247 752 1318 ἀναπληροῦντες
807 1248 950 1313 εἴτε,
993 1246 1022 1300 δ
1068 1247 1161 1301 καὶ
1198 1249 1401 1319 μᾶλλον
1436 1251 1795 1324 πιστότερον,
1828 1256 1879 1309 οἱ

282 1339 376 1391 ἐπὶ
415 1337 704 1408 συντελείᾳ
745 1337 805 1402 ἐξ
855 1337 1124 1392 Ἰουδαίων
1159 1337 1270 1410 [διὰ
1311 1340 1576 1414 πίστεως]
1628 1342 1879 1414 σωζόμε-

279 1447 384 1494 νοι,
421 1430 540 1493 ὅτε,
573 1429 757 1495 καθὼς
788 1448 954 1501 φησιν
977 1435 1006 1486 ὁ
1040 1433 1393 1498 Ἀπόστολος,
1441 1435 1580 1504 μετὰ
1604 1437 1667 1491 τὸ
1700 1437 1878 1490 είσελ-

282 1523 400 1576 θεῖν
444 1525 508 1576 τὸ
556 1523 832 1595 πλήρωμα
872 1524 983 1579 τῶν
1023 1525 1228 1593 ἐθνῶν,
1272 1528 1382 1590 πᾶς
1435 1527 1653 1602 Ἰσραὴλ
1701 1530 1878 1601 σωθή-

285 1630 481 1668 σεται·
543 1613 684 1688 [καὶ]
752 1615 1036 1687 οὐδέτερον
1089 1617 1496 1687 ἀπαράδεκτον.
1569 1620 1633 1673 Ἦ
1692 1621 1876 1692 μέντοι

280 1707 547 1778 ἀκρίϐεια
576 1709 676 1777 τῆς
699 1707 760 1772 ἐξ
790 1709 1031 1780 ἑκάστης
1059 1709 1237 1780 φυλῆς
1295 1713 1542 1784 ἰσότητος
1586 1713 1876 1784 ἐμφαίνειν

285 1817 377 1870 μοι
413 1800 566 1853 δοκεῖ
593 1801 686 1854 τὸν
711 1801 1200 1872 πολυπλασιασμὸν
1215 1802 1313 1856 τοῦ
1345 1805 1706 1860 ἀποστολικοῦ
1741 1808 1876 1860 σπό-

285 1911 379 1962 ρου
401 1909 416 1922 ⁸
455 1893 784 1961 δωδεκάκις
808 1894 1014 1948 δώδεκα
1046 1895 1626 1970 πολυπλασιαζομένου
1661 1900 1755 1954 ἐπὶ
1783 1902 1876 1954 τὸν

280 1984 488 2039 τέλειον
510 1986 612 2057 τῆς
637 1986 876 2056 χιλιάδος
903 1986 1158 2060 ἀριθμὸν,
1190 1989 1286 2043 καὶ
1319 1989 1462 2044 οὕτω
1485 1991 1586 2056 τὰς
1615 1993 1876 2063 ῥηθείσας

283 2077 534 2148 χιλιάδας
559 2078 954 2142 ἀποτελοῦντος
974 2096 989 2112 ·
1028 2080 1270 2152 μαθηταὶ
1307 2081 1418 2154 γὰρ
1448 2077 1590 2154 ἦσαν
1617 2085 1710 2138 τοῦ
1741 2085 1873 2139 κόκο

283 2187 382 2224 κου
424 2168 520 2223 τοῦ
562 2172 643 2232 εἰς
695 2171 796 2241 τὴν
832 2174 936 2243 γῆν
973 2172 1062 2226 διὰ
1111 2173 1524 2245 φιλανθρωπίαν
1581 2177 1872 2242 πεσόντος,

284 2261 380 2314 καὶ
407 2260 721 2332 πολύφορον
755 2263 864 2333 τῆς
909 2265 1260 2334 παγκοσμίου
1293 2266 1571 2338 σωτηρίας
1601 2268 1694 2322 τὸν
1735 2287 1875 2342 καρ-

285 2351 383 2405 πδν
417 2351 849 2424 βλαστήσαντος.
911 2354 1349 2426 Ἐπισημαντέον
1387 2357 1446 2410 δέ
1490 2357 1671 2425 τοῦτο,
1720 2359 1801 2413 ὅτι
1839 2362 1874 2432 ή

285 2444 424 2513 ᾳυλὴ
455 2443 552 2498 τοῦ
599 2443 751 2510 Δὰν,
791 2444 868 2508 ὡς
908 2445 969 2510 ἐξ
1005 2445 1180 2514 αὐτῆς
1209 2447 1533 2518 τικτομένου
1566 2448 1657 2504 τοῦ
1699 2450 1873 2504 Ἀντι-

284 2536 549 2608 χρίστου,
597 2540 719 2601 ταῖς
767 2537 986 2601 λοιπαῖς
1038 2539 1100 2592 οὐ
1147 2539 1545 2594 συντέτακται·
1600 2541 1719 2596 ἀλλ’
1758 2543 1874 2596 ἀντ’

286 2629 454 2699 αὐτῆς
479 2631 513 2701 ή
550 2629 647 2684 τοῦ
676 2630 841 2699 Λευῒ,
887 2631 964 2694 ὡς
1003 2632 1256 2704 ίερατικὴ
1293 2634 1482 2698 πάλαι,
1523 2635 1604 2699 είς
1638 2635 1874 2707 ἀριθμὸν

291 2722 361 2793 μὴ
391 2722 668 2793 ἐρχομένη
695 2739 708 2752 ’
749 2723 816 2776 ἐκ
845 2723 902 2776 δὲ
929 2723 1029 2792 τῆς
1069 2723 1180 2776 τῶν
1229 2723 1511 2795 ὀνομάτων
1548 2727 1872 2797 ἑρμηνείας,

289 2813 399 2866 ἐστι
428 2813 555 2866 τινὰ
583 2812 696 2866 τῶν
724 2811 909 2881 φυλῶν
948 2814 1158 2886 ἑκάστῃ
1187 2813 1576 2886 προσαρμόσαι
1608 2815 1872 2880 διάνοιαν,

289 2905 358 2968 ὡς
411 2905 470 2958 ἐν
505 2907 624 2968 τοῖς
669 2905 920 2976 πλησίοις
965 2905 1362 2976 παρατίθεται·
1401 2906 1493 2960 τὸν
1533 2907 1590 2960 δὲ
1649 2907 1873 2977 Ἰωσὴφ

291 2997 402 3050 ἀντὶ
430 2996 529 3050 τοῦ
575 2997 825 3068 Ἐερραῒμ
855 2998 949 3052 τοῦ
992 2997 1111 3052 υἱοῦ
1145 2998 1313 3052 αὐτοῦ
1345 2998 1613 3052 τέθεικεν.
1667 2999 1871 3070 Ἀρμό-

293 3087 397 3152 διος
437 3088 495 3142 δέ
547 3088 759 3154 τούτοις
805 3089 834 3140 ὁ
894 3087 1110 3159 λεχθεὶς
1157 3088 1389 3160 ἀριθμὸς
1433 3087 1745 3162 [τέθειται],
1797 3091 1874 3154 ὡς

297 3180 524 3275 είρηται,
552 3179 661 3254 [διά
681 3197 741 3235 τε
766 3181 894 3275 τοὺς
921 3180 1088 3275 παλαι
1129 3179 1401 3275 Ἑϐραίων
1427 3181 1638 3275 δῶδεκα
1665 3176 1877 3253 φυ).ἁρ·’
1899 3217 1942 3275 C

299 3271 458 3346 χους,]
491 3273 581 3327 διά
611 3290 673 3326 τε
709 3273 837 3336 τοὺς
872 3272 988 3328 ἀντ’
1026 3273 1207 3328 αὐτῶν
1245 3273 1626 3336 καταστάντας
1675 3274 1872 3346 ἄρχον-

313 3381 390 3430 τας
429 3367 523 3420 ἐπὶ
553 3369 736 3420 πᾶσαν
771 3365 872 3438 τὴν
901 3365 1007 3436 γῆν
1042 3365 1364 3429 θεσπεσίους
1404 3366 1757 3430 ἀποστόλους,
1793 3364 1871 3430 ὡς

308 3457 594 3528 γέγραπται
613 3475 628 3490 ο
663 3459 733 3513 δι’
759 3451 835 3512 ὧν
863 3461 912 3513 oi
942 3461 1002 3513 ἐν
1032 3461 1099 3530 τῇ
1135 3458 1409 3530 διασπορᾷ
1449 3440 1550 3528 τῆς
1579 3458 1684 3528 γῆς
1736 3457 1870 3512 Ἰου-

301 3545 423 3600 δαῖοι
451 3546 563 3620 [ἐπ’
593 3546 864 3619 ἐσχάτων]
898 3548 1188 3613 σώζονται.

1907 1868 1949 1924 Β

1985 606 2262 674 accipiunt
2284 619 2407 674 qua:
2429 605 2496 658 ad
2523 603 2644 659 vita:
2672 620 2831 659 usum
2867 608 3176 662 necessaria
3209 607 3501 663 habentur.

2058 695 2142 749 Ea:
2171 696 2310 750 tribu
2342 695 2647 766 Benjamin,
2675 697 2955 751 duodecim
2990 697 3162 752 millia
3193 699 3412 770 signati.

2053 875 2157 930 Per
2215 875 2533 946 Benjamin,
2586 875 2680 942 qui
2751 875 3176 945 interpretatus,
3222 875 3429 930 doloris
3476 883 3572 927 aut

1982 971 2122 1036 diei,
2155 978 2251 1024 aut
2283 971 2522 1024 dextera:
2569 969 2741 1023 ﬁliuni
2824 970 3130 1040 signiﬁcat,
3170 985 3264 1023 eos
3323 968 3573 1038 accipere

1982 1078 2278 1134 possumus
2310 1064 2404 1133 qui
2437 1077 2532 1132 per
2569 1061 2757 1117 cordis
2790 1061 3040 1116 dolorem
3092 1068 3422 1126 servantur;
3456 1061 3573 1114 sive

1983 1155 2018 1209 ii
2046 1170 2112 1210 ex
2145 1155 2364 1209 illorum
2391 1168 2626 1208 numero
2663 1154 2775 1209 sint
2800 1153 2895 1222 qui
2929 1161 3040 1206 tum
3068 1167 3132 1206 ex
3157 1150 3363 1206 Judaris
3386 1151 3571 1206 ﬁdeles

1981 1247 2108 1302 facti
2149 1256 2337 1309 erant;
2397 1246 2514 1301 sive
2564 1261 2632 1302 ex
2685 1246 2902 1299 illorum
2935 1244 3028 1314 qui
3078 1260 3141 1298 ex
3195 1243 3570 1298 Romanorum

1980 1339 2293 1409 captivitate
2325 1338 2566 1393 ﬁdelium
2618 1338 2785 1393 coetui
2828 1335 3071 1407 adjuncti
3109 1334 3368 1402 fuerunt;
3418 1337 3569 1401 sive,

1979 1433 2125 1502 quod
2175 1431 2334 1486 nobis
2363 1413 2722 1486 verisimilius
2762 1430 2841 1493 ﬁt,
2875 1444 2944 1484 ex
2978 1443 3169 1484 eorum
3206 1429 3302 1498 qui
3333 1428 3436 1483 sub
3470 1442 3573 1482 sae-

1979 1525 2088 1579 culi
2138 1523 2672 1579 consummationem
2705 1538 2770 1578 ex
2808 1521 3018 1577 Iudaeis
3050 1536 3146 1592 per
3186 1521 3346 1576 ﬁdem
3389 1521 3572 1576 salva-

1976 1617 2186 1671 buntur
2221 1634 2233 1669 :
2271 1618 2492 1686 quando
2523 1615 2826 1680 nimirum,
2871 1614 3030 1684 juxta
3059 1613 3310 1683 Apostoli
3353 1621 3574 1669 senten~

1978 1708 2134 1774 tiam,
2163 1717 2288 1779 post
2325 1708 2570 1778 gentium
2599 1708 3008 1762 multitudinem
3035 1707 3366 1777 ingressam,
3392 1705 3574 1760 omnis

1977 1819 2198 1874 quoque
2229 1803 2396 1860 Israel
2428 1802 2614 1857 salvus
2660 1801 2770 1856 ﬁet.
2812 1799 3078 1856 Neutrum
3108 1815 3138 1853 a
3179 1799 3400 1853 ratione
3435 1797 3574 1852 vide-

1979 1907 2067 1952 tur
2096 1897 2362 1952 alienum.
2409 1895 2683 1952 Cancrum
2727 1904 2918 1950 exacta
2953 1895 3046 1948 illa
3089 1904 3458 1962 accurataque
3505 1907 3574 1947 ex

1977 1988 2172 2058 quavis
2224 1988 2370 2043 tribu
2403 1987 2722 2058 aequalitas,
2775 1986 3064 2056 apostolici
3113 1985 3342 2041 seminis
3390 1985 3574 2040 multi-

1977 2079 2332 2151 plicationem
2398 2078 2686 2142 insinuat;
2740 2076 3010 2147 siquidem
3067 2090 3317 2129 numerus
3369 2074 3571 2128 duode-

1977 2172 2162 2226 narius
2196 2169 2494 2226 duodecies
2541 2168 2938 2238 multiplicatus
2959 2211 2974 2235 ,
3006 2167 3393 2238 praedictorum
3447 2167 3572 2219 mil-

1976 2260 2109 2315 lium
2148 2274 2442 2315 numerum
2491 2258 2703 2328 integre
2751 2257 3012 2312 absolvit.
3052 2256 3297 2327 Apostoli
3330 2270 3570 2324 namque

1975 2353 2127 2410 verbi
2171 2351 2256 2407 vel
2301 2349 2456 2421 grani
2494 2349 2674 2420 potius
2709 2348 2853 2403 illius
2896 2347 3154 2417 discipuli
3191 2356 3370 2409 erant,
3418 2345 3564 2416 quod

1976 2447 2030 2501 in
2061 2453 2260 2500 terram
2293 2444 2533 2513 lapsum,
2565 2440 2959 2496 multiformem
2996 2455 3096 2511 pro
3137 2455 3236 2494 sua
3278 2439 3570 2494 clementia

1976 2537 2170 2594 salutis
2220 2535 2460 2590 fructum
2496 2534 2755 2589 universo
2799 2541 3070 2588 terrarum
3110 2532 3227 2586 orbi
3266 2529 3572 2601 progermi-

1975 2628 2143 2684 navit.
2177 2626 2598 2683 Observandum
2631 2634 2716 2682 est
2746 2639 2967 2695 quoque
3007 2623 3208 2678 tribum
3241 2621 3382 2687 Dan,
3419 2619 3569 2691 quod

1973 2719 2353 2775 Antichristus
2397 2734 2464 2774 ex
2513 2717 2606 2774 illa
2656 2719 2974 2773 nasciturus
3013 2715 3243 2782 feratur,
3277 2731 3402 2771 cum
3444 2715 3573 2770 reli-

1976 2814 2103 2884 quis
2131 2813 2387 2869 tribubus
2427 2813 2534 2869 hoc
2567 2813 2687 2868 loco
2727 2826 2835 2867 non
2869 2812 3142 2867 recenseri
3183 2829 3196 2866 :
3226 2826 3416 2866 verum
3447 2813 3571 2880 ejus

1978 2905 2100 2960 loco
2130 2904 2331 2960 tribum
2359 2904 2500 2963 Levi.
2526 2919 2649 2974 qua:
2677 2904 2830 2968 olim,
2851 2904 2995 2973 quod
3016 2901 3377 2959 sacerdotalis
3395 2909 3566 2964 esset,

1977 2996 2034 3052 in
2101 2997 2343 3052 tribuum
2407 2997 2736 3052 divisionem
2786 3012 2896 3052 non
2951 2995 3235 3060 veniebat,
3281 2995 3569 3050 sullectam

1977 3105 2120 3146 csse.
2147 3087 2323 3144 Porro
2349 3103 2415 3144 ex
2453 3088 2742 3145 nominum
2785 3087 3238 3158 interpretatione
3267 3085 3569 3156 unicuique

1977 3181 2144 3237 tribui
2205 3182 2534 3237 sententiam
2610 3182 2853 3252 aliquam
2915 3181 3336 3237 accommodare
3395 3180 3564 3245 licet;

1976 3272 2141 3329 sicuti
2186 3289 2287 3329 nos
2327 3287 2550 3343 quoque
2609 3272 2664 3327 in
2718 3273 2969 3342 proxime
3002 3272 3272 3344 expositis
3325 3271 3568 3342 aliquam

1977 3364 2300 3420 unicuilibet
2332 3365 2898 3421 accommodavimus.
2928 3365 3200 3420 Caeterum
3239 3362 3435 3433 Ioseph
3469 3377 3570 3433 pro

1975 3455 2234 3526 Epitraim
2261 3455 2372 3512 lilio
2397 3455 2466 3511 ab
2488 3456 2826 3526 evangelista
2861 3457 3069 3525 positus
3092 3464 3197 3511 est.
3231 3455 3570 3510 Convenien-

1972 3556 2055 3602 ter
2081 3556 2262 3602 autem
2295 3548 2590 3618 praedictus
2619 3549 2981 3603 duodenarius
3010 3535 3261 3603 numerus
3296 3546 3402 3601 illis
3426 3545 3569 3600 assi-

295 3650 479 3711 gnatus
518 3650 635 3705 est,
668 3649 784 3696 tum
815 3640 887 3695 ob
923 3640 1214 3698 duodecim
1261 3648 1498 3702 ,veteres
1541 3639 1898 3695 Hebraeorum
1957 3638 2300 3709 patriarchas
2367 3639 2680 3695 tribuumve
2725 3638 3043 3710 principes;
3085 3649 3200 3694 tum
3233 3639 3398 3694 etiam
3438 3653 3566 3707 pro-

293 3749 400 3808 pter
469 3739 768 3808 apostolos,
828 3738 921 3808 qui
972 3737 1192 3793 illorum
1243 3739 1364 3794 loco
1421 3738 1706 3793 constituti
1761 3741 1894 3791 sunt
1953 3737 2228 3805 principes
2279 3750 2446 3805 super
2514 3735 2834 3791 universam
2883 3743 3125 3802 terram,
3186 3743 3246 3788 ut
3293 3734 3564 3804 scriptum

289 3840 488 3899 exstat;
524 3847 621 3902 per
647 3847 787 3902 quos
810 3831 974 3887 etiam
1007 3828 1205 3896 Judazi,
1237 3846 1335 3902 per
1366 3831 1553 3889 orbem
1587 3840 1862 3886 terrarum
1900 3827 2169 3898 dispersi,
2199 3827 2336 3884 salvi
2374 3827 2533 3886 ﬁunt.

881 3951 1119 4007 ΚΕΦΑΛ
1157 3950 1244 4007 ις’.
1265 3995 1271 3999 .

287 4064 415 4134 Περὶ
473 4064 582 4120 τοῦ
643 4063 1048 4133 ἀναριθμήτου
1110 4065 1302 4132 ὄχλου
1367 4062 1490 4118 τῶν
1536 4061 1607 4128 ἐξ
1672 4058 1866 4117 ἐθνῶν

759 4135 1369 4205 λαμπροφορούντων.

348 4315 505 4370 Μετά
545 4315 730 4370 ταῦτα
770 4311 938 4370 εἶδον
960 4331 974 4345 ·
1016 4314 1114 4368 καὶ
1144 4313 1274 4369 ἰδοὺ
1311 4313 1497 4382 ὄχλος
1524 4311 1753 4380 πολὺς,
1788 4310 1861 4364 ὃν

284 4405 597 4476 ἀριθμῆσαι
646 4407 847 4474 οὐδεὶς
897 4407 1198 4475 ἠδύνατο,
1248 4408 1319 4461 ἐκ
1368 4407 1598 4473 παντὸς
1643 4407 1862 4471 ἔθνους

2501 3947 2609 4018 32
2647 3945 2875 4004 CAPUT
2913 3946 3034 4003 xx.

1964 4059 2041 4115 De
2090 4062 2369 4116 innumera
2427 4061 2642 4116 illorum
2698 4061 2850 4116 turba
2894 4063 2985 4132 qui
3013 4077 3078 4116 ex
3125 4062 3354 4132 gentium
3393 4064 3566 4117 ηκοιὶοό

2042 4132 2195 4187 nibus
2226 4135 2496 4196 conversi,
2538 4132 2786 4188 candidis
2835 4133 3130 4188 induentur
3150 4174 3164 4197 ,
3196 4149 3406 4191 unaque
3435 4151 3559 4187 cum

2038 4202 2252 4257 Christo
2287 4203 2603 4283 regnabant.

2039 4317 2152 4381 VII,
2186 4319 2240 4383 9,
2279 4320 2369 4372 lt).
2407 4317 2535 4371 Post
2573 4318 2683 4373 luec
2712 4320 2818 4373 vidi
2854 4317 3062 4371 turbam
3098 4334 3371 4388 magnam,
3403 4333 3564 4388 quam

1967 4411 2308 4465 dinumerare
2358 4427 2509 4464 nemo
2545 4403 2780 4480 poterat,
2819 4427 2885 4464 ea:
2915 4409 3158 4465 omnibus
3204 4411 3466 4480 gentibus,
3511 4420 3563 4464 et

285 4499 373 4552 καὶ
425 4500 624 4566 λαῶν,
661 4499 761 4553 καὶ
810 4499 1044 4568 φυλῶν,
1067 4499 1164 4554 καὶ
1212 4498 1516 4568 γλωσσῶν
1536 4515 1550 4531 ο
1600 4497 1860 4565 ἑστῶτες

1971 4503 2243 4568 tribubus,
2293 4517 2342 4556 et
2371 4502 2598 4572 populis,
2647 4513 2694 4556 et
2729 4502 2928 4572 linguis
2969 4518 2988 4555 :
3020 4511 3220 4556 stantes
3258 4511 3380 4556 ante
3411 4502 3561 4556 thro-

281 4595 533 4650 ἐνώπιον
562 4597 670 4652 τοῦ
705 4599 925 4665 θρόνου
950 4638 964 4662 ,
1010 4598 1110 4650 καὶ
1128 4595 1407 4650 ’ἐνώπιον
1436 4597 1543 4651 τοῦ
1589 4597 1820 4665 Ἀρνίου
1839 4635 1855 4663 ,

284 4687 760 4754 περιϐεϐλημένοι
784 4689 1012 4754 στολὰς
1050 4687 1280 4754 λευκάς
1299 4703 1314 4719 ο
1347 4688 1446 4742 καὶ
1486 4688 1760 4758 φοίνικες
1791 4688 1860 4742 ἐν

285 4776 401 4844 ταῖς
426 4780 643 4849 χερσὶν
668 4777 868 4833 αὐτῶν
889 4795 902 4809 ο
935 4779 1032 4832 καὶ
1056 4777 1371 4848 κράζοντες
1403 4777 1576 4849 φωνῇ
1593 4779 1856 4850 μεγάλῃ,

284 4871 371 4924 καί
395 4874 699 4942 λέγοντες·
742 4873 803 4927 Ἠ
822 4874 1088 4940 σωτηρία
1120 4871 1198 4938 τῷ
1228 4870 1350 4938 Θεῷ
1371 4872 1541 4942 ἡμῶν
1589 4873 1670 4940 τῷ
1713 4878 1858 4930 καθ-

282 4963 470 5032 ημένῳ
505 4965 605 5018 ἐπὶ
641 4965 722 5030 τῷ
759 4964 972 5033 θρόνῳ.
1007 4965 1106 5018 καὶ
1139 4962 1220 5030 τῷ
1264 4966 1485 5034 Ἆρνίῳ.

345 5051 499 5112 Οὗτοί
529 5059 637 5112 είσι
676 5058 803 5127 περὶ
835 5049 909 5112 ὧν
934 5074 1098 5128 φησιν
1131 5060 1161 5111 ὁ
1187 5058 1372 5114 Δαϐίδο
1417 5059 1851 5130 Ἐξαριθμήσο-

278 5167 372 5218 μαι
399 5151 643 5219 αὐτοὺς,
678 5152 778 5206 καί
806 5151 960 5222 ὑπὲρ
981 5151 1180 5222 ἄμμον
1207 5154 1769 5222 πληθυνθήσονται,
1800 5155 1856 5210 οἴ

278 5259 335 5297 τε
367 5245 536 5301 πάλαι
567 5245 708 5316 ὑπὲρ
737 5245 977 5314 Χριστοῦ
1011 5246 1361 5318 μαρτυρικῶς
1393 5246 1848 5319 διηγωνισμένοι,

280 5335 326 5388 οἰ
357 5353 414 5390 τε
465 5339 555 5390 ἐπ’
591 5337 837 5408 ἐσχάτων
878 5336 1150 5408 ἀνδρικῶς
1193 5337 1532 5408 ἀθλήσαντες
1576 5339 1642 5393 ἐκ
1671 5339 1854 5411 πάσης

283 5429 444 5500 φυλῆς
477 5430 572 5484 καὶ
606 5429 859 5501 γλώσσης
881 5445 893 5459 ·
931 5428 1074 5502 [καὶ]
1108 5433 1176 5502 τῇ
1209 5429 1431 5501 ἐκχύσει
1461 5429 1556 5483 τοῦ
1596 5431 1730 5486 ἰδίου
1765 5432 1854 5487 διὰ

281 5519 502 5590 Χριστὸν
538 5521 794 5593 αἵματος,
838 5522 939 5585 τὰς
973 5521 1169 5586 στολὰς
1205 5520 1314 5579 τῶν
1342 5522 1562 5577 οἰκείων
1597 5525 1850 5596 πράξεων

281 5611 624 5680 λευκάναντες
655 5616 748 5670 καὶ
775 5615 1084 5671 λευκαίνειν
1117 5615 1435 5688 μέλλοντεςο
1470 5620 1562 5673 καὶ
1593 5622 1721 5682 τοὺς
1749 5620 1850 5691 τῆς

283 5705 424 5778 νίκης
477 5710 1009 5781 χαρακτηριστικοὺς
1079 5709 1308 5776 κλάδους
1360 5710 1471 5768 τῶν
1527 5713 1843 5785 εὐχρήστων

347 5863 387 5894 ¹⁶
433 5863 572 5922 Psal.
615 5879 879 5934 exui-tn,
916 5865 999 5922 18.

1961 4611 2110 4661 num,
2144 4605 2194 4650 et
2240 4597 2297 4650 in
2345 4609 2626 4666 conspectu
2659 4597 2815 4667 Agni,
2848 4598 3034 4651 amicti
3079 4597 3233 4651 stolis
3285 4597 3421 4652 albis
3455 4615 3472 4650 :
3511 4605 3563 4650 et

1959 4689 2154 4759 palma:
2191 4690 2248 4744 in
2289 4691 2537 4744 manibus
2567 4707 2770 4757 eorum,
2802 4700 2853 4746 et
2883 4689 3188 4745 clamabant
3220 4708 3340 4746 voce
3369 4707 3561 4762 magna

1958 4787 2191 4842 dicentes
2222 4803 2238 4842 :
2277 4786 2439 4844 Salus
2470 4787 2574 4843 Deo
2603 4798 2782 4843 nostra
2815 4790 2906 4860 qui
2937 4789 3080 4843 sedet
3105 4804 3263 4856 super
3289 4789 3558 4856 thronum,

1955 4889 2005 4934 et
2045 4879 2087 4934 Α
2095 4896 2219 4951 gno.

2034 5059 2098 5115 Ili
2133 5071 2263 5118 sunt
2291 5062 2357 5116 de
2383 5062 2584 5132 quibus
2615 5062 2785 5117 David
2820 5063 3034 5127 aiebat;
3073 5059 3412 5115 Enumerabo
3441 5077 3551 5123 eos,

1959 5163 2008 5206 et
2050 5168 2207 5222 super
2250 5169 2469 5208 arenam
2505 5155 3008 5224 multiplicabuntur
3034 5155 3098 5208 “.
3152 5141 3202 5208 E-
3225 5155 3427 5224 quibus
3464 5153 3555 5206 alii

1952 5246 2067 5316 jam
2095 5247 2225 5302 olim
2257 5246 2574 5302 fortitudine
2617 5248 2780 5318 digna
2821 5247 3155 5318 martyribus
3190 5262 3287 5314 pro
3333 5245 3555 5299 Christo

1954 5340 2327 5407 decertarunt,
2376 5356 2712 5411 suarumque
2752 5341 3029 5396 actionum
3067 5339 3236 5394 stolas
3283 5339 3552 5407 sanguine

1952 5443 2174 5504 propter
2201 5433 2386 5490 .Iesum
2433 5434 2661 5506 profuso
2718 5435 3042 5490 dealbarunt
3076 5452 3090 5487 :
3122 5433 3212 5487 alii
3267 5448 3396 5486 vero
3445 5432 3552 5485 sub

1951 5528 2251 5584 novissima
2305 5538 2548 5598 tempora
2573 5570 2588 5594 ,
2624 5543 2690 5584 ex
2722 5527 2874 5582 omni
2909 5525 3053 5581 tribu
3081 5534 3134 5580 et
3167 5524 3354 5596 lingua
3378 5564 3392 5587 ,
3436 5523 3552 5578 for-

1949 5623 2084 5677 tium
2119 5622 2448 5677 athletarum
2482 5637 2636 5676 more
2658 5663 2672 5688 ,
2709 5621 2890 5677 adhuc
2931 5619 3262 5676 decertaturi
3296 5634 3360 5674 ac
3401 5618 3552 5674 deal-

1957 5714 2138 5772 baturi
2191 5723 2338 5771 sunt.
2395 5713 2602 5772 Omnes
2649 5721 2832 5770 autem
2889 5712 3130 5770 directos
3183 5713 3434 5769 suavium
3491 5722 3550 5769 et
