4070 6402
529 351 637 417 283

1695 348 2029 412 ΑΝΒΒΕᾸΞ
2064 349 2580 412 C/ESARIENSIS

3683 369 3781 432 284

532 466 699 538 (quod
727 464 795 519 ad
835 479 934 520 cor
962 462 1172 519 attinet)
1207 461 1560 515 candidarum
1589 461 1891 530 palmarum
1934 480 2106 519 ramos

2214 467 2305 518 καὶ
2328 466 2638 537 ὀρθοτὰτων
2663 467 2760 520 καὶ
2789 469 2998 523 λευκῶν
3028 471 3135 524 τῶν
3165 471 3406 544 καρδιῶν
3437 476 3690 543 φοινίκων
3729 485 3782 535 ἐν

529 556 778 610 victoria:
825 553 1072 624 symbols
1121 550 1374 604 manibus
1425 559 1739 617 gestantes,
1778 552 1920 605 circa
1974 553 2112 606 divi-

531 663 662 700 num
711 659 1046 712 summeque
1079 643 1278 710 quietis
1324 642 1580 696 thronum
1636 644 1836 698 choros
1881 644 2108 710 ducunt,

531 749 581 792 el
617 739 669 790 iu
705 752 866 790 omne
907 749 1080 789 rerum
1125 733 1342 786 ducturi
1383 742 1532 796 sunt,
1573 742 1830 804 tanquam
1864 739 1999 804 grati
2037 737 2114 789 lu-

534 830 691 893 muli,
735 833 1015 882 victoriam
1051 841 1269 879 omnem
1305 834 1495 879 contra
1537 827 1861 890 daemonem,
1893 843 2113 881 carnem

533 932 585 974 et
637 920 900 974 mundum
934 920 1236 980 obtentalu,
1270 934 1378 971 non
1427 919 1556 984 sibi,
1607 920 1701 974 sed
1751 920 2110 988 largitori,ex

533 1013 719 1066 animo
755 1012 1152 1066 adseriltentes.

604 1103 714 1165 Vll,
767 1105 851 1168 ll,
887 1105 974 1157 12.
1023 1105 1086 1157 Et
1137 1122 1314 1159 omnes
1342 1103 1515 1174 angeli
1547 1103 1759 1158 stabant
1791 1105 1846 1156 in
1885 1104 2114 1157 circuitu

531 1199 727 1261 throni,
760 1208 809 1249 et
839 1200 1106 1250 seniorum
1130 1238 1144 1261 ,
1182 1207 1231 1251 et
1262 1210 1496 1268 quatuor
1529 1197 1847 1251 animalium
1883 1213 1901 1251 :
1931 1207 1980 1249 et
2031 1214 2115 1251 ce-

530 1291 770 1343 ciderunt
803 1290 858 1342 in
893 1303 1172 1358 conspectu
1196 1290 1372 1344 throni
1397 1292 1450 1342 in
1477 1290 1640 1354 facies
1671 1305 1818 1349 suas,
1844 1297 1892 1342 et
1918 1287 2115 1341 adora-

527 1391 708 1435 verunt
748 1380 936 1445 Deum,
968 1381 1196 1434 dicentes
1227 1397 1245 1435 :
1280 1383 1445 1434 Amen
1478 1421 1491 1443 ,
1522 1380 1834 1441 benedictio,
1866 1391 1915 1433 et
1944 1379 2115 1433 clari-

532 1483 637 1536 tas,
688 1485 737 1527 et
776 1475 1059 1542 sapientia,
1118 1484 1165 1527 et
1210 1475 1510 1544 gratiarum
1550 1473 1714 1536 actio,
1744 1481 1792 1525 et
1833 1471 2022 1533 honor,
2064 1480 2114 1526 et

532 1568 718 1629 virtus,
749 1581 794 1620 et
829 1568 1088 1636 fortitudo
1126 1566 1233 1621 Deo
1261 1576 1439 1620 nostra
1469 1565 1520 1619 in
1555 1565 1752 1620 swcula
1775 1563 2111 1619 swculorum.

532 1657 721 1710 Amen.

2215 559 2336 619 ταῖς
2367 559 2554 626 χερσὶν
2590 558 2805 628 ἔχοντες
2831 575 2844 590 °
2888 561 2982 613 καὶ
3017 563 3148 631 περὶ
3179 563 3269 614 τὸν
3301 563 3442 616 θεῖον
3473 565 3658 635 Θρόνον
3693 574 3782 640 τῆς

2216 653 2516 722 Θεαρχικῆς
2550 655 2913 718 ἀναπαύσεως
2962 657 3298 726 χορεύοντες,
3342 660 3438 710 καὶ
3468 660 3544 724 ὡς
3593 664 3781 731 εὐγνώ-

2218 759 2378 810 μονες
2409 745 2617 796 οἰκέται
2655 745 2732 815 τῷ
2775 747 2995 818 χορηγῷ
3032 748 3131 818 τὴν
3165 747 3308 800 κατὰ
3333 746 3489 822 [τῶν]
3520 751 3781 821 δαιμόνων

2213 835 2371 906 νίκην
2399 837 2821 906 ἐπιγράφοντες.

2284 1101 2392 1156 Kal
2421 1101 2642 1168 πάντες
2669 1107 2724 1158 οἱ
2760 1104 3001 1175 ἄγγελοι
3033 1107 3430 1172 είστήκεισαν
3454 1111 3656 1178 κύκλῳ
3682 1118 3780 1171 τοῦ

2215 1193 2432 1259 θρόνου
2454 1233 2467 1256 ,
2509 1193 2610 1247 καὶ
2645 1193 2764 1247 τῶν
2801 1198 3253 1266 πρεσϐυτέρων,
3295 1201 3393 1252 καὶ
3429 1200 3546 1254 τῶν
3579 1207 3783 1259 τεσσά-

2207 1300 2334 1350 ρων
2365 1283 2522 1344 ζώων
2548 1303 2560 1316 ·
2598 1285 2696 1338 xal
2739 1287 2966 1341 ἔπεσον
2994 1287 3252 1343 ἐνώπιον
3289 1291 3396 1344 τοῦ
3431 1293 3645 1361 θρόνου
3690 1297 3780 1350 ἐπὶ

2213 1376 2541 1443 ,πρόσωπον
2593 1375 2824 1431 αὐτῶν·
2878 1378 2974 1431 καί
3019 1381 3494 1447 προσεκύνησαν
3541 1385 3622 1450 τῷ
3670 1387 3781 1453 Θεῷ

2211 1467 2512 1536 λέγοντες
2568 1469 2786 1538 Ἀμήν’
2829 1473 2867 1538 ἡ
2911 1472 3160 1540 εὐλογία
3192 1473 3290 1526 καὶ
3333 1475 3371 1542 ή
3406 1473 3577 1541 δόξα,
3622 1477 3716 1530 xal
3745 1480 3780 1547 ἠ

2213 1555 2350 1624 τιμὴ
2383 1557 2479 1611 καὶ
2510 1557 2546 1624 ἡ
2573 1559 2926 1626 εὐχαριστία
2945 1574 2958 1588 ·
2986 1559 3083 1612 καὶ
3107 1559 3144 1625 ἠ
3176 1561 3388 1630 σοφία,
3419 1564 3518 1616 καὶ
3551 1565 3588 1631 ἠ
3613 1564 3782 1620 δύνα-

2206 1664 2334 1714 μις,
2388 1647 2484 1700 καί
2514 1648 2550 1715 ἡ
2594 1648 2772 1716 ἰσχὺς
2805 1647 2886 1713 τῷ
2920 1648 3042 1714 Θεῷ
3072 1649 3242 1719 ἡμῶν
3277 1653 3365 1716 εἰς
3401 1651 3545 1720 τοὺς
3578 1654 3781 1722 αἰῶνας

2212 1740 2332 1794 τῶν
2359 1743 2607 1796 αἰώνων.
2655 1741 2855 1811 Ἀμήν.

607 1833 744 1888 Ecce
773 1850 880 1889 una
920 1850 985 1890 ex
1017 1836 1225 1905 angelis
1268 1844 1322 1889 et
1362 1834 1677 1889 hominibus
1723 1832 1954 1889 ecclesia
1983 1846 2112 1887 con-

2285 1832 2418 1904 [Kal
2448 1832 2670 1899 πάντες
2698 1837 2752 1888 οἱ
2779 1833 3020 1904 ἄγγελοι
3041 1835 3433 1902 είστήκεισαν
3461 1838 3659 1905 κύκλῳ
3685 1839 3782 1895 τοῦ

533 1925 798 1979 stituitur.
829 1923 894 1977 Et
923 1926 1142 1992 quidem
1174 1925 1368 1994 priscis
1397 1924 1626 1989 sanctis,
1654 1921 1870 1977 tametsi
1903 1923 2110 1990 angelis

531 2031 642 2070 nou
689 2016 1048 2071 dissimilibus
1074 2057 1089 2081 ,
1125 2016 1501 2071 formidabiles
1527 2015 1865 2084 apparebant
1896 2013 2107 2084 angeli;

531 2110 993 2175 quemadmodum
1016 2123 1082 2162 ex
1110 2108 1330 2162 Daniele
1362 2109 1623 2176 propheta
1653 2116 1705 2161 et
1734 2106 1859 2161 aliis
1879 2107 2108 2175 quibus-

529 2201 655 2253 dam
689 2215 1020 2268 cognoscere
1047 2200 1173 2254 licet
1196 2217 1223 2266 _:
1273 2212 1402 2253 tunc
1429 2207 1610 2252 autem
1637 2212 1743 2251 una
1782 2212 1905 2250 cum
1932 2196 2113 2250 homi-

530 2292 693 2347 nibus
742 2293 1175 2356 miuistrabunt;
1227 2291 1340 2345 sive
1387 2304 1618 2357 corpore
1659 2286 1844 2342 vestiti
1885 2286 2113 2354 locoque

527 2385 953 2453 circumscripti,
998 2393 1056 2437 ut
1095 2382 1326 2437 eruditis
1369 2380 1697 2450 quibusdam
1742 2379 1938 2449 placet,
1971 2379 2112 2432 inter

531 2477 682 2544 ipsos
725 2485 1116 2544 compareant;
1155 2476 1269 2529 sive
1314 2475 1408 2543 (ut
1440 2473 1562 2527 aliis
1597 2471 1769 2540 magis
1816 2469 2108 2540 probatur)

530 2568 674 2621 trina
710 2567 798 2620 illa
836 2566 1220 2637 longitudinis,
1253 2564 1557 2620 latitudinis
1579 2602 1595 2628 ,
1629 2573 1682 2618 et
1725 2559 2112 2632 profunditatis

533 2660 943 2728 intercapedine
993 2659 1075 2728 (ut
1113 2675 1233 2728 qum
1261 2671 1556 2724 corporum
1599 2656 1669 2710 sit
1723 2653 1977 2724 propria)
2019 2653 2114 2707 de-

530 2751 730 2818 stituti,
763 2767 866 2804 non
907 2751 959 2804 iu
991 2753 1207 2820 propria
1241 2759 1436 2804 natura
1471 2748 1902 2818 conspiciantur,
1931 2745 2024 2801 sed
2056 2744 2112 2799 in

530 2860 593 2897 ea
640 2843 809 2911 ﬁgura
842 2853 895 2898 et
939 2843 1112 2896 lor-na
1160 2858 1322 2912 quam
1357 2841 1468 2896 Deo
1505 2842 1614 2897 illis
1656 2841 1899 2896 tribuere
1931 2839 2112 2894 visum

532 2936 716 2990 fuerit.
751 2934 881 2990 Utut
911 2937 1002 2997 sit.
1035 2937 1088 2989 in
1119 2937 1348 2990 circuitu
1390 2934 1710 2989 animalium
1745 2941 1800 2988 et
1831 2933 2111 2988 seniorum

530 3029 838 3084 consistere
883 3042 1196 3084 cernentur.
1245 3028 1348 3083 Per
1379 3030 1523 3084 hanc
1569 3037 1752 3082 autem
1801 3026 2111 3089 stationem,

2216 1927 2432 1993 θρόνου
2453 1925 2548 1978 καὶ
2580 1925 2697 1979 τῶν
2729 1926 3192 1999 πρεσϐυτέρων]
3212 1957 3278 1967 -
3316 1927 3445 1980 Ἰδοὺ
3477 1929 3573 1998 μὶα
3602 1932 3784 2001 ὲκκληυ

2215 2019 2304 2070 σία
2326 2017 2572 2086 ἀγγέλων
2605 2019 2699 2072 καὶ
2733 2018 3036 2090 ἀνθρώπων
3056 2037 3069 2050 ·
3102 2023 3196 2074 καὶ
3216 2023 3264 2074 οἱ
3293 2021 3466 2075 πάλαι
3503 2025 3614 2086 τοῖς
3643 2024 3784 2091 ίσαγ-

2213 2108 2392 2178 γέλοις
2425 2109 2735 2179 ἀνθρώποις
2765 2112 3202 2180 καταπληκτικοὶ
3238 2114 3583 2183 φαινόμενοι,
3619 2113 3786 2175 καθὼς

2213 2199 2300 2254 διὰ
2348 2201 2443 2254 τοῦ
2491 2203 2689 2272 Δανιὴλ
2739 2201 3017 2274 ἔγνωμεν,
3058 2204 3180 2258 τότε
3244 2204 3652 2274 συλλειτουργοὶ
3696 2204 3785 2259 ἁν-

2215 2293 2454 2363 Θρώποις
2491 2295 2850 2363 γενήσονται·
2906 2295 3018 2348 εἴτε
3077 2296 3221 2350 κατά
3275 2314 3428 2358 τινας
3477 2297 3586 2349 τῶν
3631 2295 3787 2364 ἁγίων

2215 2386 2274 2437 ὲν
2322 2388 2434 2448 τοῖς
2477 2385 2700 2449 οἰκείοις
2739 2385 2954 2456 σώμασι
2984 2386 3072 2438 διὰ
3110 2387 3211 2458 τὴν
3247 2391 3304 2442 ὲν
3339 2389 3498 2458 τόπῳ
3535 2404 3788 2458 περιγρα-

2216 2477 2323 2546 φὴν
2375 2477 2559 2539 αὐτοῖς
2607 2478 3064 2548 ὲμφανιζόμενοιο
3109 2480 3228 2533 εἴτε
3269 2480 3394 2534 καθ’
3433 2482 3687 2549 ἑτέρους,
3717 2480 3785 2542 ὡς

2214 2567 2276 2619 τὸ
2305 2567 2466 2638 τριχῆ
2497 2567 2783 2621 διαστατὸν
2814 2571 2872 2621 ὲν
2903 2571 3068 2638 μήκει
3109 2571 3202 2623 καὶ
3237 2571 3434 2622 πλάτει
3495 2573 3587 2624 καὶ
3651 2569 3791 2640 βάθει

2219 2656 2294 2725 μὴ
2327 2655 2541 2728 ἔχοντες
2566 2673 2579 2687 ·
2611 2658 2748 2730 ὅπερ
2784 2663 3052 2728 σωμάτων
3085 2660 3246 2713 ἵδιον·
3280 2661 3379 2714 οὐκ
3419 2662 3488 2714 ὲν
3528 2663 3591 2732 τῇ
3627 2660 3787 2728 οἰκείᾳ

2216 2747 2374 2818 φύσει
2430 2750 2781 2820 φαινόμενοι,
2829 2750 2964 2804 ἀλλὰ
3018 2751 3161 2805 κατὰ
3213 2751 3274 2804 τὸ
3325 2751 3525 2804 δοκοῦν
3561 2752 3634 2822 τῷ
3679 2749 3784 2818 Θεῷ

2213 2839 2550 2909 τυπούμενοι
2586 2842 2680 2894 καὶ
2711 2842 3199 2912 σχηματιζόμενοι.
3234 2840 3443 2912 Κύκλῳ
3475 2842 3652 2912 μέντοι
3687 2840 3784 2894 τῶν

2215 2931 2485 3002 χερουϐὶμ
2535 2930 2629 2985 καὶ
2680 2932 2791 2983 τῶν
2837 2929 3224 3001 πρεσϐυτέρων
3271 2932 3547 3000 ἑστῶτες,
3597 2931 3786 3001 ἐμφαί-

2215 3039 2366 3079 νουσι
2387 3022 2475 3075 διὰ
2499 3022 2596 3091 τῆς
2622 3021 2863 3084 στάσεως
2891 3019 2951 3072 τὸ
2974 3022 3070 3089 τῆς
3095 3020 3262 3089 τιμῆς
3289 3021 3524 3092 μέγεθος
3547 3039 3560 3052 ·
3647 3021 3787 3088 605d-

531 3119 755 3174 lionoris
811 3119 1238 3189 magnitudinem
1283 3129 1337 3174 et
1395 3119 1811 3183 excellentiam,
1863 3132 1972 3188 qua
2026 3116 2101 3170 illi

2217 3115 2398 3180 ζονται
2424 3116 2472 3168 οἱ
2505 3112 2639 3186 [διὰ]
2666 3112 2758 3166 τοῦ
2787 3112 3022 3184 ἀριθμοῦ
3050 3112 3159 3166 τῶν
3186 3113 3580 3184 πρεσϐυτέρων
3608 3112 3784 3182 δηλού-

531 3213 809 3277 potiuntur
838 3212 929 3282 qui
960 3228 1053 3280 per
1083 3212 1362 3266 seniorum
1397 3227 1686 3266 numerum
1719 3210 2103 3280 designantur,

527 3308 845 3362 ostendunt.
907 3309 992 3361 Ab
1042 3308 1300 3362 omnibus
1351 3317 1534 3362 autem
1587 3304 1908 3376 przepotenti
1965 3303 2106 3370 Deo,

529 3409 748 3468 propter
773 3398 1026 3452 eximiam
1065 3399 1213 3454 illius
1245 3398 1299 3452 in
1337 3413 1425 3453 res
1451 3413 1641 3453 omnes
1663 3412 1693 3452 a
1724 3412 1781 3452 se
1815 3394 2108 3466 productas

2215 3223 2388 3277 μενοι.
2425 3205 2546 3274 Ὑφ’
2565 3197 2640 3258 ὧν
2665 3203 2884 3258 πάντων
2912 3205 2944 3276 ἡ
2973 3204 3292 3275 εὐχαριστία
3316 3203 3394 3274 τῷ
3418 3205 3540 3277 Θεῷ
3561 3207 3649 3258 ἐπὶ
3677 3207 3783 3269 ταῖς

2211 3296 2572 3366 Θεοπρεπέσιν
2619 3295 2786 3350 αὐτοῦ
2833 3298 2913 3360 εἰς
2947 3297 3048 3367 τὴν
3091 3295 3386 3366 σύμπασαν
3424 3298 3602 3352 κτίσιν
3645 3298 3784 3351 οἰκο-

2211 3387 2426 3458 νομίαις
2461 3387 2601 3458 ὑπὲρ
2629 3387 2786 3458 ἡμῶν
2824 3387 3341 3458 ἀναπεμφθήσεται.

524 3508 712 3548 curam
774 3503 829 3547 et
866 3493 1296 3562 providentiam,
1353 3493 1844 3562 admirandamque
1895 3485 2258 3546 mcouomiam
2325 3490 2380 3536 et
2451 3482 2919 3554 dispensationem
2997 3482 3172 3537 nostri
3241 3497 3410 3539 causa
3474 3495 3788 3556 susceptam,

525 3590 825 3658 gratiarum
857 3593 998 3645 actio
1033 3589 1385 3660 impenditur,
1416 3600 1472 3644 et
1503 3592 1557 3645 in
1595 3605 1760 3645 omne
1793 3603 1969 3645 arvum
2003 3581 2372 3654 impendetur.

603 3682 712 3747 VII,
742 3685 830 3738 l5.
880 3685 947 3738 Et
979 3689 1246 3754 respondit
1281 3703 1415 3740 unus
1451 3686 1516 3739 de
1543 3683 1864 3742 senioribus.
1888 3691 1939 3737 et
1971 3679 2111 3734 dixit

2288 3673 2398 3729 Kal
2427 3672 2720 3741 ἀπεκρίθη
2763 3665 2850 3735 εἷς
2880 3670 2949 3724 ἐκ
2978 3669 3097 3724 τῶν
3122 3669 3548 3748 πρεσὸυτέρων
3567 3710 3582 3735 ,
3613 3671 3791 3741 λέυων

527 3777 697 3829 mihi:
736 3776 809 3830 Hi
850 3779 941 3846 qui
975 3781 1154 3832 amicti
1186 3788 1307 3832 sunt
1351 3779 1504 3832 stolis
1536 3778 1696 3843 albis,
1733 3778 1823 3847 qui
1851 3785 1975 3832 sunt
1998 3777 2024 3830 2
2061 3782 2112 3830 σε

2214 3783 2351 3836 μοι’
2406 3760 2581 3820 Οὗτοι
2633 3766 2686 3818 οι
2737 3764 3226 3832 περιϐεϐλημένοι
3269 3765 3378 3827 τὰς
3429 3763 3655 3828 στολὰς
3696 3763 3794 3829 τὰς

528 3870 666 3922 unde
693 3870 984 3923 venerunt?
1015 3869 1080 3923 Et
1103 3872 1218 3924 dixi
1253 3870 1372 3926 illi:
1401 3869 1618 3924 Domine
1639 3870 1733 3935 mi,
1769 3878 1822 3922 tu
1842 3869 1968 3923 scis.

605 4045 757 4100 Unus
804 4061 834 4101 e
877 4045 1185 4102 senioribus
1231 4063 1328 4118 per
1375 4046 1861 4116 interrogationem
1902 4044 2110 4101 excitat

529 4139 838 4199 apostolum
861 4137 1148 4206 Joannem,
1177 4149 1233 4195 ut
1260 4141 1326 4194 de
1361 4139 1429 4195 iis
1458 4155 1581 4210 quae
1606 4139 1816 4194 viderat
1843 4139 2105 4206 inquirat.

528 4229 767 4286 Joannes
818 4247 944 4285 vero
979 4233 1108 4286 dum
1144 4232 1416 4287 inscitiam
1451 4247 1607 4286 suam
1662 4232 1896 4302 ingenue
1943 4229 2110 4300 proli-

532 4333 694 4389 tctur,
743 4335 990 4379 amanter
1021 4327 1090 4379 ab
1130 4341 1195 4379 eo
1232 4340 1391 4395 quem
1433 4325 1712 4388 cernebat,
1755 4322 1823 4378 de
1853 4323 1932 4378 rei
1963 4323 2110 4376 veri-

533 4429 642 4471 tate
674 4419 985 4473 inslruitur.

2215 3855 2462 3920 λευκὰς,
2485 3854 2645 3919 τίνες
2667 3853 2819 3918 εὶσί;
2845 3853 2943 3906 xal
2973 3855 3162 3909 πόθεν
3197 3852 3387 3922 ἦλθον
3403 3871 3425 3919 ;
3455 3853 3566 3908 Kal
3593 3851 3792 3922 εἴρηκα

2215 3946 2396 4011 αὐτῷ·
2426 3944 2602 4012 Κύριέ
2619 3961 2759 4013 μου,
2779 3943 2861 3998 σὺ
2894 3941 3083 4009 οἶδας.

2291 4036 2420 4108 [Kal
2437 4035 2725 4103 ἀπεκρίθη
2743 4029 2831 4101 εἵς
2841 4034 2960 4088 τῶν
2969 4033 3440 4107 πρεσϐυτέρων.]
3453 4065 3523 4077 --
3537 4034 3790 4106 Διεγείρει

2212 4131 2300 4184 διὰ
2331 4131 2430 4200 τῆς
2477 4129 2722 4190 πεύσεως
2755 4127 2847 4179 τὸν
2883 4127 3153 4197 μακάριον
3200 4128 3230 4180 ὀ
3266 4125 3456 4194 ὀφθεὶς
3535 4128 3669 4197 πρὸς
3699 4127 3791 4196 τὴν

2213 4223 2322 4277 τῶν
2352 4221 2656 4294 ὁραθέντων
2685 4219 2933 4290 ἔρευναν.
2972 4219 3033 4272 '0
3066 4219 3145 4286 δὲ,
3184 4220 3283 4290 τὴν
3315 4219 3544 4287 ἄγνοιαν
3593 4220 3791 4286 εὐγνω-

2219 4314 2396 4386 μόνως
2451 4311 2923 4384 προὸαλλόμενος,
2982 4309 3135 4382 παρὰ
3188 4310 3283 4364 τοῦ
3335 4311 3600 4381 ὀφθέντος
3645 4308 3792 4379 σοφί-

2218 4406 2393 4470 ζεται.

601 4511 706 4580 33
732 4509 844 4573 Vll,
881 4510 1077 4576 14,15.
1117 4509 1183 4564 Ει
1212 4511 1347 4564 dixit
1379 4511 1551 4564 mihi:
1591 4509 1665 4563 Hi
1709 4517 1831 4562 sunt
1850 4509 1940 4579 qui
1962 4523 2112 4561 vene-

2289 4496 2396 4552 Kal
2431 4491 2560 4551 εἶπέ
2588 4509 2724 4565 μοι’
2763 4489 2942 4550 Οὗτοι
2972 4494 3132 4548 εἰσιν
3164 4494 3220 4547 οἰ
3245 4492 3561 4563 ἐρχόμενοι
3589 4493 3656 4548 ἐκ
3688 4490 3792 4559 τῆς

533 4611 657 4654 runt
699 4602 760 4655 de
788 4603 1125 4656 tribulatione
1161 4611 1437 4672 magna.et
1466 4603 1704 4655 laverunt
1749 4601 1914 4654 stolas
1947 4617 2107 4667 suas,

532 4703 580 4748 et
632 4693 1003 4746 dealbavcrunt
1066 4711 1154 4748 eas
1202 4696 1257 4746 in
1309 4690 1564 4762 sanguine
1607 4693 1792 4764 Agni:
1842 4693 1955 4746 ideo
1988 4701 2112 4746 sunt

535 4795 656 4838 ante
687 4785 930 4839 thronum
964 4786 1076 4849 Bai,
1101 4797 1148 4840 et
1179 4789 1408 4839 serviunt
1443 4786 1596 4852 eifdie
1627 4804 1688 4840 ac
1713 4795 1862 4840 nocte
1903 4789 1956 4840 in
1981 4796 2111 4839 tem-

532 4876 620 4947 plo
660 4877 811 4946 ejus:
865 4889 913 4933 et
959 4881 1048 4948 qui
1092 4879 1232 4933 sedet
1287 4882 1340 4932 in
1385 4880 1590 4945 tln'ono,
1639 4879 1898 4934 habitabit
1958 4895 2113 4947 super

532 4985 640 5023 €08.

605 5146 756 5200 Beati
812 5147 975 5216 plane
1031 5147 1124 5216 qui
1171 5161 1265 5216 per
1315 5146 1677 5216 temporarios
1723 5147 1936 5203 labores
1993 5149 2113 5202 exi-

533 5253 778 5308 guasque
807 5239 1056 5307 corporis
1099 5239 1378 5295 molestias
1427 5239 1816 5309 sempiternam
1866 5242 2161 5318 requiem_

533 5336 959 5398 compararunt;
995 5329 1198 5399 quique
1219 5329 1287 5383 ob
1322 5330 1375 5384 id
1407 5329 1552 5399 quod
1599 5345 1706 5384 una
1737 5345 1862 5385 cum
1894 5330 2112 5386 Christo

537 5414 768 5485 impigre
811 5427 1093 5472 certarunt
1144 5433 1473 5490 crucemque
1519 5419 1883 5488 pertulerunt,
1947 5421 2112 5476 simul

536 5519 659 5559 cum
697 5507 791 5561 illo
821 5520 1070 5578 regnant,
1123 5520 1177 5565 et
1230 5521 1490 5580 perpetuo
1528 5511 1603 5565 illi
1647 5511 1958 5568 ministrant
1989 5555 2003 5577 ,
2035 5513 2114 5568 si—

540 5595 760 5661 quidem
795 5613 889 5666 per
925 5601 1062 5654 diem
1093 5615 1142 5655 et
1173 5613 1374 5656 noctem
1403 5603 1651 5672 quaedam
1702 5605 1963 5674 temporis
2018 5620 2114 5674 pe-

546 5687 810 5753 reunitas,
847 5691 1188 5761 actionisque
1219 5694 1552 5748 continuitas
1579 5695 1682 5749 hoc
1707 5695 1828 5749 loco
1861 5695 2114 5766 designa-

543 5785 630 5829 tur
664 5795 678 5831 ;
710 5782 1147 5850 quandoquidem
1202 5785 1274 5839 ibi
1327 5786 1472 5841 nulla
1535 5801 1644 5843 nox
1701 5795 1822 5852 est,
1864 5785 1958 5842 sed
2005 5800 2112 5841 una

2214 4588 2477 4655 θλίψεως
2512 4584 2620 4654 τῆς
2647 4584 2942 4655 μεγάλης,
2978 4583 3078 4638 καὶ
3123 4584 3403 4638 ἔπλυναν
3430 4585 3540 4652 τὰς
3569 4582 3792 4648 στολὰς

2213 4681 2442 4735 αὐτῶν·
2492 4680 2589 4733 καί
2620 4679 2957 4732 ἐλεύκαναν
2993 4677 3182 4743 αὐτὰς
3218 4677 3289 4730 ἐν
3318 4677 3399 4743 τῷ
3439 4679 3643 4747 αἵματι
3686 4676 3789 4730 τοῦ

2225 4775 2480 4842 Ἀρνίου.
2512 4772 2623 4827 Καὶ
2647 4771 2746 4824 διὰ
2774 4769 2954 4823 τοῦτό
2972 4771 3134 4823 εἰσιν
3158 4767 3418 4822 ἐνώπιον
3443 4771 3551 4822 τοῦ
3578 4769 3791 4836 θρόνου

2213 4868 2318 4922 τοῦ
2360 4865 2530 4930 Θεοῦ,
2587 4865 2686 4918 καὶ
2725 4863 3129 4930 λατρεύουσιν
3198 4859 3360 4926 αὺτῷ
3415 4859 3642 4928 ἡμέρας
3694 4858 3790 4912 και

2212 4959 2432 5025 νυκτὸς
2463 4958 2533 5010 ἐν
2559 4954 2638 5021 τῷ
2677 4953 2802 5019 ναῷ
2849 4953 3034 5007 αὐτοῦ
3056 4970 3071 4985 ·
3120 4952 3220 5006 καί
3257 4955 3290 5006 d
3319 4951 3660 5021 καθήμενος
3695 4949 3791 5004 ἐπι

2213 5053 2320 5107 τοῦ
2351 5053 2590 5121 θρόνου,
2627 5049 2929 5116 σκηνώσει
2967 5047 3059 5102 ἐπ’
3091 5050 3332 5115 αὐτούς.

2283 5144 2560 5215 Μακάριοι
2633 5142 2682 5195 οἱ
2758 5140 2847 5193 διὰ
2914 5139 3268 5211 προσκαίρων
3342 5139 3523 5193 πόνων
3579 5136 3791 5191 αἰώνιον

2215 5237 2530 5291 ἀνάπαυσιν
2591 5231 3002 5303 καρπούμενοι·
3051 5231 3145 5283 καὶ
3188 5231 3278 5284 διὰ
3310 5231 3404 5284 τοῦ
3443 5229 3789 5299 συμπάσχειν

2214 5327 2477 5398 Χριστῷ,
2537 5327 2714 5394 τούτῳ
2778 5322 3314 5393 πμὸασιλεύοντες,
3387 5321 3481 5374 καὶ
3530 5315 3791 5390 διηνεκῶς

2215 5419 2362 5490 αὐτῷ
2412 5419 2793 5486 λατρεύοντες.
2828 5417 2900 5469 Τὸ
2930 5415 3070 5486 γὰρ,
3124 5416 3352 5484 ἡμέρας
3407 5413 3506 5466 και
3545 5411 3787 5474 νυκτὸς,

2216 5499 2628 5581 ὲντὰὖθαζδηλοῖ
2661 5511 2722 5564 τὸ
2741 5511 3192 5564 ἀκατάπαυστον.
3244 5509 3390 5561 Ἐκεῖ
3420 5505 3532 5576 γὰρ
3565 5505 3662 5570 νὺξ
3691 5502 3788 5556 οὐκ

2217 5602 2411 5656 ἔσται’
2453 5602 2570 5655 ἀλλ’
2617 5601 2802 5671 ήμέρα
2849 5601 2950 5670 μία
2979 5601 3104 5653 ἀντὶ
3147 5597 3288 5670 [τοῦ]
3325 5595 3590 5668 αἰσθητοῦ
3637 5593 3786 5664 ἡλίου

2217 5693 2292 5764 τῷ
2321 5693 2543 5766 [νοητῷ]
2596 5695 2693 5762 τῆς
2730 5690 3086 5760 δικαιοσύνης
3122 5692 3262 5762 ἡλίῳ
3296 5686 3783 5758 καταλαμπομένη.

2221 5787 2377 5850 Ἴσως
2407 5785 2464 5840 δὲ
2491 5783 2606 5852 νὺξ
2656 5785 2857 5840 νοεῖται
2901 5783 2995 5840 καὶ
3031 5783 3100 5838 τὰ
3133 5783 3432 5856 ἀπύκρυφα
3486 5779 3580 5834 καὶ
3617 5775 3783 5848 βαθέα
