4070 6402
297 369 402 432 285

1253 380 1866 443 COMMENTARIUS
1911 383 1990 442 IN
2033 384 2574 452 APOCALYPSIN.

3487 395 3594 458 236

294 485 394 552 τῆς
425 481 686 550 γνώσεως
722 485 1038 558 μυστήριαο
1073 486 1268 556 ἡμέρα
1294 489 1374 556 δὲ,
1414 491 1484 544 τὰ
1524 496 1674 562 σαφῆ
1710 511 1770 546 τε
1800 495 1887 548 καὶ

2005 507 2220 552 tantum
2253 499 2390 568 dies,
2434 517 2542 557 non
2573 503 2688 559 sole
2719 504 2822 560 hoc
2874 506 2970 577 qui
3021 507 3276 564 sensibus
3305 510 3590 580 obiicitur,

296 574 558 645 εὔληπτα.
589 575 750 642 Ναὸς
779 576 836 630 δὲ
871 580 1118 644 τούτου,
1153 582 1308 634 πᾶσα
1342 585 1440 652 μὲν
1467 586 1498 654 ἡ
1531 585 1883 650 ἀνακαινιζο-

299 669 432 738 μένη
467 669 648 732 κτίσις
681 668 770 721 διὰ
804 669 900 724 τοῦ
949 671 1270 742 Πνεύματος
1297 689 1311 703 ⁸
1353 674 1595 743 μάλιστα
1623 675 1680 728 δὲ
1713 679 1760 729 οἱ
1791 678 1884 730 τὸν

295 759 591 830 ἀρραϐῶνα
631 759 727 812 τοῦ
755 761 1078 830 Πνεύματος
1133 763 1272 814 σῶον
1323 766 1419 816 καὶ
1468 765 1734 820 ἄσϐεστον
1781 785 1885 835 φυ-

294 850 552 914 λάξαντες
581 867 596 882 ο
628 846 708 915 οἷς
743 853 926 922 ὲνοική
939 871 1050 907 σειν
1073 855 1172 908 καὶ
1191 855 1673 928 ὲμπεριπατήσειν
1707 860 1883 930 ἐπήγ-

295 941 506 1009 γελται.

1991 585 2300 660 illustrata;
2335 593 2430 647 sed
2467 594 2596 650 Sole
2625 595 2882 666 iustitiae,
2935 601 3031 670 qui
3085 611 3270 656 mente
3320 606 3589 668 cernitur,

1989 677 2319 736 illuminata.
2347 682 2558 740 Forsan
2575 689 2740 742 etiam
2771 705 2867 758 per
2899 701 3099 745 noctem
3126 694 3397 762 profunda
3429 711 3592 764 pror-

1988 787 2196 844 susque
2211 777 2394 832 abdita
2427 780 2759 849 cognitionis
2783 785 3044 852 mysteria
3077 785 3416 842 denotamur
3453 807 3468 843 :
3501 805 3592 856 per

1986 867 2126 920 diem
2152 879 2332 924 autem
2397 873 2650 941 quaedam
2713 877 2984 932 evidentia
3046 889 3322 950 captuqne
3375 881 3580 936 facilia.

2001 956 2276 1028 Templum
2309 971 2496 1018 autem
2523 963 2622 1018 Dei
2678 977 2762 1021 est
2791 968 3001 1036 quaevis
3031 978 3286 1024 creatura
3345 987 3442 1040 per
3475 971 3592 1039 Spi-

295 1037 458 1088 ritum
497 1036 787 1104 innovate;
825 1039 1098 1108 prmcipue
1153 1057 1279 1096 vero
1333 1043 1587 1100 homines
1644 1043 1721 1100 illi
1793 1047 1887 1116 qui
1931 1049 2114 1105 vivum
2184 1053 2685 1128 inexstinctumque
2757 1057 2998 1128 Spiritus
3085 1062 3282 1133 pignus
3345 1036 3592 1118 lideliter

289 1133 708 1189 custodiveiunt
747 1153 760 1188 :
799 1137 852 1190 in
886 1136 1087 1204 quibus
1115 1153 1336 1208 quoque
1370 1138 1634 1195 Dominus
1681 1157 1740 1196 se
1793 1142 2164 1202 habitatorum
2199 1159 2254 1206 et
2275 1151 2684 1208 ambulaturum
2721 1155 2998 1224 promisit.

360 1249 448 1302 Οὺ
479 1247 886 1302 πεινάσουσιν
914 1247 1024 1312 ἔτι,
1065 1250 1210 1304 οὐδὲ
1243 1251 1626 1320 διψήσουσιν
1659 1253 1772 1307 é’n.

359 1340 626 1403 Εἰκότως.
679 1341 782 1393 Τὸν
827 1339 935 1410 γὰρ
993 1340 1159 1414 ἄρτον
1212 1345 1304 1396 τὸν
1361 1345 1615 1416 οὐράνιον
1682 1349 1778 1401 καὶ
1822 1348 1883 1402 τὸ

287 1429 441 1502 ὕδωρ
471 1433 570 1501 τῆς
593 1433 738 1501 ζωῆς
769 1431 974 1498 ἕξουσι.

360 1524 505 1578 Οὐδ’
542 1527 612 1580 οὺ
633 1526 720 1594 μὴ
754 1527 916 1597 πέσῃ
946 1528 1040 1582 ἐπ’
1087 1531 1312 1596 αὐτοὺς
1347 1527 1428 1603 [ό]
1481 1530 1686 1598 ἥλιος,
1734 1529 1882 1584 οὐδὲ

285 1611 421 1682 πᾶν
447 1617 666 1688 καῦμα.

2061 1261 2173 1328 VII,
2211 1263 2296 1317 16.
2325 1263 2446 1319 Non
2470 1268 2698 1320 esuriem
2722 1285 2886 1340 neque
2916 1271 3095 1324 sitient
3125 1275 3374 1342 amplius.

2060 1354 2252 1412 Merito
2287 1359 2742 1416 istudzhabituri
2800 1373 2930 1418 sunt
2995 1366 3144 1420 enim
3191 1381 3386 1436 panem
3434 1369 3586 1424 illum

1990 1447 2294 1512 caelestem,
2335 1451 2566 1520 vitaeque
2599 1451 2828 1509 fontem.

2065 1538 2176 1593 Nec
2203 1545 2362 1596 cadet.
2381 1560 2538 1612 super
2569 1545 2690 1600 illos
2711 1547 2814 1611 sal,
2833 1563 2998 1617 neque
3026 1548 3168 1604 ullus
3193 1561 3374 1606 matus.

357 1731 478 1784 Καὶ
535 1731 641 1784 ὑπὸ
679 1734 1014 1804 πειρασμῶν
1047 1733 1154 1799 ἔτι,
1181 1733 1293 1788 τῶν
1326 1734 1417 1788 διὰ
1462 1735 1556 1788 τοῦ
1597 1736 1751 1808 ἡλίου
1791 1738 1886 1790 καὶ

2061 1739 2252 1811 Neque
2275 1743 2420 1797 enim
2459 1744 2586 1798 ullis
2616 1744 2852 1814 amplius
2875 1746 3295 1812 tentationibus,
3337 1763 3460 1817 qua:
3495 1765 3590 1817 per

283 1821 382 1874 τοῦ
409 1822 693 1888 καύσωνος
715 1825 1159 1896 σημαινομένων,
1183 1827 1284 1880 οὐκ
1307 1826 1760 1900 ὀδυνηθήσονται,
1789 1828 1886 1882 τοῦ

285 1915 490 1988 καιροῦ
523 1915 632 1970 τῶν
661 1917 892 1986 ἀγώνων
927 1919 1348 1990 παρῳχηκότος.

355 2119 497 2174 Ὀτι
543 2118 612 2173 τὸ
654 2120 896 2187 Ἀρνίον
943 2119 1012 2174 τὸ
1053 2119 1172 2175 ἀνὰ
1237 2119 1438 2191 μέσον
1483 2121 1592 2176 τοῦ
1641 2124 1884 2191 θρόνου,

281 2211 573 2281 ποιμανεῖ
595 2213 839 2278 αὐτοὺς,
862 2214 962 2267 καί
987 2213 1278 2284 ὁδηγήσει
1304 2213 1530 2278 αὐτοὺς
1552 2214 1652 2267 ἐπὶ
1688 2215 1884 2284 ζώσας

283 2305 490 2373 πηγὰς
551 2303 787 2360 ὑδάτων
851 2305 870 2378 Ῐ
890 2308 990 2360 καὶ
1060 2308 1376 2376 ἐξαλείψει
1445 2311 1478 2363 ό
1530 2311 1678 2377 Θεὸς
1753 2310 1888 2368 πᾶν

283 2397 558 2465 δάκρυον
593 2398 712 2452 ἀ.τό
737 2397 856 2454 τῶν
877 2399 1208 2469 ὀφθαλμῶν
1234 2399 1484 2474 αὐτῶν].

357 2511 442 2564 Τὸ
485 2512 564 2578 δὲ,
620 2512 912 2583 Ποιμανεῖ
937 2514 1186 2581 αὐτοὺς,
1241 2515 1396 2587 δηλοῖ
1440 2516 1524 2570 ὅτι
1555 2518 1604 2570 oi
1638 2518 1744 2572 ὑπὸ
1789 2521 1886 2575 τοῦ

287 2607 536 2677 Χριστοῦ
591 2607 719 2660 τότε
749 2609 1188 2679 ποιμαινόμενοι,
1242 2610 1547 2682 ἐπιδρομὰς
1602 2613 1785 2668 λύκων
1821 2616 1883 2669 ού

290 2698 705 2769 φοϐηθήσονται
743 2699 840 2753 ἅτε
883 2702 1259 2772 πεμπομένων
1293 2701 1425 2775 [τῶν
1464 2703 1670 2778 λύκων]
1709 2709 1795 2771 εἰς
1823 2708 1885 2762 τὸ

287 2793 404 2863 πῦρ
437 2793 496 2844 τὸ
524 2789 830 2846 ἄσϐεστοντ
861 2794 982 2848 ἀλλ’
1012 2795 1106 2848 ἐπὶ
1135 2796 1238 2859 τὰς
1286 2796 1542 2868 καθαρὰς
1571 2801 1668 2852 καὶ
1692 2817 1888 2869 τρανο-

288 2885 462 2948 rita;
500 2883 610 2938 τῶν
664 2884 828 2938 θείων
879 2887 1124 2956 νοήσεων
1177 2887 1366 2958 πηγὰς
1419 2889 1604 2954 eam;
1652 2907 1888 2962 ποιμαν-

291 2975 572 3046 θήσονται,
623 2977 964 3048 δηλουμένας
1012 2979 1101 3032 διὰ
1133 2979 1226 3033 τοῦ
1263 2980 1458 3044 ὓδατος
1503 2982 1600 3036 τοῦ
1634 2983 1734 3038 καὶ
1779 2986 1882 3058 ήδη

291 3071 390 3138 τὴν
423 3068 654 3138 ἄφθονον
683 3071 842 3140 χύσιν
876 3070 970 3124 τοῦ
1003 3069 1204 3144 [θείου]
1240 3073 1562 3145 Πνεύματος
1597 3093 1882 3150 χαρακτη-

1991 1834 2162 1888 solem
2211 1843 2266 1888 et
2313 1835 2566 1890 ardorem
2615 1837 3022 1907 signiﬁcantur,
3065 1847 3196 1894 tunc
3242 1841 3588 1894 vexabnntur

1991 1927 2074 1980 vel
2127 1925 2436 1997 allligentur
2473 1945 2487 1981 :
2519 1938 2800 1986 transacto
2849 1931 3114 1986 nimirum
3170 1932 3282 2002 jam
3337 1935 3586 1988 omnium

1991 2019 2356 2074 certaminum
2390 2031 2656 2089 tempore.

2061 2133 2176 2197 VII.
2210 2137 2298 2192 I7.
2326 2135 2594 2202 Quoniam
2628 2138 2810 2208 Agnus
2829 2183 2842 2206 ,
2868 2141 2961 2210 qui
2995 2141 3050 2194 in
3075 2141 3246 2194 medio
3273 2140 3450 2194 throni
3485 2149 3583 2204 est,

1990 2239 2128 2298 reget
2153 2245 2238 2282 eos
2258 2271 2272 2296 ,
2302 2239 2350 2284 et
2374 2231 2590 2286 deducet
2617 2249 2702 2287 eos
2733 2233 2802 2285 ad
2841 2233 2980 2287 vivos
3010 2233 3182 2302 fontes
3209 2249 3466 2302 aquarum
3491 2249 3510 2296 ;
3537 2243 3588 2286 et

1992 2321 2256 2392 absterge:
2306 2321 2448 2377 Deus
2497 2339 2700 2377 onmem
2741 2323 3036 2393 lacrymam
3083 2321 3148 2377 ab
3183 2323 3351 2376 oculis
3381 2339 3584 2376 eorum.

2063 2521 2193 2590 Qui,
2229 2523 2443 2594 inquit,
2484 2530 2601 2576 tum
2635 2519 2904 2591 temporis
2947 2533 2977 2575 a
3021 2518 3240 2575 Christo
3271 2529 3586 2588 pascentur,

1989 2617 2247 2688 luporum
2295 2613 2644 2670 incursiones
2695 2613 2934 2682 amplius
2991 2627 3101 2665 non
3175 2609 3585 2676 formidabant;

1989 2711 2194 2781 quippe
2240 2723 2366 2764 cum
2408 2721 2600 2762 omnes
2641 2715 2776 2761 tunc
2834 2705 2947 2775 lupi
2984 2705 3041 2760 in
3087 2703 3352 2775 gehennze
3397 2703 3590 2758 incen-

1989 2805 2165 2870 dium,
2221 2801 2366 2873 quod
2424 2815 2711 2871 nunquam
2773 2797 3188 2869 exstinguitur,
3251 2796 3587 2851 amandandi

1989 2896 2120 2952 sint.
2161 2895 2516 2950 Dednccntur
2568 2903 2752 2948 autem
2783 2893 2852 2946 ad
2907 2891 3152 2960 liquidos
3185 2903 3466 2960 purosque
3501 2887 3590 2942 di-

1988 2987 2240 3042 vinarum
2291 2985 2779 3056 intelligentiarum
2811 2983 2986 3054 fontes
3009 3025 3026 3049 ,
3061 2997 3160 3052 per
3205 2996 3402 3051 aquam
3443 2979 3592 3035 desi-

1989 3090 2230 3150 gnatos:
2272 3077 2589 3148 ibidemque
2629 3091 2740 3131 non
2781 3091 2968 3131 crassa
3017 3083 3132 3137 aut;
3178 3087 3442 3143 corporea
3487 3085 3589 3141 pa-

298 3162 544 3233 ρίσαντος
571 3179 586 3193 ·
611 3163 897 3232 εἰρηκότος
913 3163 1008 3216 τοῦ
1040 3165 1247 3233 Κυρίου
1271 3167 1403 3238 περὶ
1437 3167 1534 3220 τοῦ
1567 3169 1880 3242 εἰλικρινῶς

1998 3179 2206 3225 scentur
2227 3179 2284 3224 et
2309 3171 2643 3240 potabuntur
2665 3182 2792 3222 esca
2815 3169 2899 3222 vel
2927 3181 3092 3237 aqua,
3111 3166 3204 3222 sed
3237 3159 3590 3220 immateriali

297 3256 372 3317 ei;
403 3253 564 3308 αὐτὸν
595 3255 970 3320 πιστεύοντος,
1001 3258 1084 3310 ὅτι
1111 3260 1374 3328 Ποταμοὶ
1407 3260 1478 3314 ἐκ
1509 3261 1614 3330 τῆς
1647 3263 1886 3328 κοιλίας

1998 3272 2040 3317 3t.
2071 3261 2330 3332 spiritali.
2391 3261 2532 3327 Quin
2569 3259 2672 3314 hoc
2731 3261 2854 3329 ipso
2897 3272 3120 3329 quoque
3167 3265 3411 3325 tempore
3461 3254 3588 3309 fons

304 3345 481 3399 αὐτοῦ
499 3347 841 3413 ῥεύσουσιν
871 3347 1090 3414 ’ὕδατος
1115 3347 1352 3416 ζῶντος.
1387 3345 1460 3422 ’ᾩ
1489 3353 1538 3405 οἱ
1571 3353 1719 3420 ἅγιοι
1754 3355 1882 3407 τότε

1998 3355 2077 3410 ηιιθ
2107 3368 2334 3409 suavem
2366 3352 2540 3408 divini
2577 3351 2816 3422 Spiritus
2859 3351 3128 3420 liquorem
3163 3348 3394 3403 fundere
3440 3363 3588 3401 nun-

307 3436 534 3506 δαψιλῶς
581 3439 960 3510 ποτιζόμενοι,
993 3442 1052 3494 ἐν
1083 3441 1409 3507 ἀγαλλιάσει
1443 3445 1540 3498 καὶ
1571 3447 1880 3520 εὐφροσύνῃ

1998 3462 2148 3517 ptum
2178 3445 2407 3500 desinit.
2439 3445 2632 3513 Neque
2661 3443 2808 3498 enim
2841 3443 3110 3496 Dominus
3141 3440 3346 3494 frustra
3377 3439 3446 3494 de
3475 3439 3586 3494 illis

303 3532 620 3600 ἀπεράντως
669 3531 882 3585 ἔσονται
907 3549 922 3564 ’
950 3533 1051 3604 τῆς
1085 3535 1326 3606 μερικῆς
1355 3537 1614 3605 γνώσεως
1669 3557 1884 3611 καταρ-

1998 3541 2074 3612 μιὶ
2107 3540 2322 3594 sincere
2341 3537 2396 3594 in
2429 3538 2612 3607 ipsum
2631 3535 2896 3592 credituri
2927 3545 3108 3600 erant,
3139 3533 3258 3589 fore
3313 3532 3588 3602 praedixit,

299 3628 596 3695 γουμένης,
629 3626 729 3698 τὴν
757 3625 973 3680 τελείαν
1022 3627 1319 3696 κτώμενοι,
1369 3630 1468 3684 καὶ
1517 3631 1620 3702 τὴν
1669 3635 1886 3704 τροπὴν

1998 3642 2053 3686 ιιι
2093 3631 2322 3700 ﬂumina
2377 3645 2529 3700 aquae
2568 3629 2694 3684 viva:
2735 3627 2798 3683 de
2847 3638 3026 3684 uentre
3083 3627 3303 3680 illorum
3337 3624 3592 3678 dimana-

301 3713 446 3781 μετὰ
475 3715 575 3784 τῆς
609 3717 817 3788 φθορᾶς
847 3717 1270 3788 ἀπεκδυόμενοι.

1999 3727 2110 3779 rint
2140 3723 2182 3758 ³⁷
2211 3742 2224 3778 :
2255 3739 2366 3793 qua
2397 3723 2572 3778 sancti
2599 3724 2836 3779 ubertim
2867 3733 3000 3778 tunc
3037 3721 3234 3790 potati,
3274 3720 3328 3774 in
3389 3733 3590 3788 perpe-

296 3814 390 3860 tua
421 3806 604 3861 laetitia
632 3815 688 3861 et
715 3808 1082 3863 exsultatione
1105 3809 1306 3880 degunt
1340 3828 1352 3864 :
1391 3813 1596 3868 etenim
1635 3815 1868 3872 scientia
1909 3817 2004 3873 illa
2055 3831 2180 3887 qua:
2225 3831 2292 3870 ex
2347 3823 2502 3885 parte.
2556 3822 2662 3880 est,
2715 3813 2890 3880 exuti,
2947 3812 3298 3883 perfectaque
3333 3811 3590 3882 locuple-

292 3901 418 3965 tati,
443 3900 590 3956 etab
628 3900 778 3955 omni
813 3909 1079 3972 praeterea
1113 3903 1422 3959 mutatione
1454 3913 1510 3961 et
1539 3909 1898 3979 corruptione
1926 3910 2113 3978 liberi,
2141 3917 2404 3966 aeternam
2439 3908 2768 3978 beatamque
2797 3913 2966 3962 Vitam
3023 3906 3240 3960 ducturi
3275 3913 3430 3960 sunt.

877 4053 1127 4107 ΚΕΦΑΛ.
1173 4053 1304 4111 KA‘.

2570 4061 2802 4121 CAPUT
2857 4061 3002 4120 XXI.

288 4211 632 4300 Aﬁg’tc‘tﬁg
677 4211 1315 4300 ἐᾷδόμηςσφρατῗδος,
1354 4215 1670 4300 ,ὃηᾳοῇσα-
1708 4219 1887 4298 ἀνηξι-

1998 4229 2200 4286 Salutio
2222 4231 2426 4299 septimi
2451 4227 2638 4300 sigilli,
2658 4243 2763 4297 qua
2798 4227 3104 4296 explicatur
3131 4229 3395 4300 quomodo
3423 4243 3590 4300 ange-

364 4285 546 4369 ᾼωιὰς
595 4283 1261 4369 δυνάμειςαροσάγειν
1304 4285 1387 4369 τῷ
1433 4283 1558 4353 Θεῷ
1608 4289 1718 4355 τὰς
1757 4283 1887 4346 ’τ’ῶν

2009 4283 2188 4355 ἰὶειέ
2213 4283 2432 4355 uirtutes
2489 4283 2796 4352 {randarum
2845 4283 3026 4369 p'reces
3075 4283 3234 4352 veluti
3286 4283 3594 4368 thymiama

362 4357 553 4426 ἁγίων
609 4355 982 4423 προσευχὰς,
1033 4354 1526 4426 ὠςθυμιάματα.
1693 4354 1704 4355 ί

2072 4354 2338 4442 quoddam
2368 4371 2474 4425 Deo
2507 4370 2758 4438 offeram.

365 4470 481 4525 Καὶ
503 4470 602 4524 ὅτε
627 4469 836 4540 ἤνοιξε
859 4469 974 4538 τὴν
994 4472 1298 4542 σφραγῖδα
1323 4472 1438 4540 τὴν
1457 4473 1738 4544 ἑϐδόμην,
1769 4476 1887 4547 ἐγέ-

2075 4483 2212 4550 VIII,
2249 4485 2300 4550 l,
2333 4483 2388 4541 2.
2425 4481 2642 4536 Etcum
2679 4481 2972 4552 aperuisset
3013 4481 3250 4552 sigillum
3288 4483 3598 4551 septimum,

291 4581 440 4617 νετο
493 4564 638 4632 σιγὴ
679 4563 750 4616 ἐν
784 4560 865 4627 τῷ
915 4562 1154 4629 οὐρανῷ
1196 4563 1340 4617 ὡσεὶ
1391 4563 1750 4644 ὴμιώριονχ
1787 4569 1887 4622 καὶ

1998 4578 2195 4648 factum
2227 4587 2304 4631 est
2343 4577 2610 4631 silentium
2633 4577 2688 4629 in
2721 4575 2851 4629 caelo
2879 4575 3050 4629 media
3081 4576 3190 4645 fere
3219 4578 3373 4628 hora.
3395 4573 3600 4628 Etuidi

289 4650 464 4710 εἶδον
479 4653 622 4720 τοὺς
640 4652 792 4705 ἑπτὰ
811 4651 1104 4721 ἀγγέλους
1136 4652 1192 4706 οἱ
1205 4651 1463 4708 ἐνώπιον
1491 4654 1512 4727 [
1515 4656 1622 4710 τοῦ
1643 4657 1887 4732 θρόνου]

1998 4677 2186 4738 septem
2221 4670 2434 4740 angelos
2474 4669 2530 4723 in
2565 4677 2848 4737 conspectu
2879 4667 2998 4736 Dei,
3043 4677 3092 4723 et
3139 4669 3284 4723 data
3327 4677 3452 4722 sunt
3481 4669 3600 4724 illis

289 4747 406 4801 τοῦ
439 4745 589 4800 Θεοῦ
640 4744 941 4814 ἑστήκασι
963 4761 978 4778 ο
1011 4745 1112 4800 καὶ
1159 4747 1472 4816 ἐδόθησαν
1500 4749 1708 4818 αὐτοῖς
1738 4751 1892 4807 ἑπτὰ

291 4840 655 4909 σάλπιγγες.
1493 4859 1496 4863 '

367 4959 590 5030 Συχνῶς
619 4960 648 5013 ὁ
681 4959 916 5030 ἀριθμὸς
962 4959 1073 5013 τῶν
1113 4960 1264 5016 ἑπτὰ
1313 4960 1594 5032 ἀγγέλων
1625 4961 1704 5034 τῷ
1745 4962 1888 5034 ἁγίῳ

290 5056 476 5124 τούτῳ
511 5055 1028 5126 παραλαμϐάνεται,
1057 5055 1136 5118 ὡς
1171 5055 1252 5126 τῷ
1283 5055 1444 5110 αἰῶνι
1480 5057 1660 5128 τούτῳ
1693 5061 1787 5112 καὶ
1811 5057 1890 5129 τῷ

291 5148 664 5219 σαϐϐατισμῷ
700 5151 796 5202 καὶ
842 5148 1150 5203 ἀναπαύσει
1194 5149 1306 5202 τῶν
1337 5150 1514 5219 ἁγίων
1553 5151 1839 5222 σύστοιχος
1871 5167 1885 5182 ⁸

290 5241 380 5294 διὸ
413 5241 696 5295 κάνταῦθα
746 5243 839 5295 ἐπὶ
867 5244 934 5314 τῇ
965 5243 1146 5296 λύσει
1183 5241 1298 5312 τῆς
1341 5242 1603 5313 ἑϐδόμης
1637 5245 1892 5314 σφραγῖ-

291 5331 426 5397 δος,
455 5335 487 5404 ἠ
515 5332 670 5396 λύσις
697 5333 798 5404 τῆς
841 5335 1040 5404 γηῖνης
1089 5334 1369 5399 πολιτείας
1419 5335 1840 5408 διασημαίνεται
1867 5353 1881 5368 ο

293 5427 442 5479 ἑπτὰ
469 5426 720 5494 ἀγγέλων
746 5427 1142 5480 διακονούντων
1173 5429 1291 5492 ταῖς
1323 5429 1464 5482 κατὰ
1495 5430 1610 5483 τῶν
1641 5429 1894 5496 παιδείας

292 5521 330 5592 ἦ
367 5521 646 5586 κολάσεως
693 5522 972 5593 δεομένων
1043 5523 1356 5595 ἀνθρώπων
1412 5525 1693 5595 μάστιξιν.
1745 5527 1808 5581 Ἦ
1838 5527 1897 5581 δὲ

295 5613 448 5684 σιγὴ
521 5614 676 5684 δηλοῖ
717 5617 820 5686 τήν
847 5635 906 5670 τε
935 5618 1238 5689 ἀγγελικὴν
1289 5617 1548 5682 εὐταξίαν
1584 5619 1681 5671 καὶ
1740 5619 1900 5673 εὐλά-

301 5705 484 5776 ϐειαν,
520 5709 582 5762 τό
615 5725 676 5761 τε
703 5711 834 5781 περὶ
855 5711 955 5782 τῆς
969 5711 1232 5785 δευτέρας
1269 5711 1574 5784 παρουσίας
1598 5711 1902 5782 ἄγνωστονο

379 5864 420 5897 ⁸⁷
447 5865 602 5924 Joan.
631 5883 724 5935 vn,
755 5869 844 5924 38.

1993 4769 2184 4830 septem
2218 4761 2377 4815 tubw.

2066 4965 2176 5039 34.
2234 4965 2572 5037 Frequenter
2621 4973 2676 5021 et
2725 4965 3076 5022 familiariter
3133 4967 3430 5022 admodum
3501 4965 3597 5022 hic

1989 5069 2218 5118 sanctus
2246 5060 2602 5128 septenarium
2637 5075 2920 5112 numerum
2955 5060 3222 5126 assumit;
3258 5069 3314 5112 ut
3337 5059 3594 5128 quiprte-

1989 5151 2162 5208 sentis
2193 5149 2378 5205 saeculi
2417 5147 2724 5220 symbolum
2773 5147 2974 5217 prteﬁse
3007 5149 3168 5214 ferat,
3206 5157 3260 5202 et
3283 5148 3350 5200 ad
3394 5147 3594 5201 sabba-

1995 5249 2220 5304 tismum
2245 5253 2676 5313 sanctorumque
2701 5244 2950 5311 requiem
2993 5249 3138 5296 recta
3177 5240 3382 5294 tendat.
3409 5237 3596 5304 Quare

1997 5340 2102 5395 hoc
2137 5355 2364 5410 quoque
2386 5339 2504 5394 loco
2539 5349 2636 5406 per
2665 5331 2878 5401 septimi
2908 5331 3076 5401 sigilli
3102 5330 3420 5384 solutionem
3443 5329 3590 5381 aliud

1997 5433 2134 5486 nibil
2177 5431 2428 5486 denotari
2473 5426 2780 5501 putandum
2811 5433 2916 5489 est,
2961 5437 3130 5494 quam
3187 5421 3594 5490 impendentem

1999 5524 2152 5594 regni
2205 5523 2412 5578 terreni
2465 5531 2810 5588 terrenaque
2853 5517 2979 5570 vitae
3033 5523 3087 5569 et
3151 5511 3594 5568 conversationis

2003 5617 2165 5671 tinem
2195 5623 2250 5668 ct
2269 5611 2712 5669 dissolutionem.
2745 5607 2846 5664 Cui
2881 5607 2958 5662 rei
2987 5603 3336 5662 subservient
3381 5609 3592 5670 septem

2005 5709 2180 5781 angeli
2202 5709 2268 5766 ad
2299 5705 2570 5780 supplicia
2602 5701 2918 5760 hominibus
2947 5700 3042 5772 qui
3077 5697 3370 5768 disciplina
3411 5705 3467 5752 et
3499 5709 3592 5748 ca-
