4070 6408
435 381 541 446 287

1613 386 1946 448 ANDRE/E
1985 389 2508 451 CESARIENSIS

3610 387 3719 451 288

437 499 735 569 stigatione
787 498 1069 570 indigent,
1111 496 1404 567 irroganda
1459 511 1488 550 a
1551 497 1662 553 Deo
1707 501 2014 557 constituti.

2138 501 2187 554 τὸ
2225 503 2280 555 δὲ
2313 501 2596 570 ἡμιώριον
2653 498 2716 552 τὸ
2756 498 2852 553 τοῦ
2920 497 3118 568 καιροῦ
3181 497 3438 568 ἐμφαίνει
3494 495 3672 577 βραχύ
3701 514 3715 528 ·

436 591 610 646 Porro
631 591 922 657 silentium,
952 590 1095 660 quod
1132 587 1336 644 factum
1363 589 1565 644 dicitur
1595 591 1646 643 in
1678 591 1828 658 caelo,
1864 608 2020 646 com-

435 686 676 754 positam
749 685 1068 755 angelorum
1153 683 1520 750 modestiam,
1561 702 1564 707 ·
1602 687 2022 757 modestamque

435 777 752 830 eorumdem
778 774 1229 843 compositionem
1249 784 1302 828 et
1327 775 1684 830 reverentiam
1711 777 1984 848 signiﬁcat
2007 795 2021 846 ;

435 868 518 923 vel
545 868 840 923 secundum
894 867 1097 923 Christi
1140 869 1436 924 adventum
1481 889 1493 924 :

2131 595 2190 648 ὲν
2219 589 2263 663 ᾧ
2296 594 2408 647 τῶν
2445 593 2670 664 πληγῶν
2722 593 3103 662 ἐπαγομένων,
3164 592 3260 644 καὶ
3311 591 3420 644 τῶν
3472 590 3567 643 ἐπὶ
3612 589 3718 659 γῆς

2133 686 2615 758 συντελουμένων,
2649 686 2684 756 ἠ
2749 686 2845 740 τοῦ
2905 685 3146 759 Χριστοῦ
3207 684 3458 755 βασιλεία
3539 684 3720 753 φανή-

2134 795 2308 832 σεται.

1554 886 1678 925 nam
1735 871 1826 926 hic
1879 871 2016 941 ipsis
2065 888 2286 942 quoque
2348 871 2560 942 angelis
2627 871 2942 940 incognitus
2969 879 3100 926 est:
3156 868 3320 924 Hora:
3364 869 3602 936 denique
3636 865 3720 918 di-

437 961 680 1026 midium,
717 962 979 1030 temporis
1029 961 1352 1019 brevitatem
1375 1004 1391 1031 ,
1431 965 1576 1036 quod
1635 967 1778 1022 inter
1828 966 2020 1038 plagas
2056 969 2236 1023 illatas
2268 967 2542 1040 resqttejn
2567 973 2714 1022 terra
2739 975 3177 1030 consummatas,
3208 975 3263 1020 et
3306 964 3459 1036 regni
3507 962 3720 1019 Christi

435 1053 934 1110 manifestationem
970 1057 1288 1113 intercedet.

507 1147 644 1212 Vlll,
679 1151 731 1205 5.
768 1148 836 1202 Et
854 1150 992 1204 alius
1017 1153 1234 1222 angelus
1255 1154 1411 1219 venit,
1434 1165 1483 1207 et
1512 1155 1802 1209 stetitanle
1826 1155 2024 1222 altare,

433 1243 626 1297 habens
657 1243 990 1298 tlturibulum
1021 1262 1260 1300 aureum.

509 1356 618 1410 Etsi
673 1372 897 1425 eaquae
958 1357 1168 1412 sanctis
1221 1360 1622 1422 ostenduntur.
1662 1378 1770 1418 non
1818 1363 2032 1433 absque

434 1449 681 1504 materiae
735 1449 1096 1520 colorumque
1153 1453 1434 1508 schemate
1489 1455 1704 1509 ostendi
1771 1456 2027 1521 soleant,

434 1543 551 1597 sive
583 1543 634 1596 id
661 1543 834 1597 altare
859 1544 929 1599 sit
958 1584 973 1610 ,
1005 1544 1119 1599 sive
1139 1545 1474 1600 thuribulum
1504 1588 1520 1608 ,
1555 1548 1672 1602 sive
1697 1549 1842 1603 aliud
1867 1551 2026 1619 quip-

436 1637 582 1704 piam
610 1636 922 1706 ejusmodi,
957 1647 1088 1693 sunt
1140 1649 1322 1694 tamen
1355 1656 1417 1696 ea
1445 1643 1631 1696 omnia
1677 1646 1926 1700 materiae
1971 1655 2026 1700 et

434 1731 684 1784 colorum
707 1732 951 1800 expertia
977 1769 992 1795 ,
1026 1747 1202 1802 neque
1217 1736 1320 1787 sub
1340 1736 1710 1804 corporalium
1737 1738 2022 1792 oculorum

2203 1156 2310 1210 Kal
2339 1156 2532 1222 ἄλλος
2563 1155 2822 1224 ἄγγελος
2867 1151 3036 1226 ἦλθε,
3071 1154 3168 1208 καί
3196 1153 3425 1222 ἐστάθη
3461 1153 3562 1208 ἐπὶ
3608 1156 3718 1211 τοῦ

2129 1248 2587 1317 θυσιαστηρίου,
2619 1247 2779 1318 ἔχων
2808 1247 3143 1302 λιϐανωτὸν
3179 1248 3478 1317 χρυσοῦν.

2202 1363 2264 1416 Εἰ
2321 1364 2415 1416 καὶ
2475 1362 2906 1436 σχηματίζονται
2988 1365 3068 1427 εἰς
3121 1362 3253 1428 ὕλας
3298 1363 3394 1417 καὶ
3442 1363 3716 1435 χρώματα

2131 1456 2202 1509 τὰ
2246 1458 2357 1520 τοῖς
2394 1457 2570 1524 ἁγίοις
2619 1455 2912 1527 ὁρώμεναο
2962 1457 3075 1509 εἴτε
3126 1456 3540 1528 Θυσιαστήριον,
3603 1459 3716 1510 εἴτε

2134 1550 2514 1620 θυμιατήριον,
2550 1548 2662 1602 εἴτε
2691 1549 2881 1622 ἕτερόν
2909 1567 2962 1602 τι
2991 1566 3002 1577 ·
3038 1549 3154 1602 ἀλλ’
3182 1549 3395 1618 ἀόρατα
3426 1550 3520 1602 καὶ
3551 1551 3718 1619 νοητὰ

2131 1647 2515 1712 τυγχάνουσιν.
2585 1641 2708 1696 Ἐπὶ
2754 1641 2998 1696 τοιούτου
3043 1642 3226 1696 τοίνυν
3279 1646 3717 1714 θυσιαστηρίου

2134 1734 2267 1796 στὰς
2287 1734 2316 1786 ὁ
2342 1732 2594 1801 ἄγγελος.
2622 1734 2717 1786 καὶ
2740 1733 2851 1787 τὸν
2877 1736 3234 1800 λιϐανωτὸν,
3272 1735 3476 1804 δηλαδὴ
3509 1735 3575 1788 τὸ
3609 1735 3720 1789 τὸν

437 1822 695 1876 obtutum
718 1825 969 1878 veniunt.
1003 1822 1167 1880 Juxta
1200 1825 1511 1881 istiusmodi
1550 1828 1716 1898 igitur
1740 1831 2022 1900 mysticam

2138 1827 2383 1880 λίϐανον
2432 1825 2766 1894 δεχόμενον
2836 1826 3228 1895 θυμιατήριον
3254 1868 3268 1888 .
3323 1827 3578 1912 κρατῶν,
3620 1827 3721 1890 τάς

435 1930 588 1966 aram
619 1915 771 1970 stetit
802 1917 1052 1986 angelus,
1082 1933 1323 1971 acerram
1369 1918 1602 1974 tlturisve
1630 1925 2021 1990 receptaculum

2138 1922 2296 1992 εὐχὰς
2323 1921 2432 1976 τῶν
2464 1921 2637 1989 ἁγίων
2659 1922 2736 1985 ὡς
2767 1921 3089 1992 θυμιάματα
3119 1921 3198 1992 τῷ
3221 1921 3342 1988 Θεῷ
3369 1907 3680 1992 προσέφερε
3701 1937 3717 1952 ο

439 2024 604 2063 manu
631 2017 844 2074 tenens,
874 2024 1174 2080 precesque
1216 2021 1541 2066 sanctorum
1577 2023 1842 2083 tanquam
1881 2029 2029 2084 qua:-

436 2099 564 2154 dam
589 2099 895 2154 sullimenta
948 2099 1058 2156 Deo
1109 2101 1366 2158 oﬂ'erens.
1402 2102 1507 2158 Per
1558 2120 1682 2174 quas
1711 2105 1929 2175 petebat
1971 2115 2030 2160 ut

436 2193 570 2248 orbe
599 2203 1008 2260 consummato,
1042 2211 1219 2265 paena!
1266 2205 1320 2252 et
1355 2195 1568 2267 ﬂagella
1601 2213 1721 2268 qum
1758 2200 1942 2270 impiis
1975 2209 2030 2254 et

437 2285 960 2354 prtevaricatoribus
989 2286 1080 2342 hic
1117 2288 1448 2354 inferuntur,
1478 2291 1745 2360 supplicia
1778 2292 1832 2346 in
1855 2292 2028 2348 altero

445 2377 653 2432 saeculo
683 2379 737 2432 in
784 2378 906 2434 illos
937 2381 1700 2450 constitutagdiminuerent,
1753 2383 2030 2455 simulque

437 2487 535 2541 per
563 2487 725 2527 suum
752 2472 1048 2527 adventum
1073 2473 1283 2542 justam
1322 2475 1631 2529 mercedem
1665 2474 1772 2530 illis
1801 2475 1894 2544 qui
1949 2476 2032 2531 la-

439 2564 787 2630 boraverant,
818 2565 1199 2634 persolveret;
1232 2573 1400 2636 atque
1438 2567 1542 2622 hoc
1566 2582 1630 2622 ex
1662 2567 1911 2638 proxime
1939 2582 2030 2624 se-

374 2695 390 2712 .
437 2656 736 2725 quentibus
765 2656 970 2712 clarius
994 2656 1208 2712 evadet.

521 2769 592 2824 Et
616 2771 746 2826 data
777 2781 898 2825 sunt
928 2771 1010 2825 illi
1034 2772 1247 2828 incensa
1269 2773 1458 2840 multa,
1485 2785 1539 2828 ut
1563 2777 1715 2830 daret
1742 2777 1808 2831 de
1831 2778 2030 2831 oratio-

439 2862 594 2917 nibus
624 2872 933 2918 sanctorum
959 2864 1196 2919 omnium
1220 2881 1380 2934 super
1407 2867 1578 2922 altare
1618 2885 1859 2935 aureum,
1893 2869 2031 2941 quod

433 2963 513 3010 est
539 2965 661 3011 ante
708 2957 974 3012 thronum.

509 3071 699 3126 Altare
733 3072 859 3139 hoc,
891 3083 978 3131 est
1012 3074 1304 3144 Christus;
1358 3076 1413 3131 in
1458 3091 1570 3147 quo
1605 3077 1788 3133 omnis
1839 3089 2030 3134 sancta

437 3173 492 3219 et
525 3165 928 3221 ministratoria
977 3168 1058 3223 vis
1092 3169 1270 3239 posita
1309 3177 1415 3236 est,
1467 3170 1828 3241 omniumque
1881 3187 2031 3225 mar-

2130 2015 2198 2068 δι’
2233 2007 2307 2067 ὧν
2341 2013 2570 2084 ᾐτοῦντο
2603 2013 2693 2067 διὰ
2719 2014 2818 2083 τῆς
2852 2015 3200 2084 παγκοσμίου
3241 2014 3573 2078 συντελείας,
3598 2015 3719 2076 ταῖς

2134 2107 2235 2178 μὲν
2261 2110 2663 2179 τιμωρητικαῖς
2696 2106 2916 2177 μάστιξι
2950 2107 3060 2159 τῶν
3094 2107 3376 2160 δυσσεσῶν
3407 2107 3502 2160 καὶ
3533 2123 3718 2176 παρα-

2132 2199 2314 2269 νόμων
2365 2198 2671 2252 ἐλαττῶσαι
2711 2198 2810 2269 τὴν
2853 2200 2912 2252 ἐν
2941 2197 3019 2268 τῷ
3061 2199 3313 2268 μέλλοντι
3368 2197 3576 2270 [αἰῶνι]
3629 2198 3720 2250 x6-

2131 2291 2324 2344 λασινο
2363 2294 2430 2362 τῇ
2462 2291 2518 2344 δὲ
2548 2291 2731 2362 οἰκείᾳ
2781 2292 3063 2362 παρουσίᾳ
3101 2292 3231 2354 τοὺς
3276 2292 3506 2360 μισθοὺς
3541 2307 3717 2343 κατα-

2131 2389 2320 2456 νεῖμαι
2368 2387 2482 2450 τοῖς
2544 2385 2864 2440 κοπιάσασι.
2921 2385 3034 2438 Καὶ
3089 2383 3250 2438 τοῦτο
3307 2386 3374 2438 ἐκ
3420 2383 3530 2437 τῶν
3587 2379 3717 2450 ἑξῆς

2131 2481 2432 2536 δείκνυται.

2205 2775 2317 2830 Kal
2347 2774 2525 2844 ἐδόθη
2565 2772 2727 2841 αὐτῷ
2767 2736 3117 2844 θυμιάματα
3153 2775 3376 2837 πολλὰ,
3413 2775 3515 2827 ἵνα
3549 2772 3718 2842 δώσῃ

2131 2869 2264 2936 ταῖς
2313 2867 2685 2937 προσευχαῖς
2737 2867 2857 2922 τῶν
2888 2867 3076 2936 ἁγίων
3125 2865 3370 2920 πάντων
3398 2865 3497 2919 ἐπὶ
3527 2865 3592 2919 τὸ
3617 2870 3721 2921 θυ-

2133 2961 2500 3031 σιαστήριον
2536 2961 2603 3014 τὸ
2632 2960 2909 3030 χρυσοῦν
2938 2959 3006 3014 τὸ
3041 2959 3299 3014 ἐνώπιον
3335 2959 3443 3014 τοῦ
3478 2961 3715 3029 θρόνου.

2207 3075 2653 3144 Θυσιαστήριον
2684 3073 2742 3127 δέ
2774 3072 3051 3144 χρυσοῦν
3109 3075 3138 3126 6
3165 3073 3403 3144 Χριστός
3451 3074 3600 3126 ἐστιν
3625 3090 3638 3102 ·
3661 3074 3721 3126 ἐν

2135 3162 2181 3238 ᾧ
2213 3169 2366 3221 πᾶσα
2402 3165 2757 3236 λειτουργικὴ
2806 3165 2902 3218 καὶ
2952 3165 3087 3233 ἁγία
3119 3164 3423 3235 συνέστηκε
3465 3164 3716 3234 δύναμις,

441 3265 623 3326 tyrum
685 3259 922 3316 victimae
965 3269 1022 3318 et
1083 3262 1354 3320 sacriﬁcia
1412 3263 1768 3320 immolantur
1810 3274 1865 3321 et
1898 3265 2028 3320 olle-

2139 3263 2233 3316 καὶ
2276 3260 2333 3316 αἱ
2385 3258 2726 3330 μαρτυρικαὶ
2759 3258 2941 3311 θυσίαι
2992 3258 3498 3329 προσκομίζονται’
3551 3251 3614 3310 οὗ
3653 3255 3718 3328 ἦν

436 3358 636 3406 runtur
677 3353 876 3424 :cujus
907 3370 1122 3426 quoque
1156 3365 1317 3428 typus
1345 3367 1466 3413 erat
1501 3359 1635 3413 illud
1671 3359 1817 3430 quod
1863 3359 2032 3414 simul

436 3457 562 3496 cum
605 3446 963 3503 tabernaculo
997 3459 1282 3507 ostensum
1329 3461 1416 3507 est
1475 3450 1649 3524 Moysi
1701 3451 1755 3506 in
1821 3460 2029 3507 monte.

441 3534 817 3606 Tltymiamala
840 3550 1023 3596 autem
1071 3553 1199 3598 sunt
1221 3544 1503 3600 orationes
1541 3552 1883 3609 sanctorum,
1909 3558 2033 3614 quae

437 3628 572 3694 Deo,
615 3641 676 3684 ut
713 3632 922 3686 dictum
956 3641 1061 3699 est,
1097 3636 1237 3704 grati
1265 3637 1452 3692 odoris
1501 3636 1622 3690 loco
1655 3645 1805 3692 sunt.
1859 3635 2031 3691 Caete-

439 3736 563 3775 rum
588 3721 759 3776 altare
787 3723 946 3789 illud,
971 3725 1119 3794 quod
1141 3725 1422 3782 Christum
1457 3741 1581 3781 esse
1600 3725 1845 3781 diximus
1868 3765 1884 3792 ,
1912 3733 2034 3779 ante

441 3812 687 3865 thronum
709 3854 726 3880 ,
791 3814 896 3870 hoc
939 3822 1025 3870 est
1075 3815 1130 3870 in
1156 3827 1452 3887 conspectu
1483 3825 1802 3873 sanctarum
1835 3831 2031 3887 supre-

443 3920 773 3978 marumque
805 3909 1089 3976 virtutum,
1123 3926 1246 3981 quae
1282 3911 1595 3980 proximum
1619 3912 1687 3967 ad
1729 3911 1900 3966 Deum
1942 3926 2032 3966 ac-

442 4015 658 4060 cessum
695 4001 918 4069 habent,
951 4003 1116 4058 situm
1149 4013 1256 4061 est.
1313 4003 1409 4060 Hae
1450 4007 1598 4060 enim
1646 4013 1871 4076 propter
1897 4003 2033 4060 ellu-

443 4109 566 4149 sum
590 4096 989 4168 incensumque
1005 4099 1204 4156 divina:
1226 4101 1515 4156 charitatis
1532 4101 1810 4168 ardorem,
1835 4098 2033 4170 exqui-

2136 3352 2312 3415 τύπος
2345 3351 2406 3404 τὸ
2428 3351 2642 3421 δειχοέν
2669 3350 2728 3403 ἐν
2757 3349 2834 3420 τῷ
2857 3349 2974 3419 ὄρει
3004 3347 3081 3418 τῷ
3110 3349 3283 3418 Μωσῇ
3317 3347 3417 3400 σὺν
3451 3351 3514 3419 τῇ
3545 3350 3717 3419 σκηνῇ

2137 3445 2551 3516 Θυσιαστήριον.
2579 3443 2661 3497 Τά
2689 3443 2747 3496 δὲ
2775 3441 3133 3512 θυμιάματα,
3179 3444 3233 3495 αἱ
3263 3443 3568 3512 ’προσευχαὶ⁵
3614 3441 3722 3493 τῶν

2134 3537 2328 3606 ἁγίων,
2364 3536 2441 3598 ὡς
2485 3533 2703 3599 εὐώδεις
2733 3533 2810 3606 τῷ
2835 3520 2987 3605 ’Θεῷ,
3029 3533 3174 3588 καθὰ
3245 3533 3525 3587 λέλεκται.
3601 3534 3722 3585 Ἐν-

2135 3628 2326 3682 ώπιον
2341 3629 2396 3682 δὲ
2413 3626 2517 3681 τοῦ
2537 3627 2776 3695 θρόνου,
2789 3625 2990 3697 δηλαδὴ
3009 3625 3120 3679 τῶν
3147 3625 3473 3696 ὑπερτάτων
3505 3622 3721 3696 [ἁγίων]

2142 3720 2427 3789 δυνάμεων
2456 3717 2568 3790 [τὸν
2611 3715 2872 3790 Χριστὸν]
2907 3717 3122 3789 είρηκε,
3166 3716 3254 3771 διὰ
3294 3717 3394 3787 τὴν
3433 3716 3592 3786 χύσιν
3625 3715 3723 3784 τῆς

2139 3815 2196 3866 ἐν
2212 3811 2404 3874 αὐταῖς
2431 3809 2684 3881 ἐμπύρου
2709 3809 2862 3873 θείας
2880 3809 3122 3880 ἀγάπης,
3148 3809 3242 3862 καὶ
3268 3808 3368 3880 τῆς
3384 3807 3723 3879 ἀκραιφνοῦς

2143 3904 2338 3974 σοφίας
2367 3919 2427 3956 τε
2453 3903 2548 3956 καὶ
2577 3901 2855 3971 γνώσεως.
2889 3901 3070 3972 Ὅπερ
3095 3900 3354 3971 ἐμφαίνει
3381 3902 3415 3971 ὴ
3452 3898 3722 3971 ἑρμηνεία

2139 3998 2250 4053 τῶν
2267 3995 2552 4068 ὀνομάτων
2574 3995 2684 4049 τῶν
2704 3993 2788 4065 τῷ
2804 3993 2925 4065 Θεῷ
2946 3992 3372 4066 πλησιαζουσῶν
3400 3993 3722 4064 ύπερτὰτων

2139 4090 2445 4161 δυνάμεων.

441 4193 716 4258 sitamque
769 4190 1055 4246 scientiam
1115 4201 1169 4247 ct
1218 4193 1582 4264 sapientiam,
1639 4171 1762 4264 quae
1805 4189 2051 4260 in‘jpsis
2083 4183 2401 4255 Iexsistunt,
2453 4175 2902 4248 etlsingularem
2968 4182 3234 4244 Ιππιοιτέ³
3293 4175 3672 4232 excelle-"liam
3704 4215 3721 4241 ι

445 4280 770 4336 thronorum
817 4279 1241 4351 appellationem
1299 4281 1446 4336 haud
1496 4281 1846 4337 incommode
1887 4279 2235 4339 sortiuntur;
2297 4267 2764 4341 quemadmodum
2801 4277 2892 4338 Lex
2955 4268 3241 4324 nominum
3300 4282 3556 4338 quoque,
3604 4283 3724 4338 quae

442 4373 554 4432 illis
586 4372 841 4452 imposita
867 4381 1018 4440 sunt,
1050 4372 1506 4445 interpretatione
1533 4355 1692 4430 facile
1726 4372 1943 4429 ostendi
1981 4371 2028 4424 id
2061 4375 2245 4440 queat.

512 4465 649 4533 Vill,
685 4465 738 4520 4.
771 4465 840 4521 Ει
871 4468 1108 4522 ascendit
1141 4473 1321 4538 [umus
1361 4469 1714 4534 incensorum,
1777 4466 1840 4520 de
1899 4483 2025 4521 ara-

445 4560 675 4613 tionibus
719 4569 1047 4625 sanctorum,
1072 4561 1137 4616 de
1164 4578 1326 4616 manu
1358 4563 1553 4632 angeli,
1590 4577 1771 4615 coram
1795 4560 1923 4614 Deo.
1956 4558 2030 4612 Et

448 4650 651 4718 accepit
691 4649 908 4719 angelus
944 4650 1275 4705 thuribulum
1297 4669 1518 4706 aureum
1542 4665 1591 4707 et
1624 4651 1858 4720 implevit
1897 4649 2033 4704 illud

448 4741 513 4795 de
541 4741 657 4812 igne
687 4740 902 4810 altaris,
943 4749 994 4796 et
1023 4744 1165 4797 misit
1191 4743 1244 4797 in
1277 4752 1495 4800 terram.

521 4943 849 4999 Sanctorum
880 4959 1074 5016 preces
1097 4961 1194 5017 per
1212 4946 1464 5017 angelum
1490 4955 1727 5016 accepta:
1743 4955 1797 5002 et
1818 4945 2034 5012 oblatae,

445 5036 679 5092 effecere
717 5045 776 5092 ut
821 5037 929 5109 35
980 5039 1310 5094 thuribulum
1341 5032 1610 5110 panitet-io
1669 5041 1788 5112 igne
1824 5041 2037 5109 plenum

447 5131 500 5184 in
539 5144 741 5185 terram
774 5131 1144 5203 ell‘nnderetnr
1171 5175 1186 5200 ,
1237 5135 1400 5191 sicuti
1441 5136 1572 5191 olim
1622 5151 1845 5206 quoque
1894 5151 2038 5191 unus

444 5241 510 5279 ex
539 5224 836 5281 Cherubim
861 5228 1115 5298 apparuit
1149 5226 1446 5293 Ezechieli,
1479 5229 1570 5300 qui
1601 5228 1914 5284 istiusmodi
1933 5243 2036 5298 pu-

450 5318 710 5374 nitorium
749 5319 930 5391 ignem
965 5320 1199 5390 accepit,
1229 5333 1631 5390 acceptumque
1668 5319 1915 5390 angelis,
1941 5319 2036 5390 qui

447 5413 515 5464 ad
537 5411 827 5481 impiorum
854 5410 1228 5468 habitatorum
1267 5411 1500 5467 civitatis
1531 5411 2034 5483 Hierosolymorum

450 5504 878 5560 internecionem
915 5505 1295 5572 mittebantur,
1340 5504 1586 5559 tradidit.
1634 5503 1812 5574 Hujus
1851 5513 2038 5560 autem

449 5594 628 5664 angeli
695 5606 878 5666 typum
911 5598 1050 5668 gerit
1119 5597 1496 5668 unusquilibet
1533 5598 1810 5668 pontifex,
1849 5610 2039 5670 utpote

451 5687 718 5742 mediator
744 5689 886 5744 inter
916 5689 1085 5746 Deum
1109 5701 1164 5746 ct
1195 5691 1473 5745 hominem
1517 5692 1871 5764 constitutus.
1899 5692 2038 5748 Nam

449 5787 505 5835 et.
531 5778 692 5848 hujus
719 5796 907 5848 preces
935 5798 1154 5840 sursum
1185 5783 1390 5847 evehit,
1425 5783 1570 5839 illius
1591 5795 1772 5839 autem
1805 5784 2039 5855 gratiam

455 5884 497 5922 (ιι
558 5872 1000 5940 nropitiationem
1053 5875 1308 5933 deorsum
1349 5876 1577 5934 revehit.
1625 5876 1776 5934 Alios
1817 5893 2038 5935 rursum

2207 4457 2316 4514 Kal.
2372 4457 2556 4526 ἀνέϐη
2604 4459 2638 4511 ό
2684 4455 2918 4520 καπνὸς
2968 4455 3090 4509 τῶν
3141 4453 3525 4525 θυμιαμάτων
3594 4455 3724 4521 ταῖς

2143 4547 2511 4618 προσευχαῖς
2555 4546 2676 4600 τῶν
2721 4546 2911 4616 ἁγίων
2940 4545 3009 4599 ἐκ
3062 4544 3263 4614 χειρὸς
3301 4545 3410 4600 τοῦ
3461 4545 3723 4616 ἀγγέλου

2139 4640 2400 4695 ἐνώπιον
2437 4638 2544 4694 τοῦ
2604 4637 2756 4692 Θεοῦ
2781 4653 2793 4666 ·
2831 4637 2935 4693 καὶ
2972 4638 3232 4707 εῖληερεν
3271 4640 3304 4691 ό
3334 4637 3593 4708 ἄγγελος
3624 4638 3727 4693 τὸν

2139 4729 2494 4793 λιϐανωτὸν,
2561 4728 2661 4782 καί
2709 4729 2991 4797 ἐγέμισεν
3041 4727 3230 4782 αὑτὸν
3272 4727 3342 4781 ἐκ
3384 4727 3492 4782 τοῦ
3537 4728 3729 4796 πυρὸς

2139 4823 2246 4878 τοῦ
2283 4823 2744 4903 θυσιαστηρίου,
2782 4820 2880 4877 καὶ
2910 4821 3133 4874 ἔϐαλεν
3157 4821 3246 4886 εἰς
3279 4820 3395 4889 τὴν
3431 4819 3567 4890 γῆν.

2208 4938 2278 4992 Ai
2335 4933 2741 5006 διακονηθεῖσαι
2801 4931 2869 4987 δι’
2911 4931 3144 5002 ἀγγέλου
3190 4930 3300 4986 τῶν
3345 4933 3519 5000 ἁγίων
3572 4950 3734 5004 προσ-

2139 5033 2296 5103 ευχαὶ
2348 5027 2764 5100 προσδεχθεῖσαι
2791 5068 2806 5093 ,
2839 5026 2937 5080 καὶ
2996 5025 3103 5080 τοῦ
3171 5025 3567 5096 τιμωρητικοῦ
3619 5042 3732 5079 πυ-

2135 5125 2246 5194 ρὸς
2337 5121 2448 5176 τὸν
2535 5118 2870 5175 λιϐανωτὸν
2947 5117 3352 5186 πληρώσασαι
3380 5158 3396 5184 ,
3472 5117 3567 5169 ἐπὶ
3629 5116 3730 5187 τὴν

2139 5219 2247 5288 γῆν
2295 5213 2598 5286 ἐκχυθῆναι
2658 5213 3067 5281 πεποιήκασιν·
3123 5209 3316 5279 ὥσπερ
3404 5209 3576 5266 πάλαι
3655 5208 3733 5280 τῷ

2153 5311 2414 5382 Ἰεζεκιὴλ
2460 5309 2636 5379 ἐφάνη
2719 5305 2779 5372 ἐξ
2844 5305 2964 5370 ἐνὸς
3009 5303 3121 5359 τῶν
3172 5303 3462 5376 Χερουδὶμ
3531 5305 3598 5358 ἐκ
3633 5302 3731 5356 τοῦ

2139 5408 2382 5464 τοιούτου
2425 5407 2600 5477 πυρὸς
2647 5403 2855 5475 ληφθὲν
2885 5405 2999 5466 τοῖς
3027 5400 3284 5470 ἀγγέλοις
3317 5399 3584 5463 δίδοσθαι,
3617 5402 3733 5463 τοῖς

2141 5501 2474 5574 πεμφθεῖσιν
2503 5501 2584 5564 είς
2611 5501 2712 5571 τὴν
2737 5497 2848 5554 τῶν
2877 5497 3185 5569 οἰκητόρων
3214 5495 3315 5566 τῆς
3362 5493 3732 5566 Ἰερουσαλὴμ

2141 5597 2250 5652 τῶν
2323 5594 2769 5665 δυσσεϐεστὲρων
2849 5591 3119 5660 ἐκκοπὴν.
3189 5589 3298 5643 Τοῦ
3356 5589 3414 5642 δὲ
3479 5589 3720 5658 ἀγγέλου

2140 5689 2332 5744 τούτου
2382 5690 2553 5743 τύπον
2589 5687 2779 5757 ἐπέχει
2805 5685 3040 5748 ἕκαστος
3075 5684 3363 5756 ἱερὰρχης,
3392 5681 3469 5746 ὡς
3503 5683 3734 5751 μεσίτης

2142 5782 2276 5840 Θεοῦ
2319 5783 2414 5837 καὶ
2469 5780 2774 5852 ἀνθρώπων
2801 5796 2815 5810 ο
2866 5778 2962 5832 καὶ
3007 5778 3117 5832 τῶν
3177 5776 3278 5848 μὲν
3344 5775 3444 5839 τὰς
3507 5774 3732 5846 κλήσεις

2145 5878 2361 5946 ἀνάγων
2381 5893 2393 5907 °
2427 5876 2535 5931 τῶν
2577 5875 2632 5930 δὲ
2658 5873 2746 5930 τὸν
2777 5871 3010 5942 ἱλασμὸν
3045 5873 3303 5942 κατάγων
3328 5870 3505 5946 ’,τοὺς
3535 5867 3596 5922 δὲ
3618 5867 3728 5923 τῶν
