4070 6414
341 353 460 416 289

1309 354 1918 420 COMMENTARIUS
1956 356 2041 417 IN
2078 353 2608 420 APOCALYPSIN.

3510 365 3619 430 290

340 464 783 537 ἁμαρτανόντων
843 463 1193 536 ἐπιστρέφων
1221 505 1236 530 ,
1272 466 1304 535 ἦ
1350 466 1526 538 λόγῳ,
1571 471 1604 537 ἢ
1660 471 1925 532 παιδείαις

2039 469 2192 521 suavi
2262 469 2570 538 blandoque
2619 468 3015 527 admonitionis
3067 473 3235 530 verbo
3291 491 3321 531 a
3376 482 3618 547 peccatis

342 558 658 630 αὐστηροτέ
665 575 811 628 ραις.

426 730 539 785 Kal
564 731 845 802 ἐγένοντο
877 733 1065 801 φωναί
1093 731 1192 786 καί
1212 733 1467 801 ,ϐρονταί
1502 735 1598 786 καὶ
1627 735 1935 804 ἀστραπαὶ

341 821 454 874 καὶ
485 823 739 889 σεισμός
762 838 776 850 ·
806 821 903 875 καί
931 825 983 876 οὶ
1012 822 1161 876 ἑπτὰ
1190 823 1430 892 ἄγγελοι
1467 827 1521 877 οἱ
1559 825 1805 890 ἔχοντες
1827 825 1936 889 τὰς

341 914 506 968 ἑπτὰ
553 913 916 984 σάλπιγγας,
953 917 1293 986 ἡτοίμασαν
1328 916 1585 982 ἑαυτοὺς
1630 918 1731 971 ἵνα
1775 921 1932 973 σαλ-

340 1009 640 1063 πίσωσιν.

417 1101 528 1154 Διὰ
539 1101 745 1155 τούτων
763 1102 980 1155 πάντων
997 1101 1065 1154 τὰ
1084 1102 1190 1173 πρὸ
1207 1103 1306 1173 τῆς
1326 1103 1636 1167 συντελείας
1653 1121 1931 1174 χαρακτη-

338 1193 598 1263 ρίζονται
633 1193 898 1263 φόϐητρα,
932 1193 1255 1263 καθάπερὲν
1271 1193 1348 1264 τῷ
1371 1195 1500 1264 Σινᾷ
1519 1195 1635 1265 ὄρει
1658 1195 1808 1256 θείας
1824 1212 1931 1247 πα-

340 1301 446 1356 ρου
459 1285 582 1348 σίας
613 1285 970 1355 ἐγνωρίζοντο
992 1285 1260 1354 σύμϐολα,
1285 1288 1495 1350 πάντας
1523 1288 1931 1357 καταπλήττον-

337 1394 440 1442 τα,
484 1378 577 1431 καὶ
613 1377 747 1448 πρὸς
763 1377 1096 1449 ἐπιστροφὴν
1115 1380 1239 1442 τοὺς
1253 1379 1792 1449 εὐγνωμονεστέρους
1809 1380 1931 1432 ὲνά-

336 1485 539 1535 γοντα.
553 1471 824 1538 Ἄγγελοι
841 1469 895 1522 δὲ
910 1469 1118 1534 τούτοις
1143 1469 1582 1536 διακονοῦσιν,ὡς
1604 1473 1775 1542 ἰατροὶ
1794 1489 1857 1524 συ
1865 1490 1932 1542 μ-

338 1561 550 1623 παθεῖς
563 1561 1021 1631 Χριστομιμήτως
1043 1577 1055 1590 ·
1078 1562 1347 1633 καυτῆρσι
1364 1563 1458 1616 καὶ
1475 1565 1670 1631 τομαῖς
1687 1564 1812 1626 τοὺς
1828 1564 1928 1633 τὴν

335 1653 663 1721 δεινοτάτην
712 1651 814 1721 τῆς
855 1653 1131 1722 ἁμαρτίας
1165 1654 1319 1706 νόσον
1349 1654 1712 1717 ἀσθενοῦντας
1762 1653 1928 1724 θερα-

339 1743 616 1806 πεύοντες
646 1757 663 1775 ο
693 1743 726 1814 ἦ
757 1743 818 1795 τό
849 1760 912 1812 γε
950 1743 1336 1814 μετριώτερον,
1367 1746 1483 1806 τοῖς
1533 1744 1928 1814 ῥᾳθυμοτέρως

2039 558 2428 621 avertit;alios
2460 568 2640 614 autem
2674 563 2934 617 severiori
2975 567 3212 633 quadam
3253 570 3619 638 castigatione

2033 656 2088 701 et
2112 647 2397 716 disciplina
2427 650 2492 703 ad
2521 665 2710 704 sanam
2746 661 2982 708 mentem
3027 657 3259 712 reducit.

2106 735 2244 803 VIII,
2271 738 2326 802 5',
2351 738 2404 792 ϐ.
2440 738 2510 791 Et
2533 741 2677 808 facta
2722 753 2842 796 sunt
2877 747 3110 800 tonitrua
3145 757 3192 800 et
3226 765 3405 817 voces,
3430 761 3477 804 et
3509 753 3619 821 [ut-

2032 845 2188 898 gura,
2213 838 2263 883 et
2289 840 2643 886 terrwmotus.
2679 831 2745 886 Et
2767 846 2961 902 septem
3002 839 3208 907 angeli,
3243 842 3335 910 qui
3357 843 3616 898 habebant

2032 930 2227 990 septem
2257 921 2435 985 tubas,
2465 939 2897 993 praeparaverunt
2918 945 2972 982 se
2997 939 3053 982 ut
3083 932 3208 984 tuba
3238 947 3505 990 canerent.

2101 1100 2208 1154 Per
2245 1099 2358 1154 hac
2386 1102 2569 1155 omnia
2601 1109 2839 1157 terrores
2874 1103 2947 1157 illi
2975 1114 3031 1159 et
3057 1107 3236 1171 mium,
3269 1125 3391 1178 quae
3423 1112 3608 1166 smeuli

2030 1193 2558 1246 consummationem
2591 1194 2954 1261 antecedent,
2992 1197 3391 1256 adumbrantur
3420 1221 3433 1257 :
3467 1206 3612 1260 sicut

2029 1283 2220 1338 eadem
2280 1285 2335 1338 in
2378 1293 2560 1340 monte
2603 1285 2734 1340 Sina
2781 1300 2998 1356 quoque
3047 1289 3181 1343 certi
3229 1291 3424 1348 divina":
3469 1311 3609 1365 prae-

2031 1375 2218 1431 sentia:
2310 1375 2517 1431 indices
2597 1385 2791 1441 erant,
2870 1379 3280 1449 salutaremque
3352 1385 3606 1442 timorem

2031 1467 2311 1530 omnibus,
2333 1467 2468 1523 bene
2487 1468 2786 1538 praesertim
2805 1469 3018 1525 affectis
3045 1471 3403 1529 incutiebant.
3425 1477 3611 1548 Angeli

2031 1568 2216 1614 autem
2244 1560 2442 1614 harum
2483 1575 2667 1616 rerum
2715 1563 3047 1629 administri,
3081 1574 3341 1635 tanquam
3395 1569 3609 1624 miseri-

2030 1650 2225 1706 cordes
2274 1651 2737 1723 condolentesque
2805 1655 3040 1722 medici,
3108 1659 3237 1712 dum
3295 1660 3362 1713 ad
3407 1659 3608 1716 Christi

2031 1741 2344 1810 exemplum
2373 1744 2616 1798 eauteria
2663 1753 2718 1799 et
2747 1747 3019 1804 sectiones
3065 1749 3174 1806 illis
3226 1750 3488 1808 adhibent
3515 1755 3608 1821 qui

337 1837 453 1904 τὴν
490 1835 787 1906 μέλλουσαν
825 1834 1270 1904 ἐπικουφίζοντες
1321 1835 1564 1900 κόλασιν,
1597 1836 1645 1887 εί
1673 1835 1925 1888 ὁπωσοῦν

2031 1833 2266 1900 graviori
2299 1844 2642 1902 peccatorum
2683 1840 2878 1894 morbo
2936 1848 3207 1907 tenentur,
3263 1852 3357 1898 aut
3384 1820 3611 1899 omnino

338 1931 692 2000 εὐχαρίστως
749 1928 1069 1996 ὲνέγκωσιν.
1133 1929 1313 1998 Ἠμᾶς
1371 1929 1448 1996 δὲ,
1484 1927 1713 1998 τοὺςτῷ
1759 1928 1931 1998 τιμίῳ

341 2011 499 2093 [τοῦ]
548 2019 786 2090 Χριστοῦ
838 2021 1312 2092 ὲσφραγισμένους
1378 2021 1626 2091 ὀνόματι,
1684 2020 1780 2074 καὶ
1828 2020 1930 2090 τὴν

339 2113 510 2176 δόξαν
541 2113 648 2165 τῶν
679 2111 852 2179 ἁγίων
905 2112 1300 2176 ὲπιπυθοῦντας
1326 2154 1342 2179 ,
1393 2112 1489 2166 καὶ
1541 2114 1652 2176 τοῖς
1693 2111 1928 2166 ἐνταῦθα

340 2204 626 2273 ἀλγεινοῖς
654 2205 754 2274 τὴν
775 2203 884 2258 τῶν
918 2205 1224 2274 μελλόντων
1269 2205 1448 2260 πόνων
1480 2205 1658 2276 φυγὴν
1695 2205 1926 2274 εύχομέ-

343 2313 502 2361 νους,
558 2295 831 2350 παιδεύων
905 2299 934 2350 ό
982 2296 1361 2368 φιλάνθρωπος
1419 2297 1643 2368 Κύριος,
1696 2297 1775 2368 τῷ
1828 2297 1928 2366 τῆς

343 2385 630 2456 ἁμαρτίας
669 2387 882 2457 θανάτῳ
907 2388 982 2457 μὴ
1006 2388 1338 2456 παραδώσοι,
1370 2387 1554 2451 καθὼς
1573 2388 1886 2460 γέγραπται
1910 2403 1926 2418 ·

343 2478 489 2531 ἀλλὰ
511 2479 741 2549 πραΰνοι
773 2481 908 2550 ἡμῖν
931 2480 1028 2542 τὰς
1061 2480 1305 2550 πονηρὰς
1338 2480 1551 2551 ἡμέρας
1569 2481 1677 2533 τῶν
1697 2480 1930 2534 αἰωνίων

343 2571 650 2636 κολάσεων,
721 2571 848 2624 ὅταν
905 2573 1076 2642 όρυγῇ
1146 2571 1338 2642 βόθρος
1385 2571 1464 2642 τῷ
1501 2573 1602 2642 τῆς
1655 2572 1930 2642 ἁμαρτίας

277 2713 298 2719 ,
343 2663 550 2734 εὕρετῇ
570 2666 600 2716 ὁ
629 2665 876 2735 ἀφεγγὴς
901 2665 998 2734 τῆς
1019 2665 1243 2734 γεέννης
1267 2665 1444 2736 χῶρος
1473 2667 1566 2718 καὶ
1589 2664 1889 2735 βαθύτατος
1909 2680 1926 2697 ⁶

343 2757 520 2823 ὅπως,
552 2754 682 2809 ἔνθα
713 2756 1154 2827 εὐφραινομένων
1194 2758 1410 2811 πάντων
1439 2757 1472 2828 ἡ
1503 2757 1782 2822 κατοικία,
1817 2759 1928 2819 τοῖς

346 2847 527 2916 ἁγίοις
558 2847 1024 2918 συναυλιζόμενοι,
1077 2849 1173 2902 σὺν
1187 2848 1334 2919 αύτῷ
1359 2849 1436 2919 τῷ
1463 2847 1677 2918 Σωτῆρι
1709 2848 1929 2918 Χριστῷ

344 2941 428 3011 τῷ
451 2940 570 3011 Θεῷ
585 2940 740 3010 ἡμῶν
775 2939 1098 3012 [ἐσόμεθα
1146 2935 1190 3008 ᾦ
1216 2941 1416 3012 πρέπει
1448 2943 1595 2994 πᾶσα
1628 2938 1928 3008 δοξολογία,

345 3034 484 3103 τιμή
504 3049 563 3084 τε
590 3033 684 3086 καὶ
714 3031 1104 3103 προσκύνησις,
1133 3032 1247 3101 ἅμα
1275 3033 1355 3102 τῷ
1386 3032 1561 3102 ῐῐατρλ⁵
1575 3033 1668 3084 καὶ
1693 3029 1771 3100 τῷ
1787 3046 1927 3082 παν-

349 3125 495 3194 αγίῳ
550 3123 855 3190 Πνεύματι,
879 3124 974 3178 νῦν
992 3125 1084 3177 καὶ
1106 3125 1214 3189 ἀεὶ,
1237 3125 1424 3187 καὶείς
1446 3124 1572 3186 τοὺς
1593 3121 1796 3186 αἰῶνας
1817 3120 1926 3175 τῶν

349 3215 581 3272 αἰώνων.
624 3217 816 3288 Ἀμήν.

2030 1931 2229 1976 curant
2284 1922 2646 1993 morbumque
2690 1925 3018 1998 proﬂigant,
3069 1941 3165 1986 aut
3195 1931 3411 2002 ignavis
3462 1943 3611 1990 certe

2030 2011 2368 2084 ingratisque
2417 2017 2734 2073 hominibus
2777 2019 3022 2074 futurum
3079 2024 3410 2092 supplicium
3474 2041 3609 2081 nou-

2035 2105 2174 2162 ni'h'tl
2225 2107 2519 2163 sublevare
2574 2110 3019 2182 moderatiusque
3062 2113 3287 2169 reddere
3333 2128 3606 2186 satagunt.

2027 2195 2136 2252 Nos
2159 2208 2338 2253 autem
2368 2238 2385 2264 ,
2435 2200 2531 2270 qui
2581 2203 2824 2270 pretioso
2862 2203 3066 2260 Christi
3103 2207 3328 2262 nomine
3360 2208 3606 2280 insigniri

2029 2306 2242 2358 sumus,
2271 2303 2695 2363 sanctorumque
2747 2295 2978 2366 gloriam
3011 2300 3338 2368 expetimus,
3394 2316 3604 2358 necnon

2029 2397 2127 2452 per
2155 2397 2347 2452 pmuas
2384 2393 2436 2438 et
2466 2385 2746 2440 molestias
2768 2423 2784 2451 ,
2814 2402 2937 2456 quas
2970 2388 3058 2442 hic
3089 2389 3420 2458 inferuntur,
3457 2392 3608 2447 futu-

2029 2488 2216 2528 rorum
2243 2473 2490 2528 laborum
2511 2484 2566 2529 et
2587 2475 2965 2531 molestiarum
2995 2479 3215 2548 pondus
3236 2481 3467 2537 evadere
3486 2499 3610 2553 per-

2028 2562 2306 2637 optamus,
2369 2568 2685 2623 misericors
2743 2569 2886 2624 Deus
2938 2571 3293 2642 clemensque
3352 2571 3514 2629 Pater
3551 2575 3606 2630 iu

2031 2656 2134 2710 hac
2162 2657 2380 2710 mortali
2413 2659 2523 2711 vita
2560 2658 2632 2712 ita
2665 2659 2849 2728 expiet
2902 2669 2958 2714 et
3010 2662 3272 2732 castiget,
3304 2671 3364 2718 ut
3395 2666 3450 2719 in
3483 2679 3608 2734 pec-

2028 2748 2139 2801 cati
2173 2757 2400 2802 mortem
2441 2763 2548 2802 non
2580 2750 2797 2816 tradat;
2839 2750 2972 2820 quin
3014 2753 3194 2823 potius
3226 2755 3454 2810 acerbos
3483 2757 3607 2812 illos

2027 2851 2358 2894 aeternorum
2413 2841 2756 2896 cruciatuum
2805 2842 2923 2898 dies
2967 2845 3126 2901 nobis
3168 2855 3282 2900 tum
3334 2849 3605 2919 mitigare,

2030 2935 2142 2987 imo
2169 2948 2296 2988 vero
2323 2949 2552 3003 prorsus
2580 2935 2823 2990 adimere
2853 2936 3131 3008 dignetur,
3156 2951 3280 2992 cum
3311 2938 3606 3009 impietatis

2031 3025 2301 3080 inventori
2335 3026 2488 3082 fovea
2519 3028 2776 3094 fodietur,
2802 3029 3072 3085 obscurus
3097 3029 3354 3084 nimirum
3379 3029 3606 3099 profun-

2030 3118 2400 3188 dissimusque
2437 3120 2697 3192 gehennae
2730 3121 2884 3188 locus
2921 3137 2937 3176 :
2971 3137 3082 3191 quo
3113 3121 3328 3177 laudent
3353 3122 3610 3178 omnibus

1951 3204 1996 3263 ο
2030 3210 2338 3265 laetantibus
2375 3210 2429 3264 in
2469 3220 2784 3267 sanctorum
2825 3210 3193 3266 habitaculum
3229 3211 3464 3282 recepti,
3501 3219 3606 3264 una

351 3322 474 3362 cum
522 3307 629 3362 illis
668 3306 996 3376 Christoque
1027 3305 1136 3361 Deo
1166 3315 1220 3361 et
1262 3307 1552 3364 Servatore
1581 3313 1771 3359 nostro
1816 3309 2080 3372 perpetuo
2109 3301 2357 3356 vivamus
2388 3317 2402 3355 :
2455 3317 2619 3371 quem
2647 3301 2803 3356 decet
2830 3302 3006 3358 omnis
3035 3303 3298 3373 gloria,et
3329 3303 3524 3368 honor,
3551 3311 3611 3362 et

359 3400 616 3469 adoratio,
641 3401 809 3456 simul
872 3416 998 3455 cum
1062 3402 1221 3456 Patre
1245 3409 1298 3456 et
1330 3399 1682 3456 sanctissimo
1717 3396 1926 3466 Spiritu
1950 3395 2005 3449 in
2033 3395 2203 3450 saecul
2225 3409 2254 3448 a
2293 3394 2652 3451 saeculorum.
2689 3398 2887 3451 Amen.

726 3534 978 3590 ΚΕΦΑΛ.
1014 3535 1141 3590 ΚΒ’.
1201 3537 1422 3592 ΛΟΓΟΣ
1453 3535 1536 3591 Η’.

347 3670 486 3738 Περὶ
516 3668 636 3743 τῶν
685 3669 834 3724 ἑπτὰ
883 3670 1154 3743 ἀγγέλων
1181 3685 1194 3699 ο
1221 3669 1368 3743 ]
1406 3664 1500 3743 ὦν-
1537 3669 1644 3743 cpi}
1687 3667 1922 3743 πρῶτον

417 3735 856 3807 σαλπίσαντος,
885 3735 1112 3810 χᾶλαζῖι
1139 3735 1384 3809 καῖπῦρ
1407 3741 1505 3796 καὶ
1522 3735 1666 3810 αἷμα
1685 3735 1784 3792 ἐπὶ
1810 3737 1922 3806 τῆς

415 3810 530 3879 τῆς
559 3812 822 3881 asperat-

417 3950 526 4004 Καὶ
557 3953 591 4004 ό
616 3948 847 4018 πρῶτος
876 3949 1130 4020 ἄγγελος
1162 3943 1465 4004 ἐσάλπισε
1485 3966 1498 3979 ·
1542 3948 1642 4002 καί
1681 3945 1922 4017 ἐγένετο

340 4041 572 4114 χάλαζα
622 4043 720 4096 καὶ
773 4043 892 4111 πῦρ
943 4043 1312 4112 μεμιγμένον
1367 4044 1438 4096 ἐν
1510 4043 1749 4111 αἵματιο
1823 4041 1924 4094 καὶ

337 4135 565 4205 ἐϐλήθη
595 4138 682 4201 είς
710 4134 826 4202 τὴν
862 4134 982 4204 γῆν
1005 4151 1018 4166 ο
1050 4136 1149 4188 καί
1186 4135 1254 4188 τὸ
1285 4136 1483 4203 τρίτον
1508 4133 1620 4202 τῆς
1652 4131 1922 4203 γῆςκατ-

337 4227 491 4295 εκὰη
512 4242 526 4256 ·
585 4228 683 4280 καί
723 4226 790 4279 τὸ
822 4226 1026 4294 τρίτον
1050 4224 1169 4278 τῶν
1193 4224 1457 4294 δένδρων
1485 4222 1742 4292 κατεκάη
1777 4240 1788 4253 °
1825 4221 1923 4276 καὶ

339 4319 462 4385 πᾶς
494 4321 709 4388 χόρτος
742 4317 972 4387 χλωρὸς
996 4316 1277 4383 κατεκάη.

415 4411 602 4464 Ταῦτά
628 4426 772 4462 τισιν
801 4405 978 4473 ἔδοξεν
1011 4406 1345 4462 αἰνίττεσθαι
1377 4404 1472 4478 τὴν
1497 4407 1555 4459 ὲν
1578 4405 1770 4476 γεέννῃ
1805 4404 1914 4458 τῶν

2361 3549 2593 3606 CAPUT
2649 3549 2817 3606 XXII.
2874 3550 3106 3610 SERMO
3158 3554 3270 3610 VIII

2025 3662 2105 3718 De
2131 3671 2325 3736 septem
2355 3661 2557 3736 angelis
2577 3701 2613 3736 ,Α
2643 3679 2670 3716 ε
2722 3679 2945 3736 quorum
2979 3681 3195 3718 numero
3234 3665 3361 3719 dum
3398 3669 3604 3736 primus

2101 3733 2224 3870 tfuba
2248 3733 2416 3800 canit,
2440 3733 2667 3803 grando,
2703 3743 2752 3785 et
2776 3734 2914 3804 ignis
2934 3775 2948 3800 ,
2970 3751 3032 3788 ac
3058 3738 3273 3806 sanguis
3306 3738 3362 3790 in
3398 3733 3603 3792 terram

2135 3814 2302 3858 ertur.

2101 3941 2233 4009 VIII,
2269 3941 2320 3996 7.
2364 3939 2433 3994 Et
2477 3941 2679 4010 primus
2706 3941 2922 4012 angelus
2954 3941 3080 3996 tuba
3119 3946 3346 4011 cecinit;
3373 3956 3422 4000 et
3457 3948 3603 4017 facta

2021 4041 2098 4087 est
2119 4031 2320 4103 grando
2341 4043 2386 4086 et
2420 4031 2556 4101 ignis
2589 4032 2746 4084 mista
2780 4033 2836 4085 in
2881 4035 3171 4103 sanguinef;
3198 4045 3245 4088 et
3282 4037 3498 4091 missum
3525 4048 3604 4092 est

2022 4125 2076 4177 in
2115 4135 2310 4177 terram
2341 4134 2389 4178 et
2415 4125 2569 4176 tertia
2593 4139 2716 4191 pars
2736 4133 2890 4177 terra:
2921 4123 3195 4178 combusta
3213 4137 3290 4178 est
3313 4142 3334 4188 ;
3364 4139 3412 4181 et
3443 4131 3600 4182 tertia

2020 4233 2146 4286 pars
2176 4217 2424 4270 arborum
2447 4225 2779 4270 concremata
2801 4225 2878 4271 est
2900 4234 2920 4281 ;
2943 4226 2992 4270 et
3021 4233 3173 4271 omne
3206 4219 3387 4287 fenum
3427 4222 3600 4276 viride

2023 4299 2346 4363 combustum
2370 4319 2470 4364 est.

2108 4399 2324 4466 Isthaec,
2359 4409 2418 4455 ut
2456 4400 2783 4471 quibusdam
2814 4401 3011 4472 placet,
3043 4400 3305 4457 denotant
3334 4404 3599 4474 supplicia

338 4501 682 4574 ἁμαρτωλῶν
709 4501 953 4564 κόλασιν,
995 4500 1351 4571 πολυτρόπως
1373 4498 1463 4551 διὰ
1490 4497 1600 4551 τῶν
1641 4498 1916 4568 αἰσθητῶν

2025 4492 2204 4563 impiis
2234 4502 2288 4548 et
2319 4495 2700 4564 peccatoribus
2737 4495 2876 4565 apud
2907 4494 3111 4551 inferos
3134 4496 3432 4551 constituta
3460 4534 3474 4560 ,
3507 4513 3601 4551 va-

335 4591 620 4662 ὀδυνηρῶν
643 4590 1152 4664 τροπολογουμένην
1180 4607 1195 4621 °
1231 4591 1396 4661 ἡμεῖς
1426 4587 1485 4641 δὲ
1511 4588 1805 4658 νομίζομεν
1832 4588 1920 4642 διὰ

2025 4587 2118 4642 riis
2149 4586 2326 4641 modis
2355 4595 2519 4656 atque
2553 4586 2893 4656 metaphoris
2925 4602 3022 4656 per
3054 4601 3142 4642 res
3187 4588 3417 4642 sensiles
3441 4629 3454 4651 ,
3483 4605 3599 4658 poe-

335 4687 401 4739 τὺ
431 4685 667 4757 μάλιστα
699 4683 761 4736 οὐ
804 4681 903 4752 τὴν
929 4683 1118 4754 τρίτην
1164 4685 1357 4753 μοῖραν
1386 4676 1528 4734 εἶναι
1556 4680 1664 4733 τῶν
1695 4680 1923 4744 κολαζο-

2025 4694 2148 4733 nam
2181 4677 2383 4734 inferre
2435 4689 2614 4749 aptas,
2678 4680 3022 4735 adumbrata.
3061 4679 3173 4735 Nos
3228 4689 3411 4735 autem
3454 4683 3602 4736 arbi-

337 4776 522 4845 μένων
555 4776 616 4826 ὲν
644 4773 722 4844 τῷ
761 4771 1010 4842 μέλλοντι
1072 4767 1276 4842 [αἰῶνι]
1325 4770 1390 4821 ὲκ
1425 4767 1520 4823 τοῦ
1559 4770 1762 4830 παντὸς
1813 4765 1920 4820 τῶν

2025 4780 2231 4826 tramur
2265 4787 2372 4826 non
2405 4773 2619 4828 tertiam
2651 4781 2863 4828 tantum
2913 4773 3228 4828 mortalium
3295 4782 3506 4842 partem
3535 4790 3599 4828 ex

331 4867 642 4938 ἀνθρώπων
671 4863 1063 4935 πληρώματος,
1095 4863 1231 4917 ἀλλὰ
1257 4861 1356 4933 τὴν
1382 4862 1604 4914 πλείονα
1637 4859 1922 4932 (Elateia

2025 4871 2134 4918 tota
2165 4863 2452 4918 hominum
2479 4865 2830 4919 multitudine
2857 4865 2912 4919 in
2943 4865 3128 4920 futuro
3165 4866 3367 4920 sazculo
3414 4879 3603 4935 poenas

331 4961 448 5030 τὰρ
498 4957 714 5031 [φησιν]
766 4960 805 5025 ἡ
841 4957 983 5021 ὁδὸς
1021 4957 1060 5024 ἡ
1115 4955 1438 5024 ἀπάγουσα
1496 4957 1586 5022 εἰς
1638 4955 1755 5023 τὴν
1801 4955 1916 5009 ἀπο

329 5051 602 5120 ὡλειαν),
631 5050 729 5112 τὰς
753 5048 861 5119 πρὸ
885 5048 986 5118 τῆς
1013 5047 1320 5111 συντελείας
1350 5048 1550 5117 μᾶλλον
1569 5046 1742 5100 ταῦτα
1776 5047 1914 5115 πλη-

331 5143 441 5211 γὰς
474 5141 759 5211 ἐμφαίνειν
788 5157 804 5172 ·
842 5140 938 5194 καὶ
987 5140 1104 5207 τὴν
1157 5139 1256 5209 μὲν
1290 5139 1556 5208 χάλαζαν
1612 5138 1808 5209 δηλοῦν
1852 5138 1914 5191 τὸ

329 5233 626 5304 οὐρανόθεν
675 5233 831 5304 ἥκειν
885 5217 1026 5285 κατᾶ
1056 5231 1262 5285 δίκαιον
1309 5233 1484 5300 κρῖμα
1527 5231 1626 5294 τὰς
1658 5229 1914 5294 τοιαύτας

335 5326 609 5398 μάστιγας
635 5341 651 5357 ο
682 5325 749 5378 τὸ
771 5325 828 5379 δὲ
859 5325 980 5393 πῦρ
1005 5323 1130 5378 σὺν
1161 5318 1240 5392 τῷ
1291 5323 1512 5390 αἵματι,
1559 5323 1658 5385 τὰς
1686 5324 1751 5375 ὲκ
1781 5323 1913 5393 βαρ-

331 5419 580 5490 ϐαρικῶν
612 5415 815 5488 χειρῶν
847 5417 1142 5487 γινομένας
1173 5415 1547 5484 πυρπολήσεις
1584 5431 1644 5467 τε
1695 5416 1790 5486 καὶ
1820 5418 1916 5468 dv-

329 5510 658 5579 δροκτασίας
715 5509 1011 5580 ὁσημέραι.
1084 5507 1206 5576 Ὑφ’
1258 5500 1334 5560 ὧν
1397 5505 1498 5558 ούκ
1551 5505 1774 5558 έλαττον
1818 5506 1912 5558 τοῦ

331 5601 520 5673 τρίτου
556 5603 778 5672 μέρους,
809 5601 886 5667 ὡς
914 5601 1158 5672 ὁρῶμεν,
1186 5598 1295 5654 τῶν
1314 5601 1371 5654 ὲν
1390 5601 1457 5670 τῇ
1507 5601 1578 5669 γῇ
1604 5599 1916 5669 κτισμάτων

411 5789 453 5820 ’⁸
481 5787 670 5845 Matth.
697 5805 791 5854 vn,
821 5787 904 5844 I5.

2023 4956 2274 5011 daturam
2297 4994 2313 5019 ,
2347 4956 2441 5012 sed
2473 4956 2632 5027 longe
2658 4957 2952 5011 maximam
2978 4974 2990 5008 :
3021 4957 3130 5027 36
3170 4955 3310 5010 Lata
3355 4973 3598 5026 namque.

2023 5059 2084 5104 ut
2113 5050 2373 5104 Dominus
2390 5050 2466 5103 ait
2488 5089 2504 5114 ,
2538 5059 2613 5103 est
2641 5058 2816 5117 porta,
2861 5059 2908 5102 et
2938 5051 3177 5118 spatiosa
3227 5058 3305 5102 est
3330 5050 3437 5113 via,
3481 5065 3602 5117 qua:

2023 5141 2172 5194 ducit
2191 5141 2259 5194 ad
2281 5141 2628 5210 perditionem
2661 5141 2726 5204 ⁸⁸,
2761 5139 3005 5208 adeoque
3036 5155 3132 5209 per
3159 5139 3274 5194 haec
3304 5139 3599 5208 signiﬁcari

2026 5241 2297 5288 tormenta
2320 5243 2376 5287 et
2423 5233 2720 5295 cruciatus,
2758 5232 2854 5300 qui
2888 5232 3205 5286 hominibus
3250 5239 3376 5285 ante
3412 5231 3597 5284 sa:culi

2023 5325 2554 5378 consummationem
2575 5321 2881 5377 inferantur
2913 5339 2928 5376 :
2969 5330 3024 5376 et
3047 5324 3357 5391 grandinem
3380 5320 3596 5391 quidem

2022 5417 2282 5481 indicare,
2320 5415 2486 5471 Deum
2513 5417 2655 5486 iusta
2674 5417 2752 5470 ira
2783 5423 3138 5485 provocatum
3191 5412 3457 5481 ejusmodi
3498 5410 3598 5464 Ila-

2027 5509 2166 5578 gella
2217 5509 2437 5564 coalitus
2467 5509 2765 5564 immittere
2817 5524 2832 5561 :
2886 5508 3056 5576 ignem
3113 5516 3294 5559 autem
3345 5507 3597 5574 sanguine

2025 5599 2288 5669 mixtum,
2319 5601 2666 5670 quotidianas
2694 5597 3160 5669 dcpopulationes,
3209 5595 3458 5650 incendia
3506 5597 3596 5650 iti-
