4070 6410
429 349 535 416 291

1599 331 1929 393 ΑΝΒΒΕᾸΞ
1968 329 2489 392 (ΣΕΞΑΒΙΕΝΞΙΞ

3597 329 3708 392 292

438 462 563 516 dem
609 467 665 516 et
712 455 888 513 caedes
927 468 1024 524 per
1084 449 1448 504 Barbarorum
1489 459 1686 499 manus
1737 444 1916 496 illatas
1942 484 1956 506 ,
1988 457 2015 495 a

2137 442 2220 494 uti
2283 440 2426 494 κατὰ
2483 440 2544 492 τὺ
2577 439 2837 510 αἰσθητὸν
2881 439 3196 510 ἀνήλωται·
3241 439 3334 494 τοῦ
3370 440 3610 510 πολέμου
3643 442 3705 493 οὐ

427 554 630 624 quibus
683 550 948 605 nimirum
991 545 1147 598 tertia
1196 555 1322 610 pars
1376 553 1556 592 rerum
1595 552 1715 605 qua:
1777 537 1828 589 in
1869 546 2014 589 terra

433 650 676 705 exstant,
713 645 1051 692 absumetur.
1094 630 1299 684 Bellum
1332 627 1476 682 enim
1509 642 1614 680 non
1661 635 1870 680 tantum
1920 625 2018 678 hu-

437 735 635 794 mines,
671 731 760 784 sed
813 726 962 782 hutni
993 737 1213 793 qu0que
1262 721 1586 784 nascentia,
1632 728 1689 772 ιιι
1742 718 2015 783 videmus,

434 826 628 878 hedere
654 831 706 874 et
733 831 1057 873 consumere
1079 816 1238 869 solet.
1263 812 1403 878 Quin
1428 813 1620 866 beatus
1648 809 1764 864 Joel
1781 826 2018 878 quoque,

437 917 566 968 dum
621 923 744 966 ante
795 923 1052 978 magnum
1108 906 1252 959 diem
1307 899 1519 958 Domini
1575 903 1909 972 sanguinem,
1967 909 2016 954 et

434 1008 637 1075 ignem,
673 1014 719 1055 et
749 1016 992 1069 raperent
1021 998 1156 1064 fumi
1178 996 1454 1049 exoritura
1485 994 1636 1057 dicit,
1669 1002 1916 1047 nostram
1949 993 2020 1048 de

429 1099 544 1168 jam
581 1094 878 1165 propositis
909 1092 1220 1160 opinionem
1257 1087 1434 1141 valide
1464 1087 1786 1156 {conlirmaL

1015 1195 1246 1251 CAPUT
1287 1193 1475 1250 XXIII.

433 1316 512 1372 Dc
531 1314 760 1370 secundo
785 1311 970 1382 angelo
989 1353 1002 1375 ,
1029 1325 1310 1382 eorumque
1349 1307 1570 1360 interitu
1603 1319 1720 1375 quae
1762 1305 1923 1357 vitam
1967 1304 2021 1357 in

1029 1381 1166 1432 mari
1191 1381 1402 1447 degunt.

512 1495 646 1558 Vlll,
681 1495 736 1558 8,
776 1494 830 1548 9.
860 1492 926 1545 Et
955 1491 1217 1545 secundus
1269 1489 1486 1559 angelus
1520 1487 1647 1540 tuba
1702 1486 1929 1549 cecinit;
1971 1494 2022 1540 ct

439 1599 690 1657 tanquam
746 1601 896 1636 mons
947 1597 1172 1650 magnus
1215 1581 1330 1648 igne
1377 1579 1591 1642 ardens,
1630 1578 1822 1629 missus
1859 1587 1934 1630 est
1966 1577 2019 1629 in

438 1692 622 1731 mare:
649 1685 696 1728 et
730 1675 873 1744 facta
906 1681 981 1726 est
1031 1675 1185 1724 tertia
1241 1685 1366 1738 pars
1434 1670 1597 1722 maris
1663 1669 1880 1737 sanguis
1917 1683 1935 1720 :
1973 1677 2022 1721 et

2122 536 2248 597 τοὺς
2270 534 2596 604 ἀνθρώπους
2632 534 2815 602 μόνον,
2842 531 2976 584 ἀλλὰ
2999 532 3091 584 καὶ
3118 530 3185 584 τὰ
3213 531 3312 600 τῆς
3336 529 3441 599 γῆς
3474 531 3708 598 ὲκφύρια

2123 626 2305 678 πάντα
2355 625 2866 686 καταναλίσκοντος.
2899 623 3008 675 Καὶ
3041 625 3068 676 ὁ
3113 623 3383 693 μακάριος
3427 623 3484 674 δὲ
3553 622 3712 690 Ἰωὴλ

2121 709 2265 782 αἷμα
2297 713 2532 782 καὶπῦρ
2555 714 2653 765 καὶ
2689 711 2906 780 ἀτμίδα
2931 712 3165 766 καπνοῦ
3200 712 3306 780 πρὸ
3326 711 3426 780 τῆς
3462 711 3711 780 μεγάλης

2124 806 2337 876 ἡμέρας
2387 805 2556 858 εἰσιὼν
2594 804 2936 869 ἐλεύσεσθαι,
2991 804 3091 875 τὴν
3129 804 3409 876 ἡμετέραν
3449 804 3713 874 κρατύνει

2123 901 2254 970 περὶ
2278 901 2386 954 τῶν
2409 897 2740 953 ἐκτεθέντων
2764 897 3058 967 ὑπόληψιν.

2705 1201 2958 1254 ΚΕΦΑΛ.
3006 1197 3132 1254 ΚΓ.

2125 1315 2266 1385 Περὶ
2289 1317 2394 1370 τοῦ
2411 1315 2692 1381 δεύτεροι)
2710 1313 2991 1385 ἀγγέλου,
3012 1311 3113 1385 καὶ.
3136 1309 3244 1376 τῆς
3267 1310 3570 1376 ἀπωλείας
3595 1307 3714 1364 τῶν

2544 1386 2615 1438 ἐν
2647 1384 2931 1450 θαλάσσῃ
2959 1383 3268 1450 ἐμψύχων.

2198 1499 2304 1553 Kal
2329 1499 2360 1551 ὁ
2382 1497 2660 1564 δεύτερος
2687 1497 2940 1564 ἅγγελος
2969 1493 3293 1559 ἐσάλπισε,
3334 1494 3434 1546 καὶ
3467 1493 3548 1559 ὡς
3575 1492 3712 1560 ὅρος

2121 1591 2278 1661 μέγα
2319 1591 2458 1657 πυρὶ
2495 1591 2816 1657 καιόμενον
2836 1586 3064 1655 ἐϐλήθη
3090 1590 3178 1651 εὶς
3208 1585 3323 1654 τὴν
3359 1584 3710 1640 θάλασσαν’

2130 1682 2228 1734 καὶ
2256 1681 2492 1748 ἐγένετο
2524 1679 2591 1733 τὸ
2621 1682 2822 1748 τρίτον
2849 1679 2958 1746 τῆς
2997 1678 3317 1744 θαλάσσης
3389 1673 3532 1746 αἷμα
3556 1692 3571 1710 ·
3615 1677 3715 1729 καὶ

439 1774 648 1819 mortua
677 1772 751 1817 est
778 1763 933 1816 tertia
965 1777 1089 1828 pars
1121 1769 1383 1812 creatum
1405 1774 1584 1812 eorum
1617 1774 1734 1826 qua:
1755 1758 2016 1811 habebant

2137 1772 2392 1827 ἀπέθανε
2431 1770 2576 1844 [καὶ]
2632 1771 2698 1824 τὸ
2745 1772 2947 1840 τρίτον
3003 1769 3124 1823 τῶν
3157 1768 3498 1838 κτισμάτων
3531 1768 3600 1820 ἐν
3641 1768 3718 1835 τῇ

439 1861 647 1914 animas
678 1859 731 1912 in
765 1857 924 1922 mari,
967 1864 1016 1909 et
1057 1854 1215 1907 tertia
1240 1869 1369 1922 pars
1398 1853 1611 1905 navium
1650 1853 1877 1906 interiit.

510 2056 649 2125 Quin
707 2057 883 2126 ipsum
945 2069 1166 2125 quoque
1206 2069 1350 2106 mare
1391 2051 1554 2106 simul
1606 2066 1730 2106 cum
1793 2051 1860 2104 iis
1904 2064 2026 2120 qua:

437 2150 606 2205 vitam
647 2148 698 2202 in
743 2162 809 2201 eo
853 2147 1085 2216 degunt,
1117 2143 1420 2214 cxpiatorio
1466 2143 1588 2212 igne
1628 2150 1749 2211 post
1780 2156 2028 2195 commu-

446 2254 573 2294 nem
605 2236 786 2291 earnis
845 2236 1305 2289 resurrectionem
1353 2231 1861 2301 conﬂagraturum,
1921 2230 2027 2284 hoe

454 2330 578 2385 loco
607 2328 872 2383 insinuari
905 2327 1123 2381 videtur
1151 2344 1163 2380 :
1197 2341 1361 2395 quam
1396 2323 1846 2387 insinuationem,
1897 2337 2027 2375 eru-

447 2423 685 2478 ditorum
723 2419 1089 2490 quorumdam
1128 2419 1438 2486 opinionem
1471 2417 1642 2470 secuti
1671 2454 1685 2478 ,
1735 2414 1878 2468 haud
1928 2414 2029 2466 im-

448 2511 787 2580 probahilem
832 2510 1234 2563 existimamus.
1276 2506 1418 2559 Nihil
1450 2522 1580 2561 sane
1622 2508 1840 2560 ohslare
1877 2504 2027 2560 vide-

447 2609 559 2662 tur,
593 2598 696 2652 nisi
736 2597 918 2651 forsan
957 2596 1128 2650 tertiae
1173 2597 1346 2664 partis
1376 2597 1596 2648 mentio.
1662 2593 1797 2647 Nam
1858 2595 2030 2649 multo

447 2691 656 2760 plures,
695 2697 754 2743 ut
795 2689 1001 2742 dietum
1061 2697 1164 2750 est,
1228 2687 1580 2756 sempiternis
1639 2688 1816 2756 pinnis
1855 2687 2030 2756 subji-

447 2784 709 2846 ciuntur,
775 2795 937 2850 quam
992 2789 1254 2833 aeternam
1313 2779 1545 2831 salutem
1598 2790 2025 2847 consequantur.

448 2873 674 2929 Interim
715 2873 898 2925 minus
933 2869 1184 2924 fortassis
1234 2885 1263 2924 a
1321 2884 1488 2938 scopo
1541 2869 1943 2935 aberrabimus,
1985 2870 2031 2924 si

446 2973 771 3034 praesentem
824 2963 1022 3025 vitam,
1069 2977 1188 3031 quae
1240 2963 1608 3029 metaphorice
1652 2977 1798 3014 mare
1849 2960 2034 3030 appel-

447 3057 614 3120 latur,
673 3057 861 3110 istltzec
909 3051 1253 3108 incommoda
1315 3052 1643 3115 subituram,
1682 3051 2030 3119 tertiamque,

2130 1862 2411 1931 θαλάσσῃ
2446 1862 2542 1914 καὶ
2574 1862 2645 1916 τὰ
2673 1863 2888 1930 ἔχοντα
2938 1858 3143 1930 ψυχάς
3177 1875 3191 1889 '
3247 1860 3345 1913 καὶ
3393 1859 3458 1912 τὸ
3511 1858 3715 1927 τριτον

2130 1953 2248 2006 τῶν
2274 1954 2505 2006 πλοίων
2527 1953 2836 2021 διεφθάρη.

2201 2046 2311 2098 Kal.
2332 2045 2428 2116 τὴν
2454 2044 2726 2098 Θάλασσαν
2749 2085 2762 2109 ,
2810 2045 2950 2098 κατὰ
2979 2045 3040 2098 τὸ
3084 2045 3242 2112 δόξαν
3279 2045 3390 2098 τισῖ
3413 2086 3428 2111 ,
3469 2045 3567 2098 σὺν
3603 2046 3716 2107 τοῖς

2130 2135 2188 2187 ὲν
2222 2136 2359 2206 αὐτῇ
2409 2134 2487 2204 τῷ
2539 2135 2825 2206 καθαρσίῳ
2884 2137 3018 2204 πυρὶ
3074 2137 3374 2207 καιομένην
3428 2137 3566 2206 μετὰ
3617 2138 3714 2206 τὴν

2131 2228 2431 2281 ἀνάστασιν
2458 2227 2548 2282 διὰ
2571 2229 2777 2281 τούτων
2802 2227 3089 2298 δηλοῦσθαι
3115 2229 3463 2298 ἐνομίζομεν,
3495 2230 3542 2281 εἰ
3577 2230 3650 2298 μὴ
3674 2231 3708 2299 ἡ

2129 2316 2224 2370 τοῦ
2251 2318 2435 2389 τρίτου
2464 2319 2654 2388 μνήμη
2682 2319 3022 2388 ἀνάρμοστος
3041 2320 3172 2388 ἡμῖν
3201 2318 3338 2388 πρὸς
3382 2317 3542 2370 τοῦτο
3586 2336 3720 2372 κατ-

2131 2411 2384 2479 εφαίνετο
2406 2427 2418 2440 ·
2443 2411 2686 2474 πλείονες
2717 2411 2846 2480 γὰρ,
2886 2410 2962 2473 ῶς
2991 2411 3225 2480 εἴρηται,
3260 2409 3367 2463 τῶν
3394 2409 3718 2478 σωζομένων

2131 2503 2181 2555 ol
2206 2501 2582 2572 κολαζόμενοι.
2613 2502 2769 2554 Κατὰ
2796 2501 2980 2570 μέντοι
3004 2502 3296 2569 ἀναγωγὴν
3313 2501 3462 2554 οὐδὲν
3491 2500 3718 2564 ἀπεικὸς

2131 2595 2223 2648 τὸν
2246 2595 2489 2664 παρόντα
2513 2593 2646 2664 βίον,
2665 2593 2945 2663 τροπικῶς
2964 2592 3353 2662 ὠνομασμένον
3373 2592 3718 2658 θάλασσαν,

2131 2687 2306 2739 ταῦτα
2345 2687 2698 2755 ὑφίστασθαι,
2729 2685 2960 2738 καὶτῶν
2992 2687 3050 2737 ὲν
3089 2686 3226 2754 αὐτῇ
3269 2685 3329 2737 τὸ
3357 2685 3542 2753 τρίτον
3593 2687 3719 2748 ταῖς

2135 2777 2372 2848 πληγαῖς
2405 2777 2777 2830 συντελεῖσθαι
2803 2792 2816 2808 °
2869 2777 2957 2831 διὰ
3014 2777 3073 2829 δὲ
3126 2775 3224 2846 τὴν
3255 2775 3367 2829 τῶν
3400 2775 3561 2829 θείων
3596 2793 3721 2846 κρι-

2138 2871 2326 2941 μάτων
2358 2870 2617 2934 ἄϐυσσον,
2786 2871 2910 2932 τοὺς
2947 2870 3046 2936 μὲν
3075 2869 3224 2940 παρὰ
3258 2868 3426 2930 πόδας
3461 2867 3716 2931 κολάζει,

2134 2965 2246 3027 τοῖς
2274 2963 2329 3015 δὲ
2360 2962 2727 3033 μακροθυμεῖ,
2757 2963 2894 3030 πρὸς
2927 2961 3267 3032 ἐπιστροφὴν
3297 2961 3389 3014 καὶ
3421 2961 3712 3030 μετάνοιαν

2137 3055 2417 3127 [ἂγουσα].
2451 3058 2626 3123 Ὄρος
2649 3055 2705 3109 δὲ
2730 3054 2885 3124 μέγα
2913 3053 3193 3124 ἡγούμεθα
3223 3053 3456 3106 νοεῖσθαι
3484 3053 3575 3105 τὸν
3603 3052 3720 3106 διά-

449 3162 573 3217 quaa
606 3147 657 3200 in
685 3151 802 3216 ipsa
830 3146 1207 3215 vivit,partetn
1241 3144 1411 3214 plagis
1434 3144 1553 3198 istis
1575 3143 1956 3208 exercendam,
1977 3154 2029 3197 et

2143 3146 2320 3212 ϐολον,
2342 3147 2418 3210 ῶς
2457 3147 2550 3200 καί
2573 3163 2685 3200 τισι
2719 3147 2830 3199 τῶν
2859 3147 3198 3200 διδασκάλων
3233 3145 3400 3211 εδοξε,
3433 3145 3554 3217 [τῷ]
3587 3144 3721 3217 πυρὶ

451 3238 878 3293 consumendum
910 3238 1249 3302 dixerimus,
1293 3236 1562 3306 siquidem
1611 3237 1681 3290 ob
1727 3236 2037 3290 divinorum

447 3334 780 3405 judiciorum
806 3333 1061 3404 abyssum
1091 3331 1170 3397 lit,
1190 3344 1246 3385 ιιι
1271 3331 1358 3384 alii
1379 3331 1598 3400 quidem
1625 3329 1878 3383 scelerati
1916 3344 2040 3383 eve-

453 3425 615 3494 stigio
638 3425 935 3493 puniantur
956 3441 970 3488 ;
995 3423 1084 3476 alii
1106 3437 1234 3476 vero
1266 3420 1333 3475 ad
1356 3421 1769 3475 conversionem
1790 3431 1844 3473 et
1867 3421 2040 3488 patui-

459 3514 687 3567 tentiam
727 3513 817 3568 diu
844 3513 1184 3581 multumque
1206 3520 1611 3579 exspectentur.
1643 3509 1911 3564 Caeterum
1945 3525 2041 3580 per

455 3613 686 3658 montem
726 3621 974 3674 magnum
996 3603 1272 3657 diabolum
1293 3603 1632 3672 designatum
1664 3602 1995 3656 arbitramur
2020 3617 2034 3654 :

456 3697 508 3750 id
551 3695 696 3764 quod
739 3697 1063 3762 quibusdam
1097 3712 1316 3767 quoque
1366 3696 1688 3750 doctoribus
1717 3697 1898 3750 visum
1935 3707 2040 3751 est.

464 3785 568 3840 llic
592 3787 736 3841 enim
772 3799 854 3842 est
885 3788 976 3857 qui
1014 3797 1067 3841 et
1101 3787 1304 3840 luroris
1346 3789 1467 3857 igne
1497 3797 1687 3841 contra
1741 3803 1913 3858 genus
1942 3803 2043 3841 no—

2137 3241 2231 3296 τοῦ
2261 3241 2384 3295 καθ’
2438 3242 2594 3311 ἡμῶν
2646 3241 2822 3312 θυμοῦ
2883 3241 3196 3311 καιόμενον,
3247 3238 3388 3312 [καὶ]
3433 3243 3497 3310 τῇ
3529 3241 3720 3308 γεέννῃ

2136 3332 2606 3404 τηρηθησὸμενον,
2641 3333 2697 3384 ὲν
2727 3332 2803 3402 τῷ
2835 3331 3013 3402 καιρῷ
3044 3330 3146 3404 [δὲ]
3179 3332 3272 3400 τῆς
3308 3329 3475 3383 αὐτοῦ
3513 3346 3722 3398 συγχωο

2141 3425 2376 3495 ρήσεως,
2433 3423 2493 3476 τὸ
2535 3423 2718 3494 τρίτον
2768 3423 2877 3474 τῶν
2919 3425 2976 3476 ὲν
3039 3423 3283 3494 θαλάσσῃ
3327 3422 3506 3492 νήσων
3541 3437 3600 3472 τε
3629 3419 3722 3473 καὶ

2141 3515 2342 3568 πλοίων
2372 3516 2466 3568 καὶ
2499 3517 2712 3585 νηκτῶν
2735 3514 3120 3584 διαφθείροντα
3141 3556 3156 3580 ,
3187 3513 3375 3580 ῶσπερ
3408 3512 3578 3566 πάλαι
3628 3512 3720 3563 ἐπὶ

2145 3605 2241 3658 τοῦ
2285 3603 2406 3658 Ἰὼϐ
2456 3605 2755 3672 πεποίηκεν
2781 3621 2795 3635 ·
2851 3603 3044 3674 ἐχθρὸς
3084 3604 3194 3672 γάρ
3227 3605 3343 3655 ἐστι
3383 3602 3477 3652 καὶ
3506 3601 3726 3670 ἐκδικη-

2143 3698 2240 3767 τὴς
2259 3696 2400 3750 κατὰ
2425 3698 2484 3748 τὸ
2515 3695 2654 3748 θεῖον
2679 3695 2888 3748 δίκαιον
2921 3696 3114 3764 κρῖμα.
3144 3687 3214 3764 ᾮ
3239 3694 3345 3764 γάρ
3363 3709 3444 3756 τις
3473 3692 3723 3762 ἥττηται,

2142 3789 2318 3859 τούτῳ
2345 3789 2437 3841 καὶ
2469 3787 2814 3841 δεδούλωται.
2851 3788 2910 3840 Εἰ
2941 3787 2998 3842 δὲ
3056 3787 3152 3839 καὶ
3209 3789 3320 3848 τοῖς
3371 3787 3429 3836 ὲν
3481 3783 3724 3852 θαλάσσῃ

461 3887 637 3930 strum
673 3878 846 3941 ardet,
900 3885 952 3928 et
984 3875 1242 3946 gehennae
1305 3875 1571 3929 incendiis
1625 3887 1963 3942 reservatur,
1993 3887 2032 3930 et

2145 3877 2239 3932 τοῦ
2275 3878 2392 3949 βίου
2427 3878 2492 3931 δι’
2529 3878 2764 3948 ἔργωνῆ
2800 3879 2976 3946 λόγων
3006 3877 3102 3948 τὴν
3137 3877 3343 3948 Τριάδα
3379 3874 3727 3945 βλασφημοῦ-

462 3973 708 4034 tempore
768 3966 861 4020 illo
899 3968 1044 4035 quod
1095 3966 1169 4019 illi
1219 3965 1285 4020 ad
1344 3965 1661 4019 tentandum
1714 3967 2042 4034 permissum

455 4069 564 4120 est,
600 4059 814 4112 tertiam
844 4051 1172 4123 insularum,
1215 4067 1268 4112 et
1296 4059 1543 4124 navium,
1592 4069 1642 4113 et
1679 4058 2040 4112 animantium

457 4168 579 4220 quae
646 4154 696 4206 in
765 4155 901 4207 mari
982 4163 1211 4218 natant,
1247 4163 1454 4222 partem
1521 4169 1875 4224 corrumpere
1937 4163 1990 4208 et
2031 4155 2346 4212 interimere
2404 4157 2564 4212 enixe
2619 4156 2946 4222 contendet,

2158 3985 2262 4031 σιν,
2299 3970 2326 4020 ὁ
2356 3969 2585 4038 ψυχικὸς
2617 3970 2884 4035 ἐπάγεται
2915 3967 3166 4032 θάνατος,
3219 3966 3370 4020 οὐδὲν
3420 3965 3570 4032 ξένον
3607 3965 3728 4018 οὐδὲ

2141 4060 2236 4114 τοῦ
2270 4060 2476 4113 σκοποῦ
2513 4061 2883 4128 ἁπεμιραῖνον.

3019 4154 3481 4225 quemadmodum
3541 4153 3669 4207 olim
3710 4211 3725 4232 ν

455 4252 615 4299 aetate
649 4247 908 4298 nimirum
940 4247 1079 4299 heati
1102 4245 1222 4311 Job,
1259 4247 1466 4300 clarum
1492 4245 1610 4315 ejus
1645 4248 1721 4300 rei
1755 4246 2030 4315 specimen
2067 4247 2232 4304 dedit.
2262 4247 2396 4303 Nam
2461 4259 2514 4303 et
2548 4248 2858 4302 mortalium
2904 4246 3100 4308 hostis,
3129 4255 3183 4299 et
3229 4244 3375 4315 justo
3401 4244 3492 4298 Dei
3521 4245 3728 4314 judicio

457 4347 811 4405 peccatorum
849 4338 1042 4390 vindex
1078 4347 1192 4404 est;
1226 4348 1278 4392 et
1313 4338 1430 4407 lege
1467 4345 1730 4406 pra-terea
1794 4349 2070 4407 receptum
2105 4349 2211 4406 est,
2247 4350 2305 4393 ut
2353 4340 2531 4410 quivis
2555 4340 2673 4408 ejus
2703 4338 2970 4393 ellieiatur
3003 4352 3214 4401 servus,
3247 4351 3278 4390 a
3325 4350 3436 4404 quo
3492 4337 3730 4406 legitime

459 4435 758 4494 superatus
813 4436 916 4480 est.
956 4426 1109 4491 Quod
1161 4428 1205 4480 si
1255 4428 1363 4481 illis
1419 4427 1510 4494 qui
1571 4426 1736 4480 vitam
1789 4429 1843 4480 in
1908 4429 2049 4482 tnari
2116 4439 2321 4497 agunt,
2377 4443 2701 4498 sacramque
2762 4427 3013 4483 Triadcm
3065 4443 3162 4498 per
3231 4429 3396 4482 verba
3429 4431 3511 4483 vel
3565 4446 3728 4501 opera

461 4518 866 4586 blasphemant,
903 4533 1052 4572 mors
1077 4520 1272 4571 anima:
1296 4517 1553 4582 infertur,
1581 4518 1719 4572 nihil
1747 4529 1829 4573 est
1849 4535 2046 4574 novum
2080 4532 2176 4577 aut
2208 4537 2237 4576 a
2271 4522 2486 4577 ratione
2519 4521 2779 4576 alienum.

1043 4628 1272 4684 CAPUT
1306 4629 1491 4684 XXIV.

467 4745 541 4799 De
569 4745 722 4798 tertio
751 4743 939 4814 angelo
967 4783 982 4809 ,
1025 4754 1072 4798 et
1111 4747 1490 4813 proﬂuentintn
1536 4763 1798 4816 aquarum
1847 4751 2050 4804 antari-

1116 4818 1315 4869 tudine.

540 4927 680 4992 Vlll,
713 4929 798 4993 l0,
833 4930 918 4983 Η.
959 4927 1025 4982 Ει
1077 4932 1261 4984 tertius
1299 4930 1516 5000 angelus
1555 4942 1682 4984 tuna
1717 4933 1903 4987 cecinit
1940 4947 1957 4984 :
2003 4943 2051 4984 et

472 5023 661 5076 cecidit
703 5041 728 5073 e
751 5021 876 5075 caelo
900 5021 1053 5075 stella
1073 5039 1267 5090 magna
1287 5064 1302 5087 ,
1333 5026 1522 5076 ardens
1561 5036 1810 5093 tanquam
1835 5024 2053 5094 facula;

465 5123 517 5168 et
559 5113 746 5166 cecidit
779 5114 832 5166 in
871 5115 1084 5166 tertiam
1140 5125 1343 5180 partem
1396 5116 1700 5183 fluminum,
1726 5127 1774 5170 et
1804 5118 1857 5170 in
1890 5123 2058 5183 tantes

2742 4634 2995 4688 ΚΕΦΔΛ.
3044 4632 3168 4689 ΚΔ’.

2151 4749 2291 4817 Περὶ
2321 4748 2428 4803 τοῦ
2450 4748 2653 4816 τρίτου
2680 4747 2942 4818 ἀγγέλου
2971 4747 3073 4818 καὶ
3089 4746 3193 4801 τοῦ
3228 4746 3574 4818 πικρασμοῦ
3619 4749 3736 4804 τῶν

2646 4817 2950 4886 ποταμίων
2965 4817 3218 4872 ὑδάτων.

2226 4930 2339 4985 Καὶ
2373 4933 2405 4984 ό
2454 4932 2650 5000 τρίτος
2683 4931 2938 5002 ἅγγελος
2966 4930 3271 4986 ἐσάλπισε
3295 4948 3309 4961 ·
3361 4933 3460 4987 καὶ
3514 4935 3736 4989 ἔπεσεν

2155 5022 2224 5075 ἐκ
2259 5022 2366 5076 τοῦ
2391 5022 2654 5090 οὐρανοῦ
2686 5023 2885 5090 ἀστὴρ
2905 5022 3114 5090 μέγας,
3139 5024 3458 5093 καιόμενος
3480 5025 3560 5091 ὡς
3586 5029 3739 5095 λαμ-

2159 5112 2279 5177 πάς
2305 5129 2319 5142 ·
2350 5112 2450 5166 καὶ
2477 5113 2700 5166 ἔπεσεν
2719 5113 2818 5166 ἐπὶ
2852 5113 2918 5165 τὸ
2951 5113 3152 5180 τρίτον
3173 5111 3290 5166 τῶν
3311 5115 3610 5184 ποταμῶν,
3642 5115 3738 5169 καὶ

471 5219 734 5274 aquarum
761 5219 779 5256 :
822 5206 838 5271 (
865 5212 913 5256 et
937 5219 1118 5258 nomen
1145 5204 1314 5258 stella:
1340 5206 1536 5258 dicitur
1566 5204 1902 5258 Absinthium
1939 5205 1982 5274 :)
2013 5223 2032 5260 ε

2160 5203 2259 5256 ἐπὶ
2289 5207 2396 5268 τὰς
2458 5202 2659 5272 πηγὰς
2706 5201 2825 5256 τῶν
2869 5202 3137 5258 ὑδάτωνο
3170 5204 3268 5257 καὶ
3295 5204 3362 5257 τὸ
3414 5205 3601 5275 ὄνομα
3636 5206 3742 5260 τοῦ

477 5298 624 5366 facta
683 5304 758 5349 est
817 5296 975 5349 tertia
1023 5312 1147 5360 pars
1199 5313 1462 5366 aquarum
1502 5298 1555 5350 in
1586 5297 1956 5360 absint/tium;
2017 5315 2032 5352 ι

2163 5295 2416 5363 ἀστέρος
2443 5294 2680 5364 λέγεται
2715 5295 3037 5362 Ἀψίνθιος·
3065 5294 3162 5347 καὶ
3186 5295 3425 5364 ἐγένετο
3447 5299 3514 5350 τὸ
3546 5299 3744 5364 τρίτον

472 5389 625 5442 inulti
657 5387 928 5441 hominum
969 5390 1164 5443 mortui
1194 5400 1314 5443 sunt
1360 5389 1424 5442 de
1461 5389 1642 5458 aquis,
1686 5391 1810 5460 quia
1860 5406 2032 5441 amare

2160 5386 2280 5441 τῶν
2307 5387 2543 5442 ὑδάτων
2571 5389 2659 5453 εὶς
2688 5387 2946 5455 ἄψινθον
2963 5403 2977 5418 ·
2997 5386 3095 5440 καὶ
3130 5388 3346 5442 πολλοὶ
3382 5387 3498 5442 τῶν
3522 5390 3747 5459 (ii-Opte—

476 5481 632 5548 factw
657 5491 799 5534 sunt.

555 5570 659 5640 37
690 5569 1124 5625 Amaritudinem
1151 5571 1409 5625 absinthii
1433 5570 1700 5624 vocabulo
1725 5571 2063 5636 denotatam,

2164 5496 2295 5532 πων
2315 5479 2620 5534 ἀπέθανον
2644 5480 2712 5532 ἐκ
2732 5478 2850 5532 τῶν
2878 5477 3135 5541 ὑδάτων,
3156 5478 3242 5532 ὅτι
3261 5480 3744 5549 ἐπικράνθησαν.

2242 5574 2352 5644 Τὴν
2385 5573 2473 5625 διὰ
2501 5572 2594 5626 τοῦ
2625 5571 2909 5641 ἀψινθίου
2937 5570 3275 5641 δηλουμένην
3328 5573 3552 5643 πικρίαν
3577 5615 3591 5635 ,
3648 5575 3747 5645 τὴν

483 5660 730 5713 dolorem
787 5663 879 5730 qui
935 5673 1250 5732 peccatores
1311 5663 1365 5716 in
1416 5665 1663 5733 gehenna
1706 5673 1942 5734 torquet,
1981 5665 2032 5718 hi

2168 5667 2281 5726 τοῖς
2304 5664 2692 5734 κολαζομένοις
2729 5666 2786 5715 ἐν
2819 5662 3014 5732 γεέννῃ
3056 5663 3403 5732 ἁμαρτωλοῖς
3457 5667 3748 5737 ἐγγινομέ·

488 5750 798 5821 signiﬁcare
823 5755 1042 5810 tradunt
1066 5757 1351 5822 nonnulli;
1376 5755 1708 5826 eosdemque
1729 5767 2069 5826 peccatores,

2171 5774 2270 5827 νην
2296 5756 2488 5826 ὀδύνην
2521 5756 2652 5826 φασὶ
2702 5772 2846 5817 τινες
2877 5753 3210 5808 αἰνίττεσθαι
3243 5771 3258 5787 ·
3286 5755 3380 5820 οὓς
3413 5757 3499 5810 διὰ
3531 5758 3592 5810 τὸ
3619 5758 3751 5828 πλῆο
