4070 6408
491 339 601 402 295

1660 339 1987 400 ANDREzE
2028 340 2547 401 CAESARIENSIS

3648 344 3755 406 296

492 454 559 507 ad
588 450 1022 521 resipiscentiam
1056 452 1215 504 tacite
1262 464 1357 505 eos
1402 464 1727 521 provocans.
1760 452 1895 518 Quis
1927 454 2073 508 enim
2117 454 2315 509 divina:
2362 455 2455 509 ira:
2503 454 2727 508 calicem
2770 452 3013 523 perferre
3070 462 3279 524 posset,
3334 454 3383 510 si
3440 468 3599 525 pure,
3653 457 3757 513 hoc

491 554 595 601 est.
633 544 778 597 nulla
812 541 1098 597 clementia
1133 550 1491 612 temperatus,
1534 545 1901 614 propinetur?

565 637 675 707 38
705 634 836 700 VIII,
892 635 978 687 15.
1034 633 1099 685 Et
1140 632 1267 697 vidi,
1326 641 1375 687 et
1437 634 1619 687 audivi
1682 652 1855 689 vocem
1915 638 2070 690 unius

2247 632 2357 689 Kal
2388 633 2626 701 ἤκουσα
2641 632 2780 699 ένὸς
2800 632 3059 701 ἀγγέλου
3086 633 3417 701 πετομένου
3448 633 3518 687 ἐν
3536 652 3758 704 μεσου.

492 729 690 796 aquila:
719 726 946 778 volantis
991 740 1083 791 per
1135 724 1363 777 medium
1408 726 1545 791 ca'li,
1590 726 1815 780 dicentis
1844 726 2069 798 [Aliter,

493 835 654 871 unum
683 815 923 884 angelum
957 815 1217 868 volantem
1249 832 1343 883 per
1374 816 1603 869 medium
1628 818 1766 883 cwli,
1790 818 2071 891 dicentem]

492 926 610 963 voce
650 924 872 974 magna:
913 906 1025 971 Vw,
1053 923 1149 971 vas,
1177 924 1273 971 var,
1306 907 1670 963 habitantibus
1708 912 1762 964 in
1814 923 1978 975 terra,
2011 914 2075 965 de

491 1002 693 1054 crrteris
721 999 930 1053 vocibus
964 1002 1127 1053 trium
1163 1002 1473 1070 angelorum
1510 1003 1601 1071 qui
1649 1014 1800 1057 erant
1832 1009 1958 1057 tuba
1989 1023 2075 1059 ca-

492 1096 676 1148 nituri.

564 1185 641 1238 Ex
677 1186 760 1239 his
795 1202 1012 1257 quoque
1070 1187 1338 1243 discimus
1373 1197 1577 1257 quanta
1612 1188 1922 1243 divinorum
1975 1204 2075 1242 an-

494 1277 738 1345 gelorum
786 1278 859 1331 sit
904 1278 1207 1342 miseratio,
1244 1288 1557 1350 quantaque
1587 1281 1901 1334 eorumdem
1948 1296 2075 1350 erga

493 1367 749 1423 homines
789 1368 1123 1423 humanitas.
1175 1368 1387 1423 Etenim
1446 1371 1511 1424 ad
1575 1370 1667 1425 Dei
1717 1372 2075 1425 imitationem

493 1459 718 1513 miseret
753 1474 849 1513 eos
882 1460 1190 1525 hominum,
1225 1462 1317 1529 qui
1354 1462 1548 1516 durius
1594 1472 1817 1531 propter
1858 1470 2077 1532 peccata

491 1550 885 1618 excipiuntur;
945 1551 1117 1604 multo
1168 1566 1297 1605 vero
1353 1553 1529 1620 magis
1591 1553 1833 1617 illorum,
1872 1552 1965 1621 qui
2012 1566 2081 1607 ne

492 1641 668 1709 plagis
696 1641 918 1709 quidem
973 1643 1217 1696 suaviter
1250 1643 1513 1698 admoniti
1540 1685 1555 1710 ,
1588 1644 1989 1698 emcndantur:
2024 1642 2079 1697 in

492 1746 634 1799 quos
687 1731 770 1785 vel
801 1734 1043 1786 maxime
1075 1733 1253 1801 ipsum
1290 1732 1382 1788 Va:
1439 1735 1709 1803 quadrat;
1762 1744 1822 1789 ut
1871 1735 1965 1805 qui
2023 1734 2076 1789 in

492 1832 637 1877 terra
668 1824 869 1893 degant
898 1834 952 1879 et
989 1836 1206 1880 terrena
1240 1836 1449 1881 tantum
1480 1828 1727 1896 sapiant;
1769 1838 1823 1881 et
1860 1843 2079 1882 casuum

491 1917 680 1971 verius
711 1926 764 1971 et
793 1918 1093 1986 pulverem,
1123 1934 1287 1988 quam
1314 1934 1481 1975 suave
1518 1931 1857 1990 unguentum
1891 1962 1905 1987 ,
1936 1921 2079 1990 quod

2173 724 2470 795 ρανήματι
2497 764 2511 788 ,
2545 725 2835 793 λέγοντος
2862 724 3032 793 φωνῇ
3072 724 3309 793 μεγάλῃ
3335 741 3350 755 ·
3390 728 3558 792 Οὐαὶ,
3599 730 3759 795 οὐαὶ,

2178 816 2314 872 οὐαὶ
2353 816 2478 881 τοῖς
2516 816 2911 870 κατοικοῦσιν
2946 817 3042 869 ἐπὶ
3074 815 3181 884 τῆς
3211 816 3324 886 γῆς
3362 817 3434 871 ἐκ
3470 818 3589 872 τῶν
3632 824 3762 873 λοι-

2178 908 2309 961 πῶν
2336 907 2552 978 φωνῶν
2585 908 2695 977 τῆς
2722 909 3064 977 σάλπιγγος
3106 907 3227 963 τῶν
3269 907 3449 977 τριῶν
3488 911 3766 982 ἀγγέλων

2178 1001 2296 1055 τῶν
2313 1002 2665 1070 μελλόντων
2692 1000 3025 1061 σαλπίζειν.

2257 1185 2403 1239 Οὐαὶ
2430 1184 2547 1249 τοῖς
2573 1184 2963 1238 κατοικοῦσιν
2978 1181 3077 1237 ἐπὶ
3113 1182 3228 1251 τῆς
3254 1182 3387 1253 γῆς.
3407 1184 3519 1239 Καὶ
3536 1183 3624 1238 διὰ
3637 1185 3757 1240 τούο

2180 1294 2288 1330 των
2310 1277 2370 1329 τὺ
2405 1276 2687 1346 συμπαθὲς
2716 1277 2811 1330 καὶ
2834 1274 3216 1347 φιλάνθρωπον
3241 1276 3350 1329 τῶν
3391 1275 3551 1330 θείων
3588 1278 3761 1345 ἀγγέ-

2180 1370 2289 1423 λων
2339 1368 2634 1422 δείκνυται’
2666 1368 3018 1438 θεομιμήτως
3068 1367 3450 1436 οἰκτειρόντων
3506 1368 3760 1422 παιδευο-

2184 1461 2378 1531 μένους
2408 1460 2534 1522 τοὺς
2571 1457 3070 1528 πλημμελήσαντας
3090 1472 3104 1485 ·
3137 1456 3316 1527 πολλῷ
3340 1457 3398 1511 δὲ
3432 1457 3594 1511 πλέον
3634 1458 3762 1523 τοὺς

2184 1552 2320 1623 μηδὲ
2348 1554 2470 1615 ταῖς
2506 1550 2728 1620 μάστιξι
2778 1551 2915 1622 πρὸς
2944 1552 3278 1623 ἐπιστροφὴν
3310 1551 3607 1622 βλέποντας
3632 1570 3646 1585 ·
3682 1548 3761 1618 οἷς

2184 1644 2325 1717 [καὶ]
2360 1644 2599 1715 μάλιστα
2631 1644 2692 1696 τὸ
2725 1643 2864 1697 Οὐαὶ
2888 1644 3152 1714 ἁρμόζει]
3183 1645 3259 1707 ὡς
3294 1647 3389 1698 ἐπὶ
3418 1646 3520 1714 γῆς
3553 1645 3761 1699 οἰκοῦσι

2182 1737 2275 1789 καὶ
2300 1735 2557 1806 φρονοῦσι
2580 1734 2647 1788 τὰ
2678 1736 2867 1807 γήϊνα,
2915 1737 3010 1789 καὶ
3064 1737 3194 1806 χοῦν
3219 1737 3342 1792 ἀντὶ
3392 1736 3487 1790 τοῦ
3524 1739 3751 1793 ἐκκενω-

2184 1828 2367 1891 θέντος
2395 1826 2566 1899 μύρου
2593 1827 2662 1880 δι’
2690 1828 2839 1899 ἡμᾶς
2871 1828 3115 1883 πνέουσι.
3148 1828 3272 1891 Τοῖς
3308 1827 3416 1899 γὰρ
3455 1828 3514 1881 ἐν
3550 1829 3763 1899 οὐρανῷ

2184 1921 2369 1991 ἔχουσι
2420 1921 2481 1973 τὸ
2516 1921 2819 1991 πολίτευμα
2846 1920 3071 1992 ἀφορμὴ
3098 1921 3169 1974 τὰ
3208 1921 3450 1995 δυσχερῆ
3486 1922 3768 1992 στεφάνων

493 2012 666 2065 nostri
701 2026 866 2065 causa
903 2012 1159 2068 Christus
1219 2012 1438 2067 effudit.
1501 2012 1673 2067 Porro
1733 2022 1939 2078 autem,
1981 2014 2073 2083 qui

2181 2013 2512 2084 ἀμαράντων
2548 2014 2641 2066 καὶ
2673 2012 2941 2083 βραϐείων
2970 2014 3231 2081 γίνονται.

491 2119 649 2156 suam
678 2105 1151 2159 conversationem
1205 2106 1260 2159 in
1315 2106 1470 2161 cmlis
1524 2107 1745 2173 habent,
1799 2107 1867 2162 iis
1929 2106 2106 2160 tristia
2164 2121 2363 2175 resque
2420 2106 2661 2161 adversa:
2725 2105 3090 2161 immortalem
3173 2121 3433 2162 coronam
3490 2106 3759 2179 amplissi-

490 2211 692 2267 maque
710 2198 933 2266 praemia
966 2197 1286 2252 conciliant.

1049 2312 1284 2369 CAPUT
1346 2313 1537 2370 XXVI.

490 2432 568 2483 De
617 2430 800 2499 quinto
855 2428 1076 2499 angelo,
1128 2430 1466 2499 mysticisque
1515 2430 1770 2495 locustis,
1812 2444 1874 2483 ac
1925 2429 2077 2483 varia

1003 2500 1309 2553 earumdem
1336 2500 1529 2567 forma.

561 2615 656 2681 IX,
697 2614 810 2667 1-5.
843 2612 910 2665 Et
946 2612 1165 2682 quintus
1216 2612 1433 2681 angelus
1466 2611 1588 2666 tuba
1616 2613 1849 2666 cecinit:
1887 2623 1933 2666 et
1972 2612 2080 2667 vidi

490 2710 700 2763 stellam
739 2711 801 2761 de
829 2707 956 2760 caelo
1008 2706 1258 2759 cecidisse
1296 2706 1346 2759 in
1390 2715 1625 2771 terram;
1665 2716 1715 2760 et
1752 2706 1879 2760 data
1918 2719 1993 2760 est
2030 2707 2079 2760 ei

492 2804 658 2857 clavis
690 2802 833 2870 putei
858 2801 1060 2869 abyssi,
1089 2810 1137 2853 et
1167 2800 1373 2869 aperuit
1408 2811 1623 2868 puteum
1655 2801 1854 2870 abyssi,
1895 2810 1943 2854 et
1989 2818 2077 2854 as-

491 2897 664 2949 cendit
695 2894 871 2963 fumus
908 2892 1072 2961 putei,
1105 2892 1240 2945 sicut
1265 2892 1442 2960 fumus
1470 2893 1701 2961 fornacis
1744 2909 1947 2962 magna:
1980 2910 1996 2957 ;
2029 2903 2078 2946 et

492 2990 803 3042 obs-curatus
834 2996 909 3039 est
938 2985 1017 3039 sol
1056 2994 1104 3038 et
1138 3001 1228 3039 aer
1258 2986 1320 3039 de
1348 2986 1491 3054 [nmo
1530 2987 1719 3055 putei;
1753 2995 1801 3038 et
1834 2989 1897 3039 de
1928 2986 2074 3054 fumo

492 3082 740 3136 exierunt
774 3079 994 3132 locusta:
1021 3078 1073 3131 in
1100 3088 1296 3132 terram
1318 3095 1336 3142 ;
1357 3091 1405 3132 et
1438 3078 1565 3133 data
1591 3088 1665 3133 est
1694 3080 1801 3132 illis
1825 3088 2075 3147 potestas,

493 3174 631 3227 sicut
658 3172 845 3225 habent
875 3179 1186 3241 potestatem
1235 3174 1533 3241 scorpiones
1577 3183 1773 3227 terrw:
1808 3182 1855 3226 et
1882 3189 2077 3242 prlece-

491 3274 641 3334 ptum
669 3274 745 3318 est
772 3263 903 3325 illis,
936 3278 996 3317 ne
1030 3262 1277 3318 (cederent
1313 3264 1491 3333 fenum
1536 3273 1711 3327 terrm,
1744 3280 1905 3331 neque
1932 3279 2082 3317 omne

2763 2310 3013 2363 ΚΕΦΑΛ.
3055 2309 3198 2379 Kq'.

2184 2425 2325 2497 Περί
2346 2425 2450 2478 τοῦ
2475 2424 2750 2497 πέμπτου
2778 2424 3041 2497 ἀγγέλου
3064 2424 3158 2497 καὶ
3193 2423 3310 2477 τῶν
3337 2425 3574 2497 νοητῶν
3601 2425 3771 2497 ἀκρί-

2288 2492 2675 2562 (Sarmatico?)
2706 2492 2989 2548 ποικίλου
3026 2492 3133 2562 τῆς
3160 2494 3401 2563 μορφῆς
3429 2496 3650 2551 αὐτῶν.

2251 2610 2362 2665 Καὶ
2415 2613 2447 2664 ό
2493 2610 2763 2679 πέμπτος
2808 2608 3067 2679 ἄγγελος
3104 2608 3408 2664 ἐσάλπισε
3440 2628 3454 2640 ·
3485 2606 3771 2665 καὶεῖδον

2179 2701 2407 2769 ἀστέρα
2442 2702 2511 2755 ἐκ
2538 2700 2644 2755 τοῦ
2675 2700 2938 2769 οὐρανοῦ
2969 2702 3321 2754 πεπτωκότα
3354 2703 3441 2767 είς
3472 2701 3586 2768 τὴν
3615 2701 3757 2772 γῆν·

2180 2798 2276 2853 καὶ
2295 2797 2473 2862 ἐδόθη
2494 2794 2653 2859 αὐτῷ
2671 2794 2709 2861 ὴ
2733 2794 2900 2861 κλεὶς
2916 2794 3022 2849 τοῦ
3045 2795 3297 2863 φρέατος
3322 2795 3429 2863 τῆς
3452 2794 3730 2850 ἀϐύσσου
3746 2808 3761 2823 ⁸

2179 2892 2276 2945 καί
2311 2888 2519 2957 ἤνοιξε
2550 2890 2616 2941 τὸ
2655 2887 2844 2957 φρέαρ
2878 2886 2987 2955 τῆς
3043 2888 3321 2942 ἀϐύσσου
3347 2904 3363 2919 ·
3424 2888 3523 2940 καὶ
3581 2889 3769 2955 ἀνέϐη

2183 2982 2416 3045 καπνὸς
2440 2982 2509 3034 ἐκ
2543 2979 2652 3033 τοῦ
2690 2980 2948 3048 φρέατος
2975 2979 3055 3045 ὡς
3088 2978 3323 3042 καπνὸς
3372 2978 3629 3047 καμίνου
3667 2996 3771 3048 με·

2186 3074 2409 3145 γάλης·
2454 3073 2553 3126 καὶ
2576 3072 2909 3139 ἐσκοτίσθη
2949 3074 2983 3125 ὁ
3016 3070 3191 3137 ἣλιος
3226 3069 3325 3123 καὶ
3359 3073 3391 3123 ὀ
3422 3069 3540 3137 ἀὴρ
3568 3069 3636 3122 ἐκ
3662 3070 3767 3124 τοῦ

2187 3164 2425 3219 καπνοῦ
2444 3163 2550 3218 τοῦ
2580 3163 2857 3234 φρέατος·
2888 3163 2987 3217 καὶ
3015 3164 3083 3216 ἐκ
3109 3163 3216 3217 τοῦ
3244 3161 3480 3217 καπνοῦ
3506 3160 3770 3231 ἐξῆλθον

2188 3257 2430 3325 ἀκρίδες
2463 3260 2550 3323 εἱς
2586 3257 2705 3325 τὴν
2721 3255 2859 3326 γῆν,
2906 3256 3004 3309 καὶ
3053 3255 3231 3322 ἐδόθη
3277 3254 3487 3320 αὐταῖς
3517 3253 3770 3319 ἐξουσία

492 3355 679 3420 viride,
710 3370 873 3424 neque
902 3370 1106 3408 omnem
1140 3355 1404 3418 arborem,
1453 3357 1554 3408 nisi
1582 3365 1791 3409 tantum
1822 3355 2075 3421 homines,

2183 3352 2262 3417 ὠς
2290 3352 2543 3419 ἔχουσιν
2576 3350 2869 3415 ἐξουσίαν
2910 3351 2965 3401 οἱ
3001 3348 3280 3416 σκορπίοι
3313 3346 3423 3414 τῆς
3479 3344 3611 3416 γῆς.
3660 3345 3766 3400 Καὶ

489 3446 579 3517 qui
632 3462 736 3499 non
790 3445 981 3499 habent
1032 3448 1241 3515 signum
1284 3446 1381 3499 Dei
1438 3448 1493 3499 in
1550 3447 1811 3513 frontibus
1840 3447 1994 3500 suis:
2025 3454 2074 3499 et

490 3539 678 3591 datum
709 3546 785 3591 est
814 3537 926 3590 illis
954 3553 1014 3590 ne
1043 3537 1337 3590 occiderent
1367 3554 1477 3605 eos,
1502 3538 1591 3591 sed
1622 3552 1678 3591 ut
1706 3540 2078 3592 cruciarentur

491 3628 756 3681 mensibus
790 3632 1014 3697 quinque
1046 3644 1064 3681 :
1098 3640 1147 3681 et
1181 3631 1448 3683 cruciatus
1472 3646 1672 3694 eorum,
1705 3640 1763 3682 ut
1809 3631 2076 3683 cruciatus

492 3721 712 3788 scorpii,
755 3736 872 3772 cum
908 3721 1127 3788 perculit
1153 3721 1434 3775 hominem.

2181 3444 2393 3513 ἐρρέθη
2421 3440 2631 3507 αὑταῖς
2661 3442 2762 3496 ἵνα
2784 3441 2871 3509 μὴ
2897 3440 3237 3505 ἀδικήσωσι
3271 3440 3381 3492 τὸν
3410 3441 3631 3508 χόρτον
3659 3436 3764 3505 τῆς

2184 3535 2485 3608 τῆς-,ξοὺδὲ
2512 3534 2635 3591 πᾶν
2667 3534 2925 3605 χλωρὸν,
2961 3532 3105 3587 οὐδὲ
3126 3532 3249 3589 πᾶν
3282 3531 3540 3600 δένδρον
3564 3546 3577 3559 ·
3608 3533 3658 3585 εί
3682 3530 3765 3600 μὴ

2182 3632 2327 3697 τοὺς
2354 3631 2706 3698 ἀνθρώπους
2745 3628 2966 3691 οἵτινες
2998 3627 3109 3679 οὐκ
3155 3626 3367 3692 ἔχουσι
3422 3622 3538 3691 τὴν
3578 3638 3770 3692 σφραο

2183 3723 2315 3793 γῒδα
2344 3722 2473 3794 [τοῦ
2503 3719 2675 3791 Θεοῦ]
2709 3718 2809 3773 ἐπὶ
2844 3717 2963 3771 τῶν
3007 3717 3297 3786 μετώπων
3340 3714 3609 3788 [αὐτῶν].
3660 3712 3769 3769 Καὶ

490 3811 671 3879 ἐδόθη
703 3810 913 3876 αὑταῖς
942 3811 1042 3863 ἵνα
1076 3812 1164 3880 μὴ
1189 3812 1631 3866 ἀποκτείνωσιν
1688 3814 1938 3879 αὐτούς·
1972 3814 2114 3869 ἀλλ’
2178 3814 2280 3867 ἵνα
2300 3810 2727 3877 ,βασανισθῶσι
2768 3807 2967 3883 μῆνας
3040 3808 3221 3860 πέντε
3248 3822 3262 3837 ·
3333 3807 3432 3859 καὶ
3497 3808 3531 3860 ὁ
3572 3807 3766 3871 ,Βασαο

490 3906 711 3975 νισμὸς
749 3905 947 3960 αὐτῶν
1002 3907 1083 3971 ὡς
1120 3907 1514 3976 ,ϐασανισμὸς
1563 3909 1895 3975 σκορπίου,
1945 3909 2094 3964 ὅταν
2128 3911 2319 3977 παίσῃ
2356 3908 2693 3977 ἄνθρωπον.

565 3998 811 4066 Stellam,
832 4016 954 4070 qua:
973 4001 1059 4055 hic
1084 4003 1135 4055 iu
1163 4009 1388 4067 terram,
1415 4019 1611 4073 nempe
1631 4004 1685 4057 in
1711 4004 1902 4059 vallem
1922 4003 2085 4063 Josa-

495 4090 647 4160 phat,
681 4106 803 4159 quae
852 4106 958 4144 una
992 4107 1058 4145 ex
1108 4092 1366 4146 omnibus
1420 4094 1488 4147 ad
1531 4093 1856 4149 universalis
1890 4094 2082 4165 judicii

506 4200 664 4238 usum
703 4184 913 4253 reliqua
970 4184 1081 4250 fiet,
1133 4185 1358 4255 delapsa
1396 4187 1686 4253 asseritur,
1720 4187 1942 4257 quidam
1986 4186 2083 4242 Dei

502 4274 753 4345 angelum
775 4275 952 4345 pinnis
980 4276 1287 4346 irrogamlis
1311 4276 1625 4345 praefectum
1649 4293 1771 4332 esse
1789 4278 2079 4333 dixerunt:

497 4379 712 4435 puteum
753 4382 882 4421 vero
922 4367 1135 4436 abyssi,
1170 4368 1473 4437 gehennam
1498 4387 1513 4436 ;
1538 4369 1741 4439 fumum
1765 4378 1947 4425 autem
1984 4372 2077 4442 qui

498 4460 625 4513 inde
658 4462 922 4513 continuo
973 4460 1231 4525 exhalat,
1283 4476 1381 4515 sua
1424 4462 1754 4517 obscuritate
1819 4464 1987 4519 solem
2024 4473 2080 4519 et

494 4564 673 4602 acrem
712 4550 1063 4603 tenebrosum
1126 4559 1179 4604 et
1230 4553 1388 4620 quasi
1446 4553 1889 4623 inaspectabilcm
1973 4556 2078 4610 illis

2269 4004 2528 4073 Ἀστέρα
2570 4004 2713 4065 τινὲς
2740 4001 2951 4072 ἔφησαν
2974 4001 3038 4053 ἐκ
3064 3999 3158 4054 τοῦ
3186 4000 3415 4070 οὐρανοῦ
3452 3999 3767 4054 καταϐάντα

2181 4102 2240 4155 ὲν
2267 4102 2332 4170 τῇ
2364 4101 2456 4168 γῇ,
2483 4098 2595 4168 ἠως
2624 4099 2688 4166 τῇ
2722 4094 3112 4166 ὑπολειφθείσῃ
3159 4093 3366 4148 κοιλάδι
3409 4094 3679 4161 Ἰωσαφὰτ
3710 4096 3764 4145 ἐν

2181 4195 2247 4264 τῇ
2283 4194 2482 4262 κρίσει,
2516 4189 2749 4258 ἄγγελον
2774 4188 2916 4242 θεῖον
2948 4183 3092 4240 εἶναι
3150 4187 3244 4239 ἐπὶ
3296 4185 3404 4239 τῶν
3465 4186 3764 4241 κολάσεων.

2181 4287 2372 4355 Φρέαρ
2396 4285 2453 4337 δὲ
2481 4284 2590 4351 τῆς
2619 4283 2919 4345 ἀϐύσσου,
2956 4280 3057 4351 τὴν
3091 4281 3318 4349 γέενναν
3342 4296 3355 4310 ·
3386 4280 3481 4333 καὶ
3508 4280 3565 4346 ἐξ
3596 4272 3766 4346 αὐτῆς

2180 4381 2287 4433 τὸν
2321 4377 2556 4431 καπνὸν
2590 4376 2825 4442 ἐξιόντα,
2859 4374 3089 4426 ἀθέατον
3114 4375 3227 4436 τοῖς
3266 4372 3653 4442 κολαζομένοις
3678 4373 3768 4424 τὸν

2180 4472 2332 4544 ἥλιον
2372 4470 2468 4525 καὶ
2511 4471 2603 4523 τὸν
2678 4469 2817 4539 ἀέρα
2868 4467 3305 4539 ἀπεργάζεσθαι.
3373 4466 3637 4536 Ἀκρίδας
3676 4465 3767 4534 δὲ,

2182 4566 2308 4628 τοὺς
2336 4562 2663 4633 σκώληκας·
2718 4562 2849 4633 περὶ
2894 4555 2968 4614 ὧν
3031 4578 3198 4629 φησιν
3242 4561 3271 4613 ὁ
3320 4562 3608 4631 προφήτης
3639 4576 3652 4589 ο
3704 4559 3767 4611 ὐ

493 4642 744 4705 reddere,
774 4643 867 4711 qui
900 4643 1121 4697 mtcrnis
1143 4644 1477 4700 cruciatibus
1502 4622 1701 4701 addicti
1734 4657 1881 4702 sunt.
1902 4646 2077 4701 Locu-

2182 4622 2431 4722 σκωληξ
2460 4622 2661 4708 abuius
2684 4656 2755 4707 οὐ
2778 4622 3150 4720 τελευτήσει.
3182 4651 3257 4706 Τὸ
3277 4652 3333 4705 δὲ
3365 4622 3573 4721 μὴ-
3591 4650 3697 4721 γῆν
3733 4650 3764 4719 ἢ

491 4744 604 4787 stas
638 4748 828 4803 porro,
862 4748 1081 4789 vermes
1112 4734 1233 4789 illos
1266 4736 1330 4789 de
1358 4738 1555 4806 quibus
1584 4740 1841 4808 prepheta
1873 4740 1976 4793 ait:
2009 4738 2078 4792 Et

493 4828 681 4880 vermis
722 4842 904 4879 eorum
958 4843 1063 4881 non
1105 4830 1329 4881 moritur
1358 4831 1425 4883 ".
1477 4830 1603 4885 Ideo
1633 4842 1813 4886 autem
1852 4834 2079 4889 locustis

495 4918 602 4973 illis
634 4918 913 4974 mandavit
952 4934 1018 4973 ne
1050 4930 1249 4974 terram
1280 4933 1373 4976 aut
1406 4922 1611 4978 foenum
1645 4924 1947 4991 offendant,
1985 4928 2078 4980 sed

495 5010 751 5065 homines
778 5018 987 5065 tantum
1019 5050 1035 5076 ,
1073 5014 1218 5082 quod
1254 5015 1576 5085 istlnccjam
1608 5024 1725 5071 tum
1755 5019 1824 5072 ab
1857 5019 2077 5074 interitu

492 5114 545 5156 ct
585 5103 939 5171 corruptione
1000 5103 1263 5159 immunia
1321 5117 1505 5171 erunt,
1562 5110 1652 5164 cui
1689 5110 1789 5165 hoc
1837 5120 2079 5181 tempore

494 5196 666 5249 nostri
693 5210 865 5250 causa
899 5198 1138 5252 obnoxia
1170 5210 1298 5253 sunt
1325 5219 1335 5253 :
1367 5216 1565 5255 menses
1584 5202 1821 5273 denique
1850 5206 2078 5275 quinque

492 5289 780 5344 insinuare
822 5289 1128 5347 inferorum
1166 5293 1344 5363 poenis
1379 5294 1631 5361 traditos,
1680 5295 1829 5351 brevi
1860 5298 2080 5368 quidem

490 5381 875 5451 prtelinitoque
946 5390 1194 5454 tempore
1236 5383 1507 5440 intensius
1537 5386 1895 5454 cruciandos;
1957 5397 2082 5457 post

491 5468 622 5523 illud
651 5485 779 5524 vero
838 5481 1119 5539 exactum,
1178 5472 1486 5541 remissius,
1550 5475 1601 5529 iu
1638 5489 1858 5531 omnem
1898 5486 2079 5531 tamen

492 5558 879 5617 aeternitatem.
936 5562 1052 5634 Ego
1124 5573 1307 5619 autem
1390 5580 1499 5621 una
1538 5581 1665 5621 cum
1724 5567 1829 5626 illis
1870 5567 2079 5638 fateor,

567 5735 611 5767 “
646 5736 751 5792 Isa.
780 5754 925 5807 uvl,
948 5741 1039 5797 ει.

2178 4749 2268 4800 τὸν
2292 4748 2507 4818 χόρτον.
2536 4746 2672 4800 ἀλλὰ
2693 4747 2820 4808 τοὺς
2844 4746 3165 4817 ἀνθρώπους
3201 4746 3591 4815 βασανίζεσθαι
3614 4788 3629 4811 ,
3679 4747 3765 4800 διὰ

2177 4839 2240 4892 τὸ
2268 4838 2711 4895 ἀπαλλάττεσθαι
2746 4839 2916 4892 ταῦτα
2965 4839 3064 4909 τῆς
3119 4838 3368 4909 φθορᾶς,
3506 4838 3573 4891 δι’
3620 4839 3765 4909 ἡμᾶς

2179 4932 2425 4985 δουλεύει
2459 4934 2722 5003 σήμερον.
2757 4931 2967 4999 Μῆνας
2984 4932 3041 4984 δὲ
3072 4930 3253 4984 πέντε
3274 4930 3496 4995 τούτους
3541 4930 3755 5002 βασανί-

2182 5022 2394 5088 ζεσθαι,
2426 5022 2615 5093 χρόνον
2640 5022 2761 5075 τινὰ
2788 5020 3094 5092 ὡρισμένον
3115 5022 3521 5093 ἐπιτεταμένως
3546 5022 3763 5084 τούτους

2188 5116 2519 5181 κολάζεσθαί
2541 5115 2701 5189 [φησι
2802 5117 2938 5187 μετὰ
2959 5117 3015 5170 δὲ
3054 5116 3265 5181 τοῦτον,
3302 5116 3614 5185 ὑφειμένως
3647 5117 3761 5185 μὲν,

2188 5208 2425 5270 αἱωνίως
2449 5207 2526 5262 δέ.
2572 5206 2715 5274 Ἐγὼ
2760 5207 2816 5260 δὲ
2862 5206 2955 5260 τὸν
3013 5208 3111 5277 μὲν
3158 5208 3386 5275 ἀστέρα
3421 5206 3763 5277 συνομολογῶ

2181 5296 2323 5353 εἶναι
2353 5299 2497 5352 Θεῖον
2536 5298 2772 5368 ἄγγελον
2801 5315 2814 5330 ⁸
2851 5299 3041 5352 τοῦτον
3083 5299 3141 5352 δὲ
3195 5300 3338 5353 κατὰ
3376 5299 3525 5353 θείαν
3557 5299 3761 5369 συγχὼο

2185 5407 2341 5461 ρησιν
2365 5391 2492 5452 τοὺς
2517 5390 3086 5460 καταδεδικασμένους
3119 5390 3209 5462 [τῇ
3231 5389 3474 5461 ἁὸύσσῳ]
3498 5390 3761 5461 πονηροὺς

2180 5481 2408 5550 ἀνάγειν
2464 5481 2770 5552 δαίμοναςο
2822 5481 2917 5546 οὓς
2973 5484 3001 5535 ὁ
3046 5484 3281 5554 Χριστὸς
3332 5482 3761 5553 ὲνανθρωπήσας

2181 5572 2373 5643 ἔδησεν
2394 5589 2407 5604 ο
2436 5574 2586 5638 ὅπως
2624 5575 2732 5645 πρὸ
2754 5575 2851 5645 τῆς
2883 5575 3195 5639 συντελείας
3236 5576 3303 5630 τὰ
3328 5576 3505 5631 οἰκεῖα
3535 5575 3758 5645 ἐνεργή-
