4070 6416
530 374 644 438 Ξῆθ
1706 362 2032 425 ΑΝΒΒΕΑΞ
2076 362 2137 422 (ΖΑ

2184 358 2599 423 ΒΛΒΙΕΝΞΙΒ
3690 358 3791 424 303

534 487 763 559 punire;
816 483 931 540 sive
995 480 1140 536 aliud
1188 478 1555 549 quodcunque
1604 474 1880 545 ejusmodi
1934 474 2113 528 moliri

2187 525 2192 537 _
2220 476 2346 537 τοὺς
2368 470 2807 543 ὴτοιμασμὲνους
2838 468 2917 533 εἰς
2948 467 3038 522 τὸν
3073 467 3195 521 καθ’
3228 465 3385 537 ἡμῶν
3409 468 3677 540 πόλεμον
3703 470 3794 524 καὶ

536 558 720 636 libeat.
755 578 926 632 Nobis
948 584 1132 628 autem
1157 585 1288 627 vero
1324 570 1561 625 similius
1592 567 1674 631 lit,
1703 567 2108 638 perprredictas

2211 565 2303 618 tul
2352 564 2460 616 τῶν
2508 560 2760 630 κεφαλῶν
2808 559 3105 629 στεφάνους
3161 558 3494 629 χρυσοειδείς
3529 561 3633 629 τῆς
3672 562 3791 615 καθ’

528 673 769 726 'locustas
823 666 1096 735 malignos
1162 663 1442 717 daemones
1496 658 1815 729 signiﬁcari.
1854 656 1919 713 Hi
1964 660 2108 712 enim

2212 655 2371 726 ἡμῶν
2396 654 2554 724 νίκης
2587 652 2851 723 φέροντας
2874 668 2887 682 ·
2923 645 3004 713 οἷς
3035 652 3217 721 ἡμεῖς,
3269 650 3399 703 ὅταν
3437 649 3788 720 ἡττηθῶμεν,

537 780 756 835 semper
786 760 1018 817 accincti
1060 754 1270 813 suntad
1301 754 1505 810 bellum
1537 753 1696 807 nobis
1730 749 2110 816 inferendum;

2211 747 2310 817 τὴν
2334 744 2512 815 κακὴν
2551 744 2711 813 νίκην
2756 742 2826 795 δι’
2856 742 3053 813 ἡδονῆς
3094 740 3358 802 νικῶντες
3389 739 3792 808 στεφανοῦσθαι

536 830 860 929 gestantque
890 853 942 905 in
966 848 1236 920 capitibus
1277 846 1393 901 suis
1423 859 1653 901 coronas
1704 843 1824 897 auri
1874 842 2111 913 speciem

2214 838 2529 909 νομίζομεν.
2561 836 2673 901 Τὰς
2688 834 2744 888 δὲ
2761 834 2968 903 τρίχας
3010 833 3130 886 τῶν
3159 830 3477 901 γυναικῶν,
3503 832 3794 900 σημαίνειν

536 923 647 1018 prae
680 961 738 1000 se
772 943 1032 1005 ferentes,
1063 948 1241 995 certos
1266 938 1454 1006 utique
1490 935 1733 991 victoria
1769 944 1960 990 contra
2012 948 2113 990 nos

2218 932 2281 986 τδ
2307 929 2580 1000 ἡδυπαθὲς
2637 927 2745 982 τῶν
2777 926 3072 996 δαιμόνων,
3111 926 3205 978 καὶ
3239 925 3377 994 πρὸς
3422 924 3685 993 πορνείαν
3726 923 3794 975 δι-

536 1013 773 1093 obtenta:
829 1034 1036 1089 iudices
1062 1048 1077 1097 ;
1108 1044 1209 1085 nos
1233 1028 1377 1083 enim
1411 1042 1602 1082 sumus
1649 1026 1743 1095 qui
1774 1026 1935 1080 toties
1990 1025 2113 1080 illos

2223 1022 2503 1093 εγερτικόν
2530 1036 2544 1050 ·
2576 1019 2718 1086 τοὺς
2750 1019 2808 1073 δὲ
2836 1018 3183 1082 λεοντείους
3198 1015 3470 1081 ὀδόντας,
3493 1015 3557 1068 τὺ
3578 1013 3794 1083 φονικὸν

535 1142 889 1193 coronamus,
924 1123 1370 1195 propositamque
1398 1119 1686 1173 victoriam
1726 1117 1955 1188 turpiter
1976 1116 2113 1185 abji-

2223 1115 2319 1168 καὶ
2346 1113 2549 1166 ἰοϐόλον
2567 1128 2581 1143 ·
2610 1110 2751 1176 τοὺς
2777 1110 2834 1164 δὲ
2876 1107 3167 1176 σιδηροῦς
3200 1106 3490 1176 θώρακας,
3533 1104 3598 1159 τὸ
3629 1105 3795 1174 σκλη-

537 1221 734 1287 cimus;
774 1217 990 1289 quoties
1034 1213 1331 1283 voluptatis
1382 1225 1545 1266 sensu
1596 1222 1941 1277 superamur.
2009 1204 2113 1260 Per
2223 1202 2527 1273 ροκάρδιον.

538 1284 819 1365 mulierum
852 1320 1014 1377 porro
1043 1304 1262 1373 capillos
1290 1344 1303 1367 ,
1344 1298 1671 1354 feminarum
1722 1296 2112 1357 blandimenta,
2180 1294 2379 1364 quibus
2415 1292 2483 1347 ad
2542 1292 2629 1347 sui
2679 1304 2923 1345 amorem
2976 1289 3273 1359 carnisque
3325 1286 3616 1343 illecebras
3665 1284 3796 1340 alle-

538 1415 689 1459 ctare.
719 1400 916 1456 solent.
955 1394 1059 1453 Per
1092 1395 1271 1447 dentes
1317 1398 1499 1445 autem
1547 1389 1755 1442 leonum
1798 1386 1999 1442 lethale
2028 1400 2319 1450 venenum,
2363 1386 2513 1455 quod
2573 1392 2860 1453 spargunt.
2893 1379 2997 1435 Per
3056 1380 3250 1434 loricas
3305 1379 3542 1449 denique
3571 1378 3794 1447 ferreas:

520 1516 523 1521 ·
543 1492 728 1549 cordis
756 1488 1103 1544 obﬁrmatam
1125 1482 1406 1537 duritiem.

609 1579 836 1654 ΕοΙΧ,
879 1576 1035 1631 9-12.
1067 1573 1133 1626 Et
1162 1586 1259 1625 v0.1:
1295 1570 1505 1623 alarum
1554 1585 1772 1631 earum,
1835 1568 1971 1621 sicut
2017 1579 2115 1618 vox

2296 1560 2405 1613 Kal
2435 1559 2474 1625 ἠ
2494 1558 2662 1627 φωνὴ
2684 1556 2803 1612 τῶν
2829 1558 3140 1627 πτερύγων
3160 1556 3361 1612 αὐτῶν
3388 1556 3471 1624 ὡς
3498 1557 3673 1654 φωνὴ
3697 1559 3798 1629 ἀρ.

524 1688 793 1729 curruum
827 1681 1078 1740 equorum
1110 1663 1393 1716 multorum
1422 1660 1745 1713 currentium
1774 1659 1843 1711 ad
1899 1657 2113 1711 bellum.

2217 1650 2442 1720 μάτων,
2485 1651 2682 1703 ἵππων
2726 1650 2974 1704 πολλῶν
3004 1648 3335 1719 τρεχόντων
3378 1650 3468 1714 εἰς
3508 1638 3793 1721 πόλεμον.

528 1766 612 1817 'Et
652 1737 911 1815 habebant
963 1754 1163 1809 caudas
1215 1751 1411 1806 similes
1462 1751 1793 1818 scorpionum
1819 1789 1833 1814 ,
1865 1758 1913 1802 et
1944 1747 2115 1801 aculei

2192 1742 2329 1826 ‘Kal
2353 1737 2521 1809 εἶχον
2574 1740 2758 1809 οὐρὰς
2816 1742 3024 1810 ὁμοίας
3065 1740 3415 1809 σκορπίοις·
3450 1740 3553 1794 καὶ
3587 1741 3799 1830 κέντρα

539 1864 688 1909 erant
716 1853 767 1906 in
807 1850 995 1905 caudis
1044 1861 1248 1900 earum.
1296 1843 1365 1896 Et
1403 1851 1637 1911 potestas
1686 1857 1905 1903 earum,
1935 1853 2120 1893 nocere

2186 1816 2290 1886 ’ἐν
2339 1832 2468 1899 ταῖς
2524 1831 2729 1901 οὐραῖς
2776 1831 2995 1887 αὐτῶν.
3036 1832 3146 1887 Kal
3195 1834 3234 1900 τι,
3265 1832 3525 1898 ἐξουσία
3581 1816 3793 1899 αὐτῶν,

541 1946 840 2001 hominibus
872 1939 1137 1994 mensibus
1164 1937 1410 2006 quinque.
1441 1932 1508 1985 Et
1538 1932 1726 1985 habent
1757 1946 1911 1999 super
1947 1945 2000 1983 se
2036 1944 2120 1983 re-

2219 1923 2505 1992 ἀδικῆσαι
2561 1922 2703 1988 τοὺς
2761 1923 3114 1992 ἀνθρώπους
3164 1922 3361 1992 μῆνας
3413 1923 3623 1978 πέντε.
3694 1924 3796 1978 Kal

526 2052 652 2105 ,gem
679 2032 918 2102 angelum
957 2027 1172 2097 abyssi;
1205 2026 1288 2077 cui
1321 2039 1506 2076 nomen
1535 2020 1793 2074 Hebraice
1838 2019 2115 2084 Abbadon,

2218 2010 2387 2082 εἶχον
2422 2012 2515 2066 ἐπ’
2545 2012 2745 2067 αὐτῶν
2761 2013 3030 2076 βασιλέα
3053 2013 3160 2067 τὸν
3191 2012 3451 2084 ἄγγελον
3476 2012 3590 2081 τῆς
3614 2013 3799 2068 ἀϐύσ-

536 2103 719 2181 lirccce
739 2133 918 2176 autem
946 2118 1226 2188 Apollgon,
1259 2115 1447 2169 Latine
1480 2113 1635 2165 habet
1669 2128 1852 2165 nomen
1879 2110 2119 2164 extermi-

2219 2122 2358 2161 σου.
2406 2107 2621 2174 Ὄνομα
2651 2103 2840 2158 αὐτοῦ
2883 2104 3180 2173 Ἐϐραϊστί
3251 2104 3549 2159 Ἀσσαόών
3573 2120 3587 2134 ο
3632 2105 3702 2159 ἐν
3734 2105 3798 2158 δὲ

539 2217 765 2271 natoris.
802 2214 890 2268 Va:
913 2227 1074 2265 unum
1097 2201 1250 2273 abiit,
1286 2216 1335 2260 et
1358 2222 1472 2259 ecce
1496 2208 1705 2258 veniunt
1728 2203 1900 2257 adhuc
1922 2203 2025 2255 duo
2047 2218 2120 2257 me

2220 2197 2295 2265 τῇ
2333 2195 2664 2263 Ἑλληνικῇ
2682 2194 2914 2267 [ρήσει]
2936 2195 3125 2265 ὄνομα
3151 2196 3279 2265 ἔχει
3321 2197 3698 2251 Ἀπολλύων.
3735 2197 3801 2251 Ἠ

518 2320 653 2381 ;post
680 2308 809 2362 ha'c.

2219 2286 2355 2341 οὐαὶ
2388 2288 2426 2356 ὴ
2451 2287 2562 2355 μία
2594 2286 2871 2356 ᾀπῆλθεν
2900 2303 2914 2318 ·
2936 2287 3068 2342 ἰδοὺ
3097 2288 3373 2357 ἔρχονται
3396 2286 3508 2361 [ul]
3529 2287 3641 2343 δύο
3666 2288 3796 2344 οὐαὶ

2214 2381 2367 2450 μετὰ
2392 2379 2597 2434 ταῦτα.

598 2484 904 2553 ’Strepitum
938 2479 1147 2531 alarum
1170 2474 1573 2544 intelligentiam
1609 2471 1933 2525 locustarum
1960 2470 2021 2523 ob
2064 2468 2118 2521 id

2297 2473 2415 2540 Τὴν
2440 2472 2508 2526 δὲ
2527 2471 2738 2541 φωνὴν
2766 2471 2885 2527 τῶν
2903 2474 3213 2543 πτερύγων
3239 2473 3615 2543 τῶνςνοητῶν
3648 2473 3797 2542 ἀκρί-

543 2577 859 2630 militarium
890 2584 1140 2624 curruum
1170 2566 1415 2635 strepitui
1449 2563 1810 2619 assimilatum
1838 2572 2115 2632 putamus.

2221 2562 2365 2625 δων,
2397 2563 2804 2632 ἀπεικασθῆναι
2839 2566 2991 2635 φωνῇ
3040 2565 3307 2634 ἁρμάτων
3347 2563 3666 2634 πολεμικῶν
3712 2580 3795 2617 νο-

542 2668 685 2737 quod
715 2664 857 2719 fastu
885 2662 994 2717 sint
1013 2659 1193 2722 elatte,
1220 2656 1531 2727 ingentique
1560 2655 1834 2709 celeritate
1859 2652 2115 2723 praedita.

2225 2654 2475 2725 μίζομεν,
2495 2652 2585 2706 διὰ
2608 2654 2667 2706 τὸ
2704 2654 2999 2725 μετάρσιον
3028 2636 3208 2707 αὐτῶν
3231 2655 3325 2707 καὶ
3351 2654 3466 2721 όξύ’
3494 2654 3786 2723 πολεμοῦσι

534 2756 707 2823 Nam,
743 2764 801 2809 ut
834 2752 1098 2823 propheta
1131 2748 1331 2803 alicubi
1378 2747 1579 2811 innuit,
1630 2761 1695 2800 ex
1751 2745 1860 2800 alto
1889 2759 1989 2799 nos
2018 2744 2122 2798 illas

2229 2746 2331 2813 γὰρ
2372 2745 2518 2814 ἡμᾶς
2566 2744 2674 2797 ἀπὸ
2718 2744 2884 2813 ὕψους
2909 2787 2923 2811 ,
2969 2744 3045 2808 ὦς
3076 2761 3209 2814 φησι
3238 2744 3405 2797 Δαϐὶδ
3442 2746 3471 2797 ὁ
3502 2744 3784 2814 μακάριος.
3834 2784 3836 2787 .

524 2852 887 2919 ιίιιιρυςιιαηι.
946 2841 1102 2908 Quod
1162 2850 1340 2894 autem
1392 2851 1581 2892 earum
1649 2836 1847 2888 caudas
1901 2834 2119 2901 scorpiis

2230 2840 2337 2904 Τὰς
2374 2838 2431 2891 δὲ
2466 2840 2853 2907 όμοιωθείσας
2894 2840 3018 2905 τοῖς
3058 2841 3373 2908 σκορπίοις
3403 2840 3577 2910 οὐρὰς
3604 2839 3790 2901 αὐτῶν,

532 2940 745 2995 similes
777 2933 998 2999 asserit,
1033 2930 1167 2986 illud
1196 2928 1496 2983 infaustum
1527 2934 1877 2995 peccatorum
1911 2923 2118 2978 exitum

2225 2930 2293 2982 τά
2330 2928 2439 2981 τῶν
2474 2930 2759 3000 ἁμαρτιῶν
2809 2931 2940 3000 τέλη
2971 2928 3363 3003 [αἰνίττεσθαι]
3402 2931 3659 2984 τίκτοντα
3697 2930 3793 2999 ψυ-

539 3034 614 3087 οὶ›
637 3030 826 3086 oculos
860 3025 1023 3081 nobis
1069 3023 1253 3095 ponit;
1291 3021 1382 3091 qui
1417 3019 1606 3089 utique
1662 3032 1771 3072 non
1837 3024 1922 3071 est
1978 3015 2119 3070 alius

2224 3019 2376 3090 χικὸν
2407 3021 2637 3075 θάνατον
2660 3038 2674 3051 ⁸
2704 3024 2737 3092 ἡ
2755 3022 2862 3091 γὰρ
2883 3024 3127 3094 ἁμαρτία
3154 3021 3590 3076 ἀποτελεσθεῖσα
3608 3063 3623 3089 ,
3663 3024 3790 3075 ἀπο-

540 3139 709 3194 quam
741 3132 923 3176 certus
960 3117 1156 3172 anima:
1185 3114 1456 3169 interitus.
1506 3112 1790 3166 Peccatum
1823 3109 1966 3163 enim
1994 3123 2119 3163 cum

2185 3123 2192 3176 ι
2226 3113 2346 3165 κύει
2377 3111 2606 3167 θάνατον
2634 3130 2647 3145 ν
2702 3113 2779 3167 δι’
2802 3110 2877 3184 ἧς
2902 3116 2940 3183 ή
2990 3114 3372 3183 πεντάμηνος
3405 3113 3642 3184 βάσανος
3688 3114 3792 3174 τοῖς

542 3221 984 3274 consummatum
1023 3208 1209 3273 fuerit,
1254 3212 1476 3276 generat
1524 3214 1776 3259 mortem.
1820 3198 1935 3256 Hoc
1975 3201 2119 3255 idem

2220 3205 2529 3277 ἀνθρώποις
2557 3205 2892 3277 ἐπέρχεται·
2930 3207 3019 3261 διά
3054 3225 3112 3261 τε
3149 3210 3209 3261 τὸ
3242 3210 3334 3261 τοῦ
3374 3208 3575 3278 χρόνον
3598 3207 3789 3276 ὀλίγον,

545 3323 765 3381 quoque
803 3314 1087 3376 peccatum
1120 3301 1175 3355 in
1211 3313 1380 3354 causa
1432 3305 1537 3359 est,
1583 3306 1642 3351 ut
1673 3296 1917 3365 quinque
1971 3308 2122 3349 men-

2220 3298 2298 3368 τῷ
2334 3296 2583 3368 μέλλοντι
2610 3297 2768 3351 αἰῶνι
2792 3299 3217 3369 συγκρινόμενον
3247 3314 3261 3329 ⁸
3296 3299 3384 3353 διά
3414 3316 3471 3351 τε
3500 3299 3603 3362 τὰς
3639 3298 3792 3351 πέντε

548 3404 692 3458 sium
722 3399 1002 3455 cruciatus
1030 3396 1084 3450 in
1118 3392 1370 3447 homines
1399 3388 1638 3443 invadat.
1686 3386 1925 3457 Quinque
1958 3400 2122 3454 porro

2221 3387 2525 3459 αἰσθήσεις,
2558 3386 2701 3441 οὕτω
2744 3391 2875 3459 παρ’
2904 3390 3060 3461 ἡμῶν
3091 3388 3456 3459 ἑκληφθείσας
3483 3389 3568 3453 ὡς
3601 3389 3791 3458 γέγρα-

546 3494 803 3548 mensium
830 3491 1004 3559 spatio
1024 3488 1323 3557 [peccatum
1370 3480 1611 3549 amigere
1654 3479 1873 3545 dicitur;
1924 3481 2121 3547 partim

2222 3494 2371 3529 πται.
2414 3477 2525 3531 Τὸν
2547 3477 2603 3531 δὲ
2632 3478 2856 3531 τούτων
2868 3478 3137 3543 βασιλέα
3166 3478 3258 3532 τὸν
3290 3479 3542 3533 διάϐολον
3574 3480 3793 3533 νοεῖσθαι

540 3584 763 3655 quidem
798 3589 1020 3650 propter
1059 3576 1303 3644 quinque
1334 3584 1566 3626 numero
1612 3582 1829 3632 sensus,
1858 3581 1956 3636 per
1980 3578 2121 3636 quos

2228 3568 2553 3636 ἀκόλουθον,
2632 3570 2725 3623 τὸν
2789 3569 3002 3641 άληθῶς
3056 3572 3183 3634 τοὺς
3223 3568 3377 3640 αὑτῷ
3441 3570 3792 3655 πειθομένους

541 3647 846 3745 ingreditur
868 3647 1129 3738 {partim
1168 3679 1297 3719 vero
1329 3670 1549 3732 propter
1579 3658 1838 3728 temporis
1884 3658 2121 3712 brevita-

2228 3659 2589 3714 ἀπολλύοντα·
2614 3662 2750 3732 πρδς
2772 3662 2830 3716 ὃν
2849 3664 2995 3726 ὅπως
3021 3662 3285 3717 ἄσπονδον
3309 3647 3674 3733 ἀναλάϐωμεν
3700 3663 3790 3714 πό-

542 3776 675 3832 tem,
699 3766 744 3819 si
781 3760 1129 3817 affectionem
1154 3755 1301 3808 illam
1334 3768 1458 3806 cum
1486 3749 1653 3804 l‘uturi
1686 3747 1872 3802 saeculi
1913 3747 2123 3817 suppli-

2228 3752 2413 3823 λεμον,
2445 3752 2809 3825 ἀπειλεΐὴμίν
2840 3753 3160 3809 ἐλεύσεσθαι
3188 3754 3288 3818 τὰς
3314 3754 3458 3824 μετὰ
3499 3753 3677 3808 ταῦτα
3709 3752 3794 3807 δύο

541 3858 667 3920 ciis,
703 3856 850 3910 sicut
880 3852 993 3921 jam
1043 3855 1168 3902 ante
1206 3843 1544 3909 monuimus,
1578 3855 1980 3911 comparemus.
2010 3840 2125 3894 Per
2228 3843 2370 3897 οὐαί,

543 3953 737 4005 harum
769 3946 1004 4015 denique
1028 3956 1195 4011 regem
1227 3937 1503 3993 diabolum
1553 3935 1747 3989 merito
1793 3934 2115 4003 accipimus,
2150 3943 2208 3988 ut
2234 3938 2327 4005 qui
2375 3951 2502 3991 vere
2556 3937 2679 3993 illos
2736 3938 2936 4008 perdat
2967 3940 3060 4010 qui
3083 3940 3242 3996 tidem
3266 3939 3367 4010 ipsi
3399 3940 3629 3995 habent.
3658 3936 3795 3991 Con-

546 4059 627 4100 tra
656 4056 819 4114 quem
854 4036 1080 4110 proinde
1110 4030 1569 4089 irreconciliabile
1621 4029 1821 4084 bellum
1857 4044 2112 4099 geramus
2163 4040 2416 4101 oportet;
2444 4047 2556 4102 quo
2599 4049 2680 4090 va:
2738 4035 2828 4089 illa
2866 4051 2989 4105 qua:
3039 4046 3162 4106 post
3197 4037 3313 4092 haec
3369 4044 3604 4091 ventura
3649 4044 3792 4087 cont-

544 4140 805 4200 miuatur,
839 4132 1018 4186 minus
1048 4127 1368 4182 sentiamus.

1095 4236 1321 4293 CAPUT
1380 4233 1597 4289 XXVII.

2802 4239 3054 4293 ΚΕΦΑΔ.
3112 4239 3236 4291 KZ'.

546 4383 786 4437 [ὄρνιθα-ιο
821 4375 1036 4453 angelo,
1075 4382 1123 4424 et
1157 4380 1407 4453 quatuor,
1441 4368 1640 4453 angelis
1683 4369 1773 4437 qui
1804 4369 1963 4439 juxta
2006 4368 2117 4423 Eu-

2227 4375 2365 4443 Ιιερί
2418 4375 2523 4429 τοῦ
2540 4374 2721 4428 ἕκτου
2754 4375 3015 4453 ᾁγγέλου
3038 4375 3137 4453 καί
3170 4371 3290 4453 τῶν
3326 4372 3427 4427 ἐπὶ
3461 4372 3541 4438 τῷ
3570 4369 3791 4442 Εὐφρά-

916 4446 1169 4514 phratem
1194 4442 1344 4511 ligati
1388 4442 1721 4492 tenebantur.
2306 4442 2315 4443 “

2306 4442 2315 4443 ί
2634 4461 2707 4513 τῃ
2748 4442 3060 4514 λυομένων
3104 4445 3394 4514 ἀγγέλων.

614 4583 706 4650 ιχ,
740 4578 921 4637 l5-l6.
956 4577 1023 4631 Et
1057 4586 1235 4632 sextus
1266 4574 1478 4645 angelus
1516 4575 1641 4629 tuba
1689 4576 1924 4630 cecinit:
1950 4586 1999 4631 et
2025 4593 2122 4630 au-
2156 4546 2200 4601 D

2187 4549 2200 4596 ⁵
2299 4579 2407 4632 Kal
2458 4581 2491 4633 ό
2539 4579 2713 4645 ἕκτος
2744 4579 2999 4649 ἄγγελος
3030 4579 3369 4633 ἐσάλπισε·
3427 4578 3528 4633 καὶ
3569 4577 3794 4646 ἥκουσα

542 4676 652 4730 divi
691 4689 861 4729 vocem
890 4686 1050 4723 unam
1074 4684 1138 4722 ea;
1162 4678 1397 4737 quatuor.
1422 4666 1666 4720 cornibus
1711 4667 1899 4719 altaris
1948 4667 2119 4731 aurei,

2229 4670 2435 4740 φωνῆς
2459 4669 2600 4739 μιᾶς
2628 4672 2697 4725 ἐκ
2736 4670 2856 4724 τῶν
2898 4670 3214 4740 τεσσάρων
3246 4669 3509 4738 κεράτων
3541 4669 3648 4725 τοῦ
3690 4672 3787 4723 θυ-

544 4767 683 4837 quod
699 4774 775 4820 est
813 4773 933 4817 ante
965 4762 1146 4814 oculos
1176 4758 1295 4823 Dei,
1327 4759 1582 4813 dicentem
1608 4767 1754 4812 sexto
1784 4757 1988 4827 angelo,
2030 4756 2121 4826 qui

2228 4762 2584 4829 σιαστηρίου
2612 4763 2718 4817 τοῦ
2752 4762 2984 4831 χρυσοῦ
3017 4763 3123 4817 τοῦ
3165 4761 3425 4817 ἐνώπιον
3469 4763 3575 4815 τοῦ
3606 4759 3747 4814 Θεοῦ
3770 4798 3785 4820 ,

545 4857 767 4911 habebat
818 4854 999 4907 tubam
1036 4869 1049 4904 :
1080 4849 1234 4907 Solve
1263 4858 1495 4920 quatuor
1541 4847 1755 4919 angelos
1795 4849 1883 4917 qui
1912 4848 2121 4917 alligati

2226 4853 2530 4921 λεγούσης
2556 4852 2635 4919 τῷ
2665 4854 2816 4918 ἕκτῳ
2848 4856 3080 4926 ἀγγέλῳ
3101 4873 3117 4889 ο
3185 4856 3239 4908 Ὀ
3293 4855 3452 4925 ἔχων
3498 4854 3614 4922 τὴν
3647 4852 3787 4906 σάλ-

546 4950 745 5004 suntin
782 4946 1001 5016 ﬂumine
1024 4959 1212 5014 magno
1238 4940 1527 5011 Euphrate.
1553 4939 1619 4995 Et
1651 4940 1813 4994 soluti
1846 4952 2123 5009 suntqua-

2219 4958 2420 5014 πιγγιι,
2452 4944 2652 4999 λῦσον
2685 4946 2825 5012 τοὺς
2861 4946 3163 5015 τέσσαρας
3193 4947 3487 5017 ἀγγέλους
3518 4944 3659 5011 τοὺς
3699 4943 3786 4995 δε-

547 5054 665 5094 tuor
698 5038 894 5109 angeli,
928 5037 1015 5105 qui
1057 5035 1234 5105 parati
1262 5034 1494 5087 erant-in
1529 5032 1714 5087 horam
1737 5072 1753 5098 ,
1784 5043 1830 5085 et
1854 5033 1991 5086 diem
2014 5071 2028 5094 ,
2076 5041 2125 5086 et

2221 5035 2509 5105 δεμένους
2530 5038 2629 5091 ἐπὶ
2660 5037 2738 5103 τῷ
2770 5037 3013 5108 ποταμῷ
3036 5038 3115 5104 τῷ
3153 5037 3438 5111 [μεγάλῳ]
3473 5034 3747 5106 Εὐφράτῃ
3770 5048 3784 5063 ·

541 5148 809 5197 mensem,
846 5140 894 5183 et
943 5143 1174 5192 annum;
1230 5140 1286 5180 ut
1336 5126 1629 5179 occiderent
1664 5126 1873 5177 tertiam
1917 5133 2125 5193 partem

2223 5128 2320 5181 καὶ
2340 5130 2654 5197 ἐλύθησαν
2676 5133 2729 5185 οὶ
2754 5131 3049 5199 τέσσαρες
3075 5132 3315 5202 ἄγγελοι
3348 5134 3404 5186 οἰ
3441 5126 3788 5200 ἡτοιμασμέ-

542 5226 815 5279 hominum
840 5239 859 5275 :
890 5232 937 5275 et
974 5237 1221 5274 numerus
1255 5219 1511 5290 equestris
1540 5218 1802 5271 exercitus
1830 5218 1980 5271 vicies
2007 5216 2126 5269 mil-

2225 5238 2319 5273 νοι
2348 5225 2437 5289 εἰς
2464 5223 2578 5293 τὴν
2628 5225 2830 5292 ὥραν,
2883 5225 3270 5294 καίἠμέραν,
3326 5225 3425 5279 καὶ
3466 5222 3647 5294 μῆνα,
3701 5214 3794 5270 καὶ

542 5316 642 5370 lies
685 5317 819 5369 dena
846 5311 1037 5366 millia.
1081 5309 1149 5363 Et
1190 5310 1371 5363 audiri
1417 5323 1692 5362 numerum
1712 5324 1915 5361 eorum.

2226 5313 2507 5371 ἐνιαυτόν
2529 5334 2542 5347 °
2580 5318 2680 5372 ἵνα
2694 5319 3093 5375 ἀποκτείνωσι
3113 5318 3179 5372 τὸ
3210 5322 3410 5387 τρίτον
3433 5312 3649 5390 [μέρος]
3683 5308 3794 5363 τῶν

542 5403 872 5473 ἀνθρώπων
896 5417 908 5431 ⁸
938 5401 1035 5455 καὶ
1060 5404 1091 5455 ό
1111 5398 1357 5468 ἀριθμὸς
1388 5397 1505 5451 τῶν
1531 5397 1993 5467 στρατευμάτων
2056 5398 2161 5453 τοῦ
2198 5405 2467 5474 ίππικοῦ,
2533 5408 2823 5479 μυριάδες
2868 5410 3196 5480 μυριάδων.
3234 5413 3503 5468 Ἤκουσα
3541 5409 3646 5461 τὸν
3672 5402 3794 5469 ἁμ-

542 5501 693 5570 θμόν
721 5498 934 5553 αὐτῶν.

619 5594 759 5647 Sunt
797 5594 890 5664 qui
924 5594 1087 5649 hosce
1116 5592 1339 5663 angelos
1365 5600 1603 5661 quatuor
1644 5606 1708 5645 ex
1754 5590 2031 5661 primariis
2075 5600 2129 5647 et

2308 5592 2546 5657 Τούτους
2609 5592 2743 5663 φασί
2800 5610 2947 5658 τινες
3013 5596 3139 5658 τοὺς
3193 5596 3466 5667 τέσσαρας
3512 5591 3789 5660 ἀγγέλους,

549 5684 943 5741 illustrioribus
966 5701 1092 5740 esse
1122 5695 1314 5754 putant
1340 5702 1353 5749 ;
1389 5699 1580 5753 nempe
1606 5683 1925 5739 Michaelem
1954 5723 1970 5750 ,
2018 5684 2127 5739 Ga-

2229 5684 2448 5757 Μιχαὴλ
2469 5682 2627 5751 εἶναι,
2664 5688 2759 5740 καὶ
2805 5688 3065 5759 Γαϐριὴλ,
3096 5690 3190 5743 καὶ
3249 5688 3473 5763 Οὐριὴλ,
3522 5687 3613 5739 καὶ
3677 5683 3788 5734 Ῥα-

544 5775 793 5843 bricicm,
817 5775 1166 5847 Raphaelcm,
1198 5787 1252 5834 et
1276 5776 1511 5834 Urielcm
1544 5794 1557 5844 ;
1590 5778 1682 5848 qui
1719 5778 1979 5834 hactenus
2003 5780 2125 5848 qui-

2229 5779 2373 5849 φαήλ
2408 5795 2419 5807 ·
2480 5779 2609 5843 τοὺς
2690 5780 3155 5851 προσδεδεμένους
3221 5784 3287 5854 τῇ
3343 5779 3648 5853 εὐφροσύνῃ
3695 5774 3787 5841 τῆς
