4070 6422
327 366 439 434 30l

1299 364 1905 428 COMMENTARIUS
1953 365 2034 426 IN
2075 363 2606 426 APOCALYPSIN.

3505 368 3609 431 302

333 475 540 550 [θείας]
594 477 868 549 θεωρίας⁹
923 475 1257 530 ἀπολύεσθαι
1293 475 1351 530 δὲ
1391 477 1450 530 ἐν
1487 479 1555 548 τῇ
1587 476 1775 548 ἡμέρᾳ
1821 477 1922 545 τῆς

2027 475 2148 530 dem
2177 475 2379 532 divinae
2407 475 2896 546 contemplationis
2917 475 3246 545 jucunditati
3284 487 3338 534 et
3367 461 3616 535 ubertati.

330 569 576 642 κρίσεως
624 569 766 640 μετά
795 567 1188 644 ἀναριθμήτων
1240 566 1515 636 ἀγγέλων,
1561 569 1645 631 είς
1679 567 1779 639 τὴν
1811 563 1921 621 τῶν

2026 569 2233 639 alligati
2267 577 2556 635 tenentur;
2607 578 2737 624 tunc
2789 584 2940 636 vero,
2985 570 3247 626 nimirum
3300 572 3404 628 sub
3461 573 3606 628 diem

331 660 553 715 ἀσεϐῶν
588 661 916 729 κατάκρισιν
941 673 956 687 ⁸
991 659 1060 712 δι’
1084 652 1160 714 ὧν
1183 658 1244 713 τὺ
1263 657 1444 730 τρίτον
1465 658 1917 729 ἀφανισθήσεται.

286 790 293 826 ᾖ
344 752 494 821 Ἐγὼ
525 752 582 805 δὲ
607 752 701 804 καὶ
737 751 963 814 τούτους
983 746 1141 822 οἶμαι
1175 751 1584 822 πονηροτάτους
1623 746 1767 805 εἶναι
1801 751 1923 805 δαί-

285 829 288 831 λ
339 861 538 915 μονας.
569 845 819 907 δεθέντας
838 846 896 897 ἐν
923 847 990 916 τῇ
1019 844 1258 914 Χριστοῦ
1285 843 1562 916 παρουσίᾳ
1588 859 1603 872 '
1644 843 1739 908 οὓς
1779 843 1924 898 κατὰ

333 938 487 991 θεῖον
514 938 844 1009 πρόσταγμα
882 939 946 991 ἐκ
976 936 1071 991 τοῦ
1101 937 1498 1009 ὑπερουρανίου
1531 937 1921 1008 θυσιαστηρίου

337 1024 758 1095 ἑξερχομένους,
786 1019 848 1079 οὗ
876 1020 944 1095 ἦν
967 1025 1029 1079 τὸ
1067 1027 1126 1079 ἐν
1151 1029 1217 1097 τῇ
1249 1027 1454 1097 παλαιᾷ
1485 1029 1657 1097 σκηνῇ
1701 1026 1921 1080 ἀντίτυ-

342 1132 468 1182 ¹πον,
502 1115 607 1168 ὑπὸ
638 1115 784 1170 θείου
805 1117 1041 1186 ἀγγέλου
1102 1118 1342 1184 λύεσθαι,
1392 1117 1532 1171 ὥστε
1581 1119 1813 1191 ταράξαι
1854 1118 1924 1173 τὰ

339 1205 494 1277 ἔθνη,
544 1209 606 1261 οὐ
647 1207 808 1278 μόνον
865 1209 1009 1262 κατὰ
1046 1209 1415 1278 Χριστιανῶν,
1475 1209 1612 1264 ἀλλὰ
1665 1211 1760 1264 καὶ
1801 1211 1923 1264 κατ’

339 1300 592 1371 ἀλλήλων
618 1318 633 1332 ’
663 1303 739 1365 ὡς
764 1302 832 1356 ἂν
866 1305 916 1356 οἱ
948 1303 1047 1373 μὲν
1086 1303 1300 1374 δόκιμοι
1339 1305 1434 1358 καὶ
1471 1304 1656 1358 πιστοὶ
1696 1303 1926 1375 φανεροὶ

338 1392 634 1460 γένωνται,
664 1394 760 1447 καὶ
786 1393 1053 1466 μειζόνων
1075 1395 1320 1465 ἀμοιϐῶν
1351 1397 1571 1451 καὶτῶν
1601 1397 1715 1451 ἄνω
1744 1396 1926 1467 μονῶν

338 1485 439 1539 καὶ
469 1487 766 1555 ἀποθηκῶν
794 1487 937 1555 ἄξιοι
978 1487 1247 1557 φανῶσιν,
1281 1488 1356 1552 ώς
1381 1491 1526 1552 σῖτος
1567 1489 1777 1561 ὥριμος
1806 1505 1822 1520 ·
1874 1491 1925 1542 οἱ

335 1576 396 1628 δέ
420 1575 744 1647 ἀχυρώδεις,
771 1577 1012 1643 ἀσεϐεῖς,
1043 1579 1138 1630 καὶ
1162 1578 1284 1632 λίαν
1307 1578 1626 1648 ἁμαρτωλοὶ
1661 1579 1756 1632 καὶ
1782 1580 1922 1650 ἁμε-

340 1669 616 1739 τανόητοι,
653 1669 880 1733 ἐνδίκως
909 1667 1146 1723 ἐνταῦθα
1181 1668 1269 1741 [δι’
1299 1669 1500 1741 αὐτῶν]
1544 1669 1922 1740 κολαζόμενοι,

342 1761 704 1832 ἡμερωτέρας
753 1762 854 1832 τῆς
909 1761 1213 1832 καταδίκης
1260 1763 1319 1815 ἐν
1347 1763 1414 1834 τῇ
1447 1763 1628 1833 κρίσει
1663 1762 1922 1833 τύχωσιν.

2021 658 2236 729 judicii,
2255 673 2379 714 cum
2402 660 2884 715 innumerabilium
2906 661 3228 731 angelorum
3261 662 3611 716 multitudine

2025 751 2091 804 ad
2123 751 2418 820 impiorum
2461 752 2972 807 condemnationem
3011 753 3331 816 solventur,
3387 769 3452 809 ac
3487 763 3610 808 tan-

2025 857 2190 913 quam
2231 841 2323 897 Dei
2368 843 2605 899 ministri
2641 845 2858 899 tertiam
2906 845 3215 899 mortalium
3265 855 3476 914 partem
3521 845 3606 899 in-

2027 938 2580 994 ternecionidabunt.
2611 937 2725 1009 Ego
2755 953 2888 994 vero
2934 939 3103 993 hosce
3142 939 3307 993 etiam
3351 954 3458 992 non
3511 954 3609 992 an-

2027 1030 2194 1098 gelos,
2227 1030 2320 1085 sed
2351 1031 2620 1100 pessimos
2645 1031 2921 1086 daemones
2959 1047 3080 1086 csse
3107 1032 3432 1096 etsistimo;
3469 1046 3608 1099 quos

2021 1121 2177 1192 juxta
2206 1121 2449 1177 divinum
2477 1122 2794 1178 mandatum
2826 1139 2856 1178 e
2889 1123 3115 1178 sublimi
3149 1122 3414 1178 malorum
3446 1123 3607 1176 altari

2028 1212 2209 1283 (cujus
2232 1214 2544 1284 exemplum
2599 1215 2654 1269 in
2710 1216 2880 1271 veteri
2940 1215 3294 1270 tabernaculo
3333 1215 3605 1283 exstabat)

2027 1304 2252 1374 eiectos.
2283 1313 2337 1360 et
2367 1319 2464 1374 per
2491 1303 2697 1361 Christi
2731 1306 2786 1360 in
2810 1319 3031 1362 carnem
3065 1305 3360 1360 adventum
3395 1305 3462 1359 ad
3489 1320 3610 1360 cer-

2027 1407 2144 1452 tum
2178 1397 2358 1453 locum
2398 1397 2677 1469 ablegatos
2715 1408 2770 1453 et
2809 1398 3092 1470 alligatos,
3144 1414 3289 1454 unus
3334 1397 3607 1468 quispiam

2027 1506 2094 1548 ex
2127 1491 2444 1562 angelorum
2479 1507 2712 1547 numero
2746 1491 2948 1548 liberos
2977 1507 3043 1547 eo
3075 1501 3321 1560 tempore
3349 1491 3608 1553 dimittet,

2027 1598 2139 1654 quo
2171 1593 2361 1654 gentes
2390 1584 2722 1640 conturbent
2767 1594 2822 1640 et
2851 1594 3068 1648 vexent,
3115 1583 3450 1653 easdemque
3500 1597 3609 1636 non

2031 1685 2240 1731 tantum
2260 1676 2527 1732 adversus
2551 1676 2920 1740 Christianos,
2945 1676 3039 1732 sed
3063 1683 3254 1731 contra
3285 1689 3345 1729 se
3374 1674 3606 1728 invicem

2028 1781 2253 1837 quoque
2286 1765 2590 1838 instigent;
2620 1776 2678 1821 nt
2712 1769 2816 1822 hac
2843 1767 3064 1822 demum
3094 1767 3307 1822 ratione
3347 1764 3611 1820 tentatio-

340 1852 407 1905 Εί
463 1851 520 1906 δὲ
570 1851 650 1923 τῷ
682 1851 946 1925 Εὐφράτῃ
977 1851 1364 1923 προσδέδενται
1392 1893 1408 1918 ,
1453 1851 1608 1907 οὐδὲν
1641 1851 1793 1916 ξένον
1821 1867 1836 1882 ·
1873 1853 1922 1905 οἱ

2027 1856 2114 1912 nis
2137 1856 2262 1927 igne
2297 1858 2511 1926 probati
2545 1858 2732 1913 tidcles
2753 1858 3026 1914 manifesti
3061 1857 3215 1924 ﬁant,
3244 1856 3610 1927 ampliorique

342 1942 448 2012 μὲν
478 1941 611 2013 γὰρ,
649 1943 728 2008 είς
758 1943 859 2014 τὴν
888 1941 1130 1996 ἄϐυσσον
1160 1957 1176 1972 ·
1207 1944 1258 1995 oi
1300 1942 1394 2010 δὲ,
1427 1943 1509 2006 είς
1536 1943 1664 2007 τοὺς
1708 1942 1928 2014 χοίρους

335 2031 536 2106 [τότεῆ
563 2035 611 2090 οἱ
649 2033 726 2098 δὲ,
760 2035 841 2097 είς
871 2035 1097 2106 ἐτέρους
1125 2034 1347 2101 τόπους,
1371 2035 1514 2090 κατὰ
1539 2035 1600 2090 τὸ
1639 2033 1928 2106 παραστάν

335 2129 420 2200 τῷ
452 2127 592 2199 Θεῷ,
616 2128 745 2198 ἄχρι
771 2127 970 2200 καιροῦ
995 2129 1488 2199 κατεδικάσθησαν,
1523 2131 1662 2201 μετὰ
1679 2129 1770 2183 τὸν
1791 2145 1928 2182 παν-

333 2223 474 2293 τελῆ
508 2221 690 2275 αὐτῶν
748 2221 870 2274 κατ’
916 2221 1226 2293 ἀνθρώπων
1273 2221 1515 2292 πόλεμον
1554 2220 1793 2284 αἰωνίως
1834 2237 1924 2274 κο-

337 2310 766 2381 λασθησόμενοι.
807 2309 966 2374 Ἴσως
993 2311 1051 2363 δὲ
1077 2309 1219 2383 [καὶ]
1240 2311 1329 2365 διὰ
1351 2311 1450 2381 τῆς
1479 2311 1583 2365 τοῦ
1604 2309 1924 2380 Εὐφράτου

343 2401 572 2472 μνήμης
607 2398 868 2470 δηλοῦται
901 2402 967 2453 ἐκ
994 2400 1104 2454 τῶν
1126 2401 1312 2472 μερῶν
1334 2401 1560 2454 ἐκείνων
1602 2401 1802 2465 ἐξιέναι
1836 2400 1926 2454 τὸν

352 2494 753 2564 ’Δντίχριστον.
789 2493 925 2564 Περὶ
977 2492 1037 2545 δὲ
1091 2491 1186 2546 τοῦ
1245 2493 1486 2564 πλήθους
1515 2493 1623 2546 τῶν
1653 2495 1925 2564 δαιμόνων

339 2581 707 2651 ἀμφιϐάλλειν
757 2581 818 2636 οὐ
857 2581 984 2652 χρή.
1025 2581 1236 2644 Πάντες
1281 2581 1392 2653 γὰρ
1421 2583 1470 2635 οἱ
1518 2583 1664 2651 ἀγιοι
1715 2583 1924 2653 πεπλη-

343 2671 555 2742 ρῶσθαι
597 2672 776 2726 αὐτῶν
834 2671 926 2725 τὸν
977 2671 1116 2742 ἀέρα
1172 2671 1412 2738 λέγουσι.
1449 2671 1517 2725 Τί
1571 2672 1629 2725 δὲ
1685 2673 1836 2745 δηλοῖ
1863 2674 1924 2727 τὸ

337 2765 528 2834 τρίτον
561 2765 669 2818 τῶν
698 2765 1173 2835 ἀποκτενομένων,
1205 2766 1300 2818 καὶ
1348 2767 1450 2836 ήδη
1487 2768 1921 2838 προειρήκαμεν.

2029 1947 2285 2004 mercede
2313 1957 2368 2004 et
2392 1949 2751 2019 splendidiori
2783 1953 2839 2004 in
2867 1949 3024 2006 caelis
3055 1949 3362 2014 mansione,
3392 1957 3448 2003 et
3474 1963 3612 2020 apo-

2027 2040 2184 2096 theca
2214 2040 2452 2111 denique
2481 2050 2748 2112 tanquam
2784 2051 3062 2098 maturum
3105 2056 3417 2111 purumque
3470 2042 3614 2097 triti-

2027 2149 2152 2188 cum
2207 2133 2463 2189 nobiliori
2505 2134 2654 2206 digni
2705 2134 3061 2190 habeantur:
3105 2135 3273 2205 palea:
3311 2142 3493 2188 autem
3556 2143 3613 2188 et

2025 2227 2177 2295 impii
2211 2227 2563 2297 insignesque
2595 2237 2915 2298 peccatores
2956 2227 3060 2300 41
3114 2237 3170 2282 et
3207 2227 3500 2291 obstinari,
3540 2227 3610 2282 ad

2029 2332 2199 2372 unum
2227 2331 2422 2374 omnes
2451 2317 2599 2386 jnste
2631 2318 2721 2373 hic
2746 2319 2946 2388 puniti,
2983 2318 3323 2373 clementiori
3346 2319 3610 2373 condemo

2030 2408 2270 2463 nationis
2293 2409 2557 2462 sententia
2590 2408 2643 2462 in
2673 2409 2883 2478 judicio
2909 2408 3004 2463 illo
3033 2408 3322 2464 feriantnr.
3347 2409 3402 2466 Si
3425 2417 3611 2464 autem

2028 2507 2269 2568 quatuor
2297 2499 2552 2569 pluresve
2601 2499 2882 2554 daemones
2921 2497 3186 2569 Euphrati
3217 2514 3344 2554 vere
3397 2501 3612 2570 alligari

2030 2601 2377 2655 asserantur,
2403 2590 2539 2645 nihil
2571 2592 2692 2645 novi
2723 2600 2818 2647 aut
2850 2590 3100 2647 inusitati
3148 2592 3433 2647 asseritur.
3463 2592 3610 2648 Cor.-

2031 2688 2144 2734 stat
2196 2694 2431 2748 namque
2484 2679 2625 2736 alios
2645 2681 2700 2736 in
2750 2681 3008 2753 abyssum
3060 2697 3205 2752 saepe
3264 2683 3610 2747 amandatos,

2033 2771 2171 2828 alios
2197 2772 2252 2826 in
2281 2787 2480 2842 porcos
2505 2773 2733 2844 eiectos,
2752 2775 2894 2831 alios
2923 2775 3032 2830 alio
3048 2791 3150 2846 pro
3199 2775 3292 2831 Dei
3333 2777 3613 2832 voluntate

337 2856 409 2910 ad
441 2864 660 2926 tempus
693 2857 970 2927 ablegatos
999 2856 1194 2923 fuisse,
1232 2857 1284 2912 in
1325 2873 1487 2913 omne
1517 2868 1706 2929 postea
1743 2876 1920 2916 aevum
1963 2863 2055 2917 ubi
2111 2864 2350 2934 primum
2383 2866 2635 2922 videlicet
2698 2867 2924 2932 bellum,
2946 2867 3092 2936 quod
3124 2866 3392 2922 adversus
3430 2866 3612 2921 homi-

335 2959 465 3000 nem
491 2955 710 3017 gerunt,
739 2945 947 3018 integre
965 2946 1321 3011 absolverint,
1357 2948 1502 3018 apud
1566 2949 1774 3006 inferos
1820 2953 2173 3011 cruciandos.
2237 2955 2511 3012 Credibile
2538 2957 2596 3012 ﬁt
2654 2973 2874 3028 quoque
2918 2957 3210 3027 Euphratis
3236 2958 3305 3014 ob
3364 2959 3417 3013 id
3453 2973 3611 3012 men-

331 3041 543 3097 tionem
577 3037 714 3106 fieri,
755 3037 900 3108 quod
933 3037 1302 3094 Antichristus
1335 3053 1402 3093 ex
1432 3039 1538 3095 illis
1572 3039 1709 3096 locis
1775 3045 2091 3100 exos-iturus
2161 3046 2455 3102 credatur;
2487 3046 2564 3102 Dc
2598 3047 2805 3118 lugenti
2872 3057 3053 3103 autem
3102 3047 3413 3103 daemonum
3474 3049 3610 3104 mul-

334 3135 578 3192 titudine
620 3151 728 3192 non
785 3144 868 3192 est
914 3135 1300 3201 dubitandum,
1329 3151 1455 3192 cum
1503 3152 1696 3194 omnes
1746 3141 1922 3195 sancti
1974 3156 2157 3197 aerem
2227 3141 2376 3199 hunc
2447 3143 2791 3200 diemonibus
2836 3143 3094 3199 refertum
3135 3152 3409 3199 asserant.
3442 3142 3609 3217 [Quid

332 3245 470 3286 vero
491 3230 830 3286 demonstret
858 3229 1015 3284 tertia
1048 3245 1176 3299 pars
1207 3230 1693 3301 interemptorum,
1724 3241 1781 3287 et
1802 3232 1914 3303 jam
1946 3235 2236 3307 diximus]

409 3321 518 3377 Kal
553 3321 714 3388 ὅπως
737 3317 904 3376 εἷδον
939 3321 1080 3388 τοὺς
1108 3323 1336 3389 ἵππους
1361 3323 1431 3378 ἐν
1463 3323 1538 3393 τῇ
1568 3327 1798 3394 ὁράσει,
1823 3327 1922 3381 καί

2101 3327 2192 3394 IX,
2242 3328 2433 3384 17-19.
2469 3327 2536 3382 Et
2580 3330 2656 3383 ita
2689 3329 2798 3383 vidi
2851 3345 3012 3400 equos
3047 3332 3103 3385 in
3151 3333 3349 3387 visione
3376 3348 3394 3387 :
3426 3342 3476 3388 et
3517 3339 3613 3406 qui

335 3415 480 3482 τοὺς
525 3417 902 3484 καθημένους
955 3416 1046 3469 ἐπ’
1098 3416 1329 3484 αὐτῶν,
1362 3417 1618 3486 ἔχοντας
1657 3419 1923 3489 θώρακας

338 3512 656 3577 πυρίνους,
707 3507 809 3561 καί
847 3509 1260 3573 ὑακινθίνους,
1321 3509 1421 3562 καί
1473 3510 1773 3578 θειώδειςο
1822 3512 1924 3566 καί

335 3601 401 3653 σί
424 3599 685 3668 κεφαλαί
719 3599 839 3652 τῶν
870 3601 1076 3654 ἵππων
1115 3601 1196 3667 ὡς
1233 3603 1488 3670 κεφαλαί
1522 3605 1792 3658 λεόντων
1822 3604 1920 3658 καὶ

333 3707 408 3744 εκ
448 3689 568 3756 τῶν
603 3692 920 3761 στομάτων
961 3692 1162 3747 αὐτῶν
1199 3693 1591 3761 ἐξεπορεύετο
1634 3693 1776 3759 πῦρ,
1824 3696 1922 3749 καί

337 3785 597 3851 καπνὸς,
636 3786 734 3839 καί
764 3784 948 3839 θεῖον.
995 3785 1131 3838 Ἀπὸ
1154 3783 1275 3839 τῶν
1293 3786 1469 3854 τριῶν
1499 3786 1751 3856 πληγῶν
1783 3789 1921 3843 τού-

332 3892 462 3930 των
495 3876 839 3944 ἀπεκτάνθη
883 3877 950 3931 τὸ
998 3877 1200 3944 τρίτον
1255 3877 1376 3930 τῶν
1407 3877 1759 3944 ἀνθρώπων,
1803 3879 1922 3934 ἀπὸ

333 3967 448 4022 τοῦ
479 3968 688 4037 πυρὸς,
727 3969 826 4023 καί
869 3967 977 4022 τοῦ
1030 3968 1288 4032 καπνοῦ,
1323 3968 1554 4024 καὶτοῦ
1579 3971 1766 4036 θείου,
1807 3970 1928 4024 τῶν

331 4062 832 4132 ἐκπορευομένων
856 4061 926 4116 ἐκ
957 4062 1079 4116 τῶν
1107 4062 1423 4130 στομάτων
1459 4063 1680 4118 αὐτῶν.
1725 4063 1792 4118 Ἦ
1815 4062 1926 4134 γὰρ

329 4152 593 4217 ἐξουσία
620 4153 740 4220 τῶν
762 4154 984 4220 ἵππων,
1019 4154 1089 4208 ἐν
1118 4153 1199 4219 τῷ
1228 4153 1481 4223 στόματι
1523 4156 1725 4210 αὐτῶν
1765 4157 1921 4221 ἐστι,

2025 3422 2271 3475 sedebant
2301 3438 2459 3491 super
2484 3438 2594 3486 eos,
2630 3421 2892 3476 habebant
2929 3423 3128 3479 loricas
3163 3426 3365 3494 igneas,
3398 3437 3448 3480 et
3473 3427 3608 3498 hya-

2026 3512 2316 3576 cinthinus,
2361 3521 2412 3566 et
2442 3513 2754 3582 sulphureas
2788 3529 2806 3567 :
2839 3523 2889 3567 et
2930 3516 3110 3582 capita
3157 3532 3412 3585 equorum
3455 3530 3610 3572 erant

2029 3615 2284 3673 tanquam
2321 3606 2498 3674 capita
2521 3607 2770 3670 leonum;
2796 3606 2932 3662 etde
2962 3623 3051 3661 ore
3085 3624 3264 3661 eorum
3295 3610 3608 3677 procedebat

2026 3701 2186 3770 ignis,
2229 3709 2279 3753 et
2326 3699 2529 3769 fumus,
2575 3707 2625 3753 et
2676 3699 2919 3768 sulphur.
2967 3700 3042 3752 Ab
3091 3699 3172 3753 his
3215 3701 3386 3754 tribus
3436 3701 3609 3772 plagis

2028 3794 2208 3846 occisa
2241 3802 2316 3847 est
2345 3793 2506 3846 tertia
2535 3808 2659 3861 pars
2676 3791 2985 3855 hominum,
3021 3793 3084 3846 de
3114 3793 3255 3863 igne,
3280 3791 3415 3846 etde
3440 3793 3608 3863 fumo,

2029 3896 2076 3938 et
2093 3885 2362 3953 sulphure,
2383 3901 2501 3956 qua:
2523 3883 2870 3953 procedebant
2893 3885 2954 3939 de
2980 3899 3069 3937 ore
3089 3884 3346 3954 ipsorum.
3367 3883 3611 3939 Potestas

2026 3979 2164 4031 enim
2197 3992 2450 4046 equorum
2484 3976 2541 4029 in
2571 3991 2659 4030 ore
2681 3991 2868 4030 eorum
2897 3984 2996 4040 est,
3025 3985 3074 4029 et
3105 3977 3160 4028 in
3190 3976 3377 4028 caudis
3405 3992 3606 4029 eorum.

2031 4063 2176 4120 Nam
2201 4067 2388 4120 cauda:
2425 4083 2604 4120 eorum
2630 4066 2829 4120 similes
2864 4065 3211 4135 serpentibus,
3242 4067 3490 4121 habentes
3513 4084 3599 4121 ca-

2026 4160 2178 4228 pita;
2214 4169 2263 4212 et
2296 4160 2351 4211 in
2380 4156 2462 4211 his
2496 4167 2704 4212 nocent.

333 4244 440 4298 καί
465 4245 538 4299 ἐν
553 4245 680 4311 ταῖς
701 4245 906 4313 οὐραῖς
929 4243 1150 4299 αὐτῶν·
1170 4249 1230 4300 al
1255 4246 1364 4316 γὰρ
1385 4247 1557 4315 οὐραὶ
1579 4246 1798 4314 αὐτῶν,
1820 4247 2016 4319 ὅμοιαι
2034 4248 2250 4318 ὄφεσιν
2269 4247 2525 4317 ἔχουσαι
2541 4247 2833 4315 κεφαλὰς,
2860 4245 2956 4300 καί
2974 4247 3043 4299 ὲν
3058 4245 3270 4311 αὐταῖς
3302 4247 3605 4306 ἀδικοῦσι.

414 4340 675 4406 Ἵππους
724 4339 783 4393 δὲ
844 4337 1115 4412 [δικαίως]
1167 4334 1324 4411 οἶμαι
1373 4341 1652 4409 λέγεσθαι,
1705 4343 1738 4413 ἢ
1792 4343 1918 4404 τοὺς

336 4432 676 4503 θηλυμανεϊς
703 4431 797 4484 καὶ
837 4431 1138 4502 κτηνώδεις
1165 4433 1492 4503 ἀνθρώπους
1513 4449 1528 4464 ·
1563 4433 1594 4504 ἢ
1627 4435 1754 4498 τοὺς
1782 4435 1918 4486 ὑπο·-

2098 4341 2203 4396 Per
2239 4339 2414 4410 Equos
2449 4339 2555 4394 hoc
2582 4340 2704 4394 loco
2735 4338 3012 4409 designari
3061 4339 3396 4395 arbitramur
3427 4342 3607 4398 homi-

2029 4449 2126 4489 nes
2160 4433 2345 4488 vencri
2383 4433 2646 4501 luxuique
2693 4431 2938 4495 deditos,
2979 4429 3387 4501 belluinamque
3437 4435 3604 4490 vitam

336 4500 654 4597 ϐεϐηκότας
678 4526 775 4580 καὶ
801 4500 1145 4598 ἀρχομένους
1175 4530 1232 4582 ἐν
1265 4500 1380 4592 τοῖς
1406 4500 1658 4599 δαίμοσιν
1675 4547 1688 4559 ·
1725 4530 1919 4584 ἐπιϐά-

2027 4523 2332 4578 ducentes:
2369 4531 2464 4576 aut
2508 4522 2786 4576 daemones
2823 4535 2976 4584 sane,
3021 4520 3116 4590 qui
3155 4500 3390 4576 aliorum
3429 4523 3605 4593 impe-

331 4637 440 4683 τας
476 4619 555 4683 δὲ,
590 4620 718 4683 τοὺς
745 4620 956 4673 τούτων
983 4620 1382 4692 κατάρχοντας.
1431 4622 1594 4685 Ἔθος
1640 4621 1752 4693 γὰρ
1799 4622 1923 4674 τιυ-

332 4727 477 4777 τοις,
510 4711 572 4763 οὐ
609 4709 772 4781 μόνον
799 4710 1054 4781 ἀλλήλοις
1083 4712 1408 4782 ὑπηρέταις,
1455 4711 1592 4766 ἀλλὰ
1628 4713 1720 4765 καὶ
1755 4726 1920 4782 πονη-

335 4801 458 4870 poi;
499 4800 809 4871 ἀνθρώποις
854 4800 1109 4871 ὀργάνοις
1159 4802 1295 4873 πρὸς
1346 4803 1446 4872 τὴν
1480 4801 1588 4856 τῶν
1635 4801 1922 4873 ὁμοφύλων

334 4892 645 4964 ἀνθρώπων
674 4893 967 4965 ἐπιϐουλὴν
997 4895 1323 4965 κεχρῆσθαι.
1361 4898 1508 4962 Τοὺς
1537 4895 1594 4949 δὲ
1627 4895 1922 4964 πυρίνους

331 4985 434 5039 καί
462 4987 851 5053 ὑακινθίνους
885 4987 985 5041 καί
1007 4987 1270 5054 θειώδεις
1292 4987 1584 5056 θώρακας,
1610 4989 1707 5060 τῆς
1733 4987 1920 5058 ἀερίου

330 5077 447 5130 τῶν
479 5079 740 5150 πονηρῶν
767 5080 1100 5151 πνευμάτων
1131 5080 1340 5146 οὐσίας,
1371 5081 1466 5134 καὶ
1492 5081 1591 5152 τῆς
1615 5081 1920 5150 καυπικῆς

331 5165 622 5235 ἐνεργείας
687 5159 826 5220 εῖναι
907 5169 1278 5238 σημαντικοὺς
1331 5169 1662 5240 νομίζομενο
1704 5169 1804 5234 τὰς
1861 5169 1920 5222 δὲ

329 5257 608 5325 κεφαλὰς
633 5256 752 5310 τῶν
791 5259 1080 5323 λεόντων,
1110 5260 1173 5311 τὸ
1207 5259 1430 5328 φονικὸν
1475 5260 1659 5314 αὐτῶν
1705 5261 1799 5314 καὶ
1823 5260 1920 5330 θη-

331 5348 529 5420 ριῶδες
577 5350 946 5405 αἰνίττεσθαι·
977 5352 1040 5406 τὸ
1076 5353 1134 5407 δὲ
1189 5354 1625 5424 ἐκπορευόμενον
1669 5353 1789 5423 πῦρ
1822 5354 1920 5407 σὺν

332 5439 533 5510 καπνῷ
566 5441 658 5494 καὶ
694 5441 826 5513 θείῳ
871 5446 936 5498 ἐκ
982 5445 1079 5498 τοῦ
1117 5447 1385 5515 στόματος
1425 5447 1629 5508 αὐτῶν,
1666 5448 1736 5502 δι’
1769 5441 1830 5501 οὗ
1858 5447 1920 5500 τὸ

327 5534 520 5606 τρίτον
576 5533 684 5587 τῶν
720 5535 1026 5606 ἀνθρώπων
1074 5537 1470 5591 ἀποκτένεσθαι
1520 5539 1916 5610 ὴπείληται,ῆ

329 5627 434 5689 τὰς
463 5625 552 5679 διὰ
576 5626 684 5679 τῶν
715 5627 938 5682 ἰοϐόλων
962 5627 1190 5702 [αὐτῶν]
1223 5631 1540 5701 προσϐαλῶν
1571 5635 1664 5684 καὶ
1693 5635 1915 5702 εἰσηγήο

332 5732 480 5770 σεων
507 5715 785 5788 ἁμαρτίας
818 5719 944 5782 τοὺς
979 5721 1224 5790 καρποὺς
1248 5722 1344 5795 τῆς
1378 5723 1607 5793 καρδίας
1629 5723 1916 5792 φλογιζού-

334 5825 436 5872 σας
470 5809 800 5866 αίνίττεταιο
840 5812 872 5883 ἢ
930 5813 1028 5878 τὰς
1065 5815 1129 5869 ἐκ
1165 5813 1273 5872 τῶν
1328 5814 1679 5888 βαρϐαρικῶν
1719 5818 1918 5888 χειρῶν

2027 4616 2112 4671 rio
2160 4616 2328 4670 veluti
2364 4615 2506 4670 servi
2547 4613 2869 4683 subiacent;
2915 4628 3148 4682 quorum
3197 4623 3446 4670 vectores
3479 4627 3610 4671 sunt

2028 4705 2271 4778 Spiritus
2330 4705 2420 4775 qui
2479 4704 2851 4775 principatum
2915 4705 3061 4760 inter
3105 4705 3350 4774 reliquos
3398 4714 3606 4761 tenent.

2026 4800 2316 4855 Daemones
2344 4811 2601 4869 namque,
2645 4805 2865 4868 recepto
2905 4797 3048 4868 apud
3100 4798 3253 4869 ipsos
3291 4813 3466 4864 more,
3498 4814 3608 4854 non

2025 4893 2189 4948 modo
2221 4903 2440 4952 mutuas
2475 4891 2579 4948 sibi
2613 4892 2844 4948 invicem
2871 4906 3068 4964 operas
3095 4900 3381 4963 praestant,
3415 4907 3607 4947 verum

2025 4985 2210 5056 pravis
2275 4999 2495 5056 quoque
2558 4984 2878 5041 hominibus
2941 4983 3241 5049 famulari,
3305 4985 3612 5054 iisdemque

2025 5079 2270 5134 vicissim
2323 5089 2586 5149 tanquam
2615 5077 2839 5149 organis
2869 5077 2936 5132 ad
2971 5077 3206 5133 aliorum
3247 5087 3607 5148 cognatorum

2025 5170 2314 5226 hominum
2354 5170 2602 5226 fraudem
2633 5178 2689 5226 et
2723 5169 2954 5224 insidias
2993 5169 3070 5224 nti
3107 5169 3307 5224 solent.
3334 5169 3604 5224 Craterum

2023 5279 2121 5336 per
2149 5266 2328 5335 igneas
2349 5305 2364 5331 ,
2400 5274 2449 5319 et
2500 5263 2905 5336 hyacinthinus,
2941 5271 2992 5315 et
3023 5261 3335 5330 sulphureas
3386 5260 3604 5320 loricas,

2025 5373 2218 5413 aereas
2251 5357 2641 5412 sceleratorum
2692 5355 2982 5427 spirituum
3020 5363 3270 5419 naturas,
3307 5354 3607 5423 igneasqne

2025 5450 2346 5505 earumdem
2378 5451 2524 5505 vires
2549 5460 2602 5504 et
2626 5449 2974 5519 operationes
3003 5447 3272 5501 insinuari
3305 5444 3602 5500 credimus.

2025 5542 2128 5597 Per
2182 5542 2389 5595 leonum
2431 5542 2608 5611 capita
2642 5551 2821 5596 autem
2862 5540 3020 5594 letale
3066 5539 3465 5605 ederatnmque
3500 5551 3604 5590 no-

2026 5633 2184 5689 cendi
2218 5633 2464 5688 studium
2503 5652 2516 5687 :
2550 5633 2654 5688 Per
2678 5634 2846 5702 ignem
2879 5633 3137 5701 denique,
3173 5630 3267 5700 qui
3301 5644 3425 5683 cum
3453 5627 3605 5684 fumo

2022 5737 2076 5782 ct
2106 5727 2371 5798 sulphure
2402 5742 2465 5780 es
2498 5742 2593 5782 ore
2621 5726 2837 5781 illorum
2869 5739 3147 5795 egressus,
3181 5723 3394 5778 tertiam
3428 5722 3593 5776 Immi-

2025 5837 2156 5876 nttm
2211 5830 2418 5893 partem
2457 5836 2566 5877 non
2609 5820 2819 5891 absque
2871 5820 3303 5875 comminatione
3336 5816 3596 5870 interem-
