4070 6398
545 371 652 438 3ί33

1712 378 2046 443 ΛΝΒΒΕιΈ
2084 385 2291 445 C/ESA
2307 384 2614 446 RlENSIS

3714 402 3824 463 301

543 502 744 563 pturus
775 493 1077 561 asseritur;
1102 502 1195 548 aut
1227 505 1449 565 peccata
1482 498 1602 567 qua?
1631 512 1728 567 per
1752 498 2000 553 letiferos
2030 500 2124 554 dae-

2250 503 2599 573 ὲπαγομένας
2652 504 3037 589 ¹πυρπολήσεις
3090 510 3213 571 ταῖς
3267 510 3452 565 πόλεσι
3504 515 3593 567 καὶ
3628 518 3827 589 αἱματ-

546 602 770 640 monum
806 587 1065 651 insultus,
1098 598 1464 659 versutasque
1502 590 1721 646 illorum
1754 594 2133 662 suggestiones

545 680 598 732 in
632 681 879 733 animum
915 680 1325 750 ingrediuntur,
1370 683 1664 753 cordisque
1696 682 1911 738 fructus
1948 683 2135 739 incen-

542 772 718 835 dunt;
751 780 848 824 aut
878 772 1187 826 vastitatem
1220 781 1274 827 et
1312 773 1775 843 depraedationem
1811 774 1981 839 illam,
2010 788 2134 844 quae

542 876 637 924 per
672 861 1040 916 Barbarorum
1098 879 1298 919 manus
1334 866 1653 922 civitatibus
1703 867 2006 933 inferetur;
2041 875 2136 921 aut

543 952 855 1020 frequentes
882 963 1029 1007 certe
1054 956 1232 1010 caedes
1252 958 1644 1028 sanguinisque
1667 959 1984 1023 effusiones,
2013 973 2135 1027 qua:

537 1047 692 1114 juxta
754 1047 995 1101 divinam
1050 1050 1557 1105 interminationem
1594 1054 1811 1106 tertiam
1847 1052 2132 1105 hominum

543 1148 753 1206 partem
787 1156 817 1194 c
873 1140 1056 1195 medio
1117 1142 1325 1197 tollent.

540 1230 937 1285 diabolicarum
1029 1232 1440 1303 suggestionum
1532 1252 1737 1307 scopus

546 1340 768 1380 ammte.

1835 1246 1916 1291 est
1938 1278 1953 1303 ,

612 1463 705 1527 IX,
735 1464 826 1528 ΞΟ,
859 1465 949 1520 9-1.
980 1465 1045 1520 Et
1074 1470 1251 1523 cteteri
1283 1468 1541 1533 homines,
1569 1471 1659 1541 qui
1692 1486 1793 1524 non
1822 1480 1945 1525 sunt
1978 1472 2140 1525 occisi

542 1559 598 1609 in
637 1556 717 1609 his
754 1556 953 1627 plagis,
1008 1562 1169 1629 neque
1216 1562 1582 1629 patuitentiam
1622 1573 1835 1632 egerunt
1867 1564 1931 1617 de
1970 1566 2139 1632 operi-

502 1676 509 1683 ν
544 1649 640 1702 bus
682 1664 935 1701 manuum
974 1667 1228 1716 suarum,
1264 1662 1321 1705 ut
1363 1670 1466 1707 non
1507 1655 1801 1707 adorarent
1851 1656 2136 1721 da'monia,

500 1772 511 1783 ν-
542 1752 591 1793 et
626 1740 918 1793 simulacra
959 1757 1126 1796 aurea
1157 1754 1204 1796 et
1232 1754 1477 1815 argentea
1502 1755 1550 1799 et
1580 1762 1742 1810 azrea,
1776 1757 1824 1800 et
1852 1747 2067 1815 lapidea
2090 1756 2139 1802 et

545 1832 758 1901 lignea;
796 1850 911 1902 qua:
938 1842 1103 1905 neque
1134 1837 1307 1891 videre
1336 1848 1580 1906 possunt,
1612 1852 1775 1909 neque
1807 1839 2015 1905 audire,
2048 1859 2135 1897 ne-

1405 1144 1573 1200 Rectc
1641 1154 1822 1200 autem
1888 1146 2109 1198 illorum
2168 1146 2369 1199 caudas
2430 1148 2756 1214 serpentibus
2814 1149 3148 1217 assimulat;

2056 1234 2346 1291 infundere

2239 596 2507 663 εκχυσίας
2544 586 2685 649 κατὰ
2709 595 2860 649 θείαν
2892 599 3244 671 συγχώρησιν
3269 618 3281 630 ·
3324 602 3391 655 δι’
3416 596 3492 657 ὧν
3515 644 3529 666 ,
3560 606 3635 670 ὡς
3683 586 3826 680 όρῶ-

2240 703 2363 756 μεν,
2411 689 2509 756 οὐχ
2547 680 2711 758 ἦττον
2755 688 2850 741 τοῦ
2884 690 3068 762 τρίτου
3124 696 3324 763 μέρους
3367 695 3475 748 τῶν
3522 697 3824 770 ἀνθρώπων

2233 780 2553 849 ἠφάνισται,
2607 782 2802 845 Καλῶς
2856 783 2911 837 δὲ
2966 785 3075 851 τὰς
3128 788 3311 854 οὐρὰς
3364 789 3547 844 αὐτῶν
3594 794 3823 865 ὁμοίας,

2234 870 2423 940 φησὶν,
2471 870 2645 940 ὄφεσι
2685 872 3068 944 [κεκτημένοις
3102 876 3399 950 κεφαλάς·]
3439 881 3506 933 τὰ
3550 882 3661 955 γὰρ
3692 885 3820 957 τέλη

2239 961 2349 1014 τῶν
2388 962 2725 1031 δαιμονικῶν
2770 965 3125 1035 ὑποσπορῶν,
3173 968 3377 1033 ἰοϐόλος
3423 972 3669 1046 ἁμαρτία
3728 977 3825 1031 καὶ

2234 1051 2462 1121 ψυχικὸς
2497 1050 2784 1125 [ὑπάρχει]
2811 1054 3063 1119 θάνατος.

3237 1152 3507 1223 siquidem
3575 1159 3822 1215 omnium

2444 1237 2774 1293 virulentum
2873 1249 3179 1310 peccatum,
3293 1247 3440 1316 quod
3506 1258 3590 1305 est
3674 1268 3822 1307 mors

2873 1249 3179 1310 peccatum,

2313 1475 2418 1528 Καὶ
2446 1478 2499 1528 οἱ
2521 1476 2719 1529 λοιποὶ
2757 1474 2877 1529 τῶν
2907 1476 3256 1545 ἀνθρώπων,
3294 1477 3351 1530 οἳ
3375 1480 3487 1533 οὐκ
3518 1480 3820 1537 ἀπεκτάν-

2240 1570 2437 1635 θησαν
2466 1568 2535 1621 ἐν
2582 1568 2713 1635 ταῖς
2745 1569 3008 1638 πληγαῖς
3055 1566 3288 1634 αὐτῶν,
3331 1572 3403 1624 οὐ
3440 1574 3824 1643 μετενόησα-ν

2237 1660 2307 1712 ἐκ
2343 1659 2463 1711 τῶν
2499 1660 2693 1730 ἔργων
2728 1660 2847 1713 τῶν
2877 1660 3094 1730 χειρῶν
3120 1663 3342 1727 αὐτῶν,
3376 1663 3480 1717 ἵνα
3510 1665 3595 1733 μὴ
3629 1682 3822 1735 προσ-

2238 1752 2557 1820 κυνήο-ωσι
2580 1753 2651 1807 τὰ
2672 1752 2972 1822 δαιμόνια,
3016 1754 3110 1807 καὶ
3161 1755 3233 1808 τὰ
3255 1754 3478 1809 εἴδωλα
3502 1758 3576 1811 τὰ
3598 1758 3821 1827 χρυσᾶ.

2243 1845 2340 1898 καὶ
2373 1843 2447 1899 τὰ
2478 1844 2733 1914 ἀργυρᾶ,
2769 1846 2863 1899 καὶ
2899 1845 2971 1899 τὰ
3004 1845 3226 1914 χαλκᾶ,
3247 1848 3341 1900 καὶ
3372 1852 3443 1902 τὰ
3468 1850 3696 1918 λίθινα,
3730 1855 3823 1905 καὶ

498 1960 501 1965 λ
536 1941 642 1995 que
674 1926 949 1980 ambulare
976 1943 995 1980 :
1026 1937 1073 1981 et
1099 1945 1200 1981 non
1232 1940 1450 1999 egerunt
1479 1933 1842 1998 penitentiam
1874 1933 1938 1986 ab
1964 1934 2124 1989 homi-

2238 1937 2309 1991 τὰ
2372 1936 2632 2001 ξύλινα,
2690 1936 2727 1991 ἂ
2789 1939 2929 1991 οὔτε
2992 1938 3253 2001 ,βλέπειν
3305 1939 3628 2008 δύνανται,
3692 1945 3828 1999 οὔτε

543 2010 695 2071 άᾱὶἱέ
732 2018 867 2077 suis.
904 2035 1064 2089 neque
1097 2037 1128 2074 a
1158 2022 1423 2091 vene/ieiis
1454 2024 1591 2090 suis,
1630 2030 1793 2093 neque
1828 2042 1858 2078 a
1900 2025 2135 2093 fornica-

502 2156 503 2159 η
542 2113 680 2164 tione
715 2112 841 2177 'sna,
875 2114 1036 2181 neque
1069 2130 1098 2165 a
1122 2108 1282 2181 furtis
1307 2116 1440 2172 suis.

592 2424 716 2495 ’,42
762 2423 890 2476 llaec
939 2438 1063 2476 cum
1102 2412 1554 2493 pratcedentibus
1611 2428 1892 2483 cohaerent
1942 2447 1953 2482 :
2007 2447 2132 2485 nam

522 2529 663 2565 rum
709 2515 872 2580 paulo
922 2525 1048 2565 ante
1094 2508 1326 2591 dixisset
1370 2524 1480 2569 tres
1526 2516 1645 2570 illas
1688 2518 1872 2587 plagas
1916 2521 2131 2574 tertiam

542 2604 828 2657 hominum
866 2614 1073 2673 partem
1114 2604 1513 2676 absumpsisse,
1552 2618 1605 2662 ct
1635 2614 1883 2680 qumdam
1925 2612 2132 2667 interea

540 2698 988 2765 interposuisset,
1026 2698 1113 2753 hic
1144 2716 1291 2754 nunc
1328 2701 1552 2770 subjicit
1584 2712 1812 2758 caeteros
1858 2706 2131 2773 homines,

538 2788 744 2853 quibus
777 2788 1050 2856 parcitum
1083 2798 1223 2853 erat,
1272 2791 1376 2845 hoc
1411 2802 1514 2855 est,
1550 2795 1754 2862 quibus
1786 2796 1959 2865 plagm
1992 2813 2131 2866 pra:-

543 2882 705 2934 dictac
734 2881 897 2934 illata:
928 2896 1035 2933 non
1074 2880 1315 2946 fuerant,
1349 2884 1732 2951 pmnitentiam
1767 2888 2128 2956 repudiasse;

538 2985 719 3039 neque
768 2970 837 3024 ab
888 2970 1200 3025 idololatria
1226 3013 1240 3037 ,
1300 2989 1479 3042 neque
1507 2990 1535 3028 a
1568 2976 1807 3030 caulibus
1830 3018 1843 3041 ,
1892 2994 2070 3047 neque
2100 2994 2131 3033 a

538 3063 1001 3128 scortationihus,
1041 3080 1219 3133 neque
1255 3081 1284 3119 a
1322 3065 1515 3133 furtis,
1566 3084 1745 3139 neque
1772 3086 1801 3123 a
1834 3072 2127 3135 veneficiis,

537 3154 740 3225 quibus
800 3163 1198 3221 assueverant,
1260 3171 1380 3211 sese
1443 3159 1821 3227 continuisse;
1885 3160 2131 3230 adeoque

2228 2029 2516 2093 ἀκούειν,
2551 2030 2689 2082 οὔτε
2747 2029 3131 2096 περιπατεῖν·
3178 2029 3275 2083 καὶ
3328 2034 3400 2085 (νὺ
3442 2037 3829 2104 μετενόησαν

2239 2123 2303 2177 ἐκ
2337 2123 2455 2176 τῶν
2495 2125 2700 2193 φόνων
2740 2122 2959 2187 αὐτῶν,
2996 2124 3136 2177 οὔτε
3176 2126 3243 2179 ἐκ
3296 2126 3413 2179 τῶν
3446 2130 3830 2195 φαρμακειῶν

2237 2218 2455 2282 αὐτῶν,
2492 2220 2631 2271 οὔτε
2658 2218 2725 2271 ἐκ
2757 2218 2866 2283 τῆς
2895 2220 3177 2288 πορνείας
3198 2219 3417 2285 αὐτῶν,
3449 2223 3588 2276 οὔτε
3611 2223 3685 2277 ἐκ
3713 2223 3830 2278 τῶν

2232 2310 2593 2379 κλεμμάτων
2627 2311 2845 2367 αὐτῶν.

2307 2447 2438 2517 [Καὶ
2457 2450 2509 2501 οἱ
2530 2448 2730 2501 λοιποὶ
2761 2447 2880 2501 τῶν
2906 2449 3236 2516 ἀνθρώπων
3248 2450 3305 2503 οἳ
3320 2451 3425 2504 οὐκ
3442 2450 3827 2524 ἀπεκτάνθη-

2236 2556 2377 2594 σαν.
2413 2540 2500 2611 —j
2552 2540 2645 2594 καὶ
2693 2540 2854 2593 τοῦτο
2897 2541 3009 2594 τῶν
3071 2543 3504 2613 προηγουμένων
3560 2544 3825 2615 ἤρτηται.

2237 2631 2423 2686 Εἰπὼν
2449 2632 2560 2703 γὰρ
2603 2632 2865 2703 ἀνωτέρω
2895 2634 3002 2687 ἀπὸ
3033 2633 3142 2686 τῶν
3176 2635 3345 2704 τριῶν
3377 2634 3648 2708 [πληγῶν]
3706 2637 3828 2691 τού-

2234 2744 2342 2779 των
2374 2727 2791 2796 ἀποκτανθῆναι
2820 2726 2881 2779 τὸ
2911 2727 3095 2797 τρίτον
3129 2729 3236 2780 τῶν
3267 2726 3593 2799 ἀνθρώπων,
3626 2728 3730 2783 καὶ
3773 2730 3829 2782 ἐν

2233 2818 2312 2888 τῷ
2347 2819 2551 2889 μεταξὺ
2590 2819 2881 2889 παρενθείς
2909 2837 3051 2884 τινα,
3081 2821 3332 2889 ἐπήγαγε
3366 2836 3380 2851 ·
3417 2822 3526 2874 Καὶ
3567 2822 3617 2874 oi
3644 2821 3827 2876 λοιποὶ

2233 2911 2341 2963 τῶν
2374 2909 2680 2981 ἀνορὼπων
2715 2911 2828 2963 ὅσοι
2875 2910 3094 2978 φειδοῦς
3125 2910 3473 2979 ἀξιωθέντες,
3503 2913 3598 2966 καὶ
3644 2913 3827 2968 ταῦτα

2239 3002 2312 3073 μὴ
2364 3003 2722 3068 πεπονθότες,
2758 3003 3125 3073 ἀμετανόητοι
3158 3005 3525 3075 μεμενήκασι,
3567 3006 3711 3075 μήτε
3761 3008 3825 3074 τῇ

2239 3094 2647 3164 εἰδωλολατρία,
2686 3097 2825 3163 μήτε
2858 3097 2969 3159 τοῖς
3000 3095 3184 3163 φόνοις
3226 3096 3321 3149 καλ⁸
3352 3099 3475 3159 ταῖς
3516 3098 3825 3168 πορνείαις,

2234 3186 2331 3238 καὶ
2360 3189 2473 3249 τοῖς
2502 3187 2817 3255 κλέμμασιν
2845 3186 3026 3239 αὐτῶν
3058 3189 3151 3240 καὶ
3173 3191 3291 3250 ταῖς
3314 3187 3595 3256 γοητείαις
3615 3188 3826 3242 ἀποτα-

534 3244 757 3299 easdem
797 3260 936 3313 quas
960 3244 1184 3315 reliqui,
1222 3246 1305 3300 vel
1339 3248 1622 3318 graviores
1650 3266 1871 3320 quoque
1902 3252 2124 3307 calami-

2237 3244 2469 3346 Edpsvor
2498 3317 2512 3341 ,
2547 3244 2660 3340 τοίς
2700 3278 2883 3340 αὐτοῖς
2924 3244 3621 3348 ὑποκείσονταιίΔίιλοῦται
3649 3278 3715 3332 δὲ
3763 3280 3824 3331 ὲκ

536 3343 676 3388 tates
708 3343 761 3387 et
794 3334 1049 3389 miserias
1079 3334 1395 3405 propediem
1438 3339 1723 3395 subituros
1757 3358 1901 3396 esse.
1939 3344 2124 3414 Signi-

530 3429 731 3481 tic'atur
789 3440 971 3481 autem
1042 3444 1137 3497 per
1200 3428 1314 3485 hate
1377 3431 1747 3488 universalem
1803 3435 2014 3490 cladem
2060 3452 2124 3491 ex

535 3521 721 3575 divina
749 3521 827 3574 ira
857 3516 1181 3585 profectam,
1224 3524 1489 3577 mundum
1543 3527 1671 3580 olim
1710 3544 2120 3597 oppressurum.

532 3615 736 3670 Multus
791 3626 1029 3684 namque
1077 3623 1130 3668 et
1162 3616 1348 3670 varius
1400 3633 1554 3671 error
1610 3620 1910 3674 bacchatur
1970 3622 2116 3677 inter

531 3707 655 3760 illos
687 3707 781 3776 qui
807 3708 1093 3762 veritatem
1133 3724 1242 3762 non
1292 3720 1671 3777 cognoverunt
1698 3729 1710 3777 ;
1745 3727 1773 3765 e
1801 3714 2003 3782 quibus
2032 3714 2125 3767 alii

534 3798 768 3851 adorant
831 3799 1172 3866 simulacra;
1205 3800 1297 3853 alii
1350 3809 1660 3854 creaturam
1717 3818 1815 3872 pro
1854 3804 2123 3860 Creatore

532 3892 863 3959 observant;
901 3892 992 3945 alii
1024 3892 1135 3946 alio
1159 3894 1322 3948 modo
1351 3903 1556 3947 errant.
1596 3894 1660 3947 Et
1694 3898 1945 3963 quamvis
1970 3914 2123 3952 com-

528 3986 814 4054 periantur
858 3985 950 4054 qui
987 3984 1157 4039 Deum
1196 4001 1253 4039 se
1286 4002 1595 4056 agnoscere
1642 4004 1748 4041 non
1802 3988 2121 4055 diffitentur,

530 4086 770 4131 attamen
818 4076 978 4131 factis
1015 4077 1166 4131 illum
1211 4089 1435 4148 negant.
1483 4078 1811 4149 Cujusmodi
1848 4081 1990 4135 inter
2016 4099 2124 4137 ca:-

530 4180 680 4223 teros
732 4178 896 4235 sunt,
947 4172 1068 4240 qui,
1101 4179 1329 4225 externa
1384 4172 1605 4241 pietatis
1657 4174 1803 4227 larva
1854 4177 2119 4241 contenti,

528 4263 783 4317 virtutem
822 4260 969 4317 illius
1010 4263 1148 4317 nihil
1188 4273 1402 4319 curant.
1436 4265 1539 4319 Alii
1590 4267 1836 4322 avaritia:
1886 4269 2119 4324 darmOni

474 4356 477 4363 '
527 4354 776 4407 serviunt
823 4372 835 4407 :
879 4355 1082 4424 quibus
1146 4356 1369 4412 divinus
1421 4356 1722 4427 Apostolus
1792 4359 2120 4417 idololatria:

526 4460 711 4503 notam
773 4449 1046 4519 impingit.
1079 4450 1169 4503 Ait
1194 4451 1339 4505 enim
1377 4449 1485 4503 :Et
1522 4453 1826 4519 avaritiam,
1876 4472 1992 4525 quae
2041 4467 2118 4509 est

524 4541 935 4593 simulacrorum
989 4543 1212 4596 servitus
1261 4543 1331 4594 ’³.
1376 4543 1539 4601 Faxit
1585 4544 1876 4610 Dominus,
1921 4558 1979 4599 ut
2014 4564 2115 4604 nos

2231 3369 2439 3422 τούτων
2491 3370 2838 3437 παγκόσμιον
2873 3370 2971 3440 τὴν
3003 3372 3174 3441 ὀργὴν
3213 3370 3541 3439 ἐπάγεσθαι.
3590 3371 3822 3441 Ποικίλη

2230 3461 2340 3531 γὰρ
2385 3462 2561 3532 πλάνη
2619 3461 2877 3532 βακχεύει
2944 3464 3037 3515 ἐπὶ
3094 3466 3207 3527 τοῖς
3272 3466 3345 3534 μὴ
3394 3464 3823 3533 ὲπιγινώσκουσι

2226 3554 2331 3625 τὴν
2376 3554 2637 3624 ἀλήθειαν
2670 3554 2871 3615 ἔθνεσι,
2909 3553 3047 3625 [καὶ]
3098 3556 3211 3618 τοῖς
3249 3556 3371 3623 μὲν,
3409 3555 3604 3607 εἴδωλα
3647 3572 3824 3626 προσ-

2229 3646 2450 3699 κυνοῦσι
2472 3662 2485 3676 ·
2523 3649 2637 3710 τοῖς
2671 3646 2749 3710 δὲ,
2794 3646 2895 3717 τὴν
2929 3647 3107 3699 κτίσιν
3142 3647 3262 3700 ἀντὶ
3314 3646 3409 3699 τοῦ
3470 3648 3778 3710 Κτίσαντος
3806 3665 3819 3676 ·

2231 3740 2325 3792 καὶ
2356 3742 2470 3802 τοῖς
2518 3739 2615 3807 μὲν
2637 3740 2728 3791 τὸν
2756 3738 2888 3791 Θεὸν
2920 3738 3277 3808 ὁμολογοῦσιν
3299 3739 3520 3805 εἰδέναι,
3547 3739 3823 3810 ἀρνουμέ-

2228 3850 2341 3896 νοις
2378 3832 2435 3886 δὲ
2473 3832 2541 3886 δι’
2571 3832 2785 3903 ἔργων·
2823 3831 2917 3885 καὶ
2939 3832 3037 3902 τὴν
3080 3832 3179 3903 μὲν
3218 3832 3502 3903 μόρφωσιν
3531 3832 3632 3903 τῆς
3659 3832 3821 3886 εὗσε-

2228 3924 2381 3986 6είας
2410 3925 2844 3993 περικειμένοις,
2879 3922 2979 3994 τὴν
3018 3924 3074 3977 δὲ
3105 3924 3340 3993 δύναμιν
3368 3924 3541 3994 αὐτῆς
3576 3924 3822 3978 art-06a}.-

2227 4014 2497 4085 λομὲνοις.
2532 4016 2643 4069 Καὶ
2670 4018 2785 4077 τοῖς
2821 4014 2899 4084 τῷ
2935 4017 3216 4085 μαμμωνᾷ
3244 4014 3557 4068 δουλεύουσι
3597 4013 3688 4067 διὰ
3717 4014 3819 4083 τῆς

2228 4106 2617 4177 φιλαργυρίας,
2640 4106 3061 4176 εἰδωλολατρίαν
3093 4105 3318 4171 ἐγκαλεῖ
3350 4107 3379 4159 ὁ
3413 4104 3605 4177 [θεῖος]
3645 4104 3817 4158 Ἀπό-

2230 4193 2440 4257 στολος,
2470 4193 2673 4247 εἰπών·
2709 4195 2819 4249 Καὶ
2852 4194 2967 4264 τὴν
3004 4197 3428 4265 φιλαργυρίαν,
3464 4195 3598 4264 ἣτις
3640 4196 3819 4249 ἐστὶν

2224 4285 2683 4354 εἰδωλολατρία.
2715 4289 2932 4341 Γένοιτο
2962 4289 3019 4341 δὲ
3047 4291 3195 4360 ἡμᾶς
3219 4289 3403 4359 ἔργοις
3431 4289 3819 4359 ἐπιδεικνυμέ-

2223 4394 2345 4441 νους
2367 4378 2426 4430 τὸ
2452 4378 2748 4448 εἰλικρινὲς
2774 4381 2870 4433 καὶ
2900 4381 3128 4452 γνήσιον
3158 4381 3258 4451 τῆς
3279 4383 3359 4444 εἰς
3382 4380 3516 4435 Θεὸν
3550 4382 3813 4447 πίστεως,

2222 4470 2493 4537 ἀνηκόους
2533 4471 2792 4539 γενέσθαι
2827 4472 2929 4541 τῆς
2972 4473 3210 4543 φοϐερᾶς
3239 4474 3459 4544 ἐκείνης
3500 4478 3684 4545 φωνῆς
3712 4476 3815 4543 τῆς

2220 4559 2413 4633 [οὕτω]
2469 4562 2765 4633 λεγούσης·
2827 4566 3017 4634 Ἀμὴν
3065 4565 3229 4637 ἀμὴν
3278 4568 3436 4637 λέγω
3479 4569 3644 4639 ὑμῖν,
3699 4571 3814 4622 οὐκ

525 4633 797 4685 sinceram
849 4648 1281 4702 germanamque
1333 4634 1385 4686 in
1435 4630 1714 4689 Christum
1767 4638 1924 4691 fidem
1975 4640 2113 4695 vivis

2228 4630 2353 4707 οἴδα
2389 4630 2549 4723 unde
2571 4674 2584 4686 ·
2635 4630 2757 4727 [καὶ
2794 4659 2862 4709 τὰ
2886 4630 3013 4729 έξῆς
3101 4630 3457 4729 *Πορεύεσθε
3497 4630 3601 4715 ἀπ’
3630 4630 3811 4730 -ἐμοῡ,

525 4723 801 4791 operibus
837 4725 1212 4790 ostendentes,
1266 4727 1567 4780 terribilem
1604 4729 1749 4781 illam
1783 4731 1985 4786 Christi
2022 4749 2118 4785 vo-

520 4828 638 4868 cem
659 4854 673 4880 ,
708 4812 896 4880 Amen,
926 4831 1081 4868 amen
1109 4814 1228 4869 dico
1257 4816 1421 4881 vobis,
1464 4819 1638 4871 nescio
1673 4835 1758 4871 vos
1790 4820 1835 4849 ”
1864 4838 1876 4873 :
1903 4829 1959 4875 et
1983 4822 2119 4878 alte-

519 4925 637 4963 ram
670 4909 855 4962 illam:
888 4907 1157 4963 Discedite
1184 4928 1214 4962 a
1249 4927 1349 4976 me,
1385 4926 1561 4966 omnes
1595 4898 1827 4981 operarii
1857 4917 2117 4986 iniquita-

517 5002 587 5056 tis
625 5002 694 5064 ²⁵,
748 5017 1034 5070 nunquam
1086 5004 1417 5071 audiamus;
1466 5021 1658 5060 verum
1708 5006 1922 5063 beatam
1967 5010 2114 5065 illam

517 5096 808 5164 modisque
850 5096 1109 5150 omnibus
1156 5098 1453 5166 optabilem
1519 5101 1833 5168 patentibus
1881 5104 2109 5160 auribus

514 5186 877 5252 hauriamus;
925 5184 1130 5253 Venite,
1178 5188 1438 5243 benedicti
1464 5190 1646 5245 Patris
1687 5194 1809 5257 mei,
1846 5196 2109 5263 possidete

511 5290 765 5345 paratum
819 5278 963 5331 vobis
1008 5297 1040 5332 a
1094 5282 1475 5353 constitutione
1530 5286 1715 5336 mundi
1777 5303 1995 5356 regnum
2039 5290 2106 5345 ".

510 5368 700 5425 Gratia
721 5379 774 5424 et
800 5371 1087 5425 clementia
1112 5381 1168 5426 et
1190 5373 1567 5429 misericordia
1599 5375 1745 5432 illius
1764 5380 1855 5448 qui
1886 5394 2107 5436 crucem

510 5474 708 5529 sponte
758 5475 979 5534 propter
1024 5481 1127 5520 nos
1157 5466 1444 5530 sustinuit,
1481 5467 1585 5522 hoc
1626 5478 1730 5532 est,
1769 5470 1978 5525 Christi
2016 5474 2106 5529 Dei

2219 4743 2319 4816 [οἱ]
2352 4745 2613 4816 ιέργάται
2667 4748 2777 4817 τῆς
2839 4751 3117 4820 ἀνομίας.
3200 4754 3313 4824 Τῆς
3394 4754 3449 4808 δὲ
3532 4754 3815 4825 μακαρίας

2218 4834 2470 4909 [μᾶλλον]
2502 4838 2733 4891 ἀκοῦσαι
2762 4842 2855 4893 καὶ
2888 4843 3151 4906 εὐκταίας
3173 4860 3186 4874 ·
3226 4844 3428 4910 Δεῦτε,
3467 4848 3522 4897 οἱ
3551 4847 3813 4911 εὐλογη-

2208 4926 2382 4996 μένοι
2416 4928 2523 4982 τοῦ
2551 4932 2785 4998 Πατρός
2812 4950 2955 5001 μου,
2976 4935 3482 5004 κληρονομήσατε
3498 4940 3613 5003 τὴν
3644 4936 3811 5002 ἡτοι-

2209 5020 2537 5090 μασμένην
2589 5024 2733 5093 ὑμῖν
2773 5026 3108 5089 ,ϐασιλείαν
3172 5028 3291 5081 ἀπὸ
3329 5027 3680 5097 καταϐολῆς
3708 5029 3810 5081 κό·

2209 5125 2392 5179 σ’μου.
2458 5113 2658 5185 Χάριτι
2698 5114 2819 5187 [καὶ
2870 5116 3281 5191 φιλανθρωπίᾳ]
3331 5122 3427 5174 καὶ
3500 5122 3805 5192 οίκτιρμοῖς

2209 5202 2304 5255 τοῦ
2341 5203 2407 5256 δι’
2442 5206 2590 5276 ἡμᾶς
2625 5208 2861 5279 σταυρὸν
2909 5212 3174 5275 ἑκουσίως
3226 5213 3625 5282 ὑπομείναντος
3668 5215 3806 5284 Χρθ-

2212 5294 2342 5348 στοῦ
2377 5296 2471 5349 τοῦ
2513 5298 2649 5351 Θεοῦ
2682 5300 2844 5369 ἡμῶν
2866 5319 2878 5331 ο
2934 5303 3055 5373 μεθ’
3098 5296 3161 5356 οὗ
3192 5303 3271 5375 τῷ
3302 5305 3478 5376 [Ιατρὶ
3515 5304 3662 5371 δόξα,
3689 5306 3807 5375 ἅμα

2211 5386 2291 5455 τῷ
2329 5389 2469 5459 ἁγίῳ
2504 5389 2624 5461 [καὶ
2658 5391 2937 5467 ζωοποιῷ]
2978 5394 3283 5467 Πνεύματι,
3314 5397 3410 5452 νῦν
3445 5400 3539 5452 καὶ
3566 5399 3672 5463 ἀεὶ,
3712 5398 3804 5450 καὶ

2211 5482 2292 5542 εἰς
2312 5484 2436 5545 τοὺς
2468 5484 2675 5548 αἰῶνας
2703 5485 2812 5539 τῶν
2836 5488 3069 5543 αἰώνων.
3122 5490 3314 5562 Ἀμήν.

510 5561 565 5606 et
595 5554 812 5611 Domini
840 5557 1014 5612 nostri
1051 5576 1063 5611 :
1093 5572 1219 5612 cum
1259 5574 1390 5629 quo,
1421 5558 1567 5616 Patri
1609 5579 1713 5618 una
1750 5580 1875 5618 eum
1915 5578 2108 5625 sancto
2148 5572 2477 5647 viviticoque
2512 5576 2720 5648 Spiritu
2753 5582 2825 5636 sit
2853 5583 3048 5653 gloria,
3104 5554 3289 5655 nunc,
3356 5596 3407 5643 et
3471 5603 3722 5659 semper,
3749 5593 3801 5638 cl

512 5648 566 5704 in
596 5653 799 5707 saecula
840 5656 1191 5710 sweulorum.
1227 5656 1422 5710 Amen.

579 5832 624 5864 "
653 5831 867 5885 Coloss.
908 5850 989 5902 tn,
1022 5837 1075 5893 5.
1153 5839 1198 5869 "
1233 5839 1420 5894 Matth.
1453 5858 1579 5909 xxv,
1642 5820 1729 5900 l2;
1806 5846 1848 5878 ²⁵
1886 5845 1904 5899 l
1952 5846 2091 5905 Mac.

2248 5851 2301 5905 6.
2382 5854 2428 5884 ³⁸
2480 5853 2671 5925 Matth,
2728 5873 2830 5911 xxv
2903 5859 2993 5914 54.
