4070 6400
525 426 629 491 307

1682 429 2009 489 ANDRE/E
2052 432 2576 494 (ἓίΕδΑΒΙΕΝΞΙΞ

3668 442 3774 505 308

522 546 762 602 namque
788 538 841 586 et
869 533 1129 600 obscptos
1172 532 1445 601 ejusmodi
1482 547 1772 589 sermones
1802 550 1945 601 esse,
1985 537 2099 608 ipse

2207 544 2582 612 ταμιεύεσθαι.
2642 544 3151 615 Ἐσφραγισμένους
3184 531 3307 620 γὰρ
3362 548 3456 603 καὶ
3488 550 3775 620 ἔμπεφρα-

520 626 681 679 etiam
712 624 973 694 propheta
1007 624 1193 678 Daniel
1219 625 1518 694 aliquando
1544 626 1773 682 audivit.

588 798 677 863 IX,
711 799 845 863 5,6.
906 797 975 851 Et
1024 798 1241 868 angelus
1303 817 1456 870 quem
1504 803 1611 856 vidi
1660 813 1891 858 stantem
1940 821 2097 874 super

514 905 658 942 mare
696 898 743 941 et
775 904 930 956 super
959 896 1181 952 terram,
1231 888 1417 942 levavit
1455 906 1671 942 manum
1711 907 1864 943 suam
1911 894 2095 944 dexte-

513 994 629 1030 ram
665 979 735 1030 ad
770 978 1001 1041 caelum;
1040 988 1089 1031 et
1113 978 1322 1043 juravit
1369 996 1460 1049 per
1495 982 1747 1035 viventem
1794 982 1850 1035 in
1895 985 2095 1035 sarcula

508 1067 850 1132 saeculorum,
881 1069 975 1138 qui
1006 1070 1201 1123 creavit
1233 1070 1422 1123 cwlum
1447 1080 1495 1124 et
1520 1088 1580 1125 ea
1610 1088 1727 1141 qua
1754 1073 1807 1125 in
1832 1071 1925 1124 illo
1948 1080 2094 1133 sunt,

508 1168 557 1212 et
590 1168 786 1211 terram
818 1170 867 1214 et
890 1177 953 1214 ea
979 1177 1097 1229 quae
1128 1164 1183 1214 in
1212 1178 1273 1215 ea
1294 1172 1439 1226 sunt,
1474 1174 1521 1217 et
1560 1180 1704 1217 mare
1729 1174 1777 1217 et
1808 1180 1869 1216 ea
1900 1179 2018 1232 qua:
2042 1163 2097 1215 in

511 1266 571 1303 eo
599 1262 740 1317 sunt,
774 1252 902 1321 quia
935 1261 1136 1321 tempus
1161 1270 1265 1307 non
1296 1256 1396 1307 erit
1428 1254 1678 1323 amplius.

580 1427 714 1484 Cum
742 1427 884 1486 Deus
911 1430 1122 1485 nullum
1153 1445 1212 1486 se
1252 1430 1518 1496 majorem
1552 1431 1750 1486 habeat
1808 1446 1902 1501 per
1932 1446 2093 1501 quem

512 1520 700 1589 iurare
743 1520 935 1590 possit,
974 1535 1070 1589 per
1118 1522 1476 1591 semetipsum
1506 1506 1695 1590 jurare
1729 1521 1931 1576 solitus
1961 1530 2044 1575 est
2078 1538 2093 1575 :

515 1613 694 1681 angeli
732 1626 937 1680 autem,
977 1623 1236 1682 tanquam
1270 1628 1357 1669 res
1390 1623 1611 1679 creatae,
1652 1630 1745 1683 per
1780 1614 2093 1669 Creatorem

508 1708 722 1777 iurant,
748 1723 922 1777 eaque
952 1724 1073 1778 qua:
1098 1708 1306 1771 dicunt,
1338 1717 1560 1777 propter
1587 1717 1830 1762 nostram
1855 1706 2097 1761 unum-

514 1801 647 1855 tiam
683 1810 737 1856 et
782 1800 1248 1866 incredulitatem,
1305 1800 1547 1855 ecrlestis
1586 1800 1827 1853 nominis
1866 1807 2094 1854 attesta-

514 1894 664 1948 tione
701 1894 1048 1948 conﬁrmant.
1073 1892 1229 1946 Jurat
1266 1891 1354 1945 hic
1382 1902 1587 1956 autem,
1638 1892 1845 1945 nullum
1872 1891 2100 1960 posthac

2208 1924 2406 1995 μηκέτι
2468 1891 2628 1989 εἶναι.

512 1985 750 2053 amplius
799 1993 1013 2053 tempus
1050 1982 1205 2050 fore;
1243 1993 1409 2053 atque
1446 1987 1549 2039 hoc
1582 1984 1667 2037 vel
1699 1983 1751 2037 in
1784 1983 1967 2037 futuro
1996 1998 2099 2037 sa:-

514 2076 661 2140 culo,
696 2075 749 2129 in
780 2090 891 2145 quo
918 2075 1130 2129 nullum
1156 2076 1396 2130 exsmbit
1420 2085 1656 2145 tempus,
1682 2075 1829 2145 quod
1860 2074 1974 2129 sole
1997 2074 2101 2128 hoc

512 2169 705 2224 scnsili
755 2178 1141 2234 mensuretur;
1178 2169 1271 2223 sed
1304 2169 1414 2223 vita
1472 2177 1683 2222 tantum
1729 2176 1954 2231 aeterna,
1980 2183 2101 2237 quae

513 2258 909 2327 temporarium
942 2273 1231 2313 numerum
1272 2255 1493 2311 excedit
1528 2274 1541 2309 :
1574 2266 1671 2310 aut
1707 2265 1924 2325 tempus
1954 2267 2102 2311 certe

512 2348 740 2421 longum
773 2357 893 2418 post
922 2359 1132 2404 sextam
1160 2347 1335 2417 angeli
1362 2362 1551 2401 vocem
1584 2362 1688 2400 non
1722 2344 1967 2401 futurum
1994 2364 2008 2412 ;
2036 2362 2102 2401 eo

513 2444 660 2513 quod
688 2443 802 2513 jam
833 2453 946 2497 tum
974 2442 1040 2497 ad
1073 2442 1281 2497 exitum
1319 2441 1570 2506 tendant,
1607 2456 1947 2511 quaecunque
1975 2448 2101 2494 ante

512 2534 773 2604 praedicta
803 2542 981 2588 erant.
1018 2536 1201 2600 Quare
1234 2533 1400 2587 etiam
1431 2532 1655 2597 subdit;

587 2625 698 2681 Sed
721 2627 773 2678 in
807 2625 989 2678 diebus
1036 2625 1176 2678 vocis
1222 2625 1435 2692 septimi
1480 2624 1688 2692 angelij,
1730 2640 1849 2677 cum
1889 2625 2100 2693 coeperit

516 2718 646 2773 tuba
693 2734 903 2783 canere,
964 2716 1420 2769 consummabitur
1463 2717 1773 2785 mysterium
1812 2716 1931 2780 Dei,
1962 2718 2101 2770 sicut

511 2808 892 2880 evangelisavit
926 2826 1018 2878 per
1047 2824 1220 2862 servos
1251 2824 1374 2862 suos
1405 2808 1705 2874 prop/retas.

585 2923 696 2996 44
723 2923 826 2978 Per
860 2924 974 2979 haec
1003 2922 1299 2994 signiﬁcari
1336 2924 1594 2987 arbitror,
1642 2932 1765 2992 post
1794 2923 2098 2978 absolutam

516 3032 611 3071 sex
639 3016 966 3070 saeculorum
1009 3014 1319 3084 periodum,
1353 3014 1406 3068 in
1435 3015 1628 3069 diebus
1658 3016 1874 3084 septimi
1915 3015 2099 3069 saeculi

520 3108 687 3178 (quod
718 3117 934 3179 tempus
981 3122 1077 3179 per
1112 3108 1390 3177 septimam
1428 3108 1610 3161 tubam
1655 3108 2004 3176 exprimitur)
2036 3123 2098 3160 ea

2205 637 2444 705 γμένους
2484 637 2613 700 τοὺς
2637 635 2914 701 τοιούτους
2947 637 3161 708 λόγους,
3199 640 3292 693 καὶ
3323 641 3351 694 ὁ
3378 641 3571 711 Δανιὴλ
3602 643 3780 698 ἐδιδά-

2206 729 2363 781 σκετό
2395 726 2597 799 [ποτε.]

2274 820 2384 874 Καὶ
2415 823 2447 874 ό
2491 820 2749 891 ἄγγελος
2796 823 2871 879 ὃν
2898 822 3063 880 εἶδον
3100 826 3331 881 ἑστῶτα
3372 826 3473 881 ἐπὶ
3520 827 3630 896 τῆς
3679 829 3780 882 θα-

2202 910 2451 979 λάσσης
2480 912 2581 966 καί
2625 913 2726 966 ἐπὶ
2754 914 2867 983 τῆς
2910 915 3047 985 γῆς,
3074 913 3182 986 ἦρε
3220 917 3337 986 τὴν
3383 918 3551 988 χεῖρα
3593 920 3783 974 αὐτοῦ

2202 1005 2318 1071 τὴν
2349 1003 2559 1066 δεξιὰν
2589 1006 2674 1071 εἰς
2704 1004 2815 1059 τὸν
2840 1008 3131 1076 οὐρανόν
3183 1008 3283 1063 καὶ
3317 1008 3557 1078 ὤμοσεν
3598 1008 3669 1063 ἐν
3702 1009 3783 1075 τῷ

2203 1095 2369 1157 ζῶντι
2420 1095 2593 1169 [Θεῷ]
2630 1101 2712 1162 είς
2750 1098 2893 1166 τοὺς
2936 1098 3159 1167 αίῶνας
3206 1100 3349 1173 [τῶν
3395 1099 3672 1172 αἰώνων-1,
3713 1102 3781 1167 ὃς

2201 1191 2405 1244 ἔκτισε
2434 1190 2542 1243 τὸν
2568 1192 2829 1258 οὐρανὸν
2852 1192 2949 1245 καί
2979 1192 3052 1247 τὰ
3081 1192 3150 1247 ἐν
3178 1191 3360 1259 αὐτῷ,
3388 1193 3487 1248 καὶ
3521 1193 3636 1261 τὴν
3664 1192 3782 1263 γῆν

2204 1282 2405 1336 καὶτὰ
2433 1282 2504 1336 ἐν
2550 1281 2725 1351 αὐτῇ,
2764 1283 2865 1337 καί
2911 1285 3027 1353 τὴν
3066 1285 3389 1340 θάλασσαν
3435 1285 3537 1340 καί
3584 1286 3657 1340 τὰ
3714 1286 3783 1339 ἐν

2202 1373 2380 1441 αὐτῇ,
2416 1374 2505 1427 ὅτι
2538 1376 2757 1444 χρόνος
2786 1376 2990 1431 οὐκέτι
3015 1377 3216 1433 dotali

2272 1468 2383 1522 Kal
2413 1471 2446 1523 ὀ
2486 1468 2743 1538 ἅγγελος
2779 1468 3018 1538 ὤμοσεν
3046 1472 3115 1525 ἐν
3147 1470 3227 1536 τῷ
3254 1470 3425 1532 ζῶντι
3466 1470 3611 1537 Θεῷ.
3647 1471 3781 1535 Θεὸς

2208 1559 2308 1628 μὲν
2342 1560 2471 1630 γὰρ,
2511 1560 2633 1615 κατ’
2666 1561 2881 1625 οὐδενὸς
2907 1561 3047 1632 ἔχων
3080 1560 3375 1634 [μείζονος]
3412 1562 3781 1632 ὀμόσαι,καθ’

2205 1649 2399 1703 ἑαυτοῦ
2433 1649 2693 1720 ὄμνυσιν·
2731 1650 2956 1720 ἄγγελοι
2985 1651 3064 1716 δὲ,
3090 1652 3165 1715 ὡς
3195 1652 3492 1721 κτίσματα,
3519 1650 3666 1705 κατὰ
3689 1651 3783 1704 τοῦ

2206 1740 2527 1804 Κτίσαντος,
2552 1739 2623 1793 τὰ
2646 1741 2738 1793 ὑπ’
2763 1741 2943 1795 αὐτῶν
2970 1740 3265 1811 λεγόμενα,
3284 1741 3372 1795 διὰ
3392 1743 3491 1812 τὴν
3509 1742 3785 1812 ἡμετέραν

2205 1832 2484 1897 ἀπιστίαν,
2526 1831 2788 1902 ὀμνύντες
2842 1834 3179 1887 πιστοῦνται.
3214 1832 3452 1903 Ὄμνυσι
3482 1832 3538 1886 δὲ
3592 1833 3785 1903 χρόνον

2665 1925 2697 1995 ἢ
2739 1928 2797 1980 ὲν
2847 1926 2925 1997 τῷ
2963 1925 3213 1995 μέλλοντι
3259 1924 3488 1998 [αἱῶνι,]
3541 1927 3597 1979 ὲν
3629 1918 3676 1992 ᾧ
3724 1926 3785 1979 ού

2204 2018 2396 2086 χρόνος
2440 2016 2588 2069 ἐστὶν
2618 2016 2754 2087 ἡλίῳ
2796 2016 3186 2086 μετρούμενος,
3235 2016 3373 2069 ἀλλὰ
3415 2016 3530 2087 ζωὴ
3560 2014 3783 2080 αἰώνιος

2202 2111 2440 2181 ἀριθμὸν
2472 2110 2723 2181 χρονικὸν
2751 2109 3161 2180 ὑπερϐαίνουσα
3182 2124 3195 2139 ·
3225 2109 3257 2179 ἦ
3289 2109 3481 2179 χρόνος
3504 2109 3603 2162 οὐκ
3634 2108 3787 2160 ἔσται

2208 2203 2419 2275 μακρὸς
2485 2204 2623 2272 μετὰ
2653 2202 2754 2266 τὰς
2788 2201 2847 2266 ἓξ
2872 2202 3058 2271 φωνὰς
3106 2202 3202 2255 τοῦ
3251 2201 3511 2270 ἀγγέλου,
3566 2199 3665 2254 τοῦ
3718 2199 3788 2253 τὰ

2203 2296 2655 2367 προφητευθέντα
2687 2294 3063 2365 πληρωθῆναι.
3119 2294 3210 2346 Διὸ
3254 2293 3488 2361 ἐπάγει·

2285 2560 2451 2616 Ἀλλ’
2477 2560 2547 2613 ἑν
2573 2559 2701 2624 ταῖς
2727 2558 2974 2627 ἡμέραις
3001 2555 3106 2624 τῆς
3142 2554 3348 2626 φωνῆς
3389 2556 3495 2610 τοῦ
3527 2555 3788 2625 ἑϐδόμου

2202 2653 2481 2723 ἀγγέλου,
2543 2652 2688 2704 ὅταν
2713 2649 2910 2719 μέλλῃ
2946 2648 3281 2711 σαλπίζειν,
3334 2645 3480 2719 [καὶ]
3521 2642 3786 2714 τελεσθῇ

2203 2746 2268 2799 td
2289 2742 2628 2813 μυστήριον
2648 2741 2753 2796 τοῦ
2782 2741 2930 2795 Θεοῦ
2961 2741 2991 2793 ὅ
3018 2740 3460 2810 εὐηγγελίσατο
3480 2738 3607 2804 τοῖς
3626 2737 3775 2791 ἐαυ-

2202 2836 2308 2890 τοῦ
2348 2834 2593 2899 δούλοις
2633 2831 2758 2898 τοῖς
2787 2832 3146 2900 προφήταις.

2288 2948 2380 3001 Ἐκ
2411 2946 2617 3001 τούτων
2664 2944 2775 3016 γὰρ
2808 2944 3094 3015 σημαίνειν
3145 2940 3320 3015 οἶμαι,
3390 2944 3529 3014 μετὰ
3578 2941 3683 3012 τὴν
3725 2938 3786 3006 ἕξ

2203 3040 2415 3095 αἰώνων
2464 3037 2841 3110 παραδρομὴν,
2873 3039 2932 3090 ὲν
2976 3039 3095 3100 ταῖς
3131 3038 3371 3108 ἡμέραις
3402 3034 3495 3089 τοῦ
3547 3035 3784 3105 ἑϐδόμου

2203 3131 2420 3195 αἰῶνος,
2451 3130 2547 3185 τοῦ
2565 3132 2655 3185 διὰ
2682 3131 2789 3200 τῆς
2816 3131 3074 3200 ἑϐδόμης
3091 3131 3496 3202 σημαινομένου
3520 3129 3789 3197 σάλπιγ-

518 3202 706 3257 omnia
737 3216 861 3270 quae
900 3216 996 3271 per
1049 3211 1273 3255 sanctos
1305 3202 1599 3271 prOphetas
1649 3201 1792 3255 dicta
1829 3209 2007 3263 erant,
2044 3210 2095 3254 et

2207 3241 2331 3295 γος,
2361 3221 2430 3277 τὰ
2456 3225 2519 3277 ἐκ
2555 3224 2662 3277 τῶν
2706 3223 2876 3291 ἁγίων
2906 3201 3206 3293 προφητῶν
3232 3201 3519 3292 εἰρημένα,
3556 3219 3695 3287 πρὸς
3718 3220 3784 3288 τῇ

520 3304 648 3347 ante
698 3293 912 3362 expleta
950 3307 1056 3347 non
1108 3300 1285 3357 erant,
1334 3303 1446 3345 tum
1482 3292 1738 3357 demum,
1793 3306 1986 3360 nempe
2027 3291 2094 3344 ad

518 3385 707 3439 stecnli
735 3385 921 3448 linem,
958 3392 1110 3439 certo
1138 3395 1418 3438 eventura.
1453 3384 1659 3437 Harum
1696 3393 1871 3437 autem
1914 3396 2099 3436 rerum

518 3477 884 3546 cxpletionem
931 3476 1000 3530 ob
1046 3477 1097 3530 id
1149 3475 1497 3546 Evangelium
1560 3476 1803 3530 laztumve
1855 3476 2102 3528 nuntium

519 3568 795 3637 appellat,
847 3569 990 3639 quod
1044 3578 1245 3623 acterna
1297 3569 1518 3639 requies
1563 3569 1771 3623 sanctis
1822 3567 1935 3637 jam
1987 3576 2100 3621 tum

521 3668 712 3726 parata
744 3659 871 3713 crit.

1086 3792 1311 3849 CAPUT
1346 3790 1540 3846 XXIX.

635 3929 703 3989 Ut
738 3930 1079 4001 Evangelista
1112 3931 1307 3983 librant
1340 3946 1404 3985 ex
1433 3929 1618 3999 angelo
1660 3927 1966 3995 susceperit.

597 4126 664 4195 Χ,
697 4127 750 4183 9.
782 4126 976 4182 Audivi
1006 4142 1176 4181 vocem
1211 4125 1274 4178 de
1301 4124 1429 4179 caelo
1461 4126 1651 4179 iterum
1681 4124 1976 4193 loquentem
2003 4137 2107 4173 me-

527 4238 645 4276 cum
670 4261 684 4287 ,
717 4231 764 4275 et
797 4220 1056 4274 dicentem
1088 4235 1105 4272 :
1144 4217 1288 4272 Vade
1312 4258 1326 4282 ,
1377 4226 1427 4272 ct
1478 4216 1654 4285 accipe
1709 4215 1903 4268 librant
1951 4228 2106 4281 aper-

529 4324 638 4366 tum
682 4311 747 4366 de
794 4327 956 4366 manu
998 4310 1173 4380 angeli
1227 4310 1423 4363 stantis
1468 4323 1626 4378 super
1684 4322 1828 4360 mare
1859 4315 1910 4359 et
1952 4319 2107 4372 super

529 4415 744 4459 terram.

599 4600 668 4657 Et
694 4600 782 4656 hic
810 4616 1030 4657 rursum
1067 4601 1174 4655 alia
1204 4601 1377 4655 virtus
1399 4599 1665 4668 angelica,
1697 4614 1762 4652 ex
1797 4613 1985 4653 eorum
2019 4612 2105 4651 or-
2142 4576 2184 4630 Ῐ)

529 4694 656 4748 «line
684 4693 777 4763 qui
806 4694 1103 4764 primatum
1153 4691 1426 4755 obtinent,
1457 4689 1807 4757 evangelista:
1840 4700 2063 4758 apparet
2089 4706 2105 4752 ;

530 4785 840 4854 eidemque,
870 4793 930 4839 ut
962 4783 1029 4838 de
1058 4798 1227 4836 manu
1259 4780 1437 4850 angeli
1470 4779 1694 4841 librum,
1729 4780 1831 4833 hoc
1857 4788 1959 4840 est,
1987 4794 2106 4832 cer-

531 4888 641 4930 tam
672 4889 861 4930 carum
897 4890 1080 4930 rerum
1122 4873 1375 4928 n0titiam
1414 4888 1536 4942 qua:
1562 4870 1786 4926 oraculo
1817 4870 2107 4925 tradeban-

532 4980 642 5035 tur,
676 4968 963 5037 suscipiat,
993 4966 1262 5037 praecipit.

601 5086 673 5151 X,
712 5087 762 5141 9.
800 5085 867 5139 Et
899 5085 1009 5139 abii
1039 5085 1108 5139 ad
1129 5085 1397 5153 angelum,
1424 5084 1603 5137 dicens
1641 5084 1768 5137 eiut
1798 5084 1949 5136 daret
1980 5081 2109 5135 milii

534 5179 751 5233 librum.
803 5177 871 5231 Et
911 5178 1051 5232 dixit
1098 5178 1226 5230 mihi
1261 5193 1279 5229 :
1313 5177 1501 5243 Accipe
1557 5175 1787 5240 librum,
1829 5187 1879 5229 et
1917 5178 2109 5228 devora

532 5273 723 5336 illum;
748 5282 797 5326 et
829 5273 988 5341 faciet
1025 5270 1316 5324 amarieari
1353 5278 1583 5322 ventrem
1619 5281 1798 5334 tuum;
1828 5269 1917 5322 sed
1949 5270 2001 5322 in
2023 5285 2111 5322 ore

535 5377 622 5419 tuo
647 5365 746 5418 erit
772 5363 924 5418 dulce
954 5373 1207 5432 tanquam
1242 5364 1365 5418 mel.

605 5479 803 5536 Suavis
832 5493 965 5534 sane
994 5486 1047 5533 et
1075 5478 1318 5548 jucunda
1354 5476 1665 5534 futurorum
1697 5478 1936 5548 cognitio
1963 5477 2110 5531 acci-

536 5571 628 5625 det
656 5569 788 5636 tibi;
822 5578 1063 5625 attamen
1095 5585 1349 5625 amarum
1368 5570 1558 5625 reddet
1587 5581 1855 5635 ventrem,
1883 5571 1986 5623 hoc
2008 5580 2109 5633 ρει,

534 5671 634 5710 eor
664 5664 818 5712 tuum
848 5677 861 5713 :
892 5659 1019 5728 (hoc
1059 5662 1227 5715 unum
1264 5661 1410 5715 enim
1450 5659 1779 5730 spiritalium
1819 5661 2114 5715 alimento-

500 5756 505 5759 '
539 5761 659 5800 rum
690 5763 860 5818 capax
884 5750 1013 5821 est).
1042 5751 1388 5810 Sauciaberis
1412 5769 1648 5824 namque
1663 5769 1851 5810 eorum
1882 5754 2111 5807 commi-

502 5852 505 5853 '
541 5838 836 5905 scratione,
887 5856 1026 5911 quos
1059 5842 1206 5913 justo
1240 5844 1332 5900 Dei
1363 5845 1574 5916 judicio
1598 5845 1782 5917 graxia
1813 5844 2109 5901 divinitus-

2206 3317 2490 3386 συντελείᾳ
2528 3314 2929 3386 συμϐήσεσθαι.
2963 3315 3409 3384 Εὐαγγελισμύς
3456 3312 3533 3377 δὲ,
3569 3312 3607 3378 ή
3640 3310 3782 3364 τού-

2203 3422 2322 3460 των
2350 3404 2740 3473 ἑκπλήρωσις
2757 3419 2771 3434 ·
2800 3403 2889 3459 διὰ
2908 3403 3007 3475 τὴν
3035 3402 3448 3474 ἡτοιμασμένην
3465 3404 3575 3465 τοῖς
3604 3397 3784 3468 ἁγίοις

2205 3493 2533 3547 ἀνάπαυσιν.

2783 3803 3037 3857 ΚΕΦΑΛ.
3072 3804 3203 3857 ΚΘ⁹.

2210 3942 2412 4007 Ὅπως
2436 3940 2504 3994 td
2536 3938 2917 4077 ,βιϐλαρῖίδιοζὶ
2955 3937 3159 4061 exn/17017
3199 3938 3458 4006 ἀγγέλου
3491 3940 3526 3992 ὁ
3549 3939 3789 4009 enarra.

2774 4025 2871 4063 ιστ
2917 4028 2949 4074 ς
2978 4026 3009 4061 ε
3078 4025 3251 4077 ηςρεν.

2774 4025 2949 4077 ιστης
2978 4025 3251 4077 ειληςρεν.

2279 4146 2390 4202 Kal
2422 4146 2461 4215 ἠ
2494 4144 2664 4215 φωνὴ
2700 4143 2782 4212 ἣν
2802 4134 3044 4212 ἤκουσα
3073 4144 3140 4198 ἐκ
3172 4144 3277 4198 τοῦ
3312 4144 3572 4211 οὐρανοῦ
3598 4142 3791 4198 πάλιν

2207 4238 2493 4294 λαλοῦσα
2521 4238 2649 4306 μετ’
2681 4236 2850 4305 ἐμοῦ,
2881 4237 2979 4290 καὶ
3007 4238 3312 4305 λέγουσαο
3342 4236 3599 4305 "reare,
3636 4237 3789 4291 λάϐε

2208 4331 2277 4384 td
2308 4328 2687 4396 βιϐλαρίδιον
2727 4326 2795 4381 td
2837 4327 3218 4396 ἠνεῳγμένον
3266 4328 3335 4381 ὲν
3367 4326 3442 4395 τῇ
3487 4327 3636 4395 χειρὶ
3678 4327 3787 4381 τοῦ

2209 4423 2472 4493 ἀγγέλου
2510 4421 2617 4475 τοῦ
2648 4419 2908 4487 ἑστῶτος
2936 4421 3035 4475 ἐπὶ
3077 4420 3188 4489 τῆς
3218 4420 3541 4489 θαλάσσης
3568 4420 3667 4475 καί
3686 4420 3787 4475 ἐπὶ

2210 4516 2323 4585 τῆς
2356 4514 2490 4584 γῆς.

2284 4630 2577 4683 Κάνταῦθα
2610 4629 2742 4698 ἄλλη
2783 4645 2866 4691 τις
2910 4628 3177 4699 ἀγγελικὴ
3231 4628 3508 4700 ὑπερτέρα
3558 4628 3792 4699 δύναμις

2208 4719 2289 4789 τῷ
2338 4720 2704 4790 εὐαγγελιστῇ
2784 4718 3170 4788 ἐγκελεύεσθαι
3220 4720 3508 4787 φαίνεται,
3558 4719 3648 4773 διὰ
3689 4723 3792 4789 τῆς

2214 4812 2401 4887 βίϐλου
2453 4815 2553 4884 τὴν
2596 4813 2800 4881 γνιῖισιν
2857 4811 2967 4866 τῶν
3026 4812 3536 4883 χρησμῳδηθέντων
3593 4812 3791 4866 ὐποδέ⁴

2214 4903 2428 4969 ξασθαι.

2286 5098 2393 5151 Καὶ
2427 5095 2707 5165 ἀπῆλθον
2736 5098 2886 5166 πρὸς
2919 5099 3028 5153 τὸν
3053 5100 3335 5169 ἄγγελον,
3371 5100 3569 5169 λέγων
3594 5096 3789 5163 αὐτ(ῖῦ⁸

2213 5190 2324 5253 Δός
2340 5205 2445 5257 μοι
2476 5188 2545 5242 td
2570 5190 2969 5257 βιϐλαρίδιον.
2996 5190 3105 5246 Kal
3148 5193 3310 5259 λέγει
3329 5208 3453 5260 μοι,
3482 5191 3658 5255 Λάϐε,
3691 5189 3788 5242 καὶ

2214 5278 2522 5349 κατάφαγε
2553 5281 2706 5333 αὐτό
2723 5296 2737 5310 ·
2768 5279 2869 5333 καί
2906 5280 3188 5349 πικρανεῖ
3225 5298 3342 5335 σου
3365 5280 3483 5348 τὴν
3515 5282 3786 5335 κοιλίαν·

2214 5369 2353 5423 ἀλλ’
2398 5371 2469 5425 ὲν
2519 5374 2598 5437 τῷ
2626 5371 2883 5441 στόματί
2909 5387 3027 5428 σου
3062 5372 3237 5427 ἔσται
3278 5374 3472 5444 γλυκὺ
3521 5374 3598 5439 ὠς
3630 5373 3787 5443 μέλι.

2292 5482 2498 5535 Ἔσται
2517 5484 2711 5550 γλυκὺ
2741 5484 2821 5549 ὡς
2839 5480 3316 5551 μέλιμ-αΓλυκεῖα
3346 5485 3445 5555 μέν
3473 5501 3576 5549 σοι,
3606 5484 3789 5553 φησὶν,

2217 5573 2325 5627 τῶν
2373 5574 2678 5644 μελλόντων
2717 5576 2920 5643 γνῶσις
2941 5593 2955 5608 ·
3008 5580 3267 5648 πικρανεῖ
3289 5578 3345 5630 δέ
3389 5594 3481 5629 σου
3513 5578 3665 5647 ὅμως
3696 5577 3791 5646 τὴν

2218 5668 2446 5731 κοιλίαν,
2480 5653 2683 5739 δηλαδὴ
2722 5669 2821 5740 τὴν
2864 5671 3094 5742 καρδίαν
3128 5649 3229 5741 τ’ὴν
3266 5671 3376 5724 τῶν
3404 5672 3641 5739 λογικῶν
3672 5687 3811 5741 τρο.⁴

2218 5762 2334 5828 φῶν
2373 5762 2710 5832 χωρητικὴν,
2751 5765 2817 5832 τῇ
2872 5763 3188 5833 συμπαθείᾳ
3221 5763 3330 5817 τῶν
3358 5763 3456 5826 τὰς
3495 5762 3794 5834 θεηλάτους

2218 5852 2362 5906 κατὰ
2394 5851 2453 5905 τὸ
2481 5851 2624 5906 θεῖον
2675 5855 2849 5925 κρῖμα
2892 5854 3200 5924 δεχομένων
3232 5856 3533 5926 μάστιγας.
3567 5855 3796 5909 Νοεῖται
