4070 6400
466 353 567 416 3ll

1639 358 1967 419 ANDREzE
2018 360 2541 424 CrESARlENSlS

3632 364 3738 427 312

473 489 601 538 rem,
631 465 866 536 Novum,
907 479 1129 541 propter
1160 470 1503 524 innumeram
1539 469 1753 524 illorum
1810 473 2054 526 tnultitu-

2160 474 2300 539 τοὺς
2340 473 2397 526 δὲ
2426 467 2883 539 τεσσαράκοντα
2913 466 3059 541 [καὶ]
3092 468 3203 523 δύο
3223 470 3445 539 μῆνας,
3477 486 3741 541 σημαντι-

468 563 652 618 dinem
687 564 779 633 qui
809 562 1038 619 salutem
1065 561 1117 614 in
1147 576 1212 615 eo
1244 559 1644 629 adipiscuntur.
1672 561 2049 631 Quadraginta

468 666 651 710 autem
684 656 816 709 duos
853 669 1075 716 menses,
1110 654 1369 721 temporis
1398 652 1744 720 brevitatem,
1772 670 1882 724 quo
1910 654 2049 710 Novi

470 746 806 802 Testamenti
840 747 1099 816 mysteria
1124 760 1155 798 a
1187 745 1365 813 primo
1387 744 1589 800 Christi
1616 745 1847 799 adventu
1877 761 2051 814 usque

469 841 535 894 ad
583 838 884 895 secundum
934 836 1290 899 obtinebunt,
1350 836 1659 905 exprimere
1712 838 1888 892 aiunt.
1936 836 2050 894 Nos

468 940 649 986 autem
697 930 1069 993 arbitramur,
1104 926 1201 981 Dei
1246 926 1509 999 [viventis]
1565 927 1818 996 templum
1856 927 2050 983 Eccle-

469 1025 608 1079 siam
638 1022 923 1093 appellari,
960 1022 1014 1075 in
1058 1035 1166 1090 qua
1207 1020 1505 1074 rationales
1549 1019 1740 1075 hostiae
1773 1019 1884 1074 Deo
1913 1020 2051 1076 offe-

467 1128 664 1172 runtur
684 1134 698 1171 :
719 1118 916 1169 atrium
934 1123 1114 1169 autem
1134 1114 1390 1172 exterius.
1412 1116 1657 1183 gentium
1675 1120 1727 1167 et
1748 1112 2045 1166 infidelium

464 1211 778 1269 Iudaeorum
810 1208 1151 1281 Synagngam
1175 1226 1188 1274 ;
1214 1218 1425 1277 utpote.
1452 1216 1674 1277 propter
1691 1205 2048 1275 impietatem,

466 1320 575 1375 qua
626 1302 889 1359 obstricta
948 1311 1203 1364 tenetur,
1246 1301 1525 1372 indignam
1575 1314 1696 1369 qua:
1738 1298 1808 1352 ab
1856 1298 2051 1367 angelo

467 1403 837 1450 mensurelur.
876 1390 1035 1447 Novit
1078 1394 1222 1447 enim
1261 1392 1514 1447 Dominus
1552 1392 1643 1461 qui
1693 1398 1815 1444 sunt
1843 1390 1949 1447 sui.
1983 1397 2045 1443 ut

469 1486 630 1542 modo
661 1486 965 1540 dicebatur.
1015 1484 1239 1555 lniqnos
1281 1495 1463 1540 autem
1495 1493 1548 1538 et
1578 1485 2048 1553 prtevaricatores,

469 1582 516 1637 is
543 1581 634 1650 qui
681 1580 818 1635 alias
848 1580 1031 1633 omnia
1092 1581 1281 1644 no\'it,
1334 1581 1580 1649 ignorare
1631 1578 1869 1638 dicitur;
1919 1575 2048 1646 quia

468 1672 688 1725 'tlorum
728 1670 868 1725 facta
900 1686 1007 1725 non
1034 1671 1248 1738 probat.
1281 1670 1440 1735 Quod
1474 1680 1655 1723 autem
1690 1677 1883 1723 saneta
1912 1668 2048 1722 civi-

469 1774 575 1827 tas,
607 1765 722 1817 sive
749 1778 943 1818 novam
967 1762 1295 1829 Jerusalem,
1322 1765 1439 1817 sive
1472 1762 1771 1817 Ecelesiam
1802 1760 2047 1816 Catholi-

2156 566 2286 629 κοὺς
2317 566 2415 633 τῆς
2446 563 2538 617 τοῦ
2570 563 2766 634 χρόνου
2802 562 3169 633 βραχύτητος,
3200 563 3259 615 ὃν
3286 566 3518 634 κρατεῖν
3548 566 3614 618 τά
3639 566 3737 634 τῆς

2153 658 2300 720 Νέας
2334 657 2614 726 Διαθήκης
2646 656 2943 726 μυστήρια,
2970 656 3131 727 μέχρι
3187 656 3285 725 τῆς
3316 656 3574 727 δευτέρας
3598 658 3736 728 Χρι-

2155 749 2282 802 στοῦ
2315 749 2615 818 παρουσίας
2646 746 2919 801 ὑπέλαϐον
2944 764 2956 776 ·
2990 750 3155 817 ἡμεῖς
3183 747 3239 800 δὲ
3268 748 3563 817 νομίζομεν
3588 750 3741 803 ναὸν

2154 840 2303 895 Θεοῦ
2327 839 2588 911 [ζῶντος]
2619 840 2717 910 τὴν
2750 838 3079 909 Ἐκκλησίαν
3108 839 3649 911 προσαγορεύεσθαι·
3680 842 3741 893 ἐν

2150 928 2184 1007 ᾖ
2217 932 2409 995 θυσίας
2452 932 2677 1000 λογικὰς
2706 931 2782 1001 τῷ
2829 932 2949 1001 Θεῷ
2977 932 3363 1003 προσφέρομεν
3384 950 3399 964 ·
3449 933 3650 1000 αὐλὴν
3679 933 3738 986 δὲ

2149 1024 2467 1093 ἐξωτέραν,
2497 1024 2597 1095 τὴν
2633 1024 2741 1078 τῶν
2783 1025 3032 1079 ἀπίστων
3076 1023 3247 1077 ὲθνῶν
3300 1024 3395 1077 καὶ
3466 1024 3739 1079 Ἰουδαίων

2151 1117 2485 1187 Συναγωγήν
2515 1134 2529 1149 ο
2563 1117 2640 1179 ὠς
2690 1115 2918 1180 ἀναξίαν
2950 1116 3040 1169 ὑπ’
3086 1115 3319 1183 ἀγγέλου
3376 1116 3737 1187 μετρηθῆναι,

2148 1210 2237 1262 διὰ
2262 1210 2361 1279 τὴν
2394 1209 2653 1262 ἀσέϐειαν
2700 1208 2953 1279 [αὐτῶν.]
3007 1209 3204 1276 Ἔγνω
3233 1207 3289 1260 δὲ
3334 1207 3551 1273 Κύριος
3593 1206 3739 1271 τοὺς

2150 1300 2331 1365 ὄντας
2358 1294 2573 1363 αὐτοῦ,
2607 1299 2684 1362 ὡς
2730 1299 2973 1369 εἴρηται·
3005 1300 3132 1361 τοὺς
3177 1296 3235 1351 δὲ
3282 1298 3639 1369 παρανόμους
3688 1298 3739 1370 [δ

2150 1389 2353 1462 πάντα]
2402 1388 2578 1455 εἰδὼς,
2623 1390 2865 1458 ἀγνοεῖν
2916 1390 3157 1458 λέγεται.
3208 1391 3282 1442 Τὸ
3332 1390 3387 1442 δὲ
3447 1390 3739 1458 πατεῖσθαι

2150 1483 2249 1553 τὴν
2292 1482 2454 1551 ἀγίαν
2504 1481 2682 1546 πόλιν,
2716 1483 2825 1536 εἴτε
2870 1482 2967 1552 τὴν
3016 1482 3143 1535 νέαν
3186 1482 3570 1553 Ἰερουσαλὴμ,
3628 1482 3739 1533 εἴτε

2149 1574 2249 1645 τὴν
2291 1573 2585 1644 καθολικὴν
2624 1574 2970 1643 Ἐκκλησίαν,
3022 1573 3219 1643 μῆνας
3282 1574 3743 1642 τεσσαράκοντα

2150 1665 2297 1737 [καὶ]
2326 1665 2436 1719 δύο
2484 1664 2590 1718 ὑπὸ
2632 1665 2742 1718 τῶν
2792 1664 2983 1730 ὲθνῶν,
3035 1666 3323 1736 σημαίνειν
3378 1662 3533 1735 οἶμαι
3568 1666 3628 1716 ὲν
3670 1665 3740 1733 τῇ

2151 1759 2426 1829 παρουσίᾳ
2465 1756 2559 1810 τοῦ
2622 1756 3016 1827 Ἀντιχρίστου,
3072 1758 3197 1829 τρία
3242 1760 3414 1829 ἥμισυ
3469 1759 3566 1828 ἔτη
3610 1756 3741 1818 τοὺς
3821 1777 3831 1787 ο

470 1872 589 1910 eam
631 1872 725 1924 per
748 1871 869 1910 eam
902 1856 1158 1924 accipias.
1207 1872 1408 1908 menses
1458 1854 1815 1923 quadraginta
1846 1852 1979 1905 duos
2010 1868 2041 1906 a

2157 1851 2373 1913 πιστοὺς
2404 1851 2498 1902 καὶ
2529 1849 2787 1919 δοκίμους
2815 1849 3105 1903 πατεῖσθαι
3132 1851 3225 1903 καὶ
3263 1850 3578 1903 διώκεσθαι.

470 1948 721 2017 gentibus
761 1946 1021 2001 calcanda
1087 1946 1188 2001 hoc
1256 1946 1374 2000 loco
1448 1945 1735 2007 asseritur,
1770 1944 1899 1996 illud
1950 1940 2278 2003 subindicat,
2343 1940 2449 1994 nisi
2497 1939 2678 2001 fallor,
2751 1938 2939 1994 fideles
2983 1941 3353 2009 probatosque
3399 1940 3585 2004 viros,
3628 1947 3743 1993 tres

468 2052 645 2094 annos
692 2054 811 2093 cum
863 2038 1111 2103 dimidio,
1162 2039 1364 2108 quibus
1406 2037 1782 2091 Antichristus
1835 2034 2043 2098 satviet,
2088 2048 2339 2104 magnam
2416 2031 2857 2101 persecutionem
2897 2046 3255 2101 perpessuros

1061 2171 1286 2228 CAPUT
1325 2172 1494 2226 XXX.

953 2287 1026 2342 De
1060 2287 1277 2341 Enocho
1308 2296 1359 2340 et
1390 2287 1535 2340 Elia.

542 2423 633 2489 XI,
667 2428 719 2487 3.
754 2425 808 2479 Δ.
844 2424 911 2477 Et
942 2425 1082 2477 dabo
1122 2422 1326 2477 duobus
1379 2423 1597 2475 testibus
1645 2422 1811 2485 meis;
1851 2432 1897 2475 et
1930 2437 2053 2489 pro—

468 2520 753 2587 plsetabunt
784 2517 969 2570 diebus
1024 2515 1169 2568 mille
1215 2514 1457 2567 ducentis
1512 2514 1813 2581 sexaginta,
1867 2513 2053 2565 amicti

469 2612 663 2665 saccis.
698 2606 771 2661 Hi
816 2617 937 2662 sunt
983 2607 1102 2659 dua:
1146 2606 1335 2668 olivae,
1374 2614 1423 2658 et
1467 2603 1571 2657 duo
1623 2603 1965 2666 candelabra,
1995 2605 2050 2656 in

469 2712 750 2770 conspectu
784 2700 997 2755 Domini
1031 2709 1185 2753 terra:
1216 2699 1436 2753 stantia.

542 2880 645 2933 Per
696 2879 796 2934 hos
850 2888 1017 2933 testes
1068 2878 1316 2947 plerique
1370 2876 1659 2931 doctorum
1718 2880 2053 2943 acceperunt

470 2968 755 3022 Enochutn
806 2977 861 3021 et
902 2967 1111 3032 Eliam;
1159 2966 1253 3035 qui
1315 2964 1419 3019 sub
1464 2963 1650 3018 saeculi
1688 2962 1851 3016 finem
1884 2979 1912 3016 a
1943 2962 2053 3016 Deo

472 3060 756 3130 accepturi
798 3067 928 3112 sunt
960 3058 1127 3111 trium
1173 3070 1443 3111 annorum
1496 3069 1621 3109 cum
1657 3054 1887 3109 semisse
1924 3068 2053 3121 spa-

2769 2165 3020 2220 ΚΕΦΑΛ.
3046 2164 3126 2219 A'.

2569 2279 2707 2350 Περὶ
2754 2279 2937 2347 Ἑνὼχ
2973 2280 3071 2333 καὶ
3105 2280 3299 2334 ἸΙλία.

2219 2422 2332 2476 Καὶ
2357 2418 2529 2474 δώσω
2557 2419 2681 2484 τοῖς
2710 2418 2853 2472 δυσὶ
2899 2417 3165 2486 μάρτυσὶ
3193 2433 3334 2485 μου,
3378 2414 3475 2469 καί
3503 2431 3743 2485 προφη-

2151 2516 2484 2569 τεύσουσιν
2522 2512 2747 2582 ἡμέρας
2798 2512 2999 2579 χιλίας
3042 2510 3359 2574 διακοσίας
3412 2508 3741 2575 ἐξήκοντα,

2150 2604 2637 2674 περιϐεϐλημένοι
2701 2601 2989 2666 σάκκους.
3044 2596 3220 2654 Οὗτοί
3271 2603 3429 2653 εἰσιν
3494 2604 3553 2654 ai
3611 2600 3730 2653 δύο

2150 2698 2367 2762 ἐλαῖαι,
2403 2694 2577 2749 καὶαι
2607 2694 2715 2748 δύο
2742 2692 2989 2762 λυχνίαι
3009 2695 3067 2745 αι
3097 2690 3358 2746 ἐνώπιον
3377 2693 3484 2747 τοῦ
3513 2693 3741 2761 Κυρίου

2152 2782 2258 2848 τῆς
2281 2782 2392 2851 γῆς
2415 2781 2696 2834 ἑστῶσαι.

2226 2875 2467 2937 Τούτους
2500 2874 2651 2946 [τοὺς
2694 2874 2789 2928 δύο
2848 2874 3153 2945 μάρτυρας]
3190 2873 3361 2943 Ἑνὼχ
3403 2872 3498 2927 xui.
3524 2871 3740 2937 Ἠλίαν,

2155 2967 2344 3019 πολλοὶ
2375 2966 2481 3018 τῶν
2520 2967 2862 3020 διδασκάλων
2901 2968 3154 3036 ἐνόησαν,
3192 2963 3386 3036 καιρὸν
3417 2964 3603 3018 θεόθεν
3641 2963 3740 3016 τοῦ

2154 3060 2523 3131 προφητεύειν
2566 3058 2682 3131 [τὰ]
2718 3061 2776 3113 ἑν
2808 3062 2877 3130 τῇ
2920 3059 3204 3128 συντελείᾳ
3246 3058 3605 3127 ληψομένους,
3642 3055 3741 3108 ἐπὶ

472 3153 639 3216 tium;
700 3158 967 3219 quantum
1024 3147 1287 3202 nimirum
1358 3160 1425 3200 ex
1476 3144 1626 3200 mille
1689 3144 2050 3199 ducentorum

2157 3152 2253 3222 ἐτη
2282 3153 2409 3223 τρία
2430 3151 2538 3207 ἀπὸ
2572 3152 2901 3223 τριακοσίων
2930 3153 3196 3222 ἐξήκοντα
3224 3150 3448 3221 ἡμερῶν
3466 3150 3741 3220 ἀριθμού-

470 3242 753 3311 sexaginta
784 3241 996 3296 dierum
1039 3253 1267 3293 numero
1303 3236 1607 3300 conﬂatur,
1648 3237 1714 3289 ad
1750 3236 2053 3289 vaticinan-

471 3333 603 3388 dum
648 3339 702 3385 et
734 3328 1165 3398 pmdicandum.
1216 3326 1559 3380 Amicientnr
1618 3334 1799 3379 autem
1854 3324 2052 3387 saccis;

474 3439 585 3495 quo
618 3422 838 3492 planum
874 3420 1078 3475 faciant
1104 3431 1400 3474 maerorem
1442 3426 1496 3470 et
1527 3416 1753 3477 luctum,
1787 3427 1898 3483 quo
1927 3426 2053 3483 pro-

472 3526 593 3586 pter
622 3531 719 3571 eos
768 3514 1185 3577 sauciabuutur,
1238 3509 1332 3581 qui
1371 3519 1485 3565 tum
1518 3507 1781 3576 temporis
1812 3507 1864 3560 in
1898 3507 2051 3560 Anti-

472 3609 665 3665 christi
694 3622 939 3662 errorem
964 3605 1186 3659 abducti
1206 3603 1633 3672 comperientur.
1665 3601 1819 3670 Apud
1843 3599 2053 3655 Zacha-

470 3705 607 3759 riam
669 3702 723 3756 hi
789 3704 898 3757 duo
945 3701 1049 3753 sub
1110 3700 1338 3752 duarum
1395 3698 1655 3750 olivarum
1720 3696 2055 3764 totidemque

476 3794 916 3850 candeiabrornm
949 3794 1229 3848 schemate
1258 3792 1603 3845 detineantur
1629 3808 1642 3843 :
1670 3790 1740 3843 ob
1765 3789 1817 3843 id
1845 3788 2051 3851 forsan,

476 3890 622 3958 quod
674 3888 939 3941 bonorum
987 3885 1206 3953 Deoque
1257 3884 1587 3953 placentium
1641 3896 1869 3951 operum
1912 3881 2052 3944 oleo,

478 3979 811 4051 cognitionis
829 3978 1025 4033 lumini
1050 3976 1356 4031 fomentum
1384 3983 1697 4047 suggerent,
1725 3974 2056 4043 veritatique

475 4071 725 4126 vehicula
752 4070 1043 4125 exsistant.

547 4164 659 4236 46
678 4163 769 4229 XI,
803 4165 857 4229 5,
891 4164 945 4219 6.
986 4164 1052 4216 Et
1081 4166 1127 4218 si
1162 4166 1277 4234 quis
1311 4163 1534 4218 voluerit
1578 4162 1646 4215 iis
1677 4176 1880 4223 nocere,
1916 4159 2055 4228 ignis

475 4260 613 4312 exiet
637 4258 700 4311 de
733 4274 821 4310 ore
856 4258 1115 4325 ipsorum,
1148 4266 1196 4309 et
1237 4255 1509 4309 devorabit
1550 4254 1793 4307 inimicos
1823 4268 2003 4306 eorum
2038 4268 2055 4303 :

476 4361 527 4405 et
554 4352 600 4405 si
625 4351 741 4420 quis
769 4350 990 4404 voluerit
1014 4349 1136 4402 illos
1155 4348 1363 4411 lwdere,
1387 4348 1462 4400 sic
1487 4355 1688 4415 oportet
1716 4361 1831 4399 eum
1866 4343 2052 4397 occidi.

478 4440 554 4494 lli
600 4441 790 4494 habent
832 4449 1139 4507 potestatem
1195 4439 1475 4491 claudendi
1530 4438 1752 4499 uelum,
1798 4453 1861 4489 ne
1909 4435 2057 4503 piunt

2159 3258 2295 3314 μενα
2316 3259 2330 3273 δ
2376 3244 2470 3297 καὶ
2494 3242 2584 3297 διὰ
2609 3243 2710 3312 τῆς
2732 3239 3027 3312 περιῦολῆς
3052 3243 3170 3296 τῶν
3198 3241 3464 3303 σάκκων,
3496 3240 3558 3292 τὸ
3600 3254 3742 3293 σκυ-

2156 3335 2374 3405 Θρωπδν
2406 3336 2502 3388 καὶ
2527 3334 2761 3398 πένθους
2781 3335 2931 3399 ἀξιον
2954 3333 3049 3386 ἐπὶ
3071 3335 3186 3397 τοῖς
3213 3331 3598 3399 ἀπατωμένοις
3632 3332 3740 3401 ιμ-

2156 3428 2468 3495 φαίνοντας,
2505 3427 2599 3479 καὶ
2631 3428 2758 3489 τοὺς
2780 3427 2901 3478 τότε
2939 3424 3374 3495 εὑρισκομένους
3397 3421 3497 3491 τῆς
3526 3422 3742 3492 πλάνης

2155 3517 2249 3572 τοῦ
2288 3518 2660 3589 Ἀντιχρίστου
2694 3519 3011 3586 ἀπάγοντας
3040 3535 3054 3549 ’
3087 3516 3181 3578 οὓς
3218 3517 3495 3586 Ζαχαρίας
3519 3514 3569 3586 [ὁ
3602 3532 3743 3583 προ-

2158 3610 2361 3681 φήτης]
2410 3610 2468 3661 ὲν
2515 3609 2645 3662 εἴδει
2703 3608 2824 3662 τῶν
2868 3608 2977 3663 δύο
3016 3608 3235 3662 ἐλαιῶν
3290 3609 3385 3661 καὶ⁸
3437 3606 3567 3677 [τῶν
3620 3602 3740 3677 δύο]

2156 3702 2426 3771 λυχνιῶν
2457 3702 2695 3772 ᾐνίξατο,
2732 3702 2820 3754 διά
2851 3702 2914 3755 τὸ
2945 3702 3043 3772 τὴν
3069 3702 3276 3773 τροφὴν
3305 3699 3398 3753 τοῦ
3426 3700 3603 3769 φωτὸς
3637 3700 3740 3768 τῆς

2157 3793 2412 3863 γνώσεως
2442 3795 2521 3865 τῷ
2556 3793 2722 3865 ἐλαίῳ
2766 3795 2872 3848 τῶν
2902 3794 3213 3864 θεαρέστων
3258 3792 3510 3864 πράξεων
3543 3790 3744 3859 ἐπιτρέ-

2164 3885 2375 3955 ρεσθαι.

2232 4151 2342 4205 Καὶ
2369 4150 2516 4216 εἴτις
2561 4145 2786 4217 αὐτοὺς
2818 4150 2979 4205 θέλει
3034 4149 3340 4218 ἀδικῆσαι,
3391 4150 3512 4219 πῦρ
3559 4151 3741 4204 ἐκπο-

2157 4243 2391 4311 ρεύεται
2438 4242 2506 4294 ἐκ
2555 4241 2664 4294 τοῦ
2691 4244 2994 4309 στόματος
3021 4242 3241 4306 αὐτῶν,
3293 4242 3391 4296 καὶ
3437 4243 3744 4297 κατεσθίει

2160 4334 2305 4399 τοὺς
2348 4333 2602 4402 ἐχθροὺς
2637 4332 2869 4386 αὐτῶν·
2923 4334 3021 4387 καὶ
3083 4335 3231 4400 εἴτις
3286 4334 3511 4401 αὐτοὺς
3579 4334 3743 4390 θέλει

2161 4422 2533 4489 ἀποκτεῖναι,
2555 4424 2743 4489 οὕτως
2762 4422 2857 4477 δεῖ
2868 4425 3059 4478 αὐτὸν
3076 4425 3547 4492 ἀποκτανθῆναι.
3565 4420 3744 4479 Οὗτοι

600 4482 789 4494 ....-.....
834 4482 1139 4507 ,.-....,....-...
1196 4482 1475 4491 -..._..-..,-
1531 4482 1752 4499 -.ν,,-..,,
1799 4482 1857 4489 .-,

480 4533 660 4586 diebus
694 4532 983 4601 prophetia:
1011 4534 1247 4595 ipsorum
1276 4544 1293 4580 :
1322 4538 1371 4581 et
1401 4538 1707 4596 potestatem
1751 4528 1937 4580 habent
1970 4543 2054 4579 su-

2165 4516 2418 4587 ἕχουσιν
2446 4482 2741 4581 ἐξουσίαιἰ
2783 4517 3021 4571 κλεῖσαι
3062 4518 3167 4571 τὸν
3196 4482 3478 4585 οὐρανόν,
3525 4519 3625 4569 ἵνα
3658 4516 3741 4583 μὴ

480 4637 572 4692 per
592 4641 782 4695 aquas,
812 4623 1145 4677 convertendi
1164 4637 1251 4674 eas
1274 4623 1329 4673 in
1356 4620 1684 4690 sanguinem,
1715 4630 1763 4673 et
1791 4630 2059 4687 percutere

484 4718 678 4771 terram
713 4716 853 4769 omni
884 4716 1062 4785 plaga,
1094 4715 1499 4784 quotiescunque
1537 4712 1809 4765 voluerint.

555 4979 602 5035 0
631 4980 955 5033 immensam
990 4978 1081 5031 Dei
1116 4976 1537 5046 benignitatem!
1572 4977 1666 5046 qui
1700 4977 1926 5041 ,vulneri
1976 4976 2061 5030 in—

484 5071 630 5126 ﬂicto
650 5069 920 5124 efficacem
938 5070 1125 5123 statim
1152 5068 1502 5134 medicinam,
1534 5068 1823 5137 infusaque
1852 5082 2063 5122 veneno

482 5164 725 5217 salutare
756 5175 880 5215 mox
930 5160 1237 5214 antidotum
1287 5160 1529 5214 adhibet.
1559 5160 1698 5216 CUm
1726 5161 1873 5215 enim
1906 5161 2063 5215 Anti-

484 5257 725 5312 christus
757 5256 809 5308 in
828 5254 1084 5308 omnibus
1106 5254 1373 5324 prodigiis
1401 5255 1683 5324 signisque
1704 5253 2063 5309 mendacibus

483 5344 854 5400 veneficorum
887 5344 1135 5398 omnium
1170 5344 1447 5412 princeps,
1470 5344 1832 5413 omniumque
1862 5344 2066 5413 praesti-

487 5437 758 5506 giatorum
798 5438 1126 5508 coryphaeus
1162 5436 1375 5491 futurus
1417 5438 1516 5502 sit;
1573 5446 1760 5506 utpote
1807 5439 2062 5493 universa

488 5528 688 5581 diaboli
736 5526 930 5583 fraude
954 5539 1008 5583 et
1041 5529 1264 5598 energia
1314 5527 1548 5598 perfecte
1597 5530 1877 5596 imbutus;
1920 5529 2066 5585 Deus

490 5626 601 5686 opt.
637 5634 782 5672 max.
820 5630 1041 5677 Sanctos
1085 5622 1209 5675 illos
1260 5635 1516 5675 verorum
1564 5621 1849 5690 signorum
1901 5628 2066 5690 atque

494 5708 889 5765 miraculorum
921 5714 1121 5768 virtute
1149 5714 1386 5768 armabit
1414 5730 1427 5775 ;
1464 5729 1573 5783 quo
1604 5714 1849 5769 veritatis
1879 5722 2067 5768 osten-

494 5796 649 5853 sione
678 5801 1044 5868 mendacium,
1098 5805 1347 5875 lucisque
1398 5806 1761 5876 patefactione
1808 5806 2062 5862 tenebras

2159 4608 2356 4677 ,βρέχῃ
2379 4609 2553 4674 ὑετὸς
2582 4608 2689 4675 τὰς
2717 4608 2940 4677 ’ἡμέρας
2965 4609 3075 4676 τῆς
3100 4610 3465 4679 προφητείας
3500 4607 3703 4661 αὐτῶν
3724 4623 3740 4637 ·

2164 4699 2263 4753 καὶ
2294 4699 2584 4762 ἐξουσίαι⁴
2611 4700 2861 4767 ἔχουσιν
2900 4699 2997 4752 ἐπὶ
3043 4700 3161 4754 τῶν
3185 4696 3421 4755 ὑδάτων
3460 4700 3744 4765 στρέφειν

2164 4792 2314 4846 αὐτὰ
2341 4794 2429 4857 είς
2471 4788 2635 4861 uiua,
2694 4792 2792 4845 καὶ
2833 4792 3091 4857 πατάξαι
3121 4792 3237 4860 τὴν
3287 4791 3406 4861 γῆν
3454 4793 3523 4845 ἐν
3572 4792 3742 4860 πάσῃ

2166 4880 2391 4952 πληγῇ,
2425 4882 2638 4948 ὁσάκις
2660 4883 2772 4935 ἐὰν
2802 4883 3129 4951 θελήσωσι.

2236 4976 2346 5028 Καὶ
2372 4976 2429 5027 εἴ
2455 4991 2546 5040 τις
2576 4972 2798 5040 αὐτοὺς
2829 4976 2990 5029 θέλει
3029 4975 3426 5045 ἀδικῆσαι.-
3449 4972 3624 5029 Βαὸαὶ
3644 4979 3744 5046 τῆς

2170 5066 2320 5130 θείας
2342 5066 2677 5137 ἀγαθότητος
2697 5067 2710 5118 i
2734 5069 2816 5121 ὅτι
2835 5069 3164 5139 ἀντίρροπον
3186 5072 3249 5139 τῇ
3278 5069 3463 5139 πληγῇ
3488 5070 3741 5138 ἐπιφέρει

2167 5159 2266 5230 τὴν
2295 5160 2462 5213 ἴασιν.
2498 5159 2716 5230 Ἐπειδὴ
2747 5161 2855 5230 γὰρ
2891 5162 2949 5212 ὲν
2981 5162 3117 5214 πᾶσι
3151 5162 3403 5231 σημείοις
3429 5162 3522 5213 καὶ
3551 5162 3742 5231 τέρασι

2166 5252 2394 5321 ψεύδους
2434 5253 2651 5306 πάντων
2680 5250 2788 5304 τῶν
2824 5253 3134 5323 φαρμακῶν
3165 5253 3259 5306 κα)⁵
3288 5254 3555 5306 ὲπαοιδῶν
3593 5254 3743 5305 ἔσται

2168 5347 2196 5398 ὁ
2227 5344 2615 5415 ψευδόχριστος
2635 5346 3127 5417 περιφανέστερος,
3162 5346 3258 5399 ἆτε
3278 5347 3468 5399 πᾶσαν
3498 5344 3592 5397 τοῦ
3631 5345 3745 5398 om

2169 5437 2325 5490 δόλου
2352 5437 2645 5507 δεχόμενος
2665 5436 2764 5508 τὴν
2785 5439 3096 5509 ἐνέργειαν,
3122 5442 3185 5491 ὲν
3219 5439 3448 5506 δυνάμει
3476 5436 3746 5505 ἀληθινῶν

2173 5530 2417 5600 σημείων
2450 5546 2513 5582 τε
2548 5531 2649 5583 καὶ
2682 5532 2931 5601 τεράτων
2967 5532 3094 5596 τοὺς
3140 5532 3329 5599 ἁγίους
3356 5530 3582 5593 τούτους
3612 5530 3745 5583 καθ-

2168 5622 2381 5675 οπλίσει
2420 5623 2448 5675 δ
2474 5620 2630 5685 Θεὸς,
2665 5625 2730 5694 τῇ
2781 5623 3081 5692 παραθέσει
3113 5622 3500 5693 τῆςῗάληθείας
3534 5623 3628 5675 καί
3650 5620 3744 5673 τοῦ
3846 5644 3852 5651 ·

2170 5710 2349 5782 φωτὸς
2381 5712 2466 5785 [τὸ
2498 5712 2693 5782 ψεῦδος
2721 5713 2835 5786 καὶ]
2861 5715 2922 5768 τὸ
2954 5715 3158 5777 σκότος.
3179 5715 3580 5783 ἀπελέγξοντας
3604 5729 3617 5741 ⁸
3650 5713 3743 5766 καὶ

2170 5807 2293 5869 τοὺς
2320 5806 2424 5877 μὲν
2458 5805 2911 5877 πεπλανημένους
2950 5807 3401 5880 ἐπιστρέψοντας,
3442 5807 3529 5861 διά
3560 5824 3618 5861 τε
3656 5806 3744 5860 λό-
