4070 6410
325 405 428 468 313

1280 403 1428 462 COM
1441 401 1892 464 MENTARIUS
1934 405 2016 466 IN
2057 407 2587 472 APOCALYPSIN.

3473 422 3586 485 31-5

323 536 416 588 του
447 513 858 577 διδασκαλικοῠ,
899 514 987 568 διά
1037 527 1096 566 τε
1142 515 1424 584 μαςτὶγων
1493 515 1884 579 παιδευτικῶν,

1993 517 2354 588 redarguam;
2401 532 2456 576 et
2510 524 2764 578 seductos
2815 523 3014 592 partim
3083 527 3304 594 quidem
3359 533 3581 584 erudito

319 605 628 676 ἀνομϐρίας
664 605 756 658 καὶ
807 606 1006 676 πυρὸς,
1038 606 1134 660 καὶ
1180 611 1282 678 τῆς
1327 607 1436 660 τῶν
1477 609 1759 678 στοιχείων
1801 625 1902 679 με·

319 699 688 768 τιποιήσεως,
719 697 814 750 καὶ
859 698 969 752 τῶν
999 697 1205 768 ὁμοίων
1228 713 1242 730 ⁸
1283 697 1374 750 τὸν
1396 699 1451 752 δὲ
1482 699 1688 753 πλάνον
1725 718 1902 771 παραο

315 791 798 860 δειγματίσοντας,
837 791 934 843 καὶ
969 792 1138 862 μηδὲν
1171 793 1310 860 μήτε
1349 791 1442 844 ὑπ’
1482 792 1716 857 ἐκείνου,
1762 795 1900 863 μήτε

2001 611 2334 681 doctoreque
2367 614 2530 683 dign-0
2563 630 2846 680 sermone;
2883 616 3080 684 partim
3113 633 3242 672 vero
3268 623 3420 674 omni
3462 623 3583 689 pla-

1999 719 2190 772 garum
2210 715 2263 759 et
2279 707 2658 762 calamitatum
2678 723 2897 777 genere,
2923 719 2982 762 ut
3005 721 3132 764 sunt
3155 723 3310 766 terra:
3331 714 3579 778 siccitas,

1997 797 2141 851 aeris
2161 797 2530 869 intemperies,
2552 801 2718 854 noxia
2739 802 3136 856 elementorum
3167 807 3582 872 transmutatio,

319 882 404 950 ὑφ’
443 881 642 952 ἑτέρου
667 881 1050 952 πεισομένους,
1075 881 1208 952 ἄχρι
1248 880 1342 934 τοῦ
1376 881 1478 950 τῆς
1515 881 1726 944 οἰκείας
1767 897 1891 952 προ-

1997 895 2052 939 et
2075 888 2182 941 alia
2213 888 2484 958 ejusmodi
2521 892 2930 960 complura,’ad
2959 895 3206 948 veritatis
3242 894 3416 949 lucem
3449 913 3583 951 con—

313 973 542 1043 φητείας
572 973 834 1045 πέρατος.

1996 987 2244 1044 vertant;
2297 981 2476 1049 ipsum
2529 993 2714 1037 autem
2754 985 3109 1052 impostorem
3172 987 3576 1042 Antichristnm

315 1069 488 1136 palam
565 1067 890 1130 revincam,
943 1066 1272 1136 publiceque
1329 1065 1691 1120 confundant.
1759 1065 1909 1120 Nihil
1975 1068 2196 1124 iterim
2250 1071 2611 1138 incommodi,
2689 1091 2865 1145 neque
2899 1077 3126 1142 abillo,
3161 1093 3338 1143 neque
3373 1079 3442 1132 ab
3471 1081 3584 1136 ullo

311 1155 436 1220 alio,
479 1156 658 1208 donec
678 1155 1020 1224 prophetiam
1049 1163 1102 1207 et
1131 1154 1496 1209 ministerium
1521 1169 1682 1208 suum
1709 1155 2070 1224 expleverint,
2107 1163 2444 1226 perpessuri.

375 1246 488 1302 ιιάι
519 1247 622 1300 ὅτε
661 1245 986 1300 τελέσουσι
1021 1245 1138 1313 τὴν
1161 1245 1499 1314 μαρτυρίαν
1558 1244 1777 1308 αὐτῶν,
1827 1245 1892 1300 τὸ

307 1341 516 1408 θηρίον
553 1339 624 1391 τὸ
663 1338 994 1392 ἀναϐαῖνον
1059 1338 1128 1390 ἐκ
1163 1337 1270 1405 τῆς
1315 1337 1590 1392 ἀϐύσσου
1650 1338 1895 1406 ποιήσει

305 1433 578 1499 πόλεμον
632 1430 761 1497 μετ’
797 1429 1019 1492 αὐτῶν,
1071 1429 1169 1482 καὶ
1217 1428 1454 1493 νικήσει
1505 1430 1748 1494 αὐτοὺς,
1795 1431 1894 1482 καὶ

2066 1247 2158 1314 ΧΙ,
2195 1249 2245 1316 7,
2268 1251 2320 1304 8.
2347 1250 2414 1304 Et
2438 1269 2556 1306 cum
2581 1253 2850 1321 ﬁniverint
2903 1256 3266 1308 testimonium
3296 1274 3468 1316 suum.
3491 1259 3584 1312 be-

1997 1344 2104 1396 stia
2137 1360 2254 1413 qua:
2283 1347 2518 1399 ascendit
2542 1347 2606 1400 de
2639 1348 2851 1416 abysso,
2887 1349 3046 1417 faciet
3067 1349 3316 1402 adversus
3345 1367 3432 1404 eos
3469 1351 3582 1404 bel-

1995 1428 2127 1494 lum,
2151 1441 2198 1483 et
2231 1432 2399 1486 vincet
2429 1449 2538 1498 eos,
2569 1445 2618 1487 et
2657 1435 2856 1488 occidet
2885 1436 3040 1501 illos;
3067 1446 3118 1490 et
3149 1453 3370 1507 corpora
3395 1455 3580 1492 eorum

304 1521 864 1586 ἁποκτενεῒαύτούς
889 1538 899 1549 ·
933 1521 1028 1573 καὶ
1053 1521 1124 1574 τὰ
1141 1519 1424 1588 πτώματα
1454 1520 1652 1572 αὐτῶν
1679 1519 1891 1592 [ἐάσει]

1993 1522 2242 1589 iacebunt
2275 1527 2326 1577 in
2348 1525 2525 1592 platea
2559 1528 2786 1580 civitatis
2830 1545 3054 1598 magme,
3085 1545 3200 1600 qum
3233 1541 3451 1583 rocatur
3473 1532 3582 1597 spi-

305 1611 400 1666 ἐπὶ
453 1610 570 1678 τῆς
636 1610 926 1675 πλατείας
990 1609 1102 1677 τῆς
1158 1611 1394 1674 πόλεως
1449 1608 1560 1676 τῆς·
1621 1610 1896 1679 μεγάλης

306 1705 528 1777 [ἄταφα
673 1703 808 1770 ἥτις
867 1703 1134 1756 καλεῖται
1187 1701 1603 1770 πνευματικῶς
1660 1703 1898 1772 Σόδομα

301 1795 398 1848 καὶ
437 1794 772 1864 Αἴγυπτος,
800 1791 954 1846 ὅπου
973 1792 1122 1864 [καὶ]
1157 1796 1190 1848 ό
1211 1794 1430 1861 Κύριος
1449 1792 1648 1846 αὐτῶν
1671 1794 1893 1848 ἐσταυ-

298 1884 475 1954 ρώθη.

367 1975 527 2030 Μετὰ
564 1975 678 2046 γὰρ
709 1976 770 2030 τὸ
814 1977 1292 2047 διαμαρτύρασθαι
1327 1979 1545 2042 αὐτοὺς,
1584 1979 1767 2052 [φησι]
1799 1979 1896 2050 τὴν

297 2067 397 2137 τῆς
435 2070 665 2139 ἀπάτης
696 2069 1014 2139 ἀποφυγὴν,
1043 2070 1106 2122 τὸ
1140 2069 1350 2140 Θηρεον,
1397 2071 1598 2141 δηλαδὴ
1631 2074 1658 2124 ὁ
1716 2073 1894 2124 Ἀντί-

297 2178 542 2234 χριστος,
576 2162 608 2214 ὁ
637 2162 704 2214 ὲκ
754 2161 865 2214 τῶν
909 2161 1206 2216 σκοτεινῶν
1261 2165 1356 2216 καὶ
1389 2162 1592 2232 βυθίων
1645 2164 1741 2233 τῆς
1789 2164 1894 2234 γῆς

298 2253 516 2324 χωρίων
567 2251 754 2318 ἐξιὼν,
803 2252 862 2304 ὲν
900 2249 980 2314 οἷς
1029 2252 1058 2303 ὁ
1110 2251 1354 2314 διάϐολος
1406 2253 1888 2318 καταδεδίκασται,

301 2343 482 2397 ἀνελεῖ
518 2344 724 2406 αὐτοὺς
773 2341 915 2395 κατὰ
961 2341 1112 2396 θείαν
1148 2341 1520 2414 συγχώρησιν,
1571 2343 1664 2396 καὶ
1709 2344 1891 2414 ἄταφα

300 2434 479 2486 αὐτῶν
515 2427 842 2503 καταλείψει
866 2434 933 2486 τὰ
975 2432 1227 2502 σώματα,
1262 2435 1318 2486 ὲν
1345 2436 1482 2503 αὐτῇ
1513 2437 1578 2504 τῇ
1621 2435 1890 2504 Ἰερουσα-

297 2526 430 2596 λὴμ,
468 2526 676 2595 δηλαδὴ
720 2529 786 2596 τῇ
835 2525 1042 2595 παλαιᾷ
1078 2526 1170 2578 καὶ
1215 2541 1703 2600 κατεστραμμενῃ.
1758 2530 1817 2581 ἐν

300 2619 394 2672 καὶ
416 2621 442 2672 ὁ
485 2619 700 2688 Κύριος
732 2618 1001 2671 πέπονθεν
1036 2635 1049 2647 ·
1084 2618 1186 2690 [ἐν]
1221 2617 1418 2690 ταύτῃ,
1449 2619 1523 2681 ὡς
1555 2619 1722 2683 ἔοικε,
1753 2621 1889 2674 καο-

301 2711 460 2764 ιστῶν
486 2710 562 2764 τὰ
613 2710 862 2781 βασίλεια
911 2710 1052 2763 κατὰ
1087 2712 1323 2780 μίμησιν
1366 2711 1534 2764 Astii?)
1557 2752 1570 2774 ,
1602 2705 1664 2765 οὗ
1693 2715 1720 2765 ὁ
1773 2713 1890 2774 υἱὸς

300 2801 541 2876 Χριστὸς
577 2805 606 2858 ὁ
631 2804 888 2872 ἀληθινὸς
919 2803 1050 2866 Θεὸς
1093 2805 1275 2874 ἡμῶν,
1325 2804 1469 2856 κατὰ
1502 2805 1679 2874 σάρκα
1725 2805 1886 2872 γεγέ-

299 2912 453 2965 νηται
474 2910 489 2926 '
531 2889 622 2947 ἶνα
651 2897 758 2947 κάν
786 2895 961 2964 τούτῳ
986 2895 1180 2946 ἑαυτὸν
1211 2891 1352 2948 εἶναι
1405 2895 1494 2948 τὸν
1526 2895 1760 2963 Χριστὸν
1793 2913 1886 2948 πι-

303 2989 606 3056 στώσηται,
626 2985 944 3055 πληροῦντσ.
976 2984 1184 3057 Ῑδῆθεν]
1213 2986 1274 3038 τὸ
1305 2987 1650 3056 προφητικὸν
1679 2987 1883 3054 λόγιον,

297 3077 357 3132 τὸ
387 3078 604 3146 φάσκον
629 3094 642 3108 ·
697 3075 1054 3144 Ἀναστήσω
1093 3075 1208 3144 τὴν
1257 3077 1502 3146 σκηνὴν
1545 3078 1722 3132 Δαόὶδ
1771 3079 1888 3148 τὴν

299 3170 706 3234 πεπτωκυῖαν,
741 3167 842 3223 καὶ
871 3169 944 3222 τὰ
975 3170 1472 3239 κατεστραμμένα
1499 3169 1691 3239 αὐτῆς
1718 3173 1884 3226 ἀνοι-
1912 3200 1956 3260 C

302 3259 650 3331 κοδομύσω·
682 3263 820 3330 ὅπερ
847 3261 1194 3330 πλανώμενοι
1251 3262 1303 3314 οἱ
1345 3263 1613 3327 Ἰουδαῖοι,
1661 3263 1742 3326 εἰς
1787 3263 1884 3333 τὴν

307 3355 512 3409 ἐκείνου
538 3354 847 3426 παρουσίαν
883 3353 1308 3424 ἐκλαμϐάνουσι.

371 3532 478 3586 Kal
501 3531 861 3594 βλέπουσιν
892 3530 960 3584 ἐκ
989 3529 1106 3583 τῶν
1137 3529 1306 3584 λαῶν
1357 3529 1459 3600 grai
1507 3529 1740 3599 φυλῶν,
1787 3531 1886 3585 καὶ

299 3623 597 3692 γλωσσῶν
628 3623 725 3676 καὶ
768 3621 980 3688 ἐθνῶν,
1018 3621 1090 3674 τὰ
1128 3622 1410 3690 πτώματα
1435 3623 1636 3676 αὐτῶν
1663 3623 1886 3692 ἡμέρας

303 3716 459 3780 τρεῖς
489 3714 712 3783 ἣμισυ·
765 3714 862 3766 καὶ
927 3715 1000 3768 τὰ
1047 3713 1328 3782 πτώματα
1367 3713 1566 3767 αὐτῶν
1611 3717 1719 3767 οὐκ
1767 3715 1881 3783 ἁφ-

299 3805 528 3870 ήσουσι
559 3801 800 3870 τεθῆναι
843 3804 934 3868 εις
956 3801 1189 3870 μνῆμα.
1225 3804 1333 3855 Καὶ
1374 3804 1427 3854 οἱ
1451 3803 1879 3868 κατοικοῦντες

297 3894 396 3948 ἐπὶ
423 3893 536 3962 τῆς
557 3891 690 3962 γῆς,
728 3892 1096 3962 χαρήσονται
1117 3891 1209 3943 ἐπ’
1232 3889 1457 3956 αὐτοῖς,
1494 3891 1590 3943 καὶ
1625 3895 1884 3961 εὐφραν-

299 3985 614 4052 θήσονται,
680 3984 778 4038 καὶ
817 3981 975 4050 δῶρα
1034 3981 1346 4036 δώσουσιν
1402 3983 1702 4050 ἀλλήλοις
1729 4002 1742 4014 ·
1793 3987 1883 4038 ὅτι

296 4075 463 4134 οὗτοι
490 4079 544 4130 οι
565 4076 676 4131 δύο
709 4073 1006 4144 προφῆται
1059 4074 1435 4128 ἐϐασάνισαν
1489 4075 1633 4142 τοὺς
1689 4094 1884 4131 κατοι-

296 4171 560 4235 κοῦντας
586 4169 684 4223 ἐπὶ
711 4169 829 4236 τῆς·
845 4167 980 4238 γῆς.

367 4265 474 4319 Καὶ
485 4262 838 4328 ,ϐλέπουσιν
853 4259 919 4312 ἐκ
937 4257 1055 4312 τῶν
1068 4259 1234 4312 λαῶν
1249 4257 1348 4312 καὶ
1363 4259 1576 4327 φυλῶν
1601 4276 1676 4313 κα
1691 4261 1885 4330 γλωσ-

295 4356 442 4412 σῶν.
473 4388 546 4398 --
579 4353 827 4420 Οἱᾶπαξ,
863 4353 1018 4424 φησι,
1052 4351 1590 4422 προκατειλημμένοι
1611 4353 1723 4414 τοῖς
1752 4351 1884 4420 ψευ-

294 4449 408 4502 δέσι
445 4449 540 4502 τοῦ
579 4445 951 4517 Ἀντιχρὶστου
969 4444 1290 4513 repetentia).
1308 4443 1368 4495 τὸ
1390 4441 1684 4509 θεοστυγὲς
1713 4441 1880 4495 αὑτοῦ

295 4541 470 4612 ὄνομα
493 4537 899 4604 ἁνεξαλείπτως
929 4535 1036 4608 [ἐν]
1062 4538 1184 4600 ταῖς
1209 4533 1462 4606 καρδίαις
1499 4533 1881 4606 ἐγγράψαντες
1923 4560 1964 4612 D

296 4633 358 4686 ἐκ
388 4649 450 4686 τε
497 4631 794 4694 Ἰουδαίων,
843 4629 905 4682 ἐκ
935 4646 994 4681 τε
1038 4626 1228 4694 ἐθνῶν,
1253 4625 1492 4696 ταφῆναι
1529 4627 1626 4696 μὲν
1661 4627 1729 4678 τὰ
1757 4625 1887 4694 ἅγια

299 4725 532 4794 σώματα
572 4723 913 4776 κωλύσουσιν
935 4736 948 4749 ·
981 4721 1076 4772 ἐπὶ
1117 4719 1174 4773 δὲ
1208 4721 1274 4788 τῇ
1308 4717 1600 4788 ἀπαλλαγῇ
1635 4719 1746 4770 τῶν
1779 4736 1886 4790 μα-

303 4819 526 4883 στίγων,
556 4815 621 4876 ἃς
651 4814 745 4866 ἐπὶ
769 4815 1074 4882 ἐπιστροφῇ
1098 4813 1360 4882 ἔπασχον,
1387 4811 1885 4882 εὐφρανθήσονται·

307 4908 380 4978 μὴ
413 4905 757 4974 λογιζόμενοι
803 4905 909 4967 ὅτι,
973 4903 1032 4956 ὃν
1082 4904 1269 4971 ἀγαπᾷ
1323 4902 1550 4973 Κύριος,
1603 4900 1886 4954 παιδεύει·

291 4997 581 5068 μαστιγοῖ
615 4997 683 5050 δὲ
727 4993 978 5067 [πάντα]
1029 4997 1166 5048 υἱὸν
1217 4995 1288 5048 ὃν
1313 4993 1747 5062 παραδέχεται·
1787 4993 1882 5046 καὶ

295 5089 354 5140 ὲν
398 5084 564 5154 κημῷ
599 5084 693 5136 καὶ
717 5082 922 5152 χαλινῷ
961 5082 1115 5149 ᾰγξει
1140 5081 1270 5144 τοὺς
1303 5083 1378 5152 μὴ
1401 5080 1718 5149 ὲγγίξοντας
1749 5081 1882 5152 πρὸς

297 5177 494 5230 αὐτόν’
538 5177 685 5238 ὅπως
721 5175 825 5228 κᾶν
859 5175 920 5240 ἐξ
955 5174 1200 5244 ἀνάγκης
1223 5173 1362 5245 πρὸς
1384 5173 1481 5242 τὴν
1517 5173 1733 5226 εὐθεῖαν
1761 5171 1882 5225 ὁδὸν

297 5267 708 5338 ἐπιστρέψωσιν
730 5283 745 5297 ⁸
783 5261 850 5337 ἦς
885 5267 1265 5338 ἀπατηθέντες
1295 5265 1701 5337 ἐξετράπησαν.
1740 5261 1880 5317 Ἀλλ’

296 5359 444 5426 ἡμᾶς
467 5357 721 5428 εὔχεσθαι
753 5357 881 5429 χρὴ,
908 5355 1053 5411 οὕτω
1071 5357 1267 5428 Κυρίῳ
1297 5357 1556 5424 λέγοντας
1575 5379 1590 5389 -
1639 5355 1891 5424 Ἀγαθὸν

297 5447 444 5518 ἡμῖν
469 5448 559 5504 ὅτι
590 5451 999 5515 ἐταπείνωσας
1042 5447 1199 5518 ἡμᾶς
1225 5465 1237 5478 ’
1267 5449 1299 5501 ὅ
1337 5465 1462 5514 πως
1492 5449 1569 5524 gr
1601 5449 1884 5518 μάθωμεν

296 5539 369 5591 τὰ
415 5539 776 5610 δικαιώματά
820 5557 958 5595 σου.
997 5539 1403 5608 Ἐπίστρεψον
1464 5541 1641 5610 ἡμᾶς,
1677 5545 1709 5596 ὀ
1745 5541 1890 5608 Θεὸς

207 5665 212 5670 -
299 5629 416 5686 τῶν
442 5633 753 5700 σωτηρίων
777 5631 948 5701 ἡμῶν
967 5649 980 5661 ·
1003 5631 1126 5699 [καὶ
1147 5631 1546 5703 ἁπόστρεψον
1571 5634 1676 5688 τὸν
1699 5635 1890 5703 θυμόν

369 5813 414 5847 ³⁷
453 5815 622 5870 Amos
669 5829 745 5878 Ix,
775 5813 863 5868 ll.
963 5813 1008 5846 ’⁸
1043 5811 1186 5868 llehr
1243 5826 1338 5875 xu,
1373 5809 1404 5867 6

1920 1867 1970 1926 B

1999 1615 2270 1668 ritualiter
2297 1615 2528 1671 Sodoma
2545 1626 2594 1672 et
2613 1618 2902 1688 J-Egyptus,
2933 1621 3021 1673 ubi
3043 1629 3092 1673 et
3116 1619 3375 1675 Dominus
3396 1637 3576 1675 eorum

2001 1709 2294 1778 cruciﬁxus
2315 1719 2415 1766 est.

2069 1972 2434 2042 Posteaquam
2465 1973 2783 2043 impostoris
2832 1973 3080 2029 fraudem
3127 1975 3452 2040 detexerint,
3489 1975 3578 2030 in-

1999 2064 2152 2134 quit,
2207 2079 2439 2134 eamque
2493 2065 2670 2119 modis
2721 2067 2982 2120 omnibus
3051 2067 3332 2122 vitandam
3399 2070 3580 2137 palam

1999 2155 2360 2216 ostenderint.
2393 2157 2586 2218 bestia,
2619 2173 2813 2225 nempe
2851 2158 3250 2222 Antichristus,
3282 2174 3346 2214 es
3379 2161 3580 2214 obscu-

1997 2245 2075 2300 ris
2147 2247 2496 2316 humidisque
2547 2257 2704 2301 terrae
2761 2247 2917 2312 locis,
2973 2249 3026 2302 in
3067 2249 3272 2318 quibus
3327 2251 3580 2306 diabolus

1997 2339 2204 2392 versari
2261 2339 2457 2394 solitus
2499 2349 2602 2399 est.
2651 2355 2926 2408 egressus,
2981 2344 3286 2396 secundum
3336 2344 3582 2398 divinam

1993 2431 2415 2499 permissionem
2453 2431 2747 2486 interliciet
2781 2435 2940 2498 illos;
2966 2435 3324 2504 ipsorumque
3349 2451 3580 2506 corpora

1992 2536 2090 2589 per
2123 2522 2330 2589 plateas
2375 2524 2575 2578 veteris
2605 2532 2658 2577 et
2679 2524 2794 2592 jam
2825 2541 3028 2578 eversre
3078 2525 3488 2598 llierusolymar,
3523 2529 3580 2581 in

1994 2629 2100 2682 qua
2129 2612 2382 2666 Christus
2417 2630 2643 2683 quoque
2693 2615 2960 2670 Dominus
3008 2627 3195 2670 noster
3239 2634 3437 2688 passus
3471 2626 3580 2684 est,

1996 2703 2138 2755 ultro
2173 2704 2427 2771 citroque
2473 2704 2674 2772 iactata
2727 2707 3004 2775 insepulta
3057 2708 3350 2778 relinquet.
3387 2707 3445 2762 In
3479 2709 3582 2762 hac

1992 2811 2230 2864 namque
2278 2797 2538 2861 civitate,
2591 2799 2658 2852 ad
2706 2798 3063 2854 imitationem
3117 2802 3370 2865 Davidis,
3425 2803 3580 2872 regni

1993 2888 2202 2954 sedem,
2233 2899 2291 2942 ut
2325 2891 2608 2958 probabile
2639 2893 2696 2943 lit
2722 2929 2737 2952 ,
2785 2891 3087 2945 constituet
3125 2911 3135 2944 :
3168 2893 3222 2946 in
3260 2894 3414 2960 cujus
3450 2909 3582 2963 quo-

1991 2995 2094 3047 que
2119 2981 2356 3035 conﬁnio
2389 2980 2548 3036 Jesus
2587 2981 2844 3038 Christus
2893 2983 3036 3038 Deus
3069 2993 3120 3036 et
3151 2982 3416 3040 Doniinus
3469 3001 3575 3040 no—

1991 3081 2104 3126 ster
2162 3083 2325 3128 natus
2379 3081 2462 3128 est
2512 3075 2812 3129 secundum
2875 3090 3133 3142 carnem;
3197 3092 3306 3146 quo
3363 3077 3443 3130 vel
3480 3077 3582 3132 hac

1990 3163 2204 3216 ratione
2251 3161 2409 3216 ﬁdem
2455 3163 2618 3218 faciat
2660 3179 2719 3218 se
2747 3181 2934 3218 verum
2983 3181 3105 3220 esse
3131 3165 3438 3231 Christum,
3471 3167 3580 3220 im-

1997 3256 2261 3324 plereque
2307 3258 2686 3326 prepheticum
2737 3257 2868 3310 illud
2905 3274 2919 3310 :
2955 3257 3282 3314 Instaurabo
3327 3261 3578 3312 taberna—

1995 3345 2172 3400 culum
2236 3345 2450 3398 Davidis
2509 3346 2806 3414 collapsum
2853 3347 2931 3412 ’7;
2979 3347 3123 3414 quod
3165 3345 3578 3409 Judasi,errorc

1995 3439 2229 3507 decepti,
2265 3436 2332 3490 ad
2368 3437 2517 3490 illius
2548 3438 2842 3490 adventum
2873 3436 3238 3490 transferunt.

2065 3529 2159 3594 Χῖ,
2197 3529 2250 3592 9,
2287 3528 2374 3582 i0.
2410 3528 2480 3581 Et
2523 3528 2770 3582 videbunt
2797 3528 2862 3580 de
2895 3527 3158 3590 tribubus,
3187 3537 3238 3580 et
3261 3527 3496 3598 populis,
3525 3535 3577 3582 et

1997 3622 2212 3692 linguis,
2243 3629 2292 3674 et
2323 3620 2564 3688 gentibus
2599 3635 2821 3688 corpora
2863 3620 3094 3686 ipsorum
3117 3634 3208 3688 per
3242 3627 3345 3670 tres
3378 3617 3486 3670 dies
3525 3626 3576 3668 et

1995 3715 2306 3775 dimidium;
2335 3721 2381 3764 et
2405 3727 2626 3779 corpora
2658 3727 2836 3764 eorum
2875 3727 2978 3764 non
3010 3711 3182 3762 sinent
3225 3710 3347 3778 poni
3373 3710 3429 3761 in
3467 3725 3580 3760 mo-

1995 3807 2282 3860 numentis.
2327 3805 2395 3858 Et
2442 3804 2800 3858 inhabitantes
2849 3815 3045 3856 terram
3095 3800 3390 3870 gaudebunt
3425 3815 3578 3866 super

1993 3897 2124 3962 illis,
2151 3907 2200 3948 et
2224 3896 2688 3965 jucundabuntur,
2728 3903 2776 3948 et
2813 3911 3033 3948 munera
3067 3893 3277 3946 mittent
3317 3890 3532 3944 iuricem
3557 3905 3578 3942 :

1992 3991 2240 4059 quoniam
2265 3989 2319 4040 hi
2341 3988 2445 4042 duo
2473 3989 2736 4058 prophetat
2758 3987 3232 4040 cruciavernnteos
3247 3986 3334 4052 qui
3363 3979 3578 4036 habita-

1994 4081 2117 4136 bant
2153 4095 2310 4150 super
2344 4089 2566 4134 terram.

2062 4253 2168 4320 Qui
2195 4253 2550 4307 mendacibus
2599 4249 2924 4306 Antichristi
2973 4249 3242 4320 prodigiis
3295 4262 3574 4317 praeoccu-

1991 4347 2122 4418 pati,
2161 4361 2357 4400 nomen
2391 4345 2539 4400 illius
2575 4346 2681 4400 Deo
2715 4353 2942 4402 exosum
2973 4343 3234 4398 cordibus
3262 4343 3375 4396 suis
3403 4342 3574 4398 semel

1994 4437 2414 4506 inscripserunt,
2449 4437 2661 4505 inquit:
2699 4437 2814 4490 sive
2844 4421 2920 4488 illi
2948 4451 3014 4489 ex
3041 4434 3150 4506 47
3182 4433 3385 4490 Judaeis
3409 4433 3576 4503 origi-

1991 4547 2114 4588 nem
2144 4530 2420 4592 duxerint,
2469 4529 2584 4584 sive
2621 4543 2688 4582 ex
2713 4525 2958 4596 gentium
3015 4528 3232 4582 natione
3279 4526 3570 4593 venerint;

1993 4625 2070 4678 illi
2106 4632 2294 4678 sancta
2325 4622 2415 4676 illa
2445 4635 2674 4690 corpora
2707 4621 2764 4674 in
2791 4628 3208 4673 monumentum
3241 4617 3442 4672 inferre
3463 4635 3574 4674 non

1991 4718 2208 4781 sinent;
2248 4729 2459 4776 verum,
2503 4713 2648 4782 quod
2693 4727 2722 4764 a
2769 4709 3028 4780 ﬂagellis,
3083 4725 3204 4780 qua:
3241 4707 3307 4762 ad
3354 4709 3575 4765 illorum

1991 4809 2221 4862 salutem
2268 4816 2321 4860 et
2365 4804 2780 4860 conversionem
2827 4803 3162 4866 intulerant,
3213 4801 3482 4855 liberatos
3518 4817 3577 4856 se

1988 4899 2230 4964 videant,
2265 4897 2446 4952 laetum
2492 4895 2805 4965 festumque
2833 4897 2976 4950 diem
3013 4907 3203 4966 agent;
3239 4895 3382 4950 haud
3414 4897 3570 4965 cogi-

1991 5000 2168 5046 tantes
2199 5005 2359 5060 (tuem
2403 4987 2666 5043 Dominus
2697 4997 2863 5054 amat,
2901 5003 3023 5044 eum
3055 4999 3108 5044 et
3137 4987 3408 5056 castigare
3429 5001 3570 5056 quo-

1989 5100 2096 5154 que
2149 5083 2326 5138 solere
2365 5099 2380 5149 ;
2417 5081 2656 5150 ﬂagellat
2725 5081 2865 5134 enim
2925 5096 3134 5134 euntem
3191 5079 3376 5148 ﬁlium;
3423 5094 3576 5146 quem

1983 5171 2206 5246 suscipit
2241 5175 2308 5240 ’⁸,
2343 5189 2610 5243 camoque
2637 5180 2690 5226 et
2717 5173 2872 5226 l'reno
2907 5171 3123 5226 illorum
3161 5171 3408 5224 maxillas
3441 5185 3574 5222 cnn-

1989 5267 2276 5336 stringere,
2314 5266 2408 5334 qui
2433 5279 2492 5318 se
2514 5264 2578 5316 ad
2608 5263 2786 5332 ipsum
2838 5261 3144 5330 adjungere
3193 5267 3566 5324 cunctantur;

1991 5373 2098 5426 quo
2127 5357 2210 5411 vel
2253 5357 2580 5411 necessitate
2628 5351 2824 5414 coacti,
2859 5352 2924 5406 ad
2967 5352 3106 5404 viam
3141 5357 3367 5411 rectam,
3399 5365 3428 5402 a
3461 5365 3570 5416 qua

1988 5449 2198 5504 seducti
2259 5449 2617 5513 aberrat-aut,
2663 5443 2956 5514 aliquando
3017 5449 3379 5495 revertantur.
3453 5437 3565 5494 Nos

1987 5551 2168 5594 autem
2225 5555 2384 5593 orare
2425 5555 2528 5609 par
2575 5550 2660 5592 est
2697 5547 2751 5593 et
2779 5537 3002 5599 dicere;
3035 5531 3243 5586 Bonum
3288 5541 3364 5586 est
3409 5531 3566 5598 mihi,

1989 5631 2233 5700 Domine,
2254 5631 2379 5701 quia
2405 5627 2701 5684 humiliasti
2728 5645 2837 5695 me;
2861 5637 2914 5681 ut
2937 5625 3140 5680 discam
3152 5625 3570 5696 justi/icutiones
