4070 6404
460 405 571 472 315

1639 394 1962 457 ANDRE/E
2014 395 2537 456 CESARIENSIS

3628 394 3729 459 316

460 532 582 577 tuus
612 523 676 572 ¹⁹.
708 518 958 574 Converte
975 532 1088 577 nos,
1125 511 1261 566 Deus
1284 510 1540 565 salutaris
1571 518 1768 572 noster,
1800 519 1848 562 et
1880 517 2053 562 averte

2160 526 2272 563 σου
2301 510 2403 578 ἀφ’
2434 506 2659 580 ἡμῶν]
2695 509 2796 562 ἵνα
2816 508 2904 578 μὴ
2938 492 3221 577 είσέλθῃς
3246 510 3332 574 εις
3363 509 3562 577 νρίσιν
3584 514 3733 579 μετὰ

459 614 599 666 iram
632 619 780 665 tuam
805 626 837 662 ιι
869 608 1013 660 nobis
1046 606 1113 658 ³⁸.
1145 602 1327 672 Neque
1358 602 1524 655 intres
1558 602 1609 654 in
1629 600 1898 670 judicium
1926 615 2047 653 cum

462 702 623 755 servis
674 699 780 751 tuis
808 736 823 763 ,
875 696 1096 748 Domine
1127 693 1193 746 ".
1222 690 1461 747 Judicati
1509 692 1656 745 enim
1680 693 1803 745 'abs
1836 699 1887 744 te
1908 730 1923 756 ,
1953 691 2047 760 qui

464 792 706 845 clemens
749 798 799 843 et
847 788 1119 855 benignus
1167 799 1247 849 es,
1299 784 1604 848 erudimur,
1653 798 1721 838 ne
1768 800 1893 838 cum
1946 784 2051 839 hoc

464 879 671 935 mundo
716 876 1180 940 condemnemur;
1232 873 1326 929 sed
1361 889 1458 943 per
1490 875 1627 929 levia
1666 876 1915 944 quaedam
1951 874 2051 929 ila-

466 968 605 1040 gella
639 964 929 1031 admoniti,
959 964 1359 1033 sempiternum
1387 962 1694 1018 cruciatum
1727 963 2048 1018 evadamus.

465 1061 737 1127 Quoniam
768 1058 921 1113 dives
953 1072 1013 1113 es
1053 1057 1106 1111 in
1145 1057 1616 1122 miserationibus,
1652 1057 1872 1113 Christe
1908 1056 2053 1112 Deus

464 1161 675 1207 noster.
698 1148 871 1217 Quem
904 1148 1138 1220 proinde
1167 1148 1322 1203 decet
1350 1148 1531 1203 omnis
1554 1147 1852 1217 gratiarum
1881 1147 2051 1212 actio,

462 1254 516 1297 et
547 1242 741 1312 gloria,
774 1251 828 1295 et
858 1242 1060 1306 honor,
1098 1248 1154 1295 et
1182 1239 1451 1306 adoratio,
1504 1254 1611 1294 una
1645 1254 1769 1295 cum
1805 1238 1966 1294 Patre
1998 1246 2053 1293 et

463 1333 681 1388 viviﬂco
732 1341 1034 1403 sanctoque
1084 1332 1319 1402 Spiritu,
1369 1347 1518 1388 nunc
1555 1340 1608 1387 et
1648 1346 1885 1402 semper,
1913 1339 1968 1386 et
1996 1331 2051 1387 in

466 1424 665 1481 Saecula
700 1426 1049 1482 saeculorum.
1076 1426 1269 1481 Amen.

813 1558 1041 1615 CAPUT
1082 1558 1276 1627 XXXI,
1324 1559 1558 1616 SERMO
1594 1560 1688 1615 XI.

474 1686 541 1742 Ut
572 1690 677 1742 duo
717 1692 811 1745 isti
849 1691 945 1746 Dei
983 1693 1247 1765 propheta:
1290 1694 1355 1745 ab
1387 1695 1715 1750 Antichristo
1760 1698 2051 1765 trucidati,

966 1764 1135 1816 denuo
1180 1768 1533 1819 surrexerint.

538 1897 633 1963 XI,
667 1899 752 1966 Η,
788 1899 873 1953 η.
909 1898 974 1954 Et
1002 1910 1118 1969 post
1142 1902 1251 1955 dies
1285 1911 1388 1955 tres
1416 1911 1464 1955 et
1494 1903 1798 1969 dimidium,
1820 1903 2054 1974 Spiritus

469 1988 589 2040 vita:
614 2003 644 2039 a
682 1985 787 2040 Deo
828 1989 1049 2041 intravit
1097 1991 1149 2043 in
1181 2008 1307 2055 eos;
1336 2002 1384 2045 et
1417 2002 1674 2046 steterunt
1717 2010 1875 2061 super
1901 1995 2054 2063 pedes

467 2091 589 2129 suos
616 2092 634 2128 :
665 2084 713 2129 et
738 2079 897 2131 timor
934 2095 1153 2149 magnus
1187 2084 1372 2135 cecidit
1405 2101 1561 2152 super
1582 2100 1669 2138 eos
1692 2087 1780 2154 qui
1810 2088 2053 2141 viderunt

466 2182 575 2219 eos.
608 2165 675 2219 Et
704 2168 1020 2222 audiverunt
1054 2188 1229 2225 vorem
1262 2191 1505 2244 magnam
1529 2192 1593 2229 ea:
1617 2178 1765 2242 coelo,
1799 2180 2055 2234 dicentem

465 2260 540 2313 eis
584 2276 601 2313 :
644 2259 924 2315 Ascendite
973 2262 1094 2319 huc.
1151 2266 1219 2322 Et
1270 2270 1623 2324 ascenderunt
1663 2272 1716 2325 in
1768 2273 1958 2326 caelum
2000 2274 2055 2327 in

468 2357 621 2408 nube.

541 2536 930 2609 Posteaquam,
964 2537 1161 2608 inquit,
1195 2546 1275 2592 tot
1304 2538 1421 2594 dies
1452 2540 1707 2594 exstincti
1737 2538 2053 2610 iacuerunt,

468 2639 605 2700 quot
645 2644 820 2686 annos
862 2629 1145 2685 vaticinati
1200 2629 1440 2697 fuerant,
1480 2630 1738 2687 nimirum
1792 2642 1901 2689 tres
1932 2649 2055 2687 cum

471 2722 725 2789 dimidio,
753 2722 937 2779 denuo
961 2732 1341 2789 surrexerunt,
1377 2722 1777 2794 Dominicoqne
1804 2724 2057 2780 vehiculo

473 2814 641 2886 (nube
667 2816 941 2885 videlicet)
996 2817 1269 2877 subvecti,
1310 2817 1377 2870 ad
1410 2816 1611 2870 malum
1645 2818 2055 2883 ascenderunt;

471 2904 692 2959 timoris
715 2905 879 2961 simul
906 2915 961 2961 et
988 2907 1231 2977 stuporis
1264 2922 1433 2962 causa
1466 2907 1573 2962 illis
1603 2906 1779 2962 ell‘ecti
1812 2908 1905 2978 qui
1931 2916 2057 2964 ante

472 2995 597 3050 illos
623 2996 895 3052 viderant.

546 3086 639 3153 XI,
667 3088 752 3154 12,
785 3091 853 3144 15
906 3089 974 3145 Et
1021 3092 1260 3145 viderunt
1285 3091 1407 3145 illos
1436 3092 1642 3146 inimici
1668 3108 1872 3147 eorum.
1909 3091 1971 3145 Et
2004 3094 2059 3147 in

474 3177 573 3231 illa
608 3178 739 3231 liora
770 3180 947 3248 factus
994 3192 1070 3235 est
1099 3193 1253 3236 terra:
1285 3192 1455 3235 motus
1487 3200 1746 3254 magnus;
1777 3193 1825 3238 et
1855 3184 2059 3237 decima

2151 599 2271 655 τῶν
2297 599 2537 654 δούλων
2565 615 2683 655 σου
2707 616 2721 632 ·
2747 599 3062 671 κρινόμενοι
3094 599 3203 669 γὰρ
3234 599 3341 651 ὑπὸ
3369 599 3463 651 σοῦ
3492 598 3586 652 τοῦ
3614 605 3732 668 φιλ-

2106 762 2107 765 η
2154 690 2445 762 ανθρώπου
2474 689 2825 764 [Δεσπότου,]
2858 691 3252 762 παιδευόμεθα,
3300 690 3389 744 ἵνα
3423 690 3499 762 μὴ
3529 691 3626 745 σὺν
3655 694 3731 763 τῷ

2153 783 2347 853 κόσμῳ
2398 783 2849 853 κατακριθῶμεν,
2899 782 3036 837 ἀλλὰ
3085 783 3153 836 δι’
3202 782 3403 851 ὀλίγων
3452 783 3734 853 μαστίγων

2153 872 2373 927 αἰώνιον
2403 871 2802 943 ὲκφευξώμεθα
2832 873 3057 927 κόλασιν
3077 888 3090 901 ·
3120 873 3203 926 ὅτι
3257 871 3519 935 πλούσιος
3563 873 3738 944 ὑπάρ-

2094 1014 2109 1026 _
2154 980 2272 1035 χεις
2321 966 2379 1018 ὲν
2416 964 2747 1036 οῑκτιρμοῖς,
2782 964 2991 1035 Χριστὲ
3036 965 3064 1018 ό
3108 964 3244 1028 Θεὸς
3278 964 3461 1035 ἡμῶν.
3492 964 3605 1017 Καὶ
3653 965 3733 1017 σοὶ

2154 1056 2357 1127 πρέπει
2379 1056 2532 1111 πᾶσα
2564 1054 2963 1129 [εὐχαριστία,]
2999 1056 3152 1124 δόξα,
3181 1058 3341 1128 τιμὴ,
3372 1056 3469 1112 καὶ
3490 1057 3733 1127 προσκύ-

2154 1167 2332 1221 νησις,
2374 1150 2491 1221 ἅμα
2519 1150 2598 1221 τῷ
2650 1151 2846 1221 Πατρὶ,
2879 1151 2976 1205 καὶ
3002 1150 3081 1222 τῷ
3120 1150 3375 1221 ζωοποιῷ
3421 1149 3728 1220 Πνεύματι,

2154 1244 2250 1299 νῦν
2304 1245 2397 1298 καὶ
2445 1244 2555 1310 ἀεὶ,
2617 1245 2711 1298 καὶ
2765 1245 2846 1308 είς
2912 1244 3041 1308 τοὺς
3080 1244 3287 1307 αίῶνας
3338 1242 3449 1298 τῶν
3501 1240 3739 1299 αἰώνων.

2165 1336 2221 1391 Ἀ
2234 1337 2365 1408 μήν.

2576 1560 2829 1616 ΚΕΦΑΛ.
2864 1559 2991 1615 AA'.
3024 1560 3243 1616 ΛΟΓΟΣ
3277 1560 3383 1615 IA'.

2157 1699 2351 1765 Ὅπως
2385 1698 2828 1770 -ἁναιρερέντες
2872 1696 2993 1751 ὑπὸ
3019 1694 3166 1770 ἢτοῦ,
3192 1696 3617 1770 ’ᾼντιχρίστου
3666 1696 3742 1770 [οἱ

2199 1764 2506 1825 δύοοῦτοι
2532 1764 2640 1821 τοῦ
2666 1766 2816 1821 Θεοῦ
2841 1764 3167 1837 προφῆται]
3199 1764 3681 1833 ἀναστήσονταιξ

3526 1866 3531 1869 λ
3548 1860 3673 1877 »ηιμ-νη

2084 1890 2131 1950 Β
2232 1903 2339 1957 Καὶ
2356 1902 2506 1973 μετὰ
2543 1901 2652 1967 τὰς
2682 1900 2841 1969 τρεῖς
2872 1899 2969 1953 καί
3002 1899 3194 1969 ἣμισυ
3221 1868 3471 1968 ἡμέρας,
3502 1868 3747 1972 ηᾷῖὲὶῂια

2166 1994 2313 2062 ζωῆς
2336 1995 2403 2048 ἐκ
2428 1992 2532 2047 τοῦ
2566 1992 2716 2046 Θεοῦ
2745 1990 3036 2059 εἰσῆλθεν
3064 1992 3151 2056 είς
3177 1992 3427 2057 αὐτούς’
3447 1992 3545 2046 καί
3564 1993 3747 2062 ἐστη-

2164 2101 2285 2139 σαν
2316 2085 2415 2138 ἐπὶ
2472 2083 2618 2149 τοὺς
2658 2083 2851 2148 πόδας
2893 2079 3094 2135 αὐτῶν
3120 2098 3134 2114 ο
3192 2082 3292 2136 καὶ
3334 2082 3518 2149 φόϐος
3564 2083 3749 2139 ἔπεσε

2159 2176 2347 2245 μέγας
2375 2175 2473 2228 ἐπὶ
2508 2174 2650 2235 τοὺς
2695 2171 3065 2241 θεωροῦντας
3097 2173 3341 2238 αὐτούς.
3378 2171 3487 2226 Καὶ
3510 2171 3752 2241 ἤκουσα

2164 2267 2371 2339 φωνῆς
2398 2267 2669 2337 μεγάλης
2721 2266 2790 2320 ἐκ
2832 2265 2938 2319 τοῦ
2984 2264 3248 2333 οὐρανοῦ
3285 2265 3593 2334 λεγούσης
3644 2268 3749 2321 αὐ-

2165 2360 2291 2426 τοῖς
2311 2376 2324 2390 ·
2378 2359 2656 2427 Ἀνάὄητε
2676 2354 2793 2413 ὦδε
2815 2376 2827 2387 ·
2859 2356 2957 2411 καὶ
2986 2358 3296 2426 ἀνέϐησαν
3320 2359 3409 2423 εις
3430 2357 3538 2411 τὸν
3570 2359 3751 2427 οὐρα-

2164 2453 2276 2507 νὸν
2299 2452 2368 2504 ἐν
2394 2448 2515 2523 [τῇ]
2542 2449 2787 2519 νεφέλῃ.

2247 2542 2595 2613 ’ἰσαρίθμους
2627 2541 2846 2611 ἡμέρας
2872 2542 2985 2604 τοῖς
3011 2541 3158 2594 ἔτεσι
3184 2540 3283 2611 τῆς
3320 2538 3501 2594 αὐτῶν
3530 2558 3751 2612 προφη-

2165 2634 2340 2697 τείας,
2402 2634 2557 2703 φησὶ,
2607 2632 2993 2704 νεκρωθέντες,
3060 2630 3270 2704 [πάλιν]
3327 2632 3751 2703 ἀναστήσονται,

2166 2725 2261 2777 καὶ
2333 2725 2415 2787 είς
2464 2721 2691 2791 οὐρανὸν
2756 2720 2859 2793 [ἐν]
2907 2721 2986 2788 τῷ
3038 2720 3358 2791 Δεσποτικῷ
3391 2721 3632 2791 ὀχήματι
3686 2723 3752 2791 τῇ

2166 2817 2363 2889 νεφέλῃ
2425 2816 2845 2882 ἁνελεύσονται,
2906 2813 3073 2883 φόϐος
3119 2801 3215 2867 καὶ
3268 2812 3606 2883 κατάπληξις
3641 2814 3754 2877 τοῖς

2166 2911 2337 2983 ὁρῶσι
2370 2910 2669 2980 γινόμενοι.

2240 3091 2349 3147 Καὶ
2381 3091 2726 3159 ἐθεώρησαν
2758 3088 2981 3155 αὐτοὺς
3011 3092 3064 3143 οἱ
3112 3087 3312 3157 ἐχθροὶ
3368 3084 3587 3140 αὐτῶν.
3644 3083 3758 3139 Καὶ

2172 3182 2284 3257 [ἐν]
2337 3183 2539 3251 ἐκείνῃ
2582 3181 2656 3249 τῆ
2690 3181 2881 3250 ἡμέρᾳ
2932 3180 3171 3249 ἐγένετο
3234 3178 3490 3248 σεισμὸς
3529 3176 3753 3247 μέγας*

474 3285 600 3338 pars
631 3270 866 3325 civitatis
918 3273 1143 3337 recidit;
1171 3284 1221 3326 et
1269 3276 1441 3328 occisa
1469 3284 1591 3328 sunt
1632 3276 1686 3329 in
1733 3285 1887 3330 terra:
1918 3286 2059 3330 motu

2171 3274 2268 3328 καὶ
2310 3273 2375 3327 τὸ
2402 3274 2657 3327 δέκατον
2684 3271 2793 3339 τῆς
2831 3272 3062 3337 πόλεως
3081 3272 3265 3324 ἔπεσε
3287 3286 3300 3299 ·
3336 3268 3435 3323 καὶ
3455 3269 3758 3324 ἀπεκτάν-

476 3359 691 3414 nomina
727 3360 999 3414 hominum
1029 3373 1225 3431 septem
1252 3363 1442 3417 millia.

448 3550 449 3553 η
546 3532 743 3590 lsthaec
776 3534 965 3590 forsan
1000 3536 1187 3591 sensili
1225 3536 1387 3591 modo
1416 3537 1708 3607 evenient;
1753 3538 2063 3595 sublimiori

478 3637 661 3680 autem
714 3640 882 3684 sensu
932 3644 1029 3698 per
1075 3639 1232 3683 teme
1282 3639 1507 3693 motum,
1550 3646 1735 3686 rerum
1778 3632 2064 3687 mobilium

477 3728 643 3788 atque
674 3718 945 3774 ﬂuxarum
968 3720 1035 3773 ad
1059 3720 1396 3776 stabiliorem
1422 3722 1832 3793 ﬁrmioremque
1859 3732 2064 3780 statum

480 3809 768 3866 translatio
806 3809 1151 3881 designatur.
1184 3810 1341 3877 Quod
1381 3824 1563 3868 autem
1598 3814 1665 3869 de
1691 3815 1896 3869 decima
1935 3816 2065 3870 civi-

480 3903 610 3955 tatis
646 3914 797 3972 parte
849 3903 1187 3973 ejusdemque
1236 3906 1396 3960 ruina
1448 3906 1537 3961 hic
1580 3908 1803 3972 dicitur,
1854 3908 1958 3964 hoc
1996 3908 2065 3964 ad

482 3993 787 4064 impietatis
814 4009 1004 4051 casum
1035 3995 1385 4051 referendum
1427 3998 1681 4053 videtur:
1716 4001 1916 4071 quippe
1942 4018 2067 4071 qua:

480 4101 582 4142 nec
606 4086 1007 4155 admonitione,
1037 4103 1217 4158 neque
1233 4098 1550 4144 sanctorum
1569 4091 1634 4145 ad
1653 4092 1851 4147 cmlum
1882 4103 2061 4164 raptu,

478 4178 549 4232 ad
592 4193 781 4234 sanam
823 4188 1062 4234 mentem
1105 4179 1286 4235 redire
1334 4180 1580 4235 animum
1635 4182 1932 4254 aliquando
1979 4184 2066 4238 in-

479 4269 729 4336 duxerit;
764 4287 887 4326 cum
913 4272 1095 4327 caeteri
1125 4280 1331 4335 tamen.
1366 4279 1424 4325 ut
1446 4273 1610 4342 paulo
1641 4254 1762 4344 post
1794 4275 2063 4343 innuitur,

478 4361 589 4417 huc
639 4361 925 4417 redierint.
959 4360 1170 4433 Septem
1216 4363 1453 4434 denique
1502 4364 1675 4419 millia
1725 4368 1921 4433 occisa,
1970 4381 2066 4422 eos

480 4454 792 4524 signiﬁcare
860 4456 1218 4522 arbitramur,
1268 4456 1363 4525 qui
1398 4457 1453 4510 in
1486 4457 1717 4527 septima
1782 4458 2066 4526 praesentis

2168 3372 2368 3435 θησαν
2398 3367 2467 3421 ἐν
2489 3364 2570 3432 τῷ
2599 3364 2833 3435 σεισμῷ
2860 3366 3121 3434 ὀνόματα
3142 3363 3469 3431 ἀνθρώπων
3486 3360 3761 3431 χιλιάδες

2166 3460 2339 3517 ἑπτά.

2236 3551 2348 3604 Καὶ
2382 3552 2442 3604 ὲν
2482 3549 2670 3620 ἐκείνῃ
2700 3549 2768 3619 τῇ
2800 3547 2987 3617 ἡμέρα
3030 3546 3256 3617 σεισμὸς
3294 3545 3467 3616 μέγας
3515 3544 3759 3613 ἐγένετο.

2178 3644 2340 3705 Ἰσως
2370 3641 2470 3712 μὲν
2492 3639 2885 3711 καὶαίσθητῶς
2913 3637 3081 3711 [τότε]
3108 3638 3279 3692 ταῦτα
3307 3639 3766 3709 γενήσεταννοη-

2167 3736 2279 3799 τῶς
2309 3735 2367 3788 δὲ
2400 3734 2492 3789 τὸν
2518 3732 2802 3802 σεισμὸν,
2836 3731 2936 3800 τὴν
2962 3730 3075 3784 τῶν
3111 3728 3494 3800 σαλευομένων
3530 3730 3763 3799 μετάθες-

2172 3844 2254 3880 σιν
2284 3826 2377 3879 ἐπὶ
2405 3825 2465 3879 τδ
2494 3823 2756 3896 σταθερὸν
2787 3823 2889 3877 καὶ
2932 3821 3151 3893 βέϐαιον
3200 3820 3396 3892 δηλοῦν
3437 3821 3760 3892 νομίζομεν.

2173 3918 2248 3972 Τὸ
2271 3916 2525 3972 δέκατον
2556 3916 2625 3970 δὲ
2656 3915 2769 3983 τῆς
2819 3918 3055 3981 πόλεως
3101 3916 3365 3978 πίπτειν,
3405 3914 3467 3967 τὸ
3491 3915 3591 3985 τῆς
3629 3915 3762 3968 ἀσε-

2170 4010 2325 4073 ϐείας
2356 4008 2583 4080 πτῶμα,
2612 4008 2751 4078 μήτε
2779 4008 2845 4077 τῇ
2888 4005 3118 4059 ἐκείνων
3155 4006 3377 4077 ἁρπαγῇ
3421 4006 3762 4076 σωφρονιζό-

2173 4118 2356 4172 μενον,
2390 4099 2467 4161 ὡς
2508 4097 2618 4151 τῶν
2655 4095 2862 4150 λοιπῶν
2905 4094 3325 4168 σωθησομένων,
3350 4097 3419 4148 Al
3444 4094 3553 4164 γὰρ
3608 4096 3764 4149 ἑπτὰ

2170 4191 2442 4263 χιλιάδες
2489 4191 2940 4260 ἁναιρούμεναι,
2987 4190 3115 4251 τοὺς
3163 4186 3239 4256 τῷ
3290 4184 3632 4256 ἑϐδοματικῷ
3665 4186 3763 4239 τοῦ

2170 4284 2442 4355 παρόντος
2480 4282 2605 4353 βίου
2634 4281 2811 4353 χρόνῳ
2837 4280 3301 4352 προστετηκότας,
3322 4278 3418 4331 κα)⁵
3436 4277 3535 4348 τὴν
3566 4277 3763 4348 ὀγδόην

2170 4376 2270 4446 τῆς
2305 4375 2660 4438 ἀναστάσεως
2694 4373 2769 4444 μὴ
2798 4372 3191 4443 ἀναμένοντας,
3213 4368 3504 4441 σημαίνειν
3538 4372 3763 4441 φαίνον-

2169 4484 2261 4520 ται
2286 4483 2300 4499 ο
2334 4465 2428 4529 οὒς
2462 4466 2554 4519 καὶ
2579 4464 2993 4532 ἀποκτανθῆναι
3019 4464 3336 4529 ἐπάναγκες
3360 4462 3453 4514 τὸν
3481 4462 3538 4514 ἐν
3566 4462 3763 4534 γεέννῃ

476 4549 604 4601 vitae
632 4556 791 4603 aetate
824 4548 1297 4616 obtorpescentes,
1328 4547 1394 4601 ad
1425 4556 1672 4603 octavam
1704 4550 2059 4605 resurrectio-

2173 4558 2456 4625 δεύτερον
2493 4558 2773 4622 θάνατον,
2805 4556 2970 4630 [ἢτοι]
3006 4556 3108 4628 τὴν
3150 4553 3369 4608 αἰώνιον
3408 4553 3656 4608 κόλασιν.
3692 4555 3763 4606 Ἤ

482 4641 569 4695 nis
600 4656 709 4694 non
749 4640 1041 4707 anhelant;
1074 4654 1214 4710 quos
1246 4641 1476 4711 proinde
1506 4652 1727 4695 mortem
1749 4644 2062 4709 secundam,

483 4732 590 4787 hoc
618 4741 702 4788 est
730 4743 1000 4789 aeternum
1046 4733 1310 4805 gehennae
1350 4735 1700 4803 supplicium,
1744 4736 1932 4790 subire
1975 4750 2069 4790 ne-

484 4841 701 4881 cessum
740 4834 842 4881 est.
878 4828 988 4881 Aut
1018 4837 1224 4897 septem
1254 4828 1424 4883 millia
1456 4830 1578 4884 illos
1610 4829 1750 4885 forte
1781 4830 2069 4895 denotant,

482 4919 577 4989 qui
606 4935 671 4975 ex
701 4919 907 4976 Judaels
936 4920 1276 4976 Antichristo
1303 4921 1673 4977 crediderant.

551 5012 663 5086 48
691 5013 786 5078 XI,
819 5014 908 5079 I3,
941 5013 1026 5069 14.
1063 5012 1132 5068 Et
1166 5013 1357 5084 reliqui
1390 5015 1444 5067 in
1470 5015 1712 5067 timorem
1742 5023 1867 5067 sunt
1898 5013 2066 5077 missi,

480 5116 530 5161 et
560 5107 819 5161 dederunt
846 5106 1074 5177 gloriam
1108 5105 1217 5160 Deo
1248 5107 1383 5160 caeli.
1424 5105 1507 5160 Vte
1532 5106 1821 5160 secundum
1844 5106 2000 5169 abiit,
2021 5113 2070 5160 et

480 5217 597 5256 ecce
634 5217 713 5255 va:
747 5201 961 5254 tertium
989 5202 1157 5255 veniet
1188 5202 1313 5255 cito.

557 5294 872 5350 Inlidelibus
921 5295 1098 5361 caesis,
1147 5293 1465 5365 Christique
1512 5292 1849 5363 martyribus
1891 5292 2064 5364 gloria

483 5388 732 5451 donatis,
793 5396 1065 5459 quotquot
1121 5386 1298 5442 salute
1352 5400 1458 5439 non
1540 5385 1746 5455 indigni
1802 5384 2068 5455 comperti

485 5492 635 5543 sum,
690 5477 888 5546 inquit,
929 5492 1122 5532 omnes
1156 5477 1323 5531 Deum
1362 5475 1618 5531 laudibus
1656 5476 1976 5530 extulerunt
2014 5484 2073 5529 et

486 5569 880 5637 gloriﬁcarunt.
922 5568 1055 5626 Post
1085 5570 1195 5624 duo
1241 5577 1423 5623 autem
1477 5585 1574 5634 vas,
1626 5570 1845 5625 tertium
1896 5568 2065 5636 venit,

488 5672 585 5730 per
611 5664 900 5731 septimam
932 5667 1120 5721 tubam
1152 5666 1559 5722 adumbratum.

2172 4650 2334 4721 τυχὸν
2382 4651 2614 4714 ἑπτάκις
2667 4650 2829 4721 χίλιοι
2866 4650 3083 4703 ἔσονται
3145 4650 3194 4701 οἱ
3247 4645 3308 4711 ἐξ
3357 4645 3629 4700 Ἰουδαίων
3688 4646 3765 4717 τῷ

2184 4745 2540 4815 Ἀντιχρίστῳ
2565 4745 2902 4816 πειθόμενοι.

2248 5010 2354 5065 Καὶ
2385 5012 2439 5064 οἱ
2488 5010 2690 5064 λοιποὶ
2720 5010 2966 5079 ἔμφοϐοι
3017 5008 3335 5077 ἐγένοντοο
3388 5005 3485 5061 καὶ
3534 5004 3763 5059 ἔδωκαν

2177 5104 2371 5169 δόξαν
2410 5104 2491 5169 τῷ
2522 5103 2644 5168 Θεῷ
2674 5103 2783 5157 τοῦ
2830 5102 3115 5171 οὐρανοῦ.
3170 5101 3232 5156 Ἠ
3276 5100 3411 5155 οὐαὶ
3449 5100 3487 5167 η
3514 5097 3765 5166 δευτέρα

2176 5197 2479 5267 ἀπῆλθεν·
2516 5198 2554 5267 ἡ
2584 5196 2719 5251 οὐαί
2748 5197 2787 5265 ὴ
2818 5196 2981 5264 τρίτη
3012 5194 3144 5249 ὶδοὺ
3176 5194 3410 5263 ἔρχεται
3445 5192 3618 5261 ταχύ.

2247 5296 2359 5348 Καὶ
2402 5294 2616 5348 ἔδωκαν
2666 5294 2827 5359 δόξαν
2874 5294 2953 5365 τῷ
2978 5294 3097 5365 θεῷ
3126 5312 3140 5325 ·
3180 5292 3601 5364 μαστιζομένων
3652 5290 3761 5342 τῶν

2175 5384 2443 5453 ἀπίστων,
2476 5385 2573 5438 καὶ
2602 5384 2978 5456 δοξαζομένων
3006 5385 3116 5439 τῶν
3163 5383 3464 5457 μαρτύρων
3488 5383 3582 5437 τοῦ
3628 5384 3760 5453 Χρι-

2170 5476 2321 5539 στοῦ,
2349 5479 2398 5530 oi
2423 5478 2584 5544 ἄξιοι,
2623 5479 2778 5548 φησὶ,
2812 5478 2912 5548 τῆς
2961 5478 3257 5548 σωτηρίας,
3288 5477 3378 5532 τὸν
3423 5476 3557 5529 Θεὸν
3609 5473 3763 5539 sagi-

2179 5572 2354 5635 ζουσι.
2380 5573 2535 5627 Μετά
2558 5573 2613 5626 δὲ
2644 5572 2740 5635 τὰς
2764 5571 2873 5638 δύο,
2898 5573 3062 5641 φησὶν
3083 5612 3096 5634 ,
3119 5571 3286 5639 Οὐαὶ,
3323 5572 3360 5641 ἠ
3407 5570 3572 5640 τρίτη
3602 5567 3765 5638 ἔρχεο

2178 5684 2270 5722 ται
2302 5668 2334 5739 ἡ
2374 5667 2460 5721 διὰ
2505 5667 2602 5739 τῆς
2629 5666 2866 5739 ἑϐδόμης
2908 5666 3230 5736 σάλπιγγος.

564 5840 610 5874 ⁸³
636 5839 778 5897 Psal.
810 5855 1003 5915 cvvm,
1028 5846 1118 5903 7!.
1201 5848 1244 5880 ³⁰
1274 5845 1417 5905 Psal.
1449 5863 1667 5913 Lxxnv,
1704 5848 1756 5903 5.
1836 5847 1876 5880 "
1908 5845 2053 5902 Psal.
2093 5861 2258 5911 exui,
2282 5845 2334 5902 Ξ.
