4070 6408
340 455 434 523 31Ἱ

918 561 1167 615 ΚΕΦΑΛ.
1194 558 1317 617 ΛΒ’.

338 674 472 748 Περὶ
495 671 883 749 ξῆςέόἷδόιεης
902 670 1268 749 σάοὲπρηθρς.
1291 667 1388 749 κςιέ
1417 667 1533 749 τῷν
1561 670 1915 749 ὑμνούντων

453 739 562 799 τὸν
590 742 740 797 Θεὸν
761 739 961 811 ’ἁγίων
989 740 1089 793 ἐπὶ
1117 739 1194 807 τῇ
1228 739 1549 808 μελλούσῃ
1588 741 1805 807 κρίσει.

404 854 510 909 Kal
535 856 569 908 δ
599 850 846 920 ἕϐδομος
868 848 1125 919 ἄγγελος
1154 846 1457 901 ἐσάλπισε
1474 864 1490 879 ο
1516 846 1613 900 καὶ
1633 846 1914 915 ἐγένοντο

334 945 520 1019 φωναὶ
540 944 798 1013 μεγάλαι
814 944 884 995 ἐν
911 940 991 1005 τῷ
1011 938 1267 1008 οὐρανῷ,
1284 937 1577 1007 λέγουσαι
1599 955 1614 971 ο
1644 937 1915 1007 Ἐγένετο

333 1040 370 1107 ή
395 1035 685 1101 ,Βασιλεία
718 1032 826 1087 τοῦ
868 1030 1124 1099 κόσμου,
1164 1029 1270 1084 τοῦ
1318 1028 1542 1098 Κυρίου
1579 1026 1768 1097 ἡμῶν,
1812 1029 1911 1082 καὶ

333 1128 435 1182 τοῦ
488 1124 748 1194 Χριστοῦ
802 1124 989 1179 αὑτοῦ
1011 1138 1025 1151 ·
1067 1121 1169 1175 καὶ
1222 1121 1585 1184 βασιλεύσει
1629 1121 1716 1186 είς
1768 1118 1913 1185 τοὺς

339 1217 562 1285 αἰῶνας
589 1216 709 1271 τῶν
737 1216 970 1270 αίώνων
989 1232 1005 1248 ο
1030 1214 1129 1269 καὶ
1154 1217 1208 1269 oi
1238 1213 1733 1281 εἰκοσιτέσσαρες
1775 1228 1913 1281 πρε-

338 1314 622 1379 σϐύτεροι
651 1312 705 1365 ol
722 1307 981 1363 ἐνώπιον
1006 1306 1113 1361 τοῦ
1146 1305 1296 1360 Θεοῦ
1316 1304 1640 1373 καθήμενοι
1665 1304 1765 1359 ἐπὶ
1792 1305 1913 1358 τῶν

331 1404 558 1471 θρόνων
591 1399 811 1463 αὐτῶν,
865 1398 1099 1452 ἔπεσαν
1120 1396 1219 1451 ἐπὶ
1260 1396 1332 1450 τὰ
1375 1396 1669 1463 πρόσωπα
1712 1395 1913 1449 αὐτῶν

332 1492 428 1547 καὶ
462 1491 938 1559 προσεκύνησαν
974 1487 1056 1553 τῷ
1092 1486 1233 1553 Θεῷ,
1287 1486 1573 1555 λέγοντες
1596 1502 1609 1517 ο
1660 1487 1913 1555 Εὐχαρι-

331 1581 600 1652 στοῦμέν
633 1598 755 1647 σοι,
790 1582 967 1649 Κύριε
1016 1584 1050 1635 ὁ
1086 1582 1231 1645 Θεὸς
1262 1576 1478 1649 [ἡμῶν]
1513 1581 1545 1632 ὀ
1579 1577 1913 1646 παντοκρά-

330 1690 463 1740 τωρ,
497 1674 531 1726 d
552 1668 639 1725 ὢν
659 1670 757 1725 καί
784 1672 816 1724 ὁ
846 1667 926 1741 ἦν
948 1668 1071 1741 [καὶ
1101 1672 1133 1722 ὀ
1148 1667 1519 1739 ἐρχόμενος,]
1543 1667 1633 1721 ὅτι
1653 1668 1913 1738 εἴληφας

331 1763 444 1833 τὴν
462 1764 728 1834 δύναμίν
747 1779 865 1818 σου
883 1762 997 1830 τὴν
1016 1760 1290 1832 μεγάλην
1307 1777 1320 1791 ·
1345 1760 1445 1814 καὶ
1468 1760 1876 1830 ἐϐασίλευσας
1894 1779 1907 1793 ο

331 1857 425 1912 καὶ
458 1855 530 1909 τὰ
556 1855 706 1923 ἔθνη
739 1855 1148 1925 ὠργίσθησαν.

395 1945 700 2001 Κάνταῦθα
733 1946 897 1999 πάλιν
930 1944 1073 2017 [καὶ]
1114 1945 1242 2009 τοὺς
1274 1945 1465 2013 ἁγίους
1504 1946 1775 2015 ἀγγέλους
1818 1947 1914 2000 καὶ

326 2040 450 2102 τοὺς
484 2038 800 2106 ἀηελικῶς
835 2036 1329 2107 πολιτευσαμένους
1390 2038 1746 2110 εὐχαριστίαν
1775 2040 1911 2093 ἀνα-

327 2132 569 2201 πέμπειν
602 2130 680 2201 τῷ
727 2128 847 2199 Θεῷ
877 2146 1078 2200 φησιν·
1135 2131 1219 2183 ὅτι
1263 2132 1329 2201 ἢν
1362 2129 1422 2196 ἐξ
1468 2130 1645 2200 ἀρχῆς
1674 2129 1750 2193 ὡς
1779 2130 1912 2193 Θεὸς

331 2221 614 2293 βασιλείαν
651 2220 937 2290 ἐκέκτητο,
991 2220 1178 2274 λαϐεῖν
1217 2222 1286 2275 δι’
1311 2223 1459 2291 ἡμᾶς
1504 2221 1579 2285 ὡς
1624 2222 1913 2293 ἄνθρωπος

328 2313 566 2383 ἠξίωσε·
601 2315 717 2375 τοῖς
762 2312 819 2366 δὲ
859 2312 1113 2377 ἀπίστοις
1141 2312 1351 2367 ἔθνεσιν
1394 2314 1488 2367 ἐπὶ
1535 2313 1712 2384 τούτῳ
1756 2313 1911 2384 ὀργι-

331 2405 531 2459 σθεῖσιν
577 2405 729 2458 ὠσάν
761 2405 1062 2476 προσφάτῳ
1102 2408 1198 2459 καὶ
1230 2405 1357 2477 ξένῃ
1402 2406 1592 2476 διδαχῇ
1630 2406 1910 2478 μακροθυ-

328 2498 506 2568 μήσας
524 2537 540 2563 ,
574 2497 668 2549 ἐπὶ
696 2497 840 2550 τέλει
868 2497 968 2568 τὴν
996 2497 1153 2567 δίκην
1195 2498 1463 2567 ἐπήγαγε.
1503 2498 1594 2550 Διό
1621 2512 1775 2569 φησι’
1799 2500 1909 2554 Kal

325 2584 513 2657 ἦλθεν
537 2589 575 2657 ὴ
597 2587 743 2659 ὀργή
765 2602 903 2653 σου,
932 2588 1031 2642 καὶ
1049 2590 1081 2642 ὀ
1107 2589 1313 2656 καιρὸς
1349 2586 1469 2642 τῶν
1498 2587 1752 2658 νεκρῶν.

1293 449 1897 515 μΟΜΜΕΝΤΑΒΙυδ
1939 454 2021 514 IN
2063 453 2598 515 APOCALYPSIN.

2566 462 2598 515 l.
3496 462 3602 527 318

2566 559 2793 615 CAPUT
2838 558 3050 615 XXX".

2020 673 2097 727 De
2131 673 2355 742 septima
2402 672 2550 736 tuba,
2589 681 2637 724 et
2667 674 2864 725 sanctis
2906 674 2997 739 qui
3039 672 3209 727 Deum
3252 674 3315 728 ob
3360 676 3601 745 futurum

2502 761 2770 829 judicium
2806 760 3093 816 celebrant.

2087 874 2180 939 XI,
2220 874 2410 930 15-18.
2460 872 2525 928 Et
2571 874 2823 942 septimus
2866 874 3087 942 angelus
3127 876 3255 929 tuba
3293 878 3511 942 cecinit,
3548 886 3597 931 et

2017 971 2175 1039 facta
2209 979 2332 1023 sunt
2367 984 2512 1022 voces
2546 984 2753 1037 magna
2782 970 2838 1019 in
2870 968 3020 1030 caelo,
3057 969 3289 1022 dicentes
3319 984 3338 1023 :
3368 967 3597 1023 Factum

2014 1070 2092 1115 est
2141 1077 2362 1130 regnum
2410 1057 2568 1128 hujus
2620 1059 2803 1111 mundi
2847 1058 3063 1112 Domini
3101 1061 3273 1114 nostri
3312 1070 3362 1114 et
3398 1059 3600 1114 Christi

2013 1152 2150 1220 ejus,
2201 1161 2252 1205 et
2283 1150 2519 1221 regnabit
2563 1151 2613 1202 in
2653 1148 2852 1203 sarcula
2900 1149 3213 1202 sazculorum
3250 1166 3268 1204 :
3300 1150 3485 1203 Amen.
3529 1148 3596 1202 Et

2013 1243 2202 1311 viginti
2231 1250 2463 1311 quatuor
2491 1242 2746 1304 seniores,
2779 1242 2870 1309 qui
2900 1241 2954 1293 in
2978 1250 3256 1307 conspectu
3294 1240 3389 1293 Dei
3413 1241 3595 1295 sedent

2014 1335 2068 1387 in
2097 1333 2311 1388 sedibus
2339 1334 2472 1394 suis,
2498 1333 2795 1385 ceciderunt
2817 1334 2869 1385 in
2902 1333 3063 1400 facies
3090 1349 3240 1395 suas,
3267 1345 3315 1388 et
3339 1335 3598 1387 adorave-

2015 1436 2135 1478 runt
2166 1425 2358 1489 Deum,
2393 1426 2625 1478 dicentes
2660 1441 2677 1477 :
2709 1424 2928 1479 Gratias
2958 1426 3166 1494 agimus
3196 1425 3314 1490 tibi,
3354 1423 3594 1489 Domine,

2014 1516 2159 1571 Deus
2191 1518 2547 1587 omnipotens,
2577 1517 2667 1586 qui
2690 1533 2765 1580 es,
2794 1526 2842 1569 et
2877 1517 2968 1586 qui
2993 1532 3113 1569 eras
3139 1525 3186 1568 et
3213 1516 3304 1584 qui
3348 1524 3597 1568 venturus

2012 1609 2262 1675 es:quia
2306 1607 2555 1675 accepisti
2604 1608 2857 1659 virtutem
2908 1615 3053 1659 tuam
3105 1621 3388 1675 magnam,
3431 1613 3482 1658 et
3517 1620 3597 1658 re-

2015 1696 2212 1765 gnasti.
2248 1693 2316 1747 Et
2353 1696 2506 1748 irata:
2537 1704 2660 1748 sunt
2694 1702 2886 1763 gentes.

2088 1963 2189 2018 llic
2224 1978 2443 2017 rursum
2492 1964 2651 2018 docet
2684 1973 2907 2018 sanctos
2954 1963 3213 2034 angelos,
3254 1974 3309 2019 et
3339 1965 3597 2023 homines

2016 2055 2108 2122 qui
2145 2054 2451 2120 angelicam
2483 2054 2649 2107 vitam
2682 2054 2911 2116 ducunt,
2947 2069 3053 2107 una
3087 2056 3242 2123 quasi
3274 2071 3403 2110 voce
3432 2066 3596 2126 atque

2015 2160 2285 2200 consensu
2320 2144 2484 2198 Deum
2530 2144 2772 2210 laudare,
2808 2144 3148 2214 gratiamque
3176 2146 3351 2200 eidem
3388 2150 3596 2215 persol-

2012 2250 2162 2298 vere,
2193 2243 2252 2288 ut
2281 2234 2373 2303 qui
2416 2249 2642 2303 regnum
2674 2234 2829 2298 illud,
2861 2234 3007 2304 quod
3035 2235 3147 2303 jam
3181 2235 3307 2290 inde
3339 2238 3407 2291 ab
3434 2238 3595 2293 initio

2014 2326 2070 2380 in
2107 2340 2297 2380 omnes
2353 2335 2610 2394 tanquam
2671 2326 2812 2381 Deus
2868 2326 3209 2392 obtinuerat,
3277 2328 3595 2383 novissimis

2013 2417 2353 2485 temporibus
2382 2432 2413 2470 a
2446 2416 2556 2471 Deo
2586 2418 2760 2471 nostri
2798 2433 2964 2472 causa
2990 2425 3251 2486 tanquam
3284 2420 3450 2473 homo
3471 2434 3598 2474 sus-

2014 2509 2196 2578 cipere
2231 2524 2341 2564 non
2380 2510 2744 2574 recusaverit,
2793 2508 3127 2578 perﬁdisque
3167 2512 3438 2578 gentibus,
3472 2524 3596 2579 quae

2014 2601 2120 2670 ipsi
2152 2611 2412 2671 tanquam
2449 2602 2652 2655 recenti
2684 2617 2931 2671 novaque
2959 2613 3008 2655 et
3034 2604 3316 2671 peregrina
3344 2602 3595 2657 doctrina

328 2682 525 2748 utenti,
560 2683 779 2738 infestis
800 2682 1000 2737 animis
1016 2682 1415 2753 repugnabant,
1444 2690 1566 2752 post
1594 2682 1909 2739 diuturnam
1949 2692 2293 2759 patientiam,
2337 2693 2545 2763 justam
2624 2692 2842 2747 tandem
2909 2693 3211 2764 aliquando
3240 2692 3436 2762 judicii
3467 2706 3598 2745 con-

328 2772 806 2845 demnationisque
837 2788 1055 2846 poenam
1081 2773 1362 2829 inﬂixerit.
1386 2774 1565 2840 Quare
1584 2776 1747 2830 etiam
1775 2792 1900 2831 mox
1940 2782 2222 2854 subjungit
2244 2802 2270 2840 λ

397 2870 510 2927 Kal
543 2866 732 2942 ἦλθεν
764 2869 802 2939 η
854 2869 999 2940 ὀργή
1036 2882 1153 2924 σου
1207 2869 1307 2924 καὶ
1355 2871 1388 2923 ό
1416 2869 1621 2939 καιρὸς
1652 2869 1774 2925 τῶν
1818 2887 1913 2925 νε-

329 2966 510 3035 κρῶν.
541 2964 817 3034 κριθῆναι
852 2964 951 3017 και
978 2964 1190 3018 δοῦναι
1234 2963 1341 3017 τὸν
1379 2963 1603 3032 μισθὸν
1626 2964 1753 3029 τοῖς
1776 2964 1913 3019 δού-

331 3062 459 3125 λοις
492 3072 612 3112 σου
646 3056 771 3123 τοῖς
811 3055 1166 3125 προφήταις,
1214 3055 1312 3109 καὶ
1344 3055 1467 3121 τοῖς
1502 3056 1715 3125 ἁγίοις,
1762 3055 1909 3128 [καὶ]

2093 2877 2187 2943 XI,
2223 2878 2309 2934 10.
2346 2877 2415 2932 Et
2450 2878 2661 2933 advenit
2692 2879 2774 2932 ira
2807 2888 2920 2947 tua,
2956 2888 3006 2933 et
3039 2888 3237 2946 tempus
3268 2884 3595 2929 mortuorum

2010 2971 2273 3040 judicari,
2304 2979 2355 3024 et
2390 2971 2605 3024 reddere
2632 2971 2920 3024 mercedem
2957 2973 3119 3024 servis
3172 2970 3276 3022 tuis
3306 2967 3592 3038 prop/reis,

2017 3070 2067 3114 et
2113 3061 2348 3125 sanctis,
2392 3070 2440 3114 et
2480 3060 2785 3115 timentibus
2830 3077 3018 3113 nomen
3066 3068 3247 3126 tuum,
3286 3056 3496 3127 pusillis
3544 3062 3596 3110 et

332 3150 452 3218 τοῖς
480 3149 878 3220 φοϐουμένοις
896 3148 962 3202 τὸ
994 3146 1182 3217 ὄνομά
1204 3162 1344 3212 σου,
1386 3148 1511 3213 τοῖς
1547 3148 1780 3217 μικροῖς
1810 3148 1907 3202 καὶ

2018 3152 2262 3221 magnis;
2295 3162 2344 3206 et
2402 3152 2795 3206 exterminondi
2847 3168 2933 3207 eos
2962 3152 3055 3222 qui
3084 3160 3432 3221 corruperunt
3491 3159 3597 3202 ter-

335 3242 455 3308 τοῖς
505 3238 831 3310 μεγάλοις*
872 3238 973 3292 καὶ
1009 3238 1345 3306 διαφθεῷαι
1375 3236 1518 3302 τοὺς
1553 3239 1908 3307 φθείροντας
1942 3236 1980 3249 “’
2019 3260 2153 3298 ram.

340 3332 447 3401 τὴν
478 3331 616 3402 γῆν.

409 3422 623 3489 Καιρὸν
659 3418 780 3474 τῶν
807 3418 1039 3487 νεκρῶν
1069 3417 1266 3490 δηλῶν,
1316 3419 1407 3473 τὸν
1448 3418 1639 3490 καιρὸν
1676 3419 1776 3489 τῆς
1804 3418 1911 3472 τῶν

343 3510 545 3583 νεκρῶν
592 3511 976 3573 ἀναστάσεως*
1045 3512 1103 3563 ὲν
1166 3502 1211 3578 ᾧ
1272 3511 1490 3580 ἑκάστῳ
1562 3509 1912 3577 καταλλήλως

338 3605 622 3676 δοθήσεται
653 3604 725 3658 τὰ
764 3603 1042 3675 ἐπίχειρα.
1080 3603 1181 3656 Διά
1217 3602 1272 3657 δὲ
1297 3601 1419 3657 τῶν
1455 3602 1778 3672 προφητῶν
1818 3603 1914 3655 καὶ

335 3693 452 3749 τῶν
477 3695 664 3764 ἁγίων
688 3693 783 3746 καὶ
807 3691 928 3745 τῶν
961 3691 1351 3761 φοϐουμένων
1370 3692 1476 3745 τὸν
1507 3693 1677 3757 Θεὸν,
1696 3691 1764 3746 τά
1785 3692 1915 3761 τρία

336 3788 483 3850 εἰκὸς
510 3786 747 3840 νοεῖσθαι
782 3785 1063 3856 τάγματα,
1093 3784 1203 3837 τῶν
1233 3783 1340 3856 [ἐν]
1388 3784 1583 3837 ἑκατὸν
1635 3802 1913 3854 καρποφο-

342 3878 598 3949 ρούντων,
630 3878 725 3930 καὶ
757 3875 864 3949 [ὲν]
888 3878 1155 3947 ἐξήκοντα
1214 3875 1310 3929 κα)⁸
1339 3877 1638 3946 τριάκοντα
1660 3876 1766 3929 τῶν
1790 3878 1915 3930 ἀπο-

338 3967 545 4021 στόλων
604 3966 1056 4036 ὁμολογουμένως
1110 3966 1211 4036 τῆς
1274 3966 1500 4039 πρώτης
1572 3966 1914 4036 τευξομένων

335 4058 560 4130 λήξεως,
614 4058 710 4113 καὶ
770 4059 869 4129 τῆς
920 4059 1014 4111 ἐπὶ
1079 4057 1289 4113 δώδεκα
1347 4058 1557 4129 θρόνων
1628 4058 1910 4129 ἱδρύσεως.

330 4150 599 4219 Μικροὺς
621 4150 677 4205 δὲ
704 4150 802 4205 καὶ
814 4149 1138 4220 μεγάλους,
1161 4151 1272 4204 εἴτε
1302 4152 1428 4216 τοὺς
1448 4152 1679 4223 ἥττονας
1702 4151 1910 4219 ἁγίους,

334 4243 429 4296 καὶ
451 4244 580 4306 τοὺς
610 4243 814 4313 μᾶλλον
848 4241 1055 4296 τούτων
1076 4244 1473 4315 ὑπερέχονταςο
1507 4243 1618 4297 εἴτε
1636 4244 1912 4315 μικροὺς,

332 4333 407 4398 ὡς
464 4335 937 4406 ἑξουδενωμένους
982 4336 1111 4398 τοὺς
1158 4335 1554 4407 ἀμαρτωλούς³
1608 4338 1913 4406 μεγάλους

330 4424 407 4495 δὲ,
430 4426 559 4491 τοὺς
579 4427 824 4490 δικαίους
858 4426 1154 4499 νομίζομεν
1193 4428 1473 4495 λέγεσθαι.

898 4624 1148 4678 ΚΕΦΑΛ.
1191 4622 1312 4677 AI".

330 4734 470 4805 Περὶ
492 4734 611 4788 τῶν
637 4732 908 4811 διωγμῶν
927 4734 1039 4811 τῆς
1068 4735 1439 4811 Ἐξκκλησίιις
1464 4734 1580 4788 τῶν
1606 4734 1913 4804 προτέρων

651 4804 747 4857 καὶ
776 4804 895 4857 τῶν
913 4804 1011 4857 ἐπὶ
1035 4804 1141 4858 τοῦ
1181 4804 1606 4873 Ἃντιχρίστου.

402 4938 510 4993 Kal
563 4938 780 5007 ἠνοίγη
810 4939 843 4992 δ
890 4937 1038 5004 ναὸς
1083 4938 1189 4992 τοῦ
1230 4939 1379 4993 Θεοῦ
1417 4939 1487 4992 ἐν
1519 4938 1598 5004 τῷ
1641 4940 1908 5008 οὐρανῷ·

332 5029 435 5085 καὶ
463 5030 631 5099 ὤφθη
664 5030 701 5097 ή
724 5028 967 5095 κιϐωτὸς
1000 5028 1109 5095 τῆς
1138 5029 1431 5097 διαθήκης
1460 5030 1565 5084 τοῦ
1599 5031 1820 5098 Κυρίου
1844 5032 1914 5084 ἐν

332 5120 415 5188 τῷ
430 5120 552 5187 ναῷ
567 5120 755 5176 αὑτοῦ
769 5138 782 5152 ⁸
811 5120 910 5175 καὶ
942 5121 1221 5189 ἐγένοντο
1242 5122 1565 5190 ἀστραπαί,
1583 5122 1677 5177 καί
1697 5126 1909 5191 φωναί,

332 5214 434 5271 καί
459 5213 735 5283 βρονταὶ,
771 5213 873 5269 καὶ
905 5214 1178 5282 σεισμὸς,
1213 5214 1310 5267 καὶ
1339 5214 1567 5283 χάλαζα
1586 5216 1846 5285 μεγάλη.

405 5307 504 5363 Διά
523 5305 633 5375 τῆς
664 5305 952 5372 ἀνοίξεως
972 5306 1077 5359 τοῦ
1095 5305 1378 5374 οὐρανοῦ.
1396 5305 1496 5360 καί
1510 5305 1620 5375 τῆς
1645 5306 1912 5374 ὁράσεως

332 5398 444 5465 τῆς
461 5398 735 5463 κιϐωτοῦ,
763 5398 872 5451 τῶν
889 5398 1310 5469 ἡτοιμασμένων
1332 5398 1555 5468 ἀγαθῶν
1574 5401 1687 5462 τοῖς
1714 5399 1907 5468 ἁγίοις,

330 5488 587 5556 δηλοῦται
618 5489 652 5560 ἡ
691 5487 1064 5558 ἀποκάλυψιςσ
1110 5489 1253 5559 ἆπερ
1294 5491 1351 5542 ὲν
1382 5489 1459 5559 τῷ
1501 5490 1741 5561 Χριστῷ,
1778 5492 1835 5544 ὲν

331 5582 624 5654 κατῴκησε
665 5584 774 5636 πᾶν
804 5583 868 5635 τὸ
911 5582 1189 5653 πλήρωμα
1228 5582 1327 5651 τῆς
1370 5581 1625 5651 θεότητος
1675 5599 1912 5653 σωματι-

332 5674 465 5739 κῶς,
494 5676 671 5729 πάντα
710 5674 1046 5745 κέκρυπται,
1080 5674 1225 5727 κατὰ
1253 5674 1343 5727 τὸν
1386 5673 1740 5727 ’Δπόστολον·
1792 5674 1911 5727 τότε

334 5765 389 5819 δὲ
420 5764 965 5836 ἀποκαλυφθήσεται,
1011 5765 1103 5818 ὅτε
1148 5767 1261 5828 τοῖς
1294 5764 1521 5835 ἀνόμοις
1561 5766 1657 5817 καὶ
1690 5764 1911 5819 ἀσεϐέσι

337 5858 510 5925 φωναὶ
572 5856 1020 5929 καταπληκτικαὶ
1077 5859 1173 5912 καὶ
1218 5859 1499 5929 ἀστραπαὶ
1544 5860 1636 5914 καὶ
1690 5860 1917 5930 βρονταὶ

2088 3421 2311 3490 Tempus
2385 3430 2714 3476 mortuorum
2744 3462 2760 3487 ,
2829 3422 3105 3490 generalis
3177 3402 3596 3477 resurrectionis

2016 3521 2231 3581 tempus
2277 3512 2536 3582 appellat,
2572 3513 2626 3566 in
2662 3527 2772 3583 quo
2803 3512 3103 3582 unicuique
3138 3526 3236 3581 pro
3276 3511 3593 3565 meritorum

2015 3604 2247 3667 ratione,
2296 3612 2391 3658 aut
2438 3604 2657 3672 praemia
2712 3604 3119 3673 persolventur,
3179 3612 3274 3658 aut
3326 3603 3595 3672 supplicia

2015 3696 2423 3765 irrogabuutur.
2464 3695 2567 3750 Per
2609 3696 2889 3765 prophetas
2939 3705 3120 3752 autem
3146 3738 3161 3762 ,
3206 3704 3261 3752 et
3296 3704 3510 3748 sanctos
3541 3702 3597 3747 et

2019 3784 2183 3838 Deum
2218 3786 2482 3849 timentes,
2535 3794 2666 3851 tres,
2702 3797 2762 3840 ut
2794 3787 3011 3856 opinor,
3064 3787 3345 3840 hominum
3374 3786 3599 3839 ordines

2014 3877 2257 3947 assignat
2300 3893 2314 3929 :
2350 3892 2543 3941 unum,
2575 3892 2765 3932 eorum
2812 3878 2904 3948 qui
2939 3878 3301 3933 centesimum
3356 3876 3595 3931 fructum

2016 3968 2300 4023 reddidere
2331 3986 2343 4022 :
2371 3969 2629 4034 alterum,
2660 3970 2755 4040 qui
2803 3970 3211 4041 sexagesimum
3240 3986 3252 4021 :
3288 3967 3510 4022 tertium
3541 3976 3597 4019 et

2017 4065 2391 4125 postremum,
2446 4056 2539 4126 qui
2591 4058 2928 4129 trigesimum
2966 4076 2981 4113 :
3014 4073 3046 4112 e
3093 4058 3293 4126 quibus
3350 4054 3597 4125 Apostoli

2016 4148 2285 4217 potiorem
2318 4148 2458 4202 citra
2513 4150 2946 4203 controversiam
2980 4157 3184 4203 sortem
3219 4147 3399 4215 adepti
3448 4153 3597 4209 sunt,

2016 4246 2071 4292 et
2115 4236 2272 4292 sedes
2322 4244 2585 4307 praeterea
2630 4232 2971 4306 iudiciarias.
3027 4236 3267 4290 Pusillos
3319 4245 3501 4289 autem
3545 4241 3601 4287 et

2017 4344 2259 4398 magnos,
2311 4328 2494 4382 minus
2544 4329 2831 4399 magisque
2877 4337 3097 4383 sanctos
3144 4328 3414 4397 appellare
3443 4332 3601 4395 puta-

2017 4438 2173 4486 mus;
2203 4430 2296 4475 aut
2316 4437 2507 4490 parvos
2534 4432 2702 4487 certe,
2728 4422 3065 4491 rejectaneos
3085 4428 3400 4491 peccatores
3418 4425 3597 4483 vocat;

1947 4543 1993 4599 ι)
2021 4533 2241 4588 magnos
2274 4525 2477 4583 autem,
2505 4515 2685 4586 justos
2714 4526 2767 4570 et
2798 4523 3040 4570 sanctos.

2552 4630 2775 4686 CAPUT
2818 4628 3057 4684 XXXIII.

2016 4746 2095 4801 De
2122 4746 2388 4814 prioribus
2412 4753 2461 4799 et
2508 4745 2811 4799 novissimis
2837 4743 3090 4797 Ecclesia:
3121 4740 3597 4813 persecutionibus.

2085 4945 2179 5009 XI,
2215 4945 2298 4999 l9.
2328 4943 2395 4996 Et
2441 4953 2679 5012 apertum
2727 4952 2803 4994 est
2847 4941 3096 5011 templum
3134 4940 3233 4993 Dei
3266 4940 3320 4993 in
3364 4940 3515 5004 caelo,
3547 4948 3597 4993 et

2016 5039 2129 5092 visa
2159 5046 2236 5092 est
2261 5052 2388 5089 arca
2438 5036 2733 5089 testamenti
2767 5034 2879 5102 ejus
2903 5034 2955 5086 in
2982 5032 3171 5101 templo
3208 5030 3345 5099 ejus,
3372 5041 3419 5085 et
3451 5031 3595 5097 facta

2015 5142 2134 5187 sunt
2190 5129 2445 5199 fulgura,
2492 5137 2541 5181 et
2593 5143 2759 5191 voces,
2791 5138 2839 5181 et
2880 5134 3032 5179 terra:
3062 5134 3253 5189 motus,
3302 5132 3350 5175 et
3391 5122 3593 5192 grando

2016 5239 2230 5293 magna.

2090 5313 2191 5368 Per
2221 5313 2405 5367 caelum
2459 5314 2809 5382 patefactum,
2849 5320 2898 5363 et
2949 5325 3131 5362 arcani
3182 5306 3484 5361 testamenti
3532 5305 3587 5358 in

2017 5408 2163 5464 coelo
2191 5407 2387 5471 visam,
2420 5406 2709 5466 bonorum,
2737 5419 2859 5472 qua:
2895 5402 3100 5458 sanctis
3128 5401 3248 5455 istic
3291 5410 3591 5467 praeparata

2015 5504 2162 5558 sum,
2199 5492 2572 5547 manifestatio
2595 5492 2961 5559 signiﬁcatur;
2986 5490 3096 5560 49
3111 5504 3173 5543 ea
3196 5496 3376 5541 autem
3405 5486 3589 5539 omnia

2015 5586 2070 5639 in
2109 5584 2324 5639 Christo
2373 5593 2502 5637 sunt
2551 5584 2832 5654 reposita:
2871 5582 2924 5635 in
2982 5583 3074 5635 illo
3127 5596 3383 5648 namque,
3434 5579 3590 5647 juxta

2014 5674 2360 5743 Apostolum,
2390 5673 2601 5728 habitat
2628 5673 2808 5727 omnis
2825 5672 3107 5741 plenitudo
3136 5672 3437 5726 divinitatis
3468 5686 3591 5725 cor-

2016 5766 2321 5835 poraliter:
2358 5774 2470 5819 tum
2528 5778 2707 5821 autem
2774 5765 2917 5819 bona
2972 5766 3088 5819 hmc
3133 5764 3251 5821 orbi
3311 5764 3589 5834 patefiunt,

2015 5858 2237 5929 quando
2291 5859 2543 5915 terriﬁca:
2579 5874 2765 5929 voces,
2812 5868 2867 5916 et
2900 5859 3139 5931 fulgura,
3173 5867 3225 5915 et
3260 5857 3498 5913 tonitrua
3535 5854 3589 5907 in
