4070 6398
432 367 540 434 319

1597 376 1926 438 ΑΝῡΓίΕίΕ
1970 377 2488 441 ΟΕδΑΗΙΕΝδΙΒ

3609 382 3714 452 320

427 486 626 552 impios
659 484 892 550 irruent,
930 487 1302 556 gehennzeque
1352 493 1620 539 tormenta
1646 488 1812 542 veluti
1847 489 2014 544 densa

2132 494 2214 547 ml
2273 471 2485 564 χάλαζα
2527 491 2882 562 ὲπομϐροῦσα
2935 491 3147 562 τούτοις
3202 493 3270 544 τά
3324 493 3426 563 τῆς
3479 495 3710 568 γεέννης

429 577 677 642 quadam
708 579 918 648 grando
947 579 1170 632 eosdem
1213 579 1466 632 obruent.
1503 577 1608 632 Der
1637 589 1789 633 terra:
1820 590 2017 633 malum

430 677 636 732 autem,
671 677 730 721 ut
765 669 926 736 paulo
955 678 1080 722 ante
1103 671 1408 739 expositum
1437 680 1536 734 est,
1574 687 1755 725 rerum
1791 687 2020 740 przcsen-

435 761 567 811 tium
610 761 836 812 mutatio
875 761 1147 814 inuuitur.

502 850 570 905 Et
587 853 792 919 signum
815 865 1060 921 magnum
1084 853 1332 922 apparuit
1350 853 1403 905 in
1421 854 1552 908 calo
1572 870 1592 916 ,°
1615 854 1802 908 mulier
1820 856 2020 908 amicta

431 940 557 1002 sole,
589 950 638 993 et
691 941 820 994 luna
870 943 966 994 sub
1002 943 1220 1011 pedibus
1269 945 1384 1012 ejus
1426 960 1447 1009 ;
1505 957 1554 999 et
1591 946 1645 998 iu
1695 947 1864 1016 capite
1906 948 2020 1016 ejus

431 1047 623 1084 corona
649 1033 930 1086 stellarum
961 1036 1260 1089 duodecim.

504 1213 655 1268 Hanc
688 1215 957 1269 mulierem
977 1217 1222 1270 nonnulli
1249 1215 1338 1271 Dei
1358 1218 1689 1276 Genitricem
1711 1222 2022 1294 Virginem-

431 1322 538 1374 que
594 1305 812 1363 Matrem
848 1323 943 1375 per
1000 1309 1183 1362 omnia
1218 1309 1625 1366 sanctissimam
1673 1315 2022 1384 interpretati

433 1407 596 1462 sunt;
625 1414 786 1468 quam
822 1401 1248 1469 eaomnia,qu:e
1286 1403 1476 1458 ordine
1503 1405 1629 1460 hinc
1671 1422 2024 1476 consequun-

434 1499 540 1550 tur,
571 1491 723 1558 prius
747 1507 1060 1560 perpessam
1099 1503 1407 1554 autumant.
1441 1511 1608 1564 quam
1645 1499 1848 1552 divinis
1880 1499 2024 1553 illius

434 1592 624 1652 partus
648 1584 886 1652 perfecte
914 1596 1368 1653 cognosceretur.
1408 1589 1476 1640 At
1525 1605 1753 1658 magnus
1807 1591 2020 1644 Metho-

435 1674 558 1725 dius
591 1675 658 1726 ad
717 1674 1015 1729 Ecclesium
1078 1677 1281 1740 retulit,
1321 1679 1370 1732 in
1412 1679 1708 1734 Dominica)
1763 1683 2024 1735 nativita-

437 1763 508 1815 tis
535 1763 852 1831 mysterium
885 1778 1078 1831 parum
1116 1779 1178 1818 ea
1241 1769 1533 1820 convenite
1577 1779 1731 1822 ratus
1769 1787 1889 1838 quze
1920 1771 2024 1824 hoc

436 1853 558 1906 loco
582 1854 645 1907 de
675 1854 766 1906 illo
799 1865 1131 1921 narrantur;
1161 1859 1396 1910 maxime
1429 1874 1556 1911 vero
1579 1863 1721 1928 quod
1761 1860 2024 1916 Dominus
2059 1849 2098 1902 Β

436 1955 621 1998 noster
651 1947 854 1999 dudum
888 1957 1014 2000 ante
1042 1948 1366 2015 patefactam
1401 1950 1521 2001 libri
1589 1950 1747 2019 hujus
1781 1953 2021 2021 prOphe-

440 2038 567 2090 tiam
609 2046 768 2092 σιειιιε
827 2039 1010 2095 fuerit.
1043 2041 1111 2093 At
1160 2041 1390 2108 ipsamet
1433 2040 1690 2095 Methodii
1741 2045 1904 2098 verba
1968 2044 2022 2097 in

435 2129 674 2182 medium
705 2129 922 2190 afferre
977 2131 1146 2185 lubet.
1202 2131 1251 2185 Is
1311 2147 1440 2200 ergo
1489 2133 1543 2186 in
1573 2143 1830 2198 tractatu,
1861 2151 2022 2204 quem

438 2218 772 2288 Symposium
803 2221 1105 2290 inscripsit,
1147 2237 1213 2276 ex
1245 2237 1483 2290 persona
1513 2222 1734 2277 Procles
1798 2224 2025 2291 virginis

437 2312 508 2365 ita
528 2313 779 2381 scripsit:
816 2331 836 2364 ι
873 2313 1068 2368 Mulier
1095 2315 1210 2368 sole
1235 2315 1446 2378 induta,
1474 2325 1556 2368 est
1575 2316 1837 2369 Ecclesia.
1868 2315 2024 2380 Quod

436 2411 614 2455 autem
640 2405 800 2457 nobis
826 2405 992 2458 vestis
1023 2413 1128 2469 est,
1163 2405 1265 2458 hoc
1298 2405 1374 2457 illi
1411 2407 1499 2458 lux
1539 2415 1640 2460 est.
1688 2406 1808 2459 Pari
1859 2410 2025 2460 modo

438 2494 584 2560 quod
625 2495 784 2549 nobis
811 2503 894 2549 est
945 2509 1138 2549 aurum
1177 2504 1230 2550 et
1266 2497 1491 2566 pretiosi
1525 2497 1756 2566 lapides,
1794 2501 1897 2553 hoc
1947 2500 2023 2554 illi

437 2596 568 2639 sunt
602 2585 792 2649 stellze,
827 2595 878 2639 et
911 2587 1131 2655 quidem
1159 2589 1372 2643 caneris
1429 2591 1837 2657 prasstantiores
1865 2599 1917 2644 et
1959 2592 2026 2643 il-

441 2675 752 2730 lustriores.
783 2679 1044 2732 Ascendit
1076 2679 1190 2732 haec
1221 2689 1402 2733 autem
1434 2694 1600 2749 super
1647 2679 1866 2744 lunam;
1900 2680 2024 2748 quia

445 2767 788 2837 Synagogam
827 2769 930 2822 sub
990 2770 1217 2838 pedibus
1256 2780 1586 2840 prostratam
1637 2771 1820 2824 habet.
1849 2770 2026 2826 Czetea-

445 2876 566 2914 rum
601 2876 697 2929 per
747 2862 932 2915 lunam
993 2877 1182 2916 eorum
1225 2864 1382 2917 (idem
1420 2864 1824 2933 metaphoricos
1877 2864 2026 2918 desi-

443 2952 599 3019 gnari
633 2958 918 3018 putamus,
959 2953 1054 3021 qui
1111 2968 1204 3021 per
1257 2955 1691 3022 regenerationis
1741 2955 2022 3009 lavacrum

445 3055 478 3092 a
532 3042 902 3110 corruptionis
949 3043 1092 3095 malo
1117 3045 1315 3112 expiati
1376 3054 1538 3110 sunt;
1593 3045 1864 3114 siquidem
1926 3045 2028 3098 hu-

2130 586 2488 655 κολαστήρια,
2528 587 2586 638 ὲν
2614 582 2692 654 τῷ
2723 581 2955 652 σεισμῷ
2987 584 3088 654 τῆς
3117 583 3226 636 τῶν
3279 587 3564 656 παρόντων
3613 605 3711 657 με·

2129 674 2424 739 ταθέσεως.

2201 853 2311 909 Καὶ
2341 851 2594 921 σημεῖον
2625 851 2780 922 μέγα
2817 851 2982 920 ὤφθη
3014 852 3084 906 έν
3131 853 3212 917 τῷ
3265 855 3523 922 οὐρανῷο
3556 857 3714 925 γυνή

2130 943 2598 1015 περιϐεϐλημένη
2647 943 2754 995 τὸν
2792 942 2988 1009 ἥλιον-⁸
3045 943 3146 997 καί
3200 944 3239 1011 ἡ
3288 944 3527 1013 σελήνη
3571 949 3718 1000 ὐπο-

2130 1034 2286 1088 κάτω
2335 1031 2454 1085 τῶν
2494 1029 2696 1086 ποδῶν
2743 1030 2955 1098 αὐτῆς
2993 1031 3090 1085 καί
3138 1033 3237 1087 ἐπί
3287 1032 3400 1101 τῆς
3444 1035 3720 1103 κεφαλῆς

2129 1124 2320 1192 αὐτῆς
2354 1124 2656 1192 στέφανος
2690 1121 2810 1194 [δι’]
2843 1123 3116 1192 ἀστέρων
3147 1124 3430 1179 δεκαδύο.

2201 1215 2473 1270 Γυναῖκα
2509 1216 2566 1268 δὲ
2603 1213 3084 1286 περιϐεϐλημένην
3111 1217 3203 1269 τὸν
3231 1217 3402 1287 ἥλιον,
3436 1218 3583 1282 τινὲς
3616 1221 3716 1287 μὲν

2129 1307 2196 1361 δι’
2234 1308 2353 1361 ὅλου
2385 1307 2483 1378 τὴν
2513 1305 2835 1378 [παναγίαν]
2889 1307 3156 1360 Θεοτόκον
3197 1307 3510 1376 νενοήκασι,
3547 1311 3715 1379 πρινὴ

2129 1399 2439 1470 γνωσθῆναι
2467 1399 2639 1468 αὐτῆς
2666 1399 2760 1450 τὸν
2789 1399 2937 1452 θεῖον
2969 1398 3149 1461 τόκον,
3185 1399 3466 1452 παθοῦσαν
3498 1401 3568 1453 τὰ
3597 1403 3718 1470 ἐχό-

2134 1507 2290 1559 μενα.
2329 1491 2386 1542 Ὀ
2407 1489 2462 1542 δὲ
2491 1488 2664 1557 μέγας
2685 1488 2949 1552 Μεθόδιος
2976 1489 3056 1550 είς
3083 1489 3180 1556 τὴν
3199 1489 3360 1556 ἁγίαν
3389 1489 3719 1559 Ἐκκλησίαν

2131 1581 2406 1646 ἐξέλαϐεν*
2430 1580 2750 1652 ἀνάρμοστα
2774 1581 2838 1649 τῇ
2872 1581 3179 1649 Δεσποτικῇ
3209 1580 3460 1647 γεννήσει
3492 1579 3560 1630 τὰ
3589 1579 3720 1649 περὶ

2132 1673 2302 1742 αὐτῆς
2331 1672 2702 1743 ἡγησάμενος,
2736 1670 2826 1724 διὰ
2863 1670 2924 1723 τὸ
2954 1671 3058 1740 ἤδη
3098 1671 3203 1741 πρὸ
3232 1670 3430 1724 πολλοῦ
3466 1671 3720 1742 τετέχθαι-

2132 1765 2225 1819 τδν
2263 1765 2462 1836 Κύριον
2494 1763 2722 1835 [quam]
2759 1763 2924 1817 καλὸν
2957 1763 3014 1815 δὲ
3050 1764 3145 1816 καὶ
3177 1763 3357 1816 αὐτῶν
3389 1764 3497 1815 τῶν
3533 1764 3718 1832 ρημάυ

2127 1876 2234 1911 των
2269 1857 2358 1909 τοῦ
2395 1855 2668 1926 μακαρίου
2703 1855 2967 1908 Μεθοδίου
3005 1855 3334 1924 μνησθῆναι·
3373 1856 3432 1918 ὃς
3463 1872 3630 1924 φησιν
3658 1857 3726 1908 ἐν

2125 1949 2203 2019 τῷ
2266 1947 2544 2017 λεγομένῳ
2610 1947 2936 2014 Συμποσίῳ
2989 1948 3056 1999 ὲκ
3104 1945 3400 2016 προσώπου
3465 1946 3718 2016 Πρόκλης

2127 2041 2400 2112 παρθένου
2449 2038 2642 2101 οὕτως·
2701 2059 2719 2089 ι
2771 2039 2834 2090 Ἢ
2881 2039 3021 2108 γυνὴ
3065 2040 3098 2108 ὴ
3150 2038 3592 2108 περιϐεϐλημένη
3627 2038 3717 2090 τὸν

2125 2133 2299 2202 ἥλιον,
2330 2131 2478 2184 ἐστιν
2511 2132 2542 2199 ἠ
2589 2130 2908 2199 Ἐκκλησία.
2963 2132 3028 2183 Ὃ
3061 2129 3118 2182 δὲ
3157 2131 3293 2199 ἡμῖν
3323 2129 3508 2198 ἐσθὴς,
3561 2130 3719 2182 τοῦτο

2127 2222 2310 2292 ἐκείνῃ
2351 2219 2487 2289 φῶς·
2539 2219 2568 2270 ὃ
2601 2219 2658 2272 δὲ
2705 2221 2838 2289 ἡμῖν
2874 2219 3076 2290 χρυσὸς
3131 2219 3165 2288 ἢ
3225 2218 3502 2286 διαφανεῖς
3546 2219 3716 2281 λίθοι,

2126 2315 2284 2368 τοῦτο
2312 2314 2497 2387 ἐκείνῃ
2526 2315 2594 2368 τὰ
2649 2313 2849 2384 ἄστρα*
2888 2312 3000 2385 [τὰ]
3049 2314 3225 2384 ἄστρα
3265 2314 3320 2366 δὲ
3354 2314 3591 2383 κρείττω
3621 2314 3718 2366 καὶ

2127 2406 2535 2476 ἐμφανέστερα.
2590 2404 2920 2473 Ἐπιϐἑϐηκε
2953 2403 3012 2456 δὲ
3048 2405 3140 2458 ἐπὶ
3188 2405 3437 2474 σελήνης.
3481 2406 3720 2474 Σελήνην

2127 2499 2183 2552 δὲ
2227 2497 2505 2568 τροπικῶς
2535 2495 2798 2567 ἡγοῦμαι,
2834 2495 2930 2566 τὴν
2978 2496 3161 2548 πίστιν
3201 2496 3310 2549 τῶν
3345 2497 3716 2567 ἀποκαθαιρο-

2133 2591 2308 2660 μένων
2345 2590 2442 2660 τὴν
2487 2589 2691 2660 φθορὰν
2721 2588 2798 2658 τῷ
2839 2588 3070 2659 λουτρᾷν
3105 2588 3182 2658 τῷ
3234 2591 3299 2641 ὲκ
3344 2582 3442 2658 τῆς
3487 2590 3717 2660 σελήνης

2128 2682 2400 2752 ἠρτῆσθαι
2447 2683 2547 2752 τὴν
2581 2681 2761 2750 ὑγρὰν
2797 2681 3010 2733 οὐσίαν·
3047 2678 3311 2732 ὠδίνουσα
3344 2679 3442 2732 καὶ
3486 2681 3716 2748 ἀναγεν-

2128 2774 2276 2827 νῶσα
2305 2774 2429 2835 τοὺς
2459 2771 2728 2841 ψυχικοὺς
2758 2772 2836 2833 εἰς
2873 2772 3306 2840 πνευματικοὺς,
3343 2770 3439 2823 καὶ
3469 2773 3567 2840 τὴν
3596 2770 3718 2824 καθ’

2129 2863 2388 2931 ὁμοίωσιν
2431 2861 2578 2913 ἰδέαν
2622 2860 2820 2922 αὐτοὺς
2852 2859 2946 2911 καὶ
2989 2860 3275 2930 μόρφωσιν
3309 2857 3592 2929 μορφοῦσα
3625 2857 3718 2911 τοῦ

2130 2953 2386 3022 Χριστοῦ.
2432 2971 2448 3003 ι
2486 2952 2594 3004 Καὶ
2631 2952 2793 3004 πάλιν
2830 2951 3018 3021 φησίνο
3053 2969 3072 3002 ι
3109 2951 3186 3002 Οὑ
3217 2951 3324 3022 χρὴ
3352 2949 3444 3002 τὸν
3486 2948 3724 3017 Χριστὸν

2131 3047 2294 3101 αὐτὸν
2325 3041 2462 3097 εἶναι
2485 3045 2728 3114 νομίζειν
2755 3043 2845 3096 τὸν
2871 3041 3234 3112 γεννώμενον·
3271 3042 3440 3096 πάλαι
3473 3041 3582 3111 γάρ
3613 3041 3719 3111 πρὸ

446 3131 590 3184 Inida
634 3143 689 3186 et
715 3149 887 3201 aquea
937 3144 1127 3188 natura
1154 3152 1219 3189 ex
1263 3137 1390 3189 luna
1423 3137 1692 3205 praecipue
1724 3137 2018 3205 dependet.

2132 3139 2232 3209 τῆς
2270 3135 2574 3209 [Ἰωάννου]
2594 3135 3019 3203 Ἀποκαλύψεως
3051 3133 3411 3203 ἐπεπλήρωτο
3435 3133 3493 3185 τὺ
3514 3131 3719 3202 μυστή.

455 3224 576 3279 llas;-
601 3237 780 3280 autcm
809 3230 1042 3296 parturit
1074 3240 1124 3282 et
1155 3239 1462 3300 rcgencrat,
1501 3229 1860 3298 hominesque
1883 3244 2027 3283 cras-

449 3331 543 3370 sos
579 3327 631 3370 rt
671 3319 932 3373 animales
960 3321 1010 3374 in
1047 3323 1297 3376 cmlcstcs
1331 3331 1383 3374 ct
1445 3322 1718 3389 spiritales
1761 3323 2028 3376 transfor-

448 3424 619 3470 mare,
659 3409 899 3477 idea-que
950 3421 1003 3465 et
1054 3413 1399 3465 similitudini
1433 3412 1636 3467 Christi
1681 3413 2030 3467 conformare

447 3501 646 3554 s'ulet.
695 3519 711 3550 ι
755 3502 820 3554 Et
849 3503 1038 3569 paucis
1067 3502 1365 3571 interiectis
1399 3519 1644 3558 rursum:
1675 3522 1692 3553 ι
1727 3501 1843 3556 Non
1863 3517 2028 3571 opor-

449 3601 521 3645 tet
543 3592 792 3646 arbitrari
818 3593 884 3646 de
914 3593 1134 3647 Christo
1175 3609 1364 3647 recens
1386 3595 1498 3662 jam
1544 3603 1671 3646 nato
1708 3593 1872 3645 verba
1941 3592 2030 3646 hic

450 3683 588 3735 ﬁeri.
629 3681 746 3734 Jam
775 3683 902 3734 olim
939 3685 1084 3736 enim
1120 3694 1240 3738 ante
1262 3683 1488 3738 Joannis
1521 3683 1904 3753 Apocalypsin,
1937 3683 2020 3736 in-

449 3773 659 3825 earnati
688 3773 835 3825 verbi
867 3771 1281 3827 Sacramentum
1319 3775 1648 3842 completum
1675 3782 1830 3837 erat;
1865 3771 2033 3824 Joan-

452 3863 539 3916 nis
569 3871 747 3916 autem
788 3863 1139 3933 Apocalypsis
1173 3864 1240 3918 de
1264 3864 1422 3917 rebus
1452 3863 1826 3932 praesentibus,
1869 3861 2030 3914 olim-

451 3965 558 4018 que
591 3948 812 4013 futuris,
835 3951 1184 4005 vaticinatur.
1209 3970 1229 4003 ι
1261 3949 1324 4004 Ει
1357 3961 1480 4020 post
1499 3951 1603 4003 alia
1622 3951 1829 4004 denuo:
1868 3967 1884 3997 ι
1911 3945 2030 4001 Non

452 4055 745 4109 possumus
761 4041 985 4108 proinde
1013 4056 1118 4094 non
1137 4042 1385 4096 conﬁteri
1417 4040 1716 4096 Ecclesium
1745 4055 1864 4093 eam
1884 4053 2028 4102 esse,

450 4147 571 4200 qua:
601 4133 833 4200 parturit
865 4141 918 4186 et
937 4145 1160 4203 generat
1193 4133 1626 4204 regenerationis
1683 4132 1835 4186 fon-te
1863 4130 2026 4186 ablu-

451 4233 556 4279 tos.
600 4226 778 4291 Quare
809 4227 862 4280 in
890 4227 1027 4282 Isaia
1065 4226 1303 4296 Spiritus
1328 4227 1476 4289 dicit,
1517 4225 1839 4295 Priusquam
1897 4238 2030 4292 par-

451 4320 660 4382 turiret,
684 4320 865 4390 e/fugit
901 4329 957 4372 ut
995 4329 1239 4389 pareret;
1267 4332 1316 4374 et
1376 4321 1576 4389 peperit
1619 4318 1912 4372 masculum
1957 4315 2025 4368 ".

2133 3246 2246 3298 ριον
2303 3229 2403 3299 τῆς
2453 3227 2922 3296 ὲνανθρωπὴσεως
2960 3224 3055 3278 τοῦ
3107 3223 3306 3296 [θείου]
3336 3224 3535 3291 Λόγου·
3584 3225 3614 3276 ὁ
3662 3223 3719 3276 δὲ

2142 3321 2394 3388 Ἰωάννης
2427 3320 2554 3388 περἱ
2585 3318 2872 3389 παρόντων
2907 3316 3003 3368 καὶ
3033 3316 3339 3385 μελλόντων
3365 3315 3657 3385 θεσμῳδεῖ.
3692 3333 3716 3366 ι

2129 3412 2240 3465 Καὶ
2279 3411 2396 3480 μεθ’
2429 3410 2616 3479 ἔτερα·
2656 3427 2673 3459 ι
2717 3409 2880 3460 Ὥστε
2912 3407 3130 3478 ἀνάγκῃ
3160 3407 3445 3477 ὁμολογεῖν
3490 3407 3589 3471 δεῖ,
3619 3408 3724 3475 τὴν

2141 3502 2474 3571 Ἐκκλησίαν
2507 3497 2646 3554 εἶναι
2689 3499 2787 3570 τὴν
2823 3499 3125 3552 ὠδίνουσαν
3161 3499 3258 3551 καὶ
3287 3497 3566 3566 γεννῶσαν
3595 3499 3721 3561 τοὺς

2131 3594 2704 3664 ἀπολελυτρωμένους,
2732 3593 2808 3656 ὥς
2844 3609 3010 3661 φησιν
3047 3593 3106 3648 ὲν
3144 3591 3343 3662 What;
3369 3591 3428 3642 τὸ
3461 3589 3713 3658 Πνεῦμα·

2132 3688 2278 3757 Πρὶν
2308 3687 2424 3755 τὴν
2453 3686 2795 3739 ὠδίνουσαν
2823 3683 3039 3750 τεκεῖν,
3069 3683 3346 3754 ἐξέφυγε,
3388 3682 3488 3736 καὶ
3516 3681 3722 3738 ἔτεκεν

2130 3781 2340 3850 ἄρσεν.
2383 3780 2517 3833 Τίνα
2561 3779 2864 3846 ὲξέφυγεν;
2918 3778 2988 3829 Ἢ
3027 3777 3248 3840 πάντως
3285 3776 3376 3829 τὸν
3403 3775 3678 3845 δράκοντα
3701 3790 3718 3805 '

2133 3873 2222 3924 ἵνα
2269 3870 2504 3940 γεννήσῃ
2549 3869 2638 3920 τὸν
2683 3867 2812 3919 λαὸν
2853 3867 2884 3936 ἡ
2918 3865 3085 3936 νοητὴ
3113 3863 3252 3916 Σιὼν
3295 3863 3388 3915 τὸν
3427 3861 3654 3933 ἄρρενα.
3693 3878 3713 3912 ι

2133 3964 2242 4017 Καὶ
2299 3961 2442 4032 ἑξῆς·
2485 3981 2504 4012 ι
2555 3962 2717 4012 Ὥστε
2779 3961 2834 4012 ὲν
2867 3959 3082 4027 ἑκάστῳ
3114 3955 3426 4027 γεννᾶσθαι
3459 3955 3550 4007 τὸν
3579 3954 3719 4022 Χρι-

2139 4054 2262 4108 στὸν
2294 4053 2522 4123 νοητῶς.
2560 4052 2670 4104 Καὶ
2699 4051 2788 4104 διὰ
2819 4050 2977 4103 τοῦτο
3004 4052 3036 4120 ἠ
3080 4047 3382 4117 Ἐκκλησία
3413 4044 3722 4115 σπαργανοῐ

2137 4146 2233 4200 καὶ
2261 4146 2439 4198 ὠδίνει
2469 4145 2628 4215 ἄχρις
2653 4144 2718 4198 ἂν
2739 4145 2768 4196 ὁ
2794 4141 3029 4212 Χριστὸς
3063 4139 3330 4210 μορφωθῇ
3358 4139 3416 4190 ὲν
3437 4138 3572 4207 ἡμῖν
3602 4152 3723 4203 γενο

2139 4239 2344 4362 νὲθείςο
2370 4238 2518 4299 ὅπως
2541 4237 2778 4300 ἕκαστος
2808 4231 2886 4304 τῷ
2920 4232 3172 4303 μετέχειν
3195 4229 3457 4302 Χριστοῦ,
3485 4225 3722 4298 Χριστὸς

2140 4327 2174 4362 γ
2206 4327 2386 4362 νηται.
2426 4326 2444 4360 ο

2140 4326 2386 4379 γενηται.
2426 4326 2444 4360 ο

451 4412 515 4467 Et
544 4431 703 4484 quem
736 4417 924 4486 cﬂ'ugit
983 4416 1250 4485 spiritalis
1302 4415 1433 4469 Sion
1472 4415 1576 4468 nisi
1613 4411 1948 4468 draconem?
1977 4421 2086 4478 quo
2125 4403 2385 4458 nimirum
2441 4414 2704 4468 generare
2737 4399 2910 4468 ροεεῑι
2943 4397 3205 4467 populum
3237 4395 3567 4452 masculum.
3609 4411 3628 4444 ι
3658 4389 3724 4452 Et.

453 4513 670 4561 Laudem
717 4510 900 4564 subdit
936 4528 950 4564 :
986 4529 1003 4561 ι
1041 4509 1114 4561 Ea
1177 4519 1399 4578 propter
1457 4509 1509 4560 in
1548 4509 1903 4577 unoquolibet
1951 4501 2267 4573 spiritaliter
2333 4497 2582 4551 nascitur
2647 4494 2936 4558 Christus;
2997 4494 3241 4547 Ecclesia
3309 4502 3488 4546 autem
3533 4496 3722 4558 partu-

453 4602 524 4652 rit
552 4600 845 4670 lasciisque
882 4600 1107 4656 involvit
1153 4603 1326 4656 donec
1375 4601 1627 4655 Christus
1661 4613 1822 4655 natus
1875 4601 1927 4653 in
1999 4595 2160 4650 nobis
2218 4591 2527 4650 formetur:
2590 4599 2755 4659 atque
2796 4590 2868 4644 ita
2916 4586 3296 4656 unusquilibet
3341 4583 3546 4639 Christi
3593 4597 3724 4652 par-

453 4692 768 4759 ticipatione
796 4694 1045 4748 Christus
1074 4693 1483 4762 quodammodo
1520 4693 1773 4771 ellieitur.
1819 4713 1835 4743 ι

524 4781 762 4837 Ecclesia
801 4784 1002 4852 itaque,
1033 4784 1312 4839 Christum
1340 4785 1568 4854 justitiue
1599 4787 1767 4840 solem
1815 4785 2024 4847 induta,
2060 4783 2108 4842 ἰ)

453 4875 676 4945 legalem
706 4885 864 4930 nocte
906 4877 1137 4931 lucentis
1179 4877 1322 4931 lume
1352 4877 1529 4931 lucem
1560 4881 1835 4946 vitamque
1869 4892 2028 4930 mun-

450 4967 671 5031 danam,
693 4983 812 5036 qua:
828 4970 996 5024 instar
1014 4969 1157 5024 luna:
1187 4971 1466 5025 mutabilis
1483 4982 1533 5024 et
1549 4971 1863 5025 inconstans
1886 4969 2030 5023 exsi-

449 5059 563 5122 stit,
598 5061 701 5115 sub
734 5061 960 5130 pedibus
1001 5070 1324 5132 prostratam
1372 5072 1536 5128 tenet,
1573 5063 1872 5133 capitisque
1903 5077 2026 5116 vcr-

449 5155 522 5204 t'c
545 5167 607 5203 ιιι
637 5151 1060 5219 ορθειοιῖυοτυιη
1089 5156 1399 5224 dogtnatum
1429 5155 1795 5224 virtutumque
1825 5168 2027 5207 corona

448 5243 759 5299 redimitum
813 5245 994 5300 habet.
1049 5245 1192 5300 Idem
1251 5257 1444 5301 auctor
1482 5248 1640 5301 docet
1690 5263 1784 5315 per
1824 5245 2025 5315 lunam,

447 5350 569 5404 quia;
599 5335 829 5390 humida:
856 5338 1175 5392 substantia:
1190 5339 1528 5405 dominatur,
1563 5338 1852 5408 baptisma,
1879 5337 2028 5412 Mare

451 5428 848 5497 metaphoricos
879 5430 1228 5498 appellatum,
1264 5430 1558 5500 designari,
1602 5432 1744 5501 quod
1781 5447 1913 5484 sane
1939 5448 2029 5485 sa-

447 5527 877 5590 crazuentunﬁut
911 5525 1242 5594 rcgeneratis
1285 5534 1368 5580 est
1406 5525 1666 5592 salutare,
1715 5525 1786 5579 ita
1825 5525 2028 5582 diuino-

452 5611 611 5668 nibus
642 5617 859 5672 exitiale
885 5627 967 5673 est
1009 5633 1257 5688 prorsus.

522 5791 570 5826 ⁸³
599 5792 706 5852 lsa.
732 5798 822 5864 67,
846 5799 896 5853 7.

2211 4776 2277 4828 Ἦ
2322 4772 2618 4844 Ἐκκλησία
2666 4769 2891 4844 ἷτοίνυν]
2952 4769 3044 4822 τὸν
3109 4770 3300 4822 ’Ἥλιον
3352 4767 3452 4830 τῆς
3512 4764 3719 4816 δικαιο-

2137 4867 2302 4938 σύνης
2357 4864 2636 4938 [Χριστὸν]
2698 4861 3109 4930 περιϐέϐληται.
3173 4860 3284 4911 Καὶ
3331 4857 3440 4926 γὰρ
3499 4855 3724 4926 νομικὸν

2137 4961 2252 5032 φῶς
2283 4962 2380 5030 τῆς
2415 4956 2757 5027 νυκτοφαοῦς
2805 4956 3058 5026 σελήνης,
3107 4955 3202 5006 καὶ
3241 4951 3340 5021 τὴν
3373 4950 3446 5013 ὡς
3489 4949 3724 5018 σελήνην

2136 5030 2530 5122 ἀλλοιουμένην
2577 5049 2853 5118 κοσμικὴν
2901 5046 3067 5118 ζωὴν,
3121 5045 3225 5097 ὑπὸ
3253 5043 3381 5106 τοὺς
3413 5041 3578 5102 πόδας
3626 5040 3722 5092 κέ·
3805 5030 3819 5047 ’

2137 5163 2355 5217 κτηται.
2391 5145 2503 5199 Καὶ
2536 5145 2629 5196 ἐπὶ
2675 5144 2776 5212 τῆς
2808 5141 3052 5210 κεφαλῆς
3084 5139 3176 5191 τὸν
3205 5137 3315 5190 τῶν
3343 5133 3722 5201 ᾁποστολικῶν

2134 5238 2419 5308 δογμάτων
2454 5253 2511 5290 τε
2556 5237 2650 5291 καὶ
2697 5235 2910 5306 ἀρετῶν
2962 5232 3277 5301 περίκειται
3320 5228 3608 5296 στέφανον.
3661 5222 3722 5277 Ὀ

2137 5330 2300 5391 αὐτὸς
2334 5328 2391 5381 δὲ
2425 5329 2520 5382 καὶ
2568 5327 2641 5391 ὡς
2689 5328 2754 5380 ἐκ
2800 5325 2903 5394 τῆς
2954 5325 3207 5395 σελήνης,
3256 5318 3574 5392 ἠρτημένης
3621 5316 3723 5385 τῆς

2139 5422 2310 5492 ὑγρᾶς
2342 5422 2561 5487 οὐσίας,
2602 5418 2898 5490 δηλοῦσθαι
2927 5435 3061 5490 φησι
3095 5415 3182 5469 διὰ
3226 5416 3326 5486 τῆς
3356 5411 3630 5479 σελήνης
3663 5407 3724 5462 τὸ

2141 5514 2448 5586 βάπτισμα,
2482 5514 2806 5568 θάλασσαν
2837 5510 3112 5585 τροπικῶς
3141 5507 3568 5581 ὀνομαζόμενον·
3610 5503 3723 5563 τοῖς

2143 5605 2242 5676 μὲν
2275 5605 2742 5676 ἁναγεννωμένοις
2771 5603 3062 5674 σωτήριον,
3095 5603 3208 5664 τοῖς
3233 5599 3290 5654 δὲ
3319 5597 3570 5669 δαίμοσιν
3602 5591 3722 5646 ὀλέ-

2139 5698 2306 5770 οριον.

3745 4325 3752 4352 Ι
