4070 6428
359 394 468 460 321

1339 390 1954 452 COMMENTARIUS
1997 390 2078 452 IN
2118 391 2657 455 APOCALYPSIN.

3551 402 3664 467 322

429 507 549 564 Kal
594 479 666 560 ir
698 502 906 575 γαστρὶ
938 498 1170 571 ἔχουσα
1222 498 1471 568 ἔκραζεν
1516 499 1824 555 ὠδίνουσα
1875 500 1974 554 καὶ

2148 500 2263 568 ΧΙΙ,
2290 501 2345 555 9.
2386 499 2453 555 Et
2486 504 2541 556 in
2573 511 2720 555 utero
2749 500 2943 556 habens
2965 518 2985 567 ,°
3015 511 3064 558 et
3093 504 3289 560 clamat
3315 514 3665 579 parturiens;

345 596 809 669 βασανιζομένη
838 592 1054 648 τεκεῖν.

430 712 454 747 ι
509 692 737 746 Ὠδίνειν
763 689 819 743 δέ
856 705 1039 759 φαμεν
1070 684 1170 759 τὴν
1213 686 1543 757 Ἐκκλησίαν
1571 685 1697 740 καθ’
1722 687 1955 740 ἕκαστον

349 789 466 843 τῶν
496 785 967 855 ἀναγεννωμένων
989 782 1055 837 δι’
1079 783 1273 846 ὓδατος
1294 780 1390 835 καὶ
1412 781 1554 835 [Isz
1564 797 1757 851 ματος,
1794 780 1958 851 ἄχρις

350 873 420 933 οὗ
467 876 738 949 μορφωθῇ
771 876 1007 948 Χριστὸς
1048 873 1107 928 ἐν
1148 874 1352 937 αὐτοῖς,
1387 872 1463 937 ὣς
1509 878 1678 945 φησιν
1704 875 1732 928 ὁ
1762 871 1956 945 [θεῖος]

318 1008 327 1032 ,
364 964 702 1028 ’Λπόστολος
748 964 837 1018 διὰ
886 963 947 1017 τὸ
1000 962 1353 1034 ἀμδλώματκ
1400 960 1544 1016 εἶναι
1589 962 1719 1025 τοὺς
1752 961 1817 1012 ὲκ
1863 960 1959 1013 τοῦ

353 1059 621 1131 ἀληθινοῦ
652 1057 836 1127 φωτὸς
871 1053 1113 1127 Χριστοῦ
1152 1054 1547 1117 ἐκπίπτοντας,
1594 1054 1692 1108 καὶ
1730 1052 1958 1123 σύνδρο-

352 1170 458 1222 μον
492 1153 566 1223 τῇ
598 1151 712 1223 ζωῇ
745 1150 835 1204 τὶν
865 1148 934 1203 δι’
952 1148 1211 1212 ἀπιστίας
1238 1148 1609 1219 ὑπομένοντας
1640 1146 1893 1202 θάνατον.
1932 1165 1951 1197 ι

426 1342 544 1396 Kal
570 1339 738 1410 ὤφθη
759 1338 914 1393 ἄλλο
940 1336 1197 1406 σημεῖον
1213 1338 1284 1391 ἐν
1313 1336 1393 1404 τῷ
1415 1336 1668 1407 οὐρανῷ·
1699 1336 1797 1390 καὶ
1831 1333 1960 1390 ἰδοὺ

351 1431 604 1501 δράκων
638 1427 863 1498 πὶγῦρὸς
901 1427 1113 1498 μέγας,
1159 1428 1316 1497 ἔχων
1357 1426 1628 1497 κεφαλὰς
1665 1426 1817 1481 ἑπτὰ
1861 1426 1962 1480 καί

351 1523 584 1591 κέρατα
629 1521 795 1576 δέκα·
844 1519 944 1574 καὶ
987 1518 1088 1574 ἐπὶ
1143 1520 1249 1587 τὰς
1281 1520 1555 1589 κεφαλὰς
1590 1519 1779 1574 αὐτοῦ
1809 1517 1963 1572 ἑπτὰ

350 1611 721 1682 διαδήματα.

424 1708 542 1761 Kal
585 1706 754 1776 ὤφθη
793 1704 948 1759 ἄλλο
982 1703 1243 1774 σημεῖον
1277 1704 1348 1758 έν
1376 1698 1632 1772 οὐρανῷ.
1668 1731 1738 1741 -
1773 1702 1960 1769 Οὐρα-

348 1798 469 1852 νὸν
499 1796 743 1852 ἐνταῦθα
762 1795 1003 1850 νοεῖσθαι
1031 1795 1123 1850 τὸν
1144 1796 1282 1867 ἀέρα
1304 1795 1623 1865 νομίζομεν·
1657 1793 1958 1862 δράκοντα

2082 604 2130 647 et
2171 595 2441 648 cruciatur
2467 594 2738 663 utparia‘t.

2137 702 2157 736 ι
2197 683 2438 740 Ecclesia
2472 686 2964 754 unumquemlibet,
2990 689 3082 754 qui
3114 705 3180 745 ex
3217 705 3358 762 aqua
3378 702 3433 749 et
3453 693 3664 765 Spiritu

2061 785 2254 832 sancto
2307 787 2686 847 regeneratur,
2744 782 3017 850 tantisper
3071 786 3345 852 parturire
3407 788 3612 842 dicitur
3646 830 3663 854 ,

2066 868 2245 923 donec
2291 866 2549 925 Christus
2581 869 2635 923 in
2671 870 2779 924 illis
2829 869 3118 938 formetur,
3158 885 3216 929 ut
3265 877 3560 945 Apostolus
3585 878 3669 933 1;-

2074 963 2286 1031 quitur.
2323 961 2431 1034 50
2460 965 2889 1035 Comperiuntur
2920 968 3066 1019 enim
3103 967 3334 1022 abortivi
3364 972 3615 1026 nonnulli
3649 990 3664 1039 ;

2070 1056 2385 1124 cujnsmodi
2438 1066 2569 1111 sunt
2602 1057 2695 1126 qui
2727 1072 2756 1112 a
2789 1074 2914 1112 vera
2961 1059 3107 1124 lucc,
3142 1062 3236 1129 qui
3268 1061 3525 1118 Christus
3559 1077 3665 1127 εει,

2067 1148 2428 1215 exciderunt;
2459 1149 2548 1218 qui
2603 1164 2712 1204 una
2764 1150 2927 1205 etiam
2963 1167 3090 1206 cum
3149 1154 3256 1207 vita
3310 1155 3656 1212 inﬁdelitatis

2080 1253 2310 1297 mortem
2348 1246 2642 1299 sustinent.
2677 1265 2695 1297 ι

2135 1333 2248 1397 ΧΙΙ,
2279 1336 2329 1390 5.
2361 1335 2430 1389 Et
2457 1338 2623 1390 visum
2656 1347 2734 1390 est
2773 1337 2921 1390 aliud
2952 1340 3163 1409 signum
3187 1342 3239 1395 in
3276 1344 3424 1410 coelo,
3454 1354 3507 1400 et
3548 1362 3666 1402 ecce

2062 1427 2226 1481 draco
2258 1444 2505 1498 magnus,
2552 1428 2726 1498 rufus,
2756 1429 2951 1483 habens
2982 1433 3159 1500 capita
3203 1444 3417 1504 septem,
3451 1446 3503 1492 et
3544 1456 3664 1493 cor-

2061 1532 2170 1569 nua
2207 1517 2403 1585 decem,
2440 1527 2490 1572 et
2521 1519 2577 1572 in
2608 1519 2870 1587 capitibus
2893 1520 3009 1589 ejus
3067 1521 3373 1580 diademata
3428 1538 3655 1597 septem.

2138 1694 2339 1749 Caelum
2377 1695 2481 1750 huc
2530 1695 2653 1750 loco
2706 1711 2890 1751 aerem
2937 1697 3250 1769 suguilieare
3299 1699 3667 1768 arbitramur;

2066 1786 2348 1840 draconem
2388 1796 2571 1842 autem
2605 1788 2810 1858 rufum,
2868 1799 3180 1859 serpentem
3234 1790 3390 1845 illum
3445 1794 3540 1864 qui
3598 1796 3671 1848 ob

350 1870 411 1942 δὲ
469 1888 732 1957 πυρρὸν,
774 1888 868 1941 τὸν
916 1886 1231 1940 πλασθέντα
1285 1880 1794 1952 ἑγκαταπαίζεσθαι
1855 1881 1961 1935 ὑπὸ

2088 1882 2120 1936 d
2157 1884 2415 1939 conditus
2444 1885 2587 1955 apud
2614 1883 2814 1939 Jobum
2869 1885 3154 1951 scribitur,
3187 1901 3297 1956 quo
3357 1887 3426 1943 ab
3461 1888 3671 1959 angelis

350 1982 471 2036 τῶν
503 1980 764 2050 ἀγγέλων
807 1978 901 2033 τοῦ
936 1977 1098 2045 Θεοῦ,
1132 1977 1209 2043 ὡς
1262 1981 1320 2032 ἐν
1353 1975 1430 2048 τῷ
1473 1975 1596 2029 Ἰὼϐ
1627 1976 1962 2046 γέγραπται.

352 2076 609 2146 Πυρῤιὲν
638 2075 696 2128 δὲ
736 2072 950 2137 τοῦτον,
986 2073 1020 2142 ἢ
1055 2064 1144 2126 διὰ
1170 2070 1232 2124 τὸ
1282 2070 1505 2139 φονικὸν
1544 2067 1711 2121 αὐτοῦ
1756 2068 1852 2120 καὶ
1885 2069 1966 2120 αις

357 2166 634 2240 μοχαρὲς,
662 2166 695 2237 ἢ
729 2165 818 2219 διὰ
848 2166 911 2217 τὸ
942 2162 1197 2234 πυρῶδες
1222 2163 1322 2234 τῆς
1347 2160 1654 2231 ἁγγελικῆς
1679 2161 1892 2225 οὐσίας,
1918 2161 1967 2214 εἰ

356 2259 455 2311 καὶ
482 2255 601 2310 τῶν
635 2254 886 2325 ἀγγέλων
914 2253 1295 2308 ἐκπέπτωκεν.
1345 2252 1533 2308 Ἑπτὰ
1571 2252 1629 2306 δὲ
1662 2252 1965 2321 κεφαλὰς,

357 2347 462 2412 τὰς
506 2347 656 2401 ἑπτὰ
704 2347 1085 2416 πονηροτάτας
1142 2345 1310 2399 αὐτοῦ
1362 2343 1647 2417 δυνάμεις.
1699 2346 1795 2399 καὶ
1847 2346 1969 2409 ταῖς

359 2440 773 2509 πνευματικαῖς
800 2436 1109 2508 ἐνεργείαις
1141 2436 1415 2499 ἐναντίαςο
1447 2436 1481 2508 ἢ
1517 2435 1586 2491 τὰ
1620 2436 1762 2490 ἑπτὰ
1796 2437 1967 2489 πνεύο

364 2547 539 2605 ματαο
573 2530 719 2602 ἅπερ
747 2531 806 2583 ἐν
834 2528 1190 2599 Εὑαγγελίοις
1222 2529 1251 2581 ὁ
1276 2526 1513 2599 Χριστὸς
1534 2528 1770 2599 ἐἴρηκεν
1800 2528 1969 2582 εἰσοι-

365 2623 621 2690 κίζεσοαι
645 2622 724 2691 τῷ
755 2620 1031 2693 ἀνθρώπῳ
1074 2620 1153 2692 τῷ
1184 2620 1580 2693 σε’σαρωμένην
1604 2621 1709 2693 ’τὴν
1734 2620 1970 2691 ’καρδίαν

368 2719 467 2770 καὶ
495 2712 662 2787 κενὴν
699 2715 761 2780 ἐξ
794 2714 1015 2784 ἀγαθῶν
1048 2714 1271 2768 ἐννοιῶν
1314 2714 1409 2767 καὶ
1455 2711 1711 2785 πράξεων
1757 2712 1966 2784 ἔχοντι·

369 2807 403 2880 ἢ
429 2808 569 2861 ἑπτὰ
598 2806 820 2872 κακίας,
849 2806 915 2870 ἃς
937 2823 1072 2876 φησι
1098 2805 1353 2876 Σολομῶν
1370 2807 1429 2859 ὲν
1455 2804 1570 2879 [τῇ]
1600 2806 1803 2877 καρδίᾳ
1829 2800 1971 2860 εἶναι

367 2899 463 2952 τοῦ
498 2895 725 2970 ἐχθροῦ⁸
754 2899 906 2961 ὅστις
937 2898 1154 2968 μεγάλῃ
1206 2899 1270 2969 τῇ
1306 2900 1457 2969 φωνῇ
1485 2882 1605 2950 τῶν
1630 2897 1973 2967 πειθομένων

370 2992 539 3049 δεῖται
570 2990 697 3047 καθ’
719 2990 1036 3062 ὑπόκρισιν.
1073 2990 1157 3043 Tit
1183 2990 1239 3043 δὲ
1266 2989 1415 3044 δέκα
1442 2990 1663 3059 κέρατα
1690 2988 1970 3061 δηλοῦσιν,

372 3085 405 3153 ἢ
432 3083 504 3138 τὰ
541 3082 1098 3153 ἀντιδιαστελλὸμενα
1125 3084 1248 3146 ταῖς
1282 3081 1418 3137 δέκα
1442 3085 1696 3153 νομικαῖς
1718 3081 1973 3148 ἐντολαῖς

378 3175 862 3247 πλημμελήματα,
917 3174 953 3245 ἢ
1002 3173 1101 3236 τὰς
1153 3173 1451 3243 διαιρέσεις
1506 3173 1609 3244 τῆς
1657 3172 1972 3244 βασιλείας,

378 3267 525 3336 αὐτῷ
561 3267 771 3336 κόσμον
817 3264 1116 3336 φερούσας,
1152 3267 1229 3330 ὡς
1270 3268 1395 3329 ταῖς
1424 3265 1799 3337 διχοστασίαις
1849 3266 1976 3337 χαί-

385 3373 548 3428 ροντι.
584 3352 772 3409 Ἐπτά
798 3355 856 3409 δὲ
890 3354 1229 3425 διαδήματα
1275 3356 1346 3409 ἐν
1367 3354 1508 3421 ’ταῖς
1537 3357 1832 3426 κεφαλαῖς
1867 3358 1977 3411 αὐ-

385 3448 510 3503 τοῦ.
555 3448 703 3501 Διότι
751 3449 801 3501 οἱ
840 3448 945 3512 τὰς
999 3447 1328 3519 δαιμονικὰς
1379 3449 1665 3520 ἐνεργείας
1718 3448 1982 3513 νικῶντες

385 3539 592 3596 ἐκεῖθεν
617 3542 744 3604 τοὺς
769 3541 1076 3612 στεφάνους
1107 3540 1235 3615 [τῆς
1266 3541 1448 3615 νίκης]
1481 3541 1826 3614 κομίζονται,
1858 3543 1982 3597 ὅθεν

382 3638 567 3700 πόνοις
594 3635 692 3690 καὶ
741 3635 932 3706 ἱδρῶσι
962 3635 1062 3706 τὴν
1100 3635 1259 3707 νίκην
1304 3636 1530 3708 ἤραντο.
1580 3636 1718 3706 Περὶ
1753 3636 1811 3690 δὲ
1853 3634 1981 3690 τού-

379 3746 487 3783 των
515 3729 613 3783 καὶ
640 3720 673 3782 δ
711 3727 984 3801 μακάριος
1015 3726 1280 3793 Μεθόδιός
1329 3732 1496 3801 φησιν
1545 3727 1719 3793 οὕτως
1769 3730 1862 3782 ἐπὶ
1900 3730 1987 3783 λέ·-

380 3822 536 3889 ξεωςο
581 3822 635 3876 '0
662 3821 898 3890 δράκων
931 3825 965 3877 ὁ
981 3822 1174 3894 μέγας
1199 3825 1233 3877 ό
1264 3822 1516 3892 πυρρὸς,
1565 3826 1599 3878 ὁ
1650 3823 1989 3894 ἐπτακέφα-

379 3918 510 3981 λος,
544 3917 579 3969 δ
606 3915 813 3984 σύρων
838 3915 904 3968 τὸ
933 3915 1136 3983 τριτον
1155 3913 1274 3970 τῶν
1300 3915 1594 3984 ἀστέρων,
1624 3915 1693 3981 ὃς
1724 3915 1989 3985 ἔστηκεν

383 4000 725 4072 ἐφεδρεύων
758 4000 863 4056 ἵνα
902 4002 970 4056 τὸ
1010 4003 1231 4058 τέκνον
1269 4003 1380 4073 τῆς
1418 4005 1760 4074 ὼδινούσης
1804 4023 1989 4062 κατα-

383 4092 571 4163 φάγῃ,
619 4095 652 4146 ό
710 4091 993 4159 διάϐολός
1040 4092 1238 4161 ἐστιν,
1291 4093 1413 4167 ικαὶ
1467 4096 1536 4151 τὰ
1591 4096 1765 4169 ὲξῆς.]
1832 4082 1990 4153 Ἀλλ’

385 4184 645 4256 ἀστοχεῖ
662 4186 761 4239 καὶ
784 4183 1126 4256 σφάλλεται
1144 4185 1255 4256 τῆς
1279 4187 1486 4257 ἄκρας,
1508 4187 1632 4243 ἅνω
1654 4189 1805 4259 πρὸς
1832 4189 1992 4259 ὕψος

386 4276 814 4348 ἁρπαζομένων
840 4277 962 4331 τῶν
986 4279 1638 4350 ἀναγεννωμένων.Καὶ
1670 4280 1791 4352 μετ’
1811 4281 1989 4350 ὀλίγα’

397 4370 604 4439 Τρίτον
632 4369 701 4423 δὲ
740 4370 861 4424 τῶν
909 4369 1184 4440 ἀστέρων
1231 4371 1460 4441 ἐκλήθη
1497 4372 1702 4443 μέρος,
1752 4376 1807 4428 οἱ
1859 4373 1994 4444 περὶ

387 4461 495 4515 ἕνα
525 4461 635 4516 τοῦ
664 4462 917 4532 ἀριθμοῦ
954 4461 1065 4531 τῆς
1097 4463 1273 4532 ἁγίας
1310 4463 1560 4535 Τριάδος
1591 4466 1991 4535 ἐσφαλμένον

2000 3222 2050 3287 C

2069 1975 2166 2031 Dei
2197 1976 2509 2033 deludatur.
2564 1976 2739 2034 Vobat
2787 1987 2972 2034 autem
3040 1976 3193 2033 illum
3256 1981 3461 2050 rufum,
3522 1982 3671 2050 quod

2070 2069 2205 2125 cazdi
2234 2079 2290 2126 et
2318 2070 2574 2141 sanguini
2606 2071 2827 2128 deditus
2874 2071 2976 2136 sit;
3010 2082 3104 2127 aut
3132 2073 3281 2143 quod
3336 2072 3662 2142 angelorum

2070 2173 2267 2219 natura
2312 2163 2583 2219 habeatur
2632 2163 2793 2235 ignea
2820 2205 2832 2229 ,
2862 2162 3075 2219 etiamsi
3120 2175 3344 2236 peccato
3401 2165 3675 2220 contami-

2071 2264 2199 2311 nata
2222 2256 2313 2312 sit.
2344 2255 2450 2311 Per
2498 2264 2693 2325 septem
2719 2256 2919 2325 capita,
2949 2265 3157 2326 septem
3193 2256 3488 2326 nequiores
3522 2256 3672 2310 illius

2069 2349 2307 2405 virtutes
2368 2347 2717 2420 spiritalibus
2751 2342 2964 2405 viribus
3017 2360 3072 2405 et
3106 2349 3527 2421 Operatiouibus
3570 2350 3672 2404 ad-

2071 2455 2263 2496 versas
2293 2438 2656 2511 intelligimus
2687 2458 2702 2495 :
2743 2452 2839 2495 aut
2862 2450 3074 2511 septem
3105 2441 3231 2496 illos
3268 2456 3511 2511 nequam
3562 2441 3670 2512 spi-

2072 2533 2236 2597 ritus,
2261 2548 2403 2603 quos
2420 2532 2676 2588 Christus
2703 2532 2759 2587 in
2789 2532 3088 2605 Evangelio
3118 2532 3174 2587 in
3199 2533 3425 2588 homine
3458 2533 3554 2588 illo
3572 2534 3674 2588 ha-

2075 2629 2279 2684 bitasse
2308 2627 2573 2695 asseruit,
2602 2629 2697 2698 qui
2729 2627 2914 2683 cordis
2944 2626 3283 2682 domicilium
3311 2625 3497 2696 scopis
3517 2642 3678 2680 mun-

2074 2721 2263 2775 datum
2302 2720 2561 2787 habebat,
2614 2720 2719 2775 hoc
2747 2727 2833 2775 est
2888 2735 2916 2774 a
2952 2719 3117 2775 bonis
3167 2718 3601 2788 cogitationibus
3622 2726 3680 2774 et

2076 2807 2337 2878 Operibus
2376 2823 2635 2863 vacuum.
2665 2810 2775 2862 Aut
2812 2819 3019 2878 septem
3067 2808 3369 2879 nequitias,
3398 2823 3538 2879 quas
3571 2807 3678 2863 Sa-

2077 2898 2263 2955 lomon
2290 2901 2344 2954 in
2377 2901 2547 2956 corde
2595 2899 2807 2957 inimici
2849 2901 3117 2957 exsistere
3148 2901 3414 2967 ostendit,
3441 2902 3536 2972 qui
3582 2915 3681 2972 per

2078 2991 2493 3047 simulationem
2525 3008 2656 3048 voce
2687 3009 2887 3064 magna
2947 2994 3179 3064 supplex
3223 2992 3332 3049 illis
3373 2992 3430 3047 ﬁt
3454 3008 3596 3064 quos
3622 2992 3679 3047 in

2079 3083 2410 3139 sententiam
2442 3099 2599 3140 suam
2616 3085 2812 3140 callide
2842 3085 3134 3156 pertraxit.
3163 3083 3349 3140 Decem
3380 3101 3543 3156 porro
3559 3103 3678 3140 cor.

2078 3191 2208 3241 nua,
2239 3174 2424 3231 decem
2460 3186 2685 3247 peccata
2707 3177 2897 3233 decem
2928 3178 3198 3247 legalibus
3224 3178 3512 3249 praeceptis
3554 3192 3685 3233 con-

2085 3264 2255 3319 traria
2268 3266 2528 3321 denotare
2544 3277 2802 3337 putamus
2818 3267 3252 3338 :jAutImundani
3273 3269 3426 3338 regni
3451 3267 3682 3324 divisio-

2084 3370 2232 3424 nem,
2262 3372 2385 3428 quae
2417 3357 2518 3427 ipsi
2550 3368 2813 3428 tanquam
2842 3357 3209 3412 seditionibus
3237 3358 3496 3426 gaudenti
3519 3357 3683 3412 volu-

2084 3456 2289 3517 ptatem
2306 3447 2450 3517 parit
2466 3463 2576 3503 non
2593 3447 2894 3518 vulgarem.
2917 3448 3127 3518 Septem
3145 3457 3331 3503 autem
3350 3448 3683 3515 diademata,

2087 3541 2144 3595 in
2164 3541 2387 3596 totidem
2411 3541 2558 3596 illius
2573 3541 2847 3611 capitibus
2860 3542 2930 3596 ob
2950 3542 3004 3597 id
3025 3543 3286 3597 dicuntur
3313 3541 3514 3612 posita,
3534 3542 3682 3612 quod

2089 3633 2344 3689 homines
2396 3633 2697 3690 diabolicas
2749 3635 2896 3690 vires
2933 3642 2988 3689 et
3038 3634 3680 3706 suggestionesimpigre

2088 3734 2492 3795 expugnantes,
2530 3739 2770 3781 coronas
2816 3725 2944 3781 inde
2984 3725 3316 3796 deportent,
3380 3726 3527 3781 unde
3585 3741 3687 3796 per

2090 3816 2314 3871 labores
2372 3825 2539 3887 atque
2610 3815 2846 3872 sudores
2898 3816 3186 3872 victoriam
3247 3815 3567 3871 retulerant.
3610 3814 3688 3869 De

2094 3908 2180 3965 his
2218 3909 2413 3964 beatus
2464 3908 2778 3965 Methodius
2829 3906 2898 3964 ad
2957 3910 3103 3964 hunc
3168 3908 3395 3963 modum
3454 3907 3684 3962 scribit:

2096 4002 2272 4057 Draco
2306 4020 2551 4073 magnus,
2586 4002 2762 4073 rufus,
2793 4011 2844 4057 et
2882 4003 3166 4071 septiceps,
3199 4002 3291 4072 qui
3318 4002 3530 4055 tertiam
3562 4002 3691 4056 stel-

2088 4097 2271 4155 larum
2296 4105 2501 4165 partem
2523 4095 2708 4159 trahit,
2735 4095 2927 4165 quique
2957 4095 3011 4148 in
3039 4094 3274 4157 insidiis,
3296 4104 3351 4146 ut
3380 4093 3690 4162 parturien-

2098 4192 2167 4247 tis
2198 4191 2370 4260 ﬁlium
2400 4192 2631 4253 devoret,
2664 4191 2930 4255 consistit,
2964 4188 3211 4242 diabolus
3239 4196 3337 4241 est.
3374 4186 3442 4241 Et
3498 4188 3691 4258 paucis

2097 4284 2405 4354 interjectis
2437 4302 2451 4337 :
2481 4282 2586 4338 Sed
2617 4280 2854 4352 fallitur,
2888 4280 3188 4350 prwda'que
3236 4295 3327 4349 spe
3385 4279 3693 4350 frustratur

2096 4377 2417 4447 regeneratis
2433 4391 2526 4445 per
2548 4374 2868 4444 baptismum
2903 4385 3111 4425 sursum
3140 4373 3194 4424 in
3227 4371 3453 4425 sublime
3495 4372 3689 4442 raptis.

2094 4469 2165 4524 Et
2194 4468 2360 4539 paulo
2390 4478 2515 4539 post
2546 4482 2766 4523 rursum
2790 4481 2804 4518 :
2831 4463 3010 4519 Tertia
3042 4472 3218 4517 autent
3243 4462 3517 4518 stellarum
3542 4478 3690 4532 pars,

390 4556 429 4624 ἡ
456 4555 528 4609 δὲ
561 4554 785 4624 ἔρημος
809 4557 894 4619 εἰς
918 4554 1000 4623 ἢν
1024 4556 1293 4611 ἐλθοῦσα
1324 4556 1622 4626 τρέφεται,
1653 4558 1692 4626 ὴ
1735 4557 1978 4626 Ἐκκλη-

2096 4563 2351 4616 dicuntur
2388 4561 2470 4615 illi
2528 4561 2619 4631 qui
2663 4560 2718 4614 in
2744 4566 2948 4613 sanctas
2980 4555 3264 4610 Trinitatis
3297 4570 3515 4608 numero
3546 4553 3693 4607 circa

327 4684 349 4702 .
389 4648 496 4702 σία
522 4649 564 4719 ἠ
598 4648 804 4703 κακῶν
845 4649 1087 4718 ἕρημος,
1122 4649 1222 4702 καὶ
1266 4650 1474 4719 στεῖρα
1521 4648 1771 4720 φθορᾶς.
1818 4651 1894 4707 Τὰ
1920 4650 1978 4705 δὲ

2093 4671 2257 4708 unum
2278 4662 2482 4709 errant.
2525 4651 2595 4706 At
2623 4651 2912 4717 desertum,
2941 4651 2996 4703 in
3018 4648 3157 4720 quod
3190 4645 3433 4702 Ecclesia
3466 4646 3693 4701 commi-

391 4740 578 4810 χίλια,
637 4741 807 4813 φησὶ,
841 4743 952 4796 τὸν
1015 4743 1086 4797 ἐν
1112 4742 1473 4798 ἐκατοντάσι
1521 4747 1991 4799 πολλαπλασια-

393 4835 621 4890 σθέντα
647 4836 888 4891 τέλειον
911 4837 1165 4908 ἀριθμὸν
1196 4838 1296 4890 καὶ
1332 4837 1537 4906 πλήρη
1564 4834 1848 4906 περιέχει.
1880 4837 1994 4891 Καὶ

394 4928 522 5001 ἑξῆς
549 4947 684 5002 φησι
720 4931 850 5003 περὶ
882 4930 994 4985 τῶν
1028 4930 1314 5001 στεφάνων
1358 4930 1548 4985 αἰετοῦ·
1594 4920 1657 4987 Ἦ
1693 4928 1763 4984 δὲ
1810 4948 1993 4986 κατα-

397 5022 778 5094 σκυνισαμένη
806 5023 959 5078 κατὰ
987 5022 1095 5079 τοῦ
1126 5024 1412 5080 διαϐόλου
1439 5026 1733 5094 πρότερον
1758 5024 1857 5079 καὶ
1897 5042 1995 5079 νε-

397 5109 689 5176 κρώσασα
720 5109 828 5178 τὰς
856 5111 1007 5166 ἑπτὰ
1036 5112 1329 5183 κεφαλὰς,
1350 5111 1470 5167 τῶν
1495 5112 1647 5168 ἑπτὰ
1676 5114 1997 5185 στεφάνων

397 5200 509 5270 τῆς
538 5201 760 5272 ἀρετῆς
786 5204 1084 5274 ἐγκρατὴς
1112 5206 1362 5275 γίνεται.

469 5298 579 5352 Kal
602 5299 640 5366 ἠ
671 5300 821 5368 οὐρὰ
849 5300 1037 5354 αὑτοῦ
1065 5301 1237 5370 σύρει
1262 5300 1329 5354 τὸ
1356 5300 1559 5370 τρίτον
1580 5299 1702 5356 τῶν
1724 5299 1998 5370 ἀστέρων

401 5384 530 5458 [τοῦ
564 5389 878 5464 οὺρανοῦ·]
925 5392 1023 5446 καὶ
1048 5391 1275 5447 ’ἔϐαλεν
1318 5391 1544 5459 αὐτοὺς
1581 5399 1670 5460 εἰς
1707 5393 1825 5461 τὴν
1859 5392 1995 5465 γῆν.

365 5558 372 5565 ν
474 5483 583 5537 Kal
610 5485 649 5554 ἢ
683 5484 832 5553 οὐρὰ
859 5485 1049 5540 αὑτοῦ
1069 5527 1082 5551 ,
1114 5486 1286 5555 σύρει
1325 5485 1392 5540 τὸ
1425 5485 1629 5555 τρίτον
1667 5486 1786 5540 τῶν
1823 5485 1997 5542 ἀστέ-

399 5588 541 5637 ρων.
572 5602 643 5614 -
673 5576 775 5629 Διὰ
805 5575 1023 5638 τούτου,
1057 5576 1150 5629 δύο
1182 5575 1305 5629 τινὰ
1339 5574 1635 5646 δηλοῦσθαι
1677 5575 1996 5648 νομίζομενο

405 5663 436 5733 ἦ
468 5663 565 5738 τὴν
590 5669 864 5740 προτέραν
899 5670 1066 5723 αὐτοῦ
1100 5669 1162 5736 ἐξ
1192 5668 1425 5740 οὐρανοῦ
1463 5664 1696 5737 πτῶσιν,
1746 5674 1845 5740 τὴν
1874 5672 2001 5735 τοὺς

410 5758 506 5811 σὺν
535 5760 685 5832 αὐτῷ
717 5762 1037 5826 ἀποστάτας
1066 5763 1340 5833 ἀγγέλους
1378 5761 1468 5816 διὰ
1496 5761 1592 5816 τοῦ
1639 5763 1872 5834 ἐσχάτου
1916 5781 2001 5816 κι-

409 5853 645 5926 νήματος
673 5855 767 5909 τοῦ
798 5855 996 5926 φθόνου
1028 5855 1193 5929 ίπρδς
1224 5855 1350 5929 γῆν]
1375 5859 1788 5929 κατασύρασανο
1829 5857 2004 5929 [πρῶ-

2095 4764 2255 4819 graus
2277 4748 2536 4814 nutritur,
2561 4754 2639 4801 est
2681 4745 2829 4799 locus
2851 4761 2884 4798 a
2918 4742 3075 4797 malis
3107 4743 3389 4805 immunis,
3418 4740 3694 4810 omnisque

2096 4843 2453 4913 corruptionis
2470 4855 2674 4910 expers.
2707 4837 2765 4893 Μ
2772 4839 2888 4892 illia
2909 4847 3086 4893 autem
3102 4853 3197 4908 per
3233 4844 3448 4890 centena
3505 4833 3693 4886 multi-

2097 4938 2325 5008 plicata,
2355 4952 2633 4990 numerum
2663 4934 2931 4988 continent
2969 4932 3260 5002 perfectum
3285 4939 3334 4984 et
3350 4929 3588 4999 plenum.
3622 4926 3699 4981 De

2101 5027 2326 5083 coronis
2354 5041 2521 5098 porro
2559 5026 2751 5081 isthazc
2792 5025 3064 5096 subjungit
3090 5041 3109 5080 :
3136 5021 3265 5079 lites
3293 5030 3470 5076 autem
3504 5020 3558 5072 in
3579 5033 3695 5071 cer-

2103 5123 2301 5177 tamine
2319 5121 2569 5176 adversus
2586 5118 2860 5175 diabolum
2875 5117 3191 5188 prtevalens,
3209 5124 3506 5184 septemque
3521 5111 3699 5178 capita

2101 5214 2252 5269 illius
2278 5214 2439 5269 morti
2462 5214 2679 5280 dedens,
2717 5211 2947 5282 septenis
2966 5211 3223 5265 virtutum
3240 5206 3449 5261 coronis
3468 5203 3695 5274 potitur.

2172 5309 2292 5377 Xll,
2318 5311 2374 5365 4.
2408 5307 2477 5362 Ει
2506 5306 2683 5362 cauda
2738 5305 2887 5360 illius
2920 5304 3162 5358 trahebat
3221 5300 3435 5354 tertiam
3477 5304 3687 5365 partem

2102 5403 2385 5457 stellarum
2409 5400 2548 5465 creti,
2589 5408 2640 5454 et
2674 5398 2819 5453 misit
2840 5412 2929 5451 eas
2965 5395 3024 5449 in
3049 5403 3267 5449 terram.

2179 5490 2280 5545 Per
2302 5489 2416 5544 haec
2438 5489 2766 5543 alterutrum
2817 5502 2847 5542 c
2873 5485 3091 5540 duobus
3119 5478 3422 5552 signiﬁcari
3458 5477 3659 5547 opinor
3680 5520 3700 5543 ,

2103 5583 2189 5638 vel
2216 5583 2456 5654 primum
2506 5579 2724 5636 luciferi
2774 5594 2805 5635 e
2859 5579 3001 5636 caelo
3037 5591 3248 5641 casum,
3291 5587 3402 5645 quo
3454 5572 3703 5643 angelos.

2105 5676 2198 5747 qui
2234 5691 2331 5747 per
2358 5686 2665 5730 extremum
2716 5672 2937 5728 invidiae
2964 5681 3176 5727 motum
3231 5682 3335 5723 una
3393 5682 3521 5722 cum
3584 5668 3703 5736 ipso

2107 5784 2136 5825 a
2168 5767 2278 5823 Deo
2305 5768 2676 5832 desciverunt,
2709 5766 2970 5821 deorsum
3014 5762 3216 5829 traxit;
3251 5762 3488 5835 (primus
3553 5763 3701 5813 enim

2107 5861 2354 5916 omnium
2380 5869 2562 5915 motus
2596 5859 2797 5915 mentis
2833 5868 2951 5915 erat
2980 5856 3175 5928 elatio)
3214 5874 3229 5925 ;
3257 5865 3351 5910 aut
3390 5865 3513 5924 past
3546 5865 3705 5926 caput
