4070 6432
374 359 484 422 33.3

1540 340 1870 403 ANDREE
1895 332 2447 406 IC/ESARIENSIS

3552 329 3662 394 321

373 480 522 535 illius
551 475 870 540 contritum,
900 469 1088 526 caudae
1141 465 1387 536 ejusdem
1425 462 1806 532 agitationem.
1835 458 1960 514 llzee

2087 474 2155 510 :ov
2198 456 2307 528 γὰρ
2356 458 2390 526 ἡ
2427 451 2705 525 ἔπαρσιςο]
2748 452 2782 523 ἢ
2824 451 2923 525 τὴν
2971 449 3111 523 μετὰ
3144 449 3206 503 τὸ
3236 447 3535 519 θλασθῆναι
3562 451 3664 522 τὴν

372 572 521 628 enim
552 568 804 624 homines
819 564 1004 620 animo
1021 558 1328 625 instabiles,
1345 571 1410 610 ex
1438 553 1540 624 51
1559 553 1768 609 cmlesti
1794 566 1960 608 sensu

376 675 431 720 et
459 659 878 719 conversatione
899 655 1156 710 deorsum
1181 650 1248 704 ad
1273 659 1490 703 terrena
1515 645 1738 716 abripit.
1771 643 1964 699 Nomi-

377 753 650 811 nanturhi
684 759 862 806 autem
888 741 1295 814 metaphoricos
1316 739 1507 805 steltte,
1542 748 1760 808 propter
1783 735 1964 806 splen-

377 851 564 905 dorem
591 858 753 915 quem
785 856 848 895 ex
905 847 1098 892 saneto
1145 833 1476 904 baptismate
1522 832 1850 886 hauserunt.
1886 828 1965 882 Ita

379 949 616 1004 namque
649 929 911 1002 propheta
946 924 1138 979 Daniel
1173 922 1242 978 de
1281 921 1576 984 Antiocho,
1616 920 1710 991 qui
1749 918 1966 974 venturi

378 1029 507 1081 olim
540 1020 866 1077 Antichristi
897 1029 1083 1089 typum
1126 1015 1369 1086 gerebat,
1405 1015 1738 1068 vaticinatus
1755 1023 1858 1068 est.

448 1113 514 1166 Et
549 1112 713 1165 draco
752 1111 893 1164 stetit
939 1119 1059 1161 ante
1096 1107 1365 1160 mulierem
1404 1121 1520 1175 qua:
1552 1113 1668 1158 erat
1697 1105 1965 1173 paritura,

376 1220 454 1274 u‘,
489 1223 607 1261 cum
634 1207 938 1275 peperisset,
958 1205 1130 1272 ﬁlium
1158 1204 1271 1272 ejus
1289 1202 1589 1258 devoraret.

449 1380 727 1435 Continuo
781 1393 1020 1449 namque
1051 1386 1297 1448 apostala
1345 1381 1612 1434 adversus
1662 1377 1968 1434 Ecclesiam

379 1474 433 1526 in
468 1470 638 1524 armis
669 1469 957 1534 consistit,
1012 1469 1136 1523 illos
1176 1469 1268 1538 qui
1313 1484 1414 1539 pro
1464 1478 1709 1540 tempore
1768 1471 1822 1525 in
1880 1471 1972 1525 illa

381 1571 794 1631 regi-uerentur,
846 1560 900 1614 in
943 1575 1123 1614 escam
1176 1575 1332 1613 suam
1382 1569 1595 1615 vertere
1627 1559 1788 1614 enixe
1835 1576 1972 1616 cou-

381 1655 631 1709 teudens.
667 1655 774 1706 Aut
805 1651 988 1707 verius
1018 1666 1116 1721 per
1149 1650 1452 1706 Ecclesiam
1476 1651 1755 1708 Christum
1792 1653 1972 1724 ipsum

384 1746 732 1814 persequitur
762 1753 1023 1812 tanquam
1062 1744 1207 1798 illius
1239 1755 1438 1814 caput;
1475 1745 1568 1815 qui
1599 1746 1826 1815 proinde
1851 1761 1974 1817 quae

2067 549 2312 619 κεφαλὴν
2344 546 2535 602 αὐτοῦ.
2571 546 2817 616 Οὐραίαν
2844 545 3084 617 κίνησιν,
3131 544 3260 608 τοὺς
3290 542 3664 616 ἀστηρίκτους

2069 639 2514 710 κατενεγκοῠσαν
2539 640 2605 693 ὲκ
2633 639 2729 692 τοῦ
2769 637 3026 709 οὐρανίου
3054 639 3428 709 φρονήματος,
3478 637 3662 692 ἀστέ-

2062 750 2177 803 ρας
2207 733 2484 803 τροπικῶς
2513 729 2942 801 ὀνομασθέντας,
2974 729 3064 784 διὰ
3092 729 3192 800 τὴν
3224 731 3290 782 ὲκ
3318 727 3414 782 τοῦ
3452 728 3658 802 [ἁγίου]

2071 825 2454 896 βαπτίσματος
2501 823 2892 895 λαμπρότητα.
2933 823 3090 878 Οὕτω
3146 821 3258 894 γὰρ
3319 822 3415 875 καὶ
3459 821 3665 892 Δανιὴλ

2069 920 2201 986 περὶ
2245 918 2525 987 ’Δντιόχου
2558 917 2995 986 προεφήτευσεν,
3046 915 3123 978 ὼς
3175 915 3447 985 ἐσομένου
3493 915 3663 970 τόπου

2068 1008 2172 1080 τῆς
2201 1007 2297 1061 τοῦ
2339 1005 2716 1077 Ἀντιχρίστου
2748 1005 3038 1068 ἐλεύσεως.

2143 1102 2252 1155 Καὶ
2285 1103 2318 1154 ὀ
2347 1098 2584 1168 δράκων
2615 1098 2880 1166 ἕστηκεν
2907 1097 3168 1152 ἐνώπιον
3216 1097 3330 1165 τῆς
3373 1095 3662 1166 γυναικὸς

2071 1192 2182 1261 τῆς
2205 1194 2560 1262 μελλούσης
2609 1191 2807 1245 τεκεῖν
2837 1207 2850 1221 ·
2907 1191 3013 1244 ἵνα
3051 1189 3199 1244 ὅταν
3231 1190 3399 1258 τέκῃ,
3435 1188 3502 1242 τὸ
3554 1187 3652 1241 τέ-

2072 1303 2223 1341 κνον
2250 1284 2440 1353 αὐτῆς
2466 1283 2804 1356 καταφάγῃ.

2144 1377 2257 1432 Kal
2289 1380 2322 1432 ό
2351 1377 2589 1447 δράκων
2617 1379 2879 1446 ἕστηκεν
2907 1375 3168 1430 ἐνώπιον
3198 1372 3308 1442 τῆς
3342 1371 3652 1443 γυναικός.

2072 1499 2144 1512 -ν
2185 1469 2298 1523 Ἀεὶ
2328 1469 2437 1540 γὰρ
2493 1471 2522 1522 ὁ
2553 1469 2871 1540 ἀποστάτης
2914 1467 3143 1537 ἀντικρὺ
3181 1466 3284 1536 τῆς
3330 1463 3662 1531 Ἐκκλησίας

2074 1561 2380 1628 ὁπλίζεται,
2441 1562 2570 1625 τοὺς
2625 1559 3113 1629 ἀναγεννωμένους
3162 1556 3305 1610 κατὰ
3359 1554 3556 1626 καιρὸν
3605 1552 3666 1618 ἐξ

2074 1653 2268 1724 αὐτῆς,
2297 1655 2496 1709 οἰκεῖον
2527 1652 2722 1724 βρῶμα
2757 1650 3032 1706 ποιεῖσθαι
3061 1650 3391 1722 ὀρεγόμενος
3419 1667 3433 1680 ·
3461 1649 3664 1719 μᾶλλον

2077 1747 2159 1810 δὲ,
2204 1747 2294 1807 διὰ
2325 1747 2424 1818 τῆς
2466 1747 2796 1816 Ἐκκλησίας
2828 1745 2924 1799 καὶ
2958 1743 3122 1798 αὐτὸν
3146 1743 3237 1797 τὸν
3266 1743 3503 1814 Χριστὸν
3530 1741 3662 1794 διώ-

385 1837 624 1891 lidelium
653 1846 783 1892 sunt
817 1837 1058 1906 pr0pria,
1094 1836 1196 1890 sibi
1225 1836 1487 1891 vindicat.
1521 1835 1704 1902 Quare
1730 1837 1797 1891 ad
1836 1835 1974 1891 Suu-

2087 1857 2214 1905 κων,
2248 1839 2324 1903 ὡς
2380 1839 2627 1911 κεφαλὴν
2655 1840 2847 1908 αὐτῆς,
2897 1837 2965 1891 τὰ
2997 1837 3108 1889 τῶν
3166 1833 3377 1888 πιστῶν
3429 1833 3665 1888 οἰκειούο

385 1931 497 1984 lum
523 1929 746 1984 aiebat:
783 1927 966 1993 Saule,
1000 1927 1186 1994 Saule,
1216 1929 1342 1998 quid
1375 1945 1456 1989 me
1491 1931 1812 1999 persequeris
1836 1931 1919 1984 "‘2

452 2019 568 2086 ΧΗ,
605 2021 658 2076 5.
694 2021 760 2074 Et
797 2020 997 2090 peperit
1026 2019 1200 2087 ﬁlium
1239 2020 1562 2086 masculum,
1609 2021 1700 2090 qui
1731 2029 1971 2077 recturus

380 2121 495 2165 erat
522 2126 701 2164 omnes
735 2120 913 2181 gentes
943 2110 995 2163 in
1028 2109 1177 2180 virga
1205 2109 1400 2178 ferrea.

454 2203 696 2257 Ecclesia
736 2217 830 2271 per
879 2215 974 2256 eos
1006 2201 1101 2271 qui
1152 2201 1428 2272 baptismo
1471 2201 1783 2269 initiantur,
1836 2205 1973 2260 citra

384 2293 852 2349 intermissionem
900 2302 1128 2362 generat
1183 2293 1503 2361 Christum;
1551 2304 1744 2366 utpore
1774 2299 1829 2351 in
1868 2297 1975 2353 illis

384 2386 733 2442 formandum
762 2401 937 2455 usque
964 2385 1030 2440 ad
1054 2397 1492 2441 consummatam
1517 2386 1780 2454 spiritalis
1799 2389 1976 2445 aetatis

383 2480 803 2550 plenitudinem.
855 2477 1113 2533 Ecclesiae
1165 2488 1345 2532 autem
1386 2479 1640 2548 populus,
1674 2481 1718 2534 is
1752 2480 1974 2537 demum

387 2569 530 2624 ﬁlius
571 2568 852 2623 masculus
888 2577 1035 2622 recte
1068 2567 1393 2636 appellatur,
1441 2568 1535 2637 qui
1573 2569 1756 2622 carnis
1819 2569 1976 2623 volu-

386 2662 628 2733 ptatibus
655 2675 1030 2730 sensuumque
1061 2659 1330 2714 illecebris
1347 2674 1457 2714 non
1489 2658 1780 2730 frangitur,
1800 2675 1978 2728 neque

387 2753 664 2822 dejicitur,
699 2754 790 2807 sed
821 2751 1008 2806 animo
1034 2751 1269 2805 infracto
1299 2751 1351 2803 iu
1383 2749 1559 2804 ollicio
1585 2751 1847 2819 persistit.
1879 2749 1977 2804 Per

389 2861 554 2917 quem
607 2860 754 2898 nunc
802 2844 1020 2912 quidem
1072 2841 1327 2897 Christus
1389 2843 1532 2898 Deus
1570 2841 1973 2906 Romanorum,

389 2940 645 2994 manibus
681 2937 840 3008 quasi
873 2935 1075 2992 ferrum
1140 2936 1406 3001 robustis,
1445 2946 1631 3006 gentes
1676 2936 1852 3005 regit;
1887 2951 1977 2990 re-

391 3041 582 3087 cturus
604 3030 821 3085 casdem
861 3036 980 3098 post
1011 3043 1358 3082 communem
1382 3042 1602 3097 quoque
1634 3035 1975 3082 mortuorum

391 3120 875 3177 resurrectionem.
912 3117 1228 3172 Constituet
1270 3117 1421 3170 enim
1447 3116 1662 3185 judiees
1701 3115 1805 3170 [ide
1837 3117 1977 3170 vali-

2079 1947 2145 2002 με
2155 1947 2266 1986 νον.
2285 1931 2376 1984 Διὸ
2395 1930 2512 1994 καὶ,
2531 1930 2753 1994 Σαῦλε.
2773 1929 2997 1994 Σαῦλε,
3014 1929 3072 1981 τί
3088 1943 3166 1998 με
3185 1925 3418 1990 διώκεις
3436 1941 3454 1988 ;
3488 1925 3662 1992 ἔλεγε.

2146 2023 2258 2078 Kal
2281 2023 2489 2078 ἔτεκεν
2513 2021 2650 2078 υἱὸν
2673 2021 2897 2091 ἆρῤενα
2927 2036 2942 2052 ο
2976 2019 3044 2087 ὃς
3072 2017 3291 2089 μέλλει
3323 2017 3668 2087 ποιμαίνειν

2077 2115 2275 2171 πάντα
2304 2119 2377 2171 τὰ
2403 2115 2549 2184 ἔθνη
2575 2114 2782 2184 ῥάϐδῳ
2807 2111 3048 2182 σιδηρᾷ.

2147 2207 2257 2262 Kal
2278 2206 2485 2261 ἔτεκεν
2503 2204 2640 2261 υἱόν
2672 2205 2913 2275 ἇρῤενα.
2949 2233 3017 2245 -
3037 2202 3311 2274 Διηνεκῶς
3344 2202 3378 2272 ἡ
3439 2198 3668 2269 Ἐκκλη-

2080 2297 2173 2352 σία
2203 2298 2292 2352 διὰ
2323 2299 2434 2350 τῶν
2463 2295 2882 2368 βαπτιζομένων
2907 2294 2998 2348 τὸν
3026 2295 3262 2368 Χριστὸν
3288 2294 3474 2363 γεννᾷ,
3506 2291 3583 2354 ὡς
3608 2292 3666 2345 ὲν

2079 2389 2311 2452 ἐκείνοις
2344 2389 2728 2461 μορφούμενον
2775 2388 2906 2460 ἄχρι
2938 2388 3038 2459 τῆς
3087 2384 3542 2457 συμπληρώσεως
3567 2382 3668 2452 τῆς

2080 2481 2459 2551 πνευματικῆς
2482 2480 2723 2552 ἡλικίας,
2749 2482 2896 2535 κατὰ
2923 2480 3016 2534 τὸν
3053 2479 3401 2533 Ἀπόστολον.
3441 2477 3670 2545 Ἀρῤην

2077 2571 2135 2626 δὲ
2164 2573 2313 2639 υίὸς,
2355 2573 2383 2625 ὁ
2419 2573 2524 2643 τῆς
2569 2574 2910 2646 Ἐκκλησίας
2940 2573 3093 2640 λαὸς,
3143 2573 3239 2626 καὶ
3280 2575 3401 2633 ταῖς
3451 2569 3668 2640 ἡδοναῖς

2078 2663 2377 2736 ἀθήλυντος
2403 2682 2417 2696 ·
2448 2665 2517 2718 δι’
2549 2658 2612 2719 οὗ
2643 2664 2786 2738 [καὶ]
2812 2666 2914 2738 ἢδη
2949 2665 3049 2737 μὲν
3079 2666 3202 2729 ταῖς
3256 2662 3367 2715 τῶν
3424 2660 3668 2714 δυνατῶν

2091 2755 2382 2826 Ῥωμαίων
2416 2758 2577 2829 χερσὶ
2606 2761 2728 2822 ταῖς
2767 2760 3062 2830 κραταιαῖς
3105 2757 3182 2820 ὼς
3223 2757 3254 2811 ό
3311 2756 3552 2827 σίδηρος,
3601 2753 3670 2806 τὰ

2081 2847 2207 2919 ἔθνη
2231 2849 2492 2920 ἐποίμανε
2528 2851 2765 2921 Χριστὸς
2785 2853 2814 2905 ό
2845 2850 3000 2914 Θεός.
3025 2850 3294 2919 Ποιμανεῖ
3324 2847 3379 2900 δὲ
3411 2845 3507 2900 καὶ
3529 2843 3668 2916 μετὰ

2081 2941 2178 3011 τὴν
2227 2941 2291 2995 ὲκ
2323 2942 2537 3012 νεκρῶν
2589 2942 2909 3010 ἀνάστασιν,
2960 2941 3157 3012 κριτὰς
3212 2938 3490 2993 καθιστῶν
3540 2936 3668 2998 τοὺς

2084 3032 2340 3104 ἰσχυροὺς
2355 3037 2420 3105 τῇ
2450 3034 2634 3087 πίστει
2653 3033 2800 3088 κατὰ
2819 3035 2912 3088 τὸν
2935 3033 3176 3105 σίδηρον,
3205 3031 3314 3084 τῶν
3344 3028 3666 3100 εὐθρύπτων

2082 3124 2178 3178 καὶ
2207 3125 2452 3180 ἀσθενῶν
2480 3126 2691 3181 σκευῶν
2712 3127 2821 3181 τῶν
2849 3126 3042 3192 ἐθνῶν,
3069 3125 3106 3181 ἃ
3155 3125 3224 3178 δι’
3284 3123 3543 3178 ἀπιστίαν
3579 3119 3670 3174 τὸν

393 3214 514 3277 dos,
552 3213 644 3282 qui
687 3220 895 3282 gentes,
935 3223 1058 3279 qua:
1085 3217 1305 3278 propter
1337 3207 1710 3262 inﬁrmitatem
1752 3215 1806 3261 et
1853 3207 1976 3262 inli-

2087 3218 2352 3283 μυστικὸν
2385 3219 2529 3293 [καὶ]
2555 3219 2675 3274 νέον
2704 3215 2846 3274 οἶνον
2871 3219 2972 3274 οὐκ
3001 3219 3311 3291 ἐχώρησαν.

392 3305 670 3360 delitatem
707 3301 996 3373 mysticum
1029 3299 1160 3355 illud
1190 3309 1244 3354 et
1288 3313 1492 3354 novum
1521 3298 1710 3353 vinum
1745 3312 1853 3353 non
1880 3302 2127 3372 capiunt,
2159 3316 2219 3363 ut
2279 3308 2488 3364 ferrum
2549 3324 2682 3366 vasa
2752 3309 2938 3366 ﬁctilia
2968 3317 3025 3366 et
3090 3309 3307 3363 inlirma
3350 3305 3512 3371 solet,
3541 3317 3673 3360 con-

393 3406 587 3453 terent.

465 3494 531 3545 Et
575 3499 756 3559 ruptus
789 3499 862 3543 est
894 3487 1038 3557 ﬁlius
1068 3486 1183 3556 ejus
1223 3485 1291 3540 ad
1320 3485 1509 3550 Deum,
1543 3493 1593 3538 et
1629 3485 1697 3538 ad
1735 3486 1985 3540 thronum

399 3587 536 3656 ejus.

469 3677 777 3747 Rapiuntur
810 3674 902 3728 hic
941 3688 1162 3744 quoque
1195 3688 1260 3728 ex
1291 3673 1639 3743 gravioribus
1672 3673 1988 3729 lentationi-

397 3769 501 3824 bus
528 3769 806 3822 interdum
835 3765 1032 3830 sancti,
1074 3780 1140 3819 ne
1167 3762 1306 3818 forte
1341 3764 1728 3820 aﬂlictionibus
1765 3776 1820 3820 et
1849 3765 1988 3821 difﬁ-

397 3856 717 3918 cultatibus,
748 3871 870 3925 qua:
897 3855 1040 3909 vires
1071 3855 1290 3908 illorum
1323 3857 1616 3921 excedunt,
1649 3857 1988 3913 absorbean-

402 3960 510 4002 tur.
548 3947 850 4017 llapientur
887 3956 945 4002 et
989 3947 1118 4002 olim
1162 3948 1216 4002 in
1245 3962 1536 4004 occursum
1567 3948 1804 4017 Domini,
1833 3951 1990 4005 nubi~

399 4039 503 4094 bus
529 4039 688 4108 quasi
723 4039 990 4094 vehiculis
1034 4039 1362 4109 quibusdam
1399 4041 1452 4094 in
1486 4055 1669 4096 aerem
1709 4042 1989 4110 subvecti;

399 4147 522 4188 cum
557 4133 665 4186 Deo
692 4131 1048 4202 ejusdemque
1081 4134 1316 4197 thronis,
1360 4134 1464 4190 hoc
1490 4144 1594 4200 est,
1631 4137 1864 4192 summis
1895 4153 1995 4192 an-

400 4224 647 4294 gelorum
683 4224 999 4292 virtutibus,
1038 4224 1224 4280 felices
1255 4242 1472 4296 semper
1505 4229 1724 4283 victuri.

472 4315 589 4382 XII,
630 4317 684 4372 6.
723 4321 790 4371 At
819 4318 1010 4372 mulier
1049 4319 1186 4388 fugit
1222 4319 1276 4372 iu
1318 4320 1681 4388 solitudinem,
1716 4324 1803 4377 ubi
1829 4323 1990 4378 Imbe-

400 4407 488 4462 lmt
523 4407 695 4461 locum
727 4419 976 4478 paratum
1002 4426 1034 4463 a
1066 4410 1208 4475 Deo;
1238 4427 1288 4464 ut
1319 4412 1392 4466 ibi
1414 4423 1634 4481 pascant
1655 4431 1771 4468 eam
1804 4416 1988 4470 diebus

403 4499 549 4552 mille
585 4501 824 4555 ducentis
851 4504 1154 4571 sexaginta.

477 4677 710 4742 Quando
774 4679 1000 4749 (inquit)
1065 4678 1318 4735 diabolus
1367 4681 1460 4751 qui
1547 4683 1600 4738 iu
1657 4685 1998 4741 Antichristo

404 4766 598 4822 eﬂicax
633 4768 775 4832 erit,
818 4769 995 4824 aciem
1023 4786 1115 4841 per
1148 4771 1325 4840 ipsum
1354 4781 1545 4829 contra
1579 4775 1878 4831 Ecclesiam
1913 4777 1996 4831 di-

410 4860 636 4924 rexerit,
688 4869 820 4916 tunc
862 4861 1010 4916 illius
1038 4861 1223 4930 electi,
1261 4878 1588 4937 summaque
1632 4866 1876 4936 ejusdem
1907 4883 1999 4924 ca-

411 4952 546 5021 pita,
578 4952 828 5008 civilibus
851 4954 1178 5009 tumultibus
1202 4956 1604 5028 mundanisque
1624 4960 1996 5028 voluptatibus

408 5045 759 5113 contemptis,
801 5045 856 5098 in
892 5045 1170 5101 desertum
1200 5047 1268 5102 ab
1301 5049 1449 5104 omni
1491 5050 1698 5105 malitia
1731 5051 1995 5117 alienum,

408 5137 645 5206 vitaeque
694 5140 1143 5195 consuetudinem
1177 5143 1326 5196 omni
1363 5143 1625 5198 virtutum
1665 5159 1864 5215 genere
1911 5145 1998 5199 lu-

408 5239 646 5294 ceutem,
680 5247 799 5286 sese
831 5233 1117 5302 recipient,
1158 5233 1316 5302 juxta
1349 5236 1530 5306 magni
1562 5235 1821 5291 Methodii
1867 5253 1992 5293 sen—

411 5322 634 5376 tentiam
663 5341 676 5377 :
708 5323 1021 5393 ibidemque
1046 5325 1485 5396 itnpugnantium
1519 5329 1849 5393 daemonum,
1883 5345 2001 5384 ma-

414 5412 800 5487 lignorumque
855 5417 1141 5473 hominum
1196 5420 1432 5489 impetus
1510 5430 1679 5492 atque
1731 5423 1999 5490 insultus,

417 5506 845 5577 subter-fugient.
903 5509 1197 5566 Probabile
1246 5512 1305 5566 lit
1335 5529 1553 5585 queque
1585 5517 1843 5572 scusilem
1877 5533 2002 5574 cre-

424 5612 570 5651 mum
619 5615 712 5656 eos
743 5613 1212 5674 conservaturam,
1247 5608 1341 5677 qui
1385 5607 1436 5661 in
1481 5609 1760 5666 montibus
1789 5620 1841 5664 et
1877 5625 2002 5680 spe-

489 5775 540 5813 ³⁸
569 5782 688 5832 Act.
725 5798 801 5849 ιχ,
837 5785 889 5838 4.

2155 3488 2268 3542 Kal
2292 3488 2581 3558 ἡρπάσθη
2605 3488 2673 3544 τὸ
2703 3489 2923 3544 τέκνον
2957 3488 3152 3558 αὐτῆς
3182 3488 3334 3558 πρὸς
3362 3487 3472 3543 τὸν
3525 3492 3675 3545 Θεὸν

2087 3581 2184 3634 καὶ
2221 3579 2416 3653 [πρὸς]
2448 3581 2555 3635 τὸν
2581 3583 2800 3650 θρόνον
2825 3581 3036 3636 αὐτοῦ.

2159 3673 2267 3726 Kal
2293 3671 2580 3742 ἡρπάσθη
2617 3673 2681 3726 τὸ
2708 3673 2926 3727 τέκνον
2959 3673 3151 3742 αὐτῆς
3184 3671 3336 3743 πρὸς
3361 3673 3471 3728 τὸν
3501 3675 3672 3728 Θεόν.

2088 3793 2155 3804 -
2200 3761 2572 3833 Ἀρπάζονται
2604 3763 2705 3833 μὲν
2735 3762 2844 3835 γὰρ
2877 3762 3164 3819 κάνταῦθα
3192 3765 3250 3817 ὲν
3275 3765 3607 3835 πειρασμοῖς
3622 3767 3672 3818 οἱ

2096 3851 2264 3918 ἅγιοι,
2299 3851 2442 3905 ὥστε
2486 3853 2563 3923 μὴ
2592 3851 3047 3924 καταπονηθῆναι
3100 3855 3211 3916 τοῖς
3242 3852 3533 3924 δυσχερέσι
3564 3856 3676 3918 τοῖς

2096 3945 2239 4015 ὑπὲρ
2262 3944 2492 4016 δύναμιν
2510 3959 2526 3975 ·
2581 3945 2998 4016 ἁρπαγήσονται
3032 3945 3089 4000 δὲ
3120 3944 3236 4018 [καὶ
3263 3945 3408 4018 τότε]
3437 3947 3495 3998 ὲν
3523 3948 3680 4016 νεφέ-

2088 4038 2209 4102 λαις
2231 4038 2309 4102 είς
2364 4037 2692 4110 συνάντησιν
2723 4038 2816 4092 τοῦ
2847 4039 3054 4112 Κυρίου
3083 4042 3165 4104 είς
3217 4037 3356 4108 ἀέρα
3385 4055 3399 4071 ·
3451 4042 3550 4094 καὶ⁸
3583 4043 3680 4095 σὺν

2088 4130 2168 4203 τῷ
2182 4131 2304 4202 Θεῷ
2327 4133 2422 4184 καὶ
2448 4131 2528 4202 τῷ
2552 4131 2728 4203 θρόνῳ
2746 4131 2933 4200 αὐτοῦ,
2957 4131 3172 4205 [ἧγουν]
3200 4135 3322 4198 ταῖς
3346 4133 3682 4205 ὑπερτάταις

2093 4225 2416 4293 ἁγγελικαῖς
2444 4224 2713 4296 δυνάμεσι
2736 4224 3073 4282 συνέσονται.

2166 4317 2275 4372 Kal
2308 4317 2346 4384 ἡ
2375 4318 2530 4387 γυνὴ
2563 4318 2788 4388 ἔφυγεν
2815 4321 2903 4386 είς
2930 4318 3046 4388 τὴν
3069 4317 3296 4388 ἔρημον
3322 4335 3336 4348 ·
3370 4319 3524 4372 ὅπου
3554 4318 3682 4388 ἔχει

2097 4409 2273 4482 [ἐκεῖ]
2302 4412 2494 4465 τόπον
2538 4411 2993 4481 οήτοιμασμένον
3028 4413 3149 4468 ὑπὸ
3182 4409 3337 4484 [τοῦ]
3386 4411 3556 4477 Θεοῦ,
3585 4411 3685 4464 ἵνα

2095 4501 2226 4554 ἐκεῖ
2261 4500 2562 4571 τρέφωσιν
2615 4502 2812 4572 αὐτὴν
2837 4502 3062 4573 ἡμέρας
3109 4504 3314 4573 χιλίας
3369 4503 3686 4570 διακοσίας

2016 4584 2066 4644 ι)
2098 4593 2415 4659 ἐξήκοντα.

2175 4686 2284 4740 Kal
2313 4686 2351 4753 ἡ
2381 4686 2538 4756 γυνὴ
2561 4688 2784 4760 ἔφυγεν
2798 4689 2887 4754 εἷς
2916 4686 3032 4757 τὴν
3058 4689 3303 4758 ἔρημον.
3335 4718 3405 4729 -—
3435 4689 3560 4742 Ὅτε
3583 4706 3686 4759 φη-

2105 4778 2190 4832 σὶν
2211 4779 2241 4830 ό
2274 4779 2334 4831 ὲν
2357 4777 2435 4850 τῷ
2469 4778 2826 4852 Ἀντιχρίστῳ
2857 4779 3100 4854 ἐνεργῶν
3145 4778 3394 4843 διάϐολος
3426 4778 3494 4832 δι’
3523 4778 3688 4832 αὑτοῦ

2102 4867 2244 4922 κατὰ
2272 4869 2373 4939 τῆς
2420 4868 2753 4940 Ἐκκλησίας
2798 4869 3206 4942 παρατάξηται,
3238 4871 3287 4922 ol
3336 4871 3542 4941 ταύτης
3594 4871 3688 4923 ὲκ-

2099 4961 2288 5016 λεκτοὶ
2316 4963 2411 5016 καὶ
2440 4965 2894 5036 κορυφαιότατοι,
2946 4965 3057 5020 τῶν
3087 4964 3388 5019 πολιτικῶν
3441 4965 3691 5035 Θορύϐων

2102 5056 2202 5110 καὶ
2253 5055 2365 5110 τῶν
2397 5058 2684 5130 κοσμικῶν
2729 5059 2939 5130 ἡδονῶν
2992 5059 3429 5126 καταπτύοντες,
3461 5062 3539 5123 είς
3593 5060 3694 5128 τὴν

2103 5151 2312 5223 ἔρημον
2351 5153 2536 5225 πάσης
2563 5155 2786 5222 κακίας,
2815 5157 3106 5227 πάμφορον
3151 5156 3208 5210 δὲ
3255 5157 3436 5225 πάσης
3491 5155 3695 5228 ἀρετῆς

2111 5244 2393 5299 πολιτείαν
2450 5245 2760 5316 φεύξονται,
2819 5247 2962 5301 κατὰ
3025 5247 3116 5300 τὸν
3155 5248 3329 5318 μέγαν
3386 5246 3691 5301 Μεθόδιον·

2110 5337 2272 5388 κάκεῖ
2299 5336 2408 5390 τῶν
2451 5338 2846 5408 ,πολεμούντων
2891 5339 3167 5411 δαιμόνων
3194 5357 3254 5393 τε
3310 5340 3404 5393 καὶ
3439 5337 3691 5410 πονηρῶν

2110 5429 2415 5500 ἀνθρώπων
2448 5434 2548 5495 τὰς
2586 5433 2897 5502 προσϐολὰς
2943 5431 3352 5502 διαφεύξονται.
3419 5431 3582 5495 Εἰκὸς
3642 5430 3698 5483 δὲ

2111 5522 2206 5574 καὶ
2235 5521 2336 5592 τὴν
2358 5521 2626 5594 αἰσθητὴν
2658 5523 2864 5595 ἔρημον
2906 5523 3103 5590 σώζειν
3132 5525 3258 5589 τοὺς
3296 5527 3354 5579 ὲν
3398 5525 3553 5597 ὄρεσι
3606 5524 3702 5577 καὶ

2114 5613 2403 5685 σπηλαίοις
2433 5616 2530 5670 καὶ
2555 5619 2674 5680 ταῖς
2707 5618 2872 5681 ὀπαῖς
2901 5617 3000 5690 τῆς
3024 5618 3152 5696 γῆς,
3183 5614 3271 5672 διὰ
3314 5620 3414 5701 τὴν
3444 5616 3538 5683 τοῦ
3569 5617 3705 5671 ἀπο·-

2290 5871 2339 5902 Mi
