4070 6414
446 385 557 449 3:25

1422 370 2042 437 COMMENTARIUS
2080 371 2164 432 IN
2194 369 2436 464 .AI’OCA
2452 368 2739 430 LYPSIN.

3629 369 3738 434 326

446 500 649 553 στάτου
719 495 841 569 [καὶ
889 490 1308 565 ψευδοχρίστου]
1359 488 1656 559 ἐπιϐουλὴν
1706 484 2031 556 φεύγοντας,

2158 481 2321 536 ηιιηείε
2361 491 2415 535 ει
2442 481 2694 536 cavernis
2724 478 2904 544 terrm,
2937 487 3158 550 propter
3192 488 3456 550 apostatae
3487 488 3542 534 et
3570 482 3735 537 Anti-

446 592 594 645 καθὰ
624 590 720 644 καὶ
751 587 945 660 πρώην
977 585 1106 648 τοὺς
1135 584 1441 654 μάρτυρας.
1491 581 1616 633 Ἐπὶ
1666 579 1771 646 ἐτη
1802 577 1858 631 δὲ
1886 577 2040 645 τρία,

451 683 670 753 ἣμισυ,
692 681 762 734 τὰ
788 679 894 732 ὑπὸ
921 677 1034 731 τῶν
1055 675 1245 747 χιλίων
1273 672 1568 727 διακοσίων
1611 669 1876 741 ἑξήκοντα
1908 670 2044 740 ἡμε-

453 775 565 842 ρῶν
602 771 907 842 δηλούμενα
932 786 948 800 ·
980 771 1040 821 ἐν
1083 762 1164 831 οἷς
1197 767 1464 838 κρατήσει
1492 766 1524 835 ἡ
1575 762 1886 818 ἀποστασία
1909 778 1923 792 ·
1973 757 2044 833 ἦς

453 865 604 933 ἡμᾶς
637 865 663 916 ὁ
690 862 862 932 μέγας
887 857 1257 929 ἀγωνοθέτης,
1308 858 1337 910 ὁ
1380 856 1456 927 μὴ
1493 854 1801 927 συγχωρῶν
1841 869 2040 924 πειρα-

458 954 654 1024 σθῆναι
682 970 800 1006 τινα
826 951 970 1023 ὑπὲρ
997 950 1026 1004 ὃ
1047 949 1294 1014 δύναται,
1321 947 1711 1022 λυτρούμενος,
1731 947 2040 1018 δωρήσεται

453 1047 590 1115 ἡμῖν
615 1043 884 1115 καρτερὸν
907 1042 1170 1112 λογισμὸν
1198 1041 1293 1093 καὶ
1323 1044 1446 1102 ταῖς
1490 1039 1765 1101 ἐναντίαις
1799 1037 2042 1110 προσϐο-

453 1135 576 1198 λαῖς
600 1133 897 1204 ἀθήλυντον
923 1149 937 1163 ·
977 1135 1064 1187 ἵνα
1089 1133 1339 1203 νομίμως
1372 1130 1510 1203 πρὸς
1558 1131 1658 1194 τὰς
1711 1129 1890 1201 ἀρχὰς
1946 1125 2042 1181 τοῦ

459 1224 690 1286 σκότους
721 1225 817 1277 καί⁸
837 1223 936 1287 τὰς
969 1221 1219 1290 ἐξουσίας
1256 1221 1619 1291 ἀθλήσαντες,
1651 1218 1731 1290 τῷ
1793 1219 2045 1289 στεφάνῳ

457 1316 560 1386 τῆς
580 1315 931 1386 δικαιοσύνης
963 1315 1502 1386 κατακοσμηθῶμεν,
1539 1313 1636 1366 καὶ
1659 1313 1728 1366 τὰ
1758 1311 1859 1382 τῆς
1887 1313 2046 1382 νίκης

456 1408 693 1479 βραϐεῖα
721 1407 1009 1479 δεξώμεθα
1033 1424 1049 1438 '
1082 1409 1164 1462 ὅτι
1202 1406 1354 1478 αὑτῷ
1384 1407 1586 1478 πρέπει
1616 1405 1705 1459 διὰ
1750 1404 1858 1459 τῶν
1885 1403 2050 1458 ἀσθε-

454 1501 568 1556 νῶν
601 1500 964 1572 τροπουμένῳ
995 1500 1122 1563 τοὺς
1156 1499 1415 1570 ἰσχυροὺς
1443 1496 1726 1567 ὲναεριους
1753 1495 2046 1566 ἄρχοντας,

455 1595 491 1663 ἡ
517 1592 641 1662 νίκη
663 1591 758 1645 καὶ
785 1591 846 1645 τὸ
876 1590 1100 1662 κράτος,
1121 1591 1237 1661 ἆμα
1259 1589 1338 1661 τῷ
1367 1587 1544 1658 Πατρὶ
1571 1588 1666 1640 καὶ
1685 1586 1763 1657 τῷ
1794 1585 2047 1656 ζωοποιῷ

455 1684 761 1756 Πνεῦματι,
793 1683 912 1757 [νῦν
946 1685 1042 1738 καὶ
1063 1685 1174 1752 ἀεὶ,
1207 1681 1327 1756 καὶ]
1380 1683 1462 1747 είς
1508 1681 1639 1746 τοὺς
1672 1680 1877 1743 αίῶνας
1912 1678 2044 1753 [τῶν

457 1776 718 1849 animum]
735 1777 931 1848 Ἀμήν.

2143 575 2334 630 christi
2373 574 2601 628 insidias
2638 571 2996 642 confugient;
3028 573 3493 642 quemadmodum
3523 574 3735 643 primos

2143 683 2363 738 quoque
2398 677 2665 739 martyres
2700 666 2764 720 ad
2806 667 3078 737 ejusmodi
3129 667 3355 721 latibula
3391 682 3533 738 sirpe
3559 681 3620 722 se
3650 681 3736 721 re-

2142 761 2378 831 cepisse,
2430 770 2776 829 mortemque
2825 761 2891 815 ad
2939 768 3153 831 tempus
3198 761 3442 816 evasisse
3481 768 3734 826 constat;

2143 853 2308 924 idque
2335 854 2402 909 ad
2439 871 2606 908 annos
2638 862 2742 908 tres
2771 869 2889 908 cum
2933 853 3180 920 dimidio,
3220 869 3316 922 per
3354 854 3501 910 mille
3530 853 3740 908 ducen-

2156 958 2338 1002 torum
2369 947 2653 1016 sexaginta
2673 947 2887 1002 dierum
2909 962 3197 1001 numerum
3221 947 3570 1017 designatos;
3599 945 3741 999 inter

2151 1056 2292 1112 quos
2339 1040 2445 1111 52
2481 1056 2704 1110 regnum
2751 1040 3022 1096 obtinebit
3061 1041 3338 1111 apostasia
3369 1058 3381 1094 :
3427 1055 3455 1095 a
3481 1054 3589 1111 qua
3626 1055 3742 1094 ma-

2152 1151 2293 1206 gnus
2328 1136 2417 1190 ille
2448 1136 2790 1205 Agonotheta
2820 1151 2917 1190 nos
2955 1137 3169 1200 liberet,
3203 1136 3296 1206 qui
3325 1151 3430 1190 non
3467 1133 3741 1204 permittit

2154 1227 2324 1281 ullum
2361 1228 2588 1282 omnino
2631 1227 2828 1283 tentari
2861 1243 3030 1299 supra
3063 1228 3115 1283 id
3160 1229 3304 1299 quod
3335 1237 3533 1298 potest;
3567 1227 3742 1282 idem-

2153 1335 2262 1390 que
2294 1319 2643 1390 impertiatur
2689 1321 2853 1376 nobis
2904 1321 3152 1376 animum
3185 1321 3499 1378 robustum.
3542 1327 3596 1374 et
3644 1319 3742 1373 ad-

2147 1412 2530 1467 versariorum
2565 1412 2805 1467 insultus
2843 1412 3135 1468 infractum
3158 1429 3173 1479 ;
3197 1422 3255 1467 ut
3277 1411 3518 1483 legitime
3548 1419 3741 1465 contra

2148 1505 2428 1575 principes
2454 1514 2508 1560 et
2540 1513 2838 1575 potestates
2888 1505 3237 1560 tenebrarum
3264 1508 3629 1565 decertantes,
3655 1501 3744 1572 ju-

2146 1595 2308 1652 stitim
2333 1611 2534 1651 corona
2559 1611 2913 1662 exornemur,
2946 1594 3297 1665 victoriaeque
3331 1594 3577 1648 bravium
3607 1606 3743 1646 eon-

2146 1702 2466 1756 sequamur.
2509 1687 2649 1741 Eum
2704 1703 2963 1756 namque,
2999 1685 3092 1756 qui
3142 1701 3238 1755 per
3284 1685 3501 1740 inlirma
3550 1681 3744 1736 mundi

2147 1790 2403 1850 potentes
2431 1781 2576 1836 aeris
2603 1789 2905 1850 potestates
2949 1779 3003 1833 in
3039 1778 3375 1848 triumphum
3413 1789 3575 1843 agere
3603 1787 3740 1828 con-

456 1870 658 1936 suevit,
693 1870 848 1927 decet
877 1869 1109 1925 victoria
1160 1879 1216 1926 et
1261 1869 1577 1941 imperium,
1627 1887 1756 1927 cum
1808 1871 1966 1928 Patre
1995 1880 2050 1928 et
2080 1873 2296 1931 vivilico
2326 1875 2557 1947 Spiritu,
2602 1891 2750 1932 nunc
2800 1883 2855 1930 et
2903 1889 3140 1943 semper,
3195 1881 3249 1929 et
3279 1873 3335 1927 in
3407 1869 3606 1928 saecula
3647 1882 3749 1924 sae-

455 1966 735 2022 culorum.
767 1966 964 2022 Amen.

846 2099 1106 2184 usam.
1137 2098 1261 2156 Δι’.
1299 2100 1523 2155 ΑοΓοΣ
1552 2100 1656 2157 13'.

457 2234 599 2304 Περὶ
620 2235 729 2290 τοῦ
757 2235 1037 2316 ποῖλιξμου-
1050 2235 1188 2316 φῶτε
1213 2236 1487 2316 ἀγγέελωχ
1523 2237 1795 2316 καιρῶν
1824 2237 2042 2316 δαιμό-

534 2323 656 2360 νων
685 2323 700 2337 ·
755 2307 856 2360 καὶ
885 2305 1071 2379 [περὶ]
1112 2307 1225 2376 τῆς
1264 2305 1382 2362 τοῦ
1422 2306 1664 2364 Σατανᾶ
1729 2305 2049 2362 καταπτώ-

538 2392 713 2441 σεως.

533 2533 639 2588 Καὶ
665 2532 904 2603 ἐγένετο
930 2532 1194 2603 πόλεμος
1219 2534 1290 2588 ἐν
1316 2531 1396 2599 τῷ
1421 2532 1660 2601 οὐρανῷ
1681 2550 1694 2564 ·
1729 2538 1763 2589 ὁ
1789 2535 2046 2604 Μιχαὴλ

458 2625 563 2680 καὶ
592 2629 644 2680 οι
675 2625 917 2695 ἄγγελοι
949 2626 1136 2681 αὑτοῦ
1166 2625 1516 2695 πολεμῆσαι
1564 2627 1716 2696 μετὰ
1767 2629 1873 2682 τοῦ
1908 2629 2050 2698 δρά-

460 2737 701 2786 κοντος.
728 2721 837 2774 Καὶ
861 2718 1150 2788 ὀδράκων
1171 2719 1537 2788 ἐπολέμησε,
1577 2720 1678 2774 καὶ
1715 2723 1771 2776 οἱ
1802 2720 2051 2792 ἄγγελοι

456 2810 653 2866 αὐτοῦ
681 2827 695 2841 ο
717 2812 815 2865 καὶ
838 2813 948 2866 οὐκ
983 2811 1276 2880 ἴσχυσαν,
1319 2811 1464 2866 οὐδὲ
1491 2813 1679 2880 τόπος
1704 2813 1908 2868 αὐτῶν
1951 2817 2053 2869 εὑη-

454 2905 606 2974 ρέθη
641 2903 730 2957 ἔτι
759 2903 830 2957 ἐν
861 2900 941 2968 τῷ
968 2901 1224 2971 οὐρανῷ.

538 3019 648 3074 Καὶ
674 3018 845 3074 ταῦτα
873 3021 938 3090 τῇ
961 3036 1020 3072 τε
1039 3018 1234 3090 πρώτῃ
1253 3017 1347 3072 τοῦ
1375 3018 1626 3073 διαϐόλου
1646 3019 1703 3087 ἐξ
1732 3017 2054 3084 ἀλαζονείας

461 3113 560 3166 καὶ
588 3111 786 3182 φθόνου
819 3110 1096 3165 ὲκπτὼσει
1123 3111 1227 3180 τῆς
1265 3111 1569 3182 ἀγγελικῆς
1594 3111 1824 3179 τάξεως,
1885 3115 1952 3184 τῇ
1987 3128 2048 3165 τε

461 3205 557 3258 διὰ
604 3202 700 3256 τοῦ
745 3203 1082 3257 Δεσποτικοῦ
1141 3203 1376 3276 σταυροῦ
1411 3204 1733 3277 καθαιρέσει
1787 3204 2054 3277 ἁρμόζειν

462 3293 690 3349 δύναται
725 3311 740 3324 ·
777 3295 890 3361 ὅτε,
925 3293 1109 3358 καθώς
1148 3311 1316 3366 φησιν
1358 3298 1385 3349 ὁ
1416 3295 1644 3367 Κύριος,
1672 3297 1701 3349 ὁ
1733 3297 1920 3368 ἄρχων
1958 3294 2053 3348 τοῦ

465 3387 672 3456 κόσμου
707 3385 901 3441 τούτου
937 3385 1212 3458 κέκριται,
1239 3387 1336 3440 καὶ
1353 3387 1454 3457 τῆς
1469 3386 1707 3458 ἀρχαίας
1737 3387 2054 3459 τυραννίδος

464 3477 818 3546 ἑκϐέϐληται.
844 3473 919 3533 Ui)
949 3478 1048 3549 τὴν
1071 3477 1392 3543 ἀλαζονείαν
1419 3480 1547 3544 τοὺς
1579 3480 1757 3543 θείους
1788 3479 2054 3549 ἀγγέλους
2083 3458 2127 3516 (ἶ

464 3569 584 3640 ἅμα
607 3569 685 3640 τῷ
730 3568 963 3643 [αὐτῶν]
994 3572 1426 3642 ἀρχιστρατήγῳ
1476 3571 1699 3642 Μιχαὴλ
1737 3571 1813 3642 μὴ
1857 3573 2056 3642 φέρον-

463 3676 588 3724 τας,
619 3659 767 3722 εἰκὸς
798 3660 962 3714 αὑτὸν
983 3660 1082 3728 τῆς
1106 3659 1316 3722 οἰκείας
1342 3660 1730 3731 συνδιατριϐῆς
1750 3660 2058 3732 ἀπορρίψαι

464 3750 735 3822 πρότερον
764 3765 778 3780 ·
817 3749 1000 3814 καθώς
1029 3767 1196 3822 φησιν
1243 3749 1509 3822 Ίεζεκιὴλ
1552 3751 1658 3805 ὑπὸ
1709 3749 1820 3804 τῶν
1858 3767 2058 3822 χερου-

465 3844 602 3914 ϐεὶμ
644 3845 1012 3910 ἐκϐεϐλῆσθαι
1059 3844 1224 3899 αὑτὸν
1290 3847 1356 3900 ὲκ
1386 3847 1555 3917 μέσου
1598 3845 1846 3916 πυρίνων
1893 3845 2059 3899 λίθων

463 3937 578 3991 τῶν
606 3938 940 4006 ἀγγελικῶν,
961 3934 1140 4011 οἴμαι,
1173 3939 1407 4007 τάξεων,
1441 3939 1529 3993 διὰ
1558 3939 1618 3992 τὸ
1657 3938 1954 4009 εὑρεθῆναι
2001 3940 2060 3992 έν

466 4029 617 4102 αὑτῷ
641 4029 757 4104 [τὰ]
785 4031 1124 4104 ἀδικήματα.
1164 4032 1252 4087 Ἐν
1275 4033 1335 4087 δὲ
1362 4035 1428 4103 τῇ
1461 4031 1604 4104 [τοῦ]
1637 4031 1878 4103 Χριστοῦ
1912 4049 2058 4104 παρ-

466 4123 630 4193 ουσία
678 4125 806 4186 τοὺς
860 4123 1318 4196 διακονουμένους
1353 4123 1505 4195 αὐτῷ
1549 4123 1690 4196 μετὰ
1723 4125 1814 4178 τὸν
1869 4140 2062 4194 πειρα-

471 4213 612 4283 σμὸν
627 4213 702 4278 ὼς
723 4215 1073 4286 ἠτιμωμένον
1088 4215 1273 4270 δοῦλον
1288 4215 1448 4270 πάλιν
1468 4214 1846 4286 βδελύξασθαι.
1865 4214 2062 4268 Ίστέον

467 4306 530 4359 δὲ
579 4305 684 4374 ὅτι,
720 4306 905 4372 καθὼς
941 4310 1056 4372 τοῖς
1086 4308 1337 4380 Πατράσι
1364 4308 1635 4375 δέδοκται,
1681 4308 1821 4379 μετὰ
1837 4307 1937 4379 τὴν
1964 4305 2059 4361 τοῦ

468 4396 732 4467 αἰσθητοῦ
757 4397 968 4468 κόσμου
997 4399 1389 4473 δημιουργίαν,
1439 4399 1613 4464 οὕτως
1651 4400 1720 4453 δι’
1766 4401 2061 4471 ὑπερηφα-

469 4490 595 4554 νίας
616 4491 711 4544 καὶ
746 4491 944 4562 φθόνου
975 4493 1410 4564 καταϐέϐληται,
1463 4493 1562 4564 τὴν
1623 4493 1812 4564 ἀέριον
1843 4491 2063 4563 πρῶτον

470 4583 914 4653 πεπιστευμένος
944 4582 1141 4654 ἀρχὴν,
1177 4582 1362 4647 καθώς
1403 4599 1570 4655 φησιν
1623 4583 1653 4636 ό
1717 4581 2060 4645 ’Δπόστολος.

471 4673 587 4727 Καὶ
620 4673 885 4740 Παππιας
908 4675 967 4730 δὲ
1002 4674 1178 4741 οὕτως
1207 4678 1301 4732 ἐπὶ
1338 4675 1556 4742 λέξεως·
1597 4676 1823 4741 Ἔνιοις
1859 4675 1928 4729 δὲ
1959 4677 2065 4729 αὺ-

2477 2095 2704 2152 CAPUT
2735 2094 2981 2162 XXXIV,
3015 2095 3254 2150 SERMO
3286 2095 3400 2150 XII.

2159 2231 2235 2287 De
2266 2229 2576 2302 angelorum
2603 2238 2654 2284 et
2683 2233 2982 2284 damonum
3012 2230 3220 2298 praelia,
3245 2239 3294 2284 et
3327 2228 3546 2284 Satana’
3591 2245 3742 2284 casu.

2231 2534 2352 2600 ΧΗ,
2398 2532 2455 2600 7,
2513 2533 2564 2588 8.
2622 2532 2689 2586 Et
2741 2533 2940 2603 factum
2983 2541 3063 2587 est
3101 2532 3344 2603 praefium
3393 2549 3642 2600 magnum
3691 2534 3748 2588 in

2160 2628 2330 2692 caelo;
2374 2624 2604 2679 Michael
2627 2634 2675 2678 et
2709 2625 2882 2694 angeli
2914 2625 3030 2694 ejus
3053 2625 3435 2692 prwliabantur
3473 2640 3590 2677 cum
3619 2623 3748 2677 dra-

2160 2736 2319 2782 cone;
2354 2727 2404 2772 et
2440 2718 2603 2771 draco
2628 2717 2921 2788 pugnabat,
2957 2727 3003 2770 et
3047 2715 3220 2787 angeli
3253 2715 3408 2784 ejus;
3434 2726 3483 2769 et
3515 2733 3614 2768 non
3657 2732 3751 2769 va-

2159 2810 2396 2875 luerunt,
2430 2824 2591 2876 neque
2630 2808 2775 2862 locus
2822 2808 3059 2862 inventus
3088 2817 3163 2863 est
3207 2823 3388 2861 eorum
3425 2807 3652 2875 amplius
3695 2807 3751 2860 in

2161 2903 2311 2958 cwlo.

2235 3017 2429 3075 lstharc
2461 3017 2640 3088 primo
2673 3016 2874 3072 diaboli
2911 3015 3113 3086 lapsui,
3147 3030 3258 3085 quo
3293 3029 3360 3069 ex
3390 3013 3636 3085 angelico
3661 3028 3754 3069 or-

2161 3114 2290 3168 dine
2315 3120 2538 3182 propter
2567 3111 2879 3180 superbiam
2911 3121 2965 3165 et
2993 3109 3252 3164 invidiam
3278 3110 3624 3179 proscriptus
3643 3117 3748 3173 est,

2162 3203 2566 3262 accommodari
2592 3210 2826 3272 possunt
2850 3219 2863 3255 :
2895 3209 2950 3255 et
2980 3201 3236 3256 secundas
3261 3215 3482 3255 rursum
3508 3198 3754 3267 ejusdem

2164 3301 2368 3362 ruinae,
2403 3310 2513 3367 qua
2546 3309 2646 3365 per
2691 3293 3031 3349 Dominicam
3069 3307 3287 3348 crucem
3341 3291 3553 3347 fractus
3590 3300 3757 3360 atque

2163 3390 2405 3459 dejectus
2434 3396 2551 3451 est;
2601 3383 2826 3455 quando
2860 3383 3119 3437 nimirum
3165 3382 3358 3436 mundi
3395 3381 3558 3451 hujus
3598 3381 3754 3450 prin-

2161 3492 2311 3547 ceps,
2331 3476 2489 3546 juxta
2521 3472 2728 3529 Christi
2759 3469 2977 3525 Domini
3007 3467 3310 3534 oraculum,
3342 3468 3624 3538 judicatus
3647 3505 3663 3530 ,
3695 3473 3754 3522 et

2163 3585 2193 3624 a
2235 3564 2558 3640 tyrannide,
2594 3577 2760 3634 quam
2801 3569 2928 3616 ante
2963 3561 3296 3624 exercebat,
3347 3558 3611 3627 depulsus
3647 3566 3751 3612 est.

2165 3664 2458 3717 Enimvero
2483 3671 2610 3714 cum
2643 3655 2813 3711 divini
2847 3654 3024 3725 angeli
3049 3668 3174 3708 cum
3199 3653 3338 3708 duce
3361 3666 3462 3707 suo
3492 3650 3757 3706 Michaelis

2165 3754 2318 3806 illius
2351 3749 2668 3820 superbiam
2701 3755 2758 3802 et
2783 3745 3156 3815 arrogantiam
3191 3743 3339 3799 ferre
3362 3757 3474 3797 non
3506 3751 3754 3811 possent,

2164 3846 2340 3913 ipsum
2375 3857 2440 3898 ex
2484 3855 2586 3896 suo
2614 3839 2896 3896 consortio
2925 3846 2978 3892 et
3009 3835 3434 3901 consuetudine,
3465 3845 3526 3888 ut
3559 3833 3758 3903 proha-

2163 3937 2272 3992 hile
2304 3937 2385 4000 ﬁt,
2413 3935 2598 3988 statim
2625 3932 2970 4002 abjecerunt.
3003 3930 3184 3996 Atque
3210 3929 3317 3983 huc
3345 3935 3575 3996 spectat,
3608 3926 3756 3996 quod

2165 4023 2428 4093 propheta
2472 4019 2726 4075 Ezechiel
2776 4019 2932 4073 illum
2977 4034 3045 4073 ex
3083 4019 3420 4073 Cherubinis
3464 4017 3758 4086 mediaque

2166 4121 2459 4192 ignitoruni
2489 4116 2761 4185 lapidum,
2798 4115 2902 4169 hoc
2940 4119 3044 4176 est,
3075 4111 3452 4181 angelicorum
3477 4110 3756 4175 ordinum,

2166 4214 2401 4270 statione
2442 4208 2677 4279 ejectum
2733 4206 2971 4270 asserit;
3020 4217 3082 4258 ea
3125 4204 3386 4256 nimirum
3436 4202 3504 4256 de
3557 4214 3757 4265 causa,

2166 4306 2314 4378 quod
2349 4303 2665 4374 iniquitates
2700 4299 2754 4354 in
2786 4299 2881 4353 illo
2909 4303 3208 4365 compertm
3235 4300 3442 4348 essent.
3467 4291 3523 4346 lu
3550 4289 3758 4346 Christi

2165 4416 2328 4474 porro
2363 4399 2601 4454 adventu
2631 4391 2808 4463 angeli
2848 4390 2950 4455 illi,
2978 4389 3072 4460 qui
3108 4396 3234 4457 post
3271 4385 3586 4441 absolutum
3611 4381 3758 4452 jeju-

2167 4498 2343 4561 nium,
2383 4493 2825 4556 intentatamque
2863 4500 2893 4539 a
2930 4483 3133 4538 Satana
3168 4478 3528 4536 tentationem
3553 4517 3568 4541 ,
3606 4489 3762 4530 acce«

2166 4587 2361 4643 dentes
2390 4578 2781 4637 ministrabant
2815 4575 2864 4632 ei
2891 4617 2905 4641 ,
2937 4572 3219 4630 diabolum
3262 4570 3427 4626 veluti
3460 4569 3568 4623 vile
3605 4565 3759 4636 abie-

2167 4687 2430 4748 ctumque
2465 4671 2795 4742 mancipium
2840 4683 2948 4724 non
2997 4666 3210 4736 absque
3246 4661 3631 4718 exsecratione
3661 4659 3761 4714 de-

470 4762 618 4830 τῶν,
647 4765 886 4838 δηλαδὴ
910 4767 1033 4824 τῶν
1061 4769 1249 4825 πάλαι
1278 4771 1454 4826 θείων
1487 4769 1782 4840 ἀγγέλων,
1809 4769 1909 4824 καὶ
1955 4766 2054 4837 τῆς

2169 4784 2282 4825 nuo
2332 4765 2741 4838 propulsarunt.
2791 4763 3026 4816 Adverte
3074 4767 3260 4813 autem
3307 4754 3565 4809 Patribus
3617 4765 3762 4806 non-

472 4859 609 4927 περὶ
631 4835 747 4929 τὴν
938 4863 1404 4936 διακοσμήσεως
1431 4835 1658 4919 ἔδωκεν
1685 4835 1925 4934 cipiat?"
1967 4835 2054 4916 καὶ

2173 4835 2346 4918 nullis
2387 4835 2567 4916 visum
2609 4872 2732 4913 esse
2783 4863 2909 4925 post
2960 4849 3313 4924 aspectabilis
3359 4848 3550 4903 mundi
3599 4844 3765 4909 hujus

473 4951 679 5018 καλῶς
707 4953 920 5025 ἄρχειν
947 4959 1368 5028 παρηγγύησε.
1421 4959 1531 5012 Καὶ
1563 4957 1693 5028 ἑξῆς
1722 4975 1888 5028 φησιν
1915 4976 1928 4988 ·
1963 4961 2054 5024 Εἰς

2176 4954 2456 5026 opiﬁcium
2494 4950 2776 5006 diabolum
2808 4955 3030 5018 pr0ptcr
3064 4943 3383 5015 superbiam
3414 4949 3470 4996 et
3499 4937 3764 4994 invidiam

475 5044 664 5100 οὐδὲν
686 5046 799 5120 [δὲ]
842 5049 1074 5118 συνέϐη
1105 5048 1471 5118 τελευτῆσαι
1498 5049 1614 5118 τὴν
1645 5049 1818 5115 τάξιν
1840 5049 2054 5107 αὐτῶν.

2173 5064 2206 5103 ε
2235 5047 2376 5103 coelo
2404 5046 2676 5116 ejectum,
2705 5049 3036 5114 potestatem
3064 5037 3232 5110 quam
3273 5037 3326 5090 in
3361 5048 3580 5089 aeream
3620 5031 3767 5084 hanc

415 5147 426 5165 '
480 5147 758 5217 regionem
842 5157 970 5203 ante
1019 5148 1232 5219 lapsum
1284 5156 1610 5219 acceperat,
1648 5159 1774 5218 post
1825 5147 2044 5217 lapsum
2097 5147 2151 5201 in
2194 5155 2405 5218 partem
2465 5143 2646 5199 adhuc
2701 5138 3019 5196 retinuisse.
3079 5134 3226 5189 Sane
3261 5129 3561 5202 Apostolus
3619 5121 3766 5180 haud

477 5248 713 5304 obscure
744 5248 990 5304 insinuat
1033 5248 1196 5312 illud,
1227 5248 1357 5302 dum
1399 5246 1597 5302 luctam
1645 5245 1806 5301 nobis
1843 5261 1949 5301 non
2015 5246 2278 5301 adversus
2345 5256 2568 5298 carnem
2615 5249 2669 5295 et
2733 5235 3083 5307 sanguinem,
3131 5230 3226 5286 sed
3277 5229 3542 5285 adversus
3576 5237 3769 5279 aereas

481 5355 784 5416 potestates
820 5359 966 5410 esse,
1011 5344 1205 5399 scribit
1241 5361 1255 5398 :
1301 5343 1601 5399 Conﬁrmat
1645 5351 1828 5398 autem
1879 5341 2077 5413 Papias
2111 5343 2172 5397 Β.
2202 5339 2433 5396 Joannis
2463 5336 2767 5408 discipulus
2834 5334 3040 5388 diserte
3103 5327 3253 5382 hisce
3276 5323 3498 5380 verbis:
3536 5321 3670 5373 Aliis
3703 5334 3770 5373 ea:

483 5437 648 5506 ipsis,
681 5451 861 5504 nempe
892 5436 1115 5506 angelis,
1154 5435 1439 5506 quamdam
1472 5436 1614 5489 circa
1641 5443 1798 5488 terrm
1856 5433 2370 5488 administrationem
2402 5439 2713 5498 potestatem
2772 5435 2821 5481 et
2886 5423 3316 5496 procurationem
3376 5417 3600 5478 tribuit;
3638 5417 3770 5468 rite-

481 5545 582 5601 que
612 5546 801 5584 munus
836 5528 1136 5599 iniunctum
1169 5528 1550 5582 administrare
1570 5530 1761 5598 jussit.
1790 5527 1856 5582 Et
1890 5527 2083 5598 paucis
2161 5524 2526 5595 interpositis,
2561 5520 2846 5592 subiungit
2875 5534 2888 5572 :
2959 5515 3165 5570 Accidit
3206 5520 3402 5576 autem,
3436 5517 3492 5560 ut
3532 5506 3773 5560 ordinem

481 5626 582 5684 sibi
610 5628 936 5698 pra-ﬁnitum
972 5627 1295 5682 absolverent
1330 5643 1434 5682 non
1466 5636 1525 5681 ut
1557 5625 1794 5681 decebat.

556 5749 668 5806 Kal
697 5747 926 5818 ἐϐλήθη
958 5749 991 5801 ὀ
1021 5745 1266 5815 δράκων
1299 5747 1331 5799 ὀ
1371 5744 1586 5814 μέγας,
1614 5740 1696 5814 {6]
1736 5741 1878 5810 ὄψις
1913 5743 1946 5794 ὁ
1975 5739 2078 5808 ἀρ-

484 5843 654 5916 χαῖος
681 5847 712 5898 ό
744 5842 1124 5912 καλούμενος
1152 5837 1437 5907 διάϐολος
1469 5839 1567 5892 καὶ
1602 5836 1686 5911 [ὀ]
1720 5833 2010 5902 Σατανᾶς,
2040 5835 2074 5888 o'

2256 5731 2380 5798 ΧΠ,
2422 5730 2478 5786 9.
2525 5727 2591 5781 Et
2621 5725 2890 5796 projectus
2940 5731 3018 5776 est
3055 5719 3218 5773 draco
3263 5716 3354 5772 ille
3399 5733 3620 5788 magnus
3665 5733 3774 5770 srr-

2187 5845 2309 5900 pcus
2333 5824 2605 5895 antiquus,
2645 5820 2734 5891 qui
2777 5824 2995 5872 vocatur
3021 5812 3267 5867 diabolus
3291 5822 3339 5866 et
3385 5810 3651 5876 Satanas;
3683 5807 3776 5869 qui
