4070 6430
466 350 572 411 3'27

1629 333 1956 395 ΑΝΟΠΕίΕ
1991 330 2511 392 CESARIENSIS

3649 332 3760 397 328

465 469 664 524 seducit
692 467 986 519 mtiversum
1007 462 1182 514 orbem
1206 474 1224 513 :
1251 468 1297 514 et
1325 458 1589 526 proiectus
1618 464 1694 508 est
1715 457 1766 506 in
1807 464 2004 507 (errant
2031 468 2048 514 ;

2177 451 2408 506 πλανῶν
2423 451 2536 519 τὴν
2551 449 2911 518 οἰκουμένην
2924 448 3098 516 ὅλην,
3116 449 3339 516 ἐϐλήθη
3359 452 3454 516 εὶς
3473 450 3598 517 τὴν
3615 450 3758 519 τῆν’

468 573 518 616 et
560 559 735 628 angeli
769 557 885 625 ejus
918 569 1036 607 cum
1071 552 1162 604 illo
1195 551 1342 602 missi
1375 558 1518 602 sunt.

539 651 735 707 Merito
767 651 888 702 hoc.
919 645 1109 711 Neque
1140 641 1285 694 enim
1313 640 1485 694 ullum
1518 648 1794 692 terrenum
1823 650 2047 689 sensum

471 747 614 800 itare
640 749 814 812 potest
845 737 1040 791 coelum
1072 749 1251 802 neque
1282 733 1392 786 ulla
1424 730 1618 784 lumini
1655 744 1778 782 cum
1814 727 2051 781 tenebris

470 844 551 888 est
583 828 1026 885 communicatio.
1057 825 1228 879 Porro
1277 831 1457 876 autem
1511 822 1653 890 quod
1703 833 1898 874 nomen
1949 819 2053 871 hoc

473 925 706 981 Satanas
749 919 1038 972 articulum
1080 916 1183 969 hoc
1218 914 1339 968 loco
1365 912 1714 980 fadjunctum
1767 910 1963 973 habet;
1998 908 2050 962 id

475 1031 582 1068 non
619 1012 796 1080 arguit
825 1011 988 1064 alium
1022 1022 1145 1062 esse
1190 1007 1470 1068 Satanam,
1515 1005 1683 1057 alium
1737 1001 2049 1067 diabolum;

475 1105 706 1174 (etiamsi
734 1103 1093 1170 hyperbatum
1123 1099 1175 1150 in
1212 1106 1466 1152 contextu
1489 1097 1671 1158 lateat)
1696 1092 1936 1147 ostendit
1961 1100 2056 1146 aut

475 1196 758 1264 antiquum
791 1194 942 1245 illum
965 1199 1270 1259 serpentem
1292 1189 1401 1243 duo
1427 1189 1643 1242 nomina
1678 1185 1863 1240 sortiri
1888 1202 1900 1239 :
1928 1185 2058 1237 alte-

476 1301 594 1340 rum
626 1285 731 1353 53
767 1284 973 1335 Diaboli
993 1299 1010 1346 ,'
1034 1283 1179 1351 quod
1206 1281 1432 1334 virtutes
1458 1280 1831 1346 virtutumque
1849 1277 2057 1331 studio-

477 1392 570 1432 sos
591 1416 607 1442 ,
641 1384 694 1429 et.
718 1376 896 1443 ipsum
921 1375 1085 1428 etiam
1121 1376 1286 1428 Deum
1314 1372 1454 1440 apud
1486 1370 1736 1424 homines
1758 1366 2060 1422 ealntnnic-

480 1479 608 1531 tur;
655 1466 924 1535 siquidem
957 1465 1098 1532 apud
1144 1464 1411 1515 Adamum
1458 1461 1675 1514 invidiae
1715 1460 1869 1512 illum
1921 1457 2059 1510 insi-

480 1557 688 1612 mulare
728 1572 834 1610 non
874 1555 1164 1608 dubitavit.
1195 1555 1440 1606 Alterum
1477 1567 1624 1615 vero,
1661 1550 1898 1613 Satana',
1937 1559 2061 1602 tan-

480 1663 641 1716 quam
692 1647 935 1714 perlinat
991 1644 1194 1698 Christi
1248 1641 1459 1696 Domini
1513 1651 1566 1694 et
1613 1655 1897 1694 servorum
1945 1640 2065 1708 ejus

2162 543 2262 598 καὶ
2318 547 2371 596 οἱ
2411 543 2650 612 ἄγγελοι
2681 541 2869 595 αὐτοῦ
2896 539 3042 612 [μετ’
3076 543 3260 595 αὐτοῦ
3302 541 3725 615 ἐϐλήθησαν]

2231 632 2342 686 Kal
2366 632 2590 698 ἐϐλήθη
2619 635 2650 685 ὀ
2679 630 2917 698 δράκων
2943 633 2974 682 ό
3008 630 3201 698 μέγας
3241 633 3328 696 εὶς
3354 632 3478 697 τὴν
3515 630 3660 700 γῆν,
3691 664 3764 673 _.

2159 723 2396 785 Εἰκὸτως
2428 739 2439 751 ’
2473 722 2534 774 οὑ
2564 721 2671 790 γὰρ
2697 722 2724 772 ὁ
2749 719 2976 789 οὐρανὸς
3011 719 3173 789 ἔφερε
3203 721 3390 789 γήϊνον
3452 722 3760 791 φρόνημαο

2158 817 2240 869 ὃτι
2265 816 2342 885 τῷ
2373 813 2514 883 φωτὶ
2537 813 2595 865 τὸ
2635 812 2827 873 σκότος
2862 811 3250 879 ἀκοινώνητον.
3287 813 3348 863 Εἰ
3375 813 3436 864 δὲ
3489 813 3640 877 μετὰ
3665 813 3764 865 τοῦ

2160 907 2363 977 ἄρθρου
2399 908 2596 968 κεῖται,
2637 907 2668 957 ὁ
2702 901 2995 973 Σατανᾶς,
3040 903 3138 972 οὐχ
3169 903 3244 964 ὡς
3275 903 3433 966 ἄλλος
3471 902 3553 955 ὢν
3606 905 3765 973 παρὰ

2161 1001 2252 1052 τὸν
2281 999 2550 1060 διάϐολον,
2588 999 2636 1049 εί
2664 997 2756 1048 καὶ
2803 999 2982 1048 κεῖται
3019 994 3139 1048 καθ’
3183 985 3537 1064 ὑπερϐατόνο
3575 989 3694 1048 οἷον
3737 998 3766 1048 ὁ

2163 1092 2411 1150 διάϐολος
2447 1093 2474 1142 ὁ
2511 1089 2605 1143 καὶ
2635 1090 2880 1150 Σατανᾶς
2907 1104 2920 1117 ο
2975 1087 3090 1140 ἀλλ’
3128 1087 3200 1150 ὡς
3231 1088 3297 1140 τὰ
3351 1087 3448 1139 δύο
3479 1086 3765 1156 καλούμε-

2163 1202 2251 1247 νος
2275 1202 2288 1215 ·
2333 1184 2392 1236 τὸ
2424 1184 2544 1253 μὲν,
2581 1182 2669 1234 διὰ
2697 1181 2757 1233 τὸ
2783 1179 3093 1232 διαϐάλλειν
3123 1180 3222 1241 τὰς
3257 1180 3465 1250 ἀρετὰς
3502 1180 3604 1232 καὶ
3634 1179 3767 1242 τοὺς

2166 1276 2370 1329 τούτων
2409 1275 2646 1344 ἐραστάς
2671 1291 2684 1302 '
2731 1273 2825 1324 καὶ
2861 1272 3027 1324 αὐτὸν
3063 1272 3155 1325 τὸν
3196 1272 3329 1324 Θεὸν
3368 1274 3487 1335 τοῖς
3549 1271 3766 1342 ἀνθρώ-

2167 1385 2310 1429 ποις,
2341 1367 2415 1428 ὡς
2440 1366 2515 1434 τῷ
2575 1365 2748 1435 Ἀδὰμ
2777 1365 2938 1417 αὐτὸν
2973 1364 3244 1433 βάσκανον
3295 1363 3599 1433 ὑπέγραψε
3628 1379 3645 1395 ο
3702 1364 3765 1416 to

2167 1461 2246 1524 δὲ,
2278 1460 2353 1523 ὡς
2382 1459 2759 1529 ἀντικείμενος
2795 1459 2889 1511 καὶ
2920 1459 2998 1528 τῷ
3035 1461 3284 1532 Δεσπότῃ
3325 1462 3422 1514 καὶ
3465 1462 3588 1522 τοῖς
3641 1457 3766 1512 δού-

2173 1553 2287 1615 λοις
2320 1549 2558 1622 [αὑτοῦ].
2591 1550 2786 1605 Ἰστέον
2814 1550 2872 1602 δὲ
2920 1552 3002 1604 ὅτι
3039 1551 3139 1621 οὐχ
3172 1550 3315 1604 οὕτω
3355 1550 3570 1619 τοπικὴ
3626 1550 3768 1620 μετὰ

2172 1644 2262 1697 τὸν
2301 1643 2535 1713 σταυρὸν
2561 1644 2593 1714 ἡ
2624 1642 2720 1696 τοῦ
2749 1642 2997 1696 διαϐόλου
3023 1645 3216 1712 γέγονε
3247 1643 3639 1705 κατάπτωσις,
3691 1643 3768 1705 ὡς

483 1738 852 1792 adversarius.
902 1734 1318 1790 Observandum
1355 1743 1441 1788 est
1487 1743 1693 1795 autem,
1733 1733 1936 1785 diaboli
1971 1747 2061 1785 ca-

2177 1739 2236 1806 τῇ
2271 1735 2380 1789 τῶν
2414 1736 2782 1806 προπατόρων
2809 1735 3197 1808 ἀνενεργησίᾳ,
3232 1734 3419 1796 καθὼς
3445 1733 3549 1786 καὶ
3595 1733 3768 1795 αὐτὸς

484 1845 604 1882 sum
653 1836 776 1895 post
817 1827 1017 1880 Christi
1069 1841 1287 1880 crucem
1337 1839 1445 1878 non
1491 1824 1659 1878 fuisse
1707 1823 1971 1885 locaiem,
2009 1833 2068 1876 ut

484 1921 590 1974 fuit
628 1920 859 1988 primus.
920 1918 1130 1971 Dicitur
1159 1926 1337 1970 tamen
1379 1925 1502 1984 post
1529 1915 1806 1968 Chiistum
1845 1928 2066 1980 passum

483 2009 781 2073 cecidisse;
832 2009 958 2077 quia
1008 2008 1252 2077 pristime
1303 2007 1447 2060 illius
1501 2006 1682 2068 vires,
1737 2015 1860 2073 post
1915 2005 2065 2058 illum

485 2111 697 2169 tempus
723 2107 850 2154 sunt
881 2100 1162 2153 diminutm
1183 2139 1197 2162 ,
1231 2107 1284 2153 et
1315 2098 1472 2166 quasi
1503 2097 1688 2151 fracta:
1718 2113 1730 2146 :
1766 2105 1823 2147 Ill.
1860 2097 1973 2163 ipse
2005 2096 2065 2148 Β.

483 2194 720 2244 Antonio
751 2193 1001 2246 conliteri
1035 2209 1142 2246 non
1169 2193 1410 2257 erubuit,
1440 2192 1570 2245 illud
1603 2193 1881 2262 prepheta:
1919 2193 1971 2245 in
2007 2207 2067 2246 se

484 2284 762 2350 impletum
815 2285 1108 2338 ostendens
1152 2299 1164 2334 :
1201 2282 1415 2336 Inimici
1456 2282 1621 2352 gladii
1656 2281 1957 2349 defecerunt
2016 2282 2070 2333 in

485 2375 588 2445 [ine
611 2376 672 2427 3‘.
709 2378 872 2444 Igitur
896 2378 1050 2428 ruina
1077 2377 1224 2429 illius
1259 2376 1405 2428 aliud
1437 2375 1575 2428 nihil
1607 2383 1710 2435 est,
1753 2388 1916 2442 quam
1950 2387 2070 2426 ma-

485 2468 754 2535 lignorum
822 2480 1116 2519 conatuum
1172 2467 1317 2520 illius
1361 2465 1686 2529 inﬁrmatio,
1716 2476 2070 2534 posteaquam

485 2558 654 2613 semel
678 2575 707 2611 e
756 2559 896 2612 coelo
933 2558 1291 2625 dominioque
1331 2560 1476 2626 quod
1509 2557 1812 2619 obtinebat,
1848 2555 2066 2610 decidit.

486 2648 719 2700 Adi-crte
755 2663 995 2710 rursum,
1027 2648 1168 2714 apud
1197 2647 1257 2699 Β.
1291 2645 1570 2700 Justinum
1601 2647 1986 2716 philosophum
2021 2655 2074 2700 et

488 2751 781 2809 martyrem
829 2742 955 2811 legi,
1015 2741 1292 2795 diabohnu
1342 2751 1466 2811 post
1501 2741 1704 2795 Christi
1755 2744 2071 2805 adventum,

478 2830 763 2900 latamque
788 2833 1050 2886 adversus
1087 2832 1241 2886 illum
1269 2834 1530 2903 gehennze
1556 2832 1695 2900 ignis
1720 2833 2072 2896 sententiam,

489 2923 729 2978 maxime
761 2925 1137 2992 blasphemum
1172 2927 1447 2989 evasisse;
1481 2924 1768 2993 primoque
1801 2922 1958 2975 initio
2009 2937 2071 2976 ea

489 3015 826 3084 impudentia
858 3015 1026 3070 Deum
1056 3030 1166 3069 non
1199 3016 1608 3084 hlaspbemasse
1646 3027 1754 3083 qua
1778 3014 1963 3068 modo.
1998 3013 2073 3068 Ea

480 3115 716 3176 propter
754 3115 902 3160 recte
939 3106 1006 3158 de
1043 3107 1163 3175 ipso
1197 3107 1476 3176 proditum
1507 3114 1731 3159 exstare
1773 3123 1786 3158 :
1826 3104 1929 3160 Cor
1960 3104 2073 3173 ejus

477 3198 827 3250 indurabitur
854 3208 905 3249 ut
934 3197 1070 3266 lapis
1097 3199 1167 3264 '3;
1212 3213 1409 3267 nempe
1467 3206 1692 3267 propter
1721 3197 2075 3251 durissimam

491 3288 638 3341 illam
676 3288 946 3356 planeque
997 3303 1216 3342 saxeam
1257 3289 1310 3340 in
1363 3290 1568 3341 malitia
1627 3287 2074 3342 obstinationem.

475 3376 647 3444 Quod
697 3378 742 3432 si
788 3380 900 3433 sola
957 3380 1353 3449 suppliciorum
1402 3381 1744 3449 exspectatio
1794 3380 2075 3433 diabolum

491 3470 898 3524 sceleratiorem
941 3471 1140 3534 reddit,
1171 3472 1463 3540 quomodo
1497 3472 1580 3525 vel
1633 3472 1772 3540 ipse,
1812 3471 1893 3524 vel
1930 3471 2077 3522 illius

2169 1827 2248 1897 τῷ
2280 1825 2552 1898 [μεγάλῳ]
2595 1827 2867 1896 ’Λντωνίῳ
2904 1827 3185 1897 ὁμολογῶν
3239 1826 3301 1879 τὸ
3340 1825 3632 1895 ψαλμικὸν
3677 1825 3768 1876 ἐπ’

2173 1919 2334 1970 αὑτὸν
2380 1917 2776 1988 πεπληρῶσθαι
2808 1919 2988 1984 λόγιον
3017 1933 3032 1947 ο
3076 1918 3186 1971 Τοῦ
3219 1916 3443 1986 ἐχθροῦ
3474 1916 3771 1980 ἐξέλιπον

2171 2013 2229 2064 al
2255 2010 2542 2079 ρομςραῗαι
2570 2012 2656 2075 είς
2685 2011 2883 2076 τέλος.
2913 2010 3229 2072 "Exn-unm;
3259 2005 3350 2062 οὖν
3391 2008 3591 2072 αὐτοῦ,
3625 2005 3766 2079 [καὶ]

2170 2103 2203 2170 ἡ
2227 2103 2333 2153 τῶν
2366 2101 2619 2170 πονηρῶν
2651 2100 2817 2154 αὐτοῦ
2854 2101 3278 2170 ἐγχειρημάτων
3297 2101 3592 2170 ἀθέτησις,
3627 2099 3769 2168 μετά

2172 2192 2263 2245 τοῦ
2309 2192 2419 2244 τῶν
2448 2191 2693 2266 οὐρανῶν
2748 2192 2842 2246 καὶ
2897 2192 2998 2261 τῆς
3031 2192 3240 2254 οἰκείας
3271 2192 3459 2262 ἀρχῆς
3512 2187 3769 2261 [τελέωςῇ

2174 2286 2611 2354 ἀποϐεϐλῆσθαι,
2653 2287 2727 2347 ὡς
2754 2286 2994 2354 εἴρηται.
3024 2284 3288 2337 Λέλεκται
3307 2284 3363 2336 δὲ
3386 2281 3471 2352 τῷ
3506 2281 3772 2351 μακαρίῳ

2175 2379 2451 2449 Ἰουστίνῳ
2495 2377 2572 2448 τῷ
2617 2376 2918 2449 [φιλοσόφῳ
2951 2375 3069 2447 καὶ]
3147 2377 3408 2446 μάρτυρι,
3476 2373 3622 2443 μετὰ
3668 2373 3770 2442 τὴν

2176 2469 2316 2542 [τοῦ]
2357 2467 2596 2538 Χριστοῦ
2658 2467 2960 2537 παρουσίαν
3012 2467 3107 2518 καὶ
3149 2465 3249 2536 τὴν
3283 2467 3401 2518 κατ’
3467 2464 3641 2517 αὐτοῦ
3705 2464 3768 2515 ὲν

2175 2561 2368 2632 γεέννῃ
2402 2557 2700 2629 ἀπόφασιν,
2735 2558 3053 2629 βλάσφημον
3081 2557 3318 2628 μάλιστα
3349 2555 3651 2624 γεγονέναι
3679 2553 3770 2606 τὸν

2175 2652 2420 2705 διάϐολον
2450 2667 2463 2680 ·
2501 2651 2706 2720 καίπερ
2741 2650 2817 2720 μὴ
2867 2649 3136 2720 πρότερον
3163 2647 3336 2710 οὕτως
3374 2646 3622 2710 ἀναιδῶς
3673 2643 3766 2697 τὸν

2176 2745 2308 2797 Θεὸν
2345 2744 2820 2814 βλασφημήσαντα
2843 2758 2855 2770 ο
2881 2742 2961 2794 διὸ
2991 2740 3120 2810 περὶ
3147 2739 3308 2793 αὐτοῦ
3340 2738 3662 2800 εὐθυϐόλως
3695 2739 3773 2789 εἴ·

2180 2853 2340 2905 ρηται
2371 2851 2386 2867 ο
2460 2835 2530 2888 ’Π
2563 2833 2778 2902 καρδία
2803 2833 2992 2886 αὑτοῦ
3022 2829 3527 2899 πέπηγενῶσπερ
3554 2830 3726 2901 λίθος
3750 2845 3766 2860 ο

2181 2925 2266 2977 διὰ
2293 2926 2353 2977 τὸ
2400 2928 2499 2995 τῆς
2535 2923 2799 2994 πονηρίας
2847 2922 3152 2976 ἁνένδοτον.
3199 2923 3258 2974 Ei
3293 2922 3348 2974 δὲ
3383 2923 3416 2991 ή
3467 2919 3770 2992 προσδοκία

2175 3015 2274 3085 τῆς
2312 3016 2590 3078 κολάσεως
2625 3013 2992 3084 πονηρότερον
3014 3011 3177 3064 αὑτὸν
3205 3009 3619 3081 ἀπειργάσατο,
3651 3008 3770 3070 πῶς

2179 3107 2244 3161 ἂν
2291 3105 2655 3176 κολαζόμενος
2705 3105 2738 3174 ἢ
2783 3105 2948 3167 αὐτὸς
3004 3103 3038 3174 ἢ
3093 3103 3144 3155 οἱ
3197 3102 3424 3171 ἐργάται
3491 3098 3664 3155 αὑτοῦ
3711 3100 3772 3150 ὲν

2175 3197 2390 3267 γεέννῃ,
2421 3197 2510 3250 διὰ
2547 3196 2657 3264 τῆς
2688 3193 2990 3264 πυρώσεως
3023 3192 3130 3246 τῶν
3159 3192 3345 3264 ρὓων
3365 3193 3472 3261 τῆς
3492 3188 3771 3262 ἁμαρτίας

2175 3289 2643 3359 ὲκπλυνθήσονται
2669 3303 2683 3351 ;
2710 3287 2902 3339 τούτου
2927 3286 2981 3338 δὲ
3015 3286 3090 3355 μὴ
3121 3285 3400 3351 τυχόντες,
3443 3283 3568 3346 πῶς
3598 3283 3772 3352 πέρας

2174 3377 2359 3441 ἕξουσι
2389 3379 2488 3448 τῆς
2527 3380 2825 3444 κολάσεως,
2857 3377 3001 3431 κατά
3026 3377 3154 3438 τοὺς
3208 3375 3627 3446 ματαιόφρονας
3657 3371 3766 3446 [αἱ-

2179 3471 2430 3538 ρετικούς
2453 3471 2490 3542 ;]

478 3563 731 3616 ministri
771 3563 1028 3631 gehennae
1069 3563 1210 3632 ignis
1251 3564 1450 3617 ardore
1505 3563 1850 3627 inﬂammati,
1887 3563 2111 3631 diroque
2165 3564 2379 3630 puniti,
2447 3573 2795 3632 peccatorum
2831 3561 3020 3617 sordes
3056 3562 3288 3616 cluent?
3332 3559 3490 3615 Hanc
3523 3565 3706 3614 autem
3741 3569 3769 3607 a

494 3654 732 3722 peccatis
785 3668 882 3721 per
941 3655 1116 3723 ignem
1163 3655 1530 3722 expiationem
1589 3671 1697 3708 non
1751 3657 2071 3720 consecuti;
2113 3657 2415 3725 quomodo,
2443 3655 2744 3710 secundum
2798 3656 3020 3710 stultam
3069 3653 3441 3724 quorumdam
3481 3652 3742 3706 lueretico

481 3761 620 3800 Tum
659 3748 1319 3810 sententiam,cruciatus
1352 3749 1568 3802 illorum
1610 3749 1771 3803 tinem
1804 3751 1931 3804 olim
1963 3753 2308 3806 sortientur!

570 3835 687 3899 XII,
730 3837 816 3889 10.
852 3836 918 3890 Et
948 3839 1124 3892 audivi
1157 3856 1326 3893 vocem
1357 3859 1604 3911 magnam
1631 3845 1685 3896 in
1717 3845 1863 3910 caelo,
1904 3847 2080 3899 dicen-

498 3935 642 3980 tem:
671 3925 826 3979 Nunc
865 3928 1009 3996 facta
1044 3939 1118 3982 est
1167 3932 1332 3997 salus,
1361 3942 1408 3985 et
1441 3935 1629 3998 virtus,
1659 3945 1706 3987 et
1736 3951 1948 4004 regnum
1984 3937 2078 3990 Dei

497 4019 686 4084 nostri,
717 4028 765 4070 et
809 4029 1037 4088 potestas
1071 4021 1271 4074 Christi
1317 4023 1430 4093 ejus
1479 4041 1496 4078 :
1529 4027 1655 4092 quia
1693 4028 1956 4095 projectus
2005 4043 2078 4083 est

500 4118 783 4162 accusator
837 4111 1063 4183 fratrum
1117 4123 1440 4180 nostrorum,
1494 4119 1584 4185 qui
1627 4122 1910 4172 accusabat
1960 4122 2078 4175 illos

500 4211 624 4256 ante
652 4215 983 4272 conspectum
1015 4205 1121 4259 'Dei
1153 4210 1320 4260 nostri
1353 4209 1438 4263 die
1468 4227 1530 4263 ac
1573 4221 1739 4266 nocte.

567 4375 671 4430 Per
706 4381 1097 4434 accusationem
1137 4381 1433 4451 falsamque
1485 4384 1832 4450 calumniam,
1880 4388 2080 4457 quibus

505 4472 755 4527 homines
790 4474 1146 4543 impetuntnr,
1182 4478 1357 4544 ipsum
1387 4479 1665 4532 diabolum
1695 4481 1973 4552 designat,
2008 4485 2084 4536 si-

485 4561 722 4630 quidem
769 4563 874 4616 hoc
916 4565 1160 4618 studium
1212 4568 1453 4621 nominis
1497 4569 1618 4637 ejus
1652 4573 1814 4634 ratio,
1861 4583 1918 4626 ut
1963 4585 2090 4628 ante

504 4649 711 4704 dictum
765 4660 870 4715 est,
929 4652 1194 4707 insinuat.
1229 4653 1528 4708 Luat-antur
1579 4666 1759 4710 autem
1809 4659 1985 4726 angeli
2023 4659 2090 4712 de

505 4737 648 4791 illius
681 4739 978 4808 ejectione,
1025 4743 1156 4812 quia
1201 4745 1353 4799 nulla
1401 4756 1485 4800 est
1531 4761 1660 4815 pars
1714 4749 1919 4804 inﬁdeli
1965 4767 2087 4806 cum

505 4825 780 4882 ﬁdelibus.

473 4930 476 4932 ‘
576 4918 694 4985 XII,
735 4917 816 4987 ii,
853 4923 941 4977 i2.
970 4923 1037 4977 Et
1080 4925 1179 4991 ipsi
1209 4928 1443 4981 vicerunt
1472 4946 1589 4982 eum
1621 4941 1838 5001 propter
1861 4935 2083 5004 sangui-

506 5028 620 5066 nem
643 5012 798 5082 Agni,
829 5025 874 5067 et
898 5027 1109 5085 propter
1135 5019 1344 5072 verbum
1368 5023 1654 5076 testimonii
1675 5027 1782 5090 sui;
1806 5037 1852 5078 et
1881 5043 1983 5080 non
2007 5028 2089 5079 di-

505 5103 743 5158 lexerunt
776 5108 982 5160 animas
1021 5126 1146 5164 suas
1183 5122 1345 5180 usque
1401 5115 1470 5167 ad
1518 5126 1758 5172 mortem.
1800 5117 2090 5188 Propterea

509 5194 791 5259 ltetamini,
843 5198 982 5261 cceli,
1012 5209 1060 5251 et
1093 5202 1180 5268 qui
1221 5201 1477 5258 habitatis
1501 5205 1553 5257 in
1587 5208 1682 5258 eis.
1726 5205 1816 5261 νω
1845 5219 1998 5262 terra:
2043 5218 2090 5261 et

507 5290 681 5354 mari;
729 5291 854 5360 quia
883 5293 1151 5346 descendit
1187 5295 1428 5350 diabolus
1471 5299 1539 5350 ad
1568 5315 1653 5352 vos
1715 5301 1908 5355 habens
1953 5302 2090 5355 iram

507 5395 776 5452 magnam,
807 5385 975 5439 sciens
1001 5389 1140 5455 quod
1162 5389 1422 5442 medicans
1456 5399 1654 5460 tempus
1679 5392 1852 5447 habet.

582 5555 646 5607 Et
678 5559 873 5622 sancti,
922 5561 1121 5632 inquit,
1167 5565 1407 5629 tametsi,
1444 5568 1641 5622 acriter
1668 5571 1809 5640 apud
1853 5587 2044 5629 omnes
2068 5616 2081 5640 ,

590 5729 630 5761 ε’
658 5728 800 5787 Psal.
829 5753 902 5803 ιχ,
933 5740 985 5794 7.
1064 5744 1239 5800 ³³101]
1283 5762 1389 5809 tu,
1427 5746 1508 5800 l5.

2260 3848 2368 3902 Kal
2391 3845 2628 3916 ﬁ‘xovaa
2651 3839 2860 3915 φωνῆς
2883 3845 3154 3915 μεγάλης
3183 3845 3252 3898 ἐν
3281 3842 3362 3908 τῷ
3399 3840 3641 3911 οὐρανῷ
3668 3843 3772 3893 λε-

2188 3943 2442 4010 γούσης·
2489 3941 2649 4006 ’Ἄρτι
2683 3937 2922 4007 ἐγένετο
2959 3940 2998 4004 ἢ
3024 3937 3288 4005 σωτηριά
3322 3935 3419 3988 καὶ
3450 3937 3490 4003 ἡ
3520 3933 3771 4000 δύναμις

2187 4033 2284 4086 καὶ
2319 4033 2357 4098 ή
2388 4031 2677 4095 ,ϐασιλεία
2705 4031 2808 4084 τοῦ
2866 4030 3016 4084 Θεοῦ
3045 4029 3233 4098 ἡμῶν,
3265 4027 3365 4080 καί
3417 4027 3454 4094 ή
3513 4025 3772 4089 ἐξουσία

2186 4123 2292 4175 τοῦ
2329 4121 2588 4189 Χριστοῦ
2623 4119 2809 4174 αὐτοῦ
2841 4135 2856 4150 ⁸
2892 4120 2980 4172 ὅτι
3010 4118 3352 4187 κατεϐλήθη
3378 4121 3410 4169 ό
3439 4116 3772 4183 κατήγορος

2190 4215 2305 4268 τῶν
2352 4212 2634 4282 ἀδελφῶν
2686 4212 2877 4281 ἡμῶν,
2931 4215 2962 4266 ό
3015 4209 3362 4280 κατηγορῶν
3405 4209 3628 4274 αὐτοὺς
3671 4207 3770 4260 ὲν-

2185 4307 2372 4360 ὡπιον
2391 4308 2496 4360 τοῦ
2532 4305 2679 4360 Θεοῦ
2703 4304 2930 4372 ἡμέρας
2965 4303 3063 4358 καὶ
3094 4304 3339 4367 νυκτός.

2260 4399 2389 4450 "0n
2441 4395 2779 4464 κατεϐλήθη
2824 4399 2856 4448 ό
2918 4395 3251 4462 κατήγορος
3309 4392 3430 4445 τῶν
3489 4387 3771 4457 ἀδελφῶν

2189 4487 2378 4556 ἡμῶν.
2405 4519 2474 4526 -
2517 4487 2581 4539 Ἦ
2616 4485 2939 4553 κατηγορία
2969 4486 3060 4537 καὶ
3083 4486 3116 4553 ἡ
3147 4482 3400 4550 διαϐολὴ
3433 4484 3466 4552 ἡ
3501 4481 3642 4535 κατὰ
3665 4477 3769 4530 τῶν

2189 4577 2518 4649 ἀνθρώπων,
2556 4579 2646 4630 τὸν
2694 4577 2960 4638 διάϐολον,
2999 4577 3136 4648 ὅπερ
3169 4575 3310 4641 ἐστι,
3366 4574 3662 4644 κέκληκεν,
3693 4569 3767 4630 ὡς

2191 4672 2429 4741 εἴρηται.
2467 4669 2867 4739 Εὐφραίνονται
2891 4669 2948 4721 δὲ
2983 4668 3033 4721 οἱ
3076 4665 3301 4736 ἄγγελοι
3337 4665 3432 4718 ἐπὶ
3462 4668 3528 4735 τῇ
3575 4660 3765 4716 τούτου

2177 4763 2386 4833 ’ἐκϐολῇ
2422 4779 2435 4792 θ
2472 4762 2701 4831 οὐδεμία
2748 4762 2857 4832 γὰρ
2896 4761 3054 4832 μερὶς
3117 4757 3296 4830 πιστῷ
3328 4759 3469 4830 μετὰ
3507 4757 3757 4811 ἀπίστου.

2256 4943 2364 4994 Καὶ
2407 4939 2596 4994 αὑτοῦ
2625 4940 2927 5007 ἐνίκησαν
2974 4939 3166 4994 αὑτὸν
3223 4939 3324 4992 διὰ
3357 4937 3434 4991 -τὸ
3485 4933 3628 5006 alita
3665 4933 3766 4986 τοῦ

2201 5035 2446 5103 Ἂρνίου,
2480 5033 2579 5087 καὶ
2620 5033 2719 5086 διὰ
2765 5032 2872 5086 τὸν
2919 5033 3108 5101 λόγον
3138 5031 3250 5100 τῆς
3294 5030 3622 5100 μαρτιψίιις
3661 5026 3765 5079 αὑ-

2187 5129 2306 5181 τῶν
2331 5144 2345 5158 ·
2377 5128 2477 5180 καί
2505 5129 2617 5181 οὐκ
2647 5127 2979 5197 ἠγάπησαν
3004 5126 3119 5194 τὴν
3153 5125 3381 5194 ψυχὴν
3406 5123 3604 5178 αὐτῶν
3632 5121 3762 5188 ἄχρι

2193 5215 2476 5270 θανάτου.
2513 5217 2615 5270 Διά
2647 5216 2823 5270 τοῦτο
2851 5217 3273 5284 εὐφραίνεσθε,
3302 5218 3355 5268 οὶ
3379 5211 3646 5281 οὐρανοὶ,
3669 5209 3757 5261 καὶ

2191 5307 2332 5360 Oli-2r
2365 5306 2573 5372 αὐτοῖς
2606 5307 3006 5373 σκηνοῦντες.
3048 5307 3193 5362 Οὐαὶ
3220 5306 3291 5376 τῇ
3334 5305 3412 5375 τῇ
3441 5300 3632 5370 καίτῇ
3665 5304 3764 5354 θα·

2192 5397 2423 5465 λὰσσῃ,
2450 5397 2539 5450 ὅτι
2569 5398 2790 5463 κατέϐη
2819 5400 2851 5450 ό
2873 5397 3152 5462 διάϐολος
3191 5395 3341 5464 πρὸς
3368 5393 3517 5464 ὑμᾶς
3556 5391 3634 5464 [ό]
3661 5386 3762 5457 μέ-

2192 5504 2305 5554 γαν
2335 5488 2494 5557 ἔχων
2519 5489 2728 5558 θυμὸν,
2757 5490 2929 5556 εἰδὼς
2959 5490 3048 5544 ὅτι
3073 5491 3284 5560 ὀλίγον
3310 5490 3523 5559 καιρὸν
3551 5487 3690 5555 ἔχει.

2263 5581 2368 5633 Καὶ
2392 5582 2558 5635 αὐτοὶ
2590 5583 2889 5652 ἐνίκησαν
2911 5585 3102 5640 αὑτὸν
3130 5584 3227 5639 διὰ
3263 5585 3328 5640 τὸ
3353 5579 3496 5654 αᾶια
3529 5578 3632 5635 τοῦ
3669 5575 3764 5642 ἀρ·
