4070 6408
494 383 609 447 ’331

1669 382 2003 444 ᾹΧῺΒΕίΕ
2033 383 2554 445 ΩίΕΒΑΠΙΕΝΞΙΒ

3674 383 3780 448 332

507 501 756 556 ﬂuminis
781 517 809 556 a
855 509 1007 572 tergo
1039 500 1182 556 illius
1216 498 1508 564 cruclavit,
1538 499 1641 556 hoc
1679 512 1782 566 est,
1819 501 2085 572 ingentem

2203 500 2422 574 ὐδρους]
2453 501 2555 572 τὴν
2587 498 2681 553 τοῦ
2709 498 2912 553 πλάνου
2947 497 3153 567 ἔνθοδον,
3180 500 3242 554 ἐκ
3274 499 3366 554 τοῦ
3401 503 3657 574 στόματοῖ
3693 507 3783 560 οὗ·

511 596 805 663 impiurum
867 594 1133 656 virorum,
1192 603 1288 647 aut
1335 594 1699 663 malignorum
1754 595 2092 659 di[:m0Illllll,

509 697 602 740 aut
631 686 954 740 infestarunt
983 685 1344 740 tentationum
1371 686 1801 752 multitudinem,
1831 686 2098 744 adversus

507 779 658 832 illam
686 779 950 844 armavit;
994 791 1106 845 quo
1139 777 1241 830 hac
1275 777 1488 833 ratione
1514 795 1658 844 eam,
1707 779 1752 834 si
1798 788 1996 850 queat,
2041 781 2096 836 in

506 869 829 924 servitutem
874 867 1105 937 redigat.
1159 870 1230 922 At
1293 880 1460 934 terra,
1505 871 1702 941 inquit,
1730 872 1874 941 jnvit
1921 873 2094 929 illam.

503 957 652 1011 Juvit
676 968 856 1012 autem
883 969 977 1012 aut
1001 959 1098 1011 viae
1131 958 1494 1028 longitudine,
1531 973 1627 1016 aut
1653 962 1900 1017 locorum
1931 978 2098 1034 squa-

505 1053 620 1106 lore
655 1065 708 1108 et
750 1053 1031 1115 siccitate,
1082 1053 1462 1124 improborum
1512 1055 1797 1110 hominum
1855 1057 2096 1127 impetus

517 1144 755 1208 sistens,
813 1143 1292 1214 tentatiunumque
1369 1144 1570 1200 numen
1627 1147 1749 1215 ejus
1796 1148 1873 1201 rei
1927 1164 2096 1204 causa

502 1239 736 1306 ejectum
770 1239 1095 1303 absorbens,
1135 1247 1190 1293 et
1228 1247 1544 1294 sanctorum
1580 1239 1819 1312 denique
1850 1242 2092 1298 submis-

503 1329 681 1396 sione,
731 1329 984 1399 quivere
1040 1339 1299 1398 recteque
1343 1331 1526 1386 dicere
1571 1331 1928 1402 solent:F.'go
1977 1349 2094 1386 sum

505 1433 646 1476 terra
700 1433 750 1476 ct
797 1423 1026 1487 cinis“,
1085 1437 1278 1478 omnes
1328 1424 1552 1492 superbi
1606 1424 1809 1479 diaboli
1868 1426 2096 1496 laqueos

503 1532 776 1572 enervans
805 1534 818 1570 :
860 1516 1000 1570 nihil
1031 1516 1203 1578 enim,
1235 1526 1294 1570 ut
1321 1516 1507 1570 divino
1531 1516 1771 1571 Antonio
1802 1517 1872 1572 ab
1900 1517 2095 1587 angelo

505 1609 805 1663 indicatum
836 1618 941 1674 est,
973 1609 1174 1664 diaboli
1207 1609 1354 1664 vires
1383 1609 1455 1662 ita
1480 1607 1688 1680 frangit
1714 1610 1878 1665 sicuti
1913 1608 2096 1663 humi-

504 1703 656 1756 litas.

578 1791 684 1862 55
703 1790 816 1857 XII,
839 1794 925 1848 Π.
951 1791 1016 1845 Et
1046 1793 1216 1846 iratus
1232 1801 1308 1846 est
1341 1791 1502 1845 draco
1523 1794 1771 1847 adversus
1789 1794 2086 1860 mulierem,

501 1895 551 1937 et
585 1885 715 1937 abiit
749 1895 805 1939 ut
835 1885 1032 1955 faceret
1062 1887 1308 1954 praelium
1357 1901 1476 1938 cum
1534 1886 1750 1955 reliquis
1778 1886 1844 1939 de
1892 1887 2087 1942 semine

501 1979 614 2045 ejus
637 1979 727 2047 qui
795 1977 1104 2032 custodiunt
1155 1977 1412 2030 mandata
1447 1977 1564 2040 Dei,
1597 1987 1645 2032 et
1707 1977 1894 2031 habent
1927 1979 2076 2032 testi-

501 2072 737 2122 noniunt
761 2067 891 2123 Iesu
933 2069 1156 2123 Christi.

576 2162 975 2218 lllustriorihus
1016 2161 1275 2217 Ecclesia:
1316 2162 1615 2232 magistris,
1648 2161 1821 2232 iisque
1853 2162 1948 2232 qui
1975 2171 2086 2218 ter-

501 2269 616 2307 ram
646 2268 844 2324 resque
859 2265 1108 2309 terrenas
1131 2252 1413 2323 despectui
1436 2254 1729 2317 habebant,
1756 2253 1822 2306 ad
1839 2269 2084 2308 ert-mum

498 2343 671 2396 veluti
718 2343 784 2396 ad
823 2357 1197 2396 aerumnosum
1244 2342 1500 2396 exsilium
1558 2341 1859 2405 translatis,
1898 2342 1970 2396 ita
2028 2351 2088 2397 ιιι

498 2436 696 2489 horum
728 2448 951 2503 compos
982 2432 1096 2486 ﬁeri
1127 2432 1362 2503 amplius
1399 2449 1504 2486 non
1550 2433 1744 2498 valeat,
1805 2435 1970 2489 draco
2003 2435 2086 2489 vel

499 2527 877 2582 Anticltristus
916 2526 1032 2595 ipse
1063 2535 1256 2580 contra
1304 2540 1400 2581 eos
1423 2526 1598 2581 aciem
1636 2542 1761 2580 mox
1785 2537 2084 2595 convertet,

499 2617 700 2687 inquit,
723 2617 816 2687 qui
869 2616 1090 2672 Christo
1129 2617 1182 2671 in
1217 2625 1357 2671 terra
1392 2615 1494 2673 hac
1518 2617 1773 2672 militant.
1799 2617 1910 2673 llos
1938 2620 2083 2674 enim

498 2708 668 2764 veluti
690 2721 907 2764 terreno
944 2708 1168 2780 pulvere
1188 2709 1293 2763 olei
1329 2708 1695 2764 lubrieitatcm
1723 2721 2087 2782 exasperante

500 2818 778 2873 aspersas,
813 2803 1046 2872 viaeque
1081 2801 1248 2872 hujus
1286 2804 1518 2872 negotiis
1549 2803 1809 2874 curisque
1858 2803 2084 2859 immer-

499 2912 614 2959 sos,
639 2895 887 2966 adeoque
911 2908 1072 2966 captu
1125 2895 1316 2951 faciles
1354 2895 1658 2963 imeuiens,
1691 2896 1923 2966 pedibus
1969 2898 2086 2953 suis

497 2989 845 3044 substernere
868 2988 1179 3044 contendet.
1203 2989 1301 3044 Ast
1333 3005 1440 3044 non
1474 3003 1666 3044 amnes
1701 2988 2084 3045 sternet.Nam

500 3080 658 3134 multi
704 3095 770 3133 ex
821 3081 926 3134 illis
981 3095 1222 3150 quoque,
1259 3097 1326 3134 eo
1363 3081 1508 3150 quod
1557 3078 1838 3134 Christum
1867 3079 2086 3134 sincero

497 3187 684 3228 amore
707 3173 978 3244 prosecuti
1003 3183 1150 3238 sunt,
1177 3173 1461 3228 victoriam
1490 3189 1554 3228 ex
1577 3172 1796 3228 diabolo
1829 3172 2084 3232 referent.
2113 3192 2160 3255 ρ

1036 3307 1266 3364 CAPUT
1314 3309 1553 3366 XXXVI.

561 3445 638 3500 De
676 3443 842 3500 bestia
868 3463 984 3517 qua:
1029 3445 1252 3500 habebat
1293 3463 1492 3530 cornua
1518 3447 1695 3502 decem
1747 3455 1797 3502 et
1823 3456 2018 3517 septem

1211 3528 1410 3586 capita.

569 3647 690 3713 Χιι,
716 3650 806 3704 lii.
841 3649 986 3714 Xlll,
1023 3653 1068 3705 Ι.
1117 3651 1182 3705 Et
1217 3655 1341 3708 steti
1366 3670 1522 3722 super
1569 3673 1785 3710 arenam
1816 3661 2002 3723 maris,
2033 3669 2083 3714 et

496 3742 606 3794 ridi
643 3740 706 3793 de
739 3743 875 3795 mari
902 3742 1126 3797 bestiam
1165 3747 1556 3813 ascendentem,
1591 3748 1867 3804 habentem
1903 3754 2081 3822 capita

498 3842 695 3884 sentem
753 3841 801 3883 ct
827 3849 1030 3887 cornua
1053 3835 1249 3900 decem,
1279 3847 1327 3889 et
1352 3854 1509 3907 super
1548 3855 1746 3892 cornua
1772 3844 1884 3908 ejus
1905 3841 2082 3895 decem

494 3925 804 3978 diademata
846 3944 858 3979 :
885 3937 931 3980 et
964 3943 1120 3997 super
1140 3931 1316 3998 capita
1341 3931 1454 4000 ejus
1483 3933 1696 3986 nomina
1720 3933 2077 4002 blasphemiw.

565 4105 797 4169 Quidam
858 4120 954 4175 per
1023 4105 1162 4161 hanc
1219 4106 1438 4160 bestiam
1496 4110 1770 4180 accipiunt
1822 4113 2077 4169 virtutem

493 4197 791 4263 quamdam
835 4197 1046 4252 viribus
1075 4209 1131 4252 et
1190 4199 1434 4269 nequitia
1477 4199 1677 4256 Sataua
1737 4202 2076 4274 inferiorem,

492 4290 708 4342 cra-teris
735 4300 914 4343 autem
941 4289 1290 4346 daemonibus
1332 4303 1566 4360 utroque
1599 4310 1796 4362 genere
1831 4297 2080 4352 eminen-

493 4379 689 4433 tiorem
719 4397 733 4432 ι
765 4395 861 4448 per
890 4379 1120 4434 bestiam
1165 4397 1293 4434 vero
1354 4398 1476 4450 quze
1504 4384 1666 4452 paulo
1714 4395 1837 4454 post
1876 4405 1904 4438 e
1931 4394 2077 4441 terra

490 4470 1168 4540 emetgit,Antichristum
1229 4473 1430 4542 ipsum.
1480 4476 1548 4528 Λι
1601 4486 1828 4530 sant-tus
1867 4476 2077 4533 Metho-

2200 593 2319 656 τοῦ,
2348 589 2551 661 δηλαδὴ
2596 591 2662 642 ἐκ
2697 588 3126 661 προστάγματος
3161 589 3352 655 αὐτοῦ,
3386 590 3562 644 ὀπίσω
3613 593 3781 662 αὐτῆς

2201 681 2435 755 [βάλλει]
2467 681 2614 752 ὕδωρ
2637 680 2951 752 ποταμηδόν
2978 695 2992 710 ·
3020 682 3322 745 τουτέστιν,
3347 681 3522 737 ἀθέων
3554 684 3779 756 ἀνδρῶν,

2199 777 2234 847 ἦ
2257 777 2508 847 πονηρῶν
2531 775 2826 845 δαιμόνων,
2857 775 2888 844 ἦ
2926 773 3188 828 ποικίλων
3206 776 3534 846 πειρασμῶν
3560 777 3779 847 πλῆθος,

2199 868 2320 921 κατ’
2374 867 2547 937 αὐτῆς
2592 865 2962 931 ἐξελεύσεται,
3009 866 3162 928 ὅπως
3209 866 3382 936 αὐτὴν
3431 865 3780 940 δουλώσηται.

2210 960 2274 1014 Ἢ
2305 959 2362 1014 δὲ
2386 959 2480 1030 γῆ,
2517 959 2708 1030 φησὶν,
2741 958 3044 1028 ἐϐοήθησεν
3099 959 3261 1029 αὐτῇ,
3314 957 3455 1029 ἧτῷ
3495 959 3598 1030 τῆς
3653 961 3776 1014 ὁδοῦ

2202 1052 2392 1122 μήκει,
2412 1053 2508 1104 καὶ
2545 1053 2612 1121 τῇ
2637 1051 2746 1103 τῶν
2768 1051 2951 1104 τόπων
2981 1049 3212 1122 ἁνυδρίᾳ
3249 1049 3345 1103 καὶ
3393 1049 3654 1121 ξηρότητι
3689 1053 3782 1117 τὰς

2196 1145 2306 1198 τῶν
2330 1143 2590 1214 πονηρῶν
2617 1143 2797 1214 ὁρμὰς
2823 1143 3122 1214 ἐπέχουσα,
3155 1141 3251 1195 καὶ
3279 1142 3372 1196 τὸν
3414 1143 3479 1196 ὲκ
3528 1143 3638 1196 τῶν
3667 1162 3780 1198 πει-

2201 1237 2430 1308 ρασμῶν
2459 1236 2707 1309 ποταμὸν
2730 1236 2930 1290 τούτου
2960 1236 3126 1308 χάριν
3178 1235 3560 1291 καταπίνουσα
3580 1252 3594 1267 ·
3640 1236 3673 1310 ἢ
3711 1239 3780 1311 τῇ

2203 1327 2314 1381 τῶν
2335 1327 2511 1397 ἁγίων
2544 1329 3042 1400 ταπεινοφροσύνῃ,
3077 1327 3402 1391 ἑνδιαθέτως
3458 1328 3726 1397 λεγόντων
3759 1347 3775 1361 ο

2198 1417 2348 1489 Ἐγώ
2369 1422 2486 1490 εἰμι
2509 1417 2586 1488 γῆ
2616 1419 2716 1473 καὶ
2750 1419 3006 1484 σποδὸς,
3043 1420 3226 1484 πάσας
3260 1418 3355 1473 τοῦ
3403 1417 3656 1474 διαϐόλου
3686 1419 3782 1483 τὰς

2197 1512 2435 1581 παγίδας
2487 1513 2868 1586 καταργοῦσα,
2923 1514 2999 1580 ὡς
3032 1513 3177 1587 [καὶ]
3215 1513 3294 1586 τῷ
3335 1513 3468 1586 θείῳ
3515 1511 3782 1584 ’Δντωνίῳ

2195 1621 2242 1657 ει
2250 1621 2435 1676 ρηται.

2265 1785 2375 1840 Καὶ
2429 1785 2692 1858 ὠργίσθη
2745 1791 2780 1844 ὁ
2815 1789 3052 1858 δράκων
3099 1790 3200 1844 ἐπὶ
3255 1788 3330 1860 τῇ
3381 1790 3644 1862 γυναικί·
3684 1788 3781 1844 και

2192 1876 2432 1950 ἀπῆλθε
2469 1879 2718 1951 ποιῆσαι
2749 1885 3020 1953 πόλεμον
3049 1885 3202 1956 μετὰ
3231 1885 3351 1940 τῶν
3395 1883 3629 1940 λοιπῶν
3679 1882 3784 1938 τοῦ

2189 1971 2534 2042 σπέρματος
2568 1973 2780 2042 αὐτῆς,
2834 1974 2957 2031 τῶν
2990 1979 3339 2048 τηρούντων
3385 1978 3498 2044 τὰς
3529 1976 3783 2042 ἐντολὰς

2188 2063 2297 2118 τοῦ
2327 2065 2496 2130 Θεοῦ,
2525 2066 2622 2120 καὶ
2649 2065 2916 2136 ἐχόντων
2937 2068 3050 2137 τὴν
3074 2072 3408 2140 μαρτιφίαν
3446 2069 3671 2138 Ἰησοῦ.

2263 2157 2372 2211 Kal
2405 2156 2684 2226 ἀπῆλθεν
2713 2161 2746 2214 ὁ
2779 2159 3018 2228 δράκων
3063 2160 3309 2230 ποιῆσαι
3342 2165 3618 2234 πόλεμον
3636 2165 3782 2235 μετὰ

2189 2248 2308 2304 τῶν
2332 2249 2584 2305 λοιπῶν.
2619 2281 2689 2293 -
2723 2251 2850 2306 Τῶν
2882 2253 3154 2324 ἐκκρίτων
3185 2253 3288 2324 τῆς
3339 2255 3673 2327 Ἐκκλησίας
3700 2258 3778 2312 δι-

2189 2340 2476 2396 δασκάλων
2538 2339 2722 2415 [φησι]
2770 2341 2867 2397 καὶ
2913 2345 3025 2398 τῶν
3054 2343 3154 2414 τῆς
3207 2343 3313 2416 γῆς
3359 2345 3778 2418 ὕπερορὼντων,

2189 2433 2329 2504 πρὸς
2355 2433 2456 2506 τὴν
2483 2436 2543 2488 ὲν
2576 2434 2770 2507 ἐρήμῳ
2810 2435 3228 2508 μεθισταμένων
3268 2438 3676 2511 ταλαιπωρίαν,
3728 2443 3776 2495 εί

2191 2523 2444 2598 [τούτων]
2493 2527 2788 2598 διαμάρτοι
2836 2530 2866 2584 ὁ
2929 2529 3300 2600 Ἀντίχριστος
3353 2533 3501 2588 κατὰ
3553 2533 3663 2587 τῶν
3720 2536 3780 2586 ἐν

2189 2618 2382 2690 κόσμῳ
2415 2621 2863 2692 στρατευομένων
2887 2621 2964 2693 τῷ
2993 2623 3236 2695 Χριστῷ,
3259 2623 3482 2690 ἐξοίσει,
3508 2627 3662 2698 φησὶ,
3688 2627 3776 2680 τὸν

2190 2711 2452 2782 πόλεμον,
2499 2713 2650 2778 ὅπως
2692 2713 2950 2784 καθάπερ
2994 2715 3140 2769 κόνει
3172 2715 3522 2790 τραχυνούσῃ
3559 2718 3658 2790 τὴν
3684 2718 3777 2772 τοῦ

2187 2803 2369 2857 ἐλαίου
2395 2804 2649 2876 λειότητα
2670 2808 2790 2871 ταῖς
2811 2806 2905 2861 τοῦ
2931 2807 3049 2878 βίου
3096 2807 3286 2881 [φημὶ]
3338 2811 3770 2881 πραγματείαις,

2186 2895 2412 2961 τούτους
2461 2896 2782 2963 εὐαλώτους
2825 2897 3028 2970 εὑρὼν,
3078 2900 3446 2972 τροπάσηται·
3490 2901 3674 2956 πολλοὶ
3719 2903 3774 2956 ει

2188 2990 2284 3043 καὶ
2323 2991 2388 3044 ὲκ
2427 2990 2634 3046 τούτων
2668 2993 2852 3057 αὐτὸν,
2899 2993 2988 3047 διὰ
3033 2993 3097 3047 τὸ
3140 2995 3380 3066 γνησίως
3426 2995 3778 3067 ἠγαπηκέναι

2187 3082 2280 3136 τὸν
2306 3082 2561 3152 Χριστὸν,
2605 3085 2914 3156 νικήσουσι.

2770 3302 3022 3362 ΚΕΦΑΛ.
3067 3301 3208 3373 Λσν.

2884 3442 3286 3518 δεκακερὰτου
3307 3442 3413 3501 καί
3443 3443 3776 3518 extangi-

2193 3437 2330 3508 Περί
2358 3438 2466 3496 τοῦ
2495 3441 2705 3511 θηρίου
2731 3442 2840 3498 τοῦ
2884 3442 2954 3568 63

2300 3536 2312 3544 ·
2913 3532 3053 3570 ,ιουο

2262 3650 2370 3705 Kal
2401 3650 2668 3720 ἐστάθην
2687 3651 2785 3705 ἐπὶ
2810 3651 2925 3720 τὴν
2945 3649 3144 3722 ἄμμον
3169 3653 3280 3722 τῆς
3303 3653 3649 3723 θαλάσσης·
3679 3654 3774 3708 καί

2190 3738 2355 3797 εἶδον
2387 3745 2598 3812 θηρίον
2639 3744 2969 3799 ἀναϐαῖνον
2997 3745 3066 3800 ἐκ
3097 3745 3207 3815 τῆς
3253 3746 3600 3817 θαλάσσης,
3632 3749 3776 3818 ἕχον

2191 3835 2411 3904 κέρατα
2439 3835 2586 3890 δέκα
2625 3837 2723 3890 καὶ
2763 3839 3038 3906 κεφαλὰς
3067 3837 3238 3892 ἐπτιίο
3275 3837 3372 3892 καί
3397 3837 3641 3893 ἐπὶτῶν
3679 3856 3774 3892 κε-

2183 3927 2386 3996 ράτων
2413 3929 2601 3983 αὐτοῦ
2627 3930 2772 3984 δέκα
2806 3929 3165 4000 διαδήματαο
3197 3931 3293 3985 καὶ
3321 3931 3415 3984 ἐπὶ
3448 3932 3558 3999 τὰς
3598 3949 3775 4002 uaga-

2189 4023 2304 4087 Jt‘tc
2340 4021 2527 4076 αὐτοῦ
2557 4021 2744 4091 ὄνομα
2760 4024 3189 4093 βλασφημίας.

2261 4115 2418 4178 Τινὲς
2465 4115 2563 4185 μὲν
2608 4115 2668 4167 τὸ
2709 4116 2917 4183 θηρίον
2970 4116 3128 4169 τοῦτο
3174 4115 3606 4188 δευτερεύουσάν
3653 4132 3771 4170 τινα

2187 4207 2417 4278 δύναμιν
2445 4207 2537 4260 τοῦ
2584 4208 2800 4261 Σατανᾶ
2833 4207 2940 4260 τῶν
2965 4208 3170 4261 λοιπῶν
3196 4207 3471 4280 δαιμόνων
3497 4211 3772 4280 ἄρχουσαν

2188 4300 2524 4371 ἐξειλήνξασι·
2557 4298 2618 4353 τὸ
2652 4299 2706 4353 δὲ
2743 4301 2861 4371 μετ’
2904 4301 3037 4355 αὐτὸ
3076 4302 3140 4354 ὲκ
3180 4305 3278 4372 τῆς
3313 4303 3414 4372 γῆς
3460 4303 3635 4366 ἀνιὸν,
3681 4303 3772 4355 τὶν

2186 4393 2580 4464 Ἀντίχριστον·
2607 4396 2718 4456 τοῖς
2744 4393 2800 4446 δὲ
2833 4394 3031 4462 ἁγίοις,
3063 4394 3310 4464 Μεθοδίῳ
3337 4396 3432 4448 καὶ
3473 4394 3774 4466 Ἱππολύτῳ

2189 4487 2284 4542 καὶ
2314 4487 2556 4556 ἑτέροις,
2593 4486 2672 4548 εἰς
2721 4483 2930 4560 [αὐτὴν]
2960 4487 3050 4540 τὸν
3087 4485 3458 4557 Ἀντίχριστον
3490 4487 3553 4540 τὸ
3598 4487 3772 4558 παρὸν

491 4562 618 4614 dius
663 4573 716 4615 et
767 4561 1114 4633 Hippolytus,
1145 4572 1198 4616 et
1239 4564 1330 4617 alii
1389 4575 1624 4629 veteres,
1660 4567 1727 4619 de
1779 4568 1898 4636 ipso
1921 4567 2074 4623 Anti-

2187 4579 2371 4649 θηρίον
2419 4578 2758 4650 ὲξείληπται·
2811 4581 2875 4633 ἐκ
2923 4580 3021 4651 τῆς
3073 4579 3457 4650 πολυταρὰχου
3504 4580 3601 4634 τοῦ
3654 4581 3769 4651 βίου

491 4655 701 4708 eluisto
732 4665 1050 4724 praesentem
1077 4655 1256 4712 locum
1290 4657 1634 4728 interpretati
1682 4673 1841 4727 sunt;
1877 4670 1933 4715 nt
1978 4663 2071 4731 qui

491 4760 555 4798 ex
591 4745 907 4800 turbulento
937 4746 1346 4818 plurimumque
1376 4749 1590 4802 undoso
1615 4749 1916 4820 vitaehnjus
1941 4752 2076 4806 mari

490 4853 816 4906 egressurus
855 4839 946 4895 sit.
984 4837 1089 4894 l’cr
1146 4843 1322 4895 decem
1368 4853 1548 4896 autem
1590 4861 1789 4898 cornua
1853 4845 2075 4899 totidem

489 4927 814 4984 diadematis
845 4942 1135 4997 exornata,
1166 4943 1216 4987 et
1254 4945 1447 4998 septem
1473 4935 1652 5003 capita
1684 4976 1699 5000 ,
1736 4935 2078 4991 familiarita-

490 5035 598 5077 tem
656 5024 804 5078 illam
857 5026 1104 5080 denotari
1151 5027 1361 5093 volunt,
1421 5043 1543 5097 qua:
1597 5029 1737 5082 inter
1791 5030 1968 5099 ipsum
2025 5041 2079 5083 et

487 5116 768 5171 diabolum
799 5117 1098 5173 intercedet
1153 5120 1301 5192 (nam
1353 5121 1467 5174 haec
1498 5120 1571 5174 illi
1607 5119 1793 5174 adfore
1819 5121 1931 5188 jam
1952 5134 2078 5178 ante

485 5215 708 5280 quoque
772 5210 1068 5264 indicatum
1107 5213 1233 5281 est),
1279 5213 1542 5282 regnique
1574 5213 1772 5266 terreni
1801 5214 1854 5266 in
1888 5213 2073 5268 decent

486 5315 671 5371 partes
700 5305 1032 5370 sectionem;
1061 5314 1116 5357 et
1141 5322 1365 5373 t‘t'gttttllt
1416 5317 1678 5373 prseterea
1705 5307 2072 5376 scptenarium

485 5397 674 5450 mundi
725 5399 887 5466 hujus
923 5399 1110 5452 cursui
1140 5397 1570 5457 conformatum.
1593 5411 1804 5469 septem
1845 5399 2070 5470 quidem

485 5490 698 5544 dierum
721 5490 902 5559 spatio
926 5491 1260 5552 dimensum,
1294 5498 1348 5544 et
1372 5491 1426 5544 in
1450 5500 1657 5559 septem
1695 5508 1912 5547 rursum
1939 5509 2069 5550 suc-

484 5582 1158 5648 cessionesdistributuna;
1187 5593 1346 5653 prout
1379 5584 1430 5636 in
1457 5586 1810 5653 sequentibus
1829 5586 1990 5642 latins
2017 5588 2068 5642 id

483 5676 867 5742 erplicahitur.
901 5678 1220 5732 Secundum
1280 5678 1428 5748 quod
1490 5679 1674 5732 mundi
1722 5681 1885 5750 hujus
1913 5682 2066 5751 prin-

629 5851 763 5901 Cvn.
798 5865 949 5914 ιιι-ιιι,
985 5853 1076 5906 ‘27.

2179 4671 2371 4725 τούτου
2402 4671 2679 4742 θαλάσσης
2710 4673 2802 4725 xui.
2851 4671 3227 4742 πολυκὺμονος
3273 4672 3656 4744 ὲξερχόμενον.
3689 4673 3777 4725 Τὰ·

2179 4763 2235 4816 δὲ
2263 4763 2408 4817 δέκα
2452 4762 2670 4831 κέρατα
2704 4765 2800 4817 σὺν
2849 4766 2958 4827 τοῖς
3005 4763 3324 4834 διαδήμασι,
3366 4763 3464 4817 καὶ
3515 4764 3572 4817 ai
3621 4763 3770 4816 ἑπτὰ

2179 4854 2458 4924 κεραλίιὶ,
2483 4857 2584 4925 τήν
2621 4871 2680 4907 τε
2715 4855 2810 4909 τοῦ
2839 4855 3087 4934 διαϐόλου
3117 4855 3251 4926 πρὸς
3287 4854 3451 4908 αὐτὸν
3485 4854 3601 4928 [τὸν
3645 4857 3767 4907 Ἀν-

2176 4947 2474 5021 τίχριστον]
2503 4949 2697 5004 ἕνωσιν
2727 4951 3026 5005 αἰνίττεται
3071 4948 3263 5021 (ταῦτα
3289 4951 3397 5020 γὰρ
3439 4948 3584 5022 [καὶ]
3619 4949 3767 5018 αὐτῷ

2179 5039 2452 5109 προσόντα
2492 5039 2754 5108 ἀνωτέρω
2793 5040 3206 5112 ἡρμήνευται),
3261 5043 3365 5113 τήν
3403 5058 3460 5095 τε
3501 5044 3584 5105 είς
3628 5040 3762 5093 δίκα

2178 5133 2276 5202 τῆς
2304 5133 2499 5204 γητνης
2530 5133 2807 5203 βασιλείας
2838 5135 2924 5188 ἐπ’
2955 5133 3202 5205 ἐσχάτων
3222 5133 3512 5205 διαίρεσιν,
3547 5135 3641 5187 καὶ
3665 5134 3764 5201 τὴν

2176 5221 2254 5291 τῷ
2289 5224 2480 5294 κόσμῳ
2516 5223 2691 5294 τούτῳ
2727 5225 3012 5296 σύστοιχον
3055 5225 3424 5297 ἑϐδοματικὴν
3463 5223 3760 5294 βασιλείαν,

2176 5315 2316 5370 ἑπτὰ
2349 5317 2448 5387 μὲν
2476 5317 2714 5390 ἡμέραις
2735 5317 3207 5391 ὲκμετρουμένην,
3240 5316 3380 5372 ἑπτὰ
3407 5316 3464 5371 δὲ
3488 5315 3764 5385 διαδοχαῖς

2169 5406 2578 5481 διαιρουμένην,
2616 5410 2688 5474 ῶς
2741 5413 2800 5464 ὲν
2843 5415 2958 5474 τοῖς
2996 5411 3123 5482 ἑξῆς
3156 5411 3480 5483 ῥηθήσεται.
3514 5407 3652 5462 Καθ’
3693 5409 3760 5478 ἢν

2169 5499 2372 5570 ἄρχων
2401 5502 2508 5557 τοῦ
2541 5503 2758 5573 αἰῶνος
2795 5506 3013 5558 τούτου
3041 5505 3305 5577 κέκληται
3349 5506 3378 5558 δ
3421 5502 3661 5574 ἐνεργῶν
3701 5501 3757 5554 ὲν

2167 5592 2316 5664 αὐτῷ
2383 5595 2650 5658 Σατανᾶς.
2702 5598 2928 5666 "Oi-apti
2982 5598 3039 5651 δὲ
3089 5597 3492 5668 ,ϐλασφημίας
3535 5595 3604 5648 ἐν
3633 5590 3757 5656 ταῖς

2168 5685 2465 5754 κεφαλαῖς
2511 5687 2701 5755 αὑτοῦ,
2744 5691 2949 5763 δηλαδὴ
2998 5693 3108 5755 τοῖς
3145 5690 3521 5752 ὑπασπισταῖς
3567 5682 3752 5742 αὐτοῦ.
