4102 6414
394 380 499 445 341

978 490 1229 545 ΚΕΦΛΛ.
1274 491 1399 545 ΛΘ.

393 630 535 699 Περὶ
573 627 683 685 τοῦ
723 627 949 696 Ἆρνιόυ
1001 627 1099 699 καὶ
1136 627 1255 680 τῶν
1289 627 1506 699 ἑκατόν
1560 644 1978 698 τεσσαρακον-

824 697 1213 766 τατεσσὰρων
1243 697 1555 767 χιλιάδων.

472 830 579 885 Καὶ
628 826 835 884 εἴδονο
872 829 975 883 καὶ
1019 830 1152 883 ίδοὺ
1204 829 1438 898 ’Λρνίον
1464 829 1719 897 ἑστηκὸς
1768 830 1866 882 ἐπὶ
1914 829 1981 882 τὸ

348 968 351 973 ,
396 925 537 992 ὄρος
579 922 729 977 Σιών
752 938 765 951 ·
795 922 895 976 καὶ
923 924 1051 991 μετ’
1089 923 1278 977 αὑτοῦ
1301 922 1522 976 ἑκατὸν
1560 938 1980 987 τεσσαρακον-

397 1010 772 1079 τατέσσαρες
796 1011 1090 1080 χιλιάδες,
1138 1011 1395 1080 ἔχουσαι
1425 1012 1490 1065 τὸ
1528 1012 1717 1082 ὄνομα
1771 1013 1985 1076 αὑτοῦ,

398 1102 591 1157 καὶτὸ
620 1103 812 1171 ὄνομα
848 1104 953 1158 τοῦ
1006 1105 1242 1171 Πατρός
1302 1104 1515 1170 αὑτοῦ,
1571 1104 1986 1175 τετραμμένον

396 1192 501 1249 ἐπὶ
529 1192 651 1247 τῶν
670 1193 961 1264 μετώπων
999 1195 1222 1250 αὐτῶν.

482 1286 692 1356 ’Δρνίον
713 1289 741 1340 ό
763 1287 999 1355 Χριστὸς
1030 1288 1416 1359 ἀναμφιϐόλως
1445 1288 1818 1359 ὡμολόγηται.
1865 1290 1989 1343 Ἐπὶ

397 1377 604 1449 τὸόρος
641 1378 699 1432 δὲ
746 1377 884 1432 Σιὼν
936 1380 997 1432 οὐ
1045 1382 1147 1449 τῆς
1186 1380 1428 1443 παλαιᾶς
1464 1379 1661 1444 ἑστὼς,
1702 1381 1841 1434 ἀλλὰ
1892 1381 1991 1449 τῆς

398 1471 529 1533 νέας
579 1472 679 1541 τῆς
738 1470 835 1525 τοῦ
870 1470 1070 1536 ζῶντος
1117 1471 1253 1525 Θεοῦ
1302 1473 1625 1535 πόλεως.Δὶ
1675 1475 1731 1527 δὲ
1773 1474 1992 1535 ἑκατὸν

398 1561 1157 1632 τεσσαρακοντατέσσαρες
1187 1563 1476 1633 χιλιάδες,
1522 1565 1555 1636 ἢ
1611 1566 1671 1617 τὸ
1709 1565 1803 1618 τοῦ
1850 1568 1993 1620 ἁπο-

399 1653 655 1707 στολικοῦ
684 1655 886 1721 σπόρου
920 1653 1227 1725 πολύφορον
1265 1654 1505 1725 δηλοῦσι,
1533 1656 1633 1725 τῆς
1684 1657 1742 1710 ὲν
1775 1657 1991 1727 ἑκάστῳ

399 1748 624 1818 χάριτος
652 1748 951 1811 δωδεκάκις
980 1748 1249 1819 χιλιοστὸν
1266 1748 1745 1820 ἀπεργαζομένης,
1776 1748 1989 1822 [ἤγουν]

398 1842 608 1894 τέλειον
642 1841 734 1894 τὸν
765 1842 979 1911 καρπὸν
1004 1841 1106 1909 τῆς
1140 1840 1250 1894 τῶν
1276 1843 1600 1911 σωζομένων
1634 1843 1873 1906 πίστεως
2025 1890 2065 1947 Β

398 1935 525 1997 τοὺς
553 1934 662 1987 duo
688 1934 786 2003 τῆς
815 1934 958 1997 Νέας
988 1933 1259 2005 Διαθήκης
1286 1935 1613 2005 παρθένους,
1639 1936 1783 1989 κατά
1813 1952 1873 1988 τε
1898 1936 1991 1988 τὸν

399 2024 425 2075 ἒ
440 2041 530 2087 τω,
550 2023 694 2076 κατά
708 2041 764 2076 τε
784 2023 991 2088 τὸνέξω
1017 2024 1327 2094 ἄνθρωπον,
1349 2026 1730 2095 σημαίνουσιν.
1768 2027 1856 2079 Ἐν
1883 2028 1995 2096 γὰρ

396 2119 513 2179 τοῖς
549 2116 798 2178 παλαιοῖς
822 2116 1047 2169 σπάνιον
1076 2116 1137 2168 τὸ
1164 2117 1261 2187 τῆς
1304 2117 1605 2188 παρθενίας
1636 2118 1993 2188 κατόρθωμα,

400 2208 544 2277 πλὴν
578 2207 780 2277 σφόδρα
793 2207 997 2275 ὀλίγοις
1020 2208 1413 2278 εὑρισκόμενον
1433 2223 1447 2238 ·
1471 2209 1593 2261 ὅθεν
1612 2208 1769 2279 [καὶ]
1799 2211 1883 2262 ἑτέ
1895 2226 1994 2279 ρας

398 2300 602 2364 ταύτας
622 2301 775 2371 παρὰ
789 2299 887 2364 τὰς
912 2300 1178 2371 πρότερον
1192 2301 1491 2369 εἰρημένας
1508 2301 1741 2369 οἰητέον,
1762 2299 1862 2364 τὰς
1877 2302 1999 2353 ὀνο-

403 2393 573 2461 μαστὶ
603 2393 667 2445 ὲκ
713 2391 824 2445 τῶν
850 2389 1034 2460 φυλῶν
1081 2387 1175 2442 τοῦ
1213 2389 1430 2460 Ἰσραὴλ
1472 2389 1873 2457 συναγομένας.
1899 2383 1998 2451 Δίς

402 2482 711 2552 παρθενίαν
743 2483 807 2537 οὐ
828 2480 1409 2553 προσμεμαρτύρηκε.
1447 2481 1668 2535 Τούτων
1688 2482 1747 2535 δὲ
1770 2481 1997 2535 πάντων

399 2576 470 2627 τὰ
490 2575 735 2644 μέτωπα
755 2574 833 2645 τῷ
862 2575 1003 2643 φωτὶ
1030 2572 1124 2627 τοῦ
1149 2572 1297 2626 θείου
1326 2574 1621 2644 προσώπου
1638 2573 1998 2645 σφραγίζον-

401 2684 500 2721 ται
526 2681 541 2695 ο
568 2667 636 2720 δι’
662 2662 725 2723 οὗ
754 2668 864 2731 τοῖς
882 2666 1230 2737 ὀλοθρευταῖς
1268 2664 1530 2733 ἀγγέλοις
1562 2666 1837 2737 αἰδέσιμοι
1867 2665 1997 2737 φαί-

405 2770 614 2815 νονται.
926 2772 929 2775 ‘

482 2946 585 3002 Kal
619 2946 860 3017 ἥκουσα
891 2945 1098 3017 φωνῆς
1120 2947 1189 3001 ἐκ
1226 2947 1334 3001 τοῦ
1364 2944 1629 3015 οὐρανοῦ
1661 2945 1744 3011 ὡς
1776 2943 1985 3014 φωνῆς

408 3039 653 3095 ὑδάτων
698 3036 970 3105 πολλῶν,
1010 3038 1109 3093 καὶ
1142 3039 1225 3104 ὡς
1262 3037 1471 3108 φωνῆς
1518 3036 1788 3107 ,ϐροντῆς
1819 3034 2002 3107 μεγά-

407 3136 525 3197 λης
556 3130 684 3186 ’καὶ
716 3129 924 3200 φωνῆς
954 3130 1194 3199 ἤκουσα
1223 3129 1347 3202 [ὡς]
1400 3128 1750 3198 κιθαρῳδῶν
1779 3133 2004 3197 κιθαρι-

1361 376 1973 437 COMMENTARIUS
2018 375 2095 436 IN
2140 374 2668 436 APOCALYPSIN.

3556 368 3683 432 δεῖ

2605 486 2835 544 CAPUT
2866 484 3115 540 XXXIX.

2094 630 2170 683 De
2201 628 2347 698 Agna
2378 637 2427 680 ct
2479 637 2687 679 centum
2739 624 3095 698 quadraginta
3161 630 3390 698 quattuor
3437 618 3673 673 millibus

2310 698 2575 752 stantibus
2630 691 2760 749 cunt
2796 694 2943 764 Agna
2976 694 3027 745 in
3062 704 3236 745 monte
3280 691 3431 744 Sion.

2164 838 2306 898 XIV,
2334 839 2386 891 1.
2424 836 2491 890 Et
2522 835 2720 900 ridi,et
2749 850 2863 888 ecce
2883 835 3059 902 Agnus
3092 831 3267 885 stabat
3320 847 3481 899 supra
3523 847 3676 883 mon-

2094 942 2197 986 tem
2229 932 2380 991 Sion,
2403 938 2452 983 et
2505 944 2624 981 cum
2656 943 2717 981 eo
2752 935 2959 979 centum
3013 923 3377 992 quadraginta
3447 929 3679 989 quatuor

2097 1025 2290 1086 millia,
2316 1023 2563 1076 [tabentes
2603 1037 2790 1074 nomen
2837 1018 2972 1086 ejus,
3001 1026 3050 1068 et
3106 1032 3294 1070 nomen
3328 1015 3513 1069 Patris
3557 1014 3677 1084 ejus

2097 1119 2357 1172 scrintum
2390 1118 2443 1170 in
2481 1115 2747 1184 frontibus
2767 1114 2901 1167 suis.

2171 1292 2405 1362 Agnum,
2436 1290 2531 1360 qui
2574 1290 2663 1344 hic
2716 1289 2978 1352 cernitur,
3016 1287 3298 1343 Christum
3336 1300 3461 1341 esse
3514 1294 3672 1341 extra

2098 1385 2531 1442 controversiam
2593 1393 2695 1438 est.
2748 1383 3010 1437 Consistit
3058 1390 3237 1435 autem
3290 1394 3457 1447 supra
3516 1394 3679 1433 mon-

2100 1493 2206 1534 tem
2250 1479 2403 1540 Sion,
2442 1493 2548 1531 non
2607 1476 2806 1531 veteris
2860 1476 3006 1529 illius
3057 1473 3334 1535 civitatis,
3372 1472 3464 1526 sed
3504 1486 3680 1533 novze.

2099 1571 2333 1624 viventis
2367 1569 2478 1624 Dei.
2533 1568 2655 1636 Ipsa
2693 1576 2874 1622 autem
2915 1565 3086 1619 millia
3146 1565 3370 1619 uberem
3410 1563 3683 1617 multifor-

2100 1676 2358 1732 memque
2413 1660 2699 1730 apostolici
2775 1658 3003 1714 seminis
3074 1656 3307 1727 gratiam
3390 1655 3679 1719 denotant;

2101 1765 2161 1809 ut
2191 1771 2311 1824 qure
2338 1770 2431 1824 per
2470 1752 2946 1820 nnumquemlibet
2976 1750 3269 1804 duodecies
3301 1748 3679 1806 millesimum,

2100 1849 2205 1903 hoc
2232 1856 2315 1901 est
2351 1846 2649 1916 perfectum
2710 1845 2832 1899 fidei
2886 1844 3122 1897 fructum
3182 1842 3237 1896 in
3275 1842 3345 1895 iis
3389 1841 3485 1909 qui
3538 1839 3679 1895 salvi

2097 1943 2255 2002 liunt,
2296 1939 2608 1992 reddiderit.
2644 1938 2750 1990 Aut
2779 1945 2925 1990 certe
2950 1936 3120 1990 millia
3165 1935 3281 1988 lucc
3310 1933 3445 1989 Novi
3485 1933 3683 1986 Testa-

2098 2032 2266 2087 mcnti
2297 2031 2538 2097 virgines
2586 2028 2889 2083 secundum
2946 2035 3247 2094 utrumque
3291 2025 3570 2079 hominem
3603 2024 3684 2077 si-

2098 2123 2355 2191 gniﬁcant
2407 2138 2422 2175 :
2483 2134 2610 2172 nam
2660 2118 2803 2185 apud
2861 2125 3076 2171 veteres
3136 2114 3469 2183 virginitatis
3518 2113 3689 2167 decus

2099 2228 2295 2282 parum
2323 2209 2623 2265 admodum
2651 2215 2931 2277 receptum
2963 2215 3103 2262 erat.
3133 2206 3316 2272 Quare
3355 2206 3471 2261 haec
3506 2204 3681 2260 millia

2099 2306 2206 2360 alia
2236 2319 2362 2361 esse
2418 2319 2449 2358 a
2496 2302 2778 2372 prioribus
2824 2302 2955 2365 illis,
2993 2316 3117 2369 qua:
3164 2316 3194 2353 a
3243 2298 3533 2354 duodecim
3588 2299 3690 2353 tri-

2101 2398 2280 2453 bubus
2338 2396 2506 2450 Israel
2553 2394 2883 2451 nominatim
2943 2393 3335 2457 censebantur,
3385 2389 3691 2461 putandum

2100 2498 2216 2553 est;
2267 2488 2537 2557 siquidem
2586 2487 2653 2540 iis
2686 2484 3020 2555 virginitatis
3060 2499 3259 2537 nomen
3319 2498 3427 2537 non
3477 2481 3689 2535 tribue-

2103 2582 2291 2637 batur.
2315 2578 2522 2635 llorum
2571 2586 2758 2632 autem
2789 2578 3035 2631 omnium
3074 2576 3274 2644 [rantes
3309 2574 3479 2629 divini
3509 2574 3694 2627 vultus

2104 2674 2318 2730 lumine
2380 2674 2609 2743 signata:
2666 2671 3109 2739 conspiciuntur,
3140 2683 3236 2737 per
3276 2666 3424 2736 quod
3478 2666 3689 2737 angi-lis

2103 2765 2631 2823 exterminatm'ibus
2684 2762 2979 2820 venerandi
3036 2778 3100 2817 ac
3141 2760 3523 2816 formidabiles
3584 2776 3682 2830 ap-

2105 2868 2318 2930 parent.

2174 2951 2318 3018 XIV,
2348 2950 2404 3016 2,
2439 2950 2494 3005 5.
2530 2949 2598 3003 Et
2638 2950 2816 3003 audivi
2848 2964 3019 3002 vocem
3066 2948 3129 3001 de
3155 2957 3285 3000 creto
3319 2956 3577 3014 tanquam
3608 2961 3696 2998 vo-

2107 3060 2219 3100 cent
2246 3059 2510 3113 aquarum
2545 3041 2863 3105 multarum,
2888 3051 2938 3094 et
2966 3050 3227 3109 tanquam
3261 3055 3437 3092 vocem
3471 3038 3696 3091 tonitrni

2108 3136 2310 3207 magni,
2350 3147 2398 3190 et
2448 3151 2624 3189 vocem
2652 3150 2811 3204 quant
2857 3134 3072 3197 audiri,
3110 3133 3247 3185 sicut
3282 3130 3696 3185 citharoedorum

405 3225 627 3288 ζόιτων
661 3227 731 3279 ἐν
776 3226 907 3292 ταῖς
958 3225 1226 3294 κιθάραις
1292 3223 1513 3290 αὐτῶν,
1577 3224 1670 3278 καὶ
1729 3222 2000 3291 ᾀδόντων

2106 3230 2547 3285 citltarizantium
2570 3228 2626 3281 in
2651 3227 2872 3280 citharis
2912 3228 3023 3279 suis
3058 3240 3075 3278 :
3116 3234 3165 3278 et
3219 3225 3509 3278 cantabant
3538 3224 3695 3293 quasi

560 3319 724 3387 ᾠδὴν
743 3318 965 3387 καινὴν
985 3319 1245 3373 ἐνώπιον
1279 3318 1386 3372 τοῦ
1419 3320 1660 3385 θρόνου,
1699 3316 1797 3369 καὶ
1844 3314 1988 3369 ἐνώ-

414 3425 555 3467 arar
580 3413 696 3467 τῶν
725 3411 1040 3481 τεσσάρων
1067 3410 1224 3473 ζώων
1261 3411 1362 3465 καὶ
1400 3408 1522 3463 τῶν
1549 3406 1994 3477 πρεσϐυτέρων.

501 3506 560 3558 Ἠ
580 3504 646 3557 δὲ
660 3504 831 3573 φωνὴ
856 3504 975 3558 τῶν
1000 3502 1253 3558 πολλῶν
1273 3500 1512 3559 ὑδάτων
1531 3500 1631 3554 καὶ
1672 3498 1785 3569 τῆς
1811 3500 1998 3568 ,ϐρον-

413 3593 525 3662 τῆς
546 3593 782 3650 καὶτῶν
806 3594 1225 3665 κιθαριζόντων
1281 3595 1344 3650 τὸ
1373 3592 1699 3666 διαπρύσιον
1721 3592 1873 3663 δηλοῖ
1900 3592 2000 3663 τῆς

405 3687 521 3741 τῶν
552 3688 725 3757 ἁγίων
751 3689 1046 3758 ὑμνῳδὶας,
1081 3691 1177 3742 καὶ
1221 3690 1321 3759 τῆς
1369 3686 1645 3759 ἐμμελοῦς
1688 3685 1869 3740 αὐτῶν
1907 3685 2003 3739 καὶ

408 3780 611 3851 εὐήχου
641 3780 739 3834 καὶ
766 3782 1060 3851 συμφώνου
1078 3780 1245 3853 ᾠδῆς,
1277 3782 1378 3851 τῆς
1419 3782 1603 3836 πᾶσαν
1626 3780 2003 3852 περιηχούσης

407 3872 510 3944 τὴν
531 3873 639 3927 τῶν
656 3874 1171 3947 ἀπογεγραμμένων
1187 3876 1246 3929 ὲν
1266 3874 1481 3945 οὐρανῷ
1500 3874 1862 3945 πρωτοτόκων
1878 3873 2004 3927 Ἐκ-

409 3964 643 4037 κλησίαν
675 3966 772 4020 καὶ
804 3968 1139 4039 πανήγυριν,
1170 3966 1449 4039 ⁴καθάπερ
1478 3968 1536 4019 ὲν
1573 3965 2006 4039 συμφωνίᾳχορ·

408 4058 541 4125 δῶν,
577 4063 644 4132 τῇ
694 4059 805 4114 τῶν
851 4060 1027 4129 ἁγίων
1080 4059 1359 4132 συμπνοίᾳ
1406 4059 1801 4131 ἐξηχουμένηνο
1834 4062 1900 4131 ἢν
1933 4061 2001 4131 τῇ

410 4153 682 4222 νεκρώσει
716 4153 827 4207 τῶν
855 4153 950 4208 τοῦ
976 4152 1231 4225 σώματος
1262 4151 1573 4223 ἐπιθυμιῶν
1603 4152 2002 4225 κατώρθωσαν.

412 4244 638 4317 Ταύτην
676 4245 735 4299 δὲ
778 4245 876 4318 τὴν
903 4245 1094 4317 ᾠδὴν,
1126 4245 1305 4310 οὐδεὶς
1362 4246 1552 4318 ἕτερος
1599 4246 1817 4315 μαθεῖν,
1843 4246 2005 4317 φησὶ,

410 4335 661 4404 δύναται,
696 4337 838 4412 πλὴν
873 4340 1054 4395 αὐτῶν
1078 4339 1246 4394 ’διότι
1269 4337 1347 4410 τῷ
1377 4339 1566 4411 μέτρῳ
1584 4342 1681 4409 τῆς
1729 4338 2007 4401 πολιτείας

414 4432 513 4485 καὶ
534 4432 785 4503 ὴγνῶσις
820 4433 1357 4504 συμπαρεκτείνεται
1383 4450 1395 4461 ·
1433 4432 1579 4487 καθὰ
1622 4433 1858 4495 καὶτοῖς
1909 4433 2007 4485 ἁν-

412 4524 654 4595 θρὼπων
682 4525 926 4590 οἰκέταις
964 4524 1249 4594 ἀναλόγως
1275 4528 1343 4597 τῇ
1376 4524 1562 4597 εὐνοίᾳ
1592 4526 1627 4595 ἡ
1654 4525 1765 4577 τῶν
1809 4523 2000 4577 δεσπο-

408 4618 591 4673 τικῶν
623 4620 943 4692 μυστηρίων
975 4620 1286 4691 φανέρωσις
1318 4619 1544 4673 δίδοται.

2106 3323 2374 3377 canticum
2401 3336 2589 3373 novum
2619 3327 2739 3372 aute
2768 3317 2960 3381 sedem,
2997 3325 3044 3370 et
3070 3325 3190 3369 ante
3229 3324 3458 3383 quatuor
3492 3316 3698 3368 aninm-

2104 3415 2177 3469 lia
2204 3424 2253 3468 et
2274 3413 2528 3468 seniores.

2188 3506 2300 3562 Vos;
2347 3506 2639 3560 multarunt
2700 3521 2962 3576 aquarunt
3016 3520 3276 3574 sonusque
3344 3502 3576 3556 tonitrui
3640 3510 3692 3569 et

2106 3599 2568 3658 citharizantium.
2609 3597 2938 3669 hymnorum
2988 3605 3041 3650 et
3073 3595 3315 3659 laudum,
3346 3609 3483 3663 quas
3520 3593 3694 3648 sancti

2108 3691 2386 3755 fundunt,
2426 3690 2753 3754 claritatem,
2806 3688 3035 3757 odioque
3086 3696 3140 3740 et
3190 3686 3454 3741 carminis
3511 3687 3697 3741 suavi-

2108 3794 2275 3841 tatem
2318 3782 2947 3855 et60consonantiam
2991 3781 3304 3851 signiﬁcant
3349 3797 3362 3833 :
3402 3780 3485 3833 Ine
3533 3795 3697 3834 nam-

2108 3891 2237 3947 que,
2272 3875 2447 3931 instar
2477 3874 2809 3930 chordarum
2837 3874 3063 3929 cithara:
3092 3881 3215 3942 apte
3245 3874 3697 3940 compositurum,

2108 3982 2206 4038 per
2256 3967 2568 4021 universam
2622 3963 2947 4029 Ecclesiam,
2987 3976 3302 4033 emtumque
3364 3964 3699 4033 primogeni-

2110 4068 2292 4115 torum
2346 4057 2400 4111 in
2455 4057 2596 4113 caalo
2642 4057 3072 4127 descriptorum,
3108 4057 3215 4111 late
3261 4057 3697 4110 circumsonant.

2110 4151 2405 4206 Enimvero
2438 4150 2585 4221 quod
2630 4158 2713 4204 est
2757 4149 3029 4204 concinna
3062 4148 3253 4202 tidium
3310 4148 3694 4209 COIISOIlalllia,

2110 4245 2219 4299 hoc
2260 4250 2577 4297 sanctorum
2610 4247 2697 4296 est
2750 4242 3064 4303 consensio,
3110 4248 3411 4308 mutuaque
3464 4240 3606 4293 inter
3638 4253 3695 4292 se

2110 4335 2452 4406 conspiratio
2488 4358 2501 4391 ;
2539 4334 2609 4388 ad
2648 4349 2770 4403 qua:
2816 4334 2956 4386 viam
3009 4331 3185 4385 munit
3218 4332 3460 4387 carnalis
3496 4344 3695 4384 sensus

2112 4427 2462 4484 niortilicatio
2496 4466 2510 4493 ,
2568 4427 2970 4494 libidinumque
3032 4424 3284 4493 corporis
3330 4421 3694 4493 compressio.

2110 4523 2380 4578 Caeterum
2414 4522 2696 4583 musicam,
2719 4520 2785 4573 de
2811 4534 2915 4589 qua
2940 4519 3027 4573 hic
3058 4532 3264 4582 sermo,
3295 4530 3457 4572 nemo
3489 4515 3697 4568 discere

2042 4604 2206 4671 Dant
2252 4632 2452 4672 canere
2509 4624 2723 4685 poterat
2767 4622 2964 4684 prazter
3014 4628 3110 4667 eos
3158 4628 3299 4681 quos
3362 4606 3695 4677 virginitatis

413 4716 601 4773 cultus
656 4716 1082 4773 condecorahat.
1141 4716 1599 4786 Quandoquidem
1661 4715 1991 4788 cognitionis
2030 4731 2293 4771 mensura
2344 4724 2511 4769 casta:
2563 4711 3001 4769 conversationis
3045 4719 3101 4764 ct
3164 4708 3505 4778 integritatis
3538 4721 3696 4761 men-

415 4828 565 4869 surae
644 4812 1223 4879 commensurabitur;
1265 4815 1726 4884 quemadmodum
1780 4823 2118 4870 secretorum
2154 4812 2529 4867 manifestatio
2583 4812 2868 4878 obtingere
2950 4808 3089 4863 solet
3158 4807 3333 4862 servis
3394 4806 3699 4861 secundum

418 4910 854 4980 mngnitudinem
896 4909 1289 4966 familiaritatis
1347 4926 1469 4981 qua:
1518 4909 1626 4966 illis
1686 4925 1812 4965 cum
1869 4909 2113 4966 dominis
2165 4908 2511 4971 intercedit;
2565 4917 2659 4961 aut
2708 4921 2807 4975 pro
2891 4902 3284 4958 boiievolentitc
3322 4903 3534 4956 ratione
3592 4918 3697 4971 qua

420 5004 630 5060 d-nuini
663 5020 793 5075 erga
838 5003 962 5061 illos
1000 5003 1179 5059 affecti
1210 5010 1362 5059 sunt.

495 5097 601 5151 Kal
622 5097 822 5165 οὐδεὶς
852 5096 1119 5167 ἠδύνατο
1152 5096 1364 5166 μαθεῖν
1390 5094 1507 5164 τὴν
1530 5094 1719 5166 ᾠδὴν,
1750 5098 1801 5149 εὶ
1825 5094 1912 5165 μὴ
1940 5096 2000 5149 al
2078 5126 2085 5129 -

415 5193 636 5247 ἐκατέν
662 5189 1418 5260 τεσσαρωοντατέσσαρες
1447 5186 1736 5255 χιλιάδες,
1768 5188 1824 5240 οὶ
1852 5186 1998 5255 ἠγο-

416 5284 708 5355 ρασμένοι
736 5284 855 5339 ἀπὸ
897 5283 1008 5352 τῆς
1050 5283 1184 5353 τῆς.
1213 5277 1393 5338 Οὗτοί
1420 5283 1579 5334 εἰσιν
1607 5279 1665 5333 οἳ
1696 5279 1846 5349 μετά
1893 5298 2002 5349 γυ-

418 5378 644 5433 ναικῶν
679 5379 791 5432 οὐκ
826 5378 1258 5446 ἐμολύνθησαν
1287 5391 1301 5405 ο
1334 5373 1620 5442 παρθένοι
1650 5373 1761 5444 γάρ
1806 5374 1999 5427 εἰσιν·

416 5466 587 5525 οὗτοι
614 5468 817 5542 [εἰσιν]
840 5470 894 5522 οἱ
943 5466 1426 5533 ἀκολουθοῦντες
1466 5466 1547 5532 τῷ
1590 5464 1802 5533 Ἀρνίῳ
1841 5464 1996 5517 ὅπου

421 5563 505 5618 ἂν
557 5563 758 5632 ὑπάγῃ
793 5577 811 5594 ⁶
871 5557 1038 5617 οὗτοι
1074 5559 1515 5629 ἠγοράσθησαν
1564 5557 1682 5612 ἀπὸ
1743 5555 1863 5611 τῶν
1900 5558 2005 5611 ἀνα

428 5659 695 5724 θρώπων,
728 5653 972 5723 ἀπαρχὴ
1009 5652 1088 5719 τῷ
1129 5652 1252 5719 Θεῷ
1281 5653 1379 5707 καὶ
1415 5651 1495 5717 τῷ
1538 5652 1738 5719 Ἀρνίφ
1774 5667 1787 5681 ·
1816 5650 1915 5703 καὶ
1939 5651 2010 5704 ἐν

430 5747 508 5811 τῷ
539 5748 791 5815 στόματι
819 5743 1019 5802 αὐτῶν
1046 5746 1163 5816 οὐχ
1193 5745 1407 5813 εὑρέθη
1454 5742 1707 5811 ψεῦδος.
1748 5742 2010 5812 Ἀμωμοι

429 5840 536 5911 γάρ
559 5842 699 5895 εἱσι.

2188 5090 2331 5153 XIV,
2364 5088 2481 5143 5-3.
2527 5085 2591 5139 Et
2636 5102 2785 5139 nemo
2812 5093 3018 5152 poterat
3042 5082 3245 5135 discere
3267 5084 3552 5144 canticum,
3597 5083 3700 5134 nisi

2108 5186 2205 5239 illa
2253 5193 2458 5238 centum
2498 5179 2855 5250 quadraginta
2895 5186 3130 5246 quatuor
3165 5176 3357 5239 millia,
3390 5176 3479 5241 qui
3532 5178 3698 5243 empti

2107 5291 2230 5335 sunt
2255 5280 2320 5331 de
2352 5286 2515 5329 terra.
2552 5270 2623 5325 lli
2650 5280 2773 5323 sunt
2794 5271 2883 5340 qui
2915 5285 3035 5323 cum
3085 5269 3393 5323 mulieribus
3437 5283 3539 5319 non
3568 5276 3700 5319 sunt

2115 5369 2445 5441 coinquinati
2502 5384 2519 5421 :
2579 5364 2805 5434 virgines
2846 5363 2989 5417 enim
3053 5372 3198 5418 sunt.
3268 5361 3338 5414 Ili
3407 5370 3699 5431 sequuntur

2116 5470 2317 5538 Agnunt
2351 5474 2658 5532 quocunque
2690 5456 2862 5510 iverit.
2889 5457 2961 5509 Hi
2985 5457 3145 5524 empti
3164 5466 3284 5507 sunt
3312 5471 3375 5507 ea:
3396 5454 3699 5506 hominibus

2109 5558 2362 5631 primitiw
2400 5556 2504 5607 Deo
2538 5561 2585 5605 et
2615 5550 2799 5620 Agna;
2851 5558 2899 5603 et
2932 5550 2986 5602 in
3022 5564 3110 5600 ore
3140 5563 3321 5600 eorum
3365 5564 3467 5600 non
3512 5556 3587 5599 est
3619 5547 3697 5597 in—

2111 5662 2321 5709 ventum
2368 5646 2735 5710 mendacium;
2768 5642 2881 5696 sine
2936 5638 3147 5693 macula
3196 5638 3333 5690 cnim
3390 5645 3514 5691 sunt
3570 5646 3694 5690 ants

2112 5748 2355 5801 thronum
2394 5743 2505 5798 Dei.
