4102 6424
463 349 568 413 367

1662 348 1992 409 ANDREIE
2026 347 2549 410 QESARIENSIS

3654 333 3770 396 343

540 459 726 516 Futuri
777 458 968 516 saeculi
1024 467 1267 522 statum,
1300 455 1356 513 in
1417 473 1529 528 quo
1583 460 1782 530 impios
1834 461 2040 514 nullam

2220 459 2327 513 Καὶ
2361 461 2471 512 οὐκ
2489 458 2744 527 ἔχουσιν
2761 453 3115 509 ἀνάπαυσιν
3138 449 3362 520 ’ἡμέρας
3382 449 3480 502 καὶ
3502 449 3773 512 νυκτός.

461 554 708 623 requiem
745 553 1027 608 habituros
1051 552 1326 623 praedicit,
1357 553 1496 605 diem
1535 568 1597 605 ac
1624 564 1828 606 nectent
1858 565 2048 620 vocat;

463 662 574 702 nou
631 645 790 716 quasi
834 645 910 698 ibi
960 653 1137 698 exstet
1171 643 1412 712 spatium
1466 645 1614 712 quod
1664 645 1864 699 diurno
1923 647 2056 701 solis

465 747 618 792 iuotu
661 745 1048 801 mensuretur;
1098 735 1193 788 sed
1223 735 1349 803 quia
1371 735 1438 790 ad
1471 737 1756 798 praesentis
1791 740 2056 807 temporis

464 826 945 891 Consuetudinem,
986 826 1130 896 quod
1160 842 1258 896 per
1288 836 1473 882 noctes
1497 838 1548 882 et
1597 829 1712 882 dies
1740 829 2054 896 coniicitur,

467 926 940 974 numeraturzaut
961 932 1052 987 per
1071 918 1234 980 diem,
1273 918 1397 972 vita:
1427 919 1566 972 ratio
1599 937 1763 990 quam
1782 922 1954 975 sancti
1979 931 2059 976 te-

465 1020 616 1078 nent,
642 1010 963 1076 denotatur;
989 1025 1085 1078 per
1106 1017 1308 1062 noctem
1344 1020 1525 1064 autem
1563 1011 1854 1079 inlpiorum
1882 1013 2058 1066 homi-

463 1115 596 1154 num
622 1099 937 1161 cruciatus;
965 1114 1102 1167 quos
1127 1114 1237 1168 prae
1259 1103 1470 1154 caeteris
1503 1101 1644 1167 apud
1680 1101 1886 1155 inferos
1908 1101 2060 1156 luent

465 1191 544 1245 illi
584 1188 679 1260 qui
716 1205 811 1259 per
841 1205 906 1244 ea
941 1205 1062 1258 qum
1090 1198 1425 1259 perpetrant,
1461 1189 1662 1245 diaboli
1687 1192 1929 1246 studium
1958 1209 2026 1247 ne

464 1283 744 1354 [ariasque
773 1282 1023 1352 eiusdem
1059 1291 1249 1337 contra
1301 1282 1584 1338 Christum
1645 1283 2055 1353 blasphemias,

463 1377 623 1445 quasi
650 1377 717 1431 ad
768 1376 953 1429 vivum
1007 1376 1344 1444 exprimunt,
1380 1376 1588 1445 quique
1644 1377 1948 1445 pessimum
2001 1383 2057 1429 et

469 1467 677 1523 infame
744 1467 877 1522 illud
947 1467 1274 1522 Antichristi
1325 1483 1561 1532 nomen,
1621 1477 1881 1540 tanquam
1945 1484 2057 1524 rem

466 1560 767 1630 pretiosam
791 1559 1055 1614 cordibus
1079 1561 1198 1614 suis
1228 1559 1560 1615 inscribunt.

540 1649 680 1716 XIV,
717 1652 803 1706 ιι).
841 1649 941 1703 llic
963 1651 1223 1718 patientia
1269 1663 1573 1705 sanctorum
1621 1661 1720 1718 est,
1755 1651 1846 1721 qui
1877 1661 2059 1705 custo-

467 1741 622 1809 diunt
651 1741 910 1798 mandata
940 1741 1040 1797 Dei
1110 1752 1159 1797 et
1187 1741 1348 1810 ﬁdem
1373 1741 1526 1798 Jesu.

2157 581 2228 591 —-
2267 549 2520 618 Ἡμέραν
2537 548 2635 602 καὶ
2658 548 2847 604 νύκτα
2877 545 3050 612 λέγει,
3083 543 3182 612 οὐχ
3211 541 3286 602 ὡς
3314 539 3452 609 ἡλίῳ
3506 552 3765 608 μετρου-

2163 642 2335 712 μένην
2372 640 2471 710 τὴν
2501 638 2596 692 τοῦ
2642 637 2930 709 μέλλοντος
2953 634 3152 696 αἰῶνος
3188 631 3554 691 κατάστασιν,
3616 628 3682 680 ὲν

2163 737 2236 806 μὴ
2271 735 2415 804 ἔχειν
2440 734 2746 787 ἀνάπαυσιν
2772 731 2901 792 τοὺς
2926 727 3148 788 ἀσεϐεῖς
3191 721 3570 796 προαγορεύει
3599 738 3616 752 ο
3649 719 3776 772 ἀλλ’

2160 827 2192 898 ἢ
2223 829 2359 900 πρὸς
2389 826 2488 895 τὴν
2522 827 2580 878 ὲν
2605 824 2682 894 τῷ
2719 824 2950 893 παρόντι
2985 820 3164 891 χρόνῳ
3204 814 3500 886 συνήθειαν
3529 813 3617 881 τῷ
3651 810 3779 874 νυξὶ

2161 923 2256 974 καὶ
2289 921 2528 991 ἡμέραις
2570 917 2966 991 ἁριθμουμένῳ
2987 931 3000 945 ο
3031 914 3064 984 ἢ
3101 911 3322 981 ἡμέρας
3364 909 3486 979 μὲν,
3515 907 3628 974 τῆς
3660 908 3776 958 τῶν

2163 1013 2335 1081 ἁγίων
2361 1013 2507 1080 ζωῆς
2533 1010 2858 1079 νοουμένης·
2886 1006 3112 1070 νυκτὸς
3135 1004 3212 1066 δὲ,
3243 1003 3346 1072 τῆς
3367 1000 3481 1054 τῶν
3505 997 3775 1068 βεϐήλων

2164 1104 2463 1167 κολάσεως·
2491 1098 2558 1175 ἧς
2581 1102 2864 1168 τεύξονται
2888 1101 2938 1152 oi.
2957 1099 3056 1162 τὰς
3075 1095 3389 1158 διαϐολικὰς
3413 1094 3661 1163 πράξεις
3675 1093 3778 1146 καὶ

2162 1197 2259 1259 τὶς
2295 1197 2439 1248 κατᾶ
2471 1193 2709 1266 Χριστοῦ
2747 1190 3122 1262 βλασφημίας,
3147 1188 3217 1241 δι’
3271 1180 3346 1239 ὧν
3397 1186 3778 1255 πράττουσιν,

2163 1286 2543 1350 είκονίζοντες,
2575 1284 2673 1356 τὴν
2703 1283 2892 1336 εἰκόνα
2911 1279 3008 1334 τοῦ
3029 1277 3338 1333 ἀποστάτου
3374 1277 3551 1348 θηρὸς
3578 1277 3680 1330 καὶ
3712 1274 3778 1328 τὸ

2162 1377 2354 1431 τούτου
2407 1377 2579 1446 ὄνομα
2624 1377 2746 1438 ταῖς
2788 1373 2998 1427 ἑαυτῶν
3029 1368 3284 1440 καρδίαις
3321 1368 3406 1440 [τὸ
3434 1366 3670 1440 ἄτιμον]
3697 1365 3780 1430 ὡς

2163 1470 2345 1540 τίμιον
2363 1470 2820 1540 ἐγχαράττοντες.

2235 1642 2378 1704 Ὧδε
2405 1651 2442 1716 ἡ
2486 1646 2764 1717 ὑπομονὴ
2796 1643 2916 1699 τῶν
2959 1644 3146 1713 ἁγίων
3173 1642 3347 1697 ἐστίν
3371 1656 3385 1671 ·
3413 1635 3536 1695 ὧδε
3574 1641 3636 1695 οἱ
3675 1655 3778 1706 τη-

2161 1742 2417 1812 ροῦντες
2452 1739 2557 1804 τὰς
2587 1738 2845 1803 ἐντολὰς
2879 1735 3009 1808 [τοῦ
3040 1732 3211 1806 Θεοῦ]
3247 1733 3343 1787 καί
3374 1731 3491 1800 τὴν
3550 1731 3780 1784 πίστιν

2098 1821 2139 1876 Β
2181 1835 2382 1900 Ἰησοῦ
2436 1829 2770 1904 [Χριστοῐη.

540 1922 722 1993 lmpii,
751 1923 846 1989 ait,
875 1931 999 1994 post
1027 1923 1170 1980 hanc
1187 1923 1354 1979 vitam
1390 1923 1442 1978 in
1463 1940 1626 1980 omne
1645 1941 1819 1979 :evum
1841 1933 2061 1996 terque-

2236 1921 2376 1978 Ὧδε
2401 1924 2436 1990 ἡ
2459 1920 2732 1991 ὑπομονὴ
2752 1918 2872 1974 τῶν
2893 1919 3078 1990 ἁγίων
3099 1919 3293 1972 ἐστίν.
3326 1949 3390 1960 —-
3408 1915 3474 1970 Οί
3509 1914 3620 1984 μὲν
3648 1915 3777 1966 ἐσε-

468 2004 695 2066 bnntur.
731 2014 799 2066 At
861 2014 1039 2068 sancti
1091 2029 1244 2079 vero,
1286 2013 1381 2083 qui
1414 2013 1503 2068 hic
1535 2014 1814 2082 patientia:
1847 2012 2061 2068 fer-titu-

2171 2017 2306 2080 6εἴς,
2337 2014 2492 2085 φησι,
2533 2010 2799 2082 διηνεκῶς
2832 2012 2889 2063 ὲν
2931 2009 3008 2080 τῷ
3041 2009 3289 2078 μέλλοντι
3321 2009 3480 2061 αἰῶνι
3533 2007 3778 2076 βασανι-

471 2103 656 2159 dinem
684 2106 1001 2170 ostendunt,
1027 2115 1082 2160 et
1112 2116 1359 2176 tempore
1393 2106 1499 2160 hoc
1528 2106 1676 2172 quod
1719 2107 1830 2162 cito
1867 2115 2061 2176 priete-

2171 2108 2460 2178 σθήσονται
2487 2121 2501 2134 ·
2525 2107 2574 2158 oi
2597 2105 2653 2157 δὲ
2688 2104 2856 2172 ἆγιοι,
2889 2096 2992 2156 ὦδε
3019 2102 3120 2171 τὴν
3146 2103 3245 2171 τῆς
3287 2101 3576 2170 ὑπομονῆς
3635 2115 3780 2168 καρ-

472 2194 566 2263 rit,
601 2197 782 2250 divina
838 2205 1105 2266 praecepta
1147 2197 1383 2252 ﬁdeliter
1430 2197 1774 2263 custodiunt,
1810 2207 1866 2252 et
1904 2197 2061 2252 (idem

2171 2197 2358 2268 τερίαν
2409 2196 2842 2257 ἐπιδείκνυνται,
2908 2195 2970 2248 ὲν
3021 2193 3201 2266 χρόνῳ
3255 2193 3473 2263 ταχέως
3545 2191 3778 2262 παραρο

467 2303 592 2358 qnze
649 2288 702 2344 in
754 2288 1038 2345 Christum
1099 2298 1204 2351 est.
1239 2288 1558 2345 inviolatam
1625 2299 1980 2355 conservant,
2013 2289 2061 2344 in

2171 2291 2374 2362 ῥέοντι,
2433 2289 2533 2352 τὰς
2563 2287 2716 2350 θείας
2749 2287 2970 2351 ἐντολὰς
3005 2287 3100 2340 καὶ
3123 2287 3222 2356 τὴν
3261 2286 3338 2349 εἰς
3382 2284 3636 2356 Χριστὸν
3681 2283 3779 2335 πί-

467 2391 739 2434 a'ternutn
775 2394 900 2434 cum
931 2379 1026 2436 illo
1062 2381 1390 2451 regnabunt.

2171 2397 2289 2435 στιν
2309 2381 2506 2436 ἄσυλον
2538 2380 2922 2451 φυλάττοντες.

541 2491 682 2554 XIV,
717 2493 800 2544 i5.
843 2491 908 2545 Et
933 2491 1117 2546 audivi
1143 2509 1317 2546 uocem
1340 2493 1404 2546 de
1437 2493 1570 2546 casio
1599 2493 1858 2546 direutem
1887 2492 2019 2546 mihi
2047 2508 2061 2548 .‘

2239 2495 2346 2549 Kal
2397 2493 2640 2564 ἤκουσα
2673 2492 2879 2564 φωνῆς
2916 2495 2986 2549 ἐκ
3019 2495 3129 2548 τοῦ
3167 2491 3431 2561 οὐρανοῦ
3449 2491 3777 2561 λεγούσης

472 2581 656 2638 Scribe
683 2599 702 2638 :
743 2583 900 2638 Beati
949 2585 1145 2638 mortui
1188 2586 1276 2654 qui
1313 2586 1367 2638 in
1405 2585 1629 2639 Domino
1681 2585 2001 2649 moriuntur,
2035 2602 2061 2639 tl

2171 2604 2284 2657 μοι’
2326 2587 2597 2656 Γράψον·
2654 2585 2946 2654 Μακάριοι
2986 2587 3040 2640 οἱ
3083 2585 3288 2654 νεκροί
3338 2586 3393 2638 ot
3440 2583 3515 2637 ἐν
3573 2583 3778 2649 Κυρίῳ

470 2677 650 2729 modo.
680 2675 841 2739 Sane,
874 2676 1004 2730 dicit
1029 2675 1264 2745 Spiritus
1295 2693 1311 2731 :
1339 2685 1396 2730 ut
1441 2678 1773 2746 requiescant
1796 2694 1829 2731 α
1867 2676 2061 2731 labori-

2171 2678 2663 2746 ἀποθνήσκοντες
2683 2676 2924 2747 ἀπάρτι.
2948 2678 3085 2741 Ναί,
3107 2675 3270 2748 λέγει
3291 2674 3652 2745 τὸΠνεῦμαο
3673 2675 3777 2726 ἵνα

471 2769 567 2822 bus
592 2784 612 2834 ,°
635 2784 793 2839 opera
817 2779 991 2824 autem
1025 2769 1242 2824 illorum
1276 2780 1570 2842 sequuntur
1615 2770 1763 2826 illos.

2171 2772 2641 2826 ἀνακαύσωνται
2664 2771 2736 2824 ἐκ
2768 2769 2889 2823 τῶν
2918 2771 3126 2824 κόπων
3152 2767 3371 2824 αὐτῶν.
3407 2771 3483 2822 Τὰ
3525 2767 3598 2820 δὲ
3625 2768 3774 2835 ἔργα

2167 2859 2370 2916 αὐτῶν
2399 2861 2728 2916 ἀκολουθεῖ
2746 2863 2874 2930 μετ’
2907 2859 3129 2915 αὐτῶν.

548 2949 662 3006 Vox
689 2950 756 3008 de
780 2951 936 3007 'cmlo
976 2951 1124 3021 lapsa
1149 2992 1164 3018 ,
1200 2966 1310 3004 non
1344 2965 1536 3004 omnes
1583 2959 1831 3004 mortuos
1877 2948 2061 3006 beatos

2259 2957 2323 3010 Ἦ
2349 2955 2407 3009 δὲ
2441 2958 2504 3010 ἐκ
2539 2954 2634 3008 τοῦ
2687 2953 2918 3026 οὐρανοῦ
2955 2952 3107 3024 φωνὴ
3131 2952 3190 3006 οὐ
3217 2951 3427 3014 πάντας
3461 2948 3774 3022 μακαρίζει

473 3044 760 3112 ιιι-ιο-ιὶοειι,
810 3043 905 3098 sed
948 3043 1071 3099 illos
1097 3042 1366 3098 duntaxat
1400 3044 1496 3114 qui
1570 3043 1624 3097 in
1660 3043 1889 3099 Domino
1945 3043 2061 3099 vita

2171 3047 2301 3111 τοὺς
2332 3048 2581 3116 νεκροὺς.
2609 3044 2748 3098 ἀλλὰ
2779 3045 2910 3108 τοὺς
2951 3045 3010 3096 ἐν
3039 3043 3230 3113 Κυρίῳ
3285 3042 3769 3112 ἀποθνήσκοντας,

475 3136 648 3190 ﬁnem
684 3135 939 3191 faciunt:
973 3135 1287 3205 cuiusmodi
1323 3135 1466 3188 inter
1502 3143 1730 3189 ra'teros
1779 3143 1929 3200 sunt,
1969 3135 2061 3204 qui

2173 3136 2300 3198 τοὺς
2335 3133 2716 3206 νεκρωθέντας
2756 3131 2834 3204 τῷ
2862 3135 3073 3204 κόσμῳ,
3109 3134 3205 3186 καὶ
3238 3132 3338 3203 τὴν
3368 3133 3649 3203 νέκρωσιν
3675 3131 3770 3183 τοῦ

467 3226 584 3296 jam
612 3237 742 3282 ante
771 3227 976 3282 mundo
993 3226 1221 3291 mortui,
1254 3225 1456 3280 Christi
1491 3223 1626 3280 Jesu
1679 3225 2067 3281 mortiﬁcatio-

473 3335 597 3375 nem
627 3320 680 3375 in
719 3335 948 3392 corpore
982 3335 1084 3376 suo
1117 3321 1429 3389 portabant,
1469 3333 1753 3389 unamque
1792 3334 1919 3374 cum
1973 3318 2067 3374 illo

471 3423 693 3465 crucem
725 3410 1212 3467 circumferebant.
1237 3407 1455 3464 Talium
1490 3425 1730 3481 namque
1753 3426 1819 3464 ex
1840 3425 2068 3480 corpore

469 3503 673 3568 exitus,
708 3518 892 3559 veram
949 3518 981 3558 a
1030 3502 1312 3559 laboribus
1367 3503 1623 3572 requiem
1676 3501 1862 3558 affert.
1911 3501 2068 3568 Quod

471 3605 653 3649 autem
676 3611 745 3652 ex
778 3595 1040 3666 operibus
1064 3595 1334 3660 nascitur,
1357 3593 1491 3648 illud
1521 3593 2067 3649 innnarcescibilium

469 3700 804 3741 coronarum
839 3685 1325 3756 gloriosorumque
1357 3683 1709 3755 praemiorum
1731 3699 1900 3740 causa
1919 3683 2070 3740 exsi-

472 3779 591 3834 stit.
621 3779 754 3845 Quae
785 3777 1004 3848 quidem
1040 3791 1262 3832 corona:
1287 3785 1343 3832 et
1381 3775 1606 3846 praemia
1674 3777 1863 3832 multis
1897 3776 2070 3847 parti-

476 3871 582 3925 bus
635 3872 910 3925 excedunt
951 3870 1254 3925 certamina
1305 3877 1360 3924 et
1396 3883 1594 3940 pugnae
1650 3869 1890 3937 labores,
1921 3883 2066 3939 quos

475 3964 688 4020 Christi
725 3962 817 4018 Dei
841 3963 1016 4018 nostri
1050 3963 1254 4019 milites
1281 3973 1475 4018 contra
1500 3962 1731 4017 virtutes
1755 3971 1809 4017 et
1831 3970 2069 4031 potesta-

479 4065 563 4112 trs
589 4071 712 4126 quae
735 4055 836 4109 sub
857 4064 1144 4125 aspectum
1164 4070 1272 4108 non
1304 4054 1529 4118 cadunt,
1565 4051 1858 4109 desudant.
1881 4050 2072 4122 Neque

472 4151 621 4204 enim
672 4149 956 4220 praesentis
984 4147 1109 4202 vitae
1144 4147 1432 4218 passiones
1486 4146 1776 4216 condignae
1813 4155 1944 4202 sunt
1998 4144 2068 4199 ad

2183 3226 2358 3298 Ἰησοῦ
2400 3229 2458 3280 ὲν
2503 3226 2582 3298 τῷ
2611 3225 2826 3296 σώματι
2865 3227 3291 3298 περιφέροντας,
3329 3227 3422 3278 καὶ
3455 3225 3586 3298 ίτῷ]
3642 3227 3773 3295 Χριο

2171 3319 2282 3390 στῷ
2309 3318 2758 3390 συμπάσχοντας.
2803 3319 3066 3380 Ἑκείνοις
3107 3318 3217 3391 γὰρ
3243 3319 3414 3382 ὅντως
3453 3320 3485 3390 ἡ
3524 3319 3625 3372 τοῦ
3663 3318 3774 3372 σώ-

2175 3427 2346 3482 ματος
2396 3409 2600 3474 ἔξοδος,
2635 3409 2824 3464 κόπων
2872 3409 3184 3474 ἀνάπαυσις
3209 3424 3224 3440 ·
3267 3411 3302 3481 ἡ
3341 3409 3399 3462 δὲ
3431 3410 3547 3463 τῶν
3592 3409 3774 3479 ἔργων

2172 3504 2560 3577 ἀκολούθησις,
2611 3504 2898 3574 στεφάνων
2945 3505 3284 3575 ἁμαράντων
3345 3502 3440 3556 καλ⁵
3492 3501 3774 3574 βραϐείων

2169 3594 2329 3664 δόξης
2387 3595 2644 3660 ὑπόθεσις
2679 3611 2691 3626 ·
2751 3595 2933 3666 πολλῷ
2975 3595 3056 3667 τῷ
3101 3595 3287 3666 μέτρῳ
3341 3593 3773 3666 ὑπερνικώντων

2171 3690 2280 3742 τῶν
2315 3688 2568 3742 ἐπάθλων
2595 3688 2721 3752 τοὺς
2748 3688 2968 3753 ἄθλους,
3019 3689 3114 3753 οὓς
3154 3688 3292 3759 πρὸς
3335 3688 3434 3750 τὰς
3493 3687 3773 3757 ἁοράτους

2171 3779 2436 3848 δυνάμεις
2461 3781 2512 3832 οἱ
2547 3777 2789 3851 Χριστοῦ
2825 3778 2920 3832 τοῦ
2975 3777 3112 3832 Θεοῦ
3161 3777 3321 3848 ἡμῶν
3349 3775 3660 3844 ἀγωνισταὶ
3693 3772 3772 3825 δι·

2175 3871 2445 3942 ήθλησαν.
2481 3873 2564 3926 οὐ
2591 3871 2702 3940 γὰρ
2735 3870 2878 3935 ἄξια
2901 3869 2975 3924 τὰ
3003 3868 3322 3938 παθήματα
3345 3867 3452 3922 τοῦ
3483 3868 3608 3922 νῦν
3645 3883 3774 3920 και-

2165 3961 2301 4032 ροῦ,
2331 3963 2480 4031 πρὸς
2527 3962 2644 4028 τὴν
2668 3960 3031 4030 μέλλουσαν
3082 3960 3280 4025 δόξαν
3334 3959 3770 4012 ἀποκαλύπτε-

2173 4060 2313 4112 σθαι
2346 4056 2470 4122 τοῖς
2519 4053 2595 4120 τῷ
2627 4053 2748 4120 Θεῷ
2794 4053 3222 4124 εὐαρεστοῦσι,
3271 4051 3459 4116 καθώς
3515 4067 3689 4122 φησιν
3743 4049 3772 4101 ὁ

2185 4151 2509 4213 ’Δτιόστολος
2538 4167 2552 4181 ·
2581 4143 2650 4222 ἧς
2704 4149 2802 4204 καὶ
2843 4151 2994 4218 ἡμᾶς
3041 4148 3428 4219 ὀρεγομένους,
3469 4143 3768 4202 ἀπαύστως

483 4243 732 4296 futuram
780 4241 1036 4312 gloriam,
1078 4255 1203 4312 quae
1243 4240 1298 4295 in
1339 4239 1470 4305 illis,
1503 4239 1662 4309 juxta
1716 4239 2061 4309 Apostolum,

2173 4243 2258 4297 δεῖ
2305 4243 2386 4313 τῷ
2428 4241 2549 4311 Θεῷ
2601 4241 3030 4312 προσεύχεσθαι,
3083 4239 3344 4308 λέγοντας
3377 4253 3391 4268 °
3427 4237 3628 4291 Κλίνον
3671 4233 3772 4294 τὰς

475 4336 838 4401 revelabitur,
869 4335 964 4406 qui
1015 4335 1123 4391 Deo
1149 4335 1496 4404 placuerunt.
1532 4333 1708 4400 Quam
1760 4332 1804 4387 si
1860 4348 1962 4386 nos
2002 4347 2061 4387 ex

2174 4335 2402 4406 καρδίας
2453 4334 2635 4404 ἡμῶν,
2681 4333 2876 4403 Κύριε,
2914 4335 2995 4396 εἰς
3054 4331 3124 4386 τὰ
3159 4328 3447 4401 μαρτύριά
3472 4345 3568 4382 σου
3607 4344 3622 4358 ο
3675 4323 3770 4377 καὶ

473 4429 660 4484 animo
688 4427 1094 4492 desideramus,
1120 4428 1258 4481 citra
1275 4424 1742 4480 intermissionem
1772 4425 2061 4479 Dominum

2174 4426 2523 4497 ἀπόστρεψου
2548 4427 2676 4489 τοὺς
2702 4425 3021 4496 ὀφθαλμοὺς
3052 4423 3212 4495 ἡμῶν
3242 4423 3309 4477 ἐκ
3329 4421 3511 4492 πάσης
3539 4416 3770 4491 ματαιό-

477 4534 793 4590 precemur,
829 4519 930 4574 hac
985 4519 1068 4572 vel
1103 4518 1209 4572 alia
1269 4517 1436 4572 simili
1497 4516 1748 4571 oratione
1806 4527 2061 4572 utentes:

2179 4534 2342 4586 τητος
2361 4488 2386 4549 ὐ
2422 4488 2518 4571 καὶ
2556 4519 2630 4588 μὴ
2655 4488 2908 4591 εἰσέλθῃς
2933 4518 3014 4580 εἰς
3043 4488 3231 4588 κρίσιν
3261 4515 3402 4586 μετὰ
3431 4488 3553 4567 '1:va
3565 4510 3767 4567 δούλων

475 4611 703 4679 lnclina,
730 4611 1090 4678 Domiuc,cor
1113 4626 1294 4665 meum
1314 4611 1366 4664 in
1387 4609 1704 4664 testimonia
1729 4618 1852 4674 tua;
1880 4617 2061 4664 averte

2181 4625 2275 4660 σου
2310 4625 2324 4639 ο
2367 4609 2449 4662 ὅτι
2478 4608 2538 4661 οὑ
2595 4607 3026 4675 δικαιωθήσεται
3085 4605 3317 4660 ἐνώπιόν
3351 4622 3445 4659 σου
3478 4605 3588 4667 πᾶς
3617 4599 3726 4665 ζῶν
3749 4610 3768 4628 ⁸

477 4703 550 4758 ab
602 4702 754 4757 omni
807 4703 1051 4757 vanitate
1095 4703 1290 4758 oculos
1346 4710 1605 4765 nostros;
1663 4716 1840 4768 neque
1890 4700 2061 4754 intres

2171 4699 2309 4753 ἀλλὰ
2343 4703 2453 4762 τοῖς
2477 4698 2755 4763 πλουσίοις
2785 4717 2880 4752 σου
2907 4700 3218 4771 οίκτιρμοῖς
3245 4693 3550 4764 ἐπίσκεψαι
3575 4690 3726 4762 ἡμᾶς
3748 4700 3765 4715 ⁸

479 4795 534 4849 ἱιι
571 4795 843 4865 judicium
899 4811 1026 4851 cum
1085 4797 1260 4853 servis
1291 4795 1417 4861 tuis,
1460 4793 1728 4860 Domine;
1773 4793 1902 4863 quia
1960 4808 2061 4848 non

2171 4794 2252 4846 ὅτι
2287 4793 2380 4847 σὸν
2417 4790 2502 4865 [τὸ
2534 4792 2685 4855 ἔλεος
2725 4790 2844 4863 καὶ]
2909 4790 2972 4845 τὺ
3025 4791 3230 4860 κράτος
3287 4788 3385 4842 καὶ
3408 4789 3442 4857 ἡ
3493 4780 3763 4856 βασιλεία.

474 4888 873 4958 justiﬁeahitur
904 4888 958 4943 in
991 4895 1290 4958 conspectu
1337 4895 1432 4942 tuo
1467 4885 1650 4942 omnis
1678 4885 1893 4948 vivens,
1929 4883 2061 4953 quin

2171 4883 2268 4938 καὶ
2301 4886 2336 4954 ἡ
2362 4884 2592 4953 δύναμις
2617 4882 2712 4936 καὶ
2733 4884 2767 4953 ή
2791 4882 2946 4948 δόξα,
2973 4881 3072 4934 τοῦ
3107 4879 3322 4950 [ἰατρὸς
3351 4878 3448 4932 καὶ
3482 4875 3575 4929 τοῦ
3636 4866 3763 4924 Υἱσῦ

481 4980 668 5050 potius
699 4981 974 5051 opulentis
1001 4981 1110 5038 tuis
1149 4980 1594 5036 miserationibus
1638 4993 1738 5034 nos
1795 4977 1985 5033 visites
2017 4985 2061 5031 ct

2171 4975 2382 5030 καὶτοῦ
2407 4976 2566 5045 ἁγίου
2614 4973 2958 5045 Πνεῦματος,
2995 4973 3092 5028 νῦν
3129 4973 3227 5027 καὶ
3258 4971 3347 5026 dtsi
3382 4969 3479 5025 καὶ
3511 4969 3590 5030 εἰς
3639 4961 3766 5022 τοὺς

476 5087 730 5146 protegas
763 5092 779 5130 :
807 5077 1069 5146 quoniam
1096 5085 1274 5140 tuum,
1299 5075 1408 5146 63
1440 5073 1618 5138 Pater,
1633 5080 1685 5126 et
1715 5070 1840 5135 Fili,
1866 5079 1919 5124 et
1947 5069 2061 5140 Spi-

2171 5068 2374 5132 αἰῶνας
2405 5067 2512 5122 τῶν
2539 5066 2775 5124 αἰώνων.
2816 5067 3013 5138 Ἀμήν.

481 5170 624 5225 ritus
653 5178 864 5236 sancte,
899 5178 984 5227 est
1017 5171 1335 5242 imperium,
1389 5179 1446 5226 et
1500 5183 1752 5238 regnum,
1784 5175 1839 5223 et
1869 5167 2063 5234 virtus,
2098 5173 2153 5222 et
2181 5166 2374 5238 gloria,
2412 5181 2560 5220 nunc
2596 5172 2652 5221 et
2692 5179 2932 5236 semper,
2957 5172 3013 5220 et
3058 5162 3118 5218 in
3162 5159 3363 5217 saecula
3415 5155 3758 5215 saeculorum.

485 5262 684 5319 Amen.

834 5377 1072 5437 CAPUT
1105 5377 1290 5434 XLIII.
1329 5377 1566 5434 SERMO
1597 5375 1717 5434 XV".

488 5491 559 5550 Ut
594 5493 638 5548 is
667 5496 758 5567 qui
789 5512 948 5567 super
975 5495 1166 5551 nubem
1195 5493 1429 5557 sedebat,
1457 5492 1592 5561 falce
1617 5509 1678 5547 ea
1702 5495 1932 5547 demetal
1955 5507 2073 5562 qua:

1019 5567 1268 5620 oriuntur
1301 5582 1327 5619 e
1352 5574 1516 5619 terra.

558 5694 700 5758 XIV,
737 5700 820 5752 ivi.
859 5697 924 5751 Et
995 5700 1121 5765 ridi,
1164 5711 1213 5754 et
1261 5717 1376 5754 ecce
1436 5699 1623 5752 nubent
1691 5697 1995 5762 candidam,
2029 5708 2080 5754 et

491 5803 638 5859 super
673 5792 856 5846 nube-tt
885 5793 1142 5848 sedentem
1171 5795 1394 5849 sintilcm
1423 5791 1568 5848 Filio
1595 5793 1847 5864 hominis,
1875 5793 2075 5849 haben-

2564 5374 2818 5430 ΚΕΦΑΛ.
2852 5371 2950 5429 ΜΓ
2952 5378 2987 5427 ’.
3021 5368 3242 5425 ΛΟΓΟΣ
3283 5365 3382 5421 IE'.

2183 5493 2378 5556 Ὅπως
2431 5491 2464 5543 ό
2518 5489 2588 5541 ἐν
2615 5487 2689 5557 τῇ
2717 5486 2960 5557 νεφέλη
2986 5483 3326 5557 παρῇμεν-ος
3383 5479 3464 5557 τῷ
3494 5473 3762 5546 δρεπάνῳ

2320 5549 2684 5615 συντελέσεῖ
2710 5549 2874 5613 τὰ’ἐκ
2902 5549 3012 5626 τῆς
3179 5549 3637 5619 ,βλαστάνον-τα.

2251 5701 2358 5759 Καὶ
2403 5696 2571 5755 εἶδον
2603 5715 2617 5729 ·
2651 5699 2752 5753 καὶ
2783 5697 2915 5753 ὶδοὺ
2961 5693 3188 5765 νεφέλη
3234 5689 3429 5758 λευκή
3467 5705 3481 5720 ·
3531 5685 3628 5740 καὶ
3667 5677 3761 5734 ἐστι

2183 5794 2288 5864 τῆς
2331 5793 2592 5863 νεᾷέιιιις
2648 5791 2986 5862 καθήμενος
3039 5788 3242 5859 ὅμοιος
3288 5782 3396 5868 rio“)
3429 5777 3762 5850 ἀνθρώπων,
