4102 6436
469 398 575 462 33.5
1634 380 1961 446 ANDRE/E
1994 377 2510 441 GESARIENSIS
3640 371 3744 432 37:6

465 513 670 580 justus,
709 509 784 564 uti
811 524 1044 580 magnus
1080 503 1316 560 Basilius
1341 501 1755 568 interpretatur,
1786 497 2064 550 transmit-

2189 492 2499 546 νὼσκεσθαι.
2548 490 2636 543 Ἐν
2683 491 2816 562 πυρὶ
2840 490 2948 561 γὰρ
2980 489 3137 561 ὤφθη
3174 488 3252 560 τῷ
3283 487 3492 558 Manlian
3525 486 3554 538 ὁ
3577 484 3711 546 Θεὸς
3733 501 3744 515 ’

473 576 628 659 titur.
658 605 800 658 Sunt
829 576 1047 672 quoqtte
1070 599 1163 668 qui
1199 612 1293 666 per
1327 593 1758 664 ignemdivinam
1791 590 2063 652 nutitiam,

2189 589 2257 638 :a't
2284 587 2342 638 ὲν
2369 585 2500 638 εἴδει
2533 583 2800 648 γλωσσῶν
2829 584 3007 656 πυρὸς
3055 584 3118 637 τὸ
3143 582 3350 655 [ἅγιον]
3374 578 3608 649 Πνεῦμα
3643 576 3781 640 toi:

473 707 568 752 aut
599 696 798 750 vivilici
848 670 1096 763 Spiritus
1131 689 1362 760 gratiam
1423 683 1719 754 significari
1763 681 1972 736 volunt.
2005 679 2064 734 lu

2189 677 2486 739 ιποστόλοις
2538 675 2891 746 ἑπεφοίτησε.
2924 676 3035 738 Τὰς
3069 675 3126 729 δὲ
3177 673 3426 743 κιθάρας
3461 670 3754 743 ἀμφαίνειν

474 789 596 857 igne
631 789 774 840 enim
813 784 982 855 Moysi
1018 785 1170 836 visus
1197 788 1280 833 est
1314 777 1498 831 Deus:
1533 777 1587 828 in
1627 772 1810 843 specie
1843 785 2061 826 rursum

2189 769 2263 836 τὴν
2285 767 2394 820 τῶν
2422 767 2602 838 μελῶν
2651 767 2942 836 νέκρωσιν,
2995 767 3092 818 καὶ
3131 765 3231 837 τὴν
3265 761 3482 834 ἐμμιλῆ
3518 759 3668 831 ζωὴν
3698 761 3755 811 ἐν

475 879 768 947 ignitarum
825 879 1135 945 linguarum
1199 886 1362 940 super
1433 867 1714 938 apostolos
1779 861 2066 918 descendit

2189 859 2462 932 rupcpwvlg.
2491 861 2600 913 τῶν
2622 859 2859 931 ἀρετῶν,
2887 861 3233 932 κρουομένην
3261 857 3340 930 τῷ
3367 856 3636 928 πλήκτρῳ
3660 852 3755 908 τοῦ

477 968 714 1037 Spiritus
745 977 990 1022 sanctus.
1021 963 1121 1016 I’rt‘
1145 961 1383 1014 citharas
1405 958 1665 1029 Gavi-ro
1689 953 2064 1008 membrorum

2189 954 2311 1004 lalou
2344 952 2684 1022 Πνεύματος.

476 1057 974 1117 mortificationem,
1031 1055 1280 1123 beneque
1350 1051 1710 1120 compositam
1771 1047 1894 1100 vita:
1943 1044 2234 1111 rationem,
2293 1044 2462 1099 divini
2517 1043 2754 1114 Spiritus
2806 1043 3016 1114 plectro
3070 1057 3168 1114 per
3215 1041 3479 1097 virtutum
3516 1053 3758 1095 concen-

475 1165 591 1208 tum
633 1152 733 1205 rite
765 1151 1131 1212 moderatam,
1158 1148 1418 1200 insinuat.

547 1241 664 1304 XV,
696 1245 748 1306 '5,
778 1242 832 1295 4.
872 1240 934 1292 Et
953 1249 1224 1293 cantantes
1240 1237 1505 1290 canticum
1527 1232 1700 1303 Moysi
1727 1233 1862 1286 servi
1887 1229 2068 1296 Dei,et

2246 1227 2356 1281 Καὶ
2411 1225 2672 1293 ᾅδοντας
2710 1223 2825 1293 τὴν
2861 1223 3028 1292 ᾠδὴν
3059 1221 3357 1290 Μωῦσέως
3382 1221 3490 1278 τοῦ
3532 1222 3760 1281 δούλου

473 1336 742 1389 canticum
769 1334 905 1403 Agni
931 1332 1165 1384 dicentes
1198 1343 1217 1382 .'
1251 1329 1449 1398 Magna
1485 1337 1534 1379 et
1569 1325 1916 1379 admirabilia
1951 1331 2071 1375 sunt

2189 1319 2279 1372 τοῦ
2319 1318 2488 1382 Θεοῦ,
2515 1317 2613 1371 καὶ
2647 1317 2764 1385 τὴν
2799 1317 2966 1385 ᾠδὴν
2997 1315 3110 1370 τοῦ
3156 1316 3404 1384 Ἀρνίου,
3428 1315 3757 1384 λέγοντας·

475 1444 634 1497 opera
661 1435 776 1490 tua,
819 1425 1040 1477 Domine
1071 1423 1206 1476 Deus
1239 1421 1562 1488 omnipotens
1599 1433 1616 1472 .'
1641 1419 1810 1488 just
1853 1425 1900 1468 et
1940 1429 2073 1467 vera:

2189 1410 2419 1478 ιιεγάλα
2465 1409 2562 1463 καὶ
2605 1410 2922 1479 θαυμαστὰ
2988 1407 3059 1462 τὰ
3103 1409 3246 1477 ἔργα
3312 1422 3454 1472 σου,
3505 1407 3688 1476 Κύριε
3726 1411 3760 1464 ὁ

475 1528 597 1572 sunt
628 1519 726 1571 via:
757 1527 886 1578 tum,
933 1515 1044 1569 Rea:
1074 1513 1423 1567 surculorum.
1459 1509 1590 1574 Quis
1618 1523 1722 1562 non
1765 1507 1964 1559 timebit
2001 1515 2070 1566 te,

2189 1505 2319 1570 Θεὸς
2358 1507 2392 1557 ό
2442 1502 2906 1571 παντοκράτωρ·
2960 1501 3184 1554 δίκαιαι
3230 1499 3333 1554 καί
3377 1499 3670 1568 ἀληθιναὶ
3706 1504 3764 1557 al

479 1611 723 1676 Domine,
771 1618 820 1662 et
869 1605 1230 1676 magni/icabit
1287 1619 1475 1657 nomen
1529 1599 1722 1653 tuum?
1749 1600 1876 1669 quia
1922 1597 2067 1648 solus

2189 1597 2312 1651 ὁδοί
2344 1614 2484 1660 σου,
2510 1595 2780 1660 ,ϐασιλεῦ
2811 1594 2930 1648 τῶν
2949 1593 3142 1648 ἐθνῶν
3165 1609 3180 1624 ·
3203 1595 3298 1660 τίς
3313 1592 3485 1664 οῠμή
3506 1592 3763 1663 φοϐηθῇ,

476 1703 595 1769 pius
630 1717 685 1754 es
721 1713 740 1754 :
786 1701 1038 1767 quoniam
1083 1713 1261 1750 omnes
1296 1703 1471 1764 gentes
1510 1693 1736 1753 venient,
1774 1700 1821 1743 et
1867 1687 2064 1741 adora-

2189 1690 2376 1756 Κύριε,
2406 1689 2505 1742 καὶ
2541 1687 2776 1758 δοξάσῃ
2808 1686 2873 1740 τὸ
2899 1685 3087 1756 ὄνομά
3123 1702 3280 1750 σου;
3309 1686 3430 1740 Ὅτι
3480 1688 3674 1756 μόνος
3715 1682 3769 1740 εἴ

479 1793 607 1845 bunt
634 1793 688 1845 in
706 1800 984 1860 conspectu
1013 1799 1125 1854 tuo,
1159 1786 1408 1858 quoniam
1420 1782 1631 1853 judicia
1663 1791 1754 1834 tua
1788 1779 2070 1848 manifesta

2189 1779 2350 1848 ἅγιος
2373 1797 2388 1811 ο
2415 1778 2505 1832 ὅτι
2540 1779 2738 1832 πάντα
2772 1779 2844 1832 τὰ
2879 1779 3025 1845 ἔθνη
3077 1778 3302 1845 ἥξουσι
3352 1776 3449 1830 καὶ
3497 1792 3770 1846 προσκυο

477 1892 626 1937 sunt.

552 2061 659 2118 Per
691 2059 868 2131 Moysi
897 2057 1175 2112 canticum
1227 2070 1347 2110 eam
1385 2051 1756 2108 laudationem
1788 2061 1840 2103 et
1865 2050 2073 2104 cultum

481 2153 805 2223 aecipintus,
841 2149 1046 2220 quibus
1083 2148 1250 2202 Deum
1287 2143 1767 2215 prosequebantur
1796 2141 1892 2210 qui
1947 2149 2076 2196 ante

479 2241 706 2296 ell‘usam
737 2237 939 2292 Christi
974 2239 1232 2305 gratiam,
1264 2235 1318 2287 in
1343 2241 1526 2287 vetere
1579 2233 1694 2302 lege
1717 2229 2076 2297 iustiﬁcatio-

483 2334 568 2387 nis
603 2332 779 2402 gratia
841 2329 1243 2400 potiebantur:
1301 2341 1397 2395 per
1444 2324 1580 2394 Agni
1631 2331 1814 2378 autem
1863 2338 2078 2377 carmen

483 2424 822 2480 indefessum
877 2422 1099 2476 illorum
1154 2417 1606 2488 praedicationem
1659 2422 1712 2468 et
1766 2415 2075 2484 gratiarum

484 2519 784 2579 actionem,
820 2515 912 2585 qui
951 2522 1074 2583 post
1102 2511 1308 2566 Christi
1352 2509 1650 2563 adventum
1710 2522 1902 2561 sancte
1937 2506 2079 2561 intc—

484 2624 688 2680 greque
719 2609 998 2662 vixerunt.
1058 2605 1119 2658 lli
1152 2604 1299 2658 enim
1358 2601 1426 2656 de
1478 2601 1760 2654 beneﬁciis
1795 2609 1850 2655 et
1891 2602 2077 2666 donis,

485 2716 608 2770 qua:
635 2715 663 2752 a
697 2698 922 2752 Christo
960 2696 1011 2750 in
1047 2711 1222 2766 genus
1244 2704 1490 2747 nostrum
1518 2692 1904 2757 dimanaruut,
1939 2707 2080 2746 con-

488 2794 643 2846 tinuo
667 2790 869 2861 gratias
897 2799 1116 2859 agunt:
1177 2785 1414 2840 maxime
1477 2799 1606 2839 vero
1677 2783 1746 2839 de
1807 2799 1895 2848 eo,
1932 2783 2079 2854 quod

489 2891 679 2951 gentes
696 2897 797 2952 per
821 2881 1108 2951 apostolos
1130 2881 1198 2934 ad
1227 2878 1316 2934 sui
1351 2877 1687 2948 agnitionem
1721 2893 1918 2932 vocare
1935 2877 2082 2932 dedi-

486 2983 688 3046 gnatus
712 2989 820 3027 uon
859 2973 1044 3027 fuerit.
1758 3012 1761 3014 -

562 3067 678 3134 XV,
703 3067 756 3127 5.
785 3068 840 3121 ti.
875 3065 942 3118 Et
984 3075 1101 3136 post
1158 3065 1271 3120 hinc
1303 3065 1432 3130 vidi,
1478 3075 1526 3118 et
1559 3080 1674 3118 ecce
1713 3070 1954 3132 apertum
2003 3068 2082 3115 est

2177 1870 2487 1938 riio'o-vo'ir
2521 1871 2785 1926 ἐνώπιόν
2831 1887 2949 1925 σου
2973 1886 2987 1900 ·
3025 1870 3116 1924 ὅτι
3159 1867 3232 1923 τὰ
3258 1867 3624 1939 δικαιώματὰ
3653 1884 3769 1925 σου

2175 1963 2664 2034 ἐφαιιερὼθησαν.

2249 2059 2358 2113 Kal
2390 2057 2649 2126 ᾄδοντας
2687 2056 2802 2125 τὴν
2849 2056 3016 2124 ᾠδὴν
3048 2055 3366 2122 Μωῦσέως.
3405 2055 3504 2109 Ἐκ
3542 2055 3642 2126 μὲν
3667 2053 3770 2124 γὰρ

2176 2151 2276 2221 τῆς
2305 2148 2401 2202 τοῦ
2427 2150 2707 2212 Μωῦσέως
2735 2149 2882 2220 ᾠδῆς
2938 2149 3050 2201 τῶν
3071 2152 3130 2202 ὲν
3161 2149 3312 2220 νόμῳ
3342 2148 3450 2219 πρὸ
3477 2147 3578 2218 τῆς
3612 2147 3778 2218 χάρμ’

2176 2258 2269 2306 τος
2295 2241 2704 2295 δικαιωθέντων
2751 2241 2854 2310 τὴν
2910 2241 3189 2312 ὑμνῳδίαν
3230 2240 3310 2310 τῷ
3353 2239 3474 2311 Θεῷ
3523 2239 3772 2308 ἀναπεμ-

2179 2335 2427 2406 πομένην
2461 2335 2813 2404 μανθάνομεν
2835 2351 2848 2366 ο
2897 2337 2962 2387 ἐκ
2991 2334 3047 2386 δὲ
3093 2333 3194 2404 τῆς
3227 2333 3320 2386 τοῦ
3355 2332 3576 2406 Ἀρνίου
3607 2332 3768 2404 ᾠδῆς,

2180 2428 2288 2480 τῶν
2324 2427 2466 2497 μετά
2498 2427 2598 2498 τὴν
2640 2427 2736 2480 τοῦ
2773 2425 3012 2496 Χριστοῦ
3055 2426 3363 2494 παρουσίαν
3416 2426 3585 2490 ὁσίως
3624 2428 3773 2479 πολι-

2181 2521 2536 2591 τευσαμένων
2573 2521 2673 2590 τὴν
2719 2521 3146 2574 ἀκατάπαυστον
3189 2519 3496 2591 [ὑμνῳδίαν
3529 2518 3650 2592 καὶ]
3687 2520 3776 2572 εὐ-

2183 2612 2478 2682 χαριστίαν
2507 2611 2600 2664 sal
2639 2613 2760 2672 ταῖς
2789 2611 2868 2673 εἰς
2920 2609 2982 2661 τὸ
3019 2609 3177 2677 γένος
3217 2609 3374 2681 ἡμῶν
3411 2607 3771 2670 tumescat;

2183 2705 2276 2758 ὐπ’
2307 2703 2475 2758 αὐτοῦ
2516 2703 2866 2774 εὐεργεσίαις
2909 2704 3004 2757 καὶ
3051 2702 3269 2774 χάρισιν
3297 2719 3312 2736 ο
3352 2703 3436 2756 ὃτι
3469 2703 3656 2758 πάντα
3707 2700 3775 2754 τά

2185 2796 2313 2870 ἔθνη
2346 2799 2426 2860 είς
2457 2797 2558 2869 τὴν
2587 2797 2797 2851 οἰκείαν
2849 2796 3154 2852 ἐπίγνωσιν
3186 2796 3276 2850 διὰ
3316 2795 3428 2850 τῶν
3465 2793 3775 2849 θεσπεσίων

2183 2889 2506 2944 ἀποστόλων
2541 2889 2802 2960 κέκληκε.

2261 3068 2369 3122 Kal
2393 3067 2546 3138 μετὰ
2590 3067 2778 3122 ταῦτα
2809 3064 3006 3122 εἶδονο
3045 3067 3143 3122 καὶ
3173 3067 3388 3138 ἠνοίγη
3425 3069 3460 3122 ὁ
3493 3065 3644 3133 ναὸς
3671 3066 3775 3132 τῆς

489 3163 748 3232 templum
783 3160 1115 3214 tabernaculi
1153 3160 1443 3213 testimonii
1475 3158 1530 3210 in
1570 3157 1736 3221 caelo;
1763 3167 1808 3209 et
1840 3155 2083 3209 exierunt

2189 3157 2427 3227 σκηνῆς
2459 3157 2563 3212 τοῦ
2582 3160 2916 3228 μαρτυρίου
2946 3159 3016 3212 ἐν
3040 3158 3117 3223 τῷ
3151 3157 3388 3224 οὐρανῷ
3411 3174 3424 3187 ·
3457 3157 3557 3211 καί
3601 3155 3775 3224 ἑξῆί-

489 3255 664 3323 angeli
686 3265 881 3322 septem
907 3253 1156 3307 habentes
1186 3263 1382 3321 septem
1417 3251 1607 3322 plagas
1647 3250 1711 3302 de
1752 3246 1966 3316 templo,
1997 3262 2082 3299 ve-

488 3348 608 3403 stiti
641 3348 752 3401 lino
787 3347 980 3400 mundo
1031 3357 1080 3401 et
1121 3346 1470 3415 candidohet
1508 3342 1782 3414 praecincti
1811 3341 1954 3394 circa
1994 3353 2086 3408 pe-

491 3451 642 3497 ctora
669 3441 814 3495 zonis
842 3441 1042 3496 aureis.

569 3621 1019 3684 Tabernaculum,
1044 3621 1114 3678 de
1148 3637 1260 3693 quo
1287 3619 1377 3676 hic
1404 3619 1610 3691 agitur,
1634 3615 1770 3672 illud
1807 3613 2084 3681 insinuat,

497 3715 646 3785 quod
689 3715 853 3769 estin
900 3715 1097 3781 caelis;
1150 3713 1217 3767 ad
1272 3712 1434 3782 cujus
1467 3709 1886 3766 similitudinem
1914 3706 2085 3776 Moysi

499 3805 742 3874 iniunxit
773 3808 917 3862 Deus
947 3815 1006 3860 ut
1039 3807 1190 3860 aliud
1222 3805 1486 3876 deligeret
1516 3801 1753 3857 inferne.
1802 3800 1880 3854 Ex
1938 3800 2090 3854 illius

499 3909 681 3954 autem
708 3897 1038 3952 tabernaculi
1067 3900 1260 3968 templo
1283 3909 1612 3968 egressurus
1643 3893 1958 3964 prmdicitur
1985 3893 2091 3946 hoc

502 3993 624 4047 loco
646 3991 876 4059 angelos
899 3991 1008 4045 lino
1033 3992 1250 4057 mundo,
1286 3991 1389 4056 rel,
1415 4001 1474 4044 ut
1507 3988 1613 4043 alia
1639 3987 1974 4058 exemplaria
2016 3985 2093 4039 le-

501 4093 658 4154 gunt,
715 4100 850 4152 puro
899 4083 1079 4152 lapide
1124 4083 1378 4138 amictus.
1419 4080 1708 4136 Tribuitur
1747 4089 1930 4134 autem
1980 4077 2092 4132 illis

500 4177 769 4248 ejusmodi
799 4177 1056 4243 amictus,
1086 4177 1168 4230 vel
1201 4185 1423 4246 propter
1478 4184 1688 4228 natura:
1738 4171 2089 4236 munditiam,

501 4269 588 4324 vel
620 4279 846 4340 propter
875 4268 1194 4324 aiIiuitatem
1227 4283 1393 4338 quam
1421 4282 1546 4321 cum
1587 4265 1832 4328 Clu-isto,
1868 4263 1964 4333 qui
2007 4272 2092 4318 cst

503 4361 644 4432 lapis
680 4363 982 4433 singularis.
1019 4364 1366 4428 sortiuntur;
1402 4370 1496 4415 aut
1525 4368 1672 4415 certe
1704 4367 1927 4429 propter
1976 4356 2090 4410 vir-

505 4464 684 4508 tutum
767 4455 1144 4524 splendorem.
1200 4453 1470 4508 Dicuntur
1529 4451 1749 4506 tandem
1815 4448 2090 4520 praecincti

2191 3257 2300 3308 θον
2337 3256 2390 3307 οι
2417 3253 2567 3308 ἑπτὰ
2601 3253 2845 3322 ἄγγελοι
2886 3249 2990 3324 [οἱ]
3020 3251 3268 3320 ἔχοντες
3296 3253 3403 3318 τὰς
3440 3251 3595 3305 ἑπτὰ
3625 3253 3775 3316 πλη-

2191 3343 2302 3416 γὰς
2351 3344 2421 3398 ἐκ
2465 3345 2572 3398 τοῦ
2635 3343 2810 3410 ναοῦ,
2845 3342 3233 3412 ἐνδεδυμένοι
3287 3342 3468 3396 λῖνον
3517 3343 3776 3409 καθαρδν

2189 3439 2471 3507 λαμπρὸν
2493 3477 2510 3504 ,
2566 3437 2664 3492 καὶ
2715 3437 3173 3508 περιεζωσμένοι
3224 3435 3298 3492 τὰ
3343 3434 3546 3505 στήθη
3597 3433 3779 3502 mw,-

2194 3529 2456 3600 χρυσᾶς.

2264 3620 2514 3690 Σκηνήν
2543 3621 2599 3674 δέ
2651 3637 2820 3692 φησιν
2855 3619 3096 3676 ἐνταῦθα
3136 3621 3236 3693 τὴν
3289 3622 3350 3675 ὲν
3377 3620 3635 3693 οὐρανοῖς
3658 3632 3675 3648 ⁸
3709 3613 3776 3693 ἧς

2192 3712 2316 3767 καθ’
2366 3713 2628 3784 ὁμοίωσιν
2659 3712 2738 3784 τῷ
2782 3714 2992 3784 Μωῦσῇ
3029 3713 3201 3781 πῆξαι
3246 3712 3348 3785 τὴν
3375 3714 3530 3768 κάτω
3578 3711 3778 3783 σκηνὴν

2192 3804 2221 3856 ὁ
2251 3803 2382 3869 Θεὸς
2414 3803 2810 3876 ἐχρημάτισεν.
2866 3805 2961 3858 Ἐκ
3005 3805 3200 3859 τούτου
3236 3805 3330 3859 τοῦ
3378 3806 3534 3861 ναοῦ
3565 3803 3777 3874 ἐξελεύ-

2195 3895 2384 3949 σεσθαί
2415 3911 2549 3966 φησι
2575 3897 2704 3960 τοὺς
2733 3895 3001 3966 ἀγγέλους
3027 3897 3414 3969 ὲνδεδυμένους
3455 3898 3605 3953 λῖνον
3633 3898 3665 3970 ἢ
3696 3897 3775 3950 λί-

2195 3988 2288 4042 θον
2333 3987 2599 4059 καθαρὸν,
2655 3989 2798 4044 καθά
2842 4007 2967 4044 τινα
3016 3990 3127 4045 τῶν
3169 3992 3532 4063 ἀντιγράφων
3555 3992 3777 4064 ἔχουσι·

2193 4081 2283 4136 διά
2310 4080 2418 4154 {te}
2450 4083 2549 4153 τὴν
2569 4081 2665 4151 τῆς
2695 4081 2911 4151 φύσεως
2943 4083 3126 4137 αὐτῶν
3157 4083 3532 4156 καθαρότητα,
3565 4085 3659 4141 καὶ
3684 4084 3778 4156 τὴν

2195 4171 2334 4243 πρὸς
2358 4173 2449 4225 τὸν
2482 4172 2882 4245 ἀκρογωνιαῖον
2901 4172 3052 4226 λίθον
3091 4173 3330 4246 Χριστὸν
3359 4175 3660 4248 ἐγγύτητα.
3684 4173 3778 4228 καὶ

2197 4263 2304 4316 τῶν
2328 4265 2544 4335 ἀρετῶν
2591 4267 2691 4335 τὴν
2714 4265 3105 4336 λαμπρότητα.
3167 4265 3576 4335 Ἒζωσμένους
3621 4267 3677 4321 δὲ
3710 4266 3778 4320 τὰ

2196 4355 2393 4425 στήθη
2425 4356 2682 4425 χρυσὸν,
2717 4356 2804 4410 διὰ
2833 4357 2894 4409 τὸ
2937 4360 3035 4428 τῆς
3070 4355 3288 4425 φύσεως
3318 4359 3548 4413 δυνατόν
3593 4376 3651 4412 τε
3685 4357 3778 4412 καὶ

2199 4449 2442 4519 καθαρὸν
2473 4449 2568 4502 καὶ
2593 4449 2798 4519 τίμιον,
2836 4449 2932 4504 καὶ
2960 4449 3021 4502 τὸ
3049 4449 3107 4504 ὲν
3141 4451 3263 4513 ταῖς
3287 4450 3592 4515 διακονίαις
3617 4452 3779 4519 ἀνιμ-

504 4546 704 4598 lumbos
732 4547 876 4600 circa
922 4555 1134 4616 pectora
1167 4547 1313 4598 zonis
1347 4545 1545 4608 aureis,
1577 4543 1644 4598 ad
1699 4541 2090 4611 designandam
2125 4536 2170 4592 D
2197 4541 2470 4596 πόδιστον.

505 4638 725 4692 illorum
761 4641 1088 4707 potentiam,
1114 4648 1176 4692 et
1225 4637 1560 4701 castitatem,
1607 4643 1665 4689 et
1697 4634 2038 4689 nobilitatem
2066 4650 2080 4699 ;

2162 4643 2272 4688 tum
2307 4636 2474 4689 etiam
2507 4645 2566 4690 ut
2604 4635 2735 4692 hinc
2774 4635 3130 4709 intelligatur,
3175 4637 3260 4707 .in
3295 4635 3568 4694 obeundis
3599 4635 3778 4707 injun-

505 4732 610 4787 ctis
639 4731 962 4784 ministeriis
987 4729 1064 4783 ita
1103 4728 1388 4797 expeditos
1411 4742 1554 4793 esse,
1589 4735 1646 4780 ut
1689 4727 1940 4796 impediri
1974 4741 2082 4779 non
2116 4725 2278 4782 facile
2306 4736 2531 4797 queant.

579 4823 697 4886 XV,
730 4822 782 4875 Ἰ.
814 4821 882 4876 Et
916 4839 1081 4876 unum
1119 4837 1190 4876 ea:
1223 4831 1452 4893 quatuor
1475 4820 1795 4874 animalibus
1823 4819 1967 4872 dedit
2013 4835 2100 4871 se-

506 4932 646 4987 ptem
663 4915 872 4986 angelis
928 4926 1125 4983 septem
1157 4913 1368 4983 phialas
1399 4930 1612 4978 aureas,
1655 4911 1839 4982 plenas
1882 4913 2100 4964 iracun-

505 5011 610 5066 dia!
633 5010 731 5064 Dei
761 5009 978 5063 viventis
1011 5007 1066 5060 in
1105 5005 1306 5061 swcula
1337 5006 1675 5060 sa'cnlorunt.

579 5189 735 5254 Quod
773 5187 950 5258 angeli
982 5187 1192 5256 phialas
1240 5203 1432 5240 aureas
1461 5188 1544 5240 ira
1572 5187 1753 5240 dicina
1783 5189 1988 5257 plenas,
2029 5203 2096 5241 ex

504 5292 740 5353 artemo:
771 5281 1118 5345 animalibus,
1161 5295 1396 5350 quorum
1435 5280 1579 5348 apud
1607 5281 1923 5349 propin-tam
1960 5282 2096 5335 Eze-

507 5376 737 5430 chielem
779 5390 1002 5444 quoque
1037 5374 1094 5427 lit
1151 5373 1382 5436 mentio,
1423 5372 1726 5442 accipiunt,
1754 5372 1858 5427 hoc
1900 5388 2100 5428 secun-

509 5467 638 5521 d-um
671 5481 933 5535 maguum
965 5465 1289 5535 Dionysium
1318 5463 1617 5534 significat,
1651 5465 1934 5534 agibiliuin
1989 5481 2093 5518 no-

509 5559 684 5614 titiam
725 5576 758 5614 s
793 5560 987 5631 primis
1050 5559 1247 5615 ordine
1303 5557 1539 5628 quodam
1576 5557 1646 5612 ad
1701 5557 1839 5612 alios
1861 5568 1913 5613 et
1962 5556 2102 5611 alios

514 5654 820 5708 dimanare.

583 5740 702 5806 XV,
733 5744 787 5796 8.
823 5743 889 5797 Et
916 5746 1188 5814 impletum
1216 5757 1292 5801 est
1329 5757 1581 5815 tempmm
1625 5744 1721 5799 Dei
1749 5744 1895 5814 [nuto
1927 5761 1957 5796 a
1990 5759 2074 5797 ma

503 5829 698 5896 Ῑεεταιε
727 5831 844 5902 Dei,
877 5846 926 5892 et
953 5837 1018 5889 tle
1042 5838 1234 5892 virtute
1261 5839 1397 5907 ejus.

2271 4793 2379 4876 Kal
2415 4821 2484 4874 ἐκ
2518 4820 2636 4874 τῶν
2660 4793 2978 4890 τεσσάρων
3032 4821 3188 4884 ζώων
3233 4823 3420 4879 ἔδωκε
3461 4824 3588 4891 τοῖς
3633 4821 3780 4878 ἑπτὰ

2198 4912 2478 4984 ἀγγέλοις
2501 4913 2652 4968 ἑπτὰ
2681 4914 2909 4984 φιάλας
2941 4915 3201 4984 χρυσᾶς,
3232 4919 3533 4988 γεμούσας
3560 4917 3666 4973 τοῦ
3686 4921 3779 4972 θυ-

2193 5005 2312 5074 μοῦ
2343 5005 2449 5061 τοῦ
2481 5007 2652 5071 Θεοῦ,
2689 5007 2794 5061 τοῦ
2841 5005 3058 5074 ζῶντος
3089 5011 3179 5074 εὶς
3217 5009 3361 5076 τοὺς
3414 5009 3634 5076 αἰῶνας
3666 5007 3780 5062 τῶν

2197 5097 2448 5152 αἰώνων.

2265 5190 2339 5244 Τὸ
2365 5189 2422 5244 δὲ
2451 5190 2520 5244 ἐκ
2551 5189 2670 5244 τῶν
2709 5189 3026 5259 τεσσάρων
3069 5188 3226 5251 ζώων
3265 5190 3452 5244 λαϐεῖν
3481 5191 3607 5250 τοὺς
3641 5184 3778 5241 ἑπτὰ

2202 5283 2469 5350 ἀγγέλους
2526 5283 2625 5341 τὰς
2668 5282 2808 5336 ἑπτὰ
2852 5281 3112 5356 [χρυσᾶς]
3143 5284 3342 5353 φιάλας
3371 5284 3469 5348 τὰς
3507 5279 3778 5354 γεμούσας

2201 5373 2297 5427 τοῦ
2327 5374 2502 5444 θυμοῦ
2536 5374 2760 5446 Κυρίου,
2792 5373 2976 5438 καθὼς
3001 5375 3095 5429 καὶ
3124 5378 3184 5429 ὲν
3209 5375 3289 5446 τῷ
3327 5373 3592 5446 Ἰεζεκιήλ
3624 5386 3775 5442 φησι.

2201 5465 2356 5535 δηλοῖ
2407 5466 2467 5519 τὸ
2509 5467 2571 5519 ἐκ
2604 5467 2712 5520 τῶν
2774 5467 3011 5536 πρώτων
3051 5467 3139 5522 ἀεὶ
3185 5470 3268 5532 e3;
3317 5467 3387 5522 τὰ
3415 5467 3643 5537 δεύτερα
3683 5461 3778 5530 τὴν

2201 5558 2404 5627 γνῶσιν
2434 5557 2542 5612 τῶν
2581 5560 2873 5629 πρακτέων
2905 5563 2963 5614 ὲν
3019 5561 3268 5632 οὐρανοῖς
3307 5555 3775 5632 μετοχετεύεσθαι,

2203 5648 2345 5704 κατά
2368 5650 2458 5703 τὸν
2491 5649 2668 5719 μέγαν
2702 5651 3004 5706 Διονύσιον.

2273 5743 2380 5796 Kal
2417 5742 2700 5812 ἐγεμίσθη
2735 5747 2767 5798 ό
2799 5745 2946 5809 ναὸς
2971 5744 3209 5800 καπνοῦ
3236 5745 3304 5800 ἑκ
3329 5745 3440 5814 τῆς
3461 5743 3645 5810 δόξης
3677 5733 3774 5789 τοῦ

2205 5835 2377 5903 Θεοῦ,
2411 5836 2507 5889 καί
2536 5837 2603 5891 ἐκ
2636 5836 2746 5905 τῆς
2777 5837 3086 5909 δυνάμεως
3116 5838 3325 5894 αὑτοῦ.
