4102 6410
399 364 508 428 357

1370 351 1983 418 COMMENTARIUS
2027 350 2108 412 IN
2151 349 2689 412 APOCALYPSIN.

3577 351 3691 416 358

471 472 576 529 Διὰ
606 472 664 528 δὲ
695 457 794 528 τού
821 468 1060 526 καπνοῦ
1123 467 1186 523 τὸ
1224 467 1458 541 φοϐερὸν
1498 469 1592 522 καὶ
1618 465 1996 537 καταπληκτι-

2171 461 2276 516 Per
2311 462 2504 518 dirime
2531 464 2630 518 ira:
2659 465 2886 534 tantum,
2921 477 3032 532 quo
3059 461 3280 518 ρωιυειρ
3303 461 3564 532 templum
3593 467 3696 518 im-

395 565 500 618 κῂν
523 567 643 637 [καὶ
673 561 1022 634 κολαστικὸν]
1052 560 1152 629 τῆς
1205 560 1358 624 θείας
1381 558 1554 632 ὀργῆς
1601 558 1946 629 μανθάνομεν
1971 570 1986 586 ·

393 655 472 730 ἦς
505 655 852 728 πληροῦσθαι
892 654 983 706 τδν
1017 652 1143 708 ναὸν
1169 650 1562 722 διδασκόμεθα,
1585 650 1683 704 καὶ
1711 649 1856 702 κατὰ
1879 647 1991 700 τῶν

398 751 580 816 ἀξίων
613 749 784 816 αὐτῆς
817 749 1018 819 χωρεῖν
1045 748 1103 800 ἐν
1125 744 1203 816 τῷ
1237 745 1418 816 καιρῷ
1441 747 1542 816 τῆς
1583 743 1824 813 κρίσεως
1847 757 1861 771 °
1897 741 1992 793 καὶ
2035 745 2040 749 ’

401 842 516 900 ποὺ
563 840 771 908 ταύτης
791 840 849 892 δὲ
888 840 1030 894 κατὰ
1063 839 1174 893 τῶν
1201 837 1282 909 τῷ
1323 836 1684 908 Ἀντιχρίστῳ
1734 832 1996 902 πειθομέ-

401 953 533 998 νων,
571 935 664 986 καὶ
695 933 763 986 τὰ
792 933 890 1001 τῆς
934 931 1274 995 ἀποστασίας
1307 929 1446 1002 ἔργα
1479 927 1848 1001 πραττόντων.
1885 923 1996 978 Καὶ

403 1027 564 1080 τοῦτο
585 1028 700 1089 τοῖς
734 1026 859 1096 ἑξῆς
891 1025 1192 1078 δείκνυται.
1223 1024 1363 1092 Φησὶ
1395 1022 1528 1095 γάρ’

482 1203 586 1258 Καὶ
636 1203 838 1269 οὐδεὶς
883 1205 1151 1273 ἠδύνατο
1208 1205 1513 1282 εἰσελθεῖν
1545 1207 1634 1271 είς
1681 1203 1792 1259 τὸν
1818 1221 1991 1270 ναον,

403 1295 544 1365 ἄχρι
583 1295 956 1350 τελεσθῶσιν
979 1299 1040 1349 αἱ
1085 1297 1236 1350 ἑπτὰ
1282 1297 1508 1366 πληγαὶ
1547 1297 1667 1350 τῶν
1699 1296 1993 1367 ἀγγέλων.

501 1387 788 1440 Ἐντεῦθεν
842 1388 1254 1460 στοχαζόμεθα,
1299 1389 1428 1460 ἄχρι
1487 1388 1842 1458 διασταλῆναι
1893 1389 1998 1444 τῶν

401 1477 630 1531 δικαίων
657 1481 756 1548 τὴν
791 1478 942 1531 θείαν
993 1480 1136 1532 κατὰ
1172 1480 1283 1535 τῶν
1335 1480 1553 1534 ἀσεϐῶν
1594 1484 1997 1554 ἀγανάκτησιν,

407 1569 678 1639 μηδαμῶς
707 1571 836 1635 τοὺς
876 1571 1068 1640 ἁγίους
1107 1573 1207 1646 τῆς
1261 1573 1322 1628 ὲν
1372 1577 1436 1644 τῇ
1481 1574 1595 1628 ἄνω
1641 1573 2000 1646 Ἰερουσαλὴμ

401 1665 594 1734 τυχεῖν
625 1663 857 1734 λήξεως,
889 1665 984 1718 καὶ
1016 1664 1116 1736 τῆς
1144 1667 1203 1718 ὲν
1240 1664 1320 1736 τῷ
1347 1664 1462 1737 ναῷ
1493 1666 1588 1720 τοῦ
1617 1665 1753 1720 θεοῦ
1778 1667 1996 1738 ἱερουρ-

405 1755 534 1824 γίας
561 1756 658 1808 zal.
707 1755 1097 1822 ἀναπαύσεως.
1142 1757 1514 1828 Τελεσθῆναι
1553 1759 1662 1830 γὰρ
1700 1759 1802 1826 δεῖ,
1839 1760 1998 1829 φησὶν

2098 554 2304 627 pietur,
2341 565 2604 610 terrorem
2631 557 2780 610 illum
2821 564 3216 624 stuporrmque
3247 564 3296 608 et
3327 569 3544 623 pinnam
3573 570 3698 623 quae

2101 650 2180 705 ira
2221 649 2342 720 ejus
2379 648 2582 704 inferre
2617 658 2740 704 nata
2759 657 2864 712 est,
2892 647 3276 717 intelligimus.
3311 647 3442 714 Qua:
3471 647 3694 717 quidem

2101 743 2430 800 universalis
2457 742 2654 814 judicii
2697 750 2946 811 tempore
2980 741 3325 796 horribiliter
3371 749 3570 796 contra
3603 755 3698 794 eos

2101 837 2378 902 desaaviet,
2411 836 2504 905 qui
2535 836 2614 890 ira
2667 835 2760 888 illa
2789 835 2939 904 digni
2985 834 3429 904 comperientur;
3466 843 3520 887 et
3569 841 3698 888 ante

2103 929 2236 984 illud
2291 929 2558 983 adversus
2615 943 2752 992 eos,
2813 927 2906 996 qui
2973 927 3320 982 Antichristo
3369 935 3696 995 paruerunt,

2101 1035 2383 1092 operaque
2436 1021 2730 1090 apostasia:
2781 1019 2930 1074 illius
2983 1029 3356 1074 consentanea
3417 1028 3698 1088 perpetra-

2103 1123 2253 1168 runt.
2286 1115 2464 1182 Atque
2491 1112 2681 1166 istltaec
2703 1111 2990 1178 sequentia
3015 1111 3224 1166 clarius
3243 1118 3554 1180 exponunt.

2185 1204 2250 1258 Et
2275 1221 2426 1258 nemo
2459 1213 2668 1274 poterat
2699 1203 2920 1256 introire
2962 1203 3018 1256 in
3063 1203 3334 1272 templum,
3379 1201 3542 1256 donec
3569 1212 3700 1255 eou-

2104 1308 2500 1354 snmmarentnr
2524 1307 2719 1367 septem
2749 1295 2923 1366 plugw
2951 1305 3150 1364 septem
3188 1293 3520 1364 angelorum.

2177 1391 2287 1462 67
2309 1389 2446 1443 lline
2465 1389 2783 1458 conjectum
2811 1387 2868 1442 lit
2884 1396 3106 1442 sanctos
3129 1387 3370 1442 caelestis
3392 1385 3698 1442 Jerusalem

2107 1481 2482 1537 haereditatem
2535 1495 2641 1533 nun
2700 1479 2852 1550 prius
2918 1479 3252 1548 adepturus;
3307 1493 3486 1547 neque
3549 1477 3700 1546 prius

2105 1589 2328 1628 rursum
2381 1587 2602 1626 sacrum
2647 1572 3014 1625 ministerium
3058 1571 3112 1624 iu
3157 1569 3356 1640 templo
3392 1568 3484 1624 Dei
3513 1569 3700 1625 obitu-

2109 1680 2235 1731 ros;
2295 1679 2473 1736 neque
2511 1663 2665 1733 prius
2722 1663 2942 1716 tandem
2989 1661 3230 1734 perfecta
3267 1659 3449 1732 quiete
3495 1661 3702 1732 potitu-

2107 1771 2224 1823 ros,
2253 1771 2420 1828 quam
2471 1755 2654 1810 divina
2706 1753 3012 1825 indignatio
3044 1765 3236 1810 contra
3273 1753 3471 1824 impios
3504 1769 3702 1810 conce-

405 1847 518 1910 τὰς
549 1847 787 1916 πληγὰς
818 1847 884 1901 δι’
908 1839 983 1901 ὧν
1009 1848 1077 1902 τὰ
1122 1848 1382 1919 ἐπίχειρα
1422 1849 1522 1920 τῆς
1565 1849 1846 1920 ἁμαρτίας
1883 1851 2000 1914 τοῖς

2112 1859 2217 1918 pta,
2253 1847 2397 1902 inter
2427 1847 2610 1916 jnstos
2646 1857 2698 1902 ct
2747 1845 2986 1916 injustos
3026 1847 3349 1902 secrevcrit.
3378 1846 3468 1901 Ait
3513 1845 3700 1908 enim,

405 1939 584 2002 ἀξίοις
615 1939 958 2010 παρέρχεται
983 1957 998 1970 ⁸
1029 1939 1124 1993 καὶ
1167 1939 1395 2002 τούτους
1424 1941 1524 2010 τῆς
1551 1923 1868 2012 αίρεθείᾶης
1898 1940 2001 1993 αὒ-

405 2033 522 2093 τοῖς
551 2033 736 2101 τυχεῖν
759 2033 1091 2102 ἀποφάσεως
1115 2048 1130 2062 ο
1152 2025 1254 2084 εἷθ’
1273 2031 1418 2086 οὕτω
1439 2021 1662 2102 δοθῆναι
1683 2033 1792 2094 τοῖς
1824 2031 2004 2100 ἁγίοις

405 2120 512 2190 τὴν
541 2121 640 2191 τῆς
669 2121 782 2176 ἄνω
816 2123 1209 2192 μητροπόλεως
1240 2123 1473 2192 οἴκησιν.
1509 2122 1630 2175 Τῶν
1661 2121 1718 2175 δὲ
1754 2120 2004 2189 πληγῶν

409 2214 655 2284 ἑκάστην
690 2217 802 2276 τοῖς
833 2215 894 2268 ἐν
943 2217 1011 2286 τῇ
1051 2214 1337 2287 συντελείᾳ
1367 2214 1790 2286 εὑρισκομένοις
1827 2231 2002 2286 προσ-

410 2303 672 2375 αρμόζων
695 2321 804 2369 τις,
841 2307 942 2360 οὐκ
973 2307 1040 2360 ἂν
1065 2305 1158 2360 τοῦ
1195 2308 1522 2379 πρέποντος.
1551 2301 1732 2378 οἶμαι,
1763 2305 2002 2377 διαμάρ-

407 2413 518 2450 τοι.
556 2395 950 2468 Φιλάνθρωπος
977 2398 1088 2470 γὰρ
1122 2397 1197 2451 ὢν
1219 2401 1246 2451 ὁ
1277 2397 1438 2462 Θεὸς,
1475 2397 1612 2470 πρὸς
1640 2397 1701 2450 τὸ
1730 2415 2003 2468 σμικρυν-

415 2489 580 2561 θῆναι
607 2490 708 2553 τὰς
747 2491 804 2543 ὲν
834 2489 914 2560 τῷ
961 2490 1212 2560 μέλλοντι
1272 2488 1671 2562 ἀτελευτήτους
1728 2489 2002 2557 κολάσεις,

412 2584 513 2637 καὶ
539 2584 598 2635 ἐν
625 2587 692 2653 τῇ
730 2583 980 2654 παρούσῃ
1013 2582 1152 2654 ζωῇ,
1181 2585 1296 2648 τοῖς
1334 2583 1508 2648 ἀξίοις
1539 2581 1848 2654 ἐπαχθῆναι
1881 2599 2008 2651 συγ-

413 2675 658 2745 χωρήσει
695 2673 782 2726 διά
805 2691 864 2726 τε
896 2673 1068 2744 Ἑνὼχ
1100 2676 1199 2728 καὶ
1243 2673 1427 2728 Ἤλιοῦ
1459 2674 1566 2728 τῶν
1595 2675 1894 2746 προφητῶν
1921 2692 2003 2727 τι·

419 2767 746 2838 μωρητικὰς
771 2767 1067 2838 μάστιγας,
1109 2767 1201 2822 διά
1229 2785 1284 2821 τε
1319 2767 1429 2822 τῶν
1459 2771 1523 2821 ἐκ
1551 2768 1810 2840 πολέμων
1861 2785 2005 2838 συμ-

418 2859 731 2913 πιπτόντων
754 2859 1044 2929 ἀλγεινῶν,
1064 2861 1202 2932 πρδς
1221 2860 1452 2931 μετρίαν
1470 2861 1577 2914 τῶν
1594 2862 2006 2933 ἡμαρτημένων

419 2951 652 3004 ἔκτισιν.
699 2951 840 3004 Ἀλλ’
871 2953 1036 3023 ἡμεῖς
1071 2952 1428 3006 παιδεύεσθαι
1454 2954 1760 3024 πατρικῶς,
1793 2953 1908 3006 ἀλλ’
1943 2953 2004 3005 οὐ

423 3045 824 3117 μαστιγοῦσθαι
845 3045 1186 3108 κολαστικῶς
1212 3047 1268 3098 ὲν
1297 3046 1434 3116 ὀργῇ
1457 3043 1661 3118 [παρὰ]
1683 3046 1775 3098 τοῦ
1799 3045 2006 3114 Κυρίου

421 3137 754 3210 εὐξώμεθα·
810 3139 872 3192 οὐ
929 3137 1040 3210 γὰρ
1094 3137 1245 3191 ἐστιν
1299 3139 1461 3201 ἴασις,
1522 3139 1678 3209 φησὶ,
1717 3140 1785 3208 τῇ
1841 3135 2007 3208 σαρκὶ

2107 1940 2282 1994 Donec
2319 1939 2644 2010 impleantur
2695 1938 2902 2008 pingat;
2935 1954 3032 2010 per
3059 1953 3199 2009 quas
3229 1954 3330 1994 ceu
3379 1953 3570 2010 pteuas
3601 1953 3702 2008 pro

2105 2031 2318 2088 meritis
2341 2031 2550 2103 peccati
2575 2031 2850 2102 stipendia
2876 2030 3288 2102 persolvuntur.
3323 2029 3512 2084 Donec
3535 2029 3702 2102 igitur

2113 2125 2267 2195 impii
2293 2123 2776 2180 rondemuationis
2799 2123 3095 2186 sententia,
3121 2124 3176 2178 in
3211 2139 3378 2194 quam
3413 2137 3513 2176 sua
3539 2123 3702 2194 culpa

2108 2217 2444 2284 inciderunt,
2508 2217 2808 2280 feriantur,
2866 2217 3044 2271 sancti
3091 2231 3347 2286 supernae
3380 2216 3700 2286 metropolis

2110 2310 2457 2365 habitatione
2486 2325 2594 2365 non
2615 2310 2989 2364 donabuntur.
3023 2307 3292 2365 Ca'terum
3317 2310 3506 2381 plagas
3533 2309 3702 2366 hasce

2107 2411 2300 2472 septem
2344 2401 2488 2472 quod
2529 2408 2762 2468 spectat,
2795 2399 3049 2470 quisquis
3099 2401 3222 2456 illas
3261 2401 3329 2455 iis
3375 2415 3696 2456 accommo-

2108 2494 2346 2555 daverit,
2377 2493 2470 2563 qui
2502 2493 2604 2547 sub
2639 2491 2826 2547 saeculi
2859 2492 3024 2546 linem
3070 2492 3126 2545 in
3159 2491 3298 2546 vivis
3327 2490 3700 2558 invenientur,

2109 2585 2158 2640 is
2193 2600 2222 2638 a
2263 2599 2454 2654 scopo,
2487 2571 2558 2637 ιη’
2586 2583 2848 2650 arbitror,
2890 2582 3038 2638 haud
3074 2583 3308 2638 multum
3338 2582 3698 2638 aberraret-it.

2107 2675 2242 2731 Nam
2279 2693 2404 2732 cum
2442 2677 2586 2730 Deus
2611 2676 2684 2731 sit
2723 2676 2998 2748 benignus
3043 2683 3098 2730 et
3131 2676 3396 2740 cleiiicns,
3429 2691 3542 2746 quo
3565 2690 3702 2746 sup-

2107 2769 2271 2840 plicia
2297 2769 2410 2836 illa,
2429 2784 2548 2838 qua:
2572 2769 2623 2822 in
2647 2768 2834 2824 futuro
2857 2768 3060 2824 saeculo
3083 2767 3204 2822 sine
3227 2766 3336 2821 line
3367 2766 3700 2834 inferuntur,

2109 2863 2358 2918 nomnihil
2413 2863 2816 2928 diminuantur,
2885 2864 2941 2917 in
2993 2861 3250 2932 praesenti
3313 2862 3424 2918 vita
3477 2876 3698 2932 poenam

2109 2956 2446 3027 promcritos
2475 2972 2571 3026 per
2607 2957 2888 3010 Euochum
2926 2964 2978 3010 et
3023 2954 3198 3010 Eliam
3231 2956 3564 3026 prophetas:
3601 2971 3702 3028 per

2111 3049 2510 3104 elementorum
2545 3063 2770 3102 rursum
2796 3048 3202 3119 intemperiem,
3231 3059 3288 3104 et
3317 3049 3502 3106 clades
3534 3061 3702 3120 atque

2111 3141 2465 3198 calamitates
2499 3159 2623 3212 qua:
2658 3157 2754 3213 per
2785 3143 2926 3198 bella
2959 3144 3320 3213 contingunt;
3355 3160 3454 3214 per
3479 3159 3543 3200 ea
3565 3146 3700 3202 olim

423 3205 586 3302 ἡμῶν
617 3231 726 3285 ἀπὸ
785 3205 1077 3301 upon-timeo
1125 3231 1222 3301 τῆς
1253 3229 1426 3302 ὀργῆς
1471 3205 1638 3284 adeso
1667 3245 1678 3257 '
1729 3205 1878 3294 ὅπως
1909 3205 2008 3294 τὰς

2113 3233 2356 3306 denique
2389 3235 2574 3288 omnia
2616 3236 2966 3290 incommoda
2993 3245 3050 3289 et
3071 3237 3238 3298 mala,
3269 3251 3396 3306 quae
3424 3239 3704 3296 Antichri—

432 3324 775 3396 ρυπωθείσας
803 3323 962 3394 ἡμῶν
1008 3323 1202 3388 στολὰς
1245 3325 1365 3384 ταῖς
1415 3323 1736 3394 ἁμαρτίαις,
1772 3321 2008 3393 δάκρυσι

433 3415 720 3485 μετανοίας
754 3414 1147 3482 ἐκπλύναντες,
1215 3414 1311 3468 καὶ
1343 3411 1631 3484 νυμφικῶς
1666 3413 2007 3484 ἐσταλμένοι,

2112 3336 2234 3384 stus
2286 3326 2473 3394 infert,
2520 3328 2704 3396 puniri
2760 3336 2814 3380 ct
2869 3325 3130 3396 ﬂagellari
3177 3329 3482 3398 permittet,
3535 3330 3700 3388 sicuti

2109 3422 2342 3478 subinde
2393 3437 2616 3492 quoque
2661 3421 2928 3492 permittit
2974 3421 3300 3486 :siquidem
3353 3422 3468 3478 haec
3517 3423 3702 3478 ornuia

431 3509 515 3571 ei;
541 3507 629 3562 τὸν
673 3508 1020 3563 ἁκατάλυτον
1053 3506 1151 3578 τῆς
1178 3505 1522 3578 εὐφροσύνης
1567 3505 1836 3577 νυμφῶνα
1878 3507 2004 3557 εἱσ-

2112 3525 2174 3567 eo
2226 3519 2495 3582 spectant,
2551 3520 2610 3566 ut
2660 3511 2945 3578 mitigetur
2997 3525 3158 3580 poena
3217 3512 3502 3566 sceleratis
3555 3513 3700 3582 apud

425 3595 670 3667 ἔλθωμεν
717 3597 958 3671 Χριστοῦ
988 3595 1084 3649 τοῦ
1118 3596 1254 3649 Θεοῦ
1285 3595 1445 3666 ἡμῶν
1471 3610 1485 3624 °
1525 3588 1568 3662 ᾧ
1621 3596 1824 3665 πρέπει
1859 3595 2008 3646 πᾶσα

2112 3601 2321 3658 inferos
2359 3603 2684 3658 constituta.
2717 3601 2786 3656 At
2817 3617 2918 3658 nos
2943 3611 3165 3672 paterne
3198 3617 3230 3656 α
3261 3603 3493 3658 Domino
3519 3605 3694 3658 casti-

421 3689 576 3753 δόξα,
599 3689 757 3762 τιμὴ,
791 3689 888 3743 καὶ
924 3689 1321 3763 προσκύνησις,
1345 3689 1461 3759 ἅμα
1492 3687 1569 3758 τῷ
1595 3687 1774 3759 Πατρὶ
1807 3687 1902 3740 καὶ
1932 3685 2008 3758 τῷ

2113 3695 2220 3764 gati
2251 3695 2526 3750 submisse
2558 3709 2885 3765 precemur:
2922 3693 3175 3760 Domine,
3207 3709 3274 3750 ne
3307 3694 3360 3748 in
3391 3694 3574 3750 lurore
3599 3703 3698 3750 tuo

423 3783 569 3854 ἁγίῳ
597 3783 899 3855 Πνεύματι,
931 3781 1052 3856 [νῦν
1082 3783 1176 3838 καί¹
1229 3783 1339 3850 ἀεὶ,
1377 3777 1495 3854 καὶ]
1537 3781 1616 3844 είς
1644 3781 1772 3842 τοὺς
1804 3779 2008 3842 αἰῶνας

2115 3786 2358 3857 ﬂagelles
2395 3801 2497 3841 nos
2547 3805 2562 3842 :
2618 3801 2798 3856 neque
2837 3787 2983 3842 enim
3031 3795 3118 3842 est
3165 3788 3374 3842 sanitas
3425 3788 3480 3842 in
3537 3803 3705 3842 rarae

424 3875 562 3952 [τῶν
589 3876 850 3951 αἱώνων].
885 3879 1079 3950 Ἀμήν.

2113 3888 2303 3931 nostra
2337 3893 2364 3929 a
2403 3875 2541 3932 l'acic
2574 3877 2670 3932 iraa
2706 3890 2812 3932 tum
2843 3893 2858 3931 :
2896 3886 2956 3932 ut
2985 3877 3158 3932 stolas
3191 3887 3408 3933 nostras
3451 3888 3692 3948 peceatts

421 3971 838 4025 contaminatas
868 3969 1125 4042 Iacrymis
1172 3967 1512 4040 paenitentia:
1555 3967 1824 4034 cluentes,
1859 3966 2202 4036 honesteque
2264 3969 2580 4039 nuptiarum
2613 3981 2765 4025 veste
2819 3969 3014 4034 induti,
3065 3969 3117 4023 in
3173 3979 3442 4024 a'ternum
3501 3985 3704 4041 perpe-

425 4072 535 4118 tuae
566 4063 767 4118 laetitiae
799 4064 1103 4118 thalau‘mm
1129 4062 1335 4118 Christi
1368 4059 1463 4116 Dei
1501 4069 1555 4116 et
1585 4060 1802 4114 Domini
1835 4059 2006 4116 nostri
2048 4060 2422 4130 iugrediamur
2451 4081 2466 4117 :
2528 4077 2694 4134 quem
2741 4065 2900 4118 decet
2946 4063 3127 4119 oumis
3189 4065 3382 4134 gloria,
3413 4073 3468 4118 et
3500 4064 3700 4126 honor,

423 4167 482 4212 et
511 4157 785 4222 admatio,
838 4173 944 4210 tum
985 4171 1108 4210 cum
1167 4152 1332 4208 Patre
1377 4163 1431 4209 et
1475 4152 1681 4224 Spiritu
1718 4164 1911 4207 sancto
1953 4153 2005 4206 in
2049 4153 2248 4209 saecula
2279 4155 2634 4210 sa'culorum.
2669 4158 2863 4208 Amen.

781 4291 1036 4345 ΚΕΦΑΛ.
1077 4289 1232 4358 Μετ’.
1265 4289 1486 4344 ΛΟΓΟΣ
1529 4287 1647 4357 tq'.

425 4405 634 4472 ὀπως
684 4402 796 4473 τῆς
845 4403 1079 4474 πρώτης
1125 4403 1350 4472 φιάλης
1397 4405 1775 4474 ἐκχεθείσης,
1827 4403 2010 4467 ἕλκος

725 4475 877 4529 κατὰ
908 4473 1028 4528 τῶν
1060 4475 1424 4530 ἀποστατῶν
1449 4473 1705 4546 γίνεται.

501 4609 612 4664 Καὶ
663 4609 906 4678 ἤκουσα
941 4607 1146 4678 φωνῆς
1178 4609 1453 4678 μεγάλης
1475 4608 1544 4662 ἐκ
1574 4607 1681 4662 τοῦ
1706 4607 1879 4673 ναοῦ,
1909 4610 2012 4661 λε·

429 4705 670 4775 τούσης
700 4701 828 4768 τοῖς
857 4699 1008 4754 ἑπτὰ
1043 4701 1355 4770 ἀγγέλοις·
1399 4699 1688 4770 Ὑπάγετε
1725 4697 1873 4770 [καὶ]
1915 4699 2014 4750 ἐκ·

434 4794 612 4865 κέατε
651 4794 758 4860 τὰς
779 4791 977 4866 [ἑπτὰ]
1007 4794 1232 4862 φιάλας
1263 4793 1366 4848 τοῦ
1397 4793 1587 4862 θυμοῦ
1623 4791 1730 4846 τοῦ
1759 4789 1906 4844 Θεοῦ
1929 4791 2017 4856 εἰς

433 4887 554 4955 τὴν
577 4886 712 4960 γῆν.
755 4885 864 4940 Καὶ
893 4885 1174 4956 ἀπῆλθεν
1209 4889 1244 4940 ό
1287 4883 1518 4954 πρῶτος
1566 4881 1868 4958 [ἅγγελος]
1918 4883 2017 4937 καὶ

437 4983 647 5052 ἐξέχεε
703 4981 821 5049 τὴν
858 4979 1090 5050 φιάλην
1132 4976 1366 5050 [αὐτοῦ]
1427 4976 1526 5030 ἐπὶ
1577 4975 1691 5044 τὴν
1733 4974 1888 5042 γῆνο
1919 4971 2020 5028 καὶ

437 5071 679 5142 ἐγένετο
706 5071 890 5137 ἕλκος
923 5069 1139 5143 [κακὸν
1166 5067 1288 5141 καὶ]
1323 5067 1590 5136 πονηριῗν
1613 5069 1699 5133 εἰς
1733 5065 1873 5132 τοὺς
1913 5065 2020 5118 άν-

441 5165 710 5234 θρὼπους
743 5165 888 5229 τοὺς
927 5163 1184 5233 ἔχοντας
1227 5163 1292 5215 τὸ
1333 5160 1607 5231 χάραγμα
1649 5159 1756 5214 τοῦ
1791 5159 2021 5229 θηρίου,

439 5259 538 5311 καὶ
569 5259 710 5324 τοὺς
743 5253 1243 5324 προσκυνοῦντας
1267 5252 1380 5320 τὴν
1395 5253 1601 5306 εἰκόνα
1635 5251 1845 5306 αὐτοῦ.

523 5349 589 5402 'il
625 5347 816 5418 φιάλη
859 5345 1120 5411 ὲνταῦἳα,
1154 5343 1410 5415 καθάπερ
1444 5341 1587 5414 [καὶ]
1617 5343 1677 5396 τὸ
1715 5341 2024 5411 ποτήριον,

2041 4496 2090 4556 D

2437 4287 2672 4343 CAPUT
2711 4285 2893 4343 XLVI.
2921 4287 3154 4343 SEltMO
3194 4287 3334 4345 XVl.

2125 4401 2215 4473 Ut,
2249 4405 2424 4472 prima
2447 4403 2630 4470 phiala
2653 4401 3054 4525 (fumiﬁcem
3089 4413 3217 4457 nata
3252 4404 3357 4457 sint
3391 4404 3444 4457 in
3469 4403 3704 4458 deserto-

2814 4490 2859 4525 t't
2900 4491 2984 4525 us.

2814 4490 2984 4528 ινυιιε.

2188 4605 2327 4670 XVI,
2367 4607 2422 4674 Ι,
2448 4605 2504 4660 2.
2539 4605 2607 4660 Et
2647 4607 2828 4660 audiri
2877 4623 3050 4660 vocem
3099 4623 3346 4678 magnam
3387 4607 3452 4660 de
3481 4607 3700 4676 templa,

2116 4701 2374 4755 dicentem
2419 4710 2616 4768 septem
2667 4701 2870 4770 angelis
2917 4715 2936 4753 :
2967 4700 3070 4765 Ite,
3110 4711 3160 4754 et
3207 4701 3464 4770 effundite
3512 4711 3706 4772 septem

2118 4791 2328 4857 phialas
2361 4792 2458 4844 ira:
2493 4789 2588 4844 Dei
2621 4791 2674 4843 in
2712 4801 2931 4845 terram.
2966 4789 3032 4844 Et
3059 4793 3192 4846 abiit
3225 4794 3429 4862 primus
3465 4792 3706 4863 angelus,

2120 4893 2170 4936 et
2209 4883 2399 4952 effudit
2427 4881 2666 4952 phialam
2710 4899 2860 4936 suout
2919 4885 2972 4936 in
3027 4893 3266 4950 terram;
3308 4895 3356 4938 et
3398 4885 3598 4953 factum
3633 4893 3711 4938 est

2125 4975 2278 5029 ulcus
2319 4991 2522 5029 sa't'um
2557 4987 2604 5029 et
2651 4977 2936 5044 pessimum
2975 4975 3030 5030 in
3059 4979 3294 5031 homines
3331 4978 3422 5046 qui
3452 4977 3712 5031 habebant

2125 5069 2480 5122 characterem
2529 5067 2732 5130 bestiw,
2769 5079 2818 5122 et
2859 5070 2914 5121 iu
2941 5085 3028 5122 eos
3073 5071 3162 5138 qui
3193 5071 3546 5124 adorat-erunt
3579 5070 3716 5121 iuta-

2127 5161 2298 5232 ginem
2323 5162 2458 5230 ejus.

2220 5335 2414 5388 t’hiula
2469 5333 2574 5388 hoc
2607 5332 2750 5394 loco.
2785 5329 3254 5400 queuntdmodum
3285 5328 3429 5382 calix.
3474 5341 3718 5399 quoque,

443 5444 538 5496 ἐπὶ
571 5443 904 5512 κολαστικῆς
947 5437 1233 5509 ἐνεργείας
1261 5436 1668 5507 ἐκλαμϐάνεται
1693 5449 1706 5464 ·
1757 5429 1824 5505 ἧς
1865 5451 2008 5506 (meo

2131 5446 2232 5500 pro
2262 5429 2311 5482 \‘i
2365 5426 2600 5498 quadam
2647 5425 2860 5480 rtelesti
2901 5423 3208 5478 cruciatum
3267 5421 3472 5476 inferre
3527 5419 3720 5474 idonea

447 5536 552 5588 ὑπο
605 5533 700 5588 τοῦ
736 5534 972 5603 ἀγγέλου
1015 5531 1360 5602 ἑκχεθείσης,
1408 5528 1590 5597 ἕλκος
1627 5529 1903 5596 πονηρὸν
1937 5544 2033 5597 γε·

447 5627 711 5698 νὴσεσθαι
736 5645 750 5659 ⁸
785 5629 883 5700 τὴν
913 5630 970 5680 ἐν
995 5625 1196 5697 καρδίᾳ
1219 5621 1358 5677 πύου
1390 5621 1548 5692 δίκην
1577 5620 1889 5690 σφύζουσαν
1919 5619 2036 5673 ἐδύ-

449 5741 547 5792 νην
592 5723 986 5792 αἰνιττόμενον,
1018 5719 1116 5791 τὴν
1155 5718 1516 5788 ἐγγινομένην
1573 5717 1693 5778 ταῖς
1739 5713 1848 5767 τῶν
1895 5716 2034 5769 ἀπο-

451 5815 666 5870 στατῶν
701 5816 974 5888 καρδίαις,
1002 5815 1129 5868 ὅταν
1169 5811 1456 5884 Θεηλάτοις
1495 5809 1733 5882 πληγαῖς
1773 5808 2024 5880 μαστιζὸο

2135 5532 2455 5593 usurpatur.
2501 5522 2628 5574 Haec
2673 5519 2840 5591 igitur
2879 5532 3004 5573 cum
3055 5532 3150 5586 per
3201 5515 3456 5586 angelum
3518 5513 3718 5571 fuisset

2137 5615 2335 5680 cil‘usa,
2367 5623 2622 5668 exortum
2657 5621 2740 5682 est
2771 5612 2920 5664 ulcus
2953 5611 3250 5678 malignum
3281 5609 3338 5663 in
3371 5607 3438 5664 iis
3465 5607 3560 5680 qui
3587 5607 3723 5662 ado-

2137 5719 2395 5766 ravcrant
2423 5706 2695 5770 bestiam;
2743 5705 2896 5760 illum
2927 5705 3118 5773 utique
3141 5703 3388 5758 dolorem
3413 5711 3470 5757 et
3508 5701 3718 5757 crucia-

2137 5813 2255 5858 tum
2281 5800 2618 5872 esprimens,
2641 5799 2734 5867 qui
2767 5797 2820 5852 in
2847 5797 3012 5852 corde
3045 5795 3262 5851 ilforum
3295 5794 3522 5858 inﬁxus,
3555 5793 3728 5848 instar
