4102 6420
295 331 413 399 3θὲ
615 388 620 394 .
1288 335 1900 397 COMMENTARIUS
1938 335 2019 394 ΙΝ
2061 334 2592 396 APOCALYPSIN-
3475 337 3586 402 362

295 449 396 502 λου
425 445 784 502 ὑπασπιστῶν
837 447 1301 518 ἀναιρουμένους”
1353 449 1388 518 ἢ
1441 448 1548 520 [τὸ]
1595 450 1724 512 τοὺς
1779 447 1888 504 τῶν

1998 463 2354 514 occursuros,
2379 449 2474 518 qui
2505 457 2724 518 propter
2753 447 3088 520 singularem
3113 451 3168 504 in
3193 449 3296 504 tide
3322 459 3585 506 constan-

299 539 466 591 θείων
503 537 808 608 προφητῶν
847 537 1366 606 ἀποστρεφομένους
1395 539 1457 590 τὸ
1489 540 1772 608 κήρυγμα,
1799 539 1892 592 καὶ

1998 539 2126 592 tiam
2159 539 2464 609 prophetiae
2489 541 2696 596 donum
2721 550 3136 610 consequentur
3161 542 3290 611 ;qui
3320 556 3386 598 ea
3415 543 3582 598 etiam

293 629 652 692 δικαιοῦντας
717 627 902 682 αὐτῶν
944 631 1045 698 τὴν
1113 629 1220 683 ὑπὸ
1269 629 1378 682 τῶν
1440 629 1892 700 σκληροκαρδίων

1998 630 2061 683 de
2106 644 2276 684 causa
2335 646 2364 684 a
2416 630 2619 686 diaboli
2671 631 2932 686 satellitio
2986 633 3452 688 trucidabuntur:
3491 648 3588 690 aut

309 721 588 792 Ἐϐραίων
623 722 930 791 ἀναίρεσιν,
965 723 1264 786 κοινωνοὺς
1302 723 1403 792 τῆς
1457 722 1640 775 αὐτῶν
1673 721 1892 790 σφαγῆς

1998 737 2092 786 θος,
2139 737 2272 776 sane
2307 723 2400 790 qui
2449 724 2762 778 divinorum
2807 727 3198 794 prophetarum
3235 727 3588 796 praedicatio-

297 816 368 883 τῇ
402 813 660 882 προθέσει
690 814 942 880 γίνεσθαι
969 831 982 843 ·
1014 815 1160 868 καθὰ
1195 817 1289 869 καὶ
1309 818 1338 868 ό
1375 815 1578 885 Κύριος
1603 817 1716 876 τοῖς
1755 815 1890 867 Ἰου-

1998 829 2118 868 nem
2155 815 2599 880 aversabuntur;
2627 817 2800 870 caedes
2841 828 3046 884 autem,
3082 832 3222 888 quas
3248 818 3372 888 duri
3402 819 3590 875 cordis

293 905 474 971 ’δαίοις
529 905 734 974 ἔλεγεν,
775 909 858 962 ὅτι
918 907 1011 980 [oi]
1045 907 1459 978 οἰκοδομοῦντες
1494 908 1562 962 τὰ
1615 907 1722 960 τῶν
1753 923 1890 974 προ-

1999 904 2262 974 duraeque
2281 907 2514 962 cervicis
2553 907 2765 962 Πρὶν-αεὶ
2800 907 3026 964 Christo
3051 920 3104 966 ct
3136 912 3418 980 prophetis
3443 922 3590 967 attu-

295 995 493 1066 ’φητῶν
521 999 811 1069 μνήματα,
848 1000 1237 1053 συνευδοκοῦσι
1269 1003 1336 1070 τῇ
1367 1001 1654 1070 ἀναιρέσει
1682 997 1886 1052 αὐτῶν.

2000 996 2200 1062 lerunt,
2225 999 2394 1054 veluti
2414 999 2594 1068 justas
2619 1000 2946 1070 approbant,
2967 1003 3208 1058 autolim
3233 1005 3588 1074 approbaturi

301 1101 452 1154 sunt,
481 1093 553 1146 ob
582 1094 780 1149 mentis
809 1097 1152 1163 propositum
1185 1094 1328 1148 inter
1360 1095 1482 1150 illos
1531 1095 1682 1164 ipsos
1739 1089 2043 1148 homicidas
2095 1093 2426 1148 censendos.
2487 1094 2605 1150 l-luc
2635 1097 2782 1150 enim
2853 1107 3088 1165 Spectat,
3129 1100 3274 1168 quod
3333 1101 3590 1158 Christus

299 1175 571 1238 Dominus
613 1183 680 1238 ad
722 1183 944 1240 Judreos
981 1185 1244 1240 dicebat:
1296 1183 1384 1239 Va:
1435 1185 1617 1242 vobis.
1672 1185 1772 1245 ait,
1802 1181 1891 1251 qui
1957 1179 2242 1248 a’diﬁcatis
2307 1193 2648 1236 monumenta
2701 1185 3113 1254 prophetarum,
3181 1202 3360 1258 patres
3408 1206 3588 1250 autem

296 1277 459 1331 vestri
487 1277 790 1332 occiderunt
825 1277 951 1334 illos
979 1295 998 1332 .'
1033 1278 1268 1348 profecta
1315 1278 1703 1346 testiﬁcamini,
1753 1273 1892 1346 quod
1931 1273 2244 1327 consentitis
2281 1274 2526 1343 operibus
2555 1287 2770 1343 patrum
2797 1289 3090 1332 vestrorum
3125 1280 3190 1334 ".

381 1371 488 1430 Kal
529 1365 771 1444 ἥκουσα
808 1375 878 1428 ἐκ
913 1373 1022 1427 τοῦ
1064 1375 1508 1444 θυσιαστηρίου
1558 1374 1850 1443 λέγοντος
1877 1389 1890 1401 ·

297 1465 438 1536 Ναὶ,
465 1470 646 1536 Κύριε
673 1471 705 1521 ὁ
743 1467 890 1531 Θεὸς
919 1471 952 1521 ὀ
979 1467 1431 1536 παντοκράτωρ,
1459 1465 1744 1535 ἀληθιναὶ
1793 1467 1892 1519 καὶ

295 1567 526 1620 δίκαιαι
553 1565 612 1616 αὶ
647 1561 880 1629 κρίσεις
900 1579 1040 1616 σου.

375 1651 488 1711 Kal
517 1654 762 1723 ἥκουσα
807 1653 876 1706 ἐκ
926 1652 1034 1706 τοῦ
1075 1654 1533 1724 θυσιαστηρίου.
1577 1683 1646 1705 τ-
1683 1653 1749 1706 Τὸ
1794 1655 1896 1706 θυ-

2068 1367 2211 1430 XVI,
2247 1367 2300 1422 7.
2345 1367 2414 1421 Et
2470 1370 2648 1424 audivi
2699 1369 2926 1424 alterum
2955 1388 3021 1425 ex
3071 1375 3238 1428 altari
3278 1377 3534 1432 dicentem
3570 1397 3588 1436 :

1998 1457 2203 1521 Etiam,
2242 1457 2462 1510 Domine
2491 1459 2628 1512 Deus
2660 1461 3012 1529 omnipotens,
3045 1479 3168 1516 vera
3198 1473 3248 1518 et
3271 1466 3588 1538 justajudi-

1995 1550 2078 1602 cia
2119 1559 2234 1602 tua.

2068 1641 2182 1712 69
2219 1641 2322 1696 Per
2368 1641 2544 1696 altare
2598 1643 2876 1697 interdum
2929 1644 3252 1714 designatur
3309 1646 3589 1714 Christus,

299 1747 684 1816 σιαστήριον,
728 1747 862 1800 ποτὲ
895 1743 998 1815 μὲν
1051 1745 1143 1798 τὸν
1209 1745 1448 1815 Χριστὸν
1507 1744 1678 1815 δηλοῖ,
1711 1743 1787 1807 ὡς
1835 1745 1892 1796 έν

1999 1737 2142 1806 quod
2171 1737 2226 1789 in
2255 1736 2377 1806 ipso
2396 1745 2560 1806 etper
2583 1737 2762 1806 ipsum
2781 1737 2994 1793 ratione
3030 1739 3270 1808 praedita:
3303 1739 3415 1797 Deo
3443 1740 3591 1796 Patri

301 1833 454 1912 αὖτῷ
488 1839 584 1893 καὶ
632 1837 702 1892 δι’
741 1836 911 1890 αὐτοῦ
954 1837 1417 1908 προσφερομένων
1451 1837 1530 1906 τῷ
1563 1837 1742 1906 Πατρὶ
1778 1836 1890 1890 τῶν

301 1931 538 2000 λογικῶν
566 1924 1004 2000 ὁλοκαρπὼσεων
1054 1929 1147 1980 καὶ
1174 1928 1284 1981 τῶν
1329 1927 1520 1992 ζωσῶν
1565 1927 1788 1994 θυσιῶν,
1825 1927 1892 1988 ἃς

302 2023 643 2096 προσφέρειν
691 2023 756 2074 ὲκ
789 2019 886 2072 τοῦ
949 2019 1282 2072 Ἀποστόλου
1325 2018 1686 2088 δεδιδάγμεθα
1711 2035 1722 2048 ⁸
1762 2019 1890 2072 ποτὲ

301 2121 360 2172 δὲ
411 2117 512 2180 τὰς
546 2113 842 2183 ἀγγελικὰς
900 2113 1185 2182 δυνάμεις,
1236 2113 1311 2176 ὡς
1375 2113 1726 2180 ἀναγωγικὶις
1782 2111 1892 2164 τῶν

301 2207 590 2278 ἡμετέρων
626 2201 950 2274 προσευχῶν
985 2201 1210 2255 καὶτῶν
1241 2201 1630 2272 πνευματικῶν
1658 2195 1890 2270 ὁλοκαρ-

299 2291 556 2353 πῶσεων.
583 2298 681 2358 “At;
703 2297 784 2358 είς
821 2295 1102 2348 διακονίαν
1139 2293 1616 2362 ἀποστελλομένοις
1651 2294 1740 2346 διὰ
1765 2296 1892 2357 τοὺς

301 2391 600 2464 μέλλοντας
653 2387 1017 2458 κληρονομεῖν
1077 2377 1356 2454 σωτηρίαν
1405 2385 1745 2456 ἠκούσαμεν.
1797 2385 1892 2439 Ἐκ

299 2485 501 2540 τούτου
553 2484 734 2536 τοίνυν
770 2479 866 2533 τοῦ
895 2477 1278 2548 λειτουργικοῢ
1333 2478 1728 2548 θυσιαστηρίου
1759 2479 1892 2547 φησὶ

297 2576 402 2646 τὴν
439 2573 626 2642 φωνὴν
667 2571 1046 2644 ἐξενεχθῆναι,
1083 2569 1406 2626 δικαιοῦσαν
1434 2570 1504 2624 τὰ
1535 2573 1717 2626 πάντα
1768 2569 1893 2626 νοῦν

303 2670 406 2724 καὶ
438 2667 596 2736 λόγον
640 2661 1046 2737 ὑπερόαίνοντα
1095 2665 1191 2719 τοῦ
1226 2661 1363 2719 Θεοῦ
1419 2665 1687 2736 κρίματα.
1739 2665 1894 2720 Ἐπεὶ

303 2755 490 2810 τοίνυν
519 2754 736 2826 χαίρειν
765 2752 867 2824 μὲν
893 2755 988 2807 καὶ
1017 2751 1305 2823 ἑορτάξειν
1344 2749 1446 2818 τὰς
1478 2755 1673 2826 νοερὰς
1727 2756 1892 2809 δυνά-

309 2865 433 2919 μεις
463 2848 558 2900 ἐπὶ
579 2849 647 2917 τῇ
685 2845 796 2900 τῶν
819 2848 881 2899 ἐκ
921 2845 1212 2916 μετανοίας
1241 2847 1684 2918 ἐπιστρεφόντων
1712 2865 1894 2920 σωτη-

310 2939 401 3011 ρίᾳ
422 2940 536 3002 τοῖς
567 2925 952 3008 εὐαγγελικοϊς
978 2929 1159 3005 λόγοις
1191 2939 1572 3010 ἐδιδάχθημεν,
1605 2939 1891 2994 λυπεῖσθαι

301 3024 362 3086 δὲ
393 3031 488 3085 ἐπὶ
517 3033 584 3101 τῇ
639 3031 848 3086 τούτων
887 3032 986 3101 τῆς
1021 3031 1238 3095 εὐθείας
1268 3031 1391 3085 ὁδοῦ
1415 3037 1768 3104 παρατροπῇ,
1812 3033 1894 3088 εὑ-

1997 1827 2300 1882 otl'erautur
2347 1827 2568 1892 ltostiaa,
2618 1829 3004 1900 sacrilieiaque
3049 1839 3105 1884 et
3143 1831 3378 1887 victimae
3419 1833 3592 1896 vivat;

1995 1917 2186 1987 quales
2242 1917 2350 1988 ipsi
2393 1919 2580 1974 oii'erri
2627 1919 2744 1974 vult
2794 1921 3112 1990 Apostolus.
3183 1921 3590 1996 Nonnunquam

1998 2025 2126 2064 vero
2171 2011 2433 2079 angelicae
2473 2011 2730 2075 virtutes,
2765 2023 2822 2066 nt
2855 2027 2976 2082 quae
3015 2025 3233 2070 nostras
3269 2031 3459 2085 preces
3489 2033 3594 2074 no-

1996 2113 2254 2173 strasque
2315 2104 2594 2174 spiritales
2639 2106 2946 2161 oblationes
2994 2107 3046 2160 in
3091 2109 3329 2164 sublime
3355 2115 3594 2169 evehunt

1997 2194 2218 2266 Deoqt‘re
2251 2196 2485 2251 olferant
2523 2215 2536 2251 :
2570 2197 2842 2267 siquidem
2881 2198 3047 2254 hasce
3091 2211 3314 2270 propter
3351 2217 3447 2257 eos
3495 2207 3592 2276 qui

1999 2287 2376 2344 [nereditatem
2406 2289 2605 2346 salutis
2629 2289 2875 2359 capiunt,
2901 2289 2954 2343 in
3011 2291 3386 2347 ministerium
3421 2297 3590 2360 mitti,

1995 2393 2060 2432 ex
2089 2379 2282 2434 eodem
2323 2379 2588 2450 Apostolo
2617 2380 2819 2436 diserte
2851 2380 3141 2438 discimus.
3182 2382 3258 2437 Ex
3295 2385 3401 2441 ho'c
3428 2387 3596 2456 igitur

1998 2473 2232 2540 mystico
2280 2472 2438 2527 altari
2475 2487 2663 2528 vocem
2721 2473 2960 2528 delatam
3017 2475 3218 2544 inquit,
3255 2491 3376 2545 quae
3405 2479 3593 2532 omnia

1995 2560 2092 2616 Dei
2144 2563 2356 2636 judicia
2381 2564 2529 2634 justa
2575 2580 2642 2620 ac
2668 2580 2888 2621 omnem
2918 2575 3156 2622 mentem
3189 2575 3246 2623 et
3280 2570 3592 2626 orationem

1997 2655 2313 2722 superantia
2342 2655 2693 2725 prmdicabat.
2723 2657 2862 2725 Quia
2887 2672 3020 2728 ergo
3043 2674 3106 2713 ex
3140 2663 3318 2718 sacris
3351 2663 3593 2718 oraculis

1998 2743 2377 2813 intelligimus,
2400 2745 2770 2820 intelligentes
2791 2749 2914 2806 illas
2937 2749 3325 2824 Spiritalesque
3353 2757 3586 2812 virtutes

1997 2837 2064 2890 de
2097 2837 2317 2892 illorum
2375 2841 2554 2895 salute
2585 2843 2828 2912 gaudere
2859 2841 3175 2916 festumque
3223 2847 3368 2902 diem
3406 2854 3590 2917 agere,

1997 2927 2090 3000 qni
2155 2946 2252 3002 per
2301 2934 2691 3000 pmnitentiain
2770 2944 3213 3000 convertuntur;
3269 2941 3592 2998 contristari

2007 3027 2136 3078 vero
2167 3035 2220 3077 et
2249 3037 2485 3080 moerere
2525 3025 2591 3080 de
2632 3027 2854 3081 illorum
2887 3029 3220 3098 perditione,
3256 3031 3350 3101 qui
3383 3039 3590 3088 rectam

303 3125 588 3195 χαριστείν
616 3121 673 3175 δὲ
693 3123 772 3192 τῷ
803 3121 924 3192 Θεῷ
954 3123 1048 3176 ἐπὶ
1074 3125 1140 3193 τῇ
1173 3124 1282 3177 τῶν
1309 3125 1760 3194 παραϐαινόντων
1791 3123 1891 3186 τὰς

1999 3116 2141 3170 viam
2176 3117 2471 3184 deserunt;
2503 3133 2568 3172 ac
2587 3121 2794 3188 gratias
2825 3120 3066 3191 denique
3111 3123 3326 3178 caelesti
3361 3117 3592 3180 Numini

301 3216 459 3280 θείας
511 3216 732 3279 ἐντολὰς
799 3216 1044 3280 κολάσει,
1072 3216 1149 3281 ὡς
1199 3216 1266 3271 ἂν
1307 3218 1542 3287 μερικὴν
1574 3217 1684 3270 τῶν
1728 3217 1896 3288 ὀφλη-

307 3311 497 3380 μάτων
523 3310 863 3380 ποιήσωνται
891 3309 1122 3374 ἔκτισιν,
1161 3309 1558 3380 σπουδάσωμεν
1583 3309 1682 3380 τὴν
1711 3311 1808 3364 ἐπὶ
1825 3313 1892 3382 τῇ

309 3402 611 3470 ἐπιστροφῇ
639 3398 802 3471 ἡμῶν
824 3397 1036 3461 τούτοις
1061 3397 1397 3468 προξενῆσαι
1426 3399 1775 3469 εὐφροσύνην
1799 3400 1895 3451 καὶ

307 3491 666 3562 ἅγαλλίασιν·
720 3491 1034 3553 ἐννοοῦντες
1081 3481 1300 3560 ἑκάστῳ
1342 3490 1498 3562 ἡμῶν
1543 3491 1690 3544 θεῖον
1746 3505 1893 3560 παρ-

308 3590 578 3655 επόμενον
597 3584 856 3654 ἄγγελον,
887 3573 1140 3656 [ἀρρήτῳ
1182 3587 1291 3638 τινὶ
1333 3583 1499 3656 λόγῳ]
1533 3585 1602 3638 τὰ
1639 3575 1892 3656 πρακτέα

301 3679 463 3750 ἡμῶν
486 3677 855 3749 εἰσηγεῖσθαι,
895 3678 991 3731 ἆτι
1018 3677 1144 3732 νοῦν
1179 3678 1403 3747 ἀφανῶς
1431 3679 1506 3748 τῷ
1529 3679 1790 3749 ἡμετέρῳ
1813 3679 1895 3736 νοῒ

302 3769 764 3841 προσομιλοῦντα,
801 3772 896 3824 καὶ
943 3771 1029 3840 ἐφ’
1077 3769 1160 3834 οἷς
1204 3771 1304 3841 μὲν
1351 3771 1612 3828 ἀκούεται
1657 3773 1896 3844 συμῦουο

301 3861 478 3917 λεὺων
509 3863 778 3934 χαίροντα
803 3879 817 3892 '
859 3863 946 3931 ἐφ’
979 3859 1060 3926 οἷς
1089 3863 1146 3918 δὲ
1183 3865 1587 3935 παρακούεται,
1615 3865 1892 3936 θεομιμή-

299 3971 411 4020 τως
437 3954 806 4024 λυπούμενον,
836 3955 910 4017 ὡς
943 3953 1084 4028 [καὶ]
1129 3957 1195 4008 ἐκ
1225 3956 1566 4026 ψυχωφελῶν
1611 3958 1891 4029 διηγημά-

299 4067 410 4104 των
445 4049 718 4119 ἔγνωμεν.
778 4049 958 4119 ’Λνδρὶ
987 4053 1098 4120 γάρ
1145 4069 1252 4104 τινι
1301 4053 1624 4122 μελανθέντι
1673 4053 1895 4117 πολλοῖς

301 4140 732 4212 παραπτώματι
785 4141 880 4196 καὶ
911 4143 994 4204 είς
1023 4142 1124 4212 τὴν
1152 4143 1457 4213 ἐκκλησίαν
1485 4145 1731 4211 εἰσιόντι,
1759 4162 1892 4198 σκυ-

301 4232 525 4303 θρωπὸν
558 4234 840 4306 μακρόθεν
877 4235 972 4288 τὸν
1019 4235 1254 4304 ἄγγελον
1285 4235 1552 4290 ἔπεσθαιο
1599 4239 1793 4292 τούτου
1837 4239 1894 4293 δὲ

301 4327 705 4393 κατανυγέντος
729 4325 892 4397 [rt-po;
919 4327 1282 4401 ἐπιστροφὴν]
1331 4331 1427 4381 καὶ
1455 4329 1536 4401 τῷ
1563 4330 1764 4400 θελητῇ
1796 4329 1892 4383 τοῦ

1999 3225 2162 3282 agere
2211 3211 2279 3265 de
2335 3219 2530 3266 eorum
2587 3213 2876 3282 punitione
2918 3212 3014 3282 qui
3079 3213 3264 3270 divina
3317 3225 3592 3288 praecepta

1999 3304 2454 3372 praevaricantur,
2491 3321 2602 3374 quo
2630 3305 2716 3359 vel
2747 3315 2956 3374 partem
2993 3316 3406 3364 contractarum
3433 3309 3588 3368 debl-

2001 3405 2180 3451 torunt
2213 3413 2311 3468 per
2343 3398 2618 3468 ejusmodi
2648 3399 2957 3453 cruciatum
2991 3401 3046 3454 in
3079 3399 3185 3454 hac
3224 3400 3450 3460 mortali
3465 3402 3592 3462 -vita

1999 3487 2356 3558 persolvant:
2418 3506 2519 3560 par
2569 3499 2672 3554 est,
2719 3499 2780 3544 ut
2812 3497 3000 3546 nostra
3035 3491 3104 3546 ad
3139 3489 3312 3547 Deum
3355 3507 3592 3552 conver-

2000 3583 2156 3638 sione
2224 3595 2276 3638 et
2327 3585 2647 3654 paenitentia
2701 3584 3020 3644 nonnullam
3074 3585 3182 3641 illis
3239 3586 3485 3642 laetitiam
3535 3594 3595 3642 et

1999 3678 2428 3734 exsultationem
2461 3679 2825 3734 conciliemus
2853 3697 2866 3732 :
2891 3679 3200 3748 cogitantes
3232 3693 3594 3748 unumquem-

2009 3769 2142 3825 libct
2219 3782 2470 3826 nostrum
2521 3772 2770 3826 divinum
2838 3772 3092 3842 angelum
3153 3770 3432 3835 comitari,
3493 3771 3589 3842 qui

1999 3862 2170 3916 veluti
2207 3879 2364 3917 mens
2391 3863 2668 3932 quautam,
2697 3872 2906 3918 nostra:
2930 3861 3100 3916 menti
3119 3877 3324 3918 arcano
3349 3863 3589 3932 quodan'

2001 3954 2165 4009 modo
2213 3969 2336 4010 sese
2365 3954 2652 4024 adjungat,
2691 3953 3072 4024 salutariaque
3103 3953 3338 4010 consilia
3369 3955 3594 4010 assidue

1999 4056 2279 4118 suggerat,
2313 4057 2368 4103 et
2397 4063 2522 4117 qua:
2549 4048 2731 4103 facere
2755 4047 3024 4103 debemus
3057 4047 3350 4102 ostendat:
3384 4057 3438 4102 ct
3463 4049 3592 4118 qui-

1995 4140 2122 4194 dem
2153 4139 2420 4210 gaudere,
2451 4155 2576 4194 cum
2609 4140 2882 4205 consiliis,
2905 4155 3030 4212 qua:
3070 4139 3332 4210 suggerit,
3367 4141 3592 4211 acquie-

1999 4235 2245 4298 scimus;
2279 4234 2348 4288 ad
2377 4234 2472 4288 Dei
2497 4223 2680 4290 autem
2707 4235 3018 4303 exetnplum
3043 4248 3278 4288 mmrere
3307 4243 3362 4288 et
3386 4235 3589 4290 contri-

1998 4326 2156 4390 stari,
2191 4342 2316 4380 cum
2358 4341 2556 4396 parere
2603 4327 3008 4392 detrectumus;
3037 4326 3502 4396 quemadmodum
3531 4327 3586 4384 id

301 4419 487 4482 ἐλέους
509 4419 986 4489 ἐπαγγειλαμένου
1020 4423 1084 4475 ἐκ
1107 4421 1285 4493 ψυχῆς
1312 4421 1412 4492 τὴν
1434 4422 1530 4474 ἐπὶ
1556 4423 1626 4476 τὰ
1645 4423 1891 4492 βελτίονα

1998 4435 2061 4474 ex
2111 4419 2430 4476 salubribus
2493 4420 2806 4489 animaeque
2883 4421 3114 4475 utilibus
3175 4421 3592 4477 narrationibus

305 4509 615 4582 μεταϐολὴν
643 4512 860 4582 καὶτῆς
891 4514 1166 4583 προτέρας
1198 4515 1342 4584 ζωῆς
1365 4515 1620 4586 ἄρνησιν,
1654 4515 1891 4582 ἐξιόντος

305 4601 422 4674 [τοῦ
455 4602 772 4675 ἀνθρώπου]
807 4605 1020 4658 ἐκεῖθεν
1067 4607 1434 4676 προηγεῖσθαι
1467 4605 1640 4677 [αὐτῷ
1669 4607 1762 4660 τὸν
1792 4609 1892 4676 ἅγ-

301 4695 489 4766 γελονῖ
519 4697 748 4766 φαιδρὸν
787 4699 886 4750 καὶ
923 4697 1200 4769 γεγηθότα
1227 4715 1242 4730 ’
1287 4699 1381 4754 τὸν
1421 4700 1480 4752 δὲ
1509 4699 1748 4770 πονηρὸν
1777 4699 1894 4754 δαίς

301 4805 442 4858 μονα
479 4793 946 4864 κατῃσχυμμένον
981 4793 1298 4848 ἀκολουθεῖν
1328 4793 1617 4865 πόρρωθεν
1643 4810 1658 4823 ·
1693 4793 1767 4866 [εί
1799 4796 1895 4848 καὶ

301 4879 409 4950 πρὸ
461 4880 562 4950 τῆς
615 4881 910 4952 θεαρέστου
963 4881 1059 4936 τοῦ
1115 4881 1410 4953 ἀνθρώπου
1482 4884 1894 4954 συναισθήσεως

297 4971 540 5042 ἔχαιρε.]
575 4971 794 5026 Γένοιτο
815 4974 872 5026 δὲ
897 4976 998 5045 τὴν
1031 4973 1220 5027 ἔνθεον
1246 4975 1410 5043 ἡμῶν
1453 4975 1751 5040 πολιτείαν,
1779 4978 1893 5038 τοῖς

301 5065 404 5132 μὲν
427 5065 648 5134 δαίμοσι
679 5067 1004 5137 κατηφείας,
1039 5069 1150 5131 τοῖς
1175 5065 1234 5121 δὲ
1265 5069 1520 5137 ἀγγέλοις
1543 5070 1890 5139 εὐφροσύνης

297 5155 556 5222 γενέσθαι
591 5158 882 5214 ὑπόθεσιν
922 5161 1008 5213 ἵνα
1081 5165 1234 5234 κοινῇ
1268 5164 1366 5216 σὺν
1407 5165 1596 5228 αὐτοῖς
1643 5167 1702 5219 ὲν
1733 5167 1886 5234 φωνῇ

301 5249 676 5316 ἀγαλλιάσεως
711 5253 1271 5326 καίἐξομολογήσεως
1305 5257 1440 5326 ἦχου
1499 5257 1850 5326 ἑορτάζοντες
1875 5299 1890 5322 ,

1998 4513 2380 4582 cognovimus.
2433 4511 2629 4566 Fertur
2665 4527 2902 4580 namque
2951 4513 3130 4568 virum
3167 4514 3462 4583 quemdam
3491 4514 3588 4585 qui

1997 4607 2186 4662 multis
2251 4609 2497 4676 peccatis
2523 4617 2645 4662 erat
2677 4609 3113 4672 contaminatus,
3145 4624 3270 4662 cum
3323 4609 3376 4661 in
3412 4608 3592 4663 eccle-

1997 4703 2138 4754 siam
2193 4700 2619 4770 ingrederetur,
2676 4700 2936 4770 angelum
2999 4709 3257 4756 meestum
3318 4701 3592 4772 planeque

1999 4795 2212 4848 tristem
2265 4794 2492 4865 alonge
2543 4795 2800 4864 subs-equi
2853 4795 3060 4848 visum.
3095 4794 3234 4848 Cum
3284 4806 3470 4852 autem
3521 4795 3590 4848 ad

2003 4887 2384 4958 paenitentiam
2421 4899 2820 4958 compunctus,
2859 4887 2938 4943 illi
2997 4887 3090 4958 qui
3141 4893 3430 4957 mysticam
3478 4889 3594 4946 vult

2007 4982 2128 5036 vim
2157 4981 2516 5035 mutationem
2567 4981 2882 5050 priorisque
2925 4980 3186 5049 nequitiae
3241 4980 3590 5038 missionem.

2001 5089 2067 5126 ex
2101 5073 2290 5126 animo
2323 5071 2694 5140 promisisset,
2719 5087 2892 5138 eaque
2911 5079 3096 5124 mente
3119 5085 3152 5123 ο
3175 5069 3377 5138 templo
3409 5069 3592 5122 denuo

1999 5169 2282 5232 exivisset,
2317 5167 2572 5236 angelum
2613 5167 2798 5220 statim
2851 5164 3146 5234 prodiisse,
3195 5165 3492 5232 laetumque
3535 5169 3591 5215 et

1991 5261 2362 5316 exsultantem
2425 5268 2554 5312 ante
2614 5259 2794 5326 ipsum
2865 5256 3218 5319 ambulasse;
3279 5253 3586 5310 malignum

300 5337 524 5412 Χριστῷ
572 5343 652 5413 τῷ
705 5345 826 5416 Θεῷ
865 5347 1027 5416 ἡμῶν
1078 5349 1172 5400 ἐπὶ
1209 5351 1276 5418 τῇ
1305 5349 1430 5420 νίκῃ
1466 5349 1578 5404 τῶν
1633 5349 1892 5420 πονηρῶν

1998 5359 2188 5405 contra
2223 5349 2532 5404 (immanem
2573 5347 2866 5402 confusura
2899 5345 3092 5415 procul
3129 5361 3158 5398 ιι
3194 5353 3352 5414 tergo
3385 5342 3584 5396 subse-

295 5431 583 5505 δυνάμεων
617 5437 1140 5510 εὐχαριστήσωμεν·
1175 5443 1296 5512 μεθ’
1327 5435 1390 5495 οὗ
1421 5441 1500 5514 τῷ
1525 5443 1702 5515 Πατρὶ
1733 5443 1894 5517 [πρέ-

1993 5451 2222 5507 cntum;
2259 5442 2380 5510 qui,
2411 5451 2542 5496 ante
2571 5440 2682 5496 Deo
2730 5450 2940 5510 gratam
2997 5437 3240 5494 hominis
3267 5435 3588 5491 conversio-

298 5545 392 5582 πει
423 5528 564 5601 ἅμα]
605 5532 701 5585 καὶ
734 5533 810 5604 τῷ
834 5536 976 5605 ἁγίῳ
1005 5535 1285 5606 Πνεύματι
1315 5537 1468 5602 δόξα,
1505 5536 1624 5610 [νῦν
1653 5537 1746 5590 καὶ
1775 5537 1887 5604 ἀεὶ,

1998 5551 2142 5601 nem,
2167 5535 2460 5605 gestiebat.
2483 5533 2643 5588 Faxit
2675 5535 2821 5590 Deus
2853 5533 3110 5604 Optimus
3143 5531 3371 5586 Max.-ut
3403 5539 3589 5584 nostra

299 5619 420 5699 ad]
453 5623 534 5688 εἰς
565 5625 692 5694 τοὺς
718 5627 921 5692 αἰῶνας
957 5628 1087 5700 [τῶν
1121 5631 1378 5702 αίὼνωνι.
1424 5632 1616 5706 ’Δμήν.

365 5783 413 5824 δ’
437 5779 574 5845 Luc.
601 5797 680 5858 tu,
711 5787 802 5848 47.

701 5887 974 5948 Pyrno!“
1009 5881 1122 5947 Gn.
1169 5885 1328 5948 CVI.

1993 5628 2344 5686 cenversatio
2381 5629 2614 5697 vitroque
2663 5628 2804 5682 ratio
2835 5627 2906 5682 sit
2942 5626 3238 5696 ejusmodi,
3293 5632 3354 5680 ut
3384 5623 3592 5682 daemo-

3101 5883 3176 5946 12
