4102 6442
508 380 610 445 36⁸1

1666 378 1994 438 ΑΝΒΒΕΑΞ
2033 376 2551 439 ΟλἘΞΑΠῘΕΝδῘδ

3661 381 3761 444 3ῦ8

507 494 645 557 tare,
674 493 1059 562 darmonesque
1091 491 1355 560 malignos
1382 490 1620 555 vincere,
1653 489 1901 557 adeoque
1935 501 2090 544 auer-

2196 493 2551 548 ἐκτείνωσιν
2566 498 2619 549 οἱ
2638 494 2853 549 δίκαιοι
2870 495 2938 548 ἐν
2952 494 3228 564 ἀνομίαις
3245 492 3448 561 χεῖρας
3462 496 3540 549 αὑ
3551 493 3677 561 τῶν,
3691 497 3761 561 ὼς

507 588 593 639 nis
625 587 782 640 bouis
813 586 1000 653 potiri,
1058 584 1110 637 ial
1144 584 1195 635 in
1243 582 1397 636 nobis
1427 592 1510 636 est
1551 583 1811 651 positum.
1867 586 1936 637 At
1995 584 2090 653 qui

507 681 816 731 cla-monum
867 676 1166 730 insultihus
1222 674 1612 739 succumbunt,
1656 675 1781 729 illos
1832 675 1992 728 dolor
2039 684 2094 728 et

510 785 717 825 maeror
746 770 937 836 ingens
968 783 1072 820 *ton
1111 774 1288 835 potest
1316 780 1421 817 non
1448 766 1719 818 comitari.
1750 765 1947 818 Verum
1978 778 2094 835 pae-

508 862 737 915 nitentia
773 872 823 911 et
862 858 1037 913 threri
1092 857 1234 924 apud
1293 872 1387 910 eos
1425 857 1518 925 qui
1565 856 1917 925 sempiternis
1960 872 2090 910 cru-

505 952 741 1005 ciatibus
776 950 888 1018 jam
923 947 1218 1015 mancipati
1258 947 1551 1012 habentur,
1589 962 1814 1015 prorsus
1859 946 2086 1003 inutiles

490 1048 650 1096 έςιιιιι.
686 1041 817 1095 Nam
851 1040 991 1108 apud
1038 1038 1244 1094 inferos
1300 1040 1444 1091 nulla
1480 1049 1563 1093 est
1603 1040 1928 1107 redemptio,
1987 1055 2087 1095 uce

490 1136 653 1188 adius
678 1134 755 1187 ibi
786 1131 1104 1196 Dominum,
1130 1132 1284 1199 juxta
1334 1129 1707 1195 Psalmistam,
1751 1132 2045 1185 confitetur
2071 1148 2086 1195 ;

490 1228 705 1297 quippe
754 1242 880 1280 cum
942 1226 1181 1293 Spiritus
1231 1224 1404 1278 sancti
1466 1224 1798 1289 subsidium,
1842 1225 1989 1294 quod
2031 1226 2085 1278 in

505 1324 605 1375 hac
658 1321 875 1373 mortali
930 1319 1039 1372 vita
1104 1318 1298 1371 adesse
1329 1317 1489 1378 solet,
1548 1317 1929 1371 condemnatis
1968 1332 2087 1370 am-

506 1415 647 1481 plzus
674 1428 779 1464 non
818 1412 977 1464 adsit.
1012 1409 1335 1462 Dividentur
1364 1411 1535 1471 enim,
1585 1418 1643 1461 ut
1678 1409 1755 1461 ait
1807 1408 2084 1470 Christus,

2192 581 2427 649 ἀμίκτου
2453 582 2619 653 οὔσης
2655 584 2836 638 αὐτῶν
2865 585 2963 654 τῆς
2986 583 3133 653 ζωῆς
3154 601 3169 614 ”
3198 584 3257 636 οὐ
3291 584 3450 653 μόνον
3474 586 3636 639 διὰτὸ
3658 586 3764 640 τῶν

2193 673 2323 742 βίων
2380 675 2580 744 ἀμιγὲς
2632 677 2728 729 καὶ
2780 676 3179 745 ἀκατάλληλον,
3217 677 3295 738 ὼς
3326 676 3555 740 ἕκαστος
3589 680 3761 732 ἐπολιο

2190 762 2452 815 τεύσατο’
2489 763 2625 817 ἀλλὰ
2650 765 2746 817 καὶ
2778 766 2954 818 διὰ-τὸ
2985 766 3192 835 ἀραρὸς
3221 766 3279 817 ὲν
3312 766 3390 835 τῷ
3430 767 3620 837 ἀγαθῷ
3665 771 3756 821 καὶ

2192 854 2412 921 πάγιον,
2442 855 2582 925 μήτε
2613 858 2679 927 τῇ
2711 858 2964 927 ἐπιμιξίᾳ
2995 856 3088 910 τοῦ
3120 858 3365 927 χείρονος
3400 860 3538 928 πρὸς
3581 861 3760 931 ἀμαρ-

2193 946 2315 997 τίαν
2359 946 2752 1018 ὲρεθιζομένης
2789 950 2887 1019 τῆς
2934 949 3140 1001 τούτων
3183 950 3582 1020 προαιρέσεως,
3632 956 3761 1021 μήτε

2193 1033 2451 1104 ἀσθενείᾳ
2491 1038 2695 1104 σαρκὸς
2742 1039 2775 1111 ἢ
2830 1037 3041 1108 τροπῆς
3091 1038 3242 1108 φόϐῳ
3278 1038 3377 1108 τὴν
3431 1039 3763 1111 εὐφροσύνην

2190 1126 2563 1196 ὲλαττούσης,
2583 1129 2722 1181 ἀλλὰ
2749 1129 2969 1199 βέὸαιον
2995 1130 3136 1183 κατὰ
3162 1130 3297 1183 Θεὸν
3327 1130 3762 1203 κληρονομούσης

2187 1218 2250 1269 τὸ
2268 1219 2557 1285 ἄτρεπτον.
2588 1223 2697 1273 Καὶ
2722 1221 2896 1273 ταῦτα
2922 1221 3022 1291 μὲν
3050 1221 3210 1292 μέχρι
3238 1222 3425 1276 τούτου
3456 1225 3591 1292 πρὸς
3609 1226 3762 1295 ἕτερα

2190 1311 2283 1362 τοῦ
2313 1311 2475 1377 λόγου
2508 1313 2819 1382 τρέχοντος,
2853 1312 2998 1383 ἅπερ
3050 1315 3429 1385 καθυπέσχετο
3452 1332 3465 1344 ·
3519 1318 3680 1385 ἡμεῖς
3710 1317 3761 1369 δὲ

2188 1408 2298 1461 τῶν
2332 1409 2460 1479 ἑξῆς
2482 1410 2759 1479 ἐχώμεθα.

504 1526 531 1562 a
569 1509 787 1562 vivifico
824 1508 916 1561 illo
972 1507 1200 1576 Spiritu,
1235 1520 1395 1575 quem
1434 1506 1535 1575 ipsi
1584 1506 1785 1574 injuria
1845 1514 1897 1559 et
1939 1505 2272 1559 contumelia
2340 1506 2661 1574 aﬂ‘ecerant,
2724 1521 2988 1578 perpetuo
3049 1510 3247 1564 avulsi.
3299 1511 3476 1579 Atque
3531 1510 3596 1564 ad
3631 1509 3766 1563 hunc

504 1617 722 1656 sensum
754 1599 1237 1667 l’salmographum
1285 1608 1561 1667 spectasse
1601 1599 1956 1659 arbitramur,
2004 1612 2129 1650 eum
2170 1598 2281 1652 ait:
2322 1598 2587 1663 Quoniam
2641 1616 2744 1653 non
2773 1601 3033 1671 relinquet
3084 1601 3339 1655 Dominus
3394 1602 3598 1671 virgam
3650 1617 3765 1669 pec-

504 1700 743 1745 catarum
766 1706 925 1760 super
962 1697 1154 1743 sortem
1172 1689 1466 1758 justorum,
1499 1704 1562 1742 ne
1584 1688 1869 1741 extendant
1896 1686 2033 1755 justi
2073 1686 2142 1739 ad
2188 1688 2524 1757 iniquitatem
2577 1706 2765 1744 manus
2805 1706 2948 1745 suas.
3007 1690 3192 1761 Neque
3238 1693 3382 1746 enim
3423 1693 3616 1746 horum
3648 1708 3765 1747 cum

504 1787 721 1838 illorum
765 1783 871 1835 vita
904 1781 1120 1836 misceri
1166 1789 1382 1848 potest;
1425 1796 1530 1832 non
1599 1781 1775 1833 solum
1835 1781 1965 1848 quia
1995 1781 2253 1849 operibus
2286 1782 2427 1835 inter
2491 1797 2550 1837 se
2618 1797 2726 1837 non
2792 1787 3222 1851 communicant,
3278 1786 3461 1855 neque
3510 1786 3767 1851 moribus,

502 1882 705 1949 quibus
738 1878 971 1947 quisque
1012 1876 1201 1937 utitur,
1239 1873 1626 1937 consentiunt;
1666 1887 1857 1927 verum
1907 1873 2072 1927 etiam
2115 1875 2242 1943 quia
2272 1874 2407 1943 justi
2437 1876 2706 1931 concinne
2775 1877 3215 1947 inconeusseque
3277 1879 3421 1932 bono
3454 1878 3767 1943 adhaerent,

503 1993 678 2044 neque
704 1974 922 2029 illorum
975 1970 1231 2025 voluntas
1313 1968 1556 2038 cujusvis
1616 1969 1746 2022 mali
1800 1967 2128 2023 admistione
2167 1970 2236 2023 ad
2305 1981 2592 2039 peccatum
2645 1971 2932 2038 irritatur;
2992 1988 3167 2042 neque
3218 1974 3405 2029 carnis
3459 1974 3767 2029 inﬁrmitate

496 2069 806 2139 frangitur,
850 2082 1028 2135 neque
1097 2062 1421 2117 mutationis
1479 2059 1774 2115 formidine
1831 2059 2076 2113 laetitiam
2152 2060 2496 2118 diminuente
2556 2065 2831 2125 turbatur.
2866 2066 2959 2120 sed
3020 2066 3414 2120 immutabilem
3458 2065 3511 2120 in
3544 2066 3652 2119 Deo
3686 2067 3769 2119 tir-

500 2169 745 2220 mitatem
805 2162 1051 2217 sortitur.
1104 2158 1170 2213 Et
1222 2160 1336 2214 haec
1386 2158 1675 2219 hactenus,
1717 2157 1968 2211 oratione
2002 2158 2069 2212 ad
2110 2158 2216 2214 alia
2259 2159 2466 2229 dilapsa

1058 2297 1165 2367 72
1192 2294 1420 2351 CAPUT
1478 2295 1560 2349 LI.

503 2417 570 2473 Ut
598 2434 689 2487 per
715 2422 924 2487 sextam
953 2410 1307 2487 phialameia
1330 2407 1621 2487 Euphratis
1653 2408 1922 2477 pandatur
1951 2410 2089 2477 regi-

909 2479 1005 2535 bus
1028 2487 1092 2534 ab
1132 2481 1332 2533 oriente
1367 2479 1713 2532 uenientibus.

568 2681 714 2746 XVI,
753 2683 839 2735 ιε.
884 2679 947 2734 Et
978 2690 1161 2732 sextus
1193 2677 1411 2747 angelus
1441 2676 1632 2744 e/fudit
1666 2675 1902 2744 phialam
1939 2691 2091 2728 suam

501 2778 559 2829 in
590 2776 788 2845 ﬂumen
837 2772 973 2825 illud
1026 2785 1278 2838 magnum
1314 2768 1639 2836 Euphratem
1665 2784 1683 2830 ;
1711 2780 1756 2820 et
1789 2769 1987 2821 siccata
2012 2776 2091 2822 est

501 2887 640 2939 aqua
694 2869 829 2937 ejus,
893 2878 951 2919 ut
1011 2875 1409 2933 prwpararetur
1454 2863 1538 2915 via
1584 2862 1793 2931 regibus
1845 2862 1911 2914 ab
1968 2871 2090 2914 ortu

500 2962 655 3018 solis.

576 3053 803 3108 Flumen
840 3050 1147 3120 Euphrates
1174 3049 1361 3103 divino
1406 3056 1543 3101 nutu
1588 3045 1661 3098 ita
1700 3043 1960 3098 fortassis
1991 3057 2087 3096 va-

500 3151 698 3202 dosum
731 3159 1025 3200 evasurum
1056 3152 1159 3207 est,
1195 3152 1253 3196 ut
1285 3141 1531 3211 gentium
1584 3139 1806 3209 regibus
1852 3138 1919 3191 ad
1962 3152 2087 3190 mu-

503 3252 653 3295 tuam
704 3240 943 3303 cmdem,
1017 3238 1369 3305 aliorumque
1431 3234 1714 3287 hominum
1781 3230 2087 3295 interitum,

502 3332 850 3388 commodum
886 3329 1174 3383 transitum
1210 3327 1467 3396 prtrbeat.
1500 3325 1779 3391 Quantum
1806 3333 1990 3377 autem
2020 3336 2085 3375 ex

504 3427 572 3480 iis
603 3440 726 3495 quae
757 3423 897 3478 infra
919 3439 983 3477 ea
1015 3424 1082 3476 de
1110 3437 1169 3476 re
1200 3422 1254 3475 in
1285 3419 1610 3489 Apocalypsi
1641 3419 1961 3478 traduntur,
2003 3415 2089 3469 di-

502 3516 742 3570 vinando
771 3513 1034 3582 consequi
1082 3527 1402 3580 possumus,
1456 3510 1795 3564 arbitramur
1838 3508 2087 3561 hemincs

2513 2178 2525 2213 :
2572 2176 2720 2216 nunc
2761 2161 2969 2231 reliqua
3017 2160 3211 2216 ordine
3251 2174 3665 2231 persequamur.

2761 2303 3013 2356 ΚΕΦΑΔ.
3075 2300 3207 2355 NA'.

2196 2416 2397 2497 ὀίτςυς
2421 2415 2518 2497 (Σιά
2546 2416 2658 2482 τῆς
2684 2417 2890 2497 ,έκῖης
2940 2414 3284 2497 [φιάληςὶύ
3310 2415 3452 2497 etis
3493 2415 3635 2497 [φά]
3664 2417 3767 2471 τοῦ

2259 2486 2577 2567 ιξῠξοράτου
2611 2486 2736 2567 τοῖς
2772 2487 2891 2540 ἀπὸ
2944 2485 3274 2541 ἀνατολῶν
3316 2485 3549 2557 [ἠλίοὺ]
3587 2485 3765 2551 ,βασι-

2261 2558 2485 2610 λεῦσιν
2506 2558 2827 2625 ἀνοίγεται.

2265 2688 2374 2743 Καὶ
2403 2687 2576 2752 ἕκτος
2608 2687 2863 2757 ἅγγελος
2915 2689 3118 2759 ἐξέχεε
3166 2690 3283 2757 τὴν
3326 2689 3561 2759 φιάλην
3584 2688 3766 2743 αὐτοῦ

2191 2781 2291 2834 ἐπὶ
2324 2780 2430 2833 τὸν
2454 2781 2726 2849 ποταμὸν
2757 2782 2863 2834 τὸν
2894 2782 3086 2851 μέγαν
3132 2783 3240 2837 τὸν
3276 2782 3638 2851 Εὐφράτηνο
3674 2782 3765 2835 καὶ

2191 2871 2493 2941 ἐξηράνθη
2541 2872 2609 2924 τὸ
2649 2872 2803 2941 ὕδωρ
2833 2872 3042 2937 αὐτοῦ,
3073 2874 3172 2926 ἵνα
3215 2873 3544 2943 ἑτοιμασθῇ
3571 2874 3609 2941 νὴ
3637 2872 3764 2938 ὀδό(

2192 2963 2312 3017 τῶν
2333 2963 2647 3027 ,ϐασιλέων
2676 2963 2793 3016 τῶν
2818 2964 2936 3017 ἀπὸ
2956 2965 3264 3033 ἀνατολῆς
3289 2965 3493 3031 ἡλίου.

2265 3054 2424 3117 Εἰκὸς
2450 3055 2541 3107 τὸν
2585 3055 2881 3125 Εὐφράτην
2927 3056 3173 3126 ποταμὸν
3212 3057 3354 3111 κατὰ
3385 3056 3543 3109 θείαν
3566 3058 3765 3126 συγχώ-

2195 3162 2353 3213 ρησιν
2399 3144 2772 3215 ὀλιγούμενον,
2823 3148 2934 3209 τοῖς
2976 3146 3260 3216 βασιλεῦσι
3293 3147 3403 3200 τῶν
3440 3148 3610 3202 ἐθνῶν
3638 3148 3767 3202 διδό-

2192 3254 2278 3287 ναι
2322 3236 2555 3306 πάροδον
2590 3237 2671 3299 εἰς
2708 3237 2809 3306 τὴν
2839 3237 2964 3290 κατ’
3018 3237 3270 3308 ἀλλήλων
3302 3239 3396 3291 καὶ
3430 3241 3638 3293 λοιπῶν
3678 3242 3765 3293 άν-

2192 3327 2428 3396 θρώπων
2460 3327 2834 3399 ὲξολὸθρευσιν
2858 3346 2873 3361 ·
2908 3329 3004 3391 οὓς
3035 3332 3101 3383 ὲκ
3126 3331 3236 3383 τῶν
3266 3331 3557 3385 Σκυθικῶν
3590 3331 3768 3403 μερῶν

2192 3421 2255 3472 ὲκ
2288 3420 2385 3490 τῆς
2415 3420 2507 3473 τοῦ
2533 3420 2668 3488 Γὼγ
2690 3421 2785 3474 καὶ
2815 3420 3035 3490 Marone
3058 3423 3282 3492 μνήμης
3321 3424 3596 3477 κινεῖσθαι
3618 3424 3765 3494 νομί-

2193 3512 2381 3581 ζομεν,
2414 3512 2557 3565 κατὰ
2585 3512 2646 3564 τὸ
2683 3515 2741 3564 ὲν
2776 3514 2888 3575 τοῖς
2918 3514 3151 3566 κατόπιν
3199 3514 3259 3566 ἐν
3292 3518 3357 3584 τῇ
3406 3515 3767 3584 Ἀποκαλύψει

505 3608 628 3661 illos
655 3606 766 3675 Gog
796 3614 849 3658 et
879 3604 1073 3673 Magog
1108 3602 1425 3657 nominibus
1458 3602 1802 3671 designatos,
1834 3615 1899 3652 ex
1952 3596 2088 3668 Scy-

2195 3602 2515 3671 φερόμενον.
2568 3601 2728 3664 Εἰκὸς
2763 3602 2820 3654 δὲ
2869 3602 2962 3655 καὶ
3016 3603 3109 3655 τὸν
3155 3603 3528 3674 Ἀντεχριστον
3555 3607 3619 3659 ἐκ
3663 3606 3766 3657 τῶν

506 3704 726 3753 tharum
789 3696 1011 3763 regione
1042 3704 1306 3747 nmturos.
1341 3693 1483 3757 Quin
1528 3707 1659 3745 vero
1701 3703 1922 3759 quoque
1957 3703 2090 3742 con-

506 3800 829 3843 sentaneum
888 3786 1224 3837 arbitramur
1277 3784 1674 3838 Antichristum
1721 3798 1787 3835 ex
1836 3780 2090 3835 orientali

507 3880 747 3944 Perside,
803 3877 868 3929 ad
910 3892 1076 3944 quam
1128 3877 1301 3929 tribus
1346 3874 1479 3937 Dan,
1536 3891 1567 3929 e
1599 3890 1705 3944 qua
1764 3882 1946 3927 ortum
2003 3872 2091 3926 ille

506 3974 775 4026 ducturus
799 3970 1023 4034 dicitur,
1065 3969 1313 4038 ablegata
1339 3977 1444 4028 est.
1477 3984 1585 4022 una
1607 3982 1731 4021 emn
1764 3967 1890 4021 aliis
1943 3965 2088 4035 regi-

508 4065 610 4117 bus
632 4073 678 4115 et
712 4061 1056 4132 principibus
1104 4061 1313 4129 regium
1349 4073 1549 4112 nomen
1578 4057 1810 4130 adeptis,
1840 4054 2094 4125 Euphra-

508 4167 615 4211 tem
662 4154 1118 4209 trausmissurum
1168 4152 1477 4220 animmque
1543 4149 1623 4202 vel
1659 4148 1908 4215 corporis
1945 4162 2090 4200 mor-

508 4258 615 4301 tem
654 4244 971 4299 hominibus
997 4243 1279 4297 illaturum
1328 4256 1343 4293 :
1400 4243 1541 4294 hanc
1589 4239 1836 4308 quidem,
1869 4245 2092 4306 propter

474 4341 629 4395 -tidei
678 4336 1048 4393 constantiam
1097 4334 1378 4404 animique
1432 4332 1853 4397 fortitudinem;
1939 4332 2087 4386 illam

505 4448 656 4493 vero,
698 4440 919 4501 propter
949 4428 1220 4499 ignaviam
1248 4428 1528 4493 animique
1552 4425 1859 4480 mollitiem.

577 4520 719 4587 XVI,
756 4520 839 4575 1'5.
877 4519 943 4573 Et
971 4518 1077 4573 vidi
1104 4534 1168 4571 ex
1194 4534 1284 4572 ore
1311 4517 1583 4582 draconis,
1619 4527 1668 4569 et
1696 4530 1762 4568 ea:
1798 4530 1886 4568 ore
1913 4512 2092 4568 bestia:

506 4625 554 4667 et
569 4629 635 4667 ea:
654 4628 741 4666 ore
757 4610 1244 4679 pseudoprophetaa,
1274 4610 1420 4664 exire
1469 4620 1576 4662 tres
1602 4608 1825 4676 spiritus
1859 4606 2090 4658 immun—

506 4706 601 4759 dos
630 4704 682 4757 in
714 4703 925 4755 modum
960 4717 1235 4755 ranarum.

579 4884 644 4937 Et
669 4882 797 4935 hinc
844 4896 1063 4951 quoque
1135 4878 1453 4933 ostenditur
1505 4875 1783 4929 diabolum
1828 4882 2089 4941 tanquam

2198 3693 2536 3745 ἀνατολικῶν
2563 3692 2749 3762 μερῶν
2777 3693 2878 3761 τῆς
2930 3695 3207 3765 Περσικῆς
3242 3696 3366 3765 γῆς,
3400 3697 3532 3749 ἔνθα
3574 3696 3769 3766 ήφυλὴ

2198 3782 2293 3837 τοῦ
2326 3783 2454 3847 Δάν,
2484 3785 2548 3835 ὲκ
2580 3783 2736 3853 ῥίζης
2794 3782 3061 3853 Ἐϐραίων
3105 3783 3486 3855 ὲξερχόμενον,
3518 3787 3633 3857 ἅμα
3662 3776 3795 3840 ἐτέον

2201 3890 2316 3943 ροις
2352 3872 2662 3943 βασιλεῦσιν
2690 3872 2723 3942 ἢ
2754 3876 3048 3943 μεγιστᾶσι
3082 3875 3361 3945 βασιλικὸν
3378 3877 3769 3949 κληρουμένοις

2174 3967 2390 4036 ηδνομα,
2432 3966 2524 4019 τὸν
2569 3966 2865 4050 Εὐφράτην
2904 3968 3287 4039 περαιοῦσθαι,
3331 3968 3767 4041 ἢσωματικδνῆ

2198 4056 2432 4127 ψυχικὸν
2490 4058 2720 4111 θάνατον
2766 4059 2878 4122 τοῖς
2933 4058 3245 4130 ἀνθρώποις
3296 4062 3607 4126 ἑπάξονταο
3664 4063 3771 4123 τοῖς

2203 4148 2302 4215 μὲν
2345 4147 2435 4200 διὰ
2482 4149 2720 4213 πίστεως
2771 4150 2864 4203 καὶ
2901 4150 3224 4221 καρτερίας.
3267 4155 3379 4216 τοῖς
3408 4152 3469 4206 δὲ
3508 4153 3578 4207 δι’
3617 4155 3770 4207 άναν-

2196 4240 2351 4312 δριας
2377 4244 2469 4297 καὶ
2498 4245 2791 4309 ὲκλύσεως.

2266 4495 2376 4550 Καὶ
2401 4492 2569 4551 εἶδον
2595 4497 2663 4551 ἐκ
2698 4495 2804 4551 τοῦ
2834 4499 3135 4567 στόματος
3157 4497 3263 4553 τοῦ
3287 4496 3643 4567 δράκοντος.
3673 4496 3770 4552 καὶ

2196 4589 2265 4642 ἐκ
2287 4588 2394 4641 τοῦ
2424 4590 2724 4658 στόματος
2743 4589 2848 4643 τοῦ
2869 4591 3103 4658 θηρίου,
3131 4590 3231 4643 καὶ
3255 4591 3323 4644 ἐκ
3350 4590 3458 4644 τοῦ
3480 4591 3771 4661 στόματος

2200 4681 2305 4735 τοῦ
2355 4681 2863 4751 ψευδοπροφήτου
2906 4683 3217 4751 πνεύματα
3268 4684 3401 4750 τρία
3450 4683 3772 4750 ἀκάθαρτα,

2199 4774 2342 4827 ὡσεὶ
2370 4773 2665 4842 βάτραχοι
2695 4774 3203 4846 [ἐκπορευθέντα].

2284 4865 2381 4916 Ἐκ
2406 4864 2462 4917 δὲ
2516 4864 2611 4917 τοῦ
2662 4866 2791 4918 ἰδεῖν
2826 4867 2891 4920 ἐκ
2937 4866 3046 4918 τῶν
3091 4867 3260 4937 τριῶν
3310 4866 3600 4937 πνεύματα
3651 4865 3774 4934 τρία

508 4978 831 5036 draconem,
886 4988 940 5029 et
997 4974 1403 5027 Antichristum
1460 4979 1718 5037 tanquam
1748 4966 2001 5028 bestiam,
2038 4975 2090 5018 ct

2201 4955 2509 5026 ἀκάθαρτα,
2542 4957 2818 5011 δείκνυται
2851 4959 2911 5011 ἐν
2944 4958 3059 5028 ἰδίῳ
3106 4958 3405 5029 προσώπῳ,
3452 4960 3544 5011 τόν
3573 4976 3632 5011 τε
3659 4958 3771 5012 διάο

512 5068 1047 5137 pseudoprophetam
1081 5075 1344 5132 tanquam
1374 5062 1542 5113 alium
1575 5058 1891 5128 quempiam
1916 5057 1986 5111 ab
2036 5057 2093 5109 il-

510 5165 575 5216 lis
630 5163 930 5223 diversum,
991 5175 1085 5228 per
1130 5174 1190 5212 se
1250 5168 1500 5209 seorsum
1562 5150 2004 5205 eonunmnurari.
2054 5152 2097 5206 E

472 5257 711 5323 _.quibus
734 5253 909 5307 tribus
952 5261 1062 5304 tres
1107 5244 1376 5301 immundi
1419 5244 1651 5313 spiritus
1710 5244 1857 5296 ranis
1890 5244 2098 5297 similes

509 5349 754 5401 exibant.
789 5343 1184 5397 Assintilautttr
1216 5346 1402 5392 autem
1466 5334 1638 5395 ranis,
1672 5343 1897 5404 propter
1944 5336 2096 5388 \tiruo

511 5444 741 5499 lentum,
766 5437 1112 5495 obscaenum,
1130 5440 1185 5486 et
1206 5428 1546 5483 immundum
1572 5428 1788 5481 illorum
1822 5427 2097 5492 affectum,

510 5545 724 5584 necnon
783 5529 853 5581 ob
883 5525 1264 5594 serpentinum
1324 5520 1687 5585 malignarum
1718 5519 1979 5573 virtutum
2032 5521 2098 5572 ad

2202 5050 2359 5104 ϐολον
2386 5052 2457 5114 ὡς
2489 5050 2779 5121 δράκοντα,
2810 5050 2902 5104 τόν
2945 5066 3005 5104 τε
3068 5051 3439 5120 Ἀντίχριστον
3460 5050 3538 5113 ὡς
3567 5049 3771 5119 θηρίον,

2200 5141 2291 5193 τόν
2345 5157 2405 5193 τε
2466 5140 2925 5211 ψευδοπροφήτην
2984 5140 3060 5203 ὡς
3113 5141 3300 5210 ἕτερον
3348 5140 3503 5211 παρὰ
3555 5139 3773 5200 τούτους

2206 5230 2663 5302 μνημονεύεσθαι.
2734 5231 2823 5298 Ἐξ
2872 5227 2947 5285 ὧν
3001 5248 3169 5302 φησιν
3222 5232 3439 5283 ἐοικότα
3488 5229 3773 5299 βατράχοις

2204 5320 2377 5394 [cpia]
2414 5321 2811 5392 ἐκπορεύεσθαι
2846 5322 3136 5392 πνεύματα
3162 5338 3175 5354 ⁵
3209 5323 3297 5376 διὰ
3327 5323 3388 5375 τὸ
3417 5321 3568 5384 ἰῶδες
3598 5319 3772 5374 αὐτῶν

2204 5416 2299 5468 καὶ
2350 5414 2685 5486 βορϐορῶδες
2720 5416 2815 5469 καὶ
2853 5414 3183 5485 ἀκάθαρτον,
3243 5413 3509 5484 καὶπρὸς
3555 5413 3654 5475 τάς
3693 5411 3773 5464 δι-

2203 5510 2403 5579 ύγρους
2431 5507 2622 5581 ἡδονὰς
2656 5507 2990 5577 ὲρπυστικὸν
3027 5508 3137 5561 τῶν
3174 5509 3426 5578 πονηρῶν
3456 5506 3767 5577 δυνάμεων

511 5634 767 5673 ccenosas
795 5617 1104 5684 voluptates
1150 5610 1417 5665 studium.
1455 5609 1519 5663 lli
1581 5625 1746 5678 porro
1784 5609 2015 5671 diaboli,
2046 5618 2090 5662 el

2200 5602 2255 5655 αἳ
2289 5603 2399 5663 τοῖς
2447 5598 2542 5652 τοῦ
2582 5598 2829 5652 διαϐόλου
2878 5600 2971 5651 καὶ
3009 5598 3104 5651 τοῦ
3149 5599 3521 5669 Ἀντιχρίστου
3553 5598 3646 5649 καὶ
3680 5591 3769 5645 τοῦ

514 5683 939 5776 pseudochristi,
1007 5716 1060 5758 et
1117 5702 1605 5773 pseudoprophcta:
1656 5702 1925 5770 spiritus,
1983 5699 2090 5752 sola

2197 5694 2647 5764 ψευδοπροφήτου
2677 5691 3067 5761 προστάγμασι
3097 5694 3208 5753 τοῖς
3242 5690 3659 5762 σημαινομένοις
3686 5683 3769 5737 διὰ

512 5800 780 5868 jussionc,
816 5816 937 5869 qua:
966 5814 1062 5867 per
1087 5814 1141 5850 os
1165 5796 1531 5866 signiﬁcatur,
1561 5794 1746 5849 fucata
1789 5795 1945 5871 signa
1991 5790 2090 5845 fal-

2197 5786 2292 5839 τοῦ
2327 5785 2616 5855 στόματος,
2649 5782 2908 5855 ἀπατηλὰ
2948 5786 3151 5854 σημεῖα
3184 5784 3280 5837 καὶ
3300 5783 3503 5855 τέρατα
3531 5782 3641 5841 τοῖς
3669 5778 3763 5829 ἀνα
