4102 6412
361 435 472 497 369

1321 429 1930 504 COMMENTARIUS
1971 443 2052 506 IN
2093 443 2638 506 APOCALYPSIN.

3523 429 3628 509 3'70

359 550 606 624 θρώποις
640 552 924 617 δείξουσιν,
991 553 1065 617 ὼς
1131 554 1220 608 διὰ
1270 557 1381 610 τῶν
1423 557 1550 628 ἑξῆς
1591 559 1928 629 γνωσόμεθα.

2046 575 2216 632 saque
2251 562 2501 632 prodigia
2567 561 2752 628 edent,
2815 561 3247 634 hominibusque
3295 565 3623 624 ostendent.

435 723 572 776 Εἰσὶ
615 722 726 792 γὰρ
762 727 1074 794 πνεύματα
1117 727 1452 797 δαιμόνων,
1493 734 1784 789 ποιοῦντα
1829 755 1939 804 ση-

351 813 496 882 μεῖα
517 824 530 837 ·
563 812 604 866 d
625 814 1012 882 ἐκπορεύεται
1036 817 1136 870 ἐπι
1169 820 1312 884 τοὺς
1337 822 1622 890 ,βασιλεῖς
1644 824 1778 896 [τῆς
1805 827 1936 900 γῆς]

357 903 476 972 τῆς
511 905 871 973 οἰκουμένης
923 907 1096 975 ὅλης,
1153 913 1524 982 συναγαγεῖν
1575 917 1802 984 αὐτοὺς
1849 921 1939 986 εὶς

351 993 514 1066 [τὸν]
555 997 826 1065 πόλεμον
850 995 962 1065 τῆς
995 999 1222 1067 ἡμέρας
1268 1001 1508 1072 ἐκείνης
1537 1005 1646 1074 τῆς
1663 1008 1938 1077 μεγάλης

353 1087 469 1142 τοῦ
503 1088 652 1143 Θεοῦ
677 1089 786 1144 τοῦ
809 1093 1312 1160 παντοκράτορος.

433 1177 516 1230 Τὰ
539 1178 648 1249 γάρ
703 1178 792 1233 διὰ
823 1181 932 1234 τῶν
986 1181 1281 1252 δαιμόνων,
1311 1187 1498 1256 φησὶν,
1561 1189 1934 1260 ἐνεργούμενα

350 1271 532 1342 ψευδῆ
563 1276 790 1343 σημεῖα,
823 1275 951 1337 τοὺς
985 1275 1344 1346 πειθομένους
1365 1277 1554 1343 αὐτοῖς
1577 1281 1660 1344 είς
1692 1281 1936 1351 πόλεμον

355 1364 504 1418 κατὰ
525 1365 626 1434 τῆς
651 1365 894 1435 μεγάλης
921 1367 1016 1419 καὶ
1043 1367 1346 1437 ἐπιφανοῦς
1377 1367 1500 1442 {toﬁ
1529 1369 1688 1442 Θεοῦ]
1723 1373 1938 1442 ἡμέρας

355 1453 454 1508 τοῦ
497 1455 702 1525 Κριτοῦ
739 1456 960 1521 ζώντων
990 1459 1086 1512 καὶ
1121 1461 1332 1532 νεκρῶν
1373 1463 1894 1535 ἐπιστρατεύσουσιν
1919 1481 1933 1498 ·

353 1539 390 1619 ᾗ
413 1546 628 1610 πάντως
646 1549 694 1601 οἱ
722 1550 982 1619 θεομάχοι
999 1552 1324 1622 ἡττώμενοι,
1348 1555 1582 1627 ἀνόνητα
1614 1556 1932 1624 κλαύσουσι,

351 1637 458 1707 τὴν
483 1639 759 1710 προτέραν
787 1640 996 1712 πλάνην
1027 1644 1367 1715 ὀδυρόμενοι.

436 1813 582 1868 Ἰδοὺ
607 1815 854 1886 ἔρχομαι
877 1818 950 1885 ὡς
991 1819 1259 1889 κλέπτης
1279 1838 1294 1852 ·
1329 1823 1623 1892 μακάριος
1651 1825 1684 1879 ὁ
1719 1841 1936 1895 γρηγο-

2043 653 2508 722 quemadmodum
2536 669 2604 708 ex
2655 653 3012 724 sequentibus
3066 669 3402 724 cognoscere
3430 657 3617 712 datur.

2113 743 2254 809 XVI,
2289 745 2370 800 14.
2409 743 2544 799 Sunt
2566 747 2705 800 enim
2727 747 2950 814 spiritus
2983 747 3389 815 damoniorum,
3419 749 3626 818 facien-

2044 847 2118 890 tes
2149 838 2346 907 signa;
2378 845 2428 892 et
2457 839 2745 906 procedunt
2778 839 2847 892 ad
2899 856 3044 908 reges
3075 841 3240 896 totius
3295 851 3450 895 terra:
3498 859 3628 896 ron-

2040 929 2398 1008 gregarejllos
2429 931 2482 984 in
2507 931 2752 1001 praelium
2797 931 2868 986 ad
2911 931 3051 988 diem
3086 949 3336 1004 magnum
3376 934 3626 1006 omnipo-

2042 1023 2197 1076 tentis
2235 1022 2352 1078 Dei.

2111 1197 2272 1254 Falsa
2303 1199 2427 1253 haec
2474 1205 2784 1254 dmmonum
2817 1201 2993 1272 signa,
3025 1211 3088 1256 ut
3126 1211 3180 1256 et
3208 1217 3372 1272 opera
3403 1219 3626 1275 quoque

2039 1299 2275 1363 patrata,
2337 1307 2529 1348 omnes
2577 1302 2852 1364 quotquot
2905 1295 3065 1348 tidem
3125 1295 3236 1350 illis
3301 1297 3618 1364 habuerint,

2039 1392 2232 1437 contra
2285 1397 2546 1454 magnum
2599 1394 2656 1440 et
2695 1385 3054 1450 manifestum
3119 1386 3212 1442 Dei
3274 1387 3523 1442 vivorum
3567 1399 3622 1444 et

2041 1481 2385 1529 mortuorum
2427 1473 2638 1532 Judicis
2668 1477 2814 1532 diem
2879 1477 2934 1532 in
2970 1477 3220 1546 praelium
3279 1480 3618 1558 armabttnt;

2039 1567 2093 1620 in
2127 1581 2238 1636 quo
2270 1581 2404 1622 sane
2433 1567 2676 1624 universi
2703 1569 2813 1625 Deo
2835 1570 3089 1636 rebelles,
3128 1585 3254 1626 cum
3291 1587 3414 1627 sese
3455 1586 3620 1642 supe-
3655 1563 3658 1566 ’

2041 1669 2192 1716 ratos
2219 1659 2729 1730 animadverterint,
2781 1666 3058 1720 incassum
3115 1666 3399 1735 lugebant,
3443 1666 3624 1720 nullo-

2037 1767 2144 1823 que
2181 1752 2361 1809 l'ructu
2385 1755 2599 1824 priores
2630 1770 2848 1812 errores
2872 1755 3260 1825 deplorabant.

2111 1845 2253 1912 XVI,
2293 1847 2382 1913 15,
2423 1849 2508 1904 16.
2545 1847 2680 1902 Ecce
2709 1849 2854 1904 venio
2887 1859 3138 1918 tanquam
3163 1849 3270 1918 fur.
3307 1849 3499 1904 Beatus
3531 1850 3623 1919 qui

343 1905 475 1974 ρῶν
505 1907 606 1962 καὶ
632 1909 830 1978 τηρῶν
861 1913 932 1964 τὰ
960 1911 1160 1981 ἱμάτια
1201 1914 1412 1980 αὑτοῦ,
1451 1916 1552 1989 ἵνα
1586 1915 1672 1986 μὴ
1709 1919 1928 1988 γυμνὸς

2039 1938 2222 2008 vigilat
2244 1949 2294 1994 et
2312 1941 2542 1995 custodit
2570 1942 2882 1996 vestimenta
2903 1959 3022 2009 sua,
3051 1959 3115 1997 ne
3148 1941 3321 1996 nudus
3363 1941 3619 2004 ambulet.

345 1999 670 2069 περιπατῇ,
696 2001 796 2057 καὶ
813 2003 1093 2067 βλέπωσι
1115 2004 1230 2073 τὴν
1244 2007 1694 2077 ἀσχημοσύνην
1719 2010 1928 2068 αὐτοῦ.

349 2093 458 2147 Kal
483 2093 836 2164 συνήγαγεν
861 2096 1086 2163 αὐτοὺς
1105 2099 1196 2164 εὶς
1217 2098 1326 2152 τὸν
1357 2101 1548 2155 τόπον
1572 2103 1682 2156 τὸν
1707 2105 1934 2158 κα.ὶού-

347 2201 541 2254 μενον
573 2185 874 2254 Ἑϐραιϊγτί
907 2187 1303 2259 Ἀρμαγεδών.

417 2279 492 2331 Τὸ
519 2279 577 2332 δὲ
631 2279 945 2348 ῃοηγορεῖν
997 2281 1095 2334 καί
1131 2281 1460 2352 φυλάττειν
1492 2285 1566 2340 τὰ
1601 2287 1802 2357 ἱμάτια
1839 2291 1934 2361 δη-

349 2369 438 2424 λοῖ
468 2368 531 2422 τὸ
563 2371 940 2440 ἐπαγρυπνεῖν
988 2374 1112 2436 ταῖς
1152 2373 1390 2442 ἀγαθαῖς
1435 2378 1727 2448 πράξεσιν.
1761 2376 1933 2438 Abeat

347 2461 462 2530 γάρ
479 2459 614 2533 [εἰσι
635 2460 728 2533 τὰ]
760 2461 870 2515 τῶν
885 2461 1058 2530 ἁγίων
1079 2464 1272 2534 ἱμάτια
1293 2483 1308 2499 ·
1331 2460 1408 2520 ὧν
1445 2469 1538 2522 τὸν
1569 2471 1935 2544 ἐστερημένον

347 2554 568 2621 ἀνάγκη
595 2553 673 2616 ὡς
702 2553 910 2622 γυμνὸν
942 2555 1039 2608 καὶ
1079 2557 1470 2630 ἀσχημοσύνης
1499 2561 1934 2634 πεπληρωμένον

345 2644 730 2716 αἰσχύνεσθαι.
790 2645 862 2700 Τὸ
889 2647 951 2701 δὲ
1004 2649 1410 2718 Ἀρμαγεδὼν,
1447 2651 1707 2724 διακοπὴ
1743 2657 1775 2726 ἢ
1811 2657 1935 2712 δια-

348 2738 692 2807 κοπτομένη
711 2738 1093 2810 ἑρμηνεύεται.
1129 2742 1274 2795 Ἐκεῖ
1294 2743 1404 2814 γὰρ
1423 2743 1548 2815 ἔθνη
1568 2751 1930 2819 συναγόμενα,

349 2829 714 2884 ἐκκόπτεσθαι
745 2833 886 2884 νοεῖν
909 2833 1201 2887 ἀκόλουθον
1224 2835 1328 2888 ὑπὸ
1345 2836 1440 2890 τοῦ
1463 2837 1714 2894 διαϐόλιυ
1737 2859 1932 2912 στρατ-

347 2921 658 2993 ηγούμενα,
691 2923 784 2978 τοῦ
845 2927 958 2988 τοῖς
987 2927 1350 2998 ἀνθρωπίνοις
1379 2931 1579 3000 αἵμασι
1627 2934 1927 3005 χαίροντος.

361 3015 522 3070 Ἐπεὶ
549 3015 604 3070 δὲ
638 3016 934 3071 κάντεῦθεν
964 3007 1248 3092 ἀπευκτὴν
1300 3022 1410 3076 τῶν
1436 3025 1534 3095 τῆς
1566 3027 1768 3097 ἀρετῆς
1801 3030 1932 3099 ἱμα-

347 3107 486 3162 τίων
511 3109 612 3178 τὴν
639 3109 942 3180 γύμνωσιν,
983 3113 1079 3165 καὶ
1103 3113 1166 3166 ἐκ
1192 3113 1294 3182 τῆς
1337 3117 1703 3190 εὐαγγελικῆς
1750 3140 1930 3192 παρα-

343 3201 518 3270 σολῆς
541 3199 633 3254 τοῦ
653 3201 944 3270 νυμφῶνος
973 3202 1281 3273 ἀπόϐλητον
1325 3205 1418 3260 τὸν
1450 3209 1656 3278 ταύτης
1699 3211 1929 3282 ἐστερη-

352 3293 518 3362 μένον
549 3292 972 3363 μεμαθήκαμεν,
1007 3297 1102 3347 καὶ
1131 3295 1195 3348 ἐκ
1219 3297 1320 3364 τῆς
1353 3297 1718 3371 ἀποστολικῆς
1740 3303 1795 3355 δέ
1829 3305 1928 3374 ῥή-

353 3396 514 3445 σεως,
557 3383 592 3453 ἦ
641 3399 778 3453 φησι
825 3385 956 3455 περὶ
983 3384 1080 3454 τῆς
1135 3386 1444 3457 ἀφθαρσίας
1471 3405 1484 3418 ·
1523 3391 1658 3459 Οἵγε
1705 3395 1931 3460 ταύτην

349 3473 772 3544 ἐνδυσάμενοι,
814 3479 890 3530 οὐ
941 3479 1155 3546 γυμνοὶ
1205 3482 1647 3551 εὑρεθησόμεθα
1671 3523 1686 3548 ,
1725 3485 1928 3557 δηλαδὴ

347 3563 464 3616 τῶν
495 3565 714 3634 ἀγαθῶν
743 3567 1030 3637 πράξεων·
1081 3571 1318 3635 ἐκτενῶς
1355 3574 1448 3626 τὸν
1482 3575 1685 3646 Κύριον
1721 3577 1923 3650 [ἡμῶν]

349 3655 722 3726 ἐκετεύσωμεν
752 3657 987 3711 ἐνταῦθα
1041 3660 1198 3730 ἡμῶν
1249 3663 1514 3718 ἐκπλῦναι
1545 3665 1643 3729 τὰς
1685 3667 1924 3737 ψυχικὰς

347 3744 570 3808 στολὰς,
632 3745 778 3798 ὥστε
841 3748 986 3818 ὑπὲρ
1039 3751 1196 3818 χιόνα
1231 3750 1618 3823 λευκανθῆναι,
1675 3758 1819 3810 κατὰ
1868 3757 1930 3810 τὸ

343 3837 621 3908 ψαλμικὸν
681 3839 897 3908 λόγιον·
959 3841 1172 3911 μήποτε
1227 3843 1562 3908 ἀκούσαντες
1587 3885 1604 3910 ,
1665 3848 1887 3916 Ἑταῖρε
1910 3891 1924 3915 ,

343 3928 476 3996 πῶς
507 3929 794 3999 εἰσῆλθες
819 3925 956 3996 ὧδε,
985 3931 1072 3999 μὴ
1127 3932 1284 4002 ἔχων
1303 3933 1532 4004 ἔνδυμα
1579 3937 1806 4007 γάμους
1839 3939 1928 3992 δε-

345 4017 536 4082 θέντες
575 4023 764 4089 χείρας
787 4022 886 4074 καὶ
913 4021 1104 4086 πόδας,
1139 4022 1390 4094 ριφῶμεν
1429 4026 1512 4087 είς
1553 4028 1616 4079 τὸ
1653 4029 1840 4094 σκότος
1866 4030 1928 4083 τὸ

345 4110 614 4182 ἐξώτερον
639 4128 657 4143 ο
707 4112 848 4168 ἀλλά
900 4113 1044 4168 κατά
1091 4113 1184 4168 τὸν
1229 4113 1449 4190 [σοφὸν]
1497 4119 1844 4191 Σολομῶντα,
1869 4124 1928 4178 ἐν

347 4205 515 4260 παντὶ
549 4204 728 4276 καιρῷ
758 4206 927 4260 λευκά
951 4205 1022 4260 τὰ
1055 4205 1246 4276 ἱμάτια
1278 4207 1518 4278 ἔχοντες,
1553 4212 1650 4267 καὶ
1694 4215 1928 4286 φαιδράς

341 4297 448 4362 τὰς
472 4297 764 4369 λαμπάδας
791 4301 891 4369 τῆς
924 4299 1182 4371 ἐναρέτου
1209 4300 1485 4367 πολιτείας
1512 4307 1578 4375 τῇ
1609 4307 1928 4379 συμπαθείᾳ

345 4392 772 4463 κεκοσμημένας
795 4393 1204 4463 ἐπιφερόμενοι,
1233 4394 1313 4462 τῷ
1337 4395 1564 4467 καθαρῷ
1586 4399 1682 4451 καὶ
1708 4400 1928 4472 ἀμώμῳ

343 4483 458 4539 τῶν
485 4484 659 4553 ἁγίων
689 4483 876 4556 ψυχῶν
903 4485 1124 4556 νυμφίῳ
1159 4487 1384 4558 Χριστῷ
1411 4487 1490 4558 τῷ
1515 4489 1635 4560 Θεῷ
1661 4492 1822 4562 ἡμῶν
1842 4497 1926 4556 εὶς

2037 2039 2086 2085 et
2112 2031 2320 2086 videant
2346 2034 2724 2103 turpitudinem
2744 2035 2882 2104 ejus.
2919 2033 2988 2088 Et
3035 2034 3370 2106 congregabit
3411 2035 3535 2090 ειιοε
3567 2035 3626 2088 in

2036 2124 2209 2179 locum
2239 2127 2330 2195 qui
2354 2135 2572 2182 vocatur
2595 2125 2855 2182 Hebraice
2881 2127 3239 2198 Armagedon.

2119 2299 2348 2372 Vigilare
2378 2313 2670 2374 vestemque
2725 2305 2990 2360 custodire
3039 2305 3182 2360 aliud
3222 2305 3355 2361 nihil
3382 2321 3504 2363 esse
3536 2306 3620 2362 vi-

2035 2391 2216 2456 detur,
2240 2407 2402 2461 quam
2446 2395 2602 2450 bouis
2634 2395 2890 2463 operibus
2917 2395 3151 2468 impigre
3203 2397 3458 2451 insistere
3495 2417 3508 2452 :
3547 2413 3611 2454 ea

2038 2483 2142 2554 73
2175 2485 2320 2538 enim
2370 2496 2686 2542 sanctorum
2730 2495 2862 2542 sunt
2913 2487 3293 2542 indumentum
3354 2502 3408 2544 et
3445 2505 3616 2546 orna-

2039 2585 2259 2640 menta;
2312 2578 2514 2646 quibus
2559 2579 2788 2648 proinde
2841 2581 2932 2649 qui
2995 2581 3220 2634 orbatus
3274 2590 3386 2646 est,
3436 2583 3616 2636 nudus

2034 2668 2472 2739 confusioneque
2538 2677 2594 2726 et
2674 2672 3016 2741 turpitudine
3093 2675 3288 2743 plenus
3359 2683 3622 2742 appareat

2035 2768 2268 2827 oportet.
2296 2761 2374 2815 Ad
2409 2777 2606 2817 nomen
2633 2773 2814 2819 autem
2851 2765 3183 2834 Armagedon
3207 2769 3352 2836 quod
3401 2767 3614 2830 attinet,

2036 2851 2167 2905 illud
2221 2855 2610 2909 intercisionem
2662 2857 2748 2910 vel
2801 2859 3187 2926 separatione»:
3237 2859 3458 2912 denotat
3522 2869 3618 2914 :et

2035 2945 2248 2998 merito.
2274 2945 2352 3000 Ad
2375 2931 2506 3000 leum
2543 2963 2778 3018 namque
2817 2949 2995 3004 locum
3033 2959 3221 3022 gentes
3254 2951 3529 3015 adductae,
3556 2961 3614 3005 et

2036 3052 2065 3090 a
2091 3037 2310 3092 diabolo
2333 3038 2386 3092 in
2419 3041 2668 3108 prmlium
2708 3041 3016 3104 concitata,
3053 3043 3291 3111 penitus.
3330 3053 3386 3096 ut
3415 3045 3618 3112 proha-

2036 3132 2146 3186 bile
2171 3142 2273 3197 est,
2299 3135 2622 3189 excidentur
2651 3153 2665 3190 :
2710 3138 2908 3207 gaudet
2937 3138 3080 3190 enim
3107 3139 3196 3191 ille
3233 3139 3380 3193 mede
3417 3140 3616 3192 huma-

2038 3239 2213 3292 noque
2245 3226 2532 3294 sanguine.
2570 3225 2710 3292 Quia
2741 3243 2866 3282 vero
2911 3245 2975 3282 ex
3022 3230 3129 3283 hoc
3185 3229 3306 3283 loco
3346 3231 3615 3286 discimus

2035 3323 2192 3383 turpe
2223 3315 2479 3384 quiddam
2512 3328 2566 3372 et
2622 3317 2825 3372 infame
2880 3320 3092 3382 haberi,
3149 3323 3412 3374 virtutum
3453 3325 3615 3377 indu—

2035 3414 2217 3458 mento
2249 3407 2542 3475 spoliatum
2559 3423 2721 3476 esse;
2749 3425 2812 3463 ex
2841 3407 3118 3480 Erangeiii
3151 3421 3332 3466 autem
3355 3415 3612 3482 parabola

2033 3511 2139 3548 non
2174 3497 2310 3552 citra
2345 3499 2699 3568 iqnominiam
2736 3516 2766 3555 e
2789 3503 3013 3571 nuptiali
3060 3483 3298 3557 thalamo
3337 3506 3610 3573 altjectum

2033 3587 2200 3643 fuisse
2239 3589 2390 3643 illum
2429 3593 2524 3656 qui
2577 3593 2804 3661 nuptiali
2853 3605 3001 3648 veste
3055 3599 3313 3662 carebat;
3357 3613 3421 3649 ex
3469 3599 3613 3667 Apo—

2030 3679 2153 3732 stoli
2183 3679 2404 3732 tandem
2436 3681 2585 3734 dicto
2623 3682 2766 3750 quod
2798 3683 2866 3736 de
2889 3683 3298 3752 incorruptione
3320 3685 3451 3751 agit.
3479 3689 3610 3741 dan-

2029 3767 2152 3820 dam
2185 3783 2308 3822 esse
2341 3783 2562 3837 opt-ram
2617 3787 2684 3825 ne
2731 3771 2862 3825 nudi
2912 3774 3283 3837 inveniamur,
3337 3791 3529 3844 nempe
3577 3791 3610 3831 a

2032 3859 2189 3913 bonis
2218 3862 2476 3928 operibus
2512 3879 2526 3915 :
2557 3861 2827 3917 indcl‘csse
2862 3863 3092 3918 Domino
3120 3873 3306 3919 nostro
3331 3867 3610 3935 Supplice-

2031 3967 2174 4016 mus,
2227 3963 2286 4007 ut
2343 3954 2430 4007 hic
2485 3955 2792 4009 animarum
2845 3971 3162 4011 nostrarum
3215 3959 3385 4012 stolas
3430 3959 3608 4024 cluat;

2028 4043 2358 4116 quo,'juxtt
2429 4045 2732 4103 Psalmistae
2789 4051 3142 4116 sententiam,
3198 4065 3362 4118 supra
3425 4053 3606 4105 nivem

2026 4137 2344 4194 dealbemur
2369 4137 2444 4203 “,
2503 4155 2572 4194 ne
2600 4141 2818 4209 quando
2864 4141 3154 4197 audiamus
3195 4159 3208 4196 :
3243 4143 3443 4208 Amice,
3475 4159 3606 4213 quo-

2027 4228 2182 4284 modo
2215 4229 2317 4284 huc
2361 4232 2578 4285 intrain
2621 4247 2723 4285 non
2751 4231 2948 4286 habens
2977 4243 3166 4286 uestem
3202 4235 3494 4303 nuptialem
3518 4233 3606 4284 “1'

2025 4320 2319 4391 ligatisque
2344 4323 2598 4378 manibus
2625 4331 2680 4378 et
2733 4323 2960 4393 pedibus
2999 4324 3326 4392 abjiciamur
3355 4327 3408 4378 in
3453 4334 3606 4381 tene-

2029 4410 2154 4464 bras
2185 4411 2488 4466 exteriores
2522 4433 2536 4465 :
2577 4427 2794 4476 verum,
2842 4413 2998 4482 juxta
3059 4412 3374 4470 Salomonis
3410 4416 3609 4471 doctri-

2029 4515 2175 4566 nam,
2201 4500 2352 4554 omni
2383 4510 2628 4572 tempore
2661 4504 2892 4559 candida
2943 4506 3268 4560 vestimenta
3321 4508 3608 4566 habentes.

345 4576 440 4630 τὸν
477 4577 744 4648 νυμφῶνα
789 4578 1250 4648 συνεισελθωμενο
1315 4580 1436 4650 μεθ’
1479 4575 1542 4634 οὗ
1595 4583 1796 4654 πρέπει
1845 4587 1926 4658 τῷ

2033 4591 2306 4662 laetasque,
2347 4594 2450 4649 hoc
2486 4602 2592 4658 est,
2623 4595 3104 4652 commiseratione
3131 4606 3185 4652 et
3209 4599 3454 4653 studiosa
3476 4615 3610 4654 con-

347 4671 524 4739 Πατρὶ
546 4669 664 4740 ἅμα
691 4669 769 4742 τῷ
793 4671 934 4742 ἁγίῳ
983 4671 1264 4743 Πνεύματι
1293 4673 1442 4740 δόξα,
1477 4673 1722 4746 [κράτος,
1761 4681 1922 4751 τιμὴ,

345 4759 444 4816 νῦν
474 4761 572 4814 καὶ
600 4761 712 4825 ἀεὶ,
743 4759 860 4832 καὶ]
915 4763 998 4826 εις
1052 4761 1202 4827 τοὺς·
1231 4764 1434 4829 αἰῶνας
1469 4765 1602 4838 [τῶν
1655 4769 1918 4843 αἰὼνων].

356 4853 554 4923 Ἀμήν.

2031 4686 2340 4742 versatione
2369 4697 2589 4744 ornatas
2617 4689 2898 4759 lampades
2934 4691 3110 4760 palam
3133 4691 3462 4758 deferentes,
3485 4707 3610 4746 eunt

2031 4785 2186 4831 casto
2225 4777 2611 4848 inculpatoque
2662 4789 2976 4836 sanctarum
3047 4783 3358 4838 animarum
3407 4797 3612 4853 sponso

2031 4869 2252 4924 Christo
2289 4871 2396 4924 Deo
2411 4880 2467 4925 et
2500 4871 2730 4927 Domino
2753 4885 2944 4928 nostro
2989 4875 3044 4929 in
3075 4875 3378 4930 thalamum
3425 4877 3610 4946 ingre-

343 4949 568 5005 d-iamur
601 4967 615 5004 :
649 4965 774 5006 cum
801 4960 991 5018 quoet
1019 4948 1226 5021 Spiritu
1274 4962 1468 5009 sancto
1525 4953 1740 5012 Patrem
1790 4959 1949 5016 decet
2004 4963 2201 5032 gloria,
2262 4965 2574 5035 imperium,
2625 4968 2822 5034 honor,
2869 4985 3016 5026 nunc
3081 4981 3135 5026 et
3181 4986 3416 5038 semper,
3469 4979 3522 5025 et
3553 4969 3608 5023 in

344 5045 548 5102 sacula
565 5047 911 5102 saeculorum.
938 5049 1134 5104 Amen.

701 5139 952 5196 ΚΕΦΔΛ.
1010 5141 1140 5196 NB’.
1193 5143 1410 5198 ΛΟΓΟΣ
1459 5144 1562 5200 ΙΗ⁹.

341 5254 548 5321 Ὅπως
578 5255 676 5328 διὰ
696 5255 804 5324 τῆς
831 5256 1087 5328 ἑϐδόμης
1111 5257 1356 5328 πληγῆς
1377 5258 1604 5328 χάλαζα
1658 5261 1757 5315 καί
1795 5277 1920 5317 σει-

555 5327 712 5396 σμὸς
740 5329 894 5382 κατὰ
915 5327 1082 5400 [τῶν]
1105 5327 1434 5398 ἀνθρώπων
1455 5331 1704 5398 γίνεται.

413 5439 526 5494 Καὶ
576 5443 610 5495 d
662 5441 914 5510 ἕϐδομος
957 5441 1214 5513 ἄγγελος
1269 5444 1474 5514 ἐξέχεε
1518 5445 1635 5515 τὴν
1696 5447 1924 5517 φιάλην

337 5533 532 5587 αὑτοῦ
569 5535 658 5601 είς
682 5535 792 5588 τὸν
836 5535 984 5602 ἀέρα
1010 5551 1024 5565 ο
1067 5535 1166 5590 καὶ
1203 5536 1424 5606 ἐξῆλθε
1457 5538 1627 5608 φωνὴ
1683 5541 1916 5611 μεγάλη

337 5623 415 5676 ἐκ
445 5619 580 5696 [τοῦ
610 5625 782 5698 ναοῦ]
830 5625 936 5680 τοῦ
980 5627 1242 5695 οὐρανοῦ
1271 5629 1526 5683 ἀπὸ’τοῦ
1554 5631 1794 5697 θρόνου,
1820 5632 1918 5686 λέ-

340 5729 569 5784 τουσα·
589 5717 828 5787 Γέγονε.
865 5718 973 5773 Καὶ
999 5718 1278 5789 ἐγένοντο
1311 5721 1524 5791 [φωναί
1547 5721 1668 5794 καί]
1695 5723 1906 5794 ἀστρα-

415 5872 466 5906 δ·
505 5872 644 5928 PsaI.
672 5890 745 5939 LI,
777 5875 832 5929 9.
928 5877 972 5910 ⁸³
1003 5875 1190 5931 Matth.
1216 5892 1345 5943 mi,
1385 5877 1470 5934 1‘2.

2353 5145 2584 5200 CAPUT
2621 5147 2729 5203 LII.
2757 5149 2991 5206 SERIIO
3017 5151 3208 5207 XVIII.

2027 5254 2094 5310 Ut
2123 5269 2214 5323 per
2255 5263 2531 5330 septimam
2563 5263 2776 5334 plagam
2837 5267 3040 5334 grando
3085 5277 3134 5319 et
3175 5275 3503 5323 terrwtttottts
3549 5270 3606 5322 in

2307 5335 2578 5389 hominum
2599 5336 2880 5404 perniciem
2914 5336 3174 5390 excitatus
3217 5339 3303 5391 sit.

2091 5449 2346 5516 XVl,l7,
2373 5449 2456 5504 l8.
2497 5447 2562 5501 Et
2587 5448 2835 5518 septimus
2877 5447 3093 5516 angelus
3125 5447 3310 5516 effudit
3364 5447 3600 5515 phialam

2026 5560 2176 5598 suam
2205 5543 2258 5595 in
2295 5557 2470 5595 aerem
2501 5556 2518 5595 :
2550 5549 2598 5595 et
2629 5539 2790 5594 exivit
2813 5555 2912 5594 v0.1:
2943 5555 3136 5608 magna
3159 5542 3222 5592 de
3269 5539 3460 5609 templo
3486 5541 3604 5595 ειειί

2027 5653 2060 5688 ιι
2093 5635 2298 5698 throno,
2324 5634 2544 5687 dicens:
2585 5633 2812 5686 Factum
2833 5641 2928 5686 est.
2967 5631 3032 5685 Et
3059 5633 3202 5702 facta
3225 5641 3347 5686 sunt
3385 5633 3600 5702 fulgura

2027 5733 2074 5780 ct
2095 5734 2323 5791 voces,et
2346 5725 2604 5791 tonitrua,
2642 5733 2690 5779 et
2722 5735 3050 5780 tcrrwmotus
3067 5725 3238 5795 [actus
3259 5733 3336 5780 est
3357 5740 3597 5796 magnus,
