4102 6416
494 393 607 457 3⁸7ίὶ

1665 394 1999 455 ANDRE/E
2040 396 2568 463 CESARIENSIS

3679 392 3791 459 376

495 516 618 569 cata
649 509 914 565 tradatur.
980 507 1186 578 Septem
1232 517 1413 561 autem
1488 508 1671 576 capita
1721 508 1924 571 (restire,
1957 525 2079 578 qua:

2191 514 2321 567 imit
2352 517 2598 585 κεφαλὰς
2620 514 2715 571 τοῦ
2747 516 2919 585 αὐτὴν
2967 514 3333 584 βαστάζοντος
3365 511 3598 585 θηρίου,
3648 511 3795 564 ἑπτά

499 599 647 653 illam
703 609 1031 666 sustentant,
1094 608 1299 668 septem
1355 599 1732 653 eminentioris
1786 600 2083 670 impietatis

500 694 797 762 principes,
842 708 1035 761 nempe
1073 707 1265 745 omnes
1294 706 1322 743 a
1358 691 1574 745 Caesare
1628 690 1943 747 Domitiano
1996 709 2085 748 uso

498 800 606 855 que
633 784 696 837 ad
726 783 1139 837 Diocletianum.
1172 780 1231 833 lli
1256 782 1401 834 cutim
1432 798 1625 837 omnes
1665 783 1756 836 Dei
1786 783 2083 839 Ecclesiam

500 874 843 930 atrocissime
876 885 1004 928 sunt
1034 875 1331 942 perst-cuti.
1374 873 1484 928 Nos
1512 884 1691 928 autem
1711 890 1777 928 ex
1802 875 1870 931 iis
1896 878 2086 946 conje-

496 977 706 1022 cturam
737 965 994 1021 facientes
1021 981 1144 1034 qua:
1180 966 1305 1018 hinc
1332 974 1660 1034 sequuntur,
1693 982 1787 1036 per
1814 969 1954 1021 bauc
2005 970 2087 1023 vel

499 1057 807 1114 universale
839 1056 990 1112 orbis
1020 1064 1180 1110 terrae
1212 1072 1462 1126 regnum,
1497 1057 1549 1109 in
1585 1072 1752 1109 unum
1777 1057 1937 1123 quasi
1958 1074 2085 1113 cor-

497 1167 597 1221 pus
623 1152 940 1215 conﬂatum,
964 1152 1300 1205 insinuatum
1331 1150 1732 1205 existimamus:
1758 1161 1849 1205 aut
1873 1165 2088 1220 praeno-

499 1244 660 1298 biletu
710 1258 774 1298 ac
798 1252 1188 1313 praepotentem
1228 1244 1539 1311 quampiam
1585 1243 1882 1306 civitatem,
1943 1260 2087 1313 qum,

498 1352 673 1408 usque
716 1338 781 1397 ad
811 1337 1130 1391 Antichristi
1162 1336 1473 1400 adventum,
1497 1336 1860 1405 principatum
1881 1338 1936 1392 in
1968 1346 2091 1391 ter—

496 1445 684 1485 rarum
720 1429 940 1489 orbesit
973 1430 1261 1487 obtentura
1290 1470 1304 1493 ,
1348 1428 1617 1496 siquidem
1650 1429 1873 1497 antiqua
1916 1428 2088 1485 Roma

493 1522 606 1592 jam
641 1524 769 1578 olim
805 1522 1019 1592 imperii
1060 1522 1398 1591 majestatem
1417 1522 1622 1575 amisit.
1643 1518 1761 1575 Nisi
1786 1521 1913 1591 quis
1974 1520 2088 1575 for-

2185 606 2425 675 βασιλείς
2455 609 2585 671 τοὺς
2612 607 3008 678 ἀσεϐεστέρους
3035 608 3279 668 πάντων,
3304 607 3433 669 τοὺς
3457 603 3583 657 ἀπὸ
3614 606 3795 670 Δομε-

2183 698 2369 752 τιανοῦ
2390 700 2551 771 μέχρι
2569 699 2956 771 Διοκλητιανοῦ
2975 700 3076 771 τὴν
3093 698 3424 765 Ἐκκλησίαν
3444 695 3789 762 διώξαντας*

2184 790 2345 860 ἡμεῖς
2370 790 2451 855 δὲ,
2487 792 2612 845 ὅσον
2638 793 2705 846 ὲκ
2726 793 2827 861 τῆς
2853 792 2962 845 τῶν
2994 792 3280 861 ἑπομένων
3331 786 3684 849 ἀκολουθίας
3704 786 3794 838 ὁδ-

2184 884 2488 954 ηγούμεθα,
2516 884 2724 953 ταύτην
2747 880 2889 938 εἶναι
2916 884 3016 954 τὴν
3052 884 3282 937 καθόλου
3324 884 3587 951 ἐπίγειον
3636 880 3795 951 βασι-

2190 975 2363 1037 λείαν,
2393 974 2537 1046 [τὴν]
2569 976 2647 1039 ὡς
2675 973 2781 1046 [ὲν]
2818 976 2899 1029 ἐνὶ
2952 976 3167 1044 σώματι
3194 992 3210 1007 ο
3243 974 3276 1044 ἢ
3318 973 3419 1045 τὴν
3452 973 3633 1042 μέχρι
3690 969 3794 1038 τῆς

2192 1062 2288 1115 τοῦ
2332 1064 2705 1134 Ἀντιχρίστου
2732 1066 3061 1137 παρουσίας,
3126 1064 3571 1135 βασιλευομένην
3633 1059 3797 1114 πόλιν

2186 1154 2500 1228 οἰόμεθα-ὴ
2542 1159 2653 1229 γὰρ
2704 1159 2915 1213 παλαιά
2986 1157 3173 1229 Ῥώμη
3238 1161 3304 1211 ὲκ
3346 1155 3557 1211 πολλοῦ
3590 1153 3656 1206 τὸ
3695 1153 3797 1223 τῆς

2190 1246 2470 1316 βασιλείας
2514 1250 2719 1320 κράτος
2758 1250 3064 1304 ἀπέϐαλεν·
3119 1253 3168 1303 εί
3218 1251 3294 1320 μὴ
3328 1246 3688 1317 ὑποθώμεθα
3718 1246 3797 1309 εἰς

2188 1337 2359 1409 αὐτὴν
2391 1339 2452 1392 τὸ
2508 1342 2736 1412 ἀρχαῖον
2766 1342 2931 1395 πάλιν
2960 1342 3325 1413 ἀναστρέφειν
3364 1340 3625 1407 ἀξίωμα.
3655 1336 3800 1390 Ἀλλ’

2188 1430 2238 1481 εί
2290 1430 2447 1483 τοῦτο
2502 1430 2769 1502 δώσομεν,
2816 1432 3393 1503 προκαθαιρεθήσεται
3430 1432 3467 1500 ἡ
3507 1426 3801 1500 κρατοῦσα

2190 1523 2435 1594 σήμερον
2460 1539 2475 1555 ο
2503 1526 2639 1593 φησι
2668 1526 2776 1597 γὰρ
2806 1526 2839 1595 ἡ
2883 1525 3277 1595 ’Δποκάλυψιςο

498 1637 595 1677 san
620 1620 917 1675 arbitretur
957 1619 1241 1688 pristinam
1284 1618 1605 1689 dignitatem
1664 1628 1720 1673 et
1752 1618 2097 1687 maiestatem
2124 1633 2226 1673 suo
2257 1626 2442 1687 postea
2472 1629 2717 1689 tempore
2769 1622 2949 1676 denuo
2999 1628 3475 1690 recuperaturam.
3558 1615 3793 1678 Verum,

500 1716 603 1775 hoc
626 1713 893 1776 admisso,
928 1713 1121 1767 civitas
1165 1712 1253 1765 illa
1307 1726 1668 1781 magna,tu
1726 1712 1884 1766 hodie
1920 1711 2213 1781 primatum
2272 1712 2503 1779 obtinet,
2528 1729 2565 1768 e
2638 1715 2817 1769 medio
2852 1712 3087 1771 facessat
3127 1721 3362 1784 oportet.
3398 1711 3545 1766 Nam
3576 1710 3797 1780 Apoca-

502 1808 670 1879 lypsis
701 1806 861 1861 verba
889 1818 1018 1860 sunt
1039 1824 1052 1859 :

573 1901 644 1956 Et
672 1902 863 1955 mulier
888 1918 1046 1971 quam
1091 1902 1293 1961 vidisti,
1349 1910 1426 1955 est
1482 1902 1667 1956 civitas
1702 1918 1913 1972 magna,
1964 1917 2081 1971 qua:
2112 1903 2157 1962 Β

500 1992 656 2051 habet
686 1994 962 2062 imperium
998 2007 1307 2060 superreges
1339 2000 1516 2045 terrre.

574 2194 774 2252 Verum
801 2195 869 2251 de
892 2197 996 2252 hoc
1035 2196 1500 2265 insequentibus,
1546 2196 1592 2251 si
1619 2194 1760 2251 Deus
1823 2196 2088 2266 pennise—

497 2292 594 2359 rlt,
626 2292 938 2347 accuratius
974 2312 986 2346 :
1032 2303 1179 2344 nunc
1209 2300 1391 2345 autem
1453 2299 1823 2361 opportunum
1874 2290 2087 2345 videtur

498 2382 759 2454 indagare
806 2380 1117 2450 cnjusmodi
1149 2381 1219 2434 sit
1245 2381 1523 2435 desertum
1566 2381 1697 2435 illud
1734 2381 1790 2435 in
1826 2382 1972 2451 quod
1992 2397 2087 2452 per

499 2474 754 2544 spiritum
798 2489 857 2529 se
886 2474 1182 2527 abductum
1214 2473 1501 2541 profitetur
1528 2472 1619 2528 ille
1640 2473 1731 2542 qui
1764 2474 1880 2527 haec
1935 2472 2086 2529 ride;

502 2566 615 2621 bat.
651 2564 931 2619 Desertum
965 2562 1197 2633 proinde
1253 2565 1304 2617 in
1347 2564 1511 2618 rebus
1567 2564 1909 2633 spiritalibus
1969 2580 2087 2619 om-

502 2673 627 2717 nem
667 2657 967 2721 civitatem,
1000 2666 1096 2711 aut
1129 2670 1478 2711 numerosam
1513 2657 1752 2721 turbam,
1783 2667 1877 2711 aut
1906 2657 2085 2711 homi-

501 2765 634 2815 num
664 2748 1073 2805 multitudinem
1110 2748 1374 2802 denotare
1406 2756 1682 2817 putamus,
1712 2763 1836 2817 quae
1864 2747 1935 2801 ob
1966 2748 2086 2800 ani-

502 2858 604 2897 mae
632 2841 1032 2902 temulentiam,
1066 2849 1162 2894 aut
1196 2848 1409 2909 turpem
1435 2854 1463 2892 a
1495 2838 1605 2894 Deo
1638 2840 2084 2902 fornicationem,

500 2943 596 3001 aut
626 2935 733 2989 alia
763 2933 1035 3004 ejusmodi
1096 2932 1353 2996 crimina,
1408 2932 1548 2998 apud
1599 2932 1769 2986 Deum
1833 2933 1887 2985 in
1943 2946 2086 2986 noxa

499 3038 603 3083 est.
634 3025 754 3080 Alio
780 3026 943 3079 modo
972 3023 1076 3078 dici
1112 3030 1311 3093 potest,
1338 3022 1643 3091 apostolqu
1673 3020 1940 3076 Joannem
1973 3023 2086 3091 spi-

499 3118 648 3173 ritali
674 3117 875 3173 mentis
902 3115 1063 3172 oculo
1091 3116 1308 3185 plenam
1341 3114 1617 3183 praedictae
1642 3114 1945 3169 meretricis
1984 3114 2084 3169 de-

498 3211 831 3265 solatiouem
856 3209 1197 3264 observasse.
1275 3205 1424 3261 Vidit
1452 3216 1632 3262 autem
1687 3222 1807 3261 eam
1839 3207 2086 3261 muliebri

496 3303 767 3357 seueritate
821 3311 1090 3365 ornatam,
1128 3308 1411 3371 propterea
1462 3300 1606 3369 quod
1659 3300 1731 3353 sit
1775 3299 2084 3355 elTemiuata

497 3403 555 3450 ct
580 3396 647 3451 ad
670 3403 953 3466 peccatum
987 3407 1278 3463 propensa,
1314 3391 1563 3475 virilique
1586 3392 1782 3445 robore
1807 3393 2087 3447 destituta.

502 3488 648 3543 Vidit
674 3488 926 3544 eamdem
960 3502 1115 3556 teque
1149 3502 1305 3556 super
1335 3486 1561 3540 bestiam
1586 3488 1882 3539 coccineam
1902 3488 2089 3539 seden-

498 3588 625 3647 tem,
643 3580 752 3651 76
764 3582 833 3635 ob
849 3580 903 3635 id
919 3579 1104 3634 forsan
1124 3580 1265 3648 quod
1286 3586 1502 3648 propter
1520 3578 1725 3632 nefaria
1750 3594 1911 3648 opera
1927 3593 2091 3649 super

501 3671 902 3740 diabolum,qui
933 3672 1082 3726 caede
1112 3678 1167 3725 et
1218 3670 1487 3740 sanguine
1538 3670 1758 3739 gaudet,
1802 3670 2091 3739 quiescere

500 3761 694 3816 soleat.
729 3760 831 3815 Per
856 3775 977 3829 qua:
1003 3760 1165 3814 etiam
1190 3774 1354 3829 opera
1382 3759 1634 3814 idoneam
1660 3768 1921 3828 apostatar
1948 3760 2094 3815 blas-

504 3853 846 3921 phemiarum
881 3860 1073 3906 contra
1119 3850 1286 3905 Deum
1337 3851 1621 3905 materiam
1680 3851 2083 3906 subministrat.

502 3942 869 4006 lmtnauitatis
905 3957 1142 4009 namque
1163 3949 1217 3996 et
1254 3942 1485 3995 feritatis
1526 3942 1835 4012 mentisque
1878 3943 2084 3997 cmdem

2271 1897 2339 1953 Ἠ
2365 1897 2521 1967 γυνή
2558 1896 2639 1965 ῆν
2676 1894 2857 1963 εἶδες,
2889 1896 3065 1951 ἔστιν
3100 1895 3146 1962 ἡ
3192 1896 3372 1961 πόλις
3434 1895 3476 1962 ή
3523 1895 3797 1964 μεγάλη,

2192 1992 2278 2065 [ἡ]
2306 1994 2540 2062 ἔχουσα
2593 1991 2709 2059 τὴν
2762 1990 3095 2056 ,ϐασιλείαν
3154 1988 3254 2043 ἐπὶ
3306 1987 3426 2043 τῶν
3471 1988 3802 2053 βασιλέων

2188 2083 2301 2152 τῆς
2329 2082 2463 2154 τῆς.

2262 2198 2372 2250 Καὶ
2402 2196 2532 2268 περὶ
2562 2194 2662 2265 μὲν
2688 2192 2904 2259 τούτου,
2930 2194 2988 2247 ὲν
3015 2194 3128 2257 τοῖς
3160 2191 3424 2262 καθεξῆς,
3469 2190 3552 2255 ὡς
3585 2191 3657 2245 ἂν
3704 2210 3794 2261 χο-

2193 2290 2463 2362 ρηγήσῃό
2512 2288 2670 2351 Θεὸς,
2705 2286 3125 2358 ἀκριϐώσομενο
3174 2286 3478 2353 ἀναγκαῖον
3534 2284 3594 2337 δὲ
3651 2282 3794 2354 [νῦν]

2190 2385 2365 2437 είπεῖν
2400 2383 2523 2436 τίνα
2574 2383 2679 2453 χρὴ
2738 2381 2959 2449 νομίσαι
2994 2380 3091 2451 τὴν
3120 2379 3327 2451 ἔρημον
3354 2380 3437 2442 είς
3463 2379 3535 2449 ἣν
3583 2376 3796 2447 ἀπηνέ-

2190 2474 2315 2544 χθαι
2339 2473 2504 2543 φησὶν
2539 2474 2596 2525 ὲν
2630 2472 2903 2543 πνεύματι
2936 2471 2986 2543 [ό
3010 2469 3182 2525 ταῦτα
3225 2467 3492 2540 βλέπων].
3521 2470 3796 2538 Ἔρημον

2188 2566 2371 2620 τοίνυν
2405 2568 2461 2618 ὲν
2491 2567 2600 2627 τοῖς
2632 2566 3027 2635 πνευματικοῖς
3052 2561 3357 2634 ἡγούμεθα,
3407 2564 3601 2615 πᾶσαν
3638 2560 3794 2614 πόλιν

2189 2658 2222 2728 ἢ
2256 2656 2465 2727 πληθὺν
2491 2656 2894 2728 [πολυάριθμον
2923 2653 3040 2725 καὶ]
3062 2655 3498 2723 πολυάνθρωπον
3522 2654 3620 2705 ἐπὶ
3652 2652 3790 2722 μέθῃ

2187 2748 2367 2817 ψυχῆς
2401 2746 2496 2799 καὶ
2527 2750 2591 2816 τῇ
2623 2748 2687 2799 ὲκ
2717 2746 2854 2799 Θεοῦ
2890 2746 3117 2816 πορνείᾳ
3145 2746 3235 2797 καὶ
3264 2744 3477 2814 ἑτέροις
3521 2744 3791 2806 τοιούτοις

2190 2838 2605 2909 ἐγκαλουμένην
2636 2838 2975 2908 τολμήμασι.
3012 2838 3121 2891 Καὶ
3149 2836 3352 2905 ἑτέρως
3385 2836 3445 2888 δὲ
3476 2834 3705 2905 νοητέον
3723 2833 3791 2904 τῇ

2198 2932 2408 3001 θεωρία
2425 2932 2519 2984 τοῦ
2538 2931 2852 3000 πνεύματος
2882 2931 3010 2983 ίδεϊν
3028 2931 3119 2983 τὸν
3139 2930 3441 2983 ἀπόστολον
3468 2928 3485 2999 [
3507 2924 3790 2997 Ἰωάννην]

2189 3024 2289 3093 τῆς
2316 3025 2725 3094 προρῤηθεὶσης
2748 3025 2955 3093 πόρνης
2995 3025 3093 3093 τὴν
3125 3024 3409 3093 ἐρήμωσιν
3432 3035 3447 3048 ·
3478 3024 3549 3092 ἣν
3581 3021 3657 3083 ὡς
3689 3036 3788 3088 γυ-

2188 3116 2369 3169 ναῖκα
2403 3117 2640 3187 ἑώρακε,
2682 3117 2770 3170 διά
2793 3118 2853 3169 τὸ
2880 3116 3298 3186 τεθηλυμμένον
3325 3115 3469 3185 πρὸς
3500 3112 3784 3183 ἁμαρτίαν

2193 3210 2288 3262 καὶ
2329 3207 2613 3279 ἄνανδρον.
2639 3208 2974 3278 Καθημένην
3029 3207 3087 3260 δὲ
3118 3208 3212 3259 ἐπὶ
3266 3206 3462 3277 θηρίου
3504 3203 3780 3265 κοκκίνου,

2190 3298 2279 3351 διὰ
2307 3298 2366 3351 τὸ
2395 3298 2473 3367 τῷ
2502 3298 2734 3368 διαϐόλῳ
2770 3298 2849 3368 τῷ
2876 3298 3045 3367 φονίῳ
3082 3298 3175 3350 καὶ
3204 3297 3525 3365 αἱμοχαρεῖ,
3556 3292 3781 3360 ταύτην,

2188 3390 2279 3443 διὰ
2305 3389 2557 3459 πονηρῶν
2583 3390 2837 3460 πράξεων
2882 3392 3335 3444 ἐπαναπαύεσθαι
3355 3408 3368 3422 ·
3402 3391 3489 3443 διὸ
3523 3389 3787 3456 συνεργὸς

2190 3482 2250 3531 ὲν
2275 3482 2395 3543 ταῖς
2427 3482 2571 3535 κατά
2598 3482 2732 3534 Θεοῦ
2769 3482 3147 3551 βλασφημίαις
3190 3481 3268 3551 τῷ
3311 3482 3609 3552 ἀποστάτῃ
3646 3480 3787 3547 γίνε-

2189 3590 2297 3626 ται.
2345 3575 2641 3645 ὀμότητος
2687 3576 2796 3643 γὰρ
2852 3576 2946 3627 καὶ
3005 3574 3338 3644 ἀγριότητος
3399 3574 3501 3626 καὶ
3556 3569 3789 3640 φονικῆς

2192 3666 2418 3736 γνώμης
2464 3667 2525 3719 τό
2578 3684 2638 3719 τε
2697 3667 2890 3736 θηρίον
2944 3668 3039 3720 καὶ
3102 3668 3163 3719 τὸ
3210 3667 3470 3719 κόκκινον
3502 3659 3778 3737 [χρῶμα],

2205 3760 2494 3830 γνώρισμα
2520 3776 2531 3789 ·
2568 3760 2698 3831 περὶ
2744 3761 2800 3813 δὲ
2824 3760 2931 3814 τῶν
2957 3760 3097 3813 έπτά
3127 3759 3381 3829 κεφαλῶν
3404 3759 3504 3811 καὶ
3531 3758 3666 3811 δέκα
3694 3769 3784 3807 κε-

2198 3854 2399 3925 ράτων,
2430 3855 2486 3905 ἐν
2516 3857 2627 3918 τοῖς
2657 3854 2783 3924 ἑξῆς
2815 3852 2935 3926 [σὺν
2966 3853 3111 3925 Θεῷ]
3141 3855 3205 3905 ἐκ
3244 3851 3340 3906 τοῦ
3369 3852 3522 3906 θείου
3547 3848 3782 3919 ἀγγέλου

2196 3944 2575 4015 μαθησόμεθα.

502 4033 766 4103 Spirantis
797 4032 1059 4089 indicium
1090 4041 1195 4093 est.
1234 4048 1358 4087 cum
1391 4032 1560 4086 bestia
1604 4032 1741 4101 ipsa,
1774 4042 1885 4086 tum
1916 4034 2208 4089 coccineus
2238 4052 2459 4106 quoque
2525 4037 2774 4103 ejusdem
2843 4039 3013 4093 color.
3076 4038 3249 4093 Porro
3299 4038 3367 4093 de
3395 4047 3610 4107 septem
3640 4032 3785 4103 capi-

504 4128 650 4195 tibus
669 4135 724 4181 et
754 4126 941 4181 decem
969 4124 1252 4187 cornibus,
1280 4123 1443 4194 paulo
1471 4132 1615 4193 post,
1648 4124 1760 4178 Deo
1791 4124 1930 4179 bene
1958 4126 2218 4195 propitio,
2257 4144 2352 4197 per
2385 4131 2635 4200 angelum
2669 4131 3028 4185 instruemur.

572 4244 741 4312 XVII,
759 4246 812 4300 4.
835 4244 903 4299 Et
925 4246 1114 4299 mulier
1130 4245 1460 4298 circumdata
1486 4253 1601 4297 erat
1619 4258 1857 4313 purpura
1890 4255 1939 4298 et
1974 4260 2090 4297 coc-

502 4342 645 4407 cino;
666 4350 714 4395 et
745 4341 995 4394 inaurata
1017 4355 1173 4398 auro.
1228 4347 1275 4392 et
1327 4338 1503 4408 lapide
1526 4339 1775 4407 pretioso,
1802 4348 1849 4392 et
1874 4354 2085 4408 marga-

502 4436 642 4491 ritis.

574 4548 923 4610 Circumdala
953 4557 1036 4602 est
1059 4564 1295 4617 purpura
1317 4556 1365 4600 et.
1413 4549 1646 4611 coccino,
1709 4564 1831 4618 quae
1875 4547 2086 4617 imperii
2125 4579 2169 4635 υ

2270 4242 2379 4297 Καὶ
2406 4243 2445 4309 ἡ
2484 4243 2639 4313 γυνὴ
2684 4240 2758 4315 ἦν
2810 4242 3286 4312 περιϐεϐλημένη
3324 4242 3648 4312 πορφύραν
3684 4236 3777 4292 καὶ

2200 4336 2506 4399 κόκκινον,
2535 4334 2682 4407 [καὶι
2729 4334 3161 4404 κεχρυσωμένη
3212 4335 3449 4403 χρυσίῳ
3487 4332 3592 4387 καὶ
3635 4331 3779 4395 λίθῳ

2200 4428 2370 4495 τιμίῳ
2401 4426 2500 4481 καὶ
2530 4426 2945 4496 μαργαρίταις.

2270 4543 2567 4596 Κόκκινον
2579 4542 2647 4596 δὲ
2672 4542 2767 4595 καὶ
2789 4544 3104 4612 πορφύραν
3130 4542 3543 4613 περιϐέϐληται,
3575 4540 3651 4603 ὡς
3685 4537 3779 4607 τῆς

503 4646 636 4705 sunt
663 4638 931 4709 symbola,
970 4638 1038 4691 ad
1074 4637 1486 4707 exprimemlnm
1511 4639 1872 4704 dominatum,
1927 4655 2089 4707 quem

2198 4638 2493 4707 ήγεμονῖας
2527 4637 2627 4706 τῆς
2686 4637 2831 4690 κατὰ
2871 4640 3087 4691 πάντων
3120 4636 3368 4708 σύμϐολα
3387 4653 3402 4668 ⁸
3425 4636 3508 4691 διδ
3533 4634 3667 4704 λίθῳ
3694 4647 3778 4684 τι·

505 4734 561 4798 iu
587 4748 782 4787 omnes
800 4740 1036 4785 exercet.
1068 4729 1211 4786 idem
1245 4747 1464 4801 quoque
1495 4747 1589 4801 per
1618 4732 1852 4800 lapidem
1898 4734 2094 4803 pretio-

504 4843 644 4893 sum,
666 4833 721 4891 et
745 4824 1089 4895 margaritas,
1127 4825 1330 4894 quibus
1351 4833 1673 4887 exornatur,
1731 4824 2090 4896 significatur.

578 4912 795 4974 Habeas
839 4915 1085 4984 poculum
1138 4932 1357 4968 aureum
1418 4916 1471 4969 in
1510 4931 1672 4968 manu
1718 4931 1837 4979 sua,
1883 4912 2095 4983 plenum

505 5007 896 5064 abominatione
930 5016 977 5061 et
1010 5005 1370 5063 inmtnnditia.

1947 5079 2021 5105 Α»

578 5218 683 5274 Per
709 5211 979 5285 poculum,
1025 5224 1315 5279 pravorum
1374 5225 1625 5279 operum,
1680 5212 1809 5265 dum
1856 5214 2092 5282 primum

506 5319 817 5385 gestantur,
839 5304 1076 5362 dulcedo
1096 5302 1452 5372 exprimitur;
1513 5319 1607 5371 per
1640 5322 1831 5359 aurum
1883 5322 2089 5371 autem,

506 5402 716 5475 prazmii
756 5398 1081 5468 amplitudo,
1115 5396 1196 5448 vel
1252 5410 1426 5464 poma:
1474 5411 1691 5464 quoque
1745 5398 1824 5467 (ut
1872 5400 2091 5469 quidam

506 5511 786 5566 exponens
819 5491 953 5551 illud
984 5490 1085 5545 Job
1110 5507 1124 5544 :
1146 5487 1337 5541 Bibens
1367 5486 1685 5541 derisionem
1726 5492 1897 5545 instar
1919 5510 2088 5563 aqum,

510 5590 787 5661 opinatur)
817 5585 1178 5653 magnitudo:
1207 5583 1286 5634 vel
1330 5597 1491 5637 trauu
1533 5592 1679 5637 certe
1721 5586 1973 5653 poculqu
2009 5596 2092 5641 tc-

512 5691 625 5747 net,
652 5690 711 5735 ut
733 5683 957 5751 planum
993 5681 1082 5732 liat
1114 5676 1378 5731 malitiam
1414 5676 1633 5739 sectari,
1700 5694 1804 5730 uou
1853 5686 1911 5733 ut
1966 5680 2094 5735 inde

512 5775 762 5842 satietur,
797 5772 887 5826 sed
924 5782 980 5825 ut
1009 5772 1331 5839 perditionis
1374 5770 1520 5824 illius
1577 5771 1816 5824 studium
1871 5782 1922 5826 et
1970 5775 2093 5829 sitis

512 5868 917 5936 manifestctur.
953 5868 1093 5921 Suas
1162 5866 1389 5936 proinde
1433 5864 1894 5933 abominatioues,
1954 5885 2092 5938 quas

2199 4731 2307 4800 μίῳ
2336 4730 2429 4783 καὶ
2459 4731 2829 4800 μαργαρίταις
2864 4730 3224 4800 κεκόσμηται.

2274 4914 2549 4980 Ἓχουσα
2574 4912 2856 4988 χρυσοῦν
2888 4913 3182 4981 ποτήριον
3206 4914 3274 4966 ἐν
3295 4912 3370 4982 τῇ
3397 4912 3547 4982 χειρὶ
3569 4907 3775 4976 αὐτῆς,

2197 5006 2383 5076 γέμον
2414 5007 2854 5076 βδελυγμάτων
2874 5024 2886 5038 ο
2921 5006 3016 5061 καὶ
3057 5006 3129 5060 τὰ
3158 5005 3465 5075 ἀκάθαρτα
3504 5004 3615 5073 τῆς
3642 5018 3777 5069 πορο

2197 5101 2365 5166 νείας
2392 5098 2601 5169 αὐτῆς.

2270 5217 2369 5268 Διά
2408 5215 2509 5286 μὲν
2557 5212 2653 5267 τοῦ
2700 5214 2996 5282 ποτηρίου
3051 5213 3113 5267 τὸ
3146 5212 3283 5284 πρὸς
3313 5212 3472 5265 πόσιν
3518 5209 3615 5281 ἡδὺ
3669 5205 3772 5257 τῶν

2198 5309 2453 5380 πονηρῶν
2482 5308 2774 5379 πράξεων,
2825 5307 2915 5360 διὰ
2964 5306 3023 5360 δὲ
3055 5305 3150 5360 τοῦ
3214 5306 3449 5375 χρυσοῦ
3496 5303 3558 5355 τὸ
3597 5300 3771 5367 τίμιον

2198 5404 2551 5466 ἐνδείκνυται,
2597 5401 2673 5463 ὥς
2711 5401 2844 5471 φησί
2889 5418 2970 5463 τις
3026 5402 3155 5470 περὶ
3194 5399 3289 5452 τοῦ
3364 5397 3524 5451 Ίὼϐ·
3578 5394 3771 5447 Πίνων

2191 5496 2615 5569 μυκτηρισμὸν
2664 5496 2772 5549 ἶσα
2800 5493 2961 5559 ποτῷ
2989 5537 3003 5560 ,
3038 5498 3117 5557 είς
3154 5492 3384 5559 ἔνδειξιν
3413 5494 3495 5546 ὅτι
3561 5488 3621 5541 ού
3650 5485 3765 5537 δια-

2198 5592 2396 5661 κόρως,
2412 5588 2529 5643 ἀλλ’
2554 5590 2610 5640 ὲν
2636 5587 2781 5654 δίψει
2798 5587 2900 5656 τῆς
2917 5586 3127 5648 οἰκείας
3151 5583 3431 5647 ἀπωλείας
3452 5582 3549 5651 τὴν
3574 5575 3766 5631 κακίαν

2200 5684 2543 5755 μετέρχεται.
2580 5682 2670 5734 Διὸ
2696 5681 2898 5751 ἑαυτῆς
2936 5680 3006 5733 τὰ
3040 5678 3408 5749 βδελύγματα,
3435 5673 3673 5729 τουτέστι
3700 5664 3764 5717 τὰ

2200 5776 2463 5846 βδελυκτά
2490 5776 2565 5847 τῷ
2604 5775 2725 5845 Θεῴ
2753 5775 3185 5845 ἐπιτηδεύματα,
3243 5770 3540 5839 ἐπλήθυνεν
3568 5782 3580 5794 ·
3627 5755 3702 5821 οἷς
3731 5758 3760 5827 ἢ

2197 5870 2538 5943 φιλάμαρτος
2567 5870 2772 5941 πληθὺς
2807 5868 3107 5934 ποτίζεται,
3144 5866 3217 5929 ὡς
3271 5865 3367 5937 ἡδὺ
3405 5862 3551 5932 πόμα
3584 5853 3764 5909 σπῶσα
