4102 6420
421 395 530 462 371

1385 397 2000 464 COMMENTARIUS
2035 401 2118 464 IN
2154 401 2688 466 APOCALYPSIN.

3601 405 3714 469 3'78

417 512 524 580 τὴν
579 503 878 578 βδελυκτῖμ
920 507 1022 578 τῆς
1065 508 1344 580 ἁμαρτίας
1407 511 1606 583 μέθην,
1656 516 1754 569 καὶ
1810 517 1912 587 τῆς
1947 518 2011 570 ὲκ

2126 515 2262 572 Deus
2289 517 2524 574 subinde
2552 525 2895 582 exsecratur,
2925 515 3278 587 multiplicat,
3316 489 3520 587 quibus
3593 527 3710 572 tur-

418 599 564 654 Θσοῦ
595 598 854 670 πορνείας
885 600 988 670 τὴν
1015 599 1346 670 βεϐήλωσιν.

2121 611 2246 664 bam
2275 625 2492 680 quoque
2521 611 2758 679 peccatis
2805 608 3044 664 deditam
3105 609 3360 676 inebriat,
3405 625 3709 678 earumque

417 703 844 760 abominabilem
883 701 1090 774 peccati
1127 699 1499 758 temulentiam
1531 701 1936 774 profanamque
1961 719 1996 758 υ
2035 703 2146 760 Deo
2166 707 2582 772 scortationem,
2625 706 2784 760 avide
2841 705 3008 760 veluti
3058 705 3217 761 dulce
3267 689 3544 776 poculiun,
3569 703 3714 758 hau-

415 797 533 850 rire
563 795 722 851 solet.

475 883 598 948 ’Καὶ
631 891 732 946 ἐπὶ
759 891 824 944 τὸ
844 889 1124 959 μέτωπον
1141 889 1332 958 αὐτῆς
1357 889 1546 958 ὄνομα
1569 889 2008 960 γεγραμμένον,

419 981 810 1050 Μυστιῂιιον·
871 980 1165 1036 Βαϐυλὼν
1214 979 1254 1048 ἡ
1297 981 1532 1052 μεγάλη
1565 982 1606 1050 ἡ
1653 981 1854 1051 μήτηρ
1893 981 2014 1036 τῶν

419 1073 667 1142 πορνῶν
703 1073 802 1128 καί
835 1072 954 1126 τῶν
975 1071 1420 1142 βδελυγμάτων
1443 1071 1554 1138 τῆς
1581 1073 1714 1142 ⁸γιῆς.

504 1167 570 1220 Ἦ
601 1165 658 1220 δὲ
688 1165 780 1219 τοῦ
797 1163 1084 1234 μετώπου
1127 1164 1348 1233 γραφὴ,
1396 1163 1457 1216 τὸ
1492 1164 2013 1235 ἁπηρυθριασμένον

2181 887 2350 950 XV".
2387 889 2438 942 5.
2471 887 2538 942 Et
2562 889 2612 942 in
2654 889 2826 957 fronte
2848 888 2962 956 ejus
2981 903 3168 942 nomen
3191 889 3466 956 scriptum,
3500 891 3704 958 Myste-

2111 983 2246 1036 riuot
2279 999 2295 1036 :
2331 981 2570 1050 Babyton
2609 997 2824 1051 magna,
2865 989 3035 1034 mater
3057 982 3454 1034 scortationum
3493 990 3544 1034 et
3573 983 3706 1035 abo-

2111 1075 2466 1128 utinationnm
2500 1083 2684 1126 terrae.

2185 1162 2403 1216 Frontis
2428 1163 2726 1231 inscriptio,
2770 1161 3042 1232 signiﬁcat
3077 1163 3228 1216 omni
3256 1161 3466 1216 malitia
3511 1171 3566 1216 et
3598 1162 3702 1216 im-

421 1257 548 1330 [τῆς
595 1257 810 1320 ἀδικίας
855 1255 978 1327 καὶ]
1019 1256 1124 1326 τῆς
1157 1255 1265 1308 τῶν
1311 1255 1808 1325 πλημμελημάτων
1855 1255 2010 1325 δηλοῖ

2126 1257 2392 1326 audentia,
2415 1256 2673 1325 omnith
2699 1255 2974 1309 scelerum
3006 1269 3204 1324 genere
3235 1263 3290 1308 et
3312 1253 3482 1306 animi
3513 1253 3710 1308 confu-

417 1347 851 1420 ὲκπληρώσεως,
875 1351 974 1402 καὶ
1006 1347 1110 1416 τῆς
1139 1347 1442 1418 καρδιακῆς
1492 1346 1814 1418 συγχύσεως
1843 1365 1856 1380 ·
1885 1349 1918 1418 ή
1947 1347 2008 1400 δὲ

413 1443 642 1512 μήτηρ,
678 1441 741 1496 τὸ
763 1441 866 1512 τῆς
901 1440 1146 1511 ψυχικῆς
1173 1440 1434 1511 πορνείας
1477 1435 1619 1494 εἶναι
1673 1440 1878 1508 ταύτην
1931 1441 2012 1494 δι-

419 1533 694 1588 δάσκαλον
711 1535 836 1597 ταῖς
865 1533 1200 1604 ἀρχομέναις
1223 1533 1433 1598 πόλεσι,
1461 1534 1562 1597 τὰς
1603 1533 1906 1604 βδελυκτὰς
1931 1535 2012 1607 τῷ

420 1622 546 1697 Θεῷ
567 1624 908 1696 παρανομίας
925 1623 1237 1680 τίκτουσαν.

1019 1825 1272 1880 ΚΕΦΑΛ.
1307 1825 1432 1880 ΝΔ⁹.

509 1935 702 2009 Ὄντως
732 1938 766 1992 ό
801 1937 1062 2008 ἄγγελος
1126 1939 1195 1993 τὸ
1225 1937 1443 2008 ὀραθὲν
1487 1937 1647 2004 αὐτῷ
1669 1938 2012 2009 μυστήριον

424 2007 798 2074 ἡρμήνευσε.

499 2117 608 2171 Kal
633 2113 798 2173 εἶδον
821 2117 938 2187 τὴν
957 2117 1214 2188 γυναῖκα
1241 2119 1596 2190 μεθύουσαν
1619 2123 1686 2176 ἐκ
1713 2123 1820 2178 τοῦ
1843 2124 2014 2195 aina-

423 2227 531 2277 τος
557 2207 677 2264 τῶν
706 2211 894 2282 ἁγίων
926 2211 1024 2264 καὶ
1041 2211 1108 2264 ἐκ
1132 2209 1239 2265 τοῦ
1264 2212 1514 2280 αἵματος
1539 2213 1659 2266 τῶν
1672 2217 2010 2285 μαρτύρων

425 2304 526 2356 καὶ
554 2303 886 2372 ἐθαύμασα,
943 2303 1090 2358 16d»-
1134 2302 1400 2376 [αὐτὴν,]
1444 2305 1640 2376 θαῦμα
1696 2309 1871 2378 μέγα.
1908 2309 2018 2364 Καὶ

425 2393 564 2447 εἶπέ
601 2411 704 2462 μοι
739 2395 772 2448 ὁ
811 2391 1088 2462 ἄγγελος-ο
1131 2396 1297 2446 Διατί
1344 2395 1734 2465 continuone;
1765 2399 1880 2468 ἐγώ
1917 2415 2017 2454 σοι

425 2484 544 2554 ἐρῶ
565 2485 631 2538 τὸ
660 2485 998 2553 μυστήριον
1043 2483 1157 2553 τῆς
1188 2486 1498 2554 γυναικὸς,
1527 2489 1626 2541 καὶ
1665 2489 1774 2544 τοῦ
1807 2492 2018 2560 θηρίου

427 2577 540 2632 τοῦ
565 2573 977 2642 βαστάζοντος
1022 2576 1238 2645 αὐτὴν,
1281 2577 1422 2650 [καὶ]
1469 2581 1575 2634 τοῦ
1613 2581 1867 2651 ἔχοντος
1914 2584 2021 2650 τὰς

425 2669 586 2723 ἑπτὰ
605 2668 876 2738 κεφαλὰς
899 2670 998 2724 καὶ
1023 2669 1096 2723 τὰ
1129 2669 1278 2722 δέκα
1312 2669 1550 2738 κέρατα.

501 2761 584 2816 Τὸ
605 2761 938 2832 φερωνύμως
995 2765 1118 2825 ταῖς
1178 2763 1441 2833 πράξεσιν
1485 2765 1829 2820 ἐπιτίθεσθαι
1883 2785 2021 2838 γρα-

430 2855 612 2925 φικῶς
647 2855 716 2908 τὰ
749 2855 992 2923 ὀνόματα
1029 2859 1154 2919 ταῖς
1184 2856 1428 2922 πόλεσιν,
1461 2860 1527 2912 ὲκ
1578 2857 1793 2912 πολλῶν
1824 2861 2022 2930 μαθεῖν

430 2948 644 3012 ἔξεστιν
666 2962 682 2977 ·
719 2947 842 3002 ὅθεν
875 2947 972 3001 καὶ
997 2950 1028 3010 ἠ
1084 2948 1292 3001 παλαιὰ
1323 2949 1615 3004 Βαϐυλὼν
1677 2950 1855 3016 οὕτως
1886 2952 2026 3005 ὠνό-

435 3057 664 3110 μασται,
695 3039 788 3092 καὶ
838 3041 1012 3112 πόρνη
1039 3041 1314 3112 ὲπιχαρὴς
1357 3041 1638 3116 ἡγουμένη
1687 3043 2024 3114 Φαρμακὼν

431 3132 626 3202 ἤκουε.
659 3131 770 3185 Καὶ
799 3134 832 3201 ἡ
881 3131 1092 3187 παλαιὰ
1128 3133 1186 3186 δὲ
1224 3135 1592 3204 Ἰερουσαλήμ
1622 3153 1635 3165 ·
1682 3137 1862 3204 Ὄφις
1883 3138 2024 3206 πόρ-

433 3242 550 3290 νης
572 3223 812 3293 ἐγένετό
836 3239 934 3278 σοι
961 3241 976 3256 ·
1017 3225 1112 3278 καὶ
1163 3225 1195 3295 ὴ
1260 3225 1612 3296 πρεσϐυτέρα
1649 3225 1752 3299 [δὲ]
1811 3225 2020 3298 Ῥώμη,

437 3312 729 3368 Βαϐυλὼν
772 3315 830 3367 ὲν
859 3315 928 3385 τῇ
975 3315 1234 3385 ἐπιστολῇ
1293 3315 1503 3385 Πέτρου
1555 3317 2021 3388 προσηγόρευται.

441 3405 804 3476 κυριωτέρως
861 3407 940 3472 δὲ,
994 3407 1091 3460 καὶ
1149 3407 1183 3478 ὴ
1239 3408 1393 3478 παρὰ
1431 3409 1670 3478 Πέρσαις
1715 3410 1777 3462 τὸ
1823 3411 2025 3481 κράτος

443 3499 655 3567 ἔχουσι,
680 3498 778 3550 καὶ
811 3499 1104 3552 Βαϐυλὼν
1135 3501 1231 3554 καὶ
1269 3501 1464 3568 πόρνη
1519 3503 1986 3570 προσαγορεύεται
2007 3519 2023 3535 ·

441 3591 532 3643 καὶ
557 3591 706 3645 πᾶσα
738 3591 894 3655 πόλις
921 3592 1087 3662 ἑτέρα
1125 3594 1306 3663 φόνοις
1343 3593 1440 3647 κα)⁸
1480 3594 1680 3665 αἵμασι
1731 3591 2022 3665 χαίρουσα.

441 3681 659 3736 Τούτων
699 3682 877 3736 τοίνυν
905 3683 1036 3754 μίαν
1080 3687 1109 3737 ὁ
1143 3685 1542 3756 εὐαγγελιστὴς
1576 3685 1800 3756 θεωρῶν
1851 3705 2028 3758 μεμο-

441 3775 724 3846 λυσμένην
751 3779 866 3841 τοῖς
895 3777 1008 3830 τῶν
1045 3777 1220 3846 ἁγίων
1246 3778 1468 3849 αίμασι,
1498 3777 1906 3848 κατεπλήττετο
1935 3779 2030 3834 καὶ

438 3869 594 3938 παρὰ
616 3867 712 3921 τοῦ
741 3868 974 3936 ἀγγέλου
1003 3869 1072 3923 τὰ
1107 3869 1233 3923 κατ’
1259 3871 1431 3942 αὐτὴν
1462 3869 1794 3941 ἐμάνθανεν,
1825 3865 1916 3925 οἷα
1945 3873 2030 3924 δεῖ

437 3959 654 4026 παθεῖν,
689 3961 776 4030 ἐφ’
814 3955 896 4024 οἷς
927 3959 1394 4032 πλημμελήμασι,
1442 3962 1544 4033 τὴν
1593 3963 1688 4016 ἐπὶ
1744 3963 2029 4034 συντελείᾳ

435 4051 534 4106 τοῦ
573 4053 770 4124 χρόνου
821 4053 923 4124 τῆς
952 4055 1228 4126 κοσμικῆς
1279 4055 1559 4126 βασιλείας
1591 4057 1651 4110 τὸ
1681 4057 1884 4128 κράτος
1937 4061 2031 4128 φέ-

441 4163 676 4216 ρουσαν·
729 4145 840 4200 εἴτε
905 4147 1006 4218 τὴν
1045 4149 1197 4218 παρὰ
1229 4149 1468 4219 Πέρσαις
1515 4151 1862 4220 κρατοῦσαν·
1915 4152 2028 4205 εἴτε

437 4238 538 4310 τὴν
571 4238 808 4292 παλαιὰν
845 4237 1067 4309 Ῥώμην
1099 4235 1278 4313 [αὖθις
1310 4241 1374 4294 τὸ
1407 4241 1634 4312 ἀρχαῖον
1663 4242 1866 4312 κράτος
1897 4245 2030 4297 ἀνα-

437 4331 824 4404 λαμϐάνουσαν
939 4335 1050 4387 εἴτε
1104 4333 1202 4405 τὴν
1229 4335 1357 4388 νέαν
1380 4351 1394 4365 ·
1438 4334 1547 4388 εἴτε
1579 4334 1678 4406 τὴν
1725 4337 1802 4400 ὠς
1859 4339 1916 4389 ἐν
1951 4335 2031 4390 ἑνὶ

441 4425 654 4495 σώματι
687 4425 924 4493 γενικῶς
977 4425 1342 4496 ὲκληφθεῖσαν
1387 4423 1664 4494 βασιλείαν
1719 4425 1907 4496 νοῆσαί
1948 4443 2032 4490 τις

2045 1839 2096 1900 Β

2051 3189 2098 3250 C

2113 1349 2270 1406 sione
2302 1347 2557 1402 refertam
2595 1361 2736 1402 esse.
2772 1345 3012 1400 Vocatur
3037 1355 3220 1400 autem
3271 1355 3438 1400 mater
3476 1345 3710 1414 fornica-

2117 1444 2350 1506 tionem,
2382 1440 2512 1510 quia
2541 1439 2722 1494 omnis
2765 1439 3028 1509 Spiritalis
3087 1438 3468 1492 fornicationis
3511 1439 3710 1492 animae

2121 1531 2380 1598 magistra
2409 1540 2464 1584 et
2483 1543 2652 1584 causa
2683 1529 2944 1596 exsistit;
2981 1539 3042 1583 ut
3085 1545 3209 1598 qua:
3240 1529 3504 1599 subjectis
3565 1543 3712 1598 quo-

2121 1639 2230 1693 que
2251 1621 2497 1678 dominio
2520 1635 2622 1677 suo
2654 1621 2973 1676 civitatibus
3027 1621 3230 1676 multas
3279 1619 3714 1676 Deocxsccrabi-

2124 1719 2202 1774 les
2242 1715 2715 1788 praevaricationes
2743 1715 3030 1785 pepererit.

2677 1827 2910 1885 CAPUT
2963 1827 3098 1882 LIV.

2121 1943 2190 1999 Ut
2223 1939 2444 2014 angelus
2461 1942 2795 2012 mysterium,
2819 1957 2884 2011 qn
2893 1941 2962 1996 od
2976 1943 3203 2007 uiderat,
3228 1943 3604 2014 interpretatus
3621 1945 3714 2002 sit.

2191 2124 2357 2190 XVII,
2379 2125 2430 2192 6,
2459 2125 2512 2180 7.
2543 2125 2610 2180 Et
2645 2127 2750 2180 vidi
2781 2125 3054 2180 mulierem
3093 2126 3294 2180 ebriam
3319 2125 3386 2180 de
3447 2129 3714 2196 sanguine

2118 2229 2442 2282 sanctorum,
2475 2233 2523 2272 et
2551 2219 2616 2272 de
2644 2219 2902 2288 sanguine
2931 2227 3230 2288 martyrum
3243 2217 3397 2272 Iesu.
3437 2217 3506 2271 Et
3539 2219 3708 2272 mira-

2122 2325 2202 2368 tus
2240 2329 2357 2368 sum
2387 2329 2504 2366 cum
2535 2311 2761 2365 viderem
2794 2311 2945 2364 illam
2987 2309 3344 2366 admiratione
3397 2327 3615 2381 magna.
3647 2309 3718 2364 Et-

2120 2405 2256 2459 dixit
2279 2405 2406 2458 mihi
2430 2404 2651 2474 angelus
2703 2419 2720 2456 :
2761 2402 2942 2467 Quare
2995 2402 3255 2455 miraris?
3307 2400 3716 2457 Sacramentum

2121 2514 2213 2568 ego
2236 2497 2407 2550 dicam
2440 2497 2533 2548 tibi
2565 2494 2822 2558 mulieris,
2852 2503 2904 2548 et
2949 2494 3130 2548 bestia:
3175 2509 3294 2563 qna:
3336 2503 3514 2561 portat
3564 2509 3710 2556 eant,

2121 2590 2414 2660 quahabet
2439 2591 2613 2658 capita
2641 2599 2858 2657 septem,
2889 2597 2938 2642 et
2962 2603 3162 2642 cornua
3189 2586 3390 2640 decent.

2197 2769 2426 2824 Nomina
2456 2783 2520 2822 ex
2559 2782 2618 2822 re
2647 2767 2728 2820 vel
2752 2775 2949 2821 eventu
2983 2763 3170 2818 multis
3201 2777 3346 2834 saepe
3401 2762 3718 2818 civitatibus

2125 2863 2550 2932 csseimposita,
2587 2875 2652 2915 ex
2687 2860 2924 2914 diversis
2978 2855 3278 2928 Scriptura:
3337 2855 3470 2912 locis
3532 2856 3716 2926 colligi

2126 2967 2345 3030 potest:
2383 2971 2506 3010 nam
2531 2963 2582 3008 et
2613 2953 2857 3022 Babylon
2887 2951 3114 3020 antiqua
3142 2949 3268 3003 inde
3291 2965 3488 3002 nomen
3515 2949 3716 3017 adepta

2127 3063 2212 3108 est
2239 3070 2252 3106 :
2281 3058 2336 3104 et
2361 3047 2546 3102 nobile
2577 3045 2851 3115 quoddam
2879 3051 3148 3104 scortum,
3180 3039 3542 3094 Pharmacnm
3569 3039 3716 3108 apud

2129 3149 2344 3196 veteres
2383 3138 2715 3208 appellatum
2745 3135 2964 3205 legitur.
2990 3133 3056 3188 Et
3081 3131 3148 3186 ad
3181 3135 3465 3201 antiquam
3489 3128 3720 3186 Jerusa-

2132 3234 2233 3289 lem
2273 3232 2475 3288 dicitur
2509 3227 2846 3284 :Meretricis
2899 3228 3049 3296 frons
3103 3227 3198 3280 tibi
3227 3227 3372 3294 facta
3419 3235 3496 3280 est
3529 3225 3577 3256 δ’
3607 3242 3620 3278 :
3661 3233 3720 3280 et

2129 3333 2286 3378 vetus
2317 3321 2512 3384 Roma,
2544 3323 2595 3375 in
2627 3319 2904 3376 Canonica
2932 3319 2992 3372 Β.
3037 3317 3178 3372 Petri
3221 3317 3516 3387 Babylonis
3554 3333 3722 3370 voca-

2129 3413 2258 3468 bqu
2291 3413 2630 3483 designatur.
2671 3409 2868 3464 Verius
2894 3417 3076 3462 tamen
3103 3423 3302 3462 nomen
3335 3407 3466 3461 illud
3493 3407 3548 3459 iu
3589 3421 3715 3460 cant

2129 3491 2322 3562 urbem
2353 3503 2750 3572 convenitquaa
2778 3502 2917 3570 apud
2950 3501 3148 3555 Persas
3181 3499 3470 3568 imperium
3519 3499 3718 3552 tenuit.

2129 3601 2310 3667 Quare
2349 3597 2672 3652 familiarius
2715 3609 2932 3666 quoque
2952 3603 3008 3650 et
3045 3591 3288 3663 Babylon
3349 3599 3405 3646 et
3469 3589 3722 3643 meretrix

2130 3709 2295 3764 quam
2329 3701 2540 3747 autem
2565 3690 2902 3744 nominatur.
2937 3687 3082 3752 Quin
3117 3684 3324 3754 qumvis
3353 3683 3580 3738 onmiuo
3615 3682 3720 3736 alia

2131 3787 2347 3847 civitas,
2375 3799 2500 3855 quae
2521 3781 2790 3852 sanguine
2821 3787 2876 3836 et
2903 3778 3150 3834 caedibus
3167 3776 3493 3839 delectatur,
3523 3791 3590 3830 eo
3619 3790 3723 3828 no-

2133 3881 2281 3934 mine
2297 3876 2552 3946 appellari
2579 3881 2776 3945 potest.
2798 3871 2874 3926 Ex
2923 3870 3012 3926 bis
3039 3869 3226 3939 itaque
3247 3883 3438 3928 unam,
3463 3881 3726 3937 quaecun-

2131 3987 2239 4042 que
2263 3970 2482 4025 tandem
2519 3967 2610 4022 illa
2641 3966 2972 4031 luerit,cum
3014 3961 3350 4031 evangelista
3403 3970 3728 4015 sanctorum

2133 4064 2240 4135 77
2281 4059 2549 4131 sanguine
2579 4057 2992 4126 eoinquinatam
3057 4053 3306 4128 vidisset,
3370 4051 3724 4106 vehementer

2131 4153 2432 4222 obstupuit.
2463 4149 2662 4204 Verum
2699 4162 2822 4216 qua
2855 4149 2922 4202 ad
2961 4153 3166 4202 statum
3197 4145 3346 4199 illius
3388 4141 3724 4206 attinebant,

2131 4263 2196 4302 ca
2225 4247 2294 4300 ab
2315 4244 2508 4312 angelo
2539 4257 2666 4296 tnox
2699 4239 2898 4294 haurit.
2923 4237 3091 4292 Audit
3117 4245 3298 4292 autem
3345 4249 3468 4304 quae
3487 4241 3542 4288 et
3577 4247 3726 4300 qua-

2133 4341 2202 4394 lia
2241 4353 2360 4392 eam
2389 4344 2608 4404 pr0pter
2653 4331 2862 4386 nefaria
2919 4329 3130 4386 scelera
3197 4325 3410 4396 perpeti
3449 4332 3726 4394 oporteat,

2135 4445 2258 4500 quae
2311 4426 2574 4481 mundani
2633 4423 2786 4493 regni
2847 4421 3143 4492 imperium
3195 4433 3372 4488 usque
3421 4416 3488 4472 ad
3537 4415 3728 4470 saeculi

437 4517 633 4582 ἕλοιτο,
691 4517 875 4581 καθὼς
939 4515 1179 4590 εἴρηται.
1245 4519 1332 4572 Ἑν
1379 4519 1588 4592 ἑκάστῃ
1638 4521 1747 4589 γὰρ
1797 4519 2022 4586 τούτων,

2137 4521 2297 4575 tinem
2325 4515 2766 4582 obtinebit;sive
2812 4513 3100 4584 praevisam
3149 4509 3220 4565 ab
3253 4507 3514 4578 Apostolo
3577 4505 3728 4560 illam

439 4611 816 4681 ἁμαρτήματα
853 4609 1104 4680 διάφορα,
1129 4613 1224 4664 καὶ
1264 4611 1514 4682 αἱμάτων
1545 4612 1714 4678 ἁγίων
1746 4614 2024 4682 ἐκχύσεις,

441 4701 520 4772 πὴ
553 4703 652 4773 μὲν
681 4701 867 4768 πλέον,
897 4703 974 4774 πὴ
1000 4703 1056 4756 δὲ
1083 4703 1302 4756 ἔλαττον
1334 4701 1664 4772 γεγενῆσθαι
1695 4701 2023 4772 μεμαθήκα-

2135 4613 2395 4682 accipias.
2419 4625 2543 4680 qua:
2563 4608 2694 4662 olim
2731 4607 2876 4677 apud
2907 4604 3103 4660 Persas
3143 4601 3390 4673 regnavit
3437 4609 3491 4656 et
3523 4599 3722 4654 etiam-

2138 4722 2268 4760 num
2305 4704 2663 4776 regnal;sive
2685 4709 2920 4756 veterem
2946 4697 3175 4752 Romam
3207 4696 3496 4765 antiquum
3541 4691 3634 4760 jus
3673 4699 3730 4744 et

445 4811 566 4864 μεν.
591 4795 702 4850 Καὶ
733 4796 799 4848 τὰ
825 4796 922 4866 μὲν
953 4795 1112 4864 μέχρι
1147 4793 1286 4868 [τοῦ]
1326 4795 1712 4866 Διοκλητιανοῦ
1738 4796 1845 4849 τῶν
1881 4814 2022 4866 μαρ-

2135 4799 2398 4854 ditionem
2461 4795 2640 4849 denuo
2717 4791 3004 4860 adeptam:
3077 4789 3193 4843 sive
3217 4799 3412 4840 novam
3489 4781 3720 4836 Romam

443 4884 624 4955 τύρων
648 4885 879 4956 αἵματα,
910 4885 942 4957 ἢ
971 4887 1064 4938 καὶ
1079 4889 1176 4949 τὰς
1197 4888 1256 4939 ὲν
1283 4887 1500 4958 Περσίδι
1523 4886 1728 4940 τούτων
1751 4886 2022 4950 κολάσεις,

2134 4889 2248 4946 sive
2275 4887 2426 4942 orbis
2457 4883 2745 4954 imperium
2769 4897 2834 4937 ex
2863 4879 3030 4937 variis
3055 4877 3455 4948 principatibus
3483 4873 3538 4928 in
3559 4887 3726 4926 unum

443 4979 528 5041 τίς
545 4977 611 5030 ἂν
640 4977 1104 5050 ἐξαριθμήσαιτο;
1127 4979 1196 5031 τὰ
1211 4977 1266 5031 δὲ
1289 4979 1381 5031 ἐπὶ
1411 4977 1703 5032 Ἰουλιανοῦ
1725 4979 2022 5049 λαθραίως,

2137 4975 2292 5047 quasi
2324 4989 2524 5044 corpus
2547 4971 2828 5026 redactum
2857 4985 2873 5036 ;
2930 4967 3202 5037 siquidem
3237 4966 3292 5020 in
3337 4962 3584 5034 qualibet
3633 4975 3728 5013 ea-

445 5067 542 5122 καὶ
565 5069 636 5123 τὰ
676 5071 733 5123 ὲν
759 5069 918 5142 [τοῖς]
955 5073 1169 5144 καιροῖς
1198 5069 1350 5144 [τῶν]
1398 5072 1694 5142 ’Δρειανῶν
1729 5071 1870 5126 κατὰ
1917 5071 2022 5124 τῶν

2139 5083 2260 5122 rum
2290 5066 2574 5120 civitatum
2605 5063 3094 5130 diversa-peccata,
3133 5056 3472 5126 diversaque
3537 5051 3730 5105 inson-

443 5160 744 5231 ὀρθοδόξων
765 5141 836 5216 Ϋὲν
865 5141 931 5235 τῇ
961 5141 1065 5237 νέτίι⁷
1089 5141 1432 5236 τολμηθέντα
1476 5165 1688 5239 Ῥώμῃ,
1709 5168 1764 5219 αἱ
1797 5165 2022 5236 ἱστορίαι

2139 5165 2277 5217 tium
2312 5159 2510 5223 caedes,
2532 5167 2587 5211 ct
2613 5155 2831 5224 injustas
2859 5153 3194 5223 sanguinnm
3227 5147 3528 5204 ell'usiones
3575 5141 3726 5198 acci-

447 5255 760 5323 παριστῶσι
788 5259 902 5321 τοῖς
925 5257 1337 5328 ἐντυγχάνουσι.

2139 5255 2378 5318 derunt;
2410 5251 2514 5306 etsi
2571 5248 2788 5304 interim
2827 5245 2953 5298 alibi
2978 5243 3187 5313 plures,
3241 5239 3370 5295 alibi
3425 5237 3717 5308 pauciores

448 5346 940 5403 accidissecerlum
973 5349 1064 5403 sit.
1101 5349 1163 5403 Et
1189 5350 1410 5420 quidem
1464 5365 1749 5405 numerum
1809 5359 2110 5420 martyrum
2167 5355 2222 5400 et
2281 5341 2566 5413 sanguinis
2635 5337 2879 5400 modum,
2917 5333 3010 5404 qui
3076 5349 3107 5388 a
3173 5331 3404 5387 Neronis
3465 5337 3715 5396 tempore

449 5435 502 5490 in
537 5435 778 5491 Romana
813 5439 946 5493 urbe
983 5447 1038 5492 et
1086 5441 1288 5494 ditione
1347 5441 1553 5496 eﬂ‘usus
1598 5451 1677 5494 est
1733 5457 1905 5508 usque
1966 5441 2031 5494 ad
2075 5436 2508 5498 Diocletianum;
2566 5441 2884 5487 sanctorum
2941 5441 3162 5481 rursum
3223 5423 3500 5478 cruciatus
3525 5431 3724 5492 etput-

447 5543 571 5592 nas,
604 5545 742 5595 quas
771 5529 1106 5598 pertulerunt
1137 5531 1188 5583 in
1239 5528 1481 5593 Perside,
1515 5532 1641 5601 quis
1703 5546 2026 5584 enumerare
2053 5529 2230 5584 valeat
2259 5527 2282 5581 ?
2310 5525 2442 5593 Qua:
2465 5533 2646 5578 autem
2709 5521 2812 5576 sub
2871 5519 3134 5589 Apostata
3201 5515 3423 5571 Juliano
3465 5523 3521 5570 ct
3571 5515 3728 5570 Aria-

451 5637 648 5679 norum
683 5623 1016 5690 temporibus
1049 5633 1248 5679 tentata
1273 5637 1401 5682 sunt
1432 5639 1620 5683 contra
1681 5626 2030 5684 Orthodoxos
2088 5627 2140 5680 in
2177 5641 2320 5682 nova
2364 5625 2558 5691 Roma,
2589 5631 2644 5680 et
2677 5618 2864 5677 tnultis
2888 5615 3012 5672 aliis
3043 5614 3201 5682 locis,
3235 5625 3300 5668 ea
3327 5611 3492 5666 variae
3547 5611 3724 5666 hieto-

455 5715 636 5780 rize,si
675 5717 798 5784 quis
823 5731 914 5769 eas
957 5717 1134 5786 legere
1189 5719 1442 5784 voluerit,
1502 5721 1804 5778 luculenter
1865 5728 2164 5790 exponunt.

561 5855 605 5884 ⁵⁵
645 5852 846 5912 .lcrem.
877 5872 958 5918 ill,
991 5857 1044 5910 5.
