  <div class='ocr_page' id='page_1' title='image "/cluster/home/n/w/nwhite01/storage/ocr_20150623/106/coo.31924054870104/201.png"; bbox 0 0 4102 6428; ppageno 0'>
   <div class='ocr_carea' id='block_1_1' title="bbox 469 415 578 480">
    <p class='ocr_par' dir='ltr' id='par_1_1' title="bbox 469 415 578 480">
     <span class='ocr_line' id='line_1_1' title="bbox 469 415 578 480; baseline 0.018 -2"><span class='ocrx_word' id='word_1_1' title='bbox 469 415 578 480; x_wconf 79' lang='lat'><strong>383</strong></span> 
     </span>
    </p>
   </div>
   <div class='ocr_carea' id='block_1_2' title="bbox 1659 420 2550 486">
    <p class='ocr_par' dir='ltr' id='par_1_2' title="bbox 1659 420 2550 486">
     <span class='ocr_line' id='line_1_2' title="bbox 1659 420 2550 486; baseline 0 -3"><span class='ocrx_word' id='word_1_2' title='bbox 1659 420 1993 484; x_wconf 77' lang='lat' dir='ltr'><strong>ANDRE/E</strong></span> <span class='ocrx_word' id='word_1_3' title='bbox 2008 421 2550 486; x_wconf 69' lang='lat' dir='ltr'><strong>&#39;CAESARIENSIS</strong></span> 
     </span>
    </p>
   </div>
   <div class='ocr_carea' id='block_1_3' title="bbox 3675 387 3792 484">
    <p class='ocr_par' dir='ltr' id='par_1_3' title="bbox 3675 387 3792 484">
     <span class='ocr_line' id='line_1_3' title="bbox 3675 387 3792 484; baseline -0.009 0"><span class='ocrx_word' id='word_1_4' title='bbox 3675 387 3792 484; x_wconf 74' lang='lat' dir='ltr'><strong>ast</strong></span> 
     </span>
    </p>
   </div>
   <div class='ocr_carea' id='block_1_4' title="bbox 544 531 2059 610">
    <p class='ocr_par' dir='ltr' id='par_1_4' title="bbox 544 531 2051 607">
     <span class='ocr_line' id='line_1_4' title="bbox 544 531 2051 607; baseline 0.001 -19"><span class='ocrx_word' id='word_1_5' title='bbox 544 535 706 602; x_wconf 81' lang='lat' dir='ltr'><strong>XVII,</strong></span> <span class='ocrx_word' id='word_1_6' title='bbox 731 534 820 590; x_wconf 82' lang='grc' dir='ltr'><strong>ΙΙ.</strong></span> <span class='ocrx_word' id='word_1_7' title='bbox 852 534 920 588; x_wconf 84' lang='grc' dir='ltr'><strong>Ει</strong></span> <span class='ocrx_word' id='word_1_8' title='bbox 945 535 1108 590; x_wconf 84' lang='lat' dir='ltr'><strong>bestia</strong></span> <span class='ocrx_word' id='word_1_9' title='bbox 1139 551 1256 605; x_wconf 75' lang='lat' dir='ltr'><strong>qua:</strong></span> <span class='ocrx_word' id='word_1_10' title='bbox 1310 544 1448 600; x_wconf 89' lang='lat' dir='ltr'><strong>erat,</strong></span> <span class='ocrx_word' id='word_1_11' title='bbox 1501 544 1551 590; x_wconf 87' lang='lat' dir='ltr'><strong>et</strong></span> <span class='ocrx_word' id='word_1_12' title='bbox 1586 552 1691 590; x_wconf 85' lang='lat' dir='ltr'><strong>non</strong></span> <span class='ocrx_word' id='word_1_13' title='bbox 1735 531 1839 602; x_wconf 83' lang='lat' dir='ltr'><strong>est,</strong></span> <span class='ocrx_word' id='word_1_14' title='bbox 1865 538 2051 607; x_wconf 72' lang='lat' dir='ltr'><strong>et_ipse</strong></span> 
     </span>
    </p>
   </div>
   <div class='ocr_carea' id='block_1_5' title="bbox 2170 531 3792 610">
    <p class='ocr_par' dir='ltr' id='par_1_5' title="bbox 2221 532 3792 610">
     <span class='ocr_line' id='line_1_5' title="bbox 2221 532 3792 610; baseline 0 -20"><span class='ocrx_word' id='word_1_15' title='bbox 2221 538 2331 591; x_wconf 81' lang='lat' dir='ltr'><strong>Kal</strong></span> <span class='ocrx_word' id='word_1_16' title='bbox 2362 537 2429 590; x_wconf 85' lang='grc' dir='ltr'><strong>τὸ</strong></span> <span class='ocrx_word' id='word_1_17' title='bbox 2459 537 2668 606; x_wconf 74' lang='grc' dir='ltr'><strong>θηρίον</strong></span> <span class='ocrx_word' id='word_1_18' title='bbox 2695 535 2724 588; x_wconf 81' lang='grc' dir='ltr'>ὃ</span> <span class='ocrx_word' id='word_1_19' title='bbox 2752 532 2850 605; x_wconf 81' lang='grc' dir='ltr'><strong>ἦν,</strong></span> <span class='ocrx_word' id='word_1_20' title='bbox 2875 534 3022 607; x_wconf 72' lang='grc' dir='ltr'><strong>[καὶ]</strong></span> <span class='ocrx_word' id='word_1_21' title='bbox 3048 537 3159 588; x_wconf 79' lang='grc' dir='ltr'><strong>οὐκ</strong></span> <span class='ocrx_word' id='word_1_22' title='bbox 3202 538 3373 589; x_wconf 75' lang='grc' dir='ltr'><strong>ἔστιν</strong></span> <span class='ocrx_word' id='word_1_23' title='bbox 3407 535 3792 610; x_wconf 78' lang='grc' dir='ltr'><strong>[οὺδόλως.]</strong></span> 
     </span>
    </p>
   </div>
   <div class='ocr_carea' id='block_1_6' title="bbox 471 625 2057 694">
    <p class='ocr_par' dir='ltr' id='par_1_6' title="bbox 471 625 2057 694">
     <span class='ocr_line' id='line_1_6' title="bbox 471 625 2057 694; baseline 0.002 -13"><span class='ocrx_word' id='word_1_24' title='bbox 471 637 687 682; x_wconf 73' lang='lat' dir='ltr'><strong>octavus</strong></span> <span class='ocrx_word' id='word_1_25' title='bbox 703 637 816 691; x_wconf 89' lang='lat' dir='ltr'><strong>est;</strong></span> <span class='ocrx_word' id='word_1_26' title='bbox 855 638 904 681; x_wconf 90' lang='lat' dir='ltr'><strong>et</strong></span> <span class='ocrx_word' id='word_1_27' title='bbox 929 628 992 680; x_wconf 92' lang='lat' dir='ltr'><strong>de</strong></span> <span class='ocrx_word' id='word_1_28' title='bbox 1009 636 1205 694; x_wconf 80' lang='lat' dir='ltr'><strong>septem</strong></span> <span class='ocrx_word' id='word_1_29' title='bbox 1226 637 1343 691; x_wconf 87' lang='lat' dir='ltr'><strong>est,</strong></span> <span class='ocrx_word' id='word_1_30' title='bbox 1369 638 1424 680; x_wconf 84' lang='lat' dir='ltr'><strong>&#39;et</strong></span> <span class='ocrx_word' id='word_1_31' title='bbox 1465 629 1516 681; x_wconf 90' lang='lat' dir='ltr'><strong>in</strong></span> <span class='ocrx_word' id='word_1_32' title='bbox 1577 629 1854 684; x_wconf 75' lang='lat' dir='ltr'><strong>interitum</strong></span> <span class='ocrx_word' id='word_1_33' title='bbox 1889 625 2057 684; x_wconf 83' lang='lat' dir='ltr'><strong>vadit.</strong></span> 
     </span>
    </p>
   </div>
   <div class='ocr_carea' id='block_1_7' title="bbox 544 804 2058 876">
    <p class='ocr_par' dir='ltr' id='par_1_7' title="bbox 544 804 2058 876">
     <span class='ocr_line' id='line_1_7' title="bbox 544 804 2058 876; baseline 0.002 -17"><span class='ocrx_word' id='word_1_34' title='bbox 544 805 669 860; x_wconf 67' lang='lat' dir='ltr'><strong>IIa-c</strong></span> <span class='ocrx_word' id='word_1_35' title='bbox 704 804 869 858; x_wconf 85' lang='lat' dir='ltr'><strong>bestia</strong></span> <span class='ocrx_word' id='word_1_36' title='bbox 930 811 1017 858; x_wconf 84' lang='lat' dir='ltr'><strong>est</strong></span> <span class='ocrx_word' id='word_1_37' title='bbox 1064 804 1477 870; x_wconf 83' lang='lat' dir='ltr'><strong>Antichristus;</strong></span> <span class='ocrx_word' id='word_1_38' title='bbox 1548 816 1761 861; x_wconf 80' lang='lat' dir='ltr'><strong>octavus</strong></span> <span class='ocrx_word' id='word_1_39' title='bbox 1811 807 2058 876; x_wconf 83' lang='lat' dir='ltr'><strong>quidem,</strong></span> 
     </span>
    </p>
   </div>
   <div class='ocr_carea' id='block_1_8' title="bbox 470 895 2052 967">
    <p class='ocr_par' dir='ltr' id='par_1_8' title="bbox 470 895 2052 967">
     <span class='ocr_line' id='line_1_8' title="bbox 470 895 2052 967; baseline 0.002 -18"><span class='ocrx_word' id='word_1_40' title='bbox 470 897 597 966; x_wconf 86' lang='lat' dir='ltr'><strong>quia</strong></span> <span class='ocrx_word' id='word_1_41' title='bbox 629 906 750 963; x_wconf 89' lang='lat' dir='ltr'><strong>post</strong></span> <span class='ocrx_word' id='word_1_42' title='bbox 795 906 999 964; x_wconf 82' lang='lat' dir='ltr'><strong>septem</strong></span> <span class='ocrx_word' id='word_1_43' title='bbox 1051 911 1217 964; x_wconf 84' lang='lat' dir='ltr'><strong>regna</strong></span> <span class='ocrx_word' id='word_1_44' title='bbox 1248 895 1314 948; x_wconf 89' lang='lat' dir='ltr'><strong>ad</strong></span> <span class='ocrx_word' id='word_1_45' title='bbox 1362 898 1672 952; x_wconf 78' lang='lat' dir='ltr'><strong>mortalium</strong></span> <span class='ocrx_word' id='word_1_46' title='bbox 1732 899 2052 967; x_wconf 87' lang='lat' dir='ltr'><strong>perniciem,</strong></span> 
     </span>
    </p>
   </div>
   <div class='ocr_carea' id='block_1_9' title="bbox 469 986 2061 1054">
    <p class='ocr_par' dir='ltr' id='par_1_9' title="bbox 469 986 2061 1054">
     <span class='ocr_line' id='line_1_9' title="bbox 469 986 2061 1054; baseline 0.003 -16"><span class='ocrx_word' id='word_1_47' title='bbox 469 986 862 1054; x_wconf 59' lang='lat' dir='ltr'><strong>(lt-ceptionem,</strong></span> <span class='ocrx_word' id='word_1_48' title='bbox 889 994 942 1038; x_wconf 89' lang='lat' dir='ltr'><strong>et</strong></span> <span class='ocrx_word' id='word_1_49' title='bbox 969 994 1128 1039; x_wconf 71' lang='lat' dir='ltr'><strong>terra:</strong></span> <span class='ocrx_word' id='word_1_50' title='bbox 1176 986 1572 1041; x_wconf 76' lang='lat' dir='ltr'><strong>desolationem</strong></span> <span class='ocrx_word' id='word_1_51' title='bbox 1624 999 1850 1043; x_wconf 78' lang='lat' dir='ltr'><strong>exortus</strong></span> <span class='ocrx_word' id='word_1_52' title='bbox 1885 1005 2061 1043; x_wconf 83' lang='lat' dir='ltr'><strong>:unus</strong></span> 
     </span>
    </p>
   </div>
   <div class='ocr_carea' id='block_1_10' title="bbox 468 1074 2063 1148">
    <p class='ocr_par' dir='ltr' id='par_1_10' title="bbox 468 1074 2063 1148">
     <span class='ocr_line' id='line_1_10' title="bbox 468 1074 2063 1148; baseline 0.003 -20"><span class='ocrx_word' id='word_1_53' title='bbox 468 1092 598 1129; x_wconf 84' lang='lat' dir='ltr'><strong>vero</strong></span> <span class='ocrx_word' id='word_1_54' title='bbox 622 1090 687 1128; x_wconf 75' lang='lat' dir='ltr'><strong>ex</strong></span> <span class='ocrx_word' id='word_1_55' title='bbox 708 1084 926 1142; x_wconf 86' lang='lat' dir='ltr'><strong>septem,</strong></span> <span class='ocrx_word' id='word_1_56' title='bbox 947 1075 1074 1143; x_wconf 83' lang='lat' dir='ltr'><strong>quia</strong></span> <span class='ocrx_word' id='word_1_57' title='bbox 1090 1074 1159 1127; x_wconf 89' lang='lat' dir='ltr'><strong>ab</strong></span> <span class='ocrx_word' id='word_1_58' title='bbox 1179 1091 1288 1128; x_wconf 90' lang='lat' dir='ltr'><strong>uno</strong></span> <span class='ocrx_word' id='word_1_59' title='bbox 1309 1092 1372 1130; x_wconf 81' lang='lat' dir='ltr'><strong>ex</strong></span> <span class='ocrx_word' id='word_1_60' title='bbox 1397 1077 1501 1130; x_wconf 90' lang='lat' dir='ltr'><strong>illis</strong></span> <span class='ocrx_word' id='word_1_61' title='bbox 1531 1086 1852 1148; x_wconf 76' lang='lat' dir='ltr'><strong>prognatus.</strong></span> <span class='ocrx_word' id='word_1_62' title='bbox 1877 1077 2063 1148; x_wconf 79' lang='lat' dir='ltr'><strong>Neque</strong></span> 
     </span>
    </p>
   </div>
   <div class='ocr_carea' id='block_1_11' title="bbox 466 1166 2060 1239">
    <p class='ocr_par' dir='ltr' id='par_1_11' title="bbox 466 1166 2060 1239">
     <span class='ocr_line' id='line_1_11' title="bbox 466 1166 2060 1239; baseline 0.001 -19"><span class='ocrx_word' id='word_1_63' title='bbox 466 1166 612 1220; x_wconf 88' lang='lat' dir='ltr'><strong>enim</strong></span> <span class='ocrx_word' id='word_1_64' title='bbox 632 1175 892 1233; x_wconf 83' lang='lat' dir='ltr'><strong>tanquam</strong></span> <span class='ocrx_word' id='word_1_65' title='bbox 919 1173 1212 1220; x_wconf 74' lang='lat' dir='ltr'><strong>extraneas</strong></span> <span class='ocrx_word' id='word_1_66' title='bbox 1247 1166 1544 1235; x_wconf 82' lang='lat' dir='ltr'><strong>quispiam,</strong></span> <span class='ocrx_word' id='word_1_67' title='bbox 1576 1177 1673 1220; x_wconf 86' lang='lat' dir='ltr'><strong>aut</strong></span> <span class='ocrx_word' id='word_1_68' title='bbox 1709 1168 1898 1224; x_wconf 90' lang='lat' dir='ltr'><strong>alinsa</strong></span> <span class='ocrx_word' id='word_1_69' title='bbox 1921 1185 2060 1239; x_wconf 79' lang='lat' dir='ltr'><strong>pra:-</strong></span> 
     </span>
    </p>
   </div>
   <div class='ocr_carea' id='block_1_12' title="bbox 467 1255 2060 1326">
    <p class='ocr_par' dir='ltr' id='par_1_12' title="bbox 467 1255 2060 1326">
     <span class='ocr_line' id='line_1_12' title="bbox 467 1255 2060 1326; baseline 0.002 -16"><span class='ocrx_word' id='word_1_70' title='bbox 467 1255 630 1310; x_wconf 77' lang='lat' dir='ltr'><strong>tlictis</strong></span> <span class='ocrx_word' id='word_1_71' title='bbox 659 1265 952 1325; x_wconf 81' lang='lat' dir='ltr'><strong>exsurget;</strong></span> <span class='ocrx_word' id='word_1_72' title='bbox 986 1255 1083 1310; x_wconf 80' lang='lat' dir='ltr'><strong>sed</strong></span> <span class='ocrx_word' id='word_1_73' title='bbox 1135 1265 1398 1325; x_wconf 85' lang='lat' dir='ltr'><strong>tanquam</strong></span> <span class='ocrx_word' id='word_1_74' title='bbox 1427 1258 1794 1312; x_wconf 79' lang='lat' dir='ltr'><strong>Romanorum</strong></span> <span class='ocrx_word' id='word_1_75' title='bbox 1854 1275 1969 1326; x_wconf 80' lang='lat' dir='ltr'><strong>rex,</strong></span> <span class='ocrx_word' id='word_1_76' title='bbox 1993 1259 2060 1314; x_wconf 88' lang='lat' dir='ltr'><strong>ad</strong></span> 
     </span>
    </p>
   </div>
   <div class='ocr_carea' id='block_1_13' title="bbox 469 1347 2061 1420">
    <p class='ocr_par' dir='ltr' id='par_1_13' title="bbox 469 1347 2061 1420">
     <span class='ocr_line' id='line_1_13' title="bbox 469 1347 2061 1420; baseline 0.005 -22"><span class='ocrx_word' id='word_1_77' title='bbox 469 1347 689 1400; x_wconf 87' lang='lat' dir='ltr'><strong>illorum</strong></span> <span class='ocrx_word' id='word_1_78' title='bbox 717 1347 999 1401; x_wconf 88' lang='lat' dir='ltr'><strong>interitum</strong></span> <span class='ocrx_word' id='word_1_79' title='bbox 1035 1356 1090 1401; x_wconf 92' lang='lat' dir='ltr'><strong>et</strong></span> <span class='ocrx_word' id='word_1_80' title='bbox 1139 1347 1590 1413; x_wconf 88' lang='lat' dir='ltr'><strong>internecionem,</strong></span> <span class='ocrx_word' id='word_1_81' title='bbox 1627 1349 1720 1417; x_wconf 90' lang='lat' dir='ltr'><strong>qui</strong></span> <span class='ocrx_word' id='word_1_82' title='bbox 1773 1351 1931 1404; x_wconf 70' lang='lat' dir='ltr'><strong>lltlem</strong></span> <span class='ocrx_word' id='word_1_83' title='bbox 1961 1351 2061 1420; x_wconf 90' lang='lat' dir='ltr'><strong>ipsi</strong></span> 
     </span>
    </p>
   </div>
   <div class='ocr_carea' id='block_1_14' title="bbox 469 1436 2061 1505">
    <p class='ocr_par' dir='ltr' id='par_1_14' title="bbox 469 1436 2061 1505">
     <span class='ocr_line' id='line_1_14' title="bbox 469 1436 2061 1505; baseline 0.004 -15"><span class='ocrx_word' id='word_1_84' title='bbox 469 1436 768 1502; x_wconf 85' lang='lat' dir='ltr'><strong>habebunt,</strong></span> <span class='ocrx_word' id='word_1_85' title='bbox 802 1438 855 1491; x_wconf 94' lang='lat' dir='ltr'><strong>in</strong></span> <span class='ocrx_word' id='word_1_86' title='bbox 898 1438 1140 1492; x_wconf 90' lang='lat' dir='ltr'><strong>medium</strong></span> <span class='ocrx_word' id='word_1_87' title='bbox 1172 1453 1292 1493; x_wconf 89' lang='lat' dir='ltr'><strong>sese</strong></span> <span class='ocrx_word' id='word_1_88' title='bbox 1319 1438 1526 1494; x_wconf 79' lang='lat' dir='ltr'><strong>ell‘eret.</strong></span> <span class='ocrx_word' id='word_1_89' title='bbox 1554 1438 1744 1494; x_wconf 79' lang='lat' dir='ltr'><strong>Postea</strong></span> <span class='ocrx_word' id='word_1_90' title='bbox 1791 1455 1939 1505; x_wconf 81' lang='lat' dir='ltr'><strong>vero,</strong></span> <span class='ocrx_word' id='word_1_91' title='bbox 1971 1443 2061 1496; x_wconf 86' lang='lat' dir='ltr'><strong>ubi</strong></span> 
     </span>
    </p>
   </div>
   <div class='ocr_carea' id='block_1_15' title="bbox 469 1526 2062 1602">
    <p class='ocr_par' dir='ltr' id='par_1_15' title="bbox 469 1526 2062 1602">
     <span class='ocr_line' id='line_1_15' title="bbox 469 1526 2062 1602; baseline 0.004 -22"><span class='ocrx_word' id='word_1_92' title='bbox 469 1526 730 1580; x_wconf 84' lang='lat' dir='ltr'><strong>nimirum</strong></span> <span class='ocrx_word' id='word_1_93' title='bbox 759 1527 824 1581; x_wconf 88' lang='lat' dir='ltr'><strong>ad</strong></span> <span class='ocrx_word' id='word_1_94' title='bbox 850 1527 1013 1582; x_wconf 86' lang='lat' dir='ltr'><strong>breve</strong></span> <span class='ocrx_word' id='word_1_95' title='bbox 1039 1537 1252 1597; x_wconf 87' lang='lat' dir='ltr'><strong>tempus</strong></span> <span class='ocrx_word' id='word_1_96' title='bbox 1293 1527 1592 1583; x_wconf 84' lang='lat' dir='ltr'><strong>bacchatus</strong></span> <span class='ocrx_word' id='word_1_97' title='bbox 1637 1528 1818 1593; x_wconf 78' lang='lat' dir='ltr'><strong>inerit,</strong></span> <span class='ocrx_word' id='word_1_98' title='bbox 1881 1531 1933 1584; x_wconf 96' lang='lat' dir='ltr'><strong>in</strong></span> <span class='ocrx_word' id='word_1_99' title='bbox 1970 1549 2062 1602; x_wconf 83' lang='lat' dir='ltr'><strong>ge-</strong></span> 
     </span>
    </p>
   </div>
   <div class='ocr_carea' id='block_1_16' title="bbox 470 1619 1510 1689">
    <p class='ocr_par' dir='ltr' id='par_1_16' title="bbox 470 1619 1510 1689">
     <span class='ocr_line' id='line_1_16' title="bbox 470 1619 1510 1689; baseline 0 -15"><span class='ocrx_word' id='word_1_100' title='bbox 470 1619 666 1674; x_wconf 65' lang='lat' dir='ltr'><strong>hennae</strong></span> <span class='ocrx_word' id='word_1_101' title='bbox 701 1619 1060 1688; x_wconf 85' lang='lat' dir='ltr'><strong>perditionem</strong></span> <span class='ocrx_word' id='word_1_102' title='bbox 1102 1634 1342 1689; x_wconf 63' lang='lat' dir='ltr'><strong>praeceps</strong></span> <span class='ocrx_word' id='word_1_103' title='bbox 1371 1630 1510 1674; x_wconf 70' lang='lat' dir='ltr'><strong>ruet.</strong></span> 
     </span>
    </p>
   </div>
   <div class='ocr_carea' id='block_1_17' title="bbox 541 1708 2065 1780">
    <p class='ocr_par' dir='ltr' id='par_1_17' title="bbox 541 1708 2065 1780">
     <span class='ocr_line' id='line_1_17' title="bbox 541 1708 2065 1780; baseline 0.005 -17"><span class='ocrx_word' id='word_1_104' title='bbox 541 1708 711 1772; x_wconf 72' lang='lat' dir='ltr'><strong>XVII,</strong></span> <span class='ocrx_word' id='word_1_105' title='bbox 743 1709 830 1762; x_wconf 74' lang='lat'><strong>12.</strong></span> <span class='ocrx_word' id='word_1_106' title='bbox 867 1709 931 1764; x_wconf 79' lang='lat' dir='ltr'><strong>Et</strong></span> <span class='ocrx_word' id='word_1_107' title='bbox 957 1711 1132 1764; x_wconf 81' lang='lat' dir='ltr'><strong>decem</strong></span> <span class='ocrx_word' id='word_1_108' title='bbox 1160 1727 1358 1764; x_wconf 88' lang='lat' dir='ltr'><strong>cornua</strong></span> <span class='ocrx_word' id='word_1_109' title='bbox 1391 1728 1508 1780; x_wconf 81' lang='lat' dir='ltr'><strong>qua:</strong></span> <span class='ocrx_word' id='word_1_110' title='bbox 1545 1712 1744 1778; x_wconf 84' lang='lat' dir='ltr'><strong>vidisti,</strong></span> <span class='ocrx_word' id='word_1_111' title='bbox 1771 1713 1944 1768; x_wconf 85' lang='lat' dir='ltr'><strong>decem</strong></span> <span class='ocrx_word' id='word_1_112' title='bbox 1982 1731 2065 1770; x_wconf 72' lang='lat' dir='ltr'><strong>re.</strong></span> 
     </span>
    </p>
   </div>
   <div class='ocr_carea' id='block_1_18' title="bbox 470 1803 2061 1875">
    <p class='ocr_par' dir='ltr' id='par_1_18' title="bbox 470 1803 2061 1875">
     <span class='ocr_line' id='line_1_18' title="bbox 470 1803 2061 1875; baseline 0.004 -20"><span class='ocrx_word' id='word_1_113' title='bbox 470 1817 557 1871; x_wconf 76' lang='lat' dir='ltr'><strong>ges</strong></span> <span class='ocrx_word' id='word_1_114' title='bbox 587 1811 730 1863; x_wconf 83' lang='lat' dir='ltr'><strong>sunt,</strong></span> <span class='ocrx_word' id='word_1_115' title='bbox 759 1803 848 1871; x_wconf 86' lang='lat' dir='ltr'><strong>qui</strong></span> <span class='ocrx_word' id='word_1_116' title='bbox 882 1819 1092 1872; x_wconf 81' lang='lat' dir='ltr'><strong>regnum</strong></span> <span class='ocrx_word' id='word_1_117' title='bbox 1126 1804 1360 1856; x_wconf 86' lang='lat' dir='ltr'><strong>nondum</strong></span> <span class='ocrx_word' id='word_1_118' title='bbox 1394 1816 1728 1870; x_wconf 78' lang='lat' dir='ltr'><strong>acceperunt,</strong></span> <span class='ocrx_word' id='word_1_119' title='bbox 1771 1806 1862 1859; x_wconf 86' lang='lat' dir='ltr'><strong>sed</strong></span> <span class='ocrx_word' id='word_1_120' title='bbox 1913 1818 2061 1875; x_wconf 86' lang='lat' dir='ltr'><strong>pote-</strong></span> 
     </span>
    </p>
   </div>
   <div class='ocr_carea' id='block_1_19' title="bbox 2172 629 3790 698">
    <p class='ocr_par' dir='ltr' id='par_1_19' title="bbox 2172 629 3790 698">
     <span class='ocr_line' id='line_1_19' title="bbox 2172 629 3790 698; baseline 0 -16"><span class='ocrx_word' id='word_1_121' title='bbox 2172 630 2273 682; x_wconf 77' lang='grc' dir='ltr'><strong>και</strong></span> <span class='ocrx_word' id='word_1_122' title='bbox 2319 631 2506 696; x_wconf 84' lang='grc' dir='ltr'><strong>αὐτὸς</strong></span> <span class='ocrx_word' id='word_1_123' title='bbox 2534 629 2747 698; x_wconf 77' lang='grc' dir='ltr'><strong>ὄγδοός</strong></span> <span class='ocrx_word' id='word_1_124' title='bbox 2789 631 2919 682; x_wconf 88' lang='grc' dir='ltr'><strong>ἐστι</strong></span> <span class='ocrx_word' id='word_1_125' title='bbox 2961 645 2974 659; x_wconf 92' lang='grc'><strong>·</strong></span> <span class='ocrx_word' id='word_1_126' title='bbox 3013 629 3200 682; x_wconf 75' lang='grc' dir='ltr'><strong>καιέκ</strong></span> <span class='ocrx_word' id='word_1_127' title='bbox 3241 629 3360 683; x_wconf 77' lang='grc' dir='ltr'><strong>τῶν</strong></span> <span class='ocrx_word' id='word_1_128' title='bbox 3411 629 3584 682; x_wconf 69' lang='grc' dir='ltr'><strong>ἑπτά</strong></span> <span class='ocrx_word' id='word_1_129' title='bbox 3621 629 3790 694; x_wconf 76' lang='grc' dir='ltr'><strong>ἐστι,</strong></span> 
     </span>
    </p>
   </div>
   <div class='ocr_carea' id='block_1_20' title="bbox 2170 719 3350 789">
    <p class='ocr_par' dir='ltr' id='par_1_20' title="bbox 2170 719 3350 789">
     <span class='ocr_line' id='line_1_20' title="bbox 2170 719 3350 789; baseline 0.005 -17"><span class='ocrx_word' id='word_1_130' title='bbox 2170 721 2269 773; x_wconf 70' lang='grc' dir='ltr'><strong>καὶ</strong></span> <span class='ocrx_word' id='word_1_131' title='bbox 2292 723 2380 784; x_wconf 73' lang='grc' dir='ltr'><strong>εἰς</strong></span> <span class='ocrx_word' id='word_1_132' title='bbox 2406 719 2711 775; x_wconf 72' lang='grc' dir='ltr'><strong>ἀπώλειαν·</strong></span> <span class='ocrx_word' id='word_1_133' title='bbox 2734 723 2972 789; x_wconf 77' lang='grc' dir='ltr'><strong>ὑπάγει.</strong></span> <span class='ocrx_word' id='word_1_134' title='bbox 3346 723 3350 728; x_wconf 73' lang='grc'><em>’</em></span> 
     </span>
    </p>
   </div>
   <div class='ocr_carea' id='block_1_21' title="bbox 2247 805 3794 878">
    <p class='ocr_par' dir='ltr' id='par_1_21' title="bbox 2247 805 3794 878">
     <span class='ocr_line' id='line_1_21' title="bbox 2247 805 3794 878; baseline -0.004 -14"><span class='ocrx_word' id='word_1_135' title='bbox 2247 810 2318 864; x_wconf 89' lang='grc' dir='ltr'><em>Τὸ</em></span> <span class='ocrx_word' id='word_1_136' title='bbox 2352 811 2409 864; x_wconf 81' lang='grc' dir='ltr'><strong>δὲ</strong></span> <span class='ocrx_word' id='word_1_137' title='bbox 2442 815 2628 877; x_wconf 84' lang='grc' dir='ltr'><strong>θηρον</strong></span> <span class='ocrx_word' id='word_1_138' title='bbox 2665 812 2692 864; x_wconf 83' lang='grc' dir='ltr'>ὁ</span> <span class='ocrx_word' id='word_1_139' title='bbox 2729 807 3098 878; x_wconf 72' lang='grc' dir='ltr'><strong>’Λντίχριστᾶς</strong></span> <span class='ocrx_word' id='word_1_140' title='bbox 3133 809 3302 861; x_wconf 78' lang='grc' dir='ltr'><strong>ἐστιν’</strong></span> <span class='ocrx_word' id='word_1_141' title='bbox 3359 806 3598 876; x_wconf 78' lang='grc' dir='ltr'><strong>ὄγδοος</strong></span> <span class='ocrx_word' id='word_1_142' title='bbox 3656 805 3794 876; x_wconf 77' lang='grc' dir='ltr'><strong>μὲν,</strong></span> 
     </span>
    </p>
   </div>
   <div class='ocr_carea' id='block_1_22' title="bbox 2169 899 3791 974">
    <p class='ocr_par' dir='ltr' id='par_1_22' title="bbox 2169 899 3791 974">
     <span class='ocr_line' id='line_1_22' title="bbox 2169 899 3791 974; baseline -0.003 -19"><span class='ocrx_word' id='word_1_143' title='bbox 2169 903 2245 965; x_wconf 86' lang='grc' dir='ltr'><strong>ὡς</strong></span> <span class='ocrx_word' id='word_1_144' title='bbox 2279 902 2415 974; x_wconf 79' lang='grc' dir='ltr'><strong>μετὰ</strong></span> <span class='ocrx_word' id='word_1_145' title='bbox 2447 903 2544 964; x_wconf 76' lang='grc' dir='ltr'><strong>τάς</strong></span> <span class='ocrx_word' id='word_1_146' title='bbox 2577 901 2714 956; x_wconf 80' lang='grc' dir='ltr'><strong>ἑπτὰ</strong></span> <span class='ocrx_word' id='word_1_147' title='bbox 2753 901 3060 972; x_wconf 73' lang='grc' dir='ltr'><strong>βασιλείας,</strong></span> <span class='ocrx_word' id='word_1_148' title='bbox 3087 901 3180 953; x_wconf 73' lang='grc' dir='ltr'><strong>ἐπὶ</strong></span> <span class='ocrx_word' id='word_1_149' title='bbox 3247 900 3433 970; x_wconf 81' lang='grc' dir='ltr'><strong>ἀπάτῃ</strong></span> <span class='ocrx_word' id='word_1_150' title='bbox 3497 899 3609 952; x_wconf 78' lang='grc' dir='ltr'><strong>καὶ</strong></span> <span class='ocrx_word' id='word_1_151' title='bbox 3646 901 3791 968; x_wconf 76' lang='grc' dir='ltr'><strong>ἐρηο</strong></span> 
     </span>
    </p>
   </div>
   <div class='ocr_carea' id='block_1_23' title="bbox 2175 988 3794 1062">
    <p class='ocr_par' dir='ltr' id='par_1_23' title="bbox 2175 988 3794 1062">
     <span class='ocr_line' id='line_1_23' title="bbox 2175 988 3794 1062; baseline -0.002 -18"><span class='ocrx_word' id='word_1_152' title='bbox 2175 993 2346 1062; x_wconf 82' lang='grc' dir='ltr'><strong>μώσει</strong></span> <span class='ocrx_word' id='word_1_153' title='bbox 2385 994 2484 1062; x_wconf 80' lang='grc' dir='ltr'><strong>τῆς</strong></span> <span class='ocrx_word' id='word_1_154' title='bbox 2510 993 2614 1062; x_wconf 79' lang='grc' dir='ltr'><strong>γῆς</strong></span> <span class='ocrx_word' id='word_1_155' title='bbox 2656 993 3020 1062; x_wconf 79' lang='grc' dir='ltr'><strong>ἀνιστάμενος</strong></span> <span class='ocrx_word' id='word_1_156' title='bbox 3055 1008 3070 1022; x_wconf 78' lang='grc' dir='ltr'><strong>ο</strong></span> <span class='ocrx_word' id='word_1_157' title='bbox 3113 991 3181 1044; x_wconf 84' lang='grc' dir='ltr'><strong>ἐκ</strong></span> <span class='ocrx_word' id='word_1_158' title='bbox 3213 991 3334 1044; x_wconf 76' lang='grc' dir='ltr'><strong>τῶν</strong></span> <span class='ocrx_word' id='word_1_159' title='bbox 3379 988 3548 1043; x_wconf 80' lang='grc' dir='ltr'><strong>ἑπτὰ</strong></span> <span class='ocrx_word' id='word_1_160' title='bbox 3587 989 3675 1053; x_wconf 82' lang='grc' dir='ltr'><strong>δὲ,</strong></span> <span class='ocrx_word' id='word_1_161' title='bbox 3710 989 3794 1052; x_wconf 83' lang='grc' dir='ltr'><strong>ὡς</strong></span> 
     </span>
    </p>
   </div>
   <div class='ocr_carea' id='block_1_24' title="bbox 2169 1079 3790 1154">
    <p class='ocr_par' dir='ltr' id='par_1_24' title="bbox 2169 1079 3790 1154">
     <span class='ocr_line' id='line_1_24' title="bbox 2169 1079 3790 1154; baseline -0.003 -17"><span class='ocrx_word' id='word_1_162' title='bbox 2169 1086 2234 1138; x_wconf 85' lang='grc' dir='ltr'><strong>ὲκ</strong></span> <span class='ocrx_word' id='word_1_163' title='bbox 2265 1087 2392 1154; x_wconf 75' lang='grc' dir='ltr'><strong>μιᾶς</strong></span> <span class='ocrx_word' id='word_1_164' title='bbox 2421 1084 2601 1137; x_wconf 81' lang='grc' dir='ltr'><strong>αὐτῶν</strong></span> <span class='ocrx_word' id='word_1_165' title='bbox 2625 1083 2940 1154; x_wconf 83' lang='grc' dir='ltr'><strong>βλαστάνων</strong></span> <span class='ocrx_word' id='word_1_166' title='bbox 2978 1098 2992 1114; x_wconf 86' lang='grc'>⁶</span> <span class='ocrx_word' id='word_1_167' title='bbox 3027 1083 3087 1135; x_wconf 83' lang='grc' dir='ltr'><strong>ού</strong></span> <span class='ocrx_word' id='word_1_168' title='bbox 3124 1082 3233 1152; x_wconf 79' lang='grc' dir='ltr'><strong>γάρ</strong></span> <span class='ocrx_word' id='word_1_169' title='bbox 3276 1082 3336 1148; x_wconf 74' lang='grc' dir='ltr'><strong>ἐξ</strong></span> <span class='ocrx_word' id='word_1_170' title='bbox 3367 1081 3546 1136; x_wconf 83' lang='grc' dir='ltr'><strong>άλλου</strong></span> <span class='ocrx_word' id='word_1_171' title='bbox 3583 1079 3790 1144; x_wconf 74' lang='grc' dir='ltr'><strong>ἔθνους</strong></span> 
     </span>
    </p>
   </div>
   <div class='ocr_carea' id='block_1_25' title="bbox 2170 1172 3789 1247">
    <p class='ocr_par' dir='ltr' id='par_1_25' title="bbox 2170 1172 3789 1247">
     <span class='ocr_line' id='line_1_25' title="bbox 2170 1172 3789 1247; baseline -0.002 -19"><span class='ocrx_word' id='word_1_172' title='bbox 2170 1174 2358 1247; x_wconf 80' lang='grc' dir='ltr'><strong>[μετάΙ</strong></span> <span class='ocrx_word' id='word_1_173' title='bbox 2377 1176 2445 1231; x_wconf 82' lang='grc' dir='ltr'><strong>τὰ</strong></span> <span class='ocrx_word' id='word_1_174' title='bbox 2461 1176 2833 1246; x_wconf 78' lang='grc' dir='ltr'><strong>προλεχθὲντα</strong></span> <span class='ocrx_word' id='word_1_175' title='bbox 2855 1217 2869 1239; x_wconf 85' lang='grc'><em>,</em></span> <span class='ocrx_word' id='word_1_176' title='bbox 2905 1175 3018 1227; x_wconf 77' lang='grc' dir='ltr'><strong>ἀλλ’</strong></span> <span class='ocrx_word' id='word_1_177' title='bbox 3042 1174 3116 1238; x_wconf 85' lang='grc' dir='ltr'><strong>ὼς</strong></span> <span class='ocrx_word' id='word_1_178' title='bbox 3149 1173 3437 1241; x_wconf 84' lang='grc' dir='ltr'><strong>Ῥωμαίων</strong></span> <span class='ocrx_word' id='word_1_179' title='bbox 3478 1172 3789 1241; x_wconf 82' lang='grc' dir='ltr'><strong>βασιλεὺς,</strong></span> 
     </span>
    </p>
   </div>
   <div class='ocr_carea' id='block_1_26' title="bbox 2171 1261 3785 1338">
    <p class='ocr_par' dir='ltr' id='par_1_26' title="bbox 2171 1261 3785 1338">
     <span class='ocr_line' id='line_1_26' title="bbox 2171 1261 3785 1338; baseline -0.003 -18"><span class='ocrx_word' id='word_1_180' title='bbox 2171 1269 2262 1320; x_wconf 76' lang='grc' dir='ltr'><strong>ἐπὶ</strong></span> <span class='ocrx_word' id='word_1_181' title='bbox 2320 1267 2614 1320; x_wconf 78' lang='grc' dir='ltr'><strong>καταλύσει</strong></span> <span class='ocrx_word' id='word_1_182' title='bbox 2640 1267 2734 1318; x_wconf 72' lang='grc' dir='ltr'><strong>καὶ</strong></span> <span class='ocrx_word' id='word_1_183' title='bbox 2777 1267 3023 1338; x_wconf 70' lang='grc' dir='ltr'><strong>ἀπωλείᾳ</strong></span> <span class='ocrx_word' id='word_1_184' title='bbox 3048 1266 3158 1318; x_wconf 84' lang='grc' dir='ltr'><strong>τῶν</strong></span> <span class='ocrx_word' id='word_1_185' title='bbox 3204 1263 3354 1334; x_wconf 80' lang='grc' dir='ltr'><strong>αὐτῷ</strong></span> <span class='ocrx_word' id='word_1_186' title='bbox 3401 1261 3785 1331; x_wconf 78' lang='grc' dir='ltr'><strong>πειθομένων</strong></span> 
     </span>
    </p>
   </div>
   <div class='ocr_carea' id='block_1_27' title="bbox 2170 1357 3789 1430">
    <p class='ocr_par' dir='ltr' id='par_1_27' title="bbox 2170 1357 3789 1430">
     <span class='ocr_line' id='line_1_27' title="bbox 2170 1357 3789 1430; baseline -0.003 -16"><span class='ocrx_word' id='word_1_187' title='bbox 2170 1359 2448 1414; x_wconf 69' lang='grc' dir='ltr'><strong>ἐλεύσεται</strong></span> <span class='ocrx_word' id='word_1_188' title='bbox 2482 1377 2496 1390; x_wconf 83' lang='grc'><strong>·</strong></span> <span class='ocrx_word' id='word_1_189' title='bbox 2535 1363 2630 1414; x_wconf 73' lang='grc' dir='ltr'><strong>καὶ</strong></span> <span class='ocrx_word' id='word_1_190' title='bbox 2665 1358 2803 1430; x_wconf 72' lang='grc' dir='ltr'><strong>μετὰ</strong></span> <span class='ocrx_word' id='word_1_191' title='bbox 2832 1357 2988 1412; x_wconf 83' lang='grc' dir='ltr'><strong>τοῦτο</strong></span> <span class='ocrx_word' id='word_1_192' title='bbox 3021 1361 3098 1421; x_wconf 77' lang='grc' dir='ltr'><strong>εἰς</strong></span> <span class='ocrx_word' id='word_1_193' title='bbox 3123 1358 3220 1429; x_wconf 75' lang='grc' dir='ltr'><strong>τὴν</strong></span> <span class='ocrx_word' id='word_1_194' title='bbox 3258 1357 3356 1423; x_wconf 86' lang='grc' dir='ltr'><strong>τῆς</strong></span> <span class='ocrx_word' id='word_1_195' title='bbox 3387 1357 3642 1428; x_wconf 80' lang='grc' dir='ltr'><strong>γεέννης</strong></span> <span class='ocrx_word' id='word_1_196' title='bbox 3676 1374 3789 1426; x_wconf 82' lang='grc' dir='ltr'><strong>χω-</strong></span> 
     </span>
    </p>
   </div>
   <div class='ocr_carea' id='block_1_28' title="bbox 2175 1452 2669 1524">
    <p class='ocr_par' dir='ltr' id='par_1_28' title="bbox 2175 1452 2669 1524">
     <span class='ocr_line' id='line_1_28' title="bbox 2175 1452 2669 1524; baseline 0.006 -19"><span class='ocrx_word' id='word_1_197' title='bbox 2175 1453 2328 1524; x_wconf 80' lang='grc' dir='ltr'><strong>ρήσει</strong></span> <span class='ocrx_word' id='word_1_198' title='bbox 2369 1452 2669 1508; x_wconf 83' lang='grc' dir='ltr'><strong>ἀπώλειαν.</strong></span> 
     </span>
    </p>
   </div>
   <div class='ocr_carea' id='block_1_29' title="bbox 2245 1707 3787 1780">
    <p class='ocr_par' dir='ltr' id='par_1_29' title="bbox 2245 1707 3787 1780">
     <span class='ocr_line' id='line_1_29' title="bbox 2245 1707 3787 1780; baseline -0.004 -11"><span class='ocrx_word' id='word_1_199' title='bbox 2245 1714 2353 1771; x_wconf 83' lang='lat' dir='ltr'><strong>Kal</strong></span> <span class='ocrx_word' id='word_1_200' title='bbox 2404 1715 2475 1769; x_wconf 80' lang='grc' dir='ltr'><strong>τὰ</strong></span> <span class='ocrx_word' id='word_1_201' title='bbox 2519 1713 2666 1767; x_wconf 80' lang='grc' dir='ltr'><strong>δέκα</strong></span> <span class='ocrx_word' id='word_1_202' title='bbox 2705 1713 2925 1780; x_wconf 83' lang='grc' dir='ltr'><strong>κέρατα</strong></span> <span class='ocrx_word' id='word_1_203' title='bbox 2966 1711 3005 1766; x_wconf 83' lang='grc' dir='ltr'><em>ἁ</em></span> <span class='ocrx_word' id='word_1_204' title='bbox 3053 1707 3230 1778; x_wconf 77' lang='grc' dir='ltr'><strong>εἶδες,</strong></span> <span class='ocrx_word' id='word_1_205' title='bbox 3272 1711 3422 1766; x_wconf 77' lang='grc' dir='ltr'><strong>δέκα</strong></span> <span class='ocrx_word' id='word_1_206' title='bbox 3463 1712 3787 1777; x_wconf 80' lang='grc' dir='ltr'><strong>,βασιλεῖς</strong></span> 
     </span>
    </p>
   </div>
   <div class='ocr_carea' id='block_1_30' title="bbox 2167 1801 3786 1867">
    <p class='ocr_par' dir='ltr' id='par_1_30' title="bbox 2167 1801 3786 1867">
     <span class='ocr_line' id='line_1_30' title="bbox 2167 1801 3786 1867; baseline -0.004 -7"><span class='ocrx_word' id='word_1_207' title='bbox 2167 1809 2328 1860; x_wconf 74' lang='grc' dir='ltr'><strong>εἰσιν</strong></span> <span class='ocrx_word' id='word_1_208' title='bbox 2359 1820 2374 1837; x_wconf 89' lang='grc'><strong>·</strong></span> <span class='ocrx_word' id='word_1_209' title='bbox 2430 1803 2650 1867; x_wconf 80' lang='grc' dir='ltr'><strong>οἵτινες</strong></span> <span class='ocrx_word' id='word_1_210' title='bbox 2697 1802 3035 1865; x_wconf 79' lang='grc' dir='ltr'><strong>βασιλείαν</strong></span> <span class='ocrx_word' id='word_1_211' title='bbox 3083 1802 3250 1854; x_wconf 80' lang='grc' dir='ltr'><strong>οὔπω</strong></span> <span class='ocrx_word' id='word_1_212' title='bbox 3301 1801 3574 1864; x_wconf 74' lang='grc' dir='ltr'><strong>ἔλαϐον,</strong></span> <span class='ocrx_word' id='word_1_213' title='bbox 3633 1801 3786 1854; x_wconf 80' lang='grc' dir='ltr'><strong>ἀλλ’</strong></span> 
     </span>
    </p>
   </div>
   <div class='ocr_carea' id='block_1_31' title="bbox 471 1891 2059 1965">
    <p class='ocr_par' dir='ltr' id='par_1_31' title="bbox 471 1895 2059 1965">
     <span class='ocr_line' id='line_1_31' title="bbox 471 1895 2059 1965; baseline 0.003 -16"><span class='ocrx_word' id='word_1_214' title='bbox 471 1903 666 1949; x_wconf 86' lang='lat' dir='ltr'><strong>statem</strong></span> <span class='ocrx_word' id='word_1_215' title='bbox 702 1902 956 1960; x_wconf 87' lang='lat' dir='ltr'><strong>tanquam</strong></span> <span class='ocrx_word' id='word_1_216' title='bbox 1011 1911 1156 1963; x_wconf 88' lang='lat' dir='ltr'><strong>reges</strong></span> <span class='ocrx_word' id='word_1_217' title='bbox 1197 1911 1303 1948; x_wconf 86' lang='lat' dir='ltr'><strong>una</strong></span> <span class='ocrx_word' id='word_1_218' title='bbox 1355 1895 1486 1948; x_wconf 76' lang='lat' dir='ltr'><strong>liora</strong></span> <span class='ocrx_word' id='word_1_219' title='bbox 1528 1898 1786 1964; x_wconf 77' lang='lat' dir='ltr'><strong>accipient</strong></span> <span class='ocrx_word' id='word_1_220' title='bbox 1825 1908 1940 1965; x_wconf 81' lang='lat' dir='ltr'><strong>post</strong></span> <span class='ocrx_word' id='word_1_221' title='bbox 1978 1899 2059 1952; x_wconf 88' lang='lat' dir='ltr'><strong>be-</strong></span> 
     </span>
    </p>
   </div>
   <div class='ocr_carea' id='block_1_32' title="bbox 2170 1891 3783 1965">
    <p class='ocr_par' dir='ltr' id='par_1_32' title="bbox 2170 1891 3783 1963">
     <span class='ocr_line' id='line_1_32' title="bbox 2170 1891 3783 1963; baseline -0.004 -11"><span class='ocrx_word' id='word_1_222' title='bbox 2170 1896 2462 1962; x_wconf 80' lang='grc' dir='ltr'><strong>ὲξουσίαν</strong></span> <span class='ocrx_word' id='word_1_223' title='bbox 2489 1896 2570 1960; x_wconf 86' lang='grc' dir='ltr'><strong>ὡς</strong></span> <span class='ocrx_word' id='word_1_224' title='bbox 2619 1893 2909 1960; x_wconf 77' lang='grc' dir='ltr'><strong>βασιλεῖς</strong></span> <span class='ocrx_word' id='word_1_225' title='bbox 2951 1895 3102 1963; x_wconf 82' lang='grc' dir='ltr'><strong>μίαν</strong></span> <span class='ocrx_word' id='word_1_226' title='bbox 3143 1893 3306 1962; x_wconf 84' lang='grc' dir='ltr'><strong>ὤραν</strong></span> <span class='ocrx_word' id='word_1_227' title='bbox 3343 1891 3783 1960; x_wconf 73' lang='grc' dir='ltr'><strong>λαμϐάνουσι,</strong></span> 
     </span>
    </p>
   </div>
   <div class='ocr_carea' id='block_1_33' title="bbox 473 1986 660 2040">
    <p class='ocr_par' dir='ltr' id='par_1_33' title="bbox 473 1986 660 2040">
     <span class='ocr_line' id='line_1_33' title="bbox 473 1986 660 2040; baseline 0.011 -2"><span class='ocrx_word' id='word_1_228' title='bbox 473 1986 660 2040; x_wconf 86' lang='lat' dir='ltr'><strong>stiam.</strong></span> 
     </span>
    </p>
   </div>
   <div class='ocr_carea' id='block_1_34' title="bbox 555 2076 2060 2153">
    <p class='ocr_par' dir='ltr' id='par_1_34' title="bbox 555 2076 2060 2153">
     <span class='ocr_line' id='line_1_34' title="bbox 555 2076 2060 2153; baseline 0.006 -23"><span class='ocrx_word' id='word_1_229' title='bbox 555 2076 740 2133; x_wconf 88' lang='lat' dir='ltr'><strong>Decem</strong></span> <span class='ocrx_word' id='word_1_230' title='bbox 769 2077 883 2133; x_wconf 66' lang='lat' dir='ltr'><strong>hare</strong></span> <span class='ocrx_word' id='word_1_231' title='bbox 905 2094 1102 2132; x_wconf 80' lang='lat' dir='ltr'><strong>cornua</strong></span> <span class='ocrx_word' id='word_1_232' title='bbox 1135 2093 1228 2132; x_wconf 87' lang='lat' dir='ltr'><strong>seu</strong></span> <span class='ocrx_word' id='word_1_233' title='bbox 1258 2096 1413 2150; x_wconf 65' lang='lat' dir='ltr'><strong>rcges</strong></span> <span class='ocrx_word' id='word_1_234' title='bbox 1465 2081 1646 2136; x_wconf 86' lang='lat' dir='ltr'><strong>Daniel</strong></span> <span class='ocrx_word' id='word_1_235' title='bbox 1671 2099 1889 2153; x_wconf 81' lang='lat' dir='ltr'><strong>quoque</strong></span> <span class='ocrx_word' id='word_1_236' title='bbox 1906 2084 2060 2148; x_wconf 86' lang='lat' dir='ltr'><strong>vidit,</strong></span> 
     </span>
    </p>
   </div>
   <div class='ocr_carea' id='block_1_35' title="bbox 471 2169 2060 2244">
    <p class='ocr_par' dir='ltr' id='par_1_35' title="bbox 471 2169 2060 2244">
     <span class='ocr_line' id='line_1_35' title="bbox 471 2169 2060 2244; baseline 0.007 -21"><span class='ocrx_word' id='word_1_237' title='bbox 471 2171 566 2240; x_wconf 80' lang='lat' dir='ltr'><strong>qui</strong></span> <span class='ocrx_word' id='word_1_238' title='bbox 593 2169 991 2225; x_wconf 80' lang='lat' dir='ltr'><strong>Anticltristum</strong></span> <span class='ocrx_word' id='word_1_239' title='bbox 1025 2173 1365 2240; x_wconf 65' lang='lat' dir='ltr'><strong>praecedent;</strong></span> <span class='ocrx_word' id='word_1_240' title='bbox 1398 2190 1462 2227; x_wconf 77' lang='lat' dir='ltr'><strong>ex</strong></span> <span class='ocrx_word' id='word_1_241' title='bbox 1519 2176 1720 2244; x_wconf 87' lang='lat' dir='ltr'><strong>quibus</strong></span> <span class='ocrx_word' id='word_1_242' title='bbox 1774 2185 1883 2233; x_wconf 86' lang='lat' dir='ltr'><strong>tres</strong></span> <span class='ocrx_word' id='word_1_243' title='bbox 1937 2193 2060 2234; x_wconf 77' lang='lat' dir='ltr'><strong>mox</strong></span> 
     </span>
    </p>
   </div>
   <div class='ocr_carea' id='block_1_36' title="bbox 471 2261 2065 2338">
    <p class='ocr_par' dir='ltr' id='par_1_36' title="bbox 471 2261 2065 2338">
     <span class='ocr_line' id='line_1_36' title="bbox 471 2261 2065 2338; baseline 0.005 -25"><span class='ocrx_word' id='word_1_244' title='bbox 471 2261 733 2316; x_wconf 83' lang='lat' dir='ltr'><strong>radicitus</strong></span> <span class='ocrx_word' id='word_1_245' title='bbox 761 2262 976 2325; x_wconf 81' lang='lat' dir='ltr'><strong>evellet,</strong></span> <span class='ocrx_word' id='word_1_246' title='bbox 999 2263 1242 2332; x_wconf 88' lang='lat' dir='ltr'><strong>reliquos</strong></span> <span class='ocrx_word' id='word_1_247' title='bbox 1269 2276 1452 2319; x_wconf 86' lang='lat' dir='ltr'><strong>autem</strong></span> <span class='ocrx_word' id='word_1_248' title='bbox 1478 2267 1744 2322; x_wconf 83' lang='lat' dir='ltr'><strong>scelestus</strong></span> <span class='ocrx_word' id='word_1_249' title='bbox 1777 2269 1866 2322; x_wconf 83' lang='lat' dir='ltr'><strong>ille</strong></span> <span class='ocrx_word' id='word_1_250' title='bbox 1891 2270 2065 2338; x_wconf 86' lang='lat' dir='ltr'><strong>impe-</strong></span> 
     </span>
    </p>
   </div>
   <div class='ocr_carea' id='block_1_37' title="bbox 470 2354 2067 2431">
    <p class='ocr_par' dir='ltr' id='par_1_37' title="bbox 470 2354 2067 2431">
     <span class='ocr_line' id='line_1_37' title="bbox 470 2354 2067 2431; baseline 0.006 -25"><span class='ocrx_word' id='word_1_251' title='bbox 470 2354 554 2408; x_wconf 84' lang='lat' dir='ltr'><strong>rio</strong></span> <span class='ocrx_word' id='word_1_252' title='bbox 585 2369 688 2408; x_wconf 88' lang='lat' dir='ltr'><strong>suo</strong></span> <span class='ocrx_word' id='word_1_253' title='bbox 717 2354 998 2424; x_wconf 75' lang='lat' dir='ltr'><strong>sultjiriet.</strong></span> <span class='ocrx_word' id='word_1_254' title='bbox 1038 2354 1211 2410; x_wconf 88' lang='lat' dir='ltr'><strong>Unam</strong></span> <span class='ocrx_word' id='word_1_255' title='bbox 1237 2359 1645 2421; x_wconf 77' lang='lat' dir='ltr'><strong>antem/torum,</strong></span> <span class='ocrx_word' id='word_1_256' title='bbox 1667 2361 1827 2416; x_wconf 77' lang='lat' dir='ltr'><strong>breve</strong></span> <span class='ocrx_word' id='word_1_257' title='bbox 1857 2371 2067 2431; x_wconf 88' lang='lat' dir='ltr'><strong>tempo-</strong></span> 
     </span>
    </p>
   </div>
   <div class='ocr_carea' id='block_1_38' title="bbox 471 2445 2065 2522">
    <p class='ocr_par' dir='ltr' id='par_1_38' title="bbox 471 2445 2065 2522">
     <span class='ocr_line' id='line_1_38' title="bbox 471 2445 2065 2522; baseline 0.006 -24"><span class='ocrx_word' id='word_1_258' title='bbox 471 2447 548 2500; x_wconf 89' lang='lat' dir='ltr'><strong>ris</strong></span> <span class='ocrx_word' id='word_1_259' title='bbox 574 2445 810 2516; x_wconf 88' lang='lat' dir='ltr'><strong>spatium</strong></span> <span class='ocrx_word' id='word_1_260' title='bbox 858 2458 1052 2514; x_wconf 79' lang='lat' dir='ltr'><strong>vocat;</strong></span> <span class='ocrx_word' id='word_1_261' title='bbox 1120 2459 1215 2502; x_wconf 88' lang='lat' dir='ltr'><strong>aut</strong></span> <span class='ocrx_word' id='word_1_262' title='bbox 1259 2466 1423 2503; x_wconf 89' lang='lat' dir='ltr'><strong>unam</strong></span> <span class='ocrx_word' id='word_1_263' title='bbox 1483 2461 1630 2506; x_wconf 76' lang='lat' dir='ltr'><strong>certe</strong></span> <span class='ocrx_word' id='word_1_264' title='bbox 1688 2453 1815 2505; x_wconf 83' lang='lat' dir='ltr'><strong>anni</strong></span> <span class='ocrx_word' id='word_1_265' title='bbox 1860 2462 2065 2522; x_wconf 88' lang='lat' dir='ltr'><strong>tempe-</strong></span> 
     </span>
    </p>
   </div>
   <div class='ocr_carea' id='block_1_39' title="bbox 468 2539 2067 2614">
    <p class='ocr_par' dir='ltr' id='par_1_39' title="bbox 468 2539 2067 2614">
     <span class='ocr_line' id='line_1_39' title="bbox 468 2539 2067 2614; baseline 0.003 -21"><span class='ocrx_word' id='word_1_266' title='bbox 468 2545 688 2602; x_wconf 72' lang='lat' dir='ltr'><strong>Statem,</strong></span> <span class='ocrx_word' id='word_1_267' title='bbox 736 2554 860 2608; x_wconf 74' lang='lat' dir='ltr'><strong>qua:</strong></span> <span class='ocrx_word' id='word_1_268' title='bbox 919 2539 1187 2593; x_wconf 73' lang='lat' dir='ltr'><strong>trimestri</strong></span> <span class='ocrx_word' id='word_1_269' title='bbox 1219 2541 1352 2595; x_wconf 86' lang='lat' dir='ltr'><strong>solis</strong></span> <span class='ocrx_word' id='word_1_270' title='bbox 1384 2553 1532 2595; x_wconf 88' lang='lat' dir='ltr'><strong>motu</strong></span> <span class='ocrx_word' id='word_1_271' title='bbox 1564 2542 1905 2597; x_wconf 85' lang='lat' dir='ltr'><strong>absolvitur:</strong></span> <span class='ocrx_word' id='word_1_272' title='bbox 1943 2553 2067 2614; x_wconf 80' lang='lat' dir='ltr'><strong>post</strong></span> 
     </span>
    </p>
   </div>
   <div class='ocr_carea' id='block_1_40' title="bbox 467 2633 2062 2705">
    <p class='ocr_par' dir='ltr' id='par_1_40' title="bbox 467 2633 2062 2705">
     <span class='ocr_line' id='line_1_40' title="bbox 467 2633 2062 2705; baseline 0.004 -21"><span class='ocrx_word' id='word_1_273' title='bbox 467 2646 634 2700; x_wconf 84' lang='lat' dir='ltr'><strong>quam</strong></span> <span class='ocrx_word' id='word_1_274' title='bbox 697 2647 888 2687; x_wconf 86' lang='lat' dir='ltr'><strong>omnes</strong></span> <span class='ocrx_word' id='word_1_275' title='bbox 943 2633 1282 2688; x_wconf 84' lang='lat' dir='ltr'><strong>Antichristo</strong></span> <span class='ocrx_word' id='word_1_276' title='bbox 1339 2641 1598 2703; x_wconf 85' lang='lat' dir='ltr'><strong>tanquam</strong></span> <span class='ocrx_word' id='word_1_277' title='bbox 1643 2637 2062 2705; x_wconf 63' lang='lat' dir='ltr'><strong>praecellentiori</strong></span> 
     </span>
    </p>
   </div>
   <div class='ocr_carea' id='block_1_41' title="bbox 469 2722 936 2791">
    <p class='ocr_par' dir='ltr' id='par_1_41' title="bbox 469 2722 936 2791">
     <span class='ocr_line' id='line_1_41' title="bbox 469 2722 936 2791; baseline 0.004 -15"><span class='ocrx_word' id='word_1_278' title='bbox 469 2722 936 2791; x_wconf 75' lang='lat' dir='ltr'><strong>subjugabnntnr.</strong></span> 
     </span>
    </p>
   </div>
   <div class='ocr_carea' id='block_1_42' title="bbox 539 2812 2065 2883">
    <p class='ocr_par' dir='ltr' id='par_1_42' title="bbox 539 2812 2065 2883">
     <span class='ocr_line' id='line_1_42' title="bbox 539 2812 2065 2883; baseline 0.005 -16"><span class='ocrx_word' id='word_1_279' title='bbox 539 2812 703 2877; x_wconf 76' lang='lat' dir='ltr'><strong>XVII,</strong></span> <span class='ocrx_word' id='word_1_280' title='bbox 739 2814 824 2879; x_wconf 77' lang='lat'><strong>13,</strong></span> <span class='ocrx_word' id='word_1_281' title='bbox 867 2815 954 2868; x_wconf 72' lang='lat'><strong>14.</strong></span> <span class='ocrx_word' id='word_1_282' title='bbox 994 2813 1066 2868; x_wconf 84' lang='lat' dir='ltr'><strong>lli</strong></span> <span class='ocrx_word' id='word_1_283' title='bbox 1097 2832 1258 2870; x_wconf 86' lang='lat' dir='ltr'><strong>unum</strong></span> <span class='ocrx_word' id='word_1_284' title='bbox 1292 2818 1574 2871; x_wconf 79' lang='lat' dir='ltr'><strong>consilium</strong></span> <span class='ocrx_word' id='word_1_285' title='bbox 1607 2819 1907 2883; x_wconf 81' lang='lat' dir='ltr'><strong>habent;et</strong></span> <span class='ocrx_word' id='word_1_286' title='bbox 1959 2822 2065 2876; x_wconf 80' lang='lat' dir='ltr'><strong>vir-</strong></span> 
     </span>
    </p>
   </div>
   <div class='ocr_carea' id='block_1_43' title="bbox 468 2907 2063 2973">
    <p class='ocr_par' dir='ltr' id='par_1_43' title="bbox 468 2907 2063 2973">
     <span class='ocr_line' id='line_1_43' title="bbox 468 2907 2063 2973; baseline 0.005 -14"><span class='ocrx_word' id='word_1_287' title='bbox 468 2913 636 2959; x_wconf 74' lang='lat' dir='ltr'><strong>tutem</strong></span> <span class='ocrx_word' id='word_1_288' title='bbox 669 2913 718 2958; x_wconf 91' lang='lat' dir='ltr'><strong>et</strong></span> <span class='ocrx_word' id='word_1_289' title='bbox 757 2913 1066 2973; x_wconf 86' lang='lat' dir='ltr'><strong>potestatem</strong></span> <span class='ocrx_word' id='word_1_290' title='bbox 1098 2923 1250 2960; x_wconf 88' lang='lat' dir='ltr'><strong>suam</strong></span> <span class='ocrx_word' id='word_1_291' title='bbox 1279 2907 1457 2962; x_wconf 80' lang='lat' dir='ltr'><strong>bestia:</strong></span> <span class='ocrx_word' id='word_1_292' title='bbox 1515 2909 1746 2965; x_wconf 87' lang='lat' dir='ltr'><strong>tradent.</strong></span> <span class='ocrx_word' id='word_1_293' title='bbox 1811 2913 1884 2966; x_wconf 81' lang='lat' dir='ltr'><strong>Hi</strong></span> <span class='ocrx_word' id='word_1_294' title='bbox 1941 2929 2063 2966; x_wconf 86' lang='lat' dir='ltr'><strong>cum</strong></span> 
     </span>
    </p>
   </div>
   <div class='ocr_carea' id='block_1_44' title="bbox 468 2997 2062 3074">
    <p class='ocr_par' dir='ltr' id='par_1_44' title="bbox 468 2997 2062 3074">
     <span class='ocr_line' id='line_1_44' title="bbox 468 2997 2062 3074; baseline 0.005 -24"><span class='ocrx_word' id='word_1_295' title='bbox 468 2998 620 3067; x_wconf 77' lang='lat' dir='ltr'><strong>Agna</strong></span> <span class='ocrx_word' id='word_1_296' title='bbox 665 2997 994 3066; x_wconf 87' lang='lat' dir='ltr'><strong>pugnabunt,</strong></span> <span class='ocrx_word' id='word_1_297' title='bbox 1023 3008 1074 3053; x_wconf 88' lang='lat' dir='ltr'><strong>et</strong></span> <span class='ocrx_word' id='word_1_298' title='bbox 1104 2998 1282 3067; x_wconf 78' lang='lat' dir='ltr'><strong>Agnus</strong></span> <span class='ocrx_word' id='word_1_299' title='bbox 1312 3001 1477 3054; x_wconf 85' lang='lat' dir='ltr'><strong>vincet</strong></span> <span class='ocrx_word' id='word_1_300' title='bbox 1537 3002 1656 3056; x_wconf 89' lang='lat' dir='ltr'><strong>illos</strong></span> <span class='ocrx_word' id='word_1_301' title='bbox 1679 3021 1697 3066; x_wconf 88' lang='lat'><strong><em>;</em></strong></span> <span class='ocrx_word' id='word_1_302' title='bbox 1721 3004 1848 3074; x_wconf 88' lang='lat' dir='ltr'><strong>quia</strong></span> <span class='ocrx_word' id='word_1_303' title='bbox 1883 3004 2062 3058; x_wconf 88' lang='lat' dir='ltr'><strong>Domi-</strong></span> 
     </span>
    </p>
   </div>
   <div class='ocr_carea' id='block_1_45' title="bbox 467 3086 2063 3166">
    <p class='ocr_par' dir='ltr' id='par_1_45' title="bbox 467 3086 2063 3166">
     <span class='ocr_line' id='line_1_45' title="bbox 467 3086 2063 3166; baseline 0.006 -25"><span class='ocrx_word' id='word_1_304' title='bbox 467 3104 568 3142; x_wconf 82' lang='lat' dir='ltr'><strong>nus</strong></span> <span class='ocrx_word' id='word_1_305' title='bbox 594 3086 929 3142; x_wconf 81' lang='lat' dir='ltr'><strong>dominorum</strong></span> <span class='ocrx_word' id='word_1_306' title='bbox 967 3099 1081 3154; x_wconf 81' lang='lat' dir='ltr'><strong>est,</strong></span> <span class='ocrx_word' id='word_1_307' title='bbox 1104 3101 1153 3144; x_wconf 87' lang='lat' dir='ltr'><strong>et</strong></span> <span class='ocrx_word' id='word_1_308' title='bbox 1181 3089 1289 3144; x_wconf 73' lang='lat' dir='ltr'><strong>Rea:</strong></span> <span class='ocrx_word' id='word_1_309' title='bbox 1335 3109 1514 3163; x_wconf 84' lang='lat' dir='ltr'><strong>regum</strong></span> <span class='ocrx_word' id='word_1_310' title='bbox 1565 3111 1585 3158; x_wconf 88' lang='grc'><strong><em>;</em></strong></span> <span class='ocrx_word' id='word_1_311' title='bbox 1613 3106 1664 3149; x_wconf 88' lang='lat' dir='ltr'><strong>et</strong></span> <span class='ocrx_word' id='word_1_312' title='bbox 1702 3097 1794 3166; x_wconf 85' lang='lat' dir='ltr'><strong>qui</strong></span> <span class='ocrx_word' id='word_1_313' title='bbox 1819 3113 1937 3151; x_wconf 84' lang='lat' dir='ltr'><strong>cum</strong></span> <span class='ocrx_word' id='word_1_314' title='bbox 1971 3097 2063 3150; x_wconf 82' lang='lat' dir='ltr'><strong>illo</strong></span> 
     </span>
    </p>
   </div>
   <div class='ocr_carea' id='block_1_46' title="bbox 467 3179 1427 3250">
    <p class='ocr_par' dir='ltr' id='par_1_46' title="bbox 467 3179 1427 3250">
     <span class='ocr_line' id='line_1_46' title="bbox 467 3179 1427 3250; baseline 0.005 -18"><span class='ocrx_word' id='word_1_315' title='bbox 467 3186 615 3246; x_wconf 82' lang='lat' dir='ltr'><strong>sunt,</strong></span> <span class='ocrx_word' id='word_1_316' title='bbox 647 3179 839 3244; x_wconf 82' lang='lat' dir='ltr'><strong>vocati,</strong></span> <span class='ocrx_word' id='word_1_317' title='bbox 869 3187 917 3232; x_wconf 86' lang='lat' dir='ltr'><strong>et</strong></span> <span class='ocrx_word' id='word_1_318' title='bbox 953 3179 1127 3247; x_wconf 82' lang='lat' dir='ltr'><strong>electi,</strong></span> <span class='ocrx_word' id='word_1_319' title='bbox 1149 3190 1198 3234; x_wconf 91' lang='lat' dir='ltr'><strong>et</strong></span> <span class='ocrx_word' id='word_1_320' title='bbox 1222 3181 1427 3250; x_wconf 82' lang='lat' dir='ltr'><strong>ﬁdeles.</strong></span> 
     </span>
    </p>
   </div>
   <div class='ocr_carea' id='block_1_47' title="bbox 543 3359 2065 3434">
    <p class='ocr_par' dir='ltr' id='par_1_47' title="bbox 543 3359 2065 3434">
     <span class='ocr_line' id='line_1_47' title="bbox 543 3359 2065 3434; baseline 0.009 -22"><span class='ocrx_word' id='word_1_321' title='bbox 543 3359 736 3415; x_wconf 84' lang='lat' dir='ltr'><strong>Merito</strong></span> <span class='ocrx_word' id='word_1_322' title='bbox 769 3359 820 3413; x_wconf 84' lang='lat' dir='ltr'><strong>lti</strong></span> <span class='ocrx_word' id='word_1_323' title='bbox 859 3375 982 3414; x_wconf 89' lang='lat' dir='ltr'><strong>cum</strong></span> <span class='ocrx_word' id='word_1_324' title='bbox 1020 3362 1176 3432; x_wconf 81' lang='lat' dir='ltr'><strong>Agno</strong></span> <span class='ocrx_word' id='word_1_325' title='bbox 1221 3375 1501 3434; x_wconf 85' lang='lat' dir='ltr'><strong>pugnant;</strong></span> <span class='ocrx_word' id='word_1_326' title='bbox 1557 3383 1718 3423; x_wconf 88' lang='lat' dir='ltr'><strong>nemo</strong></span> <span class='ocrx_word' id='word_1_327' title='bbox 1743 3371 1887 3424; x_wconf 84' lang='lat' dir='ltr'><strong>enim</strong></span> <span class='ocrx_word' id='word_1_328' title='bbox 1931 3374 2065 3426; x_wconf 86' lang='lat' dir='ltr'><strong>dno-</strong></span> 
     </span>
    </p>
   </div>
   <div class='ocr_carea' id='block_1_48' title="bbox 472 3449 2060 3532">
    <p class='ocr_par' dir='ltr' id='par_1_48' title="bbox 472 3449 2060 3532">
     <span class='ocr_line' id='line_1_48' title="bbox 472 3449 2060 3532; baseline 0.009 -30"><span class='ocrx_word' id='word_1_329' title='bbox 472 3449 573 3503; x_wconf 82' lang='lat' dir='ltr'><strong>bus</strong></span> <span class='ocrx_word' id='word_1_330' title='bbox 606 3449 848 3505; x_wconf 77' lang='lat' dir='ltr'><strong>tltnninis</strong></span> <span class='ocrx_word' id='word_1_331' title='bbox 871 3451 1079 3506; x_wconf 90' lang='lat' dir='ltr'><strong>servire</strong></span> <span class='ocrx_word' id='word_1_332' title='bbox 1114 3463 1309 3522; x_wconf 91' lang='lat' dir='ltr'><strong>potest.</strong></span> <span class='ocrx_word' id='word_1_333' title='bbox 1351 3455 1650 3528; x_wconf 84' lang='lat' dir='ltr'><strong>Eapropter</strong></span> <span class='ocrx_word' id='word_1_334' title='bbox 1684 3460 1777 3530; x_wconf 86' lang='lat' dir='ltr'><strong>qui</strong></span> <span class='ocrx_word' id='word_1_335' title='bbox 1810 3461 2060 3532; x_wconf 87' lang='lat' dir='ltr'><strong>improba</strong></span> 
     </span>
    </p>
   </div>
   <div class='ocr_carea' id='block_1_49' title="bbox 468 3540 2064 3622">
    <p class='ocr_par' dir='ltr' id='par_1_49' title="bbox 468 3540 2064 3622">
     <span class='ocr_line' id='line_1_49' title="bbox 468 3540 2064 3622; baseline 0.011 -28"><span class='ocrx_word' id='word_1_336' title='bbox 468 3540 874 3609; x_wconf 87' lang='lat' dir='ltr'><strong>conspiratione</strong></span> <span class='ocrx_word' id='word_1_337' title='bbox 907 3541 1051 3597; x_wconf 90' lang='lat' dir='ltr'><strong>inter</strong></span> <span class='ocrx_word' id='word_1_338' title='bbox 1080 3559 1136 3599; x_wconf 83' lang='lat' dir='ltr'><strong>se</strong></span> <span class='ocrx_word' id='word_1_339' title='bbox 1157 3553 1378 3609; x_wconf 87' lang='lat' dir='ltr'><strong>coeunt,</strong></span> <span class='ocrx_word' id='word_1_340' title='bbox 1405 3564 1673 3619; x_wconf 87' lang='lat' dir='ltr'><strong>suamque</strong></span> <span class='ocrx_word' id='word_1_341' title='bbox 1700 3567 1925 3622; x_wconf 84' lang='lat' dir='ltr'><strong>cperam</strong></span> <span class='ocrx_word' id='word_1_342' title='bbox 1951 3557 2064 3610; x_wconf 83' lang='lat' dir='ltr'><strong>An-</strong></span> 
     </span>
    </p>
   </div>
   <div class='ocr_carea' id='block_1_50' title="bbox 466 3631 2060 3707">
    <p class='ocr_par' dir='ltr' id='par_1_50' title="bbox 466 3631 2060 3707">
     <span class='ocr_line' id='line_1_50' title="bbox 466 3631 2060 3707; baseline 0.009 -20"><span class='ocrx_word' id='word_1_343' title='bbox 466 3631 723 3690; x_wconf 87' lang='lat' dir='ltr'><strong>tichristo</strong></span> <span class='ocrx_word' id='word_1_344' title='bbox 759 3635 1044 3702; x_wconf 86' lang='lat' dir='ltr'><strong>addicunt,</strong></span> <span class='ocrx_word' id='word_1_345' title='bbox 1080 3651 1189 3690; x_wconf 90' lang='lat' dir='ltr'><strong>non</strong></span> <span class='ocrx_word' id='word_1_346' title='bbox 1222 3651 1450 3707; x_wconf 87' lang='lat' dir='ltr'><strong>possunt</strong></span> <span class='ocrx_word' id='word_1_347' title='bbox 1481 3657 1609 3696; x_wconf 87' lang='lat' dir='ltr'><strong>vero</strong></span> <span class='ocrx_word' id='word_1_348' title='bbox 1633 3644 1850 3699; x_wconf 82' lang='lat' dir='ltr'><strong>Clu-isto</strong></span> <span class='ocrx_word' id='word_1_349' title='bbox 1873 3664 1932 3701; x_wconf 80' lang='lat' dir='ltr'><strong>se</strong></span> <span class='ocrx_word' id='word_1_350' title='bbox 1955 3664 2060 3702; x_wconf 91' lang='lat' dir='ltr'><strong>non</strong></span> 
     </span>
    </p>
   </div>
   <div class='ocr_carea' id='block_1_51' title="bbox 468 3725 2065 3807">
    <p class='ocr_par' dir='ltr' id='par_1_51' title="bbox 468 3725 2065 3807">
     <span class='ocr_line' id='line_1_51' title="bbox 468 3725 2065 3807; baseline 0.008 -27"><span class='ocrx_word' id='word_1_351' title='bbox 468 3739 763 3794; x_wconf 86' lang='lat' dir='ltr'><strong>opponere.</strong></span> <span class='ocrx_word' id='word_1_352' title='bbox 799 3725 1001 3780; x_wconf 88' lang='lat' dir='ltr'><strong>Verum</strong></span> <span class='ocrx_word' id='word_1_353' title='bbox 1039 3727 1221 3782; x_wconf 82' lang='lat' dir='ltr'><strong>vincet.</strong></span> <span class='ocrx_word' id='word_1_354' title='bbox 1265 3729 1524 3800; x_wconf 88' lang='lat' dir='ltr'><strong>illos,qui</strong></span> <span class='ocrx_word' id='word_1_355' title='bbox 1565 3735 1737 3789; x_wconf 89' lang='lat' dir='ltr'><strong>nostri</strong></span> <span class='ocrx_word' id='word_1_356' title='bbox 1769 3751 1935 3791; x_wconf 89' lang='lat' dir='ltr'><strong>causa</strong></span> <span class='ocrx_word' id='word_1_357' title='bbox 1975 3740 2065 3807; x_wconf 92' lang='lat' dir='ltr'><strong>ju-</strong></span> 
     </span>
    </p>
   </div>
   <div class='ocr_carea' id='block_1_52' title="bbox 469 3814 2065 3890">
    <p class='ocr_par' dir='ltr' id='par_1_52' title="bbox 469 3814 2065 3890">
     <span class='ocr_line' id='line_1_52' title="bbox 469 3814 2065 3890; baseline 0.012 -26"><span class='ocrx_word' id='word_1_358' title='bbox 469 3814 686 3883; x_wconf 78' lang='lat' dir='ltr'><strong>gulatus</strong></span> <span class='ocrx_word' id='word_1_359' title='bbox 707 3824 763 3870; x_wconf 86' lang='lat' dir='ltr'><strong>et</strong></span> <span class='ocrx_word' id='word_1_360' title='bbox 786 3815 1102 3873; x_wconf 81' lang='lat' dir='ltr'><strong>immolatus</strong></span> <span class='ocrx_word' id='word_1_361' title='bbox 1121 3829 1205 3874; x_wconf 91' lang='lat' dir='ltr'><strong>est</strong></span> <span class='ocrx_word' id='word_1_362' title='bbox 1223 3819 1410 3890; x_wconf 84' lang='lat' dir='ltr'><strong>Agnus</strong></span> <span class='ocrx_word' id='word_1_363' title='bbox 1439 3821 1550 3875; x_wconf 82' lang='lat' dir='ltr'><strong>Dei.</strong></span> <span class='ocrx_word' id='word_1_364' title='bbox 1572 3823 1690 3878; x_wconf 87' lang='lat' dir='ltr'><strong>Non</strong></span> <span class='ocrx_word' id='word_1_365' title='bbox 1707 3827 1852 3880; x_wconf 91' lang='lat' dir='ltr'><strong>enim</strong></span> <span class='ocrx_word' id='word_1_366' title='bbox 1877 3829 2065 3882; x_wconf 85' lang='lat' dir='ltr'><strong>adem-</strong></span> 
     </span>
    </p>
   </div>
   <div class='ocr_carea' id='block_1_53' title="bbox 467 3907 2064 3986">
    <p class='ocr_par' dir='ltr' id='par_1_53' title="bbox 467 3907 2064 3986">
     <span class='ocr_line' id='line_1_53' title="bbox 467 3907 2064 3986; baseline 0.013 -30"><span class='ocrx_word' id='word_1_367' title='bbox 467 3914 626 3974; x_wconf 70' lang='lat' dir='ltr'><strong>pfnm</strong></span> <span class='ocrx_word' id='word_1_368' title='bbox 659 3917 743 3962; x_wconf 87' lang='lat' dir='ltr'><strong>est</strong></span> <span class='ocrx_word' id='word_1_369' title='bbox 772 3907 849 3962; x_wconf 91' lang='lat' dir='ltr'><strong>illi</strong></span> <span class='ocrx_word' id='word_1_370' title='bbox 878 3923 1107 3980; x_wconf 86' lang='lat' dir='ltr'><strong>regnum</strong></span> <span class='ocrx_word' id='word_1_371' title='bbox 1141 3920 1195 3966; x_wconf 89' lang='lat' dir='ltr'><strong>et</strong></span> <span class='ocrx_word' id='word_1_372' title='bbox 1220 3913 1579 3984; x_wconf 87' lang='lat' dir='ltr'><strong>principatus,</strong></span> <span class='ocrx_word' id='word_1_373' title='bbox 1603 3932 1764 3986; x_wconf 88' lang='lat' dir='ltr'><strong>quem</strong></span> <span class='ocrx_word' id='word_1_374' title='bbox 1798 3919 1850 3973; x_wconf 92' lang='lat' dir='ltr'><strong>in</strong></span> <span class='ocrx_word' id='word_1_375' title='bbox 1873 3935 2064 3977; x_wconf 86' lang='lat' dir='ltr'><strong>omnes</strong></span> 
     </span>
    </p>
   </div>
   <div class='ocr_carea' id='block_1_54' title="bbox 468 3997 2065 4084">
    <p class='ocr_par' dir='ltr' id='par_1_54' title="bbox 468 3997 2065 4084">
     <span class='ocr_line' id='line_1_54' title="bbox 468 3997 2065 4084; baseline 0.014 -37"><span class='ocrx_word' id='word_1_376' title='bbox 468 3997 774 4065; x_wconf 85' lang='lat' dir='ltr'><strong>obtinebat,</strong></span> <span class='ocrx_word' id='word_1_377' title='bbox 836 4010 1195 4072; x_wconf 85' lang='lat' dir='ltr'><strong>posteaquam</strong></span> <span class='ocrx_word' id='word_1_378' title='bbox 1246 4003 1423 4062; x_wconf 84' lang='lat' dir='ltr'><strong>factus</strong></span> <span class='ocrx_word' id='word_1_379' title='bbox 1480 4018 1566 4063; x_wconf 88' lang='lat' dir='ltr'><strong>est</strong></span> <span class='ocrx_word' id='word_1_380' title='bbox 1623 4009 1828 4077; x_wconf 88' lang='lat' dir='ltr'><strong>homo;</strong></span> <span class='ocrx_word' id='word_1_381' title='bbox 1871 4027 2065 4084; x_wconf 86' lang='lat' dir='ltr'><strong>nempe</strong></span> 
     </span>
    </p>
   </div>
   <div class='ocr_carea' id='block_1_55' title="bbox 467 4092 2065 4176">
    <p class='ocr_par' dir='ltr' id='par_1_55' title="bbox 467 4092 2065 4176">
     <span class='ocr_line' id='line_1_55' title="bbox 467 4092 2065 4176; baseline 0.014 -36"><span class='ocrx_word' id='word_1_382' title='bbox 467 4104 581 4157; x_wconf 89' lang='lat' dir='ltr'><strong>quo</strong></span> <span class='ocrx_word' id='word_1_383' title='bbox 641 4092 848 4148; x_wconf 86' lang='lat' dir='ltr'><strong>electos</strong></span> <span class='ocrx_word' id='word_1_384' title='bbox 893 4108 1026 4150; x_wconf 84' lang='lat' dir='ltr'><strong>suos</strong></span> <span class='ocrx_word' id='word_1_385' title='bbox 1094 4096 1246 4166; x_wconf 84' lang='lat' dir='ltr'><strong>regni</strong></span> <span class='ocrx_word' id='word_1_386' title='bbox 1293 4099 1378 4152; x_wconf 88' lang='lat' dir='ltr'><strong>sui</strong></span> <span class='ocrx_word' id='word_1_387' title='bbox 1425 4102 1608 4157; x_wconf 78' lang='lat' dir='ltr'><strong>socios</strong></span> <span class='ocrx_word' id='word_1_388' title='bbox 1668 4112 2065 4176; x_wconf 74' lang='lat' dir='ltr'><strong>consortosque</strong></span> 
     </span>
    </p>
   </div>
   <div class='ocr_carea' id='block_1_56' title="bbox 472 4179 730 4236">
    <p class='ocr_par' dir='ltr' id='par_1_56' title="bbox 472 4179 730 4236">
     <span class='ocr_line' id='line_1_56' title="bbox 472 4179 730 4236; baseline 0 -2"><span class='ocrx_word' id='word_1_389' title='bbox 472 4179 730 4236; x_wconf 61' lang='lat' dir='ltr'><strong>alliceret.</strong></span> 
     </span>
    </p>
   </div>
   <div class='ocr_carea' id='block_1_57' title="bbox 535 4271 2062 4354">
    <p class='ocr_par' dir='ltr' id='par_1_57' title="bbox 535 4271 2062 4354">
     <span class='ocr_line' id='line_1_57' title="bbox 535 4271 2062 4354; baseline 0.01 -30"><span class='ocrx_word' id='word_1_390' title='bbox 535 4271 649 4342; x_wconf 77' lang='lat'><strong>80</strong></span> <span class='ocrx_word' id='word_1_391' title='bbox 679 4272 842 4341; x_wconf 82' lang='lat' dir='ltr'><strong>XVII,</strong></span> <span class='ocrx_word' id='word_1_392' title='bbox 873 4275 1062 4330; x_wconf 56' lang='lat'><strong>15-18.</strong></span> <span class='ocrx_word' id='word_1_393' title='bbox 1100 4275 1166 4330; x_wconf 88' lang='lat' dir='ltr'><strong>Et</strong></span> <span class='ocrx_word' id='word_1_394' title='bbox 1211 4279 1348 4332; x_wconf 78' lang='lat' dir='ltr'><strong>dixit</strong></span> <span class='ocrx_word' id='word_1_395' title='bbox 1382 4280 1512 4334; x_wconf 84' lang='lat' dir='ltr'><strong>mihi</strong></span> <span class='ocrx_word' id='word_1_396' title='bbox 1555 4297 1572 4332; x_wconf 91' lang='lat'><strong><em>:</em></strong></span> <span class='ocrx_word' id='word_1_397' title='bbox 1603 4283 1764 4352; x_wconf 75' lang='lat' dir='ltr'><strong>Aqua:</strong></span> <span class='ocrx_word' id='word_1_398' title='bbox 1805 4301 1936 4354; x_wconf 84' lang='lat' dir='ltr'><strong>quas</strong></span> <span class='ocrx_word' id='word_1_399' title='bbox 1989 4289 2062 4340; x_wconf 85' lang='lat' dir='ltr'><strong>ri-</strong></span> 
     </span>
    </p>
   </div>
   <div class='ocr_carea' id='block_1_58' title="bbox 465 4364 2061 4442">
    <p class='ocr_par' dir='ltr' id='par_1_58' title="bbox 465 4364 2061 4442">
     <span class='ocr_line' id='line_1_58' title="bbox 465 4364 2061 4442; baseline 0.009 -26"><span class='ocrx_word' id='word_1_400' title='bbox 465 4364 616 4429; x_wconf 85' lang='lat' dir='ltr'><strong>disti,</strong></span> <span class='ocrx_word' id='word_1_401' title='bbox 652 4366 740 4420; x_wconf 85' lang='lat' dir='ltr'><strong>ubi</strong></span> <span class='ocrx_word' id='word_1_402' title='bbox 773 4369 1022 4422; x_wconf 72' lang='lat' dir='ltr'><strong>meretrix</strong></span> <span class='ocrx_word' id='word_1_403' title='bbox 1053 4371 1215 4436; x_wconf 80' lang='lat' dir='ltr'><strong>sedet,</strong></span> <span class='ocrx_word' id='word_1_404' title='bbox 1259 4373 1442 4442; x_wconf 87' lang='lat' dir='ltr'><strong>populi</strong></span> <span class='ocrx_word' id='word_1_405' title='bbox 1497 4385 1643 4438; x_wconf 84' lang='lat' dir='ltr'><strong>sunt,</strong></span> <span class='ocrx_word' id='word_1_406' title='bbox 1673 4385 1724 4429; x_wconf 90' lang='lat' dir='ltr'><strong>et</strong></span> <span class='ocrx_word' id='word_1_407' title='bbox 1786 4380 1974 4441; x_wconf 76' lang='lat' dir='ltr'><strong>turbte.</strong></span> <span class='ocrx_word' id='word_1_408' title='bbox 2010 4389 2061 4433; x_wconf 90' lang='lat' dir='ltr'><strong>et</strong></span> 
     </span>
    </p>
   </div>
   <div class='ocr_carea' id='block_1_59' title="bbox 465 4459 2060 4538">
    <p class='ocr_par' dir='ltr' id='par_1_59' title="bbox 465 4459 2060 4538">
     <span class='ocr_line' id='line_1_59' title="bbox 465 4459 2060 4538; baseline 0.009 -28"><span class='ocrx_word' id='word_1_409' title='bbox 465 4467 664 4527; x_wconf 84' lang='lat' dir='ltr'><strong>gentes,</strong></span> <span class='ocrx_word' id='word_1_410' title='bbox 695 4468 743 4514; x_wconf 82' lang='lat' dir='ltr'><strong>et</strong></span> <span class='ocrx_word' id='word_1_411' title='bbox 786 4459 1001 4530; x_wconf 73' lang='lat' dir='ltr'><strong>lingute.</strong></span> <span class='ocrx_word' id='word_1_412' title='bbox 1045 4459 1109 4518; x_wconf 88' lang='lat' dir='ltr'><strong>Et</strong></span> <span class='ocrx_word' id='word_1_413' title='bbox 1139 4463 1317 4518; x_wconf 81' lang='lat' dir='ltr'><strong>decem</strong></span> <span class='ocrx_word' id='word_1_414' title='bbox 1380 4483 1580 4520; x_wconf 88' lang='lat' dir='ltr'><strong>cornua</strong></span> <span class='ocrx_word' id='word_1_415' title='bbox 1611 4485 1729 4538; x_wconf 77' lang='lat' dir='ltr'><strong>qua:</strong></span> <span class='ocrx_word' id='word_1_416' title='bbox 1761 4471 1940 4526; x_wconf 85' lang='lat' dir='ltr'><strong>vidisti</strong></span> <span class='ocrx_word' id='word_1_417' title='bbox 2009 4473 2060 4524; x_wconf 85' lang='lat' dir='ltr'><strong>in</strong></span> 
     </span>
    </p>
   </div>
   <div class='ocr_carea' id='block_1_60' title="bbox 2160 1989 2706 2061">
    <p class='ocr_par' dir='ltr' id='par_1_60' title="bbox 2160 1989 2706 2061">
     <span class='ocr_line' id='line_1_60' title="bbox 2160 1989 2706 2061; baseline -0.007 -17"><span class='ocrx_word' id='word_1_418' title='bbox 2160 1990 2313 2061; x_wconf 81' lang='grc' dir='ltr'><strong>μετὰ</strong></span> <span class='ocrx_word' id='word_1_419' title='bbox 2341 1989 2448 2043; x_wconf 88' lang='grc' dir='ltr'><strong>τοῦ</strong></span> <span class='ocrx_word' id='word_1_420' title='bbox 2476 1989 2706 2055; x_wconf 83' lang='grc' dir='ltr'><strong>θηρίου.</strong></span> 
     </span>
    </p>
   </div>
   <div class='ocr_carea' id='block_1_61' title="bbox 2236 2077 3780 2149">
    <p class='ocr_par' dir='ltr' id='par_1_61' title="bbox 2236 2077 3780 2149">
     <span class='ocr_line' id='line_1_61' title="bbox 2236 2077 3780 2149; baseline -0.003 -14"><span class='ocrx_word' id='word_1_421' title='bbox 2236 2084 2342 2136; x_wconf 73' lang='grc' dir='ltr'><strong>Καὶ</strong></span> <span class='ocrx_word' id='word_1_422' title='bbox 2375 2081 2445 2135; x_wconf 68' lang='grc' dir='ltr'><strong>τὰ</strong></span> <span class='ocrx_word' id='word_1_423' title='bbox 2491 2080 2638 2134; x_wconf 82' lang='grc' dir='ltr'><strong>δέκα</strong></span> <span class='ocrx_word' id='word_1_424' title='bbox 2679 2080 2738 2133; x_wconf 81' lang='grc' dir='ltr'><strong>δὲ</strong></span> <span class='ocrx_word' id='word_1_425' title='bbox 2787 2078 3010 2149; x_wconf 82' lang='grc' dir='ltr'><strong>κέρατα</strong></span> <span class='ocrx_word' id='word_1_426' title='bbox 3066 2079 3162 2131; x_wconf 73' lang='grc' dir='ltr'><strong>καὶ</strong></span> <span class='ocrx_word' id='word_1_427' title='bbox 3209 2077 3410 2147; x_wconf 81' lang='grc' dir='ltr'><strong>Δανιὴλ</strong></span> <span class='ocrx_word' id='word_1_428' title='bbox 3476 2077 3780 2146; x_wconf 72' lang='grc' dir='ltr'><strong>ἐθεώρησε</strong></span> 
     </span>
    </p>
   </div>
   <div class='ocr_carea' id='block_1_62' title="bbox 2167 2161 3782 2246">
    <p class='ocr_par' dir='ltr' id='par_1_62' title="bbox 2167 2161 3782 2246">
     <span class='ocr_line' id='line_1_62' title="bbox 2167 2161 3782 2246; baseline -0.003 -21"><span class='ocrx_word' id='word_1_429' title='bbox 2167 2172 2280 2246; x_wconf 80' lang='grc' dir='ltr'><strong>[τά]</strong></span> <span class='ocrx_word' id='word_1_430' title='bbox 2309 2171 2402 2226; x_wconf 81' lang='grc' dir='ltr'><strong>τοῦ</strong></span> <span class='ocrx_word' id='word_1_431' title='bbox 2450 2172 2818 2241; x_wconf 74' lang='grc' dir='ltr'><strong>’Δντιχρξστου</strong></span> <span class='ocrx_word' id='word_1_432' title='bbox 2848 2169 3258 2242; x_wconf 78' lang='grc' dir='ltr'><strong>προηγούμενα·</strong></span> <span class='ocrx_word' id='word_1_433' title='bbox 3293 2167 3351 2232; x_wconf 72' lang='grc' dir='ltr'>ἐξ</span> <span class='ocrx_word' id='word_1_434' title='bbox 3387 2161 3469 2219; x_wconf 84' lang='grc' dir='ltr'>ὧν</span> <span class='ocrx_word' id='word_1_435' title='bbox 3504 2169 3579 2219; x_wconf 75' lang='grc' dir='ltr'><strong>τά</strong></span> <span class='ocrx_word' id='word_1_436' title='bbox 3618 2167 3782 2238; x_wconf 77' lang='grc' dir='ltr'><strong>τρία,</strong></span> 
     </span>
    </p>
   </div>
   <div class='ocr_carea' id='block_1_63' title="bbox 2168 2259 3780 2338">
    <p class='ocr_par' dir='ltr' id='par_1_63' title="bbox 2168 2259 3780 2338">
     <span class='ocr_line' id='line_1_63' title="bbox 2168 2259 3780 2338; baseline -0.004 -21"><span class='ocrx_word' id='word_1_437' title='bbox 2168 2263 2409 2338; x_wconf 70' lang='grc' dir='ltr'><strong>[φησὶν,]</strong></span> <span class='ocrx_word' id='word_1_438' title='bbox 2446 2261 2706 2332; x_wconf 81' lang='grc' dir='ltr'><strong>ὲκριζῶν,</strong></span> <span class='ocrx_word' id='word_1_439' title='bbox 2734 2263 2863 2324; x_wconf 80' lang='grc' dir='ltr'><strong>τοὺς</strong></span> <span class='ocrx_word' id='word_1_440' title='bbox 2893 2261 3118 2323; x_wconf 77' lang='grc' dir='ltr'><strong>λοιποὺς</strong></span> <span class='ocrx_word' id='word_1_441' title='bbox 3150 2259 3408 2324; x_wconf 76' lang='grc' dir='ltr'><strong>ὑποτάξει</strong></span> <span class='ocrx_word' id='word_1_442' title='bbox 3441 2259 3474 2311; x_wconf 84' lang='grc' dir='ltr'>ὁ</span> <span class='ocrx_word' id='word_1_443' title='bbox 3518 2259 3780 2328; x_wconf 84' lang='grc' dir='ltr'><strong>κατάρα-</strong></span> 
     </span>
    </p>
   </div>
   <div class='ocr_carea' id='block_1_64' title="bbox 2167 2351 3775 2423">
    <p class='ocr_par' dir='ltr' id='par_1_64' title="bbox 2167 2351 3775 2423">
     <span class='ocr_line' id='line_1_64' title="bbox 2167 2351 3775 2423; baseline -0.005 -11"><span class='ocrx_word' id='word_1_444' title='bbox 2167 2353 2298 2422; x_wconf 50' lang='grc' dir='ltr'><strong>τος(</strong></span> <span class='ocrx_word' id='word_1_445' title='bbox 2319 2358 2477 2410; x_wconf 75' lang='grc' dir='ltr'><strong>Μίαν</strong></span> <span class='ocrx_word' id='word_1_446' title='bbox 2507 2357 2565 2409; x_wconf 80' lang='grc' dir='ltr'><strong>δὲ</strong></span> <span class='ocrx_word' id='word_1_447' title='bbox 2614 2354 2774 2423; x_wconf 70' lang='grc' dir='ltr'><strong>ὅφαν</strong></span> <span class='ocrx_word' id='word_1_448' title='bbox 2805 2355 2838 2423; x_wconf 85' lang='grc' dir='ltr'>ἦ</span> <span class='ocrx_word' id='word_1_449' title='bbox 2877 2354 2937 2406; x_wconf 79' lang='grc' dir='ltr'><strong>τὸ</strong></span> <span class='ocrx_word' id='word_1_450' title='bbox 2973 2353 3148 2423; x_wconf 75' lang='grc' dir='ltr'><strong>βραχὺ</strong></span> <span class='ocrx_word' id='word_1_451' title='bbox 3179 2352 3273 2404; x_wconf 77' lang='grc' dir='ltr'><strong>τοῦ</strong></span> <span class='ocrx_word' id='word_1_452' title='bbox 3301 2352 3508 2421; x_wconf 77' lang='grc' dir='ltr'><strong>χρόνου</strong></span> <span class='ocrx_word' id='word_1_453' title='bbox 3574 2351 3775 2420; x_wconf 72' lang='grc' dir='ltr'><strong>φησὶν,</strong></span> 
     </span>
    </p>
   </div>
   <div class='ocr_carea' id='block_1_65' title="bbox 2167 2442 3774 2523">
    <p class='ocr_par' dir='ltr' id='par_1_65' title="bbox 2167 2442 3774 2523">
     <span class='ocr_line' id='line_1_65' title="bbox 2167 2442 3774 2523; baseline -0.004 -20"><span class='ocrx_word' id='word_1_454' title='bbox 2167 2453 2200 2523; x_wconf 83' lang='grc' dir='ltr'>ἢ</span> <span class='ocrx_word' id='word_1_455' title='bbox 2232 2451 2331 2521; x_wconf 83' lang='grc' dir='ltr'><strong>τὴν</strong></span> <span class='ocrx_word' id='word_1_456' title='bbox 2363 2450 2492 2520; x_wconf 77' lang='grc' dir='ltr'><strong>μίαν</strong></span> <span class='ocrx_word' id='word_1_457' title='bbox 2521 2447 2614 2500; x_wconf 76' lang='grc' dir='ltr'><strong>τοῦ</strong></span> <span class='ocrx_word' id='word_1_458' title='bbox 2633 2446 2879 2502; x_wconf 76' lang='grc' dir='ltr'><strong>ἐνιαυτοῦ</strong></span> <span class='ocrx_word' id='word_1_459' title='bbox 2901 2446 3072 2516; x_wconf 76' lang='grc' dir='ltr'><strong>ὥραν,</strong></span> <span class='ocrx_word' id='word_1_460' title='bbox 3095 2446 3262 2514; x_wconf 75' lang='grc' dir='ltr'><strong>ἦγουν</strong></span> <span class='ocrx_word' id='word_1_461' title='bbox 3281 2444 3523 2515; x_wconf 81' lang='grc' dir='ltr'><strong>τροπὴν,</strong></span> <span class='ocrx_word' id='word_1_462' title='bbox 3563 2442 3774 2512; x_wconf 77' lang='grc' dir='ltr'><strong>δηλαδὴ</strong></span> 
     </span>
    </p>
   </div>
   <div class='ocr_carea' id='block_1_66' title="bbox 2166 2534 3775 2612">
    <p class='ocr_par' dir='ltr' id='par_1_66' title="bbox 2166 2534 3775 2612">
     <span class='ocr_line' id='line_1_66' title="bbox 2166 2534 3775 2612; baseline -0.004 -19"><span class='ocrx_word' id='word_1_463' title='bbox 2166 2541 2431 2612; x_wconf 83' lang='grc' dir='ltr'><strong>τρίμηνον</strong></span> <span class='ocrx_word' id='word_1_464' title='bbox 2462 2553 2478 2570; x_wconf 84' lang='grc'>⁶</span> <span class='ocrx_word' id='word_1_465' title='bbox 2515 2538 2635 2610; x_wconf 77' lang='grc' dir='ltr'><strong>μεθ’</strong></span> <span class='ocrx_word' id='word_1_466' title='bbox 2667 2539 2736 2609; x_wconf 79' lang='grc' dir='ltr'><strong>ἢν</strong></span> <span class='ocrx_word' id='word_1_467' title='bbox 2781 2537 2861 2608; x_wconf 82' lang='grc' dir='ltr'><strong>τῷ</strong></span> <span class='ocrx_word' id='word_1_468' title='bbox 2912 2537 3268 2606; x_wconf 79' lang='grc' dir='ltr'><strong>’Λντιχρίστῳ</strong></span> <span class='ocrx_word' id='word_1_469' title='bbox 3315 2534 3391 2596; x_wconf 88' lang='grc' dir='ltr'><strong>ὼς</strong></span> <span class='ocrx_word' id='word_1_470' title='bbox 3423 2534 3775 2606; x_wconf 80' lang='grc' dir='ltr'><strong>ὑπερέχοντι</strong></span> 
     </span>
    </p>
   </div>
   <div class='ocr_carea' id='block_1_67' title="bbox 2169 2635 2632 2703">
    <p class='ocr_par' dir='ltr' id='par_1_67' title="bbox 2169 2635 2632 2703">
     <span class='ocr_line' id='line_1_67' title="bbox 2169 2635 2632 2703; baseline -0.002 -16"><span class='ocrx_word' id='word_1_471' title='bbox 2169 2636 2198 2687; x_wconf 90' lang='grc' dir='ltr'><strong>ύ</strong></span> <span class='ocrx_word' id='word_1_472' title='bbox 2209 2635 2419 2703; x_wconf 86' lang='grc' dir='ltr'><strong>ποταγή</strong></span> <span class='ocrx_word' id='word_1_473' title='bbox 2428 2649 2632 2686; x_wconf 87' lang='grc' dir='ltr'><strong>σονται.</strong></span> 
     </span>
    </p>
   </div>
   <div class='ocr_carea' id='block_1_68' title="bbox 2242 2808 3768 2882">
    <p class='ocr_par' dir='ltr' id='par_1_68' title="bbox 2242 2808 3768 2882">
     <span class='ocr_line' id='line_1_68' title="bbox 2242 2808 3768 2882; baseline -0.006 -13"><span class='ocrx_word' id='word_1_474' title='bbox 2242 2809 2420 2871; x_wconf 83' lang='grc' dir='ltr'><strong>Οὗτοι</strong></span> <span class='ocrx_word' id='word_1_475' title='bbox 2469 2812 2618 2882; x_wconf 68' lang='grc' dir='ltr'><strong>,αἶαν</strong></span> <span class='ocrx_word' id='word_1_476' title='bbox 2647 2812 2861 2882; x_wconf 77' lang='grc' dir='ltr'><strong>ἔχουσι</strong></span> <span class='ocrx_word' id='word_1_477' title='bbox 2892 2812 3139 2880; x_wconf 75' lang='grc' dir='ltr'><strong>γνώμην</strong></span> <span class='ocrx_word' id='word_1_478' title='bbox 3161 2827 3174 2841; x_wconf 89' lang='grc'><strong>·</strong></span> <span class='ocrx_word' id='word_1_479' title='bbox 3214 2811 3314 2864; x_wconf 75' lang='grc' dir='ltr'><strong>καὶ</strong></span> <span class='ocrx_word' id='word_1_480' title='bbox 3348 2809 3468 2877; x_wconf 76' lang='grc' dir='ltr'><strong>τὴν</strong></span> <span class='ocrx_word' id='word_1_481' title='bbox 3497 2808 3768 2877; x_wconf 78' lang='grc' dir='ltr'><strong>δύναμιν</strong></span> 
     </span>
    </p>
   </div>
   <div class='ocr_carea' id='block_1_69' title="bbox 2168 2899 3763 2976">
    <p class='ocr_par' dir='ltr' id='par_1_69' title="bbox 2168 2899 3763 2976">
     <span class='ocr_line' id='line_1_69' title="bbox 2168 2899 3763 2976; baseline -0.006 -15"><span class='ocrx_word' id='word_1_482' title='bbox 2168 2907 2267 2961; x_wconf 77' lang='grc' dir='ltr'><strong>καὶ</strong></span> <span class='ocrx_word' id='word_1_483' title='bbox 2323 2908 2438 2976; x_wconf 81' lang='grc' dir='ltr'><strong>τὴν</strong></span> <span class='ocrx_word' id='word_1_484' title='bbox 2489 2905 2784 2970; x_wconf 80' lang='grc' dir='ltr'><strong>ἐξουσίαν</strong></span> <span class='ocrx_word' id='word_1_485' title='bbox 2836 2902 3036 2959; x_wconf 81' lang='grc' dir='ltr'><strong>αὐτῶν</strong></span> <span class='ocrx_word' id='word_1_486' title='bbox 3087 2900 3168 2968; x_wconf 85' lang='grc' dir='ltr'><strong>τῷ</strong></span> <span class='ocrx_word' id='word_1_487' title='bbox 3201 2901 3384 2969; x_wconf 83' lang='grc' dir='ltr'><strong>θηρίῳ</strong></span> <span class='ocrx_word' id='word_1_488' title='bbox 3430 2899 3763 2954; x_wconf 71' lang='grc' dir='ltr'><strong>διδόασιν·</strong></span> 
     </span>
    </p>
   </div>
   <div class='ocr_carea' id='block_1_70' title="bbox 2166 2990 3760 3066">
    <p class='ocr_par' dir='ltr' id='par_1_70' title="bbox 2166 2990 3760 3066">
     <span class='ocr_line' id='line_1_70' title="bbox 2166 2990 3760 3066; baseline -0.006 -13"><span class='ocrx_word' id='word_1_489' title='bbox 2166 2993 2334 3053; x_wconf 76' lang='grc' dir='ltr'><strong>οὗτοι</strong></span> <span class='ocrx_word' id='word_1_490' title='bbox 2365 2997 2518 3066; x_wconf 82' lang='grc' dir='ltr'><strong>μετὰ</strong></span> <span class='ocrx_word' id='word_1_491' title='bbox 2559 2995 2666 3050; x_wconf 87' lang='grc' dir='ltr'><strong>τοῦ</strong></span> <span class='ocrx_word' id='word_1_492' title='bbox 2725 2995 2964 3062; x_wconf 72' lang='grc' dir='ltr'><strong>Ἀρνίου</strong></span> <span class='ocrx_word' id='word_1_493' title='bbox 3013 2992 3442 3061; x_wconf 71' lang='grc' dir='ltr'><strong>πολεμήσουσι</strong></span> <span class='ocrx_word' id='word_1_494' title='bbox 3481 3007 3498 3021; x_wconf 77' lang='grc' dir='ltr'><strong>ο</strong></span> <span class='ocrx_word' id='word_1_495' title='bbox 3538 2990 3639 3044; x_wconf 80' lang='grc' dir='ltr'><strong>καὶ</strong></span> <span class='ocrx_word' id='word_1_496' title='bbox 3687 2991 3760 3044; x_wconf 84' lang='grc' dir='ltr'><strong>τὸ</strong></span> 
     </span>
    </p>
   </div>
   <div class='ocr_carea' id='block_1_71' title="bbox 2181 3082 3776 3157">
    <p class='ocr_par' dir='ltr' id='par_1_71' title="bbox 2181 3082 3776 3157">
     <span class='ocr_line' id='line_1_71' title="bbox 2181 3082 3776 3157; baseline -0.008 -12"><span class='ocrx_word' id='word_1_497' title='bbox 2181 3090 2420 3157; x_wconf 83' lang='grc' dir='ltr'><strong>Ἀρνιόν</strong></span> <span class='ocrx_word' id='word_1_498' title='bbox 2467 3086 2707 3154; x_wconf 76' lang='grc' dir='ltr'><strong>νικήσει</strong></span> <span class='ocrx_word' id='word_1_499' title='bbox 2775 3086 2997 3150; x_wconf 85' lang='grc' dir='ltr'><strong>αὐτούς</strong></span> <span class='ocrx_word' id='word_1_500' title='bbox 3030 3099 3043 3114; x_wconf 85' lang='grc'><em>’</em></span> <span class='ocrx_word' id='word_1_501' title='bbox 3095 3083 3185 3137; x_wconf 87' lang='grc' dir='ltr'><strong>ὅτι</strong></span> <span class='ocrx_word' id='word_1_502' title='bbox 3245 3083 3468 3150; x_wconf 83' lang='grc' dir='ltr'><strong>Κύριος</strong></span> <span class='ocrx_word' id='word_1_503' title='bbox 3533 3082 3776 3149; x_wconf 78' lang='grc' dir='ltr'><strong>κυρίων-</strong></span> 
     </span>
    </p>
   </div>
   <div class='ocr_carea' id='block_1_72' title="bbox 2167 3172 3758 3245">
    <p class='ocr_par' dir='ltr' id='par_1_72' title="bbox 2167 3172 3758 3245">
     <span class='ocr_line' id='line_1_72' title="bbox 2167 3172 3758 3245; baseline -0.004 -12"><span class='ocrx_word' id='word_1_504' title='bbox 2167 3180 2322 3245; x_wconf 82' lang='grc' dir='ltr'><strong>ἐστὶ,</strong></span> <span class='ocrx_word' id='word_1_505' title='bbox 2344 3179 2442 3232; x_wconf 79' lang='grc' dir='ltr'><strong>καὶ</strong></span> <span class='ocrx_word' id='word_1_506' title='bbox 2468 3176 3089 3242; x_wconf 78' lang='grc' dir='ltr'><strong>Βασιλεὺςβασιλέων</strong></span> <span class='ocrx_word' id='word_1_507' title='bbox 3125 3191 3140 3206; x_wconf 78' lang='grc' dir='ltr'><strong><em>ο</em></strong></span> <span class='ocrx_word' id='word_1_508' title='bbox 3179 3173 3275 3227; x_wconf 76' lang='grc' dir='ltr'><strong>καὶ</strong></span> <span class='ocrx_word' id='word_1_509' title='bbox 3300 3176 3353 3226; x_wconf 90' lang='lat' dir='ltr'><strong>ol</strong></span> <span class='ocrx_word' id='word_1_510' title='bbox 3377 3173 3514 3242; x_wconf 81' lang='grc' dir='ltr'><strong>μετ’</strong></span> <span class='ocrx_word' id='word_1_511' title='bbox 3541 3172 3758 3236; x_wconf 81' lang='grc' dir='ltr'><strong>αὐτοῦ,</strong></span> 
     </span>
    </p>
   </div>
   <div class='ocr_carea' id='block_1_73' title="bbox 2169 3267 3260 3340">
    <p class='ocr_par' dir='ltr' id='par_1_73' title="bbox 2169 3267 3260 3340">
     <span class='ocr_line' id='line_1_73' title="bbox 2169 3267 3260 3340; baseline -0.005 -13"><span class='ocrx_word' id='word_1_512' title='bbox 2169 3271 2401 3340; x_wconf 75' lang='grc' dir='ltr'><strong>κλητοὶ,</strong></span> <span class='ocrx_word' id='word_1_513' title='bbox 2431 3272 2527 3324; x_wconf 79' lang='grc' dir='ltr'><strong>καὶ</strong></span> <span class='ocrx_word' id='word_1_514' title='bbox 2567 3269 2862 3332; x_wconf 74' lang='grc' dir='ltr'><strong>ἐκλεκτοὶ,</strong></span> <span class='ocrx_word' id='word_1_515' title='bbox 2899 3267 2998 3322; x_wconf 75' lang='grc' dir='ltr'><strong>καὶ</strong></span> <span class='ocrx_word' id='word_1_516' title='bbox 3031 3267 3260 3321; x_wconf 79' lang='grc' dir='ltr'><strong>πιστοί.</strong></span> 
     </span>
    </p>
   </div>
   <div class='ocr_carea' id='block_1_74' title="bbox 2241 3354 3760 3430">
    <p class='ocr_par' dir='ltr' id='par_1_74' title="bbox 2241 3354 3760 3430">
     <span class='ocr_line' id='line_1_74' title="bbox 2241 3354 3760 3430; baseline -0.008 -13"><span class='ocrx_word' id='word_1_517' title='bbox 2241 3359 2416 3417; x_wconf 83' lang='grc' dir='ltr'><strong>Οὗτοι</strong></span> <span class='ocrx_word' id='word_1_518' title='bbox 2444 3362 2592 3430; x_wconf 77' lang='grc' dir='ltr'><strong>μίαν</strong></span> <span class='ocrx_word' id='word_1_519' title='bbox 2649 3359 2892 3428; x_wconf 65' lang='grc' dir='ltr'><strong>⁸γνώμην</strong></span> <span class='ocrx_word' id='word_1_520' title='bbox 2941 3359 3214 3427; x_wconf 76' lang='grc' dir='ltr'><strong>ἔχουσιν.</strong></span> <span class='ocrx_word' id='word_1_521' title='bbox 3252 3358 3495 3423; x_wconf 69' lang='grc' dir='ltr'><strong>Εἰκότως</strong></span> <span class='ocrx_word' id='word_1_522' title='bbox 3527 3375 3542 3388; x_wconf 88' lang='grc'><strong>·</strong></span> <span class='ocrx_word' id='word_1_523' title='bbox 3583 3354 3760 3418; x_wconf 71' lang='grc' dir='ltr'><strong>οὐδεὶς</strong></span> 
     </span>
    </p>
   </div>
   <div class='ocr_carea' id='block_1_75' title="bbox 2167 3449 3758 3524">
    <p class='ocr_par' dir='ltr' id='par_1_75' title="bbox 2167 3449 3758 3524">
     <span class='ocr_line' id='line_1_75' title="bbox 2167 3449 3758 3524; baseline -0.004 -17"><span class='ocrx_word' id='word_1_524' title='bbox 2167 3454 2275 3524; x_wconf 84' lang='grc' dir='ltr'><strong>γὰρ</strong></span> <span class='ocrx_word' id='word_1_525' title='bbox 2302 3453 2423 3507; x_wconf 74' lang='grc' dir='ltr'><strong>δυσὶ</strong></span> <span class='ocrx_word' id='word_1_526' title='bbox 2470 3453 2679 3522; x_wconf 77' lang='grc' dir='ltr'><strong>κυρίοις</strong></span> <span class='ocrx_word' id='word_1_527' title='bbox 2711 3449 2996 3503; x_wconf 83' lang='grc' dir='ltr'><strong>δουλεῦσαι</strong></span> <span class='ocrx_word' id='word_1_528' title='bbox 3039 3449 3282 3503; x_wconf 88' lang='grc' dir='ltr'><strong>δύναται.</strong></span> <span class='ocrx_word' id='word_1_529' title='bbox 3318 3451 3410 3503; x_wconf 84' lang='grc' dir='ltr'><strong>Διὸ</strong></span> <span class='ocrx_word' id='word_1_530' title='bbox 3439 3451 3493 3503; x_wconf 90' lang='grc' dir='ltr'><strong>οἱ</strong></span> <span class='ocrx_word' id='word_1_531' title='bbox 3530 3449 3632 3518; x_wconf 75' lang='grc' dir='ltr'><strong>τὴν</strong></span> <span class='ocrx_word' id='word_1_532' title='bbox 3662 3466 3758 3501; x_wconf 74' lang='grc' dir='ltr'><strong>κα·-</strong></span> 
     </span>
    </p>
   </div>
   <div class='ocr_carea' id='block_1_76' title="bbox 2167 3543 3757 3618">
    <p class='ocr_par' dir='ltr' id='par_1_76' title="bbox 2167 3543 3757 3618">
     <span class='ocr_line' id='line_1_76' title="bbox 2167 3543 3757 3618; baseline -0.004 -18"><span class='ocrx_word' id='word_1_533' title='bbox 2167 3548 2268 3618; x_wconf 82' lang='grc' dir='ltr'><strong>κὴν</strong></span> <span class='ocrx_word' id='word_1_534' title='bbox 2298 3547 2654 3616; x_wconf 79' lang='grc' dir='ltr'><strong>ὁμονοοῦντες</strong></span> <span class='ocrx_word' id='word_1_535' title='bbox 2681 3544 2964 3615; x_wconf 85' lang='grc' dir='ltr'><strong>ὁμόνοιαν,</strong></span> <span class='ocrx_word' id='word_1_536' title='bbox 3000 3544 3096 3596; x_wconf 74' lang='grc' dir='ltr'><strong>καὶ</strong></span> <span class='ocrx_word' id='word_1_537' title='bbox 3122 3543 3198 3614; x_wconf 82' lang='grc' dir='ltr'><strong>τῷ</strong></span> <span class='ocrx_word' id='word_1_538' title='bbox 3232 3543 3599 3614; x_wconf 78' lang='grc' dir='ltr'><strong>Ἀντιχρίστῳ</strong></span> <span class='ocrx_word' id='word_1_539' title='bbox 3629 3559 3757 3594; x_wconf 81' lang='grc' dir='ltr'><strong>συν-</strong></span> 
     </span>
    </p>
   </div>
   <div class='ocr_carea' id='block_1_77' title="bbox 2165 3633 3754 3708">
    <p class='ocr_par' dir='ltr' id='par_1_77' title="bbox 2165 3633 3754 3708">
     <span class='ocr_line' id='line_1_77' title="bbox 2165 3633 3754 3708; baseline -0.004 -16"><span class='ocrx_word' id='word_1_540' title='bbox 2165 3637 2510 3706; x_wconf 83' lang='grc' dir='ltr'><strong>τασσόμενοι,</strong></span> <span class='ocrx_word' id='word_1_541' title='bbox 2552 3633 2695 3708; x_wconf 74' lang='grc' dir='ltr'><strong>[καὶ]</strong></span> <span class='ocrx_word' id='word_1_542' title='bbox 2731 3634 2809 3704; x_wconf 80' lang='grc' dir='ltr'><strong>τῷ</strong></span> <span class='ocrx_word' id='word_1_543' title='bbox 2856 3633 3144 3706; x_wconf 79' lang='grc' dir='ltr'><strong>[ἀληθινῷ]</strong></span> <span class='ocrx_word' id='word_1_544' title='bbox 3177 3633 3398 3705; x_wconf 83' lang='grc' dir='ltr'><strong>Χριστῷ</strong></span> <span class='ocrx_word' id='word_1_545' title='bbox 3431 3633 3754 3698; x_wconf 80' lang='grc' dir='ltr'><strong>ἀντιτάξον-</strong></span> 
     </span>
    </p>
   </div>
   <div class='ocr_carea' id='block_1_78' title="bbox 2166 3725 3754 3797">
    <p class='ocr_par' dir='ltr' id='par_1_78' title="bbox 2166 3725 3754 3797">
     <span class='ocr_line' id='line_1_78' title="bbox 2166 3725 3754 3797; baseline -0.002 -17"><span class='ocrx_word' id='word_1_546' title='bbox 2166 3745 2276 3782; x_wconf 86' lang='grc' dir='ltr'><strong>ται.</strong></span> <span class='ocrx_word' id='word_1_547' title='bbox 2323 3727 2482 3780; x_wconf 61' lang='grc' dir='ltr'><strong>Ἀλλὰ</strong></span> <span class='ocrx_word' id='word_1_548' title='bbox 2533 3727 2745 3796; x_wconf 85' lang='grc' dir='ltr'><strong>νικήσει</strong></span> <span class='ocrx_word' id='word_1_549' title='bbox 2778 3727 2978 3790; x_wconf 79' lang='grc' dir='ltr'><strong>αὐτοὺς</strong></span> <span class='ocrx_word' id='word_1_550' title='bbox 3025 3729 3053 3779; x_wconf 78' lang='grc' dir='ltr'><strong><em>ὁ</em></strong></span> <span class='ocrx_word' id='word_1_551' title='bbox 3075 3725 3143 3779; x_wconf 84' lang='grc' dir='ltr'><strong>δι’</strong></span> <span class='ocrx_word' id='word_1_552' title='bbox 3177 3727 3324 3797; x_wconf 81' lang='grc' dir='ltr'><strong>ἡμᾶς</strong></span> <span class='ocrx_word' id='word_1_553' title='bbox 3359 3725 3754 3796; x_wconf 77' lang='grc' dir='ltr'><strong>σφαγιασθεὶς,</strong></span> 
     </span>
    </p>
   </div>
   <div class='ocr_carea' id='block_1_79' title="bbox 2165 3818 3754 3892">
    <p class='ocr_par' dir='ltr' id='par_1_79' title="bbox 2165 3818 3754 3892">
     <span class='ocr_line' id='line_1_79' title="bbox 2165 3818 3754 3892; baseline -0.003 -18"><span class='ocrx_word' id='word_1_554' title='bbox 2165 3824 2194 3874; x_wconf 85' lang='grc' dir='ltr'><strong>ὁ</strong></span> <span class='ocrx_word' id='word_1_555' title='bbox 2236 3823 2289 3874; x_wconf 81' lang='grc' dir='ltr'><strong>Ἀ</strong></span> <span class='ocrx_word' id='word_1_556' title='bbox 2301 3821 2430 3891; x_wconf 81' lang='grc' dir='ltr'><strong>μνδς</strong></span> <span class='ocrx_word' id='word_1_557' title='bbox 2451 3820 2542 3874; x_wconf 82' lang='grc' dir='ltr'><strong>τοῦ</strong></span> <span class='ocrx_word' id='word_1_558' title='bbox 2571 3820 2708 3873; x_wconf 81' lang='grc' dir='ltr'><strong>Θεοῦ</strong></span> <span class='ocrx_word' id='word_1_559' title='bbox 2745 3837 2760 3852; x_wconf 88' lang='grc'><strong>·</strong></span> <span class='ocrx_word' id='word_1_560' title='bbox 2786 3820 2846 3872; x_wconf 86' lang='grc' dir='ltr'><strong>οὐ</strong></span> <span class='ocrx_word' id='word_1_561' title='bbox 2871 3821 2980 3892; x_wconf 71' lang='grc' dir='ltr'><strong>γὰρ</strong></span> <span class='ocrx_word' id='word_1_562' title='bbox 3007 3818 3286 3890; x_wconf 79' lang='grc' dir='ltr'><strong>ἀφῄρηται</strong></span> <span class='ocrx_word' id='word_1_563' title='bbox 3301 3820 3404 3889; x_wconf 78' lang='grc' dir='ltr'><strong>τὴν</strong></span> <span class='ocrx_word' id='word_1_564' title='bbox 3436 3821 3582 3874; x_wconf 73' lang='grc' dir='ltr'><strong>κατὰ</strong></span> <span class='ocrx_word' id='word_1_565' title='bbox 3615 3819 3754 3870; x_wconf 86' lang='grc' dir='ltr'><strong>πάν-</strong></span> 
     </span>
    </p>
   </div>
   <div class='ocr_carea' id='block_1_80' title="bbox 2165 3909 3752 3984">
    <p class='ocr_par' dir='ltr' id='par_1_80' title="bbox 2165 3909 3752 3984">
     <span class='ocr_line' id='line_1_80' title="bbox 2165 3909 3752 3984; baseline -0.003 -17"><span class='ocrx_word' id='word_1_566' title='bbox 2165 3932 2274 3968; x_wconf 86' lang='grc' dir='ltr'><strong>των</strong></span> <span class='ocrx_word' id='word_1_567' title='bbox 2307 3913 2583 3984; x_wconf 78' lang='grc' dir='ltr'><strong>βασιλείαν</strong></span> <span class='ocrx_word' id='word_1_568' title='bbox 2614 3913 2707 3965; x_wconf 71' lang='grc' dir='ltr'><strong>καὶ</strong></span> <span class='ocrx_word' id='word_1_569' title='bbox 2732 3912 3027 3982; x_wconf 80' lang='grc' dir='ltr'><strong>κυριότητα</strong></span> <span class='ocrx_word' id='word_1_570' title='bbox 3056 3909 3134 3977; x_wconf 80' lang='grc' dir='ltr'><strong>τῷ</strong></span> <span class='ocrx_word' id='word_1_571' title='bbox 3168 3911 3508 3981; x_wconf 84' lang='grc' dir='ltr'><strong>γεγενῆσθαι</strong></span> <span class='ocrx_word' id='word_1_572' title='bbox 3528 3911 3752 3982; x_wconf 77' lang='grc' dir='ltr'><strong>ἄνθρω-</strong></span> 
     </span>
    </p>
   </div>
   <div class='ocr_carea' id='block_1_81' title="bbox 2167 3998 3750 4074">
    <p class='ocr_par' dir='ltr' id='par_1_81' title="bbox 2167 3998 3750 4074">
     <span class='ocr_line' id='line_1_81' title="bbox 2167 3998 3750 4074; baseline -0.006 -14"><span class='ocrx_word' id='word_1_573' title='bbox 2167 4023 2288 4071; x_wconf 79' lang='grc' dir='ltr'><strong>πος,</strong></span> <span class='ocrx_word' id='word_1_574' title='bbox 2329 4007 2415 4059; x_wconf 80' lang='grc' dir='ltr'><strong>ἵνα</strong></span> <span class='ocrx_word' id='word_1_575' title='bbox 2444 4005 2539 4058; x_wconf 73' lang='grc' dir='ltr'><strong>καὶ</strong></span> <span class='ocrx_word' id='word_1_576' title='bbox 2575 4004 2704 4066; x_wconf 76' lang='grc' dir='ltr'><strong>τοὺς</strong></span> <span class='ocrx_word' id='word_1_577' title='bbox 2757 4003 3046 4066; x_wconf 78' lang='grc' dir='ltr'><strong>ἐκλεκτοὺς</strong></span> <span class='ocrx_word' id='word_1_578' title='bbox 3086 4001 3380 4066; x_wconf 83' lang='grc' dir='ltr'><strong>κοινωνοὺς</strong></span> <span class='ocrx_word' id='word_1_579' title='bbox 3426 4003 3534 4074; x_wconf 83' lang='grc' dir='ltr'><strong>τῆς</strong></span> <span class='ocrx_word' id='word_1_580' title='bbox 3583 3998 3750 4055; x_wconf 81' lang='grc' dir='ltr'><strong>αὐτοῦ</strong></span> 
     </span>
    </p>
   </div>
   <div class='ocr_carea' id='block_1_82' title="bbox 2169 4099 2782 4170">
    <p class='ocr_par' dir='ltr' id='par_1_82' title="bbox 2169 4099 2782 4170">
     <span class='ocr_line' id='line_1_82' title="bbox 2169 4099 2782 4170; baseline -0.003 -18"><span class='ocrx_word' id='word_1_581' title='bbox 2169 4099 2449 4170; x_wconf 81' lang='grc' dir='ltr'><strong>βασιλείας</strong></span> <span class='ocrx_word' id='word_1_582' title='bbox 2487 4100 2782 4168; x_wconf 78' lang='grc' dir='ltr'><strong>κτήσηται.</strong></span> 
     </span>
    </p>
   </div>
   <div class='ocr_carea' id='block_1_83' title="bbox 2241 4269 3748 4347">
    <p class='ocr_par' dir='ltr' id='par_1_83' title="bbox 2241 4269 3748 4347">
     <span class='ocr_line' id='line_1_83' title="bbox 2241 4269 3748 4347; baseline -0.007 -14"><span class='ocrx_word' id='word_1_583' title='bbox 2241 4279 2347 4334; x_wconf 82' lang='lat' dir='ltr'><strong>Kal</strong></span> <span class='ocrx_word' id='word_1_584' title='bbox 2375 4277 2539 4347; x_wconf 70' lang='grc' dir='ltr'><strong>λέγει</strong></span> <span class='ocrx_word' id='word_1_585' title='bbox 2556 4292 2657 4346; x_wconf 88' lang='grc' dir='ltr'><strong>μοι</strong></span> <span class='ocrx_word' id='word_1_586' title='bbox 2685 4289 2700 4305; x_wconf 85' lang='lat'><strong>&#39;</strong></span> <span class='ocrx_word' id='word_1_587' title='bbox 2731 4277 2805 4330; x_wconf 85' lang='grc' dir='ltr'><em>Τὰ</em></span> <span class='ocrx_word' id='word_1_588' title='bbox 2844 4274 3034 4330; x_wconf 82' lang='grc' dir='ltr'><strong>ὕδατα</strong></span> <span class='ocrx_word' id='word_1_589' title='bbox 3071 4273 3109 4329; x_wconf 76' lang='grc' dir='ltr'><em>ἃ</em></span> <span class='ocrx_word' id='word_1_590' title='bbox 3138 4274 3316 4340; x_wconf 69' lang='grc' dir='ltr'><strong>εἶδες.</strong></span> <span class='ocrx_word' id='word_1_591' title='bbox 3353 4269 3426 4330; x_wconf 85' lang='grc' dir='ltr'><strong>οὗ</strong></span> <span class='ocrx_word' id='word_1_592' title='bbox 3462 4274 3502 4340; x_wconf 79' lang='grc' dir='ltr'><strong>ή</strong></span> <span class='ocrx_word' id='word_1_593' title='bbox 3557 4273 3748 4340; x_wconf 79' lang='grc' dir='ltr'><strong>πόρνη</strong></span> 
     </span>
    </p>
   </div>
   <div class='ocr_carea' id='block_1_84' title="bbox 2167 4363 3748 4436">
    <p class='ocr_par' dir='ltr' id='par_1_84' title="bbox 2167 4363 3748 4436">
     <span class='ocr_line' id='line_1_84' title="bbox 2167 4363 3748 4436; baseline -0.003 -14"><span class='ocrx_word' id='word_1_594' title='bbox 2167 4367 2438 4436; x_wconf 76' lang='grc' dir='ltr'><strong>κάθηται,</strong></span> <span class='ocrx_word' id='word_1_595' title='bbox 2462 4368 2598 4422; x_wconf 76' lang='grc' dir='ltr'><strong>λαοὶ</strong></span> <span class='ocrx_word' id='word_1_596' title='bbox 2624 4368 2722 4420; x_wconf 73' lang='grc' dir='ltr'><strong>καὶ</strong></span> <span class='ocrx_word' id='word_1_597' title='bbox 2751 4367 2923 4436; x_wconf 81' lang='grc' dir='ltr'><strong>ὄχλοι</strong></span> <span class='ocrx_word' id='word_1_598' title='bbox 2951 4367 3092 4428; x_wconf 76' lang='grc' dir='ltr'><strong>εἰσὶ,</strong></span> <span class='ocrx_word' id='word_1_599' title='bbox 3133 4367 3230 4420; x_wconf 76' lang='grc' dir='ltr'><strong>καὶ</strong></span> <span class='ocrx_word' id='word_1_600' title='bbox 3249 4366 3394 4434; x_wconf 75' lang='grc' dir='ltr'><strong>ἔθνη</strong></span> <span class='ocrx_word' id='word_1_601' title='bbox 3417 4367 3521 4420; x_wconf 77' lang='grc' dir='ltr'><strong>καὶ</strong></span> <span class='ocrx_word' id='word_1_602' title='bbox 3553 4363 3748 4433; x_wconf 76' lang='grc' dir='ltr'><strong>γλῶσο</strong></span> 
     </span>
    </p>
   </div>
   <div class='ocr_carea' id='block_1_85' title="bbox 2165 4453 3746 4525">
    <p class='ocr_par' dir='ltr' id='par_1_85' title="bbox 2165 4453 3746 4525">
     <span class='ocr_line' id='line_1_85' title="bbox 2165 4453 3746 4525; baseline -0.004 -13"><span class='ocrx_word' id='word_1_603' title='bbox 2165 4474 2294 4512; x_wconf 67' lang='grc' dir='ltr'><strong>σαιθ</strong></span> <span class='ocrx_word' id='word_1_604' title='bbox 2325 4458 2421 4511; x_wconf 76' lang='grc' dir='ltr'><strong>καὶ</strong></span> <span class='ocrx_word' id='word_1_605' title='bbox 2449 4456 2521 4511; x_wconf 80' lang='grc' dir='ltr'><strong>τὰ</strong></span> <span class='ocrx_word' id='word_1_606' title='bbox 2545 4456 2696 4510; x_wconf 83' lang='grc' dir='ltr'><strong>δέκα</strong></span> <span class='ocrx_word' id='word_1_607' title='bbox 2720 4455 2939 4525; x_wconf 82' lang='grc' dir='ltr'><strong>κέρατα</strong></span> <span class='ocrx_word' id='word_1_608' title='bbox 2973 4455 3012 4509; x_wconf 79' lang='grc' dir='ltr'><em>ἁ</em></span> <span class='ocrx_word' id='word_1_609' title='bbox 3048 4453 3227 4521; x_wconf 79' lang='grc' dir='ltr'><strong>εἶδες,</strong></span> <span class='ocrx_word' id='word_1_610' title='bbox 3262 4456 3360 4510; x_wconf 77' lang='grc' dir='ltr'><strong>καὶ</strong></span> <span class='ocrx_word' id='word_1_611' title='bbox 3401 4457 3468 4510; x_wconf 82' lang='grc' dir='ltr'><strong>τὸ</strong></span> <span class='ocrx_word' id='word_1_612' title='bbox 3518 4456 3746 4522; x_wconf 77' lang='grc' dir='ltr'><strong>θηρίον,</strong></span> 
     </span>
    </p>
   </div>
   <div class='ocr_carea' id='block_1_86' title="bbox 465 4545 2059 4626">
    <p class='ocr_par' dir='ltr' id='par_1_86' title="bbox 465 4551 2058 4626">
     <span class='ocr_line' id='line_1_86' title="bbox 465 4551 2058 4626; baseline 0.011 -24"><span class='ocrx_word' id='word_1_613' title='bbox 465 4551 653 4614; x_wconf 83' lang='lat' dir='ltr'><strong>bestia,</strong></span> <span class='ocrx_word' id='word_1_614' title='bbox 672 4551 726 4605; x_wconf 87' lang='lat' dir='ltr'><strong>hi</strong></span> <span class='ocrx_word' id='word_1_615' title='bbox 753 4553 873 4606; x_wconf 87' lang='lat' dir='ltr'><strong>odio</strong></span> <span class='ocrx_word' id='word_1_616' title='bbox 891 4565 1269 4622; x_wconf 82' lang='lat' dir='ltr'><strong>persequentur</strong></span> <span class='ocrx_word' id='word_1_617' title='bbox 1286 4558 1656 4626; x_wconf 81' lang='lat' dir='ltr'><strong>[ornicariam,</strong></span> <span class='ocrx_word' id='word_1_618' title='bbox 1689 4573 1736 4616; x_wconf 87' lang='lat' dir='ltr'><strong>et</strong></span> <span class='ocrx_word' id='word_1_619' title='bbox 1764 4563 2058 4619; x_wconf 79' lang='lat' dir='ltr'><strong>desolatam</strong></span> 
     </span>
    </p>
   </div>
   <div class='ocr_carea' id='block_1_87' title="bbox 2170 4545 3746 4626">
    <p class='ocr_par' dir='ltr' id='par_1_87' title="bbox 2170 4545 3746 4620">
     <span class='ocr_line' id='line_1_87' title="bbox 2170 4545 3746 4620; baseline -0.003 -16"><span class='ocrx_word' id='word_1_620' title='bbox 2170 4545 2331 4606; x_wconf 82' lang='grc' dir='ltr'><strong>οὗτοι</strong></span> <span class='ocrx_word' id='word_1_621' title='bbox 2355 4549 2698 4620; x_wconf 80' lang='grc' dir='ltr'><strong>μισήσουσι</strong></span> <span class='ocrx_word' id='word_1_622' title='bbox 2750 4550 2863 4618; x_wconf 81' lang='grc' dir='ltr'><strong>τὴν</strong></span> <span class='ocrx_word' id='word_1_623' title='bbox 2899 4550 3156 4618; x_wconf 76' lang='grc' dir='ltr'><strong>πόρνην,</strong></span> <span class='ocrx_word' id='word_1_624' title='bbox 3202 4549 3302 4603; x_wconf 75' lang='grc' dir='ltr'><strong>καὶ</strong></span> <span class='ocrx_word' id='word_1_625' title='bbox 3341 4547 3746 4618; x_wconf 72' lang='grc' dir='ltr'><strong>ἠρημωμένην</strong></span> 
     </span>
    </p>
   </div>
   <div class='ocr_carea' id='block_1_88' title="bbox 467 4641 2053 4721">
    <p class='ocr_par' dir='ltr' id='par_1_88' title="bbox 467 4641 2053 4721">
     <span class='ocr_line' id='line_1_88' title="bbox 467 4641 2053 4721; baseline 0.011 -28"><span class='ocrx_word' id='word_1_626' title='bbox 467 4641 664 4709; x_wconf 79' lang='lat' dir='ltr'><strong>facient</strong></span> <span class='ocrx_word' id='word_1_627' title='bbox 688 4644 838 4696; x_wconf 84' lang='lat' dir='ltr'><strong>illam</strong></span> <span class='ocrx_word' id='word_1_628' title='bbox 860 4655 909 4699; x_wconf 80' lang='lat' dir='ltr'><strong>et</strong></span> <span class='ocrx_word' id='word_1_629' title='bbox 937 4645 1156 4711; x_wconf 82' lang='lat' dir='ltr'><strong>nudam,</strong></span> <span class='ocrx_word' id='word_1_630' title='bbox 1185 4657 1234 4700; x_wconf 90' lang='lat' dir='ltr'><strong>et</strong></span> <span class='ocrx_word' id='word_1_631' title='bbox 1275 4665 1457 4703; x_wconf 80' lang='lat' dir='ltr'><strong>carnes</strong></span> <span class='ocrx_word' id='word_1_632' title='bbox 1491 4651 1608 4720; x_wconf 86' lang='lat' dir='ltr'><strong>ejus</strong></span> <span class='ocrx_word' id='word_1_633' title='bbox 1638 4657 2053 4721; x_wconf 80' lang='lat' dir='ltr'><strong>manducubnnt,</strong></span> 
     </span>
    </p>
   </div>
   <div class='ocr_carea' id='block_1_89' title="bbox 463 4732 2054 4803">
    <p class='ocr_par' dir='ltr' id='par_1_89' title="bbox 463 4732 2054 4803">
     <span class='ocr_line' id='line_1_89' title="bbox 463 4732 2054 4803; baseline 0.009 -19"><span class='ocrx_word' id='word_1_634' title='bbox 463 4739 513 4784; x_wconf 86' lang='lat' dir='ltr'><strong>et</strong></span> <span class='ocrx_word' id='word_1_635' title='bbox 533 4732 700 4800; x_wconf 83' lang='lat' dir='ltr'><strong>ipsum</strong></span> <span class='ocrx_word' id='word_1_636' title='bbox 729 4734 781 4785; x_wconf 82' lang='lat' dir='ltr'><strong>in</strong></span> <span class='ocrx_word' id='word_1_637' title='bbox 813 4734 932 4803; x_wconf 87' lang='lat' dir='ltr'><strong>igne</strong></span> <span class='ocrx_word' id='word_1_638' title='bbox 959 4737 1388 4793; x_wconf 77' lang='lat' dir='ltr'><strong>concremabtmt.</strong></span> <span class='ocrx_word' id='word_1_639' title='bbox 1443 4742 1579 4795; x_wconf 86' lang='lat' dir='ltr'><strong>Deus</strong></span> <span class='ocrx_word' id='word_1_640' title='bbox 1601 4745 1741 4797; x_wconf 87' lang='lat' dir='ltr'><strong>enim</strong></span> <span class='ocrx_word' id='word_1_641' title='bbox 1801 4747 1946 4799; x_wconf 82' lang='lat' dir='ltr'><strong>dedit</strong></span> <span class='ocrx_word' id='word_1_642' title='bbox 2000 4749 2054 4800; x_wconf 85' lang='lat' dir='ltr'><strong>in</strong></span> 
     </span>
    </p>
   </div>
   <div class='ocr_carea' id='block_1_90' title="bbox 465 4823 2053 4901">
    <p class='ocr_par' dir='ltr' id='par_1_90' title="bbox 465 4823 2053 4901">
     <span class='ocr_line' id='line_1_90' title="bbox 465 4823 2053 4901; baseline 0.011 -25"><span class='ocrx_word' id='word_1_643' title='bbox 465 4823 628 4876; x_wconf 85' lang='lat' dir='ltr'><strong>corda</strong></span> <span class='ocrx_word' id='word_1_644' title='bbox 651 4839 855 4889; x_wconf 87' lang='lat' dir='ltr'><strong>eorum,</strong></span> <span class='ocrx_word' id='word_1_645' title='bbox 891 4834 948 4879; x_wconf 88' lang='lat' dir='ltr'><strong>ut</strong></span> <span class='ocrx_word' id='word_1_646' title='bbox 979 4828 1184 4896; x_wconf 79' lang='lat' dir='ltr'><strong>faciant</strong></span> <span class='ocrx_word' id='word_1_647' title='bbox 1207 4830 1342 4899; x_wconf 80' lang='lat' dir='ltr'><strong>quod</strong></span> <span class='ocrx_word' id='word_1_648' title='bbox 1391 4833 1648 4900; x_wconf 83' lang='lat' dir='ltr'><strong>placitum</strong></span> <span class='ocrx_word' id='word_1_649' title='bbox 1704 4847 1782 4891; x_wconf 88' lang='lat' dir='ltr'><strong>est</strong></span> <span class='ocrx_word' id='word_1_650' title='bbox 1844 4839 1962 4901; x_wconf 84' lang='lat' dir='ltr'><strong>illi;</strong></span> <span class='ocrx_word' id='word_1_651' title='bbox 2003 4848 2053 4892; x_wconf 86' lang='lat' dir='ltr'><strong>et</strong></span> 
     </span>
    </p>
   </div>
   <div class='ocr_carea' id='block_1_91' title="bbox 466 4915 2054 4998">
    <p class='ocr_par' dir='ltr' id='par_1_91' title="bbox 466 4915 2054 4998">
     <span class='ocr_line' id='line_1_91' title="bbox 466 4915 2054 4998; baseline 0.012 -32"><span class='ocrx_word' id='word_1_652' title='bbox 466 4922 524 4966; x_wconf 87' lang='lat' dir='ltr'><strong>ut</strong></span> <span class='ocrx_word' id='word_1_653' title='bbox 550 4929 709 4968; x_wconf 85' lang='lat' dir='ltr'><strong>unam</strong></span> <span class='ocrx_word' id='word_1_654' title='bbox 736 4915 940 4986; x_wconf 74' lang='lat' dir='ltr'><strong>faciant</strong></span> <span class='ocrx_word' id='word_1_655' title='bbox 970 4917 1316 4988; x_wconf 86' lang='lat' dir='ltr'><strong>voluntatem,</strong></span> <span class='ocrx_word' id='word_1_656' title='bbox 1350 4932 1400 4977; x_wconf 87' lang='lat' dir='ltr'><strong>et</strong></span> <span class='ocrx_word' id='word_1_657' title='bbox 1443 4924 1568 4980; x_wconf 87' lang='lat' dir='ltr'><strong>dent</strong></span> <span class='ocrx_word' id='word_1_658' title='bbox 1624 4944 1843 4998; x_wconf 86' lang='lat' dir='ltr'><strong>regnum</strong></span> <span class='ocrx_word' id='word_1_659' title='bbox 1899 4948 2054 4985; x_wconf 89' lang='lat' dir='ltr'><strong>suum</strong></span> 
     </span>
    </p>
   </div>
   <div class='ocr_carea' id='block_1_92' title="bbox 468 5005 2048 5076">
    <p class='ocr_par' dir='ltr' id='par_1_92' title="bbox 468 5005 2048 5076">
     <span class='ocr_line' id='line_1_92' title="bbox 468 5005 2048 5076; baseline 0.012 -21"><span class='ocrx_word' id='word_1_660' title='bbox 468 5005 667 5069; x_wconf 66' lang='lat' dir='ltr'><strong>bestiae,</strong></span> <span class='ocrx_word' id='word_1_661' title='bbox 711 5007 875 5060; x_wconf 87' lang='lat' dir='ltr'><strong>donec</strong></span> <span class='ocrx_word' id='word_1_662' title='bbox 934 5021 1366 5066; x_wconf 74' lang='lat' dir='ltr'><strong>consummentur</strong></span> <span class='ocrx_word' id='word_1_663' title='bbox 1427 5015 1584 5070; x_wconf 87' lang='lat' dir='ltr'><strong>verba</strong></span> <span class='ocrx_word' id='word_1_664' title='bbox 1619 5017 1736 5073; x_wconf 89' lang='lat' dir='ltr'><strong>Dei.</strong></span> <span class='ocrx_word' id='word_1_665' title='bbox 1765 5019 1830 5072; x_wconf 83' lang='lat' dir='ltr'><strong>Et</strong></span> <span class='ocrx_word' id='word_1_666' title='bbox 1855 5021 2048 5076; x_wconf 86' lang='lat' dir='ltr'><strong>mulier</strong></span> 
     </span>
    </p>
   </div>
   <div class='ocr_carea' id='block_1_93' title="bbox 463 5099 2054 5184">
    <p class='ocr_par' dir='ltr' id='par_1_93' title="bbox 463 5099 2054 5184">
     <span class='ocr_line' id='line_1_93' title="bbox 463 5099 2054 5184; baseline 0.014 -37"><span class='ocrx_word' id='word_1_667' title='bbox 463 5111 624 5165; x_wconf 87' lang='lat' dir='ltr'><strong>quam</strong></span> <span class='ocrx_word' id='word_1_668' title='bbox 657 5099 856 5166; x_wconf 73' lang='lat' dir='ltr'><strong>vidisti,</strong></span> <span class='ocrx_word' id='word_1_669' title='bbox 885 5110 961 5154; x_wconf 88' lang='lat' dir='ltr'><strong>est</strong></span> <span class='ocrx_word' id='word_1_670' title='bbox 993 5101 1178 5157; x_wconf 78' lang='lat' dir='ltr'><strong>civitas</strong></span> <span class='ocrx_word' id='word_1_671' title='bbox 1229 5121 1444 5177; x_wconf 87' lang='lat' dir='ltr'><strong>magna,</strong></span> <span class='ocrx_word' id='word_1_672' title='bbox 1490 5125 1608 5179; x_wconf 65' lang='lat' dir='ltr'><strong>qua:</strong></span> <span class='ocrx_word' id='word_1_673' title='bbox 1659 5110 1811 5167; x_wconf 82' lang='lat' dir='ltr'><strong>habet</strong></span> <span class='ocrx_word' id='word_1_674' title='bbox 1839 5130 2054 5184; x_wconf 84' lang='lat' dir='ltr'><strong>regnum</strong></span> 
     </span>
    </p>
   </div>
   <div class='ocr_carea' id='block_1_94' title="bbox 462 5202 984 5261">
    <p class='ocr_par' dir='ltr' id='par_1_94' title="bbox 462 5202 984 5261">
     <span class='ocr_line' id='line_1_94' title="bbox 462 5202 984 5261; baseline 0.011 -20"><span class='ocrx_word' id='word_1_675' title='bbox 462 5204 624 5258; x_wconf 84' lang='lat' dir='ltr'><strong>super</strong></span> <span class='ocrx_word' id='word_1_676' title='bbox 645 5207 787 5261; x_wconf 81' lang='lat' dir='ltr'><strong>reges</strong></span> <span class='ocrx_word' id='word_1_677' title='bbox 808 5202 984 5247; x_wconf 73' lang='lat' dir='ltr'><strong>terrm.</strong></span> 
     </span>
    </p>
   </div>
   <div class='ocr_carea' id='block_1_95' title="bbox 535 5365 2044 5451">
    <p class='ocr_par' dir='ltr' id='par_1_95' title="bbox 535 5365 2044 5451">
     <span class='ocr_line' id='line_1_95' title="bbox 535 5365 2044 5451; baseline 0.011 -30"><span class='ocrx_word' id='word_1_678' title='bbox 535 5365 672 5422; x_wconf 88' lang='lat' dir='ltr'><strong>Cum</strong></span> <span class='ocrx_word' id='word_1_679' title='bbox 701 5370 929 5440; x_wconf 86' lang='lat' dir='ltr'><strong>angelus</strong></span> <span class='ocrx_word' id='word_1_680' title='bbox 955 5384 1210 5429; x_wconf 89' lang='lat' dir='ltr'><strong>accurate</strong></span> <span class='ocrx_word' id='word_1_681' title='bbox 1237 5375 1426 5432; x_wconf 72' lang='lat' dir='ltr'><strong>isthrec</strong></span> <span class='ocrx_word' id='word_1_682' title='bbox 1457 5379 1641 5433; x_wconf 91' lang='lat' dir='ltr'><strong>omnia</strong></span> <span class='ocrx_word' id='word_1_683' title='bbox 1702 5383 2044 5451; x_wconf 65' lang='lat' dir='ltr'><strong>exposuerit,</strong></span> 
     </span>
    </p>
   </div>
   <div class='ocr_carea' id='block_1_96' title="bbox 466 5471 2050 5544">
    <p class='ocr_par' dir='ltr' id='par_1_96' title="bbox 466 5471 2050 5544">
     <span class='ocr_line' id='line_1_96' title="bbox 466 5471 2050 5544; baseline 0.012 -32"><span class='ocrx_word' id='word_1_684' title='bbox 466 5473 927 5528; x_wconf 78' lang='lat' dir='ltr'><strong>supervacaneam</strong></span> <span class='ocrx_word' id='word_1_685' title='bbox 985 5479 1184 5520; x_wconf 90' lang='lat' dir='ltr'><strong>censeo</strong></span> <span class='ocrx_word' id='word_1_686' title='bbox 1235 5483 1454 5524; x_wconf 85' lang='lat' dir='ltr'><strong>omnem</strong></span> <span class='ocrx_word' id='word_1_687' title='bbox 1497 5471 1662 5525; x_wconf 89' lang='lat' dir='ltr'><strong>aliam</strong></span> <span class='ocrx_word' id='word_1_688' title='bbox 1705 5473 2050 5544; x_wconf 51' lang='lat' dir='ltr'><strong>explanation-</strong></span> 
     </span>
    </p>
   </div>
   <div class='ocr_carea' id='block_1_97' title="bbox 467 5553 2054 5632">
    <p class='ocr_par' dir='ltr' id='par_1_97' title="bbox 467 5553 2054 5632">
     <span class='ocr_line' id='line_1_97' title="bbox 467 5553 2054 5632; baseline 0.012 -27"><span class='ocrx_word' id='word_1_689' title='bbox 467 5567 631 5607; x_wconf 88' lang='lat' dir='ltr'><strong>nem:</strong></span> <span class='ocrx_word' id='word_1_690' title='bbox 664 5553 879 5609; x_wconf 89' lang='lat' dir='ltr'><strong>interim</strong></span> <span class='ocrx_word' id='word_1_691' title='bbox 921 5558 1118 5612; x_wconf 90' lang='lat' dir='ltr'><strong>mirum</strong></span> <span class='ocrx_word' id='word_1_692' title='bbox 1149 5560 1319 5614; x_wconf 85' lang='lat' dir='ltr'><strong>videri</strong></span> <span class='ocrx_word' id='word_1_693' title='bbox 1379 5573 1562 5632; x_wconf 85' lang='lat' dir='ltr'><strong>queat,</strong></span> <span class='ocrx_word' id='word_1_694' title='bbox 1629 5579 1728 5620; x_wconf 91' lang='lat' dir='ltr'><strong>cur</strong></span> <span class='ocrx_word' id='word_1_695' title='bbox 1791 5566 2054 5624; x_wconf 86' lang='lat' dir='ltr'><strong>diabolus</strong></span> 
     </span>
    </p>
   </div>
   <div class='ocr_carea' id='block_1_98' title="bbox 471 5642 2050 5724">
    <p class='ocr_par' dir='ltr' id='par_1_98' title="bbox 471 5642 2050 5724">
     <span class='ocr_line' id='line_1_98' title="bbox 471 5642 2050 5724; baseline 0.008 -29"><span class='ocrx_word' id='word_1_696' title='bbox 471 5642 785 5698; x_wconf 74' lang='lat' dir='ltr'><strong>mortalium</strong></span> <span class='ocrx_word' id='word_1_697' title='bbox 851 5645 1026 5702; x_wconf 73' lang='lat' dir='ltr'><strong>hoStis</strong></span> <span class='ocrx_word' id='word_1_698' title='bbox 1076 5649 1453 5724; x_wconf 86' lang='lat' dir='ltr'><strong>scelerumque</strong></span> <span class='ocrx_word' id='word_1_699' title='bbox 1485 5651 1740 5708; x_wconf 85' lang='lat' dir='ltr'><strong>incensor</strong></span> <span class='ocrx_word' id='word_1_700' title='bbox 1777 5665 1831 5709; x_wconf 90' lang='lat' dir='ltr'><strong>et</strong></span> <span class='ocrx_word' id='word_1_701' title='bbox 1888 5657 2050 5718; x_wconf 88' lang='lat' dir='ltr'><strong>ultor,</strong></span> 
     </span>
    </p>
   </div>
   <div class='ocr_carea' id='block_1_99' title="bbox 462 5737 2052 5815">
    <p class='ocr_par' dir='ltr' id='par_1_99' title="bbox 462 5737 2052 5815">
     <span class='ocr_line' id='line_1_99' title="bbox 462 5737 2052 5815; baseline 0.009 -26"><span class='ocrx_word' id='word_1_702' title='bbox 462 5737 655 5790; x_wconf 71' lang='lat' dir='ltr'><strong>decem</strong></span> <span class='ocrx_word' id='word_1_703' title='bbox 689 5738 777 5792; x_wconf 85' lang='lat' dir='ltr'><strong>illa</strong></span> <span class='ocrx_word' id='word_1_704' title='bbox 805 5755 1009 5796; x_wconf 83' lang='lat' dir='ltr'><strong>cornua</strong></span> <span class='ocrx_word' id='word_1_705' title='bbox 1033 5742 1135 5797; x_wconf 86' lang='lat' dir='ltr'><strong>sibi</strong></span> <span class='ocrx_word' id='word_1_706' title='bbox 1172 5744 1431 5809; x_wconf 74' lang='lat' dir='ltr'><strong>obnoxia,</strong></span> <span class='ocrx_word' id='word_1_707' title='bbox 1458 5746 1734 5815; x_wconf 85' lang='lat' dir='ltr'><strong>impellere</strong></span> <span class='ocrx_word' id='word_1_708' title='bbox 1764 5760 1818 5803; x_wconf 88' lang='lat' dir='ltr'><strong>et</strong></span> <span class='ocrx_word' id='word_1_709' title='bbox 1849 5748 2052 5804; x_wconf 85' lang='lat' dir='ltr'><strong>inﬂam-</strong></span> 
     </span>
    </p>
   </div>
   <div class='ocr_carea' id='block_1_100' title="bbox 469 5829 2054 5899">
    <p class='ocr_par' dir='ltr' id='par_1_100' title="bbox 469 5829 2054 5899">
     <span class='ocr_line' id='line_1_100' title="bbox 469 5829 2054 5899; baseline 0.009 -21"><span class='ocrx_word' id='word_1_710' title='bbox 469 5842 624 5881; x_wconf 83' lang='lat' dir='ltr'><strong>mare</strong></span> <span class='ocrx_word' id='word_1_711' title='bbox 652 5829 907 5899; x_wconf 86' lang='lat' dir='ltr'><strong>voluerit,</strong></span> <span class='ocrx_word' id='word_1_712' title='bbox 933 5851 1037 5890; x_wconf 92' lang='lat' dir='ltr'><strong>non</strong></span> <span class='ocrx_word' id='word_1_713' title='bbox 1088 5835 1248 5890; x_wconf 83' lang='lat' dir='ltr'><strong>tuo-lo</strong></span> <span class='ocrx_word' id='word_1_714' title='bbox 1300 5845 1355 5890; x_wconf 90' lang='lat' dir='ltr'><strong>ut</strong></span> <span class='ocrx_word' id='word_1_715' title='bbox 1391 5838 1445 5890; x_wconf 91' lang='lat' dir='ltr'><strong>in</strong></span> <span class='ocrx_word' id='word_1_716' title='bbox 1493 5838 1675 5892; x_wconf 84' lang='lat' dir='ltr'><strong>omnis</strong></span> <span class='ocrx_word' id='word_1_717' title='bbox 1730 5839 1946 5894; x_wconf 78' lang='lat' dir='ltr'><strong>virtutis</strong></span> <span class='ocrx_word' id='word_1_718' title='bbox 2001 5849 2054 5893; x_wconf 79' lang='lat' dir='ltr'><strong>ct</strong></span> 
     </span>
    </p>
   </div>
   <div class='ocr_carea' id='block_1_101' title="bbox 2159 4632 3746 4713">
    <p class='ocr_par' dir='ltr' id='par_1_101' title="bbox 2159 4632 3746 4713">
     <span class='ocr_line' id='line_1_101' title="bbox 2159 4632 3746 4713; baseline -0.001 -19"><span class='ocrx_word' id='word_1_719' title='bbox 2159 4641 2500 4708; x_wconf 75' lang='grc' dir='ltr'><strong>ποιήσωσιν</strong></span> <span class='ocrx_word' id='word_1_720' title='bbox 2517 4641 2713 4709; x_wconf 78' lang='grc' dir='ltr'><strong>αὐτὴν</strong></span> <span class='ocrx_word' id='word_1_721' title='bbox 2729 4640 2853 4713; x_wconf 76' lang='grc' dir='ltr'><strong>[καὶ</strong></span> <span class='ocrx_word' id='word_1_722' title='bbox 2865 4640 3124 4713; x_wconf 72' lang='grc' dir='ltr'><strong>γυμνὴν]</strong></span> <span class='ocrx_word' id='word_1_723' title='bbox 3134 4685 3147 4706; x_wconf 87' lang='grc'>,</span> <span class='ocrx_word' id='word_1_724' title='bbox 3163 4643 3260 4696; x_wconf 73' lang='grc' dir='ltr'><strong>καὶ</strong></span> <span class='ocrx_word' id='word_1_725' title='bbox 3276 4642 3384 4707; x_wconf 85' lang='grc' dir='ltr'><strong>τὰς</strong></span> <span class='ocrx_word' id='word_1_726' title='bbox 3395 4641 3631 4709; x_wconf 79' lang='grc' dir='ltr'><strong>σάρκας</strong></span> <span class='ocrx_word' id='word_1_727' title='bbox 3644 4632 3746 4693; x_wconf 76' lang='lat' dir='ltr'><strong>ab-</strong></span> 
     </span>
    </p>
   </div>
   <div class='ocr_carea' id='block_1_102' title="bbox 2159 4730 3741 4803">
    <p class='ocr_par' dir='ltr' id='par_1_102' title="bbox 2159 4730 3741 4803">
     <span class='ocr_line' id='line_1_102' title="bbox 2159 4730 3741 4803; baseline -0.004 -14"><span class='ocrx_word' id='word_1_728' title='bbox 2159 4731 2272 4800; x_wconf 82' lang='grc' dir='ltr'><strong>τῆς</strong></span> <span class='ocrx_word' id='word_1_729' title='bbox 2311 4731 2570 4803; x_wconf 67' lang='grc' dir='ltr'><strong>φάγωσι·</strong></span> <span class='ocrx_word' id='word_1_730' title='bbox 2604 4733 2702 4788; x_wconf 72' lang='grc' dir='ltr'><strong>καὶ</strong></span> <span class='ocrx_word' id='word_1_731' title='bbox 2727 4733 2930 4802; x_wconf 76' lang='grc' dir='ltr'><strong>αὐτὴν</strong></span> <span class='ocrx_word' id='word_1_732' title='bbox 2957 4735 3464 4789; x_wconf 77' lang='grc' dir='ltr'><strong>κατακαύσουσιν</strong></span> <span class='ocrx_word' id='word_1_733' title='bbox 3486 4735 3558 4787; x_wconf 78' lang='grc' dir='ltr'><strong>ἐν</strong></span> <span class='ocrx_word' id='word_1_734' title='bbox 3579 4730 3741 4798; x_wconf 75' lang='grc' dir='ltr'><strong>πυρίο</strong></span> 
     </span>
    </p>
   </div>
   <div class='ocr_carea' id='block_1_103' title="bbox 2159 4823 3741 4896">
    <p class='ocr_par' dir='ltr' id='par_1_103' title="bbox 2159 4823 3741 4896">
     <span class='ocr_line' id='line_1_103' title="bbox 2159 4823 3741 4896; baseline -0.004 -16"><span class='ocrx_word' id='word_1_735' title='bbox 2159 4829 2192 4880; x_wconf 88' lang='grc' dir='ltr'><strong>ό</strong></span> <span class='ocrx_word' id='word_1_736' title='bbox 2211 4827 2319 4894; x_wconf 78' lang='grc' dir='ltr'><strong>γὰρ</strong></span> <span class='ocrx_word' id='word_1_737' title='bbox 2345 4825 2490 4892; x_wconf 81' lang='grc' dir='ltr'><strong>Θεὸς</strong></span> <span class='ocrx_word' id='word_1_738' title='bbox 2505 4825 2732 4880; x_wconf 71' lang='grc' dir='ltr'><strong>ἔδωκεν</strong></span> <span class='ocrx_word' id='word_1_739' title='bbox 2753 4828 2842 4892; x_wconf 77' lang='grc' dir='ltr'><strong>εἰς</strong></span> <span class='ocrx_word' id='word_1_740' title='bbox 2871 4827 2978 4892; x_wconf 84' lang='grc' dir='ltr'><strong>τὰς</strong></span> <span class='ocrx_word' id='word_1_741' title='bbox 3000 4827 3252 4896; x_wconf 82' lang='grc' dir='ltr'><strong>καρδίας</strong></span> <span class='ocrx_word' id='word_1_742' title='bbox 3268 4825 3472 4880; x_wconf 73' lang='grc' dir='ltr'><strong>αὐτῶν</strong></span> <span class='ocrx_word' id='word_1_743' title='bbox 3491 4823 3741 4891; x_wconf 81' lang='grc' dir='ltr'><strong>ποι-ἧσαι</strong></span> 
     </span>
    </p>
   </div>
   <div class='ocr_carea' id='block_1_104' title="bbox 2159 4914 3737 4991">
    <p class='ocr_par' dir='ltr' id='par_1_104' title="bbox 2159 4914 3737 4991">
     <span class='ocr_line' id='line_1_104' title="bbox 2159 4914 3737 4991; baseline -0.001 -19"><span class='ocrx_word' id='word_1_744' title='bbox 2159 4918 2274 4986; x_wconf 81' lang='grc' dir='ltr'><strong>τὴν</strong></span> <span class='ocrx_word' id='word_1_745' title='bbox 2304 4918 2548 4987; x_wconf 80' lang='grc' dir='ltr'><strong>γνώμην</strong></span> <span class='ocrx_word' id='word_1_746' title='bbox 2577 4919 2785 4983; x_wconf 87' lang='grc' dir='ltr'><strong>αὐτοῦ,</strong></span> <span class='ocrx_word' id='word_1_747' title='bbox 2816 4918 2939 4991; x_wconf 72' lang='grc' dir='ltr'><strong>[καὶ</strong></span> <span class='ocrx_word' id='word_1_748' title='bbox 2972 4919 3227 4986; x_wconf 78' lang='grc' dir='ltr'><strong>ποιῆσαι</strong></span> <span class='ocrx_word' id='word_1_749' title='bbox 3257 4919 3407 4988; x_wconf 78' lang='grc' dir='ltr'><strong>μίαν</strong></span> <span class='ocrx_word' id='word_1_750' title='bbox 3450 4914 3737 4988; x_wconf 68' lang='grc' dir='ltr'><strong>γνώμηνςῖ</strong></span> 
     </span>
    </p>
   </div>
   <div class='ocr_carea' id='block_1_105' title="bbox 2158 5007 3741 5082">
    <p class='ocr_par' dir='ltr' id='par_1_105' title="bbox 2158 5007 3741 5082">
     <span class='ocr_line' id='line_1_105' title="bbox 2158 5007 3741 5082; baseline 0.002 -19"><span class='ocrx_word' id='word_1_751' title='bbox 2158 5010 2257 5064; x_wconf 78' lang='grc' dir='ltr'><strong>καὶ</strong></span> <span class='ocrx_word' id='word_1_752' title='bbox 2273 5009 2486 5064; x_wconf 77' lang='grc' dir='ltr'><strong>δοῦναι</strong></span> <span class='ocrx_word' id='word_1_753' title='bbox 2516 5009 2630 5078; x_wconf 80' lang='grc' dir='ltr'><strong>τὴν</strong></span> <span class='ocrx_word' id='word_1_754' title='bbox 2653 5011 2982 5075; x_wconf 77' lang='grc' dir='ltr'><strong>βασιλειαν</strong></span> <span class='ocrx_word' id='word_1_755' title='bbox 3012 5009 3213 5064; x_wconf 78' lang='grc' dir='ltr'><strong>αὐτῶν</strong></span> <span class='ocrx_word' id='word_1_756' title='bbox 3253 5009 3357 5082; x_wconf 82' lang='grc' dir='ltr'><strong>[τῷ</strong></span> <span class='ocrx_word' id='word_1_757' title='bbox 3384 5007 3585 5079; x_wconf 67' lang='grc' dir='ltr'><strong>θηρίῳῖ</strong></span> <span class='ocrx_word' id='word_1_758' title='bbox 3606 5007 3741 5073; x_wconf 81' lang='grc' dir='ltr'><strong>ἄχρι</strong></span> 
     </span>
    </p>
   </div>
   <div class='ocr_carea' id='block_1_106' title="bbox 2157 5096 3738 5172">
    <p class='ocr_par' dir='ltr' id='par_1_106' title="bbox 2157 5096 3738 5172">
     <span class='ocr_line' id='line_1_106' title="bbox 2157 5096 3738 5172; baseline -0.003 -17"><span class='ocrx_word' id='word_1_759' title='bbox 2157 5102 2633 5172; x_wconf 71' lang='grc' dir='ltr'><strong>τελεσθήσονται</strong></span> <span class='ocrx_word' id='word_1_760' title='bbox 2663 5105 2718 5156; x_wconf 81' lang='lat' dir='ltr'><strong>ol</strong></span> <span class='ocrx_word' id='word_1_761' title='bbox 2737 5104 2908 5172; x_wconf 75' lang='grc' dir='ltr'><strong>λόγοι</strong></span> <span class='ocrx_word' id='word_1_762' title='bbox 2933 5101 3040 5155; x_wconf 85' lang='grc' dir='ltr'><strong>τοῦ</strong></span> <span class='ocrx_word' id='word_1_763' title='bbox 3073 5100 3244 5158; x_wconf 86' lang='grc' dir='ltr'><strong>Θεοῦ.</strong></span> <span class='ocrx_word' id='word_1_764' title='bbox 3277 5100 3388 5156; x_wconf 77' lang='grc' dir='ltr'><strong>Καὶ</strong></span> <span class='ocrx_word' id='word_1_765' title='bbox 3416 5101 3455 5166; x_wconf 72' lang='grc' dir='ltr'><strong>’ἡ</strong></span> <span class='ocrx_word' id='word_1_766' title='bbox 3486 5099 3639 5171; x_wconf 77' lang='grc' dir='ltr'><strong>γυνὴ</strong></span> <span class='ocrx_word' id='word_1_767' title='bbox 3663 5096 3738 5163; x_wconf 76' lang='grc' dir='ltr'><strong>ἢν</strong></span> 
     </span>
    </p>
   </div>
   <div class='ocr_carea' id='block_1_107' title="bbox 2157 5190 3734 5263">
    <p class='ocr_par' dir='ltr' id='par_1_107' title="bbox 2157 5190 3734 5263">
     <span class='ocr_line' id='line_1_107' title="bbox 2157 5190 3734 5263; baseline -0.004 -15"><span class='ocrx_word' id='word_1_768' title='bbox 2157 5190 2332 5261; x_wconf 80' lang='grc' dir='ltr'><strong>εἶδες,</strong></span> <span class='ocrx_word' id='word_1_769' title='bbox 2357 5194 2533 5248; x_wconf 78' lang='grc' dir='ltr'><strong>ἐστιν</strong></span> <span class='ocrx_word' id='word_1_770' title='bbox 2572 5196 2611 5263; x_wconf 74' lang='grc' dir='ltr'>ἡ</span> <span class='ocrx_word' id='word_1_771' title='bbox 2641 5195 2821 5260; x_wconf 88' lang='grc' dir='ltr'><strong>πόλις</strong></span> <span class='ocrx_word' id='word_1_772' title='bbox 2851 5196 2888 5262; x_wconf 78' lang='grc' dir='ltr'>ἡ</span> <span class='ocrx_word' id='word_1_773' title='bbox 2911 5193 3168 5263; x_wconf 76' lang='grc' dir='ltr'><strong>μεγάλη,</strong></span> <span class='ocrx_word' id='word_1_774' title='bbox 3201 5194 3240 5262; x_wconf 82' lang='grc' dir='ltr'><strong><em>ή</em></strong></span> <span class='ocrx_word' id='word_1_775' title='bbox 3262 5193 3495 5262; x_wconf 71' lang='grc' dir='ltr'><strong>ἔχουσα</strong></span> <span class='ocrx_word' id='word_1_776' title='bbox 3554 5191 3734 5257; x_wconf 83' lang='grc' dir='ltr'><strong>,ϐασι-</strong></span> 
     </span>
    </p>
   </div>
   <div class='ocr_carea' id='block_1_108' title="bbox 2157 5285 3219 5355">
    <p class='ocr_par' dir='ltr' id='par_1_108' title="bbox 2157 5285 3219 5355">
     <span class='ocr_line' id='line_1_108' title="bbox 2157 5285 3219 5355; baseline -0.003 -14"><span class='ocrx_word' id='word_1_777' title='bbox 2157 5288 2333 5341; x_wconf 78' lang='grc' dir='ltr'><strong>λείαν</strong></span> <span class='ocrx_word' id='word_1_778' title='bbox 2347 5286 2446 5342; x_wconf 74' lang='grc' dir='ltr'><strong>ἐπὶ</strong></span> <span class='ocrx_word' id='word_1_779' title='bbox 2470 5286 2590 5340; x_wconf 81' lang='grc' dir='ltr'><strong>τῶν</strong></span> <span class='ocrx_word' id='word_1_780' title='bbox 2608 5286 2926 5351; x_wconf 76' lang='grc' dir='ltr'><strong>,βασιλέων</strong></span> <span class='ocrx_word' id='word_1_781' title='bbox 2950 5285 3062 5353; x_wconf 82' lang='grc' dir='ltr'><strong>τῆς</strong></span> <span class='ocrx_word' id='word_1_782' title='bbox 3081 5286 3219 5355; x_wconf 76' lang='grc' dir='ltr'><strong>γῆς.</strong></span> 
     </span>
    </p>
   </div>
   <div class='ocr_carea' id='block_1_109' title="bbox 2227 5371 3733 5448">
    <p class='ocr_par' dir='ltr' id='par_1_109' title="bbox 2227 5371 3733 5448">
     <span class='ocr_line' id='line_1_109' title="bbox 2227 5371 3733 5448; baseline -0.005 -15"><span class='ocrx_word' id='word_1_783' title='bbox 2227 5379 2338 5434; x_wconf 77' lang='grc' dir='ltr'><strong>Καὶ</strong></span> <span class='ocrx_word' id='word_1_784' title='bbox 2378 5380 2542 5448; x_wconf 73' lang='grc' dir='ltr'><strong>λέγει</strong></span> <span class='ocrx_word' id='word_1_785' title='bbox 2565 5396 2667 5448; x_wconf 85' lang='grc' dir='ltr'><strong>μοι</strong></span> <span class='ocrx_word' id='word_1_786' title='bbox 2699 5393 2712 5409; x_wconf 87' lang='grc'><strong>·</strong></span> <span class='ocrx_word' id='word_1_787' title='bbox 2747 5378 2825 5433; x_wconf 83' lang='grc' dir='ltr'><em>Τὰ</em></span> <span class='ocrx_word' id='word_1_788' title='bbox 2873 5377 3064 5431; x_wconf 82' lang='grc' dir='ltr'><strong>ὕδατα</strong></span> <span class='ocrx_word' id='word_1_789' title='bbox 3093 5375 3327 5443; x_wconf 79' lang='grc' dir='ltr'><strong>ἁεῖδες,</strong></span> <span class='ocrx_word' id='word_1_790' title='bbox 3364 5371 3437 5432; x_wconf 86' lang='grc' dir='ltr'><strong>οὗ</strong></span> <span class='ocrx_word' id='word_1_791' title='bbox 3465 5377 3504 5445; x_wconf 70' lang='grc' dir='ltr'>ἡ</span> <span class='ocrx_word' id='word_1_792' title='bbox 3546 5373 3733 5439; x_wconf 83' lang='grc' dir='ltr'><strong>πόρνη</strong></span> 
     </span>
    </p>
   </div>
   <div class='ocr_carea' id='block_1_110' title="bbox 2157 5462 3730 5539">
    <p class='ocr_par' dir='ltr' id='par_1_110' title="bbox 2157 5462 3730 5539">
     <span class='ocr_line' id='line_1_110' title="bbox 2157 5462 3730 5539; baseline -0.006 -14"><span class='ocrx_word' id='word_1_793' title='bbox 2157 5469 2428 5539; x_wconf 81' lang='grc' dir='ltr'><strong>κάθηται,</strong></span> <span class='ocrx_word' id='word_1_794' title='bbox 2458 5470 2597 5525; x_wconf 78' lang='grc' dir='ltr'><strong>λαοὶ</strong></span> <span class='ocrx_word' id='word_1_795' title='bbox 2615 5470 2714 5524; x_wconf 81' lang='grc' dir='ltr'><strong>καὶ</strong></span> <span class='ocrx_word' id='word_1_796' title='bbox 2741 5470 2912 5539; x_wconf 84' lang='grc' dir='ltr'><strong>ὄχλοι</strong></span> <span class='ocrx_word' id='word_1_797' title='bbox 2933 5463 3076 5537; x_wconf 74' lang='grc' dir='ltr'><strong>εἰσὶ,</strong></span> <span class='ocrx_word' id='word_1_798' title='bbox 3097 5470 3196 5524; x_wconf 79' lang='grc' dir='ltr'><strong>καὶ</strong></span> <span class='ocrx_word' id='word_1_799' title='bbox 3236 5469 3383 5536; x_wconf 78' lang='grc' dir='ltr'><strong>ἔθνη</strong></span> <span class='ocrx_word' id='word_1_800' title='bbox 3406 5467 3505 5522; x_wconf 73' lang='grc' dir='ltr'><strong>καὶ</strong></span> <span class='ocrx_word' id='word_1_801' title='bbox 3549 5462 3730 5536; x_wconf 75' lang='grc' dir='ltr'><strong>γλῶσ-</strong></span> 
     </span>
    </p>
   </div>
   <div class='ocr_carea' id='block_1_111' title="bbox 2155 5554 3730 5635">
    <p class='ocr_par' dir='ltr' id='par_1_111' title="bbox 2155 5554 3730 5635">
     <span class='ocr_line' id='line_1_111' title="bbox 2155 5554 3730 5635; baseline -0.008 -16"><span class='ocrx_word' id='word_1_802' title='bbox 2155 5581 2282 5620; x_wconf 88' lang='grc' dir='ltr'><strong>σαι.</strong></span> <span class='ocrx_word' id='word_1_803' title='bbox 2313 5563 2420 5618; x_wconf 83' lang='grc' dir='ltr'><strong>Τοῦ</strong></span> <span class='ocrx_word' id='word_1_804' title='bbox 2475 5563 2711 5632; x_wconf 82' lang='grc' dir='ltr'><strong>ἀγγέλου</strong></span> <span class='ocrx_word' id='word_1_805' title='bbox 2751 5560 2978 5635; x_wconf 80' lang='grc' dir='ltr'><strong>[τοίνυν]</strong></span> <span class='ocrx_word' id='word_1_806' title='bbox 3019 5561 3198 5616; x_wconf 76' lang='grc' dir='ltr'><strong>ταῦτα</strong></span> <span class='ocrx_word' id='word_1_807' title='bbox 3249 5561 3438 5631; x_wconf 80' lang='grc' dir='ltr'><strong>σαφῶς</strong></span> <span class='ocrx_word' id='word_1_808' title='bbox 3465 5554 3730 5632; x_wconf 77' lang='grc' dir='ltr'><strong>ἑρμηνεύ-</strong></span> 
     </span>
    </p>
   </div>
   <div class='ocr_carea' id='block_1_112' title="bbox 2160 5649 3724 5728">
    <p class='ocr_par' dir='ltr' id='par_1_112' title="bbox 2160 5649 3724 5728">
     <span class='ocr_line' id='line_1_112' title="bbox 2160 5649 3724 5728; baseline -0.001 -18"><span class='ocrx_word' id='word_1_809' title='bbox 2160 5674 2372 5720; x_wconf 86' lang='grc' dir='ltr'><strong>σαντος,</strong></span> <span class='ocrx_word' id='word_1_810' title='bbox 2406 5656 2642 5728; x_wconf 85' lang='grc' dir='ltr'><strong>περισσὴ</strong></span> <span class='ocrx_word' id='word_1_811' title='bbox 2673 5657 2705 5728; x_wconf 88' lang='grc' dir='ltr'><strong>ή</strong></span> <span class='ocrx_word' id='word_1_812' title='bbox 2737 5655 3105 5728; x_wconf 72' lang='grc' dir='ltr'><strong>ἀκριϐεστέρα</strong></span> <span class='ocrx_word' id='word_1_813' title='bbox 3147 5656 3355 5708; x_wconf 84' lang='grc' dir='ltr'><strong>τούτων</strong></span> <span class='ocrx_word' id='word_1_814' title='bbox 3398 5649 3686 5713; x_wconf 80' lang='grc' dir='ltr'><strong>ἀνάπτυξις</strong></span> <span class='ocrx_word' id='word_1_815' title='bbox 3712 5659 3724 5673; x_wconf 84' lang='grc'><strong><em>⁸</em></strong></span> 
     </span>
    </p>
   </div>
   <div class='ocr_carea' id='block_1_113' title="bbox 2157 5740 3718 5820">
    <p class='ocr_par' dir='ltr' id='par_1_113' title="bbox 2157 5740 3718 5820">
     <span class='ocr_line' id='line_1_113' title="bbox 2157 5740 3718 5820; baseline -0.009 -18"><span class='ocrx_word' id='word_1_816' title='bbox 2157 5751 2280 5820; x_wconf 73' lang='grc' dir='ltr'><strong>ἐμοὶ</strong></span> <span class='ocrx_word' id='word_1_817' title='bbox 2308 5751 2362 5803; x_wconf 81' lang='grc' dir='ltr'><strong>δὲ</strong></span> <span class='ocrx_word' id='word_1_818' title='bbox 2383 5749 2664 5820; x_wconf 83' lang='grc' dir='ltr'><strong>θαυμάσαι</strong></span> <span class='ocrx_word' id='word_1_819' title='bbox 2689 5748 2890 5812; x_wconf 74' lang='grc' dir='ltr'><strong>ἔπεισι,</strong></span> <span class='ocrx_word' id='word_1_820' title='bbox 2920 5747 3037 5813; x_wconf 82' lang='grc' dir='ltr'><strong>πῶς</strong></span> <span class='ocrx_word' id='word_1_821' title='bbox 3062 5750 3211 5801; x_wconf 79' lang='grc' dir='ltr'><strong>ἐστιν</strong></span> <span class='ocrx_word' id='word_1_822' title='bbox 3244 5747 3442 5818; x_wconf 78' lang='grc' dir='ltr'><strong>ἐχθρὸς</strong></span> <span class='ocrx_word' id='word_1_823' title='bbox 3471 5743 3563 5798; x_wconf 82' lang='grc' dir='ltr'><strong>καὶ</strong></span> <span class='ocrx_word' id='word_1_824' title='bbox 3584 5740 3718 5793; x_wconf 66' lang='grc' dir='ltr'><strong>ἐκδι-</strong></span> 
     </span>
    </p>
   </div>
   <div class='ocr_carea' id='block_1_114' title="bbox 2159 5826 3716 5910">
    <p class='ocr_par' dir='ltr' id='par_1_114' title="bbox 2159 5826 3716 5910">
     <span class='ocr_line' id='line_1_114' title="bbox 2159 5826 3716 5910; baseline -0.017 -4"><span class='ocrx_word' id='word_1_825' title='bbox 2159 5838 2329 5910; x_wconf 80' lang='grc' dir='ltr'><strong>κητὴς</strong></span> <span class='ocrx_word' id='word_1_826' title='bbox 2376 5841 2405 5892; x_wconf 83' lang='grc' dir='ltr'>ὁ</span> <span class='ocrx_word' id='word_1_827' title='bbox 2459 5837 2704 5902; x_wconf 77' lang='grc' dir='ltr'><strong>διάϐολος</strong></span> <span class='ocrx_word' id='word_1_828' title='bbox 2735 5856 2746 5870; x_wconf 75' lang='grc' dir='ltr'><strong><em>ο</em></strong></span> <span class='ocrx_word' id='word_1_829' title='bbox 2780 5838 2860 5892; x_wconf 81' lang='grc' dir='ltr'><strong>διὸ</strong></span> <span class='ocrx_word' id='word_1_830' title='bbox 2906 5839 3234 5910; x_wconf 85' lang='grc' dir='ltr'><strong>συνεργήσει</strong></span> <span class='ocrx_word' id='word_1_831' title='bbox 3291 5840 3401 5902; x_wconf 81' lang='grc' dir='ltr'><strong>τοῖς</strong></span> <span class='ocrx_word' id='word_1_832' title='bbox 3435 5835 3523 5890; x_wconf 78' lang='grc' dir='ltr'><strong>ὑπ’</strong></span> <span class='ocrx_word' id='word_1_833' title='bbox 3562 5826 3716 5886; x_wconf 81' lang='grc' dir='ltr'><strong>αὐτοῦ</strong></span> 
     </span>
    </p>
   </div>
  </div>
