4102 6414
365 347 480 410 385

1335 345 1944 408 COMMENTARIUS
1980 347 2061 406 IN
2101 345 2634 409 APOCALYPSIN.

3531 349 3644 412 386

368 461 788 528 ἡνιοχουμένοις
819 460 952 512 δέκα
994 461 1211 528 κέρασι,
1243 461 1322 528 τῷ
1357 462 1458 529 μὲν
1513 461 1803 530 φιλαγάθῳ
1856 464 1952 514 καὶ

2066 461 2364 515 honestatis
2386 473 2664 517 auctorem
2689 460 2974 516 Christum
3021 463 3193 516 lleum
3233 473 3484 518 nostrum
3547 479 3646 531 pa-

365 549 650 620 φιλαρέτῳ
689 551 914 621 Χριστῷ
946 552 1026 618 τῷ
1050 551 1169 620 Θεῷ
1205 552 1362 620 ήμῶν
1394 553 1780 616 ἀντιτάξασθαι
1813 568 1826 582 ⁸
1855 554 1953 623 τὴν

363 641 427 694 δὲ
460 641 907 712 ὲκπορνεύσασαν
933 642 997 694 ἐκ
1018 642 1127 694 τῶν
1161 641 1320 696 θείων
1353 644 1585 695 ἐντολῶν
1605 643 1955 715 πολυάνθρω-

367 750 476 786 πον
531 733 686 786 πόλιν
735 734 827 786 καὶ⁴
861 737 984 796 ταῖς
1031 733 1198 788 αὑτοῦ
1246 733 1465 804 ἡδοναῖς
1527 735 1954 805 ὑπηρετήσωσιν

367 825 681 896 ἐρημῶσαι.
707 825 802 878 καὶ
847 825 1006 896 δίκην
1053 825 1350 894 αίμοϐόρου
1385 825 1577 896 θηρίου
1621 826 1732 878 τῶν
1787 827 1954 894 αὐτῆς

367 916 621 983 αἱμάτων
666 916 1017 985 πλησθῆναι·
1070 917 1158 970 ὅτε
1225 915 1322 986 τὴν
1365 916 1568 986 ταύτης
1610 917 1956 986 πυρπόλησιν

369 1007 713 1077 εὐφροσύνης
747 1007 1030 1070 ὑπόθεσιν,
1068 1008 1165 1060 καὶ
1195 1007 1304 1059 τῶν
1331 1007 1690 1078 ἀνθρωπίνων
1734 1009 1956 1080 σαρκῶν

369 1099 473 1168 τὴν
511 1097 854 1166 κατατομὴν,
882 1097 1095 1168 τροφὴν
1123 1097 1336 1150 οἰκείαν
1362 1098 1650 1168 ἡγήσεται·
1685 1098 1781 1150 καὶ
1818 1101 1846 1151 ὁ
1869 1097 1956 1152 ἀεὶ

369 1189 442 1256 τῇ
498 1187 734 1256 διχονοίᾳ
767 1187 1000 1255 χαίρων,
1035 1187 1361 1256 συμφωνίαν
1409 1189 1524 1250 τοῖς
1570 1188 1956 1250 ἀποστατικοῖς

373 1271 516 1330 δέκα
551 1277 858 1347 δωρήσεται
880 1279 1095 1347 κέρασι.
1121 1277 1196 1330 Τὸ
1221 1279 1278 1331 δὲ
1305 1279 1669 1348 ἐπαγόμενον,
1713 1278 1815 1352 [τὸ]
1855 1283 1956 1351 τὴν

370 1367 697 1439 ὲωραμένην
719 1371 954 1436 γυναῖκα
978 1369 1216 1422 νοεῖσθαι
1241 1369 1341 1441 τὴν
1379 1371 1646 1441 μεγίστην
1675 1371 1830 1424 πόλιν
1857 1373 1957 1440 τὴν

373 1461 565 1514 ἐπάνω
601 1461 710 1514 τῶν
757 1462 1024 1531 βασιλέων
1059 1463 1159 1531 τῆς
1199 1462 1306 1532 γῆς
1349 1463 1412 1515 τὸ
1454 1463 1656 1534 κράτος
1702 1463 1956 1534 ἔχουσαν,

374 1553 760 1622 ἀναμφίσολον
789 1556 936 1606 ποιεῖ
967 1553 1027 1607 τὸ
1054 1553 1154 1624 τῆς
1193 1555 1338 1608 κατὰ
1379 1555 1508 1618 τοὺς
1534 1555 1762 1626 καιροὺς
1807 1555 1954 1608 ὲκεί-

372 1658 502 1704 νους
526 1643 837 1713 κρατούσης
865 1644 1188 1710 δυναστείας
1211 1646 1281 1698 τὰ
1304 1645 1450 1716 πάθη
1467 1647 1914 1718 ’προφητεύεσοαι
1938 1663 1954 1680 ·

2059 554 2164 605 lam
2207 553 2575 621 insurgerent,
2605 570 2794 608 verum
2828 555 2994 608 etiam
3035 555 3112 608 uti
3147 554 3466 624 populosam
3498 557 3648 610 illam

2069 643 2366 710 civitatem,
2389 659 2420 697 a
2453 645 2657 702 divinis
2689 648 2977 717 praeceptis
3003 648 3421 713 exfornicatam,
3451 651 3654 719 ipsius-

2057 751 2164 803 que
2182 735 2446 790 voluntati
2471 749 2526 792 et
2555 738 2816 807 voluptati
2849 740 3038 794 sedqu
3067 740 3532 796 obsecundantem
3556 783 3571 808 ,
3593 743 3650 798 in

2057 825 2404 880 solitudinem
2437 827 2683 898 redigere
2711 867 2725 892 ,
2760 829 3114 900 ejusdemque
3163 833 3430 900 sanguine
3477 832 3653 887 instar

2055 917 2358 970 cat-nivem
2393 917 2584 973 bellua:
2614 933 2736 974 sese
2763 921 2982 990 explere
3001 963 3016 986 ,
3056 937 3268 976 necnon
3309 939 3374 976 ex
3397 924 3652 978 vastitate

2057 1018 2110 1062 et
2138 1009 2561 1078 depopulatione
2594 1011 2734 1080 ejus.
2771 1012 2969 1066 notitia:
3012 1014 3290 1068 materiam
3339 1029 3555 1084 capere,
3597 1026 3652 1070 et

2060 1115 2256 1154 Carues
2283 1102 2550 1156 lmmanas
2576 1101 2630 1154 in
2659 1102 2832 1157 frusta
2860 1104 3132 1167 concisas,
3170 1106 3222 1157 in
3257 1120 3436 1159 escam
3471 1117 3526 1160 et
3545 1107 3648 1159 ali—

2062 1199 2304 1244 mentutn
2335 1201 2563 1258 vertere,
2593 1195 2834 1246 animum
2866 1195 3202 1248 induecrent.
3227 1197 3470 1266 Denique
3511 1213 3652 1266 quo-

2061 1283 2224 1336 modo
2253 1284 2302 1336 is
2339 1283 2434 1348 qui
2458 1282 2706 1338 dissidiis
2781 1286 3185 1355 discordiisque
3214 1287 3442 1341 mirilice
3473 1289 3652 1357 pasci-

2061 1383 2180 1439 tur,
2233 1375 2374 1428 inter
2431 1375 2618 1430 decem
2681 1377 2771 1429 illa
2830 1379 3132 1446 apostatica
3195 1394 3400 1433 cornua
3463 1395 3648 1450 pacem

2058 1468 2522 1538 concordiamque
2553 1469 2849 1522 conciliare
2893 1470 3150 1538 potuerit,
3191 1481 3285 1526 aut
3334 1472 3497 1526 etiam
3561 1489 3654 1526 vo-

2061 1556 2255 1622 luerit.
2301 1555 2476 1612 Porro
2529 1568 2714 1612 autem
2759 1573 2885 1612 cum
2943 1559 3250 1630 subiungit,
3302 1570 3650 1629 conspectam

2059 1646 2339 1700 mulierem
2379 1646 2656 1702 civitatem
2709 1647 2856 1700 illam
2888 1663 3138 1716 magnam
3167 1662 3312 1712 esse,
3339 1665 3460 1718 quae
3489 1665 3654 1720 super

370 1726 452 1786 ὧν
484 1733 582 1804 τῆς
615 1733 812 1806 πείρας
847 1738 876 1788 ὁ
908 1735 1291 1807 φιλάνθρωπος
1323 1738 1453 1801 Θεὸς
1497 1736 1702 1811 [ἡμῶν]
1731 1737 1958 1809 λυτρού-

2066 1752 2216 1806 reges
2246 1747 2404 1792 terra:
2461 1737 2746 1806 imperium
2787 1737 3038 1805 obtinet,
3097 1740 3168 1794 de
3219 1741 3654 1808 impendentibus

376 1842 541 1893 μενος
597 1829 785 1896 ἡμᾶς,
845 1830 910 1898 τῇ
967 1831 1280 1899 ἐπουρανίῳ
1337 1829 1673 1900 μητροπόλει
1729 1833 1795 1901 τῇ
1843 1831 1956 1884 ἀνω

386 1916 750 1986 Ἰερουσαλὴμ
775 1917 1133 1985 ὲγκαταλέξοι
1159 1935 1172 1948 ·
1207 1922 1265 1972 ὲν
1363 1922 1431 1974 τὰ
1477 1923 1658 1976 πάντα
1699 1922 1758 1974 ὲν
1789 1921 1956 1976 πᾶσιν
1987 1961 1990 1965 ι

374 2007 530 2062 ἔσται
578 2010 766 2073 αὐτὸς,
799 2011 945 2065 κατά
1006 2013 1098 2066 τὸν
1132 2011 1278 2066 θεῖον
1317 2013 1620 2068 ἀπόστολον
1648 2029 1662 2042 ’
1695 2015 1784 2068 ὅτε
1821 2032 1956 2067 κατ-

375 2101 613 2170 αργήσει
663 2103 848 2156 πᾶσαν
889 2103 1068 2174 ἀρχὴν
1109 2103 1330 2175 (δηλαδὴ
1357 2105 1778 2176 ἀποστατικὴν),
1805 2105 1958 2170 ἐξου-

377 2191 502 2244 σίαν
541 2193 637 2245 καὶ
679 2193 910 2265 δύναμιν
945 2211 959 2224 '
1001 2196 1249 2259 καὶτοὺς
1295 2197 1507 2258 πιστῶς
1550 2197 1646 2250 καὶ
1673 2199 1960 2269 φρονίμως

377 2281 614 2336 ἐνταῦθα
651 2283 800 2354 αὐτῷ
843 2283 1260 2350 δουλεύσαντας,
1301 2284 1602 2348 ἀνακλινεῖ,
1633 2286 1729 2338 καὶ
1773 2285 1960 2338 διακο·

378 2373 536 2443 νήσει
589 2375 772 2437 αὐτοῖς
806 2392 819 2406 ·
849 2377 1094 2430 τουτέστι
1138 2379 1320 2430 πᾶσαν
1360 2377 1460 2448 τὴν
1490 2377 1599 2430 ἀπὸ
1653 2377 1962 2446 καταδολῆς

379 2465 592 2536 κόσμου
633 2467 1040 2536 ἡτοιμασμένην
1069 2468 1180 2520 τῶν
1211 2467 1446 2522 αἰωνίων
1487 2466 1712 2536 ἀγαθῶν
1756 2468 1964 2538 προθή-

381 2573 470 2609 σει
511 2559 699 2622 αὐτοῖς
729 2559 1053 2614 ἀπόλαυσιν.
1081 2554 1190 2624 Ἷις
1216 2561 1312 2614 καὶ
1346 2562 1498 2632 ἡμᾶς
1529 2559 1832 2630 ἀξιωθῆναι
1867 2561 1962 2628 γέ-

379 2666 550 2716 νοιτο,
585 2653 643 2702 ὲν
669 2652 893 2721 Χριστῷ
936 2651 1012 2722 τῷ
1041 2651 1256 2722 Σωτῆρι
1283 2653 1378 2706 καὶ
1405 2654 1669 2723 Λυτρωτῇ
1708 2651 1818 2705 τῶν
1861 2651 1966 2718 ψυ-

381 2741 495 2814 χῶν
518 2741 698 2812 ήμῶν·
739 2743 862 2814 μεθ’
891 2740 953 2797 οὗ
983 2745 1061 2813 τῷ
1090 2744 1268 2812 Πατρὶ
1288 2746 1321 2814 ἠ
1350 2743 1478 2806 δόξα
1507 2745 1600 2796 καὶ
1634 2742 1696 2795 τὸ
1741 2744 1962 2812 κράτος,

379 2833 502 2902 ἃμα
534 2835 612 2905 τῷ
659 2835 910 2905 παναγίῳ
941 2838 1037 2890 καὶ
1090 2835 1341 2906 ζωοποιῷ
1383 2835 1686 2904 ιΙνεύματι,
1721 2833 1818 2889 νῦν
1870 2835 1966 2888 καὶ

377 2925 492 2990 ἀεὶ,
519 2925 615 2978 καὶ
641 2929 720 2990 είς
749 2927 874 2988 τοὺς
895 2926 1100 2990 αἰῶνας
1136 2926 1246 2978 τῶν
1278 2926 1516 2980 αἰώνων.
1556 2927 1752 2996 Ἀμήν.

2060 1829 2265 1882 civitati
2292 1830 2369 1882 illi
2405 1831 2669 1885 arumnis
2695 1841 2750 1883 et
2781 1830 3044 1886 crucibus
3075 1832 3238 1886 verba
3289 1833 3405 1886 fieri
3467 1845 3654 1902 aperte

2063 1920 2347 1986 insinuat;
2380 1936 2504 1990 qua:
2533 1923 2636 1989 per
2671 1921 2808 1976 illud
2839 1929 3058 1992 tempus
3093 1938 3274 1977 rerum
3303 1923 3558 1993 potietur.
3591 1910 3654 1978 Ἀ

2061 2028 2294 2080 quarum
2329 2012 2728 2078 calamitatum,
2759 2029 3012 2078 crucum,
3040 2025 3098 2069 et
3130 2031 3500 2072 aerumnarum
3554 2033 3654 2073 ex-

2063 2105 2350 2172 perientia,
2379 2105 2617 2159 clemens
2658 2113 2713 2158 et
2761 2105 3032 2174 benignus
3076 2104 3220 2160 Deus
3271 2122 3373 2160 nos
3431 2107 3650 2172 liberet,

2062 2195 2413 2264 cmlestisque
2448 2193 2912 2264 Metropolianoc
2944 2205 3028 2250 cst
3066 2211 3318 2265 superna:
3345 2195 3651 2252 Jerusalem

2063 2286 2272 2340 civibus
2309 2301 2408 2341 nos
2443 2298 2748 2341 accenseat.
2781 2286 2838 2340 In
2873 2303 2978 2356 qua
3010 2302 3144 2342 sane
3190 2289 3396 2343 caelesti
3431 2289 3654 2344 Jerusa.

2066 2378 2191 2440 lem,
2250 2377 2408 2445 juna
2481 2378 2710 2448 apostoli
2758 2377 3109 2440 doctrinam,
3155 2379 3272 2448 ipse
3320 2383 3425 2436 erit
3467 2386 3652 2438 omnia

2068 2469 2121 2522 in
2176 2469 2436 2523 omnibus
2479 2506 2496 2532 ,
2556 2470 2776 2538 quando
2835 2469 3096 2522 nimirum
3137 2480 3342 2526 evertet
3389 2483 3445 2527 et
3495 2490 3654 2530 enerc

2067 2558 2216 2612 vabit
2289 2572 2508 2612 omnem
2586 2567 2864 2612 terrenum
2933 2559 3300 2629 principatum
3333 2602 3347 2626 ,
3402 2579 3658 2620 munem-

2068 2665 2176 2718 que
2206 2651 2565 2718 apostaticam
2627 2650 2924 2718 potentiam
2971 2659 3026 2704 et
3082 2651 3378 2720 virtutem;
3441 2671 3653 2712 necnon

2069 2741 2189 2795 illos
2217 2741 2310 2810 qui
2343 2740 2570 2795 ﬁdeliter
2613 2749 2666 2795 et
2729 2741 3026 2810 prudenter
3055 2742 3145 2796 hic
3187 2744 3265 2798 illi
3323 2748 3656 2812 servierunt,

2069 2833 2140 2885 ad
2201 2847 2448 2886 mensam
2521 2847 2674 2910 suam
2741 2834 3065 2888 accumbere
3119 2834 3318 2902 fat-iet,
3375 2848 3658 2908 totumque

2069 2935 2400 2980 talentorum
2463 2923 2732 2977 bonorum
2793 2935 3112 2994 apparatum
3187 2943 3218 2982 a
3265 2929 3660 2984 constitutione

380 3017 568 3069 mundi
599 3025 982 3087 praeparatum,
1010 3018 1165 3086 quasi
1189 3021 1436 3074 omnium
1468 3019 1744 3086 minister,
1771 3018 1825 3073 in
1866 3032 2026 3072 usum
2053 3027 2105 3070 et
2131 3016 2446 3071 I'ruitionem
2481 3015 2615 3085 ipsis
2633 3026 2890 3085 apponet.
2909 3015 3152 3084 Quarum
3184 3033 3368 3074 rerum
3389 3033 3653 3090 apparatu

377 3111 823 3167 etl'ruitionenos
862 3129 1083 3184 quoque
1121 3115 1272 3183 digni
1325 3114 1650 3181 habeantur,
1671 3129 1766 3185 per
1786 3115 2066 3169 Christum
2099 3112 2286 3166 Iesum
2319 3111 2630 3166 animarum
2657 3123 2970 3164 nostrarum
2995 3124 3356 3178 assertorem;
3389 3127 3512 3168 cum
3543 3129 3658 3185 quo

379 3202 598 3258 Patrem
639 3216 691 3260 et
721 3207 990 3275 Spiritum
1021 3218 1272 3261 sanctum
1303 3206 1458 3262 decet
1481 3208 1652 3278 gloria
1686 3207 2066 3276 etimperium,
2100 3220 2242 3260 nunc
2261 3213 2317 3259 et
2334 3218 2574 3274 semper,
2605 3213 2660 3256 et
2695 3202 2750 3258 in
2788 3203 2992 3258 sarcula
3013 3205 3358 3259 saeculorum.
3383 3205 3582 3263 Amen.

767 3365 1021 3418 ΚΕΦΑΛ.
1049 3361 1176 3416 ΝΕ¹.
1199 3365 1418 3417 ΛΟΓΟΣ
1446 3363 1548 3417 ΙΘ’.

385 3475 530 3546 Περὶ
565 3477 774 3546 ἐτέρου
822 3475 1092 3546 ἀγγέλου
1153 3476 1268 3544 τὴν
1322 3473 1559 3530 πτῶσιν
1601 3475 1962 3540 Βαϐυλῶνος

458 3547 796 3612 δηλοῦντος
821 3562 836 3574 °
863 3547 963 3616 καὶ
1005 3548 1292 3616 οὐρανίου
1333 3546 1563 3615 φωνῆς,
1591 3547 1706 3613 τὴν
1747 3547 1816 3599 ἐκ
1851 3546 1963 3616 τῆς

448 3621 682 3682 πόλεως
725 3615 934 3686 φυγὴν
979 3615 1422 3686 ἐντέλλομέν-ης
1449 3631 1464 3646 ·
1504 3617 1606 3686 καί
1663 3616 1796 3684 περὶ
1851 3615 1964 3684 τῆς

439 3683 754 3756 ἀποϐολῆς
793 3683 914 3742 τῶν
935 3687 1212 3755 τερπνῶν
1235 3683 1325 3742 ὧν
1343 3683 1488 3756 πρὶν
1509 3683 1820 3754 ἐκέκτητο.

449 3825 610 3898 [Kal]
635 3825 786 3895 μετὰ
825 3825 1014 3878 ταῦτα
1048 3823 1216 3878 εἶδον
1256 3823 1452 3878 ἄλλον
1503 3823 1767 3893 ἄγγελον
1789 3837 1966 3874 κατα-

379 3923 670 3977 ϐαίνοντα
696 3920 765 3972 ἐκ
803 3918 910 3973 τοῦ
953 3916 1240 3987 οὐρανοῦ,
1279 3919 1500 3987 ἔχοντα
1529 3915 1826 3981 ἐξουσίαν
1857 3930 1963 3982 με·

383 4015 584 4086 τάλην
605 4031 620 4046 ’
649 4014 747 4068 καί
776 4015 815 4082 η
841 4013 917 4084 γῆ
949 4013 1249 4083 ἐφωτίσθη
1287 4014 1356 4068 ἐκ
1401 4011 1513 4080 τῆς
1541 4012 1728 4077 δόξης
1755 4009 1966 4066 αὑτοῦ.

453 4105 768 4160 Κάντεῦθεν
798 4106 859 4159 τδ
919 4106 1183 4175 φωτεινὸν
1218 4107 1314 4160 καὶ
1339 4105 1594 4176 λαμπρὸν
1647 4105 1758 4157 τῶν
1795 4105 1967 4170 ἁγίων

387 4177 671 4252 δείκνυται
704 4200 1023 4268 Δυνάμεων,
1058 4195 1239 4267 πολλῷ
1269 4197 1346 4268 τῷ
1399 4197 1585 4268 μέτρῳ
1631 4196 1692 4248 τὸ
1722 4193 1968 4266 ἀστρῷον

385 4292 480 4343 καὶ
512 4289 862 4361 φωστηρικὺν
887 4289 1196 4360 ὑπερνικῶν
1224 4288 1442 4360 [κάλλος
1467 4285 1586 4359 καὶ]
1629 4287 1810 4347 σέλας.

457 4559 568 4615 Καὶ
619 4559 878 4627 ἔκραξεν
903 4557 1130 4626 Ζσχυρᾷ
1172 4557 1347 4628 φωνῇ
1391 4553 1698 4628 [usq-diu],
1729 4557 1966 4626 λέγων’

389 4655 681 4718 Ἔπεσεν,
725 4651 950 4706 ἔπεσεν
1005 4651 1092 4724 [ἡ]
1147 4649 1442 4706 Βαϐυλὼν
1469 4651 1506 4718 η
1537 4649 1770 4719 μεγάλη
1797 4667 1811 4680 ·
1869 4649 1968 4702 καὶ

386 4745 628 4817 ἐγένετο
681 4745 1141 4812 κατοικητήριον
1203 4744 1541 4813 δαιμόνων,
1587 4743 1684 4796 καὶ
1726 4743 1972 4812 φυλακὴ

387 4837 620 4902 παντὸς
655 4837 996 4905 πνεύματος
1023 4835 1362 4905 ἀκαθάρτου
1393 4835 1492 4889 καὶ
1516 4835 1932 4904 μεμισημένου
1957 4849 1972 4864 ⁸

389 4931 482 4985 ὅτι
516 4931 588 4985 ἐκ
621 4931 728 4984 τοῦ
764 4930 956 5000 θυμοῦ
986 4929 1095 4982 τοῦ
1127 4929 1300 4983 οινου
1353 4929 1466 4997 τῆς
1505 4931 1790 4997 πορνείας
1841 4927 1974 5000 [αὑ-

389 5022 540 5096 τῆς]
562 5023 876 5077 πεπτώκασι
906 5021 1106 5075 πάντα
1137 5023 1210 5074 τὰ
1238 5021 1406 5089 ἔθνη.

461 5137 600 5208 Περὶ
637 5135 694 5189 δὲ
731 5134 830 5205 τῆς
867 5133 1154 5188 Χαλδαίων
1183 5133 1572 5206 μητροπόλεως
1603 5131 1970 5206 [Βαϐυλῶνος]

389 5229 489 5301 τῆς
515 5228 621 5283 ὑπὸ
651 5227 835 5299 Κύρου
867 5227 962 5280 καὶ
997 5227 1225 5297 Περσῶν
1262 5226 1522 5297 ἀλούσης,
1548 5227 1642 5281 καὶ
1673 5227 1732 5278 ὲν
1771 5225 1972 5296 Ἡσαΐᾳ

394 5321 634 5392 συγγενῆ
683 5320 898 5384 τούτοις
957 5319 1411 5390 προεφητεύετο·
1453 5320 1548 5374 ἅτε
1610 5318 1817 5389 θηρίων
1876 5319 1976 5372 καὶ

391 5413 723 5483 πνευμάτων
755 5411 1086 5482 ἀκαθάρτων
1119 5410 1465 5482 πληροῦσθαι
1509 5409 1836 5481 μελλούσης,
1887 5409 1976 5464 διὰ

393 5505 541 5578 [τὴν]
567 5504 804 5576 παντελῆ
835 5505 1138 5575 ἐρήμωσιν.
1178 5503 1339 5566 Ἐθος
1369 5503 1480 5572 γὰρ
1523 5506 1636 5566 τοῖς
1668 5520 1727 5556 τε
1757 5501 1976 5574 θηρίοις

393 5601 508 5662 τοῖς
531 5615 590 5651 τε
623 5600 879 5668 πονηροῖς
899 5596 1144 5668 δαίμοσι,
1173 5603 1274 5660 τὰς
1306 5596 1546 5668 ἐρήμους
1582 5594 1800 5648 διώκειν
1835 5609 1850 5625 ⁸
1887 5595 1975 5649 διά

393 5707 454 5742 τε
489 5689 590 5758 τήν
619 5687 774 5740 θείαν
812 5688 1150 5756 οἰκονομίαν,
1200 5686 1298 5756 τῆς
1345 5686 1530 5739 αὐτῶν
1565 5685 1799 5757 ’βλάϐης
1845 5686 1974 5748 τοὺς

395 5778 718 5851 ἀνθρώπους
749 5777 1146 5850 ἐλευθεροῦσαν
1179 5817 1194 5844 ,
1231 5777 1319 5832 διά
1357 5793 1416 5830 τε
1466 5775 1528 5830 τὸ
1554 5777 1756 5830 οἰκεῖον
1783 5776 1977 5847 μισάν-

2484 3355 2716 3412 CAPUT
2747 3355 2857 3412 LV.
2895 3355 3126 3412 SERMO
3151 3357 3296 3418 XIX.

2067 3471 2146 3527 De
2184 3471 2290 3524 alio
2330 3473 2516 3542 angelo
2543 3471 2832 3541 Babylonis
2879 3473 3089 3526 ruinam
3137 3473 3481 3530 denuntiante
3511 3493 3530 3532 .'
3561 3477 3655 3533 de-

2139 3559 2236 3611 que
2273 3544 2470 3596 cmlesti
2511 3559 2648 3608 race,
2689 3559 2793 3610 qua
2827 3544 3000 3596 sancti
3028 3545 3292 3598 civitatem
3317 3547 3577 3608 .deserere
3600 3559 3652 3604 et

2139 3615 2430 3734 Eoluptates
2449 3613 2634 3683 quibus
2653 3621 2775 3665 ante
2789 3611 3121 3681 fruebantur,
3143 3615 3333 3668 missas
3368 3616 3542 3684 facere
3557 3619 3655 3690 ju-

2174 3691 2352 3734 enlur.

2174 3691 2352 3738 entur.

2141 3813 2326 3882 XVIII,
2379 3813 2432 3869 1.
2480 3812 2550 3868 Et
2580 3823 2700 3884 post
2761 3815 2876 3872 licet:
2906 3815 3015 3872 vidi
3061 3815 3230 3872 alium
3271 3819 3520 3890 angelum
3558 3822 3656 3878 de-

2077 3912 2410 3966 scendentem
2445 3909 2512 3964 de
2545 3909 2696 3974 crelo,
2726 3911 3002 3965 habentem
3027 3923 3340 3982 potestatem
3373 3933 3654 3987 magnam,

2074 4013 2122 4059 et
2141 4013 2280 4058 terra
2297 4003 2602 4056 illuminata
2623 4014 2703 4057 est
2735 4019 2767 4056 τι
2807 4004 2982 4073 gloria
3015 4005 3154 4074 ejus.

2091 4097 2094 4100 '
2143 4095 2250 4166 ει
2279 4093 2358 4148 Es
2389 4094 2490 4148 hoc
2517 4095 2664 4148 clare
2695 4096 3024 4160 ostenditur,
3062 4108 3302 4166 quantus
3332 4114 3654 4158 sanctarum

2082 4184 2354 4238 Virtutum
2387 4183 2459 4238 sit
2488 4183 2747 4252 splendor
2765 4193 2820 4236 et
2851 4185 2984 4238 lux:
3026 4187 3215 4241 inultis
3249 4203 3490 4258 namque
3525 4205 3653 4260 par-

2076 4276 2224 4330 tibus
2272 4273 2486 4328 illarum
2529 4273 2909 4341 pulchritudo,
2961 4284 3226 4330 venustas
3269 4287 3324 4332 et
3371 4278 3655 4348 Splendor,

2077 4366 2359 4422 stellarum
2391 4365 2557 4435 jubar
2585 4377 2638 4418 et
2668 4365 3032 4420 luminarium
3074 4367 3198 4422 caeli
3226 4369 3576 4439 splendorem
3601 4383 3660 4428 et

2079 4467 2422 4512 venustatem
2454 4455 2688 4511 excedit.

2153 4547 2342 4613 XVIII,
2365 4548 2420 4610 2,
2449 4547 2502 4600 5.
2530 4545 2597 4600 Et
2619 4545 2939 4602 exclamavit
2970 4547 3025 4602 in
3061 4549 3397 4618 fortitudine,
3432 4551 3610 4609 dicens
3637 4569 3658 4609 :

2079 4642 2304 4706 Cecidit,
2329 4640 2516 4695 cecidit
2538 4637 2782 4708 Babylon
2805 4656 3034 4709 magna;
3057 4653 3101 4694 et
3127 4642 3273 4711 facta
3289 4654 3368 4698 est
3395 4645 3660 4701 habitatio

2005 4713 2052 4772 θ
2077 4737 2488 4798 da'moniorum,
2519 4742 2568 4787 et
2599 4733 2840 4786 custodia
2885 4737 3054 4788 omnis
3103 4739 3325 4805 spiritus
3375 4741 3658 4804 immundi,

2074 4839 2124 4884 et
2171 4829 2414 4882 custodia
2464 4827 2636 4879 onmis
2700 4825 2931 4879 volucris
2981 4827 3274 4884 immunda:
3315 4841 3364 4884 et
3411 4832 3712 4900 odibilis;4

2073 4921 2198 4992 quia
2233 4921 2298 4974 de
2329 4920 2444 4972 vino
2481 4918 2579 4971 ira:
2627 4917 2970 4971 scca-talionis
3021 4917 3136 4984 ejus
3191 4920 3434 4976 biberunt
3480 4939 3659 4978 omnes

2074 5023 2270 5085 gentes.

2155 5131 2253 5188 His
2284 5144 2539 5205 cognata,
2571 5135 2954 5191 Chaldaeorum
2979 5147 3199 5204 quoque
3235 5131 3524 5202 metropoli
3553 5131 3661 5186 Ba-

2081 5225 2289 5298 byloni,
2324 5244 2446 5296 quae
2475 5245 2502 5282 a
2529 5227 2674 5298 Cyro
2709 5227 3002 5282 Persarum
3035 5240 3162 5292 rege
3189 5235 3348 5294 capta
3385 5233 3490 5290 est,
3518 5221 3662 5280 Deus

2073 5335 2170 5390 per
2199 5317 2394 5374 Isaiam
2429 5322 2798 5376 comminatur
2830 5337 2842 5372 :
2877 5317 3147 5388 siquidem
3179 5318 3244 5370 ad
3269 5315 3659 5385 designanda":

2074 5409 2372 5480 perfectam
2441 5411 2588 5465 illius
2637 5408 3039 5465 desolationem
3077 5418 3132 5462 et
3178 5406 3492 5461 vastitatem
3541 5403 3664 5459 fore

2073 5503 2338 5573 przedicit,
2371 5503 2581 5558 utferis
2611 5501 3017 5571 immundisque
3038 5497 3321 5570 spiritibus
3351 5496 3661 5565 impleatur.

2080 5591 2271 5646 Solent
2329 5607 2567 5663 namque
2603 5591 2732 5650 ferae
2787 5591 2984 5646 bellua:
3015 5589 3354 5660 malignique
3381 5587 3663 5642 daemones

2084 5685 2302 5739 deserta
2345 5685 2466 5740 loca
2533 5683 2878 5752 consectari;
2945 5683 3144 5754 partim
3203 5681 3466 5753 quidem,
3517 5681 3662 5751 quod

2087 5777 2308 5834 caeleste
2365 5792 2572 5833 numen
2615 5777 2884 5856 homines
2945 5791 3057 5830 non
3110 5774 3322 5844 alisque
3395 5773 3664 5844 singulari
