4102 6412
438 349 548 412 38θ

1424 351 2035 414 COMMENTARIUS
2068 352 2154 413 VIN
2191 351 2727 414 APOCALYPSIN.

3617 357 3726 420 390

435 463 614 534 eum;
649 461 847 529 λέγειν,
901 461 950 514 el
988 463 1067 532 μὴ
1113 459 1259 523 θεῖος
1308 463 1499 524 αὐτοῖς
1534 464 1796 533 πρόσεστι
1843 463 2034 529 φόϐος,

2145 462 2475 531 transigunt,
2515 464 2617 518 nisi
2639 465 2829 518 forsan
2851 464 3073 518 divinus
3103 465 3267 520 timor
3299 466 3446 536 ipsos
3475 478 3727 524 coerceat

437 558 526 609 Οὐ
548 555 635 624 μὴ
657 553 936 607 σαῖευθῶ
957 555 1045 619 εις
1069 553 1176 606 τὸν
1195 551 1402 608 αἰῶνα.
1433 555 1500 606 "0
1529 555 1827 626 καὶταύτῃ
1859 571 2030 624 προσ-

437 644 896 715 μεμαρτύρηκεν.

510 821 613 874 Διὰ
640 819 815 874 τοῦτο
837 822 906 873 ἐν
921 819 1034 890 μιᾷ
1058 822 1253 890 ἡμέρᾳ
1293 822 1560 888 ἥξουσιν
1589 826 1649 875 al
1681 825 1908 894 πληγαὶ
1930 827 2035 880 αὐ-

432 912 572 982 τῆς,
601 913 852 978 θάνατος
891 915 989 966 καὶ
1023 917 1246 979 πένθος
1281 914 1380 967 καὶ
1404 915 1582 983 λιμός
1608 933 1624 948 ⁶
1658 917 1758 971 καὶ
1795 918 1864 970 ἐν
1889 918 2031 987 :zvpl

434 1007 973 1070 κατακαυθήσεται
1004 1023 1017 1036 ’
1053 1007 1142 1061 ὅτι
1168 1007 1426 1074 ἰσχυρὸς
1453 1009 1671 1076 Κύριος
1724 1013 1758 1063 ό
1811 1013 1958 1078 Θεὸς
2001 1015 2035 1065 ό

433 1101 652 1166 κρίνας
685 1095 904 1164 αὺτῆν.

504 1193 668 1245 Μίαν
698 1189 754 1243 δὲ
801 1185 1031 1260 ἡμέραν
1060 1193 1226 1262 φησὶν
1250 1233 1264 1254 ,
1305 1194 1338 1264 ἢ
1374 1193 1436 1246 τὸ
1457 1191 1665 1262 -ὰθρύον
1699 1193 1794 1246 καὶ
1849 1193 2034 1261 ὀλίγον

431 1280 532 1334 τοῦ
560 1281 779 1351 καιροῦ,
816 1284 873 1333 ἐν
896 1276 940 1349 ᾧ
969 1281 1030 1334 ἐκ
1063 1299 1121 1335 τε
1160 1287 1462 1354 ῥομφαίας,
1499 1285 1563 1336 ἐκ
1601 1296 1658 1336 τε
1689 1283 1881 1354 λοιμοῦ
1939 1285 2035 1336 καὶ

431 1379 620 1448 λιμοῦ,
660 1380 855 1442 πένθος
887 1381 1025 1450 αὐτῇ
1074 1381 1556 1452 προσγενήσεσθαι
1609 1382 1704 1436 καὶ
1750 1384 2033 1452 φθαρήσε-

435 1471 566 1524 σθαι
609 1471 704 1524 καὶ
752 1471 889 1539 πυρὶ
930 1475 1453 1544 κατακαυθήσεσθαι
1488 1493 1500 1505 ·
1534 1476 1566 1544 ἢ
1601 1476 1693 1528 καὶ
1723 1475 1895 1544 αὐτῆς
1933 1475 2034 1544 τῆς

433 1562 778 1634 ήμέριιςτδν
798 1563 1023 1633 δρόμον,
1062 1555 1186 1638 ἐνῇ
1240 1567 1416 1620 ταῦτα
1475 1568 1646 1637 αὐτὴν
1696 1567 2034 1638 προφητεύει

432 1654 750 1710 πείσεσθαι.
797 1656 952 1708 Μετὰ
1009 1657 1120 1727 γὰρ
1172 1659 1234 1712 τὺ
1282 1661 1576 1729 ἐγκρατεῖς
1638 1659 1895 1728 γενέσθαι
1934 1659 2036 1730 τῆς

434 1747 651 1807 πόλεως
681 1747 812 1810 τοὺς
841 1747 1094 1819 ἐχθροὺς,
1127 1751 1352 1821 ἐξαρκεῖ
1369 1753 1461 1804 καὶ
1478 1752 1580 1822 μία
1613 1752 1818 1823 ἡμέρα,
1850 1753 2032 1805 πᾶσαν

2141 563 2306 622 atque
2333 555 2831 618 conti-neatydieere
2853 574 2867 610 :
2891 555 3014 608 Non
3037 557 3285 610 movebar
3299 559 3358 610 in
3379 568 3630 612 retentant
3654 561 3726 627 ⁸¹;

2140 645 2193 698 id
2237 645 2383 714 quod
2421 647 2539 701 haec
2569 648 2691 717 ipsa
2723 661 2944 717 quoque
2977 649 3175 703 mulier
3203 649 3448 704 adultera
3468 651 3578 706 sibi
3610 653 3727 723 pol-

2137 734 2334 789 licetur
2355 753 2369 801 ;
2404 737 2500 791 sed
2533 753 2693 793 vane.

2210 826 2397 892 XVIII,
2420 831 2473 884 8.
2505 828 2635 884 Ideo
2657 832 2710 884 in
2736 833 2948 886 unadie
2969 833 3170 886 venient
3201 833 3374 904 plaga:
3393 835 3533 904 ejus,
3560 851 3724 900 mors,

2137 930 2186 972 et
2217 920 2412 985 luctus,
2443 931 2492 974 et
2529 923 2734 992 fontes;
2773 934 2823 977 et
2858 926 2977 993 igne
3005 926 3384 990 comburetur;
3413 929 3538 998 quia
3568 929 3726 998 [ortis

2136 1023 2210 1064 est
2249 1013 2507 1067 Dominus
2551 1015 2714 1079 Deus,
2740 1017 3114 1088 quijudicabit
3149 1018 3324 1073 illaut.

2219 1194 2322 1248 Per
2343 1213 2505 1250 unum
2535 1198 2674 1252 diem
2703 1199 2947 1254 insimtat
2967 1201 3049 1255 vel
3081 1202 3348 1270 temporis
3377 1203 3725 1270 brevitatem,

2143 1289 2224 1342 vel
2280 1291 2550 1343 malorum
2603 1303 2828 1360 repente
2883 1293 3211 1347 irruentium
3265 1292 3724 1365 magnitudinem.

2138 1380 2318 1434 Simul
2355 1395 2592 1451 namque
2616 1397 2680 1436 ex
2709 1383 2892 1452 gladio
2920 1392 2974 1438 et
3001 1383 3144 1438 fame
3175 1381 3356 1440 lu'ctus
3377 1386 3452 1439 illi
3480 1385 3724 1452 accedet;

2131 1479 2293 1540 'peste
2343 1471 2533 1526 adltaec
2565 1484 2692 1526 ante
2739 1483 2969 1540 tentata,
3019 1475 3144 1544 igne
3195 1477 3573 1532 comburetur.
3612 1480 3725 1532 Aut

2131 1569 2236 1630 per
2267 1578 2436 1616 unum
2467 1564 2612 1618 diem
2645 1563 2819 1634 ipsam
2857 1565 2966 1620 diei
3016 1566 3324 1636 periodum,
3355 1566 3408 1621 in
3441 1585 3549 1638 qua
3580 1569 3724 1624 mala

2138 1654 2328 1709 istltzec
2358 1673 2478 1710 eam
2513 1657 2771 1723 obruent,
2820 1657 3104 1728 designat;
3145 1657 3415 1729 siquidem
3475 1659 3566 1714 ubi
3601 1661 3724 1714 ini-

2138 1747 2268 1802 mici
2298 1749 2521 1804 civitate
2568 1745 2728 1819 potiti
2771 1749 2995 1816 fuerint,
3031 1764 3116 1806 sat
3149 1762 3234 1806 est
3266 1747 3348 1805 vel
3377 1767 3483 1805 una
3510 1751 3628 1807 dies
3655 1753 3724 1807 ad

431 1841 550 1904 τοῖς
581 1841 902 1910 ἡττηθεῖσιν
926 1843 1235 1910 ἐπαγαγεῖν
1293 1843 1540 1897 κάκωσιν
1586 1851 1683 1897 καὶ
1732 1845 2029 1908 πολυειδεῖς

2139 1839 2484 1895 inferendum
2523 1841 2722 1896 letltale
2764 1843 3159 1897 detrimentum
3215 1844 3474 1898 omnibus
3518 1845 3585 1900 iis
3629 1845 3724 1915 qui

438 1932 677 1986 θανᾶτου
708 1934 986 2003 τρόπους·
1030 1935 1310 2005 ἰσχύοντος
1357 1936 1450 1988 τοῦ
1508 1936 1645 1988 Θεοῦ
1677 1934 1868 2006 ὥσπερ
1919 1934 2030 2006 Ιτό]

437 2023 637 2087 σώζειν
662 2025 788 2086 τοὺς
820 2025 1252 2096 εὐαρεστοῦντας
1291 2027 1464 2097 αὐτῷ,
1492 2026 1635 2080 οὕτω
1661 2029 1754 2080 καὶ
1781 2028 2031 2092 κολάζειν

437 2115 574 2178 τοὺς
601 2113 990 2187 ἀνμετανοῆτως
1010 2115 1516 2189 ἐξαμαρτάνοντας.

518 2382 629 2437 Καὶ
654 2383 1028 2437 κλαύσονται
1059 2385 1281 2451 αὐτὴν,
1319 2385 1417 2438 καὶ
1457 2388 1752 2454 κόψονται
1786 2387 1888 2441 ἀπ’
1918 2389 2028 2440 αὺ-

431 2473 550 2541 τῆς
572 2477 625 2528 ol
650 2475 938 2541 ,βασιλεῖς
966 2477 1076 2542 τῆς
1111 2475 1247 2545 γῆς,
1289 2480 1344 2528 ol
1384 2479 1509 2545 μετ’
1535 2477 1728 2544 αὐτῆς
1779 2478 2032 2545 πορνεύ-

431 2581 666 2629 σαντες
721 2564 819 2616 καὶ
857 2565 1364 2633 στρηνιάσαντες,
1411 2564 1559 2618 ὅταν
1586 2566 1869 2629 βλέπωσι
1925 2565 2033 2618 τὸν

431 2657 678 2709 καπνὸν
730 2655 842 2726 τῆς
901 2656 1227 2724 πυρώσεως
1289 2655 1502 2724 αὐτῆς,
1552 2657 1673 2713 ἀπὸ
1723 2657 2032 2726 μακρόθεν

430 2750 786 2817 ἑστηκότες,
825 2749 925 2803 διὰ
950 2752 1056 2804 τὸν
1088 2751 1280 2819 φόϐον
1334 2745 1441 2804 τοῦ
1471 2749 1872 2820 βασανισμοῦ
1922 2753 2030 2805 αὑ-

429 2841 548 2909 τῆς
579 2881 594 2903 ,
624 2842 908 2911 λέγοντες
939 2859 953 2872 ·
989 2842 1160 2904 Οὑιι),
1197 2841 1356 2905 οὐαὶ,
1407 2837 1444 2911 ἡ
1477 2843 1655 2908 πόλις
1695 2843 1732 2909 ἠ
1789 2841 2028 2912 μεγάλη

433 2937 752 3000 Βαϐυλὼν,
785 2939 824 3006 ἡ
863 2940 1044 3004 πόλις
1072 2936 1110 3008 ἢ
1144 2937 1367 3007 ισχιερά
1395 2953 1412 2970 ο
1466 2938 1556 2991 ὅτι
1613 2939 1684 2992 ἐν
1730 2935 1841 3008 μιᾷ
1901 2937 2028 3006 ὥρα

430 3030 627 3102 ἦλθεν
658 3027 696 3099 ἡ
725 3033 928 3101 κρίσις
966 3048 1106 3087 σου.

510 3125 794 3190 Βασιλεῖς
843 3124 900 3178 δὲ
949 3127 1049 3196 τῆς
1111 3125 1217 3197 γῆς
1268 3125 1552 3196 ἡγούμεθα
1586 3125 1871 3200 [ἐνταῦθα]
1902 3128 2029 3190 τοὺς

434 3216 708 3288 ἄρχοντας
723 3217 1003 3286 λέγεσθαι,
1031 3219 1106 3289 ᾡς
1131 3237 1195 3272 πε
1205 3221 1258 3290 pl.
1272 3220 1374 3289 τῆς
1404 3221 1762 3293 Ἰερουσαλὴμ
1780 3223 1807 3274 ὁ
1832 3222 2032 3289 Ψαλμ-

435 3308 575 3379 ῳδός
622 3325 790 3380 φησιν
824 3327 837 3340 ·
875 3309 1002 3382 [ὅτι]
1045 3309 1192 3365 Ἰδοὺ
1241 3312 1605 3378 οὶβασιλεῖς
1634 3312 1827 3380 αὐτῆς
1876 3329 2030 3365 συν-

438 3401 744 3468 ήχθησαν.
776 3397 1021 3462 ’Τούτους
1052 3399 1110 3454 δὲ
1149 3400 1301 3470 λέγει
1329 3403 1429 3472 τὴν
1454 3405 1518 3456 ἐκ
1543 3403 1653 3456 τῶν
1683 3403 1846 3456 θείων
1879 3403 2030 3457 ἐντο-

442 3490 552 3544 λῶν
595 3491 859 3562 πορνείαν
886 3494 944 3544 ὲν
975 3493 1114 3564 αὐτῇ
1154 3492 1494 3564 πράξαντας,
1528 3493 1888 3558 κλαύσεσθαι,
1926 3495 2028 3564 τὴν

439 3583 614 3652 αὐτῆς
644 3583 892 3654 ὁρῶντας
924 3584 958 3656 ἢ
991 3586 1294 3650 ἀκούοντας
1328 3585 1676 3658 πυρπόλησιν
1699 3601 1758 3639 τε
1783 3587 1876 3639 καὶ
1903 3587 2032 3657 ipf;-

440 3695 642 3747 μωσιν,
677 3670 1244 3750 καταπληττομένους
1299 3680 1402 3751 τὴν
1459 3679 1665 3750 ἀθρόαν
1703 3679 2032 3751 μεταϐολὴν,

433 3768 559 3832 πῶς
589 3771 650 3824 ὲν
670 3768 947 3842 ἁκαριαῑῳ
974 3769 1153 3842 καιρῷ
1179 3772 1431 3840 γέγονεν.

2135 1931 2335 1987 devicti
2383 1931 2748 1998 succubuere,
2794 1935 3273 2006 multiforme-sque
3304 1937 3498 1990 mortis
3535 1936 3726 1992 modos

2133 2035 2186 2078 et
2217 2025 2475 2080 rationes.
2515 2025 2585 2080 Ut
2610 2029 2754 2080 enim
2785 2027 2928 2082 Deus
2953 2028 3207 2084 homines
3230 2028 3324 2099 qui
3352 2029 3452 2096 ipsi
3479 2029 3721 2098 placent,

2135 2113 2215 2168 vel
2247 2117 2514 2186 temporis
2566 2128 2770 2189 puncto
2819 2134 3044 2173 servare
3091 2129 3312 2188 potest,
3343 2121 3414 2176 ita
3456 2120 3722 2190 insipien-

2135 2215 2216 2262 les
2250 2226 2473 2278 quoque
2527 2210 2873 2281 peccatisque
2922 2212 3334 2268 contaminatos
3370 2223 3546 2267 morte
3580 2209 3723 2267 mul-

2134 2309 2271 2354 tare.

2205 2391 2393 2456 XVIII,
2427 2392 2480 2456 9,
2518 2393 2605 2446 I0.
2644 2393 2714 2447 Et
2746 2395 2948 2463 ﬂebunt
2979 2395 3154 2458 illam,
3189 2407 3236 2449 et
3268 2395 3518 2465 plangeut
3546 2411 3601 2450 se
3625 2410 3722 2450 su-

2131 2503 2225 2556 per
2264 2487 2414 2540 illaut
2439 2504 2586 2557 reges
2621 2497 2796 2553 terrm,
2829 2489 2920 2558 qui
2941 2505 3060 2541 cum
3089 2488 3183 2541 illa
3218 2489 3473 2557 fornicati
3504 2497 3724 2554 sunt,et

2132 2579 2187 2632 in
2220 2579 2430 2633 deliciis
2466 2581 2748 2644 vixerunt,
2793 2597 2912 2633 cum
2959 2580 3188 2634 viderint
3238 2580 3444 2649 fumum
3493 2580 3725 2633 incendii

2131 2672 2270 2740 ejus,
2308 2672 2460 2740 longe
2498 2682 2702 2725 stantes
2751 2682 2964 2740 propter
3015 2673 3257 2724 timorem
3300 2670 3549 2724 tormenti
3580 2669 3722 2738 ejus,

2132 2762 2398 2815 dicentes:
2429 2761 2536 2824 Vw,
2555 2777 2657 2822 rw.
2680 2763 2868 2815 civitas
2895 2761 2991 2814 illa
3019 2777 3214 2830 magna
3243 2759 3506 2829 Babylon,
3534 2760 3726 2814 civitas

2136 2853 2236 2906 illa
2300 2851 2504 2921 fortis;
2560 2854 2816 2926 quoniam
2882 2870 2989 2907 una
3051 2853 3185 2908 liora
3245 2853 3386 2908 venit
3451 2851 3724 2922 judicium

2134 2953 2309 3001 tuum.

2207 3120 2312 3175 Per
2355 3137 2537 3191 reges,
2587 3123 2692 3176 hoc
2747 3123 2870 3176 loco
2921 3121 3205 3193 principes
3260 3122 3726 3193 sublimioresque

2140 3223 2436 3285 potestates
2470 3226 2526 3269 et
2572 3215 2927 3284 magistratus
2981 3215 3235 3270 denotari
3275 3227 3552 3285 putamus.
3609 3215 3726 3271 lloc

2137 3308 2282 3363 enim
2313 3321 2477 3362 sensu
2497 3299 2792 3364 Psa‘ltnista
2827 3323 3013 3361 vocem
3047 3319 3297 3378 usurpat,
3325 3323 3452 3361 cum
3476 3309 3544 3362 de
3563 3303 3726 3362 Jeru-

2138 3401 2308 3454 SaIem
2341 3401 2592 3469 loquens,
2633 3399 2703 3452 ita
2735 3393 2916 3453 canit:
2955 3401 3250 3453 Αειίιενιιιιι
3291 3416 3435 3469 reges
3461 3411 3641 3466 terra’,
3669 3407 3721 3454 et

2132 3489 2396 3562 principes
2419 3503 2770 3547 convenerunt
2804 3494 2857 3545 in
2884 3508 3049 3545 unum
3077 3491 3144 3546 ι’.
3169 3493 3238 3548 Ει
3265 3493 3374 3546 alio
3399 3493 3552 3548 loco:
3579 3492 3713 3548 Ecce

2136 3603 2278 3657 reges
2314 3595 2474 3640 terra:
2502 3587 2806 3654 congregati
2843 3595 2967 3638 sunt
3003 3585 3072 3639 ⁵³.
3109 3582 3287 3640 llosce
3323 3585 3575 3656 proinde,
3601 3595 3694 3642 tan

2134 3694 2298 3748 quatn
2336 3693 2447 3747 prae
2480 3672 2694 3732 caeteris
2728 3695 2758 3732 a
2786 3677 2986 3734 divinis
3023 3679 3311 3748 praeceptis
3351 3679 3404 3733 in
3442 3678 3534 3733 illa
3563 3694 3718 3734 scor-

2137 3781 2303 3835 tat‘os,
2357 3767 2582 3826 [loturos
2633 3770 2976 3839 pronuntiat,
3009 3779 3066 3823 ut
3099 3770 3334 3839 primqu
3376 3769 3525 3825 illius
3554 3771 3724 3838 depo-

438 3859 795 3931 pulationem
833 3874 1250 3934 extremamque
1301 3863 1701 3920 desolationem
1756 3864 1995 3919 viderint
2068 3864 2152 3918 vel
2216 3863 2550 3918 audiverint.
2607 3863 2820 3918 Etenim
2912 3843 3252 3932 repentinam
3311 3863 3457 3918 illam
3505 3865 3726 3920 confer-

437 3971 666 4030 tamque
712 3973 895 4014 rerum
954 3963 1318 4016 mutationem
1382 3961 1569 4016 animo
1621 3962 2030 4032 expendentes,
2061 3961 2428 4030 obstupefacti
2473 3975 2583 4014 non
2641 3969 2898 4030 poterunt
2931 3957 3074 4012 intra
3095 3975 3155 4014 se
3187 3974 3296 4014 non
3340 3958 3725 4028 dicere:lleu,

439 4071 502 4113 ut
525 4061 791 4127 temporis
817 4061 976 4130 quasi
1011 4070 1289 4115 momento
1323 4070 1472 4114 tanta
1503 4060 1591 4114 illa
1627 4059 1887 4129 maiestas
1908 4067 2021 4112 tota
2062 4059 2228 4112 simul
2253 4059 2532 4113 concidit!

511 4153 621 4204 Kal
645 4153 698 4204 οἱ
729 4151 974 4221 ἔμετιῖροι
999 4150 1107 4221 τῆς
1124 4148 1237 4222 γῆς
1259 4153 1542 4205 κλαίουσι
1573 4150 1672 4204 καὶ
1693 4151 2033 4206 πενθοῦσιν

439 4245 536 4314 ἐφ’
576 4243 841 4310 ἑαυτοῖς,
877 4244 966 4298 ὅτι
996 4244 1107 4297 τὸν
1158 4247 1348 4314 γόμον
1398 4239 1600 4296 αὐτῶν
1632 4241 1835 4308 οὐδεὶς
1893 4237 2035 4311 ἀγο-

434 4337 632 4407 ράζειυ
689 4337 891 4392 οὐκέτι
936 4337 1126 4408 τόμον
1176 4331 1414 4405 χρυσοῦ
1449 4337 1548 4390 καὶ
1605 4337 1892 4405 ἀργύρου,
1935 4329 2034 4388 καὶ

2209 4150 2399 4215 XVIII,
2443 4152 2529 4217 Il,
2568 4153 2652 4205 19..
2693 4151 2758 4206 Et
2807 4153 3164 4224 negotiatores
3205 4160 3362 4203 terra:
3406 4147 3630 4218 ﬂebunt,
3671 4157 3728 4203 et

2141 4241 2390 4312 lugebant
2426 4258 2588 4311 super
2607 4244 2802 4306 illam;
2825 4243 3075 4312 quoniam
3105 4257 3301 4294 merces
3329 4239 3545 4294 illorum
3567 4255 3727 4294 nemo

2140 4343 2273 4388 emet
2309 4335 2568 4404 amplius.
2612 4331 2812 4389 Merces
2871 4336 2994 4389 auri
3031 4343 3086 4388 et
3139 4334 3372 4403 argenti,
3419 4342 3475 4386 et
3523 4333 3726 4402 lapidis

439 4433 620 4485 λίθου
660 4431 858 4500 τιμίου
889 4432 987 4484 καὶ
1041 4433 1432 4501 μαργαρίτου,
1491 4429 1588 4484 καὶ
1629 4431 1886 4494 βύσσου
1933 4431 2032 4483 καὶ

2141 4430 2382 4498 pretiosi,
2413 4437 2462 4484 et
2494 4432 2824 4499 margaritaz,
2852 4438 2901 4482 et
2928 4428 3137 4499 byssiet
3161 4441 3432 4496 purpurat,
3459 4433 3516 4481 et
3544 4425 3726 4492 seriei.

441 4517 779 4591 πορφυροῖ),
805 4521 902 4576 καὶ
936 4517 1230 4576 nonali-0v
1251 4521 1350 4578 καὶ
1380 4519 1663 4591 σηρικοῦ.

520 4616 632 4668 Kal
659 4615 714 4668 οἱ
746 4613 998 4683 ἔμποροι
1026 4609 1136 4680 τῆς
1166 4611 1281 4683 ¹Γῆς
1314 4614 1626 4668 κλαίουσι.
1655 4644 1725 4652 —
1756 4607 1880 4666 Τῶν
1928 4610 2038 4683 γὰρ

445 4707 832 4779 ἐνδυναστειᾳ.
875 4706 972 4759 καὶ
1004 4708 1188 4778 τρυφῇ
1243 4699 1652 4778 φθειρομένων,
1713 4704 1948 4777 περιττὴ
2005 4707 2041 4777 ἡ

443 4798 654 4851 τούτων
685 4796 801 4868 ὠνὴ
840 4798 935 4852 καὶ
964 4796 1327 4867 κατάχρησις.

519 4891 630 4946 Kal
653 4891 775 4945 πᾶν
801 4892 994 4956 ξύλον
1015 4893 1247 4955 θύινον,
1264 4891 1361 4947 καὶ
1389 4891 1512 4945 πᾶν
1538 4889 1764 4956 σκεῦος
1789 4889 2044 4960 ἐλεφάν-

446 4999 638 5048 τινον,
671 4983 772 5036 καὶ
801 4980 926 5036 πᾶν
955 4983 1179 5049 σκεῦος
1206 4983 1276 5036 ἐκ
1307 4983 1501 5048 ξύλου
1531 4982 1904 5052 τιμιωτάτου,
1939 4983 2038 5036 καὶ

448 5072 685 5142 χαλκοῦ
716 5075 816 5127 καὶ
851 5073 1132 5144 σιδήρου,
1166 5075 1265 5128 καὶ
1309 5074 1627 5144 μαρμάρου
1649 5089 1663 5106 ⁶
1712 5075 1810 5128 καὶ
1869 5074 2040 5128 κινά-

443 5183 655 5235 μωμον
683 5166 785 5220 καὶ
815 5168 1104 5237 θυμίαμα,
1143 5168 1241 5220 καὶ
1269 5169 1554 5237 σμύρναν
1602 5167 1701 5221 καὶ
1762 5169 2037 5230 λίϐανον,

449 5259 552 5312 καὶ
586 5254 758 5314 οἶνον
784 5260 882 5314 καὶ
907 5261 1140 5324 ἔλαιον,
1184 5261 1292 5314 παὶ
1334 5259 1658 5330 σεμίδαλιν
1685 5260 1782 5313 καὶ
1838 5257 2035 5323 σῖτον,

447 5351 549 5405 καὶ
582 5350 773 5420 κτήνη
800 5352 901 5405 καὶ
932 5354 1219 5421 πρόϐατα.

523 5441 1016 5516 Προσυπακούεται
1074 5445 1288 5509 τούτοις
1369 5445 1451 5509 τὸ,
1504 5443 1718 5510 Οὐδεὶς
1746 5443 2036 5515 ἀγοράζει.

452 5535 684 5591 Σκοπεῐν
709 5538 767 5591 δὲ
794 5538 944 5608 ἡμᾶς
975 5537 1082 5609 χρὴ
1105 5539 1212 5590 τίνι
1245 5554 1353 5590 των
1405 5533 1616 5590 πόλεων
1659 5535 1768 5607 ἄρα
1801 5537 1837 5606 ἡ
1884 5533 2042 5608 [τῶν]

450 5631 714 5686 τοιούτων
739 5633 896 5686 εἱδῶν
918 5632 1036 5707 ὠνὴ
1061 5633 1323 5704 συνήθης,
1349 5632 1446 5686 καὶ
1474 5629 1586 5684 τίσι
1613 5631 1817 5700 μᾶλλον
1832 5629 2047 5703 ἀνθρώ-

529 5793 574 5826 ⁵¹
606 5790 751 5848 Psal.
785 5808 895 5857 xtv,
924 5791 976 5847 5.
1054 5792 1100 5823 ⁸¹
1131 5791 1272 5846 l‘sal.
1311 5806 1371 5859 tt,
1407 5791 1463 5846 2.
1540 5790 1587 5823 ⁵³
1629 5789 1770 5845 I‘sal.
1816 5807 1987 5856 τινα,
2020 5791 2073 5846 5.

2138 4531 2189 4576 et
2222 4523 2449 4576 coccini.

2212 4615 2638 4683 Supervacanea
2690 4629 2932 4685 namque
2985 4629 3177 4668 earum
3216 4628 3395 4668 rerum
3437 4611 3648 4681 emptio
3675 4620 3731 4670 et

2141 4721 2276 4764 usus
2301 4718 2384 4762 εει
2414 4707 2481 4763 iis
2509 4707 2603 4777 qui
2628 4699 2740 4777 jam
2775 4722 2874 4776 per
2901 4707 3092 4763 luxum
3125 4718 3180 4762 et
3207 4707 3464 4778 potentiae
3491 4706 3729 4760 abusum

2141 4801 2442 4871 perierunt.

2214 4889 2405 4958 XVIII,
2445 4892 2534 4957 l2,
2571 4895 2655 4948 15.
2685 4889 2753 4946 Ει
2779 4909 2934 4948 omne
2959 4894 3160 4962 lignum
3188 4891 3450 4962 tliyinum,
3479 4899 3528 4945 et
3551 4890 3734 4946 omnia

2142 5004 2271 5041 rasa
2295 4987 2486 5050 eboris,
2520 4997 2569 5040 et
2599 4987 2776 5040 omnia
2800 5003 2926 5040 vasa
2949 4985 3012 5038 de
3032 4986 3213 5054 lapide
3238 4985 3493 5054 pretioso,
3513 4994 3568 5037 et
3595 4999 3710 5037 tera

2143 5085 2320 5134 mento
2344 5091 2392 5133 et
2423 5081 2589 5149 ferro,
2631 5088 2681 5132 et
2714 5095 2998 5132 marmore.
3041 5077 3484 5130 Etcinamomum
3508 5086 3557 5129 et
3586 5091 3735 5127 amo.

2141 5188 2306 5236 mum,
2340 5181 2390 5223 et
2425 5171 2675 5240 unguenti
2708 5180 2758 5224 et
2791 5171 2981 5235 thuris,
3009 5181 3058 5223 et
3091 5171 3199 5222 ciui
3231 5182 3279 5223 et
3309 5169 3434 5233 olei,
3463 5178 3511 5222 et
3537 5166 3732 5223 similia

2140 5272 2188 5317 et
2218 5263 2403 5328 tritici,
2443 5272 2491 5316 et
2513 5263 2875 5332 jumentorum
2909 5271 2958 5315 et
2985 5262 3180 5315 ovium.

2221 5439 2332 5512 83
2370 5437 2428 5494 lu
2464 5442 2551 5496 bis
2581 5441 2842 5497 omnibus
2881 5441 3212 5498 subauditur
3242 5439 3558 5512 pra-cedens
3580 5439 3735 5495 clau-

2155 5538 2296 5601 sula,
2351 5533 2533 5590 nullus
2581 5537 2707 5590 emit
2747 5537 3000 5606 amplius.
3035 5534 3514 5591 Considerandum
3569 5549 3737 5605 porro

2156 5630 2319 5686 nobis
2342 5628 2447 5685 hoc
2475 5627 2598 5686 loco
2625 5633 2972 5701 proponitur,
2997 5629 3283 5688 eccuinatu
3307 5629 3516 5687 civitati
3549 5628 3739 5688 istius-
