4102 6412
475 341 575 404 391

1670 341 1997 402 ΛΝΟΒΕᾹΞ
2030 336 2548 401 C/ESARIENSIS

3639 340 3751 402 3%

478 458 625 511 modi
650 474 833 512 rerum
858 460 1065 529 emptio
1089 461 1159 513 sit
1192 459 1443 512 usitatior
1469 476 1482 522 ;
1511 470 1565 510 et
1596 459 1796 527 quibus
1833 472 2049 509 riu-smn

2164 473 2285 518 ποις
2317 456 2351 525 ἡ
2382 456 2492 508 τῶν
2548 454 2826 526 περισσῶν
2872 454 3067 523 κτῆσις
3125 452 3594 523 περισπούδαστος
3655 451 3748 507 διὰ

476 550 792 604 hominibus
825 552 1013 605 istbaac
1064 565 1600 618 supervacaneorum
1654 549 1954 619 possessio,
1984 548 2056 601 ob

476 641 898 695 immoderatum
925 638 931 643 ’
954 641 1252 710 voluptatis
1306 641 1568 707 studium,
1598 640 1669 695 sit
1705 639 2054 693 familiarior.

2164 546 2376 617 τρυφὴν
2405 546 2667 616 ἄμετρον.

552 758 863 829 [Probabile
905 759 960 812 tit
1007 775 1136 813 sane
1206 759 1353 813 hunc
1385 759 1561 813 locum
1612 773 1723 812 non
1777 771 1938 827 agere
1985 755 2053 809 de
2113 754 2288 823 prisca
2370 751 2667 823 Babylone,
2727 751 2812 805 vel
2861 750 2931 805 de
2978 750 3147 804 veteri
3200 757 3295 804 aut
3353 763 3491 804 nova
3542 749 3747 812 Roma,

477 854 659 907 autde
688 857 879 922 quavis
927 854 1031 906 alia
1068 853 1331 923 peculiari
1379 854 1628 917 civitate;
1682 852 1777 908 sed
1810 852 1877 907 de
1938 852 2073 905 orbe
2145 849 2425 913 universo,
2477 847 2837 917 ejusdemque
2870 846 3178 916 inquilinis,
3245 845 3342 916 qui
3388 846 3541 901 varia
3589 845 3650 901 in
3682 860 3752 901 eo

478 947 690 1013 negetia
744 954 980 999 tractant
1005 984 1020 1009 ,
1077 946 1561 1015 nundinarumque
1636 944 1829 999 mundi
1893 943 2059 1012 hujus
2096 943 2257 996 linem
2282 952 2407 996 cum
2437 940 2586 995 luctu
2612 947 2667 994 et
2695 937 2819 994 lletu
2853 936 3194 1011 excipient.]

552 1060 618 1112 Et
651 1076 925 1127 equorum,
957 1071 1004 1112 et
1037 1061 1346 1125 rhedarum,
1380 1070 1430 1115 et
1472 1061 1881 1128 mancipiorum.

548 1149 613 1201 Et
651 1152 844 1202 horum
897 1150 1083 1203 itidem
1129 1168 1262 1205 usus
1318 1152 1540 1221 (inquit)
1574 1153 1679 1205 erit
1729 1166 2061 1220 supervaca-

478 1255 637 1293 ncus.
696 1241 798 1293 l‘cr
851 1242 1038 1295 rhedas
1099 1253 1279 1295 autem
1344 1244 1724 1313 signiﬁcantur
1757 1242 2061 1308 vehicula;

2224 1056 2334 1111 Kal
2365 1059 2569 1110 ἵππων
2598 1056 2695 1109 καὶ
2715 1054 2912 1123 ρἐων
2936 1054 3035 1107 καὶ
3071 1053 3387 1123 σωμάτων.

2225 1152 2336 1205 Kal
2370 1151 2571 1202 ἵππων
2592 1148 2689 1202 καὶ
2712 1146 2909 1215 ρἐων
2954 1147 3050 1199 καὶ
3091 1148 3402 1213 σωμάτων,
3458 1146 3656 1217 φησιν,
3711 1146 3747 1217 ἡ

2155 1244 2354 1315 χρῆσις
2385 1243 2620 1312 περισσή
2654 1256 2668 1271 ο
2702 1240 2791 1293 διὰ
2824 1239 2882 1292 δὲ
2912 1238 3007 1294 τοῦ
3050 1234 3247 1306 ρἐων
3288 1238 3355 1291 τὰ
3384 1239 3643 1307 ὀχήματα
3670 1240 3748 1291 εὶ·

477 1332 639 1385 rhedu
695 1334 839 1385 enim
925 1334 1065 1387 idem
1122 1344 1282 1388 sonat
1337 1335 1603 1389 Romanis
1664 1334 1809 1403 quod
1862 1333 2049 1389 Graeci:

2164 1336 2260 1398 κδς
2288 1333 2653 1403 σημαίνεσθαι
2684 1349 2697 1363 ·
2739 1332 2961 1403 ρεδιοὺμ
2978 1331 3085 1400 γὰρ
3116 1330 3417 1399 Ῥωμαϊστὶ
3439 1330 3499 1383 τὸ
3547 1331 3753 1397 ὄχημα

477 1422 685 1491 ὄχημα,
722 1424 827 1475 hoc,
876 1434 978 1487 est,
1033 1426 1269 1477 essedum
1316 1434 1411 1477 aut
1454 1425 1767 1477 vehiculum.
1813 1424 1856 1475 A
1889 1424 2055 1477 rheda

2163 1424 2474 1497 [λέγεται
2513 1425 2629 1494 ἡδὲ
2676 1424 2869 1477 τούτου
2930 1425 3129 1492 γενικὴ
3178 1421 3287 1473 τῶν
3337 1421 3745 1491 πληθυντικῶν,

475 1513 725 1565 nascitur
754 1515 1026 1579 genitivus
1084 1514 1310 1582 pluralis
1342 1514 1619 1584 ρεδάρουμ
1672 1513 1977 1579 rhedarum,
2008 1521 2049 1565 el

2162 1517 2471 1589 ῥεδιώρουμ
2495 1533 2510 1547 ·
2549 1517 2671 1588 ἥτις
2696 1514 2839 1568 κατὰ
2873 1513 3154 1583 συγκοπὴν
3190 1512 3359 1582 ρέδων
3382 1514 3599 1582 γέγονε.

477 1616 575 1672 per
603 1617 879 1670 syncopen
915 1603 1117 1673 ῥεδῶμ.

546 1690 735 1757 XVIII,
776 1695 858 1756 Η,
910 1694 994 1746 15.
1036 1692 1099 1746 Et
1135 1694 1437 1747 animarum
1469 1694 1765 1748 hominum.
1804 1692 1869 1745 Et
1897 1708 2055 1760 poma

477 1784 726 1836 desiderii
749 1784 942 1837 anima:
970 1794 1074 1837 tum
1094 1786 1444 1837 discesserunt
1468 1801 1498 1837 a
1522 1793 1605 1846 te;
1636 1785 1813 1838 omnia
1840 1784 2058 1853 pinguia

475 1885 525 1927 et
554 1874 814 1943 pra'clara
864 1877 1135 1941 perierunt
1169 1893 1198 1928 a
1233 1884 1313 1938 te;
1344 1886 1393 1929 et
1423 1875 1655 1943 amplius
1687 1873 1781 1927 illa
1803 1874 1919 1943 jam
1962 1891 2055 1929 ne-

477 1978 743 2033 quaquam
772 1965 1020 2018 invenies.

549 2053 609 2106 In
644 2064 950 2122 posterum,
973 2055 1070 2117 ait,
1104 2055 1419 2108 mortalium
1442 2056 1656 2107 animus
1684 2068 1792 2108 non
1824 2056 2058 2125 amplius

473 2156 646 2207 emes,
682 2158 859 2212 neque
890 2144 1091 2198 liberos
1119 2145 1367 2197 homines
1388 2144 1439 2197 in
1468 2145 1786 2198 servitutem
1811 2146 2053 2214 rediges;

474 2248 652 2301 neque
706 2235 758 2287 in
802 2234 1099 2305 pinguibus
1143 2235 1252 2289 illis
1300 2244 1356 2288 et
1405 2235 1732 2304 splendidis,
1766 2236 1821 2288 in
1856 2236 2057 2305 quibus

470 2324 602 2378 olim
634 2326 992 2391 volutabaris,
1027 2329 1255 2396 posthac
1281 2327 1731 2395 volutabcre,aut
1755 2327 2055 2397 quidquam

470 2430 539 2470 ex
568 2417 636 2471 iis
664 2417 729 2469 ad
762 2433 921 2470 usum
952 2420 1205 2471 habebis.

545 2505 735 2568 XVIII,
772 2506 959 2560 15-17.
1004 2506 1330 2560 Mercatores
1362 2507 1571 2573 horum,
1605 2507 1695 2576 qui
1717 2507 1906 2561 divites
1925 2509 2055 2578 [acti

471 2606 617 2659 sunt,
642 2597 704 2648 ab
740 2612 799 2649 ea
830 2597 981 2665 longe
1009 2599 1254 2661 stabunt,
1294 2607 1510 2667 propter
1543 2599 1786 2652 timorem
1822 2608 2054 2652 tormen-

472 2697 645 2740 torum
668 2688 803 2755 ejus,
829 2688 1035 2755 ﬂentes,
1067 2699 1115 2743 et
1146 2691 1401 2761 lugentes,
1429 2701 1479 2745 et
1508 2691 1780 2746 dicentes:
1813 2691 1929 2757 γω,
1955 2709 2054 2759 me,

472 2781 658 2833 civitas
696 2781 793 2833 illa
842 2798 1058 2850 magna,
1097 2799 1213 2852 qua:
1245 2784 1444 2835 amicta
1482 2791 1597 2835 erat
1634 2781 1812 2852 bysso,
1842 2792 1891 2835 et
1923 2798 2054 2851 pur-

471 2888 629 2940 pura.
654 2882 701 2925 et
724 2888 878 2926 cocco
899 2888 915 2935 ;
937 2874 1199 2926 deaurata
1217 2883 1331 2926 erat
1359 2890 1514 2939 auro,
1534 2883 1583 2926 et
1609 2872 1782 2941 lapide
1800 2876 2051 2942 pretioso,

470 2971 522 3016 et
573 2965 1207 3035 margaritis:quoniam
1254 2982 1366 3019 una
1425 2966 1557 3019 hora
1610 2966 1879 3020 destituta:
1930 2976 2052 3020 sunt

473 3062 637 3107 tanta:
676 3054 899 3110 divitite.

542 3250 624 3304 Ob
654 3250 849 3302 oculos
885 3250 1036 3320 ponit
1086 3250 1353 3321 insignem
1405 3251 1699 3323 Babylonis
1747 3252 1911 3323 hujus
1934 3254 2050 3309 cla-

470 3339 592 3393 dem
624 3348 677 3393 et
712 3338 1104 3404 aﬂlictionem;
1156 3354 1254 3409 per
1304 3340 1484 3395 luctus
1525 3352 1579 3395 et
1608 3342 2047 3409 lamentationes,

468 3430 821 3496 calamitatis,
876 3445 1041 3499 quam
1092 3444 1419 3499 perpessura
1482 3432 1570 3486 illa
1631 3450 1753 3504 quae
1803 3445 1930 3490 ante
1981 3437 2051 3491 ob

468 3521 677 3589 regiam
708 3520 1029 3590 dignitatem
1063 3529 1118 3575 et
1153 3521 1518 3590 majestatem,
1553 3524 1695 3578 elato
1729 3526 1871 3580 collo
1896 3526 2049 3582 ince-

467 3612 652 3676 debat,
687 3612 1128 3679 magnitudinem
1164 3615 1417 3683 apposite
1448 3615 1758 3672 delineans.

539 3701 731 3769 XVIII,
770 3702 960 3755 l7-I9.
999 3699 1068 3754 Et
1099 3704 1268 3757 omnis
1308 3703 1652 3771 gubernator,
1685 3717 1730 3758 et
1759 3722 1935 3762 onmes
1961 3710 2052 3778 qui

468 3796 527 3846 in
582 3792 756 3845 larunt
791 3793 1060 3861 navigant,
1112 3803 1161 3847 et
1194 3804 1393 3860 nautar,
1444 3803 1493 3849 et
1520 3796 1609 3866 qui
1640 3798 1694 3849 in
1743 3800 1882 3852 mari
1937 3817 2052 3869 ope-

470 3894 698 3950 rantur,
744 3883 897 3952 longe
947 3892 1250 3949 steterunt,
1282 3896 1331 3938 et
1369 3885 1769 3953 clamauerunt,
1820 3890 2050 3945 videntes

471 3977 677 4043 fumum
714 3976 944 4028 incendii
975 3977 1117 4045 ejus,
1148 3979 1381 4032 dicentes
1409 3993 1427 4031 :
1464 3978 1596 4045 Qua:
1628 3981 1817 4034 similis
1849 3984 2052 4037 civitati

469 4066 590 4119 huic
620 4067 865 4135 magnae?
890 4066 955 4121 Et
988 4070 1242 4122 miserunt
1266 4069 1529 4138 pulverem
1546 4089 1704 4141 super
1727 4076 1905 4143 capita
1927 4093 2048 4137 sua,

466 4167 516 4211 et
537 4158 894 4212 clamauerunt
920 4162 1125 4229 flentes,
1153 4174 1201 4216 et
1234 4163 1489 4234 lugentes,
1519 4166 1789 4221 dicentes:
1820 4167 1927 4233 Vw,
1953 4188 2049 4238 rte,

468 4250 659 4303 civitas
693 4250 790 4303 illa
822 4268 1039 4321 magna,
1072 4253 1129 4305 in
1158 4270 1265 4323 qua
1298 4255 1486 4309 divites
1533 4256 1666 4329 facti
1700 4270 1821 4313 sunt
1872 4278 2048 4317 omnes

466 4341 559 4410 qui
584 4341 840 4396 habebant
861 4360 1017 4397 naves
1045 4346 1099 4397 in
1122 4346 1281 4410 mari,
1308 4347 1372 4401 de
1397 4349 1582 4417 pretiis
1610 4349 1765 4415 eius;
1794 4355 2045 4422 quoniam

466 4446 576 4486 una
610 4434 742 4488 hora
765 4435 1008 4489 desolata
1040 4446 1141 4491 est.

540 4632 655 4687 Etsi
689 4648 935 4703 praesens
970 4637 1079 4691 vita
1113 4654 1260 4692 mare
1318 4655 1414 4708 per
1449 4644 1821 4711 metaphoram
1859 4648 2048 4717 appel-

467 4721 648 4789 latur,
686 4735 749 4778 ut
781 4743 903 4796 quae
937 4726 1191 4783 ﬂuctibus
1220 4740 1273 4784 et
1305 4735 1718 4801 tempestatibus
1742 4739 1814 4791 sit
1851 4738 2044 4804 plena;

466 4824 521 4869 et
554 4825 825 4885 quotquot
860 4820 913 4871 in
947 4820 1067 4890 ipsa
1103 4823 1473 4891 negotiantur,
1508 4827 1658 4879 curis
1689 4837 1742 4881 et
1776 4829 2048 4883 sollicitu-

467 4903 713 4970 dinibus,
745 4921 883 4975 quas
909 4908 1026 4977 ipsa
1056 4910 1235 4981 aﬂ‘ert,
1271 4912 1415 4967 haud
1450 4932 1610 4971 secus
1639 4916 1749 4970 fere
1771 4918 2046 4985 jactentur

466 5002 633 5062 atque
682 4993 885 5063 pisces,
935 4998 1025 5065 qui
1066 4999 1120 5052 in
1155 5001 1345 5071 pelago
1401 5014 1672 5070 natantes,
1726 5007 1889 5061 undis
1918 5024 2046 5077 pro-

465 5084 732 5155 cellisque
786 5087 986 5156 jactari
1043 5090 1259 5163 solent,
1317 5104 1559 5150 attamen
1593 5112 1699 5149 non
1752 5107 1886 5151 esta
1920 5114 2047 5153 vero

465 5176 727 5235 alienum.
784 5180 1080 5246 civitatem,
1141 5199 1261 5250 quae
1310 5186 1501 5241 isthmc
1551 5186 1897 5243 Incommoda
1935 5209 2047 5263 pcr-

464 5284 690 5336 pessura
723 5272 809 5326 hic
837 5274 1088 5338 traditur,
1124 5279 1436 5347 quampiam
1473 5293 1536 5332 ex
1568 5296 1755 5333 earum
1803 5299 2038 5340 numero

464 5376 606 5427 esse,
658 5380 780 5433 qua:
825 5381 954 5421 vero
987 5371 1121 5424 mari
1172 5372 1452 5439 adjacens,
1488 5389 1549 5427 ea
1594 5393 1714 5445 qua:
1751 5395 1898 5433 mare
1932 5383 2043 5435 sul-

464 5463 654 5507 cantes
689 5456 1007 5524 important,
1044 5460 1327 5530 suscipere
1359 5473 1576 5518 assueta
1610 5478 1729 5522 erat
1757 5488 1769 5526 :
1799 5486 1920 5539 qua:
1945 5487 2042 5526 sua

467 5544 693 5609 proinde
710 5548 1010 5604 solitudine
1026 5560 1082 5606 et
1096 5554 1350 5607 vastitate
1376 5556 1560 5609 nautis
1574 5568 1627 5611 ct
1642 5564 2043 5618 mercatoribus

466 5633 672 5701 justam
709 5636 888 5692 luctus
938 5644 1228 5697 materiam
1263 5646 1333 5699 sit
1369 5650 1635 5714 paritura.
1680 5651 1847 5718 Idem,
1878 5656 2047 5708 velint

471 5724 672 5791 nolint,
733 5731 1023 5787 mundame
1074 5736 1237 5805 hujus
1289 5737 1580 5811 Baliylonis
1612 5752 1663 5797 ct
1702 5743 2043 5799 confusionis

2231 1697 2337 1752 Kal
2371 1695 2578 1765 ψυχὰς
2609 1694 2939 1762 ἀνθρώπων
2974 1708 2988 1723 ο
3032 1693 3129 1745 καὶ
3163 1693 3201 1760 ή
3230 1691 3431 1759 ὀπώρα
3469 1690 3585 1760 τῆς
3615 1690 3751 1745 ἐπι-

2161 1790 2374 1858 θυμίας
2398 1787 2507 1856 τῆς
2534 1786 2744 1856 ψυχῆς
2785 1803 2903 1841 σου
2953 1785 3231 1853 ἀπῆλθεν
3259 1785 3379 1838 ἀπὸ
3428 1784 3547 1838 σοῦ
3577 1799 3592 1813 ’
3650 1784 3751 1838 και

2160 1879 2359 1935 πάντα
2391 1882 2464 1933 τὰ
2492 1879 2718 1948 λιπαρὰ
2766 1877 2863 1930 καὶ
2894 1875 3012 1948 [τὰ]
3032 1876 3275 1945 λαμπίὰ
3324 1874 3597 1945 ἁπῴχετο
3625 1875 3747 1929 ἀπὸ

2159 1972 2276 2025 σοῦ
2308 1988 2322 2002 ο
2347 1972 2446 2023 καὶ
2478 1973 2589 2023 οὐκ
2618 1970 2707 2022 ἔτι
2734 1970 2806 2023 οὐ
2829 1967 2915 2037 μὴ
2950 1968 3131 2035 εὕρῃς
3152 1965 3327 2019 αὐτά.

2230 2060 2337 2115 Kal
2363 2060 2566 2128 ψυχὰς
2590 2058 2936 2127 ἀνθρώπων.
2974 2088 3042 2099 --
3071 2060 3207 2111 Οῠτε
3234 2057 3412 2127 ψυχὰς
3434 2054 3747 2126 ἀνθρώπων

2158 2150 2499 2221 ὲμπορεύσῃ,
2563 2150 2718 2219 φησὶ,
2762 2149 2857 2201 τοῦ
2903 2148 3093 2201 λοιποῦ
3152 2147 3563 2201 καταδουλοῦσα
3616 2148 3749 2209 τοὺς

2158 2240 2475 2311 ἐλευθέρους
2507 2257 2521 2271 ·
2553 2240 2677 2293 οὔτε
2710 2241 2820 2293 τῶν
2856 2241 3025 2295 πάλαι
3060 2240 3309 2311 λιπαρῶν
3334 2240 3429 2294 καὶ
3456 2238 3739 2310 λαμπρῶν

2157 2330 2300 2395 ἕξεις
2329 2332 2433 2402 τὴν
2457 2332 2784 2387 ἀπόλαυσιν.

2233 2508 2297 2558 Οἱ
2318 2505 2564 2573 ἔμποροι
2595 2506 2842 2571 τούτων,
2892 2508 2947 2560 οἱ
2980 2505 3442 2571 πλουτήσαντες
3488 2504 3595 2559 ἀπ’
3627 2507 3741 2558 αὐ-

2156 2596 2288 2663 τῆς,
2323 2598 2443 2651 ἀπὸ
2477 2599 2778 2666 μακρόθεν
2831 2598 3189 2664 στήσονται,
3237 2597 3336 2651 διὰ
3380 2598 3488 2650 τὸν
3546 2598 3743 2667 φόϐον

2157 2690 2265 2743 τοῦ
2282 2690 2678 2759 ,ϐασανισμοῦ
2710 2690 2921 2757 αὐτῆς,
2952 2692 3274 2754 κλαίοντες
3320 2690 3417 2743 καὶ
3454 2690 3745 2743 πενθοῦνο

2156 2798 2275 2845 τες,
2295 2781 2393 2833 καὶ
2420 2781 2703 2850 λέγοντες
2723 2798 2737 2813 ’
2756 2782 2923 2847 Οὐαὶ,
2957 2782 3113 2845 οὐαὶ,
3138 2782 3177 2849 ἡ
3204 2782 3383 2846 πόλις
3412 2780 3450 2847 ἠ
3475 2781 3737 2849 μεγάλη,

2156 2873 2195 2940 ἡ
2222 2872 2693 2941 περιϐεϐλημένη
2719 2873 2972 2937 ,βύσσον
3004 2873 3103 2926 καὶ
3131 2874 3447 2941 πορφύραν
3474 2872 3572 2924 καὶ
3595 2874 3740 2926 κόκ-

2156 2981 2349 3028 κινον,
2384 2965 2481 3018 καὶ
2516 2963 2944 3034 κεχρυσωμένη
2972 2965 3042 3019 ὲν
3072 2963 3281 3034 χρυσῷ
3324 2965 3422 3018 καὶ
3462 2965 3615 3029 λίθῳ
3656 2981 3740 3017 τι-

2081 3068 2123 3125 C
2151 3055 2269 3123 μίφ
2300 3054 2397 3108 καὶ
2441 3056 2836 3125 μαργαρίταις
2864 3070 2882 3089 ·
2940 3055 3031 3110 ὅτι
3065 3054 3173 3126 μιᾷ
3218 3056 3339 3126 ὥρᾳ
3380 3054 3667 3125 ἠρημώθη
3704 3055 3741 3109 δ

2153 3148 2442 3214 τοσοῦτος
2471 3147 2760 3215 πλοῦτος.

2228 3262 2393 3325 Οὐαὶ,
2435 3263 2591 3325 οὐαὶ.
2637 3262 2676 3329 ἡ
2723 3263 2903 3328 πόλις
2946 3262 2984 3329 ἠ
3016 3262 3271 3333 μεγάλη.
3318 3293 3388 3305 -
3426 3263 3553 3317 Ὕπ*
3614 3264 3737 3332 ὄψιν

2152 3356 2277 3424 ἄγει
2305 3355 2373 3408 τὰ
2404 3356 2505 3425 τῆς
2534 3355 2850 3418 Βαῦυλῶνος
2896 3357 3104 3426 ταύτης
3150 3357 3320 3428 πάθη.
3373 3356 3461 3411 διὰ
3504 3357 3617 3411 τῶν
3651 3356 3738 3409 ἐπ’

2153 3448 2289 3517 αὐτῇ
2314 3448 2526 3517 θρήνων
2550 3447 2610 3501 τὸ
2633 3450 2734 3517 τῆς
2791 3451 3077 3519 συμφορᾶς
3104 3449 3424 3518 διαγράρων
3456 3449 3693 3517 μέγεθος
3718 3466 3731 3479 ·

2152 3538 2290 3609 ὅπερ
2317 3540 2567 3594 πείσεται
2599 3541 2631 3607 ἡ
2653 3541 2715 3592 τὸ
2744 3540 2872 3609 πρὶν
2892 3539 3133 3609 αὐχοῦσα
3160 3541 3252 3592 ἐπὶ
3278 3539 3542 3611 βασιλικῷ
3565 3537 3733 3607 ἀξιώο

2160 3646 2311 3699 ματα

2223 3720 2335 3773 Kal
2377 3718 2496 3785 πᾶς
2527 3717 2922 3789 κυϐερνήτης,
2986 3720 3084 3776 καὶ
3147 3720 3266 3786 πᾶς
3317 3721 3397 3794 [ό]
3448 3721 3553 3797 ’ἐπὶ
3612 3720 3734 3775 τῶν

2153 3811 2383 3864 πλοίων
2408 3811 2633 3876 πλέων,
2649 3812 2747 3866 καὶ
2770 3813 2981 3869 ναῦται
3003 3813 3099 3867 καὶ
3124 3813 3253 3867 ὅσοι
3273 3814 3388 3880 τὴν
3408 3814 3735 3869 θάλασσαν

2152 3903 2511 3973 ἐργάζονται,
2558 3904 2675 3957 ἀπὸ
2719 3908 3026 3973 μακρόθεν
3077 3906 3403 3973 ἑστηκότες
3458 3904 3729 3974 ἔκραζον,

2146 3992 2489 4056 ,ϐλέποντες
2520 3991 2627 4044 τὸν
2672 3992 2911 4045 καπνὸν
2958 3992 3070 4061 τῆς
3121 3994 3449 4063 πυρώσεως
3489 3994 3684 4063 αὐτῆς
3712 4035 3729 4059 ,

2155 4083 2279 4155 [καὶ
2303 4083 2521 4152 ἔλεγον
2548 4098 2560 4113 '
2603 4084 2697 4149 Τίς
2719 4086 2894 4152 ὁμοία
2914 4082 2989 4152 τῇ
3012 4085 3186 4138 πόλει
3220 4083 3295 4152 τῇ
3317 4087 3591 4155 pay-d1”;
3625 4087 3727 4139 καὶ

2150 4173 2371 4228 ἔϐαλον
2405 4173 2561 4243 χοῦν
2591 4174 2691 4229 ἐπὶ
2731 4176 2836 4240 τὰς
2859 4176 3131 4245 κεφαλὰς
3159 4175 3359 4229 αὐτῶν
3382 4193 3397 4207 ο
3432 4176 3531 4229 καὶ
3551 4177 3728 4243 ἐκρα-

2152 4262 2271 4330 ζον,
2301 4266 2615 4331 κλαίοντες
2672 4266 2771 4319 καὶ
2807 4268 3193 4333 πενθοῦντες,
3248 4264 3368 4337 καὶ]
3401 4268 3685 4338 λέγοντες
3711 4284 3725 4298 ·

2154 4353 2322 4421 Οὐαὶ,
2350 4355 2507 4422 οὐαὶ,
2532 4357 2571 4424 ἡ
2603 4358 2782 4423 πόλις
2810 4358 2847 4425 ἠ
2865 4359 3098 4427 μεγάλη
3120 4374 3134 4387 ⁸
3166 4359 3237 4412 ἐν
3264 4353 3303 4429 ᾗ
3336 4360 3731 4428 ἐπλούτησαν

2072 4432 2127 4491 Ῐ)
2152 4446 2377 4513 πάντες
2405 4450 2461 4502 al
2488 4449 2734 4517 ἔχοντες
2760 4449 2943 4503 πλοῖα
2976 4451 3045 4503 ἐν
3081 4450 3156 4518 τῇ
3180 4452 3485 4520 θαλάσσῃ.
3521 4452 3590 4506 ἐκ
3614 4450 3726 4521 τῆς

2145 4541 2485 4608 τιμιότητος
2509 4538 2700 4608 αὐτῆς
2730 4557 2744 4571 ·
2787 4542 2878 4595 ὅτι
2901 4540 3013 4615 [ἐν]
3041 4542 3149 4610 μιᾷ
3169 4542 3288 4612 ὥρᾳ
3314 4542 3617 4613 ἠρημώθη.

2209 4653 2276 4706 Ol
2308 4653 2553 4721 ἔχοντες
2600 4653 2783 4709 πλοῖα
2840 4655 2910 4708 ἐν
2975 4654 3049 4724 τῇ
3084 4656 3394 4724 θαλάσσῃ.
3433 4686 3502 4696 --
3534 4657 3595 4709 Ei
3630 4656 3727 4711 καὶ

2145 4743 2431 4800 θάλασσα
2470 4745 2747 4816 τροπικῶς
2791 4749 2819 4800 ὁ
2867 4747 3062 4817 παρὼν
3096 4747 3210 4817 βίος
3260 4748 3337 4811 ὡς
3392 4748 3721 4818 πολυκύμων

2146 4836 2362 4907 εἴρηται
2395 4874 2410 4899 ,
2442 4837 2537 4890 καὶ
2566 4838 2613 4892 οἱ
2650 4839 2710 4890 ὲν
2747 4838 2885 4909 αὐτῇ
2922 4841 3379 4909 ἐμπορευόμενοι,
3406 4842 3454 4893 οἱ
3482 4840 3561 4909 τῷ
3593 4840 3720 4909 βιω-

2146 4926 2284 4997 τικῷ
2312 4928 2387 4989 ὡς
2425 4928 2604 4998 ἰχθύες
2636 4931 2925 4999 νηχόμενοι
2957 4930 3189 4984 κλύδωνι
3220 4950 3232 4963 ·
3272 4931 3389 4985 ἀλλ’
3430 4935 3575 4995 εἰκὸς
3626 4932 3721 4985 καὶ

2144 5018 2243 5088 τὴν
2267 5018 2440 5072 ταῦτα
2478 5020 2794 5089 πάσχουσαν
2825 5021 2999 5084 πόλιν,
3031 5022 3262 5092 αἰσθητῇ
3294 5022 3537 5093 Θαλάσσῃ
3572 5039 3719 5089 γειτ-

2145 5111 2367 5174 νιῶσαν,
2402 5109 2540 5183 [καὶ]
2576 5113 2641 5164 τὰ
2668 5114 2821 5181 παρὰ
2854 5114 2962 5166 τῶν
2984 5116 3057 5179 λέν
3098 5115 3235 5186 αὐτῇ
3269 5115 3543 5168 πλεόντων
3569 5116 3719 5184 δεχο-

2152 5202 2341 5271 μένην,
2374 5202 2604 5265 πένθους
2639 5204 2848 5265 τούτοις
2886 5204 2975 5255 διὰ
3002 5206 3100 5275 τῆς
3128 5207 3337 5267 οἰκείας
3389 5207 3719 5275 ἐρημώσεως

2156 5291 2411 5346 ὑπόθεσιν
2441 5292 2680 5347 ἔσεσθαι.
2708 5296 2913 5346 Ταυτὸν
2936 5295 2992 5348 δὲ
3028 5297 3221 5349 παθεῖν
3268 5297 3580 5364 ἐπάναγκες
3629 5298 3722 5351 καὶ

2146 5386 2273 5447 τοὺς
2304 5386 2401 5453 τῆς
2438 5387 2785 5455 παγκοσμῐου
2829 5385 3145 5449 Βαϐυλῶνος
3194 5388 3365 5458 ιἤγουν
3406 5384 3718 5458 συγχύσεως

2146 5475 2447 5544 ἐμπόρους,
2482 5479 2538 5528 ὲν
2571 5479 2635 5547 τῇ
2666 5478 2946 5549 συντελείᾳ
2986 5479 3093 5532 τῶν
3125 5480 3443 5551 ὁρωμένων,
3504 5481 3721 5551 Θρῃνεῖν

2146 5567 2580 5637 ἁπαραμύΟητα,
2612 5568 2719 5622 τῶν
2754 5570 2925 5640 ἡδέων
2970 5571 3064 5624 τοῦ
3100 5574 3366 5640 παρόντος
3418 5572 3532 5642 βίου
3563 5571 3721 5626 ἀδου-

2146 5655 2325 5724 λήτως
2354 5655 2755 5725 χωριζομένους
2784 5661 2876 5711 καὶ
2909 5664 3299 5730 κεντουμένους
3326 5662 3429 5715 ὑπὸ
3463 5662 3556 5719 τοῦ
3591 5679 3712 5716 συν-

2154 5747 2359 5810 ειδότος
2426 5749 2516 5800 ἐπὶ
2547 5752 2663 5812 ταῖς
2696 5752 2927 5815 οἰκείαις
2958 5755 3241 5825 πράξεσιν.

3700 5860 3745 5881 70o.
3754 5860 3760 5871 ⁹
