4102 6490
547 439 660 502 395

1745 433 2075 495 ANDRE/E
2133 434 2650 495 CIESARIENSIS

3684 441 3778 508 396

552 549 695 601 lianc
725 561 845 600 eam
887 545 1063 615 ipsam
1097 558 1239 606 esse,
1296 557 1418 612 quae
1453 541 1725 611 superbia:
1751 554 1806 597 et
1831 543 2121 598 insolentia

2241 542 2586 597 διδασκάλων
2618 539 2760 595 κατὰ
2792 540 2891 610 τῆς
2937 539 3088 610 παρὰ
3143 539 3434 610 Ῥωμαίοις
3490 543 3778 618 Βαϐυλῶνος

552 639 822 693 adversus
855 638 1133 691 Christum
1165 643 1220 688 et
1245 648 1434 688 servos
1460 633 1582 702 ejus
1603 632 1891 688 declarata:
1914 649 2126 702 pmnas,

550 727 620 782 de
649 728 852 797 quibus
903 727 1110 780 dictum
1163 734 1267 788 est,
1305 724 1441 778 luat.
1478 721 1682 777 Verum
1719 723 1847 778 huic
1882 723 2130 793 opinioni

552 818 832 873 adversari
882 817 1115 878 videtur,
1154 816 1299 886 quod
1337 817 1584 886 plerique
1628 824 1841 871 veteres
1871 814 2131 871 Ecclesia:

547 910 803 961 doctores
842 908 958 961 haec
986 916 1179 960 contra
1209 921 1330 961 eam
1360 905 1690 977 Babylonem
1725 906 1985 976 praedicta
2019 915 2130 961 tra-

549 999 703 1061 dant,
726 1011 848 1066 quae
878 996 1021 1066 apud
1047 996 1329 1051 Romanos
1349 1009 1524 1052 exstat
1552 1015 1566 1064 ;
1600 1012 1726 1051 cum
1756 997 1828 1051 ob
1857 997 1986 1061 alia,
2014 1007 2127 1051 tum

549 1103 678 1140 vero
713 1088 949 1141 maxime
975 1129 989 1152 ,
1044 1087 1192 1156 quod
1235 1089 1288 1142 in
1336 1099 1532 1157 quarta
1587 1088 1759 1142 bestia
1789 1127 1802 1152 ,
1839 1101 2036 1156 nempe
2073 1087 2126 1141 in

547 1178 798 1232 Romano
848 1177 958 1247 85
992 1178 1244 1248 imperio,
1287 1179 1403 1232 visa
1446 1180 1553 1232 sint
1605 1178 1794 1232 decem
1837 1190 2067 1238 cornua,
2098 1190 2130 1230 ο

544 1270 746 1338 quibus
781 1285 948 1324 unum
971 1269 1098 1324 inde
1128 1277 1374 1333 enatum,
1411 1271 1511 1325 tria
1537 1286 1662 1324 mox
1697 1269 1961 1325 radicitus
1985 1283 2133 1322 ever-

543 1363 631 1424 tit,
657 1371 854 1416 czetera
896 1376 1025 1416 vero
1060 1363 1163 1417 sibi
1210 1361 1488 1431 subjugat.
1541 1361 1678 1416 Tum
1714 1377 1931 1416 rursum
1983 1360 2128 1430 qttod

542 1453 939 1517 Autichristus,
989 1455 1080 1508 ubi
1140 1454 1371 1520 venerit,
1421 1463 1680 1523 tanquam
1718 1469 1808 1506 rex
1846 1451 2126 1508 Romano-

542 1560 665 1599 rum
704 1546 754 1598 in
797 1545 1033 1600 medium
1075 1545 1390 1614 proditurus
1426 1545 1517 1609 sit,
1564 1559 1631 1600 eo
1676 1544 1896 1613 quidem
1934 1544 2118 1598 colore

543 1645 598 1691 et
643 1645 906 1707 praetextu
957 1638 1112 1705 quasi
1165 1637 1382 1691 illorum
1431 1636 1718 1706 imperium
1753 1636 1882 1690 velit
1920 1635 2130 1690 instau-

543 1743 668 1782 rare
713 1736 768 1782 et
812 1726 1127 1791 confovere,
1180 1742 1393 1782 necnon
1444 1726 1709 1781 adversus
1763 1726 1952 1780 hostes
1999 1739 2123 1779 cum

547 1820 656 1874 illis
687 1819 1041 1888 conspirare;
1075 1833 1197 1873 cum
1231 1833 1290 1872 re
1321 1817 1437 1887 ipsa
1463 1826 1644 1871 tamen
1679 1822 2119 1870 consummatam

2231 634 2404 688 ταῦτα
2435 634 2604 702 φάναι
2634 631 3110 703 προφητεύεσθαι·
3146 632 3236 685 διὰ
3268 634 3326 685 τὸ
3351 634 3406 684 ὲν
3449 633 3526 704 τῷ
3557 639 3776 712 τετάρτῳ

2231 726 2406 795 θηρίῳ
2444 724 2726 795 ἑωρᾶσθαι
2759 723 2828 777 τὰ
2854 724 2986 777 δέκα
3043 723 3273 793 κέρατα,
3309 725 3581 778 τουτέστιν
3627 731 3678 782 ὲν
3717 736 3776 802 τῇ

2241 816 2530 886 Ῥωμαίων
2552 817 2694 886 ἀρχῇ
2721 829 2736 844 °
2769 813 2863 868 καὶ
2885 813 2944 880 ἐξ
2970 814 3144 884 αὐτῆς
3172 816 3232 867 τὸ
3249 814 3307 866 ἓν
3336 813 3623 883 βλαστάνον
3645 823 3780 891 ἐκρι-

2227 905 2360 970 ζοῦν
2389 905 2454 960 τὰ
2484 907 2636 977 τρία,
2668 904 2763 960 ml.
2791 904 2860 958 τὰ
2902 905 3066 957 λοιπὰ
3099 905 3441 972 ὑποτάττειν,
3476 911 3564 962 καὶ
3594 911 3662 976 ὡς
3691 914 3777 983 βα-

2231 997 2383 1050 σιλέα
2442 999 2732 1068 Ῥωμαίων
2800 995 3114 1050 ἐλεύσεσθαι
3177 999 3521 1069 προσχήματι
3557 1002 3649 1071 μὲν
3693 1006 3777 1059 τοῦ

2229 1088 2453 1143 θάλπειν
2485 1090 2578 1142 ml
2631 1091 2953 1161 συγκροτεῖν
2997 1089 3098 1158 τὴν
3153 1087 3332 1160 ἀρχὴν
3383 1091 3592 1144 αὐτῶν·
3641 1099 3702 1166 τῇ
3727 1097 3779 1150 δὲ

2227 1179 2478 1252 ἀληθείᾳ,
2514 1181 2609 1234 τοῦ
2645 1181 2743 1252 τὴν
2762 1180 2979 1234 τελείαν
3009 1181 3180 1252 αὐτῆς
3226 1181 3382 1236 λύσιν
3433 1183 3772 1254 ἐργάσασθαι.

2229 1271 2344 1333 Διὸ,
2377 1271 2450 1333 ὡς
2466 1269 2702 1341 εἴρηται,
2729 1272 2829 1341 τὴν
2853 1271 2928 1334 ὡς
2953 1273 3010 1324 ὲν
3031 1271 3112 1323 ἑνὶ
3137 1269 3349 1340 σώματι
3380 1272 3611 1343 ἀρχῆθεν
3632 1277 3780 1349 μέχρι

2228 1361 2322 1415 τοῦ
2361 1361 2456 1414 νῦν
2508 1364 2864 1432 κρατήσασαν
2914 1363 3193 1432 βασιλείαν
3249 1363 3455 1433 ταύτην
3500 1381 3581 1427 τις
3634 1368 3782 1420 ἐκλα-

2230 1453 2363 1521 ϐὼν,
2391 1453 2491 1524 τὴν
2523 1454 2599 1516 ὡς
2647 1453 2866 1524 ἀληθῶς
2897 1453 3213 1508 ἀποστόλων
3238 1453 3333 1506 ml.
3375 1455 3660 1524 προφητῶν
3697 1458 3780 1510 καὶ

2233 1544 2530 1616 μαρτύρων
2563 1546 2834 1616 ὲκχὲασαν
2862 1545 3094 1615 αἵματα,
3129 1544 3228 1597 οὐκ
3263 1543 3328 1598 ἂν
3369 1545 3648 1616 διαμάρτοι
3695 1547 3780 1603 τοῦ

2230 1637 2600 1706 προσήκοντος
2622 1651 2638 1666 ⁸
2670 1635 2766 1690 ml
2804 1634 2912 1704 γὰρ
2955 1634 3145 1706 ὥσπερ
3172 1628 3253 1698 εἷς
3285 1635 3444 1704 χορὸς
3480 1636 3574 1688 καὶ
3628 1653 3781 1708 στρα-

2227 1728 2318 1788 τὸς
2348 1729 2444 1782 ml
2475 1730 2573 1798 μία
2605 1730 2760 1793 πόλις
2781 1727 3024 1797 λέγεται,
3051 1727 3156 1781 κᾶν
3183 1727 3567 1793 ὕπαλλαγῶσιν
3591 1729 3638 1780 οἱ
3668 1729 3780 1781 ava-

2228 1821 2565 1892 πληροῦντες
2592 1822 2796 1875 τούτων
2823 1821 3076 1884 ἕκαστον,
3111 1818 3254 1873 οὕτω
3283 1820 3377 1874 ml.
3399 1819 3639 1890 βασιλεία
3667 1819 3774 1889 μία.

543 1910 694 1964 illius
769 1909 1110 1964 eversionem
1167 1918 1224 1964 et
1272 1910 1583 1964 vastitatem
1659 1907 1955 1961 moliturus
2026 1905 2118 1961 sit.

2227 1913 2333 1966 κᾶν
2364 1914 2446 1977 εἰς
2481 1913 2709 1979 πολλοὺς
2750 1914 2978 1986 χρόνους
3034 1913 3130 1966 καὶ
3186 1913 3385 1976 τόπους
3443 1929 3781 1984 κατακερμα-

541 2000 863 2071 Ιίεηποριειυ,
901 2012 960 2056 ut
993 2011 1120 2056 ante
1155 2017 1374 2072 quoque
1415 2001 1621 2054 dictum
1652 2007 1756 2063 est,
1790 1998 1992 2052 rectius
2025 2011 2121 2066 per

2225 2003 2470 2070 τίζηται.

539 2109 769 2164 regnum
820 2093 925 2148 ltoc
976 2093 1242 2161 accipitur
1296 2093 1446 2148 orbis
1499 2090 1814 2161 imperium,
1854 2089 1907 2142 in
1946 2103 2118 2143 unum

538 2188 698 2257 quasi
732 2202 932 2257 corpus
955 2203 1020 2243 ex
1054 2189 1220 2242 variis
1256 2187 1540 2253 membris,
1584 2201 1703 2256 quzr
1730 2184 1844 2254 jam
1882 2183 2009 2238 inde
2061 2183 2130 2238 ab
2171 2182 2330 2239 initio
2384 2198 2559 2254 usque
2605 2182 2769 2238 modo
2787 2183 3136 2249 exstiterunt,
3186 2186 3482 2242 conflatum
3512 2201 3786 2257 rerumque

538 2281 798 2345 potitum.
836 2279 952 2335 lloe
994 2279 1140 2334 enim
1174 2279 1306 2334 illud
1367 2287 1474 2342 est,
1544 2278 1691 2348 quod
1727 2291 1917 2330 revera
1985 2275 2362 2345 apostolorum
2411 2286 2465 2331 et
2547 2278 2937 2345 prophetarum
2990 2286 3045 2330 et
3099 2286 3400 2348 martyrum
3471 2279 3776 2348 sanguinem

537 2370 732 2426 ell'utlit
779 2379 834 2426 et
888 2387 994 2424 non
1036 2386 1142 2424 una
1177 2370 1360 2438 aliqua
1413 2368 1710 2438 singularis
1749 2367 1968 2423 civitas.
2013 2365 2116 2432 Qui
2158 2365 2323 2436 igitur
2347 2366 2535 2421 urbem
2567 2366 2708 2420 hanc
2769 2381 3020 2435 magnam
3073 2367 3175 2422 ltoc
3203 2383 3369 2423 sensu
3405 2369 3783 2437 interpretatus

539 2461 726 2523 fuerit,
769 2460 912 2515 baud
948 2459 1104 2516 facile
1144 2461 1234 2516 ille
1265 2476 1296 2515 a
1327 2473 1496 2529 scopo
1555 2468 1651 2512 aut
1717 2458 1918 2514 decoro
1973 2457 2333 2513 aberraverit.
2369 2457 2582 2512 Etenim
2615 2466 2670 2511 ut
2733 2472 2877 2512 unus
2927 2458 3152 2523 chorus,
3185 2467 3239 2512 et
3304 2474 3449 2515 unus
3498 2460 3784 2528 exercitus,

538 2561 594 2604 et
622 2567 730 2606 una
747 2551 941 2606 civitas
962 2554 1184 2614 dicitur,
1212 2552 1426 2607 etiamsi
1453 2550 1768 2612 multitudo,
1797 2563 1918 2620 qua:
1969 2552 2399 2620 unumquodque
2431 2549 2661 2603 istorum
2722 2548 3092 2603 membrorum
3162 2551 3471 2619 constituit,
3505 2553 3781 2607 identidem

539 2641 904 2708 mutetur;ita
927 2657 1094 2696 unum
1115 2643 1279 2697 etiam
1299 2657 1526 2711 regnum
1549 2639 1655 2696 dici
1676 2649 1874 2710 potest,
1904 2640 2122 2697 etiamsi
2154 2641 2210 2695 in
2278 2639 2447 2694 multa
2492 2639 2612 2696 loca
2661 2648 2716 2695 et
2767 2649 3012 2710 tempora
3064 2639 3440 2711 distinguatur
3477 2651 3531 2697 et
3588 2641 3784 2698 discin-

540 2733 723 2790 datur.

1110 2846 1342 2902 CAPUT
1382 2846 1516 2903 LVI.

541 2981 618 3034 De
654 2990 961 3034 sanctorum
1002 2981 1210 3049 hymnis
1256 2992 1303 3034 et
1335 2980 1602 3051 laudibus,
1639 2980 1940 3051 triplicique
1969 2980 2118 3034 Alle—

611 3052 748 3115 luia,
777 3054 915 3121 quod
934 3060 1166 3132 .propter
1198 3051 1502 3104 subversam
1541 3049 1866 3120 Babylonem
1913 3053 2119 3105 cecine-

609 3133 735 3175 runt
770 3132 966 3175 εαηειι.

608 3279 752 3342 XIX,
798 3280 903 3333 l4.
946 3277 1069 3332 Post
1115 3278 1225 3333 lucc
1249 3280 1436 3334 audivi
1465 3281 1622 3350 quasi
1658 3295 1832 3335 vocem
1869 3280 2121 3334 tubarum

537 3375 830 3426 ntultarunt
859 3373 910 3424 in
935 3373 1062 3425 caelo
1081 3371 1391 3438 dicentium,
1430 3372 1681 3440 Alleluia,
1737 3373 1852 3426 laus
1876 3382 1924 3427 et
1947 3371 2120 3442 gloria

537 3475 588 3517 el
618 3465 782 3518 virtus
813 3463 917 3516 Deo
957 3471 1136 3516 nostro
1166 3473 1242 3516 est
1271 3477 1288 3517 :
1336 3463 1463 3532 quia
1509 3479 1629 3517 rera
1655 3473 1703 3517 et
1724 3464 1876 3533 justa
1907 3463 2120 3532 judicia

536 3556 676 3621 ejus,
716 3557 807 3625 qui
832 3555 1099 3624 judicavit
1131 3555 1194 3607 de
1227 3557 1499 3610 meretrice
1545 3573 1758 3624 magna,
1793 3571 1909 3620 quae
1936 3571 2121 3608 corru—

538 3648 616 3714 pit
673 3655 871 3698 terram
918 3645 973 3697 in
1013 3646 1388 3713 prostitutione
1429 3661 1568 3709 sua;
1603 3655 1654 3699 et
1688 3645 1973 3699 vindicavit
2002 3660 2123 3698 san-

540 3737 750 3806 guinem
800 3742 1071 3789 seruorum
1131 3752 1350 3789 suorum
1423 3736 1487 3790 de
1557 3737 1800 3790 manibus
1871 3737 2007 3800 eius.
2050 3735 2120 3789 Et

539 3827 732 3880 iterum
775 3829 1048 3890 dixerunt,
1107 3827 1344 3880 Alleluia
1379 3843 1396 3881 :
1431 3837 1478 3882 et
1513 3828 1691 3896 fumus
1726 3827 1840 3896 ejus
1882 3829 2120 3882 ascendit

540 3920 596 3972 in
630 3918 828 3972 sa’cula
863 3918 1201 3973 saeculorum.
1245 3917 1313 3972 Et
1341 3921 1642 3973 ceciderunt
1671 3920 1852 3988 viginti
1891 3929 2120 3988 quatuor

541 4015 813 4076 seniores,
879 4021 930 4064 et
991 4020 1222 4082 quatuor
1281 4012 1580 4076 animalia,
1655 4023 1702 4064 et
1765 4011 2117 4064 adoraverunt

541 4102 709 4155 Deum
765 4102 1028 4156 sedentem
1081 4118 1239 4172 super
1278 4100 1547 4168 thronum,
1588 4101 1850 4168 dicentes,
1899 4103 2062 4156 Amen
2097 4116 2118 4156 .'

540 4195 581 4247 Α
595 4193 680 4247 llel
688 4194 793 4248 uia.

613 4475 726 4530 Vox
765 4475 1018 4540 Alleluia,
1043 4475 1280 4529 divinam
1310 4475 1563 4542 laudem;
1592 4491 1694 4530 vox
1718 4484 1900 4532 autem
1929 4478 2113 4540 Amen,

540 4583 678 4630 vere,
746 4575 840 4620 aut
906 4568 1025 4635 ﬁat,
1073 4567 1392 4636 significat:
1434 4578 1663 4638 utraque
1695 4574 1844 4636 {vero
1895 4579 2117 4638 promer

541 4671 708 4710 unam
738 4655 1000 4710 Deitalent
1032 4657 1086 4710 in
1121 4655 1295 4712 tribus
1327 4657 1601 4727 personis,
1635 4658 1811 4715 Patris
1834 4661 2118 4725 nimirum,

543 4759 600 4804 et
633 4747 779 4814 Filii,
817 4759 873 4803 et
903 4747 1143 4818 Spiritus
1169 4749 1364 4816 sancti,
1396 4751 1792 4806 subsistentem
1827 4751 2119 4818 trifariam,

543 4857 671 4896 cum
709 4842 778 4896 ab
819 4843 1082 4912 angelicis
1141 4843 1458 4910 virtutibus,
1522 4854 1636 4899 lum
1685 4845 1753 4899 ab
1805 4844 2120 4900 hominibus

543 4949 768 5005 quoque
791 4935 1052 5005 angelica:
1073 4938 1330 5006 puritatis
1371 4938 1604 5003 tumulis,
1636 4937 1702 4991 ad
1733 4935 1904 4992 Deum
1936 4947 2120 4992 trans-

545 5027 802 5080 mittitur.
855 5025 1104 5082 Laudant
1141 5039 1324 5082 autem
1391 5029 1466 5082 illi
1503 5028 1698 5092 Deum,
1732 5029 1877 5100 quod
1929 5043 2117 5083 servo-

543 5134 664 5172 rum
696 5132 921 5172 suorum
954 5119 1274 5190 sanguinem
1310 5121 1376 5174 de
1405 5136 1569 5174 manu
1605 5119 1902 5190 Babylonis
1939 5120 2119 5173 vindi-

542 5210 770 5275 caverit,
819 5210 1182 5281 rjusdetuquc
1224 5211 1564 5266 habitatores
1598 5227 1693 5280 per
1723 5212 2118 5280 temporarium

541 5301 845 5356 crueiatum
895 5302 1163 5356 beneﬁcio
1210 5301 1478 5368 alfecerit,
1532 5303 1734 5372 quippe
1755 5304 1846 5372 qui
1873 5304 1987 5372 jam
2015 5303 2118 5358 ali-

540 5402 814 5461 quatenus
870 5393 1067 5460 puniti,
1105 5395 1530 5448 moderatiorem
1572 5395 1625 5448 in
1679 5393 1861 5449 futuro
1915 5395 2119 5451 saeculo

541 5498 759 5552 paruam
794 5483 973 5539 daturi
1005 5492 1151 5546 sunt,
1185 5493 1448 5538 aeternam
1477 5493 1661 5539 tamen
1691 5502 1705 5551 ;
1744 5485 2004 5554 peccandi
2037 5484 2118 5539 fa-

541 5577 743 5628 cultate
760 5589 986 5642 prorsus
1008 5574 1209 5628 orbati.
1234 5573 1391 5639 Quod
1413 5583 1594 5630 autem
1617 5590 1864 5630 accensa:
1882 5575 2119 5630 civitatis

542 5662 720 5729 fumus
751 5665 804 5717 in
825 5665 1022 5719 saecula
1047 5666 1363 5719 sa'rulorum
1387 5668 1658 5734 ascendit,
1691 5668 1825 5723 illud
1847 5677 2118 5724 tormenta

543 5753 663 5817 ejus
693 5769 974 5822 nunquam
1011 5756 1173 5810 linem
1208 5757 1480 5823 habitura,
1515 5774 1694 5828 neque
1723 5760 1836 5814 ullo
1871 5775 2116 5829 unquam

544 5852 791 5912 tempore
817 5845 870 5898 in
905 5846 1233 5904 oblivionem
1271 5860 1522 5919 ventura,
1559 5851 1759 5906 innuit.

2150 4521 2198 4580 D

2786 2839 3040 2894 ΚΕΦΑΛ.
3068 2838 3215 2906 Nq'.

2220 2974 2360 3042 Περί
2395 2972 2507 3041 τῆς
2541 2969 2664 3024 τῶν
2693 2972 2876 3042 ᾀγίων
2925 2971 3231 3042 ὑμνῳδίας
3269 2971 3384 3042 καί,
3409 2972 3518 3026 τοῦ
3550 2973 3788 3036 τριπλοῦ

2293 3040 2660 3106 ἄλληλούϊα,
2696 3040 2842 3110 ὅπερ
2897 3041 2996 3093 ἐπὶ
3036 3040 3110 3110 τῇ
3143 3041 3489 3110 καθαιρέσει
3523 3043 3786 3096 Βαϐυλῶ-

2289 3131 2398 3180 νος
2420 3112 2676 3180 ᾅδουσιν
2712 3109 2788 3182 [οἱ
2813 3110 3016 3182 arma]

2296 3269 2404 3324 Καὶ
2429 3270 2581 3338 μετὰ
2611 3269 2798 3323 ταῦτα
2827 3267 3065 3336 ἤκουσα
3097 3266 3298 3335 φωνῆς
3336 3268 3530 3338 ὄχλου
3562 3272 3784 3327 πολλοῦ

2223 3360 2290 3413 ἐν
2317 3358 2394 3425 τῷ
2416 3359 2652 3429 οὐρανῷ
2689 3359 2994 3428 λεγόντων
3021 3374 3035 3388 ·
3088 3358 3464 3425 Ἀλληλούΐα
3486 3379 3500 3392 ·
3533 3362 3572 3429 εὴ
3613 3377 3766 3429 σωτη

2215 3446 2320 3514 pla
2351 3448 2446 3498 καὶ
2485 3446 2523 3513 η
2553 3445 2722 3510 δόξα,
2760 3444 2879 3518 [καὶ
2901 3446 2940 3513 ἡ
2973 3444 3136 3517 τιμὴ]
3170 3445 3266 3499 καί
3301 3448 3338 3516 η
3373 3447 3628 3519 δύναμις
3657 3448 3791 3522 [Ku-

2215 3535 2328 3602 ρίῳ
2356 3533 2436 3598 τῷ
2467 3533 2587 3599 Θεῷ
2620 3532 2788 3602 ἡμῶν
2810 3534 2852 3606 ο]
2894 3534 2982 3587 ὅτι
3012 3534 3290 3600 ἀληθιναὶ
3328 3538 3430 3590 καί
3474 3537 3690 3592 δίκαιαι
3734 3541 3795 3592 αἱ

2220 3625 2452 3692 κρίσεις
2481 3624 2669 3678 αὐτοῦ
2691 3642 2703 3655 ·
2737 3624 2826 3678 ὅτι
2854 3625 3053 3692 ἔκρινε
3075 3622 3190 3691 τὴν
3215 3625 3455 3693 πόρνην
3480 3627 3597 3696 τὴν
3621 3628 3790 3698 μεγά-

2221 3718 2360 3782 λην,
2392 3716 2524 3784 ἥτις
2555 3716 2851 3785 διέφθειρε
2882 3715 2996 3784 τὴν
3026 3713 3232 3783 γῆνὲν
3273 3715 3350 3784 τῇ
3379 3721 3631 3786 πορνείᾳ
3686 3722 3788 3773 αὐ-

2222 3806 2333 3875 τῆς
2354 3823 2367 3838 ’
2399 3807 2495 3861 καὶ
2524 3807 2844 3875 ἐξεδίκησε
2869 3806 2937 3861 τὸ
2962 3805 3106 3875 αἷμα
3127 3806 3247 3861 τῶν
3262 3809 3504 3864 δούλων
3521 3811 3707 3866 αὐτοῦ
3727 3812 3791 3865 ἐκ

2221 3897 2331 3967 τῆς
2355 3898 2555 3966 χειρὸς
2592 3896 2807 3966 αὐτῆς.
2833 3897 2940 3951 Kal
2973 3896 3258 3963 δεύτερον
3291 3897 3630 3966 εἰρήκασιν·
3666 3901 3794 3953 Ἀλ-

2222 3991 2508 4056 ληλούΐα.
2554 3989 2663 4044 Καὶ
2715 3991 2748 4042 ὁ
2802 3987 3035 4054 καπνὸς
3071 3985 3306 4060 [αὐτῆς]
3351 3989 3662 4046 ἀναϐαίνει
3711 3994 3795 4057 εἰς

2221 4081 2364 4148 τοὺς
2383 4081 2602 4147 αἰῶνας
2639 4081 2758 4134 τῶν
2783 4081 3013 4136 αἰώνων
3034 4096 3050 4111 ⁶
3080 4081 3180 4135 καὶ
3210 4081 3444 4136 ἔπεσον
3481 4086 3539 4137 οἰ
3575 4086 3784 4138 εἰκοσι·

2221 4176 2520 4244 τέσσαρες
2543 4176 2931 4244 πρεσϐύτεροι
2981 4175 3080 4230 καί
3105 4175 3179 4228 τὰ
3207 4176 3484 4244 τέσσαρα
3511 4168 3644 4242 ζῶα,
3695 4177 3792 4230 καὶ

2221 4265 2695 4330 προσεκύνησαν
2743 4263 2822 4330 τῷ
2859 4263 2980 4329 Θεῷ
3028 4265 3107 4329 τῷ
3146 4265 3462 4334 καθημένῳ
3492 4267 3590 4321 ἐπὶ
3647 4265 3793 4339 [τοῦ]

2221 4356 2460 4423 θρόνου,
2483 4356 2771 4424 λέγοντες
2790 4370 2803 4384 ·
2843 4356 3043 4424 Ἀμὴν,
3080 4357 3440 4423 ordinatori-Ta.

2292 4447 2364 4499 Τὸ
2400 4447 2498 4517 μὲν
2573 4449 2960 4515 Ἀλληλούϊα,
3003 4447 3146 4501 θεῖον
3204 4445 3350 4501 αἶνον
3396 4452 3659 4521 σημαίνει
3688 4467 3703 4482 ο
3739 4451 3794 4502 τὸ

2223 4538 2279 4590 δὲ
2326 4539 2533 4608 Ἀμὴν,
2600 4538 2859 4607 ἀληθῶς,
2893 4538 2926 4610 ἢ
2966 4539 3199 4608 γένοιτο
3225 4558 3238 4571 ο
3277 4542 3422 4612 ἆπερ
3445 4543 3643 4606 κοινῶς
3665 4543 3796 4595 Exta

2221 4630 2330 4683 τῶν
2360 4631 2672 4699 ἀγγελικῶν
2705 4631 3009 4703 δυνάμεων,
3037 4632 3101 4686 ἔκ
3135 4650 3194 4686 τε
3223 4635 3332 4687 τῶν
3367 4635 3678 4704 ἰσαγγέλων
3703 4637 3798 4688 ἁν-

2223 4720 2480 4790 θρὼπων,
2514 4720 2591 4791 τῷ
2617 4721 2736 4792 Θεῷ
2762 4739 2928 4793 φησιν
2957 4723 3381 4793 ἀναπέμπεσθαι
3422 4725 3682 4796 τρισσῶς,
3717 4726 3799 4779 διὰ

2191 4815 2322 4882 ,τὴν
2351 4800 2786 4884 τρισυπόστατον
2823 4813 2966 4887 [τοῦ]
2995 4815 3204 4886 [ἰατρὸς
3230 4815 3347 4888 [ml
3372 4815 3496 4889 τοῦ]
3545 4805 3676 4871 Ῠὶοὖ
3711 4818 3803 4872 καὶ

2221 4905 2376 4972 ἁγίου
2414 4904 2732 4976 Πνεύματος
2765 4907 2974 4958 ἑνιαίαν
3000 4905 3233 4978 θεότητα
3264 4924 3277 4938 ·
3304 4909 3387 4962 ὅτι
3426 4909 3526 4962 καὶ
3569 4910 3632 4963 τὸ
3665 4903 3800 4979 αἷμα

2221 4997 2326 5049 τῶν
2355 4997 2555 5049 δούλων
2586 4996 2754 5051 αὐτοῦ
2801 5000 2864 5050 ὲκ
2920 4997 3066 5069 [τῆς]
3107 5001 3291 5070 χειρὸς
3357 5000 3682 5064 Βαϐυλῶνος
3721 5001 3802 5066 ἐξ·

2229 5087 2470 5156 εδίκησε,
2497 5089 2591 5140 καὶ
2621 5089 2748 5152 τοὺς
2777 5089 2947 5159 αὐτῆς
2967 5089 3261 5158 οἰκήτορας
3289 5089 3378 5143 διὰ
3400 5089 3501 5159 τῆς
3531 5091 3802 5149 κολάσεως

2221 5179 2610 5250 εὐηργέτησεν,
2642 5180 2885 5251 ἐκκοπὴν
2931 5183 3030 5250 τῆς
3081 5181 3358 5253 ἁμαρτίας
3399 5183 3801 5252 ἐργασάμενος.

2221 5272 2318 5324 Διὰ
2343 5269 2398 5324 δὲ
2427 5270 2520 5323 τοῦ
2577 5273 2664 5338 εἰς
2687 5271 2907 5339 αἰῶνας
2952 5271 3185 5327 αἰώνων
3214 5273 3321 5327 τὸν
3374 5274 3619 5329 καπνὸν
3663 5275 3802 5328 dra.

2222 5361 2448 5415 σαίνειν
2468 5362 2568 5433 τῆς
2609 5363 2838 5430 πόλεως,
2879 5362 3135 5434 δηλοῦται
3183 5364 3216 5435 ἢ
3268 5364 3327 5418 τὸ
3356 5366 3434 5428 εἰς
3463 5366 3527 5418 τὸ
3555 5366 3804 5437 διηνεκὲς

2221 5453 2330 5508 τῶν
2360 5454 2704 5508 ἐπελθουσῶν
2734 5457 2872 5528 αὐτῇ
2902 5456 3181 5510 κολάσεων
3225 5457 3591 5528 ἀνεπίληστον
3614 5475 3628 5488 ·
3678 5458 3711 5528 ἢ
3747 5457 3804 5509 τὸ

2225 5546 2469 5616 μερικῶς
2525 5547 2696 5618 αὐτὴν
2755 5547 2953 5601 δοῦσαν
3023 5548 3200 5616 δίκας,
3268 5549 3648 5619 μετριωτέρας
3684 5549 3804 5620 μὲν,

2225 5637 2460 5700 αἱωνίως
2490 5638 2544 5691 δὲ
2583 5640 2732 5709 ὅμως
2762 5641 2820 5693 ἐν
2844 5638 2921 5711 τῷ
2946 5639 3194 5708 μέλλοντι
3228 5639 3697 5712 κολασθήσεσθαι.
