  <div class='ocr_page' id='page_1' title='image "/cluster/home/n/w/nwhite01/storage/ocr_20150623/106/coo.31924054870104/212.png"; bbox 0 0 4102 6420; ppageno 0'>
   <div class='ocr_carea' id='block_1_1' title="bbox 447 360 558 431">
    <p class='ocr_par' dir='ltr' id='par_1_1' title="bbox 447 360 558 431">
     <span class='ocr_line' id='line_1_1' title="bbox 447 360 558 431; baseline 0.036 -4"><span class='ocrx_word' id='word_1_1' title='bbox 447 360 558 431; x_wconf 68' lang='grc'><strong>405</strong></span> 
     </span>
    </p>
   </div>
   <div class='ocr_carea' id='block_1_2' title="bbox 1405 369 2701 432">
    <p class='ocr_par' dir='ltr' id='par_1_2' title="bbox 1405 369 2701 432">
     <span class='ocr_line' id='line_1_2' title="bbox 1405 369 2701 432; baseline 0.001 -3"><span class='ocrx_word' id='word_1_2' title='bbox 1405 369 2012 431; x_wconf 72' lang='lat' dir='ltr'><strong>COMMENTARIUS</strong></span> <span class='ocrx_word' id='word_1_3' title='bbox 2053 369 2135 430; x_wconf 89' lang='lat' dir='ltr'><strong>IN</strong></span> <span class='ocrx_word' id='word_1_4' title='bbox 2173 371 2701 432; x_wconf 66' lang='lat' dir='ltr'><strong>APOCALYPSL‘I.</strong></span> 
     </span>
    </p>
   </div>
   <div class='ocr_carea' id='block_1_3' title="bbox 3588 371 3710 433">
    <p class='ocr_par' dir='ltr' id='par_1_3' title="bbox 3588 371 3710 433">
     <span class='ocr_line' id='line_1_3' title="bbox 3588 371 3710 433; baseline 0 -1"><span class='ocrx_word' id='word_1_5' title='bbox 3588 371 3710 433; x_wconf 64' lang='lat'><strong>406&#39;</strong></span> 
     </span>
    </p>
   </div>
   <div class='ocr_carea' id='block_1_4' title="bbox 441 468 2028 550">
    <p class='ocr_par' dir='ltr' id='par_1_4' title="bbox 441 468 2028 550">
     <span class='ocr_line' id='line_1_4' title="bbox 441 468 2028 550; baseline 0.002 -21"><span class='ocrx_word' id='word_1_6' title='bbox 441 480 547 530; x_wconf 76' lang='grc' dir='ltr'>κιίι</span> <span class='ocrx_word' id='word_1_7' title='bbox 570 475 807 544; x_wconf 80' lang='grc' dir='ltr'>λέγεται,</span> <span class='ocrx_word' id='word_1_8' title='bbox 827 475 922 530; x_wconf 76' lang='grc' dir='ltr'><strong>καὶ</strong></span> <span class='ocrx_word' id='word_1_9' title='bbox 952 475 1166 530; x_wconf 75' lang='grc' dir='ltr'>δεῖπνον</span> <span class='ocrx_word' id='word_1_10' title='bbox 1195 475 1346 547; x_wconf 74' lang='grc' dir='ltr'>αὐτῷ</span> <span class='ocrx_word' id='word_1_11' title='bbox 1377 479 1765 550; x_wconf 73' lang='grc' dir='ltr'><strong>περιπόθητον,</strong></span> <span class='ocrx_word' id='word_1_12' title='bbox 1796 468 1878 549; x_wconf 77' lang='grc' dir='ltr'>[τὸ</span> <span class='ocrx_word' id='word_1_13' title='bbox 1903 480 2028 532; x_wconf 70' lang='grc' dir='ltr'>πᾶν·</span> 
     </span>
    </p>
   </div>
   <div class='ocr_carea' id='block_1_5' title="bbox 2132 468 3714 550">
    <p class='ocr_par' dir='ltr' id='par_1_5' title="bbox 2138 475 3714 550">
     <span class='ocr_line' id='line_1_5' title="bbox 2138 475 3714 550; baseline -0.001 -16"><span class='ocrx_word' id='word_1_14' title='bbox 2138 488 2193 534; x_wconf 89' lang='lat' dir='ltr'><strong>et</strong></span> <span class='ocrx_word' id='word_1_15' title='bbox 2225 480 2466 536; x_wconf 80' lang='lat' dir='ltr'><strong>voluntas</strong></span> <span class='ocrx_word' id='word_1_16' title='bbox 2496 480 2683 550; x_wconf 72' lang='lat' dir='ltr'><strong>placiti</strong></span> <span class='ocrx_word' id='word_1_17' title='bbox 2715 475 3052 549; x_wconf 76' lang='lat' dir='ltr'><strong>appellatur;</strong></span> <span class='ocrx_word' id='word_1_18' title='bbox 3099 485 3154 532; x_wconf 82' lang='lat' dir='ltr'><strong>et</strong></span> <span class='ocrx_word' id='word_1_19' title='bbox 3185 491 3338 533; x_wconf 68' lang='lat' dir='ltr'><strong>creua</strong></span> <span class='ocrx_word' id='word_1_20' title='bbox 3375 492 3534 548; x_wconf 83' lang='lat' dir='ltr'><strong>quam</strong></span> <span class='ocrx_word' id='word_1_21' title='bbox 3568 485 3714 536; x_wconf 83' lang='lat' dir='ltr'><strong>desi-</strong></span> 
     </span>
    </p>
   </div>
   <div class='ocr_carea' id='block_1_6' title="bbox 438 565 2034 640">
    <p class='ocr_par' dir='ltr' id='par_1_6' title="bbox 438 565 2034 640">
     <span class='ocr_line' id='line_1_6' title="bbox 438 565 2034 640; baseline 0.001 -21"><span class='ocrx_word' id='word_1_22' title='bbox 438 566 567 638; x_wconf 83' lang='grc' dir='ltr'>τας]</span> <span class='ocrx_word' id='word_1_23' title='bbox 588 565 905 637; x_wconf 76' lang='grc' dir='ltr'>ἀνθρώπους</span> <span class='ocrx_word' id='word_1_24' title='bbox 938 565 1358 640; x_wconf 78' lang='grc' dir='ltr'>σωθῆναῐ[ὲστι]</span> <span class='ocrx_word' id='word_1_25' title='bbox 1373 569 1467 622; x_wconf 77' lang='grc' dir='ltr'>καὶ</span> <span class='ocrx_word' id='word_1_26' title='bbox 1490 571 1570 633; x_wconf 81' lang='grc' dir='ltr'><strong>είς</strong></span> <span class='ocrx_word' id='word_1_27' title='bbox 1586 571 1880 638; x_wconf 73' lang='grc' dir='ltr'><strong>ἐπίγνωσιν</strong></span> <span class='ocrx_word' id='word_1_28' title='bbox 1900 570 2034 640; x_wconf 83' lang='grc' dir='ltr'>ἀλη-</span> 
     </span>
    </p>
   </div>
   <div class='ocr_carea' id='block_1_7' title="bbox 441 659 2035 733">
    <p class='ocr_par' dir='ltr' id='par_1_7' title="bbox 441 659 2035 733">
     <span class='ocr_line' id='line_1_7' title="bbox 441 659 2035 733; baseline 0.004 -23"><span class='ocrx_word' id='word_1_29' title='bbox 441 659 598 720; x_wconf 84' lang='grc' dir='ltr'>θείας</span> <span class='ocrx_word' id='word_1_30' title='bbox 631 659 829 723; x_wconf 80' lang='grc' dir='ltr'><strong>ἐλθεῖν,</strong></span> <span class='ocrx_word' id='word_1_31' title='bbox 871 659 968 713; x_wconf 68' lang='grc' dir='ltr'>καὶ</span> <span class='ocrx_word' id='word_1_32' title='bbox 991 660 1319 730; x_wconf 69' lang='grc' dir='ltr'><strong>ἐπιστρέψαι</strong></span> <span class='ocrx_word' id='word_1_33' title='bbox 1349 662 1441 714; x_wconf 79' lang='grc' dir='ltr'>καὶ</span> <span class='ocrx_word' id='word_1_34' title='bbox 1484 662 1583 733; x_wconf 80' lang='grc' dir='ltr'><strong>ζῇν</strong></span> <span class='ocrx_word' id='word_1_35' title='bbox 1609 662 1828 725; x_wconf 81' lang='grc' dir='ltr'>αὐτούς.</span> <span class='ocrx_word' id='word_1_36' title='bbox 1863 663 1936 716; x_wconf 81' lang='grc' dir='ltr'>Τὸ</span> <span class='ocrx_word' id='word_1_37' title='bbox 1976 663 2035 716; x_wconf 79' lang='grc' dir='ltr'><strong>δὲ</strong></span> 
     </span>
    </p>
   </div>
   <div class='ocr_carea' id='block_1_8' title="bbox 438 749 2034 823">
    <p class='ocr_par' dir='ltr' id='par_1_8' title="bbox 438 749 2034 823">
     <span class='ocr_line' id='line_1_8' title="bbox 438 749 2034 823; baseline 0.003 -21"><span class='ocrx_word' id='word_1_38' title='bbox 438 750 718 818; x_wconf 69' lang='grc' dir='ltr'>δεύτερον,</span> <span class='ocrx_word' id='word_1_39' title='bbox 747 749 808 803; x_wconf 78' lang='grc' dir='ltr'>τὸ</span> <span class='ocrx_word' id='word_1_40' title='bbox 842 750 1172 820; x_wconf 78' lang='grc' dir='ltr'>κολασθῆναι</span> <span class='ocrx_word' id='word_1_41' title='bbox 1207 753 1334 816; x_wconf 71' lang='grc' dir='ltr'>τοὺς</span> <span class='ocrx_word' id='word_1_42' title='bbox 1359 754 1573 818; x_wconf 77' lang='grc' dir='ltr'><strong>ἑαυτοῖς</strong></span> <span class='ocrx_word' id='word_1_43' title='bbox 1613 755 2034 823; x_wconf 80' lang='grc' dir='ltr'>ὲπισπωμένους</span> 
     </span>
    </p>
   </div>
   <div class='ocr_carea' id='block_1_9' title="bbox 439 843 2032 918">
    <p class='ocr_par' dir='ltr' id='par_1_9' title="bbox 439 843 2032 918">
     <span class='ocr_line' id='line_1_9' title="bbox 439 843 2032 918; baseline 0.003 -24"><span class='ocrx_word' id='word_1_44' title='bbox 439 843 545 912; x_wconf 82' lang='grc' dir='ltr'><strong>τὴν</strong></span> <span class='ocrx_word' id='word_1_45' title='bbox 582 843 826 896; x_wconf 76' lang='grc' dir='ltr'>κόλασιν.</span> <span class='ocrx_word' id='word_1_46' title='bbox 856 843 930 896; x_wconf 85' lang='grc' dir='ltr'><strong>Τδ</strong></span> <span class='ocrx_word' id='word_1_47' title='bbox 954 845 1136 900; x_wconf 81' lang='grc' dir='ltr'>τοίνυν</span> <span class='ocrx_word' id='word_1_48' title='bbox 1167 849 1434 918; x_wconf 67' lang='grc' dir='ltr'>πατρικὸν</span> <span class='ocrx_word' id='word_1_49' title='bbox 1463 845 1679 916; x_wconf 82' lang='grc' dir='ltr'>θέλημα</span> <span class='ocrx_word' id='word_1_50' title='bbox 1718 847 1746 899; x_wconf 99' lang='lat'><strong>6</strong></span> <span class='ocrx_word' id='word_1_51' title='bbox 1798 847 2032 917; x_wconf 76' lang='grc' dir='ltr'>Χριστὸς</span> 
     </span>
    </p>
   </div>
   <div class='ocr_carea' id='block_1_10' title="bbox 388 933 2030 1005">
    <p class='ocr_par' dir='ltr' id='par_1_10' title="bbox 388 933 2030 1005">
     <span class='ocr_line' id='line_1_10' title="bbox 388 933 2030 1005; baseline 0.005 -20"><span class='ocrx_word' id='word_1_52' title='bbox 388 933 674 1002; x_wconf 54' lang='grc' dir='ltr'>ἱβρῶσιν</span> <span class='ocrx_word' id='word_1_53' title='bbox 721 935 951 989; x_wconf 79' lang='grc' dir='ltr'>οίκείαν</span> <span class='ocrx_word' id='word_1_54' title='bbox 1003 937 1254 993; x_wconf 79' lang='grc' dir='ltr'>ἐκάλεσε.</span> <span class='ocrx_word' id='word_1_55' title='bbox 1304 938 1476 991; x_wconf 82' lang='grc' dir='ltr'>Τοῦτο</span> <span class='ocrx_word' id='word_1_56' title='bbox 1527 939 1708 990; x_wconf 90' lang='grc' dir='ltr'>τοίνυν</span> <span class='ocrx_word' id='word_1_57' title='bbox 1763 938 2030 1005; x_wconf 77' lang='grc' dir='ltr'>ἐνταῦθα,</span> 
     </span>
    </p>
   </div>
   <div class='ocr_carea' id='block_1_11' title="bbox 387 1007 2034 1101">
    <p class='ocr_par' dir='ltr' id='par_1_11' title="bbox 387 1007 2034 1101">
     <span class='ocr_line' id='line_1_11' title="bbox 387 1007 2034 1101; baseline 0.004 -25"><span class='ocrx_word' id='word_1_58' title='bbox 439 1023 690 1078; x_wconf 80' lang='grc' dir='ltr'>δεῖπνον</span> <span class='ocrx_word' id='word_1_59' title='bbox 724 1025 874 1080; x_wconf 84' lang='grc' dir='ltr'><strong>Θεοῦ</strong></span> <span class='ocrx_word' id='word_1_60' title='bbox 911 1025 1240 1096; x_wconf 75' lang='grc' dir='ltr'>ὀνομάζεται</span> <span class='ocrx_word' id='word_1_61' title='bbox 1266 1043 1282 1058; x_wconf 71' lang='grc' dir='ltr'><strong>ο</strong></span> <span class='ocrx_word' id='word_1_62' title='bbox 1333 1027 1710 1097; x_wconf 84' lang='grc' dir='ltr'>τυγχανόντων</span> <span class='ocrx_word' id='word_1_63' title='bbox 1756 1027 1910 1101; x_wconf 69' lang='grc' dir='ltr'>[τῶν]</span> <span class='ocrx_word' id='word_1_64' title='bbox 1941 1031 2034 1083; x_wconf 86' lang='grc' dir='ltr'><strong>ἀν-</strong></span> 
     </span>
    </p>
   </div>
   <div class='ocr_carea' id='block_1_12' title="bbox 387 1087 2034 1198">
    <p class='ocr_par' dir='ltr' id='par_1_12' title="bbox 387 1087 2034 1198">
     <span class='ocr_line' id='line_1_12' title="bbox 387 1087 2034 1198; baseline 0.004 -32"><span class='ocrx_word' id='word_1_65' title='bbox 387 1087 399 1198; x_wconf 39' lang='lat'><strong>?</strong></span> <span class='ocrx_word' id='word_1_66' title='bbox 441 1113 704 1184; x_wconf 73' lang='grc' dir='ltr'>θρὼττων,</span> <span class='ocrx_word' id='word_1_67' title='bbox 746 1109 822 1170; x_wconf 78' lang='grc' dir='ltr'><strong>ῶν</strong></span> <span class='ocrx_word' id='word_1_68' title='bbox 851 1087 1194 1182; x_wconf 33' lang='grc' dir='ltr'><strong>ἔιιιιστοςνδι⁹</strong></span> <span class='ocrx_word' id='word_1_69' title='bbox 1217 1087 1846 1191; x_wconf 42' lang='grc' dir='ltr'>ἔργων-Ξπεθύμησενῆ</span> <span class='ocrx_word' id='word_1_70' title='bbox 1881 1087 2034 1191; x_wconf 61' lang='grc' dir='ltr'>βασι-</span> 
     </span>
    </p>
   </div>
   <div class='ocr_carea' id='block_1_13' title="bbox 391 1199 2032 1281">
    <p class='ocr_par' dir='ltr' id='par_1_13' title="bbox 391 1199 2032 1281">
     <span class='ocr_line' id='line_1_13' title="bbox 391 1199 2032 1281; baseline 0.005 -25"><span class='ocrx_word' id='word_1_71' title='bbox 391 1199 400 1210; x_wconf 81' lang='grc'><em>”</em></span> <span class='ocrx_word' id='word_1_72' title='bbox 441 1203 598 1269; x_wconf 83' lang='grc' dir='ltr'>λείας</span> <span class='ocrx_word' id='word_1_73' title='bbox 626 1207 658 1276; x_wconf 83' lang='grc' dir='ltr'>ἢ</span> <span class='ocrx_word' id='word_1_74' title='bbox 689 1209 978 1278; x_wconf 86' lang='grc' dir='ltr'>τιμωρίας.</span> <span class='ocrx_word' id='word_1_75' title='bbox 1013 1211 1114 1263; x_wconf 75' lang='grc' dir='ltr'><strong>Διὰ</strong></span> <span class='ocrx_word' id='word_1_76' title='bbox 1137 1211 1194 1263; x_wconf 78' lang='grc' dir='ltr'>δὲ</span> <span class='ocrx_word' id='word_1_77' title='bbox 1222 1211 1322 1281; x_wconf 88' lang='grc' dir='ltr'><strong>τῆς</strong></span> <span class='ocrx_word' id='word_1_78' title='bbox 1353 1208 1609 1280; x_wconf 80' lang='grc' dir='ltr'><strong>βρώσεως</strong></span> <span class='ocrx_word' id='word_1_79' title='bbox 1640 1211 1750 1264; x_wconf 88' lang='grc' dir='ltr'><strong>τῶν</strong></span> <span class='ocrx_word' id='word_1_80' title='bbox 1809 1212 2032 1281; x_wconf 83' lang='grc' dir='ltr'><strong>σαρκῶν</strong></span> 
     </span>
    </p>
   </div>
   <div class='ocr_carea' id='block_1_14' title="bbox 442 1297 2030 1372">
    <p class='ocr_par' dir='ltr' id='par_1_14' title="bbox 442 1297 2030 1372">
     <span class='ocr_line' id='line_1_14' title="bbox 442 1297 2030 1372; baseline 0.006 -24"><span class='ocrx_word' id='word_1_81' title='bbox 442 1297 775 1366; x_wconf 87' lang='grc' dir='ltr'>σημαίνεται</span> <span class='ocrx_word' id='word_1_82' title='bbox 807 1298 836 1350; x_wconf 88' lang='lat'><strong>6</strong></span> <span class='ocrx_word' id='word_1_83' title='bbox 869 1299 976 1352; x_wconf 91' lang='grc' dir='ltr'><strong>τῶν</strong></span> <span class='ocrx_word' id='word_1_84' title='bbox 1008 1301 1289 1370; x_wconf 78' lang='grc' dir='ltr'><strong>σαρκικῶν</strong></span> <span class='ocrx_word' id='word_1_85' title='bbox 1321 1302 1541 1357; x_wconf 88' lang='grc' dir='ltr'>πάντων</span> <span class='ocrx_word' id='word_1_86' title='bbox 1572 1303 1898 1372; x_wconf 78' lang='grc' dir='ltr'>ἀφανισμδς,</span> <span class='ocrx_word' id='word_1_87' title='bbox 1935 1304 2030 1357; x_wconf 69' lang='grc' dir='ltr'><strong>καὶ</strong></span> 
     </span>
    </p>
   </div>
   <div class='ocr_carea' id='block_1_15' title="bbox 437 1390 2028 1466">
    <p class='ocr_par' dir='ltr' id='par_1_15' title="bbox 437 1390 2028 1466">
     <span class='ocr_line' id='line_1_15' title="bbox 437 1390 2028 1466; baseline 0.006 -25"><span class='ocrx_word' id='word_1_88' title='bbox 437 1390 475 1458; x_wconf 79' lang='grc' dir='ltr'><strong>ἠ</strong></span> <span class='ocrx_word' id='word_1_89' title='bbox 508 1391 615 1444; x_wconf 89' lang='grc' dir='ltr'><strong>τῶν</strong></span> <span class='ocrx_word' id='word_1_90' title='bbox 644 1392 888 1462; x_wconf 75' lang='grc' dir='ltr'>άρχικῶν</span> <span class='ocrx_word' id='word_1_91' title='bbox 924 1393 1018 1446; x_wconf 71' lang='grc' dir='ltr'>ἐπὶ</span> <span class='ocrx_word' id='word_1_92' title='bbox 1051 1395 1154 1464; x_wconf 81' lang='grc' dir='ltr'>γῆς</span> <span class='ocrx_word' id='word_1_93' title='bbox 1192 1396 1472 1466; x_wconf 82' lang='grc' dir='ltr'>ὀνομάτων</span> <span class='ocrx_word' id='word_1_94' title='bbox 1499 1397 1760 1466; x_wconf 72' lang='grc' dir='ltr'>ἔκλειψις.</span> <span class='ocrx_word' id='word_1_95' title='bbox 1798 1399 2028 1451; x_wconf 73' lang='grc' dir='ltr'>Ἵππων</span> 
     </span>
    </p>
   </div>
   <div class='ocr_carea' id='block_1_16' title="bbox 432 1480 2029 1561">
    <p class='ocr_par' dir='ltr' id='par_1_16' title="bbox 432 1480 2029 1561">
     <span class='ocr_line' id='line_1_16' title="bbox 432 1480 2029 1561; baseline 0.006 -29"><span class='ocrx_word' id='word_1_96' title='bbox 432 1480 496 1533; x_wconf 81' lang='grc' dir='ltr'>δὲ</span> <span class='ocrx_word' id='word_1_97' title='bbox 524 1483 818 1553; x_wconf 78' lang='grc' dir='ltr'><strong>μέμνηται,</strong></span> <span class='ocrx_word' id='word_1_98' title='bbox 860 1484 957 1554; x_wconf 71' lang='grc' dir='ltr'>οὐχ</span> <span class='ocrx_word' id='word_1_99' title='bbox 985 1484 1060 1548; x_wconf 86' lang='grc' dir='ltr'><strong>ῶς</strong></span> <span class='ocrx_word' id='word_1_100' title='bbox 1099 1487 1280 1540; x_wconf 74' lang='grc' dir='ltr'>αὐτῶν</span> <span class='ocrx_word' id='word_1_101' title='bbox 1313 1488 1770 1559; x_wconf 84' lang='grc' dir='ltr'>άναστησομένων</span> <span class='ocrx_word' id='word_1_102' title='bbox 1817 1487 1874 1561; x_wconf 83' lang='grc' dir='ltr'><strong>[ἢ</strong></span> <span class='ocrx_word' id='word_1_103' title='bbox 1903 1507 2029 1560; x_wconf 67' lang='grc' dir='ltr'>κριη-</span> 
     </span>
    </p>
   </div>
   <div class='ocr_carea' id='block_1_17' title="bbox 433 1571 2024 1651">
    <p class='ocr_par' dir='ltr' id='par_1_17' title="bbox 433 1571 2024 1651">
     <span class='ocr_line' id='line_1_17' title="bbox 433 1571 2024 1651; baseline 0.014 -27"><span class='ocrx_word' id='word_1_104' title='bbox 433 1571 801 1647; x_wconf 81' lang='grc' dir='ltr'>Θησομὲνων,]</span> <span class='ocrx_word' id='word_1_105' title='bbox 826 1575 960 1630; x_wconf 75' lang='grc' dir='ltr'>ἀλλὰ</span> <span class='ocrx_word' id='word_1_106' title='bbox 977 1577 1071 1631; x_wconf 81' lang='grc' dir='ltr'><strong>διά</strong></span> <span class='ocrx_word' id='word_1_107' title='bbox 1096 1579 1194 1647; x_wconf 76' lang='grc' dir='ltr'><strong>μὲν</strong></span> <span class='ocrx_word' id='word_1_108' title='bbox 1216 1579 1442 1646; x_wconf 76' lang='grc' dir='ltr'>τούτων,</span> <span class='ocrx_word' id='word_1_109' title='bbox 1466 1579 1498 1651; x_wconf 79' lang='grc' dir='ltr'>ἢ</span> <span class='ocrx_word' id='word_1_110' title='bbox 1524 1582 1649 1645; x_wconf 77' lang='grc' dir='ltr'>τοὺς</span> <span class='ocrx_word' id='word_1_111' title='bbox 1672 1580 2024 1650; x_wconf 72' lang='grc' dir='ltr'>θηλυμανεῖςν</span> 
     </span>
    </p>
   </div>
   <div class='ocr_carea' id='block_1_18' title="bbox 430 1666 2021 1744">
    <p class='ocr_par' dir='ltr' id='par_1_18' title="bbox 430 1666 2021 1744">
     <span class='ocr_line' id='line_1_18' title="bbox 430 1666 2021 1744; baseline 0.006 -27"><span class='ocrx_word' id='word_1_112' title='bbox 430 1666 470 1734; x_wconf 82' lang='grc' dir='ltr'>ἢ</span> <span class='ocrx_word' id='word_1_113' title='bbox 497 1667 624 1729; x_wconf 74' lang='grc' dir='ltr'>τοὺς</span> <span class='ocrx_word' id='word_1_114' title='bbox 659 1667 1069 1736; x_wconf 70' lang='grc' dir='ltr'>ὑποϐεϐηκὸτας</span> <span class='ocrx_word' id='word_1_115' title='bbox 1101 1673 1164 1740; x_wconf 81' lang='grc' dir='ltr'>τῇ</span> <span class='ocrx_word' id='word_1_116' title='bbox 1206 1672 1462 1743; x_wconf 79' lang='grc' dir='ltr'>πονηρίᾳ,</span> <span class='ocrx_word' id='word_1_117' title='bbox 1498 1672 1530 1744; x_wconf 83' lang='grc' dir='ltr'>ἢ</span> <span class='ocrx_word' id='word_1_118' title='bbox 1566 1673 1659 1725; x_wconf 69' lang='grc' dir='ltr'><strong>καὶ</strong></span> <span class='ocrx_word' id='word_1_119' title='bbox 1692 1673 1978 1744; x_wconf 77' lang='grc' dir='ltr'>ἀμφότερα</span> <span class='ocrx_word' id='word_1_120' title='bbox 2006 1714 2021 1739; x_wconf 92' lang='grc'><strong>,</strong></span> 
     </span>
    </p>
   </div>
   <div class='ocr_carea' id='block_1_19' title="bbox 429 1755 2022 1836">
    <p class='ocr_par' dir='ltr' id='par_1_19' title="bbox 429 1755 2022 1836">
     <span class='ocr_line' id='line_1_19' title="bbox 429 1755 2022 1836; baseline 0.006 -28"><span class='ocrx_word' id='word_1_121' title='bbox 429 1755 522 1808; x_wconf 75' lang='grc' dir='ltr'><strong>διὰ</strong></span> <span class='ocrx_word' id='word_1_122' title='bbox 547 1757 604 1810; x_wconf 76' lang='grc' dir='ltr'><strong>δὲ</strong></span> <span class='ocrx_word' id='word_1_123' title='bbox 631 1757 739 1810; x_wconf 87' lang='grc' dir='ltr'><strong>τῶν</strong></span> <span class='ocrx_word' id='word_1_124' title='bbox 768 1760 1064 1813; x_wconf 74' lang='grc' dir='ltr'>ἐπιϐατῶν</span> <span class='ocrx_word' id='word_1_125' title='bbox 1089 1761 1292 1825; x_wconf 79' lang='grc' dir='ltr'>αὐτῶν,</span> <span class='ocrx_word' id='word_1_126' title='bbox 1316 1765 1441 1827; x_wconf 80' lang='grc' dir='ltr'>τοὺς</span> <span class='ocrx_word' id='word_1_127' title='bbox 1471 1766 1528 1816; x_wconf 83' lang='grc' dir='ltr'>ὲν</span> <span class='ocrx_word' id='word_1_128' title='bbox 1551 1765 1721 1836; x_wconf 74' lang='grc' dir='ltr'>κακίᾳ</span> <span class='ocrx_word' id='word_1_129' title='bbox 1753 1763 2022 1836; x_wconf 79' lang='grc' dir='ltr'>προῦχον-</span> 
     </span>
    </p>
   </div>
   <div class='ocr_carea' id='block_1_20' title="bbox 435 1849 2020 1928">
    <p class='ocr_par' dir='ltr' id='par_1_20' title="bbox 435 1849 2020 1928">
     <span class='ocr_line' id='line_1_20' title="bbox 435 1849 2020 1928; baseline 0.008 -28"><span class='ocrx_word' id='word_1_130' title='bbox 435 1865 534 1908; x_wconf 76' lang='grc' dir='ltr'><strong>τας</strong></span> <span class='ocrx_word' id='word_1_131' title='bbox 593 1849 985 1920; x_wconf 79' lang='grc' dir='ltr'>αἰνιττόμενος.</span> <span class='ocrx_word' id='word_1_132' title='bbox 1044 1855 1110 1905; x_wconf 87' lang='grc' dir='ltr'><strong>Ὃ</strong></span> <span class='ocrx_word' id='word_1_133' title='bbox 1150 1855 1244 1907; x_wconf 70' lang='grc' dir='ltr'><strong>καὶ</strong></span> <span class='ocrx_word' id='word_1_134' title='bbox 1282 1855 1638 1925; x_wconf 75' lang='grc' dir='ltr'>παρακατιὼν</span> <span class='ocrx_word' id='word_1_135' title='bbox 1690 1857 2020 1928; x_wconf 74' lang='grc' dir='ltr'>ἐσαφήνισεν</span> 
     </span>
    </p>
   </div>
   <div class='ocr_carea' id='block_1_21' title="bbox 429 1938 2020 2016">
    <p class='ocr_par' dir='ltr' id='par_1_21' title="bbox 429 1938 2020 2016">
     <span class='ocr_line' id='line_1_21' title="bbox 429 1938 2020 2016; baseline 0.006 -25"><span class='ocrx_word' id='word_1_136' title='bbox 429 1938 605 1991; x_wconf 84' lang='grc' dir='ltr'>είπών</span> <span class='ocrx_word' id='word_1_137' title='bbox 629 1955 645 1971; x_wconf 88' lang='grc'><strong>·</strong></span> <span class='ocrx_word' id='word_1_138' title='bbox 694 1941 1058 2009; x_wconf 79' lang='grc' dir='ltr'>Ἐλευθέρων</span> <span class='ocrx_word' id='word_1_139' title='bbox 1090 1960 1154 1997; x_wconf 83' lang='grc' dir='ltr'><strong>τε</strong></span> <span class='ocrx_word' id='word_1_140' title='bbox 1181 1945 1277 1997; x_wconf 84' lang='grc' dir='ltr'><strong>καί</strong></span> <span class='ocrx_word' id='word_1_141' title='bbox 1311 1945 1580 2012; x_wconf 75' lang='grc' dir='ltr'>δούλων,</span> <span class='ocrx_word' id='word_1_142' title='bbox 1608 1947 1886 2016; x_wconf 68' lang='grc' dir='ltr'>μεγάλων</span> <span class='ocrx_word' id='word_1_143' title='bbox 1923 1946 2020 2001; x_wconf 80' lang='grc' dir='ltr'><strong>καί</strong></span> 
     </span>
    </p>
   </div>
   <div class='ocr_carea' id='block_1_22' title="bbox 428 2030 2017 2108">
    <p class='ocr_par' dir='ltr' id='par_1_22' title="bbox 428 2030 2017 2108">
     <span class='ocr_line' id='line_1_22' title="bbox 428 2030 2017 2108; baseline 0.008 -27"><span class='ocrx_word' id='word_1_144' title='bbox 428 2030 658 2098; x_wconf 78' lang='grc' dir='ltr'><strong>μικρῶν</strong></span> <span class='ocrx_word' id='word_1_145' title='bbox 677 2046 690 2059; x_wconf 73' lang='grc'>⁸</span> <span class='ocrx_word' id='word_1_146' title='bbox 724 2030 812 2084; x_wconf 81' lang='grc' dir='ltr'>διὰ</span> <span class='ocrx_word' id='word_1_147' title='bbox 840 2032 942 2102; x_wconf 79' lang='grc' dir='ltr'>μὲν</span> <span class='ocrx_word' id='word_1_148' title='bbox 979 2033 1088 2087; x_wconf 90' lang='grc' dir='ltr'><strong>τῶν</strong></span> <span class='ocrx_word' id='word_1_149' title='bbox 1120 2035 1449 2104; x_wconf 77' lang='grc' dir='ltr'>ἐλευθέρων</span> <span class='ocrx_word' id='word_1_150' title='bbox 1471 2037 1565 2090; x_wconf 72' lang='grc' dir='ltr'><strong>καὶ</strong></span> <span class='ocrx_word' id='word_1_151' title='bbox 1591 2037 1698 2092; x_wconf 89' lang='grc' dir='ltr'><strong>τῶν</strong></span> <span class='ocrx_word' id='word_1_152' title='bbox 1721 2038 2017 2108; x_wconf 77' lang='grc' dir='ltr'>μεγάλων,</span> 
     </span>
    </p>
   </div>
   <div class='ocr_carea' id='block_1_23' title="bbox 433 2121 2022 2196">
    <p class='ocr_par' dir='ltr' id='par_1_23' title="bbox 433 2121 2022 2196">
     <span class='ocr_line' id='line_1_23' title="bbox 433 2121 2022 2196; baseline 0.007 -24"><span class='ocrx_word' id='word_1_153' title='bbox 433 2121 558 2182; x_wconf 71' lang='grc' dir='ltr'>τοὺς</span> <span class='ocrx_word' id='word_1_154' title='bbox 609 2121 810 2189; x_wconf 71' lang='grc' dir='ltr'>μᾶλλον</span> <span class='ocrx_word' id='word_1_155' title='bbox 871 2123 1293 2189; x_wconf 80' lang='grc' dir='ltr'>ἐξουσιαστικῶς</span> <span class='ocrx_word' id='word_1_156' title='bbox 1339 2127 1792 2196; x_wconf 77' lang='grc' dir='ltr'><strong>ἁμαρτάνοντας⁸</strong></span> <span class='ocrx_word' id='word_1_157' title='bbox 1829 2129 1918 2182; x_wconf 71' lang='grc' dir='ltr'>διὰ</span> <span class='ocrx_word' id='word_1_158' title='bbox 1964 2129 2022 2183; x_wconf 83' lang='grc' dir='ltr'>δὲ</span> 
     </span>
    </p>
   </div>
   <div class='ocr_carea' id='block_1_24' title="bbox 435 2209 2021 2288">
    <p class='ocr_par' dir='ltr' id='par_1_24' title="bbox 435 2209 2021 2288">
     <span class='ocr_line' id='line_1_24' title="bbox 435 2209 2021 2288; baseline 0.006 -27"><span class='ocrx_word' id='word_1_159' title='bbox 435 2209 542 2262; x_wconf 80' lang='grc' dir='ltr'><strong>τῶν</strong></span> <span class='ocrx_word' id='word_1_160' title='bbox 572 2209 807 2264; x_wconf 77' lang='grc' dir='ltr'>δούλων</span> <span class='ocrx_word' id='word_1_161' title='bbox 848 2213 941 2265; x_wconf 79' lang='grc' dir='ltr'><strong>καὶ</strong></span> <span class='ocrx_word' id='word_1_162' title='bbox 985 2214 1094 2267; x_wconf 88' lang='grc' dir='ltr'><strong>τῶν</strong></span> <span class='ocrx_word' id='word_1_163' title='bbox 1127 2214 1379 2283; x_wconf 79' lang='grc' dir='ltr'>μικρῶν,</span> <span class='ocrx_word' id='word_1_164' title='bbox 1408 2219 1533 2279; x_wconf 73' lang='grc' dir='ltr'>τοὺς</span> <span class='ocrx_word' id='word_1_165' title='bbox 1568 2211 1729 2288; x_wconf 80' lang='grc' dir='ltr'>ἦττον</span> <span class='ocrx_word' id='word_1_166' title='bbox 1761 2218 2021 2288; x_wconf 80' lang='grc' dir='ltr'>πλημμε-</span> 
     </span>
    </p>
   </div>
   <div class='ocr_carea' id='block_1_25' title="bbox 430 2301 2024 2382">
    <p class='ocr_par' dir='ltr' id='par_1_25' title="bbox 430 2301 2024 2382">
     <span class='ocr_line' id='line_1_25' title="bbox 430 2301 2024 2382; baseline 0.008 -30"><span class='ocrx_word' id='word_1_167' title='bbox 430 2301 658 2365; x_wconf 68' lang='grc' dir='ltr'>ωὗντας</span> <span class='ocrx_word' id='word_1_168' title='bbox 678 2343 693 2368; x_wconf 93' lang='grc'><strong>,</strong></span> <span class='ocrx_word' id='word_1_169' title='bbox 725 2303 759 2375; x_wconf 79' lang='grc' dir='ltr'>ἢ</span> <span class='ocrx_word' id='word_1_170' title='bbox 804 2305 945 2359; x_wconf 67' lang='grc' dir='ltr'>κατὰ</span> <span class='ocrx_word' id='word_1_171' title='bbox 990 2305 1216 2378; x_wconf 81' lang='grc' dir='ltr'>γνώμην</span> <span class='ocrx_word' id='word_1_172' title='bbox 1239 2348 1255 2376; x_wconf 89' lang='grc'><strong>,</strong></span> <span class='ocrx_word' id='word_1_173' title='bbox 1295 2308 1328 2379; x_wconf 76' lang='grc' dir='ltr'>ἢ</span> <span class='ocrx_word' id='word_1_174' title='bbox 1379 2307 1502 2363; x_wconf 84' lang='grc' dir='ltr'>καθ’</span> <span class='ocrx_word' id='word_1_175' title='bbox 1531 2309 1782 2382; x_wconf 70' lang='grc' dir='ltr'>ἠλικίαν,</span> <span class='ocrx_word' id='word_1_176' title='bbox 1813 2311 1847 2381; x_wconf 81' lang='grc' dir='ltr'>ἢ</span> <span class='ocrx_word' id='word_1_177' title='bbox 1882 2311 2024 2365; x_wconf 77' lang='grc' dir='ltr'>κατὰ</span> 
     </span>
    </p>
   </div>
   <div class='ocr_carea' id='block_1_26' title="bbox 430 2393 736 2450">
    <p class='ocr_par' dir='ltr' id='par_1_26' title="bbox 430 2393 736 2450">
     <span class='ocr_line' id='line_1_26' title="bbox 430 2393 736 2450; baseline 0.01 -3"><span class='ocrx_word' id='word_1_178' title='bbox 430 2393 736 2450; x_wconf 72' lang='grc' dir='ltr'>ἀσθένειαν.</span> 
     </span>
    </p>
   </div>
   <div class='ocr_carea' id='block_1_27' title="bbox 508 2740 2023 2822">
    <p class='ocr_par' dir='ltr' id='par_1_27' title="bbox 508 2740 2023 2822">
     <span class='ocr_line' id='line_1_27' title="bbox 508 2740 2023 2822; baseline 0.006 -22"><span class='ocrx_word' id='word_1_179' title='bbox 508 2745 617 2800; x_wconf 82' lang='lat' dir='ltr'><strong>Kal</strong></span> <span class='ocrx_word' id='word_1_180' title='bbox 639 2740 806 2800; x_wconf 76' lang='grc' dir='ltr'>εἶδον</span> <span class='ocrx_word' id='word_1_181' title='bbox 820 2746 885 2800; x_wconf 86' lang='grc' dir='ltr'>τὸ</span> <span class='ocrx_word' id='word_1_182' title='bbox 909 2747 1136 2816; x_wconf 81' lang='grc' dir='ltr'>θηρίον,</span> <span class='ocrx_word' id='word_1_183' title='bbox 1159 2747 1258 2804; x_wconf 75' lang='grc' dir='ltr'>καί</span> <span class='ocrx_word' id='word_1_184' title='bbox 1282 2748 1424 2816; x_wconf 87' lang='grc' dir='ltr'>τοὺς</span> <span class='ocrx_word' id='word_1_185' title='bbox 1438 2749 1722 2818; x_wconf 72' lang='grc' dir='ltr'>,βασιλεῖς</span> <span class='ocrx_word' id='word_1_186' title='bbox 1751 2751 1862 2819; x_wconf 78' lang='grc' dir='ltr'>τῆς</span> <span class='ocrx_word' id='word_1_187' title='bbox 1889 2752 2023 2822; x_wconf 78' lang='grc' dir='ltr'>γῆς,</span> 
     </span>
    </p>
   </div>
   <div class='ocr_carea' id='block_1_28' title="bbox 436 2832 2025 2910">
    <p class='ocr_par' dir='ltr' id='par_1_28' title="bbox 436 2832 2025 2910">
     <span class='ocr_line' id='line_1_28' title="bbox 436 2832 2025 2910; baseline 0.008 -26"><span class='ocrx_word' id='word_1_188' title='bbox 436 2832 537 2885; x_wconf 74' lang='grc' dir='ltr'>καὶ</span> <span class='ocrx_word' id='word_1_189' title='bbox 567 2833 642 2887; x_wconf 82' lang='grc' dir='ltr'>τὰ</span> <span class='ocrx_word' id='word_1_190' title='bbox 669 2835 1085 2905; x_wconf 81' lang='grc' dir='ltr'>στρατεύματα</span> <span class='ocrx_word' id='word_1_191' title='bbox 1131 2836 1334 2892; x_wconf 82' lang='grc' dir='ltr'>αὐτῶν</span> <span class='ocrx_word' id='word_1_192' title='bbox 1371 2840 1728 2909; x_wconf 75' lang='grc' dir='ltr'>συνηγμένα</span> <span class='ocrx_word' id='word_1_193' title='bbox 1773 2841 2025 2910; x_wconf 82' lang='grc' dir='ltr'>ποιῆσαι</span> 
     </span>
    </p>
   </div>
   <div class='ocr_carea' id='block_1_29' title="bbox 434 2923 2026 2998">
    <p class='ocr_par' dir='ltr' id='par_1_29' title="bbox 434 2923 2026 2998">
     <span class='ocr_line' id='line_1_29' title="bbox 434 2923 2026 2998; baseline 0.008 -24"><span class='ocrx_word' id='word_1_194' title='bbox 434 2923 709 2992; x_wconf 72' lang='grc' dir='ltr'>πόλεμον</span> <span class='ocrx_word' id='word_1_195' title='bbox 730 2925 883 2994; x_wconf 81' lang='grc' dir='ltr'>μετὰ</span> <span class='ocrx_word' id='word_1_196' title='bbox 909 2926 1016 2981; x_wconf 84' lang='grc' dir='ltr'>τοῦ</span> <span class='ocrx_word' id='word_1_197' title='bbox 1043 2926 1386 2997; x_wconf 79' lang='grc' dir='ltr'>καθημένου</span> <span class='ocrx_word' id='word_1_198' title='bbox 1410 2929 1510 2984; x_wconf 70' lang='grc' dir='ltr'><strong>ἐπὶ</strong></span> <span class='ocrx_word' id='word_1_199' title='bbox 1542 2930 1650 2984; x_wconf 85' lang='grc' dir='ltr'>τοῦ</span> <span class='ocrx_word' id='word_1_200' title='bbox 1681 2931 1892 2998; x_wconf 77' lang='grc' dir='ltr'>ἵππου,</span> <span class='ocrx_word' id='word_1_201' title='bbox 1926 2931 2026 2987; x_wconf 82' lang='grc' dir='ltr'>καί</span> 
     </span>
    </p>
   </div>
   <div class='ocr_carea' id='block_1_30' title="bbox 433 3013 1425 3087">
    <p class='ocr_par' dir='ltr' id='par_1_30' title="bbox 433 3013 1425 3087">
     <span class='ocr_line' id='line_1_30' title="bbox 433 3013 1425 3087; baseline 0.009 -21"><span class='ocrx_word' id='word_1_202' title='bbox 433 3013 588 3084; x_wconf 85' lang='grc' dir='ltr'>μετὰ</span> <span class='ocrx_word' id='word_1_203' title='bbox 615 3014 721 3069; x_wconf 88' lang='grc' dir='ltr'>τοῦ</span> <span class='ocrx_word' id='word_1_204' title='bbox 745 3018 1192 3087; x_wconf 81' lang='grc' dir='ltr'>στρατεύματος</span> <span class='ocrx_word' id='word_1_205' title='bbox 1215 3019 1425 3076; x_wconf 83' lang='grc' dir='ltr'>αὑτοῦ.</span> 
     </span>
    </p>
   </div>
   <div class='ocr_carea' id='block_1_31' title="bbox 513 3105 2026 3186">
    <p class='ocr_par' dir='ltr' id='par_1_31' title="bbox 513 3105 2026 3186">
     <span class='ocr_line' id='line_1_31' title="bbox 513 3105 2026 3186; baseline 0.008 -29"><span class='ocrx_word' id='word_1_206' title='bbox 513 3105 655 3170; x_wconf 77' lang='grc' dir='ltr'>Τοὺς</span> <span class='ocrx_word' id='word_1_207' title='bbox 686 3106 745 3161; x_wconf 66' lang='grc' dir='ltr'>δὲ</span> <span class='ocrx_word' id='word_1_208' title='bbox 767 3107 847 3179; x_wconf 85' lang='grc' dir='ltr'>τῷ</span> <span class='ocrx_word' id='word_1_209' title='bbox 882 3109 1114 3180; x_wconf 82' lang='grc' dir='ltr'>διαϐόλῳ</span> <span class='ocrx_word' id='word_1_210' title='bbox 1149 3112 1681 3182; x_wconf 78' lang='grc' dir='ltr'>συστρατευομένους</span> <span class='ocrx_word' id='word_1_211' title='bbox 1742 3113 2026 3186; x_wconf 82' lang='grc' dir='ltr'>[στρατεύ-</span> 
     </span>
    </p>
   </div>
   <div class='ocr_carea' id='block_1_32' title="bbox 445 3195 2030 3277">
    <p class='ocr_par' dir='ltr' id='par_1_32' title="bbox 445 3195 2030 3277">
     <span class='ocr_line' id='line_1_32' title="bbox 445 3195 2030 3277; baseline 0.008 -30"><span class='ocrx_word' id='word_1_212' title='bbox 445 3195 620 3267; x_wconf 80' lang='grc' dir='ltr'>ματα]</span> <span class='ocrx_word' id='word_1_213' title='bbox 647 3197 1025 3270; x_wconf 83' lang='grc' dir='ltr'>πληθυντικῶς</span> <span class='ocrx_word' id='word_1_214' title='bbox 1045 3201 1346 3273; x_wconf 79' lang='grc' dir='ltr'>ὀνομάσας,</span> <span class='ocrx_word' id='word_1_215' title='bbox 1373 3202 1462 3256; x_wconf 82' lang='grc' dir='ltr'><strong>διά</strong></span> <span class='ocrx_word' id='word_1_216' title='bbox 1491 3203 1553 3257; x_wconf 80' lang='grc' dir='ltr'><strong>τὸ</strong></span> <span class='ocrx_word' id='word_1_217' title='bbox 1585 3203 1902 3275; x_wconf 85' lang='grc' dir='ltr'>πολυσχιδὲς</span> <span class='ocrx_word' id='word_1_218' title='bbox 1933 3207 2030 3277; x_wconf 83' lang='grc' dir='ltr'>τῆς</span> 
     </span>
    </p>
   </div>
   <div class='ocr_carea' id='block_1_33' title="bbox 440 3286 2029 3368">
    <p class='ocr_par' dir='ltr' id='par_1_33' title="bbox 440 3286 2029 3368">
     <span class='ocr_line' id='line_1_33' title="bbox 440 3286 2029 3368; baseline 0.008 -30"><span class='ocrx_word' id='word_1_219' title='bbox 440 3286 726 3358; x_wconf 79' lang='grc' dir='ltr'>ἁμαρτίας</span> <span class='ocrx_word' id='word_1_220' title='bbox 769 3289 865 3343; x_wconf 74' lang='grc' dir='ltr'>καὶ</span> <span class='ocrx_word' id='word_1_221' title='bbox 895 3291 1228 3364; x_wconf 54' lang='grc' dir='ltr'>διῃπμένον</span> <span class='ocrx_word' id='word_1_222' title='bbox 1267 3294 1361 3346; x_wconf 76' lang='grc' dir='ltr'>καὶ</span> <span class='ocrx_word' id='word_1_223' title='bbox 1395 3293 1754 3364; x_wconf 83' lang='grc' dir='ltr'>πολύγνωμον</span> <span class='ocrx_word' id='word_1_224' title='bbox 1779 3310 1794 3326; x_wconf 76' lang='grc'><strong><em>⁸</em></strong></span> <span class='ocrx_word' id='word_1_225' title='bbox 1826 3297 2029 3368; x_wconf 86' lang='grc' dir='ltr'>καίπερ</span> 
     </span>
    </p>
   </div>
   <div class='ocr_carea' id='block_1_34' title="bbox 446 3376 2029 3453">
    <p class='ocr_par' dir='ltr' id='par_1_34' title="bbox 446 3376 2029 3453">
     <span class='ocr_line' id='line_1_34' title="bbox 446 3376 2029 3453; baseline 0.008 -26"><span class='ocrx_word' id='word_1_226' title='bbox 446 3376 730 3448; x_wconf 73' lang='grc' dir='ltr'>ἐλάχιστον</span> <span class='ocrx_word' id='word_1_227' title='bbox 781 3380 946 3452; x_wconf 84' lang='grc' dir='ltr'>μέρος</span> <span class='ocrx_word' id='word_1_228' title='bbox 975 3380 1084 3434; x_wconf 89' lang='grc' dir='ltr'><strong>τῶν</strong></span> <span class='ocrx_word' id='word_1_229' title='bbox 1113 3381 1424 3451; x_wconf 87' lang='grc' dir='ltr'>άγγελικῶν</span> <span class='ocrx_word' id='word_1_230' title='bbox 1471 3382 1754 3453; x_wconf 82' lang='grc' dir='ltr'>δυνάμεων</span> <span class='ocrx_word' id='word_1_231' title='bbox 1788 3386 1884 3439; x_wconf 71' lang='grc' dir='ltr'><strong>καὶ</strong></span> <span class='ocrx_word' id='word_1_232' title='bbox 1920 3386 2029 3439; x_wconf 91' lang='grc' dir='ltr'><strong>τῶν</strong></span> 
     </span>
    </p>
   </div>
   <div class='ocr_carea' id='block_1_35' title="bbox 450 3468 2031 3549">
    <p class='ocr_par' dir='ltr' id='par_1_35' title="bbox 450 3468 2031 3549">
     <span class='ocr_line' id='line_1_35' title="bbox 450 3468 2031 3549; baseline 0.007 -28"><span class='ocrx_word' id='word_1_233' title='bbox 450 3468 752 3538; x_wconf 80' lang='grc' dir='ltr'>ισαγγέλων</span> <span class='ocrx_word' id='word_1_234' title='bbox 786 3471 1092 3545; x_wconf 85' lang='grc' dir='ltr'>ἀνθρώπων</span> <span class='ocrx_word' id='word_1_235' title='bbox 1124 3473 1496 3545; x_wconf 83' lang='grc' dir='ltr'>ὑπάρχοντας,</span> <span class='ocrx_word' id='word_1_236' title='bbox 1535 3476 1663 3540; x_wconf 79' lang='grc' dir='ltr'>τοὺς</span> <span class='ocrx_word' id='word_1_237' title='bbox 1693 3475 1772 3546; x_wconf 84' lang='grc' dir='ltr'><strong>τῷ</strong></span> <span class='ocrx_word' id='word_1_238' title='bbox 1809 3478 2031 3549; x_wconf 83' lang='grc' dir='ltr'>Χριστῷ</span> 
     </span>
    </p>
   </div>
   <div class='ocr_carea' id='block_1_36' title="bbox 443 3560 2032 3641">
    <p class='ocr_par' dir='ltr' id='par_1_36' title="bbox 443 3560 2032 3641">
     <span class='ocr_line' id='line_1_36' title="bbox 443 3560 2032 3641; baseline 0.007 -29"><span class='ocrx_word' id='word_1_239' title='bbox 443 3560 769 3641; x_wconf 55' lang='grc' dir='ltr'>ἑπομένους,</span> <span class='ocrx_word' id='word_1_240' title='bbox 800 3561 997 3626; x_wconf 76' lang='grc' dir='ltr'>ἑνικῶς</span> <span class='ocrx_word' id='word_1_241' title='bbox 1028 3564 1344 3636; x_wconf 83' lang='grc' dir='ltr'>στράτευμα</span> <span class='ocrx_word' id='word_1_242' title='bbox 1381 3566 1819 3637; x_wconf 84' lang='grc' dir='ltr'>προσηγόρευσε,</span> <span class='ocrx_word' id='word_1_243' title='bbox 1849 3568 1938 3622; x_wconf 83' lang='grc' dir='ltr'>διὰ</span> <span class='ocrx_word' id='word_1_244' title='bbox 1969 3569 2032 3622; x_wconf 79' lang='grc' dir='ltr'>τὸ</span> 
     </span>
    </p>
   </div>
   <div class='ocr_carea' id='block_1_37' title="bbox 438 3650 2032 3728">
    <p class='ocr_par' dir='ltr' id='par_1_37' title="bbox 438 3650 2032 3728">
     <span class='ocr_line' id='line_1_37' title="bbox 438 3650 2032 3728; baseline 0.004 -24"><span class='ocrx_word' id='word_1_245' title='bbox 438 3651 541 3721; x_wconf 80' lang='grc' dir='ltr'>τῆς</span> <span class='ocrx_word' id='word_1_246' title='bbox 561 3650 788 3724; x_wconf 85' lang='grc' dir='ltr'>γνώμης</span> <span class='ocrx_word' id='word_1_247' title='bbox 809 3653 1011 3711; x_wconf 79' lang='grc' dir='ltr'>ἑνιαζον</span> <span class='ocrx_word' id='word_1_248' title='bbox 1038 3654 1252 3728; x_wconf 83' lang='grc' dir='ltr'>θέλημα</span> <span class='ocrx_word' id='word_1_249' title='bbox 1277 3655 1376 3728; x_wconf 81' lang='grc' dir='ltr'><strong>τῆς</strong></span> <span class='ocrx_word' id='word_1_250' title='bbox 1413 3657 1548 3728; x_wconf 83' lang='grc' dir='ltr'>πρὸς</span> <span class='ocrx_word' id='word_1_251' title='bbox 1573 3656 1665 3712; x_wconf 80' lang='grc' dir='ltr'><strong>τὸν</strong></span> <span class='ocrx_word' id='word_1_252' title='bbox 1695 3657 1828 3712; x_wconf 71' lang='grc' dir='ltr'>Θεὸν</span> <span class='ocrx_word' id='word_1_253' title='bbox 1856 3659 2032 3728; x_wconf 82' lang='grc' dir='ltr'>Λόγον</span> 
     </span>
    </p>
   </div>
   <div class='ocr_carea' id='block_1_38' title="bbox 439 3741 876 3816">
    <p class='ocr_par' dir='ltr' id='par_1_38' title="bbox 439 3741 876 3816">
     <span class='ocr_line' id='line_1_38' title="bbox 439 3741 876 3816; baseline 0.011 -21"><span class='ocrx_word' id='word_1_254' title='bbox 439 3741 876 3816; x_wconf 77' lang='grc' dir='ltr'>εὐαρεστητεως.</span> 
     </span>
    </p>
   </div>
   <div class='ocr_carea' id='block_1_39' title="bbox 516 3922 2031 3996">
    <p class='ocr_par' dir='ltr' id='par_1_39' title="bbox 516 3922 2031 3996">
     <span class='ocr_line' id='line_1_39' title="bbox 516 3922 2031 3996; baseline 0.004 -19"><span class='ocrx_word' id='word_1_255' title='bbox 516 3922 624 3978; x_wconf 78' lang='lat' dir='ltr'><strong>Kal</strong></span> <span class='ocrx_word' id='word_1_256' title='bbox 644 3923 900 3993; x_wconf 79' lang='grc' dir='ltr'>ἐπιάσθη</span> <span class='ocrx_word' id='word_1_257' title='bbox 923 3923 990 3979; x_wconf 87' lang='grc' dir='ltr'>τὸ</span> <span class='ocrx_word' id='word_1_258' title='bbox 1009 3926 1240 3994; x_wconf 83' lang='grc' dir='ltr'>θηρίον,</span> <span class='ocrx_word' id='word_1_259' title='bbox 1265 3927 1366 3981; x_wconf 77' lang='grc' dir='ltr'><strong>καί</strong></span> <span class='ocrx_word' id='word_1_260' title='bbox 1385 3927 1516 3996; x_wconf 82' lang='grc' dir='ltr'>μετ’</span> <span class='ocrx_word' id='word_1_261' title='bbox 1538 3928 1726 3982; x_wconf 76' lang='grc' dir='ltr'>αὐτοῦ</span> <span class='ocrx_word' id='word_1_262' title='bbox 1749 3931 1780 3983; x_wconf 86' lang='grc' dir='ltr'><em>ὀ</em></span> <span class='ocrx_word' id='word_1_263' title='bbox 1808 3929 2031 3996; x_wconf 71' lang='grc' dir='ltr'>ψευδο-</span> 
     </span>
    </p>
   </div>
   <div class='ocr_carea' id='block_1_40' title="bbox 443 4015 2029 4087">
    <p class='ocr_par' dir='ltr' id='par_1_40' title="bbox 443 4015 2029 4087">
     <span class='ocr_line' id='line_1_40' title="bbox 443 4015 2029 4087; baseline 0.003 -17"><span class='ocrx_word' id='word_1_264' title='bbox 443 4015 788 4086; x_wconf 72' lang='grc' dir='ltr'>προφήτης,</span> <span class='ocrx_word' id='word_1_265' title='bbox 817 4019 850 4072; x_wconf 82' lang='grc' dir='ltr'><em>ὁ</em></span> <span class='ocrx_word' id='word_1_266' title='bbox 879 4017 1145 4086; x_wconf 81' lang='grc' dir='ltr'>ποιήσας</span> <span class='ocrx_word' id='word_1_267' title='bbox 1169 4019 1240 4072; x_wconf 85' lang='grc' dir='ltr'>τὰ</span> <span class='ocrx_word' id='word_1_268' title='bbox 1269 4019 1487 4086; x_wconf 84' lang='grc' dir='ltr'>σημεῖα</span> <span class='ocrx_word' id='word_1_269' title='bbox 1524 4020 1786 4075; x_wconf 82' lang='grc' dir='ltr'>ἐνώπιον</span> <span class='ocrx_word' id='word_1_270' title='bbox 1821 4022 2029 4087; x_wconf 83' lang='grc' dir='ltr'>αὑτοῦ,</span> 
     </span>
    </p>
   </div>
   <div class='ocr_carea' id='block_1_41' title="bbox 441 4100 2031 4182">
    <p class='ocr_par' dir='ltr' id='par_1_41' title="bbox 441 4100 2031 4182">
     <span class='ocr_line' id='line_1_41' title="bbox 441 4100 2031 4182; baseline 0.004 -23"><span class='ocrx_word' id='word_1_271' title='bbox 441 4104 515 4159; x_wconf 78' lang='grc' dir='ltr'>ἐν</span> <span class='ocrx_word' id='word_1_272' title='bbox 550 4100 640 4171; x_wconf 82' lang='grc' dir='ltr'>οἷς</span> <span class='ocrx_word' id='word_1_273' title='bbox 666 4105 978 4174; x_wconf 78' lang='grc' dir='ltr'>ἐπλάνησε</span> <span class='ocrx_word' id='word_1_274' title='bbox 1004 4107 1149 4175; x_wconf 88' lang='grc' dir='ltr'>τοὺς</span> <span class='ocrx_word' id='word_1_275' title='bbox 1186 4110 1485 4176; x_wconf 79' lang='grc' dir='ltr'>λαϐόντας</span> <span class='ocrx_word' id='word_1_276' title='bbox 1508 4111 1576 4164; x_wconf 84' lang='grc' dir='ltr'>τὸ</span> <span class='ocrx_word' id='word_1_277' title='bbox 1615 4111 1890 4182; x_wconf 63' lang='grc' dir='ltr'>χάραπιιια</span> <span class='ocrx_word' id='word_1_278' title='bbox 1925 4113 2031 4166; x_wconf 85' lang='grc' dir='ltr'>τοῦ</span> 
     </span>
    </p>
   </div>
   <div class='ocr_carea' id='block_1_42' title="bbox 443 4197 2029 4270">
    <p class='ocr_par' dir='ltr' id='par_1_42' title="bbox 443 4197 2029 4270">
     <span class='ocr_line' id='line_1_42' title="bbox 443 4197 2029 4270; baseline 0.004 -19"><span class='ocrx_word' id='word_1_279' title='bbox 443 4197 654 4264; x_wconf 81' lang='grc' dir='ltr'>θηρίου</span> <span class='ocrx_word' id='word_1_280' title='bbox 682 4199 782 4252; x_wconf 76' lang='grc' dir='ltr'><strong>καί</strong></span> <span class='ocrx_word' id='word_1_281' title='bbox 810 4199 952 4265; x_wconf 85' lang='grc' dir='ltr'>τοὺς</span> <span class='ocrx_word' id='word_1_282' title='bbox 978 4201 1482 4268; x_wconf 79' lang='grc' dir='ltr'>προσκυνοῦντας</span> <span class='ocrx_word' id='word_1_283' title='bbox 1507 4200 1583 4270; x_wconf 79' lang='grc' dir='ltr'>τῇ</span> <span class='ocrx_word' id='word_1_284' title='bbox 1611 4203 1798 4256; x_wconf 76' lang='grc' dir='ltr'>εικόνι</span> <span class='ocrx_word' id='word_1_285' title='bbox 1823 4202 2029 4258; x_wconf 83' lang='grc' dir='ltr'>αὐτοῦ.</span> 
     </span>
    </p>
   </div>
   <div class='ocr_carea' id='block_1_43' title="bbox 446 4285 2035 4364">
    <p class='ocr_par' dir='ltr' id='par_1_43' title="bbox 446 4285 2035 4364">
     <span class='ocr_line' id='line_1_43' title="bbox 446 4285 2035 4364; baseline 0.004 -24"><span class='ocrx_word' id='word_1_286' title='bbox 446 4288 510 4347; x_wconf 81' lang='lat' dir='ltr'><strong>El</strong></span> <span class='ocrx_word' id='word_1_287' title='bbox 559 4292 654 4340; x_wconf 77' lang='grc' dir='ltr'><strong>καὶ</strong></span> <span class='ocrx_word' id='word_1_288' title='bbox 705 4287 784 4360; x_wconf 85' lang='grc' dir='ltr'>τῷ</span> <span class='ocrx_word' id='word_1_289' title='bbox 817 4290 1028 4361; x_wconf 81' lang='grc' dir='ltr'>Σωτῆρι</span> <span class='ocrx_word' id='word_1_290' title='bbox 1063 4291 1283 4362; x_wconf 80' lang='grc' dir='ltr'>Χριστῷ</span> <span class='ocrx_word' id='word_1_291' title='bbox 1313 4285 1459 4346; x_wconf 76' lang='grc' dir='ltr'>οὗτοι</span> <span class='ocrx_word' id='word_1_292' title='bbox 1490 4294 1586 4346; x_wconf 72' lang='grc' dir='ltr'><strong>σὺν</strong></span> <span class='ocrx_word' id='word_1_293' title='bbox 1642 4296 1756 4358; x_wconf 87' lang='grc' dir='ltr'>τοῖς</span> <span class='ocrx_word' id='word_1_294' title='bbox 1805 4293 2035 4364; x_wconf 85' lang='grc' dir='ltr'>πειθαρ-</span> 
     </span>
    </p>
   </div>
   <div class='ocr_carea' id='block_1_44' title="bbox 444 4379 2030 4456">
    <p class='ocr_par' dir='ltr' id='par_1_44' title="bbox 444 4379 2030 4456">
     <span class='ocr_line' id='line_1_44' title="bbox 444 4379 2030 4456; baseline 0.004 -24"><span class='ocrx_word' id='word_1_295' title='bbox 444 4379 679 4450; x_wconf 84' lang='grc' dir='ltr'>χήσασιν</span> <span class='ocrx_word' id='word_1_296' title='bbox 711 4381 895 4445; x_wconf 76' lang='grc' dir='ltr'>αὐτοῖς</span> <span class='ocrx_word' id='word_1_297' title='bbox 920 4382 1200 4452; x_wconf 81' lang='grc' dir='ltr'>βασιλεῦσι</span> <span class='ocrx_word' id='word_1_298' title='bbox 1229 4385 1325 4437; x_wconf 73' lang='grc' dir='ltr'><strong>καὶ</strong></span> <span class='ocrx_word' id='word_1_299' title='bbox 1354 4385 1615 4456; x_wconf 77' lang='grc' dir='ltr'>ἄρχουσιν</span> <span class='ocrx_word' id='word_1_300' title='bbox 1647 4385 2030 4449; x_wconf 80' lang='grc' dir='ltr'>ἀντετάξαντο·</span> 
     </span>
    </p>
   </div>
   <div class='ocr_carea' id='block_1_45' title="bbox 443 4472 2033 4548">
    <p class='ocr_par' dir='ltr' id='par_1_45' title="bbox 443 4472 2033 4548">
     <span class='ocr_line' id='line_1_45' title="bbox 443 4472 2033 4548; baseline 0.004 -24"><span class='ocrx_word' id='word_1_301' title='bbox 443 4472 560 4525; x_wconf 83' lang='grc' dir='ltr'>ἀλλ’</span> <span class='ocrx_word' id='word_1_302' title='bbox 591 4473 892 4545; x_wconf 81' lang='grc' dir='ltr'>ἀμφότεροι</span> <span class='ocrx_word' id='word_1_303' title='bbox 921 4476 1248 4546; x_wconf 78' lang='grc' dir='ltr'>ἡττηθέντες</span> <span class='ocrx_word' id='word_1_304' title='bbox 1270 4518 1284 4540; x_wconf 91' lang='grc'><strong>,</strong></span> <span class='ocrx_word' id='word_1_305' title='bbox 1315 4477 1344 4530; x_wconf 85' lang='grc' dir='ltr'><strong>ὅ</strong></span> <span class='ocrx_word' id='word_1_306' title='bbox 1365 4494 1426 4530; x_wconf 83' lang='grc' dir='ltr'><strong>τε</strong></span> <span class='ocrx_word' id='word_1_307' title='bbox 1470 4478 1836 4548; x_wconf 83' lang='grc' dir='ltr'>Ἀντίχριστος</span> <span class='ocrx_word' id='word_1_308' title='bbox 1875 4477 1972 4531; x_wconf 70' lang='grc' dir='ltr'><strong>καὶ</strong></span> <span class='ocrx_word' id='word_1_309' title='bbox 2005 4480 2033 4530; x_wconf 88' lang='grc' dir='ltr'>ὁ</span> 
     </span>
    </p>
   </div>
   <div class='ocr_carea' id='block_1_46' title="bbox 443 4563 2032 4638">
    <p class='ocr_par' dir='ltr' id='par_1_46' title="bbox 443 4563 2032 4638">
     <span class='ocr_line' id='line_1_46' title="bbox 443 4563 2032 4638; baseline 0.003 -21"><span class='ocrx_word' id='word_1_310' title='bbox 443 4563 919 4637; x_wconf 76' lang='grc' dir='ltr'>ψευδοπροφήτης,</span> <span class='ocrx_word' id='word_1_311' title='bbox 951 4568 979 4620; x_wconf 87' lang='grc' dir='ltr'><strong>ὁ</strong></span> <span class='ocrx_word' id='word_1_312' title='bbox 1027 4569 1280 4638; x_wconf 87' lang='grc' dir='ltr'>σημείοις</span> <span class='ocrx_word' id='word_1_313' title='bbox 1319 4568 1414 4622; x_wconf 75' lang='grc' dir='ltr'><strong>καὶ</strong></span> <span class='ocrx_word' id='word_1_314' title='bbox 1446 4569 1636 4638; x_wconf 83' lang='grc' dir='ltr'>τέρασι</span> <span class='ocrx_word' id='word_1_315' title='bbox 1670 4571 1905 4636; x_wconf 80' lang='grc' dir='ltr'>ποιήσας</span> <span class='ocrx_word' id='word_1_316' title='bbox 1940 4571 2032 4622; x_wconf 72' lang='grc' dir='ltr'><strong>τον</strong></span> 
     </span>
    </p>
   </div>
   <div class='ocr_carea' id='block_1_47' title="bbox 446 4653 2035 4730">
    <p class='ocr_par' dir='ltr' id='par_1_47' title="bbox 446 4653 2035 4730">
     <span class='ocr_line' id='line_1_47' title="bbox 446 4653 2035 4730; baseline 0.004 -24"><span class='ocrx_word' id='word_1_317' title='bbox 446 4653 738 4708; x_wconf 82' lang='grc' dir='ltr'>ἀπατεῶνα</span> <span class='ocrx_word' id='word_1_318' title='bbox 765 4657 1197 4728; x_wconf 83' lang='grc' dir='ltr'>εὐπαράδεκτον,</span> <span class='ocrx_word' id='word_1_319' title='bbox 1233 4659 1338 4713; x_wconf 74' lang='grc' dir='ltr'>ὑπὸ</span> <span class='ocrx_word' id='word_1_320' title='bbox 1367 4659 1462 4728; x_wconf 82' lang='grc' dir='ltr'>τῆς</span> <span class='ocrx_word' id='word_1_321' title='bbox 1497 4659 1644 4724; x_wconf 80' lang='grc' dir='ltr'>Θείας</span> <span class='ocrx_word' id='word_1_322' title='bbox 1670 4661 1840 4730; x_wconf 79' lang='grc' dir='ltr'>ὀργῆς</span> <span class='ocrx_word' id='word_1_323' title='bbox 1873 4677 2035 4714; x_wconf 84' lang='grc' dir='ltr'>κατα-</span> 
     </span>
    </p>
   </div>
   <div class='ocr_carea' id='block_1_48' title="bbox 445 4745 838 4818">
    <p class='ocr_par' dir='ltr' id='par_1_48' title="bbox 445 4745 838 4818">
     <span class='ocr_line' id='line_1_48' title="bbox 445 4745 838 4818; baseline 0.005 -18"><span class='ocrx_word' id='word_1_324' title='bbox 445 4745 838 4818; x_wconf 75' lang='grc' dir='ltr'>λαμϐάνονται.</span> 
     </span>
    </p>
   </div>
   <div class='ocr_carea' id='block_1_49' title="bbox 519 4929 2030 5001">
    <p class='ocr_par' dir='ltr' id='par_1_49' title="bbox 519 4929 2030 5001">
     <span class='ocr_line' id='line_1_49' title="bbox 519 4929 2030 5001; baseline 0.001 -17"><span class='ocrx_word' id='word_1_325' title='bbox 519 4929 750 4998; x_wconf 78' lang='grc' dir='ltr'>Ζῶντες</span> <span class='ocrx_word' id='word_1_326' title='bbox 773 4929 1195 4998; x_wconf 75' lang='grc' dir='ltr'>,βληθήσονται</span> <span class='ocrx_word' id='word_1_327' title='bbox 1213 4934 1266 4985; x_wconf 91' lang='grc' dir='ltr'><strong>οί</strong></span> <span class='ocrx_word' id='word_1_328' title='bbox 1289 4931 1398 4984; x_wconf 82' lang='grc' dir='ltr'>δύο</span> <span class='ocrx_word' id='word_1_329' title='bbox 1423 4933 1510 4996; x_wconf 85' lang='grc' dir='ltr'><strong>είς</strong></span> <span class='ocrx_word' id='word_1_330' title='bbox 1530 4929 1644 4998; x_wconf 77' lang='grc' dir='ltr'><strong>τὴν</strong></span> <span class='ocrx_word' id='word_1_331' title='bbox 1672 4932 1897 5001; x_wconf 78' lang='grc' dir='ltr'>λίμνην</span> <span class='ocrx_word' id='word_1_332' title='bbox 1927 4931 2030 4986; x_wconf 82' lang='grc' dir='ltr'>τοῦ</span> 
     </span>
    </p>
   </div>
   <div class='ocr_carea' id='block_1_50' title="bbox 447 5021 1586 5096">
    <p class='ocr_par' dir='ltr' id='par_1_50' title="bbox 447 5021 1586 5096">
     <span class='ocr_line' id='line_1_50' title="bbox 447 5021 1586 5096; baseline 0.001 -20"><span class='ocrx_word' id='word_1_333' title='bbox 447 5021 660 5090; x_wconf 74' lang='grc' dir='ltr'>πυρὸς,</span> <span class='ocrx_word' id='word_1_334' title='bbox 684 5023 802 5091; x_wconf 76' lang='grc' dir='ltr'>τὴν</span> <span class='ocrx_word' id='word_1_335' title='bbox 827 5023 1153 5092; x_wconf 80' lang='grc' dir='ltr'>καιομένην</span> <span class='ocrx_word' id='word_1_336' title='bbox 1172 5023 1241 5078; x_wconf 81' lang='grc' dir='ltr'>ἐν</span> <span class='ocrx_word' id='word_1_337' title='bbox 1271 5022 1399 5096; x_wconf 85' lang='grc' dir='ltr'><strong>[τῷ]</strong></span> <span class='ocrx_word' id='word_1_338' title='bbox 1429 5025 1586 5088; x_wconf 87' lang='grc' dir='ltr'>θείῳ.</span> 
     </span>
    </p>
   </div>
   <div class='ocr_carea' id='block_1_51' title="bbox 519 5111 2031 5188">
    <p class='ocr_par' dir='ltr' id='par_1_51' title="bbox 519 5111 2031 5188">
     <span class='ocr_line' id='line_1_51' title="bbox 519 5111 2031 5188; baseline 0.001 -20"><span class='ocrx_word' id='word_1_339' title='bbox 519 5116 681 5179; x_wconf 71' lang='grc' dir='ltr'>Εἰκὸς</span> <span class='ocrx_word' id='word_1_340' title='bbox 721 5115 820 5186; x_wconf 79' lang='grc' dir='ltr'>μὲν</span> <span class='ocrx_word' id='word_1_341' title='bbox 853 5115 946 5169; x_wconf 81' lang='grc' dir='ltr'><strong>οὖν</strong></span> <span class='ocrx_word' id='word_1_342' title='bbox 967 5158 982 5181; x_wconf 92' lang='grc'><strong>,</strong></span> <span class='ocrx_word' id='word_1_343' title='bbox 1018 5116 1093 5179; x_wconf 87' lang='grc' dir='ltr'><strong>ῶς</strong></span> <span class='ocrx_word' id='word_1_344' title='bbox 1131 5111 1277 5170; x_wconf 68' lang='grc' dir='ltr'>οὗτοι</span> <span class='ocrx_word' id='word_1_345' title='bbox 1307 5117 1398 5170; x_wconf 74' lang='grc' dir='ltr'>τὸν</span> <span class='ocrx_word' id='word_1_346' title='bbox 1442 5119 1623 5171; x_wconf 85' lang='grc' dir='ltr'>κοινὸν</span> <span class='ocrx_word' id='word_1_347' title='bbox 1653 5118 1755 5170; x_wconf 72' lang='grc' dir='ltr'>οὐκ</span> <span class='ocrx_word' id='word_1_348' title='bbox 1789 5117 2031 5188; x_wconf 78' lang='grc' dir='ltr'>ἀποθνήο</span> 
     </span>
    </p>
   </div>
   <div class='ocr_carea' id='block_1_52' title="bbox 453 5206 2029 5279">
    <p class='ocr_par' dir='ltr' id='par_1_52' title="bbox 453 5206 2029 5279">
     <span class='ocr_line' id='line_1_52' title="bbox 453 5206 2029 5279; baseline 0.001 -19"><span class='ocrx_word' id='word_1_349' title='bbox 453 5223 640 5260; x_wconf 84' lang='grc' dir='ltr'>σκουσι</span> <span class='ocrx_word' id='word_1_350' title='bbox 674 5206 924 5271; x_wconf 86' lang='grc' dir='ltr'>θάνατον,</span> <span class='ocrx_word' id='word_1_351' title='bbox 957 5207 1071 5260; x_wconf 83' lang='grc' dir='ltr'>ἀλλ’</span> <span class='ocrx_word' id='word_1_352' title='bbox 1107 5209 1164 5260; x_wconf 77' lang='grc' dir='ltr'>ἐν</span> <span class='ocrx_word' id='word_1_353' title='bbox 1205 5210 1338 5278; x_wconf 79' lang='grc' dir='ltr'>ῥιπῇ</span> <span class='ocrx_word' id='word_1_354' title='bbox 1370 5207 1650 5279; x_wconf 75' lang='grc' dir='ltr'>ὀφθαλμοῦ</span> <span class='ocrx_word' id='word_1_355' title='bbox 1687 5208 2029 5262; x_wconf 82' lang='grc' dir='ltr'>ἀπαθανατι-</span> 
     </span>
    </p>
   </div>
   <div class='ocr_carea' id='block_1_53' title="bbox 451 5297 2031 5372">
    <p class='ocr_par' dir='ltr' id='par_1_53' title="bbox 451 5297 2031 5372">
     <span class='ocr_line' id='line_1_53' title="bbox 451 5297 2031 5372; baseline 0.001 -20"><span class='ocrx_word' id='word_1_356' title='bbox 451 5297 689 5370; x_wconf 76' lang='grc' dir='ltr'>ζόμενοι,</span> <span class='ocrx_word' id='word_1_357' title='bbox 729 5298 809 5369; x_wconf 82' lang='grc' dir='ltr'>τῷ</span> <span class='ocrx_word' id='word_1_358' title='bbox 853 5299 1094 5371; x_wconf 83' lang='grc' dir='ltr'>δευτέρῳ</span> <span class='ocrx_word' id='word_1_359' title='bbox 1140 5299 1356 5370; x_wconf 79' lang='grc' dir='ltr'>θανάτῳ</span> <span class='ocrx_word' id='word_1_360' title='bbox 1405 5303 1474 5372; x_wconf 84' lang='grc' dir='ltr'>τῇ</span> <span class='ocrx_word' id='word_1_361' title='bbox 1524 5300 1691 5372; x_wconf 83' lang='grc' dir='ltr'>λίμνῃ</span> <span class='ocrx_word' id='word_1_362' title='bbox 1732 5301 1827 5354; x_wconf 76' lang='grc' dir='ltr'>τοῦ</span> <span class='ocrx_word' id='word_1_363' title='bbox 1859 5302 2031 5371; x_wconf 79' lang='grc' dir='ltr'>πυρὸς</span> 
     </span>
    </p>
   </div>
   <div class='ocr_carea' id='block_1_54' title="bbox 451 5390 2031 5464">
    <p class='ocr_par' dir='ltr' id='par_1_54' title="bbox 451 5390 2031 5464">
     <span class='ocr_line' id='line_1_54' title="bbox 451 5390 2031 5464; baseline 0 -19"><span class='ocrx_word' id='word_1_364' title='bbox 451 5390 924 5454; x_wconf 72' lang='grc' dir='ltr'>καταδικάζονταιο</span> <span class='ocrx_word' id='word_1_365' title='bbox 950 5390 1028 5455; x_wconf 84' lang='grc' dir='ltr'>ὣς</span> <span class='ocrx_word' id='word_1_366' title='bbox 1053 5407 1219 5462; x_wconf 83' lang='grc' dir='ltr'>φησιν</span> <span class='ocrx_word' id='word_1_367' title='bbox 1241 5394 1268 5445; x_wconf 89' lang='lat'><strong>6</strong></span> <span class='ocrx_word' id='word_1_368' title='bbox 1313 5391 1639 5455; x_wconf 81' lang='grc' dir='ltr'>Ἀπόστολος</span> <span class='ocrx_word' id='word_1_369' title='bbox 1673 5393 1802 5464; x_wconf 68' lang='grc' dir='ltr'>περὶ</span> <span class='ocrx_word' id='word_1_370' title='bbox 1831 5393 2031 5463; x_wconf 73' lang='grc' dir='ltr'>ἑτέρων</span> 
     </span>
    </p>
   </div>
   <div class='ocr_carea' id='block_1_55' title="bbox 449 5483 2031 5556">
    <p class='ocr_par' dir='ltr' id='par_1_55' title="bbox 449 5483 2031 5556">
     <span class='ocr_line' id='line_1_55' title="bbox 449 5483 2031 5556; baseline -0.001 -18"><span class='ocrx_word' id='word_1_371' title='bbox 449 5483 514 5538; x_wconf 83' lang='grc' dir='ltr'><strong>οὐ</strong></span> <span class='ocrx_word' id='word_1_372' title='bbox 571 5483 1064 5555; x_wconf 81' lang='grc' dir='ltr'>κοιμηθησομένων</span> <span class='ocrx_word' id='word_1_373' title='bbox 1106 5485 1236 5554; x_wconf 85' lang='grc' dir='ltr'>μὲν,</span> <span class='ocrx_word' id='word_1_374' title='bbox 1283 5484 1844 5556; x_wconf 79' lang='grc' dir='ltr'>μεταλλαγησομένων</span> <span class='ocrx_word' id='word_1_375' title='bbox 1873 5485 1929 5538; x_wconf 83' lang='grc' dir='ltr'><strong>δὲ</strong></span> <span class='ocrx_word' id='word_1_376' title='bbox 1975 5487 2031 5537; x_wconf 80' lang='grc' dir='ltr'>ἐν</span> 
     </span>
    </p>
   </div>
   <div class='ocr_carea' id='block_1_56' title="bbox 451 5567 2028 5646">
    <p class='ocr_par' dir='ltr' id='par_1_56' title="bbox 451 5567 2028 5646">
     <span class='ocr_line' id='line_1_56' title="bbox 451 5567 2028 5646; baseline 0.026 -41"><span class='ocrx_word' id='word_1_377' title='bbox 451 5573 640 5644; x_wconf 67' lang='grc' dir='ltr'><strong>ἀτόμῳ</strong></span> <span class='ocrx_word' id='word_1_378' title='bbox 668 5571 770 5646; x_wconf 56' lang='lat' dir='ltr'><strong>[ev]</strong></span> <span class='ocrx_word' id='word_1_379' title='bbox 798 5577 930 5645; x_wconf 75' lang='grc' dir='ltr'>ῥιπῇ</span> <span class='ocrx_word' id='word_1_380' title='bbox 982 5574 1284 5644; x_wconf 77' lang='grc' dir='ltr'>ὀφθαλμοῦ.</span> <span class='ocrx_word' id='word_1_381' title='bbox 1319 5574 1430 5628; x_wconf 67' lang='grc' dir='ltr'><strong>Καὶ</strong></span> <span class='ocrx_word' id='word_1_382' title='bbox 1455 5567 1600 5629; x_wconf 79' lang='grc' dir='ltr'>οὗτοι</span> <span class='ocrx_word' id='word_1_383' title='bbox 1663 5575 1763 5643; x_wconf 77' lang='grc' dir='ltr'><strong>μὲν</strong></span> <span class='ocrx_word' id='word_1_384' title='bbox 1837 5573 2028 5646; x_wconf 72' lang='grc' dir='ltr'><strong>[εἶκδς]</strong></span> 
     </span>
    </p>
   </div>
   <div class='ocr_carea' id='block_1_57' title="bbox 451 5661 2029 5736">
    <p class='ocr_par' dir='ltr' id='par_1_57' title="bbox 451 5661 2029 5736">
     <span class='ocr_line' id='line_1_57' title="bbox 451 5661 2029 5736; baseline 0.002 -23"><span class='ocrx_word' id='word_1_385' title='bbox 451 5661 533 5723; x_wconf 84' lang='grc' dir='ltr'><strong>είς</strong></span> <span class='ocrx_word' id='word_1_386' title='bbox 559 5661 740 5732; x_wconf 88' lang='grc' dir='ltr'>κρίσιν</span> <span class='ocrx_word' id='word_1_387' title='bbox 771 5662 1103 5716; x_wconf 73' lang='grc' dir='ltr'>ἐλεύσονται·</span> <span class='ocrx_word' id='word_1_388' title='bbox 1135 5664 1184 5716; x_wconf 76' lang='lat' dir='ltr'><strong>oi.</strong></span> <span class='ocrx_word' id='word_1_389' title='bbox 1216 5663 1272 5716; x_wconf 81' lang='grc' dir='ltr'>δὲ</span> <span class='ocrx_word' id='word_1_390' title='bbox 1305 5664 1570 5735; x_wconf 73' lang='grc' dir='ltr'>παρόντες</span> <span class='ocrx_word' id='word_1_391' title='bbox 1598 5661 1761 5736; x_wconf 78' lang='grc' dir='ltr'>[δύο],</span> <span class='ocrx_word' id='word_1_392' title='bbox 1800 5664 1876 5727; x_wconf 87' lang='grc' dir='ltr'><strong>ῶς</strong></span> <span class='ocrx_word' id='word_1_393' title='bbox 1901 5663 2029 5716; x_wconf 78' lang='grc' dir='ltr'>δυσο</span> 
     </span>
    </p>
   </div>
   <div class='ocr_carea' id='block_1_58' title="bbox 456 5751 2029 5830">
    <p class='ocr_par' dir='ltr' id='par_1_58' title="bbox 456 5751 2029 5830">
     <span class='ocr_line' id='line_1_58' title="bbox 456 5751 2029 5830; baseline 0.003 -25"><span class='ocrx_word' id='word_1_394' title='bbox 456 5751 639 5817; x_wconf 79' lang='grc' dir='ltr'>σεεεῖς</span> <span class='ocrx_word' id='word_1_395' title='bbox 681 5754 774 5808; x_wconf 74' lang='grc' dir='ltr'><strong>καὶ</strong></span> <span class='ocrx_word' id='word_1_396' title='bbox 817 5753 1075 5822; x_wconf 83' lang='grc' dir='ltr'>ἀντίθεοι,</span> <span class='ocrx_word' id='word_1_397' title='bbox 1113 5753 1211 5810; x_wconf 76' lang='grc' dir='ltr'><strong>οὐκ</strong></span> <span class='ocrx_word' id='word_1_398' title='bbox 1241 5756 1321 5820; x_wconf 82' lang='grc' dir='ltr'>εἰς</span> <span class='ocrx_word' id='word_1_399' title='bbox 1351 5758 1567 5830; x_wconf 83' lang='grc' dir='ltr'>κρίσιν,</span> <span class='ocrx_word' id='word_1_400' title='bbox 1600 5755 1714 5809; x_wconf 76' lang='grc' dir='ltr'>ἀλλ’</span> <span class='ocrx_word' id='word_1_401' title='bbox 1749 5756 1830 5820; x_wconf 83' lang='grc' dir='ltr'>εἰς</span> <span class='ocrx_word' id='word_1_402' title='bbox 1858 5755 2029 5810; x_wconf 81' lang='grc' dir='ltr'>κατά-</span> 
     </span>
    </p>
   </div>
   <div class='ocr_carea' id='block_1_59' title="bbox 2140 569 3713 637">
    <p class='ocr_par' dir='ltr' id='par_1_59' title="bbox 2140 569 3713 637">
     <span class='ocr_line' id='line_1_59' title="bbox 2140 569 3713 637; baseline 0.001 -11"><span class='ocrx_word' id='word_1_403' title='bbox 2140 572 2292 627; x_wconf 83' lang='lat' dir='ltr'><strong>derat</strong></span> <span class='ocrx_word' id='word_1_404' title='bbox 2340 572 2421 625; x_wconf 78' lang='lat' dir='ltr'><strong>vel</strong></span> <span class='ocrx_word' id='word_1_405' title='bbox 2477 571 2744 637; x_wconf 77' lang='lat' dir='ltr'><strong>maxime,</strong></span> <span class='ocrx_word' id='word_1_406' title='bbox 2790 579 2874 625; x_wconf 90' lang='lat' dir='ltr'><strong>est</strong></span> <span class='ocrx_word' id='word_1_407' title='bbox 2914 577 2976 626; x_wconf 92' lang='lat' dir='ltr'><strong>ut</strong></span> <span class='ocrx_word' id='word_1_408' title='bbox 3030 585 3221 626; x_wconf 88' lang='lat' dir='ltr'><strong>omnes</strong></span> <span class='ocrx_word' id='word_1_409' title='bbox 3279 569 3527 627; x_wconf 78' lang='lat' dir='ltr'><strong>homines</strong></span> <span class='ocrx_word' id='word_1_410' title='bbox 3573 573 3713 628; x_wconf 82' lang='lat' dir='ltr'><strong>salvi</strong></span> 
     </span>
    </p>
   </div>
   <div class='ocr_carea' id='block_1_60' title="bbox 2141 662 3716 733">
    <p class='ocr_par' dir='ltr' id='par_1_60' title="bbox 2141 662 3716 733">
     <span class='ocr_line' id='line_1_60' title="bbox 2141 662 3716 733; baseline -0.001 -17"><span class='ocrx_word' id='word_1_411' title='bbox 2141 662 2291 726; x_wconf 81' lang='lat' dir='ltr'><strong>ﬁant,</strong></span> <span class='ocrx_word' id='word_1_412' title='bbox 2323 673 2377 716; x_wconf 82' lang='lat' dir='ltr'><strong>et</strong></span> <span class='ocrx_word' id='word_1_413' title='bbox 2405 662 2473 717; x_wconf 76' lang='lat' dir='ltr'><strong>ad</strong></span> <span class='ocrx_word' id='word_1_414' title='bbox 2510 663 2756 718; x_wconf 75' lang='lat' dir='ltr'><strong>veritatis</strong></span> <span class='ocrx_word' id='word_1_415' title='bbox 2787 663 3115 733; x_wconf 84' lang='lat' dir='ltr'><strong>agnitionem</strong></span> <span class='ocrx_word' id='word_1_416' title='bbox 3145 662 3397 725; x_wconf 75' lang='lat' dir='ltr'><strong>veniant,</strong></span> <span class='ocrx_word' id='word_1_417' title='bbox 3435 665 3716 719; x_wconf 76' lang='lat' dir='ltr'><strong>conversi-</strong></span> 
     </span>
    </p>
   </div>
   <div class='ocr_carea' id='block_1_61' title="bbox 2137 753 3714 823">
    <p class='ocr_par' dir='ltr' id='par_1_61' title="bbox 2137 753 3714 823">
     <span class='ocr_line' id='line_1_61' title="bbox 2137 753 3714 823; baseline 0.001 -17"><span class='ocrx_word' id='word_1_418' title='bbox 2137 769 2244 823; x_wconf 88' lang='lat' dir='ltr'><strong>que</strong></span> <span class='ocrx_word' id='word_1_419' title='bbox 2273 757 2338 808; x_wconf 84' lang='lat' dir='ltr'><strong>ad</strong></span> <span class='ocrx_word' id='word_1_420' title='bbox 2368 753 2538 808; x_wconf 87' lang='lat' dir='ltr'><strong>Deum</strong></span> <span class='ocrx_word' id='word_1_421' title='bbox 2575 763 2838 808; x_wconf 73' lang='lat' dir='ltr'><strong>aeternum</strong></span> <span class='ocrx_word' id='word_1_422' title='bbox 2892 754 3098 809; x_wconf 76' lang='lat' dir='ltr'><strong>vivant.</strong></span> <span class='ocrx_word' id='word_1_423' title='bbox 3142 754 3475 809; x_wconf 87' lang='lat' dir='ltr'><strong>Secundaria</strong></span> <span class='ocrx_word' id='word_1_424' title='bbox 3533 764 3714 809; x_wconf 89' lang='lat' dir='ltr'><strong>autem</strong></span> 
     </span>
    </p>
   </div>
   <div class='ocr_carea' id='block_1_62' title="bbox 2136 843 3716 913">
    <p class='ocr_par' dir='ltr' id='par_1_62' title="bbox 2136 843 3716 913">
     <span class='ocr_line' id='line_1_62' title="bbox 2136 843 3716 913; baseline -0.001 -16"><span class='ocrx_word' id='word_1_425' title='bbox 2136 851 2191 897; x_wconf 91' lang='lat' dir='ltr'><strong>et</strong></span> <span class='ocrx_word' id='word_1_426' title='bbox 2220 843 2376 911; x_wconf 88' lang='lat' dir='ltr'><strong>quasi</strong></span> <span class='ocrx_word' id='word_1_427' title='bbox 2407 858 2750 913; x_wconf 86' lang='lat' dir='ltr'><strong>consequens</strong></span> <span class='ocrx_word' id='word_1_428' title='bbox 2783 851 2884 905; x_wconf 89' lang='lat' dir='ltr'><strong>est,</strong></span> <span class='ocrx_word' id='word_1_429' title='bbox 2921 845 3055 898; x_wconf 80' lang='lat' dir='ltr'><strong>velle</strong></span> <span class='ocrx_word' id='word_1_430' title='bbox 3081 857 3176 898; x_wconf 92' lang='lat' dir='ltr'><strong>eos</strong></span> <span class='ocrx_word' id='word_1_431' title='bbox 3211 845 3424 913; x_wconf 88' lang='lat' dir='ltr'><strong>punire,</strong></span> <span class='ocrx_word' id='word_1_432' title='bbox 3455 844 3548 913; x_wconf 88' lang='lat' dir='ltr'><strong>qui</strong></span> <span class='ocrx_word' id='word_1_433' title='bbox 3580 859 3716 912; x_wconf 89' lang='lat' dir='ltr'><strong>sup-</strong></span> 
     </span>
    </p>
   </div>
   <div class='ocr_carea' id='block_1_63' title="bbox 2137 934 3712 1005">
    <p class='ocr_par' dir='ltr' id='par_1_63' title="bbox 2137 934 3712 1005">
     <span class='ocr_line' id='line_1_63' title="bbox 2137 934 3712 1005; baseline -0.002 -17"><span class='ocrx_word' id='word_1_434' title='bbox 2137 935 2284 1004; x_wconf 89' lang='lat' dir='ltr'><strong>plicii</strong></span> <span class='ocrx_word' id='word_1_435' title='bbox 2315 951 2538 991; x_wconf 84' lang='lat' dir='ltr'><strong>causam</strong></span> <span class='ocrx_word' id='word_1_436' title='bbox 2578 934 2818 1005; x_wconf 86' lang='lat' dir='ltr'><strong>sibiipsis</strong></span> <span class='ocrx_word' id='word_1_437' title='bbox 2856 935 3000 990; x_wconf 90' lang='lat' dir='ltr'><strong>ultro</strong></span> <span class='ocrx_word' id='word_1_438' title='bbox 3036 936 3368 991; x_wconf 74' lang='lat' dir='ltr'><strong>asciverunt.</strong></span> <span class='ocrx_word' id='word_1_439' title='bbox 3410 935 3579 1005; x_wconf 84' lang='lat' dir='ltr'><strong>Igitur</strong></span> <span class='ocrx_word' id='word_1_440' title='bbox 3613 949 3712 1004; x_wconf 79' lang='lat' dir='ltr'><strong>pa-</strong></span> 
     </span>
    </p>
   </div>
   <div class='ocr_carea' id='block_1_64' title="bbox 2138 1023 3714 1088">
    <p class='ocr_par' dir='ltr' id='par_1_64' title="bbox 2138 1023 3714 1088">
     <span class='ocr_line' id='line_1_64' title="bbox 2138 1023 3714 1088; baseline -0.001 -10"><span class='ocrx_word' id='word_1_441' title='bbox 2138 1035 2345 1078; x_wconf 77' lang='lat' dir='ltr'><strong>ternam</strong></span> <span class='ocrx_word' id='word_1_442' title='bbox 2397 1025 2730 1079; x_wconf 77' lang='lat' dir='ltr'><strong>voluntatem</strong></span> <span class='ocrx_word' id='word_1_443' title='bbox 2788 1023 3044 1080; x_wconf 77' lang='lat' dir='ltr'><strong>Christus</strong></span> <span class='ocrx_word' id='word_1_444' title='bbox 3088 1025 3258 1078; x_wconf 80' lang='lat' dir='ltr'><strong>cibum</strong></span> <span class='ocrx_word' id='word_1_445' title='bbox 3309 1041 3462 1078; x_wconf 85' lang='lat' dir='ltr'><strong>suum</strong></span> <span class='ocrx_word' id='word_1_446' title='bbox 3516 1035 3714 1088; x_wconf 82' lang='lat' dir='ltr'><strong>vocat;</strong></span> 
     </span>
    </p>
   </div>
   <div class='ocr_carea' id='block_1_65' title="bbox 2135 1115 3714 1182">
    <p class='ocr_par' dir='ltr' id='par_1_65' title="bbox 2135 1115 3714 1182">
     <span class='ocr_line' id='line_1_65' title="bbox 2135 1115 3714 1182; baseline 0.003 -15"><span class='ocrx_word' id='word_1_447' title='bbox 2135 1117 2381 1169; x_wconf 83' lang='lat' dir='ltr'><strong>eamdem</strong></span> <span class='ocrx_word' id='word_1_448' title='bbox 2425 1124 2606 1170; x_wconf 90' lang='lat' dir='ltr'><strong>autem</strong></span> <span class='ocrx_word' id='word_1_449' title='bbox 2638 1115 2742 1170; x_wconf 89' lang='lat' dir='ltr'><strong>hoc</strong></span> <span class='ocrx_word' id='word_1_450' title='bbox 2791 1116 2913 1171; x_wconf 90' lang='lat' dir='ltr'><strong>loco</strong></span> <span class='ocrx_word' id='word_1_451' title='bbox 2961 1131 3120 1170; x_wconf 66' lang='lat' dir='ltr'><strong>ciente</strong></span> <span class='ocrx_word' id='word_1_452' title='bbox 3174 1117 3396 1170; x_wconf 86' lang='lat' dir='ltr'><strong>nomine</strong></span> <span class='ocrx_word' id='word_1_453' title='bbox 3442 1115 3714 1182; x_wconf 84' lang='lat' dir='ltr'><strong>designat.</strong></span> 
     </span>
    </p>
   </div>
   <div class='ocr_carea' id='block_1_66' title="bbox 2134 1205 3717 1277">
    <p class='ocr_par' dir='ltr' id='par_1_66' title="bbox 2134 1205 3717 1277">
     <span class='ocr_line' id='line_1_66' title="bbox 2134 1205 3717 1277; baseline 0 -17"><span class='ocrx_word' id='word_1_454' title='bbox 2134 1205 2441 1262; x_wconf 74' lang='lat' dir='ltr'><strong>Mortalium</strong></span> <span class='ocrx_word' id='word_1_455' title='bbox 2472 1221 2636 1276; x_wconf 90' lang='lat' dir='ltr'><strong>porro</strong></span> <span class='ocrx_word' id='word_1_456' title='bbox 2663 1208 3040 1277; x_wconf 83' lang='lat' dir='ltr'><strong>unusquilibet</strong></span> <span class='ocrx_word' id='word_1_457' title='bbox 3083 1207 3136 1262; x_wconf 87' lang='lat' dir='ltr'><strong>id</strong></span> <span class='ocrx_word' id='word_1_458' title='bbox 3167 1208 3543 1277; x_wconf 83' lang='lat' dir='ltr'><strong>consequitur,</strong></span> <span class='ocrx_word' id='word_1_459' title='bbox 3571 1206 3717 1277; x_wconf 88' lang='lat' dir='ltr'><strong>quod</strong></span> 
     </span>
    </p>
   </div>
   <div class='ocr_carea' id='block_1_67' title="bbox 2135 1297 3718 1368">
    <p class='ocr_par' dir='ltr' id='par_1_67' title="bbox 2135 1297 3718 1368">
     <span class='ocr_line' id='line_1_67' title="bbox 2135 1297 3718 1368; baseline 0 -16"><span class='ocrx_word' id='word_1_460' title='bbox 2135 1312 2232 1367; x_wconf 89' lang='lat' dir='ltr'><strong>per</strong></span> <span class='ocrx_word' id='word_1_461' title='bbox 2263 1312 2427 1367; x_wconf 82' lang='lat' dir='ltr'><strong>opera</strong></span> <span class='ocrx_word' id='word_1_462' title='bbox 2461 1308 2712 1368; x_wconf 78' lang='lat' dir='ltr'><strong>expetere</strong></span> <span class='ocrx_word' id='word_1_463' title='bbox 2740 1297 2891 1354; x_wconf 77' lang='lat' dir='ltr'><strong>visus</strong></span> <span class='ocrx_word' id='word_1_464' title='bbox 2917 1308 3002 1354; x_wconf 86' lang='lat' dir='ltr'><strong>est</strong></span> <span class='ocrx_word' id='word_1_465' title='bbox 3025 1337 3040 1363; x_wconf 93' lang='lat'><strong>,</strong></span> <span class='ocrx_word' id='word_1_466' title='bbox 3073 1312 3300 1368; x_wconf 88' lang='lat' dir='ltr'><strong>regnum</strong></span> <span class='ocrx_word' id='word_1_467' title='bbox 3334 1297 3591 1352; x_wconf 88' lang='lat' dir='ltr'><strong>nimirum</strong></span> <span class='ocrx_word' id='word_1_468' title='bbox 3622 1306 3718 1352; x_wconf 86' lang='lat' dir='ltr'><strong>aut</strong></span> 
     </span>
    </p>
   </div>
   <div class='ocr_carea' id='block_1_68' title="bbox 2134 1389 3720 1459">
    <p class='ocr_par' dir='ltr' id='par_1_68' title="bbox 2134 1389 3720 1459">
     <span class='ocr_line' id='line_1_68' title="bbox 2134 1389 3720 1459; baseline -0.003 -14"><span class='ocrx_word' id='word_1_469' title='bbox 2134 1389 2461 1459; x_wconf 79' lang='lat' dir='ltr'><strong>supplicium</strong></span> <span class='ocrx_word' id='word_1_470' title='bbox 2493 1399 2778 1444; x_wconf 67' lang='lat' dir='ltr'><strong>aeternum.</strong></span> <span class='ocrx_word' id='word_1_471' title='bbox 2814 1389 3082 1445; x_wconf 68' lang='lat' dir='ltr'><strong>Caeterum</strong></span> <span class='ocrx_word' id='word_1_472' title='bbox 3115 1405 3210 1459; x_wconf 92' lang='lat' dir='ltr'><strong>per</strong></span> <span class='ocrx_word' id='word_1_473' title='bbox 3259 1406 3430 1444; x_wconf 82' lang='lat' dir='ltr'><strong>escam</strong></span> <span class='ocrx_word' id='word_1_474' title='bbox 3477 1391 3720 1444; x_wconf 86' lang='lat' dir='ltr'><strong>carnium</strong></span> 
     </span>
    </p>
   </div>
   <div class='ocr_carea' id='block_1_69' title="bbox 2132 1480 3719 1551">
    <p class='ocr_par' dir='ltr' id='par_1_69' title="bbox 2132 1480 3719 1551">
     <span class='ocr_line' id='line_1_69' title="bbox 2132 1480 3719 1551; baseline -0.001 -16"><span class='ocrx_word' id='word_1_475' title='bbox 2132 1480 2436 1536; x_wconf 86' lang='lat' dir='ltr'><strong>carnalium</strong></span> <span class='ocrx_word' id='word_1_476' title='bbox 2464 1481 2709 1535; x_wconf 89' lang='lat' dir='ltr'><strong>omnium</strong></span> <span class='ocrx_word' id='word_1_477' title='bbox 2734 1481 2989 1536; x_wconf 86' lang='lat' dir='ltr'><strong>interitus</strong></span> <span class='ocrx_word' id='word_1_478' title='bbox 3012 1481 3304 1547; x_wconf 88' lang='lat' dir='ltr'><strong>indicatur,</strong></span> <span class='ocrx_word' id='word_1_479' title='bbox 3326 1481 3719 1551; x_wconf 87' lang='lat' dir='ltr'><strong>nominumque</strong></span> 
     </span>
    </p>
   </div>
   <div class='ocr_carea' id='block_1_70' title="bbox 2131 1570 3722 1641">
    <p class='ocr_par' dir='ltr' id='par_1_70' title="bbox 2131 1570 3722 1641">
     <span class='ocr_line' id='line_1_70' title="bbox 2131 1570 3722 1641; baseline 0.001 -16"><span class='ocrx_word' id='word_1_480' title='bbox 2131 1571 2495 1641; x_wconf 88' lang='lat' dir='ltr'><strong>principatum</strong></span> <span class='ocrx_word' id='word_1_481' title='bbox 2533 1571 2584 1626; x_wconf 91' lang='lat' dir='ltr'><strong>in</strong></span> <span class='ocrx_word' id='word_1_482' title='bbox 2622 1580 2763 1626; x_wconf 87' lang='lat' dir='ltr'><strong>terra</strong></span> <span class='ocrx_word' id='word_1_483' title='bbox 2796 1571 3160 1626; x_wconf 85' lang='lat' dir='ltr'><strong>obtinentium</strong></span> <span class='ocrx_word' id='word_1_484' title='bbox 3191 1570 3446 1626; x_wconf 78' lang='lat' dir='ltr'><strong>defectio.</strong></span> <span class='ocrx_word' id='word_1_485' title='bbox 3477 1570 3722 1628; x_wconf 75' lang='lat' dir='ltr'><strong>Meminit</strong></span> 
     </span>
    </p>
   </div>
   <div class='ocr_carea' id='block_1_71' title="bbox 2131 1661 3718 1732">
    <p class='ocr_par' dir='ltr' id='par_1_71' title="bbox 2131 1661 3718 1732">
     <span class='ocr_line' id='line_1_71' title="bbox 2131 1661 3718 1732; baseline 0.002 -17"><span class='ocrx_word' id='word_1_486' title='bbox 2131 1670 2310 1715; x_wconf 88' lang='lat' dir='ltr'><strong>autem</strong></span> <span class='ocrx_word' id='word_1_487' title='bbox 2341 1678 2593 1732; x_wconf 83' lang='lat' dir='ltr'><strong>equorum</strong></span> <span class='ocrx_word' id='word_1_488' title='bbox 2619 1702 2633 1726; x_wconf 88' lang='lat'><strong>,</strong></span> <span class='ocrx_word' id='word_1_489' title='bbox 2680 1676 2786 1715; x_wconf 91' lang='lat' dir='ltr'><strong>non</strong></span> <span class='ocrx_word' id='word_1_490' title='bbox 2837 1663 2982 1732; x_wconf 88' lang='lat' dir='ltr'><strong>quod</strong></span> <span class='ocrx_word' id='word_1_491' title='bbox 3021 1662 3123 1730; x_wconf 86' lang='lat' dir='ltr'><strong>ipsi</strong></span> <span class='ocrx_word' id='word_1_492' title='bbox 3158 1661 3290 1716; x_wconf 93' lang='lat' dir='ltr'><strong>olim</strong></span> <span class='ocrx_word' id='word_1_493' title='bbox 3325 1662 3436 1717; x_wconf 90' lang='lat' dir='ltr'><strong>sint</strong></span> <span class='ocrx_word' id='word_1_494' title='bbox 3464 1663 3718 1718; x_wconf 82' lang='lat' dir='ltr'><strong>exsusci-</strong></span> 
     </span>
    </p>
   </div>
   <div class='ocr_carea' id='block_1_72' title="bbox 2132 1752 3715 1825">
    <p class='ocr_par' dir='ltr' id='par_1_72' title="bbox 2132 1752 3715 1825">
     <span class='ocr_line' id='line_1_72' title="bbox 2132 1752 3715 1825; baseline 0.002 -19"><span class='ocrx_word' id='word_1_495' title='bbox 2132 1752 2283 1808; x_wconf 90' lang='lat' dir='ltr'><strong>tandi</strong></span> <span class='ocrx_word' id='word_1_496' title='bbox 2321 1761 2416 1808; x_wconf 90' lang='lat' dir='ltr'><strong>aut</strong></span> <span class='ocrx_word' id='word_1_497' title='bbox 2457 1754 2770 1824; x_wconf 88' lang='lat' dir='ltr'><strong>judicandi;</strong></span> <span class='ocrx_word' id='word_1_498' title='bbox 2802 1755 2894 1810; x_wconf 90' lang='lat' dir='ltr'><strong>sed</strong></span> <span class='ocrx_word' id='word_1_499' title='bbox 2945 1755 3206 1824; x_wconf 81' lang='lat' dir='ltr'><strong>quoniam</strong></span> <span class='ocrx_word' id='word_1_500' title='bbox 3251 1770 3346 1825; x_wconf 90' lang='lat' dir='ltr'><strong>per</strong></span> <span class='ocrx_word' id='word_1_501' title='bbox 3377 1755 3501 1811; x_wconf 89' lang='lat' dir='ltr'><strong>illos</strong></span> <span class='ocrx_word' id='word_1_502' title='bbox 3540 1757 3715 1811; x_wconf 85' lang='lat' dir='ltr'><strong>deno-</strong></span> 
     </span>
    </p>
   </div>
   <div class='ocr_carea' id='block_1_73' title="bbox 2127 1847 3718 1919">
    <p class='ocr_par' dir='ltr' id='par_1_73' title="bbox 2127 1847 3718 1919">
     <span class='ocr_line' id='line_1_73' title="bbox 2127 1847 3718 1919; baseline 0.004 -22"><span class='ocrx_word' id='word_1_503' title='bbox 2127 1852 2316 1900; x_wconf 88' lang='lat' dir='ltr'><strong>tantur</strong></span> <span class='ocrx_word' id='word_1_504' title='bbox 2338 1847 2588 1902; x_wconf 80' lang='lat' dir='ltr'><strong>homines</strong></span> <span class='ocrx_word' id='word_1_505' title='bbox 2607 1848 2782 1903; x_wconf 86' lang='lat' dir='ltr'><strong>instar</strong></span> <span class='ocrx_word' id='word_1_506' title='bbox 2798 1848 3157 1917; x_wconf 87' lang='lat' dir='ltr'><strong>petulantium</strong></span> <span class='ocrx_word' id='word_1_507' title='bbox 3179 1862 3448 1919; x_wconf 89' lang='lat' dir='ltr'><strong>equorum</strong></span> <span class='ocrx_word' id='word_1_508' title='bbox 3473 1848 3718 1914; x_wconf 79' lang='lat' dir='ltr'><strong>salaces;</strong></span> 
     </span>
    </p>
   </div>
   <div class='ocr_carea' id='block_1_74' title="bbox 2131 1937 3722 2010">
    <p class='ocr_par' dir='ltr' id='par_1_74' title="bbox 2131 1937 3722 2010">
     <span class='ocr_line' id='line_1_74' title="bbox 2131 1937 3722 2010; baseline 0.003 -20"><span class='ocrx_word' id='word_1_509' title='bbox 2131 1944 2226 1990; x_wconf 90' lang='lat' dir='ltr'><strong>aut</strong></span> <span class='ocrx_word' id='word_1_510' title='bbox 2256 1937 2497 2007; x_wconf 87' lang='lat' dir='ltr'><strong>nequitia</strong></span> <span class='ocrx_word' id='word_1_511' title='bbox 2527 1953 2659 1994; x_wconf 86' lang='lat' dir='ltr'><strong>sane</strong></span> <span class='ocrx_word' id='word_1_512' title='bbox 2699 1954 2806 1992; x_wconf 92' lang='lat' dir='ltr'><strong>non</strong></span> <span class='ocrx_word' id='word_1_513' title='bbox 2846 1940 2917 1993; x_wconf 89' lang='lat' dir='ltr'><strong>ita</strong></span> <span class='ocrx_word' id='word_1_514' title='bbox 2953 1939 3233 2007; x_wconf 80' lang='lat' dir='ltr'><strong>insignes,</strong></span> <span class='ocrx_word' id='word_1_515' title='bbox 3272 1950 3365 1994; x_wconf 88' lang='lat' dir='ltr'><strong>aut</strong></span> <span class='ocrx_word' id='word_1_516' title='bbox 3397 1940 3615 2010; x_wconf 87' lang='lat' dir='ltr'><strong>utrique</strong></span> <span class='ocrx_word' id='word_1_517' title='bbox 3647 1942 3722 1996; x_wconf 90' lang='lat' dir='ltr'><strong>si-</strong></span> 
     </span>
    </p>
   </div>
   <div class='ocr_carea' id='block_1_75' title="bbox 2130 2026 3722 2084">
    <p class='ocr_par' dir='ltr' id='par_1_75' title="bbox 2130 2026 3722 2084">
     <span class='ocr_line' id='line_1_75' title="bbox 2130 2026 3722 2084; baseline 0.003 -4"><span class='ocrx_word' id='word_1_518' title='bbox 2130 2026 2265 2080; x_wconf 92' lang='lat' dir='ltr'><strong>mul.</strong></span> <span class='ocrx_word' id='word_1_519' title='bbox 2296 2027 2398 2082; x_wconf 85' lang='lat' dir='ltr'><strong>Per</strong></span> <span class='ocrx_word' id='word_1_520' title='bbox 2436 2043 2736 2082; x_wconf 82' lang='lat' dir='ltr'><strong>ascensores</strong></span> <span class='ocrx_word' id='word_1_521' title='bbox 2769 2039 2948 2084; x_wconf 91' lang='lat' dir='ltr'><strong>autem</strong></span> <span class='ocrx_word' id='word_1_522' title='bbox 2989 2030 3205 2084; x_wconf 90' lang='lat' dir='ltr'><strong>illorum</strong></span> <span class='ocrx_word' id='word_1_523' title='bbox 3277 2029 3355 2084; x_wconf 89' lang='lat' dir='ltr'><strong>illi</strong></span> <span class='ocrx_word' id='word_1_524' title='bbox 3391 2029 3722 2084; x_wconf 86' lang='lat' dir='ltr'><strong>adumbran-</strong></span> 
     </span>
    </p>
   </div>
   <div class='ocr_carea' id='block_1_76' title="bbox 2131 2118 3721 2190">
    <p class='ocr_par' dir='ltr' id='par_1_76' title="bbox 2131 2118 3721 2190">
     <span class='ocr_line' id='line_1_76' title="bbox 2131 2118 3721 2190; baseline 0.003 -20"><span class='ocrx_word' id='word_1_525' title='bbox 2131 2125 2244 2182; x_wconf 87' lang='lat' dir='ltr'><strong>tur,</strong></span> <span class='ocrx_word' id='word_1_526' title='bbox 2275 2118 2368 2188; x_wconf 87' lang='lat' dir='ltr'><strong>qui</strong></span> <span class='ocrx_word' id='word_1_527' title='bbox 2397 2119 2804 2189; x_wconf 74' lang='lat' dir='ltr'><strong>praeeminentis</strong></span> <span class='ocrx_word' id='word_1_528' title='bbox 2836 2120 3058 2175; x_wconf 72' lang='lat' dir='ltr'><strong>malitia:</strong></span> <span class='ocrx_word' id='word_1_529' title='bbox 3096 2119 3447 2176; x_wconf 82' lang='lat' dir='ltr'><strong>exstiterunt.</strong></span> <span class='ocrx_word' id='word_1_530' title='bbox 3487 2119 3544 2173; x_wconf 88' lang='lat' dir='ltr'><strong>Id</strong></span> <span class='ocrx_word' id='word_1_531' title='bbox 3574 2122 3721 2190; x_wconf 90' lang='lat' dir='ltr'><strong>quod</strong></span> 
     </span>
    </p>
   </div>
   <div class='ocr_carea' id='block_1_77' title="bbox 2131 2206 3719 2279">
    <p class='ocr_par' dir='ltr' id='par_1_77' title="bbox 2131 2206 3719 2279">
     <span class='ocr_line' id='line_1_77' title="bbox 2131 2206 3719 2279; baseline 0.001 -20"><span class='ocrx_word' id='word_1_532' title='bbox 2131 2206 2232 2263; x_wconf 85' lang='lat' dir='ltr'><strong>hoc</strong></span> <span class='ocrx_word' id='word_1_533' title='bbox 2267 2207 2384 2276; x_wconf 86' lang='lat' dir='ltr'><strong>ipso</strong></span> <span class='ocrx_word' id='word_1_534' title='bbox 2411 2223 2628 2279; x_wconf 89' lang='lat' dir='ltr'><strong>quoque</strong></span> <span class='ocrx_word' id='word_1_535' title='bbox 2659 2208 2858 2275; x_wconf 89' lang='lat' dir='ltr'><strong>innuit,</strong></span> <span class='ocrx_word' id='word_1_536' title='bbox 2881 2210 3010 2264; x_wconf 89' lang='lat' dir='ltr'><strong>dum</strong></span> <span class='ocrx_word' id='word_1_537' title='bbox 3047 2225 3170 2264; x_wconf 76' lang='lat' dir='ltr'><strong>mox</strong></span> <span class='ocrx_word' id='word_1_538' title='bbox 3209 2209 3400 2264; x_wconf 84' lang='lat' dir='ltr'><strong>addit:</strong></span> <span class='ocrx_word' id='word_1_539' title='bbox 3433 2209 3719 2263; x_wconf 70' lang='lat' dir='ltr'><strong>liberorum</strong></span> 
     </span>
    </p>
   </div>
   <div class='ocr_carea' id='block_1_78' title="bbox 2129 2299 3718 2368">
    <p class='ocr_par' dir='ltr' id='par_1_78' title="bbox 2129 2299 3718 2368">
     <span class='ocr_line' id='line_1_78' title="bbox 2129 2299 3718 2368; baseline -0.001 -16"><span class='ocrx_word' id='word_1_540' title='bbox 2129 2307 2179 2352; x_wconf 86' lang='lat' dir='ltr'><strong>et</strong></span> <span class='ocrx_word' id='word_1_541' title='bbox 2218 2314 2509 2364; x_wconf 72' lang='lat' dir='ltr'><strong>servorum,</strong></span> <span class='ocrx_word' id='word_1_542' title='bbox 2543 2315 2854 2368; x_wconf 73' lang='lat' dir='ltr'><strong>magnorum</strong></span> <span class='ocrx_word' id='word_1_543' title='bbox 2899 2311 2948 2353; x_wconf 84' lang='lat' dir='ltr'><strong>et</strong></span> <span class='ocrx_word' id='word_1_544' title='bbox 2982 2317 3285 2367; x_wconf 83' lang='lat' dir='ltr'><strong>parvorum.</strong></span> <span class='ocrx_word' id='word_1_545' title='bbox 3345 2299 3450 2356; x_wconf 83' lang='lat' dir='ltr'><strong>Per</strong></span> <span class='ocrx_word' id='word_1_546' title='bbox 3499 2316 3718 2368; x_wconf 78' lang='lat' dir='ltr'><strong>magnos</strong></span> 
     </span>
    </p>
   </div>
   <div class='ocr_carea' id='block_1_79' title="bbox 2129 2384 3721 2459">
    <p class='ocr_par' dir='ltr' id='par_1_79' title="bbox 2129 2384 3721 2459">
     <span class='ocr_line' id='line_1_79' title="bbox 2129 2384 3721 2459; baseline 0.003 -21"><span class='ocrx_word' id='word_1_547' title='bbox 2129 2384 2276 2438; x_wconf 88' lang='lat' dir='ltr'><strong>enim</strong></span> <span class='ocrx_word' id='word_1_548' title='bbox 2307 2393 2362 2440; x_wconf 89' lang='lat' dir='ltr'><strong>et</strong></span> <span class='ocrx_word' id='word_1_549' title='bbox 2390 2385 2582 2440; x_wconf 85' lang='lat' dir='ltr'><strong>liberos</strong></span> <span class='ocrx_word' id='word_1_550' title='bbox 2639 2387 2764 2442; x_wconf 90' lang='lat' dir='ltr'><strong>illos</strong></span> <span class='ocrx_word' id='word_1_551' title='bbox 2797 2387 3036 2443; x_wconf 87' lang='lat' dir='ltr'><strong>insinuat</strong></span> <span class='ocrx_word' id='word_1_552' title='bbox 3065 2389 3158 2458; x_wconf 88' lang='lat' dir='ltr'><strong>qui</strong></span> <span class='ocrx_word' id='word_1_553' title='bbox 3190 2389 3383 2459; x_wconf 85' lang='lat' dir='ltr'><strong>majori</strong></span> <span class='ocrx_word' id='word_1_554' title='bbox 3410 2400 3633 2459; x_wconf 83' lang='lat' dir='ltr'><strong>peccato</strong></span> <span class='ocrx_word' id='word_1_555' title='bbox 3663 2397 3721 2443; x_wconf 85' lang='lat' dir='ltr'><strong>et</strong></span> 
     </span>
    </p>
   </div>
   <div class='ocr_carea' id='block_1_80' title="bbox 2131 2484 3718 2548">
    <p class='ocr_par' dir='ltr' id='par_1_80' title="bbox 2131 2484 3718 2548">
     <span class='ocr_line' id='line_1_80' title="bbox 2131 2484 3718 2548; baseline 0.004 -21"><span class='ocrx_word' id='word_1_556' title='bbox 2131 2484 2442 2545; x_wconf 87' lang='lat' dir='ltr'><strong>contemptu</strong></span> <span class='ocrx_word' id='word_1_557' title='bbox 2475 2489 2832 2546; x_wconf 84' lang='lat' dir='ltr'><strong>peccaverunt</strong></span> <span class='ocrx_word' id='word_1_558' title='bbox 2867 2496 2881 2532; x_wconf 76' lang='lat'><strong>2</strong></span> <span class='ocrx_word' id='word_1_559' title='bbox 2913 2494 3006 2548; x_wconf 87' lang='lat' dir='ltr'><strong>per</strong></span> <span class='ocrx_word' id='word_1_560' title='bbox 3031 2495 3208 2534; x_wconf 80' lang='lat' dir='ltr'><strong>servos</strong></span> <span class='ocrx_word' id='word_1_561' title='bbox 3231 2489 3413 2534; x_wconf 87' lang='lat' dir='ltr'><strong>autem</strong></span> <span class='ocrx_word' id='word_1_562' title='bbox 3435 2490 3487 2534; x_wconf 76' lang='lat' dir='ltr'><strong>Cl</strong></span> <span class='ocrx_word' id='word_1_563' title='bbox 3509 2497 3718 2548; x_wconf 76' lang='lat' dir='ltr'><strong>parvos,</strong></span> 
     </span>
    </p>
   </div>
   <div class='ocr_carea' id='block_1_81' title="bbox 2131 2564 3718 2638">
    <p class='ocr_par' dir='ltr' id='par_1_81' title="bbox 2131 2564 3718 2638">
     <span class='ocr_line' id='line_1_81' title="bbox 2131 2564 3718 2638; baseline 0.004 -22"><span class='ocrx_word' id='word_1_564' title='bbox 2131 2564 2224 2633; x_wconf 91' lang='lat' dir='ltr'><strong>qui</strong></span> <span class='ocrx_word' id='word_1_565' title='bbox 2259 2564 2476 2632; x_wconf 90' lang='lat' dir='ltr'><strong>minori,</strong></span> <span class='ocrx_word' id='word_1_566' title='bbox 2514 2567 2596 2622; x_wconf 87' lang='lat' dir='ltr'><strong>vel</strong></span> <span class='ocrx_word' id='word_1_567' title='bbox 2637 2577 2858 2638; x_wconf 86' lang='lat' dir='ltr'><strong>propter</strong></span> <span class='ocrx_word' id='word_1_568' title='bbox 2899 2579 3112 2623; x_wconf 75' lang='lat' dir='ltr'><strong>tetatem</strong></span> <span class='ocrx_word' id='word_1_569' title='bbox 3141 2611 3154 2633; x_wconf 90' lang='lat'><strong>,</strong></span> <span class='ocrx_word' id='word_1_570' title='bbox 3187 2579 3282 2624; x_wconf 92' lang='lat' dir='ltr'><strong>aut</strong></span> <span class='ocrx_word' id='word_1_571' title='bbox 3308 2580 3532 2638; x_wconf 74' lang='lat' dir='ltr'><strong>promer</strong></span> <span class='ocrx_word' id='word_1_572' title='bbox 3563 2572 3718 2625; x_wconf 82' lang='lat' dir='ltr'><strong>inﬁr-</strong></span> 
     </span>
    </p>
   </div>
   <div class='ocr_carea' id='block_1_82' title="bbox 2133 2654 3494 2727">
    <p class='ocr_par' dir='ltr' id='par_1_82' title="bbox 2133 2654 3494 2727">
     <span class='ocr_line' id='line_1_82' title="bbox 2133 2654 3494 2727; baseline 0.005 -20"><span class='ocrx_word' id='word_1_573' title='bbox 2133 2654 2402 2719; x_wconf 87' lang='lat' dir='ltr'><strong>mitatem,</strong></span> <span class='ocrx_word' id='word_1_574' title='bbox 2431 2656 2517 2710; x_wconf 87' lang='lat' dir='ltr'><strong>vel</strong></span> <span class='ocrx_word' id='word_1_575' title='bbox 2551 2655 2714 2710; x_wconf 88' lang='lat' dir='ltr'><strong>etiam</strong></span> <span class='ocrx_word' id='word_1_576' title='bbox 2748 2666 2970 2726; x_wconf 89' lang='lat' dir='ltr'><strong>propter</strong></span> <span class='ocrx_word' id='word_1_577' title='bbox 3003 2658 3170 2712; x_wconf 88' lang='lat' dir='ltr'><strong>animi</strong></span> <span class='ocrx_word' id='word_1_578' title='bbox 3200 2658 3494 2727; x_wconf 87' lang='lat' dir='ltr'><strong>judicium.</strong></span> 
     </span>
    </p>
   </div>
   <div class='ocr_carea' id='block_1_83' title="bbox 2203 2744 3715 2819">
    <p class='ocr_par' dir='ltr' id='par_1_83' title="bbox 2203 2744 3715 2819">
     <span class='ocr_line' id='line_1_83' title="bbox 2203 2744 3715 2819; baseline 0.002 -20"><span class='ocrx_word' id='word_1_579' title='bbox 2203 2744 2349 2807; x_wconf 81' lang='lat' dir='ltr'><strong>XIX,</strong></span> <span class='ocrx_word' id='word_1_580' title='bbox 2383 2746 2470 2802; x_wconf 76' lang='lat' dir='ltr'><strong>l9.</strong></span> <span class='ocrx_word' id='word_1_581' title='bbox 2503 2745 2566 2801; x_wconf 84' lang='lat' dir='ltr'><strong>Et</strong></span> <span class='ocrx_word' id='word_1_582' title='bbox 2597 2747 2704 2801; x_wconf 78' lang='lat' dir='ltr'><strong>ridi</strong></span> <span class='ocrx_word' id='word_1_583' title='bbox 2739 2747 2960 2802; x_wconf 78' lang='lat' dir='ltr'><strong>bestiam</strong></span> <span class='ocrx_word' id='word_1_584' title='bbox 2991 2760 3038 2801; x_wconf 80' lang='lat' dir='ltr'><strong>et</strong></span> <span class='ocrx_word' id='word_1_585' title='bbox 3077 2765 3222 2819; x_wconf 85' lang='lat' dir='ltr'><strong>reges</strong></span> <span class='ocrx_word' id='word_1_586' title='bbox 3264 2758 3450 2812; x_wconf 72' lang='lat' dir='ltr'><strong>terrm,</strong></span> <span class='ocrx_word' id='word_1_587' title='bbox 3477 2759 3527 2804; x_wconf 80' lang='lat' dir='ltr'><strong>et</strong></span> <span class='ocrx_word' id='word_1_588' title='bbox 3557 2765 3715 2804; x_wconf 76' lang='lat' dir='ltr'><strong>exer-</strong></span> 
     </span>
    </p>
   </div>
   <div class='ocr_carea' id='block_1_84' title="bbox 2133 2837 3718 2911">
    <p class='ocr_par' dir='ltr' id='par_1_84' title="bbox 2133 2837 3718 2911">
     <span class='ocr_line' id='line_1_84' title="bbox 2133 2837 3718 2911; baseline 0.004 -22"><span class='ocrx_word' id='word_1_589' title='bbox 2133 2837 2268 2890; x_wconf 83' lang='lat' dir='ltr'><strong>citus</strong></span> <span class='ocrx_word' id='word_1_590' title='bbox 2296 2853 2474 2891; x_wconf 87' lang='lat' dir='ltr'><strong>eorum</strong></span> <span class='ocrx_word' id='word_1_591' title='bbox 2507 2849 2850 2910; x_wconf 83' lang='lat' dir='ltr'><strong>congregatos</strong></span> <span class='ocrx_word' id='word_1_592' title='bbox 2887 2841 2956 2892; x_wconf 84' lang='lat' dir='ltr'><strong>ad</strong></span> <span class='ocrx_word' id='word_1_593' title='bbox 2984 2841 3286 2910; x_wconf 75' lang='lat' dir='ltr'><strong>faciendum</strong></span> <span class='ocrx_word' id='word_1_594' title='bbox 3314 2843 3557 2911; x_wconf 76' lang='lat' dir='ltr'><strong>prwlium</strong></span> <span class='ocrx_word' id='word_1_595' title='bbox 3598 2859 3718 2896; x_wconf 86' lang='lat' dir='ltr'><strong>cum</strong></span> 
     </span>
    </p>
   </div>
   <div class='ocr_carea' id='block_1_85' title="bbox 2133 2926 3501 3002">
    <p class='ocr_par' dir='ltr' id='par_1_85' title="bbox 2133 2926 3501 3002">
     <span class='ocr_line' id='line_1_85' title="bbox 2133 2926 3501 3002; baseline 0.006 -23"><span class='ocrx_word' id='word_1_596' title='bbox 2133 2926 2228 2981; x_wconf 82' lang='lat' dir='ltr'><strong>illo</strong></span> <span class='ocrx_word' id='word_1_597' title='bbox 2255 2929 2345 2998; x_wconf 85' lang='lat' dir='ltr'><strong>qui</strong></span> <span class='ocrx_word' id='word_1_598' title='bbox 2372 2928 2585 2984; x_wconf 84' lang='lat' dir='ltr'><strong>sedebat</strong></span> <span class='ocrx_word' id='word_1_599' title='bbox 2619 2930 2674 2984; x_wconf 84' lang='lat' dir='ltr'><strong>in</strong></span> <span class='ocrx_word' id='word_1_600' title='bbox 2707 2947 2859 3001; x_wconf 86' lang='lat' dir='ltr'><strong>equo,</strong></span> <span class='ocrx_word' id='word_1_601' title='bbox 2888 2940 2937 2985; x_wconf 89' lang='lat' dir='ltr'><strong>et</strong></span> <span class='ocrx_word' id='word_1_602' title='bbox 2962 2947 3083 2985; x_wconf 78' lang='lat' dir='ltr'><strong>cum</strong></span> <span class='ocrx_word' id='word_1_603' title='bbox 3103 2935 3336 2986; x_wconf 73' lang='lat' dir='ltr'><strong>exercitu</strong></span> <span class='ocrx_word' id='word_1_604' title='bbox 3365 2933 3501 3002; x_wconf 72' lang='lat' dir='ltr'><strong>ejus.</strong></span> 
     </span>
    </p>
   </div>
   <div class='ocr_carea' id='block_1_86' title="bbox 2205 3101 3717 3175">
    <p class='ocr_par' dir='ltr' id='par_1_86' title="bbox 2205 3101 3717 3175">
     <span class='ocr_line' id='line_1_86' title="bbox 2205 3101 3717 3175; baseline 0.004 -19"><span class='ocrx_word' id='word_1_605' title='bbox 2205 3101 2307 3170; x_wconf 86' lang='lat' dir='ltr'><strong>Qui</strong></span> <span class='ocrx_word' id='word_1_606' title='bbox 2336 3104 2439 3159; x_wconf 90' lang='lat' dir='ltr'><strong>sub</strong></span> <span class='ocrx_word' id='word_1_607' title='bbox 2473 3104 2694 3159; x_wconf 84' lang='lat' dir='ltr'><strong>diabolo</strong></span> <span class='ocrx_word' id='word_1_608' title='bbox 2724 3105 2993 3175; x_wconf 85' lang='lat' dir='ltr'><strong>stipendia</strong></span> <span class='ocrx_word' id='word_1_609' title='bbox 3031 3105 3267 3173; x_wconf 77' lang='lat' dir='ltr'><strong>faciunt,</strong></span> <span class='ocrx_word' id='word_1_610' title='bbox 3306 3107 3427 3162; x_wconf 85' lang='lat' dir='ltr'><strong>illos</strong></span> <span class='ocrx_word' id='word_1_611' title='bbox 3467 3108 3717 3162; x_wconf 82' lang='lat' dir='ltr'><strong>multitu-</strong></span> 
     </span>
    </p>
   </div>
   <div class='ocr_carea' id='block_1_87' title="bbox 2133 3192 3717 3266">
    <p class='ocr_par' dir='ltr' id='par_1_87' title="bbox 2133 3192 3717 3266">
     <span class='ocr_line' id='line_1_87' title="bbox 2133 3192 3717 3266; baseline 0.003 -20"><span class='ocrx_word' id='word_1_612' title='bbox 2133 3192 2278 3248; x_wconf 90' lang='lat' dir='ltr'><strong>dinis</strong></span> <span class='ocrx_word' id='word_1_613' title='bbox 2296 3209 2528 3249; x_wconf 90' lang='lat' dir='ltr'><strong>numero</strong></span> <span class='ocrx_word' id='word_1_614' title='bbox 2554 3194 2707 3250; x_wconf 83' lang='lat' dir='ltr'><strong>ell‘ert</strong></span> <span class='ocrx_word' id='word_1_615' title='bbox 2730 3206 2955 3266; x_wconf 81' lang='lat' dir='ltr'><strong>prOpter</strong></span> <span class='ocrx_word' id='word_1_616' title='bbox 2978 3196 3225 3251; x_wconf 81' lang='lat' dir='ltr'><strong>diversas</strong></span> <span class='ocrx_word' id='word_1_617' title='bbox 3249 3197 3460 3266; x_wconf 80' lang='lat' dir='ltr'><strong>peccati</strong></span> <span class='ocrx_word' id='word_1_618' title='bbox 3487 3196 3717 3261; x_wconf 69' lang='lat' dir='ltr'><strong>fortunas,</strong></span> 
     </span>
    </p>
   </div>
   <div class='ocr_carea' id='block_1_88' title="bbox 2132 3284 3721 3356">
    <p class='ocr_par' dir='ltr' id='par_1_88' title="bbox 2132 3284 3721 3356">
     <span class='ocr_line' id='line_1_88' title="bbox 2132 3284 3721 3356; baseline 0.004 -18"><span class='ocrx_word' id='word_1_619' title='bbox 2132 3284 2597 3355; x_wconf 82' lang='lat' dir='ltr'><strong>multiplicemque</strong></span> <span class='ocrx_word' id='word_1_620' title='bbox 2628 3288 2970 3356; x_wconf 86' lang='lat' dir='ltr'><strong>peccantium</strong></span> <span class='ocrx_word' id='word_1_621' title='bbox 3006 3291 3336 3344; x_wconf 89' lang='lat' dir='ltr'><strong>sententiam.</strong></span> <span class='ocrx_word' id='word_1_622' title='bbox 3379 3298 3434 3344; x_wconf 92' lang='lat' dir='ltr'><strong>et</strong></span> <span class='ocrx_word' id='word_1_623' title='bbox 3466 3291 3721 3344; x_wconf 79' lang='lat' dir='ltr'><strong>volunta-</strong></span> 
     </span>
    </p>
   </div>
   <div class='ocr_carea' id='block_1_89' title="bbox 2132 3379 3720 3448">
    <p class='ocr_par' dir='ltr' id='par_1_89' title="bbox 2132 3379 3720 3448">
     <span class='ocr_line' id='line_1_89' title="bbox 2132 3379 3720 3448; baseline 0.004 -19"><span class='ocrx_word' id='word_1_624' title='bbox 2132 3383 2283 3444; x_wconf 89' lang='lat' dir='ltr'><strong>tem;</strong></span> <span class='ocrx_word' id='word_1_625' title='bbox 2315 3393 2438 3432; x_wconf 92' lang='lat' dir='ltr'><strong>cum</strong></span> <span class='ocrx_word' id='word_1_626' title='bbox 2471 3387 2654 3432; x_wconf 91' lang='lat' dir='ltr'><strong>tamen</strong></span> <span class='ocrx_word' id='word_1_627' title='bbox 2686 3379 3060 3448; x_wconf 87' lang='lat' dir='ltr'><strong>angelicarum</strong></span> <span class='ocrx_word' id='word_1_628' title='bbox 3093 3380 3376 3446; x_wconf 63' lang='lat' dir='ltr'><strong>Virtutum,</strong></span> <span class='ocrx_word' id='word_1_629' title='bbox 3402 3382 3720 3436; x_wconf 85' lang='lat' dir='ltr'><strong>hominum-</strong></span> 
     </span>
    </p>
   </div>
   <div class='ocr_carea' id='block_1_90' title="bbox 2131 3469 3716 3540">
    <p class='ocr_par' dir='ltr' id='par_1_90' title="bbox 2131 3469 3716 3540">
     <span class='ocr_line' id='line_1_90' title="bbox 2131 3469 3716 3540; baseline 0.002 -18"><span class='ocrx_word' id='word_1_630' title='bbox 2131 3483 2240 3538; x_wconf 90' lang='lat' dir='ltr'><strong>que</strong></span> <span class='ocrx_word' id='word_1_631' title='bbox 2277 3469 2594 3540; x_wconf 81' lang='lat' dir='ltr'><strong>angelorum</strong></span> <span class='ocrx_word' id='word_1_632' title='bbox 2643 3471 2936 3540; x_wconf 87' lang='lat' dir='ltr'><strong>puritatem</strong></span> <span class='ocrx_word' id='word_1_633' title='bbox 2983 3471 3394 3537; x_wconf 73' lang='lat' dir='ltr'><strong>zemulantium,</strong></span> <span class='ocrx_word' id='word_1_634' title='bbox 3434 3473 3716 3526; x_wconf 84' lang='lat' dir='ltr'><strong>minimam</strong></span> 
     </span>
    </p>
   </div>
   <div class='ocr_carea' id='block_1_91' title="bbox 2132 3561 3723 3633">
    <p class='ocr_par' dir='ltr' id='par_1_91' title="bbox 2132 3561 3723 3633">
     <span class='ocr_line' id='line_1_91' title="bbox 2132 3561 3723 3633; baseline 0.001 -19"><span class='ocrx_word' id='word_1_635' title='bbox 2132 3569 2341 3628; x_wconf 89' lang='lat' dir='ltr'><strong>partem</strong></span> <span class='ocrx_word' id='word_1_636' title='bbox 2370 3569 2676 3632; x_wconf 67' lang='lat' dir='ltr'><strong>exaequent.</strong></span> <span class='ocrx_word' id='word_1_637' title='bbox 2707 3561 2906 3632; x_wconf 82' lang='lat' dir='ltr'><strong>90At</strong></span> <span class='ocrx_word' id='word_1_638' title='bbox 2933 3577 3029 3618; x_wconf 89' lang='lat' dir='ltr'><strong>eos</strong></span> <span class='ocrx_word' id='word_1_639' title='bbox 3060 3563 3155 3632; x_wconf 88' lang='lat' dir='ltr'><strong>qui</strong></span> <span class='ocrx_word' id='word_1_640' title='bbox 3177 3563 3455 3618; x_wconf 87' lang='lat' dir='ltr'><strong>Christum</strong></span> <span class='ocrx_word' id='word_1_641' title='bbox 3483 3579 3723 3633; x_wconf 79' lang='lat' dir='ltr'><strong>sequun-</strong></span> 
     </span>
    </p>
   </div>
   <div class='ocr_carea' id='block_1_92' title="bbox 2135 3652 3722 3723">
    <p class='ocr_par' dir='ltr' id='par_1_92' title="bbox 2135 3652 3722 3723">
     <span class='ocr_line' id='line_1_92' title="bbox 2135 3652 3722 3723; baseline 0.003 -18"><span class='ocrx_word' id='word_1_642' title='bbox 2135 3659 2245 3717; x_wconf 88' lang='lat' dir='ltr'><strong>tur,</strong></span> <span class='ocrx_word' id='word_1_643' title='bbox 2273 3652 2535 3723; x_wconf 87' lang='lat' dir='ltr'><strong>siugulari</strong></span> <span class='ocrx_word' id='word_1_644' title='bbox 2571 3669 2802 3709; x_wconf 90' lang='lat' dir='ltr'><strong>numero</strong></span> <span class='ocrx_word' id='word_1_645' title='bbox 2828 3656 3118 3708; x_wconf 76' lang='lat' dir='ltr'><strong>exercitum</strong></span> <span class='ocrx_word' id='word_1_646' title='bbox 3144 3663 3325 3718; x_wconf 86' lang='lat' dir='ltr'><strong>vocat,</strong></span> <span class='ocrx_word' id='word_1_647' title='bbox 3357 3663 3578 3723; x_wconf 88' lang='lat' dir='ltr'><strong>propter</strong></span> <span class='ocrx_word' id='word_1_648' title='bbox 3605 3655 3722 3710; x_wconf 80' lang='lat' dir='ltr'><strong>sin-</strong></span> 
     </span>
    </p>
   </div>
   <div class='ocr_carea' id='block_1_93' title="bbox 2133 3743 3724 3811">
    <p class='ocr_par' dir='ltr' id='par_1_93' title="bbox 2133 3743 3724 3811">
     <span class='ocr_line' id='line_1_93' title="bbox 2133 3743 3724 3811; baseline 0.001 -13"><span class='ocrx_word' id='word_1_649' title='bbox 2133 3743 2377 3811; x_wconf 69' lang='lat' dir='ltr'><strong>gul-stem</strong></span> <span class='ocrx_word' id='word_1_650' title='bbox 2411 3745 2752 3799; x_wconf 83' lang='lat' dir='ltr'><strong>voluntatum</strong></span> <span class='ocrx_word' id='word_1_651' title='bbox 2811 3746 3237 3800; x_wconf 89' lang='lat' dir='ltr'><strong>consensionem</strong></span> <span class='ocrx_word' id='word_1_652' title='bbox 3264 3784 3280 3810; x_wconf 93' lang='lat'><strong>,</strong></span> <span class='ocrx_word' id='word_1_653' title='bbox 3327 3745 3724 3800; x_wconf 66' lang='lat' dir='ltr'><strong>sententiasque</strong></span> 
     </span>
    </p>
   </div>
   <div class='ocr_carea' id='block_1_94' title="bbox 2135 3832 3123 3906">
    <p class='ocr_par' dir='ltr' id='par_1_94' title="bbox 2135 3832 3123 3906">
     <span class='ocr_line' id='line_1_94' title="bbox 2135 3832 3123 3906; baseline 0.003 -19"><span class='ocrx_word' id='word_1_654' title='bbox 2135 3832 2229 3889; x_wconf 87' lang='lat' dir='ltr'><strong>Dei</strong></span> <span class='ocrx_word' id='word_1_655' title='bbox 2260 3833 2440 3890; x_wconf 83' lang='lat' dir='ltr'><strong>Verbo</strong></span> <span class='ocrx_word' id='word_1_656' title='bbox 2465 3846 2632 3906; x_wconf 68' lang='lat' dir='ltr'><strong>grata:</strong></span> <span class='ocrx_word' id='word_1_657' title='bbox 2657 3836 3123 3906; x_wconf 90' lang='lat' dir='ltr'><strong>conjunctionem.</strong></span> 
     </span>
    </p>
   </div>
   <div class='ocr_carea' id='block_1_95' title="bbox 2204 3926 3722 3998">
    <p class='ocr_par' dir='ltr' id='par_1_95' title="bbox 2204 3926 3722 3998">
     <span class='ocr_line' id='line_1_95' title="bbox 2204 3926 3722 3998; baseline 0.001 -17"><span class='ocrx_word' id='word_1_658' title='bbox 2204 3926 2348 3994; x_wconf 76' lang='lat' dir='ltr'><strong>XIX,</strong></span> <span class='ocrx_word' id='word_1_659' title='bbox 2375 3928 2464 3982; x_wconf 71' lang='lat'><strong>20.</strong></span> <span class='ocrx_word' id='word_1_660' title='bbox 2495 3927 2562 3982; x_wconf 82' lang='lat' dir='ltr'><strong>Et</strong></span> <span class='ocrx_word' id='word_1_661' title='bbox 2585 3929 2907 3998; x_wconf 80' lang='lat' dir='ltr'><strong>apprehensa</strong></span> <span class='ocrx_word' id='word_1_662' title='bbox 2935 3941 3009 3984; x_wconf 88' lang='lat' dir='ltr'><strong>est</strong></span> <span class='ocrx_word' id='word_1_663' title='bbox 3034 3930 3222 3996; x_wconf 86' lang='lat' dir='ltr'><strong>bestia,</strong></span> <span class='ocrx_word' id='word_1_664' title='bbox 3245 3938 3432 3983; x_wconf 84' lang='lat' dir='ltr'><strong>etcum</strong></span> <span class='ocrx_word' id='word_1_665' title='bbox 3464 3944 3529 3982; x_wconf 81' lang='lat' dir='ltr'><strong>ea</strong></span> <span class='ocrx_word' id='word_1_666' title='bbox 3561 3943 3722 3998; x_wconf 78' lang='lat' dir='ltr'><strong>pseu-</strong></span> 
     </span>
    </p>
   </div>
   <div class='ocr_carea' id='block_1_96' title="bbox 2135 4019 3723 4091">
    <p class='ocr_par' dir='ltr' id='par_1_96' title="bbox 2135 4019 3723 4091">
     <span class='ocr_line' id='line_1_96' title="bbox 2135 4019 3723 4091; baseline -0.001 -17"><span class='ocrx_word' id='word_1_667' title='bbox 2135 4019 2477 4090; x_wconf 82' lang='lat' dir='ltr'><strong>dopropheta,</strong></span> <span class='ocrx_word' id='word_1_668' title='bbox 2509 4023 2599 4091; x_wconf 84' lang='lat' dir='ltr'><strong>qui</strong></span> <span class='ocrx_word' id='word_1_669' title='bbox 2629 4021 2752 4080; x_wconf 79' lang='lat' dir='ltr'><strong>fecit</strong></span> <span class='ocrx_word' id='word_1_670' title='bbox 2793 4023 2947 4091; x_wconf 87' lang='lat' dir='ltr'><strong>signa</strong></span> <span class='ocrx_word' id='word_1_671' title='bbox 2981 4037 3161 4075; x_wconf 85' lang='lat' dir='ltr'><strong>coram</strong></span> <span class='ocrx_word' id='word_1_672' title='bbox 3193 4021 3344 4089; x_wconf 85' lang='lat' dir='ltr'><strong>ipsa;</strong></span> <span class='ocrx_word' id='word_1_673' title='bbox 3374 4036 3468 4089; x_wconf 84' lang='lat' dir='ltr'><strong>per</strong></span> <span class='ocrx_word' id='word_1_674' title='bbox 3488 4035 3606 4090; x_wconf 79' lang='lat' dir='ltr'><strong>qua:</strong></span> <span class='ocrx_word' id='word_1_675' title='bbox 3638 4036 3723 4072; x_wconf 87' lang='lat' dir='ltr'><strong>se-</strong></span> 
     </span>
    </p>
   </div>
   <div class='ocr_carea' id='block_1_97' title="bbox 2135 4111 3722 4181">
    <p class='ocr_par' dir='ltr' id='par_1_97' title="bbox 2135 4111 3722 4181">
     <span class='ocr_line' id='line_1_97' title="bbox 2135 4111 3722 4181; baseline -0.002 -16"><span class='ocrx_word' id='word_1_676' title='bbox 2135 4112 2288 4166; x_wconf 72' lang='lat' dir='ltr'><strong>duxit</strong></span> <span class='ocrx_word' id='word_1_677' title='bbox 2319 4129 2406 4166; x_wconf 84' lang='lat' dir='ltr'><strong>eos</strong></span> <span class='ocrx_word' id='word_1_678' title='bbox 2437 4115 2526 4181; x_wconf 87' lang='lat' dir='ltr'><strong>qui</strong></span> <span class='ocrx_word' id='word_1_679' title='bbox 2555 4124 2864 4180; x_wconf 81' lang='lat' dir='ltr'><strong>acceperunt</strong></span> <span class='ocrx_word' id='word_1_680' title='bbox 2901 4113 3259 4166; x_wconf 82' lang='lat' dir='ltr'><strong>characterem</strong></span> <span class='ocrx_word' id='word_1_681' title='bbox 3303 4111 3483 4165; x_wconf 79' lang='lat' dir='ltr'><strong>bestia:</strong></span> <span class='ocrx_word' id='word_1_682' title='bbox 3504 4150 3518 4175; x_wconf 90' lang='lat'><strong>,</strong></span> <span class='ocrx_word' id='word_1_683' title='bbox 3551 4119 3599 4164; x_wconf 84' lang='lat' dir='ltr'><strong>et</strong></span> <span class='ocrx_word' id='word_1_684' title='bbox 3630 4111 3722 4178; x_wconf 89' lang='lat' dir='ltr'><strong>qui</strong></span> 
     </span>
    </p>
   </div>
   <div class='ocr_carea' id='block_1_98' title="bbox 2136 4202 2962 4273">
    <p class='ocr_par' dir='ltr' id='par_1_98' title="bbox 2136 4202 2962 4273">
     <span class='ocr_line' id='line_1_98' title="bbox 2136 4202 2962 4273; baseline 0.004 -19"><span class='ocrx_word' id='word_1_685' title='bbox 2136 4202 2486 4256; x_wconf 79' lang='lat' dir='ltr'><strong>adoraverunt</strong></span> <span class='ocrx_word' id='word_1_686' title='bbox 2524 4204 2802 4273; x_wconf 79' lang='lat' dir='ltr'><strong>imaginem</strong></span> <span class='ocrx_word' id='word_1_687' title='bbox 2827 4205 2962 4268; x_wconf 85' lang='lat' dir='ltr'><strong>eius.</strong></span> 
     </span>
    </p>
   </div>
   <div class='ocr_carea' id='block_1_99' title="bbox 2209 4291 3720 4364">
    <p class='ocr_par' dir='ltr' id='par_1_99' title="bbox 2209 4291 3720 4364">
     <span class='ocr_line' id='line_1_99' title="bbox 2209 4291 3720 4364; baseline -0.001 -18"><span class='ocrx_word' id='word_1_688' title='bbox 2209 4292 2320 4349; x_wconf 85' lang='lat' dir='ltr'><strong>Etsi</strong></span> <span class='ocrx_word' id='word_1_689' title='bbox 2355 4293 2443 4349; x_wconf 88' lang='lat' dir='ltr'><strong>isti</strong></span> <span class='ocrx_word' id='word_1_690' title='bbox 2475 4295 2586 4350; x_wconf 91' lang='lat' dir='ltr'><strong>duo</strong></span> <span class='ocrx_word' id='word_1_691' title='bbox 2615 4311 2737 4349; x_wconf 90' lang='lat' dir='ltr'><strong>cum</strong></span> <span class='ocrx_word' id='word_1_692' title='bbox 2764 4295 2983 4364; x_wconf 83' lang='lat' dir='ltr'><strong>regibus</strong></span> <span class='ocrx_word' id='word_1_693' title='bbox 3015 4301 3068 4347; x_wconf 90' lang='lat' dir='ltr'><strong>et</strong></span> <span class='ocrx_word' id='word_1_694' title='bbox 3098 4291 3435 4362; x_wconf 86' lang='lat' dir='ltr'><strong>principibus</strong></span> <span class='ocrx_word' id='word_1_695' title='bbox 3465 4291 3558 4360; x_wconf 86' lang='lat' dir='ltr'><strong>qui</strong></span> <span class='ocrx_word' id='word_1_696' title='bbox 3587 4291 3720 4360; x_wconf 89' lang='lat' dir='ltr'><strong>ipsis</strong></span> 
     </span>
    </p>
   </div>
   <div class='ocr_carea' id='block_1_100' title="bbox 2137 4383 3720 4454">
    <p class='ocr_par' dir='ltr' id='par_1_100' title="bbox 2137 4383 3720 4454">
     <span class='ocr_line' id='line_1_100' title="bbox 2137 4383 3720 4454; baseline -0.003 -14"><span class='ocrx_word' id='word_1_697' title='bbox 2137 4385 2538 4454; x_wconf 88' lang='lat' dir='ltr'><strong>obsequuntur,</strong></span> <span class='ocrx_word' id='word_1_698' title='bbox 2556 4385 2773 4441; x_wconf 84' lang='lat' dir='ltr'><strong>Christo</strong></span> <span class='ocrx_word' id='word_1_699' title='bbox 2796 4384 3074 4440; x_wconf 81' lang='lat' dir='ltr'><strong>ServaIOri</strong></span> <span class='ocrx_word' id='word_1_700' title='bbox 3118 4383 3409 4448; x_wconf 78' lang='lat' dir='ltr'><strong>obsistam,</strong></span> <span class='ocrx_word' id='word_1_701' title='bbox 3437 4383 3720 4452; x_wconf 88' lang='lat' dir='ltr'><strong>aciemque</strong></span> 
     </span>
    </p>
   </div>
   <div class='ocr_carea' id='block_1_101' title="bbox 2065 4475 3721 4559">
    <p class='ocr_par' dir='ltr' id='par_1_101' title="bbox 2065 4475 3721 4559">
     <span class='ocr_line' id='line_1_101' title="bbox 2065 4475 3721 4559; baseline -0.004 -27"><span class='ocrx_word' id='word_1_702' title='bbox 2065 4502 2111 4559; x_wconf 79' lang='grc' dir='ltr'>ο</span> <span class='ocrx_word' id='word_1_703' title='bbox 2137 4486 2326 4532; x_wconf 88' lang='lat' dir='ltr'><strong>contra</strong></span> <span class='ocrx_word' id='word_1_704' title='bbox 2361 4475 2512 4530; x_wconf 91' lang='lat' dir='ltr'><strong>illum</strong></span> <span class='ocrx_word' id='word_1_705' title='bbox 2545 4477 2788 4546; x_wconf 85' lang='lat' dir='ltr'><strong>dirigant</strong></span> <span class='ocrx_word' id='word_1_706' title='bbox 2821 4495 2835 4543; x_wconf 87' lang='lat'><strong>;</strong></span> <span class='ocrx_word' id='word_1_707' title='bbox 2876 4475 3037 4530; x_wconf 87' lang='lat' dir='ltr'><strong>ambo</strong></span> <span class='ocrx_word' id='word_1_708' title='bbox 3067 4484 3271 4539; x_wconf 90' lang='lat' dir='ltr'><strong>tamen,</strong></span> <span class='ocrx_word' id='word_1_709' title='bbox 3314 4487 3508 4543; x_wconf 85' lang='lat' dir='ltr'><strong>nempe</strong></span> <span class='ocrx_word' id='word_1_710' title='bbox 3560 4489 3721 4543; x_wconf 84' lang='lat' dir='ltr'><strong>pseu-</strong></span> 
     </span>
    </p>
   </div>
   <div class='ocr_carea' id='block_1_102' title="bbox 2135 4563 3721 4635">
    <p class='ocr_par' dir='ltr' id='par_1_102' title="bbox 2135 4563 3721 4635">
     <span class='ocr_line' id='line_1_102' title="bbox 2135 4563 3721 4635; baseline -0.003 -13"><span class='ocrx_word' id='word_1_711' title='bbox 2135 4566 2446 4622; x_wconf 89' lang='lat' dir='ltr'><strong>dochristus</strong></span> <span class='ocrx_word' id='word_1_712' title='bbox 2491 4576 2545 4628; x_wconf 88' lang='lat' dir='ltr'><strong>et</strong></span> <span class='ocrx_word' id='word_1_713' title='bbox 2593 4565 3106 4635; x_wconf 86' lang='lat' dir='ltr'><strong>pseudopropheta,</strong></span> <span class='ocrx_word' id='word_1_714' title='bbox 3162 4565 3256 4634; x_wconf 91' lang='lat' dir='ltr'><strong>qui</strong></span> <span class='ocrx_word' id='word_1_715' title='bbox 3315 4579 3412 4634; x_wconf 88' lang='lat' dir='ltr'><strong>per</strong></span> <span class='ocrx_word' id='word_1_716' title='bbox 3459 4563 3618 4633; x_wconf 82' lang='lat' dir='ltr'><strong>signa</strong></span> <span class='ocrx_word' id='word_1_717' title='bbox 3667 4571 3721 4618; x_wconf 83' lang='lat' dir='ltr'><strong>et</strong></span> 
     </span>
    </p>
   </div>
   <div class='ocr_carea' id='block_1_103' title="bbox 2135 4654 3716 4726">
    <p class='ocr_par' dir='ltr' id='par_1_103' title="bbox 2135 4654 3716 4726">
     <span class='ocr_line' id='line_1_103' title="bbox 2135 4654 3716 4726; baseline -0.003 -16"><span class='ocrx_word' id='word_1_718' title='bbox 2135 4665 2384 4725; x_wconf 88' lang='lat' dir='ltr'><strong>portenta</strong></span> <span class='ocrx_word' id='word_1_719' title='bbox 2409 4655 2696 4726; x_wconf 89' lang='lat' dir='ltr'><strong>impostori</strong></span> <span class='ocrx_word' id='word_1_720' title='bbox 2728 4655 3065 4711; x_wconf 80' lang='lat' dir='ltr'><strong>Anticltristo</strong></span> <span class='ocrx_word' id='word_1_721' title='bbox 3088 4655 3252 4719; x_wconf 86' lang='lat' dir='ltr'><strong>viam,</strong></span> <span class='ocrx_word' id='word_1_722' title='bbox 3283 4664 3340 4707; x_wconf 91' lang='lat' dir='ltr'><strong>ut</strong></span> <span class='ocrx_word' id='word_1_723' title='bbox 3361 4654 3716 4722; x_wconf 83' lang='lat' dir='ltr'><strong>reciperetur.</strong></span> 
     </span>
    </p>
   </div>
   <div class='ocr_carea' id='block_1_104' title="bbox 2136 4745 3721 4817">
    <p class='ocr_par' dir='ltr' id='par_1_104' title="bbox 2136 4745 3721 4817">
     <span class='ocr_line' id='line_1_104' title="bbox 2136 4745 3721 4817; baseline -0.002 -17"><span class='ocrx_word' id='word_1_724' title='bbox 2136 4747 2499 4812; x_wconf 80' lang='lat' dir='ltr'><strong>tmmiverant,</strong></span> <span class='ocrx_word' id='word_1_725' title='bbox 2531 4747 2792 4817; x_wconf 87' lang='lat' dir='ltr'><strong>superati,</strong></span> <span class='ocrx_word' id='word_1_726' title='bbox 2830 4760 2859 4800; x_wconf 90' lang='lat' dir='ltr'><strong>a</strong></span> <span class='ocrx_word' id='word_1_727' title='bbox 2895 4747 3079 4802; x_wconf 86' lang='lat' dir='ltr'><strong>divina</strong></span> <span class='ocrx_word' id='word_1_728' title='bbox 3123 4747 3204 4800; x_wconf 87' lang='lat' dir='ltr'><strong>ira</strong></span> <span class='ocrx_word' id='word_1_729' title='bbox 3245 4745 3721 4816; x_wconf 83' lang='lat' dir='ltr'><strong>comprehendun-</strong></span> 
     </span>
    </p>
   </div>
   <div class='ocr_carea' id='block_1_105' title="bbox 2138 4845 2247 4890">
    <p class='ocr_par' dir='ltr' id='par_1_105' title="bbox 2138 4845 2247 4890">
     <span class='ocr_line' id='line_1_105' title="bbox 2138 4845 2247 4890; baseline 0.018 -2"><span class='ocrx_word' id='word_1_730' title='bbox 2138 4845 2247 4890; x_wconf 80' lang='lat' dir='ltr'><strong>IUI&#39;.</strong></span> 
     </span>
    </p>
   </div>
   <div class='ocr_carea' id='block_1_106' title="bbox 2184 4926 3719 4998">
    <p class='ocr_par' dir='ltr' id='par_1_106' title="bbox 2184 4926 3719 4998">
     <span class='ocr_line' id='line_1_106' title="bbox 2184 4926 3719 4998; baseline 0 -18"><span class='ocrx_word' id='word_1_731' title='bbox 2184 4926 2332 4988; x_wconf 74' lang='grc' dir='ltr'><strong>,ιέυε</strong></span> <span class='ocrx_word' id='word_1_732' title='bbox 2377 4929 2526 4982; x_wconf 81' lang='lat' dir='ltr'><strong>missi</strong></span> <span class='ocrx_word' id='word_1_733' title='bbox 2556 4938 2676 4982; x_wconf 87' lang='lat' dir='ltr'><strong>sunt</strong></span> <span class='ocrx_word' id='word_1_734' title='bbox 2709 4927 2761 4980; x_wconf 72' lang='lat' dir='ltr'><strong>lii</strong></span> <span class='ocrx_word' id='word_1_735' title='bbox 2809 4927 2912 4983; x_wconf 81' lang='lat' dir='ltr'><strong>duo</strong></span> <span class='ocrx_word' id='word_1_736' title='bbox 2950 4929 3002 4980; x_wconf 90' lang='lat' dir='ltr'><strong>in</strong></span> <span class='ocrx_word' id='word_1_737' title='bbox 3037 4939 3280 4997; x_wconf 85' lang='lat' dir='ltr'><strong>stagnum</strong></span> <span class='ocrx_word' id='word_1_738' title='bbox 3314 4928 3450 4998; x_wconf 85' lang='lat' dir='ltr'><strong>ignis</strong></span> <span class='ocrx_word' id='word_1_739' title='bbox 3485 4928 3719 4981; x_wconf 83' lang='lat' dir='ltr'><strong>ardentis</strong></span> 
     </span>
    </p>
   </div>
   <div class='ocr_carea' id='block_1_107' title="bbox 2135 5019 2406 5086">
    <p class='ocr_par' dir='ltr' id='par_1_107' title="bbox 2135 5019 2406 5086">
     <span class='ocr_line' id='line_1_107' title="bbox 2135 5019 2406 5086; baseline 0 -13"><span class='ocrx_word' id='word_1_740' title='bbox 2135 5019 2406 5086; x_wconf 78' lang='lat' dir='ltr'><strong>sulphure.</strong></span> 
     </span>
    </p>
   </div>
   <div class='ocr_carea' id='block_1_108' title="bbox 2205 5110 3715 5180">
    <p class='ocr_par' dir='ltr' id='par_1_108' title="bbox 2205 5110 3715 5180">
     <span class='ocr_line' id='line_1_108' title="bbox 2205 5110 3715 5180; baseline -0.001 -17"><span class='ocrx_word' id='word_1_741' title='bbox 2205 5110 2410 5166; x_wconf 83' lang='lat' dir='ltr'><strong>Forsan</strong></span> <span class='ocrx_word' id='word_1_742' title='bbox 2444 5111 2496 5165; x_wconf 90' lang='lat' dir='ltr'><strong>hi</strong></span> <span class='ocrx_word' id='word_1_743' title='bbox 2524 5111 2630 5166; x_wconf 84' lang='lat' dir='ltr'><strong>duo</strong></span> <span class='ocrx_word' id='word_1_744' title='bbox 2650 5126 2997 5166; x_wconf 83' lang='lat' dir='ltr'><strong>communem</strong></span> <span class='ocrx_word' id='word_1_745' title='bbox 3028 5119 3258 5165; x_wconf 88' lang='lat' dir='ltr'><strong>mortem</strong></span> <span class='ocrx_word' id='word_1_746' title='bbox 3292 5127 3400 5164; x_wconf 89' lang='lat' dir='ltr'><strong>non</strong></span> <span class='ocrx_word' id='word_1_747' title='bbox 3424 5118 3677 5180; x_wconf 85' lang='lat' dir='ltr'><strong>oppetent</strong></span> <span class='ocrx_word' id='word_1_748' title='bbox 3701 5126 3715 5173; x_wconf 89' lang='lat'><strong>;</strong></span> 
     </span>
    </p>
   </div>
   <div class='ocr_carea' id='block_1_109' title="bbox 2135 5201 3719 5268">
    <p class='ocr_par' dir='ltr' id='par_1_109' title="bbox 2135 5201 3719 5268">
     <span class='ocr_line' id='line_1_109' title="bbox 2135 5201 3719 5268; baseline -0.003 -12"><span class='ocrx_word' id='word_1_749' title='bbox 2135 5218 2323 5257; x_wconf 76' lang='lat' dir='ltr'><strong>verum</strong></span> <span class='ocrx_word' id='word_1_750' title='bbox 2350 5203 2402 5256; x_wconf 92' lang='lat' dir='ltr'><strong>in</strong></span> <span class='ocrx_word' id='word_1_751' title='bbox 2439 5211 2712 5256; x_wconf 92' lang='lat' dir='ltr'><strong>momento</strong></span> <span class='ocrx_word' id='word_1_752' title='bbox 2741 5203 2920 5256; x_wconf 86' lang='lat' dir='ltr'><strong>ietuve</strong></span> <span class='ocrx_word' id='word_1_753' title='bbox 2948 5201 3093 5256; x_wconf 90' lang='lat' dir='ltr'><strong>oculi</strong></span> <span class='ocrx_word' id='word_1_754' title='bbox 3125 5201 3404 5266; x_wconf 79' lang='lat' dir='ltr'><strong>exstincti,</strong></span> <span class='ocrx_word' id='word_1_755' title='bbox 3436 5209 3719 5268; x_wconf 90' lang='lat' dir='ltr'><strong>morteque</strong></span> 
     </span>
    </p>
   </div>
   <div class='ocr_carea' id='block_1_110' title="bbox 2135 5291 3718 5362">
    <p class='ocr_par' dir='ltr' id='par_1_110' title="bbox 2135 5291 3718 5362">
     <span class='ocr_line' id='line_1_110' title="bbox 2135 5291 3718 5362; baseline -0.004 -11"><span class='ocrx_word' id='word_1_756' title='bbox 2135 5295 2376 5351; x_wconf 83' lang='lat' dir='ltr'><strong>secunda</strong></span> <span class='ocrx_word' id='word_1_757' title='bbox 2407 5292 2776 5356; x_wconf 87' lang='lat' dir='ltr'><strong>condemnati,</strong></span> <span class='ocrx_word' id='word_1_758' title='bbox 2814 5294 2878 5346; x_wconf 86' lang='lat' dir='ltr'><strong>ad</strong></span> <span class='ocrx_word' id='word_1_759' title='bbox 2908 5293 3152 5348; x_wconf 87' lang='lat' dir='ltr'><strong>ardentis</strong></span> <span class='ocrx_word' id='word_1_760' title='bbox 3181 5292 3319 5362; x_wconf 84' lang='lat' dir='ltr'><strong>ignis</strong></span> <span class='ocrx_word' id='word_1_761' title='bbox 3355 5293 3533 5346; x_wconf 87' lang='lat' dir='ltr'><strong>lacum</strong></span> <span class='ocrx_word' id='word_1_762' title='bbox 3573 5291 3718 5344; x_wconf 82' lang='lat' dir='ltr'><strong>abri-</strong></span> 
     </span>
    </p>
   </div>
   <div class='ocr_carea' id='block_1_111' title="bbox 2135 5383 3717 5456">
    <p class='ocr_par' dir='ltr' id='par_1_111' title="bbox 2135 5383 3717 5456">
     <span class='ocr_line' id='line_1_111' title="bbox 2135 5383 3717 5456; baseline -0.003 -16"><span class='ocrx_word' id='word_1_763' title='bbox 2135 5387 2386 5456; x_wconf 72' lang='lat' dir='ltr'><strong>pientur;</strong></span> <span class='ocrx_word' id='word_1_764' title='bbox 2430 5384 2893 5455; x_wconf 84' lang='lat' dir='ltr'><strong>quemadmodum</strong></span> <span class='ocrx_word' id='word_1_765' title='bbox 2944 5385 3239 5454; x_wconf 83' lang='lat' dir='ltr'><strong>Apostolus</strong></span> <span class='ocrx_word' id='word_1_766' title='bbox 3285 5383 3352 5438; x_wconf 87' lang='lat' dir='ltr'><strong>de</strong></span> <span class='ocrx_word' id='word_1_767' title='bbox 3384 5383 3717 5454; x_wconf 82' lang='lat' dir='ltr'><strong>quihusdam</strong></span> 
     </span>
    </p>
   </div>
   <div class='ocr_carea' id='block_1_112' title="bbox 2135 5474 3718 5548">
    <p class='ocr_par' dir='ltr' id='par_1_112' title="bbox 2135 5474 3718 5548">
     <span class='ocr_line' id='line_1_112' title="bbox 2135 5474 3718 5548; baseline -0.004 -16"><span class='ocrx_word' id='word_1_768' title='bbox 2135 5478 2401 5547; x_wconf 84' lang='lat' dir='ltr'><strong>loquitur,</strong></span> <span class='ocrx_word' id='word_1_769' title='bbox 2461 5477 2554 5548; x_wconf 90' lang='lat' dir='ltr'><strong>qui</strong></span> <span class='ocrx_word' id='word_1_770' title='bbox 2607 5493 2715 5532; x_wconf 91' lang='lat' dir='ltr'><strong>non</strong></span> <span class='ocrx_word' id='word_1_771' title='bbox 2761 5484 2889 5531; x_wconf 89' lang='lat' dir='ltr'><strong>sunt</strong></span> <span class='ocrx_word' id='word_1_772' title='bbox 2943 5475 3270 5539; x_wconf 90' lang='lat' dir='ltr'><strong>dormituri,</strong></span> <span class='ocrx_word' id='word_1_773' title='bbox 3312 5474 3406 5530; x_wconf 91' lang='lat' dir='ltr'><strong>sed</strong></span> <span class='ocrx_word' id='word_1_774' title='bbox 3455 5474 3718 5544; x_wconf 89' lang='lat' dir='ltr'><strong>temporis</strong></span> 
     </span>
    </p>
   </div>
   <div class='ocr_carea' id='block_1_113' title="bbox 2133 5566 3716 5642">
    <p class='ocr_par' dir='ltr' id='par_1_113' title="bbox 2133 5566 3716 5642">
     <span class='ocr_line' id='line_1_113' title="bbox 2133 5566 3716 5642; baseline -0.003 -16"><span class='ocrx_word' id='word_1_775' title='bbox 2133 5572 2289 5642; x_wconf 86' lang='lat' dir='ltr'><strong>quasi</strong></span> <span class='ocrx_word' id='word_1_776' title='bbox 2326 5580 2529 5640; x_wconf 88' lang='lat' dir='ltr'><strong>puncto</strong></span> <span class='ocrx_word' id='word_1_777' title='bbox 2559 5582 2613 5625; x_wconf 91' lang='lat' dir='ltr'><strong>et</strong></span> <span class='ocrx_word' id='word_1_778' title='bbox 2654 5570 2794 5623; x_wconf 91' lang='lat' dir='ltr'><strong>oculi</strong></span> <span class='ocrx_word' id='word_1_779' title='bbox 2830 5569 2976 5625; x_wconf 87' lang='lat' dir='ltr'><strong>uictu</strong></span> <span class='ocrx_word' id='word_1_780' title='bbox 3015 5569 3360 5622; x_wconf 80' lang='lat' dir='ltr'><strong>immutandi.</strong></span> <span class='ocrx_word' id='word_1_781' title='bbox 3412 5568 3628 5623; x_wconf 90' lang='lat' dir='ltr'><strong>Interim</strong></span> <span class='ocrx_word' id='word_1_782' title='bbox 3661 5566 3716 5622; x_wconf 84' lang='grc' dir='ltr'><strong>Ιιὶ</strong></span> 
     </span>
    </p>
   </div>
   <div class='ocr_carea' id='block_1_114' title="bbox 2134 5660 3717 5732">
    <p class='ocr_par' dir='ltr' id='par_1_114' title="bbox 2134 5660 3717 5732">
     <span class='ocr_line' id='line_1_114' title="bbox 2134 5660 3717 5732; baseline -0.003 -15"><span class='ocrx_word' id='word_1_783' title='bbox 2134 5661 2483 5732; x_wconf 88' lang='lat' dir='ltr'><strong>adjudicium</strong></span> <span class='ocrx_word' id='word_1_784' title='bbox 2511 5660 2723 5716; x_wconf 81' lang='lat' dir='ltr'><strong>venturi</strong></span> <span class='ocrx_word' id='word_1_785' title='bbox 2751 5670 2908 5724; x_wconf 86' lang='lat' dir='ltr'><strong>sunt;</strong></span> <span class='ocrx_word' id='word_1_786' title='bbox 2943 5661 3052 5715; x_wconf 91' lang='lat' dir='ltr'><strong>duo</strong></span> <span class='ocrx_word' id='word_1_787' title='bbox 3095 5676 3222 5715; x_wconf 84' lang='lat' dir='ltr'><strong>vero</strong></span> <span class='ocrx_word' id='word_1_788' title='bbox 3254 5669 3569 5731; x_wconf 69' lang='lat' dir='ltr'><strong>prmscntcs,</strong></span> <span class='ocrx_word' id='word_1_789' title='bbox 3595 5669 3717 5715; x_wconf 75' lang='lat' dir='ltr'><strong>tan-</strong></span> 
     </span>
    </p>
   </div>
   <div class='ocr_carea' id='block_1_115' title="bbox 2131 5751 3714 5827">
    <p class='ocr_par' dir='ltr' id='par_1_115' title="bbox 2131 5751 3714 5827">
     <span class='ocr_line' id='line_1_115' title="bbox 2131 5751 3714 5827; baseline -0.004 -17"><span class='ocrx_word' id='word_1_790' title='bbox 2131 5770 2297 5827; x_wconf 84' lang='lat' dir='ltr'><strong>quam</strong></span> <span class='ocrx_word' id='word_1_791' title='bbox 2329 5753 2477 5824; x_wconf 90' lang='lat' dir='ltr'><strong>impii</strong></span> <span class='ocrx_word' id='word_1_792' title='bbox 2503 5753 2719 5824; x_wconf 87' lang='lat' dir='ltr'><strong>Deoque</strong></span> <span class='ocrx_word' id='word_1_793' title='bbox 2744 5753 2992 5820; x_wconf 82' lang='lat' dir='ltr'><strong>rebelles,</strong></span> <span class='ocrx_word' id='word_1_794' title='bbox 3024 5769 3132 5808; x_wconf 92' lang='lat' dir='ltr'><strong>non</strong></span> <span class='ocrx_word' id='word_1_795' title='bbox 3159 5754 3209 5808; x_wconf 91' lang='lat' dir='ltr'><strong>in</strong></span> <span class='ocrx_word' id='word_1_796' title='bbox 3233 5751 3500 5823; x_wconf 64' lang='lat' dir='ltr'><strong>judicium</strong></span> <span class='ocrx_word' id='word_1_797' title='bbox 3527 5767 3714 5806; x_wconf 76' lang='lat' dir='ltr'><strong>exsur-</strong></span> 
     </span>
    </p>
   </div>
  </div>
