4102 6412
603 456 708 523 411

1803 457 2129 517 ΛΝΒΒΕίΕ
2159 455 2359 517 (ΙιΕΞΑ
2372 456 2414 514 Β
2431 455 2681 515 [ENSIS

3783 454 3886 518 412

680 568 801 634 llic,
830 565 1171 636 magistrales
1225 561 1500 618 cathedra:
1525 562 1663 616 data:
1710 560 1930 617 fuerunt
1970 564 2179 617 sanctis

2355 563 2462 613 Kal
2490 560 2589 631 ήδη
2634 561 2733 629 μὲν
2766 558 2877 623 τοῖς
2924 560 3102 627 ἁγίοις
3143 560 3468 625 ἀποστόλοις
3505 560 3885 617 διδασκαλικοὶ

606 659 893 727 apostolis,
929 671 1025 726 per
1050 670 1188 724 quos
1220 664 1407 720 gentes
1438 652 1559 705 fidei
1597 652 1777 705 lumen
1810 662 2135 721 acceperunt
2165 666 2179 704 :

609 752 681 805 ibi
717 759 921 810 autem,
962 762 1154 815 nempe
1192 746 1245 798 iu
1289 745 1473 798 futuro
1497 744 1715 803 szeculo.
1752 744 1908 812 juxta
1940 744 2181 797 divinam

612 841 1061 910 p:-mnissionem,
1112 839 1232 891 alia:
1282 837 1390 890 illis
1438 837 1871 903 assiguabuntur
1912 835 2091 899 sedes,
2130 835 2182 887 iu

606 945 793 987 emum
838 928 1104 995 judicium
1130 935 1185 981 et
1216 926 1727 980 condemnationem
1780 924 1871 992 qui
1913 925 2188 992 evangeli-

608 1036 726 1070 i-am
764 1018 1207 1086 praulicationem
1227 1018 1673 1086 repudiaverunt.
1696 1018 1799 1079 Ibi,
1818 1018 1964 1070 cauit
1990 1018 2181 1080 David,

609 1108 949 1159 uacent/erunt
1026 1107 1234 1169 tribus,
1299 1106 1467 1159 tribus
1527 1105 1759 1169 Domini,
1828 1107 2185 1159 testimonium

611 1198 787 1251 Israel
815 1200 881 1251 ⁸⁸.
938 1199 1002 1251 Ει
1036 1210 1258 1267 postea,
1291 1198 1553 1263 Quoniam
1605 1199 1714 1251 illic
1748 1200 1991 1251 sederunt
2039 1198 2184 1250 sedes

609 1291 661 1342 in
681 1290 889 1357 judicio
922 1291 989 1345 ‘°.
1024 1289 1165 1354 Quin
1198 1289 1424 1358 reliquis
1454 1305 1671 1359 quoque
1698 1290 1908 1344 sanctis
1934 1288 2186 1358 martyri-

612 1383 737 1443 bus,
771 1382 863 1449 qui
898 1397 996 1448 pro
1031 1382 1252 1435 Christo
1287 1391 1515 1434 mortem
1552 1382 1791 1450 perpessi
1829 1393 1976 1444 sunt,
2009 1396 2187 1449 neque

610 1473 858 1541 mystica-
888 1472 1094 1532 bestiae,
1124 1471 1219 1539 qui
1242 1470 1496 1525 diabolus
1528 1481 1633 1535 est,
1660 1473 2055 1535 characterem,
2084 1472 2187 1526 hoc

610 1572 696 1615 est
737 1562 1034 1630 imaginem
1071 1561 1363 1630 apostasia:
1414 1561 1582 1625 illius,
1625 1570 2006 1632 susceperunt,
2039 1562 2184 1630 judi-

612 1651 773 1705 candi
828 1661 1067 1719 potestas
1125 1651 1251 1705 data
1287 1662 1406 1717 est;
1466 1668 1559 1721 per
1590 1669 1752 1722 quam
1794 1655 2089 1718 dzemones,
2127 1661 2187 1707 ut

612 1740 685 1794 ob
721 1743 912 1795 oculos
968 1741 1234 1809 videmus,
1282 1740 1531 1808 judicare
1564 1758 1668 1796 non
1703 1742 1979 1806 desinunt,
2016 1757 2187 1811 usque

611 1830 680 1884 ad
709 1831 994 1899 prmsentis
1030 1831 1210 1885 saeculi
1246 1832 1776 1887 consummationem
1808 1850 1932 1887 cum
1967 1835 2185 1888 Christo

610 1921 933 1989 glorificati;
988 1937 1019 1974 a
1085 1922 1188 1989 piis
1251 1938 1465 1976 rursum
1531 1925 1751 1993 regibus
1830 1925 2186 1994 fidelibusque
2221 1904 2258 1957 Β

612 2013 953 2081 principibus
984 2013 1233 2075 adorati;
1263 2022 1318 2067 et
1341 2014 1528 2068 divina
1560 2016 1795 2085 denique
1828 2017 2025 2070 virtute
2052 2032 2187 2072 cou-

612 2113 695 2157 tra
730 2120 946 2158 omnem
972 2120 1262 2172 corporqu
1291 2107 1565 2168 morbum,
1603 2107 1965 2177 fraudemque
1996 2118 2050 2163 et
2079 2110 2186 2163 vim

611 2195 922 2250 (lmiiionum
968 2198 1268 2265 conspicuo
1307 2192 1515 2252 donati.
1569 2199 1834 2254 Caeterum
1867 2201 2013 2270 quod
2067 2201 2188 2254 dia-

608 2286 770 2342 bolus
796 2296 851 2341 et
881 2289 1252 2343 Antichristus
1282 2301 1335 2343 et
1369 2290 1849 2359 pseudOprophcta
1882 2293 2191 2346 communi-

610 2387 739 2433 ceut
766 2394 875 2433 uou
914 2382 1077 2435 modo
1104 2382 1381 2449 operibus,
1433 2397 1629 2435 verum
1653 2384 1812 2435 etiam
1849 2384 2185 2448 nominibus,

611 2470 745 2525 illud
778 2487 842 2524 ex
890 2487 956 2525 eo
985 2470 1339 2525 manifestum
1376 2481 1480 2537 cst,
1516 2473 1659 2541 quod
1692 2474 2063 2541 unusquilibet
2093 2476 2191 2529 ho-

611 2578 735 2617 rum
788 2562 1093 2631 appelletur
1144 2562 1343 2628 bestia,
1395 2562 1674 2630 similique
1723 2563 1909 2617 habitu
1960 2576 2189 2620 ornatus

610 2664 898 2709 cernatur.
932 2652 1068 2707 Nam
1102 2662 1156 2707 et
1189 2653 1353 2707 draco
1386 2654 1501 2709 sive
1544 2652 1801 2717 Satanas,
1839 2665 2044 2721 septem
2095 2672 2189 2711 ca-

612 2745 724 2815 pita
759 2754 811 2799 et
842 2745 1029 2805 decem
1066 2759 1294 2809 cornua,
1320 2761 1443 2798 eum
1478 2753 1562 2797 tot
1622 2744 1947 2799 diadematis
1980 2744 2191 2801 deferre

612 2837 840 2902 visitur;
874 2845 927 2891 et
954 2836 1143 2900 bestia,
1180 2852 1301 2905 qua:
1338 2851 1403 2888 ea:
1443 2836 1578 2889 mari
1611 2835 1884 2899 ascendit,
1931 2835 2189 2890 nimirum

612 2928 1015 2989 Antichristus,
1055 2927 1220 2982 simili
1257 2928 1537 2981 schemate
1575 2928 1809 2982 vestitus
1850 2927 1904 2981 in
1952 2928 2189 2982 medium

613 3019 840 3089 prodire
892 3020 1281 3089 conspicitur:
1338 3030 1386 3074 et
1437 3019 1914 3089 pseudoprOpheta
1967 3018 2189 3072 tandem

612 3110 862 3164 eamdem
896 3125 1021 3163 cum
1056 3120 1294 3180 utroque
1321 3121 1555 3163 mentem
1590 3120 1642 3163 et
1670 3110 1777 3162 vim
1818 3108 1886 3163 ad
1926 3110 2193 3163 scducen-

613 3202 744 3256 dum
785 3211 837 3255 et
868 3203 1202 3271 perdendum
1249 3203 1449 3257 afferre
1494 3202 1943 3272 deprehemlitur.
1983 3200 2190 3253 Abho-

2288 650 2467 719 θρόνοι
2510 650 2790 713 δέδονται,
2821 650 2890 703 δι’
2931 643 3007 703 ὧν
3050 650 3118 704 τὰ
3156 650 3285 721 ἔθνη
3324 651 3883 721 πεφωταγώγηνται·

2284 742 2599 810 δοθήσονται
2645 741 2702 793 δέ
2750 740 2891 794 κατά
2918 743 3017 812 τὴν
3061 743 3211 795 θείαν
3243 743 3551 813 ὑπόσχεσιν
3600 745 3699 797 καὶ
3728 747 3784 798 ἐν
3814 749 3884 816 τῷ

2290 831 2536 899 μέλλοντι
2560 830 2763 901 [αἰῶνι]
2790 834 2867 893 εἰς
2894 831 3226 901 κατάκρισιν
3254 836 3369 895 τοῖς
3394 833 3801 901 ἀπωσαμένοις
3828 838 3886 890 τὸ

2286 922 2643 988 εὐαγγελικὶν
2668 925 2957 991 κήρυγμα,
3004 923 3183 984 καθώς
3214 941 3379 994 φησιν
3410 926 3441 978 ὁ
3478 926 3651 978 Δαυῖδ
3671 942 3685 956 °
3737 927 3892 981 Ἐκεῖ

2285 1013 2396 1082 γὰρ
2422 1014 2731 1079 ἀνέϐησαν
2779 1017 2839 1067 αι
2871 1016 3089 1083 φυλαὶ,
3135 1017 3320 1084 φυλαὶ
3352 1018 3593 1083 Κυρίου
3619 1057 3635 1081 ,
3668 1020 3886 1085 μαρτύ-

2279 1122 2417 1171 ριον
2454 1105 2533 1169 τῷ
2575 1107 2840 1174 Ἰσραήλ.
2883 1108 2993 1161 Kal.
3034 1108 3198 1175 ἑξῆς·
3245 1110 3371 1161 Ὅτι
3415 1108 3553 1161 ἐκεῖ
3596 1107 3889 1165 ἐκάθισαν

2288 1197 2487 1263 θρόνοι
2520 1199 2607 1261 είς
2640 1198 2861 1264 κρίσιν.
2894 1199 3004 1252 Καὶ
3051 1201 3164 1260 τοῖς
3192 1198 3398 1263 λοιποῖς
3430 1200 3494 1252 δὲ
3526 1200 3712 1267 ἁγίοις
3752 1201 3888 1271 μάρ-

2287 1306 2432 1350 τυσι,
2466 1291 2577 1350 τοῖς
2600 1288 2741 1357 ὑπὲρ
2765 1288 3002 1358 Χριστοῦ
3029 1290 3283 1353 παθοῦσι,
3318 1290 3414 1343 καὶ
3453 1290 3537 1361 μὴ
3570 1290 3885 1362 δεξαμένοις

2287 1378 2349 1431 τὸ
2372 1379 2462 1431 τοῦ
2496 1378 2688 1447 νοητοῦ
2720 1379 2910 1449 θηρίου
2948 1379 3042 1434 τοῦ
3072 1380 3324 1435 διαϐόλου
3356 1381 3662 1451 χάραγμα,
3694 1383 3884 1456 δηλαδή

2286 1468 2384 1538 τήν
2423 1468 2606 1520 εἰκόνα
2655 1469 2754 1537 τῆς
2803 1469 2968 1522 αὐτοῦ
3021 1470 3394 1531 ἀποστασίας,
3458 1471 3623 1541 ἐδόθη
3677 1474 3879 1542 κρίμα·

2287 1560 2569 1611 τουτέστιν
2600 1560 2818 1625 ἐξουσία
2848 1559 2943 1614 τοῦ
2976 1560 3203 1630 κρίνειν·
3231 1561 3297 1614 δι’
3324 1556 3385 1615 οὗ
3416 1562 3694 1631 δαίμονας
3728 1564 3883 1634 μέχρι

2286 1649 2381 1702 τοῦ
2434 1650 2545 1714 νῦν,
2584 1650 2661 1712 ῶς
2714 1650 2949 1720 ὁρῶμεν,
2980 1650 3257 1721 κρίνουσι.
3310 1650 3777 1721 συνδοξαζόμενοι
3814 1654 3882 1723 τῷ

2288 1740 2507 1809 Χριστῷ
2541 1740 2703 1811 μέχρι
2732 1740 2876 1813 [τῆς]
2911 1741 3224 1804 συντελείας
3247 1741 3339 1794 τοῦ
3370 1743 3655 1810 παρόντος
3678 1742 3881 1808 αἰῶνος,

2290 1832 2396 1885 ὑπὸ
2429 1833 2700 1901 βασιλέων
2731 1833 2969 1886 εὐσεϐῶν
3020 1834 3115 1889 καὶ
3158 1834 3440 1902 ἀρχόντων
3470 1836 3687 1887 πιστῶν
3727 1852 3883 1906 προσο

2291 1922 2649 1989 κυνούμενοι”
2683 1922 2952 1977 καὶκατὰ
3002 1923 3183 1993 πάσης
3234 1925 3566 1993 σωματικῆς
3619 1926 3773 1978 νόσου
3799 1926 3883 1978 καί⁵

2291 2014 2610 2083 δαιμονικῆς
2657 2014 2940 2083 ἐνεργείας
2998 2015 3096 2085 τὴν
3147 2013 3430 2067 θεόσδοτον
3492 2014 3729 2082 δύναμιν
3778 2018 3883 2069 ἐπι-

2291 2104 2651 2171 δεικνύμενοι.
2689 2105 2811 2157 Ὀτι
2835 2105 2891 2156 δὲ
2918 2105 3267 2158 κοινωνοῦσιν
3300 2106 3562 2176 ἀλλήλοις
3598 2107 3626 2157 ὁ
3648 2106 3881 2168 διάϐολος

2296 2194 2434 2266 [καὶ]
2458 2198 2485 2249 ὁ
2526 2196 2895 2265 Ἀντίχριστος
2922 2237 2936 2261 ,
2979 2198 3072 2248 καὶ
3101 2197 3129 2248 δ
3159 2196 3631 2266 ψευδοπροφήτης
3652 2237 3666 2261 ,
3707 2195 3883 2266 ὥσπερ

2292 2290 2413 2351 ταῖς
2446 2289 2729 2357 πράξεσιν,
2774 2287 2917 2342 οὕτω
2951 2290 3045 2341 καὶ
3082 2291 3194 2349 τοῖς
3231 2289 3493 2357 ὀνόμασι,
3519 2289 3682 2358 δῆλον
3723 2288 3781 2353 ἐξ
3814 2283 3880 2343 ὧν

2295 2380 2503 2447 θηρίον
2532 2379 2763 2443 ἕκαστος
2792 2378 3000 2432 τούτων
3032 2382 3537 2450 προσαγορεύεται,
3586 2381 3681 2432 καὶ
3708 2380 3769 2431 ἐκ
3796 2378 3879 2432 τοῦ

2292 2470 2384 2523 τὸν
2414 2470 2682 2539 δράκοντα
2716 2470 2793 2535 δὲ,
2823 2470 3025 2541 δηλαδὴ
3055 2469 3145 2522 τὸν
3173 2471 3449 2535 Σατανᾶν,
3483 2469 3628 2523 ἐτττά
3652 2468 3876 2538 κεφαλὰς

2296 2562 2390 2616 καὶ
2416 2563 2548 2615 δέκα
2572 2561 2779 2631 κέρατα
2817 2562 2913 2615 σὺν
2947 2561 3219 2624 τοσούτοις
3250 2561 3557 2632 διαδήμασι
3594 2562 3878 2631 πεφηνέναι

2296 2654 2713 2723 ἐπιφερόμενον.
2749 2654 2859 2706 Καὶ
2902 2652 2963 2706 τὸ
2990 2653 3058 2705 ἐκ
3096 2651 3207 2721 τῆς
3249 2652 3566 2719 θαλάττης
3601 2652 3873 2707 ἀναϐαῖνον

2295 2744 2537 2812 θηρίον,
2562 2743 2761 2813 δηλαδὴ
2779 2742 2870 2796 τὸν
2912 2742 3308 2813 Ἀντίχριστον,
3339 2742 3423 2814 τῷ
3450 2743 3627 2813 ὁμοίῳ
3657 2742 3877 2811 φανῆναι

2297 2836 2557 2903 σχήματι,
2575 2834 2673 2905 τὴν
2692 2834 2861 2904 αὐτὴν
2887 2835 3306 2904 προσμαρτυρεῖ
3322 2832 3590 2905 [τούτοις]
3613 2833 3802 2903 βουλήν
3817 2848 3871 2885 τε

2295 2925 2387 2975 καὶ
2419 2923 2699 2992 ἐνέργειαν
2737 2924 2873 2992 πρὸς
2905 2923 3001 2992 τὴν
3031 2923 3141 2976 τῶν
3171 2925 3560 2993 ἀπατωμένων
3592 2921 3871 2977 ἀπώλειαν.

2296 3008 2402 3077 ἿΙς
2430 3016 2480 3067 οἱ
2527 3014 2999 3085 ἐλευθεριάζοντες
3020 3053 3035 3079 ,
3069 3014 3147 3084 τῷ
3188 3016 3417 3086 Χριστῷ
3451 3015 3596 3069 κατὰ
3640 3015 3725 3068 τὸν
3756 3032 3873 3083 προ-

2295 3106 2554 3177 λεχθέντα
2576 3107 2775 3179 τρόπον
2790 3109 2951 3179 μέχρι
2970 3108 3068 3177 τῆς
3093 3108 3356 3179 δευτέρας
3384 3109 3557 3162 αὑτοῦ
3584 3106 3868 3178 παρουσίας

2298 3198 2827 3268 συμϐασιλεύσουσι,
2886 3201 3024 3271 μετά
3063 3200 3271 3271 ταύτην
3315 3202 3726 3274 περισσοτέρως
3770 3198 3866 3253 τῶν

614 3309 735 3348 rum
769 3302 952 3348 autem
999 3295 1279 3348 consortio
1324 3305 1378 3347 et
1412 3293 1602 3348 fraude
1643 3293 1825 3363 quise
1868 3299 2189 3347 exemerunt

2299 3291 2460 3344 θείων
2490 3292 2834 3361 ἐπαγγελιῶν
2860 3292 3281 3356 ἀπολαύσοντες.

611 3399 667 3443 et
714 3390 1083 3455 vindicarunt,
1126 3405 1252 3445 cum
1302 3390 1524 3445 Christo
1576 3389 1733 3458 juxta
1786 3387 2007 3443 modum
2060 3386 2224 3457 paulo
2247 3394 2374 3441 ante
2396 3388 2729 3457 expositum,
2772 3402 2948 3457 usque
2973 3388 3041 3442 ad
3089 3387 3395 3443 secundum
3418 3387 3570 3443 illius
3592 3386 3864 3442 adventum

612 3481 955 3551 regnabant;
993 3490 1113 3551 post
1139 3480 1288 3535 illum
1318 3489 1524 3549 autem,
1555 3481 1755 3536 divinis
1788 3478 2254 3551 promissiouibus
2293 3478 2664 3535 abundantius
2701 3480 2999 3549 patientur.

1230 3595 1462 3651 CAPUT
1492 3595 1654 3650 LXII.

613 3706 723 3777 93
759 3706 891 3773 Qua:
917 3708 985 3762 sit
1019 3709 1195 3777 prima
1236 3710 1574 3830 resurgectio,
1601 3725 1719 3779 quae
1760 3708 1885 3762 item
1929 3725 2071 3764 mors
2107 3725 2190 3764 se-

1276 3794 1374 3829 cun
1419 3794 1474 3830 a.

1276 3794 1474 3831 cunaa.

685 3886 809 3953 XX,
838 3886 890 3953 5,
923 3888 977 3943 6.
1027 3886 1217 3943 σιτισνὶ
1262 3903 1378 3941 rero
1419 3897 1747 3941 mortuorum
1782 3905 1884 3943 non
1930 3891 2193 3956 vixerunt,

614 3978 777 4034 donec
802 3989 1297 4033 consummarentur
1327 3980 1470 4033 mille
1499 3982 1650 4034 anni.
1686 3980 1812 4034 Ilwc
1849 3991 1927 4035 est
1959 3999 2193 4035 resurre-

615 4073 720 4125 ctio
748 4074 943 4141 prima.
981 4071 1181 4124 Beatus
1217 4083 1261 4125 ct
1307 4083 1544 4135 sanctus,
1587 4073 1678 4141 qui
1704 4072 1855 4125 habet
1896 4085 2099 4141 partem
2138 4075 2193 4127 in

615 4164 997 4216 resurrectione
1042 4163 1237 4226 prima.
1281 4161 1345 4215 In
1380 4164 1459 4215 Itis
1514 4179 1654 4215 mors
1684 4163 1917 4216 secunda
1950 4179 2055 4214 non
2096 4162 2193 4215 Ita-

614 4253 694 4304 bet
725 4260 1081 4320 potestatem;
1119 4250 1210 4303 sed
1237 4259 1390 4303 erunt
1414 4250 1711 4303 sacerdotes
1749 4248 1842 4301 Dei
1870 4257 1919 4303 et
1962 4247 2188 4313 Christi,

611 4352 661 4397 et
699 4342 989 4413 regnabant
1008 4358 1127 4395 cum
1160 4342 1253 4395 illo
1279 4342 1423 4396 mille
1448 4343 1625 4395 annis.

684 4516 761 4571 Ex
806 4517 1009 4572 divinis
1058 4517 1275 4571 Litteris
1309 4518 1444 4571 duas
1494 4528 1708 4574 exstare
1752 4520 1912 4581 vitas,
1962 4526 2017 4572 et
2058 4518 2193 4571 duas

2878 3597 3131 3651 ΚΕΦΑΔ.
3172 3595 3291 3652 SB’.

2300 3710 2395 3775 Τίς
2423 3708 2595 3763 ἐστιν
2626 3708 2664 3777 ἠ
2697 3707 2896 3776 πρώτη
2923 3708 3278 3775 ἀνάστασις,
3314 3708 3417 3763 καί
3447 3708 3539 3775 τίς
3561 3710 3594 3762 ό
3612 3706 3863 3775 δεύτερος

2945 3779 3224 3844 θάνατος.

2367 3895 2473 3949 Καὶ
2523 3898 2578 3950 οἱ
2622 3896 2823 3951 λοιποὶ
2880 3894 2999 3949 τῶν
3035 3890 3269 3961 νεκρῶν
3318 3893 3433 3948 οὐκ
3468 3890 3693 3961 ἔζησαν
3738 3888 3861 3957 ἄχρι

2291 3983 2549 4052 τελεσθῇ
2615 3986 2687 4039 τὰ
2742 3986 2907 4053 χίλια
2965 3983 3090 4050 ἐτη.
3148 3982 3311 4049 Αὕτη
3364 3984 3403 4050 ἠ
3457 3980 3787 4043 ἀνάστασις
3831 3976 3858 4041 ἡ

2292 4075 2509 4143 πρώτη·
2550 4075 2697 4146 [καὶ]
2717 4073 3007 4145 μακάριος
3038 4072 3137 4126 καί
3160 4072 3325 4140 ἅγιος
3362 4076 3396 4125 d
3425 4073 3583 4141 ἔχων
3604 4069 3775 4139 μέρος
3802 4067 3861 4117 ἐν

2292 4165 2367 4233 τῇ
2390 4166 2721 4221 ἀναστάσει
2753 4165 2827 4233 τῇ
2858 4165 3077 4234 πρώτῃ.
3116 4164 3246 4217 Ἐπὶ
3279 4164 3510 4216 τούτων
3543 4165 3577 4215 ὀ
3606 4160 3857 4225 δεύτερος

2293 4257 2550 4323 θάνατος
2580 4260 2691 4311 οὐκ
2723 4257 2847 4325 ἔχει
2884 4256 3211 4319 ἐξουσίαν’
3244 4255 3385 4308 ἀλλ’
3433 4254 3672 4307 ἔσονται
3705 4246 3858 4315 ἱερεῖς

2301 4347 2409 4401 τοῦ
2456 4349 2602 4401 Θεοῦ
2651 4348 2747 4401 καὶ
2798 4348 2905 4401 τοῦ
2955 4346 3241 4415 Χριστοῦ,
3278 4344 3380 4399 καὶ
3430 4341 3857 4410 ,ϐασιλεύσουσι

2297 4440 2425 4509 μετ’
2453 4439 2639 4493 αὐτοῦ
2662 4440 2827 4508 χίλια
2852 4441 2978 4506 ἐτη.

2375 4533 2489 4586 Δύο
2536 4531 2681 4598 ζωὰς
2714 4533 2805 4585 καὶ
2842 4533 2951 4585 δύο
2992 4529 3338 4598 νεκρώσεις,
3390 4530 3560 4599 ἤγουν
3595 4522 3850 4579 θανάτουξ,

613 4609 802 4665 itidem
845 4619 1037 4662 mortes
1079 4610 1391 4664 didicimus.
1432 4610 1614 4665 Prima
1662 4614 1768 4666 vita
1804 4622 1889 4666 est
1916 4612 2030 4673 illa,
2065 4629 2188 4681 qua:

2295 4627 2359 4679 ἐκ
2390 4625 2491 4693 τῆς
2532 4590 2685 4688 θείας
2727 4624 2952 4694 Γραφῆς
2992 4590 3380 4691 διδασκόμεθα.
3413 4590 3585 4673 ’Ἔστι
3630 4611 3848 4674 τοίνυνή

614 4709 736 4768 post
767 4711 1097 4769 prmeeptum
1142 4704 1211 4755 ab
1235 4701 1444 4755 Adamo
1480 4703 1736 4757 violatum
1786 4704 1993 4772 reliqua
2052 4704 2186 4768 fuit,

612 4791 850 4846 carnalis
882 4792 1071 4861 utique
1108 4800 1162 4845 et
1204 4794 1556 4861 temporaria.
1612 4795 1792 4850 Altera
1850 4805 2053 4851 :eterna
2087 4804 2191 4863 est,

615 4898 740 4952 qua:
771 4892 893 4951 post
933 4882 1247 4937 divinorum
1300 4896 1693 4955 praeceptorum
1726 4887 2189 4953 observationem,

618 4974 826 5029 sanctis
852 4976 905 5029 in
935 4975 1110 5028 altero
1141 4975 1342 5030 saeculo
1370 4978 1728 5044 promittitur.
1765 4978 1908 5033 Mors
1939 4979 2192 5034 similiter

616 5068 820 5137 duplex
856 5077 940 5123 est
980 5085 996 5124 :
1042 5086 1171 5136 una,
1218 5070 1457 5126 carnalis
1488 5081 1543 5125 et
1572 5071 1901 5138 temporaria
1948 5089 1960 5124 :
1992 5072 2188 5134 altera,

615 5160 970 5229 sempiterna,
1031 5177 1154 5231 qua:
1209 5163 1263 5217 in
1324 5173 1679 5232 peccatorum
1742 5161 2036 5216 vindictam
2096 5179 2193 5231 per

613 5255 930 5323 gehennam
967 5253 1131 5324 ignis,
1166 5254 1383 5324 aliaque
1410 5252 1465 5307 id
1501 5268 1674 5323 genus
1731 5262 1997 5306 tormenta
2049 5253 2187 5323 apud

615 5342 828 5400 inferos
857 5355 983 5415 post
1032 5345 1177 5400 hanc
1205 5347 1374 5401 vitam
1412 5343 1664 5399 infertur.
1714 5345 1853 5399 llinc
1894 5345 2005 5413 jam
2042 5360 2190 5398 mor-

616 5446 838 5492 tuorum
885 5438 1181 5493 discrimen
1240 5438 1537 5507 colligitur.
1593 5438 1697 5491 Alii
1732 5437 1878 5491 enim
1938 5448 2065 5491 sunt
2106 5436 2186 5488 vi-

616 5528 805 5591 tamli,
863 5530 930 5582 ad
981 5545 1122 5598 quos
1156 5529 1288 5583 illud
1321 5530 1474 5583 Isaia:
1520 5537 1729 5599 spectat
1784 5547 1797 5583 :
1855 5527 1960 5593 Qui
2017 5540 2193 5581 autent

614 5620 810 5673 mortui
835 5630 983 5685 sunt,
1023 5621 1181 5675 vitam
1207 5638 1309 5675 non
1348 5622 1555 5675 videant
1586 5622 1651 5675 ⁶¹.
1716 5619 2002 5689 Ejusmodi
2060 5626 2191 5675 sunt

617 5713 711 5779 qui
750 5729 847 5783 per
894 5714 1036 5768 fmda
1093 5728 1259 5785 opera
1310 5712 1644 5769 cadaverum
1680 5712 1921 5778 fetorem.
1963 5728 2074 5783 pra:
2127 5727 2187 5767 se

690 5855 734 5885 δ’
790 5853 931 5909 l‘sal.
993 5870 1137 5924 cui,
1170 5855 1222 5910 4.
1332 5857 1375 5891 ⁶⁰
1407 5857 1537 5913 ibid.
1586 5856 1637 5912 5.
1718 5860 1757 5890 ει
1792 5855 1895 5912 lsa.
1935 5871 2077 5926 xm,
2120 5856 2201 5913 14.

2296 4718 2396 4788 μὲν
2432 4716 2623 4787 πρώτη
2657 4715 2791 4786 ζωὴ,
2823 4719 2854 4788 ή
2882 4717 3019 4787 μετὰ
3041 4716 3140 4785 τὴν
3170 4716 3269 4784 τῆς
3290 4713 3513 4782 ἐντολῆς
3544 4706 3848 4779 παράϐασιν,

2294 4810 2631 4880 πρόσκαιρος
2663 4810 2758 4863 καὶ
2788 4810 3053 4879 σαρκικήο
3094 4809 3127 4879 ή
3161 4808 3218 4860 δὲ
3256 4807 3396 4877 μετά
3442 4806 3542 4875 τὴν
3573 4800 3679 4855 τῶν
3711 4796 3847 4849 θείων

2290 4898 2384 4951 τοῦ
2438 4898 2672 4968 Χριστοῦ
2736 4898 2967 4951 ἐντολῶν
3022 4899 3254 4967 τήρησιν
3316 4890 3698 4965 ἐπηγγελμένη
3750 4883 3846 4941 τοῖς

2292 4988 2467 5057 ἁγίοις
2494 4988 2606 5059 ζωὴ
2654 4988 2894 5052 αἰώνιος.
2929 4988 3041 5041 Καὶ
3067 4988 3310 5043 θάνατοι
3337 4987 3394 5040 δὲ
3418 4985 3673 5044 ὡσαύτως
3698 4974 3843 5031 δύο’ό

2294 5081 2393 5148 μὲν
2429 5080 2529 5149 τῆς
2562 5080 2782 5150 σαρκὸς,
2818 5080 3148 5149 πρόσκαιρος
3172 5094 3185 5108 °
3219 5081 3247 5133 ὁ
3274 5079 3332 5132 δὲ
3362 5079 3429 5132 δι’
3458 5069 3843 5147 ἁμαρτημάτων

2290 5171 2495 5225 ἔκτισιν
2521 5172 2860 5240 ἐπαγόμενος
2888 5173 2945 5224 ἐν
2973 5170 3051 5241 τῷ
3084 5171 3331 5240 μέλλοντι
3355 5212 3370 5233 ,
3428 5168 3659 5228 αίώνιος,
3691 5162 3841 5221 ὅσπερ

2288 5263 2434 5317 ἐστὶν
2467 5264 2499 5333 ἡ
2531 5262 2626 5317 τοῦ
2670 5264 2841 5333 πυρὸς
2867 5264 3083 5331 γέεννα.
3116 5264 3225 5316 Καὶ
3268 5260 3482 5333 νεκρῶν
3508 5260 3563 5312 δὲ
3602 5247 3838 5321 διαφορᾶν

2287 5354 2648 5424 γινώσκομεν.
2705 5357 2768 5409 Ol
2813 5355 2913 5425 μὲν
2958 5355 3068 5425 γὰρ
3104 5355 3329 5425 φευκτοὶ
3387 5351 3539 5423 (περὶ
3579 5340 3650 5401 ὧν
3695 5350 3836 5409 φησιν

2304 5443 2549 5507 Ἡσαΐας·
2587 5444 2651 5497 Οἱ
2679 5443 2746 5496 δὲ
2771 5445 2971 5512 νεκροί
3027 5443 3179 5512 ζωὴν
3206 5444 3279 5498 οὐ
3308 5443 3394 5513 μὴ
3452 5441 3635 5495 ῑδωσι⁶
3664 5425 3835 5499 δηλαδῆ

2297 5533 2346 5585 οί
2378 5536 2496 5596 ταῖς
2528 5532 2755 5604 πράξεσι
2784 5534 2884 5602 τὴν
2909 5535 3173 5589 δυσωδίαν
3200 5536 3294 5588 καὶ
3326 5535 3423 5605 τὴν
3453 5533 3704 5599 νέκρωσιν
3733 5524 3832 5571 ἐπι-

2298 5624 2610 5696 φερόμενοι)
2633 5643 2647 5657 ·
2675 5628 2723 5680 οἱ
2755 5626 2813 5679 δὲ
2856 5628 3161 5693 ἐπαινετοὶ,
3192 5630 3239 5681 οἱ
3269 5629 3327 5681 ἐν
3359 5620 3573 5695 Χριστῷ
3602 5618 3692 5679 τὰς
3717 5607 3832 5678 πρά⁶

2295 5711 2402 5779 ξεις
2435 5716 2526 5770 τοῦ
2563 5716 2811 5789 σώματος
2850 5717 3243 5785 θανατοῦντες,
3277 5719 3372 5773 καὶ
3400 5716 3448 5770 οἱ
3482 5704 3686 5783 Χριστῷ
3722 5713 3825 5753 συν·
