4102 6434
227 483 338 552 413

1185 493 1788 554 COMMENTARIUS
1832 495 1910 555 IN
1953 497 2482 558 APOCALYPSIN.

3379 501 3484 566 4H

221 600 636 670 εσταυρωμένοι
683 598 778 654 καὶ
825 599 904 670 τῷ
953 599 1142 670 κόσμῳ
1191 599 1566 670 νεκρούμενοι.
1614 603 1674 654 Οί
1715 601 1808 656 οὖν

1926 602 2122 658 ierunt.
2156 603 2261 658 Alii
2295 612 2474 657 autem
2512 601 2668 656 laude
2712 601 2858 672 digni
2895 611 3050 657 sunt.
3095 604 3230 674 Ejus
3283 613 3504 677 generis

220 692 674 760 ἀπηγορευμένοι
705 691 888 761 νεκροὶ
913 733 926 752 ,
959 692 1008 742 oi
1045 691 1118 762 μὴ
1164 693 1530 760 συνταφέντες
1560 694 1655 745 καὶ
1688 709 1817 745 συν-

222 783 565 845 αναστάντες
593 781 715 853 [τῷι
751 765 971 852 Χριστῷ
1001 783 1087 835 διὰ
1114 781 1206 834 τοῦ
1238 783 1613 852 βαπτίσματος
1640 824 1653 845 ,
1682 783 1821 836 ἀλλά

222 877 295 943 τῇ
329 873 595 945 νεκρώσει
616 874 724 926 τῶν
749 875 1164 944 ἁμαρτημάτων
1192 875 1574 944 ἐμμείναντες,
1597 877 1657 928 οὐ
1684 876 1820 939 ζῶσι

227 965 332 1017 σὺν
378 964 526 1034 αὐτῷ
573 964 701 1034 ἄχρι
735 964 1034 1017 τελεσθῶσι
1086 965 1231 1034 χίλια
1277 965 1407 1034 ἐτη·
1462 967 1738 1018 τουτέστιν
1791 967 1820 1018 6

225 1055 437 1117 τέλειος
467 1055 721 1124 ἀριθμδς,
753 1057 782 1109 6
803 1056 910 1108 ἀπὸ
935 1057 1034 1124 τῆς
1063 1055 1288 1126 πρώτης
1317 1056 1482 1109 αὑτοῦ
1514 1057 1819 1127 παρουσίας

232 1145 401 1212 μέχρι
447 1144 546 1214 τῆς
589 1144 848 1214 δευτέρας
899 1147 1113 1212 ἐνδόξου
1152 1145 1342 1217 [αὐτοῦ
1383 1147 1708 1218 παρουσίας]
1747 1147 1823 1200 δι-

227 1237 405 1301 ήκων,
427 1234 503 1296 ὡς
531 1236 788 1305 ἀνωτέρω
817 1235 1033 1306 εἴρηται
1053 1238 1196 1290 ’ἀλλ’
1217 1239 1280 1289 ἐκ
1303 1237 1405 1306 γῆς
1437 1239 1602 1308 μόνης
1633 1256 1824 1308 γεννη-

227 1327 440 1389 θέντες,
472 1327 568 1380 καὶ
601 1328 703 1380 οὐκ
728 1329 792 1380 ἐκ
825 1328 1157 1396 πνεύματος,
1188 1332 1267 1392 εἰς
1299 1331 1403 1399 γῆν
1426 1330 1524 1400 τὴν
1553 1332 1821 1400 ἀποστροο

223 1417 339 1485 ςὴν
369 1417 608 1488 ἔχουσιν.
655 1417 713 1472 '0
739 1418 844 1488 γὰρ
885 1419 1110 1483 Θάνατος
1149 1419 1328 1473 αὐτῶν
1387 1421 1529 1490 ἀρχὴ
1559 1420 1658 1487 τῆς
1693 1420 1817 1488 μελ-

222 1509 434 1577 λούσης
485 1510 668 1572 αὐτοῖς
698 1510 972 1573 κολάσεως
1004 1511 1238 1578 γίνεται.
1268 1512 1332 1564 Οἱ
1364 1511 1418 1563 δὲ
1454 1510 1618 1582 μέρος
1659 1512 1715 1561 ἐν
1750 1513 1819 1580 τῇ

224 1598 431 1672 πρώτῃ
450 1601 744 1653 ἀναστάσει
766 1600 978 1671 ἔχοντες
995 1641 1009 1664 ,
1034 1601 1313 1655 τουτέστιν
1343 1603 1400 1654 ἐν
1423 1605 1488 1672 τῇ
1515 1602 1728 1671 ἐγέρσει
1753 1603 1820 1671 τῇ

225 1693 296 1744 ἐκ
315 1692 427 1743 τῶν
453 1691 799 1745 θανατουσῶν
826 1692 1044 1745 ἐννοιῶν
1068 1691 1175 1764 [τε]
1199 1692 1291 1746 καὶ
1313 1693 1566 1763 πράξεων
1589 1692 1818 1762 νεκρῶν,

225 1776 380 1836 οὗτοι
403 1783 683 1854 μακάριοιο
705 1785 764 1837 ού
783 1784 890 1852 γὰρ
914 1783 1024 1848 ἕξει
1047 1786 1138 1836 ἐπὶ
1159 1785 1364 1837 τούτων
1381 1785 1629 1851 ἐξουσίαν
1656 1786 1684 1836 6
1705 1783 1821 1836 δεύ-

222 1891 388 1945 τερος
410 1875 658 1937 Θάνατος,
686 1875 963 1927 τουτέστιν
984 1877 1017 1944 ἡ
1041 1874 1392 1944 ἀτελεύτητος
1423 1876 1668 1938 κόλασιςο
1698 1875 1817 1928 ἀλλ’

231 1965 576 2036 ίερατεύουσι
601 1967 693 2018 καὶ
725 1965 1067 2036 βασιλεύουσι
1101 1968 1241 2036 μετὰ
1270 1965 1411 2038 [τοῦ]
1444 1967 1702 2038 Χριστοῦ,
1743 1967 1818 2032 ὡς
1851 1945 1894 2000 Β

229 2057 476 2130 δρῶμεν,
510 2057 580 2110 τὰ
614 2058 875 2124 νοηθέντα
907 2061 1040 2129 ἡμῖν
1070 2061 1218 2130 χίλια
1249 2059 1342 2129 ἐτη
1367 2101 1381 2124 ,
1414 2060 1576 2130 μέχρι
1605 2060 1696 2112 τοῦ
1727 2061 1818 2112 λυ-

232 2149 397 2218 θῆναι
425 2150 518 2200 τὸν
553 2149 800 2202 Σατανᾶν
843 2151 936 2203 καὶ
971 2150 1244 2218 πλανῆσαι
1295 2149 1520 2222 Ιπάντα]
1559 2151 1626 2204 τὰ
1657 2149 1781 2219 ἔθνη
1802 2167 1816 2182 ·

231 2240 334 2308 οὐχ
376 2240 452 2302 ὠς
499 2240 620 2292 τότε
664 2241 764 2311 τὴν
812 2240 1090 2311 βασιλείαν
1136 2242 1562 2316 ἀφαιρούμενον
1599 2241 1712 2294 ἀλλ’
1747 2242 1824 2304 ὼς

231 2330 604 2401 βεϐαιοτέρως
653 2333 824 2400 αὐτὴν
871 2334 966 2386 καὶ
1013 2333 1436 2403 ἐμφανεστέρως
1487 2333 1822 2403 κτησάμενοι

226 2423 298 2490 τῇ
352 2421 685 2492 παραδρομῇ
731 2421 840 2474 τῶν
882 2420 1268 2492 προσκαίρων,
1317 2423 1412 2475 καὶ
1464 2422 1682 2487 καθέξει
1715 2422 1823 2475 τῶν

227 2513 494 2565 αἰωνίων.
533 2513 743 2580 Ὀλίγος
769 2511 879 2581 γὰρ
917 2515 945 2565 6
977 2512 1165 2581 χρόνος
1199 2513 1227 2565 6
1259 2513 1397 2582 μετὰ
1423 2514 1521 2584 τὴν
1569 2512 1664 2566 τοῦ
1704 2512 1824 2565 δια-

226 2600 395 2654 ϐόλου
418 2600 574 2653 λύσιν
600 2602 764 2670 μέχρι
787 2602 884 2670 τῆς
916 2602 1038 2654 κατ’
1062 2601 1227 2655 αὑτοῦ
1253 2604 1578 2671 ἀποφάσεως
1607 2602 1822 2672 καὶτῆς

227 2693 294 2746 ἐν
322 2693 522 2765 γεέννῃ
549 2693 845 2755 κολάσεως.
879 2693 1044 2745 Ὥστε
1078 2695 1158 2758 τὸ,
1194 2695 1473 2747 Ἔσονται
1513 2694 1688 2761 ἱερεῖς
1714 2694 1823 2748 τοῦ

229 2783 388 2838 Θεοῦ
433 2784 532 2836 καὶ
570 2779 1020 2851 τοῦ’Χριστοῦ,
1065 2783 1403 2854 ἐπανάληψιν
1453 2783 1672 2854 νοητέον
1712 2784 1825 2838 τῶν

229 2874 552 2946 προτέρωνο
583 2875 680 2928 καὶ
713 2875 820 2944 γὰρ
863 2875 927 2928 τὰ
953 2874 1048 2928 νῦν
1083 2875 1171 2928 διὰ
1212 2875 1310 2942 τῆς
1343 2875 1542 2944 πείρας
1586 2876 1680 2928 καὶ
1723 2875 1822 2945 τῆς

231 2965 344 3020 τῶν
377 2965 722 3034 πραγμάτων
749 2966 1028 3028 ἐκϐάσεως
1057 2965 1311 3035 ὁρώμενα
1344 2965 1452 3019 τῶν
1483 2967 1653 3033 άγίων
1682 2965 1824 3034 γέρα

232 3059 334 3111 καὶ
358 3057 636 3128 θαύματα,
663 3057 856 3127 ἔμελλε
879 3060 997 3111 τότε
1025 3060 1113 3111 ὅτε
1139 3058 1214 3126 τῷ
1241 3058 1602 3128 εὐαγγελιστῇ
1633 3056 1824 3111 ὠπτά-

232 3168 380 3215 νετο,
407 3151 484 3214 ὡς
511 3151 750 3222 εερηται.
767 3151 959 3205 Τοίνυν
989 3151 1084 3204 δύο
1107 3151 1355 3204 θανάτων
1383 3151 1574 3215 ὄντων,
1604 3150 1818 3221 ἀνάγκη

1924 695 2166 762 suntqui
2199 704 2421 761 propter
2439 693 2720 761 Christum
2750 709 2916 762 opera
2946 694 3130 748 carnis
3159 698 3496 752 ntortiliean-

1922 794 2026 846 tes,
2056 800 2264 839 necnon
2299 801 2423 838 cum
2457 785 2647 838 eodem
2679 785 2899 839 Christo
2928 801 3046 839 sese
3076 788 3486 857 cruciﬁgentes,

1924 878 2130 932 mundo
2177 880 2357 930 vivere
2393 877 2695 930 desierunt.
2745 876 2942 931 Mortui
3005 879 3173 947 igitur
3201 881 3496 947 deplorati,

1923 969 2114 1037 quales
2152 976 2281 1022 sunt
2311 968 2404 1037 qui
2455 983 2550 1036 per
2598 967 2868 1036 baptisma
2920 984 3044 1022 cum
3102 970 3325 1024 Christo
3388 989 3495 1026 non

1925 1070 2057 1116 sunt
2091 1060 2312 1129 sepulti,
2343 1075 2520 1128 neque
2549 1073 2675 1112 cum
2711 1073 2776 1111 eo
2812 1061 3146 1124 resuscitati,
3174 1061 3267 1114 sed
3294 1062 3346 1115 in
3375 1078 3502 1131 pec-

1923 1161 2171 1208 calorum
2216 1160 2390 1204 morte
2423 1165 2597 1218 usque
2627 1149 2695 1202 ad
2747 1150 2869 1202 vita:
2901 1152 3062 1203 linem
3114 1153 3497 1219 perstiterunt,

1924 1259 2031 1297 non
2067 1242 2248 1295 vivent
2291 1256 2414 1293 cum
2468 1240 2588 1308 ipso
2623 1239 2798 1294 donec
2851 1241 3112 1293 liniantur
3164 1242 3310 1296 mille
3344 1244 3497 1306 anni,

1923 1333 2030 1388 hoc
2058 1341 2135 1387 est
2176 1329 2450 1400 perfectus
2505 1329 2597 1384 ille
2637 1345 2907 1383 annorum
2974 1346 3259 1394 numerus,
3324 1333 3416 1400 qui
3467 1349 3497 1386 a

1922 1426 2103 1496 primo
2131 1425 2278 1479 illius
2309 1423 2541 1478 adventu
2581 1437 2757 1489 usque
2789 1423 2857 1475 ad
2907 1422 3207 1476 secundum
3259 1440 3500 1493 euntque

1924 1518 2220 1587 gloriosum
2271 1515 2544 1586 pertingit,
2596 1514 2758 1568 sicuti
2811 1529 2975 1582 supra
3023 1514 3326 1569 indicatum
3389 1525 3494 1571 est.

1924 1610 2125 1663 Verum
2165 1618 2220 1661 ut
2265 1623 2330 1662 ex
2363 1616 2504 1660 terra
2552 1615 2760 1659 tantum
2824 1605 2935 1658 nati
2988 1613 3138 1668 sunt,
3181 1615 3235 1658 et
3275 1620 3382 1659 non
3434 1621 3501 1660 ex

1924 1699 2151 1768 spiritu,
2198 1697 2271 1751 ita
2323 1696 2376 1748 in
2431 1704 2634 1749 terram
2686 1694 2868 1747 denuo
2897 1702 3260 1748 revertentur.
3316 1693 3504 1762 Neque

1922 1791 2070 1846 enim
2127 1789 2273 1843 aliud
2329 1788 2542 1840 illorum
2595 1799 2744 1839 mors
2787 1793 2892 1849 est,
2953 1799 3117 1853 quam
3185 1783 3496 1838 futurorum

1924 1881 2317 1951 suppliciorum
2351 1878 2590 1930 initium.
2623 1876 2691 1928 At
2721 1877 2812 1945 qtti
2847 1876 3038 1945 prima:
3067 1875 3495 1930 resurrectionis

1926 1971 2222 2043 participes
2253 1975 2567 2030 evaserunt,
2595 1967 2696 2020 hoc
2723 1975 2828 2027 est,
2875 1969 2968 2035 qui
3010 1981 3075 2020 ex
3114 1966 3370 2020 letalibus
3405 1982 3502 2018 eo-

1924 2061 2284 2133 gitationibus
2336 2067 2390 2111 et
2419 2057 2682 2126 operibus
2730 2065 3171 2121 resurrexerunt,
3230 2055 3304 2109 illi
3359 2056 3502 2110 beati

1924 2162 2075 2210 sunt.
2131 2151 2343 2206 Nullam
2395 2149 2540 2203 enim
2602 2156 2927 2217 potestatem
2979 2146 3034 2200 in
3093 2146 3219 2200 illos
3280 2145 3501 2199 habebit

1925 2259 2076 2299 mors
2094 2241 2358 2304 secunda,
2386 2254 2579 2308 nempe
2598 2240 2842 2293 inlinitus
2870 2237 3168 2293 inferorum
3197 2237 3498 2300 cruciatus,

1924 2336 2020 2390 sed
2057 2333 2446 2389 sacrilicahunt
2490 2341 2542 2386 et
2585 2331 2890 2400 regnabunt
2921 2346 3046 2384 cum
3079 2330 3301 2384 Christo
3351 2329 3503 2383 mille

1923 2443 2118 2490 annos,
2143 2426 2208 2480 ad
2244 2426 2462 2479 modum
2493 2433 2616 2478 ante
2650 2422 3004 2491 explicatum,
3033 2421 3207 2475 donec
3241 2420 3498 2474 nimirum

1925 2520 2172 2574 solvatur
2204 2519 2457 2580 Satanas,
2493 2523 2555 2568 ut
2605 2515 2830 2569 seducat
2874 2521 3096 2582 gentes;
3133 2527 3239 2566 non
3273 2511 3415 2581 quod
3447 2510 3502 2563 hi

1927 2615 2063 2664 tunc
2089 2621 2258 2676 regno
2289 2605 2692 2674 spoliabuntur,
2729 2605 2872 2659 sicut
2897 2619 2999 2658 nec
3023 2604 3094 2656 illi
3133 2617 3350 2672 quoque
3376 2611 3504 2656 tunc

1928 2701 2192 2770 temporis
2225 2714 2254 2753 a
2281 2699 2459 2765 ρωιιίε
2497 2696 2886 2762 absolventur;
2920 2697 3011 2751 sed
3039 2695 3184 2764 quod
3211 2703 3342 2748 tunc
3369 2694 3502 2747 illttd

1927 2792 2199 2850 illustrius
2244 2799 2300 2845 et
2347 2790 2559 2844 ﬁrmius
2615 2789 3010 2858 possidebunt,
3049 2788 3211 2842 rebus
3255 2785 3417 2839 ﬂuxis
3449 2794 3505 2840 ct.

1929 2881 2276 2952 temporariis
2304 2879 2416 2947 jam
2447 2878 2792 2948 proscriptis,
2826 2877 3050 2931 :eternis
3081 2887 3262 2930 autem
3291 2884 3344 2929 et
3377 2873 3504 2930 soli-

1925 2975 2012 3030 dis
2045 2971 2436 3043 praesentibus.
2492 2970 2690 3024 Parum
2726 2968 2871 3020 enim
2924 2966 3186 3036 temporis
3226 2982 3256 3019 a
3303 2965 3505 3020 diaboli

1926 3063 2198 3120 solutione
2229 3074 2404 3128 usque
2437 3059 2504 3112 ad
2531 3058 2880 3120 sententiam,
2932 3071 3052 3125 qua:
3096 3065 3286 3112 contra
3323 3055 3502 3124 ipsum

1928 3155 2154 3218 feretur,
2189 3151 2547 3222 ejusdemque
2601 3149 2654 3203 in
2690 3149 2937 3218 gehenna
2966 3147 3504 3211 condemnationem,

233 3243 334 3297 καὶ
402 3242 705 3308 τοσαύτας
770 3241 1136 3308 ἀναστάσεις
1206 3242 1542 3307 ἐνδέξασθαι.
1598 3241 1823 3312 Πρῶτος

1927 3244 2245 3300 intercedet.
2283 3242 2462 3308 Quare
2494 3241 2653 3304 illud,
2697 3239 2765 3293 Et
2815 3249 2969 3294 erunt
2998 3241 3300 3293 sacerdotes
3338 3237 3431 3292 Dei
3458 3247 3506 3292 et

235 3331 422 3386 τοίνυν
450 3335 480 3385 6
512 3333 823 3402 σωματικὺς
847 3333 1095 3397 θάνατος,
1122 3335 1188 3402 τῇ
1216 3333 1536 3404 ἀνθρωπίνῃ
1567 3334 1822 3403 παρακοῇ

1927 3331 2146 3394 Christi,
2193 3331 2262 3384 ad
2296 3339 2538 3398 tempora
2574 3329 2779 3382 dudum
2807 3338 2931 3383 ante
2962 3337 3236 3382 transacta
3265 3326 3504 3382 referen-

241 3421 424 3485 δοθεὶς
463 3422 736 3492 ἐπιτίμιον
761 3438 776 3454 ⁸
823 3421 895 3495 [ὁ]
941 3423 1214 3492 δεύτερος,
1250 3424 1283 3493 ὴ
1331 3422 1548 3484 αίώνιος
1581 3423 1824 3485 κόλασις.

1926 3421 2053 3476 dum
2104 3427 2207 3474 cst.
2245 3417 2458 3471 Etenim
2494 3433 2614 3485 quas
2656 3433 2804 3472 nunc
2856 3433 2955 3486 per
2993 3416 3382 3486 experientiam
3419 3430 3503 3470 rc-

241 3508 448 3579 Πρώτη
483 3509 580 3581 [δὲ]
610 3511 979 3583 ἀνάστασις,ἡ
1007 3514 1071 3565 ἐκ
1107 3512 1316 3582 νεκρῶν
1349 3512 1528 3583 ἔργων
1554 3509 1824 3582 ζωοποίη-

1926 3524 2158 3578 rumquc
2205 3516 2460 3562 eventum
2520 3508 2777 3562 videntur
2835 3517 3150 3562 sanctorum
3204 3505 3490 3569 miracula,

239 3615 332 3661 σις
370 3613 384 3627 ’
411 3599 637 3672 δευτέρα
683 3599 788 3672 [δὲ]
823 3603 857 3670 ἡ
889 3605 953 3655 ἐκ
1003 3601 1207 3673 φθορᾶς
1257 3601 1366 3655 τῶν
1419 3600 1688 3672 σωμάτων
1747 3601 1824 3664 εἰς

1926 3600 2356 3662 meritorumque
2417 3601 2673 3670 prannia;
2731 3601 2951 3668 quando
3005 3599 3351 3668 evangelista:
3391 3598 3504 3653 haec

235 3690 554 3763 ἀφθαρσίαν
586 3693 968 3764 μεταποίησις.

1926 3690 2281 3762 pateﬁebant,
2303 3691 2484 3746 adhuc
2501 3689 2689 3745 futura
2723 3701 2904 3754 erant,
2930 3699 2991 3744 ut
3019 3690 3226 3744 dictum
3251 3697 3334 3743 est
3356 3698 3504 3762 ante.

234 3783 380 3839 Cum
411 3801 541 3853 ergo
575 3787 696 3840 dum
729 3787 841 3841 sint
889 3795 1118 3853 m0rtes,
1153 3787 1272 3842 dua:
1343 3801 1562 3857 Quoque
1611 3783 2022 3840 resurrectione:
2051 3784 2168 3839 sint
2225 3791 2464 3853 oportet.
2504 3784 2688 3836 Prima
2755 3797 2906 3836 mors
2957 3790 3042 3836 est
3074 3778 3394 3850 corporalis,
3429 3777 3483 3830 in

244 3879 501 3930 humana:
561 3877 942 3931 inobedienthe
991 3893 1210 3946 ptenam
1251 3880 1512 3947 irrogata.
1551 3875 1804 3931 Secunda
1845 3885 1930 3931 est.
1968 3874 2244 3945 geltenna,
2299 3888 2395 3926 seu
2425 3881 2664 3927 aeternus
2744 3871 2886 3940 apud
2932 3868 3158 3940 ;inferos
3190 3867 3498 3923 cruciatus.

238 3965 426 4020 l'rima
461 3969 786 4023 resurrectio
817 3978 901 4024 est
954 3970 1247 4026 viviticatio
1293 3986 1360 4026 ex
1408 3969 1667 4040 operibus
1695 3967 1966 4036 mortuis;
2036 3965 2279 4022 secunda
2307 3973 2392 4020 cst
2424 3979 2492 4019 ex
2521 3978 2817 4033 corporum
2850 3961 3203 4031 corruptione
3227 3959 3283 4013 in
3313 3957 3502 4011 incor-

239 4060 562 4130 ruptionem
600 4067 1011 4119 transmutatio.

832 4180 1056 4234 ΚΕΦΔΛ
1069 4221 1082 4234 .
1115 4179 1232 4235 EI".

603 4291 742 4359 Περὶ
784 4291 891 4345 τοῦ
928 4291 1062 4360 Γὼγ
1099 4292 1198 4344 καὶ
1237 4290 1468 4361 Μαγώγ.

312 4423 425 4478 Καὶ
455 4425 599 4478 ὅταν
628 4425 886 4495 τελεσθῇ
919 4427 989 4481 τὰ
1024 4428 1190 4496 χίλια
1219 4425 1394 4498 1ἔτη],
1433 4426 1768 4494 λυθήσεται
1795 4422 1831 4480 δ

241 4517 522 4582 Σατανᾶς
543 4518 610 4571 ἐκ
639 4519 748 4587 τῆς
774 4519 1054 4588 φυλακῆς
1078 4519 1284 4573 αὐτοῦ’
1315 4519 1415 4571 καὶ
1440 4518 1828 4582 ἐξελεύσεται

2501 4165 2732 4223 CAPUT
2775 4166 2960 4221 LXIII.

2348 4281 2460 4355 94
2499 4281 2575 4334 De
2611 4279 2720 4350 Gog
2748 4291 2796 4334 et
2845 4279 3058 4349 Maqog.

1997 4419 2116 4486 XX,
2149 4421 2203 4474 7.
2248 4419 2314 4473 Et
2357 4437 2476 4472 cum
2521 4419 2872 4473 consummati
2918 4417 3115 4486 fuerint
3167 4416 3310 4471 mille
3356 4417 3506 4482 anni,

1931 4511 2157 4568 solvetur
2180 4510 2410 4565 Satanas
2437 4512 2498 4564 de
2519 4526 2728 4564 carcere
2758 4525 2886 4572 suo;
2921 4521 2969 4562 et
2995 4509 3175 4572 exibit,
3214 4518 3261 4564 et
3300 4509 3507 4562 seducet

242 4603 562 4673 πλανῆσαι
602 4607 675 4660 τὰ
707 4608 851 4675 ἔθνη
881 4607 953 4662 τὰ
994 4608 1064 4661 ἐν
1101 4607 1230 4674 ταῖς
1261 4609 1555 4675 τέσσαρσι
1587 4608 1824 4675 γωνίαις

1931 4615 2126 4675 gentes,
2161 4621 2278 4672 qua:
2315 4613 2436 4656 sunt
2469 4619 2626 4672 super
2662 4612 2894 4672 quatuor
2937 4601 3154 4670 angulos
3191 4613 3364 4663 terrm,
3401 4599 3507 4670 σος

241 4695 358 4764 τῆς
391 4698 523 4766 γῆς,
548 4697 691 4771 [καὶ]
722 4700 829 4754 τὸν
854 4699 989 4770 Γὼγ
1015 4701 1110 4754 καί
1138 4701 1244 4753 τὸν
1271 4703 1515 4769 Μαγώγ·
1549 4701 1646 4754 καὶ
1676 4716 1830 4753 συν-

240 4788 495 4857 αγαγεῖν
521 4790 740 4856 αὐτοὺς
776 4793 865 4856 εὶς
893 4792 1161 4860 πόλεμον
1179 4807 1193 4822 ο
1219 4783 1306 4844 ὧν
1334 4793 1366 4844 ὁ
1394 4790 1634 4860 ἀριθμὸς
1667 4789 1747 4855 ὡς
1789 4789 1829 4858 ἡ

242 4878 442 4948 ἄμμος
470 4879 580 4947 τῆς
612 4881 952 4948 θαλάσσης.

318 4969 426 5023 Τδν
459 4973 836 5043 προρρηθέντα
857 4973 959 5044 τῆς
977 4975 1262 5042 χιλιετίας
1289 4973 1512 5043 χρόνον
1558 4972 1704 5036 τινὲς
1730 4972 1830 5044 μὲν

242 5064 319 5114 τὰ
363 5061 486 5134 τρία
519 5061 739 5135 [ἥμισυ]
790 5063 885 5133 ἐτη
926 5065 996 5117 τά
1027 5065 1134 5118 ἀπὸ
1177 5065 1272 5118 τοῦ
1309 5065 1686 5135 βαπτίσματος
1730 5066 1827 5118 τοῦ

245 5153 489 5223 Χριστοῦ
540 5155 702 5226 μέχρι
739 5156 837 5226 τῆς
879 5155 1045 5210 αὑτοῦ
1089 5159 1169 5218 εἰς
1201 5157 1466 5226 οὐρανοὺς
1507 5155 1829 5218 ἀναϐάσεως

247 5244 350 5296 οὐκ
380 5240 474 5296 οἷδ’
505 5245 655 5309 ὅπως
702 5247 1020 5315 ἐξειλήφασι
1044 5263 1058 5277 ·
1105 5246 1223 5315 μεθ’
1247 5247 1282 5300 ἀ
1310 5245 1539 5316 λυθῆναι
1588 5247 1678 5298 τὸν
1710 5246 1827 5300 διά·-

249 5335 408 5390 ϐολον
435 5338 764 5406 ὑπενόησαν.
793 5339 1010 5408 Ἐτεροι
1038 5338 1094 5392 δὲ
1144 5339 1282 5409 μετά
1305 5340 1404 5408 τὴν
1436 5338 1828 5408 συμπλήρωσιν

249 5427 365 5478 τῶν
395 5426 772 5498 ἑξακισχιλίων
802 5430 938 5481 ἐτῶν
977 5429 1076 5499 τὴν
1121 5430 1345 5498 πρώτην
1387 5429 1682 5481 ἀνάστασιν
1714 5427 1825 5500 [ἐκ]

249 5516 362 5570 τῶν
389 5519 595 5588 νεκρῶν
638 5517 877 5572 δίδοσθαι
911 5519 1090 5589 μόνοις
1121 5521 1232 5582 τοῖς
1261 5519 1435 5586 ἁγίοις
1466 5518 1676 5586 ἔφασαν
1695 5535 1708 5548 ’
1741 5519 1828 5571 ἵνα

249 5608 312 5660 ἐν
351 5609 412 5677 τῇ
443 5611 512 5676 γῇ
538 5609 674 5680 αὐτῇ
703 5603 816 5683 ἐνῇ
845 5609 943 5680 τὴν
968 5609 1266 5681 καρτερίαν
1295 5608 1660 5675 ἐπεδείξαντο,
1693 5625 1828 5680 τρυ-

251 5700 360 5770 φῆς
410 5701 506 5753 καὶ
551 5700 712 5770 δόξης
765 5701 1113 5755 ἀπολαύσωσι
1167 5701 1313 5771 χίλια
1362 5699 1480 5770 ἔτη’
1537 5703 1631 5752 καὶ
1689 5701 1828 5770 μετά

248 5789 410 5844 τούτο
449 5790 550 5861 τὴν
593 5791 823 5846 καθόλου
868 5792 1116 5862 γίνεσθαι
1155 5792 1472 5857 ἀνάστασιν,
1499 5791 1561 5844 οὑ
1601 5791 1827 5844 δικαίων

253 5881 438 5953 μόνον,
459 5881 596 5937 ἀλλά
624 5884 714 5938 καὶ
744 5885 1100 5958 ἁμαρτωλῶν.
1129 5885 1250 5939 Ὅτι
1277 5884 1377 5956 μὲν
1406 5881 1497 5939 οὖν
1525 5883 1676 5937 οὐδὲν
1703 5885 1826 5938 τού-

1929 4703 1981 4748 et
2025 4692 2250 4762 .llagog;
2300 4701 2357 4745 ut
2387 4700 2660 4760 congreget
2707 4708 2794 4745 eos
2844 4691 2898 4744 in
2950 4690 3235 4759 prwlium;
3284 4706 3507 4760 quarunt

1932 4800 2181 4839 numerus
2215 4791 2291 4837 est
2318 4783 2455 4837 sicut
2487 4799 2650 4836 arena
2682 4783 2869 4837 maris.

1999 4965 2322 5022 Praedictum
2358 4962 2498 5017 mit'e
2524 4978 2788 5016 annorum
2822 4970 3022 5028 tempus
3061 4959 3287 5030 quidam
3326 4960 3510 5014 nescio

1931 5059 2208 5129 quomodo
2272 5057 2338 5111 ad
2375 5057 2610 5124 spatium
2660 5053 2804 5124 qttod
2845 5069 2874 5107 a
2915 5053 3122 5108 Christi
3186 5053 3509 5121 baptismate

1931 5166 2107 5220 usque
2143 5151 2208 5205 ad
2243 5151 2388 5204 illius
2421 5149 2472 5201 in
2501 5147 2700 5202 cadum
2727 5161 3015 5202 ascensum
3041 5146 3222 5209 ﬂuxit,
3242 5144 3510 5206 referunt,

1929 5242 2179 5312 adeoque
2235 5241 2379 5295 mille
2415 5255 2588 5294 annos
2636 5239 2688 5292 in
2726 5238 3064 5292 trieteridem
3098 5253 3221 5291 cum
3256 5239 3383 5289 anni
3420 5251 3505 5290 se-

1932 5337 2095 5390 misse
2148 5335 2517 5399 contrahunt;
2565 5343 2694 5403 post
2733 5347 2900 5402 quam
2952 5332 3226 5385 diabolum
3268 5331 3508 5384 solutum

1930 5437 2205 5484 asserunt.
2262 5427 2370 5480 Alii
2422 5443 2552 5480 vero
2609 5435 2733 5497 post
2785 5427 3064 5495 expletum
3125 5439 3218 5478 sex
3270 5423 3504 5476 millium

1931 5533 2200 5573 annorum
2240 5516 2607 5580 intervallum,
2653 5517 2884 5586 primam
2935 5532 3001 5570 ex
3036 5514 3272 5569 mortuis
3319 5529 3508 5567 resur-

1933 5611 2254 5674 rectionem,
2305 5609 2437 5664 solis
2467 5609 2676 5665 sanctis
2727 5609 3030 5679 propriam,
3069 5607 3310 5660 futuram
3353 5605 3509 5660 dixe-

1929 5713 2093 5770 runt;
2128 5717 2239 5772 quo
2299 5701 2560 5756 nimirum
2594 5701 2648 5756 in
2709 5703 2811 5756 hac
2859 5716 3045 5757 crassa
3097 5707 3152 5755 et
3203 5699 3510 5770 caliginosa

1930 5804 2108 5858 terra,
2162 5793 2216 5846 in
2259 5808 2365 5862 qua
2407 5792 2637 5846 illustria
2697 5792 3036 5848 fortitudinis
3102 5800 3156 5847 et.
3223 5789 3506 5860 patientia:

1929 5885 2232 5959 spccitniua
2263 5884 2567 5953 ediderant,
2612 5886 2762 5944 mille
2802 5887 2965 5944 anuis
3000 5886 3171 5959 gloria
3205 5893 3259 5942 ct
3291 5885 3502 5941 honoro
