4102 6414
612 322 720 390 419
1816 318 2146 381 ΑΝΒΒΕΕ
2185 319 2213 379 f.

2316 319 2701 382 SARIENSIS
3802 323 3895 389 4Ξο

623 441 784 494 home
829 437 1183 494 conscientia:
1213 433 1585 488 testimonium
1615 446 1712 502 pro
1740 433 1949 486 ririhus
1979 434 2208 487 illwsum

2316 433 2434 504 [nat
2483 434 2754 505 ζωοποιῷῖ
2803 435 3082 506 Πνεύματι
3107 478 3120 502 ,
3163 437 3321 504 δόξα,
3363 439 3574 510 κράτος
3602 478 3616 503 ,
3652 439 3788 510 τιμὴ
3816 446 3897 495 καὶ

619 537 1037 592 conservantes,
1062 537 1272 579 necnon
1299 539 1396 592 per
1422 522 1562 575 bona
1586 535 1748 590 opera
1775 521 2054 574 incensam
2079 537 2205 591 erga

621 619 772 672 illum
828 618 1176 672 dilectionem
1232 613 1620 676 ostendentes,
1668 611 1762 680 qui
1796 613 2034 681 pretioso
2079 628 2206 666 san-

2313 528 2687 596 προσκύνησις
2710 569 2724 590 ,
2753 526 2848 580 νῦν
2880 529 2975 582 καὶ
3005 529 3092 582 ἀεὶ
3113 567 3127 595 ,
3154 531 3250 583 καὶ
3291 532 3372 594 εἰς
3399 533 3535 595 τοὺς
3567 531 3773 596 αἰῶνας
3800 535 3897 586 τῶν

2312 615 2544 670 αἰώνων.
2583 618 2638 670 Ἀ
2651 619 2778 688 μήν.

622 717 782 783 guine
811 727 912 766 suo
941 727 1041 766 nos
1073 718 1349 763 mercatus
1397 714 1516 769 est,
1565 716 1893 762 aeternorum
1937 709 2204 762 honorum
2259 708 2573 766 fruitionem
2634 727 2940 781 speremus;
3006 713 3276 782 opulentis
3299 713 3508 770 Christi
3542 715 3898 772 ηιίεεηιῑσηί,

622 807 722 858 hus
754 803 820 856 ad
859 802 961 855 hoc
989 799 1327 854 corroborati
1362 807 1414 850 et
1439 797 1749 851 conﬁrmati
1779 815 1791 850 :
1822 813 1945 866 qua?
2005 799 2212 851 tttinam
2244 815 2340 869 per
2366 800 2712 855 Serratorem
2763 813 2816 856 et
2875 803 3289 873 Redemptoretn
3340 817 3599 859 nostrum
3632 805 3898 863 Christum

622 909 1068 964 consequamur;
1109 907 1234 945 eum
1278 907 1389 961 quo
1429 891 1642 944 Patrem
1701 907 1806 943 una
1857 907 1981 944 eum
2024 899 2218 945 sancto
2238 905 2288 946 et
2317 894 2534 948 vivitico
2569 895 2774 963 Spiritu
2835 895 2990 950 decet
3041 896 3236 966 gloria,
3293 907 3349 952 ct
3378 899 3706 968 imperium,
3731 909 3787 955 et
3813 901 3898 956 lto-

622 1003 743 1051 nor,
785 995 840 1038 et
875 985 1156 1049 adoratio,
1203 998 1350 1036 nunc
1399 992 1452 1036 et
1486 997 1721 1051 semper,
1775 991 1829 1036 et
1879 983 1932 1035 in
1985 983 2184 1036 saecula
2216 972 2572 1041 saeculorum.
2607 987 2801 1042 Amen.

937 1116 1168 1173 CAPUT
1208 1115 1391 1170 LXIV.
1451 1115 1688 1170 SERMO
1724 1115 1892 1172 XXII.

620 1234 697 1288 De
721 1233 930 1287 sedente
949 1247 1104 1300 super
1124 1230 1393 1293 thronum,
1422 1239 1470 1282 et
1501 1230 1768 1283 communi
1811 1229 2211 1282 resurrectione.

691 1431 811 1496 XX,
847 1431 932 1484 ll.
965 1429 1032 1484 Et
1079 1430 1186 1482 uidi
1218 1428 1461 1481 thronum
1505 1443 1754 1496 magnum
1797 1426 2112 1489 candidum,
2163 1436 2214 1479 et

622 1527 884 1578 sedentem
918 1538 1076 1590 super
1100 1535 1254 1582 eum;
1283 1537 1311 1572 a
1342 1518 1492 1586 cujus
1524 1529 1798 1585 conspectu
1831 1519 1964 1589 fugit
1992 1528 2132 1572 terra
2159 1529 2208 1572 ct

622 1615 814 1669 caelum
835 1653 850 1677 ,
885 1622 933 1666 et
960 1613 1107 1664 locus
1142 1627 1243 1663 non
1271 1619 1349 1662 est
1381 1610 1617 1660 inuentus
1652 1608 1748 1660 eis.

2704 1122 2958 1176 ΚΕΦΑΛ.
2991 1121 3108 1176 ΞΔ’.
3140 1119 3358 1175 ΛΟΓΟΣ
3389 1118 3526 1178 KB’.

2315 1231 2456 1298 Περὶ
2499 1232 2605 1285 τοῦ
2656 1231 3137 1305 καθημένουλὲπὶ
3189 1235 3295 1305 τοῦ
3324 1237 3613 1305 -θρόνου,
3667 1233 3765 1305 καὶ
3804 1234 3898 1305 τῆς

2551 1302 2764 1371 κοινῆς
2795 1302 3188 1369 ἀναστάσεως
3217 1302 3339 1376 [καὶ
3371 1304 3688 1375 κρίσεως-,1

2381 1438 2488 1494 Kal
2527 1435 2694 1492 εἷδον
2723 1439 2942 1505 θρόνον
2971 1436 3201 1490 λευκὸν
3229 1436 3426 1506 μέγαν
3461 1436 3569 1490 καὶ
3634 1438 3743 1491 τὸν
3771 1443 3895 1494 καθ-

2316 1530 2542 1600 ήμενον
2573 1530 2666 1582 ἐπ’
2696 1527 2876 1593 αὐτῷ·
2897 1523 2968 1584 οὗ
3003 1527 3124 1581 άπὸ
3161 1527 3491 1595 προσώπου
3519 1527 3748 1599 ἔφυγεν
3769 1531 3806 1599 ἠ
3827 1531 3894 1602 τῇ

2319 1621 2418 1675 καὶ
2451 1623 2484 1674 ό
2519 1622 2777 1689 οὐρανός
2799 1635 2813 1649 ο
2841 1621 2935 1672 καὶ
2969 1621 3154 1686 τόπος
3185 1623 3297 1690 οὐχ
3326 1619 3548 1688 εὑρέθη
3582 1621 3806 1688 αὐτοῖς.

695 1701 800 1758 Per
823 1701 1109 1755 candidum
1153 1701 1420 1763 thronum,
1447 1697 1648 1752 Christi
1680 1697 2008 1751 resurrectio
2040 1696 2212 1751 deno-

2391 1712 2490 1765 Διὸ.
2515 1711 2609 1764 τοῦ
2637 1713 2855 1779 θρόνου
2885 1709 2979 1763 τοῦ
2999 1711 3224 1765 λευκοῦ
3251 1711 3510 1782 δηλοῦται
3544 1713 3579 1782 ὴ
3610 1713 3895 1779 ἀνάπαυσις

628 1808 810 1863 tatur;
849 1806 961 1852 tum
996 1796 1151 1865 quies
1197 1793 1287 1847 illa
1319 1807 1483 1861 quam
1521 1790 1662 1845 Deus
1693 1791 1747 1844 in
1811 1791 2018 1845 sanctis
2048 1791 2211 1859 capit,

629 1887 725 1958 qui
756 1887 1016 1940 virtutum
1057 1882 1399 1936 ornamentis
1431 1880 1737 1949 splendent.
1769 1879 1837 1938 At
1861 1895 1991 1933 vero
2024 1880 2138 1933 caeli
2165 1889 2215 1933 et

627 1988 772 2033 terra
798 1977 948 2046 fuga,
998 1975 1210 2029 illorum
1248 1972 1662 2036 transitionem,
1695 1981 1748 2025 et
1779 1972 1832 2025 in
1861 1971 2059 2026 melius
2091 1988 2214 2026 mu-

630 2072 891 2125 tationem
921 2066 1214 2137 signilicat.
1247 2064 1304 2118 ln
1328 2064 1526 2134 quibus
1559 2063 1786 2132 proinde
1817 2072 2001 2133 postea
2033 2064 2216 2119 nullus

626 2160 866 2230 amplius
899 2155 1278 2213 conversionis
1309 2162 1399 2208 aut
1431 2154 1754 2207 mutationis
1787 2152 1937 2207 locus
1971 2152 2218 2208 invenie-

631 2262 738 2307 tur.
764 2252 822 2306 Si
846 2252 989 2307 enim
1021 2249 1195 2304 nostri
1225 2247 1582 2315 causa,juxta
1611 2245 1856 2315 Apostoli
1884 2245 2213 2309 doctrinam,

626 2354 883 2402 creatura
908 2343 1198 2398 mutationi
1231 2351 1286 2396 et
1309 2339 1647 2411 corruptioni
1677 2339 1917 2393 obnoxia
1942 2337 2082 2392 facta
2111 2347 2215 2406 est,

629 2438 791 2493 nobis
829 2438 882 2491 in
939 2437 1244 2490 libertatem
1286 2434 1471 2503 gloriae
1510 2432 1744 2486 ﬁliorum
1785 2429 1878 2485 Dei
1909 2431 2133 2486 mutatis
2165 2441 2219 2486 et

629 2528 932 2590 translatis,
959 2513 1012 2581 et
1035 2527 1153 2596 ipsa
1184 2525 1369 2579 itidem
1403 2524 1776 2586 innorahitur,
1800 2521 1926 2576 etin
1955 2523 2216 2576 laetiorem

629 2620 865 2676 formam
899 2617 1382 2672 transformabitur
1415 2634 1430 2671 :
1483 2616 1536 2669 in
1585 2615 1860 2669 interitum
1893 2626 2073 2668 autent
2110 2629 2216 2668 non

633 2719 901 2774 vertetur,
963 2724 1175 2780 neque,
1221 2708 1300 2761 uti
1358 2706 1615 2772 Irenrens,
1672 2705 1975 2775 Antipater,
2026 2713 2080 2758 et
2125 2704 2216 2757 alii

629 2804 804 2858 sancti
841 2803 946 2855 viri
979 2808 1126 2855 recte
1173 2799 1551 2861 tradiderunt,
1601 2797 1655 2850 in
1696 2796 1928 2850 solidum
1966 2810 2217 2849 corrum-

631 2904 809 2961 petur.
847 2891 1019 2945 Verba
1053 2889 1240 2943 Irenaai
1279 2889 1351 2942 ita
1387 2895 1586 2943 sonant
1619 2905 1632 2940 :
1666 2886 1940 2941 Creaturte
1971 2888 2217 2941 substan-

629 2985 709 3036 tia
751 2991 798 3035 et
830 2983 1106 3052 quidditas
1140 2982 1446 3049 neutiquam
1479 2980 1760 3033 interitura
1797 2989 1873 3033 est
1904 2996 1922 3032 :
1965 2995 2114 3033 uerus
2139 2988 2215 3032 est

632 3091 856 3143 namque
895 3083 943 3126 et
973 3072 1210 3134 stabilis,
1243 3072 1332 3141 qui
1364 3070 1516 3123 illaut
1559 3071 1806 3140 formarit
1842 3080 1890 3124 et
1927 3071 2159 3125 condidit
2193 3085 2210 3122 :
2241 3072 2282 3130 C

631 3163 722 3217 sed
764 3164 976 3228 species,
1009 3172 1056 3216 et
1091 3179 1216 3232 pars
1252 3162 1350 3215 illa
1398 3161 1581 3214 mundi
1625 3163 1678 3215 in
1715 3180 1818 3232 qua
1866 3163 2212 3232 transgressio

631 3253 846 3319 accidit,
871 3262 920 3306 et
949 3255 1102 3306 homo
1145 3254 1468 3306 inveteratus
1496 3261 1594 3314 est,
1633 3251 1903 3305 transibit.
1938 3253 2212 3307 Enimuero

625 3359 747 3396 cum
775 3343 909 3396 Deus
931 3342 1148 3396 humani
1170 3342 1350 3408 lapsus
1371 3342 1621 3410 prwscius
1643 3349 1796 3405 esset,
1823 3342 1987 3395 voluit
2007 3351 2211 3408 partem

627 3434 778 3488 illaut
815 3434 1178 3488 universitatis
1203 3473 1218 3496 ,
1249 3449 1366 3504 qua:
1413 3433 1656 3486 humanis
1691 3433 1871 3485 usibus
1910 3433 1978 3487 ad
2012 3443 2211 3501 tempus

627 3528 878 3591 serviret,
934 3526 1310 3595 temporariam
1376 3535 1427 3580 et
1490 3526 1702 3578 omnino
1758 3527 2018 3595 ejusmodi
2067 3541 2209 3589 esse,

627 3635 732 3688 qua
776 3620 830 3671 in
870 3619 1138 3671 meliorem
1185 3626 1234 3671 et
1266 3617 1594 3670 stabiliorem
1645 3626 1840 3669 statum
1878 3617 2072 3669 mutari
2105 3615 2212 3668 ali-

629 3708 840 3778 quando
868 3719 1059 3775 posset.
1092 3707 1157 3760 Et
1192 3723 1420 3778 magnus
1452 3707 1764 3777 patriarcha
1802 3706 2130 3772 Methodius,
2157 3707 2210 3760 in

631 3814 887 3853 sermone
938 3798 1005 3852 de
1047 3798 1452 3852 resurrectione
1493 3837 1509 3860 ,
1570 3799 1638 3851 de
1683 3797 1768 3851 his
1817 3797 1888 3852 ita
1938 3797 2157 3852 disserit
2194 3815 2207 3850 :

633 3885 758 3941 Non
807 3887 978 3956 placet
1035 3886 1175 3957 quod
1216 3887 1458 3940 nonnulli
1493 3896 1769 3950 asserunt,
1805 3902 1983 3954 nempe
2038 3903 2210 3939 rerum

630 3980 1028 4032 universitatem
1076 3988 1242 4031 totant
1292 3978 1452 4031 simul
1505 3978 1874 4042 interituram,
1927 3976 2213 4047 ctelamque

629 4081 679 4125 et
742 4079 939 4123 terram
996 4079 1046 4124 et
1095 4087 1269 4124 aerem
1323 4068 1553 4137 amplius
1598 4069 1802 4138 reliqua
1851 4085 1952 4123 non
2005 4070 2210 4138 futura.

631 4160 1069 4231 Inﬂammabitur
1134 4177 1263 4214 sane
1325 4161 1396 4213 ad
1458 4161 1877 4230 repurgationem
1941 4160 2212 4214 universus

629 4256 794 4317 orbis,
830 4255 952 4322 igne
985 4254 1138 4322 quasi
1189 4252 1390 4306 diluvio
1441 4251 1666 4322 quodam
1713 4251 2032 4316 inundatus;
2068 4262 2211 4306 atta-

627 4363 746 4398 mm
795 4364 897 4400 non
955 4347 1204 4401 transibit
1263 4349 1320 4400 in
1373 4348 1730 4402 omnimodunt
1779 4349 2070 4415 interitum,
2121 4361 2211 4405 aut

2318 1803 2412 1856 τοῦ
2457 1802 2614 1854 Θεοῦ·
2656 1801 2723 1873 ἥν
2773 1803 2832 1854 ὲν
2857 1807 2969 1864 τοῖς
2999 1801 3274 1870 λαμπροῖς
3321 1803 3442 1865 ταῖς
3482 1802 3713 1871 ἀρεταῖς
3739 1803 3894 1870 ἁγίοις

2317 1896 2627 1964 ποιήσεται,
2644 1892 2855 1956 τούτοις
2877 1892 3336 1964 ὲνθρονιζόμενος.
3354 1893 3417 1946 Ἠ
3439 1894 3499 1948 δὲ
3517 1895 3683 1964 φυγὴ
3697 1894 3799 1949 τοῦ
3809 1897 3894 1951 οὐ·

2312 1987 2506 2056 ρανοῦ
2526 1987 2622 2040 καὶ
2653 1984 2760 2053 τῆς
2783 1985 2896 2056 γῆς
2926 1987 3025 2058 τὴν
3041 1986 3249 2038 τούτων
3279 1986 3541 2057 σημαίνει
3560 1989 3890 2059 παρέλευσιν,

2317 2081 2411 2133 καὶ
2441 2082 2520 2142 εἰς
2547 2079 2608 2132 τὸ
2657 2078 2865 2148 βέλτιον
2897 2079 3219 2132 ἀνανέωσιν.
3268 2081 3357 2133 Ἐν
3389 2074 3476 2144 οἷς
3509 2080 3678 2144 τόπος
3705 2082 3891 2152 τροπῆς

2317 2174 2416 2244 οὐχ
2444 2173 2819 2242 εὑρεθήσεται.
2851 2172 2914 2225 El
2943 2173 3051 2242 γὰρ
3080 2174 3112 2242 ὴ
3149 2173 3325 2237 κτίσις
3351 2173 3421 2226 δι’
3454 2175 3612 2244 ἡμᾶς
3641 2177 3706 2246 τῇ
3735 2175 3888 2246 φθορᾷ

2321 2265 2596 2333 ὑπετάγη,
2624 2264 2765 2316 κατὰ
2795 2263 3245 2328 τδνἊπόστολον,
3280 2265 3780 2337 μεταποιηθήσεται
3804 2267 3885 2320 σὺν

2321 2359 2452 2427 ἡμῖν
2485 2360 2563 2420 εἰς
2601 2358 2699 2428 τὴν
2735 2357 3048 2426 ἐλευθερίαν
3083 2357 3190 2409 τῶν
3229 2358 3438 2410 τέκνων
3475 2359 3578 2427 τῆς
3626 2357 3778 2428 δόξης
3806 2359 3885 2411 τοῦ

2321 2448 2482 2515 Θεοῦ,
2529 2448 2990 2517 ἀνακαινιζομένη
3029 2447 3123 2500 ἐπὶ
3161 2447 3222 2500 τδ
3271 2447 3669 2518 φαιδρότερον,
3715 2447 3804 2501 καὶ
3831 2447 3883 2502 οὐ

2320 2536 2560 2604 παντελῆ
2602 2536 2911 2605 ἀφανισμὸν
2947 2536 3291 2607 ὑπομένουσα
3315 2578 3330 2604 ,
3360 2536 3551 2601 καθὼς
3585 2540 3696 2600 τοῖς
3731 2554 3885 2608 μακα-

2322 2625 2458 2698 ρίοις
2498 2627 2771 2698 Εἰρηναίῳ
2800 2625 2938 2699 [καὶ]
2979 2628 3324 2700 Ἀντιπάτρῳ
3352 2628 3452 2682 καὶ
3497 2630 3704 2700 ἑτέροις
3727 2629 3882 2698 ἁγίοις

2319 2717 2516 2782 ἔδοξεν.
2588 2719 2646 2770 Ὁ
2704 2717 2804 2788 μὲν
2853 2719 2964 2790 γὰρ
3017 2719 3284 2788 μακάριος
3355 2721 3648 2791 Εἱρηναίός
3703 2734 3878 2790 φησιν·

2322 2811 2470 2880 Οὐχὶ
2515 2811 2554 2877 ἡ
2591 2811 2952 2876 ὑπόστασις.
3001 2811 3144 2866 οὐδὲ
3186 2812 3224 2880 ἡ
3257 2813 3476 2875 οὐσία,
3509 2811 3620 2880 τῆς
3654 2813 3880 2876 κτίσεως

2321 2902 2731 2972 ἐξαφανίζεται
2752 2918 2764 2931 ·
2793 2901 3028 2971 ἀληθὴς
3059 2904 3168 2972 γὰρ
3196 2903 3295 2957 καὶ
3329 2903 3586 2971 ,Βέσαιος
3614 2905 3647 2958 ό
3675 2917 3879 2969 συστη-

2319 2995 2583 3064 σάμενος
2635 2992 2857 3061 αὐτήνο
2905 2994 3068 3048 ἀλλὰ
3115 2994 3181 3048 τὸ
3231 2995 3447 3064 σχῆμα
3496 2995 3740 3066 παράγει
3786 2992 3878 3048 τοῦ

2316 3088 2550 3153 κόσμου
2581 3085 2797 3138 τούτου
2822 3101 2835 3114 ·
2867 3084 3182 3138 τουτέστιν
3205 3125 3220 3151 ,
3249 3087 3319 3140 ἐν
3357 3082 3451 3153 οἷς
3495 3088 3534 3156 ἠ
3569 3085 3878 3156 παράϐασις

2317 3177 2556 3248 ἐγένετο
2579 3193 2594 3207 ·
2644 3176 2733 3230 ὅτι
2758 3175 3098 3246 ἐπαλαιώοη
3142 3180 3174 3231 ό
3211 3177 3529 3246 ἄνθρωπος
3555 3179 3627 3232 ἐν
3662 3176 3872 3242 αὐτοῖς’

2318 3268 2415 3321 καὶ
2471 3267 2569 3320 διὰ
2625 3267 2800 3321 τοῦτο
2859 3267 2927 3321 τὸ
2984 3267 3194 3338 σχῆμα
3246 3268 3424 3322 τοῦτο
3493 3271 3645 3339 πρὸς
3696 3268 3875 3337 καιρόν

2316 3359 2585 3429 ἐγένετο,
2638 3361 2985 3429 προειδότος
3028 3365 3102 3417 τὰ
3138 3363 3335 3417 πάντα
3378 3365 3490 3418 τοῦ
3524 3363 3691 3419 Θεοῦ.
3751 3361 3802 3415 Ὁ
3825 3360 3873 3415 δι

2321 3450 2542 3523 [μέγας]
2594 3453 2856 3517 Μεθὸδιος
2897 3455 2956 3506 ὲν
3001 3453 3079 3524 τῷ
3123 3455 3259 3522 Περι
3316 3455 3710 3521 ἀναστάσεως
3751 3453 3874 3522 λόγῳ

2319 3542 2532 3614 [αὐτοῦ]
2579 3543 2790 3608 ὲξέὓετο
2817 3543 3008 3606 οὕτως’
3027 3546 3145 3598 Οὐκ
3176 3545 3438 3612 ἀρεστὸν
3466 3545 3536 3599 δὲ
3562 3545 3684 3600 οὐδ’
3707 3542 3874 3597 ἐκεῖνο

2318 3633 2385 3685 τὸ
2413 3633 2618 3702 λέγειν
2654 3637 2740 3698 εὶς
2775 3634 2966 3703 ἄρδην
2987 3635 3342 3690 ἀπολεῖσθαι
3368 3636 3437 3690 τὸ
3481 3635 3624 3702 πᾶν,
3658 3634 3750 3690 καί
3775 3633 3873 3703 γῆν

2321 3726 2419 3779 καὶ
2447 3725 2592 3794 ἀέρα
2613 3727 2709 3780 καὶ
2731 3728 2992 3794 οὐρανὸνν
3006 3729 3093 3797 μὴ
3118 3728 3386 3783 ἔσεσθαι·
3411 3726 3870 3796 ἐκπυρωθήσεται

2313 3815 2429 3885 μὲν
2456 3818 2566 3886 γὰρ
2594 3819 2744 3886 πρὸς
2775 3817 3072 3887 κάθαρσιν
3103 3820 3201 3872 καὶ
3255 3819 3694 3888 ἀνακαινισμὸν
3723 3813 3871 3889 [κατὰ

2319 3907 2662 3980 Βασίλειον]
2687 3908 2805 3974 πᾶς
2827 3909 3396 3983 κατακλυζό[με]νος
3411 3913 3446 3965 ό
3471 3913 3697 3979 κόσμος
3710 3906 3837 3974 πυρί
3855 3917 3868 3935 ⁸

2319 4002 2391 4054 οὐ
2445 4000 2572 4070 μὴν
2617 4004 2706 4067 εἰς
2752 4000 3056 4056 ἀπώλειαν
3107 4002 3421 4056 ἐλεύσεται
3476 3999 3739 4068 παντελῆ
3786 3995 3869 4051 καὶ

2319 4090 2568 4158 φθοράν.
2603 4092 2712 4144 Καὶ
2745 4091 2952 4162 προϊών
2983 4109 3137 4163 φησιο
3172 4093 3282 4146 Καὶ
3317 4096 3350 4148 ό
3397 4095 3641 4159 Παῦλος
3687 4088 3869 4159 σαφῶς

2315 4181 2608 4250 μαρτυρεῖ
2632 4182 2847 4252 λέγων·
2893 4183 2964 4238 'II
2990 4187 3097 4254 γὰρ
3137 4185 3592 4250 ἀποκαραδοκία
3633 4183 3736 4251 τῆς
3760 4181 3864 4234 κτί-

2319 4288 2476 4339 σεως
2522 4273 2637 4340 τὴν
2670 4274 3064 4343 ἀποκάλυψιν
3101 4275 3220 4329 τῶν
3256 4276 3403 4330 υἱῶν
3446 4277 3553 4332 τοῦ
3604 4274 3743 4330 Θεοῦ
3771 4274 3866 4326 ἀπο

2318 4363 2645 4432 εκδέχεται·
2676 4363 2774 4436 [τῇ
2805 4367 2914 4435 γὰρ
2927 4368 3271 4435 ματαιότητι
3294 4369 3333 4436 ἠ
3360 4371 3556 4435 κτίσις
3583 4360 3862 4433 ὑπετάγη]

626 4439 682 4491 in
706 4441 918 4515 omnino
947 4439 1192 4493 niltilunt.
1228 4441 1292 4493 Et
1312 4441 1451 4495 infra
1479 4457 1726 4496 rursum:
1757 4443 1823 4497 Et
1849 4443 2056 4500 Paulus
2086 4465 2213 4516 quo-

2317 4460 2429 4526 οὐχ
2462 4431 2694 4512 ἑκοῦσα
2718 4431 2942 4524 [auia
2956 4460 3054 4513 διὰ
3087 4431 3609 4527 τὸνῖὐποτάξαντα
3651 4431 3862 4532 [alit-th

627 4547 728 4600 que
754 4530 950 4584 diserte
981 4541 1228 4595 testatur,
1264 4533 1440 4585 dicens
1486 4551 1504 4586 :
1550 4533 1891 4603 Exspcctatio
1957 4550 2215 4595 creatura:

628 4622 1255 4690 revelationemﬁliorum
1307 4624 1402 4678 Dei
1463 4639 1766 4695 exspectat:
1823 4632 2047 4684 vanitati
2075 4634 2215 4687 enim

625 4711 735 4779 97
757 4721 1005 4765 creatura
1027 4713 1266 4776 subiecta
1295 4725 1373 4769 est
1401 4733 1503 4769 non
1529 4717 1723 4785 volens,
1746 4721 1834 4773 sed
1861 4732 2071 4790 propter
2095 4740 2212 4775 eum

626 4804 717 4870 qui
743 4803 962 4872 subjecit
982 4821 1098 4858 eam
1117 4807 1180 4859 in
1210 4824 1299 4876 spe
1326 4825 1344 4862 :
1376 4811 1500 4878 quia
1529 4821 1578 4864 et
1610 4812 1724 4874 ipsa
1753 4824 1993 4869 creatura
2014 4815 2212 4870 libera-

627 4891 773 4946 bitur
829 4912 860 4947 a
904 4898 1153 4952 seruitute
1198 4902 1556 4971 corruptionis
1600 4905 1655 4956 in
1695 4905 1990 4960 libertatem
2030 4908 2212 4978 gloria:

627 4984 864 5051 ﬁliorum
901 4986 995 5040 Dei
1030 4988 1112 5056 ⁸⁵,
1159 4997 1216 5044 el.
1263 5007 1388 5061 qua:
1446 5005 1770 5062 sequuntur.
1822 4998 1886 5052 Et
1939 5000 2213 5056 ante.hos

627 5089 850 5133 sanctos
881 5079 1070 5136 beatus
1109 5081 1277 5137 David
1309 5101 1525 5156 quoque
1551 5128 1566 5154 ,
1611 5104 1736 5142 eum
1769 5089 2058 5144 Dominum
2097 5093 2215 5147 lau-

625 5170 756 5224 dare
797 5171 974 5237 rel-let,
1027 5173 1100 5227 ita
1130 5175 1348 5232 aiebat:
1385 5177 1609 5233 Emittes
1665 5179 1926 5250 Spiritum
1963 5194 2129 5252 tuum,
2164 5197 2211 5240 et

624 5264 978 5331 creabuntur;
1002 5277 1052 5320 et
1086 5271 1360 5324 renouabis
1385 5271 1575 5340 facient
1602 5283 1760 5327 term
1789 5275 1854 5330 “.
1885 5277 1982 5330 Cui
2018 5294 2214 5348 cogna-

627 5367 740 5411 tum
785 5368 870 5413 est
902 5358 1031 5414 illud
1072 5360 1256 5417 Isaiae:
1293 5363 1427 5417 Ecce
1455 5381 1546 5431 ego
1578 5382 1695 5420 creo
1735 5370 1891 5424 caelos
1931 5389 2088 5427 novos
2110 5412 2124 5437 ,
2157 5385 2204 5427 et

624 5453 824 5501 terram
863 5465 1088 5516 novam;
1117 5463 1167 5506 et
1203 5471 1306 5507 non
1341 5465 1494 5508 erunt
1534 5457 1586 5509 in
1623 5463 1876 5515 memoria
1912 5465 2092 5531 priora
2115 5483 2133 5530 ;
2155 5477 2203 5519 et

628 5554 730 5592 non
755 5547 1031 5599 ascenderat
1055 5562 1211 5616 super
1231 5564 1350 5614 cor;
1374 5550 1464 5602 sed
1486 5551 1780 5619 gaudebitis
1804 5567 1849 5609 et
1871 5557 2203 5614 easultabitis

700 5713 747 5803 ξ·
785 5713 947 5770 Bom.
977 5735 1098 5789 xm,
1134 5722 1220 5790 l9,
1249 5726 1339 5783 2|.
1416 5728 1463 5760 ⁸⁵
1493 5727 1637 5783 Psni-
1678 5746 1794 5798 Cl".
1832 5733 1914 5786 59-

2312 4549 2404 4602 ἐπ’
2427 4551 2651 4609 ἐλπίδι.
2680 4555 2835 4608 Διότι
2863 4554 2963 4610 και
2999 4553 3153 4623 αὐτὴ
3196 4556 3234 4624 ἠ
3268 4556 3468 4622 κτίσις
3496 4548 3860 4622 ἐλευθερωθή-

2310 4659 2478 4698 σεται
2505 4646 2622 4699 άπὸ
2647 4646 2756 4713 τῆς
2785 4646 3064 4712 δουλείας
3095 4645 3205 4716 τῆς
3248 4646 3498 4717 φθορᾶς,
3530 4649 3622 4702 καὶ
3648 4647 3712 4700 τὰ
3732 4641 3859 4711 ἑξῆς-

2309 4732 2424 4804 Πρὸ
2468 4735 2526 4787 δὲ
2566 4736 2677 4788 τῶν
2711 4735 3001 4808 μακαρίων
3035 4737 3242 4791 τούτων
3313 4738 3452 4810 [atat]
3487 4741 3514 4792 ὁ
3545 4737 3692 4806 ἅγιος
3716 4730 3857 4786 Διυῒδ

2307 4824 2526 4894 ψάλλων
2573 4827 2709 4897 πρὸς
2766 4828 2970 4897 Κύριον
3028 4828 3249 4898 ἔλεγεν·
3323 4825 3768 4895 Ἔξαποστελεῖς
3802 4820 3858 4874 τὸ

2309 4917 2552 4987 Πνεῧμὰ
2580 4933 2730 4984 σουί
2773 4920 2869 4974 καὶ
2902 4921 3361 4988 κτισθήσονταισ
3396 4923 3493 4977 καὶ
3525 4913 3854 4978 άνακαινιεῖς

2310 5007 2378 5060 τὸ
2408 5009 2734 5075 πρόσωπον
2767 5009 2878 5079 τῆς
2918 5011 3048 5081 γῆς.
3096 5013 3208 5066 Καὶ
3250 5015 3279 5066 ὁ
3333 5012 3556 5076 Ἡσαΐας
3597 5012 3652 5066 δέ
3684 5019 3849 5077 φησιν·

2313 5098 2520 5152 Ἔσται
2544 5102 2577 5152 ό
2608 5101 2857 5168 οὐρανὸς
2896 5103 3122 5168 καινὸς,
3155 5103 3254 5156 καὶ
3279 5105 3317 5171 ἡ
3345 5102 3420 5173 γῆ
3451 5101 3620 5168 καινή
3641 5116 3656 5132 ο
3681 5098 3768 5152 καὶ
3792 5094 3851 5146 οὐ

2304 5190 2390 5259 μὴ
2429 5192 2747 5260 μνησθῶσι
2779 5192 2898 5248 τῶν
2929 5196 3265 5264 προτέρων,
3305 5197 3401 5250 καὶ
3444 5199 3514 5252 οὐ
3548 5196 3627 5266 μὴ
3656 5188 3851 5252 ἐπέλθῃ

2307 5283 2406 5336 ἐπὶ
2447 5284 2561 5352 τὴν
2605 5285 2858 5353 καρδίαν
2893 5287 3094 5342 αὐτῶν
3134 5288 3388 5362 {mirae}
3418 5289 3554 5344 ἀλλ’
3584 5277 3849 5353 suppaeni-

2312 5391 2431 5442 νην
2460 5378 2558 5431 καὶ
2601 5378 2970 5444 άγαλλίασιν
3005 5381 3378 5450 εὑρήσουσιν
3413 5382 3482 5437 ἐν
3519 5375 3681 5445 αὐτῇ.
3717 5363 3848 5442 [Κιῖ]

2312 5468 2558 5532 εἰκότως·
2587 5472 2653 5541 τῇ
2685 5470 2956 5543 ὑπερϐολῇ
2987 5475 3098 5544 γὰρ
3127 5477 3225 5546 τῆς
3253 5475 3491 5546 ἀλήκτου
3523 5465 3840 5541 εὐφροσύνης,

2313 5561 2406 5614 καὶ
2438 5561 2516 5632 τῷ
2570 5563 2788 5633 μεγέθει
2836 5563 2944 5618 τῶν
2979 5565 3249 5635 ἐπάθλων,
3285 5568 3393 5622 τῶν
3437 5571 3490 5622 ἐν
3539 5566 3642 5628 τοῖς
3669 5554 3845 5626 ἀγῶσιν
