4102 6452
379 343 496 410 421

1359 339 1971 408 COMMENTARIUS
2007 345 2094 406 ΪΝ
2135 347 2664 413 APOCALYPSIN.

3549 353 3658 420 422

379 461 568 512 ἄθλων
597 459 692 513 καὶ
719 458 897 514 πόνων
927 459 1294 530 ἐπιλήσονται.
1327 459 1438 512 Καὶ
1479 459 1708 531 ἑτέρωθι
1733 460 1788 513 δὲ
1818 461 1846 512 ὁ
1876 461 1972 514 αὖ-

2075 476 2239 528 usque
2287 461 2340 514 in
2375 463 2750 532 sempiternum
2783 465 2836 518 in
2880 465 2962 518 his
3003 483 3121 536 qua:
3162 483 3255 536 ego
3293 483 3409 522 creo
3435 467 3498 520 θ’.
3534 467 3658 523 ΙΙωο

377 551 480 614 τός
511 567 698 622 φησιν·
735 552 847 604 ’ον
874 552 1098 620 τρόπον
1135 553 1168 604 ό
1209 550 1467 616 οὐρανὸς
1500 550 1743 616 καινὸς,
1790 551 1890 604 καί
1932 553 1968 620 ἡ

379 640 462 712 τῆ
495 640 696 708 καινὴ,
724 638 762 694 ἆ
782 640 897 710 ἐγὼ
924 639 1091 707 ποιῶ,
1119 639 1293 710 μενεῖ
1315 639 1572 693 ἐνώπιόν
1593 657 1712 710 μου
1739 657 1752 672 ·
1784 641 1972 706 οὕτως

381 734 562 788 ἔσται
590 733 655 788 τὸ
685 732 924 802 σπέρμα
946 732 1135 802 ὑμῶν,
1162 731 1259 786 καί
1293 733 1358 785 τὸ
1389 732 1574 800 ὄνομα
1595 731 1780 801 ὑμῶν.
1809 731 1972 786 Ὥστε

379 827 488 898 τὴν
538 828 606 880 δι’
643 828 793 898 ἡμᾶς
840 825 1220 896 γεγενημένην
1254 823 1431 877 κτίσιν
1454 861 1470 888 ,
1519 823 1638 894 μεθ’
1681 823 1841 894 ἡμῶν
1874 825 1972 895 τὴν

381 917 483 970 ἐπὶ
529 918 592 970 τὸ
637 919 885 988 κρεῖττον
927 916 1219 970 ἀλλοίωσιν
1257 915 1547 968 ἀκόλουθον
1583 914 1856 984 δέχεσθαι,
1898 915 1972 986 μὴ

2080 555 2189 620 ille,
2229 564 2284 609 ct
2335 557 2563 624 merito;
2613 557 2880 626 siquidem
2936 575 3151 615 summa
3199 577 3476 630 nunquam
3527 563 3656 616 deti-

2079 646 2275 702 cic-ntis
2303 647 2502 702 laetitiae
2532 659 2586 704 et
2617 651 2904 720 voluptatis
2936 653 3237 720 aﬂluentia,
3274 655 3657 724 praemiorum-

2073 753 2180 806 que
2229 753 2292 792 εκ
2348 739 2606 808 legitimis
2659 742 3052 799 certaminibus
3110 755 3290 801 ortum
3339 747 3658 799 ducentium

2072 827 2428 897 magnitudo,
2463 831 2704 883 omnium
2741 831 2990 886 laborum
3023 845 3077 888 et
3111 835 3486 888 molestiarum
3531 846 3658 886 ante

2071 927 2450 988 susceptorum
2517 921 2843 978 oblivionem
2906 921 3066 980 facile
3144 925 3373 980 inducit.
3431 923 3494 977 Et
3547 927 3656 978 alio

383 1011 672 1082 χωροῦσαν
703 1011 780 1073 είς
825 1007 1188 1080 ἀνυπαρξίαν,
1221 1007 1411 1078 ὥσπερ
1447 1006 1568 1061 οὐδὲ
1618 1009 1781 1080 ἡμεῖς
1835 1006 1974 1078 μετὰ

2074 1024 2292 1063 rursum
2323 1010 2446 1064 loco
2477 1011 2616 1064 idem
2650 1035 2665 1067 ς
2713 1012 2864 1068 Sicut
2891 1015 3010 1069 εωίὶ
3039 1018 3192 1082 nari,
3226 1029 3271 1068 et
3311 1030 3450 1069 terra
3493 1031 3656 1078 noro,

385 1101 642 1156 Θάνατον.
2069 1117 2187 1172 quae
2226 1117 2318 1171 ego
2355 1103 2494 1172 facio
2541 1115 2683 1156 stare
2726 1121 2906 1158 coram
2939 1124 3038 1173 me,
3073 1109 3200 1162 dicit
3243 1109 3544 1162 Dominus:
3581 1106 3656 1158 sic

379 1191 548 1244 stabit
580 1207 755 1245 semen
796 1199 1046 1254 uestrum,
1084 1197 1134 1244 et
1171 1205 1357 1244 nomen
1402 1190 1726 1244 vestrum".
1789 1189 2009 1244 Rationi
2049 1191 2284 1261 proinde
2353 1192 2576 1246 illorum
2639 1195 2906 1250 sententia
2969 1209 3333 1252 consentanea
3387 1206 3504 1262 est,
3563 1195 3657 1264 qui

381 1293 721 1348 creaturam,
753 1298 875 1352 quae
905 1283 1074 1338 nostri
1107 1297 1274 1338 causa
1306 1281 1447 1337 facta
1475 1291 1580 1344 est,
1608 1283 1964 1336 mutationem
2004 1283 2224 1352 quidem
2282 1285 2348 1337 ad
2381 1285 2660 1340 meliorem
2715 1292 2916 1342 statum
2979 1303 3088 1342 nua
3140 1290 3424 1344 nobiscum
3467 1301 3658 1344 susce-

383 1386 607 1448 pturam
635 1384 911 1443 asserunt,
943 1375 996 1428 in
1025 1375 1255 1430 nihilum
1292 1384 1476 1430 autem
1506 1389 1849 1444 nepiaquam
1884 1389 2312 1443 concessuram;
2353 1374 2498 1430 sicut
2551 1391 2729 1448 neque
2793 1393 2894 1433 nos
2947 1394 3165 1450 quoque
3195 1391 3318 1450 post
3345 1389 3569 1434 mortem
3601 1379 3655 1434 in

381 1467 520 1524 illud
554 1467 911 1522 transibimus
949 1467 1094 1538 quod
1123 1482 1234 1520 non
1268 1477 1371 1522 est.

459 1559 570 1613 Kal
611 1555 776 1612 εἶδον
825 1558 969 1624 τοὺς
1029 1557 1282 1625 νεκροὺς
1326 1557 1470 1624 τοὺς
1507 1557 1815 1628 μεγάλους
1864 1557 1966 1612 καὶ

377 1648 532 1713 τοὺς
567 1649 850 1718 μικροὺς,
888 1647 1153 1714 ἑστῶτας
1200 1647 1460 1704 ἐνώπιον
1497 1649 1602 1704 τοῦ
1646 1649 1830 1704 Θεοῦ·
1867 1651 1966 1704 καί

2075 1654 2148 1697 tes
2181 1646 2235 1696 in
2265 1653 2542 1710 conspectu
2571 1643 2782 1708 throni;
2803 1652 2852 1696 et
2889 1642 3014 1696 libri
3039 1645 3209 1714 aperti
3231 1655 3352 1698 sunt
3391 1663 3408 1698 :
3434 1656 3480 1699 et
3503 1649 3646 1704 alius

375 1742 596 1806 βιϐλία
641 1740 1011 1808 ἠνοίγησαν·
1061 1739 1160 1794 καὶ
1202 1739 1356 1793 ἄλλο
1383 1740 1628 1804 ,ϐιϐλίον
1669 1741 1904 1810 ἠνοίγη,
1935 1741 1969 1794 ὅ

2074 1734 2200 1788 liber
2226 1743 2438 1802 apertus
2477 1745 2578 1798 est,
2615 1736 2706 1804 qui
2725 1745 2805 1788 est
2835 1736 2955 1790 vitta
2977 1751 2996 1788 :
3026 1744 3075 1788 et
3109 1736 3331 1788 indicati
3356 1747 3479 1789 sunt
3513 1755 3655 1790 mor-

2142 1550 2262 1618 XK,
2297 1552 2384 1606 12.
2412 1550 2479 1604 Et
2511 1551 2616 1606 vidi
2647 1563 2876 1606 mortuos
2907 1569 3124 1622 magnos
3145 1562 3194 1606 et
3223 1555 3465 1620 pusillos,
3491 1567 3645 1612 stan-

381 1834 524 1887 ὲστι
552 1833 662 1901 τῆς
711 1831 892 1900 ζωῆς·
933 1833 1032 1886 καί
1067 1833 1398 1902 ἐκρίθησαν·
1429 1835 1484 1886 οί
1509 1832 1710 1900 νεκροί
1753 1835 1821 1886 ἐκ
1853 1833 1970 1886 τῶν

381 1925 806 1994 γεγραμμένων
857 1924 928 1978 ἑν
981 1924 1104 1992 τοῖς
1153 1925 1436 1991 βιϐλίοις,
1491 1922 1644 1978 κατὰ
1695 1926 1765 1980 τὰ
1825 1925 1969 1996 ἔργα

383 2014 611 2068 αὐτῶν.

459 2106 720 2174 Νεκροὺς
759 2105 816 2158 δέ
859 2122 1043 2176 φησιν,
1092 2105 1126 2175 ἢ
1161 2106 1370 2171 πάντας
1394 2106 1733 2177 ἀνθρώπους,
1771 2106 1846 2170 ὡς
1871 2105 1969 2178 τὴν

387 2196 482 2252 τοὲι
514 2195 762 2266 σώματος
789 2197 1056 2266 νέκρωσιν
1087 2198 1519 2267 ὑπομείναντας·
1545 2199 1580 2268 ἢ
1607 2199 1733 2260 τοὺς
1759 2215 1968 2269 νεκρω-

385 2292 583 2356 θέντας
638 2296 748 2356 τοῖς
809 2293 1238 2364 παραπτώμασι.
1283 2291 1600 2362 Μεγάλους
1645 2291 1830 2344 δὲκαὶ
1873 2311 1968 2360 μι-

381 2385 590 2454 κροὺς,
627 2384 846 2458 [καθὼς
871 2383 1258 2456 προὲφημεν,]
1285 2384 1316 2454 ἢ
1349 2385 1476 2448 τοὺς
1503 2387 1568 2456 τῇ
1601 2384 1786 2454 ἡλικίᾳ
1811 2384 1970 2436 τοῦτο

381 2477 578 2540 ὄντας·
619 2477 652 2548 ῆ
687 2477 820 2540 τοὺς
874 2476 1074 2545 μᾶλλον
1121 2475 1284 2548 [καὶ]
1315 2471 1478 2548 ἦττον
1516 2477 1584 2529 τὰ
1620 2475 1720 2545 τῆς
1757 2473 1966 2544 νεκρὼ-

383 2585 532 2632 σεως
559 2567 698 2638 ἔργα
727 2568 1061 2638 πράξαντας,
1097 2569 1191 2622 καὶ
1237 2567 1516 2636 ἀναλόγως
1562 2571 1683 2632 ταῖς
1733 2567 1968 2635 πράξεσι

380 2658 932 2730 κολασθησομένους·
978 2657 1010 2728 ἢ
1065 2657 1197 2732 [τὸ]
1234 2659 1534 2728 μεγάλους
1569 2659 1687 2729 μὲν,
1737 2661 1860 2722 τοὺς
1887 2659 1968 2713 δι-

381 2752 579 2812 καίους
599 2769 614 2782 ·
636 2749 891 2819 μικροὺς
921 2751 976 2804 δὲ
1006 2749 1118 2823 [τῷ
1142 2749 1290 2822 ὄντι]
1320 2752 1414 2804 καὶ
1447 2751 1802 2821 μηδαμινοὺς,
1845 2752 1970 2813 τοὺς

383 2841 774 2912 ἁμαρτωλοὺς,
823 2840 1092 2914 διαιτὴν]
1136 2843 1233 2912 τῆς
1264 2842 1444 2911 ψυχῆς
1495 2841 1592 2913 [ἐξ
1647 2839 1966 2912 ἁμαρτιῶν]

380 2935 686 2987 εὐτέλειαν.
725 2933 805 2985 Τὰ
832 2932 890 2985 δὲ
913 2933 1124 2997 βιϐλία
1153 2931 1224 2984 τὰ
1247 2932 1625 3000 ἀνοιγόμενα,
1658 2930 1971 3001 σημαντικά

380 3021 507 3072 ἐστι
565 3019 674 3072 τῶν
709 3019 942 3072 ἑκάστου
991 3017 1263 3089 πράξεων,
1305 3022 1400 3072 καὶ
1445 3020 1546 3089 τῆς
1578 3021 1810 3072 ἑκάστου
1840 3037 1968 3074 συν-
1997 3053 2042 3116 C

379 3109 667 3179 ειδήσεως.
715 3109 779 3161 Ἦ
809 3109 865 3161 δὲ
892 3109 986 3178 μία
1014 3108 1219 3178 βίϐλος,
1251 3106 1468 3181 [φησὶ,]
1501 3109 1599 3177 τῆς
1625 3109 1769 3178 ζωῆς
1807 3109 1972 3174 ἐστιν,

381 3195 522 3274 ᾖ’τὰ
553 3201 664 3254 τῶν
697 3199 871 3269 ἁγίων
897 3200 1206 3270 γέγραπται
1234 3202 1495 3271 ὀνόματα·

463 3373 572 3428 Καί
595 3373 822 3428 ἔδωκεν
850 3373 890 3440 ἠ
923 3374 1203 3429 θάλασσα
1245 3375 1386 3441 τοὺς
1414 3375 1484 3429 ἐν
1504 3376 1662 3444 αὐτῇ
1681 3379 1936 3445 νεκρούς
1955 3395 1970 3410 ·

391 3464 494 3519 καὶ
527 3467 558 3518 ὁ
599 3464 854 3530 θάνατος
897 3466 992 3519 καί
1031 3466 1064 3518 ὁ
1097 3465 1248 3533 ᾅδης
1278 3466 1514 3520 ἔδωκαν
1545 3469 1686 3532 τοὺς
1721 3470 1976 3537 νεκροὺς

391 3554 537 3621 τοὺς
569 3555 638 3608 ἐν
671 3555 900 3622 αὐτοῖς·
941 3557 1040 3610 καί
1063 3557 1415 3626 ἐκρίθησαν,
1436 3558 1694 3626 ἕκαστος
1731 3561 1879 3616 κατὰ
1903 3561 1976 3616 τὰ

384 3647 536 3715 ἔργα
564 3647 772 3702 αὐτοῦ.

463 3761 737 3815 Ἕκαστον
770 3761 850 3826 δὲ,
889 3763 1050 3832 φησι,
1094 3763 1253 3833 σῶμα
1287 3763 1364 3826 είς
1393 3762 1536 3835 ἅπερ
1569 3763 1881 3827 ἀναλύεται,
1916 3764 1976 3830 ἐξ

385 3853 618 3905 ἐκείνων
643 3857 736 3905 καὶ
771 3852 1090 3906 συνίσταται
1131 3854 1224 3905 καὶ
1253 3851 1583 3917 ἀναδίδοται,
1620 3855 1728 3906 εἴτε
1762 3857 1832 3924 γῇ
1863 3854 1973 3907 εἴτε

395 3939 648 4011 θαλάσσῃ
693 3939 1002 4011 παραδοθῇ.
1040 3941 1308 4006 Θάνατος
1338 3939 1392 3993 δὲ
1433 3943 1526 3994 καὶ
1556 3941 1726 4010 ᾅδης,
1758 3943 1818 3996 οὐ
1859 3944 1976 4008 ζῶα

389 4031 638 4102 ἔμψυχα,
687 4033 765 4095 ὠς
805 4033 909 4086 ὑπό
942 4049 1105 4085 τινων
1159 4033 1498 4102 γράφονται·
1551 4035 1687 4089 ἀλλὰ
1721 4033 1976 4102 θάνατος

395 4124 519 4195 μὲν,
549 4125 826 4194 χωρισμὸς
853 4123 1030 4196 ψυχῆς
1067 4127 1162 4178 καὶ
1199 4125 1446 4196 σώματος
1472 4142 1486 4156 ·
1522 4126 1673 4194 ς’ίδης
1693 4127 1748 4179 δὲ
1768 4167 1781 4192 ,
1807 4128 1973 4188 τόπος

393 4213 408 4284 |
445 4217 576 4283 ἡμῖν
621 4213 838 4283 ἅειδὴς,
879 4213 1085 4286 inoo-1]
1142 4215 1356 4285 ἀφανὴς
1390 4215 1521 4286 [καὶ
1553 4213 1900 4286 ἄγνωστος,]
1946 4217 1974 4269 ὁ

391 4301 492 4365 τὰς
517 4303 694 4372 ψυχὰς
721 4301 926 4375 [ἡμῶν]
969 4301 1222 4356 ἐντεῦθεν
1265 4303 1606 4372 ἐκδημούσας
1657 4303 1968 4373 δεχόμενος.

2071 1827 2150 1878 tui
2171 1842 2234 1880 ea:
2253 1827 2336 1879 his
2357 1841 2472 1896 qua:
2499 1827 2695 1894 scripta
2723 1835 2875 1880 erant
2904 1827 2960 1880 in
2981 1825 3153 1891 libris,
3186 1827 3472 1880 secundum
3499 1844 3656 1898 opera

2069 1917 2328 1986 ipsorum.
3315 1971 3342 2002 ἦ

2145 2091 2383 2144 Jlortuos
2415 2101 2571 2146 vocat
2609 2103 2702 2147 aut
2740 2108 2933 2148 omnes
2962 2093 3188 2147 omnino
3231 2094 3504 2160 homines,
3533 2107 3658 2150 tan-

2069 2198 2234 2252 quam
2280 2184 2372 2250 ιιιιί
2414 2185 2659 2252 corporis
2706 2195 2934 2238 mortem
2970 2185 3385 2251 sustinuerant;
3422 2195 3515 2240 aut
3554 2203 3655 2242 eos

2069 2275 2160 2344 qui
2213 2275 2362 2329 vitiis
2409 2284 2464 2328 et
2517 2277 2754 2343 peccatis
2806 2277 3064 2329 nuntium
3117 2277 3408 2331 miserant.
3469 2278 3656 2348 Magni

2071 2373 2253 2418 autem
2283 2375 2336 2418 et
2367 2367 2519 2434 parvi
2551 2367 2626 2420 illi
2657 2366 3018 2419 nominantur
3048 2368 3134 2434 (ut
3165 2375 3293 2419 ante
3320 2382 3543 2436 quoque
3567 2370 3656 2421 in-

2071 2456 2398 2524 dieavimus)
2421 2459 2512 2527 qui
2543 2467 2700 2512 zetate
2727 2467 2779 2512 et
2809 2467 3015 2512 statura
3041 2458 3223 2526 pusilli
3253 2457 3433 2513 adhuc
3453 2469 3609 2513 erant
3637 2477 3654 2514 :

2071 2555 2166 2600 aut
2199 2547 2232 2601 ii
2257 2555 2404 2602 certe
2442 2549 2534 2616 qui
2559 2548 2759 2602 minori
2782 2555 3100 2616 contemptu
3138 2548 3333 2602 mortis
3359 2563 3524 2617 opera
3553 2549 3652 2603 dc-

2071 2631 2372 2700 signaraut,
2401 2633 2646 2704 adeoque
2674 2649 2899 2704 operum
2931 2636 3146 2690 ratione
3185 2635 3429 2690 minores
3457 2653 3650 2706 pinnas

2071 2723 2248 2778 daturi
2283 2735 2462 2780 erant.
2495 2725 2603 2780 Aut
2645 2743 2862 2798 magnos
2894 2727 3131 2798 appellat
3175 2729 3356 2799 justos
3377 2771 3393 2796 ,
3431 2729 3658 2800 pusillos

2071 2826 2272 2880 autem,
2312 2829 2631 2887 peceatores
2669 2835 2684 2872 :
2734 2819 2787 2872 hi
2837 2820 2982 2874 enim
3029 2830 3255 2890 propter
3288 2822 3488 2876 anima:
3525 2824 3654 2877 vili-

2073 2916 2238 2962 tatem
2284 2923 2348 2962 ex
2389 2908 2628 2978 peccatis
2657 2917 2854 2975 ortam,
2885 2909 3089 2965 nullius
3127 2927 3186 2966 re
3219 2913 3336 2982 ipsa
3373 2921 3502 2968 sunt
3533 2928 3654 2968 mo-

2073 3000 2262 3056 menti.
2317 2998 2461 3052 Libri
2491 3008 2672 3054 autem
2724 3001 2892 3068 aperti
2941 3002 3376 3074 uniuscujusque
3399 3019 3561 3073 opera
3597 3015 3656 3061 et

2075 3092 2369 3160 cujuslibet
2397 3106 2619 3145 rursum
2645 3091 3041 3146 conscientiam
3072 3094 3356 3150 denotant.
3382 3095 3483 3150 Ast
3510 3112 3654 3152 unus

2075 3183 2164 3238 ille
2207 3183 2366 3248 liber,
2424 3193 2482 3236 ut
2521 3181 2638 3252 ipse
2678 3181 2903 3250 fatetur,
2949 3191 3032 3239 est
3064 3183 3204 3240 liber
3253 3185 3400 3255 vitaz,
3439 3185 3492 3240 in
3543 3202 3656 3257 quo

2075 3282 2390 3327 sanctorum
2423 3271 2646 3326 nomina
2678 3271 2880 3342 scripta
2912 3283 3061 3327 sunt.

2145 3364 2264 3428 XX,
2297 3365 2386 3418 15.
2419 3363 2490 3417 Ει
2521 3363 2664 3418 dedit
2695 3381 2839 3419 mare
2878 3375 3111 3419 mortuos
3149 3367 3240 3436 qui
3271 3367 3326 3419 in
3356 3383 3414 3420 eo
3459 3377 3655 3434 erant;

2073 3467 2121 3510 et
2153 3473 2294 3510 mors
2311 3465 2358 3510 et
2385 3456 2624 3525 infernus
2654 3456 2909 3509 dederunt
2934 3466 3167 3510 mortuos
3195 3473 3318 3512 suos
3341 3458 3430 3528 qui
3453 3459 3505 3510 in
3525 3459 3656 3526 ipsis

2073 3559 2259 3612 erant;
2295 3556 2344 3601 et
2380 3547 2680 3613 judicatum
2710 3557 2787 3602 est
2821 3548 2885 3602 de
2919 3548 3144 3618 singulis
3174 3549 3456 3604 secundum
3489 3565 3654 3619 opera

2075 3655 2330 3708 ipsorum.

2145 3753 2588 3824 Unumquodque
2639 3767 2842 3822 corpus
2879 3769 2944 3809 ex
3017 3755 3158 3820 illis,
3201 3754 3404 3825 inquit,
3441 3753 3656 3810 inStau-

2074 3847 2286 3902 rabitur
2351 3857 2404 3902 ct
2443 3847 2810 3916 reparabitur,
2851 3847 2904 3902 in
2943 3863 3065 3918 quin
3099 3851 3226 3902 dum
3277 3849 3658 3906 resolvebatur

2075 3939 2316 4005 abierat;
2361 3939 2474 3992 sive
2505 3939 2638 3992 iilud
2673 3938 2727 3994 in
2769 3948 2968 3994 terram
3003 3939 3237 4005 illatum,
3269 3943 3386 3996 sive
3419 3940 3476 3994 in
3507 3957 3659 3998 mare

2075 4033 2345 4101 abiectum
2387 4041 2522 4086 erat.
2556 4031 2704 4086 Mors
2749 4041 3016 4088 autemet
3062 4034 3298 4103 infernus
3347 4049 3459 4088 non
3529 4045 3658 4090 sunt

2075 4126 2197 4178 viva
2243 4123 2522 4185 animalia,
2575 4125 2719 4178 sicut
2767 4139 2798 4177 a
2845 4125 3172 4193 quibusdam
3230 4125 3654 4192 describuntur;
3725 4143 3728 4146 '

2076 4214 2170 4270 sed
2197 4231 2338 4268 mors
2383 4227 2466 4268 est
2511 4215 2786 4284 separatio
2821 4215 3016 4274 animae
3045 4230 3072 4268 a
3104 4231 3335 4284 corpore
3371 4233 3386 4271 :
3414 4217 3656 4285 infer—nus

2077 4315 2258 4361 autem
2304 4317 2384 4360 est
2425 4306 2579 4362 locus
2619 4307 2886 4360 obscusus
2951 4306 3218 4376 nobisque
3285 4307 3602 4377 incognitus
3635 4325 3654 4363 :

393 4393 612 4460 Νεκροί
640 4394 697 4446 δὲ
746 4395 936 4464 ψυχαὶ,
977 4395 1034 4446 αἱ
1081 4394 1178 4455 τὰς
1209 4394 1562 4462 νεκροποιοὺς
1593 4395 1824 4463 πράξεις
1854 4395 1975 4445 ὲπι-

2081 4413 2257 4464 neque
2281 4398 2426 4473 enim
2460 4397 2610 4450 locus
2635 4397 2722 4450 ille
2742 4399 2844 4452 sub
2873 4411 3097 4452 sensum
3127 4397 3296 4462 venit,
3329 4397 3424 4466 qui
3446 4399 3658 4468 excipit

394 4487 714 4556 φερόμεναι.
765 4486 1018 4542 Δικαίων
1061 4486 1170 4556 γὰρ
1217 4486 1448 4554 ψυχαί,
1496 4485 1566 4538 ἐν
1614 4486 1764 4554 χειρί
1803 4483 1976 4550 Θεοῦ,

393 4579 578 4642 καθὼς
623 4581 786 4649 σοφός
815 4597 898 4644 τις
924 4579 1108 4648 ἔλεγε·
1137 4578 1234 4631 καί
1278 4580 1350 4632 οὐ
1387 4575 1471 4647 μὴ
1520 4577 1744 4646 ἅψηται
1777 4576 1978 4632 αὐτῶν

391 4675 694 4742 βάσανος.

463 4856 575 4913 Καὶ
603 4859 648 4926 Id
681 4855 940 4922 θάνατος
978 4855 1077 4910 καί
1113 4857 1147 4910 ὀ
1186 4855 1337 4924 ᾅδης
1371 4853 1721 4921 ἐϐλήθησαν
1747 4857 1834 4921 εἰς
1860 4855 1974 4923 τὴν

391 4950 622 5021 λίμνην
649 4947 758 5001 τοῦ
783 4947 992 5014 πυρός.
1023 4941 1213 5010 οὗτος
1243 4949 1276 5000 ὀ
1305 4944 1560 5010 θάνατός
1584 4945 1755 4998 ἑστιν
1773 4947 1806 4998 ό
1837 4943 1974 4997 δεύ-

391 5058 586 5108 τερος,
615 5041 652 5108 ἡ
676 5042 862 5110 λίμνη
895 5039 1002 5094 τοῦ
1037 5039 1250 5107 πυρός.
1276 5039 1384 5093 Kal
1414 5038 1470 5091 εί
1491 5055 1582 5104 τις
1621 5039 1733 5107 οὺχ
1759 5035 1975 5107 εὑρεθῇ

393 5137 468 5189 ἐν
510 5133 582 5203 τῇ
605 5132 802 5199 ,βίϐλῳ
825 5131 934 5199 τῆς
959 5129 1108 5199 ζωῆς
1138 5128 1558 5200 γεγραμμένος,
1593 5127 1862 5198 ἐμϐληθῇ
1889 5131 1976 5195 είς

392 5229 512 5296 τήν
536 5229 764 5298 λίμνην
790 5226 896 5280 τοῦ
929 5227 1138 5293 πυρός.

467 5319 542 5374 Τὸ
584 5319 643 5372 δὲ
670 5319 777 5372 τὸν
801 5319 1060 5372 θάνατον
1081 5315 1179 5370 καί
1203 5316 1309 5369 τὸν
1327 5314 1481 5382 ᾅδην
1505 5315 1591 5379 εἰς
1617 5312 1732 5381 τὴν
1759 5313 1983 5382 λίμνην

393 5413 506 5469 τοῦ
543 5411 736 5480 πυρὸς
767 5411 1131 5475 βάλλεσθαι,
1181 5406 1332 5478 δηλοί
1377 5406 1411 5478 ἢ
1456 5405 1520 5459 τὸ
1559 5405 1979 5476 γεγραμμένον·

2083 4490 2294 4544 animos
2333 4497 2580 4543 mut-tuas
2620 4487 2748 4542 hinc
2791 4488 3146 4557 emigrantes.
3201 4486 3432 4544 Mortua
3467 4498 3652 4544 autent

2083 4581 2190 4635 illa:
2219 4582 2492 4643 dicuntur,
2528 4596 2649 4648 quae
2676 4580 2924 4635 aetiones
2959 4578 3268 4634 mortiferas
3290 4595 3476 4635 secum
3509 4581 3656 4636 deie-

2081 4681 2209 4728 runt
2240 4692 2253 4727 :
2286 4673 2354 4726 At
2371 4673 2640 4741 justorunt
2665 4672 2876 4734 animm,
2912 4679 2972 4724 ut
2993 4669 3228 4738 Sapiens
3258 4670 3354 4736 ait,
3397 4673 3451 4726 in
3491 4687 3656 4726 manu

2087 4765 2188 4820 Dei
2221 4775 2366 4829 sunt,
2395 4777 2444 4818 et
2487 4781 2590 4819 non
2627 4774 2802 4833 tanget
2839 4764 2963 4818 illas
3000 4771 3320 4818 tormentum
3369 4765 3554 4818 mortis
3587 4765 3654 4816 ".

2145 4859 2268 4922 XX,
2299 4859 2389 4924 Η,
2423 4859 2513 4912 15.
2571 4857 2638 4910 Et
2685 4873 2828 4911 mors
2875 4864 2924 4910 et
2971 4856 3209 4924 infernus
3250 4855 3396 4909 missi
3439 4863 3564 4910 sunt
3600 4857 3658 4908 in

2075 4963 2320 5024 stagnum
2349 4952 2506 5022 ignis.
2548 4949 2678 5003 Hazc
2697 4958 2774 5002 est
2803 4965 2944 5003 ntors
2971 4949 3300 5011 secunda;et
3325 4947 3416 5017 qui
3451 4964 3554 5000 non
3577 4956 3656 5002 est

2075 5048 2318 5100 inventus
2347 5045 2404 5098 in
2427 5043 2562 5097 libro
2581 5040 2700 5096 vita:
2720 5041 2973 5109 scriptus,
3003 5041 3195 5094 missus
3223 5048 3299 5093 est
3327 5040 3382 5092 in
3409 5049 3655 5110 stagnum

2075 5136 2230 5208 ignis.

2151 5311 2268 5382 98
2300 5309 2527 5364 Mortem
2550 5317 2600 5363 et
2631 5307 2896 5376 infernum
2913 5306 2970 5358 in
2989 5315 3232 5374 stagnum
3261 5304 3396 5373 ignis
3417 5302 3652 5372 conjecta

2079 5417 2216 5465 esse,
2253 5399 2336 5453 vel
2362 5397 2494 5452 illud
2523 5394 2952 5467 signiﬁcatquod
2975 5395 3238 5462 scriptum
3275 5400 3381 5456 est,
3419 5405 3613 5460 neanpe
3634 5433 3652 5459 ,

398 5509 706 5576 Ἕσχατυς
743 5501 956 5572 ἐχθρὸς
997 5499 1374 5570 καταργεῖται
1403 5501 1436 5554 d
1468 5497 1724 5564 θάνατος
1755 5513 1767 5524 ·
1801 5497 1834 5567 ἢ
1883 5497 1978 5561 τὰς

2085 5489 2386 5544 Nouissime
2421 5503 2542 5541 vero
2571 5486 2786 5540 inimica
2815 5483 3116 5536 destruetur
3152 5498 3292 5534 mors
3319 5480 3366 5512 "°
3397 5498 3410 5534 :
3435 5487 3530 5534 aut
3560 5496 3656 5534 nec

395 5593 692 5665 προξένους
724 5591 818 5645 τοῦ
857 5591 959 5662 τῆς
994 5589 1272 5662 ἁμαρτίας
1303 5588 1652 5661 [βαρυτάτου
1686 5588 1782 5642 καὶ
1813 5604 1982 5658 πονη-

472 5771 518 5804 ⁶⁷
561 5766 663 5824 lsa.
690 5783 812 5834 va,
851 5767 937 5836 l7,
969 5767 1057 5820 l8.
1137 5765 1182 5798 “
1213 5763 1316 5820 lsa.
1349 5779 1497 5830 uvu,
1531 5763 1622 5818 22.
1701 5763 1746 5798 "
1777 5760 1908 5833 Sap.
1937 5777 2019 5830 ιιι,
2049 5761 2098 5816 Ι.

2079 5598 2244 5655 quam
2298 5581 2545 5650 spiritus.
2601 5577 2666 5633 lli
2726 5577 2872 5634 enim
2923 5585 3072 5642 sunt,
3127 5574 3220 5645 qui
3271 5571 3650 5643 gravissimam

2176 5761 2221 5792 7°
2255 5760 2273 5814 Ι
2304 5759 2432 5814 Cor.
2469 5775 2558 5827 xv,
2591 5759 2680 5814 26.
