4102 6418
567 395 670 459 427

641 506 754 577 Ego
786 504 984 558 sitienti
1007 500 1144 554 dabo
1176 500 1239 553 de
1278 498 1423 566 fonte
1453 508 1604 564 aqua:
1630 494 1749 547 vita:
1787 493 1978 545 aratis.

645 704 806 773 100
823 697 1324 768 Siticntijustitiam
1353 693 1552 749 vivifici
1577 691 1815 761 Spiritus
1833 689 2062 759 gratiam
2097 702 2157 744 se

571 799 828 853 daturum
861 793 1369 862 pollicetur;quam
1390 787 1444 840 in
1475 783 1774 854 Evangelia
1806 798 2028 851 quoque
2051 781 2157 834 illis

575 886 862 959 promittit,
894 883 989 952 qui
1025 882 1078 934 in
1112 881 1290 949 ipsum
1327 877 1590 933 credituri
1625 884 1831 930 essent.
1863 872 2157 925 Crutisan-

575 995 682 1036 tem
709 988 764 1034 et
795 979 934 1030 hanc
959 987 1014 1029 et
1042 989 1167 1043 quae
1209 974 1353 1027 hanc
1400 979 1707 1040 sequuntur
1755 967 2004 1036 largitur,
2031 966 2157 1034 quia

575 1069 855 1142 praesentis
878 1066 1145 1136 temporis
1172 1063 1497 1118 afIlit-tiones
1532 1075 1639 1115 non
1677 1069 1806 1113 sunt
1835 1059 2012 1128 digna:
2038 1071 2159 1125 quae

574 1178 700 1218 cum
737 1160 920 1214 futura
969 1159 1178 1224 gloria,
1217 1171 1335 1226 quae
1384 1154 1590 1209 sanctis
1623 1152 1895 1213 Obveniet,
1939 1165 2161 1218 compa-

575 1262 787 1306 rentur.
812 1251 922 1302 Aut
948 1250 1146 1317 gratis;
1181 1247 1310 1316 quia
1335 1243 1582 1314 pecuniis
1615 1242 1799 1312 parari
1831 1241 2039 1310 nequit,
2065 1239 2159 1293 sed

573 1346 737 1400 bonis
763 1353 973 1397 tantum
1005 1339 1289 1410 operibus,
1316 1337 1546 1406 ejusque
1578 1332 1866 1389 clementia
1895 1333 1988 1402 qui
2027 1345 2163 1400 pra:-

576 1436 745 1492 bebit.

647 1545 791 1608 XXI,
827 1543 879 1597 '7.
935 1543 1041 1609 Qui
1071 1541 1275 1604 vicerit,
1320 1537 1607 1609 possidebit
1659 1538 1806 1599 Ιια’‹’;
1849 1546 1898 1589 et
1947 1551 2035 1590 ero
2080 1535 2162 1588 illi

579 1639 739 1702 Deus,
766 1646 813 1692 et
841 1635 923 1690 illi
946 1636 1044 1689 erit
1085 1634 1213 1687 mihi
1247 1633 1413 1702 ﬁlius.

647 1773 773 1840 Qui,
809 1771 1007 1841 inquit,
1056 1768 1344 1824 victoriam
1390 1767 1657 1822 adversus
1704 1765 1892 1820 hostes
1923 1763 2018 1833 qui
2057 1762 2164 1818 sub

1779 379 2110 439 ANDREzE
2147 379 2667 439 CsESARlENSIS

2189 503 2232 555 Α
2275 491 2415 559 Ἐγὼ
2443 490 2522 556 τῷ
2545 488 2799 557 διψῶντι
2826 487 2996 541 δώσω
3027 487 3096 540 ἐκ
3124 484 3235 554 τῆς
3262 482 3462 554 πηγῆς
3483 483 3604 539 ,τοῦ
3634 483 3831 554 ὕδατος

3738 372 3834 438 423

2262 581 2372 650 τῆς
2412 581 2562 648 Conic-
2599 579 2852 648 δωρεάν.

2332 693 2422 764 Τῷ
2446 693 2498 746 δὲ
2528 693 2752 762 διψῶντι
2805 693 2901 762 τὴν
2947 691 3310 760 δικαιοσύνην,
3364 687 3628 761 παρέξειν
3679 692 3839 761 ἐπαγ-

2261 788 2510 853 γέλλεται
2539 788 2638 858 τὴν
2669 787 2828 856 χάριν
2863 784 2957 837 τοῦ
2995 783 3263 848 ζωοποιοῦ
3307 781 3656 851 Πνεύματος,
3699 784 3763 854 ἣν
3787 786 3838 839 ἐν

2260 883 2373 944 τοῖς
2410 879 2761 947 Εὑαγγελίοις
2789 877 3055 946 ὑπέσχετο
3075 877 3187 939 τοῖς
3210 876 3287 938 εἰς
3313 873 3482 927 αὐτὸν
3509 874 3836 930 πιστεύουσι.

2262 973 2494 1040 Aw;st
2523 972 2598 1034 δὲ,
2632 972 2712 1024 ὅτι
2743 973 2842 1024 οὐκ
2883 969 3008 1034 ἄξια
3042 970 3108 1022 τὰ
3142 968 3448 1040 παθήματα
3487 966 3584 1020 τοῦ
3612 967 3704 1020 νῦν
3729 987 3841 1022 και-

2265 1064 2360 1136 ροῦ
2397 1064 2531 1136 πρὸς
2560 1063 2658 1135 τὴν
2691 1065 2996 1134 μέλλουσαν
3023 1062 3183 1126 δόξαν
3213 1063 3324 1123 τοῖς
3359 1060 3543 1128 ἁγίοις
3576 1057 3839 1115 ἀποκαλύ-

2265 1157 2519 1211 πτεσθαι.
2569 1158 2641 1209 ’Ἡ
2672 1155 2904 1226 δωρεὰν,
2935 1155 3017 1208 ὅτι
3042 1155 3142 1207 οὐκ
3172 1153 3288 1205 ἐστι
3313 1153 3525 1223 ταύτην
3555 1152 3840 1222 χρήμασιν,

2265 1249 2378 1303 ἀλλ’
2424 1249 2610 1318 ἔργοις
2663 1248 2888 1316 ἀγαθοῖς
2934 1246 3265 1320 κτήσασθαι,
3321 1246 3419 1300 καὶ
3467 1245 3839 1317 φιλανθρωπίᾳ

2264 1342 2359 1394 τοῦ
2393 1341 2742 1413 παρέξοντος.

2355 1545 2406 1596 Ὁ
2449 1542 2634 1598 νικῶν
2682 1547 3134 1615 κληρονομήσει
3188 1547 3374 1600 ταῦτα
3407 1563 3420 1577 ·
3485 1545 3590 1598 καί
3645 1543 3841 1614 ἔσομαι

2269 1634 2427 1700 αὐτῷ
2461 1636 2624 1701 Θεὸς,
2656 1636 2752 1689 καὶ
2784 1639 2968 1704 αὐτὸς
2990 1638 3159 1692 ἔσται
3192 1656 3296 1708 μοι
3330 1639 3485 1704 υἱός.

2353 1767 2411 1821 Ὀ
2433 1767 2491 1820 δὲ
2523 1767 2712 1833 νικῶν,
2743 1769 2901 1838 φησὶ,
2929 1769 3022 1821 τὸν
3051 1770 3188 1840 πρὸς
3213 1771 3340 1834 τοὺς
3371 1770 3644 1840 ἀοράτους
3671 1771 3846 1843 δαίμο-

579 1871 859 1933 aspectum
902 1877 1008 1914 non
1047 1859 1292 1921 veniunt,
1329 1857 1662 1920 obtinuerit,
1702 1855 1844 1910 bona
1873 1854 1938 1908 de
1964 1855 2161 1922 quibus

2269 1877 2366 1922 νας
2410 1859 2671 1930 πόλεμον,
2722 1859 2829 1914 τῶν
2864 1860 3089 1928 ἀγαθῶν
3143 1860 3351 1914 τούτων
3395 1861 3693 1928 τεύξεται,
3743 1863 3841 1927 uio;

580 1956 668 2010 hic
694 1969 875 2009 sermo
901 1961 1006 2015 est,
1046 1960 1437 2020 consequetur,
1466 1946 1559 2003 Dei
1605 1947 1864 2001 nimirum
1898 1944 2043 2000 filius
2080 1943 2162 1999 ef-

578 2047 776 2112 fectus,
814 2045 1087 2114 bonisque
1128 2041 1372 2112 paternis
1436 2049 1602 2110 atque
1653 2037 1870 2094 deliciis
1904 2045 2022 2092 tuto
2057 2052 2162 2107 po-

580 2141 732 2195 titus.

649 2269 791 2335 ΧΧΙ,
829 2268 880 2324 8.
922 2266 1142 2320 Timidis
1173 2273 1369 2327 autem,
1409 2273 1458 2317 et
1492 2261 1804 2326 incredulis,
1839 2270 1889 2314 et
1914 2275 2159 2314 exsecra-

580 2365 671 2424 tis,
709 2370 757 2415 et
797 2358 1099 2421 homicidis,
1144 2367 1192 2409 et
1236 2353 1690 2424 fornicatoribus,
1731 2362 1779 2407 et
1819 2351 2081 2418 veneficis,
2113 2361 2160 2404 et

578 2451 906 2514 idololatria,
931 2459 978 2502 et
1006 2447 1247 2499 omnibus
1279 2445 1641 2507 mendacibus,
1672 2460 1796 2513 pars
1828 2442 2041 2496 illorum
2063 2441 2162 2494 erit

582 2545 638 2598 in
665 2552 852 2610 stagno
884 2538 1092 2594 ardenti
1122 2539 1238 2607 igne
1267 2547 1314 2591 et
1341 2535 1612 2605 sulphure,
1641 2535 1780 2605 quod
1810 2545 1886 2589 est
1917 2551 2056 2588 mors
2080 2549 2160 2587 se-

581 2635 777 2690 omnia.

652 2852 796 2907 Deus
825 2849 1058 2906 salutem
1089 2855 1330 2902 nostram
1367 2845 1524 2900 avide
1567 2845 1781 2911 sitiens,
1824 2844 1891 2899 ad
1939 2843 2157 2897 illorum

581 2946 850 2999 bonorum
876 2937 1268 3000 haareditatem,
1303 2951 1424 3005 qua;
1455 2936 1569 3006 ipse
1611 2936 1771 2990 nobis
1812 2935 2158 3006 pra‘paravit,

583 3033 777 3105 partim
804 3031 1024 3103 quidem
1058 3043 1154 3099 per
1178 3027 1297 3081 lmta
1329 3035 1383 3080 et
1409 3027 1676 3096 jucunda,
1711 3027 1908 3098 partim
1940 3039 2158 3079 rursum

582 3143 678 3197 per
703 3125 880 3181 tristia
910 3133 963 3178 et
984 3123 1202 3190 acerba,
1233 3123 1298 3178 ad
1320 3122 1556 3178 otlicium
1585 3120 1896 3175 faciendum
1929 3117 2161 3173 subinde

2270 1951 2405 2004 Θεοῦ
2445 1951 2738 2022 γενόμενος
2764 1989 2780 2016 ,
2827 1951 2922 2004 καὶ
2971 1954 3085 2015 τοῖς
3130 1956 3530 2023 πνευματικοῖς
3579 1955 3843 2026 ἐντρυφῶν

2269 2044 2512 2111 ἀγαθοῖς.

2346 2262 2473 2328 Τοῖς
2513 2261 2582 2315 δὲ
2627 2261 2850 2327 δειλοῖς
2896 2261 2994 2315 καί
3023 2263 3308 2328 ἀπίστοις
3334 2261 3459 2334 [καί
3487 2262 3840 2332 ἁμαρτωλοῖς

2269 2354 2392 2425 καί]
2420 2354 2879 2424 ἐϐδελυγμένοις
2913 2353 3009 2407 καί
3043 2353 3299 2422 φονεῦσι
3343 2353 3443 2408 καί
3472 2357 3715 2422 πόρνοις
3754 2354 3840 2407 καί

2267 2447 2603 2517 φαρμακοῖς
2654 2446 2751 2498 καί
2805 2446 3293 2514 εἰδωλολάτραις,
3355 2447 3459 2500 καί
3520 2445 3670 2500 πᾶσι
3729 2445 3839 2510 τοῖς

2269 2538 2548 2607 ψευδέσι,
2583 2536 2651 2591 τὸ
2679 2537 2863 2606 μέρος
2895 2534 3095 2591 αὺτῶἰο
3139 2537 3208 2591 ἐν
3247 2537 3323 2606 τῇ
3368 2539 3557 2607 λίμνῃ
3593 2535 3664 2605 τῇ
3692 2554 3836 2590 καιο-

2264 2628 2438 2698 μένῃ,
2501 2627 2644 2696 πυρὶ
2679 2627 2776 2680 καὶ
2810 2627 2967 2694 θείῳ·
3002 2626 3034 2680 ὅ
3083 2627 3254 2681 ἐστιν
3291 2628 3373 2700 [d]
3429 2629 3703 2696 δεύτερος
3745 2626 3834 2681 θά-

2267 2736 2470 2785 ratae.

2353 2853 2411 2904 Ὁ
2441 2851 2550 2920 γὰρ
2575 2851 2746 2921 διψῶν
2777 2851 2873 2921 τὴν
2913 2851 3189 2922 σωτηρίαν
3220 2852 3380 2922 ἡμῶν
3407 2851 3562 2915 Θεὸς,
3594 2849 3834 2904 πάντοθεν

2269 2944 2416 3015 ἡμᾶς
2451 2945 2530 3007 εἰς
2558 2944 2655 3014 τὴν
2689 2943 3053 3014 κληρονομίαν
3096 2945 3206 2997 τῶν
3257 2945 3351 2997 ἀπ’
3389 2944 3558 2998 αὑτοῦ
3611 2942 3832 3012 ἀγαθῶν,

2268 3039 2356 3092 διά
2377 3055 2434 3090 τε
2467 3036 2719 3108 χρηστῶν
2743 3036 2830 3088 διά
2864 3053 2922 3088 τε
2954 3035 3294 3106 σκυθρωπῶν
3335 3036 3726 3107 προτρέπεται·
3753 3033 3830 3088 ὑπ’

2268 3131 2390 3200 ὄψιν
2422 3132 2552 3201 ἡμῖν
2585 3131 2734 3197 ἄγων
2777 3130 2877 3200 τὴν
2912 3129 3011 3198 τῆς
3050 3130 3163 3184 ἄνω
3210 3129 3575 3199 Ἰερουσαλὴμ
3613 3126 3834 3198 λαμπρό-

583 3235 682 3275 nos
733 3219 1006 3273 hortatur.
1053 3213 1212 3269 Modo
1262 3229 1504 3284 namque
1553 3228 1804 3283 supernae
1853 3210 2156 3266 Jerusalem

2265 3239 2419 3291 τητα,
2450 3218 2592 3293 [καὶ]
2624 3220 2725 3290 τῆς
2757 3220 2986 3290 γεέννης
3021 3220 3116 3274 τοῦ
3151 3221 3323 3292 πυρὸς
3358 3222 3459 3292 τὴν
3501 3223 3709 3291 ἀφεγγῆ
3751 3220 3833 3272 καὶ

581 3312 924 3383 splendorem
959 3307 1033 3363 ob
1089 3307 1278 3362 oculos
1317 3306 1479 3361 nobis
1511 3305 1766 3376 proponit
1799 3323 1812 3359 :
1848 3304 2012 3359 modo
2041 3320 2132 3357 rur

579 3421 700 3459 sum
747 3403 1040 3458 obscuram
1083 3399 1403 3470 dolorisque
1462 3399 1678 3469 plenam
1721 3397 1982 3466 gehenna:
2022 3395 2164 3467 ignis

579 3495 930 3550 acerbitatem
965 3494 1020 3548 in
1078 3494 1406 3548 memoriam
1440 3491 1683 3557 reducit;
1707 3506 1818 3561 quo
1837 3490 1920 3544 vel
1949 3501 2166 3544 aeterna:

579 3589 767 3660 gloriae
803 3586 1131 3654 Qdesiderio,
1173 3584 1260 3640 vel
1300 3584 1527 3638 infinitae
1572 3581 1917 3638 confusionis
1975 3591 2119 3637 metu
2148 3625 2163 3649 ,

579 3683 708 3735 dum
752 3690 966 3748 tempus
1005 3678 1157 3743 sinit,
1188 3692 1476 3747 operemur
1493 3676 1719 3730 bonum.
1743 3674 1879 3729 Cum
1914 3674 2167 3745 repudia-

581 3772 652 3827 tis
676 3780 732 3827 et
767 3771 1091 3832 cxsccratis,
1119 3770 1442 3839 creterisque
1471 3767 1565 3838 qui
1599 3766 1666 3822 ad
1695 3767 1992 3823 secundam
2019 3780 2166 3819 mor-

581 3874 690 3919 tem
743 3863 1202 3928 condemnantur,
1260 3861 1482 3916 timidos
1527 3875 1766 3930 quoque,
1817 3858 1922 3912 hoc
1971 3867 2076 3920 est,
2111 3858 2163 3910 in

584 3956 823 4012 ferendis
865 3956 1146 4010 laboribus
1191 3963 1246 4008 et
1290 3953 1562 4008 molestiis
1621 3949 2000 4022 effeminatos,
2037 3962 2166 4003 nec-

581 4064 691 4103 non
724 4049 778 4102 in
810 4047 956 4102 lucta
976 4056 1172 4101 contra
1202 4045 1482 4101 diabolum
1512 4043 1734 4112 ignavos
1777 4051 1832 4097 et
1867 4041 2024 4110 quasi
2055 4039 2166 4094 fra-

582 4153 702 4197 ctos
760 4149 1030 4196 recenset.
1071 4137 1291 4194 Utinam
1341 4152 1490 4204 eum,
1523 4136 1616 4205 qui
1649 4133 1917 4190 sacritirio
1951 4131 2167 4188 miseri-

581 4234 820 4289 cordiam
853 4244 1185 4301 anteponere
1211 4229 1518 4290 consuevit,
1547 4236 2004 4298 peccatorumque
2034 4239 2166 4279 con-

582 4326 887 4380 versionem
922 4323 1098 4394 magis
1141 4335 1306 4391 quam
1346 4319 1563 4374 illorum
1613 4325 1840 4371 mortem
1874 4315 2162 4380 desiderat,

585 4417 742 4474 bonis
779 4417 1040 4486 operibus
1078 4415 1153 4468 ita
1192 4414 1476 4482 placemus
1518 4409 1931 4480 propitiumque
1968 4406 2167 4462 redda-

583 4522 727 4570 mus,
759 4511 819 4558 ut
845 4503 990 4558 dona
1021 4502 1113 4556 illa
1145 4509 1200 4555 ct
1251 4499 1539 4564 beneficia,
1573 4515 1696 4568 qua:
1723 4515 1832 4554 non
1863 4497 2040 4554 solum
2071 4511 2166 4566 per

2269 3313 2540 3384 ὀδυνηρὰν
2569 3312 3025 3382 σκυθρωπότητα·
3055 3312 3141 3367 ἵνα
3167 3313 3202 3382 ἢ
3423 3313 3575 3384 πόθῳ
3599 3313 3693 3382 τῆς
3722 3313 3834 3364 αἰω-

2268 3408 2382 3460 νίου
2430 3405 2608 3474 δόξης,
2640 3405 2672 3474 ἢ
2709 3405 2858 3474 φόϐῳ
2905 3405 3001 3475 τῆς
3050 3406 3362 3476 ἀπεράντου
3415 3405 3698 3476 αἰσχύνης,
3743 3402 3832 3464 ἕως

2268 3497 2461 3568 καιρός
2491 3497 2630 3560 ἐστι,
2658 3496 2718 3548 τὸ
2741 3495 2944 3564 ἀγαθὸν
2969 3496 3356 3566 ὲργασώμεθαο
3383 3497 3461 3562 ὼς
3485 3499 3608 3560 τοὺς
3632 3493 3832 3555 λοιποὺς

2267 3588 2776 3658 ἀπηγορευμένους,
2813 3590 2907 3642 καὶ
2935 3588 3062 3652 τοὺς
3095 3589 3304 3652 δειλοὺς
3335 3591 3432 3642 καὶ
3473 3589 3758 3659 ἀνάνδρους
3782 3587 3829 3638 ἐν

2269 3682 2334 3750 τῇ
2387 3680 2526 3733 κατὰ
2571 3678 2666 3731 τοῦ
2709 3679 2958 3733 διαϐόλου
3000 3680 3167 3751 πάλῃ,
3215 3680 3295 3751 τῷ
3351 3682 3598 3752 δευτέρῳ
3638 3678 3830 3745 θανάτῳ

2270 3774 2449 3843 φήσας
2491 3772 3087 3842 καταδικασθήσεσθαι.
3124 3773 3340 3827 Γένοιτο
3371 3775 3430 3828 δὲ
3475 3775 3618 3844 ἡμᾶς
3646 3769 3831 3846 τὸνθεο

2268 3865 2428 3934 λετὴν
2450 3864 2542 3917 τοῦ
2564 3864 2768 3928 ἐλέους,
2792 3865 2884 3918 τὸν
2910 3866 2985 3936 μὴ
3010 3865 3102 3919 τὸν
3127 3867 3359 3920 θάνατον
3385 3866 3483 3920 τοῦ
3503 3847 3828 3937 ἀμαρτωλοῦ,

2269 3953 2404 4006 ἀλλά
2433 3953 2532 4024 τὴν
2568 3954 2918 4024 ὑποστροφὴν
2949 3954 3174 4008 θέλοντα
3199 3995 3213 4018 ,
3249 3957 3458 4022 ὲξιλεου
3472 3957 3664 4027 μένους
3705 3955 3830 4020 ἁγα-

2270 4044 2389 4107 θαῖς
2417 4044 2669 4114 πράξεσι,
2695 4044 2802 4097 τῶν
2824 4045 2991 4099 αὑτοῦ
3017 4049 3202 4117 τυχεῖν
3257 4048 3508 4118 δωρεῶν,
3541 4048 3603 4110 ἃς
3631 4046 3751 4114 ἡμῖν
3776 4043 3827 4094 οὐ

2273 4139 2432 4207 μόνον
2464 4139 2584 4202 ταῖς
2617 4137 2704 4190 διὰ
2748 4138 2923 4205 λόγων
2963 4141 3376 4209 παραινέσεσιν,
3413 4139 3552 4194 ἀλλά
3591 4136 3679 4192 καὶ
3722 4135 3824 4194 ταῖς

2268 4227 2336 4279 δι’
2368 4225 2544 4298 ἔργων
2578 4228 2675 4281 καὶ
2715 4228 2904 4282 παθῶν
2943 4229 3334 4300 προύξένησεν.
3395 4229 3547 4296 Ἐξδν
3573 4229 3676 4298 γάρ
3697 4222 3827 4292 αὐτῷ

2269 4319 2606 4389 ἀρκεσθῆναι
2639 4321 2832 4389 μόναις
2862 4325 2982 4386 ταῖς
3020 4322 3115 4376 τοῦ
3165 4321 3375 4390 ἀγαθοῦ
3411 4321 3517 4394 [τε]
3550 4320 3640 4374 καὶ
3675 4314 3826 4371 κακοῦ

2270 4414 2610 4482 προτροπαῖς
2643 4412 2725 4484 [τε
2774 4416 2869 4468 καὶ
2903 4415 3292 4488 ἁποτροπαῖς,]
3322 4417 3417 4469 καὶ
3465 4415 3600 4487 μετὰ
3630 4405 3826 4475 τοῦτοῆ

2269 4503 2496 4557 κολάσαι
2523 4502 2555 4572 ἢ
2589 4504 2822 4576 τιμῆσαι
2855 4506 2984 4569 τοὺς
3011 4505 3195 4571 ἀξίους
3221 4506 3253 4576 ἢ
3281 4507 3558 4567 κολάσεως
3589 4504 3618 4574 ἢ
3647 4501 3790 4568 δόξης
3810 4534 3823 4557 ν

581 4611 866 4651 sermones
893 4594 1322 4658 exhortatorios,
1364 4607 1558 4646 verum
1605 4592 1769 4645 etiam
1802 4607 1898 4660 per
1923 4605 2088 4659 opera
2117 4599 2161 4643 ct

2274 4597 2301 4648 ὁ
2326 4595 2382 4648 δὲ
2441 4596 2536 4648 καὶ
2571 4596 2762 4650 παθεῖν
2793 4599 2860 4651 δι’
2889 4601 3039 4669 ἡμᾶς
3069 4600 3171 4653 οὐκ
3217 4599 3552 4670 ἀπηξὶωσεν·
3586 4597 3667 4649 ἵνα
3704 4591 3825 4663 μήτε

583 4685 908 4741 alllictioncs
959 4685 1121 4740 nobis
1147 4683 1444 4738 conciliare
1501 4682 1728 4746 Studuit,
1773 4681 2004 4736 feliciter
2036 4695 2166 4734 con-

582 4795 897 4849 sequamur.
931 4777 1068 4833 Cum
1105 4775 1250 4830 enim
1286 4784 1370 4830 sat
1403 4774 1479 4828 illi
1504 4789 1626 4830 esse
1662 4773 1934 4843 potuisset
1972 4772 2038 4826 ad
2067 4771 2166 4825 bo-

583 4885 714 4924 num
763 4879 972 4922 tantum
1021 4881 1121 4922 nos
1150 4865 1452 4928 exhortari,
1500 4875 1552 4918 et
1593 4880 1623 4918 a
1655 4863 1800 4917 malo
1823 4863 2164 4925 absterrere,

579 4973 635 5014 et
673 4971 798 5030 post
836 4960 934 5012 hoc
982 4959 1154 5027 gloria
1183 4966 1278 5011 aut
1313 4971 1472 5026 paena
1505 4957 1723 5025 dignos,
1760 4955 2033 5008 honorare
2073 4961 2169 5006 aut

585 5054 778 5121 punire
802 5091 817 5117 ,
859 5067 967 5104 non
1000 5050 1104 5104 fuit
1134 5050 1285 5104 hisce
1313 5057 1637 5111 contentus;
1672 5061 1858 5099 verum
1893 5047 2000 5114 pati
2033 5060 2169 5115 quo-

581 5163 688 5212 que
716 5145 891 5199 nostri
913 5159 1076 5198 causa
1113 5143 1321 5208 voluit;
1359 5158 1470 5211 quo
1496 5143 1596 5195 hac
1631 5139 1841 5192 ratione
1872 5154 2049 5208 neque
2074 5155 2160 5193 vo-

582 5240 810 5295 luntatis
834 5247 1037 5293 nostrae
1061 5237 1368 5290 libertatem
1402 5233 1640 5297 laederet,
1668 5247 1841 5300 neque
1861 5232 2158 5301 quidquam

579 5348 770 5388 eorum
804 5345 924 5400 qua:
958 5328 1026 5384 ad
1074 5336 1322 5383 nostram
1360 5323 1686 5380 medicinam
1725 5331 1778 5376 et
1825 5320 2161 5376 emendatio-

581 5439 704 5478 nem
745 5422 1004 5486 facerent,
1055 5417 1472 5490 prmtermisisse
1508 5415 1684 5484 palam
1734 5424 2038 5483 appareret.
2083 5411 2160 5466 Ne

2265 4687 2345 4754 τῷ
2381 4686 2716 4757 αὐτεξουσίῳ
2760 4689 3092 4760 λυμήνηται,
3137 4691 3277 4760 μήτε
3326 4693 3469 4761 φανῇ
3521 4705 3574 4740 τι
3609 4678 3826 4754 παριδὼν

2266 4777 2365 4846 τῆς
2414 4777 2571 4847 ἡμῶν
2619 4779 2860 4846 ἰατρείας
2890 4782 2984 4834 καὶ
3032 4780 3457 4851 ἐπανορθώσεως
3503 4779 3702 4832 ἕνεκεν.
3746 4768 3823 4833 Μὴ

2268 4868 2447 4922 τοίνυν
2474 4871 2552 4932 εἰς
2583 4871 2740 4923 κενὸν
2772 4872 2871 4941 τὴν
2901 4873 3063 4943 χάριν
3096 4873 3190 4926 τοῦ
3225 4874 3362 4926 Θεοῦ
3396 4869 3694 4941 δεξώμεθα,
3723 4861 3824 4918 ἀλλ’

2270 4961 2627 5030 ἐμπράκτους
2677 4963 2841 5017 αὐτοῦ
2894 4966 2994 5028 τάς
3032 4965 3356 5034 εὐεργεσίας
3396 4965 3463 5018 δι’
3512 4955 3825 5029 ἐπιστροῑοῆς

2270 5053 2366 5105 καὶ
2395 5054 2574 5123 ἔργων
2604 5055 2825 5122 ἀγαθῶν
2853 5057 3167 5122 ἐπιδείξεως
3199 5061 3537 5130 ποιήσωμεν,
3567 5057 3705 5114 ὅπως
3729 5047 3823 5100 τῶν

2269 5146 2697 5216 ἐπηγγελμένων
2719 5150 2942 5217 ἀγαθῶν
2963 5151 3312 5222 ὲπιτύχωμεν
3333 5155 3390 5205 ὲν
3416 5146 3609 5223 [αὐτῷ]
3627 5134 3822 5209 Χριστῷ

2270 5236 2348 5306 τῷ
2375 5237 2493 5309 Θεῷ
2520 5239 2695 5309 ἡμῶν·
2731 5241 2849 5310 μεθ’
2875 5235 2936 5294 οὗ
2968 5241 3043 5311 τῷ
3070 5245 3244 5312 Πατρὶ
3273 5243 3389 5314 ἅμα
3415 5243 3491 5313 τῷ
3519 5240 3652 5308 ἀγίῳ
3674 5229 3822 5287 Πνεύο

2273 5346 2424 5398 ματι,
2455 5329 2550 5384 νῦν
2584 5333 2678 5386 καὶ
2703 5333 2792 5386 ἀεὶ
2824 5335 2918 5386 καὶ
2954 5336 3032 5397 εἰς
3071 5337 3199 5398 τοὺς
3225 5336 3426 5399 αἰῶνας
3459 5333 3584 5407 [τῶν
3609 5319 3816 5390 αἰώνων]

2267 5421 2415 5485 δόξα,
2451 5425 2672 5492 κράτος.
2717 5425 2912 5496 Ἀμήν.

581 5521 887 5589 proindein
920 5533 1117 5573 vanum
1140 5516 1234 5570 Dei
1285 5513 1516 5586 gratiam
1574 5511 1966 5580 suscipiamus,
2006 5525 2194 5564 verum
2238 5529 2335 5583 per
2377 5520 2792 5576 conversionem
2863 5524 3246 5596 bonorumque
3289 5540 3510 5595 operum
3570 5513 3810 5576 exercita-

583 5613 809 5674 tionem,
835 5609 1094 5665 beneficia
1121 5605 1268 5662 illius
1313 5604 1554 5660 ellicacia
1594 5603 1646 5656 in
1711 5600 1870 5656 nobis
1932 5598 2237 5668 faciamus;
2275 5619 2385 5673 quo
2431 5609 2825 5676 promissarum
2871 5613 3138 5668 bonorum
3193 5618 3455 5670 thesauro
3499 5609 3698 5665 tandem
3729 5613 3810 5671 Ρο-

585 5701 808 5763 Iiamur,
847 5701 900 5754 in
933 5701 1054 5770 ipso
1079 5698 1300 5755 Christo
1328 5699 1435 5755 Deo
1461 5706 1671 5761 nostro,
1723 5710 1848 5749 cum
1909 5709 2018 5762 quo
2044 5692 2188 5747 Patri
2243 5706 2297 5750 et
2363 5712 2552 5758 sancto
2596 5705 2920 5776 vivilicoque
2975 5706 3204 5777 Spiritui
3253 5711 3321 5764 sit
3361 5709 3554 5780 gloria,
3587 5714 3736 5760 ntmc,
3763 5697 3807 5746 et

586 5806 826 5860 semper,
859 5801 915 5846 et
939 5793 992 5846 in
1031 5793 1230 5846 swcula
1269 5792 1614 5848 satculorum.
1644 5791 1840 5844 Amen.
