4102 6474
288 501 358 564 33
1227 477 1835 562 COMMENTARIUS
1874 501 1958 562 1N
1993 501 2522 565 APOCALYPSIN.

3418 507 3528 572 434

247 611 446 680 αὐτῆς
473 611 628 666 ὅσον
654 611 717 666 τὸ
756 612 1016 680 πλάτος·
1049 611 1148 666 καί
1178 611 1472 684 ἐμέτρησε
1502 611 1622 679 τὴν
1651 613 1825 667 πόλιν

1940 624 1988 667 et
2020 613 2298 684 longitudo
2345 616 2458 684 ejus
2491 623 2642 670 tanta
2678 625 2788 684 est,
2832 627 3034 687 quanta
3064 627 3114 673 et
3147 617 3402 674 latitudo.
3459 621 3527 674 I’t

247 704 320 757 ἐν
343 703 426 768 τῷ
455 703 707 773 καλάμῳ
738 703 836 757 ἐπὶ
859 703 1132 758 σταδίων
1162 703 1394 758 δώδεκα
1421 703 1732 772 χιλιάδων·
1755 703 1832 757 ιτὸ

1944 721 2154 760 mensus
2196 715 2274 760 est
2322 708 2588 761 civitatem
2633 708 2698 762 de
2740 710 3001 764 arundine
3029 727 3198 764 aurea
3227 727 3320 780 per
3347 713 3524 766 stadia

243 795 448 864 μῆκος
477 795 689 866 αὐτῆς,
741 796 838 850 καί
883 796 950 849 τό
1000 795 1231 864 πλάτος
1270 796 1368 851 καὶ
1405 797 1470 850 τὸ
1501 796 1682 866 ὕψος,
1731 797 1825 851 τσο

1941 795 2216 849 duodecim
2249 797 2457 862 millia;
2481 809 2532 852 et
2565 798 2838 868 longitudo
2867 810 2917 854 et
2943 799 3178 855 latitudo
3211 811 3261 858 et
3293 802 3532 856 altitudo

247 886 406 940 ἐστι’.

327 976 707 1046 Τετράγωνος
735 979 792 1033 δὲ
819 979 858 1046 ἠ
884 981 1062 1044 πόλις
1093 978 1396 1037 κεῖται,διά
1413 978 1472 1031 τὸ
1495 979 1710 1049 ἑδραῖον
1741 975 1838 1030 καὶ

1941 888 2055 956 ejus
2080 889 2310 958 requalia
2332 899 2474 944 sunt.

2015 979 2295 1046 Quadrato
2319 983 2432 1038 hare
2451 985 2635 1039 ciuitas
2656 985 3007 1054 describitur,
3035 988 3102 1042 ad
3127 988 3526 1059 designandum

251 1074 450 1141 πάγιον
472 1089 486 1104 ·
515 1074 576 1126 τὸ
604 1075 713 1146 γὰρ
740 1075 883 1128 κατά
901 1093 958 1128 τε
985 1075 1148 1144 βάθος
1181 1075 1274 1129 καὶ
1306 1075 1480 1145 μῆκος
1509 1075 1604 1127 καὶ
1635 1073 1825 1136 πλάτος

1942 1073 2228 1128 immotam
2263 1073 2416 1130 illius
2457 1076 2792 1133 ﬁrmitatem.
2825 1077 2982 1145 Quod
3033 1080 3176 1134 enim
3219 1083 3522 1138 secundum

254 1165 575 1237 ἰσόπλευρον
636 1167 816 1232 κύϐος
863 1168 1006 1220 τισὶν
1049 1168 1394 1237 ὠνόμασται·
1428 1167 1751 1237 ἑδραιότητα
1781 1165 1825 1218 δὲ

1941 1164 2372 1234 profunditatem
2396 1175 2448 1220 et
2472 1168 2814 1224 altitudinem
2842 1181 2897 1224 et
2925 1170 3320 1241 longitudinem
3349 1174 3524 1244 tequi-

249 1255 448 1328 δηλοῦν
479 1257 716 1325 λέγεται.
759 1259 824 1310 Δί
857 1258 914 1311 δὲ
945 1257 1189 1320 ξδώδεκα
1223 1256 1499 1327 χιλιάδες
1532 1255 1652 1311 τῶν
1693 1271 1838 1309 στα-

1939 1255 2173 1311 laterum
2219 1263 2324 1321 est,
2376 1256 2506 1312 illud
2542 1259 2702 1314 cubus
2755 1275 2785 1314 a
2825 1261 3158 1330 quibusdam
3190 1264 3520 1333 appellatur.

245 1347 418 1410 δίων,
452 1345 520 1412 ἃς
551 1345 695 1420 ἔχειν
717 1347 853 1420 φησὶ
878 1349 978 1418 τὴν
1006 1349 1184 1414 πόλιν,
1212 1349 1345 1412 ἴσως
1382 1347 1482 1419 μὲν
1509 1347 1825 1418 σημαίνουσι

1939 1344 2144 1400 Cubica
2179 1354 2361 1401 autem
2397 1346 2569 1416 ﬁgura
2624 1365 2734 1419 prae
2775 1351 2989 1406 caneris
3036 1351 3192 1406 ﬁrma
3227 1361 3280 1408 et
3305 1355 3520 1410 stabilis

245 1435 312 1488 τὸ
357 1435 567 1506 ταύτης
607 1437 871 1510 μέγεθος·
902 1438 1041 1510 ὑπὲρ
1080 1439 1190 1508 γάρ
1219 1437 1472 1510 ψάμμον,
1516 1437 1592 1502 ὥς
1619 1438 1825 1508 φησινί

1939 1439 2192 1494 habetur.
2224 1439 2292 1493 At
2342 1454 2470 1496 vero
2513 1442 2788 1496 duodecim
2818 1443 2992 1498 millia
3017 1445 3354 1509 stadiorum',
3385 1458 3522 1517 quot

243 1527 433 1592 Δαυῒδ,
481 1531 529 1582 οἱ
571 1528 776 1599 ταύτης
820 1531 1106 1602 οἰκήτορες
1142 1529 1654 1602 πληθυνθήσονται⁸
1705 1531 1836 1592 iani;

1937 1530 2149 1596 civitas,
2187 1531 2260 1588 de
2284 1547 2391 1601 qua
2428 1531 2519 1587 hic
2563 1532 2766 1603 agitur,
2814 1533 3017 1588 habere
3055 1537 3341 1601 assoritur,
3377 1537 3522 1592 illius

241 1619 302 1673 δὲ
321 1621 419 1674 καὶ
443 1621 532 1676 διά
553 1622 642 1675 τὸν
669 1621 904 1693 ἀριθμὸν
927 1622 1036 1675 τῶν
1060 1621 1269 1676 δώδεκα
1301 1621 1634 1684 ἀποστόλων,
1666 1619 1734 1674 δι’
1759 1613 1825 1674 ὧν

1939 1622 2078 1679 forte
2127 1624 2558 1691 magnitudinem
2617 1626 2898 1683 denotant.
2945 1625 3104 1690 Nam,
3147 1637 3206 1683 ut
3257 1629 3524 1698 propheta

243 1711 388 1783 αὕτη
411 1714 800 1778 κατοικίζεται.
840 1714 948 1766 Καὶ
981 1715 1010 1766 ό
1029 1713 1390 1783 ἐϐδοματικὸς
1415 1711 1542 1784 [δὲ]
1569 1710 1826 1782 ἀριθμὸς,

247 1805 517 1875 μυστικὸς
543 1805 638 1868 ὣν,
668 1805 756 1858 διά
785 1823 926 1870 τινος
952 1805 1268 1868 ἀναλύσεως
1312 1804 1614 1876 παρίστησι
1645 1803 1706 1857 τὺ
1731 1802 1831 1872 ζη-

241 1895 531 1966 τούμενον.
572 1897 640 1950 Ai
676 1897 786 1968 γὰρ
837 1897 1087 1968 pnsum
1145 1897 1380 1968 χιλιάδες
1419 1898 1530 1951 τῶν
1578 1897 1828 1963 σταδίων,

1939 1715 2106 1770 David
2132 1715 2480 1783 vaticinatur,
2511 1715 2657 1771 illius
2683 1717 2876 1774 incoho
2900 1735 3066 1787 super
3093 1735 3316 1776 arenam
3353 1721 3523 1776 maris

1939 1807 2471 1876 multiplicabuntur.
2525 1807 2802 1864 Fortassis
2843 1825 2940 1880 per
2965 1811 3257 1866 duodecim
3294 1821 3522 1880 apostoo

1939 1900 2114 1954 lorum
2164 1914 2485 1963 numerum,
2543 1915 2639 1970 per
2685 1915 2824 1970 quos
2879 1901 2996 1971 ipsa
3057 1903 3427 1964 inbabitator,
3472 1909 3526 1958 et

243 1963 468 2056 σημεῖα
493 1963 906 2046 ἀποτελοῦσι
935 1963 1205 2062 λεγόμενα
1247 1993 1434 2059 μίλια,
1468 1986 1624 2062 lar.th
1648 2005 1666 2022 ·
1717 1989 1825 2043 τῶν

1933 1989 2326 2058 soptenarium,
2378 1992 2470 2059 qui
2505 1963 2622 2059 ipse
2668 1963 2856 2047 itidem
2900 1963 3174 2064 mysticus
3219 2001 3325 2060 est,
3379 1963 3522 2050 facta

247 2077 350 2147 μὲν
395 2079 611 2150 χιλίων
665 2081 971 2151 δηλούντων
1023 2082 1126 2152 τῆς
1174 2083 1482 2155 ἀπεράντου
1544 2083 1692 2151 ζωῆς
1732 2081 1825 2153 τὴν

1931 2079 2168 2150 quadam
2195 2078 2556 2133 calculatione
2601 2088 2654 2134 et
2691 2081 3052 2146 resolutione,
3083 2082 3228 2153 quod
3257 2083 3524 2152 quaeritur

243 2170 596 2243 τελειότητα·
629 2173 738 2226 τῶν
791 2173 849 2226 δὲ
888 2173 1292 2242 ἑπτακοσίων,
1330 2163 1396 2228 τὸ
1435 2177 1492 2228 ὲν
1525 2173 1825 2228 ἀναπαύσει

1931 2173 2258 2227 invenietur.
2308 2171 2523 2228 Etenim
2571 2172 2829 2243 praedicta
2873 2174 3168 2230 duodecim
3216 2175 3518 2232 stadiorum

243 2263 480 2318 τέλειον
517 2265 628 2319 τῶν
677 2265 736 2319 δὲ
783 2266 1267 2336 δεκατεσσάρων,
1301 2267 1394 2322 τὸν
1435 2265 1660 2321 διπλοῦν
1695 2265 1825 2320 σαϐ-

1931 2265 2132 2330 millia,
2174 2265 2322 2322 mille
2368 2265 2715 2336 septingenta
2777 2275 2832 2322 et
2883 2257 3300 2337 quattuordecim
3342 2268 3519 2339 signa,

237 2355 510 2426 ϐατισμδν
575 2357 677 2428 τῆς
727 2357 906 2428 ψυχῆς
949 2359 1045 2412 καὶ
1088 2359 1184 2412 τοῦ
1237 2358 1514 2430 σώματος.
1569 2359 1664 2422 Δὶς
1715 2355 1830 2427 γὰρ

237 2448 406 2512 ἑπτά,
442 2449 844 2526 δεκατέσσαρα.

1929 2371 2048 2425 qua:
2097 2357 2264 2425 vulgo
2319 2356 2558 2409 miliaria
2641 2356 3006 2424 appellantur,
3074 2357 3392 2411 conﬁciunt.
3479 2355 3522 2410 E

1929 2448 2130 2517 quibus
2161 2446 2324 2512 mille,
2349 2447 2774 2502 interminabilis
2803 2447 2928 2502 vitae
2961 2445 3352 2517 perfectionem
3383 2448 3522 2504 insi-

233 2551 460 2596 nuant:
511 2543 840 2612 septingenta
897 2551 1105 2606 autem,
1169 2543 1467 2613 perfectam
1514 2541 1758 2610 requiem
1794 2557 1806 2594 :
1839 2537 2240 2611 quatunrdecim
2291 2551 2442 2602 vero,
2505 2538 2778 2605 duplicem
2826 2536 3264 2604 Sabbatismum,
3323 2537 3522 2592 anima:

237 2633 504 2688 nimirum
550 2643 604 2688 et
650 2633 896 2702 corporis
930 2634 1190 2702 quietem.
1243 2633 1335 2688 Bis
1389 2634 1535 2688 enim
1573 2639 1782 2702 septem
1830 2629 2174 2686 constituunt
2199 2629 2636 2692 quatuordecim.

311 2723 422 2778 Kal
448 2723 741 2791 ἐμέτρησε
779 2724 843 2776 τὸ
873 2722 1072 2790 τεῖχος
1113 2721 1308 2790 αὐτῆς
1349 2722 1570 2777 ἑκατὸν
1603 2735 1831 2775 τεσσα-

2005 2717 2143 2778 ΧΧΙ,
2187 2717 2269 2772 l7.
2311 2717 2372 2770 Et
2407 2735 2615 2772 mensus
2640 2729 2713 2774 est
2749 2735 2957 2774 murum
2986 2720 3120 2789 ejus,
3149 2730 3357 2773 centum
3389 2737 3510 2790 qna-

227 2815 746 2884 ρακοντεσσιίρων
800 2813 1014 2883 πηχῶν
1033 2831 1048 2846 ’
1102 2813 1329 2884 μέτρον
1393 2813 1732 2884 ἀνθρώπου,
1799 2813 1825 2867 ὅ

1929 2811 2182 2881 draginta
2211 2819 2442 2880 quatuor
2471 2813 2807 2879 cubitorum;
2845 2829 3088 2868 mensura
3118 2813 3370 2881 hominis,
3401 2833 3521 2886 quis

232 2909 412 2962 ἐστιν
438 2907 725 2978 ἀγγέλου.

307 3001 384 3055 Τὸ
422 3002 622 3073 μέτρον
646 3001 740 3054 τοῦ
775 3001 970 3072 βάθους
1004 3003 1098 3055 τοῦ
1133 3001 1368 3072 τείχους,
1407 3001 1600 3074 πηχῶν
1633 3001 1832 3055 ἑκατὸν

233 3093 654 3163 τεσσαράκοντα
700 3093 1017 3164 τεσσάρων
1067 3093 1370 3157 δωδεκάκις
1415 3093 1524 3164 γάρ
1562 3096 1591 3146 ὁ
1617 3093 1826 3146 δώδεκα

229 3185 472 3256 ἀριθμὸς
523 3186 903 3260 συντιθέμενος
924 3231 936 3252 ,
973 3189 1001 3239 ό
1041 3188 1141 3252 τὴν
1170 3185 1540 3256 ἀποστολικὴν
1568 3186 1828 3240 διδασκα-

229 3279 354 3333 λίαν
381 3280 692 3350 ἐμφαίνων,
712 3279 902 3332 τοῦτον
925 3281 1182 3334 ἀποτελεῖ
1210 3279 1304 3332 τὸν
1327 3279 1582 3350 ἀριθμόν.

315 3462 427 3516 Καὶ
455 3457 528 3529 ἦν
548 3461 586 3530 ἠ
610 3461 939 3531 ἐνδόμησις
961 3461 1067 3516 τοῦ
1087 3462 1326 3529 τείχους
1353 3461 1564 3528 αὐτῆς,
1593 3461 1824 3527 ἵασπις’

229 3555 340 3612 καί
369 3557 408 3624 ἠ
441 3556 614 3622 πόλις
647 3555 911 3624 χρυσίον
940 3555 1226 3622 καθαρὸν,
1261 3553 1470 3624 ὅμοιον
1505 3553 1674 3618 ὑάλῳ
1722 3571 1825 3608 κα-

225 3649 418 3718 θαρῷ.

317 3740 385 3794 Ἠ
411 3739 468 3792 δὲ
499 3738 788 3810 ἐνδόμησις
821 3735 915 3792 τοῦ
943 3737 1180 3808 τείχους,
1215 3737 1422 3802 ἴασπις,
1452 3737 1552 3807 τὴν
1593 3734 1824 3806 ἀειθαλῆ

227 3832 332 3886 καὶ
369 3832 692 3900 ἀμάραντον
727 3829 872 3901 ζωὴν
903 3829 1013 3884 τῶν
1045 3829 1219 3898 ἁγίων
1247 3829 1607 3892 ἐνδείκνυται,
1641 3827 1826 3891 καθὼς

231 3924 502 3988 πολλάκις
551 3925 786 3993 εἴρηται.
833 3921 1110 3990 Καθαρὸν
1145 3921 1200 3974 δὲ
1245 3924 1307 3974 τὸ
1357 3923 1616 3991 χρυσίον
1651 3921 1826 3991 αὐτῆς

222 4019 316 4084 ὡς
345 4018 565 4083 ὕαλος,
615 4015 703 4069 διὰ
747 4017 808 4069 τὸ
847 4014 1067 4088 διαυγὲς
1109 4015 1201 4068 καὶ
1230 4015 1485 4088 λαμπρὸν
1515 4015 1624 4070 τῶν
1649 4015 1825 4085 αὐτῆς

224 4111 564 4182 οἰκητόρων.

303 4287 418 4343 Kal
447 4291 502 4342 ot
534 4289 794 4360 θεμέλιοι
817 4288 924 4343 τοῦ
945 4287 1185 4356 τείχους
1219 4285 1330 4357 τῆς
1357 4287 1610 4358 πόλεως,
1639 4287 1822 4342 παντί

220 4380 383 4446 λίθῳ
409 4380 582 4448 τιμίῳ
605 4379 1068 4449 κεκοσμημένοι.

308 4475 374 4526 Ui
423 4473 480 4526 δὲ
516 4470 724 4527 δώδεκα
757 4472 1018 4542 θεμέλιοι,
1067 4473 1274 4527 δώδεκα
1303 4474 1442 4528 λίθοι
1493 4473 1686 4544 τίμιοι,
1745 4467 1821 4538 ὧν

221 4569 279 4620 οἱ
312 4565 461 4620 ὀκτὼ
512 4568 570 4621 ὲν
619 4566 698 4636 τῷ
727 4566 898 4637 λογίῳ
939 4566 1035 4621 τοῦ
1079 4567 1384 4638 ἀρχιερέως
1413 4567 1582 4622 πάλαι
1621 4567 1820 4635 ἀνεφέ-

1927 2913 2006 2956 est
2038 2901 2236 2973 angeli.

2005 2993 2260 3048 Mensura
2283 2993 2672 3063 profunditatis
2697 2996 2840 3050 muri
2867 3006 2988 3051 erat
3037 2997 3344 3052 cubitorum
3375 3000 3522 3056 mille

1935 3086 2298 3156 quadraginta
2345 3095 2625 3156 quatuor:
2661 3088 3032 3146 duodenarius
3075 3091 3220 3145 enim
3259 3107 3519 3146 numerus

1939 3180 1992 3233 in
2028 3178 2267 3247 seipsum
2304 3177 2703 3247 multiplicatus
2725 3221 2738 3243 ,
2773 3181 2864 3250 qui
2905 3182 3220 3250 apostolicae
3256 3182 3520 3237 doctrinm

1859 3287 1904 3346 ο
1937 3269 2240 3324 ubertatem
2286 3269 2357 3323 ob
2395 3269 2587 3324 oculos
2632 3271 2790 3326 noliis
2824 3271 2998 3341 ponit,
3047 3273 3196 3328 hunc
3227 3287 3516 3328 numerum

1934 3361 2188 3415 absolvit.

2002 3450 2148 3516 XXI,
2187 3451 2273 3507 18.
2317 3451 2382 3505 Et
2415 3462 2529 3506 erat
2564 3460 2837 3506 structura
2885 3454 3026 3506 muri
3070 3453 3184 3522 ejus
3223 3467 3286 3506 ea:
3345 3452 3520 3522 lapide

1933 3541 2180 3612 jaspide;
2233 3543 2346 3611 ipsa
2381 3560 2499 3598 vero
2550 3544 2738 3598 civitas
2796 3560 2990 3598 aurum
3041 3546 3317 3612 mundum,
3345 3545 3518 3599 simile

1931 3634 2068 3688 uitro
2093 3635 2312 3692 ntnndo.

2007 3724 2290 3782 Structura
2339 3727 2482 3780 muri
2525 3726 2645 3797 ejus
2671 3725 2879 3796 iaspis;
2915 3741 3038 3796 quae
3101 3726 3316 3781 beatam
3367 3741 3516 3782 sem-

1933 3834 2139 3889 perque
2171 3829 2491 3874 vernantem
2525 3828 2842 3874 sanctorum
2868 3820 3036 3874 vitam
3060 3819 3423 3882 demonstrat,
3459 3827 3520 3874 ut

1931 3927 2076 3981 saepe
2103 3910 2216 3980 jam
2248 3919 2376 3967 ante
2411 3912 2616 3966 dictum
2663 3923 2770 3968 est.
2821 3913 3026 3968 Aurum
3058 3921 3242 3968 autem
3285 3913 3406 3983 ejus
3436 3913 3518 3967 di-

1931 4003 2073 4059 citur
2099 4019 2293 4072 purum
2332 4013 2587 4073 tanquam
2625 4005 2852 4070 uitrum;
2889 4005 2956 4070 ad
2987 4003 3410 4076 signiﬁcandum
3448 4005 3516 4058 il-

1930 4097 2108 4150 lorum
2139 4094 2486 4164 splendorem
2513 4097 2982 4167 conspicuamque
3006 4097 3312 4150 claritatem
3343 4099 3438 4168 qui
3461 4098 3516 4151 in

1929 4203 1993 4243 ea
2027 4188 2295 4244 habitant.

2001 4281 2144 4349 XXI,
2182 4283 2268 4347 19,
2301 4283 2390 4338 9.0.
2427 4281 2494 4335 Et
2532 4283 2876 4352 fundamenta
2920 4284 3060 4340 muri
3089 4284 3338 4350 ciuitatis,
3371 4286 3514 4338 omni

1927 4375 2108 4445 lapide
2136 4376 2364 4444 pretiosa
2389 4385 2604 4429 ornata.

2000 4467 2296 4523 Duodecim
2353 4467 2708 4522 fundamenta
2773 4475 2904 4522 sunt
2963 4467 3250 4523 duodecim
3307 4467 3514 4538 lapides

1929 4560 2189 4630 pretiosi;
2221 4575 2252 4614 c
2285 4559 2491 4630 quibus
2525 4567 2651 4614 octo
2682 4559 2738 4614 in
2770 4559 2971 4616 summi
3003 4561 3310 4616 sacerdotis
3343 4561 3514 4614 ratio-

229 4677 422 4730 ροντο·
476 4661 526 4713 οἱ
574 4660 630 4713 δὲ
675 4661 940 4732 τέσσαρες
1001 4659 1452 4732 παρηλλαγμένοι
1502 4661 1674 4714 εἰσίν·
1733 4661 1819 4716 ἵνα

1928 4653 2034 4708 nali
2058 4653 2187 4709 olim
2212 4653 2400 4708 inserti
2421 4659 2614 4722 erant;
2645 4663 2884 4723 quatuor
2905 4661 3088 4708 autem
3123 4653 3320 4708 mutati
3349 4661 3512 4718 sunt;

225 4755 484 4824 ἀναφανῇ
536 4751 704 4826 [καὶ]
740 4753 801 4806 τὸ
863 4752 1156 4824 σύμφωνον
1209 4755 1310 4824 τῆς
1367 4754 1496 4817 νέας
1539 4754 1675 4824 πρὸς
1717 4753 1816 4827 τὴν

223 4845 498 4908 παλαιάν,
528 4846 620 4900 καὶ
645 4845 708 4900 τὸ
755 4846 1024 4918 ὑπερέχον
1057 4845 1166 4900 τῶν
1181 4829 1259 4900 ’ἐν
1301 4847 1439 4917 αὐτῇ
1474 4846 1816 4917 διαλαμψάν-

219 4957 360 4994 των.
391 4939 459 4992 Ol
487 4939 665 4993 τοίνυν
682 4940 970 4994 ἀπόστολοι
997 4941 1147 5012 πάσῃ
1176 4941 1345 5012 ἀρετῇ
1370 4939 1458 4994 διὰ
1489 4941 1598 4995 τῶν
1621 4939 1818 5012 τιμίων

218 5031 397 5086 λίθων
427 5033 811 5104 ἐκφαινόμενοι
839 5033 1230 5106 κεκόσμηνται.

309 5212 379 5266 '0
405 5215 678 5282 θεμέλιος
703 5217 736 5267 ό
766 5213 1017 5282 πρῶτος,
1053 5215 1284 5282 ἴασπις.

299 5308 404 5360 Atil
433 5307 534 5378 τῆς
581 5309 846 5374 ίάσπιδος,
897 5309 1269 5380 χλωριζούσης
1310 5309 1408 5379 τὴν
1463 5308 1634 5380 χρόαν
1681 5308 1822 5362 κατά

218 5399 332 5470 τὴν
383 5401 722 5471 σμάραγδον,
772 5401 920 5465 εἰκὸς
963 5401 1057 5456 τὸν
1109 5405 1408 5473 κορυφαῖον
1465 5403 1672 5472 Πέτρον
1726 5401 1822 5474 δη-

216 5489 488 5545 λοῦσθαιο
527 5493 622 5546 are
652 5493 751 5566 τὴν
784 5494 1053 5568 νέκρωσιν
1080 5497 1175 5550 τοῦ
1211 5497 1448 5569 Χριστοῦ
1477 5497 1825 5567 βαστάσαντα

217 5587 286 5638 ἐν
338 5585 420 5656 τῷ
463 5585 710 5658 σώματι,
757 5588 854 5643 καὶ
883 5589 942 5643 τὸ
989 5589 1240 5656 ἀειθαλὲς
1275 5591 1372 5646 καὶ
1429 5591 1618 5657 νεάζον
1653 5593 1712 5645 ὲν
1755 5593 1822 5664 τῇ

217 5679 372 5749 προς
407 5679 570 5732 αὑτὸν
599 5680 787 5752 ἀγάπῃ
820 5681 1195 5754 ἐνδειξάμενον
1214 5701 1228 5716 ο
1259 5683 1316 5748 ὃς
1345 5682 1514 5757 [καὶ]
1541 5685 1825 5758 ὡδήγησεν

223 5771 386 5842 ἡμᾶς
410 5771 492 5833 είς
522 5771 686 5825 τόπον
713 5773 877 5844 χλόης
902 5775 987 5828 διὰ
1013 5775 1158 5850 [τῆς]
1189 5777 1244 5831 οε
1256 5778 1397 5850 ρμῆς
1425 5777 1680 5842 πίστεως.

310 5943 378 5998 Ὃ
399 5943 702 6014 δεύτερος,
734 5945 1092 6018 σάπφειρος.

1925 4754 1984 4800 ut
2015 4745 2141 4801 hinc
2167 4755 2426 4816 appareat
2457 4745 2582 4800 novi
2629 4761 2756 4800 cum
2803 4755 2986 4802 vetere
3027 4755 3356 4802 testamento
3383 4761 3515 4800 Cott-

1922 4839 2128 4904 sensio,
2165 4839 2436 4908 simulque
2481 4838 2700 4893 illorum
2749 4838 3074 4894 excellentia
3124 4839 3363 4908 pateﬁat,
3415 4839 3511 4908 qui

1924 4932 1980 4985 in
2017 4945 2162 4986 novo
2195 4930 2438 4986 illustres
2466 4932 2822 4987 exstiterunt.
2853 4932 3104 5002 Apostoli
3151 4931 3318 5002 igitur
3359 4931 3508 4984 omni

1923 5025 2190 5080 virtutum
2221 5041 2419 5097 genere
2467 5030 2646 5081 ornati
2675 5041 2770 5097 per
2798 5025 3007 5095 lapides
3041 5025 3312 5094 pretiosos
3339 5024 3514 5078 deno-

1925 5129 2130 5178 tantur.

1997 5211 2428 5268 Fundamentum
2456 5215 2704 5284 primum,
2733 5211 2932 5283 jaspis.

1997 5307 2102 5363 Per
2137 5309 2428 5378 jaspidem,
2479 5309 2574 5378 qui
2625 5307 2690 5362 ad
2745 5307 3022 5376 smaragdi
3061 5304 3509 5362 similitudinem,

1929 5401 1996 5457 ad
2023 5401 2354 5458 viriditatem
2385 5401 2580 5466 tendit,
2617 5401 2896 5471 probabile
2949 5407 3006 5454 lit
3053 5401 3240 5454 divum
3291 5397 3512 5451 Petrum

1927 5493 2298 5564 apostolorum
2330 5493 2680 5564 coryphaeum
2715 5493 3049 5564 signiﬁcari;
3087 5501 3144 5545 ut
3177 5490 3270 5561 qui
3307 5489 3510 5544 Christi

1927 5587 2405 5643 mortiﬁcationem
2469 5587 2522 5642 in
2581 5603 2684 5644 suo
2736 5603 2967 5658 corpore
3031 5601 3207 5656 usque
3257 5584 3513 5655 portarit,

1927 5687 2284 5750 vegetamque
2308 5689 2361 5734 et
2377 5689 2696 5736 vernantem
2721 5681 3040 5736 charitatem
3056 5693 3184 5752 erga
3210 5677 3356 5732 illum
3373 5693 3518 5732 sem-

1929 5784 2027 5839 per
2075 5770 2409 5838 ostenderit;
2450 5773 2542 5842 qui
2572 5773 2740 5827 etiam
2791 5787 2886 5842 per
2933 5770 3196 5827 fervidam
3251 5771 3410 5824 ﬁdem
3451 5769 3516 5822 ad

1931 5861 2048 5916 loca
2087 5876 2288 5930 pascua
2317 5861 2426 5916 dux
2451 5863 2612 5918 nobis
2641 5863 2870 5921 exstitit.

2008 5951 2332 6022 Secundum,
2365 5955 2674 6025 sapphirus.
