4102 6474
684 467 785 532 ire.

1885 469 2211 532 ANDREE
2253 469 2768 532 GESARIENSIS
3793 476 3870 539 435

755 583 914 655 104
945 584 1095 651 Quod
1129 585 1214 639 hic
1240 584 1376 654 lapis
1412 584 1616 640 caelesti
1649 584 1866 652 corpori
1903 586 2236 640 assimiletur

2434 587 2532 640 Διὰ
2576 587 2790 652 τούτου,
2825 586 3064 649 ἐοικότος
3108 585 3187 656 τῷ
3231 583 3464 653 οὐρανίῳ
3494 583 3706 653 σώματι,
3742 590 3789 655 ἐξ
3826 587 3872 645 οὗ

680 677 884 743 (quare
915 679 1152 730 colorem
1180 692 1400 744 quoque
1427 677 1744 738 caeruleum,
1778 692 1939 745 quem
1966 676 2126 745 vulgo
2158 677 2257 730 La-

679 782 864 820 zurum
892 767 1185 835 appellant,
1214 782 1278 820 ex
1313 782 1378 821 eo
1408 768 1522 821 lieri
1554 768 1740 837 aiunt)
1779 769 1995 822 beatum
2026 768 2254 824 Paulum

678 856 984 924 signiﬁcare
1033 856 1306 922 arbitror;
1361 857 1633 927 siquidem
1692 860 1754 910 ad
1799 859 2019 912 tertium
2053 859 2252 912 malum

675 945 972 1014 aliquando
1002 955 1211 1016 raptus,
1241 949 1536 1018 animoque
1584 950 1636 1002 in
1685 951 1883 1005 coelum
1925 951 2128 1020 jugiter
2159 951 2254 1004 de-

675 1038 838 1102 ﬁxus,
882 1054 948 1094 eo
976 1041 1292 1110 pertrahere
1330 1042 1605 1109 studebat,
1642 1052 1911 1114 quotquot
1959 1043 2059 1114 ipsi
2093 1059 2253 1114 pare-

671 1128 824 1184 bant.

744 1221 1005 1286 Tertium,
1044 1225 1441 1284 cltalcedout'us.

743 1313 841 1369 llic
881 1315 1019 1386 lapis
1056 1317 1383 1373 sacerdotali
1421 1319 1674 1375 rationali
1734 1336 1840 1376 non
1888 1321 2251 1386 inserebatur,

677 1406 772 1458 sed
827 1406 1204 1474 carbunculus,
1260 1410 1420 1479 cujus
1457 1411 1562 1465 hoc
1593 1411 1712 1465 loco
1748 1412 1898 1466 nulla
1931 1412 1988 1466 ﬁt
2024 1413 2248 1468 mentio.

671 1496 1040 1566 Spectandum
1065 1512 1147 1555 est
1179 1509 1359 1558 tamen
1386 1519 1454 1558 ne
1483 1503 1622 1559 forte
1647 1503 1958 1575 Theologus
1982 1521 2078 1576 per
2101 1507 2254 1562 chal-

669 1592 961 1646 cedonium
1013 1595 1410 1651 carbunculum
1471 1598 1860 1668 designaverit.
1911 1599 2051 1654 Sunt
2105 1601 2250 1656 enim

668 1683 915 1750 ejusdem
952 1687 1345 1756 propemodum
1399 1689 1620 1744 coloris.
1658 1689 2026 1746 Carbunculus
2070 1704 2251 1748 autem

671 1775 862 1832 beatus
890 1777 1138 1834 Andreas
1165 1781 1447 1848 apostolus
1476 1783 1658 1836 vocari
1690 1790 1889 1852 potest,
1920 1791 2106 1853 utpote
2129 1783 2252 1853 Spi-

669 1865 810 1923 ritus
840 1868 963 1936 igne
991 1870 1290 1926 luculenter
1321 1887 1608 1929 accensus.

741 1961 1030 2027 Quartum,
1063 1967 1408 2035 smaragtlus.

740 2052 841 2106 Per
878 2060 1252 2125 sutaragdum,
1293 2057 1386 2128 qui
1441 2059 1666 2114 viridem
1699 2060 1938 2115 colorem
1992 2061 2246 2124 sortitur,

666 2143 896 2216 oleoque
945 2149 1207 2212 nutritur,
1256 2165 1467 2205 necnon
1503 2152 1953 2221 perspicuitatem
1991 2162 2045 2208 et
2075 2169 2248 2208 venu-

665 2245 860 2291 statem
894 2255 959 2293 ex
994 2240 1085 2294 illo
1111 2251 1418 2308 mutuatur,
1463 2241 1690 2299 Joannis
1733 2245 2082 2314 evangelista:
2106 2261 2248 2314 prte-

663 2326 994 2383 dicationcm
1042 2330 1308 2385 insinuari
1350 2331 1704 2386 arbitramur.
1746 2331 1843 2387 llic
1873 2335 2020 2388 enim
2075 2334 2246 2389 animi

663 2419 1024 2490 dejectionem
1057 2437 1119 2476 ex
1154 2431 1380 2491 peccato
1409 2432 1607 2488 ortam,
1640 2424 1828 2478 divino
1857 2426 1977 2481 oleo
2004 2434 2246 2490 serenat,

663 2513 1063 2583 excellentique
1115 2513 1430 2585 Theologia}
1471 2515 1645 2585 gratia
1679 2516 1964 2574 assiduum
1998 2517 2122 2573 lidei
2164 2520 2246 2574 vi-

664 2620 850 2674 gorem
881 2606 1039 2663 nobis
1067 2616 1303 2678 praestat.

736 2777 1016 2845 Quintum,
1047 2781 1338 2852 sardonyx.

733 2869 838 2925 Per
874 2872 1038 2935 hunc,
1080 2871 1303 2927 humani
1340 2876 1538 2945 unguis
1573 2875 1810 2930 colorem
1851 2891 1978 2932 cum
2007 2879 2242 2948 quadam

663 2961 1049 3030 perspicuitate
1093 2975 1145 3019 et
1199 2965 1452 3020 claritate
1497 2968 1923 3037 exprimentem.
1976 2967 2242 3025 Jacobum

663 3053 912 3106 denotari
946 3053 1224 3118 probabile
1256 3055 1556 3118 credimus,
1597 3058 2043 3128 quandoquidem
2099 3075 2242 3116 unus

663 3141 752 3195 hic
799 3151 924 3203 ante
971 3158 1164 3198 omnes
1219 3145 1358 3200 alios
1407 3154 1630 3216 propter
1676 3147 1952 3203 Christum
1997 3151 2244 3220 corporis

661 3245 892 3291 mortem
921 3239 1214 3305 sustinuit;
1243 3255 1410 3309 quam
1435 3241 1634 3309 unguis
1653 3257 1755 3296 suo
1779 3243 1963 3298 colore
1983 3244 2237 3298 delineat.

661 3325 814 3384 Unus
855 3330 941 3385 hic
978 3331 1142 3386 etiam
1175 3332 1382 3409 absque
1421 3333 1532 3396 ullo
1557 3333 1763 3397 doloris
1799 3351 1968 3392 sensu
1995 3336 2242 3399 abscindi

657 3422 814 3476 solet.

730 3513 975 3578 Sextum,
1003 3513 1238 3570 sat-dius.

727 3605 832 3660 Per
903 3607 1186 3673 sardium,
1239 3608 1332 3679 qui
1391 3607 1543 3664 fulvo
1611 3609 1993 3681 pellucidoquo
2057 3613 2241 3667 colore

661 3699 840 3766 ignem
888 3699 1196 3761 tumulatur,
1247 3709 1302 3754 et
1357 3701 1463 3755 vim
1518 3712 1764 3757 tumores
1793 3717 1857 3756 ac
1890 3703 2114 3757 vulnera
2144 3718 2242 3772 per

659 3790 866 3842 lerrum
903 3788 1103 3842 inﬂicta
1147 3791 1374 3847 sanandi
1415 3791 1661 3855 sortitur,
1687 3793 1906 3847 virtutis
1935 3794 2239 3862 pulchritu-

657 3879 842 3933 dinem
898 3881 1128 3950 apostoli
1180 3880 1414 3952 Philippi
1468 3884 1743 3954 designari
1798 3886 2057 3942 arbitror.
2115 3884 2241 3941 "me.

657 3974 804 4027 enim
844 3973 1011 4028 divini
1052 3973 1289 4044 Spiritus
1327 3978 1448 4046 igne
1500 3977 1742 4043 incensa,
1776 3980 2042 4048 spiritalia
2080 3980 2241 4034 sedu-

657 4073 870 4118 rtorum
906 4066 1129 4122 vulnera
1172 4082 1267 4136 per
1300 4068 1498 4124 diaboli
1533 4069 1771 4126 insultus
1810 4082 1864 4127 et
1905 4072 2148 4128 fraudein
2178 4072 2241 4127 il-

655 4155 789 4220 lata,
833 4158 1097 4212 refocillat
1126 4168 1177 4213 et
1209 4170 1386 4214 curat.

725 4246 1044 4320 Septimum,
1072 4251 1455 4321 cltrysolitltus.

727 4340 832 4395 Per
863 4341 1273 4412 cltrysotithum,
1309 4344 1401 4413 qui
1433 4345 1692 4399 rutilante
1720 4347 2011 4415 splendore
2039 4361 2236 4402 aurum

654 4431 841 4498 refert,
871 4433 1060 4491 beatus
1089 4433 1228 4489 forte
1271 4434 1705 4492 Bartholomaeus
1733 4438 2117 4503 adumbratur,
2157 4439 2236 4493 si-

655 4525 874 4594 quidem
921 4526 1107 4583 divina
1169 4527 1484 4596 praedicatio
1555 4530 1905 4599 pretiosaque
1971 4530 2234 4585 virtutum

657 4615 893 4684 supellex
927 4617 1072 4672 hunc
1099 4617 1397 4680 admodum
1435 4620 1665 4675 mirifice
1697 4621 2011 4678 illustravit.

730 4708 1009 4774 Octavum,
1048 4711 1305 4779 beryllus.
1611 4715 1619 4722 ’

727 4799 832 4856 Per
862 4801 1030 4867 hunc,
1061 4804 1229 4864 maris
1269 4803 1523 4872 aerisque
1557 4803 1794 4858 colorem
1829 4805 2155 4870 imitantem,
2185 4815 2240 4861 et

657 4890 722 4950 ad
775 4892 1187 4962 hyacinthinum
1247 4893 1618 4962 accedentem,
1666 4894 2042 4954 admirabilem
2094 4896 2237 4952 Theo

657 4998 802 5043 mam
831 4983 1128 5053 signiﬁcari
1185 4986 1482 5041 verisimile
1546 4985 1634 5053 ﬁt;
1676 4988 1878 5058 quippe
1931 4989 2025 5058 qui
2078 4989 2236 5057 longa

656 5090 753 5145 per
794 5091 943 5130 mare
993 5079 1429 5147 peregrinatione
1474 5096 1648 5150 usque
1677 5082 1742 5135 ad
1777 5081 1938 5135 ludos
1970 5083 2236 5151 pervenit,

654 5185 720 5221 eo
752 5169 816 5221 ad
865 5173 1262 5237 procurandam
1307 5171 1520 5242 illorum
1576 5175 1900 5246 populorum
1948 5174 2178 5246 salutem
2207 5190 2236 5228 a

655 5261 766 5325 Deo
795 5262 1019 5324 missus.
1578 5257 1582 5260 ’

729 5350 966 5416 Nouum,
1006 5357 1265 5423 topazius.

727 5442 830 5495 l‘er
865 5445 1160 5512 topazium,
1199 5447 1290 5513 qui
1323 5447 1473 5503 rubri
1508 5458 1588 5502 est
1619 5447 1837 5514 coloris,
1907 5464 2082 5518 neque
2118 5464 2238 5520 rar-

655 5534 894 5600 hunculo
955 5536 1245 5601 absimilis,
1291 5539 1636 5609 lacteumquc
1691 5541 1980 5609 liquorem,
2038 5541 2132 5609 qui
2173 5541 2238 5595 iis

655 5626 910 5695 opitulari
966 5627 1158 5694 fertur,
1213 5630 1306 5700 qui
1364 5647 1430 5684 ex
1485 5633 1662 5686 oculis
1695 5633 1962 5695 laborant,
2014 5635 2236 5696 emittit,

655 5717 848 5773 beatus
889 5721 1177 5778 Maltineus
1229 5726 1569 5794 signiﬁcatus
1624 5727 1836 5781 videtur
1873 5766 1884 5779 .
1924 5726 2056 5791 Nam
2092 5728 2135 5781 is
2184 5736 2239 5789 et

658 5805 842 5861 divino
885 5812 1002 5866 zelo
1040 5813 1254 5880 egregie
1297 5813 1397 5867 fuit
1433 5814 1836 5885 inﬂammatus,
1875 5825 1929 5870 et
1970 5818 2238 5886 sanguine

657 5905 877 5965 propter
917 5901 1197 5956 Christum
1243 5905 1394 5972 fuso,
1430 5906 1626 5976 dignus
1666 5919 1746 5967 est
1777 5908 1992 5963 habitus
2018 5909 2110 5976 qui
2141 5924 2235 5988 per

2365 695 2496 746 φασι
2523 679 2618 731 καὶ
2642 678 2701 730 τὸ
2728 677 3042 746 λαζούριον
3074 673 3340 742 γίνεσθαι,
3377 673 3465 726 τὸν
3493 676 3736 742 μακάριον
3761 681 3870 732 “1'3-

2360 770 2451 822 λον
2492 765 2645 838 οἶμαι
2677 767 3062 838 σημαίνεσθαι,
3095 767 3199 828 ἕως
3239 765 3422 834 τρίτου
3456 764 3672 833 οὐρανοῦ
3712 769 3872 838 ἀναλη.

2361 862 2583 931 φθέντα,
2623 864 2782 915 κάκεῖ
2804 861 3031 914 ἕλκοντα
3064 859 3191 921 τοὺς
3224 857 3374 928 αὐτῷ
3404 857 3752 928 πειθομένους,
3775 861 3873 916 ἔνθα

2359 949 2506 1025 εἶχεν
2539 954 2595 1007 ὲν
2626 954 2873 1026 οὐρανοτς
2899 953 2959 1006 τὸ
2991 953 3314 1022 πολίτευμα.

2440 1230 2495 1280 '0
2534 1228 2750 1296 τρίτος,
2779 1221 3122 1294 χαλκηδών.

2427 1313 2594 1382 Οὗτος
2620 1318 2678 1391 [ὁ
2709 1316 2893 1388 λίθος]
2919 1318 2978 1368 ὲν
3003 1315 3081 1385 τῷ
3113 1311 3372 1385 ἱερατικῷ
3397 1312 3557 1381 λογίῳ
3583 1313 3638 1366 οὐ
3670 1313 3872 1384 φέρεται·

2357 1415 2472 1470 ἀλλ’
2504 1410 2752 1480 ἄνθραξ,
2796 1410 2855 1474 ὃς
2902 1407 3137 1462 ἐνταῦθα
3167 1408 3226 1460 οὐ
3258 1408 3453 1458 κεῖται.
3492 1407 3772 1476 Σκοπητέον
3804 1405 3875 1461 οὖν

2361 1509 2433 1579 μή
2465 1523 2592 1560 ποτε
2620 1505 2710 1558 τὸν
2739 1504 2984 1573 ἄνθρακα
3027 1499 3200 1563 οὓτως
3229 1499 3486 1552 ἐκάλεσεν
3517 1499 3542 1550 ὁ
3575 1497 3734 1564 άγιος.
3763 1498 3874 1551 Ἀν-

2357 1601 2504 1670 θραξ
2536 1599 2591 1652 δὲ
2637 1599 2728 1652 καὶ
2773 1599 2802 1651 ὁ
2837 1596 3108 1666 μακάριος
3151 1592 3405 1664 ’Λνδρέας
3437 1593 3466 1644 ὁ
3499 1589 3788 1658 ἀπόστολος,
3819 1591 3876 1655 ὡς

2355 1692 2616 1762 ἀναφθεὶς
2640 1691 2705 1752 ὲκ
2727 1689 2822 1750 τοῦ
2854 1687 3191 1756 Πνεῦματος.

2435 1967 2499 2018 '0
2528 1963 2829 2031 τέταρτος.
2859 1955 3224 2028 σμάραγδος.

2421 2054 2520 2108 Διὰ
2567 2051 2662 2106 τοῦ
2715 2047 3087 2120 σμαράγδου,
3130 2041 3342 2116 χλωροῦ
3393 2042 3738 2111 τυγχάνοντος
3776 2038 3880 2112 [τὴν

2352 2145 2545 2219 χρόαν]
2572 2145 2664 2199 καὶ
2691 2142 2812 2216 [τῷ]
2843 2142 3005 2210 ὲλαίῳ
3034 2139 3392 2210 τρεφομένου,
3434 2137 3534 2206 τήν
3563 2152 3618 2188 τε
3645 2131 3879 2200 διαύγειαν

2351 2242 2442 2296 καὶ
2471 2239 2569 2310 τὴν
2602 2238 2751 2308 ὥραν
2791 2233 2899 2307 [ἐξ]
2944 2231 3109 2285 αὐτοῦ
3145 2227 3674 2299 προσλαμϐάνοντος,
3718 2222 3770 2276 τὸ
3809 2221 3878 2272 τοῦ

2351 2328 2736 2401 εὐαγγελιστοῦ
2768 2328 3014 2380 Ἰωάννου
3028 2321 3318 2392 δηλοῦσθαι
3335 2317 3627 2389 νομίζομεν
3645 2316 3877 2384 κήρυγμα

2349 2426 2479 2494 θείῳ
2531 2423 2694 2492 ἐλαίῳ
2743 2417 3035 2491 φαιδρύνον
3073 2415 3170 2484 τὴν
3222 2409 3655 2504 προσγινομένην
3685 2408 3799 2504 ἡμῖν

2347 2513 2763 2589 ἁμαρτημάτων
2810 2510 3137 2578 κατήφειαν,
3178 2504 3273 2558 καὶ
3323 2503 3385 2556 τδ
3414 2499 3657 2561 ἀειθαλὲς
3683 2497 3770 2563 τῆς
3810 2497 3879 2544 πί-

2349 2628 2520 2673 στεως
2551 2605 2912 2679 δωρούμενον,
2948 2600 3027 2671 τῷ
3076 2597 3359 2667 πολυτίμῳ
3383 2594 3487 2665 τῆς
3525 2590 3781 2658 θεολογίας
3805 2605 3879 2657 χα-

2352 2703 2595 2774 ρίσματι.

2432 2794 2495 2848 Ὃ
2521 2793 2808 2860 πέμπτος,
2843 2785 3171 2858 σαρδόνυξ.

2415 2889 2513 2942 Διὰ
2544 2885 2735 2939 τούτου
2757 2923 2773 2948 ,
2821 2881 2952 2954 [τὴν
2980 2877 3108 2951 τοῦ]
3145 2875 3493 2947 ἀνθρωπίνου
3542 2872 3723 2940 ὄνυχος
3747 2865 3881 2937 χρόαν

2349 2979 2489 3048 μετά
2527 2975 2805 3043 διαυγείας
2844 2972 3082 3042 ἔχοντος,
3117 2966 3410 3038 δηλοῦσθαι
3439 2964 3585 3025 εἰκὸ,
3609 2961 3696 3013 τὸν
3727 2959 3878 3048 Ἰάκῳ‹

2345 3047 2462 3131 δον,
2511 3066 2618 3135 πρὸ
2660 3064 2770 3118 τῶν
2812 3062 2989 3117 ἄλλων
3028 3060 3126 3130 τὴν
3171 3055 3497 3128 σωματικὴν
3550 3053 3638 3106 διά
3687 3047 3880 3120 Χριστον

2344 3159 2638 3230 δεξάμενον
2694 3156 2997 3226 νέκρωσιν·
3049 3154 3114 3223 ἣν
3165 3151 3238 3224 [ὁ]
3287 3150 3418 3216 ὄνυξ
3495 3141 3878 3222 χαρακτηρίζεὲι

2269 3273 2314 3334 c
2347 3251 2592 3324 ἀμοιρῶν
2618 3252 2676 3319 ὲν
2707 3249 2786 3330 τῷ
2815 3245 3111 3327 τέμνεσθαι
3148 3242 3481 3319 αἰσθήσεως.

2425 3515 2479 3568 Ὁ
2505 3515 2700 3580 ἕκτος,
2727 3511 2991 3580 σάρδιος.

2413 3607 2514 3661 Διὰ
2557 3605 2652 3660 τοῦ
2709 3604 2994 3673 σαρδίου,
3050 3603 3146 3657 ἆτε
3203 3599 3422 3674 πυῤῥοῦ
3471 3598 3571 3670 τὴν
3615 3597 3770 3668 χρόαν
3810 3588 3884 3646 καὶ

2341 3698 2618 3769 διαυγοῦς,
2649 3693 3044 3768 θεραπευτικοῦ
3075 3694 3132 3747 δὲ
3159 3693 3308 3764 ὅμως
3337 3691 3651 3763 οἰδημάτων
3683 3686 3766 3739 καὶ
3799 3682 3884 3734 τῶν

2342 3793 2450 3848 ἀπὸ
2482 3793 2701 3868 σιδήρου
2733 3788 2978 3860 πληγῶν,
3007 3787 3106 3858 τῆς
3138 3785 3232 3840 τοῦ
3273 3781 3632 3858 [μακαρίου]
3661 3779 3883 3833 Φιλίππου

2341 3884 2543 3956 ἀρετῆς
2587 3883 2647 3940 τὸ
2691 3882 2882 3943 κάλλος
2954 3877 3326 3948 ὑπολαμϐάνω
3381 3869 3882 3972 χαρακτηρίζεσθαιῖ

2341 3974 2776 4048 φαιδρυνομένης
2817 3974 2894 4043 τῷ
2930 3973 3066 4044 πυρὶ
3121 3970 3215 4025 τοῦ
3267 3970 3419 4024 θείου
3454 3968 3774 4036 Πνεύματος,
3814 3968 3885 4012 καὶ

2341 4067 2754 4141 θεραπευούσης
2792 4066 2901 4120 τῶν
2949 4063 3382 4134 πεπλανημένων
3414 4063 3483 4116 τά
3525 4057 3726 4130 ψυχικὶι
3747 4051 3884 4126 τραύ-

2343 4177 2511 4232 ματα,
2542 4160 2687 4229 ἅπερ
2717 4158 2820 4211 ὑπὸ
2847 4156 2941 4210 τοῦ
2971 4155 3220 4211 διαϐόλου
3251 4153 3557 4226 τρωθέντες
3587 4150 3831 4214 ἐδέξαντο.

2423 4254 2486 4313 '0
2517 4253 2789 4322 ἕϐδομος,
2817 4250 3202 4320 χρυσόλιθος.
3756 4333 3765 4335 _
3799 4327 3804 4335 ι

2411 4346 2509 4401 Διὰ
2528 4344 2620 4398 τοῦ
2653 4344 3048 4412 χρυσολίθου,
3080 4340 3264 4412 χρυσῷ
3293 4342 3536 4403 ἐοικότος
3559 4339 3655 4410 τὴν
3675 4327 3888 4389 στιλπνὸε

2339 4456 2499 4508 τητα,
2533 4438 2563 4499 ὁ
2592 4436 2996 4508 Βαρθολομαῖος
3043 4435 3184 4505 τάχα
3211 4433 3566 4498 εἰκονίζεται,
3611 4433 3724 4494 ταῖς
3756 4424 3888 4478 πολυ-

2341 4521 2590 4599 τίμὴτοις
2615 4529 2836 4600 ἀρεταῖς
2867 4526 3364 4600 κατηγλαῖσμένος,
3397 4527 3496 4581 καὶ
3543 4524 3622 4594 τῷ
3653 4519 3768 4589 θείῃ
3797 4533 3878 4584 κη·

2271 4622 2316 4680 D
2347 4619 2605 4690 ρύγματι.

2422 4713 2485 4766 '0
2517 4712 2747 4781 ὄγδοος,
2773 4713 3113 4780 βήρυλλος.
3877 4787 3880 4790 Α

2411 4803 2510 4856 Διὰ
2541 4803 2636 4856 τοῦ
2687 4803 3132 4871 θαλασσοϐαφοῦς
3173 4802 3267 4856 καὶ
3302 4802 3620 4872 ἀερίζοντος
3653 4796 3772 4870 [καὶ
3799 4785 3890 4861 τῷ]

2341 4895 2632 4966 ὑακινθίνῳ
2667 4894 2986 4968 [χρώματι]
3018 4894 3415 4964 πλησιάζοντος
3465 4895 3559 4948 τὸν
3594 4889 3786 4961 Θωμᾶν
3815 4901 3889 4951 ση-

2343 4991 2627 5063 μαίνεσθαι
2655 4989 2820 5056 δοκῶ,
2858 4991 3077 5060 μακρὰν
3119 4990 3429 5043 διαπόντιον
3464 4987 3770 5058 ἀποδημίαν
3814 4979 3892 5051 μέ-

2339 5097 2463 5152 χρις
2510 5080 2705 5148 Ἰνδῶν,
2750 5080 2838 5133 διὰ
2869 5081 2967 5152 τὴν
2993 5080 3174 5134 αὐτῶν
3207 5081 3508 5151 σωτηρίαν,
3554 5077 3889 5144 στειλάμενον.

2425 5353 2486 5403 '0
2511 5351 2785 5417 ἔννατος,
2817 5350 3112 5411 τοπιίζὶον.

2411 5444 2512 5496 Διά
2544 5443 2636 5496 τοῦ
2668 5443 2968 5508 τοπαζῖου,
3013 5443 3244 5514 ἐρυθροῦ
3282 5444 3434 5506 ὄντος
3465 5445 3562 5497 καὶ
3587 5440 3809 5498 ἐοικότος
3835 5431 3894 5499 τῷ

2341 5539 2603 5608 ᾄνθρακι,
2657 5538 2749 5590 καὶ
2803 5539 2932 5590 ἐπὸν
2961 5537 3235 5604 ἀφιέντος,
3265 5537 3340 5600 ῶς
3387 5554 3544 5606 φασι,
3603 5525 3892 5603 γαλακτώδη

2342 5630 2718 5700 ὀφθαλμιῶσιν
2744 5630 3080 5696 ἁλεξίπονον,
3124 5630 3278 5700 ἡτοῦ
3331 5629 3608 5699 μακαρίου
3650 5617 3892 5678 Ματθαὶου

2340 5721 2485 5791 ψυχὴ
2512 5720 2802 5792 δηλοῦσθαι
2823 5721 3070 5789 δύναται,
3100 5723 3474 5793 π;πυρωμένη
3498 5720 3574 5790 τῷ
3602 5717 3727 5783 θείῳ
3755 5711 3893 5781 ζὴλφν

2344 5815 2437 5867 καὶ
2463 5798 2850 5884 κεκοσμημένη
2876 5818 2942 5886 τῇ
2972 5815 3066 5868 τοῦ
3095 5816 3296 5868 οἰκείου
3325 5815 3551 5883 mox:
3582 5811 3666 5866 διὰ
3691 5801 3895 5876 Χριστὸν

2341 5906 2594 5978 αἵματος,
2645 5905 2918 5977 ἐξιωμένη
2962 5924 3019 5960 τε
3074 5906 3160 5961 διὰ
3192 5907 3284 5959 τοῦ
3336 5902 3668 5973 Εὑαγγελίου
3701 5895 3814 5958 τοὺς
3841 5891 3894 5959 "il

3349 5987 3352 5990 ”
3449 5995 3454 6014 ι
