4102 6470
283 489 404 554 43Ἶ

1265 487 1867 549 COMMENTARIUS
1907 467 1988 546 [Ν
2031 482 2564 544 APOCALYPSIN.
3460 478 3568 544 438

289 605 502 676 καρδίᾳ
538 603 984 674 τυφλώττοντας,
1023 601 1118 656 καὶ
1150 600 1290 670 γάλα
1335 601 1464 668 τοὺς
1491 602 1799 672 ἀρτιγενεῖς
1821 603 1888 673 τῇ

1998 598 2346 669 Ενδηεςοιίιιηι
2366 613 2462 653 eos
2485 596 2578 668 qui
2611 595 2776 652 corde
2806 593 3185 660 caecutiebant,
3210 593 3570 660 illuminaret,

291 699 484 750 πίστει
517 695 735 760 ποτίζου
747 712 834 750 σα.

377 787 447 840 ὐ
475 785 744 850 δέκατος,
777 784 1230 852 χρυσόπρασος.

369 875 475 930 Διὰ
530 874 624 928 τοῦ
681 875 1158 944 χρυσοπράσου·ξ
1215 873 1516 946 βαθυτὲρου
1554 875 1655 946 τὴν
1698 893 1888 948 χροιαν

293 967 454 1037 παρὰ
493 966 586 1018 τὸν
618 967 822 1036 χρυσὸν
864 967 1226 1036 ὑπάρχοντος,
1270 966 1362 1019 τὸν
1392 965 1727 1038 [μακάριον]
1757 965 1890 1019 Θαδ-

293 1058 452 1111 δαῖον
503 1051 654 1126 οῐμαι
711 1055 1096 1125 σημαίνεσθαι,
1141 1055 1232 1108 τὸν
1277 1055 1356 1124 τῷ
1397 1055 1634 1126 Αύγάρῳ
1681 1054 1892 1124 βασιλεῖ

309 1148 536 1218 Ἐδέσης
569 1153 670 1218 τὴν
699 1145 938 1218 Χριστοῦ
972 1145 1276 1216 βασιλείαν,
1313 1147 1413 1216 τὴν
1444 1146 1531 1200 διὰ
1562 1146 1657 1199 τοῦ
1685 1145 1889 1216 χρυσοῦ

295 1240 660 1310 δηλουμένην,
698 1241 790 1291 καὶ
830 1240 928 1308 τὴν
951 1239 1040 1290 διὰ
1083 1237 1177 1290 τοῦ
1218 1237 1430 1308 πράσου
1485 1238 1891 1310 σημαινομένην

295 1325 452 1395 αὐτῷ
477 1325 768 1396 νέκρωσιν,
797 1326 1319 1396 εύαγγελισάμενον.

381 1437 448 1492 '0
471 1437 810 1504 ἑνδέκατος,
841 1440 1146 1506 ὑάκινθος.

375 1532 480 1586 Διὰ
508 1532 600 1585 τοῦ
625 1533 940 1598 ὑακίνθου,
975 1534 1074 1604 τὴν
1111 1534 1255 1586 ίδέαν
1291 1535 1661 1598 κυανίζοντος,
1725 1535 1892 1606 ἤγουν

291 1625 645 1696 ἀερξζοντος,
682 1627 776 1681 τὸν
830 1627 1072 1703 Σίμωνα,
1129 1627 1204 1690 ὡς
1270 1629 1518 1699 ζηλωτὴν
1577 1629 1687 1682 τῶν
1752 1629 1892 1702 [τοῦ]

293 1718 546 1788 Χριστοῦ
583 1721 962 1790 χαρισμάτων,
995 1724 1090 1774 καὶ
1122 1723 1372 1790 οὐράνιον
1395 1721 1584 1792 ἔχοντα
1614 1722 1890 1796 φρόνημα,

297 1812 455 1873 εἰκὸς
482 1811 862 1882 σημαίνεσθαι.

385 1990 454 2044 ’0
478 1990 834 2057 δωδέκατος,
866 1991 1192 2060 ἀμέθυσος.

375 2083 478 2136 Διὰ
509 2083 602 2136 τοῦ
633 2084 964 2152 ἀμεθύσου,
993 2087 1060 2155 τῇ
1092 2087 1276 2155 μορφῇ
1310 2087 1764 2157 πορφυρίζοντος,
1791 2087 1886 2140 τὸν

303 2171 560 2225 Ματθίαν
589 2173 926 2243 στοχάζομαι
964 2174 1350 2243 σημαίνεσθαι,
1387 2176 1481 2228 τοῦ
1513 2175 1660 2228 θείου
1719 2175 1892 2246 πυρὸς

305 2264 368 2315 ὲν
399 2265 465 2334 τῇ
506 2263 615 2316 τῶν
641 2264 902 2330 γλωσσῶν
934 2263 1160 2336 διανομῇ
1191 2263 1621 2329 καταξιωθέντα,
1655 2267 1748 2319 καὶ
1803 2265 1895 2320 τὸν

301 2356 404 2408 τοῦ
440 2357 862 2419 ἐκπεπτωκότας
897 2357 1062 2410 τόπον
1095 2356 1588 2428 ἀναπληρώσαντα,
1643 2357 1744 2430 [τῷ
1773 2359 1892 2412 δια-

299 2443 495 2517 πύρῳ]
536 2445 688 2515 πόθῳ
725 2447 826 2516 τῆς
870 2447 1008 2517 πρὸς
1045 2447 1134 2501 τὸν
1191 2448 1554 2520 ἐκλεξάμενον
1597 2449 1896 2522 εὐαρεστή-

302 2553 469 2600 σεως.
509 2536 692 2590 Ταῦτα
745 2537 802 2589 δὲ
838 2540 902 2592 ὲκ
929 2538 1037 2592 τῶν
1073 2539 1152 2609 τῷ
1213 2540 1351 2610 ἁγίῳ
1407 2540 1708 2610 Ἐπιφανίῳ
1765 2541 1895 2612 περὶ

299 2628 474 2680 λίθων
519 2628 852 2700 εἰρημένων,
891 2629 984 2683 καὶ
1005 2630 1208 2700 ἑτέρως
1249 2629 1366 2703 [ὑπ’
1395 2631 1586 2704 αὐτοῦ]
1622 2635 1730 2696 τοῖς
1759 2631 1893 2701 φυλ-

301 2724 502 2794 άρχοις
546 2721 639 2775 τοῦ
677 2722 898 2793 Ἰσραὴλ
943 2723 1472 2792 προσηρμοσμένων,
1505 2725 1893 2795 ὲντετόιχαμεν,

303 2816 450 2886 πρὸς
480 2816 794 2886 γυμνασίαν
827 2815 940 2877 τοῖς
972 2816 1366 2886 ἐντυγχάνουσι
1416 2819 1528 2880 τοῖς
1583 2817 1892 2887 αἰνίγμασι,

304 2907 410 2977 τῆς
465 2905 728 2976 ἀληθείας
792 2904 1376 2977 καταστοχαζόμενοι,
1446 2908 1546 2977 τῆς
1605 2909 1894 2978 ἀκριϐείας

309 2998 672 3069 ἐγνωσμένης
710 2997 858 3067 μόνῳ
887 2996 962 3066 τῷ
989 2996 1428 3066 ἀποκαλύψαντι.
1463 2999 1670 3061 Ὄντως
1705 2998 1762 3051 δὲ
1803 3001 1896 3053 καὶ

307 3090 554 3160 θεμέλιοι
579 3091 629 3142 οἰ
660 3089 970 3154 ἀπόστολοι,
1005 3090 1101 3142 καὶ
1129 3089 1266 3142 λίθοι
1304 3090 1512 3160 τίμιοι·
1559 3093 1586 3144 6
1630 3091 1727 3162 μὲν
1769 3091 1895 3146 τοῦ-

304 3183 362 3236 δε
390 3225 408 3251 ,
441 3183 468 3235 6
520 3183 578 3236 δὲ
609 3181 799 3235 τοῦδεν
829 3182 922 3234 καὶ
973 3181 1177 3244 πάντες
1243 3185 1394 3253 κοινῇ
1439 3183 1658 3237 πάντων
1714 3183 1774 3236 τὺ
1838 3185 1896 3240 ὲν

305 3273 426 3333 τοῖς
477 3270 662 3332 καλοῖς
729 3269 932 3332 ἰδιάζον
994 3271 1089 3323 κα)⁸
1161 3271 1440 3342 ἐξαίρετον
1492 3271 1893 3338 ἀποσώζοντες.

1987 691 2260 760 modoque
2289 691 2500 761 genitos
2528 689 2651 744 fidei
2675 689 2814 744 lacte
2837 697 3074 759 potaret.

2057 778 2351 844 Decimum,
2383 779 2812 847 rhrysoprassus.

2059 871 2522 942 Chrysoprassum,
2553 872 2648 940 qui
2675 871 2796 925 auri
2827 870 3062 925 colorem
3105 885 3241 926 auro
3273 870 3430 942 105
3461 871 3580 942 ipso

1989 965 2154 1020 altius
2202 965 2438 1030 imbibit,
2469 965 2686 1020 beatum
2713 963 3072 1030 Thaddznum,
3099 966 3190 1036 qui
3219 966 3436 1034 Ahgaro
3463 967 3573 1037 regi

1993 1056 2209 1114 Edessa:
2237 1055 2440 1112 Christi
2471 1072 2698 1127 regnum
2726 1073 2824 1126 per
2859 1073 3076 1120 aurum,
3119 1058 3364 1128 ejusdem
3389 1070 3572 1114 autem

1991 1159 2224 1204 mortem
2257 1164 2352 1218 per
2381 1163 2637 1219 prassum
2669 1149 3009 1220 designatam
3039 1151 3372 1219 praedicavit,
3406 1151 3579 1221 signi-

1995 1239 2144 1294 ficari
2171 1239 2450 1294 existimo.

2068 1437 2438 1498 Undecimum,
2475 1435 2822 1506 hyacinthus.

2069 1529 2454 1602 Hyacinthum,
2489 1527 3120 1598 quicmi-uleiaereique
3174 1527 3378 1582 coloris
3442 1541 3570 1596 spe-

1998 1623 2135 1678 ciem
2166 1637 2264 1691 per
2302 1635 2360 1676 se
2386 1621 2542 1690 gerit,
2580 1618 2648 1672 ad
2695 1617 2979 1673 Simonem
3049 1627 3310 1687 tanquam
3369 1617 3582 1672 charis-

1999 1721 2204 1766 matum
2237 1721 2290 1768 et
2316 1711 2618 1781 gratiarum
2671 1708 2876 1764 Christi
2910 1709 3229 1771 zelatorem,
3266 1707 3580 1762 cmlestem-

1999 1819 2106 1875 que
2157 1803 2500 1873 prudentiam
2556 1801 2699 1856 haud
2747 1801 3024 1872 vulgarem
3084 1799 3362 1862 sortitum,
3431 1797 3574 1851 haud

2001 1895 2349 1951 incommode
2371 1893 2650 1949 retuleris.

1929 1975 1970 2028 Β
2071 1988 2474 2055 Duodecimum,
2505 1987 2861 2056 amethystus.

2077 2079 2184 2135 Per
2225 2081 2614 2150 amethystum,
2653 2078 2746 2149 qui
2785 2075 2933 2148 ignis
2989 2075 3224 2131 formam
3283 2075 3580 2145 spectanti-

2001 2175 2101 2230 bus
2127 2173 2370 2236 exhibet,
2413 2171 2694 2226 Matthiam
2739 2169 3036 2239 significari
3073 2167 3352 2235 coniicio:
3393 2168 3577 2238 utqui

2001 2267 2054 2320 in
2087 2267 2396 2337 linguarum
2429 2263 2820 2319 distributione
2851 2261 3070 2318 caelesti
3105 2262 3228 2331 igne
3258 2259 3463 2314 aﬂ‘atiin
3510 2260 3582 2314 sit

1999 2357 2334 2422 amatus;ct
2366 2355 2866 2410 obinﬂammatum
2925 2352 3055 2416 Deo,
3114 2367 3144 2405 a
3191 2368 3301 2421 quo
3357 2352 3574 2407 electus

1997 2458 2135 2514 erat,
2187 2446 2466 2504 serviendi
2512 2455 2566 2502 et
2617 2445 2867 2516 placendi
2932 2443 3292 2508 desiderium,
3344 2443 3577 2499 idoneus

1997 2555 2196 2596 census
2243 2538 2432 2602 quiin
2479 2537 2716 2608 prolapsi
2767 2535 2925 2591 J-udaa
2965 2536 3148 2590 locum
3201 2533 3565 2591 suiﬁeeretur.

2001 2633 2122 2688 llaec
2143 2642 2330 2688 autem
2359 2646 2426 2687 ex
2459 2630 2528 2687 iis
2565 2631 2622 2685 in
2654 2629 2894 2684 medium
2953 2627 3261 2694 attulimus,
3289 2643 3413 2696 quae
3449 2641 3582 2682 san-

1998 2733 2119 2780 ctus
2133 2723 2468 2793 Epiphanius
2485 2719 2552 2777 de
2576 2720 2846 2791 lapidibus
2863 2719 2982 2776 iStis
3006 2719 3286 2784 disseruit,
3315 2719 3587 2774 tribuum.

1999 2832 2106 2896 que
2137 2815 2356 2872 lsraelis
2401 2815 2741 2886 principibus
2777 2811 3245 2880 accommodavit;
3283 2813 3448 2881 idque
3503 2813 3573 2867 ad

2003 2909 2220 2963 illorum
2250 2906 2705 2962 exercitationem
2737 2908 2832 2976 qui
2875 2906 2928 2961 in
2959 2905 3073 2960 haec
3099 2905 3256 2976 quasi
3293 2907 3582 2974 wnigmata

2001 3015 2102 3057 suo
2145 3001 2286 3056 forte
2339 3010 2584 3071 tempore
2644 2999 2939 3058 incident:
2987 2999 3056 3054 de
3075 2998 3306 3053 veritate
3361 2998 3583 3068 quidem

1999 3094 2320 3148 nonnullam
2384 3092 2759 3163 conjecturam
2819 3091 3100 3156 facientes,
3128 3100 3575 3147 accuratamvau-

2001 3193 2108 3239 tem
2139 3198 2330 3239 earum
2364 3197 2548 3237 rerum
2576 3181 2828 3236 notitiam
2885 3181 2986 3236 soli
3045 3179 3174 3244 Deo,
3231 3180 3326 3249 qui
3383 3181 3574 3235 isthmc

2001 3275 2282 3345 patefecit,
2317 3275 2715 3344 relinquentes.
2752 3272 2976 3328 Interim
3008 3273 3242 3342 apostoli
3269 3281 3399 3327 sunt
3456 3287 3585 3326 vera

307 3363 410 3416 Διὸ
439 3362 742 3432 παρακαλῶ
793 3362 1064 3433 ἀφεθῆναι
1094 3361 1193 3432 τῆς
1237 3364 1330 3416 ὲπί
1357 3366 1472 3427 τοῖς
1501 3367 1893 3436 παρατεθεῖσιν

2003 3367 2261 3424 Ecclesiae
2317 3365 2705 3433 fundamenta,
2757 3365 3076 3434 lapidesque
3149 3379 3278 3418 vere
3327 3362 3579 3433 pretiosi.

311 3453 652 3526 [νοήμασιν,]
679 3454 753 3516 ὠς
781 3453 1186 3525 βεϐιασμένως,
1211 3455 1502 3526 μέμψεως,
1532 3457 1608 3509 Οὐ
1649 3457 1756 3528 γὰρ
1815 3457 1893 3529 τῷ

2003 3460 2073 3515 Ει
2105 3459 2199 3516 hic
2238 3459 2460 3530 quidem
2501 3457 2689 3528 hujus,
2743 3457 2846 3511 iste
2879 3473 3010 3512 vero
3045 3457 3194 3512 illius
3227 3456 3392 3527 lapilli
3415 3454 3588 3510 virtu-

313 3545 574 3609 ἰδιάζοντι
601 3546 699 3616 τῆς
743 3546 981 3600 ἑκάστου
1016 3547 1123 3600 τῶν
1176 3547 1500 3601 ἀποστόλων
1547 3549 1746 3619 ἀρετῆς
1799 3547 1893 3620 τὴν

2003 3562 2114 3607 tem
2141 3561 2196 3606 et
2228 3552 2615 3622 preprietatem
2649 3549 2844 3616 refert;
2871 3563 3064 3604 omnes
3093 3559 3273 3604 autem
3327 3549 3382 3602 in
3431 3563 3588 3604 com-

308 3638 498 3692 αὐτῶν
527 3637 814 3691 κοινωνίαν
843 3639 938 3692 καὶ
961 3637 1322 3707 ἀλληλουχίαν
1351 3638 1687 3708 διεκόψαμεν
1706 3679 1722 3704 ,
1759 3639 1893 3694 ἀλλά

1999 3645 2172 3710 muni,
2200 3642 2465 3714 quidquid
2501 3643 2555 3698 in
2599 3642 2828 3712 singulis
2863 3641 3156 3712 pulchrum
3209 3649 3265 3696 et
3314 3641 3588 3696 excellens

303 3731 400 3784 διὰ
439 3733 541 3800 τῆς
576 3731 810 3801 μερικῆς
843 3730 1182 3801 ἑτερότητοςῖ
1213 3730 1310 3801 τὴν
1337 3731 1524 3801 όλικὴν
1556 3731 1736 3785 αὐτῶν
1763 3749 1893 3786 ταυ-

1998 3736 2238 3800 exsistit,
2261 3736 2369 3790 hoc
2403 3743 2577 3790 totum
2617 3735 2722 3790 sibi
2759 3734 3064 3800 vindicant,
3101 3734 3202 3789 etsi
3241 3749 3349 3789 non
3394 3733 3585 3788 eodem

303 3823 512 3894 τότητα
557 3823 800 3891 δηλῶσαι
864 3821 1350 3896 προεθυμήθημεν,
1405 3823 1649 3894 ἀλλήλων
1704 3823 1893 3895 ἐχομέ-

1998 3841 2212 3894 semper
2239 3826 2430 3897 gradu.
2467 3825 2771 3896 Eapropter
2809 3825 2874 3880 ad
2923 3841 3090 3880 unum
3119 3838 3314 3880 omnes
3365 3833 3590 3894 rogatos

301 3933 430 3987 νην,
469 3916 630 3987 δίκην
656 3915 924 3980 ἁλύσεως.

1998 3919 2182 3988 cupio,
2214 3933 2282 3972 ne
2313 3919 2634 3984 sententias,
2663 3932 2802 3988 quas
2839 3917 2928 3972 hie
2980 3917 3362 3988 apposuimus,
3417 3916 3584 3987 quasi

301 4021 530 4066 coactas
557 4009 952 4080 reprehendant
987 4025 1000 4064 :
1039 4025 1216 4080 neque
1293 4011 1440 4072 enim
1507 4010 1762 4067 virtutem
1827 4025 1988 4080 quam
2023 4011 2116 4066 uni
2169 4010 2333 4066 alicui
2385 4009 2648 4080 Apostolo
2713 4009 2872 4080 quasi
2929 4009 3208 4080 propriam
3267 4007 3587 4070 tribuimus,

303 4110 436 4164 aliis
467 4107 781 4173 adimimus,
828 4115 922 4162 aut
957 4116 1201 4162 mutuam
1233 4124 1424 4163 earum
1485 4107 1870 4165 cohaerentiam
1933 4108 2364 4178 amputavimus,
2431 4116 2528 4164 aut
2581 4107 3022 4162 communionem
3061 4119 3346 4173 negamus.
3382 4101 3586 4157 Verum

307 4219 408 4273 per
469 4201 810 4270 dispartitam
869 4201 1261 4262 diversitatem,
1334 4199 1628 4270 perfectam
1692 4215 1880 4256 earum
1941 4201 2342 4255 connexionem
2409 4207 2578 4272 atque
2637 4197 2953 4254 societatem
3001 4196 3246 4252 indicare
3280 4194 3586 4262 voluimus;

307 4309 372 4355 ut
405 4313 530 4368 quae
561 4298 730 4352 instar
752 4307 958 4352 catenae
991 4297 1095 4352 sibi
1135 4309 1326 4352 mutuo
1355 4303 1686 4364 cohzcrcant,
1720 4313 1896 4369 neque
1932 4313 1962 4354 a
1992 4313 2050 4356 se
2076 4297 2306 4354 invicem
2339 4297 2520 4352 divelli
2550 4305 2774 4366 queant.

383 4393 494 4446 Kal
531 4395 582 4446 οἱ
613 4391 842 4446 δώδεκα
875 4391 1171 4458 πυλῶνες,
1216 4392 1446 4446 δώδεκα
1499 4393 1853 4463 μαργαρῖται
1875 4409 1887 4425 ·

2073 4393 2213 4458 XXI,
2235 4393 2325 4447 ei.
2363 4391 2428 4445 Et
2449 4392 2728 4446 duodecim
2756 4399 2947 4460 ρον-ια’,
2969 4388 3242 4444 duodecim
3281 4390 3592 4462 margarita:

305 4485 430 4541 ἀνὰ
459 4483 546 4550 εἷς
563 4484 824 4549 ἕκαστος
849 4480 968 4536 τῶν
994 4483 1290 4538 πυλώνων·
1311 4479 1391 4554 ἦν·
1419 4483 1489 4548 ἐξ
1504 4483 1644 4549 ἑνὸς
1667 4499 1892 4556 imprd—

2003 4497 2158 4552 sunt;
2181 4497 2232 4541 et
2263 4485 2486 4557 singula:
2511 4495 2678 4554 porta:
2703 4493 2854 4538 erant
2887 4499 2952 4537 ea:
2988 4481 3215 4554 singuli:
3247 4485 3585 4554 margaritis.

303 4581 502 4650 ρίτου.

388 4693 476 4768 [οἱ
505 4693 563 4746 δὲ
585 4689 836 4763 δώδεκα]
863 4689 1196 4756 πυλεῶνες,
1221 4689 1426 4761 δηλαδὴ
1442 4691 1493 4744 οἱ
1518 4689 1773 4762 [δώδεκα]
1803 4689 1893 4743 τοῦ

2081 4683 2260 4741 Porta:
2313 4682 2588 4740 duodecim
2637 4688 2766 4736 sunt
2817 4679 3108 4740 duodecim
3139 4677 3348 4735 Christi
3419 4679 3592 4736 disci-

309 4770 558 4857 Χριστοῦ
605 4783 874 4855 μαθηταὶ,
911 4783 980 4836 δι’
1017 4778 1091 4835 ὧν
1136 4783 1234 4851 τὴν
1282 4782 1454 4852 θύραν
1504 4783 1597 4836 καὶ¹
1643 4782 1742 4853 τὴν
1781 4781 1893 4836 ὁδὸν

2005 4776 2148 4846 puli;
2183 4791 2277 4844 per
2317 4773 2483 4828 hosce
2541 4787 2780 4840 namque
2810 4779 2865 4826 et
2925 4771 3150 4837 ostium,
3183 4780 3238 4826 et
3278 4770 3422 4826 viam
3461 4771 3592 4828 vita:

307 4880 637 4949 ἐπέγνωμεν
691 4877 814 4950 ἱτῆς
883 4875 1062 4946 ζωῆς
1125 4877 1323 4940 οἵτινες
1377 4873 1496 4950 καὶ]
1525 4875 1733 4930 δώδεκά
1794 4876 1893 4928 είσι

2003 4867 2361 4936 cognovimus
2391 4883 2403 4918 :
2439 4864 2534 4936 qui
2569 4863 2788 4934 quidem
2826 4861 3118 4918 duodecim
3171 4870 3301 4918 sunt
3369 4879 3592 4936 marga-

316 4973 680 5043 μαργαρῖται,
711 4971 772 5035 ἐξ
801 4969 919 5032 ἑνὸς
941 4968 1242 5038 πολυτίμου
1281 4967 1627 5038 μαργαρίτου
1651 4967 1744 5020 τοῦ
1767 4967 1893 5037 Χρι·

2007 4964 2122 5014 rita:
2171 4975 2236 5012 ex
2288 4973 2395 5012 una
2427 4956 2666 5028 pretiosa
2731 4957 3052 5025 margarita,
3101 4971 3297 5026 nempe
3345 4955 3588 5026 Christo,

311 5062 448 5116 στοῦ
477 5063 573 5134 τὴν
602 5061 885 5128 διαύγειαν
916 5059 1274 5128 κτησάμενοι.

2005 5051 2352 5121 splendorem
2383 5051 2677 5122 lucemque
2700 5049 2904 5119 adepti.

2077 5167 2148 5222 Et
2167 5168 2346 5238 platea
2370 5167 2600 5222 civitatis
2643 5181 2836 5219 aurum
2867 5164 3148 5228 mundum,
3202 5175 3459 5234 tanquam
3511 5162 3590 5218 vi-

2008 5271 2148 5316 trum
2179 5259 2536 5332 perlucidum.

385 5175 498 5230 Καὶ
523 5173 561 5242 ἡ
595 5172 850 5229 πλατεῖα
872 5171 982 5246 τῆς
1009 5173 1264 5238 πόλεως,
1302 5170 1561 5242 χρυσίον
1611 5171 1898 5240 καθαρὸν,

330 5268 416 5334 ὡς
443 5267 631 5332 ὕαλος
656 5267 796 5319 διαύ
805 5264 933 5334 γῆς.

2075 5375 2214 5430 Cum
2245 5389 2352 5430 una
2383 5371 2746 5428 similitudine
2771 5379 2964 5426 exacta
3003 5370 3245 5426 ctelestis
3271 5369 3422 5424 illius
3445 5367 3582 5422 civi-

2008 5467 2135 5522 tatis
2170 5474 2429 5520 venustas
2451 5463 2723 5532 plenaque
2755 5461 3028 5516 bonorum
3083 5457 3332 5530 ejusdem
3392 5457 3586 5514 notitia

402 5373 516 5426 'Evl.
539 5373 949 5444 παραδείγματι
983 5373 1040 5426 δὲ
1063 5372 1162 5444 τὴν
1191 5373 1479 5446 ἀκρίϐειαν
1513 5374 1623 5428 τῶν
1656 5375 1758 5446 τῆς
1787 5375 1902 5430 ἄνω

313 5467 527 5531 ¹πόλεως
559 5467 782 5534 ἀγαθῶν
835 5467 1191 5537 παραστῆσαι
1249 5467 1310 5520 ού
1360 5467 1602 5522 δύναται.
1652 5469 1744 5522 Διὸ
1803 5469 1904 5536 τὴν

313 5561 580 5614 πλατεῖαν
610 5560 710 5628 τῆς
755 5559 986 5624 πόλεως,
1043 5558 1130 5612 διᾶι
1183 5559 1282 5628 μὲν
1334 5559 1392 5612 τὸ
1454 5559 1744 5623 πολυτελὲς
1808 5561 1893 5614 καλ

2009 5557 2152 5612 tradi
2199 5571 2310 5611 non
2342 5553 2539 5624 possit,
2589 5552 2685 5610 sed
2717 5551 2784 5606 ad
2825 5567 2945 5606 eam
2977 5565 3092 5606 rem
3129 5549 3296 5606 variis
3343 5563 3484 5620 opus
3515 5549 3588 5603 sit

313 5652 578 5722 εὖχρουν,
605 5651 682 5715 ὡς
713 5650 977 5722 χρυσίον,
1011 5651 1099 5718 διὰ
1128 5649 1183 5703 δὲ
1227 5649 1288 5702 τὸ
1324 5651 1584 5720 καθαρὸν,
1640 5652 1714 5712 ὡ;
1768 5652 1893 5722 κρύ-

2005 5648 2275 5718 exemplis
2307 5657 2361 5701 et
2387 5643 2866 5705 similitudinibus,
2906 5649 3192 5713 propterea
3243 5639 3486 5697 civitatis
3519 5639 3585 5694 il-

317 5748 548 5804 σταλλον
597 5747 893 5810 ἐθεάσατο,
935 5743 1076 5816 [ἤτοι
1109 5745 1185 5809 ὡς
1246 5743 1407 5798 ὕαλον
1471 5743 1726 5815 διαυγῆο]
1763 5743 1893 5815 ἀπε(

2009 5743 2117 5798 lius
2151 5742 2359 5812 plateas
2419 5737 2683 5809 crystallo
2724 5749 2973 5808 auroque
3021 5734 3230 5788 mundo
3281 5733 3589 5800 assimilat;

313 5840 608 5910 ἀμφότερα
651 5841 708 5891 ὲν
751 5839 832 5892 ἐνὶ
863 5839 1194 5910 συνδραμεῖν
1242 5839 1371 5909 παρ’
1419 5840 1576 5909 ἡμῖν,
1623 5835 1893 5891 ἀδύνατον.

2011 5851 2120 5908 quo
2161 5836 2290 5890 hinc
2329 5831 2550 5902 quidem
2573 5831 2694 5902 ejus
2720 5829 3094 5902 praestantiam
3141 5827 3450 5898 colorisque
3471 5827 3586 5882 ele-

315 5933 510 5989 Ταῦτα
537 5933 596 5986 δὲ
625 5932 804 5987 πάντα
837 5934 864 5985 6
915 5933 1072 6002 ἅγιος
1103 5931 1384 5996 τεθέαται,
1431 5929 1614 5995 καθὼς
1645 5931 1893 6000 ἠδύνατοε

2012 5925 2251 5999 gantiam
2300 5923 2654 5994 colligamus;
2713 5921 2840 5978 inde
2894 5933 3024 5976 vero
3063 5916 3312 5987 ejusdem
3371 5913 3594 5970 mundi-
