4102 6494
393 447 510 513 Ml

1373 445 1981 512 COMMENTARIUS
2021 447 2104 513 IN
2143 451 2684 518 APOCALYPSIN.

3575 455 3686 520 652

395 557 564 632 [καί]
617 559 898 630 λαμπρόν
925 557 1006 626 ὥς
1033 559 1443 628 κρύσταλλον,
1513 559 1995 629 ἐκπορευόμενον

2105 565 2442 634 splendidum
2501 575 2757 638 tanquam
2796 564 3146 636 crystallum,
3209 566 3578 633 procedente»:
3621 571 3687 624 de

397 651 482 706 ἐκ
511 652 619 707 τοῦ
649 653 868 720 θρόνου
897 652 1004 706 τοῦ
1023 649 1176 706 Θεοῦ
1201 647 1302 706 καὶ
1319 649 1432 704 τοῦ
1462 647 1731 719 Ἀρνίου,
1751 649 2002 720 ἐνμέσῳ

401 743 526 814 τῆς
588 743 882 809 πλατείας
905 743 1116 810 αὐτῆς.

495 837 556 891 Ὀ
587 837 688 908 μὲν
721 839 786 890 ὲκ
833 835 934 908 τῆς
981 839 1040 890 ὲν
1069 835 1148 908 τῷ
1182 836 1416 907 παρόντι
1471 833 1570 906 βίῳ
1602 831 2004 908 [Ἐκκλησίαῖ]

403 929 850 1003 ἐκπορευόμενος
885 930 1176 1000 ποταμὸς,
1203 929 1269 982 τδ
1299 927 1400 999 τῆς
1453 927 1880 1000 παλιγγενεσίας
1915 929 2000 983 αξ-

404 1023 652 1078 νίττεται
685 1022 969 1092 βάπτισμα
987 1041 1002 1054 ·
1030 1022 1118 1076 διὰ
1147 1021 1470 1092 ῙῘνεύματος
1496 1022 1598 1092 μὲν
1627 1021 1834 1094 [ἁγίου]
1850 1024 2002 1095 ἐνερι

404 1117 700 1188 γούμενον,
729 1113 1013 1188 καθαροὺς
1039 1115 1098 1168 δὲ
1133 1115 1262 1178 τοὺς
1289 1111 1622 1184 λουομένους·
1663 1111 1806 1186 ὑπὲρ
1846 1115 2000 1185 χιόνα

405 1211 510 1264 καὶ
543 1208 882 1280 κρύσταλλον
913 1207 1386 1276 ἀπεργαζόμενον.
1415 1207 1528 1277 Τὴν
1561 1201 1617 1259 δὲ
1640 1204 1752 1259 ἀνω
1797 1205 1998 1274 Ἱερουο

409 1299 600 1370 σαλὴμ
623 1297 651 1350 6
685 1297 928 1367 ποταμὸς
958 1295 1052 1349 τοῦ
1076 1295 1212 1348 Θεοῦ
1238 1298 1265 1348 ὁ
1293 1293 1731 1366 πεπληρωμένος
1763 1295 1995 1358 ὑδάτων,

401 1391 474 1444 τὸ
507 1389 774 1454 ξωοποιὸν
797 1387 1023 1457 Πνεῦμα
1053 1387 1465 1457 διαπορεύεται,
1503 1387 1568 1438 ὲκ
1597 1383 1692 1439 τοῦ
1731 1385 1872 1439 Θεοῦ
1905 1385 1998 1439 καὶ

405 1483 628 1554 Πατρός
643 1481 1102 1552 ἐκπορευόμενον,
1122 1479 1220 1533 καὶ
1235 1479 1322 1532 διὰ
1341 1477 1432 1531 τοῦ
1457 1477 1695 1548 Ἀρνίου,
1713 1475 1800 1531 διὰ
1828 1477 1997 1546 μέσου

401 1576 522 1628 τῶν
548 1573 874 1647 ῦπερτᾶτων
911 1573 1220 1642 δυνάμεων,
1259 1573 1317 1625 αἳ
1351 1571 1540 1644 θρόνος
1585 1571 1686 1641 τῆς
1727 1571 1994 1640 Θεότητος

404 1667 804 1738 ὀνομάζονται*
850 1665 950 1730 τὰς
1009 1665 1300 1730 πλατείας
1358 1663 1604 1735 πληροῦν
1664 1665 1764 1734 τῆς
1825 1664 1996 1734 ἁγίας

406 1763 676 1826 πόλεως’
720 1757 922 1829 δηλαδὴ
959 1759 1022 1812 τό
1050 1758 1256 1828 πλῆθος
1285 1757 1477 1826 αὐτῆς,
1537 1758 1598 1810 τὸ
1651 1759 1793 1828 ὑπὲρ
1844 1755 1996 1828 ψάμ-

408 1867 537 1921 μον,
561 1851 704 1903 κατὰ
733 1849 824 1902 τὸν
845 1849 1175 1920 Ψαλμῳδδν,
1209 1847 1636 1920 πληθυνόμενον.

482 1943 588 1998 Kai
623 1945 730 1998 τοῦ
784 1943 1056 2012 ποταμοῦ
1097 1943 1383 1997 ἐντεῦθεν
1420 1941 1518 1994 καί
1556 1941 1842 1996 ἐντεῦθεν
1888 1940 1994 2005 εύ-

402 2039 524 2090 .ιον
556 2035 702 2104 ζωῆς
723 2078 738 2098 ,
785 2034 1002 2089 ποιοῦν
1047 2035 1316 2102 καρποὺς
1352 2033 1610 2098 δώδεκα,
1655 2033 1806 2087 κατὰ
1832 2029 2000 2102 μῆνα

409 2129 566 2202 [ἕνα]
595 2130 860 2183 ἕκαστον
883 2127 1217 2182 ἀποδιδοῦν
1249 2127 1358 2180 τὸν
1388 2125 1624 2194 καρπόν
1652 2121 1861 2179 αὐτοῦ.
1923 2185 1938 2194 κ

495 2221 556 2275 Ὃ
584 2221 642 2274 δὲ
676 2221 920 2291 ποταμὸς
953 2213 1128 2283 οὗτος,
1162 2219 1318 2290 φησι,
1346 2219 1558 2284 ποτίζει
1581 2220 1709 2282 τοὺς
1741 2232 1996 2288 παραπε-

409 2314 786 2382 φυτευμένους
835 2307 984 2382 αὺτῷ
1021 2311 1242 2380 ἁγίους,
1281 2311 1474 2374 ξύλον
1522 2309 1672 2378 ζωῆς
1720 2307 1998 2381 τροπικῶς

405 2407 867 2478 ὠνομασμένους,
900 2405 1042 2460 κατά
1093 2403 1327 2475 μετοχὴν
1361 2403 1452 2455 καὶ
1489 2403 1722 2474 μίμησιν
1768 2400 1864 2455 τοῦ
1898 2397 1999 2470 τῆς

409 2502 562 2572 ζωῆς
605 2501 762 2567 ξύλου
808 2493 1121 2572 [Χριστοῦ].
1169 2495 1407 2550 Δώδεκα
1439 2495 1496 2549 δὲ
1547 2493 1818 2564 καρποὺς
1871 2493 2000 2564 βλα-

411 2593 710 2658 στάνοντας
733 2609 747 2624 ’
777 2591 1057 2646 τουτέστιν
1098 2589 1442 2644 ἀδιάλειπτον
1475 2587 1573 2659 τὴν
1619 2589 1730 2643 τῶν
1767 2587 1999 2659 καρπῶν

413 2685 820 2756 βλαστάνοντας
849 2683 1100 2752 ἔκφυσιν.
1133 2681 1210 2737 Οὔ
1249 2682 1358 2751 γὰρ
1389 2681 1666 2752 ἁμαρτίας
1694 2679 1847 2734 ἔσται
1885 2697 2000 2751 χει-

415 2778 536 2848 μὼν
570 2779 717 2843 ἐκεῖ,
752 2776 966 2846 φύλλων
1009 2775 1140 2846 ῥοὴν
1171 2773 1502 2843 ἀναγκάζων
1535 2773 1765 2843 πάσχειν
1797 2773 1865 2827 τὰ
1899 2773 1998 2843 τῆς

412 2867 563 2938 ζωῆς
601 2865 827 2936 δένδρα,
879 2863 1062 2928 καθὼς
1099 2861 1316 2936 ὁρῶμεν
1355 2866 1634 2935 σήμερον·
1671 2863 1807 2918 ἀλλά
1854 2863 1996 2935 πλη-

413 2955 680 3031 ρέστατος
707 2957 861 3011 ἔσται
889 2955 917 3010 ό
945 2957 1046 3027 τῆς
1073 2955 1452 3028 καρποφορίας
1481 2953 1592 3010 τῶν
1622 2953 1795 3024 ἁγίων
1823 2953 1994 3023 abin.-

408 3051 469 3115 ὃς
502 3047 775 3124 [εἰκότως]
807 3045 1043 3103 ἐνταῦθα
1073 3047 1502 3116 δωδεκάμηνος
1536 3045 1997 3116 προσηγόρευται,

407 3144 502 3200 διά
545 3161 607 3198 τε
641 3143 735 3198 τοῦ
777 3159 891 3213 παρ
944 3141 1074 3211 ἡμῖν
1124 3141 1373 3194 ἐνιαυτοῦ
1424 3139 1522 3209 τήν
1556 3139 1873 3209 συνήθειαν,
1911 3139 1999 3191 διά

407 3253 472 3291 τε
501 3233 610 3289 τῶν
649 3232 716 3306 ιβ’
757 3233 1072 3288 ἀποστόλων
1101 3229 1163 3286 τὸ
1197 3233 1484 3304 κήρυγμα.
1525 3230 1762 3284 Δυνατὺν
1801 3229 1858 3283 δὲ
1897 3231 1992 3283 καὶ
2021 3265 2064 3319 c

412 3327 620 3398 ἑτέρως
662 3327 810 3381 ἅπαν
844 3319 906 3378 τὸ
947 3323 1122 3396 παρὸν
1169 3323 1372 3392 χωρίον
1424 3319 1844 3394 ἑρμηνεύεσθαι.
1897 3321 1994 3374 Διὰ

419 3423 520 3492 μὲν
569 3420 678 3476 τοῦ
727 3415 1031 3490 ποταμοῦ,
1081 3417 1156 3480 ὡς
1188 3416 1440 3486 εἴρηται,
1473 3415 1542 3468 τὰ
1589 3413 1679 3467 τοῦ
1725 3412 1992 3477 ζωοποιοῦ

415 3509 536 3589 [καὶ
566 3507 860 3584 παναγίου]
891 3507 1212 3581 Πνεῦματος
1238 3510 1555 3580 χαρίσματα
1575 3525 1588 3538 ”
1611 3507 1758 3578 ἅπερ
1779 3505 1868 3560 διά
1899 3503 1992 3558 τοῦ

413 3607 604 3678 θρόνου
632 3601 728 3661 τοῦ
763 3601 977 3674 Πατρδς
1013 3601 1226 3657 καὶτοῦ
1261 3600 1414 3668 Υἱοῦ,
1445 3599 1646 3671 δηλαδή
1681 3599 1790 3653 τῶν
1805 3613 1995 3669 χερον-

408 3697 586 3751 6ικῶν
613 3695 842 3762 τάξεων,
875 3689 956 3757 οἷς
983 3695 1010 3747 6
1043 3693 1174 3756 Θεὸς
1203 3691 1592 3764 ὲνθρονίζεται,
1619 3689 1700 3754 είς
1715 3691 1816 3762 τὴν
1843 3692 1994 3743 πλα-

407 3787 580 3842 τεῖαν
623 3781 738 3854 τῆς
787 3785 1015 3849 πόλεως
1043 3825 1058 3850 ,
1117 3777 1363 3835 τουτέστι
1412 3779 1514 3850 τὴν
1567 3779 1996 3851 πολυάνθρωπον

407 3877 522 3932 τῶν
560 3877 728 3945 ἁγίων
750 3875 961 3945 πληθὺν
981 3914 997 3940 ,
1027 3873 1224 3938 ἔξεισιν
1242 3890 1256 3904 ·
1300 3873 1376 3936 ὡς
1402 3873 1466 3926 ὲκ
1499 3871 1736 3943 πρώτων
1764 3873 1846 3936 είς
1873 3873 1994 3926 δεύ-

407 3985 547 4040 τερα
578 3969 1066 4040 μετοχετευόμενα,
1091 3965 1231 4019 κατὰ
1260 3965 1360 4034 τὴν
1391 3961 1662 4034 εὔκοσμον
1693 3963 1800 4017 τῶν
1829 3965 1991 4036 οὐρα-

411 4063 545 4118 νίων
577 4061 870 4134 ίεραρχιῶν
902 4057 1166 4123 διάταξιν.
1201 4057 1402 4112 Ξύλον
1424 4053 1664 4130 sum]
1701 4054 1850 4124 ζωῆς
1903 4055 1994 4107 τὸν

413 4151 653 4227 Χριστὸν
707 4151 1099 4222 σημαίνεσθαι,
1132 4151 1189 4203 ἐν
1227 4147 1352 4221 [τῷ]
1387 4147 1672 4217 Πνεύματι
1719 4147 1797 4217 τῷ
1849 4148 1990 4216 ἁγίῳ

409 4247 508 4299 καὶ
555 4245 683 4315 περὶ
711 4243 774 4296 τδ
826 4239 1050 4311 Πνεῦμα
1095 4239 1408 4308 νοούμενον.
1455 4237 1544 4289 Ἐν
1590 4235 1741 4307 αὐτῷ
1770 4237 1879 4306 γὰρ
1933 4237 1992 4289 τὸ

413 4335 656 4406 Πνεῦμα,
694 4333 787 4389 καὶ
818 4331 1024 4406 [αὐτὸς]
1059 4332 1118 4383 ὲν
1135 4329 1418 4400 Πνεύματι
1447 4329 1862 4399 προσκυνεῖται,
1897 4327 1992 4380 καὶ

409 4429 646 4502 χορηγός
675 4431 790 4482 ἐστι
827 4423 966 4498 [τοῦ]
1000 4423 1314 4492 Πνεύματος
1335 4437 1350 4453 ·
1380 4421 1475 4474 καὶ
1501 4419 1590 4472 διὰ
1613 4419 1806 4472 τούτου
1837 4419 1886 4471 οἱ
1922 4417 1989 4488 ιβ’

409 4519 617 4592 καρποὶ
660 4519 754 4571 τοῦ
794 4513 1154 4571 ἀποστολικοῦ
1202 4511 1399 4584 χοροῦ,
1447 4509 1802 4564 ἀνέκλειπτον
1847 4507 1988 4581 [τὸν]

2025 1903 2074 1964 Β

2105 661 2228 716 sede
2256 659 2352 716 Dei
2388 669 2439 715 et
2471 661 2628 732 Agni,
2661 661 2718 714 in
2747 659 2920 714 medio
2957 660 3150 730 platea:
3189 657 3332 728 ejus.

2174 839 2280 896 Per
2322 837 2544 910 ﬂuvium
2579 840 2672 909 qui
2721 840 2776 894 in
2805 837 3024 893 mortali
3054 838 3158 892 hac
3183 839 3296 894 vita
3326 853 3394 894 ea:
3449 837 3696 893 Ecclesia

2105 932 2376 1002 procedit,
2441 932 2875 1002 regenerationis
2935 933 3218 990 lavacrum
3303 933 3690 987 adumbratur.

2105 1021 2222 1080 Hoc
2248 1026 2394 1080 enim
2437 1042 2533 1097 per
2583 1026 2848 1094 Spiritum
2911 1035 3165 1081 sanctum
3213 1033 3450 1090 motum,
3501 1041 3695 1080 onlnes

2103 1125 2375 1186 quotquot
2408 1118 2460 1170 iu
2497 1132 2565 1171 eo
2626 1117 2943 1180 abluuntur,
2983 1118 3132 1171 omni
3169 1119 3288 1172 nive
3321 1131 3386 1172 ac
3415 1117 3697 1187 crystallo

2107 1207 2362 1274 puriores
2393 1206 2791 1275 nitidioresque
2823 1205 3022 1260 reddit.
3047 1205 3120 1258 At
3153 1220 3284 1260 vero
3317 1206 3514 1274 ﬂuvius
3575 1206 3692 1267 Dei,

2104 1297 2198 1366 qui
2254 1309 2538 1364 supernam
2565 1293 2864 1350 Jerusalem
2895 1297 3042 1368 larga
3076 1311 3345 1367 aquarum
3405 1300 3560 1366 copia
3615 1299 3694 1348 iro

2104 1392 2269 1461 rigat,
2329 1403 2412 1445 est
2441 1390 2680 1460 Spiritus
2715 1400 2962 1454 sanetus,
2993 1389 3088 1458 qui
3136 1404 3202 1442 ex
3255 1388 3348 1442 Dei
3409 1397 3463 1442 et
3520 1388 3696 1442 Patris

2105 1483 2308 1538 throno
2331 1497 2428 1553 per
2455 1483 2671 1552 Agnum
2708 1480 3000 1551 procedit;
3057 1489 3112 1534 et
3139 1496 3235 1550 per
3293 1481 3540 1534 medium
3603 1495 3698 1534 su-

2101 1593 2412 1648 premarum
2439 1577 2724 1642 virtutum,
2748 1587 2870 1646 quae
2887 1575 3196 1630 Divinitatis
3217 1575 3364 1628 sedes
3407 1571 3567 1644 107
3598 1587 3700 1627 no—

2102 1669 2404 1733 minantur,
2433 1667 2698 1737 dilapsus,
2747 1673 2952 1722 sanctae
2988 1667 3222 1720 civitatis
3249 1667 3478 1734 plateas,
3503 1679 3700 1732 nempe

2102 1762 2504 1817 multitudinem
2523 1759 2664 1830 ejus,
2683 1773 2824 1829 quae,
2837 1757 2992 1827 juxta
3010 1757 3382 1822 Psalmistam,
3397 1771 3577 1810 arena:
3595 1771 3697 1812 Itu—

2103 1869 2314 1910 merum
2345 1854 2580 1918 excedit,
2609 1853 2846 1908 ubertim
2889 1861 3124 1907 recreat.

2176 1945 2246 2000 Et
2276 1961 2342 2002 ea:
2367 1956 2594 2017 utraque
2621 1954 2772 2015 parte
2799 1943 3035 2014 ﬂuminis
3062 1943 3267 2013 lignum
3295 1943 3439 2006 vitaz,
3468 1940 3698 2010 aﬂ'erem

2103 2037 2310 2110 fructus
2337 2039 2638 2106 duodecim,
2665 2053 2756 2107 per
2787 2053 2988 2092 menses
3025 2034 3264 2106 singulos
3298 2031 3522 2088 reddens
3582 2031 3700 2101 fru-

2102 2141 2246 2185 ctum
2276 2147 2451 2185 suum.

2175 2223 2296 2289 llic,
2333 2223 2534 2294 inquit,
2569 2221 2770 2277 ﬂuvius
2800 2221 2995 2293 irrigat
3034 2229 3259 2278 sanctos
3282 2217 3436 2288 juxta
3470 2231 3529 2274 se
3559 2231 3698 2272 eon-

2103 2319 2278 2384 sitos;
2324 2317 2418 2388 qui
2469 2315 2830 2373 similitudine
2880 2315 3118 2385 quadam
3162 2315 3226 2368 ad
3273 2313 3480 2383 lignum
3534 2309 3694 2378 vitae,

2104 2409 2251 2481 quod
2283 2409 2535 2464 Christus
2565 2416 2684 2472 est,
2731 2406 3090 2477 ejusdemque
3133 2404 3440 2458 imitatione
3473 2411 3528 2458 et
3565 2417 3694 2471 par-

2102 2502 2446 2574 ticipatione,
2494 2501 2644 2572 liqua
2685 2502 2806 2555 vitae
2846 2495 3268 2569 metaphoriet'bs
3320 2495 3690 2566 appellantur.

2103 2593 2485 2666 Progerminat
2527 2599 2711 2646 autem
2751 2592 2858 2645 hoc
2888 2590 3013 2646 vitae
3051 2591 3258 2658 lignum
3307 2589 3514 2658 fructus
3559 2587 3694 2640 duo-

2102 2686 2312 2749 decim,
2365 2684 2469 2738 hoc
2521 2692 2644 2749 est,
2709 2697 3006 2754 perennem
3055 2680 3336 2736 fructuum
3407 2679 3690 2734 fmturam.

2100 2777 2290 2848 Neque
2324 2775 2472 2832 enim
2523 2776 2740 2845 peccati
2781 2775 2972 2846 hyems
2994 2815 3010 2839 ,
3042 2788 3166 2844 quae
3197 2772 3342 2828 foliis
3378 2771 3502 2825 vita:
3545 2769 3693 2839 ligna

2104 2872 2278 2938 exuit,
2312 2871 2500 2926 saeviet
2530 2869 2628 2936 ibi,
2654 2869 3122 2940 quemadmodum
3159 2867 3250 2922 hic
3289 2863 3482 2922 saevire
3515 2863 3690 2927 solet;

2101 2977 2294 3020 verum
2327 2972 2644 3018 sanctorum
2689 2975 2864 3017 aevum
2884 3003 2899 3026 ,
2931 2960 3080 3031 quod
3127 2968 3352 3029 propter
3381 2955 3510 3010 anni
3544 2953 3689 3024 apud

2102 3071 2204 3111 nos
2249 3055 2438 3110 usitati
2491 3054 2984 3118 consuetudinem,
3021 3067 3086 3106 ac
3127 3049 3415 3106 duodecim
3459 3057 3686 3116 aposto‘

2101 3151 2280 3204 lorum
2321 3148 2764 3219 praedicationem
2791 3189 2806 3213 ,
2853 3147 3130 3200 duodecim
3169 3143 3429 3198 mensium
3471 3141 3694 3196 nomine

2107 3251 2252 3297 recte
2285 3241 2640 3311 designatur,
2691 3240 3024 3308 Optimorum
3077 3237 3356 3292 fructuum
3407 3234 3564 3305 copia
3609 3241 3696 3288 est

2101 3331 2547 3387 refertissimum.
2589 3329 2776 3385 Potest
2815 3329 2925 3384 alio
2955 3343 3174 3399 quoque
3210 3327 3374 3381 modo
3413 3333 3565 3380 totus
3601 3322 3692 3378 hic

2099 3423 2256 3478 locus
2294 3422 2516 3492 exponi.
2565 3421 2666 3476 Per
2722 3423 2943 3492 ﬂuuium
2989 3421 3177 3491 igitur,
3217 3429 3280 3474 ut
3328 3418 3538 3473 dictum
3567 3423 3688 3480 est,

2097 3515 2302 3571 viviﬁci
2331 3515 2575 3584 Spiritus
2607 3515 2936 3570 charismata
2973 3513 3397 3583 signiﬁcantur;
3438 3523 3560 3579 quae
3593 3523 3692 3576 per

2099 3609 2280 3664 Patris
2311 3616 2366 3662 et
2407 3606 2530 3661 Filii
2568 3608 2837 3674 thronum,
2879 3621 3077 3676 nempe
3117 3620 3216 3675 per
3247 3601 3687 3658 Cherubicorum

2098 3701 2394 3772 spirituum
2444 3699 2705 3765 ordines,
2765 3699 2820 3752 in
2877 3698 3081 3768 quibus
3140 3695 3284 3750 Deus
3337 3691 3575 3755 insidet,
3635 3690 3690 3743 in

2097 3791 2324 3846 civitatis
2347 3789 2576 3856 plateas,
2606 3789 2709 3844 hoc
2743 3797 2848 3848 est,
2879 3789 2932 3841 in
2967 3799 3320 3841 numerosam
3367 3783 3512 3836 illam
3561 3797 3691 3836 san-

2097 3893 2312 3940 ctorum
2344 3882 2772 3948 multitudinem,
2804 3887 3052 3947 exeunt;
3101 3887 3157 3932 et
3185 3877 3254 3932 ab
3291 3876 3380 3932 his
3423 3884 3685 3942 tanquam

2096 3992 2162 4032 ex
2212 3977 2427 4048 primis,
2462 3974 2530 4030 ad
2571 3973 2695 4028 illos
2721 3972 2814 4042 qui
2857 3970 3190 4026 secundario
3235 3982 3300 4023 ea
3331 3966 3686 4038 participant,

2097 4084 2221 4126 sese
2249 4069 2560 4124 diﬂ‘nudunt
2583 4084 2598 4134 ;
2623 4065 2790 4136 idque
2825 4063 3128 4120 secundum
3157 4060 3482 4116 concinnam
3515 4059 3689 4112 emle~

2097 4161 2259 4216 stium
2316 4157 2570 4212 ordinum
2639 4165 2694 4211 et
2744 4155 3185 4210 hierarchiarum
3235 4151 3684 4220 dispositionem.

2095 4257 2200 4314 Per
2233 4253 2434 4324 lignum
2467 4251 2660 4306 autem‘
2681 4251 2820 4311 vitaz,
2845 4249 3149 4314 Christum,
3188 4248 3242 4300 in
3274 4245 3482 4314 Spiritu
3505 4252 3561 4296 et
3593 4255 3689 4310 per

2097 4345 2362 4416 Spiritum
2391 4343 2689 4414 cognitum,
2715 4341 3033 4410 signiﬁcari,
3059 4349 3214 4393 extra
3245 4335 3682 4392 controversiam

2093 4446 2193 4495 est.
2233 4437 2292 4494 In
2325 4439 2444 4507 ipso
2475 4449 2710 4504 namque
2736 4440 2820 4488 est
2852 4431 3110 4502 Spiritus,
3135 4441 3188 4484 et
3215 4430 3268 4484 in
3307 4427 3516 4499 Spiritu
3549 4428 3681 4480 ado-

2095 4540 2271 4596 ratur,
2294 4539 2348 4583 et
2369 4529 2484 4600 ipse
2505 4537 2589 4583 est
2612 4527 2706 4596 qui
2733 4525 3000 4595 Spiritum
3030 4523 3300 4593 largitur;
3325 4529 3380 4576 et
3405 4535 3502 4590 per
3529 4519 3682 4572 illum

408 4613 508 4682 τῆς
537 4607 868 4680 θεογνωσίας
913 4607 1126 4680 καρπὸν
1157 4607 1292 4677 ἡμῖν
1334 4603 1702 4674 δωρούμενοι·
1741 4603 1812 4656 δι’
1843 4595 1918 4656 ὧν
1961 4602 1988 4654 6

2102 4595 2702 4692 duodecim-apostolici
2734 4618 2890 4672 chori
2921 4617 3150 4682 fructus,
3187 4615 3442 4670 assiduos
3485 4613 3686 4666 divinat

411 4704 688 4768 ἐνιαυτὸς
719 4701 940 4768 Κυρίου
983 4697 1188 4761 δεκτὸς,
1215 4695 1308 4750 καὶ
1407 4695 1591 4766 ἡμέρα
1617 4696 1719 4762 τῆς
1750 4697 1993 4747 ἀνταπο-

411 4795 668 4864 δόσεωςή
719 4791 800 4863 τῷ
827 4791 1084 4862 προφήτῃ
1134 4787 1618 4859 προκηρυχθεϊσα,
1668 4801 1990 4857 προκαταγ-

411 4887 682 4955 γέλλεται.

481 5087 589 5142 Καὶ
621 5085 696 5141 τὰ
735 5086 942 5155 φύλλα
979 5083 1084 5139 τοῦ
1117 5083 1338 5154 ξύλου,
1387 5085 1474 5150 εἰς
1507 5085 1830 5152 θεραπείαν
1870 5084 1989 5137 τῶν

407 5179 615 5234 ἐθνῶν.

479 5273 689 5326 Φύλλα
732 5271 790 5324 δὲ
839 5269 948 5326 τοῦ
991 5270 1182 5336 ξύλου
1217 5265 1353 5341 [τῆς
1389 5267 1586 5340 ζωῆς,]
1634 5267 1835 5339 δηλαδὴ
1895 5267 1990 5320 τοῦ

406 5362 686 5433 Χριστοῦ,
741 5363 799 5414 αἱ
843 5359 1290 5429 ὲπιπολαιότεραι
1331 5357 1443 5410 τῶν
1490 5356 1652 5409 θείων
1703 5357 1988 5429 χριμάτων

407 5456 650 5524 νοήσεις·
685 5453 874 5524 ὥσπερ
901 5451 1117 5521 καρποὶ
1147 5449 1332 5516 αὐτοῦ,
1364 5451 1398 5521 ἡ
1422 5449 1733 5518 τελειοτέρα
1763 5449 1986 5518 γνῶσις,

405 5552 438 5620 ή
470 5549 528 5602 ἐν
558 5548 634 5619 τῷ
659 5545 906 5616 μέλλοντι
934 5543 1450 5614 ἀποκαλυπτομένη.
1480 5539 1667 5594 Ταῦτα
1690 5542 1758 5595 τὰ
1786 5541 1980 5611 φύλλα,

404 5642 484 5703 εἰς
518 5639 846 5710 θεραπείαν,
875 5638 1076 5710 δηλαδὴ
1113 5638 1193 5700 εἰς
1222 5637 1324 5707 τὴν
1360 5635 1460 5706 τῆς
1505 5636 1729 5703 ἀγνοίας
1774 5636 1981 5689 ἀποκά-

407 5731 600 5800 θαρσιν
629 5730 735 5783 τῶν
765 5728 1187 5799 ὑποϐεϐηκότων
1207 5729 1264 5782 ὲν
1287 5729 1352 5797 τῇ
1383 5727 1492 5780 τῶν
1514 5725 1727 5799 ἀρετῶν
1751 5727 1984 5798 ἐργασίᾳ

409 5821 613 5888 ἐθνῶν,
659 5821 906 5875 ἔσονταιο
944 5821 1080 5874 διότι
1120 5819 1257 5890 άλλη
1300 5819 1430 5888 δόξα
1469 5819 1648 5889 ἡλίου,
1699 5821 1794 5872 καὶ
1845 5817 1979 5890 ἄλλη

408 5913 582 5988 [δόξα]
623 5917 883 5987 σελήνης,
921 5915 1016 5970 καὶ
1070 5915 1202 5982 ἄλλη
1250 5911 1376 5982 δόξα
1410 5913 1684 5984 ἀστέρων·
1724 5913 1814 5968 uti
1849 5913 1978 5965 πολ-

2097 4714 2428 4785 c0gnitionis
2467 4711 2632 4766 [cetus
2663 4709 3024 4779 profer-entes,
3058 4707 3214 4761 nobis
3245 4706 3545 4760 donantur.
3579 4702 3686 4757 Per

2097 4821 2237 4878 quos
2270 4803 2457 4874 utique
2489 4803 2723 4872 obtingit
2756 4817 2926 4855 annus
2961 4799 3178 4853 Domini
3212 4806 3498 4867 acceptus,
3533 4797 3686 4850 dies-

2097 4911 2203 4968 que
2233 4894 2632 4958 retributionis,
2657 4893 2750 4958 qui
2780 4892 2988 4946 dudum
3017 4900 3146 4944 ante
3185 4905 3216 4942 a
3243 4889 3510 4959 prepheta
3539 4901 3684 4958 prte-

2097 4988 2329 5053 dicatus,
2367 4987 2524 5041 nobis
2557 4999 2706 5040 nunc
2735 4983 2955 5038 tandem
2995 4981 3386 5036 annuntiatur.

2171 5077 2236 5132 Et
2267 5077 2398 5148 [alia
2432 5077 2564 5148 tigni
2598 5077 2670 5130 ad
2699 5077 2982 5130 sanitatem
3020 5074 3276 5144 gentium.

2164 5257 2268 5314 Per
2312 5257 2446 5328 [alia
2478 5258 2610 5329 ligni
2659 5259 2815 5322 uiue,
2869 5258 3017 5328 quod
3061 5264 3146 5312 est
3184 5255 3480 5313 Christus.
3530 5251 3682 5306 desi-

2094 5363 2328 5421 gnantur
2355 5352 2634 5406 tenuiores
2674 5361 2730 5404 et
2762 5352 2920 5420 quasi
2960 5349 3334 5419 superliciales
3363 5347 3678 5401 divinorum

2089 5443 2428 5512 judiciorum
2484 5443 2726 5511 natium;
2783 5442 3250 5513 quemadmodum
3319 5457 3414 5510 per
3473 5439 3684 5508 fructus

2094 5539 2532 5592 consummatior
2565 5536 2882 5593 earumdem
2919 5552 3101 5592 rerum
3146 5535 3430 5604 cognitio;
3469 5549 3592 5602 qtue
3625 5533 3678 5586 in

2093 5631 2280 5686 fututro
2317 5632 2536 5686 tandem
2569 5647 2684 5688 aevo
2713 5631 2954 5702 pateﬁet.
2987 5629 3268 5700 Ejusmodi
3309 5629 3478 5698 igitur
3521 5625 3676 5692 folia,

2090 5727 2154 5780 ad
2193 5725 2568 5790 sanationem,
2619 5725 2725 5780 hoc
2772 5733 2875 5790 est,
2915 5726 2968 5778 in
3007 5723 3372 5794 ignorationis
3403 5721 3678 5792 expiatio-

2088 5835 2246 5887 nem,
2293 5819 2507 5873 iliarum
2567 5819 2810 5891 gentium
2863 5835 2986 5888 qum
3039 5817 3094 5871 in
3141 5817 3405 5872 virtutum
3460 5815 3674 5870 actione

2086 5913 2270 5967 minus
2321 5913 2650 5978 valuerunt,
2699 5913 2894 5968 cedent
2942 5929 2956 5965 ε
3009 5910 3279 5983 siquidem
3331 5927 3438 5966 non
3487 5907 3677 5964 cadent
