4102 6470
462 403 569 466 443

1665 399 1994 462 ΑΝΒΗΕΕ
2031 397 2549 457 CrESARIE-NSIS

3703 385 3816 453 ιιι

461 521 733 587 omnium,
792 521 886 576 sed
923 521 1026 574 alia
1063 528 1146 574 est
1186 517 1358 588 gloria
1400 516 1554 580 solis,
1590 517 1697 571 alia
1738 518 1902 576 lunae.
1936 517 2041 571 alia

2153 514 2239 566 λαὶ
2297 513 2457 583 μοναὶ
2494 511 2645 582 παρά
2685 512 2761 583 τῷ
2805 513 3014 583 Πατρίο
3044 514 3135 568 τον
3183 515 3297 585 μὲν
3361 510 3670 580 ἥττονος.
3724 506 3820 558 τδν

465 615 772 668 su-llaruzn.
813 613 876 666 Et
921 613 1104 667 multa:
1137 627 1351 665 rursum
1395 609 1710 667 mansiones
1739 619 1869 666 sunt
1903 614 2044 678 apul

462 700 716 769 Patrem;
773 718 1002 772 quarum
1037 701 1154 754 aliae
1194 699 1416 769 majori,
1462 700 1582 754 alia:
1622 701 1822 754 minori
1865 701 2045 770 splen-

465 797 599 848 dore
651 795 954 862 potiuntur,
1000 792 1301 847 secundum
1344 805 1570 860 operum
1615 790 2048 860 uniuscujusque

468 885 772 952 analogiam
821 891 878 938 et
928 883 1272 952 qualitatem.
1329 882 1454 936 Alio
1491 899 1660 937 sensu
1708 899 1803 952 per
1843 883 2044 951 lignum

468 975 622 1040 vitm,
685 974 824 1042 quod
874 975 1136 1027 mensibus
1195 974 1450 1027 duodenis
1509 974 1714 1042 fructus
1770 974 2046 1028 duodecim

467 1065 648 1134 a/fert,
685 1065 914 1118 chorum
951 1065 1316 1134 apostolicum
1348 1065 1597 1134 accipere
1641 1066 1795 1125 licet.
1828 1075 2049 1135 propter

467 1155 796 1222 peculiarem
839 1157 1156 1211 societatem
1199 1165 1251 1210 et
1282 1157 1836 1212 communicationem
1879 1174 2045 1227 quam

467 1248 657 1301 habuit
687 1263 812 1303 eum
837 1249 986 1318 ligno
1010 1264 1151 1303 verae
1185 1249 1331 1303 vitaz.
1366 1247 1480 1303 Hoc
1507 1249 1652 1302 enim
1689 1259 2046 1319 posteaquam

465 1355 590 1394 eum
623 1354 789 1395 carne
838 1351 1026 1396 nostra
1059 1342 1227 1397 semel
1261 1341 1711 1406 Communicavit,
1764 1358 1876 1397 sua:
1907 1342 2048 1396 divi-

467 1432 658 1486 uitatis
690 1432 986 1502 participes
1020 1448 1123 1488 nos
1159 1433 1305 1489 fecit.
1360 1431 1568 1487 llorum
1611 1444 1791 1486 autem
1836 1433 2047 1488 fructus

467 1523 524 1577 in
561 1525 925 1578 centesimum
957 1534 1320 1592 excrescunt;
1351 1525 1479 1580 folia
1514 1542 1646 1580 vero
1672 1527 1778 1580 alia
1817 1527 2051 1580 reddunt

467 1613 898 1682 sexagesimum,
937 1614 1044 1668 alia
1079 1615 1463 1685 trigesimum;
1501 1632 1624 1685 quae
1659 1618 1948 1670 sanitatem
1983 1617 2049 1671 iis

471 1703 634 1772 108
684 1703 924 1758 afferunt
965 1703 1059 1773 qui
1107 1720 1172 1760 ex
1222 1706 1475 1775 gentibus
1514 1707 1566 1759 in
1619 1707 1786 1760 divini
1830 1708 2050 1760 luminis

466 1792 761 1861 splendore
826 1810 934 1847 non
1002 1795 1073 1848 ita
1129 1794 1362 1849 multum
1415 1796 1831 1862 excelluerunt;
1884 1812 2048 1865 quam

2147 607 2204 659 δὲ
2259 606 2501 668 πλείονος
2542 605 2792 672 ἀξιοῦσαι
2847 607 3256 677 λαμπρότητος,
3307 602 3482 657 κατὰ
3530 601 3646 668 τὴν
3685 597 3824 648 ἑκά-

2151 715 2276 749 στου
2307 697 2601 763 ἀναλογίαν
2645 697 2752 749 τῶν
2781 697 3055 766 πράξεων.
3091 699 3199 750 Καὶ
3237 696 3494 762 ἑτέρως
3539 689 3605 742 δὲ
3652 687 3822 740 τοῦτο

2149 791 2403 858 νοητέον,
2457 790 2650 854 ξύλον
2693 789 2844 857 ᾇυῆς
2899 791 3112 843 ποιοῦν
3160 786 3479 856 καρποὺς
3541 783 3666 846 ιβ’,
3725 780 3823 835 τὸν

2149 883 2502 937 ἀποστολικον
2571 882 2730 953 χορδν
2790 879 3091 954 [νοοῦμεν]
3151 882 3304 935 κατὰ
3377 871 3661 947 μετοχὴν
3719 873 3820 926 τοῦ

2149 975 2317 1038 ὅντως
2345 974 2500 1038 ξύλου
2522 973 2622 1042 τῆς
2651 973 2821 1041 ζωῆς,
2850 971 2942 1024 τοῦ
2973 972 3059 1025 διὰ
3083 972 3182 1040 τῆς
3212 971 3372 1041 πρὸς
3411 965 3588 1039 [τὴν]
3624 965 3821 1034 σάρκα

2150 1067 2435 1129 κοινωνίας
2457 1065 2852 1136 δωρησαμένου
2877 1065 3008 1133 ἡμῖν
3034 1063 3268 1133 μετοχὴν
3301 1079 3350 1113 π
3361 1061 3471 1129 pb;
3490 1059 3611 1128 τὴν
3640 1057 3817 1111 αὐτοῦ

2152 1158 2404 1229 Θεότητα.
2456 1157 2674 1209 Τούτων
2706 1157 2940 1224 καρποὶ,
2971 1157 3020 1207 οἱ
3057 1158 3112 1206 ἐν
3145 1153 3359 1208 ἑκατὸν
3408 1152 3817 1221 καρποφορή-

2153 1268 2365 1311 σαντες.
2414 1249 2594 1302 Φύλλα
2631 1247 2719 1310 δὲ,
2756 1249 2806 1299 oi
2853 1249 2909 1300 ἐν
2956 1247 3257 1316 ἐξήκοντα·
3303 1245 3366 1297 οἳ
3426 1245 3540 1297 καί
3582 1242 3712 1304 τοῖς
3759 1244 3817 1294 ἐν

2151 1343 2445 1410 τριάκοντα
2477 1342 2590 1402 τοῖς
2617 1341 2680 1392 ἐκ
2714 1339 2823 1390 τῶν
2865 1337 3038 1392 ἐθνῶν
3073 1335 3213 1409 [τὴν]
3236 1335 3592 1408 Θεραπείαν
3634 1350 3809 1401 προσ-

2150 1433 2389 1493 οίσουσι,
2421 1435 2536 1494 τοῖς
2589 1430 2965 1499 ὑποϐεϐηκόσι
3019 1430 3122 1482 τῶν
3174 1428 3346 1481 θείων
3419 1424 3658 1496 φώτων
3715 1423 3816 1493 τὴν

2153 1525 2346 1593 αἴγλην
2376 1523 2899 1593 διαπορθμεύοντες,
2931 1523 3074 1592 ἀπερ
3117 1521 3204 1573 διὰ
3244 1521 3365 1573 τῶν
3404 1532 3816 1586 καρποφορη-

2155 1617 2361 1669 σάντων
2409 1617 2466 1666 ὲν
2500 1614 2696 1668 ἑκατὸν
2732 1613 3002 1676 ἐδέξαντο.
3036 1613 3173 1676 Ὀςη
3223 1611 3340 1679 γὰρ
3393 1607 3652 1676 φύλλων
3718 1605 3813 1658 καὶ

2154 1707 2383 1777 καρπῶν
2415 1706 2585 1778 [ἐστιν
2621 1704 2678 1776 ὴ]
2735 1704 3007 1774 διαφορὰ,
3048 1701 3289 1769 τοσαύτη
3339 1702 3457 1753 καὶ
3506 1697 3634 1750 τῶν
3685 1696 3812 1748 τότε

2157 1800 2517 1868 σωζομένωνο
2550 1798 2660 1851 τῶν
2719 1797 2816 1866 μὲν
2869 1791 3066 1866 ἦττον,
3110 1796 3218 1846 τῶν
3270 1795 3331 1856 δὲ
3387 1793 3610 1844 πλεῖον
3651 1788 3810 1852 δοξα-

466 1881 688 1950 quidem
731 1883 1020 1937 sanitatem
1062 1898 1158 1953 per
1193 1884 1316 1939 illos
1355 1895 1737 1953 susceperunt,
1776 1885 1871 1955 qui
1920 1901 2048 1940 cen-

2157 1891 2437 1962 ζομένων,
2482 1893 2558 1953 ὡς
2609 1891 2938 1960 γέγραπται.
2990 1891 3051 1942 Εί
3096 1889 3150 1941 δὲ
3204 1889 3420 1961 ἑνικῶς
3460 1886 3538 1938 τὸ
3601 1884 3810 1946 ξύλον

470 1976 681 2040 tuplum
739 1972 1223 2028 l‘ruetilicaverant.
1285 1973 1561 2040 Quantum
1613 1975 1761 2029 enim
1820 1975 2051 2030 interest

467 2062 612 2117 inter
662 2063 786 2119 folia
831 2074 884 2118 et
920 2065 1164 2130 fructus,
1217 2075 1428 2121 tantum
1465 2066 1606 2119 inter
1647 2082 1740 2121 eos
1787 2068 1880 2136 qui
1921 2077 2049 2121 tunc

467 2155 861 2221 salvabuntur,
912 2157 1347 2212 intercessurum
1402 2157 1704 2226 putandum
1763 2169 1879 2225 est;
1925 2160 2049 2214 aliis

466 2245 686 2313 quidem
740 2247 974 2316 majori,
1009 2249 1133 2304 aliis
1169 2264 1298 2304 vero
1331 2249 1528 2304 minori
1577 2250 1747 2320 gloria
1794 2252 2047 2319 potienti-

466 2336 592 2404 bus,
625 2339 786 2394 sicuti
814 2350 940 2396 ante
979 2341 1157 2396 obiter
1189 2341 1488 2396 indicatum
1536 2352 1640 2398 est.
1672 2341 1827 2408 Quod
1864 2353 2046 2397 autem

2157 1982 2278 2034 ἀντὶ
2303 1980 2422 2032 τῶν
2452 1981 2655 2043 ξύλων
2685 1979 3016 2048 γέγραπται,
3053 1977 3149 2044 τὴν
3185 1976 3416 2030 ἑνιαίαν
3455 1973 3584 2025 τῶν
3623 1971 3808 2036 ἁγίων

2148 2073 2298 2141 δηλοῖ
2336 2073 2707 2143 συνδιαίτησιν
2749 2072 2844 2123 καὶ
2881 2072 3156 2140 ὁμόνοιαν.
3194 2071 3362 2132 Ἔθος
3409 2069 3476 2120 δὲ
3529 2065 3692 2138 [uadi

2151 2165 2338 2235 Γραφῇ
2387 2163 2655 2233 πολλαχοῦ
2693 2164 2815 2214 ἀντὶ
2861 2163 3032 2226 ξύλων
3084 2161 3296 2214 πολλῶν
3345 2159 3582 2220 ἑνικῶς
3635 2156 3803 2222 ξύλον

2149 2255 2333 2308 καλεῖν
2361 2271 2374 2285 ·
2427 2256 2520 2306 καὶ
2562 2253 2680 2306 ἀνθ’
2725 2253 2930 2323 ἑτέρων
2961 2251 3383 2323 πληθυντικῶν,
3438 2249 3619 2302 ἑνικὰ
3673 2246 3798 2301 ὀνό-

2155 2363 2298 2415 ματα
2329 2343 2575 2417 [λέγεινῖ.

463 2432 664 2501 lignum
721 2435 1073 2506 singulariter
1127 2452 1226 2506 pro
1261 2437 1421 2508 lignis
1466 2438 1731 2507 scriptum
1774 2447 1888 2504 est,
1942 2439 2045 2494 hoc
2084 2450 2398 2496 sanctorum
2472 2441 2609 2494 inter
2645 2454 2704 2494 se
2780 2439 3036 2492 unionem
3074 2446 3126 2491 et
3177 2437 3562 2492 concordiam
3610 2433 3792 2502 signi-

466 2526 614 2583 ﬁcat.
669 2527 773 2584 Sed
825 2539 880 2584 et
933 2546 1292 2585 numerorum
1346 2532 1617 2587 heterosis
1667 2532 1841 2588 sacris
1898 2531 2121 2588 Lilteris
2164 2535 2458 2588 admodum
2533 2548 2754 2602 quoque
2824 2530 3108 2584 familiaris
3155 2539 3258 2583 est.
3322 2527 3586 2582 Constat
3644 2525 3792 2577 enim

467 2621 611 2693 ligna
668 2625 838 2678 multa
898 2625 1104 2691 lignum
1170 2641 1380 2689 mium,
1436 2636 1491 2680 ot
1565 2628 1768 2682 multos
1840 2643 2012 2697 equos
2091 2644 2294 2698 equum
2343 2644 2512 2682 unum
2584 2627 2894 2698 appellare,
2933 2625 3151 2695 aliaque
3228 2626 3278 2679 id
3327 2638 3528 2694 genus
3581 2622 3789 2690 singu-

466 2715 604 2771 laria
643 2732 741 2786 pro
789 2718 1104 2774 nominibus
1148 2719 1454 2790 pluralibus
1504 2718 1822 2788 frequenter
1875 2721 2148 2775 collocare
2187 2721 2384 2775 solere.

537 2805 706 2873 XXII,
735 2808 791 2862 3.
823 2807 893 2862 Et
927 2825 1078 2864 onme
1102 2809 1444 2865 maledictum
1467 2827 1572 2865 non
1603 2812 1701 2866 erit
1729 2811 1980 2881 amplius.

534 2899 677 2955 Cum
731 2900 1090 2956 anathemati:
1147 2917 1349 2957 nomen
1411 2901 1663 2957 bifariam
1717 2913 2050 2974 usurpetur,

467 3007 581 3047 uno
610 2992 773 3048 modo
795 3009 895 3064 pro
919 3009 986 3050 eo
1013 2996 1158 3065 quod
1191 2995 1292 3049 soli
1321 2993 1433 3049 Deo
1459 3003 1837 3050 consecratum
1881 3006 1931 3050 et
1962 2997 2054 3050 de-

465 3086 706 3142 dicatum
741 3097 824 3142 est
851 3126 866 3150 ,
902 3087 968 3141 ad
997 3086 1143 3156 quod
1185 3087 1416 3156 proinde
1455 3087 1768 3156 promiscue
1806 3089 2055 3142 multitu-

2227 2813 2338 2866 Καὶ
2370 2811 2495 2867 πᾶν
2524 2813 2825 2880 κατάθεμα
2861 2813 2974 2868 οὐκ
3004 2812 3174 2865 ἔσται
3207 2806 3352 2862 ἐκεῖ.

2226 2905 2332 2958 Τοῦ
2363 2905 2734 2974 ἀναθέματος
2763 2905 2964 2968 δισσῶς
2998 2903 3291 2974 νοουμένου
3313 2919 3325 2932 ·
3361 2899 3470 2953 τοῦ
3507 2900 3616 2970 μὲν
3641 2939 3656 2962 ,
3706 2899 3783 2961 ὡς

2150 3001 2262 3063 τοῖς
2322 2998 2538 3060 πολλοῖς
2571 2999 2794 3051 ἀθίκτου
2820 3039 2834 3059 ,
2885 2997 3004 3066 Θεῴ
3037 2997 3093 3051 δὲ
3127 2996 3274 3065 μόνῳ
3311 2992 3775 3058 ἀνατιθεμένουο

2150 3089 2242 3144 τοῦ
2261 3089 2338 3150 δὲ,
2359 3088 2433 3152 ὡς
2461 3089 2610 3158 πάσῃ
2645 3091 2707 3157 τῇ
2747 3088 2921 3140 κτίσει
2951 3087 3044 3140 καὶ
3072 3088 3190 3148 ταῖς
3234 3084 3424 3152 ἁγίαις
3459 3083 3777 3151 δυνάμεσιν

469 3175 581 3229 diui
640 3191 746 3229 non
798 3185 948 3246 patet
979 3191 1262 3240 accessus,
1313 3177 1420 3231 alio
1451 3178 1616 3232 modo
1666 3193 1766 3248 pro
1800 3193 1867 3232 eo
1903 3178 2048 3247 quod

2153 3179 2454 3250 ἀψαύστου,
2481 3181 2554 3243 ὼς
2579 3180 2654 3252 τῷ
2691 3180 2924 3247 διαϐόλῳ
2948 3178 3332 3248 ἀνακειμένου,
3355 3177 3452 3230 διὰ
3466 3174 3575 3245 τὴν
3595 3173 3774 3242 ἀμιγῆ

469 3281 649 3334 neque
703 3267 912 3326 sanctis
975 3268 1084 3321 illis
1139 3268 1468 3334 virtutibus,
1523 3284 1700 3338 neque
1745 3269 1833 3322 ulli
1892 3270 2052 3324 alteri

465 3368 729 3413 creatura:
763 3369 1108 3414 contrectare
1136 3359 1220 3415 las
1246 3369 1362 3427 est;
1411 3370 1606 3430 utpote
1660 3360 1880 3416 diabolo
1913 3379 2055 3416 nun-

467 3459 761 3520 cupatum,
795 3465 898 3505 nee
949 3467 1057 3506 non
1088 3450 1157 3506 ab
1203 3451 1354 3506 omni
1401 3466 1631 3521 prorsus
1669 3453 1814 3506 bono
1847 3468 1901 3506 et
1952 3453 2055 3505 ho-

1022 3559 1131 3599 non
1181 3554 1265 3600 est
1293 3543 1382 3600 hic
1411 3559 1598 3602 sermo
1626 3545 1692 3600 de
1726 3544 1896 3614 priori
1941 3545 2056 3610 illo,

466 3635 560 3689 sed
606 3635 675 3689 de
724 3635 1060 3704 posteriori,
1109 3635 1259 3705 quod
1309 3636 1462 3704 gravi
1521 3635 1756 3705 quadam
1809 3636 2058 3706 emphasi

469 3550 629 3600 nesto
664 3543 903 3597 alienum
952 3562 966 3597 :

2159 3273 2252 3325 τοῦ
2279 3271 2443 3326 καλοῦ
2473 3272 2857 3340 ἀλλοτρὶωσιν,
2885 3269 3044 3323 τοῦτο
3073 3268 3307 3322 ἐνταῦθα
3338 3267 3470 3320 κατ’
3506 3265 3774 3319 ἐπίτασιν

2155 3363 2408 3432 εἰρῆσθαι
2432 3362 2728 3432 νομίζομεν
2750 3360 3071 3429 κατάθεμα.
3101 3359 3192 3430 Τῷ
3221 3359 3329 3429 γὰρ
3346 3357 3470 3410 ὄντι
3502 3356 3566 3409 τὸ
3596 3352 3770 3407 τοιοῦ-

2155 3472 2246 3508 τον
2281 3455 2381 3506 οῦκ
2424 3453 2762 3518 ἀνατίθεται,
2809 3451 2947 3506 ἀλλά
2987 3450 3363 3516 κατατίθεται,
3414 3447 3501 3519 τῷ
3528 3443 3773 3512 διαϐόλῳ

2158 3548 2593 3617 ὑποταττόμενον
2621 3548 2714 3600 καὶ
2745 3543 3352 3614 συγκαταδικαζόμενον
3374 3559 3388 3573 °
3423 3543 3576 3611 ὅπερ
3607 3541 3668 3592 ἐν
3701 3537 3765 3608 τῇ

2159 3639 2314 3693 πόλει
2343 3639 2527 3712 ἐκείνῃ
2557 3639 2656 3692 οὐκ
2682 3638 2863 3692 ἔσται.

463 3731 760 3783 calatliema
808 3731 889 3782 vel
943 3731 1284 3786 maledictum
1341 3733 1441 3786 hoc
1495 3732 1615 3786 loco
1669 3741 1898 3786 vocatur
1944 3751 1957 3786 :
1995 3749 2053 3788 re
2084 3733 2201 3804 ipsa
2231 3736 2376 3790 enim
2413 3735 2519 3790 tale
2548 3735 2836 3789 anathema
2868 3731 3306 3787 coelestinumini
3359 3744 3469 3781 non
3537 3723 3762 3779 dedica-

469 3835 576 3883 tur.
649 3839 846 3893 neque,
898 3834 956 3878 ut
1029 3841 1116 3879 res
1162 3827 1353 3880 votivae
1405 3824 1617 3889 solent,
1681 3827 1792 3882 Deo
1845 3829 2242 3897 suspenditur;
2292 3827 2408 3894 sed,
2455 3838 2514 3882 ut
2564 3843 2652 3882 res
2687 3826 2906 3881 diabolo
2953 3826 3219 3893 subjecta,
3292 3820 3577 3886 simulque
3630 3829 3753 3868 eum

466 3914 560 3968 illo
581 3915 1024 3970 eondemnationi
1089 3917 1350 3982 obnoxia,
1385 3919 1701 3989 deponitur,
1766 3929 1821 3974 et
1878 3931 2136 3990 tanquam
2178 3921 2464 3992 profanum
2530 3919 2787 3990 quiddam
2846 3917 3074 3988 pedibus
3133 3915 3400 3970 calcatur.
3469 3903 3757 3979 Ejusmodi

463 4017 646 4061 autem
681 4008 987 4061 catatbema
1019 4009 1075 4062 in
1106 4009 1327 4064 civitate
1357 4010 1446 4064 illa
1480 4025 1587 4064 non
1618 4012 1744 4066 erit.

537 4099 640 4153 Sed
663 4100 808 4154 sedes
844 4100 937 4155 Dei
959 4112 1008 4156 et
1044 4104 1180 4171 Agni
1203 4104 1255 4156 in
1285 4103 1384 4158 illa
1407 4115 1562 4158 erunt
1588 4119 1606 4157 :
1634 4107 1768 4160 servi
1797 4107 1911 4175 ejus
1936 4121 2048 4158 ser-

462 4193 598 4244 cient
633 4191 735 4255 illi,
775 4202 825 4246 et
854 4193 1103 4247 videbunt
1134 4194 1326 4263 faciem
1363 4197 1502 4263 eius,
1538 4204 1589 4252 et
1615 4213 1803 4254 nomen
1839 4197 1951 4266 ejus
1994 4197 2050 4251 in

463 4282 728 4351 frontibus
757 4285 890 4340 suis.

531 4468 659 4533 Qui,
699 4467 900 4538 inquit,
939 4469 1063 4525 facti
1098 4479 1229 4526 sunt
1261 4471 1492 4527 thronus
1523 4469 1618 4526 Dei
1649 4485 1744 4541 per
1774 4471 2047 4541 requiem,

462 4579 625 4630 quam
674 4563 936 4617 Dominus
970 4563 1022 4616 in
1069 4563 1177 4618 illis
1217 4564 1395 4633 capit,
1438 4564 1476 4617 ii
1514 4564 1762 4633 germani
1815 4562 2049 4617 civitatis

466 4654 616 4705 illius
655 4653 992 4706 habitatores
1022 4653 1424 4717 censebunlur;
1463 4653 1838 4722 videbuntque
1868 4653 2047 4721 ipsum

466 4761 573 4798 non
601 4761 696 4813 per
719 4745 1028 4813 a'nigmata,
1054 4746 1147 4799 sed
1177 4746 1314 4800 faeie
1333 4746 1400 4799 ad
1427 4746 1622 4800 faciem
1648 4784 1662 4810 ,
1689 4744 2048 4813 quemadmo-

462 4834 592 4888 dum
627 4835 774 4888 visus
804 4842 890 4888 est
938 4835 1145 4889 sanctis
1176 4836 1441 4904 apostolis
1487 4835 1539 4888 in
1585 4843 1788 4898 monte,
1831 4843 1891 4887 ut
1932 4849 2048 4886 ma-

463 4942 606 4995 gnus
632 4926 710 4978 ait
740 4925 1068 4996 Dionysius;
1095 4926 1487 4996 habebuutque
1513 4943 1612 4997 pro
1634 4943 1798 4981 aurea
1825 4926 2047 4988 lamina,

462 5036 627 5094 quam
688 5035 940 5076 summus
1006 5022 1266 5074 sacerdos
1319 5020 1450 5074 olim
1511 5019 1759 5086 ferebat,
1808 5020 2046 5074 divinum

463 5129 671 5178 nomen,
733 5127 839 5166 non
884 5120 990 5166 tam
1052 5111 1105 5165 in
1147 5111 1422 5167 frontibus
1477 5112 1830 5182 descriptum,
1879 5127 2044 5181 quam

460 5208 515 5260 in
560 5207 807 5259 cordibus
863 5207 1196 5272 impressum.
1249 5206 1458 5260 Iudicat
1496 5206 1547 5260 id
1592 5216 1772 5259 autem
1807 5205 2044 5266 firmam,

463 5301 716 5363 liberam,
754 5304 810 5352 et
839 5296 1236 5352 immutabilem
1269 5297 1642 5362 dilectionem,
1671 5311 1775 5365 qua
1810 5297 1861 5350 in
1894 5295 2044 5348 illum

462 5391 731 5446 feruntur.
789 5389 1002 5444 Etenim
1089 5390 1374 5460 inscriptio
1441 5391 1495 5442 in
1556 5389 1734 5442 fronte
1811 5388 2049 5441 honestae

462 5485 752 5553 cujusdam
781 5483 1053 5539 libertatis
1085 5493 1470 5553 argumentum
1499 5490 1552 5536 et
1577 5482 1734 5536 index
1767 5490 1871 5536 est.

530 5574 702 5640 XXII,
733 5574 785 5628 5.
828 5573 897 5627 Et
933 5589 1038 5627 nos:
1080 5574 1225 5626 ultra
1259 5589 1362 5626 non
1390 5573 1491 5626 erit
1529 5571 1640 5637 ibi;
1677 5580 1724 5624 et
1758 5586 1861 5624 non
1898 5579 2046 5639 egent

464 5664 660 5718 lumine
700 5666 964 5731 lucerncc,
1007 5682 1170 5735 neque
1201 5665 1399 5719 lumine
1435 5663 1564 5719 solis
1586 5681 1604 5729 ;
1643 5663 1893 5733 quoniam
1943 5661 2046 5714 Do-

467 5756 641 5807 minus
675 5755 814 5810 Deus
849 5757 1119 5811 illuminat
1152 5758 1273 5811 illos
1303 5772 1320 5809 :
1359 5766 1406 5810 et
1446 5756 1733 5825 regnabant
1769 5755 1820 5808 in
1851 5753 2045 5808 san-uia

462 5862 560 5899 stuc
568 5864 595 5898 ιι
606 5845 652 5898 ίυ
663 5863 718 5898 ru
730 5863 775 5897 m
785 5886 798 5897 .

2218 4101 2330 4156 Καὶ
2369 4105 2403 4156 ό
2458 4102 2671 4170 θρόνος
2713 4099 2821 4154 τοῦ
2867 4099 3016 4153 Θεοῦ
3072 4099 3170 4152 καί
3223 4096 3328 4152 τοῦ
3392 4099 3633 4167 Ἀρνίου
3689 4097 3757 4149 ἐν

2146 4194 2304 4262 αὐτῇ
2346 4194 2517 4248 ἔσται
2543 4210 2557 4223 ·
2599 4192 2699 4247 καί
2731 4195 2783 4246 οἱ
2818 4191 3025 4246 δοῦλοι
3064 4189 3252 4245 αὐτοῦ
3290 4193 3753 4259 λατρεύσουσιν

2146 4287 2342 4352 αὐτῷ,
2377 4285 2474 4340 καί
2511 4285 2766 4354 ὄψονται
2800 4285 2868 4338 τὸ
2911 4284 3242 4348 πρόσωπον
3270 4283 3460 4338 αὐτοῦ
3487 4299 3502 4316 ⁸
3557 4281 3654 4336 καί
3689 4283 3749 4336 τὸ

2150 4379 2337 4446 ὄνομα
2362 4376 2550 4430 αὐτοῦ
2582 4375 2682 4429 ἐπὶ
2710 4374 2829 4428 τῶν
2849 4374 3138 4443 μετώπων
3165 4373 3386 4434 αὐτῶν,

2224 4473 2286 4524 Oi
2310 4471 2367 4524 δὲ
2394 4469 2692 4539 γινόμενοι,
2727 4469 2884 4538 φησὶ,
2911 4467 3102 4538 Θρόνος
3142 4466 3276 4520 Θεοῦ
3305 4467 3392 4520 διὰ
3428 4469 3536 4538 τῆς
3564 4469 3622 4520 ἐν
3653 4465 3746 4518 αὖ·

2086 4543 2125 4595 υ
2154 4564 2267 4625 τοῖς
2303 4560 2398 4614 τοῦ
2444 4560 2720 4618 Δεσπότου
2769 4558 3134 4621 ἀναπαύσεως
3159 4600 3172 4620 ,
3207 4559 3361 4611 αὐτοὶ
3392 4561 3493 4628 τῆς
3538 4559 3743 4617 πόλεως

2155 4653 2423 4728 [ἐκείνης]
2449 4655 2733 4723 οἰκήτορες
2757 4652 2994 4717 ἔσονται,
3023 4653 3115 4706 καὶ
3133 4651 3356 4721 ὄψονται
3380 4653 3545 4706 αὐτὸν
3577 4648 3740 4720 πρόσ-

2151 4763 2300 4800 ωπον
2331 4747 2466 4816 πρὸς
2513 4746 2806 4814 πρόσωπον
2830 4760 2842 4773 ·
2877 4744 2937 4796 οὐ
2969 4743 3037 4798 δι’
3082 4744 3448 4812 αἰνιγμάτων,
3487 4742 3604 4796 ἀλλ’
3635 4739 3737 4793 ὦσ-

2151 4855 2258 4908 περ
2299 4839 2415 4899 τοῖς
2461 4836 2638 4903 ἁγίοις
2685 4835 3004 4897 ἀποστόλοις
3052 4837 3110 4887 ὲν
3157 4834 3232 4903 τῷ
3272 4833 3460 4907 [ἁγίῳ]
3493 4835 3611 4904 ὄρει
3649 4849 3736 4884 τε·

2151 4929 2375 4986 Οὲαται,
2412 4927 2487 4990 ὥς
2543 4943 2707 4994 φησιν
2759 4927 2787 4978 ὀ
2833 4925 3007 4995 μέγας
3057 4923 3352 4986 Διονύσιος.
3409 4925 3631 4990 ’Ἐξουσι
3681 4919 3734 4971 δὲ

2151 5021 2272 5073 ἀντὶ
2307 5021 2400 5072 τοῦ
2429 5018 2633 5090 χρυσοῦ
2665 5018 2922 5081 πετάλου,
2949 5012 3010 5072 οὗ
3041 5017 3208 5071 πάλαι
3235 5019 3262 5070 ὁ
3289 5017 3591 5087 ἀρχιερεὺς·
3613 5011 3731 5082 ἐφόο

2155 5130 2258 5182 ρει,
2290 5111 2389 5164 οῦκ
2436 5112 2527 5164 ἐπὶ
2558 5112 2667 5163 τῶν
2703 5109 2970 5180 μετώπων
3009 5110 3186 5178 μόνων
3216 5109 3283 5162 τὸ
3325 5110 3488 5163 θεῖον
3525 5108 3722 5172 ὄνομα,

2150 5201 2286 5254 ἀλλὰ
2311 5201 2404 5253 καὶ
2428 5201 2498 5253 ἐν
2524 5199 2651 5264 ταῖς
2672 5197 2945 5266 καρδίαις
2970 5195 3510 5268 ἐγκεχαραγμένον,
3537 5187 3722 5262 δηλοῦν

2149 5294 2245 5364 τὴν
2277 5294 2356 5356 εἰς
2403 5293 2566 5345 αὐτὸν
2596 5290 2804 5359 παγίαν
2847 5291 2945 5342 καὶ
2986 5287 3557 5360 πεπαρῤησιασμένην
3589 5280 3718 5346 ἀγά-

2151 5405 2259 5456 πην
2307 5385 2402 5439 καὶ
2459 5383 2816 5454 ἀμετάθετον.
2887 5383 2952 5435 'lI
3007 5381 3116 5450 γὰρ
3177 5380 3269 5434 ἐπὶ
3329 5379 3426 5432 τοῦ
3484 5374 3721 5449 μετώπου

2149 5476 2336 5548 γραφὴ
2368 5475 2456 5528 τὸν
2490 5476 2545 5527 ὲν
2577 5473 2862 5546 παρρησία
2897 5472 3288 5541 καλλωπισμδν
3315 5469 3628 5523 αἰνίττεται.

2220 5567 2327 5621 Καὶ
2348 5565 2465 5629 νὺξ
2484 5566 2594 5618 οὐκ
2615 5565 2787 5618 ἔσται
2814 5563 2966 5618 ἐκεῖ·
3008 5562 3110 5616 καί
3133 5561 3344 5630 χρείαν
3371 5562 3482 5613 οὐκ
3523 5558 3720 5625 ἔχουσι

2149 5656 2387 5731 [φωτὸς]
2425 5656 2658 5724 λύχνου
2691 5654 2788 5709 καί
2823 5653 3020 5724 φωτὸς
3059 5654 3242 5721 ἡλίου
3268 5669 3281 5683 ·
3313 5651 3404 5705 ὅτι
3451 5651 3656 5718 Κύριος
3685 5642 3719 5695 δ

2152 5751 2296 5816 Θεὸς
2328 5748 2532 5818 φωτιεῖ
2552 5749 2798 5815 αὐτοὺς,
2835 5749 2934 5802 καὶ
2962 5747 3459 5812 ,ϐασιλεύσουσιν
3481 5746 3565 5809 εὶς
3593 5735 3715 5804 τοὺς

2153 5845 2371 5907 αἰῶνας
2401 5839 2516 5896 τῶν
2546 5841 2794 5895 αἰώνων.
