4102 6484
461 421 576 488 ΗΒ

1422 421 2026 485 COMMENTARIUS
2069 425 2148 484 ΙΝ
2189 427 2726 490 APOCALYPSIN.

3640 438 3748 506 446

541 535 606 588 Εἰ
641 534 698 588 δὲ
735 533 788 587 οἰ
821 533 1056 599 δίκαιοι,
1091 531 1166 596 ὦς
1201 549 1364 601 φησιν
1389 534 1416 586 6
1439 533 1696 602 Χριστος,
1730 533 1806 594 ὡς
1834 535 1864 586 6
1901 535 2048 604 ἥλιος

2229 539 2284 591 Si
2331 539 2502 607 justi,
2545 549 2606 594 ut.
2650 540 2825 611 inquit
2869 541 3144 609 Christus,
3191 542 3474 617 fulgebunt
3507 559 3560 604 ut
3611 553 3732 616 sol;

463 629 742 696 λάμψουσι
762 669 778 688 ,
809 628 928 689 πῶς
957 627 1176 696 λυχνίας
1209 627 1240 696 ἢ
1278 627 1372 680 καὶ
1415 627 1644 694 ἡλιακοῦ
1675 628 1853 696 φωτὸς
1895 629 2049 682 ἔσται

463 721 662 790 γρεία,
707 721 820 779 τοῖς
871 719 964 770 τὸν
1015 717 1220 788 Κύριον
1269 719 1370 788 τῆς
1413 717 1573 788 δόξης
1629 719 1910 788 φωτισμὸν
1955 720 2050 772 καὶ

461 810 692 879 βασιλέα
733 809 980 879 ἔχουσιν,
1030 810 1119 878 ὑφ’
1149 805 1210 864 οὗ
1259 809 1678 882 [ἀτελευτήτως]
1716 812 1795 874 εἰς
1844 811 2050 874 αἰῶνας

461 903 678 956 αἰώνων
715 902 1222 971 βασιλευθήσονται,
1259 902 1462 972 μᾶλλον
1493 903 1550 956 δὲ
1593 904 1742 974 αύτῷ
1777 903 2048 975 συμϐασι-

460 993 740 1058 λεύσουσι,
772 993 914 1050 κατὰ
945 993 1036 1048 τὸν
1065 993 1204 1046 θεῖον
1243 993 1604 1060 ’Λπόστολον;

1047 1130 1089 1181 Κ
1103 1131 1272 1182 ΕΦΑΛ
1285 1169 1298 1184 .
1339 1129 1459 1186 ΞΘ’.

461 1241 590 1296 Ὅτι
623 1241 768 1310 Θεὸς
803 1242 921 1296 τῶν
949 1243 1272 1314 προφητῶν
1300 1247 1333 1298 ό
1357 1245 1630 1314 Χριστὸς,
1671 1247 1773 1302 καὶ
1818 1251 2045 1303 Δεσπό·

959 1313 1073 1382 της
1095 1313 1214 1368 τῶν
1238 1313 1528 1385 ἀγγέλων.

537 1449 648 1504 Kal
677 1446 808 1506 εἶπέ
831 1466 964 1521 μοι·
999 1446 1176 1508 Οὗτοι
1212 1454 1266 1505 οἰ
1294 1451 1466 1522 λόγοι
1513 1453 1715 1508 πιστοί
1763 1453 1861 1508 καί
1891 1453 2046 1522 ἀλη-

457 1543 640 1598 θινοί.

535 1635 744 1689 Πιστοί
785 1634 884 1688 καί
918 1635 1192 1703 ἀληθινοί
1227 1633 1303 1706 [οἰ
1333 1633 1551 1706 λόγοι],
1579 1636 1654 1699 ὡς
1683 1637 1748 1688 ὲκ
1780 1637 1880 1702 τῆς
1907 1635 2044 1707 άλη-

459 1725 614 1788 θείας
669 1727 1094 1796 προφερόμενοι.
1145 1727 1324 1796 Μέχρι
1373 1724 1475 1798 [δὲ]
1519 1726 1626 1780 τῶν
1659 1726 1898 1781 ἐνταῦθα
1945 1727 2044 1798 τὴν

459 1816 558 1870 τοῦ
590 1817 820 1885 ἀγγέλου
849 1819 1118 1871 ὀπτασίαν
1145 1819 1238 1870 καὶ
1265 1817 1407 1889 [τὴν]
1436 1815 1544 1870 τῶν
1567 1817 1915 1888 τεθεαμένων
1945 1821 2046 1889 τὴν

2159 647 2266 700 qua
2305 635 2518 686 ratione
2563 633 2824 688 lueernali
2861 644 2958 690 aut
2995 636 3164 692 solari
3201 638 3412 694 lumine
3455 654 3596 710 opus
3637 644 3746 696 erit

2159 725 2252 792 qui
2299 741 2330 778 a
2363 725 2596 782 Domino
2621 727 2810 798 glorias
2863 739 2920 783 et
2951 729 3257 800 majestatis
3293 732 3644 788 illustrantur
3689 745 3744 789 ιι

2159 825 2444 884 reguntur,
2477 829 2530 872 et
2558 819 2610 872 in
2639 835 2802 874 omne
2843 837 3020 876 aevum
3054 832 3328 892 regentur,
3375 835 3490 892 aut,
3533 835 3594 880 ut
3625 842 3746 880 ree-

2157 909 2268 963 tius
2295 910 2597 964 secundum
2623 913 2948 975 Apostolum
2969 914 3174 978 dicam.
3203 917 3322 972 sine
3355 919 3460 973 line
3483 935 3589 974 una
3617 933 3740 974 eum

2159 999 2252 1054 illo
2281 1003 2580 1071 regnabant
2605 1003 2630 1056 Ἰ

2715 1139 2944 1196 CAPUT
2987 1141 3171 1198 LXIX.

2156 1248 2310 1315 Quod
2338 1250 2584 1306 Christus
2621 1255 2691 1308 sit
2725 1253 2861 1380 Degs
2891 1257 3266 1336 prapltetarum
3285 1297 3300 1324 ,
3327 1267 3378 1312 et
3429 1257 3738 1331 angelorum

2845 1342 3070 1380 onunus.

2845 1342 3070 1381 οιιιιιιυσ.

2228 1456 2402 1522 XX",
2449 1458 2502 1512 6.
2543 1457 2612 1512 Et
2655 1459 2794 1514 diuit
2832 1463 3006 1517 mihi:
3039 1461 3166 1520 Haec
3214 1463 3372 1520 verba
3421 1464 3738 1534 ﬁdelissima

2153 1561 2276 1604 σιιηι
2305 1562 2353 1604 et
2385 1567 2527 1606 vera.

2229 1641 2390 1712 109
2425 1642 2635 1697 Ftdclia
2663 1653 2712 1698 et
2759 1661 2880 1700 vara
2911 1653 3074 1712 sunt,
3109 1656 3298 1716 utpote
3341 1649 3410 1703 ab
3443 1649 3562 1716 ipsa
3593 1649 3738 1704 veri-

2153 1743 2264 1789 tate
2291 1734 2522 1804 prolata.
2561 1733 2680 1791 Huc
2709 1753 2884 1808 usque
2933 1740 3110 1809 angeli
3147 1741 3411 1796 visionem
3461 1743 3738 1796 visorum-

2153 1840 2260 1895 que
2291 1823 2795 1894 interpretationem
2819 1827 2870 1880 in
2895 1829 3134 1884 medium
3167 1830 3480 1902 proposuit;
3509 1832 3739 1902 posthac

459 1909 762 1979 ἑρμηνείαν
795 1909 1198 1981 παραθέμενος,
1227 1910 1414 1962 λοιπὸν
1437 1909 1512 1973 ὡς
1537 1909 1596 1977 ἐξ
1628 1910 1833 1965 οἰκείου
1868 1929 2043 1984 προσ-

2154 1922 2365 1980 autem,
2424 1915 2584 1984 quasi
2643 1931 2708 1970 ex
2763 1919 2987 1988 propria
3041 1935 3276 1990 persona
3337 1921 3580 1977 disserit.
3641 1921 3735 1976 Ait

459 1999 615 2053 ὡπου
643 2001 806 2074 φησί’

532 2093 643 2148 Kal
684 2095 899 2162 Κύριος
929 2097 964 2149 ό
999 2095 1142 2163 Θεὸς
1189 2095 1310 2150 τῶν
1336 2095 1520 2164 ἁγίων
1574 2095 1896 2165 προφητῶν
1930 2095 2042 2150 ἁπ-

459 2181 698 2239 ἐστειλε
731 2187 837 2241 τὸν
869 2188 1128 2257 ἄγγελον
1173 2187 1382 2252 αὑτοῦ,
1424 2187 1616 2253 δεῖξαι
1646 2188 1770 2255 τοῖς
1799 2188 2042 2256 δούλοις

459 2279 650 2334 αὐτοῦ
679 2279 716 2334 ἅ
747 2279 840 2333 δεῖ
869 2281 1150 2350 γενέσθαι
1181 2281 1250 2334 ἐν
1282 2280 1466 2350 τάχει.

531 2373 598 2426 Εἰ
623 2373 680 2426 δὲ
709 2372 852 2438 Θεὸς
891 2372 1010 2426 τῶν
1043 2371 1362 2442 προφητῶν
1383 2375 1410 2426 6
1441 2371 1696 2444 Χριστὸς,
1729 2374 1788 2437 ὃς
1817 2373 1908 2427 τὸν
1940 2373 2042 2442 ἄγ-

460 2465 620 2534 γελον
639 2464 855 2538 [αὐτοῦ]
885 2466 1198 2530 ἀπέστειλε,
1227 2465 1316 2520 διὰ
1339 2467 1505 2538 μέσου
1535 2466 1627 2521 τοῦ
1655 2467 1754 2538 τὴν
1774 2467 2042 2520 ὀπτασίαν

459 2558 769 2628 ἑωρακότος
817 2559 1092 2630 μακαρίου
1147 2558 1396 2613 Ἰωάννου
1445 2559 1616 2624 δεῖξαι
1647 2561 1782 2636 ⁸τοίς
1833 2557 2044 2622 δούλοις

459 2651 632 2706 αὐτοῦ
662 2652 729 2705 τὰ
763 2651 1027 2723 μέλλοντα
1062 2651 1355 2720 γενέσθαι,
1385 2651 1608 2722 εύδηλον
1651 2652 1734 2704 ὅτι
1765 2667 2042 2720 συγκατα-

461 2744 704 2809 ϐατικῶς
735 2747 858 2798 κατ’
908 2744 1223 2814 οἰκονομίαν
1253 2743 1333 2815 τῷ
1363 2743 1478 2814 Υἱῷ
1505 2745 1561 2797 ὲν
1589 2745 1702 2806 τοῖς
1735 2743 2044 2814 προοιμίοις

459 2837 567 2910 ἔφη
617 2835 867 2890 δεδόσθαι
916 2836 1005 2890 διὰ
1045 2838 1144 2907 τὴν
1187 2836 1369 2906 σάρκα
1407 2836 1505 2907 τὴν
1545 2837 1912 2907 ἀποκάλυψιν.
1983 2837 2044 2889 '0

459 2930 574 3008 γάρ
599 2929 710 2982 τῶν
737 2929 1034 3001 προφητῶν
1059 2927 1214 2994 Θεδς,
1239 2926 1312 3000 [ὁ]
1347 2927 1442 2982 καὶ
1464 2928 1590 2992 τοὺς
1614 2927 1885 2996 ἀγγέλους
1908 2927 2048 2982 ἀποε-

462 3024 704 3078 στέλλων
769 3023 845 3086 ὡς
905 3021 1261 3094 λειτουργικὰ
1319 3019 1610 3090 πνεύματα
1675 3019 1814 3092 πρὸς
1879 3017 2046 3091 [τοὺς

461 3117 705 3180 οἰκείους
748 3115 989 3188 δούλους]
1033 3113 1130 3186 τὴν
1167 3113 1276 3166 τῶν
1329 3114 1632 3184 μελλόντων
1665 3113 1874 3186 [αὐτοῖς
1912 3115 2046 3166 άποο

459 3209 658 3286 δείξαι]
698 3211 1040 3288 φανέρωσιν,
1086 3211 1186 3266 οὐκ
1235 3209 1302 3263 ἂν
1347 3210 1590 3282 άγνοήσῃ
1635 3227 1722 3268 τι.
1775 3207 1898 3262 οὔτε
1943 3207 2046 3278 τὴν

2145 2017 2326 2064 autem
2366 2028 2380 2066 Ξ

2219 2101 2287 2158 Ει
2331 2102 2592 2160 Dominus
2641 2105 2782 2161 Deus
2823 2115 3126 2164 sanctorum
3167 2107 3543 2176 proli/letarum
3586 2107 3735 2162 misit

2145 2195 2392 2264 angelum
2422 2213 2600 2261 suum,
2636 2205 2691 2250 ut
2738 2199 2981 2251 ostendat
3015 2199 3175 2252 seri-is
3209 2200 3340 2261 suis,
3387 2215 3504 2270 qua:
3530 2207 3736 2268 oportet

2144 2290 2264 2359 ﬁeri
2293 2289 2420 2346 cito.

2219 2381 2276 2436 Si
2321 2381 2578 2440 Christus
2607 2395 2690 2440 est
2727 2385 2864 2441 Deus
2903 2384 3310 2454 prophetarum,
3346 2382 3440 2452 qui
3477 2382 3731 2451 angelum

2149 2492 2306 2532 suum
2339 2477 2541 2544 mittit,
2575 2487 2634 2533 ut
2667 2494 2762 2548 per
2807 2480 3052 2534 divinum
3085 2477 3353 2532 Joannem
3375 2519 3392 2542 ,
3431 2477 3524 2546 qui
3557 2475 3730 2530 visio.

2148 2584 2270 2624 nem
2329 2569 2470 2624 hanc
2515 2570 2670 2634 vidit,
2709 2569 2868 2640 quasi
2925 2585 3020 2639 per
3071 2569 3501 2632 internuntium,
3545 2566 3720 2622 servis

2149 2659 2284 2726 suis,
2329 2675 2452 2729 quas
2481 2661 2611 2714 olim
2646 2660 2829 2716 futura
2859 2669 3009 2725 sunt,
3043 2660 3321 2726 ostendat,
3380 2661 3606 2730 planum
3650 2657 3729 2723 lit,

2147 2767 2272 2807 cum
2313 2751 2366 2806 in
2409 2751 2530 2806 libri
2573 2752 2737 2822 hujus
2773 2752 3002 2806 exordio
3057 2751 3253 2806 Filium
3307 2766 3490 2805 rerum
3537 2751 3731 2804 harum

2147 2843 2649 2900 manifestationem
2706 2858 2738 2898 ιι
2781 2841 2894 2899 Deo
2951 2841 3112 2898 Patre
3161 2844 3440 2915 accepisse
3491 2841 3732 2906 asserit,

2147 2937 2454 2991 orationem
2483 2937 2807 2992 oeconomia:
2847 2935 2996 2992 illius
3038 2934 3342 2990 secundmn
3373 2949 3595 2990 carnem
3640 2947 3735 2988 ac-

2147 3029 2551 3091 commodasse,
2604 3027 2952 3098 quadamque
2985 3027 3398 3096 συγκαταϐἀσει
3440 3035 3494 3082 et
3527 3025 3732 3080 conde-

2147 3121 2435 3176 scensione
2479 3137 2640 3176 usum
2671 3137 2814 3176 esse.
2847 3121 2950 3188 Qui
2987 3122 3132 3176 enim
3163 3120 3554 3191 prephelarum
3587 3117 3734 3173 Deus

2147 3222 2252 3278 est,
2287 3211 2622 3283 angelosque
2659 3222 2918 3282 tanquam
2961 3211 3190 3282 spiritus
3231 3211 3733 3268 administratorios

461 3304 679 3372 ἡμέραν
716 3302 841 3354 οὔτε
887 3300 985 3372 τὴν
1016 3299 1166 3374 ὥραν
1193 3299 1298 3369 τῆς
1328 3299 1639 3362 συντελείας
1661 3317 1676 3330 ο
1713 3301 1802 3352 ἵνα
1831 3299 1919 3352 διὰ
1945 3297 2042 3351 τοῦ

2154 3305 2214 3358 ad
2248 3320 2438 3360 servos
2480 3319 2610 3360 suos
2633 3343 2649 3369 ,
2688 3317 2747 3360 ιιι
2795 3321 2918 3375 quae
2953 3305 3135 3359 l'utura
3166 3313 3330 3368 sunt,
3381 3303 3488 3358 illis
3515 3299 3730 3374 patefa-

465 3395 681 3466 Πατρδς
713 3393 950 3448 ἐνταῦθα
997 3393 1146 3466 μάθῃ
1171 3394 1200 3444 ὀ
1235 3392 1440 3454 πάντας
1470 3389 1610 3462 ἔχων
1638 3391 1768 3452 τοὺς
1797 3390 2044 3460 ἀποκρύ-

2154 3395 2271 3460 riat,
2305 3396 2536 3452 subinde
2587 3395 2774 3460 mittit,
2829 3407 3040 3450 certum
3087 3403 3172 3450 est
3215 3409 3341 3448 eum
3390 3393 3525 3447 nihil
3572 3391 3736 3462 quid-

468 3507 597 3556 φους
628 3487 938 3558 θησαυροὺς
969 3485 1066 3554 τῆς
1117 3482 1312 3551 σοφίας
1359 3481 1456 3535 καὶ
1496 3481 1597 3552 τῆς
1630 3480 1884 3550 γνώσεως
1943 3480 2044 3553 [ὡς

2154 3503 2304 3556 quam
2340 3489 2532 3552 latere,
2575 3489 2824 3560 adeoque
2857 3489 3000 3544 diem
3036 3498 3093 3544 et
3137 3487 3330 3542 horam
3374 3499 3736 3541 consumma-

464 3577 643 3650 Θεό;].
674 3571 858 3648 Οὖπερ
893 3575 988 3629 νῦν
1018 3577 1096 3638 εἰς
1127 3573 1234 3646 [τὸ]
1266 3573 1559 3646 πρόσωπον
1589 3575 1618 3626 6
1649 3573 2044 3643 εύαγγελιστὴς

2154 3576 2310 3632 tionis
2331 3577 2515 3632 szeculi
2547 3592 2654 3632 non
2691 3578 2962 3648 ignorare,
3003 3578 3079 3632 ita
3117 3587 3178 3632 ut
3215 3576 3406 3630 istbaac
3429 3589 3578 3630 nunc
3609 3581 3734 3627 tan-

464 3671 792 3740 μετέρχεται
827 3665 1072 3740 [λέγων]·

2154 3671 2266 3724 dem
2309 3686 2402 3738 per
2427 3669 2646 3725 Patrem
2681 3687 2807 3726 eum
2850 3671 3066 3726 discere
3087 3679 3376 3741 Oporteat;
3410 3669 3500 3738 qui
3537 3681 3733 3722 omnes

459 3763 746 3832 sapientia:
793 3771 848 3816 ct
886 3759 1128 3814 scientiae
1153 3757 1464 3830 [thesauros
1505 3764 1766 3826 tanquam
1799 3755 1942 3812 Deus
1987 3758 2040 3812 in
2075 3773 2134 3815 se
2193 3761 2410 3816 abditos
2443 3763 2626 3818 habet.
2651 3762 2824 3831 Cujus
2887 3777 3178 3832 personam
3205 3759 3548 3832 Erangelista
3579 3775 3736 3816 assu~

461 3871 622 3910 tnens
653 3855 704 3908 in
738 3851 974 3906 medium
1011 3863 1158 3903 nunc
1187 3848 1412 3918 prodit,
1442 3855 1495 3900 et
1523 3846 1656 3902 dicit
1691 3863 1706 3900 :

535 3941 696 4016 [Kal]
741 3941 870 3996 ἰδοὺ
923 3941 1166 4010 ἔρχομαι
1213 3938 1402 4006 ταχύ·
1435 3936 1726 4007 μακάριος
1776 3941 1809 3992 ὁ
1851 3935 2048 4005 τηρῶν

466 4039 610 4101 τοὺς
627 4038 850 4104 λόγους
877 4033 986 4098 τῆς
1015 4031 1381 4100 προφητείας
1407 4029 1513 4084 τοῦ
1532 4029 1774 4093 βιϐλίου
1807 4031 2044 4082 τούτου.

541 4129 704 4192 Ἐθος
729 4128 837 4197 γὰρ
857 4124 1016 4178 τοῦτο
1032 4121 1171 4196 [καὶ]
1193 4123 1303 4184 τοῖς
1321 4121 1652 4191 προφήταις,
1671 4119 1746 4184 ὡς
1765 4120 1826 4186 ἐξ
1841 4119 2046 4174 οἰκείου

469 4218 765 4290 προσώπου
821 4215 890 4268 τά
932 4215 1050 4278 θεῖα
1099 4211 1445 4282 χρησμῳδεῖν
1486 4209 1786 4280 πανταχοῦ.
1840 4209 1914 4262 Τὸ
1963 4209 2045 4274 δὲ,

473 4309 630 4377 Ταχὺ
660 4309 906 4377 ἔρχομαι
925 4343 940 4368 ,
973 4303 1004 4374 ἦ
1037 4303 1326 4374 δηλοῦντός
1355 4305 1472 4356 ἐστι
1502 4303 1602 4372 τὴν
1645 4301 1739 4354 τοῦ
1777 4303 2043 4373 παρόντος

467 4397 662 4468 καιροῦ
690 4395 1038 4468 βραχύτητα,
1075 4393 1362 4460 συγκρίσει
1389 4391 1485 4443 τοῦ
1519 4391 1804 4460 μέλλοντος
1825 4407 1838 4420 ·
1875 4393 1908 4462 ἢ
1943 4391 2045 4462 τῆς

467 4491 700 4548 ἑκάστου
729 4487 986 4557 τελευτῆς
1018 4487 1078 4538 τὸ
1115 4485 1311 4554 ἁθρόον
1343 4485 1439 4538 καὶ
1465 4486 1750 4555 σύντομον.
1799 4486 2046 4556 Ἐκάσιῳ

2225 3937 2394 4003 XXII,
2425 3941 2476 3994 7.
2515 3938 2652 3994 Ecce
2679 3943 2826 3994 υειιὶο
2857 3940 3102 3996 velociter
3130 3957 3148 3996 :
3179 3939 3362 3995 beatus
3387 3942 3478 4011 qui
3499 3940 3735 3996 custodit

2147 4031 2300 4086 verba
2330 4033 2617 4101 prophetia:
2643 4032 2769 4086 libri
2799 4032 2982 4103 hujus.

2221 4119 2410 4176 Solent
2434 4139 2669 4193 namque
2697 4126 2975 4193 propheta:
3001 4124 3184 4178 divina
3211 4126 3432 4179 oracula
3475 4136 3734 4194 tanquam

2149 4228 2214 4268 ex
2267 4214 2486 4284 propria
2533 4230 2766 4283 persona
2804 4231 3180 4284 saepenumero
3211 4218 3553 4284 depromere.
3595 4217 3729 4272 Illud

2151 4314 2366 4369 autem,
2421 4302 2554 4358 Ecce
2605 4305 2752 4358 venio
2794 4305 2935 4368 cito,
2991 4314 3087 4358 aut
3128 4305 3414 4374 prtesentis
3473 4305 3736 4374 temporis

2153 4395 2474 4452 brevitatem
2552 4397 2963 4466 comparatione
3017 4395 3188 4450 futuri
3265 4397 3580 4466 signiﬁcat;
3640 4407 3736 4450 aut

2153 4500 2302 4543 certe
2335 4487 2772 4558 uniuscujusque
2823 4489 2983 4542 linem
3019 4504 3188 4558 prope
3219 4489 3436 4552 adesse,
3463 4497 3517 4543 ct
3569 4487 3736 4543 simul

467 4580 578 4650 γάρ
603 4577 756 4650 ἀνδρὶ
779 4579 954 4647 τέλος,
978 4580 1012 4648 ή
1043 4577 1291 4630 ἐντεῦθεν
1311 4576 1478 4630 αὑτοῦ
1499 4577 1854 4646 μετάστασις.
1893 4578 2045 4633 Ἐπεὶ

2154 4593 2374 4649 quoque
2407 4579 2676 4634 incertum
2725 4593 2846 4634 esse
2887 4579 3166 4642 insinuat;
3213 4579 3489 4648 siquidem
3550 4588 3736 4636 trans-

467 4674 650 4732 τοίνυν
702 4670 1004 4740 ἀγνοοῦμεν
1058 4670 1216 4722 ποίαν
1261 4668 1411 4740 ὥραν
1449 4671 1478 4722 6
1511 4668 1750 4741 κλέπτης
1787 4672 2044 4742 ἔρχεται,

471 4765 768 4834 γρηγορεῖν
815 4763 912 4816 καὶ
960 4761 1060 4823 τὰς
1104 4759 1314 4829 ὀσφύας
1357 4760 1762 4830 περιεζῶσθαι,
1798 4765 1892 4816 καὶ
1924 4764 2051 4827 τοὺς

470 4856 698 4928 λύχνους
720 4853 885 4925 ,ἔχειν
919 4852 1244 4923 καιομένους
1273 4852 1374 4923 τῆς
1413 4855 1552 4907 κατὰ
1582 4853 1718 4906 Θεὸν
1749 4855 2050 4922 πολιτείας,

473 4947 566 5000 καὶ
621 4949 736 5009 τοῖς
772 4944 1000 5014 πλησίον
1045 4943 1366 5014 φαίνοντας,
1397 4944 1766 5015 ἐντετάλμεθα
1789 4963 1803 4976 ·
1837 4945 1940 5018 [διὸ
1975 4949 2050 5018 μὴ

473 5037 838 5110 παυσώμεθα]
869 5040 926 5089 ἐν
973 5034 1299 5105 συντριμμῷ
1352 5035 1579 5106 καρδίας
1625 5037 1716 5090 τὸν
1759 5037 1894 5091 Θεὸν
1941 5040 2054 5094 ἰκε-

473 5132 723 5194 τεύοντες
752 5129 1019 5200 ρυσθῆναι
1053 5130 1118 5180 ἐκ
1150 5129 1368 5180 πάντων
1397 5127 1506 5180 τῶν
1532 5129 1835 5186 διωκόντων
1865 5132 2012 5202 ἡμᾶς
2034 5149 2049 5163 ο

479 5221 690 5291 μήποτε
743 5219 954 5280 τούτοις
1007 5216 1350 5288 ἡττηθέντων
1405 5217 1597 5288 ἡμῶν,
1637 5220 1687 5271 οἰ
1733 5220 1832 5284 τὰς
1875 5221 2054 5292 ψυχὰς

475 5315 634 5384 ἡμῶν
679 5311 1132 5382 παραληψόμενοι
1191 5307 1466 5383 [ἄγγελοι]
1502 5311 1822 5382 ἁρπάσωσιν
1885 5315 2056 5380 αὑτὰς

475 5405 971 5476 άνευτρεπίστονς,
1023 5402 1144 5473 [ὡς]
1196 5404 1270 5474 μὴ
1313 5403 1464 5467 ὄντος
1511 5405 1878 5474 λυτρουμένου
1921 5409 2056 5480 μηδὲ

481 5495 746 5560 σώζοντος
771 5509 784 5524 ·
819 5495 1033 5563 μήποτε
1065 5491 1284 5561 δεσμοῖς
1327 5490 1436 5544 τῶν
1473 5493 1782 5564 χαμερπῶν
1812 5495 1906 5547 καὶ
1933 5495 2056 5566 γητ-

479 5605 586 5639 νων
633 5585 974 5655 πραγμάτιον
1021 5585 1054 5654 ἡ
1095 5583 1328 5636 ἑκάστου
1378 5581 1584 5655 [ἡμῶν]
1627 5585 2056 5656 ἐμπεπλεγμένη

478 5678 662 5748 ψυχὴ,
701 5679 794 5729 καὶ
847 5677 937 5728 τὸν
973 5676 1036 5728 ὲκ
1087 5675 1293 5728 τούτων
1341 5678 1620 5744 χωρισμὸν
1670 5673 1808 5750 [καὶ]
1843 5678 1918 5747 μὴ
1959 5679 2056 5745 φέ-

487 5785 684 5837 ρουσα,
721 5768 848 5836 εἰκῆ
880 5767 980 5837 μὲν
1015 5767 1152 5836 πρὸς
1199 5765 1338 5818 αὐτὰ
1375 5767 1855 5838 μεταστρέφηται,
1891 5787 2058 5823 καταο

481 5859 658 5932 λεῖψαι
687 5861 743 5914 δὲ
779 5859 950 5913 ταῦτα.
988 5857 1424 5932 κατεπειγομένη
1453 5860 1720 5932 ἁγγελικῇ
1763 5863 2054 5934 ἐπιστασίᾳ

2155 4671 2288 4726 latio
2337 4686 2402 4726 ex
2441 4671 2546 4725 hac
2579 4671 2800 4724 mortali
2857 4671 2968 4724 vita
3027 4685 3165 4724 suus
3213 4671 3414 4739 cuique
3466 4670 3592 4725 linis
3628 4678 3734 4726 est.

2154 4761 2292 4828 Quia
2319 4776 2452 4832 ergo
2479 4777 2586 4830 qua
2619 4761 2754 4818 hora
2783 4759 2872 4816 [ιιι-
2902 4771 3164 4816 venturus
3193 4762 3266 4816 sit
3303 4761 3586 4829 explorate
3627 4777 3735 4815 non

2155 4865 2424 4917 tenemus,
2453 4863 2668 4922 oportet
2703 4871 2802 4909 nos
2830 4853 3078 4924 vigilare,
3107 4855 3430 4923 lumbosque
3457 4855 3740 4908 accinctos

2157 4946 2380 5008 habere,
2417 4953 2470 4998 et
2499 4949 2584 5014 pia
2635 4947 2852 5016 Deoque
2889 4947 3054 5016 digna
3100 4945 3528 5000 conversatione
3561 4945 3736 4999 lucer-

2157 5053 2254 5091 nas
2301 5039 2578 5100 ardentes,
2617 5037 2982 5106 proximoque
3034 5037 3214 5092 lucem
3263 5035 3588 5106 praebentes,
3639 5050 3736 5104 pa-

2157 5130 2264 5184 lam
2321 5131 2628 5184 ostendere.
2691 5131 3060 5194 Quamobrem
3118 5144 3188 5184 ne
3240 5143 3518 5184 cessemus
3571 5128 3738 5182 corde

2158 5223 2396 5278 contrito
2437 5221 2604 5278 Deum
2634 5221 2938 5291 deprecari,
2991 5232 3050 5276 ut
3082 5223 3152 5277 ab
3195 5223 3452 5276 omnibus
3497 5219 3592 5288 qui
3639 5233 3740 5274 nos

2161 5323 2594 5385 persequuntur,
2650 5329 2750 5367 nos
2804 5313 3032 5378 liberet;
3091 5327 3162 5368 ne
3216 5311 3439 5378 quando
3499 5309 3568 5364 ab
3631 5309 3740 5364 illis

2159 5407 2423 5477 superati,
2454 5405 2632 5476 angeli
2671 5405 2762 5474 qui
2796 5405 3010 5460 animas
3035 5405 3363 5476 corporibus
3399 5411 3593 5458 exutas
3619 5417 3742 5457 sus-

2159 5500 2340 5570 cipere
2396 5500 2596 5562 solent,
2648 5499 2774 5552 hinc
2817 5513 2920 5550 nos
2965 5497 3238 5566 abripiant
3287 5495 3624 5563 imparatos;
3665 5493 3738 5546 ita

2161 5597 2224 5642 ut
2261 5601 2368 5640 non
2401 5585 2471 5641 sit
2503 5587 2596 5656 qui
2635 5585 2889 5651 redimat,
2923 5601 3101 5656 neque
3143 5585 3237 5656 qui
3271 5583 3482 5638 salvum
3534 5581 3736 5646 faciat;

2161 5693 2231 5731 nc
2289 5675 2426 5730 forte
2479 5676 2628 5729 lmmi
2675 5675 2976 5744 repentium
3037 5682 3491 5742 terrenorumque
3551 5685 3737 5725 rerum

2163 5771 2374 5841 laqueis
2399 5769 2642 5838 cujusvis
2670 5777 2916 5822 nostrum
2947 5768 3128 5822 anima
3165 5766 3437 5831 intricata,
3467 5777 3646 5834 neque
3673 5761 3741 5814 ab

2165 5863 2268 5918 illis
2299 5881 2356 5920 sc
2390 5861 2542 5916 avelli
2574 5859 2870 5927 sustinens,
2905 5859 3110 5915 [instra
3133 5861 3200 5916 ad
3225 5877 3320 5914 eas
3351 5865 3738 5922 convertatur;
