  <div class='ocr_page' id='page_1' title='image "/cluster/home/n/w/nwhite01/storage/ocr_20150623/106/coo.31924054870104/233.png"; bbox 0 0 4102 6402; ppageno 0'>
   <div class='ocr_carea' id='block_1_1' title="bbox 404 393 508 456">
    <p class='ocr_par' dir='ltr' id='par_1_1' title="bbox 404 393 508 456">
     <span class='ocr_line' id='line_1_1' title="bbox 404 393 508 456; baseline 0.01 -1"><span class='ocrx_word' id='word_1_1' title='bbox 404 393 508 456; x_wconf 69' lang='grc'><strong>447</strong></span> 
     </span>
    </p>
   </div>
   <div class='ocr_carea' id='block_1_2' title="bbox 1612 386 2502 453">
    <p class='ocr_par' dir='ltr' id='par_1_2' title="bbox 1612 386 2502 453">
     <span class='ocr_line' id='line_1_2' title="bbox 1612 386 2502 453; baseline 0 -1"><span class='ocrx_word' id='word_1_2' title='bbox 1612 389 1947 453; x_wconf 66' lang='grc' dir='ltr'><strong>ΑΝΒΒΕΕ</strong></span> <span class='ocrx_word' id='word_1_3' title='bbox 1983 386 2502 452; x_wconf 59' lang='grc' dir='ltr'><strong>ΟῘΕΒᾹΗΙΕΝΞΙΞ</strong></span> 
     </span>
    </p>
   </div>
   <div class='ocr_carea' id='block_1_3' title="bbox 3667 377 3788 443">
    <p class='ocr_par' dir='ltr' id='par_1_3' title="bbox 3667 377 3788 443">
     <span class='ocr_line' id='line_1_3' title="bbox 3667 377 3788 443; baseline 0.008 -2"><span class='ocrx_word' id='word_1_4' title='bbox 3667 377 3788 443; x_wconf 71' lang='grc'><strong>458</strong></span> 
     </span>
    </p>
   </div>
   <div class='ocr_carea' id='block_1_4' title="bbox 405 495 1997 574">
    <p class='ocr_par' dir='ltr' id='par_1_4' title="bbox 405 500 1986 574">
     <span class='ocr_line' id='line_1_4' title="bbox 405 500 1986 574; baseline -0.003 -14"><span class='ocrx_word' id='word_1_5' title='bbox 405 514 596 574; x_wconf 83' lang='lat' dir='ltr'><strong>utpote</strong></span> <span class='ocrx_word' id='word_1_6' title='bbox 661 504 910 572; x_wconf 81' lang='lat' dir='ltr'><strong>angelico</strong></span> <span class='ocrx_word' id='word_1_7' title='bbox 941 503 1181 572; x_wconf 82' lang='lat' dir='ltr'><strong>impulsu</strong></span> <span class='ocrx_word' id='word_1_8' title='bbox 1208 510 1268 558; x_wconf 89' lang='lat' dir='ltr'><strong>et</strong></span> <span class='ocrx_word' id='word_1_9' title='bbox 1290 503 1364 568; x_wconf 92' lang='lat' dir='ltr'><strong>vl,</strong></span> <span class='ocrx_word' id='word_1_10' title='bbox 1399 500 1698 572; x_wconf 84' lang='lat' dir='ltr'><strong>divinoque</strong></span> <span class='ocrx_word' id='word_1_11' title='bbox 1731 502 1986 556; x_wconf 88' lang='lat' dir='ltr'><strong>mandato</strong></span> 
     </span>
    </p>
   </div>
   <div class='ocr_carea' id='block_1_5' title="bbox 2105 495 3786 574">
    <p class='ocr_par' dir='ltr' id='par_1_5' title="bbox 2105 495 3786 573">
     <span class='ocr_line' id='line_1_5' title="bbox 2105 495 3786 573; baseline -0.004 -19"><span class='ocrx_word' id='word_1_12' title='bbox 2105 501 2182 554; x_wconf 74' lang='grc' dir='ltr'><em>ιαὶ</em></span> <span class='ocrx_word' id='word_1_13' title='bbox 2233 501 2362 573; x_wconf 75' lang='grc' dir='ltr'><em>θείῳ</em></span> <span class='ocrx_word' id='word_1_14' title='bbox 2412 501 2822 572; x_wconf 76' lang='grc' dir='ltr'><em>προστάγματι,</em></span> <span class='ocrx_word' id='word_1_15' title='bbox 2867 500 3108 572; x_wconf 77' lang='grc' dir='ltr'><em>ἀνόνητα</em></span> <span class='ocrx_word' id='word_1_16' title='bbox 3155 497 3276 554; x_wconf 76' lang='grc' dir='ltr'><em>τοῦ</em></span> <span class='ocrx_word' id='word_1_17' title='bbox 3318 495 3786 566; x_wconf 68' lang='grc' dir='ltr'><em>παρῳχηκότος</em></span> 
     </span>
    </p>
   </div>
   <div class='ocr_carea' id='block_1_6' title="bbox 405 592 1993 663">
    <p class='ocr_par' dir='ltr' id='par_1_6' title="bbox 405 592 1993 663">
     <span class='ocr_line' id='line_1_6' title="bbox 405 592 1993 663; baseline -0.002 -13"><span class='ocrx_word' id='word_1_18' title='bbox 405 598 659 650; x_wconf 84' lang='lat' dir='ltr'><strong>celeriter</strong></span> <span class='ocrx_word' id='word_1_19' title='bbox 709 595 838 650; x_wconf 84' lang='lat' dir='ltr'><strong>hinc</strong></span> <span class='ocrx_word' id='word_1_20' title='bbox 886 594 1184 657; x_wconf 76' lang='lat' dir='ltr'><strong>excedam,</strong></span> <span class='ocrx_word' id='word_1_21' title='bbox 1221 593 1456 662; x_wconf 74' lang='lat' dir='ltr'><strong>aliisque</strong></span> <span class='ocrx_word' id='word_1_22' title='bbox 1509 593 1633 646; x_wconf 89' lang='lat' dir='ltr'><strong>illas</strong></span> <span class='ocrx_word' id='word_1_23' title='bbox 1680 592 1993 663; x_wconf 71' lang='lat' dir='ltr'><strong>relinquere</strong></span> 
     </span>
    </p>
   </div>
   <div class='ocr_carea' id='block_1_7' title="bbox 409 684 1995 755">
    <p class='ocr_par' dir='ltr' id='par_1_7' title="bbox 409 684 1995 755">
     <span class='ocr_line' id='line_1_7' title="bbox 409 684 1995 755; baseline -0.002 -13"><span class='ocrx_word' id='word_1_24' title='bbox 409 696 638 749; x_wconf 79' lang='lat' dir='ltr'><strong>coacta;</strong></span> <span class='ocrx_word' id='word_1_25' title='bbox 683 701 748 742; x_wconf 83' lang='lat' dir='ltr'><strong>ac</strong></span> <span class='ocrx_word' id='word_1_26' title='bbox 785 695 896 740; x_wconf 89' lang='lat' dir='ltr'><strong>tum</strong></span> <span class='ocrx_word' id='word_1_27' title='bbox 950 684 1172 738; x_wconf 85' lang='lat' dir='ltr'><strong>demum</strong></span> <span class='ocrx_word' id='word_1_28' title='bbox 1221 685 1484 755; x_wconf 63' lang='lat' dir='ltr'><strong>praeteriti</strong></span> <span class='ocrx_word' id='word_1_29' title='bbox 1518 687 1780 754; x_wconf 84' lang='lat' dir='ltr'><strong>temporis</strong></span> <span class='ocrx_word' id='word_1_30' title='bbox 1823 685 1995 755; x_wconf 78' lang='lat' dir='ltr'><strong>negli-</strong></span> 
     </span>
    </p>
   </div>
   <div class='ocr_carea' id='block_1_8' title="bbox 412 777 1995 848">
    <p class='ocr_par' dir='ltr' id='par_1_8' title="bbox 412 777 1995 848">
     <span class='ocr_line' id='line_1_8' title="bbox 412 777 1995 848; baseline -0.002 -14"><span class='ocrx_word' id='word_1_31' title='bbox 412 781 651 848; x_wconf 79' lang='lat' dir='ltr'><strong>gentiam</strong></span> <span class='ocrx_word' id='word_1_32' title='bbox 705 777 970 832; x_wconf 86' lang='lat' dir='ltr'><strong>inutiliter</strong></span> <span class='ocrx_word' id='word_1_33' title='bbox 1013 777 1298 846; x_wconf 76' lang='lat' dir='ltr'><strong>deplorare</strong></span> <span class='ocrx_word' id='word_1_34' title='bbox 1340 777 1585 847; x_wconf 84' lang='lat' dir='ltr'><strong>incipiat.</strong></span> <span class='ocrx_word' id='word_1_35' title='bbox 1619 777 1762 842; x_wconf 86' lang='lat' dir='ltr'><strong>Quin</strong></span> <span class='ocrx_word' id='word_1_36' title='bbox 1813 779 1995 845; x_wconf 87' lang='lat' dir='ltr'><strong>potius</strong></span> 
     </span>
    </p>
   </div>
   <div class='ocr_carea' id='block_1_9' title="bbox 410 865 1991 929">
    <p class='ocr_par' dir='ltr' id='par_1_9' title="bbox 410 865 1991 929">
     <span class='ocr_line' id='line_1_9' title="bbox 410 865 1991 929; baseline -0.002 -8"><span class='ocrx_word' id='word_1_37' title='bbox 410 867 546 922; x_wconf 84' lang='lat' dir='ltr'><strong>illud</strong></span> <span class='ocrx_word' id='word_1_38' title='bbox 601 867 917 920; x_wconf 84' lang='lat' dir='ltr'><strong>Davidicum</strong></span> <span class='ocrx_word' id='word_1_39' title='bbox 975 865 1264 920; x_wconf 81' lang='lat' dir='ltr'><strong>oraculum</strong></span> <span class='ocrx_word' id='word_1_40' title='bbox 1321 868 1586 921; x_wconf 83' lang='lat' dir='ltr'><strong>continuo</strong></span> <span class='ocrx_word' id='word_1_41' title='bbox 1644 867 1991 929; x_wconf 73' lang='lat' dir='ltr'><strong>meditemur,</strong></span> 
     </span>
    </p>
   </div>
   <div class='ocr_carea' id='block_1_10' title="bbox 407 955 1991 1025">
    <p class='ocr_par' dir='ltr' id='par_1_10' title="bbox 407 955 1991 1025">
     <span class='ocr_line' id='line_1_10' title="bbox 407 955 1991 1025; baseline -0.001 -14"><span class='ocrx_word' id='word_1_42' title='bbox 407 959 784 1025; x_wconf 89' lang='lat' dir='ltr'><strong>concinneque</strong></span> <span class='ocrx_word' id='word_1_43' title='bbox 818 955 1162 1009; x_wconf 89' lang='lat' dir='ltr'><strong>modulemur</strong></span> <span class='ocrx_word' id='word_1_44' title='bbox 1191 974 1204 1010; x_wconf 90' lang='lat'><strong>:</strong></span> <span class='ocrx_word' id='word_1_45' title='bbox 1238 955 1471 1010; x_wconf 85' lang='lat' dir='ltr'><strong>Paratus</strong></span> <span class='ocrx_word' id='word_1_46' title='bbox 1503 974 1640 1018; x_wconf 85' lang='lat' dir='ltr'><strong>sum,</strong></span> <span class='ocrx_word' id='word_1_47' title='bbox 1674 967 1723 1010; x_wconf 89' lang='lat' dir='ltr'><strong>et</strong></span> <span class='ocrx_word' id='word_1_48' title='bbox 1746 975 1844 1010; x_wconf 82' lang='lat' dir='ltr'><strong>non</strong></span> <span class='ocrx_word' id='word_1_49' title='bbox 1875 975 1991 1010; x_wconf 78' lang='lat' dir='ltr'><strong>sum</strong></span> 
     </span>
    </p>
   </div>
   <div class='ocr_carea' id='block_1_11' title="bbox 410 1049 1990 1113">
    <p class='ocr_par' dir='ltr' id='par_1_11' title="bbox 410 1049 1990 1113">
     <span class='ocr_line' id='line_1_11' title="bbox 410 1049 1990 1113; baseline 0.001 -12"><span class='ocrx_word' id='word_1_50' title='bbox 410 1050 648 1101; x_wconf 80' lang='lat' dir='ltr'><strong>turbatus</strong></span> <span class='ocrx_word' id='word_1_51' title='bbox 704 1049 774 1101; x_wconf 89' lang='lat' dir='ltr'><strong>ad</strong></span> <span class='ocrx_word' id='word_1_52' title='bbox 821 1049 1224 1102; x_wconf 82' lang='lat' dir='ltr'><strong>custodiendum</strong></span> <span class='ocrx_word' id='word_1_53' title='bbox 1265 1050 1443 1103; x_wconf 86' lang='lat' dir='ltr'><strong>omnia</strong></span> <span class='ocrx_word' id='word_1_54' title='bbox 1492 1051 1750 1102; x_wconf 81' lang='lat' dir='ltr'><strong>mandata</strong></span> <span class='ocrx_word' id='word_1_55' title='bbox 1793 1059 1885 1103; x_wconf 82' lang='lat' dir='ltr'><strong>tua</strong></span> <span class='ocrx_word' id='word_1_56' title='bbox 1904 1050 1990 1113; x_wconf 79' lang='lat'><strong>&quot;;</strong></span> 
     </span>
    </p>
   </div>
   <div class='ocr_carea' id='block_1_12' title="bbox 413 1139 1998 1211">
    <p class='ocr_par' dir='ltr' id='par_1_12' title="bbox 413 1139 1998 1211">
     <span class='ocr_line' id='line_1_12' title="bbox 413 1139 1998 1211; baseline 0.004 -21"><span class='ocrx_word' id='word_1_57' title='bbox 413 1139 690 1207; x_wconf 89' lang='lat' dir='ltr'><strong>hujusqne</strong></span> <span class='ocrx_word' id='word_1_58' title='bbox 723 1140 1123 1193; x_wconf 77' lang='lat' dir='ltr'><strong>observationis</strong></span> <span class='ocrx_word' id='word_1_59' title='bbox 1155 1141 1461 1195; x_wconf 81' lang='lat' dir='ltr'><strong>mercedem</strong></span> <span class='ocrx_word' id='word_1_60' title='bbox 1488 1185 1502 1208; x_wconf 95' lang='lat'><strong>,</strong></span> <span class='ocrx_word' id='word_1_61' title='bbox 1535 1142 1765 1211; x_wconf 78' lang='lat' dir='ltr'><strong>gloriam</strong></span> <span class='ocrx_word' id='word_1_62' title='bbox 1809 1157 1840 1196; x_wconf 82' lang='lat' dir='ltr'><strong>a</strong></span> <span class='ocrx_word' id='word_1_63' title='bbox 1887 1141 1998 1197; x_wconf 91' lang='lat' dir='ltr'><strong>Deo</strong></span> 
     </span>
    </p>
   </div>
   <div class='ocr_carea' id='block_1_13' title="bbox 407 1229 1998 1299">
    <p class='ocr_par' dir='ltr' id='par_1_13' title="bbox 407 1229 1998 1299">
     <span class='ocr_line' id='line_1_13' title="bbox 407 1229 1998 1299; baseline 0.002 -17"><span class='ocrx_word' id='word_1_64' title='bbox 407 1229 768 1299; x_wconf 83' lang='lat' dir='ltr'><strong>accipiamus,</strong></span> <span class='ocrx_word' id='word_1_65' title='bbox 825 1231 1053 1286; x_wconf 82' lang='lat' dir='ltr'><strong>auribus</strong></span> <span class='ocrx_word' id='word_1_66' title='bbox 1097 1233 1411 1287; x_wconf 75' lang='lat' dir='ltr'><strong>haurientes</strong></span> <span class='ocrx_word' id='word_1_67' title='bbox 1466 1233 1806 1287; x_wconf 87' lang='lat' dir='ltr'><strong>benedictam</strong></span> <span class='ocrx_word' id='word_1_68' title='bbox 1853 1235 1998 1286; x_wconf 86' lang='lat' dir='ltr'><strong>illam</strong></span> 
     </span>
    </p>
   </div>
   <div class='ocr_carea' id='block_1_14' title="bbox 406 1322 2001 1394">
    <p class='ocr_par' dir='ltr' id='par_1_14' title="bbox 406 1322 2001 1394">
     <span class='ocr_line' id='line_1_14' title="bbox 406 1322 2001 1394; baseline 0.004 -20"><span class='ocrx_word' id='word_1_69' title='bbox 406 1336 595 1377; x_wconf 89' lang='lat' dir='ltr'><strong>vocem</strong></span> <span class='ocrx_word' id='word_1_70' title='bbox 629 1340 642 1376; x_wconf 90' lang='lat'><strong>:</strong></span> <span class='ocrx_word' id='word_1_71' title='bbox 684 1322 851 1392; x_wconf 84' lang='lat' dir='ltr'><strong>Euge,</strong></span> <span class='ocrx_word' id='word_1_72' title='bbox 898 1341 1043 1379; x_wconf 84' lang='lat' dir='ltr'><strong>serve</strong></span> <span class='ocrx_word' id='word_1_73' title='bbox 1070 1327 1197 1379; x_wconf 87' lang='lat' dir='ltr'><strong>bone</strong></span> <span class='ocrx_word' id='word_1_74' title='bbox 1237 1337 1285 1380; x_wconf 90' lang='lat' dir='ltr'><strong>et</strong></span> <span class='ocrx_word' id='word_1_75' title='bbox 1331 1325 1525 1394; x_wconf 77' lang='lat' dir='ltr'><strong>ﬁdelis,</strong></span> <span class='ocrx_word' id='word_1_76' title='bbox 1563 1327 1688 1394; x_wconf 83' lang='lat' dir='ltr'><strong>quia</strong></span> <span class='ocrx_word' id='word_1_77' title='bbox 1727 1327 1779 1378; x_wconf 86' lang='lat' dir='ltr'><strong>in</strong></span> <span class='ocrx_word' id='word_1_78' title='bbox 1815 1329 2001 1391; x_wconf 81' lang='lat' dir='ltr'><strong>paucis</strong></span> 
     </span>
    </p>
   </div>
   <div class='ocr_carea' id='block_1_15' title="bbox 412 1415 2002 1486">
    <p class='ocr_par' dir='ltr' id='par_1_15' title="bbox 412 1415 2002 1486">
     <span class='ocr_line' id='line_1_15' title="bbox 412 1415 2002 1486; baseline 0.001 -18"><span class='ocrx_word' id='word_1_79' title='bbox 412 1415 566 1482; x_wconf 82' lang='lat' dir='ltr'><strong>fuisti</strong></span> <span class='ocrx_word' id='word_1_80' title='bbox 613 1416 822 1486; x_wconf 78' lang='lat' dir='ltr'><strong>ﬁdelis,</strong></span> <span class='ocrx_word' id='word_1_81' title='bbox 851 1433 1011 1486; x_wconf 82' lang='lat' dir='ltr'><strong>super</strong></span> <span class='ocrx_word' id='word_1_82' title='bbox 1059 1418 1224 1470; x_wconf 89' lang='lat' dir='ltr'><strong>multa</strong></span> <span class='ocrx_word' id='word_1_83' title='bbox 1269 1427 1317 1471; x_wconf 87' lang='lat' dir='ltr'><strong>te</strong></span> <span class='ocrx_word' id='word_1_84' title='bbox 1364 1420 1732 1481; x_wconf 80' lang='lat' dir='ltr'><strong>constituam;</strong></span> <span class='ocrx_word' id='word_1_85' title='bbox 1766 1417 1910 1471; x_wconf 88' lang='lat' dir='ltr'><strong>intra</strong></span> <span class='ocrx_word' id='word_1_86' title='bbox 1949 1421 2002 1471; x_wconf 89' lang='lat' dir='ltr'><strong>in</strong></span> 
     </span>
    </p>
   </div>
   <div class='ocr_carea' id='block_1_16' title="bbox 409 1509 1185 1580">
    <p class='ocr_par' dir='ltr' id='par_1_16' title="bbox 409 1509 1185 1580">
     <span class='ocr_line' id='line_1_16' title="bbox 409 1509 1185 1580; baseline 0.004 -19"><span class='ocrx_word' id='word_1_87' title='bbox 409 1509 671 1580; x_wconf 83' lang='lat' dir='ltr'><strong>gaudium</strong></span> <span class='ocrx_word' id='word_1_88' title='bbox 706 1509 915 1563; x_wconf 83' lang='lat' dir='ltr'><strong>Domini</strong></span> <span class='ocrx_word' id='word_1_89' title='bbox 969 1511 1047 1564; x_wconf 90' lang='lat' dir='ltr'><strong>tui</strong></span> <span class='ocrx_word' id='word_1_90' title='bbox 1076 1509 1120 1542; x_wconf 78' lang='grc'><strong>⁷⁷</strong></span> <span class='ocrx_word' id='word_1_91' title='bbox 1167 1527 1185 1564; x_wconf 93' lang='lat'><strong><em>:</em></strong></span> 
     </span>
    </p>
   </div>
   <div class='ocr_carea' id='block_1_17' title="bbox 2095 583 3791 665">
    <p class='ocr_par' dir='ltr' id='par_1_17' title="bbox 2095 583 3791 665">
     <span class='ocr_line' id='line_1_17' title="bbox 2095 583 3791 665; baseline 0.002 -21"><span class='ocrx_word' id='word_1_92' title='bbox 2095 593 2287 665; x_wconf 78' lang='grc' dir='ltr'><em>χρόνον</em></span> <span class='ocrx_word' id='word_1_93' title='bbox 2314 593 2485 665; x_wconf 79' lang='grc' dir='ltr'><em>θρηνῇ</em></span> <span class='ocrx_word' id='word_1_94' title='bbox 2509 593 2612 665; x_wconf 80' lang='grc' dir='ltr'><em>τὴν</em></span> <span class='ocrx_word' id='word_1_95' title='bbox 2632 593 2895 663; x_wconf 74' lang='grc' dir='ltr'><em>ἀμέλειαν</em></span> <span class='ocrx_word' id='word_1_96' title='bbox 2919 608 2934 624; x_wconf 80' lang='grc'><strong><em>⁸</em></strong></span> <span class='ocrx_word' id='word_1_97' title='bbox 2964 591 3102 646; x_wconf 78' lang='grc' dir='ltr'><em>ἀλλὰ</em></span> <span class='ocrx_word' id='word_1_98' title='bbox 3132 590 3375 662; x_wconf 75' lang='grc' dir='ltr'><em>μᾶλλον</em></span> <span class='ocrx_word' id='word_1_99' title='bbox 3403 583 3791 648; x_wconf 73' lang='grc' dir='ltr'><em>ἐνδιαθέτως</em></span> 
     </span>
    </p>
   </div>
   <div class='ocr_carea' id='block_1_18' title="bbox 2093 677 3788 756">
    <p class='ocr_par' dir='ltr' id='par_1_18' title="bbox 2093 677 3788 756">
     <span class='ocr_line' id='line_1_18' title="bbox 2093 677 3788 756; baseline -0.004 -18"><span class='ocrx_word' id='word_1_100' title='bbox 2093 685 2158 738; x_wconf 84' lang='grc' dir='ltr'><em>τὸ</em></span> <span class='ocrx_word' id='word_1_101' title='bbox 2182 685 2470 738; x_wconf 75' lang='grc' dir='ltr'><em>Δαὸιτικδν</em></span> <span class='ocrx_word' id='word_1_102' title='bbox 2500 684 2870 756; x_wconf 82' lang='grc' dir='ltr'><strong>μελῳδοῦντες</strong></span> <span class='ocrx_word' id='word_1_103' title='bbox 2904 684 3108 753; x_wconf 82' lang='grc' dir='ltr'><em>λόγιον·</em></span> <span class='ocrx_word' id='word_1_104' title='bbox 3154 677 3647 750; x_wconf 71' lang='grc' dir='ltr'><em>Ἠτοιμίὶσθην</em></span> <span class='ocrx_word' id='word_1_105' title='bbox 3675 678 3788 731; x_wconf 71' lang='grc' dir='ltr'><strong>καὶ</strong></span> 
     </span>
    </p>
   </div>
   <div class='ocr_carea' id='block_1_19' title="bbox 2093 767 3787 847">
    <p class='ocr_par' dir='ltr' id='par_1_19' title="bbox 2093 767 3787 847">
     <span class='ocr_line' id='line_1_19' title="bbox 2093 767 3787 847; baseline -0.006 -17"><span class='ocrx_word' id='word_1_106' title='bbox 2093 778 2208 830; x_wconf 73' lang='grc' dir='ltr'><em>οὐκ</em></span> <span class='ocrx_word' id='word_1_107' title='bbox 2261 776 2601 847; x_wconf 73' lang='grc' dir='ltr'><strong>ἐταράχθην</strong></span> <span class='ocrx_word' id='word_1_108' title='bbox 2657 777 2766 832; x_wconf 86' lang='grc' dir='ltr'><em>τοῦ</em></span> <span class='ocrx_word' id='word_1_109' title='bbox 2819 775 3210 846; x_wconf 70' lang='grc' dir='ltr'><em>φυλάξασθαι</em></span> <span class='ocrx_word' id='word_1_110' title='bbox 3279 771 3420 837; x_wconf 83' lang='grc' dir='ltr'><em>τὰς</em></span> <span class='ocrx_word' id='word_1_111' title='bbox 3489 767 3787 834; x_wconf 75' lang='grc' dir='ltr'><em>ἐντολάς</em></span> 
     </span>
    </p>
   </div>
   <div class='ocr_carea' id='block_1_20' title="bbox 2093 860 3786 942">
    <p class='ocr_par' dir='ltr' id='par_1_20' title="bbox 2093 860 3786 942">
     <span class='ocr_line' id='line_1_20' title="bbox 2093 860 3786 942; baseline -0.007 -18"><span class='ocrx_word' id='word_1_112' title='bbox 2093 885 2253 926; x_wconf 75' lang='grc' dir='ltr'><strong>σου⁹</strong></span> <span class='ocrx_word' id='word_1_113' title='bbox 2305 871 2406 940; x_wconf 80' lang='grc' dir='ltr'><strong>τῆς</strong></span> <span class='ocrx_word' id='word_1_114' title='bbox 2454 871 2665 925; x_wconf 82' lang='grc' dir='ltr'><em>τούτων</em></span> <span class='ocrx_word' id='word_1_115' title='bbox 2704 871 2993 942; x_wconf 85' lang='grc' dir='ltr'><strong>τηρήσεως</strong></span> <span class='ocrx_word' id='word_1_116' title='bbox 3053 868 3258 940; x_wconf 70' lang='grc' dir='ltr'><em>μισθὸν</em></span> <span class='ocrx_word' id='word_1_117' title='bbox 3327 866 3456 936; x_wconf 80' lang='grc' dir='ltr'><em>τὴν</em></span> <span class='ocrx_word' id='word_1_118' title='bbox 3515 863 3596 915; x_wconf 81' lang='grc' dir='ltr'><em>ὲκ</em></span> <span class='ocrx_word' id='word_1_119' title='bbox 3629 860 3786 914; x_wconf 77' lang='grc' dir='ltr'><strong>Θεοῦ</strong></span> 
     </span>
    </p>
   </div>
   <div class='ocr_carea' id='block_1_21' title="bbox 2103 949 3780 1032">
    <p class='ocr_par' dir='ltr' id='par_1_21' title="bbox 2103 949 3780 1032">
     <span class='ocr_line' id='line_1_21' title="bbox 2103 949 3780 1032; baseline -0.009 -17"><span class='ocrx_word' id='word_1_120' title='bbox 2103 961 2260 1028; x_wconf 78' lang='grc' dir='ltr'><em>δόξαν</em></span> <span class='ocrx_word' id='word_1_121' title='bbox 2308 963 2568 1032; x_wconf 72' lang='grc' dir='ltr'><em>λάϐωμεν</em></span> <span class='ocrx_word' id='word_1_122' title='bbox 2607 963 2669 1016; x_wconf 75' lang='grc' dir='ltr'><em>τὸ</em></span> <span class='ocrx_word' id='word_1_123' title='bbox 2692 1004 2706 1028; x_wconf 98' lang='grc'><strong>,</strong></span> <span class='ocrx_word' id='word_1_124' title='bbox 2738 957 2854 1028; x_wconf 83' lang='grc' dir='ltr'><strong>Εὖ,</strong></span> <span class='ocrx_word' id='word_1_125' title='bbox 2887 961 3076 1015; x_wconf 76' lang='grc' dir='ltr'><em>δοῦλε</em></span> <span class='ocrx_word' id='word_1_126' title='bbox 3119 957 3331 1029; x_wconf 74' lang='grc' dir='ltr'><em>ἀγαθὲ</em></span> <span class='ocrx_word' id='word_1_127' title='bbox 3366 954 3494 1009; x_wconf 76' lang='grc' dir='ltr'><em>καὶ</em></span> <span class='ocrx_word' id='word_1_128' title='bbox 3541 949 3780 1004; x_wconf 57' lang='grc' dir='ltr'><em>κισ-τέ’</em></span> 
     </span>
    </p>
   </div>
   <div class='ocr_carea' id='block_1_22' title="bbox 2103 1042 3776 1126">
    <p class='ocr_par' dir='ltr' id='par_1_22' title="bbox 2103 1042 3776 1126">
     <span class='ocr_line' id='line_1_22' title="bbox 2103 1042 3776 1126; baseline -0.008 -18"><span class='ocrx_word' id='word_1_129' title='bbox 2103 1055 2202 1108; x_wconf 77' lang='grc' dir='ltr'><strong>ἐπὶ</strong></span> <span class='ocrx_word' id='word_1_130' title='bbox 2229 1055 2403 1126; x_wconf 76' lang='grc' dir='ltr'><em>ὀλίγα</em></span> <span class='ocrx_word' id='word_1_131' title='bbox 2426 1051 2502 1126; x_wconf 85' lang='grc' dir='ltr'><strong>ἦς</strong></span> <span class='ocrx_word' id='word_1_132' title='bbox 2521 1055 2758 1121; x_wconf 80' lang='grc' dir='ltr'><em>πιστὸς,</em></span> <span class='ocrx_word' id='word_1_133' title='bbox 2781 1055 2880 1109; x_wconf 79' lang='grc' dir='ltr'><strong>ἐπὶ</strong></span> <span class='ocrx_word' id='word_1_134' title='bbox 2909 1051 3161 1108; x_wconf 81' lang='grc' dir='ltr'><em>πολλῶν</em></span> <span class='ocrx_word' id='word_1_135' title='bbox 3181 1067 3264 1106; x_wconf 81' lang='grc' dir='ltr'><strong>σε</strong></span> <span class='ocrx_word' id='word_1_136' title='bbox 3299 1042 3739 1109; x_wconf 81' lang='grc' dir='ltr'><strong>καταστήσω</strong></span> <span class='ocrx_word' id='word_1_137' title='bbox 3760 1058 3776 1073; x_wconf 78' lang='grc' dir='ltr'><strong>ο</strong></span> 
     </span>
    </p>
   </div>
   <div class='ocr_carea' id='block_1_23' title="bbox 2095 1127 3780 1215">
    <p class='ocr_par' dir='ltr' id='par_1_23' title="bbox 2095 1127 3780 1215">
     <span class='ocr_line' id='line_1_23' title="bbox 2095 1127 3780 1215; baseline -0.007 -15"><span class='ocrx_word' id='word_1_138' title='bbox 2095 1147 2334 1201; x_wconf 79' lang='grc' dir='ltr'><em>εισελθε</em></span> <span class='ocrx_word' id='word_1_139' title='bbox 2373 1149 2460 1212; x_wconf 81' lang='grc' dir='ltr'><strong>είς</strong></span> <span class='ocrx_word' id='word_1_140' title='bbox 2491 1145 2608 1214; x_wconf 82' lang='grc' dir='ltr'><em>τὴν</em></span> <span class='ocrx_word' id='word_1_141' title='bbox 2653 1147 2847 1215; x_wconf 84' lang='grc' dir='ltr'><em>χαρὰν</em></span> <span class='ocrx_word' id='word_1_142' title='bbox 2872 1144 2980 1198; x_wconf 88' lang='grc' dir='ltr'><em>τοῦ</em></span> <span class='ocrx_word' id='word_1_143' title='bbox 3023 1145 3247 1211; x_wconf 81' lang='grc' dir='ltr'><strong>Κυρίου</strong></span> <span class='ocrx_word' id='word_1_144' title='bbox 3299 1155 3476 1194; x_wconf 88' lang='grc' dir='ltr'><em>σου.</em></span> <span class='ocrx_word' id='word_1_145' title='bbox 3515 1133 3678 1189; x_wconf 81' lang='grc' dir='ltr'><strong>Μεθ’</strong></span> <span class='ocrx_word' id='word_1_146' title='bbox 3713 1127 3780 1188; x_wconf 72' lang='grc' dir='ltr'><strong>οὗ</strong></span> 
     </span>
    </p>
   </div>
   <div class='ocr_carea' id='block_1_24' title="bbox 2098 1225 3772 1307">
    <p class='ocr_par' dir='ltr' id='par_1_24' title="bbox 2098 1225 3772 1307">
     <span class='ocr_line' id='line_1_24' title="bbox 2098 1225 3772 1307; baseline -0.008 -17"><span class='ocrx_word' id='word_1_147' title='bbox 2098 1236 2174 1305; x_wconf 80' lang='grc' dir='ltr'><em>τῷ</em></span> <span class='ocrx_word' id='word_1_148' title='bbox 2211 1236 2388 1307; x_wconf 69' lang='lat' dir='ltr'><strong>“arpi.</strong></span> <span class='ocrx_word' id='word_1_149' title='bbox 2441 1235 2562 1305; x_wconf 76' lang='grc' dir='ltr'><em>ἅμα</em></span> <span class='ocrx_word' id='word_1_150' title='bbox 2600 1235 2677 1305; x_wconf 80' lang='grc' dir='ltr'><em>τῷ</em></span> <span class='ocrx_word' id='word_1_151' title='bbox 2726 1237 2867 1306; x_wconf 78' lang='grc' dir='ltr'><em>ἁγίῳ</em></span> <span class='ocrx_word' id='word_1_152' title='bbox 2936 1235 3216 1304; x_wconf 78' lang='grc' dir='ltr'><em>Πνεύματι</em></span> <span class='ocrx_word' id='word_1_153' title='bbox 3292 1231 3546 1302; x_wconf 79' lang='grc' dir='ltr'><em>πρέπει</em></span> <span class='ocrx_word' id='word_1_154' title='bbox 3593 1225 3772 1291; x_wconf 78' lang='grc' dir='ltr'><em>δόξα,</em></span> 
     </span>
    </p>
   </div>
   <div class='ocr_carea' id='block_1_25' title="bbox 2099 1319 3777 1400">
    <p class='ocr_par' dir='ltr' id='par_1_25' title="bbox 2099 1319 3777 1400">
     <span class='ocr_line' id='line_1_25' title="bbox 2099 1319 3777 1400; baseline -0.012 -10"><span class='ocrx_word' id='word_1_155' title='bbox 2099 1330 2259 1398; x_wconf 83' lang='grc' dir='ltr'><em>τιμὴ.</em></span> <span class='ocrx_word' id='word_1_156' title='bbox 2295 1329 2516 1400; x_wconf 81' lang='grc' dir='ltr'><em>κράτος,</em></span> <span class='ocrx_word' id='word_1_157' title='bbox 2555 1327 2650 1380; x_wconf 79' lang='grc' dir='ltr'><em>νῦν</em></span> <span class='ocrx_word' id='word_1_158' title='bbox 2683 1331 2777 1381; x_wconf 72' lang='grc' dir='ltr'><em>καὶ</em></span> <span class='ocrx_word' id='word_1_159' title='bbox 2810 1329 2917 1394; x_wconf 68' lang='grc' dir='ltr'><em>ἀεὶ,</em></span> <span class='ocrx_word' id='word_1_160' title='bbox 2955 1331 3050 1382; x_wconf 82' lang='grc' dir='ltr'><em>καὶ</em></span> <span class='ocrx_word' id='word_1_161' title='bbox 3077 1329 3157 1391; x_wconf 79' lang='grc' dir='ltr'><strong>εἰς</strong></span> <span class='ocrx_word' id='word_1_162' title='bbox 3190 1327 3342 1390; x_wconf 77' lang='grc' dir='ltr'><em>τοὺς</em></span> <span class='ocrx_word' id='word_1_163' title='bbox 3377 1323 3627 1383; x_wconf 75' lang='grc' dir='ltr'><em>αἰῶνας</em></span> <span class='ocrx_word' id='word_1_164' title='bbox 3661 1319 3777 1372; x_wconf 84' lang='grc' dir='ltr'><em>τῶν</em></span> 
     </span>
    </p>
   </div>
   <div class='ocr_carea' id='block_1_26' title="bbox 2103 1421 2582 1491">
    <p class='ocr_par' dir='ltr' id='par_1_26' title="bbox 2103 1421 2582 1491">
     <span class='ocr_line' id='line_1_26' title="bbox 2103 1421 2582 1491; baseline 0.004 -18"><span class='ocrx_word' id='word_1_165' title='bbox 2103 1421 2336 1474; x_wconf 74' lang='grc' dir='ltr'><em>αἰώνων.</em></span> <span class='ocrx_word' id='word_1_166' title='bbox 2388 1422 2444 1474; x_wconf 73' lang='grc' dir='ltr'><strong>’Λ</strong></span> <span class='ocrx_word' id='word_1_167' title='bbox 2453 1422 2582 1491; x_wconf 79' lang='grc' dir='ltr'><em>μήν.</em></span> 
     </span>
    </p>
   </div>
   <div class='ocr_carea' id='block_1_27' title="bbox 1235 1506 3776 1584">
    <p class='ocr_par' dir='ltr' id='par_1_27' title="bbox 1235 1506 3776 1584">
     <span class='ocr_line' id='line_1_27' title="bbox 1235 1506 3776 1584; baseline -0.001 -22"><span class='ocrx_word' id='word_1_168' title='bbox 1235 1527 1360 1566; x_wconf 91' lang='lat' dir='ltr'><strong>cum</strong></span> <span class='ocrx_word' id='word_1_169' title='bbox 1391 1526 1502 1581; x_wconf 89' lang='lat' dir='ltr'><strong>quo</strong></span> <span class='ocrx_word' id='word_1_170' title='bbox 1549 1510 1764 1564; x_wconf 83' lang='lat' dir='ltr'><strong>Patrem</strong></span> <span class='ocrx_word' id='word_1_171' title='bbox 1807 1511 1970 1563; x_wconf 84' lang='lat' dir='ltr'><strong>simul</strong></span> <span class='ocrx_word' id='word_1_172' title='bbox 2001 1525 2054 1566; x_wconf 90' lang='lat' dir='ltr'><strong>et</strong></span> <span class='ocrx_word' id='word_1_173' title='bbox 2092 1523 2343 1568; x_wconf 89' lang='lat' dir='ltr'><strong>sanetum</strong></span> <span class='ocrx_word' id='word_1_174' title='bbox 2391 1513 2657 1584; x_wconf 86' lang='lat' dir='ltr'><strong>Spiritum</strong></span> <span class='ocrx_word' id='word_1_175' title='bbox 2704 1520 2859 1570; x_wconf 87' lang='lat' dir='ltr'><strong>decet</strong></span> <span class='ocrx_word' id='word_1_176' title='bbox 2899 1513 3110 1584; x_wconf 78' lang='lat' dir='ltr'><strong>gloria,</strong></span> <span class='ocrx_word' id='word_1_177' title='bbox 3161 1513 3396 1577; x_wconf 85' lang='lat' dir='ltr'><strong>honor,</strong></span> <span class='ocrx_word' id='word_1_178' title='bbox 3461 1518 3528 1564; x_wconf 86' lang='lat' dir='ltr'><strong>et</strong></span> <span class='ocrx_word' id='word_1_179' title='bbox 3577 1506 3776 1575; x_wconf 83' lang='lat' dir='ltr'><strong>impc-</strong></span> 
     </span>
    </p>
   </div>
   <div class='ocr_carea' id='block_1_28' title="bbox 417 1603 2231 1672">
    <p class='ocr_par' dir='ltr' id='par_1_28' title="bbox 417 1603 2231 1672">
     <span class='ocr_line' id='line_1_28' title="bbox 417 1603 2231 1672; baseline -0.001 -12"><span class='ocrx_word' id='word_1_180' title='bbox 417 1607 591 1666; x_wconf 89' lang='lat' dir='ltr'><strong>rium,</strong></span> <span class='ocrx_word' id='word_1_181' title='bbox 625 1617 807 1665; x_wconf 83' lang='lat' dir='ltr'><strong>nunc,</strong></span> <span class='ocrx_word' id='word_1_182' title='bbox 844 1614 899 1657; x_wconf 88' lang='lat' dir='ltr'><strong>et</strong></span> <span class='ocrx_word' id='word_1_183' title='bbox 933 1618 1185 1672; x_wconf 83' lang='lat' dir='ltr'><strong>semper,</strong></span> <span class='ocrx_word' id='word_1_184' title='bbox 1233 1613 1288 1658; x_wconf 88' lang='lat' dir='ltr'><strong>et</strong></span> <span class='ocrx_word' id='word_1_185' title='bbox 1325 1603 1378 1657; x_wconf 93' lang='lat' dir='ltr'><strong>in</strong></span> <span class='ocrx_word' id='word_1_186' title='bbox 1409 1603 1609 1658; x_wconf 79' lang='lat' dir='ltr'><strong>saecula</strong></span> <span class='ocrx_word' id='word_1_187' title='bbox 1644 1604 1994 1657; x_wconf 70' lang='lat' dir='ltr'><strong>smcnlorum.</strong></span> <span class='ocrx_word' id='word_1_188' title='bbox 2037 1603 2231 1659; x_wconf 84' lang='lat' dir='ltr'><strong>Amen.</strong></span> 
     </span>
    </p>
   </div>
   <div class='ocr_carea' id='block_1_29' title="bbox 737 1713 1680 1772">
    <p class='ocr_par' dir='ltr' id='par_1_29' title="bbox 737 1713 1680 1772">
     <span class='ocr_line' id='line_1_29' title="bbox 737 1713 1680 1772; baseline -0.005 0"><span class='ocrx_word' id='word_1_189' title='bbox 737 1713 971 1772; x_wconf 83' lang='lat' dir='ltr'><strong>CAPUT</strong></span> <span class='ocrx_word' id='word_1_190' title='bbox 1005 1715 1168 1771; x_wconf 64' lang='lat' dir='ltr'><strong>LXX.</strong></span> <span class='ocrx_word' id='word_1_191' title='bbox 1211 1714 1452 1772; x_wconf 76' lang='lat' dir='ltr'><strong>SERMO</strong></span> <span class='ocrx_word' id='word_1_192' title='bbox 1491 1714 1680 1769; x_wconf 84' lang='lat' dir='ltr'><strong>XXIV.</strong></span> 
     </span>
    </p>
   </div>
   <div class='ocr_carea' id='block_1_30' title="bbox 2495 1716 3290 1776">
    <p class='ocr_par' dir='ltr' id='par_1_30' title="bbox 2495 1716 3290 1776">
     <span class='ocr_line' id='line_1_30' title="bbox 2495 1716 3290 1776; baseline -0.003 -2"><span class='ocrx_word' id='word_1_193' title='bbox 2495 1721 2746 1776; x_wconf 75' lang='grc' dir='ltr'><strong>ΚΕΦᾹΛ.</strong></span> <span class='ocrx_word' id='word_1_194' title='bbox 2787 1717 2864 1775; x_wconf 87' lang='lat'><strong>0&#39;.</strong></span> <span class='ocrx_word' id='word_1_195' title='bbox 2905 1719 3123 1774; x_wconf 85' lang='grc' dir='ltr'><strong>ΛΟΓΟΣ</strong></span> <span class='ocrx_word' id='word_1_196' title='bbox 3161 1716 3290 1772; x_wconf 82' lang='grc' dir='ltr'><strong>ΚΔ¹.</strong></span> 
     </span>
    </p>
   </div>
   <div class='ocr_carea' id='block_1_31' title="bbox 418 1829 1997 1917">
    <p class='ocr_par' dir='ltr' id='par_1_31' title="bbox 418 1829 1997 1917">
     <span class='ocr_line' id='line_1_31' title="bbox 418 1829 1997 1917; baseline -0.002 -30"><span class='ocrx_word' id='word_1_197' title='bbox 418 1829 579 1901; x_wconf 76' lang='lat' dir='ltr'><strong>llo</strong></span> <span class='ocrx_word' id='word_1_198' title='bbox 606 1829 758 1896; x_wconf 83' lang='lat' dir='ltr'><strong>Quod</strong></span> <span class='ocrx_word' id='word_1_199' title='bbox 786 1849 848 1888; x_wconf 88' lang='lat' dir='ltr'><strong>ea</strong></span> <span class='ocrx_word' id='word_1_200' title='bbox 879 1834 1059 1886; x_wconf 83' lang='lat' dir='ltr'><strong>omnia</strong></span> <span class='ocrx_word' id='word_1_201' title='bbox 1081 1831 1496 1917; x_wconf 38' lang='lat' dir='ltr'><strong>querelapostolus</strong></span> <span class='ocrx_word' id='word_1_202' title='bbox 1521 1831 1677 1895; x_wconf 78' lang='lat' dir='ltr'><strong>vidit,</strong></span> <span class='ocrx_word' id='word_1_203' title='bbox 1703 1829 1866 1900; x_wconf 85' lang='lat' dir='ltr'><strong>digna</strong></span> <span class='ocrx_word' id='word_1_204' title='bbox 1895 1830 1997 1884; x_wconf 87' lang='lat' dir='ltr'><strong>sint</strong></span> 
     </span>
    </p>
   </div>
   <div class='ocr_carea' id='block_1_32' title="bbox 2105 1829 3764 1917">
    <p class='ocr_par' dir='ltr' id='par_1_32' title="bbox 2109 1829 3764 1917">
     <span class='ocr_line' id='line_1_32' title="bbox 2109 1829 3764 1917; baseline -0.003 -27"><span class='ocrx_word' id='word_1_205' title='bbox 2109 1835 2247 1906; x_wconf 76' lang='grc' dir='ltr'><em>Περὶ</em></span> <span class='ocrx_word' id='word_1_206' title='bbox 2289 1834 2396 1891; x_wconf 88' lang='grc' dir='ltr'><em>τοῦ</em></span> <span class='ocrx_word' id='word_1_207' title='bbox 2426 1834 2786 1900; x_wconf 70' lang='grc' dir='ltr'><strong>ἀξιοπίστω</strong></span> <span class='ocrx_word' id='word_1_208' title='bbox 2832 1831 2951 1917; x_wconf 69' lang='grc' dir='ltr'><em>τῷν</em></span> <span class='ocrx_word' id='word_1_209' title='bbox 2989 1831 3377 1903; x_wconf 77' lang='grc' dir='ltr'><em>τεθεαμένων</em></span> <span class='ocrx_word' id='word_1_210' title='bbox 3435 1829 3532 1896; x_wconf 84' lang='grc' dir='ltr'><em>τῷ</em></span> <span class='ocrx_word' id='word_1_211' title='bbox 3583 1831 3764 1885; x_wconf 82' lang='grc' dir='ltr'><em>Ἀπο-</em></span> 
     </span>
    </p>
   </div>
   <div class='ocr_carea' id='block_1_33' title="bbox 1143 1903 1270 1971">
    <p class='ocr_par' dir='ltr' id='par_1_33' title="bbox 1143 1903 1270 1971">
     <span class='ocr_line' id='line_1_33' title="bbox 1143 1903 1270 1971; baseline -0.016 -15"><span class='ocrx_word' id='word_1_212' title='bbox 1143 1903 1270 1971; x_wconf 76' lang='lat' dir='ltr'><strong>ﬁde.</strong></span> 
     </span>
    </p>
   </div>
   <div class='ocr_carea' id='block_1_34' title="bbox 486 2012 2000 2087">
    <p class='ocr_par' dir='ltr' id='par_1_34' title="bbox 486 2012 2000 2087">
     <span class='ocr_line' id='line_1_34' title="bbox 486 2012 2000 2087; baseline -0.004 -13"><span class='ocrx_word' id='word_1_213' title='bbox 486 2020 651 2086; x_wconf 86' lang='lat' dir='ltr'><strong>XXII,</strong></span> <span class='ocrx_word' id='word_1_214' title='bbox 680 2020 734 2082; x_wconf 89' lang='lat'><strong>8,</strong></span> <span class='ocrx_word' id='word_1_215' title='bbox 766 2019 819 2074; x_wconf 88' lang='lat'><strong>9.</strong></span> <span class='ocrx_word' id='word_1_216' title='bbox 853 2016 916 2069; x_wconf 89' lang='lat' dir='ltr'><strong>Et</strong></span> <span class='ocrx_word' id='word_1_217' title='bbox 946 2033 1038 2087; x_wconf 89' lang='lat' dir='ltr'><strong>ego</strong></span> <span class='ocrx_word' id='word_1_218' title='bbox 1063 2013 1321 2079; x_wconf 79' lang='lat' dir='ltr'><strong>Joannes,</strong></span> <span class='ocrx_word' id='word_1_219' title='bbox 1346 2014 1436 2084; x_wconf 86' lang='lat' dir='ltr'><strong>qui</strong></span> <span class='ocrx_word' id='word_1_220' title='bbox 1458 2013 1564 2068; x_wconf 84' lang='lat' dir='ltr'><strong>vidi</strong></span> <span class='ocrx_word' id='word_1_221' title='bbox 1588 2023 1636 2067; x_wconf 88' lang='lat' dir='ltr'><strong>et</strong></span> <span class='ocrx_word' id='word_1_222' title='bbox 1665 2012 1845 2067; x_wconf 83' lang='lat' dir='ltr'><strong>audivi</strong></span> <span class='ocrx_word' id='word_1_223' title='bbox 1871 2013 2000 2068; x_wconf 80' lang='lat' dir='ltr'><strong>Iure.</strong></span> 
     </span>
    </p>
   </div>
   <div class='ocr_carea' id='block_1_35' title="bbox 417 2105 2002 2183">
    <p class='ocr_par' dir='ltr' id='par_1_35' title="bbox 417 2105 2002 2183">
     <span class='ocr_line' id='line_1_35' title="bbox 417 2105 2002 2183; baseline -0.007 -15"><span class='ocrx_word' id='word_1_224' title='bbox 417 2112 487 2168; x_wconf 82' lang='lat' dir='ltr'><strong>Et</strong></span> <span class='ocrx_word' id='word_1_225' title='bbox 530 2122 874 2183; x_wconf 75' lang='lat' dir='ltr'><strong>posteaquam</strong></span> <span class='ocrx_word' id='word_1_226' title='bbox 922 2107 1245 2162; x_wconf 84' lang='lat' dir='ltr'><strong>audivissent</strong></span> <span class='ocrx_word' id='word_1_227' title='bbox 1294 2114 1342 2159; x_wconf 88' lang='lat' dir='ltr'><strong>et</strong></span> <span class='ocrx_word' id='word_1_228' title='bbox 1399 2106 1678 2170; x_wconf 82' lang='lat' dir='ltr'><strong>vidissem,</strong></span> <span class='ocrx_word' id='word_1_229' title='bbox 1733 2105 1898 2158; x_wconf 88' lang='lat' dir='ltr'><strong>cecidi</strong></span> <span class='ocrx_word' id='word_1_230' title='bbox 1945 2115 2002 2157; x_wconf 87' lang='lat' dir='ltr'><strong>ut</strong></span> 
     </span>
    </p>
   </div>
   <div class='ocr_carea' id='block_1_36' title="bbox 415 2194 2000 2269">
    <p class='ocr_par' dir='ltr' id='par_1_36' title="bbox 415 2194 2000 2269">
     <span class='ocr_line' id='line_1_36' title="bbox 415 2194 2000 2269; baseline -0.006 -13"><span class='ocrx_word' id='word_1_231' title='bbox 415 2206 694 2256; x_wconf 75' lang='lat' dir='ltr'><strong>adorarent</strong></span> <span class='ocrx_word' id='word_1_232' title='bbox 737 2211 858 2254; x_wconf 87' lang='lat' dir='ltr'><strong>ante</strong></span> <span class='ocrx_word' id='word_1_233' title='bbox 890 2202 1043 2269; x_wconf 88' lang='lat' dir='ltr'><strong>pedes</strong></span> <span class='ocrx_word' id='word_1_234' title='bbox 1075 2196 1272 2265; x_wconf 80' lang='lat' dir='ltr'><strong>angeli,</strong></span> <span class='ocrx_word' id='word_1_235' title='bbox 1315 2196 1406 2262; x_wconf 87' lang='lat' dir='ltr'><strong>qui</strong></span> <span class='ocrx_word' id='word_1_236' title='bbox 1438 2196 1568 2248; x_wconf 82' lang='lat' dir='ltr'><strong>nti/ti</strong></span> <span class='ocrx_word' id='word_1_237' title='bbox 1612 2194 1721 2248; x_wconf 70' lang='lat' dir='ltr'><strong>hau:</strong></span> <span class='ocrx_word' id='word_1_238' title='bbox 1758 2194 2000 2247; x_wconf 84' lang='lat' dir='ltr'><strong>ostende-</strong></span> 
     </span>
    </p>
   </div>
   <div class='ocr_carea' id='block_1_37' title="bbox 415 2287 2002 2351">
    <p class='ocr_par' dir='ltr' id='par_1_37' title="bbox 415 2287 2002 2351">
     <span class='ocr_line' id='line_1_37' title="bbox 415 2287 2002 2351; baseline -0.006 -3"><span class='ocrx_word' id='word_1_239' title='bbox 415 2301 526 2349; x_wconf 89' lang='lat' dir='ltr'><strong>bat.</strong></span> <span class='ocrx_word' id='word_1_240' title='bbox 577 2295 644 2348; x_wconf 87' lang='lat' dir='ltr'><strong>Et</strong></span> <span class='ocrx_word' id='word_1_241' title='bbox 689 2295 828 2348; x_wconf 75' lang='lat' dir='ltr'><strong>dixit</strong></span> <span class='ocrx_word' id='word_1_242' title='bbox 889 2292 1019 2345; x_wconf 76' lang='lat' dir='ltr'><strong>milii</strong></span> <span class='ocrx_word' id='word_1_243' title='bbox 1067 2306 1085 2344; x_wconf 91' lang='lat'><strong><em>:</em></strong></span> <span class='ocrx_word' id='word_1_244' title='bbox 1135 2289 1265 2343; x_wconf 83' lang='lat' dir='ltr'><strong>Vide</strong></span> <span class='ocrx_word' id='word_1_245' title='bbox 1309 2305 1370 2341; x_wconf 89' lang='lat' dir='ltr'><strong>ne</strong></span> <span class='ocrx_word' id='word_1_246' title='bbox 1426 2287 1614 2351; x_wconf 82' lang='lat' dir='ltr'><strong>feceris</strong></span> <span class='ocrx_word' id='word_1_247' title='bbox 1656 2303 1673 2340; x_wconf 91' lang='lat'><strong><em>:</em></strong></span> <span class='ocrx_word' id='word_1_248' title='bbox 1725 2303 2002 2339; x_wconf 78' lang='lat' dir='ltr'><strong>conservus</strong></span> 
     </span>
    </p>
   </div>
   <div class='ocr_carea' id='block_1_38' title="bbox 413 2379 1999 2454">
    <p class='ocr_par' dir='ltr' id='par_1_38' title="bbox 413 2379 1999 2454">
     <span class='ocr_line' id='line_1_38' title="bbox 413 2379 1999 2454; baseline -0.007 -11"><span class='ocrx_word' id='word_1_249' title='bbox 413 2389 552 2443; x_wconf 81' lang='lat' dir='ltr'><strong>enim</strong></span> <span class='ocrx_word' id='word_1_250' title='bbox 591 2397 714 2440; x_wconf 85' lang='lat' dir='ltr'><strong>tuus</strong></span> <span class='ocrx_word' id='word_1_251' title='bbox 747 2402 887 2449; x_wconf 89' lang='lat' dir='ltr'><strong>sum,</strong></span> <span class='ocrx_word' id='word_1_252' title='bbox 923 2393 972 2438; x_wconf 88' lang='lat' dir='ltr'><strong>et</strong></span> <span class='ocrx_word' id='word_1_253' title='bbox 1014 2383 1245 2454; x_wconf 74' lang='lat' dir='ltr'><strong>fratrum</strong></span> <span class='ocrx_word' id='word_1_254' title='bbox 1280 2390 1488 2434; x_wconf 87' lang='lat' dir='ltr'><strong>tuorum</strong></span> <span class='ocrx_word' id='word_1_255' title='bbox 1527 2379 1922 2448; x_wconf 82' lang='lat' dir='ltr'><strong>prophetarum,</strong></span> <span class='ocrx_word' id='word_1_256' title='bbox 1952 2389 1999 2432; x_wconf 88' lang='lat' dir='ltr'><strong>et</strong></span> 
     </span>
    </p>
   </div>
   <div class='ocr_carea' id='block_1_39' title="bbox 413 2470 2000 2549">
    <p class='ocr_par' dir='ltr' id='par_1_39' title="bbox 413 2470 2000 2549">
     <span class='ocr_line' id='line_1_39' title="bbox 413 2470 2000 2549; baseline -0.006 -16"><span class='ocrx_word' id='word_1_257' title='bbox 413 2497 597 2534; x_wconf 86' lang='lat' dir='ltr'><strong>eorum</strong></span> <span class='ocrx_word' id='word_1_258' title='bbox 657 2479 747 2549; x_wconf 90' lang='lat' dir='ltr'><strong>qui</strong></span> <span class='ocrx_word' id='word_1_259' title='bbox 793 2487 1006 2532; x_wconf 76' lang='lat' dir='ltr'><strong>servant</strong></span> <span class='ocrx_word' id='word_1_260' title='bbox 1051 2476 1207 2530; x_wconf 77' lang='lat' dir='ltr'><strong>verba</strong></span> <span class='ocrx_word' id='word_1_261' title='bbox 1261 2474 1549 2544; x_wconf 71' lang='lat' dir='ltr'><strong>prophetia:</strong></span> <span class='ocrx_word' id='word_1_262' title='bbox 1597 2472 1724 2526; x_wconf 85' lang='lat' dir='ltr'><strong>libri</strong></span> <span class='ocrx_word' id='word_1_263' title='bbox 1774 2470 1932 2542; x_wconf 78' lang='lat' dir='ltr'><strong>hujus</strong></span> <span class='ocrx_word' id='word_1_264' title='bbox 1983 2485 2000 2524; x_wconf 94' lang='lat'><em>:</em></span> 
     </span>
    </p>
   </div>
   <div class='ocr_carea' id='block_1_40' title="bbox 417 2569 815 2624">
    <p class='ocr_par' dir='ltr' id='par_1_40' title="bbox 417 2569 815 2624">
     <span class='ocr_line' id='line_1_40' title="bbox 417 2569 815 2624; baseline -0.003 -2"><span class='ocrx_word' id='word_1_265' title='bbox 417 2570 585 2624; x_wconf 87' lang='lat' dir='ltr'><strong>Deum</strong></span> <span class='ocrx_word' id='word_1_266' title='bbox 625 2569 815 2622; x_wconf 87' lang='lat' dir='ltr'><strong>adora.</strong></span> 
     </span>
    </p>
   </div>
   <div class='ocr_carea' id='block_1_41' title="bbox 485 2655 2000 2730">
    <p class='ocr_par' dir='ltr' id='par_1_41' title="bbox 485 2655 2000 2730">
     <span class='ocr_line' id='line_1_41' title="bbox 485 2655 2000 2730; baseline -0.005 -16"><span class='ocrx_word' id='word_1_267' title='bbox 485 2659 553 2714; x_wconf 86' lang='lat' dir='ltr'><strong>Et</strong></span> <span class='ocrx_word' id='word_1_268' title='bbox 604 2662 717 2716; x_wconf 75' lang='lat' dir='ltr'><strong>haec</strong></span> <span class='ocrx_word' id='word_1_269' title='bbox 751 2673 972 2730; x_wconf 87' lang='lat' dir='ltr'><strong>quoque</strong></span> <span class='ocrx_word' id='word_1_270' title='bbox 1022 2656 1338 2729; x_wconf 60' lang='lat' dir='ltr'><strong>apostolicae</strong></span> <span class='ocrx_word' id='word_1_271' title='bbox 1372 2657 1570 2712; x_wconf 77' lang='lat' dir='ltr'><strong>anima:</strong></span> <span class='ocrx_word' id='word_1_272' title='bbox 1613 2655 2000 2726; x_wconf 81' lang='lat' dir='ltr'><strong>proprietatem</strong></span> 
     </span>
    </p>
   </div>
   <div class='ocr_carea' id='block_1_42' title="bbox 416 2747 2001 2823">
    <p class='ocr_par' dir='ltr' id='par_1_42' title="bbox 416 2747 2001 2823">
     <span class='ocr_line' id='line_1_42' title="bbox 416 2747 2001 2823; baseline -0.005 -16"><span class='ocrx_word' id='word_1_273' title='bbox 416 2760 675 2823; x_wconf 77' lang='lat' dir='ltr'><strong>arguunt.</strong></span> <span class='ocrx_word' id='word_1_274' title='bbox 729 2751 967 2817; x_wconf 87' lang='lat' dir='ltr'><strong>Etenim,</strong></span> <span class='ocrx_word' id='word_1_275' title='bbox 1017 2760 1078 2804; x_wconf 92' lang='lat' dir='ltr'><strong>ut</strong></span> <span class='ocrx_word' id='word_1_276' title='bbox 1119 2751 1179 2823; x_wconf 88' lang='lat' dir='ltr'><strong>_in</strong></span> <span class='ocrx_word' id='word_1_277' title='bbox 1215 2749 1511 2816; x_wconf 79' lang='lat' dir='ltr'><strong>Evangelia</strong></span> <span class='ocrx_word' id='word_1_278' title='bbox 1560 2747 1829 2818; x_wconf 80' lang='lat' dir='ltr'><strong>ejusmodi</strong></span> <span class='ocrx_word' id='word_1_279' title='bbox 1875 2761 2001 2800; x_wconf 90' lang='lat' dir='ltr'><strong>ora-</strong></span> 
     </span>
    </p>
   </div>
   <div class='ocr_carea' id='block_1_43' title="bbox 416 2817 2004 2910">
    <p class='ocr_par' dir='ltr' id='par_1_43' title="bbox 416 2817 2004 2910">
     <span class='ocr_line' id='line_1_43' title="bbox 416 2817 2004 2910; baseline -0.004 -14"><span class='ocrx_word' id='word_1_280' title='bbox 416 2817 565 2897; x_wconf 47' lang='lat' dir='ltr'><strong>tio—nc</strong></span> <span class='ocrx_word' id='word_1_281' title='bbox 593 2842 800 2896; x_wconf 88' lang='lat' dir='ltr'><strong>utitur:</strong></span> <span class='ocrx_word' id='word_1_282' title='bbox 837 2839 902 2893; x_wconf 82' lang='lat' dir='ltr'><strong>Et</strong></span> <span class='ocrx_word' id='word_1_283' title='bbox 933 2841 1021 2910; x_wconf 87' lang='lat' dir='ltr'><strong>qui</strong></span> <span class='ocrx_word' id='word_1_284' title='bbox 1060 2817 1213 2908; x_wconf 74' lang='lat' dir='ltr'><strong>vidit,</strong></span> <span class='ocrx_word' id='word_1_285' title='bbox 1245 2817 1601 2894; x_wconf 75' lang='lat' dir='ltr'><strong>testimonium</strong></span> <span class='ocrx_word' id='word_1_286' title='bbox 1633 2838 1915 2906; x_wconf 74' lang='lat' dir='ltr'><strong>per/libuit,</strong></span> <span class='ocrx_word' id='word_1_287' title='bbox 1953 2845 2004 2890; x_wconf 85' lang='lat' dir='ltr'><strong>ct</strong></span> 
     </span>
    </p>
   </div>
   <div class='ocr_carea' id='block_1_44' title="bbox 414 2931 2002 3003">
    <p class='ocr_par' dir='ltr' id='par_1_44' title="bbox 414 2931 2002 3003">
     <span class='ocr_line' id='line_1_44' title="bbox 414 2931 2002 3003; baseline -0.004 -13"><span class='ocrx_word' id='word_1_288' title='bbox 414 2951 590 2990; x_wconf 84' lang='lat' dir='ltr'><strong>verum</strong></span> <span class='ocrx_word' id='word_1_289' title='bbox 621 2947 696 2989; x_wconf 88' lang='lat' dir='ltr'><strong>est</strong></span> <span class='ocrx_word' id='word_1_290' title='bbox 732 2935 1089 2988; x_wconf 86' lang='lat' dir='ltr'><strong>testimonium</strong></span> <span class='ocrx_word' id='word_1_291' title='bbox 1121 2933 1236 3003; x_wconf 85' lang='lat' dir='ltr'><strong>ejus</strong></span> <span class='ocrx_word' id='word_1_292' title='bbox 1258 2932 1305 2964; x_wconf 72' lang='grc'><strong>⁷⁸</strong></span> <span class='ocrx_word' id='word_1_293' title='bbox 1339 2949 1352 2985; x_wconf 92' lang='lat'>:</span> <span class='ocrx_word' id='word_1_294' title='bbox 1396 2932 1468 2986; x_wconf 88' lang='lat' dir='ltr'><strong>ita</strong></span> <span class='ocrx_word' id='word_1_295' title='bbox 1509 2931 1600 2986; x_wconf 84' lang='lat' dir='ltr'><strong>hic</strong></span> <span class='ocrx_word' id='word_1_296' title='bbox 1635 2947 1855 3000; x_wconf 83' lang='lat' dir='ltr'><strong>quoque</strong></span> <span class='ocrx_word' id='word_1_297' title='bbox 1881 2945 2002 2997; x_wconf 74' lang='lat' dir='ltr'><strong>qua:</strong></span> 
     </span>
    </p>
   </div>
   <div class='ocr_carea' id='block_1_45' title="bbox 415 3020 2002 3096">
    <p class='ocr_par' dir='ltr' id='par_1_45' title="bbox 415 3020 2002 3096">
     <span class='ocr_line' id='line_1_45' title="bbox 415 3020 2002 3096; baseline -0.004 -17"><span class='ocrx_word' id='word_1_298' title='bbox 415 3027 673 3096; x_wconf 70' lang='lat' dir='ltr'><strong>przedicla</strong></span> <span class='ocrx_word' id='word_1_299' title='bbox 709 3035 866 3080; x_wconf 87' lang='lat' dir='ltr'><strong>erant</strong></span> <span class='ocrx_word' id='word_1_300' title='bbox 893 3040 990 3096; x_wconf 88' lang='lat' dir='ltr'><strong>per</strong></span> <span class='ocrx_word' id='word_1_301' title='bbox 1022 3040 1102 3088; x_wconf 87' lang='lat' dir='ltr'><strong>se,</strong></span> <span class='ocrx_word' id='word_1_302' title='bbox 1131 3033 1185 3079; x_wconf 88' lang='lat' dir='ltr'><strong>et</strong></span> <span class='ocrx_word' id='word_1_303' title='bbox 1217 3022 1420 3078; x_wconf 82' lang='lat' dir='ltr'><strong>vidisse</strong></span> <span class='ocrx_word' id='word_1_304' title='bbox 1454 3031 1507 3076; x_wconf 89' lang='lat' dir='ltr'><strong>et</strong></span> <span class='ocrx_word' id='word_1_305' title='bbox 1540 3022 1822 3076; x_wconf 80' lang='lat' dir='ltr'><strong>audivisse</strong></span> <span class='ocrx_word' id='word_1_306' title='bbox 1865 3020 2002 3074; x_wconf 75' lang='lat' dir='ltr'><strong>falc-</strong></span> 
     </span>
    </p>
   </div>
   <div class='ocr_carea' id='block_1_46' title="bbox 417 3111 2002 3187">
    <p class='ocr_par' dir='ltr' id='par_1_46' title="bbox 417 3111 2002 3187">
     <span class='ocr_line' id='line_1_46' title="bbox 417 3111 2002 3187; baseline -0.004 -15"><span class='ocrx_word' id='word_1_307' title='bbox 417 3130 530 3183; x_wconf 91' lang='lat' dir='ltr'><strong>tur,</strong></span> <span class='ocrx_word' id='word_1_308' title='bbox 555 3132 730 3187; x_wconf 83' lang='lat' dir='ltr'><strong>eaque</strong></span> <span class='ocrx_word' id='word_1_309' title='bbox 765 3117 976 3171; x_wconf 87' lang='lat' dir='ltr'><strong>ratione</strong></span> <span class='ocrx_word' id='word_1_310' title='bbox 1014 3115 1130 3170; x_wconf 89' lang='lat' dir='ltr'><strong>visa</strong></span> <span class='ocrx_word' id='word_1_311' title='bbox 1167 3115 1474 3170; x_wconf 77' lang='lat' dir='ltr'><strong>confirmat.</strong></span> <span class='ocrx_word' id='word_1_312' title='bbox 1501 3111 1752 3167; x_wconf 84' lang='lat' dir='ltr'><strong>Ostendit</strong></span> <span class='ocrx_word' id='word_1_313' title='bbox 1781 3127 2002 3180; x_wconf 86' lang='lat' dir='ltr'><strong>quoque</strong></span> 
     </span>
    </p>
   </div>
   <div class='ocr_carea' id='block_1_47' title="bbox 2785 1905 3007 1969">
    <p class='ocr_par' dir='ltr' id='par_1_47' title="bbox 2785 1905 3007 1969">
     <span class='ocr_line' id='line_1_47' title="bbox 2785 1905 3007 1969; baseline 0 -13"><span class='ocrx_word' id='word_1_314' title='bbox 2785 1905 3007 1969; x_wconf 87' lang='grc' dir='ltr'><em>στόλῳ.</em></span> 
     </span>
    </p>
   </div>
   <div class='ocr_carea' id='block_1_48' title="bbox 2176 2013 3759 2090">
    <p class='ocr_par' dir='ltr' id='par_1_48' title="bbox 2176 2013 3759 2090">
     <span class='ocr_line' id='line_1_48' title="bbox 2176 2013 3759 2090; baseline -0.008 -14"><span class='ocrx_word' id='word_1_315' title='bbox 2176 2019 2349 2090; x_wconf 77' lang='grc' dir='ltr'><strong>Κάγὼ</strong></span> <span class='ocrx_word' id='word_1_316' title='bbox 2394 2019 2680 2087; x_wconf 81' lang='grc' dir='ltr'><strong>Ἰωάννης</strong></span> <span class='ocrx_word' id='word_1_317' title='bbox 2721 2019 2754 2072; x_wconf 86' lang='grc' dir='ltr'><strong><em>ό</em></strong></span> <span class='ocrx_word' id='word_1_318' title='bbox 2787 2017 3027 2072; x_wconf 81' lang='grc' dir='ltr'><em>ἀκούων</em></span> <span class='ocrx_word' id='word_1_319' title='bbox 3056 2016 3152 2070; x_wconf 72' lang='grc' dir='ltr'><strong>καὶ</strong></span> <span class='ocrx_word' id='word_1_320' title='bbox 3182 2013 3470 2081; x_wconf 77' lang='grc' dir='ltr'><em>,ϐλέπων</em></span> <span class='ocrx_word' id='word_1_321' title='bbox 3511 2013 3759 2067; x_wconf 84' lang='grc' dir='ltr'><em>ταῦτα·</em></span> 
     </span>
    </p>
   </div>
   <div class='ocr_carea' id='block_1_49' title="bbox 2105 2102 3758 2181">
    <p class='ocr_par' dir='ltr' id='par_1_49' title="bbox 2105 2102 3758 2181">
     <span class='ocr_line' id='line_1_49' title="bbox 2105 2102 3758 2181; baseline -0.008 -12"><span class='ocrx_word' id='word_1_322' title='bbox 2105 2115 2201 2169; x_wconf 74' lang='grc' dir='ltr'><em>καὶ</em></span> <span class='ocrx_word' id='word_1_323' title='bbox 2232 2114 2332 2167; x_wconf 86' lang='grc' dir='ltr'><em>ὅτε</em></span> <span class='ocrx_word' id='word_1_324' title='bbox 2374 2108 2616 2181; x_wconf 66' lang='grc' dir='ltr'><em>ἥκουσα</em></span> <span class='ocrx_word' id='word_1_325' title='bbox 2645 2109 2746 2164; x_wconf 76' lang='grc' dir='ltr'><em>καὶ</em></span> <span class='ocrx_word' id='word_1_326' title='bbox 2779 2109 3009 2178; x_wconf 69' lang='grc' dir='ltr'><em>ἔϐλεψα</em></span> <span class='ocrx_word' id='word_1_327' title='bbox 3028 2149 3043 2175; x_wconf 87' lang='grc'><strong>,</strong></span> <span class='ocrx_word' id='word_1_328' title='bbox 3071 2107 3302 2161; x_wconf 76' lang='grc' dir='ltr'><em>ἔπεσον</em></span> <span class='ocrx_word' id='word_1_329' title='bbox 3352 2102 3758 2174; x_wconf 76' lang='grc' dir='ltr'><em>προσκυνῆ-</em></span> 
     </span>
    </p>
   </div>
   <div class='ocr_carea' id='block_1_50' title="bbox 2105 2193 3750 2274">
    <p class='ocr_par' dir='ltr' id='par_1_50' title="bbox 2105 2193 3750 2274">
     <span class='ocr_line' id='line_1_50' title="bbox 2105 2193 3750 2274; baseline -0.007 -16"><span class='ocrx_word' id='word_1_330' title='bbox 2105 2221 2209 2260; x_wconf 88' lang='grc' dir='ltr'><strong>σαι</strong></span> <span class='ocrx_word' id='word_1_331' title='bbox 2240 2205 2582 2274; x_wconf 80' lang='grc' dir='ltr'><em>ἔμπροσθεν</em></span> <span class='ocrx_word' id='word_1_332' title='bbox 2611 2200 2730 2254; x_wconf 86' lang='grc' dir='ltr'><em>τῶν</em></span> <span class='ocrx_word' id='word_1_333' title='bbox 2773 2200 2975 2254; x_wconf 82' lang='grc' dir='ltr'><em>ποδῶν</em></span> <span class='ocrx_word' id='word_1_334' title='bbox 3005 2199 3112 2252; x_wconf 86' lang='grc' dir='ltr'><em>τοῦ</em></span> <span class='ocrx_word' id='word_1_335' title='bbox 3153 2195 3440 2268; x_wconf 76' lang='grc' dir='ltr'><strong>ἀγγέλου</strong></span> <span class='ocrx_word' id='word_1_336' title='bbox 3473 2195 3593 2248; x_wconf 86' lang='grc' dir='ltr'><em>τοῦ</em></span> <span class='ocrx_word' id='word_1_337' title='bbox 3623 2193 3750 2247; x_wconf 72' lang='grc' dir='ltr'><em>δει-</em></span> 
     </span>
    </p>
   </div>
   <div class='ocr_carea' id='block_1_51' title="bbox 2107 2285 3746 2364">
    <p class='ocr_par' dir='ltr' id='par_1_51' title="bbox 2107 2285 3746 2364">
     <span class='ocr_line' id='line_1_51' title="bbox 2107 2285 3746 2364; baseline -0.005 -14"><span class='ocrx_word' id='word_1_338' title='bbox 2107 2298 2399 2362; x_wconf 81' lang='grc' dir='ltr'><em>κνύοντός</em></span> <span class='ocrx_word' id='word_1_339' title='bbox 2446 2312 2546 2364; x_wconf 82' lang='grc' dir='ltr'><strong>μοι</strong></span> <span class='ocrx_word' id='word_1_340' title='bbox 2598 2291 2808 2346; x_wconf 82' lang='grc' dir='ltr'><em>ταῦτα.</em></span> <span class='ocrx_word' id='word_1_341' title='bbox 2842 2291 2951 2347; x_wconf 80' lang='grc' dir='ltr'><strong>Καὶ</strong></span> <span class='ocrx_word' id='word_1_342' title='bbox 3002 2293 3163 2360; x_wconf 73' lang='grc' dir='ltr'><em>λέγει</em></span> <span class='ocrx_word' id='word_1_343' title='bbox 3190 2306 3330 2358; x_wconf 83' lang='grc' dir='ltr'><em>μοι·</em></span> <span class='ocrx_word' id='word_1_344' title='bbox 3384 2290 3567 2356; x_wconf 78' lang='grc' dir='ltr'><em>Ὅρα</em></span> <span class='ocrx_word' id='word_1_345' title='bbox 3614 2285 3746 2354; x_wconf 77' lang='grc' dir='ltr'><strong>μή·</strong></span> 
     </span>
    </p>
   </div>
   <div class='ocr_carea' id='block_1_52' title="bbox 2104 2376 3745 2453">
    <p class='ocr_par' dir='ltr' id='par_1_52' title="bbox 2104 2376 3745 2453">
     <span class='ocr_line' id='line_1_52' title="bbox 2104 2376 3745 2453; baseline -0.007 -11"><span class='ocrx_word' id='word_1_346' title='bbox 2104 2388 2452 2452; x_wconf 80' lang='grc' dir='ltr'><em>σύνδουλός</em></span> <span class='ocrx_word' id='word_1_347' title='bbox 2480 2386 2595 2440; x_wconf 91' lang='grc' dir='ltr'><strong>σού</strong></span> <span class='ocrx_word' id='word_1_348' title='bbox 2632 2389 2770 2453; x_wconf 81' lang='grc' dir='ltr'><em>ειμι,</em></span> <span class='ocrx_word' id='word_1_349' title='bbox 2813 2385 2915 2437; x_wconf 78' lang='grc' dir='ltr'><em>καὶ</em></span> <span class='ocrx_word' id='word_1_350' title='bbox 2959 2381 3078 2436; x_wconf 83' lang='grc' dir='ltr'><em>τῶν</em></span> <span class='ocrx_word' id='word_1_351' title='bbox 3110 2380 3410 2450; x_wconf 59' lang='grc' dir='ltr'><em>ἀδελφῶν</em></span> <span class='ocrx_word' id='word_1_352' title='bbox 3444 2397 3579 2434; x_wconf 89' lang='grc' dir='ltr'><em>σου</em></span> <span class='ocrx_word' id='word_1_353' title='bbox 3618 2376 3745 2431; x_wconf 80' lang='grc' dir='ltr'><strong>τῶν</strong></span> 
     </span>
    </p>
   </div>
   <div class='ocr_carea' id='block_1_53' title="bbox 2105 2469 3744 2548">
    <p class='ocr_par' dir='ltr' id='par_1_53' title="bbox 2105 2469 3744 2548">
     <span class='ocr_line' id='line_1_53' title="bbox 2105 2469 3744 2548; baseline -0.007 -16"><span class='ocrx_word' id='word_1_354' title='bbox 2105 2476 2464 2548; x_wconf 72' lang='grc' dir='ltr'><em>προφητῶν,</em></span> <span class='ocrx_word' id='word_1_355' title='bbox 2519 2473 2664 2548; x_wconf 76' lang='grc' dir='ltr'><em>[καὶ]</em></span> <span class='ocrx_word' id='word_1_356' title='bbox 2717 2472 2837 2528; x_wconf 81' lang='grc' dir='ltr'><em>τῶν</em></span> <span class='ocrx_word' id='word_1_357' title='bbox 2877 2473 3222 2541; x_wconf 81' lang='grc' dir='ltr'><em>τηρούντων</em></span> <span class='ocrx_word' id='word_1_358' title='bbox 3267 2469 3431 2530; x_wconf 81' lang='grc' dir='ltr'><em>τοὺς</em></span> <span class='ocrx_word' id='word_1_359' title='bbox 3499 2469 3744 2537; x_wconf 67' lang='grc' dir='ltr'><em>λόγους</em></span> 
     </span>
    </p>
   </div>
   <div class='ocr_carea' id='block_1_54' title="bbox 2103 2562 3527 2634">
    <p class='ocr_par' dir='ltr' id='par_1_54' title="bbox 2103 2562 3527 2634">
     <span class='ocr_line' id='line_1_54' title="bbox 2103 2562 3527 2634; baseline -0.008 -8"><span class='ocrx_word' id='word_1_360' title='bbox 2103 2569 2210 2626; x_wconf 81' lang='grc' dir='ltr'><em>τοῦ</em></span> <span class='ocrx_word' id='word_1_361' title='bbox 2235 2568 2478 2634; x_wconf 75' lang='grc' dir='ltr'><em>βιϐλίου</em></span> <span class='ocrx_word' id='word_1_362' title='bbox 2507 2566 2723 2620; x_wconf 86' lang='grc' dir='ltr'><em>τούτου</em></span> <span class='ocrx_word' id='word_1_363' title='bbox 2743 2581 2757 2596; x_wconf 88' lang='grc'><strong>·</strong></span> <span class='ocrx_word' id='word_1_364' title='bbox 2785 2564 2863 2630; x_wconf 83' lang='grc' dir='ltr'><em>τῷ</em></span> <span class='ocrx_word' id='word_1_365' title='bbox 2890 2562 3012 2630; x_wconf 86' lang='grc' dir='ltr'><strong>Θεῷ</strong></span> <span class='ocrx_word' id='word_1_366' title='bbox 3039 2563 3527 2632; x_wconf 78' lang='grc' dir='ltr'><em>προσκύνησον.</em></span> 
     </span>
    </p>
   </div>
   <div class='ocr_carea' id='block_1_55' title="bbox 2175 2649 3736 2726">
    <p class='ocr_par' dir='ltr' id='par_1_55' title="bbox 2175 2649 3736 2726">
     <span class='ocr_line' id='line_1_55' title="bbox 2175 2649 3736 2726; baseline -0.008 -12"><span class='ocrx_word' id='word_1_367' title='bbox 2175 2659 2284 2714; x_wconf 75' lang='grc' dir='ltr'><strong>Καὶ</strong></span> <span class='ocrx_word' id='word_1_368' title='bbox 2311 2658 2469 2713; x_wconf 82' lang='grc' dir='ltr'><em>τοῦτο</em></span> <span class='ocrx_word' id='word_1_369' title='bbox 2497 2656 2600 2726; x_wconf 81' lang='grc' dir='ltr'><strong>τῆς</strong></span> <span class='ocrx_word' id='word_1_370' title='bbox 2630 2655 2999 2724; x_wconf 77' lang='grc' dir='ltr'><em>ἁποστολικῆς</em></span> <span class='ocrx_word' id='word_1_371' title='bbox 3027 2653 3207 2724; x_wconf 72' lang='grc' dir='ltr'><strong>ψυχῆς</strong></span> <span class='ocrx_word' id='word_1_372' title='bbox 3242 2653 3457 2723; x_wconf 78' lang='grc' dir='ltr'><em>ἰδίωμα</em></span> <span class='ocrx_word' id='word_1_373' title='bbox 3478 2668 3492 2679; x_wconf 87' lang='grc'><strong>·</strong></span> <span class='ocrx_word' id='word_1_374' title='bbox 3531 2649 3736 2719; x_wconf 80' lang='grc' dir='ltr'><em>ὥσπερ</em></span> 
     </span>
    </p>
   </div>
   <div class='ocr_carea' id='block_1_56' title="bbox 2102 2743 3732 2823">
    <p class='ocr_par' dir='ltr' id='par_1_56' title="bbox 2102 2743 3732 2823">
     <span class='ocr_line' id='line_1_56' title="bbox 2102 2743 3732 2823; baseline -0.006 -18"><span class='ocrx_word' id='word_1_375' title='bbox 2102 2752 2213 2823; x_wconf 77' lang='grc' dir='ltr'><em>γὰρ</em></span> <span class='ocrx_word' id='word_1_376' title='bbox 2262 2753 2320 2804; x_wconf 79' lang='grc' dir='ltr'><em>ἐν</em></span> <span class='ocrx_word' id='word_1_377' title='bbox 2370 2751 2448 2821; x_wconf 85' lang='grc' dir='ltr'><em>τῷ</em></span> <span class='ocrx_word' id='word_1_378' title='bbox 2482 2749 2806 2820; x_wconf 82' lang='grc' dir='ltr'><em>Εὑαγγελίῳ</em></span> <span class='ocrx_word' id='word_1_379' title='bbox 2858 2747 3196 2818; x_wconf 82' lang='grc' dir='ltr'><em>πεποίηκεν,</em></span> <span class='ocrx_word' id='word_1_380' title='bbox 3242 2745 3468 2809; x_wconf 80' lang='grc' dir='ltr'><em>εἰπὼν,</em></span> <span class='ocrx_word' id='word_1_381' title='bbox 3529 2743 3650 2798; x_wconf 76' lang='grc' dir='ltr'><em>Καὶ</em></span> <span class='ocrx_word' id='word_1_382' title='bbox 3695 2746 3732 2796; x_wconf 86' lang='lat' dir='ltr'><strong>d</strong></span> 
     </span>
    </p>
   </div>
   <div class='ocr_carea' id='block_1_57' title="bbox 2103 2839 3728 2915">
    <p class='ocr_par' dir='ltr' id='par_1_57' title="bbox 2103 2839 3728 2915">
     <span class='ocr_line' id='line_1_57' title="bbox 2103 2839 3728 2915; baseline -0.007 -15"><span class='ocrx_word' id='word_1_383' title='bbox 2103 2844 2375 2915; x_wconf 82' lang='grc' dir='ltr'><em>ἑωρακὼς</em></span> <span class='ocrx_word' id='word_1_384' title='bbox 2395 2845 2834 2915; x_wconf 73' lang='grc' dir='ltr'><strong>μεμαρτύρηκε,</strong></span> <span class='ocrx_word' id='word_1_385' title='bbox 2872 2841 2970 2895; x_wconf 74' lang='grc' dir='ltr'><em>καὶ</em></span> <span class='ocrx_word' id='word_1_386' title='bbox 3001 2839 3260 2908; x_wconf 77' lang='grc' dir='ltr'><em>ἀληθινή</em></span> <span class='ocrx_word' id='word_1_387' title='bbox 3283 2839 3476 2893; x_wconf 83' lang='grc' dir='ltr'><em>ἐστιν</em></span> <span class='ocrx_word' id='word_1_388' title='bbox 3505 2839 3546 2905; x_wconf 72' lang='grc' dir='ltr'>ἡ</span> <span class='ocrx_word' id='word_1_389' title='bbox 3576 2854 3728 2906; x_wconf 79' lang='grc' dir='ltr'><em>μαρ-</em></span> 
     </span>
    </p>
   </div>
   <div class='ocr_carea' id='block_1_58' title="bbox 2105 2930 3724 3012">
    <p class='ocr_par' dir='ltr' id='par_1_58' title="bbox 2105 2930 3724 3012">
     <span class='ocr_line' id='line_1_58' title="bbox 2105 2930 3724 3012; baseline -0.006 -17"><span class='ocrx_word' id='word_1_390' title='bbox 2105 2943 2279 3010; x_wconf 82' lang='grc' dir='ltr'><em>τυρία</em></span> <span class='ocrx_word' id='word_1_391' title='bbox 2305 2939 2557 3012; x_wconf 80' lang='grc' dir='ltr'><strong>[αὐτοῦ]’</strong></span> <span class='ocrx_word' id='word_1_392' title='bbox 2595 2938 2740 2994; x_wconf 79' lang='grc' dir='ltr'><em>οὕτω</em></span> <span class='ocrx_word' id='word_1_393' title='bbox 2770 2937 3067 2998; x_wconf 69' lang='grc' dir='ltr'><em>κάνταῦθα,</em></span> <span class='ocrx_word' id='word_1_394' title='bbox 3100 2937 3372 3006; x_wconf 73' lang='grc' dir='ltr'><strong>αὐτήκοος</strong></span> <span class='ocrx_word' id='word_1_395' title='bbox 3413 2930 3571 2988; x_wconf 81' lang='grc' dir='ltr'><em>εῖναι</em></span> <span class='ocrx_word' id='word_1_396' title='bbox 3625 2932 3724 2986; x_wconf 79' lang='grc' dir='ltr'><em>καὶ</em></span> 
     </span>
    </p>
   </div>
   <div class='ocr_carea' id='block_1_59' title="bbox 2105 3024 3722 3103">
    <p class='ocr_par' dir='ltr' id='par_1_59' title="bbox 2105 3024 3722 3103">
     <span class='ocr_line' id='line_1_59' title="bbox 2105 3024 3722 3103; baseline -0.007 -16"><span class='ocrx_word' id='word_1_397' title='bbox 2105 3034 2382 3103; x_wconf 74' lang='grc' dir='ltr'><strong>αὐτόπτης</strong></span> <span class='ocrx_word' id='word_1_398' title='bbox 2449 3033 2559 3085; x_wconf 87' lang='grc' dir='ltr'><em>τῶν</em></span> <span class='ocrx_word' id='word_1_399' title='bbox 2627 3029 3120 3102; x_wconf 82' lang='grc' dir='ltr'><em>προφητευθέντων</em></span> <span class='ocrx_word' id='word_1_400' title='bbox 3177 3027 3584 3097; x_wconf 80' lang='grc' dir='ltr'><em>ὁμολογήσας,</em></span> <span class='ocrx_word' id='word_1_401' title='bbox 3652 3024 3722 3076; x_wconf 82' lang='grc' dir='ltr'><em>τὰ</em></span> 
     </span>
    </p>
   </div>
   <div class='ocr_carea' id='block_1_60' title="bbox 2105 3117 3720 3196">
    <p class='ocr_par' dir='ltr' id='par_1_60' title="bbox 2105 3117 3720 3196">
     <span class='ocr_line' id='line_1_60' title="bbox 2105 3117 3720 3196; baseline -0.006 -18"><span class='ocrx_word' id='word_1_402' title='bbox 2105 3125 2395 3196; x_wconf 78' lang='grc' dir='ltr'><strong>ἑωραμένα</strong></span> <span class='ocrx_word' id='word_1_403' title='bbox 2427 3124 2794 3178; x_wconf 74' lang='grc' dir='ltr'><strong>ἐπιστώσατο.</strong></span> <span class='ocrx_word' id='word_1_404' title='bbox 2826 3121 3037 3188; x_wconf 82' lang='grc' dir='ltr'><em>Ἐδειξε</em></span> <span class='ocrx_word' id='word_1_405' title='bbox 3067 3119 3124 3173; x_wconf 79' lang='grc' dir='ltr'><strong>δὲ</strong></span> <span class='ocrx_word' id='word_1_406' title='bbox 3157 3118 3372 3174; x_wconf 73' lang='grc' dir='ltr'><em>καὶτοῦ</em></span> <span class='ocrx_word' id='word_1_407' title='bbox 3404 3117 3720 3172; x_wconf 83' lang='grc' dir='ltr'><em>τυπώσαν-</em></span> 
     </span>
    </p>
   </div>
   <div class='ocr_carea' id='block_1_61' title="bbox 415 3202 1997 3287">
    <p class='ocr_par' dir='ltr' id='par_1_61' title="bbox 415 3202 1993 3278">
     <span class='ocr_line' id='line_1_61' title="bbox 415 3202 1993 3278; baseline -0.006 -17"><span class='ocrx_word' id='word_1_408' title='bbox 415 3207 616 3278; x_wconf 82' lang='lat' dir='ltr'><strong>angeli,</strong></span> <span class='ocrx_word' id='word_1_409' title='bbox 663 3206 758 3276; x_wconf 85' lang='lat' dir='ltr'><strong>qui</strong></span> <span class='ocrx_word' id='word_1_410' title='bbox 798 3206 1088 3278; x_wconf 80' lang='lat' dir='ltr'><strong>mysticam</strong></span> <span class='ocrx_word' id='word_1_411' title='bbox 1124 3204 1271 3258; x_wconf 89' lang='lat' dir='ltr'><strong>illam</strong></span> <span class='ocrx_word' id='word_1_412' title='bbox 1321 3202 1586 3256; x_wconf 79' lang='lat' dir='ltr'><strong>visionem</strong></span> <span class='ocrx_word' id='word_1_413' title='bbox 1621 3202 1993 3270; x_wconf 76' lang='lat' dir='ltr'><strong>impresserat,</strong></span> 
     </span>
    </p>
   </div>
   <div class='ocr_carea' id='block_1_62' title="bbox 2105 3202 3717 3287">
    <p class='ocr_par' dir='ltr' id='par_1_62' title="bbox 2105 3210 3717 3287">
     <span class='ocr_line' id='line_1_62' title="bbox 2105 3210 3717 3287; baseline -0.006 -18"><span class='ocrx_word' id='word_1_414' title='bbox 2105 3233 2193 3279; x_wconf 77' lang='grc' dir='ltr'><em>τος</em></span> <span class='ocrx_word' id='word_1_415' title='bbox 2226 3215 2463 3285; x_wconf 81' lang='grc' dir='ltr'>ἀγγέλου</span> <span class='ocrx_word' id='word_1_416' title='bbox 2490 3214 2590 3287; x_wconf 78' lang='grc' dir='ltr'><em>τὴν</em></span> <span class='ocrx_word' id='word_1_417' title='bbox 2616 3216 2810 3285; x_wconf 80' lang='grc' dir='ltr'><strong>ὅρασιν</strong></span> <span class='ocrx_word' id='word_1_418' title='bbox 2837 3213 2896 3266; x_wconf 74' lang='grc' dir='ltr'><em>τὸ</em></span> <span class='ocrx_word' id='word_1_419' title='bbox 2927 3211 3174 3276; x_wconf 75' lang='grc' dir='ltr'><em>εὐλαϐὲς,</em></span> <span class='ocrx_word' id='word_1_420' title='bbox 3205 3211 3355 3274; x_wconf 80' lang='grc' dir='ltr'><em>ὅπως</em></span> <span class='ocrx_word' id='word_1_421' title='bbox 3389 3210 3502 3281; x_wconf 83' lang='grc' dir='ltr'><em>τὴν</em></span> <span class='ocrx_word' id='word_1_422' title='bbox 3539 3225 3717 3279; x_wconf 76' lang='grc' dir='ltr'><em>προσο</em></span> 
     </span>
    </p>
   </div>
   <div class='ocr_carea' id='block_1_63' title="bbox 414 3289 1997 3368">
    <p class='ocr_par' dir='ltr' id='par_1_63' title="bbox 414 3289 1997 3368">
     <span class='ocr_line' id='line_1_63' title="bbox 414 3289 1997 3368; baseline -0.004 -18"><span class='ocrx_word' id='word_1_423' title='bbox 414 3298 735 3368; x_wconf 85' lang='lat' dir='ltr'><strong>gravitatem</strong></span> <span class='ocrx_word' id='word_1_424' title='bbox 761 3307 814 3350; x_wconf 86' lang='lat' dir='ltr'><strong>et</strong></span> <span class='ocrx_word' id='word_1_425' title='bbox 843 3312 968 3367; x_wconf 81' lang='lat' dir='ltr'><strong>erga</strong></span> <span class='ocrx_word' id='word_1_426' title='bbox 1005 3295 1172 3350; x_wconf 90' lang='lat' dir='ltr'><strong>Deum</strong></span> <span class='ocrx_word' id='word_1_427' title='bbox 1202 3294 1455 3364; x_wconf 89' lang='lat' dir='ltr'><strong>pietatem</strong></span> <span class='ocrx_word' id='word_1_428' title='bbox 1482 3335 1494 3356; x_wconf 91' lang='lat'><strong>,</strong></span> <span class='ocrx_word' id='word_1_429' title='bbox 1533 3301 1590 3344; x_wconf 89' lang='lat' dir='ltr'><strong>ut</strong></span> <span class='ocrx_word' id='word_1_430' title='bbox 1623 3292 1714 3360; x_wconf 89' lang='lat' dir='ltr'><strong>qui</strong></span> <span class='ocrx_word' id='word_1_431' title='bbox 1745 3289 1997 3344; x_wconf 79' lang='lat' dir='ltr'><strong>conservi</strong></span> 
     </span>
    </p>
   </div>
   <div class='ocr_carea' id='block_1_64' title="bbox 416 3385 1999 3454">
    <p class='ocr_par' dir='ltr' id='par_1_64' title="bbox 416 3385 1999 3454">
     <span class='ocr_line' id='line_1_64' title="bbox 416 3385 1999 3454; baseline -0.004 -10"><span class='ocrx_word' id='word_1_432' title='bbox 416 3390 788 3445; x_wconf 76' lang='lat' dir='ltr'><strong>adorationem</strong></span> <span class='ocrx_word' id='word_1_433' title='bbox 839 3405 944 3443; x_wconf 91' lang='lat' dir='ltr'><strong>non</strong></span> <span class='ocrx_word' id='word_1_434' title='bbox 979 3387 1284 3452; x_wconf 89' lang='lat' dir='ltr'><strong>admiserit,</strong></span> <span class='ocrx_word' id='word_1_435' title='bbox 1321 3386 1414 3440; x_wconf 91' lang='lat' dir='ltr'><strong>sed</strong></span> <span class='ocrx_word' id='word_1_436' title='bbox 1464 3386 1548 3454; x_wconf 89' lang='lat' dir='ltr'><strong>pie</strong></span> <span class='ocrx_word' id='word_1_437' title='bbox 1599 3385 1999 3454; x_wconf 85' lang='lat' dir='ltr'><strong>prudenterque</strong></span> 
     </span>
    </p>
   </div>
   <div class='ocr_carea' id='block_1_65' title="bbox 414 3479 1446 3538">
    <p class='ocr_par' dir='ltr' id='par_1_65' title="bbox 414 3479 1446 3538">
     <span class='ocr_line' id='line_1_65' title="bbox 414 3479 1446 3538; baseline -0.006 0"><span class='ocrx_word' id='word_1_438' title='bbox 414 3483 691 3538; x_wconf 84' lang='lat' dir='ltr'><strong>communi</strong></span> <span class='ocrx_word' id='word_1_439' title='bbox 731 3481 958 3537; x_wconf 90' lang='lat' dir='ltr'><strong>Domino</strong></span> <span class='ocrx_word' id='word_1_440' title='bbox 987 3480 1134 3535; x_wconf 87' lang='lat' dir='ltr'><strong>illam</strong></span> <span class='ocrx_word' id='word_1_441' title='bbox 1173 3479 1446 3534; x_wconf 85' lang='lat' dir='ltr'><strong>detulerit.</strong></span> 
     </span>
    </p>
   </div>
   <div class='ocr_carea' id='block_1_66' title="bbox 984 3588 1430 3647">
    <p class='ocr_par' dir='ltr' id='par_1_66' title="bbox 984 3588 1430 3647">
     <span class='ocr_line' id='line_1_66' title="bbox 984 3588 1430 3647; baseline -0.011 0"><span class='ocrx_word' id='word_1_442' title='bbox 984 3591 1214 3647; x_wconf 79' lang='lat' dir='ltr'><strong>CAPUT</strong></span> <span class='ocrx_word' id='word_1_443' title='bbox 1245 3588 1430 3644; x_wconf 89' lang='lat' dir='ltr'><strong>LXXI.</strong></span> 
     </span>
    </p>
   </div>
   <div class='ocr_carea' id='block_1_67' title="bbox 419 3703 1999 3779">
    <p class='ocr_par' dir='ltr' id='par_1_67' title="bbox 419 3703 1999 3779">
     <span class='ocr_line' id='line_1_67' title="bbox 419 3703 1999 3779; baseline -0.005 -15"><span class='ocrx_word' id='word_1_444' title='bbox 419 3707 489 3764; x_wconf 85' lang='lat' dir='ltr'><strong>Ut</strong></span> <span class='ocrx_word' id='word_1_445' title='bbox 529 3710 716 3779; x_wconf 79' lang='lat' dir='ltr'><strong>jussus</strong></span> <span class='ocrx_word' id='word_1_446' title='bbox 745 3709 814 3762; x_wconf 86' lang='lat' dir='ltr'><strong>sit</strong></span> <span class='ocrx_word' id='word_1_447' title='bbox 848 3725 910 3763; x_wconf 83' lang='lat' dir='ltr'><strong>ne</strong></span> <span class='ocrx_word' id='word_1_448' title='bbox 943 3709 1078 3760; x_wconf 88' lang='lat' dir='ltr'><strong>hanc</strong></span> <span class='ocrx_word' id='word_1_449' title='bbox 1124 3705 1483 3779; x_wconf 75' lang='lat' dir='ltr'><strong>Apocalypsin</strong></span> <span class='ocrx_word' id='word_1_450' title='bbox 1523 3703 1857 3774; x_wconf 83' lang='lat' dir='ltr'><strong>obsignaret,</strong></span> <span class='ocrx_word' id='word_1_451' title='bbox 1908 3703 1999 3759; x_wconf 83' lang='lat' dir='ltr'><strong>sed</strong></span> 
     </span>
    </p>
   </div>
   <div class='ocr_carea' id='block_1_68' title="bbox 920 3777 1466 3848">
    <p class='ocr_par' dir='ltr' id='par_1_68' title="bbox 920 3777 1466 3848">
     <span class='ocr_line' id='line_1_68' title="bbox 920 3777 1466 3848; baseline 0 -20"><span class='ocrx_word' id='word_1_452' title='bbox 920 3779 1098 3848; x_wconf 84' lang='lat' dir='ltr'><strong>palam</strong></span> <span class='ocrx_word' id='word_1_453' title='bbox 1132 3777 1363 3845; x_wconf 77' lang='lat' dir='ltr'><strong>prwdica</strong></span> <span class='ocrx_word' id='word_1_454' title='bbox 1373 3783 1466 3828; x_wconf 87' lang='lat' dir='ltr'><strong>ret.</strong></span> 
     </span>
    </p>
   </div>
   <div class='ocr_carea' id='block_1_69' title="bbox 488 3907 2000 3978">
    <p class='ocr_par' dir='ltr' id='par_1_69' title="bbox 488 3907 2000 3978">
     <span class='ocr_line' id='line_1_69' title="bbox 488 3907 2000 3978; baseline 0 -16"><span class='ocrx_word' id='word_1_455' title='bbox 488 3907 653 3974; x_wconf 80' lang='lat' dir='ltr'><strong>XXII,</strong></span> <span class='ocrx_word' id='word_1_456' title='bbox 686 3909 770 3964; x_wconf 89' lang='lat' dir='ltr'><strong>I0.</strong></span> <span class='ocrx_word' id='word_1_457' title='bbox 811 3907 877 3962; x_wconf 82' lang='lat' dir='ltr'><strong>Et</strong></span> <span class='ocrx_word' id='word_1_458' title='bbox 907 3908 1041 3961; x_wconf 72' lang='lat' dir='ltr'><strong>dixit</strong></span> <span class='ocrx_word' id='word_1_459' title='bbox 1072 3909 1239 3962; x_wconf 81' lang='lat' dir='ltr'><strong>mihi:</strong></span> <span class='ocrx_word' id='word_1_460' title='bbox 1271 3907 1353 3963; x_wconf 87' lang='lat' dir='ltr'><strong>Ne</strong></span> <span class='ocrx_word' id='word_1_461' title='bbox 1376 3908 1664 3977; x_wconf 80' lang='lat' dir='ltr'><strong>signnreris</strong></span> <span class='ocrx_word' id='word_1_462' title='bbox 1698 3908 1850 3961; x_wconf 87' lang='lat' dir='ltr'><strong>t-crba</strong></span> <span class='ocrx_word' id='word_1_463' title='bbox 1877 3925 2000 3978; x_wconf 81' lang='lat' dir='ltr'><strong>pro-</strong></span> 
     </span>
    </p>
   </div>
   <div class='ocr_carea' id='block_1_70' title="bbox 416 4000 1709 4070">
    <p class='ocr_par' dir='ltr' id='par_1_70' title="bbox 416 4000 1709 4070">
     <span class='ocr_line' id='line_1_70' title="bbox 416 4000 1709 4070; baseline 0.002 -17"><span class='ocrx_word' id='word_1_464' title='bbox 416 4001 606 4068; x_wconf 67' lang='lat' dir='ltr'><strong>phetia:</strong></span> <span class='ocrx_word' id='word_1_465' title='bbox 640 4000 763 4054; x_wconf 83' lang='lat' dir='ltr'><strong>libri</strong></span> <span class='ocrx_word' id='word_1_466' title='bbox 790 4001 949 4070; x_wconf 77' lang='lat' dir='ltr'><strong>hujus</strong></span> <span class='ocrx_word' id='word_1_467' title='bbox 982 4016 999 4054; x_wconf 91' lang='lat'><strong><em>:</em></strong></span> <span class='ocrx_word' id='word_1_468' title='bbox 1036 4011 1235 4070; x_wconf 82' lang='lat' dir='ltr'><strong>tempus</strong></span> <span class='ocrx_word' id='word_1_469' title='bbox 1265 4001 1402 4054; x_wconf 84' lang='lat' dir='ltr'><strong>enim</strong></span> <span class='ocrx_word' id='word_1_470' title='bbox 1430 4017 1588 4069; x_wconf 86' lang='lat' dir='ltr'><strong>prope</strong></span> <span class='ocrx_word' id='word_1_471' title='bbox 1613 4011 1709 4055; x_wconf 87' lang='lat' dir='ltr'><strong>est.</strong></span> 
     </span>
    </p>
   </div>
   <div class='ocr_carea' id='block_1_71' title="bbox 493 4177 1996 4250">
    <p class='ocr_par' dir='ltr' id='par_1_71' title="bbox 493 4177 1996 4250">
     <span class='ocr_line' id='line_1_71' title="bbox 493 4177 1996 4250; baseline 0.005 -20"><span class='ocrx_word' id='word_1_472' title='bbox 493 4177 770 4235; x_wconf 88' lang='lat' dir='ltr'><strong>Hactenus</strong></span> <span class='ocrx_word' id='word_1_473' title='bbox 803 4180 1079 4250; x_wconf 84' lang='lat' dir='ltr'><strong>angelieas</strong></span> <span class='ocrx_word' id='word_1_474' title='bbox 1113 4183 1416 4236; x_wconf 89' lang='lat' dir='ltr'><strong>sententias</strong></span> <span class='ocrx_word' id='word_1_475' title='bbox 1445 4193 1499 4237; x_wconf 90' lang='lat' dir='ltr'><strong>ct</strong></span> <span class='ocrx_word' id='word_1_476' title='bbox 1542 4199 1700 4238; x_wconf 83' lang='lat' dir='ltr'><strong>voces</strong></span> <span class='ocrx_word' id='word_1_477' title='bbox 1743 4185 1996 4249; x_wconf 74' lang='lat' dir='ltr'><strong>adduxit;</strong></span> 
     </span>
    </p>
   </div>
   <div class='ocr_carea' id='block_1_72' title="bbox 421 4271 1997 4344">
    <p class='ocr_par' dir='ltr' id='par_1_72' title="bbox 421 4271 1997 4344">
     <span class='ocr_line' id='line_1_72' title="bbox 421 4271 1997 4344; baseline 0.004 -21"><span class='ocrx_word' id='word_1_478' title='bbox 421 4271 547 4327; x_wconf 92' lang='lat' dir='ltr'><strong>hinc</strong></span> <span class='ocrx_word' id='word_1_479' title='bbox 576 4287 723 4326; x_wconf 90' lang='lat' dir='ltr'><strong>nunc</strong></span> <span class='ocrx_word' id='word_1_480' title='bbox 749 4273 814 4326; x_wconf 90' lang='lat' dir='ltr'><strong>ad</strong></span> <span class='ocrx_word' id='word_1_481' title='bbox 843 4271 1183 4328; x_wconf 90' lang='lat' dir='ltr'><strong>Dominieam</strong></span> <span class='ocrx_word' id='word_1_482' title='bbox 1211 4273 1412 4329; x_wconf 85' lang='lat' dir='ltr'><strong>Christi</strong></span> <span class='ocrx_word' id='word_1_483' title='bbox 1464 4289 1753 4344; x_wconf 88' lang='lat' dir='ltr'><strong>personam</strong></span> <span class='ocrx_word' id='word_1_484' title='bbox 1781 4277 1997 4331; x_wconf 86' lang='lat' dir='ltr'><strong>transit.</strong></span> 
     </span>
    </p>
   </div>
   <div class='ocr_carea' id='block_1_73' title="bbox 414 4363 1998 4436">
    <p class='ocr_par' dir='ltr' id='par_1_73' title="bbox 414 4363 1998 4436">
     <span class='ocr_line' id='line_1_73' title="bbox 414 4363 1998 4436; baseline 0.003 -19"><span class='ocrx_word' id='word_1_485' title='bbox 414 4364 578 4420; x_wconf 74' lang='lat' dir='ltr'><strong>lubet</strong></span> <span class='ocrx_word' id='word_1_486' title='bbox 633 4363 750 4418; x_wconf 67' lang='lat' dir='ltr'><strong>haec</strong></span> <span class='ocrx_word' id='word_1_487' title='bbox 811 4373 1038 4428; x_wconf 84' lang='lat' dir='ltr'><strong>autem,</strong></span> <span class='ocrx_word' id='word_1_488' title='bbox 1091 4382 1158 4421; x_wconf 86' lang='lat' dir='ltr'><strong>ne</strong></span> <span class='ocrx_word' id='word_1_489' title='bbox 1223 4367 1523 4436; x_wconf 70' lang='lat' dir='ltr'><strong>prophetiae</strong></span> <span class='ocrx_word' id='word_1_490' title='bbox 1605 4367 1768 4436; x_wconf 86' lang='lat' dir='ltr'><strong>hujus</strong></span> <span class='ocrx_word' id='word_1_491' title='bbox 1836 4369 1998 4422; x_wconf 80' lang='lat' dir='ltr'><strong>verba</strong></span> 
     </span>
    </p>
   </div>
   <div class='ocr_carea' id='block_1_74' title="bbox 416 4455 1999 4529">
    <p class='ocr_par' dir='ltr' id='par_1_74' title="bbox 416 4455 1999 4529">
     <span class='ocr_line' id='line_1_74' title="bbox 416 4455 1999 4529; baseline 0.004 -21"><span class='ocrx_word' id='word_1_492' title='bbox 416 4455 704 4525; x_wconf 77' lang='lat' dir='ltr'><strong>obsignet;</strong></span> <span class='ocrx_word' id='word_1_493' title='bbox 756 4459 956 4526; x_wconf 89' lang='lat' dir='ltr'><strong>quippe</strong></span> <span class='ocrx_word' id='word_1_494' title='bbox 1007 4473 1131 4512; x_wconf 90' lang='lat' dir='ltr'><strong>cum</strong></span> <span class='ocrx_word' id='word_1_495' title='bbox 1185 4459 1322 4512; x_wconf 86' lang='lat' dir='ltr'><strong>liber</strong></span> <span class='ocrx_word' id='word_1_496' title='bbox 1379 4460 1468 4513; x_wconf 85' lang='lat' dir='ltr'><strong>hic</strong></span> <span class='ocrx_word' id='word_1_497' title='bbox 1497 4460 1588 4529; x_wconf 89' lang='lat' dir='ltr'><strong>qui</strong></span> <span class='ocrx_word' id='word_1_498' title='bbox 1635 4461 1702 4514; x_wconf 90' lang='lat' dir='ltr'><strong>ab</strong></span> <span class='ocrx_word' id='word_1_499' title='bbox 1747 4460 1999 4515; x_wconf 87' lang='lat' dir='ltr'><strong>omnibus</strong></span> 
     </span>
    </p>
   </div>
   <div class='ocr_carea' id='block_1_75' title="bbox 2103 3303 3705 3378">
    <p class='ocr_par' dir='ltr' id='par_1_75' title="bbox 2103 3303 3705 3378">
     <span class='ocr_line' id='line_1_75' title="bbox 2103 3303 3705 3378; baseline -0.004 -19"><span class='ocrx_word' id='word_1_500' title='bbox 2103 3308 2330 3378; x_wconf 71' lang='grc' dir='ltr'><em>κύνησιν</em></span> <span class='ocrx_word' id='word_1_501' title='bbox 2363 3307 2456 3360; x_wconf 77' lang='grc' dir='ltr'><em>τοῦ</em></span> <span class='ocrx_word' id='word_1_502' title='bbox 2503 3307 2786 3362; x_wconf 83' lang='grc' dir='ltr'><strong>συνδούλου</strong></span> <span class='ocrx_word' id='word_1_503' title='bbox 2827 3306 2887 3359; x_wconf 83' lang='grc' dir='ltr'>οὐ</span> <span class='ocrx_word' id='word_1_504' title='bbox 2944 3309 3282 3374; x_wconf 82' lang='grc' dir='ltr'><em>προσήκατο,</em></span> <span class='ocrx_word' id='word_1_505' title='bbox 3328 3303 3454 3357; x_wconf 80' lang='grc' dir='ltr'><em>ἀλλ’</em></span> <span class='ocrx_word' id='word_1_506' title='bbox 3486 3303 3705 3370; x_wconf 78' lang='grc' dir='ltr'><em>εὐγνω-</em></span> 
     </span>
    </p>
   </div>
   <div class='ocr_carea' id='block_1_76' title="bbox 2107 3392 3601 3468">
    <p class='ocr_par' dir='ltr' id='par_1_76' title="bbox 2107 3392 3601 3468">
     <span class='ocr_line' id='line_1_76' title="bbox 2107 3392 3601 3468; baseline -0.003 -19"><span class='ocrx_word' id='word_1_507' title='bbox 2107 3395 2282 3467; x_wconf 73' lang='grc' dir='ltr'><em>μόνως</em></span> <span class='ocrx_word' id='word_1_508' title='bbox 2315 3397 2392 3467; x_wconf 81' lang='grc' dir='ltr'><em>τῷ</em></span> <span class='ocrx_word' id='word_1_509' title='bbox 2427 3395 2592 3467; x_wconf 85' lang='grc' dir='ltr'><em>κοινῴ</em></span> <span class='ocrx_word' id='word_1_510' title='bbox 2627 3395 2876 3468; x_wconf 80' lang='grc' dir='ltr'><em>Δεσπότῃ</em></span> <span class='ocrx_word' id='word_1_511' title='bbox 2909 3392 3162 3468; x_wconf 76' lang='grc' dir='ltr'><em>[ταύτηνι</em></span> <span class='ocrx_word' id='word_1_512' title='bbox 3197 3393 3601 3464; x_wconf 68' lang='grc' dir='ltr'><em>προσένειμεν.</em></span> 
     </span>
    </p>
   </div>
   <div class='ocr_carea' id='block_1_77' title="bbox 2704 3593 3121 3647">
    <p class='ocr_par' dir='ltr' id='par_1_77' title="bbox 2704 3593 3121 3647">
     <span class='ocr_line' id='line_1_77' title="bbox 2704 3593 3121 3647; baseline 0 0"><span class='ocrx_word' id='word_1_513' title='bbox 2704 3593 2956 3647; x_wconf 82' lang='grc' dir='ltr'><strong>ΚΕΦΑΛ.</strong></span> <span class='ocrx_word' id='word_1_514' title='bbox 2999 3593 3121 3647; x_wconf 60' lang='grc' dir='ltr'><em>θεν.</em></span> 
     </span>
    </p>
   </div>
   <div class='ocr_carea' id='block_1_78' title="bbox 2104 3706 3704 3776">
    <p class='ocr_par' dir='ltr' id='par_1_78' title="bbox 2104 3706 3704 3776">
     <span class='ocr_line' id='line_1_78' title="bbox 2104 3706 3704 3776; baseline -0.003 -14"><span class='ocrx_word' id='word_1_515' title='bbox 2104 3711 2300 3774; x_wconf 84' lang='grc' dir='ltr'><em>Ὅπως</em></span> <span class='ocrx_word' id='word_1_516' title='bbox 2344 3709 2677 3772; x_wconf 70' lang='grc' dir='ltr'><em>ἐκελεύσθη</em></span> <span class='ocrx_word' id='word_1_517' title='bbox 2716 3708 2803 3776; x_wconf 75' lang='grc' dir='ltr'><strong>μὴ</strong></span> <span class='ocrx_word' id='word_1_518' title='bbox 2845 3706 3387 3776; x_wconf 70' lang='grc' dir='ltr'><em>σφραγίσαι,ἀ.ἱλὰ</em></span> <span class='ocrx_word' id='word_1_519' title='bbox 3439 3706 3704 3774; x_wconf 70' lang='grc' dir='ltr'><em>κηρύξαι</em></span> 
     </span>
    </p>
   </div>
   <div class='ocr_carea' id='block_1_79' title="bbox 2611 3778 3193 3846">
    <p class='ocr_par' dir='ltr' id='par_1_79' title="bbox 2611 3778 3193 3846">
     <span class='ocr_line' id='line_1_79' title="bbox 2611 3778 3193 3846; baseline 0 -13"><span class='ocrx_word' id='word_1_520' title='bbox 2611 3779 2723 3846; x_wconf 73' lang='grc' dir='ltr'><em>τὴν</em></span> <span class='ocrx_word' id='word_1_521' title='bbox 2765 3778 3193 3846; x_wconf 71' lang='grc' dir='ltr'><em>Ἀποκά-λυψιν.</em></span> 
     </span>
    </p>
   </div>
   <div class='ocr_carea' id='block_1_80' title="bbox 2174 3905 3698 3978">
    <p class='ocr_par' dir='ltr' id='par_1_80' title="bbox 2174 3905 3698 3978">
     <span class='ocr_line' id='line_1_80' title="bbox 2174 3905 3698 3978; baseline -0.006 -12"><span class='ocrx_word' id='word_1_522' title='bbox 2174 3911 2282 3967; x_wconf 82' lang='lat' dir='ltr'><strong>Kal</strong></span> <span class='ocrx_word' id='word_1_523' title='bbox 2333 3911 2496 3978; x_wconf 82' lang='grc' dir='ltr'><em>λέγει</em></span> <span class='ocrx_word' id='word_1_524' title='bbox 2540 3923 2677 3977; x_wconf 81' lang='grc' dir='ltr'><em>μοι’</em></span> <span class='ocrx_word' id='word_1_525' title='bbox 2737 3907 2836 3976; x_wconf 82' lang='grc' dir='ltr'><strong>Μὴ</strong></span> <span class='ocrx_word' id='word_1_526' title='bbox 2878 3906 3224 3976; x_wconf 70' lang='grc' dir='ltr'><em>σφραγίσῃς</em></span> <span class='ocrx_word' id='word_1_527' title='bbox 3273 3905 3418 3972; x_wconf 85' lang='grc' dir='ltr'><em>τοὺς</em></span> <span class='ocrx_word' id='word_1_528' title='bbox 3474 3905 3698 3975; x_wconf 78' lang='grc' dir='ltr'><em>λόγους</em></span> 
     </span>
    </p>
   </div>
   <div class='ocr_carea' id='block_1_81' title="bbox 2103 3997 3697 4071">
    <p class='ocr_par' dir='ltr' id='par_1_81' title="bbox 2103 3997 3697 4071">
     <span class='ocr_line' id='line_1_81' title="bbox 2103 3997 3697 4071; baseline -0.005 -15"><span class='ocrx_word' id='word_1_529' title='bbox 2103 3999 2212 4071; x_wconf 85' lang='grc' dir='ltr'><em>τῆς</em></span> <span class='ocrx_word' id='word_1_530' title='bbox 2231 4002 2597 4071; x_wconf 66' lang='grc' dir='ltr'><em>προφητείας</em></span> <span class='ocrx_word' id='word_1_531' title='bbox 2626 4000 2734 4054; x_wconf 86' lang='grc' dir='ltr'><em>τοῦ</em></span> <span class='ocrx_word' id='word_1_532' title='bbox 2755 3999 3003 4064; x_wconf 75' lang='grc' dir='ltr'><em>βιϐλίου</em></span> <span class='ocrx_word' id='word_1_533' title='bbox 3033 3999 3280 4054; x_wconf 86' lang='grc' dir='ltr'><em>τούτου·</em></span> <span class='ocrx_word' id='word_1_534' title='bbox 3312 3997 3403 4053; x_wconf 86' lang='grc' dir='ltr'><em>ὅτι</em></span> <span class='ocrx_word' id='word_1_535' title='bbox 3431 4001 3468 4055; x_wconf 85' lang='grc' dir='ltr'><em>ό</em></span> <span class='ocrx_word' id='word_1_536' title='bbox 3493 3997 3697 4066; x_wconf 80' lang='grc' dir='ltr'><em>καιρὸς</em></span> 
     </span>
    </p>
   </div>
   <div class='ocr_carea' id='block_1_82' title="bbox 2103 4095 2501 4166">
    <p class='ocr_par' dir='ltr' id='par_1_82' title="bbox 2103 4095 2501 4166">
     <span class='ocr_line' id='line_1_82' title="bbox 2103 4095 2501 4166; baseline -0.005 -17"><span class='ocrx_word' id='word_1_537' title='bbox 2103 4095 2282 4166; x_wconf 73' lang='grc' dir='ltr'><em>ἐγγύς</em></span> <span class='ocrx_word' id='word_1_538' title='bbox 2309 4096 2501 4149; x_wconf 78' lang='grc' dir='ltr'><em>ἐστιν.</em></span> 
     </span>
    </p>
   </div>
   <div class='ocr_carea' id='block_1_83' title="bbox 2173 4185 3694 4257">
    <p class='ocr_par' dir='ltr' id='par_1_83' title="bbox 2173 4185 3694 4257">
     <span class='ocr_line' id='line_1_83' title="bbox 2173 4185 3694 4257; baseline -0.004 -16"><span class='ocrx_word' id='word_1_539' title='bbox 2173 4188 2355 4257; x_wconf 81' lang='grc' dir='ltr'><em>Μέχρι</em></span> <span class='ocrx_word' id='word_1_540' title='bbox 2385 4185 2497 4240; x_wconf 83' lang='grc' dir='ltr'><em>τῶν</em></span> <span class='ocrx_word' id='word_1_541' title='bbox 2538 4186 2773 4239; x_wconf 75' lang='grc' dir='ltr'><em>ἐνταῦθα</em></span> <span class='ocrx_word' id='word_1_542' title='bbox 2810 4185 2910 4248; x_wconf 78' lang='grc' dir='ltr'><strong>τὰς</strong></span> <span class='ocrx_word' id='word_1_543' title='bbox 2947 4185 3245 4254; x_wconf 75' lang='grc' dir='ltr'><em>ἀγγελικὰς</em></span> <span class='ocrx_word' id='word_1_544' title='bbox 3292 4185 3486 4255; x_wconf 78' lang='grc' dir='ltr'><em>ῥήσεις</em></span> <span class='ocrx_word' id='word_1_545' title='bbox 3517 4200 3694 4252; x_wconf 87' lang='grc' dir='ltr'><em>παρα-</em></span> 
     </span>
    </p>
   </div>
   <div class='ocr_carea' id='block_1_84' title="bbox 2103 4269 3689 4346">
    <p class='ocr_par' dir='ltr' id='par_1_84' title="bbox 2103 4269 3689 4346">
     <span class='ocr_line' id='line_1_84' title="bbox 2103 4269 3689 4346; baseline -0.006 -14"><span class='ocrx_word' id='word_1_546' title='bbox 2103 4277 2365 4346; x_wconf 83' lang='grc' dir='ltr'><em>θέμενος.</em></span> <span class='ocrx_word' id='word_1_547' title='bbox 2412 4277 2492 4339; x_wconf 74' lang='grc' dir='ltr'><strong>εἰς</strong></span> <span class='ocrx_word' id='word_1_548' title='bbox 2537 4275 2596 4328; x_wconf 75' lang='grc' dir='ltr'><em>τὸ</em></span> <span class='ocrx_word' id='word_1_549' title='bbox 2650 4275 2980 4328; x_wconf 82' lang='grc' dir='ltr'><em>Δεσποτικὸν</em></span> <span class='ocrx_word' id='word_1_550' title='bbox 3027 4273 3283 4327; x_wconf 74' lang='grc' dir='ltr'><em>ἐντεῦθεν</em></span> <span class='ocrx_word' id='word_1_551' title='bbox 3333 4273 3548 4344; x_wconf 77' lang='grc' dir='ltr'><em>μέτεισι</em></span> <span class='ocrx_word' id='word_1_552' title='bbox 3597 4269 3689 4324; x_wconf 85' lang='grc' dir='ltr'><strong>τοῦ</strong></span> 
     </span>
    </p>
   </div>
   <div class='ocr_carea' id='block_1_85' title="bbox 2104 4366 3689 4443">
    <p class='ocr_par' dir='ltr' id='par_1_85' title="bbox 2104 4366 3689 4443">
     <span class='ocr_line' id='line_1_85' title="bbox 2104 4366 3689 4443; baseline -0.005 -17"><span class='ocrx_word' id='word_1_553' title='bbox 2104 4367 2341 4443; x_wconf 83' lang='grc' dir='ltr'><em>Χριστοῦ</em></span> <span class='ocrx_word' id='word_1_554' title='bbox 2371 4370 2685 4440; x_wconf 84' lang='grc' dir='ltr'><em>πρόσωπον,</em></span> <span class='ocrx_word' id='word_1_555' title='bbox 2704 4369 2902 4438; x_wconf 78' lang='grc' dir='ltr'><em>λέγων’</em></span> <span class='ocrx_word' id='word_1_556' title='bbox 2923 4367 3020 4437; x_wconf 81' lang='grc' dir='ltr'><strong>Μὴ</strong></span> <span class='ocrx_word' id='word_1_557' title='bbox 3047 4367 3395 4437; x_wconf 68' lang='grc' dir='ltr'><em>σφραγίσῃς</em></span> <span class='ocrx_word' id='word_1_558' title='bbox 3422 4367 3569 4432; x_wconf 79' lang='grc' dir='ltr'><em>τοὺς</em></span> <span class='ocrx_word' id='word_1_559' title='bbox 3590 4366 3689 4419; x_wconf 82' lang='grc' dir='ltr'><strong>λό-</strong></span> 
     </span>
    </p>
   </div>
   <div class='ocr_carea' id='block_1_86' title="bbox 2104 4457 3684 4534">
    <p class='ocr_par' dir='ltr' id='par_1_86' title="bbox 2104 4457 3684 4534">
     <span class='ocr_line' id='line_1_86' title="bbox 2104 4457 3684 4534; baseline 0.003 -21"><span class='ocrx_word' id='word_1_560' title='bbox 2104 4482 2248 4534; x_wconf 74' lang='grc' dir='ltr'><em>γους</em></span> <span class='ocrx_word' id='word_1_561' title='bbox 2277 4461 2388 4528; x_wconf 83' lang='grc' dir='ltr'><strong>τῆς</strong></span> <span class='ocrx_word' id='word_1_562' title='bbox 2425 4461 2809 4530; x_wconf 75' lang='grc' dir='ltr'><em>προφητείας.</em></span> <span class='ocrx_word' id='word_1_563' title='bbox 2845 4460 2957 4514; x_wconf 78' lang='grc' dir='ltr'><strong>Καὶ</strong></span> <span class='ocrx_word' id='word_1_564' title='bbox 2980 4461 3091 4531; x_wconf 79' lang='grc' dir='ltr'><em>γὰρ</em></span> <span class='ocrx_word' id='word_1_565' title='bbox 3139 4459 3266 4527; x_wconf 83' lang='grc' dir='ltr'><em>ἀξία</em></span> <span class='ocrx_word' id='word_1_566' title='bbox 3301 4460 3333 4530; x_wconf 76' lang='grc' dir='ltr'><strong>ἡ</strong></span> <span class='ocrx_word' id='word_1_567' title='bbox 3366 4458 3552 4529; x_wconf 74' lang='grc' dir='ltr'><em>βίϐλος</em></span> <span class='ocrx_word' id='word_1_568' title='bbox 3591 4457 3684 4526; x_wconf 82' lang='grc' dir='ltr'><strong>τῆς</strong></span> 
     </span>
    </p>
   </div>
   <div class='ocr_carea' id='block_1_87' title="bbox 414 4545 1997 4626">
    <p class='ocr_par' dir='ltr' id='par_1_87' title="bbox 414 4549 1990 4622">
     <span class='ocr_line' id='line_1_87' title="bbox 414 4549 1990 4622; baseline 0.002 -19"><span class='ocrx_word' id='word_1_569' title='bbox 414 4549 668 4606; x_wconf 82' lang='lat' dir='ltr'><strong>ﬁdelibus</strong></span> <span class='ocrx_word' id='word_1_570' title='bbox 721 4551 930 4618; x_wconf 78' lang='lat' dir='ltr'><strong>legatur</strong></span> <span class='ocrx_word' id='word_1_571' title='bbox 972 4549 1170 4620; x_wconf 73' lang='lat' dir='ltr'><strong>dignus</strong></span> <span class='ocrx_word' id='word_1_572' title='bbox 1219 4551 1310 4606; x_wconf 88' lang='lat' dir='ltr'><strong>sit.</strong></span> <span class='ocrx_word' id='word_1_573' title='bbox 1356 4551 1490 4606; x_wconf 85' lang='lat' dir='ltr'><strong>Nam</strong></span> <span class='ocrx_word' id='word_1_574' title='bbox 1559 4569 1652 4620; x_wconf 80' lang='lat' dir='ltr'><strong>per</strong></span> <span class='ocrx_word' id='word_1_575' title='bbox 1701 4553 1990 4622; x_wconf 85' lang='lat' dir='ltr'><strong>supplicia,</strong></span> 
     </span>
    </p>
   </div>
   <div class='ocr_carea' id='block_1_88' title="bbox 2105 4545 3682 4626">
    <p class='ocr_par' dir='ltr' id='par_1_88' title="bbox 2105 4550 3682 4626">
     <span class='ocr_line' id='line_1_88' title="bbox 2105 4550 3682 4626; baseline -0.005 -18"><span class='ocrx_word' id='word_1_576' title='bbox 2105 4555 2252 4626; x_wconf 74' lang='grc' dir='ltr'><em>παρὰ</em></span> <span class='ocrx_word' id='word_1_577' title='bbox 2278 4553 2388 4607; x_wconf 86' lang='grc' dir='ltr'><em>τῶν</em></span> <span class='ocrx_word' id='word_1_578' title='bbox 2416 4553 2622 4606; x_wconf 75' lang='grc' dir='ltr'><em>πιστῶν</em></span> <span class='ocrx_word' id='word_1_579' title='bbox 2647 4551 3031 4621; x_wconf 84' lang='grc' dir='ltr'><em>ἀναγνώσεως.</em></span> <span class='ocrx_word' id='word_1_580' title='bbox 3057 4551 3156 4605; x_wconf 84' lang='grc' dir='ltr'><strong>Διά</strong></span> <span class='ocrx_word' id='word_1_581' title='bbox 3178 4567 3238 4603; x_wconf 78' lang='grc' dir='ltr'><strong>τε</strong></span> <span class='ocrx_word' id='word_1_582' title='bbox 3269 4550 3379 4622; x_wconf 68' lang='grc' dir='ltr'><em>γὰρ</em></span> <span class='ocrx_word' id='word_1_583' title='bbox 3404 4551 3505 4622; x_wconf 84' lang='grc' dir='ltr'><strong>τῆς</strong></span> <span class='ocrx_word' id='word_1_584' title='bbox 3539 4551 3682 4620; x_wconf 79' lang='grc' dir='ltr'><em>ἡτοι-</em></span> 
     </span>
    </p>
   </div>
   <div class='ocr_carea' id='block_1_89' title="bbox 413 4643 1998 4714">
    <p class='ocr_par' dir='ltr' id='par_1_89' title="bbox 413 4643 1998 4714">
     <span class='ocr_line' id='line_1_89' title="bbox 413 4643 1998 4714; baseline 0.002 -19"><span class='ocrx_word' id='word_1_585' title='bbox 413 4657 537 4710; x_wconf 68' lang='lat' dir='ltr'><strong>quae</strong></span> <span class='ocrx_word' id='word_1_586' title='bbox 589 4643 973 4711; x_wconf 84' lang='lat' dir='ltr'><strong>peccatoribus</strong></span> <span class='ocrx_word' id='word_1_587' title='bbox 1022 4643 1431 4707; x_wconf 86' lang='lat' dir='ltr'><strong>comminatur,</strong></span> <span class='ocrx_word' id='word_1_588' title='bbox 1475 4654 1529 4697; x_wconf 89' lang='lat' dir='ltr'><strong>et</strong></span> <span class='ocrx_word' id='word_1_589' title='bbox 1575 4645 1835 4713; x_wconf 86' lang='lat' dir='ltr'><strong>quietem,</strong></span> <span class='ocrx_word' id='word_1_590' title='bbox 1878 4661 1998 4714; x_wconf 76' lang='lat' dir='ltr'><strong>qua:</strong></span> 
     </span>
    </p>
   </div>
   <div class='ocr_carea' id='block_1_90' title="bbox 416 4732 1994 4802">
    <p class='ocr_par' dir='ltr' id='par_1_90' title="bbox 416 4732 1994 4802">
     <span class='ocr_line' id='line_1_90' title="bbox 416 4732 1994 4802; baseline 0 -15"><span class='ocrx_word' id='word_1_591' title='bbox 416 4734 625 4787; x_wconf 87' lang='lat' dir='ltr'><strong>sanctis</strong></span> <span class='ocrx_word' id='word_1_592' title='bbox 656 4733 743 4786; x_wconf 91' lang='lat' dir='ltr'><strong>hic</strong></span> <span class='ocrx_word' id='word_1_593' title='bbox 778 4734 1136 4802; x_wconf 89' lang='lat' dir='ltr'><strong>promittitur,</strong></span> <span class='ocrx_word' id='word_1_594' title='bbox 1174 4732 1470 4789; x_wconf 85' lang='lat' dir='ltr'><strong>lectoribus</strong></span> <span class='ocrx_word' id='word_1_595' title='bbox 1514 4735 1579 4788; x_wconf 90' lang='lat' dir='ltr'><strong>ad</strong></span> <span class='ocrx_word' id='word_1_596' title='bbox 1619 4750 1798 4788; x_wconf 85' lang='lat' dir='ltr'><strong>veram</strong></span> <span class='ocrx_word' id='word_1_597' title='bbox 1852 4734 1994 4788; x_wconf 85' lang='lat' dir='ltr'><strong>illam</strong></span> 
     </span>
    </p>
   </div>
   <div class='ocr_carea' id='block_1_91' title="bbox 414 4827 1065 4880">
    <p class='ocr_par' dir='ltr' id='par_1_91' title="bbox 414 4827 1065 4880">
     <span class='ocr_line' id='line_1_91' title="bbox 414 4827 1065 4880; baseline 0 -2"><span class='ocrx_word' id='word_1_598' title='bbox 414 4828 579 4878; x_wconf 86' lang='lat' dir='ltr'><strong>vitam</strong></span> <span class='ocrx_word' id='word_1_599' title='bbox 622 4827 767 4879; x_wconf 90' lang='lat' dir='ltr'><strong>viam</strong></span> <span class='ocrx_word' id='word_1_600' title='bbox 806 4827 1065 4880; x_wconf 86' lang='lat' dir='ltr'><strong>ostendit.</strong></span> 
     </span>
    </p>
   </div>
   <div class='ocr_carea' id='block_1_92' title="bbox 484 4916 1996 4990">
    <p class='ocr_par' dir='ltr' id='par_1_92' title="bbox 484 4916 1996 4990">
     <span class='ocr_line' id='line_1_92' title="bbox 484 4916 1996 4990; baseline 0.001 -16"><span class='ocrx_word' id='word_1_601' title='bbox 484 4916 647 4983; x_wconf 83' lang='lat' dir='ltr'><strong>XXII,</strong></span> <span class='ocrx_word' id='word_1_602' title='bbox 691 4918 778 4986; x_wconf 76' lang='lat' dir='ltr'><strong>il,</strong></span> <span class='ocrx_word' id='word_1_603' title='bbox 831 4919 916 4974; x_wconf 79' lang='lat' dir='ltr'><strong>I2.</strong></span> <span class='ocrx_word' id='word_1_604' title='bbox 965 4918 1071 4986; x_wconf 84' lang='lat' dir='ltr'><strong>Qui</strong></span> <span class='ocrx_word' id='word_1_605' title='bbox 1129 4929 1295 4979; x_wconf 84' lang='lat' dir='ltr'><strong>nocet,</strong></span> <span class='ocrx_word' id='word_1_606' title='bbox 1351 4928 1532 4972; x_wconf 61' lang='lat' dir='ltr'><strong>noceat</strong></span> <span class='ocrx_word' id='word_1_607' title='bbox 1574 4919 1780 4982; x_wconf 80' lang='lat' dir='ltr'><strong>adhuc;</strong></span> <span class='ocrx_word' id='word_1_608' title='bbox 1825 4931 1874 4975; x_wconf 90' lang='lat' dir='ltr'><strong>et</strong></span> <span class='ocrx_word' id='word_1_609' title='bbox 1905 4921 1996 4990; x_wconf 84' lang='lat' dir='ltr'><strong>qui</strong></span> 
     </span>
    </p>
   </div>
   <div class='ocr_carea' id='block_1_93' title="bbox 411 5010 1995 5082">
    <p class='ocr_par' dir='ltr' id='par_1_93' title="bbox 411 5010 1995 5082">
     <span class='ocr_line' id='line_1_93' title="bbox 411 5010 1995 5082; baseline 0.001 -18"><span class='ocrx_word' id='word_1_610' title='bbox 411 5010 658 5064; x_wconf 85' lang='lat' dir='ltr'><strong>sordidus</strong></span> <span class='ocrx_word' id='word_1_611' title='bbox 687 5018 785 5076; x_wconf 86' lang='lat' dir='ltr'><strong>est,</strong></span> <span class='ocrx_word' id='word_1_612' title='bbox 831 5011 1098 5065; x_wconf 86' lang='lat' dir='ltr'><strong>sordescat</strong></span> <span class='ocrx_word' id='word_1_613' title='bbox 1131 5010 1336 5073; x_wconf 79' lang='lat' dir='ltr'><strong>adhuc;</strong></span> <span class='ocrx_word' id='word_1_614' title='bbox 1379 5019 1428 5063; x_wconf 87' lang='lat' dir='ltr'><strong>et</strong></span> <span class='ocrx_word' id='word_1_615' title='bbox 1453 5012 1542 5080; x_wconf 85' lang='lat' dir='ltr'><strong>qui</strong></span> <span class='ocrx_word' id='word_1_616' title='bbox 1563 5011 1743 5078; x_wconf 80' lang='lat' dir='ltr'><strong>justus</strong></span> <span class='ocrx_word' id='word_1_617' title='bbox 1770 5023 1862 5075; x_wconf 84' lang='lat' dir='ltr'><strong>est,</strong></span> <span class='ocrx_word' id='word_1_618' title='bbox 1897 5013 1995 5082; x_wconf 87' lang='lat' dir='ltr'><strong>ju-</strong></span> 
     </span>
    </p>
   </div>
   <div class='ocr_carea' id='block_1_94' title="bbox 411 5102 1991 5171">
    <p class='ocr_par' dir='ltr' id='par_1_94' title="bbox 411 5102 1991 5171">
     <span class='ocr_line' id='line_1_94' title="bbox 411 5102 1991 5171; baseline 0.003 -15"><span class='ocrx_word' id='word_1_619' title='bbox 411 5102 674 5169; x_wconf 75' lang='lat' dir='ltr'><strong>sti/iretur</strong></span> <span class='ocrx_word' id='word_1_620' title='bbox 728 5103 937 5168; x_wconf 85' lang='lat' dir='ltr'><strong>adhuc;</strong></span> <span class='ocrx_word' id='word_1_621' title='bbox 1005 5112 1053 5156; x_wconf 85' lang='lat' dir='ltr'><strong>et</strong></span> <span class='ocrx_word' id='word_1_622' title='bbox 1121 5111 1336 5156; x_wconf 87' lang='lat' dir='ltr'><strong>sanctus</strong></span> <span class='ocrx_word' id='word_1_623' title='bbox 1392 5103 1755 5171; x_wconf 78' lang='lat' dir='ltr'><strong>sancti/iretur</strong></span> <span class='ocrx_word' id='word_1_624' title='bbox 1799 5105 1991 5161; x_wconf 83' lang='lat' dir='ltr'><strong>adhuc.</strong></span> 
     </span>
    </p>
   </div>
   <div class='ocr_carea' id='block_1_95' title="bbox 414 5193 1994 5262">
    <p class='ocr_par' dir='ltr' id='par_1_95' title="bbox 414 5193 1994 5262">
     <span class='ocr_line' id='line_1_95' title="bbox 414 5193 1994 5262; baseline 0.004 -15"><span class='ocrx_word' id='word_1_625' title='bbox 414 5193 547 5249; x_wconf 74' lang='lat' dir='ltr'><strong>Ecce</strong></span> <span class='ocrx_word' id='word_1_626' title='bbox 583 5198 730 5250; x_wconf 84' lang='lat' dir='ltr'><strong>venio</strong></span> <span class='ocrx_word' id='word_1_627' title='bbox 761 5198 887 5261; x_wconf 87' lang='lat' dir='ltr'><strong>cito,</strong></span> <span class='ocrx_word' id='word_1_628' title='bbox 912 5204 961 5251; x_wconf 89' lang='lat' dir='ltr'><strong>et</strong></span> <span class='ocrx_word' id='word_1_629' title='bbox 988 5212 1181 5251; x_wconf 86' lang='lat' dir='ltr'><strong>merces</strong></span> <span class='ocrx_word' id='word_1_630' title='bbox 1201 5213 1312 5248; x_wconf 84' lang='lat' dir='ltr'><strong>mea</strong></span> <span class='ocrx_word' id='word_1_631' title='bbox 1342 5212 1540 5249; x_wconf 70' lang='lat' dir='ltr'><strong>nierum</strong></span> <span class='ocrx_word' id='word_1_632' title='bbox 1569 5207 1666 5262; x_wconf 86' lang='lat' dir='ltr'><strong>est,</strong></span> <span class='ocrx_word' id='word_1_633' title='bbox 1696 5207 1751 5251; x_wconf 87' lang='lat' dir='ltr'><strong>ut</strong></span> <span class='ocrx_word' id='word_1_634' title='bbox 1777 5199 1994 5253; x_wconf 83' lang='lat' dir='ltr'><strong>reddam</strong></span> 
     </span>
    </p>
   </div>
   <div class='ocr_carea' id='block_1_96' title="bbox 413 5287 1359 5360">
    <p class='ocr_par' dir='ltr' id='par_1_96' title="bbox 413 5287 1359 5360">
     <span class='ocr_line' id='line_1_96' title="bbox 413 5287 1359 5360; baseline 0.004 -21"><span class='ocrx_word' id='word_1_635' title='bbox 413 5287 691 5357; x_wconf 85' lang='lat' dir='ltr'><strong>unicuique</strong></span> <span class='ocrx_word' id='word_1_636' title='bbox 724 5290 1012 5343; x_wconf 84' lang='lat' dir='ltr'><strong>secundum</strong></span> <span class='ocrx_word' id='word_1_637' title='bbox 1051 5306 1210 5360; x_wconf 87' lang='lat' dir='ltr'><strong>opera</strong></span> <span class='ocrx_word' id='word_1_638' title='bbox 1240 5307 1359 5343; x_wconf 83' lang='lat' dir='ltr'><strong>sua.</strong></span> 
     </span>
    </p>
   </div>
   <div class='ocr_carea' id='block_1_97' title="bbox 483 5379 1994 5452">
    <p class='ocr_par' dir='ltr' id='par_1_97' title="bbox 483 5379 1994 5452">
     <span class='ocr_line' id='line_1_97' title="bbox 483 5379 1994 5452; baseline 0 -16"><span class='ocrx_word' id='word_1_639' title='bbox 483 5379 600 5436; x_wconf 86' lang='lat' dir='ltr'><strong>Non</strong></span> <span class='ocrx_word' id='word_1_640' title='bbox 631 5380 936 5436; x_wconf 82' lang='lat' dir='ltr'><strong>all&#39;eruntur</strong></span> <span class='ocrx_word' id='word_1_641' title='bbox 968 5380 1158 5437; x_wconf 76' lang='lat' dir='ltr'><strong>isthaec</strong></span> <span class='ocrx_word' id='word_1_642' title='bbox 1193 5381 1294 5436; x_wconf 92' lang='lat' dir='ltr'><strong>hoc</strong></span> <span class='ocrx_word' id='word_1_643' title='bbox 1325 5382 1443 5435; x_wconf 87' lang='lat' dir='ltr'><strong>loco</strong></span> <span class='ocrx_word' id='word_1_644' title='bbox 1473 5382 1630 5452; x_wconf 88' lang='lat' dir='ltr'><strong>quasi</strong></span> <span class='ocrx_word' id='word_1_645' title='bbox 1677 5383 1742 5436; x_wconf 88' lang='lat' dir='ltr'><strong>ad</strong></span> <span class='ocrx_word' id='word_1_646' title='bbox 1771 5381 1994 5450; x_wconf 75' lang='lat' dir='ltr'><strong>injusti-</strong></span> 
     </span>
    </p>
   </div>
   <div class='ocr_carea' id='block_1_98' title="bbox 415 5473 1993 5542">
    <p class='ocr_par' dir='ltr' id='par_1_98' title="bbox 415 5473 1993 5542">
     <span class='ocr_line' id='line_1_98' title="bbox 415 5473 1993 5542; baseline 0 -16"><span class='ocrx_word' id='word_1_647' title='bbox 415 5473 544 5527; x_wconf 84' lang='lat' dir='ltr'><strong>tiant</strong></span> <span class='ocrx_word' id='word_1_648' title='bbox 605 5483 701 5527; x_wconf 88' lang='lat' dir='ltr'><strong>aut</strong></span> <span class='ocrx_word' id='word_1_649' title='bbox 772 5474 1182 5529; x_wconf 88' lang='lat' dir='ltr'><strong>immunditiam</strong></span> <span class='ocrx_word' id='word_1_650' title='bbox 1247 5473 1482 5542; x_wconf 87' lang='lat' dir='ltr'><strong>aliquem</strong></span> <span class='ocrx_word' id='word_1_651' title='bbox 1549 5474 1777 5528; x_wconf 83' lang='lat' dir='ltr'><strong>incitare</strong></span> <span class='ocrx_word' id='word_1_652' title='bbox 1827 5476 1993 5541; x_wconf 81' lang='lat' dir='ltr'><strong>velit;</strong></span> 
     </span>
    </p>
   </div>
   <div class='ocr_carea' id='block_1_99' title="bbox 415 5565 1993 5628">
    <p class='ocr_par' dir='ltr' id='par_1_99' title="bbox 415 5565 1993 5628">
     <span class='ocr_line' id='line_1_99' title="bbox 415 5565 1993 5628; baseline 0.003 -12"><span class='ocrx_word' id='word_1_653' title='bbox 415 5565 596 5628; x_wconf 81' lang='lat' dir='ltr'><strong>absit;</strong></span> <span class='ocrx_word' id='word_1_654' title='bbox 641 5581 829 5619; x_wconf 87' lang='lat' dir='ltr'><strong>verum</strong></span> <span class='ocrx_word' id='word_1_655' title='bbox 884 5574 944 5619; x_wconf 89' lang='lat' dir='ltr'><strong>ut</strong></span> <span class='ocrx_word' id='word_1_656' title='bbox 973 5567 1227 5620; x_wconf 84' lang='lat' dir='ltr'><strong>ostendat</strong></span> <span class='ocrx_word' id='word_1_657' title='bbox 1272 5581 1334 5620; x_wconf 86' lang='lat' dir='ltr'><strong>se</strong></span> <span class='ocrx_word' id='word_1_658' title='bbox 1371 5565 1608 5620; x_wconf 86' lang='lat' dir='ltr'><strong>hominis</strong></span> <span class='ocrx_word' id='word_1_659' title='bbox 1654 5567 1993 5620; x_wconf 87' lang='lat' dir='ltr'><strong>voluntatem</strong></span> 
     </span>
    </p>
   </div>
   <div class='ocr_carea' id='block_1_100' title="bbox 415 5653 1997 5719">
    <p class='ocr_par' dir='ltr' id='par_1_100' title="bbox 415 5653 1997 5719">
     <span class='ocr_line' id='line_1_100' title="bbox 415 5653 1997 5719; baseline 0.007 -13"><span class='ocrx_word' id='word_1_660' title='bbox 415 5653 642 5710; x_wconf 86' lang='lat' dir='ltr'><strong>liberam</strong></span> <span class='ocrx_word' id='word_1_661' title='bbox 671 5657 818 5711; x_wconf 87' lang='lat' dir='ltr'><strong>etab</strong></span> <span class='ocrx_word' id='word_1_662' title='bbox 838 5659 988 5714; x_wconf 83' lang='lat' dir='ltr'><strong>omni</strong></span> <span class='ocrx_word' id='word_1_663' title='bbox 1020 5660 1303 5716; x_wconf 89' lang='lat' dir='ltr'><strong>coactionc</strong></span> <span class='ocrx_word' id='word_1_664' title='bbox 1333 5661 1632 5715; x_wconf 89' lang='lat' dir='ltr'><strong>itnmunem</strong></span> <span class='ocrx_word' id='word_1_665' title='bbox 1663 5676 1997 5719; x_wconf 84' lang='lat' dir='ltr'><strong>conservare</strong></span> 
     </span>
    </p>
   </div>
   <div class='ocr_carea' id='block_1_101' title="bbox 2102 4640 3681 4717">
    <p class='ocr_par' dir='ltr' id='par_1_101' title="bbox 2102 4640 3681 4717">
     <span class='ocr_line' id='line_1_101' title="bbox 2102 4640 3681 4717; baseline -0.005 -17"><span class='ocrx_word' id='word_1_666' title='bbox 2102 4647 2386 4717; x_wconf 75' lang='grc' dir='ltr'><em>μασμένης</em></span> <span class='ocrx_word' id='word_1_667' title='bbox 2437 4648 2555 4708; x_wconf 79' lang='grc' dir='ltr'><strong>τοῖς</strong></span> <span class='ocrx_word' id='word_1_668' title='bbox 2601 4644 2949 4714; x_wconf 78' lang='grc' dir='ltr'><em>ἁμαρτωλοῖς</em></span> <span class='ocrx_word' id='word_1_669' title='bbox 2994 4642 3308 4706; x_wconf 80' lang='grc' dir='ltr'><strong>κολάσεως,</strong></span> <span class='ocrx_word' id='word_1_670' title='bbox 3347 4642 3440 4695; x_wconf 77' lang='grc' dir='ltr'><strong>διὰ</strong></span> <span class='ocrx_word' id='word_1_671' title='bbox 3485 4659 3547 4694; x_wconf 87' lang='grc' dir='ltr'><strong>τε</strong></span> <span class='ocrx_word' id='word_1_672' title='bbox 3588 4640 3681 4707; x_wconf 83' lang='grc' dir='ltr'><strong>τῆς</strong></span> 
     </span>
    </p>
   </div>
   <div class='ocr_carea' id='block_1_102' title="bbox 2097 4731 3679 4812">
    <p class='ocr_par' dir='ltr' id='par_1_102' title="bbox 2097 4731 3679 4812">
     <span class='ocr_line' id='line_1_102' title="bbox 2097 4731 3679 4812; baseline -0.008 -17"><span class='ocrx_word' id='word_1_673' title='bbox 2097 4739 2514 4812; x_wconf 63' lang='grc' dir='ltr'><em>ἐπηγγελμένης</em></span> <span class='ocrx_word' id='word_1_674' title='bbox 2545 4741 2658 4800; x_wconf 83' lang='grc' dir='ltr'><em>τοῖς</em></span> <span class='ocrx_word' id='word_1_675' title='bbox 2686 4736 2862 4804; x_wconf 79' lang='grc' dir='ltr'><em>ἁγίοις</em></span> <span class='ocrx_word' id='word_1_676' title='bbox 2897 4734 3284 4800; x_wconf 79' lang='grc' dir='ltr'><em>ἀναπαύσεως,</em></span> <span class='ocrx_word' id='word_1_677' title='bbox 3320 4734 3510 4805; x_wconf 71' lang='grc' dir='ltr'><em>ὁδηγεῖ</em></span> <span class='ocrx_word' id='word_1_678' title='bbox 3548 4731 3679 4802; x_wconf 75' lang='grc' dir='ltr'><em>πρὸς</em></span> 
     </span>
    </p>
   </div>
   <div class='ocr_carea' id='block_1_103' title="bbox 2094 4829 3220 4902">
    <p class='ocr_par' dir='ltr' id='par_1_103' title="bbox 2094 4829 3220 4902">
     <span class='ocr_line' id='line_1_103' title="bbox 2094 4829 3220 4902; baseline -0.006 -15"><span class='ocrx_word' id='word_1_679' title='bbox 2094 4833 2194 4902; x_wconf 83' lang='grc' dir='ltr'><em>τὴν</em></span> <span class='ocrx_word' id='word_1_680' title='bbox 2228 4833 2396 4895; x_wconf 76' lang='grc' dir='ltr'><em>ὅντως</em></span> <span class='ocrx_word' id='word_1_681' title='bbox 2427 4830 2574 4902; x_wconf 75' lang='grc' dir='ltr'><em>ζωὴν</em></span> <span class='ocrx_word' id='word_1_682' title='bbox 2603 4831 2732 4892; x_wconf 69' lang='grc' dir='ltr'><strong>τοὺς</strong></span> <span class='ocrx_word' id='word_1_683' title='bbox 2767 4829 3220 4897; x_wconf 75' lang='grc' dir='ltr'><em>ἐντυγχάνοντας.</em></span> 
     </span>
    </p>
   </div>
   <div class='ocr_carea' id='block_1_104' title="bbox 2177 4916 3674 4990">
    <p class='ocr_par' dir='ltr' id='par_1_104' title="bbox 2177 4916 3674 4990">
     <span class='ocr_line' id='line_1_104' title="bbox 2177 4916 3674 4990; baseline -0.005 -12"><span class='ocrx_word' id='word_1_684' title='bbox 2177 4925 2232 4978; x_wconf 91' lang='grc' dir='ltr'><strong><em>Ὁ</em></strong></span> <span class='ocrx_word' id='word_1_685' title='bbox 2259 4923 2480 4980; x_wconf 77' lang='grc' dir='ltr'><em>ἀδικῶν</em></span> <span class='ocrx_word' id='word_1_686' title='bbox 2507 4921 2852 4990; x_wconf 83' lang='grc' dir='ltr'><em>ἀδικησάτω</em></span> <span class='ocrx_word' id='word_1_687' title='bbox 2879 4922 2968 4974; x_wconf 75' lang='grc' dir='ltr'><em>ἔτι</em></span> <span class='ocrx_word' id='word_1_688' title='bbox 2994 4937 3008 4952; x_wconf 80' lang='grc'><em>’</em></span> <span class='ocrx_word' id='word_1_689' title='bbox 3066 4921 3165 4974; x_wconf 78' lang='grc' dir='ltr'><em>καὶ</em></span> <span class='ocrx_word' id='word_1_690' title='bbox 3215 4920 3250 4974; x_wconf 82' lang='grc' dir='ltr'><em>ὁ</em></span> <span class='ocrx_word' id='word_1_691' title='bbox 3278 4921 3549 4988; x_wconf 80' lang='grc' dir='ltr'><em>ῥυπαρὸς</em></span> <span class='ocrx_word' id='word_1_692' title='bbox 3571 4916 3674 4985; x_wconf 67' lang='lat' dir='ltr'><strong>pv-</strong></span> 
     </span>
    </p>
   </div>
   <div class='ocr_carea' id='block_1_105' title="bbox 2103 5012 3675 5089">
    <p class='ocr_par' dir='ltr' id='par_1_105' title="bbox 2103 5012 3675 5089">
     <span class='ocr_line' id='line_1_105' title="bbox 2103 5012 3675 5089; baseline -0.006 -16"><span class='ocrx_word' id='word_1_693' title='bbox 2103 5018 2454 5089; x_wconf 75' lang='grc' dir='ltr'><em>παρευθήτω</em></span> <span class='ocrx_word' id='word_1_694' title='bbox 2505 5016 2628 5069; x_wconf 78' lang='grc' dir='ltr'><em>ἐτιο</em></span> <span class='ocrx_word' id='word_1_695' title='bbox 2680 5014 2820 5085; x_wconf 80' lang='grc' dir='ltr'><em>[καὶ</em></span> <span class='ocrx_word' id='word_1_696' title='bbox 2873 5017 2906 5068; x_wconf 82' lang='grc' dir='ltr'><em>ὁ</em></span> <span class='ocrx_word' id='word_1_697' title='bbox 2976 5013 3210 5080; x_wconf 81' lang='grc' dir='ltr'><em>δίκαιος</em></span> <span class='ocrx_word' id='word_1_698' title='bbox 3281 5012 3675 5074; x_wconf 80' lang='grc' dir='ltr'><em>δικαιοσύνην</em></span> 
     </span>
    </p>
   </div>
   <div class='ocr_carea' id='block_1_106' title="bbox 2103 5096 3667 5177">
    <p class='ocr_par' dir='ltr' id='par_1_106' title="bbox 2103 5096 3667 5177">
     <span class='ocr_line' id='line_1_106' title="bbox 2103 5096 3667 5177; baseline -0.008 -12"><span class='ocrx_word' id='word_1_699' title='bbox 2103 5107 2412 5177; x_wconf 73' lang='grc' dir='ltr'><em>ποιησάτω</em></span> <span class='ocrx_word' id='word_1_700' title='bbox 2445 5109 2532 5162; x_wconf 76' lang='grc' dir='ltr'><em>ἔτι</em></span> <span class='ocrx_word' id='word_1_701' title='bbox 2557 5123 2570 5138; x_wconf 87' lang='grc'><strong>·</strong></span> <span class='ocrx_word' id='word_1_702' title='bbox 2601 5109 2699 5160; x_wconf 79' lang='grc' dir='ltr'><em>καὶ</em></span> <span class='ocrx_word' id='word_1_703' title='bbox 2737 5109 2770 5160; x_wconf 82' lang='grc' dir='ltr'>ὁ</span> <span class='ocrx_word' id='word_1_704' title='bbox 2797 5105 2965 5175; x_wconf 79' lang='grc' dir='ltr'><em>ἅγιος</em></span> <span class='ocrx_word' id='word_1_705' title='bbox 3007 5104 3350 5175; x_wconf 79' lang='grc' dir='ltr'><em>ἁγιασθήτω</em></span> <span class='ocrx_word' id='word_1_706' title='bbox 3403 5105 3493 5158; x_wconf 75' lang='grc' dir='ltr'><em>ἔτι</em></span> <span class='ocrx_word' id='word_1_707' title='bbox 3515 5121 3530 5134; x_wconf 91' lang='grc'><strong>·</strong></span> <span class='ocrx_word' id='word_1_708' title='bbox 3557 5096 3667 5170; x_wconf 71' lang='grc' dir='ltr'><em>καὶ]</em></span> 
     </span>
    </p>
   </div>
   <div class='ocr_carea' id='block_1_107' title="bbox 2105 5190 3669 5268">
    <p class='ocr_par' dir='ltr' id='par_1_107' title="bbox 2105 5190 3669 5268">
     <span class='ocr_line' id='line_1_107' title="bbox 2105 5190 3669 5268; baseline -0.006 -14"><span class='ocrx_word' id='word_1_709' title='bbox 2105 5199 2235 5255; x_wconf 75' lang='grc' dir='ltr'><strong>ἰδοὺ</strong></span> <span class='ocrx_word' id='word_1_710' title='bbox 2267 5199 2518 5268; x_wconf 76' lang='grc' dir='ltr'><em>ἔρχομαι</em></span> <span class='ocrx_word' id='word_1_711' title='bbox 2549 5196 2702 5264; x_wconf 82' lang='grc' dir='ltr'><em>ταχύ</em></span> <span class='ocrx_word' id='word_1_712' title='bbox 2729 5210 2743 5224; x_wconf 88' lang='grc'><strong>·</strong></span> <span class='ocrx_word' id='word_1_713' title='bbox 2780 5194 2878 5248; x_wconf 81' lang='grc' dir='ltr'><em>καὶ</em></span> <span class='ocrx_word' id='word_1_714' title='bbox 2909 5197 2942 5249; x_wconf 76' lang='grc' dir='ltr'><em>ὁ</em></span> <span class='ocrx_word' id='word_1_715' title='bbox 2972 5198 3195 5265; x_wconf 80' lang='grc' dir='ltr'><em>μισθός</em></span> <span class='ocrx_word' id='word_1_716' title='bbox 3215 5213 3339 5264; x_wconf 84' lang='grc' dir='ltr'><strong>μου</strong></span> <span class='ocrx_word' id='word_1_717' title='bbox 3360 5195 3491 5263; x_wconf 75' lang='grc' dir='ltr'><em>μετ’</em></span> <span class='ocrx_word' id='word_1_718' title='bbox 3512 5190 3669 5264; x_wconf 81' lang='grc' dir='ltr'><em>ἐμοῦ,</em></span> 
     </span>
    </p>
   </div>
   <div class='ocr_carea' id='block_1_108' title="bbox 2093 5285 3541 5355">
    <p class='ocr_par' dir='ltr' id='par_1_108' title="bbox 2093 5285 3541 5355">
     <span class='ocr_line' id='line_1_108' title="bbox 2093 5285 3541 5355; baseline -0.008 -5"><span class='ocrx_word' id='word_1_719' title='bbox 2093 5292 2427 5350; x_wconf 81' lang='grc' dir='ltr'><em>ἀποδοῦναι</em></span> <span class='ocrx_word' id='word_1_720' title='bbox 2456 5289 2690 5352; x_wconf 80' lang='grc' dir='ltr'><em>ἑκάστῳ</em></span> <span class='ocrx_word' id='word_1_721' title='bbox 2716 5286 2797 5353; x_wconf 84' lang='grc' dir='ltr'><strong>ὡς</strong></span> <span class='ocrx_word' id='word_1_722' title='bbox 2829 5286 2892 5340; x_wconf 88' lang='grc' dir='ltr'><em>τὸ</em></span> <span class='ocrx_word' id='word_1_723' title='bbox 2924 5288 3100 5355; x_wconf 72' lang='grc' dir='ltr'><em>ἔργον</em></span> <span class='ocrx_word' id='word_1_724' title='bbox 3129 5285 3318 5340; x_wconf 85' lang='grc' dir='ltr'><em>αὑτοῦ</em></span> <span class='ocrx_word' id='word_1_725' title='bbox 3347 5285 3541 5338; x_wconf 78' lang='grc' dir='ltr'><em>ἔσται.</em></span> 
     </span>
    </p>
   </div>
   <div class='ocr_carea' id='block_1_109' title="bbox 2165 5375 3667 5454">
    <p class='ocr_par' dir='ltr' id='par_1_109' title="bbox 2165 5375 3667 5454">
     <span class='ocr_line' id='line_1_109' title="bbox 2165 5375 3667 5454; baseline -0.009 -16"><span class='ocrx_word' id='word_1_726' title='bbox 2165 5383 2276 5454; x_wconf 79' lang='grc' dir='ltr'><strong>Οὐχ</strong></span> <span class='ocrx_word' id='word_1_727' title='bbox 2303 5382 2379 5446; x_wconf 85' lang='grc' dir='ltr'>ὡς</span> <span class='ocrx_word' id='word_1_728' title='bbox 2407 5383 2486 5445; x_wconf 75' lang='grc' dir='ltr'><em>είς</em></span> <span class='ocrx_word' id='word_1_729' title='bbox 2521 5379 2735 5434; x_wconf 78' lang='grc' dir='ltr'><em>ἀδικίαν</em></span> <span class='ocrx_word' id='word_1_730' title='bbox 2761 5378 2817 5431; x_wconf 81' lang='grc' dir='ltr'><strong>δὲ</strong></span> <span class='ocrx_word' id='word_1_731' title='bbox 2857 5379 2953 5431; x_wconf 73' lang='grc' dir='ltr'><em>καὶ</em></span> <span class='ocrx_word' id='word_1_732' title='bbox 3001 5378 3278 5448; x_wconf 80' lang='grc' dir='ltr'><em>ῥυπαρίαν</em></span> <span class='ocrx_word' id='word_1_733' title='bbox 3315 5375 3667 5448; x_wconf 79' lang='grc' dir='ltr'><em>προτρέπων,</em></span> 
     </span>
    </p>
   </div>
   <div class='ocr_carea' id='block_1_110' title="bbox 2093 5461 3666 5544">
    <p class='ocr_par' dir='ltr' id='par_1_110' title="bbox 2093 5461 3666 5544">
     <span class='ocr_line' id='line_1_110' title="bbox 2093 5461 3666 5544; baseline -0.01 -15"><span class='ocrx_word' id='word_1_734' title='bbox 2093 5475 2162 5529; x_wconf 76' lang='grc' dir='ltr'><em>τὰ</em></span> <span class='ocrx_word' id='word_1_735' title='bbox 2216 5473 2593 5544; x_wconf 83' lang='grc' dir='ltr'><em>παρατεθέντα</em></span> <span class='ocrx_word' id='word_1_736' title='bbox 2648 5470 2838 5540; x_wconf 81' lang='grc' dir='ltr'><em>εἴρηκε</em></span> <span class='ocrx_word' id='word_1_737' title='bbox 2865 5484 2880 5499; x_wconf 75' lang='grc' dir='ltr'><strong>ο</strong></span> <span class='ocrx_word' id='word_1_738' title='bbox 2945 5468 3021 5538; x_wconf 81' lang='grc' dir='ltr'><em>μὴ</em></span> <span class='ocrx_word' id='word_1_739' title='bbox 3067 5467 3279 5536; x_wconf 83' lang='grc' dir='ltr'><em>γένοιτο</em></span> <span class='ocrx_word' id='word_1_740' title='bbox 3303 5483 3317 5496; x_wconf 75' lang='grc' dir='ltr'>ο</span> <span class='ocrx_word' id='word_1_741' title='bbox 3358 5467 3474 5520; x_wconf 79' lang='grc' dir='ltr'><em>ἀλλ’</em></span> <span class='ocrx_word' id='word_1_742' title='bbox 3507 5467 3578 5528; x_wconf 86' lang='grc' dir='ltr'><strong>ὡς</strong></span> <span class='ocrx_word' id='word_1_743' title='bbox 3613 5461 3666 5516; x_wconf 80' lang='grc' dir='ltr'><em>τδ</em></span> 
     </span>
    </p>
   </div>
   <div class='ocr_carea' id='block_1_111' title="bbox 2092 5554 3666 5637">
    <p class='ocr_par' dir='ltr' id='par_1_111' title="bbox 2092 5554 3666 5637">
     <span class='ocr_line' id='line_1_111' title="bbox 2092 5554 3666 5637; baseline -0.01 -16"><span class='ocrx_word' id='word_1_744' title='bbox 2092 5567 2195 5637; x_wconf 81' lang='grc' dir='ltr'><strong>τῆς</strong></span> <span class='ocrx_word' id='word_1_745' title='bbox 2258 5566 2485 5636; x_wconf 85' lang='grc' dir='ltr'><em>γνώμης</em></span> <span class='ocrx_word' id='word_1_746' title='bbox 2549 5563 2835 5631; x_wconf 63' lang='grc' dir='ltr'><em>φυλάττων</em></span> <span class='ocrx_word' id='word_1_747' title='bbox 2898 5560 3427 5629; x_wconf 81' lang='grc' dir='ltr'><em>ἀκατανάγκαστον·</em></span> <span class='ocrx_word' id='word_1_748' title='bbox 3487 5559 3560 5621; x_wconf 83' lang='grc' dir='ltr'><strong>ὡς</strong></span> <span class='ocrx_word' id='word_1_749' title='bbox 3609 5554 3666 5609; x_wconf 73' lang='grc' dir='ltr'><em>ἂν</em></span> 
     </span>
    </p>
   </div>
   <div class='ocr_carea' id='block_1_112' title="bbox 2104 5651 3660 5732">
    <p class='ocr_par' dir='ltr' id='par_1_112' title="bbox 2104 5651 3660 5732">
     <span class='ocr_line' id='line_1_112' title="bbox 2104 5651 3660 5732; baseline -0.008 -19"><span class='ocrx_word' id='word_1_750' title='bbox 2104 5661 2248 5714; x_wconf 76' lang='grc' dir='ltr'><em>εἴποι</em></span> <span class='ocrx_word' id='word_1_751' title='bbox 2301 5657 2453 5732; x_wconf 77' lang='grc' dir='ltr'><em>[τις]ο</em></span> <span class='ocrx_word' id='word_1_752' title='bbox 2495 5657 2765 5721; x_wconf 80' lang='grc' dir='ltr'><em>’Ἕκαστος</em></span> <span class='ocrx_word' id='word_1_753' title='bbox 2801 5655 2861 5710; x_wconf 78' lang='grc' dir='ltr'><em>τὸ</em></span> <span class='ocrx_word' id='word_1_754' title='bbox 2905 5654 3142 5727; x_wconf 84' lang='grc' dir='ltr'><em>ἀρέσκον</em></span> <span class='ocrx_word' id='word_1_755' title='bbox 3173 5651 3322 5726; x_wconf 77' lang='grc' dir='ltr'><strong>αὐτῷ</strong></span> <span class='ocrx_word' id='word_1_756' title='bbox 3362 5653 3660 5724; x_wconf 77' lang='grc' dir='ltr'><em>ποιησάτωο</em></span> 
     </span>
    </p>
   </div>
   <div class='ocr_carea' id='block_1_113' title="bbox 491 5828 2381 5906">
    <p class='ocr_par' dir='ltr' id='par_1_113' title="bbox 491 5828 2381 5906">
     <span class='ocr_line' id='line_1_113' title="bbox 491 5828 2381 5906; baseline 0.006 -24"><span class='ocrx_word' id='word_1_757' title='bbox 491 5831 535 5862; x_wconf 68' lang='grc' dir='ltr'><strong>τ’</strong></span> <span class='ocrx_word' id='word_1_758' title='bbox 568 5828 717 5884; x_wconf 87' lang='lat' dir='ltr'><strong>Psal.</strong></span> <span class='ocrx_word' id='word_1_759' title='bbox 771 5845 940 5898; x_wconf 79' lang='lat' dir='ltr'><strong>cxvtt,</strong></span> <span class='ocrx_word' id='word_1_760' title='bbox 977 5831 1067 5887; x_wconf 86' lang='lat'><strong>60.</strong></span> <span class='ocrx_word' id='word_1_761' title='bbox 1141 5834 1186 5868; x_wconf 74' lang='grc' dir='ltr'><strong>τ’</strong></span> <span class='ocrx_word' id='word_1_762' title='bbox 1216 5834 1406 5890; x_wconf 82' lang='lat' dir='ltr'><strong>Matth.</strong></span> <span class='ocrx_word' id='word_1_763' title='bbox 1459 5852 1582 5902; x_wconf 72' lang='lat' dir='ltr'><strong>xxv,</strong></span> <span class='ocrx_word' id='word_1_764' title='bbox 1637 5838 1729 5902; x_wconf 70' lang='lat' dir='ltr'><strong>‘ll,</strong></span> <span class='ocrx_word' id='word_1_765' title='bbox 1769 5839 1860 5894; x_wconf 71' lang='lat'><strong>‘23.</strong></span> <span class='ocrx_word' id='word_1_766' title='bbox 1935 5839 1983 5870; x_wconf 81' lang='lat'>&quot;</span> <span class='ocrx_word' id='word_1_767' title='bbox 2021 5838 2180 5894; x_wconf 85' lang='lat' dir='ltr'><strong>Joan.</strong></span> <span class='ocrx_word' id='word_1_768' title='bbox 2215 5854 2268 5906; x_wconf 90' lang='lat' dir='ltr'><strong>v,</strong></span> <span class='ocrx_word' id='word_1_769' title='bbox 2294 5838 2381 5893; x_wconf 77' lang='lat'><strong>55.</strong></span> 
     </span>
    </p>
   </div>
  </div>
