4102 6454
479 419 581 486 461
1692 412 2023 472 ANDIlE/E
2063 408 2579 473 CIESARIENSIS
3681 404 3801 468 452

481 534 657 606 utqui
688 541 812 604 post
841 528 1152 585 triduanam
1183 535 1417 581 mortem
1464 539 1622 579 mane
1649 524 1807 578 nobis
1841 535 2069 578 exortus
2096 575 2101 586 ,

2179 525 2248 594 τῷ
2277 522 2422 593 πρωῒ
2450 521 2737 584 ἀνατείλας
2767 522 2900 592 ἡμῖν
2923 522 3249 593 τριήμερος·
3283 520 3380 573 καὶ
3401 521 3470 573 ἐν
3503 521 3582 589 τῇ
3649 523 3799 589 μετά

483 629 686 693 fuerit;
723 639 933 679 necnon
961 630 1081 691 post
1114 618 1398 688 prmsentis
1420 616 1542 670 vitae
1571 624 1808 677 noctem,
1847 616 1900 666 in
1945 628 2064 666 nta-

2181 617 2266 687 ιὴν
2288 617 2461 669 νύκτα
2491 615 2586 668 τοῦ
2617 616 2884 687 παρόντος
2911 615 3026 684 βίου
3056 615 3246 684 πρωῖςι
3277 614 3375 683 τῆς
3413 613 3636 681 κοινῆς
3667 614 3801 665 ἀνα-

486 719 665 773 tutina
700 711 1012 770 communis
1045 706 1466 763 resurrectionis
1487 705 1621 760 hora
1644 706 1849 760 sanctis
1881 706 2064 758 omni-

2177 711 2413 772 στάσεως
2442 713 2555 774 τοῖς
2583 709 2761 776 ἁγίοις
2812 709 3312 778 ἐπιφανησόμενος,
3373 707 3484 776 τὴν
3561 704 3797 775 ἡμέραν

483 813 587 866 bus
607 807 962 876 conspicuum
995 817 1118 858 sese
1145 800 1423 855 exhibebit
1446 817 1460 866 ;
1494 799 1638 853 diem
1665 798 1760 868 qui
1786 810 2064 867 nunquam

1240 800 1460 866 libebit;
1494 799 1638 853 diem
1665 798 1760 868 qui
1786 810 2064 867 nunquam
2170 803 2314 869 ἄξων
2348 804 2446 872 τὴν
2480 801 2860 873 ἀτελεύτητον.

483 902 772 955 habiturus
803 906 886 950 est
915 896 1102 958 liuent,
1136 900 1286 946 certo
1325 891 1683 946 adducturus.

558 986 720 1049 XXII,
761 985 846 1037 I'i.
883 981 950 1035 Et
1003 981 1226 1049 spiritus
1287 990 1337 1034 et
1389 995 1582 1050 sponsa
1630 979 1864 1032 dicunt:
1917 977 2063 1034 Iv'eni.

2241 983 2348 1037 Kal
2379 982 2446 1036 τὸ
2479 981 2714 1049 πνεῦμα
2731 979 2825 1033 καὶ
2853 978 2890 1046 ἠ
2925 979 3130 1046 νύμφη
3152 977 3476 1045 λέγουσιν·
3523 974 3799 1040 Ἔρχου.

488 1075 558 1128 E‘
592 1076 683 1145 qui
721 1073 893 1136 “ad”:
935 1071 1076 1124 άίεαί
1109 1085 1130 1123 ἵ
1170 1067 1317 1123 γεηί·
2170 1074 2280 1129 Kal
2312 1077 2345 1128 ό
2378 1074 2616 1128 ἀκούων
2645 1070 2898 1126 ειπάτω·
2935 1071 3183 1137 Ἔρχου.

557 1166 808 1220 Ecclesia
846 1164 993 1218 enim
1031 1171 1088 1216 et
1136 1161 1397 1231 Spiritus,
1427 1161 1519 1231 qui
1556 1161 1608 1214 in
1665 1160 1778 1230 ipsa
1836 1159 2068 1227 habitat,

2257 1169 2318 1222 Ἥ
2342 1169 2529 1237 νύμφη
2547 1167 2624 1232 δὲ,
2648 1169 2680 1235 ἡ
2720 1164 3043 1234 Ἐκκλησία,
3073 1163 3168 1216 καὶ
3186 1162 3247 1215 τὸ
3272 1162 3331 1214 ἓν
3357 1160 3508 1229 αὐτῇ
3535 1156 3795 1225 πνεῦμα,

479 1267 534 1310 et
558 1256 710 1310 Abba
770 1253 937 1307 Pater
992 1253 1046 1306 in
1106 1252 1368 1307 cordibus
1414 1251 1620 1306 nostris
1672 1252 1897 1314 clamat,
1937 1250 2062 1304 uni-

2175 1261 2472 1332 κράξουσιν
2499 1263 2556 1313 ὲν
2583 1263 2704 1322 ταῖς
2765 1258 3021 1330 καρδίαις
3054 1255 3232 1326 ἡμῶν,
3270 1251 3439 1307 Ἇϐὅᾱ
3477 1255 3514 1304 ό
3551 1247 3795 1315 Πατὴρ,

491 1349 658 1418 geniti
688 1346 814 1401 Filii
862 1345 957 1400 Dei
983 1345 1277 1399 adventum
1311 1345 1535 1398 invocat
1565 1353 1621 1397 et
1647 1351 1818 1414 optat.
1854 1343 1960 1396 Sed
2018 1351 2073 1398 et

2176 1354 2269 1406 καὶ
2296 1353 2392 1422 τὴν
2424 1350 2518 1403 τοῦ
2573 1348 2899 1420 μονογενοῦς
2952 1345 3082 1399 Υἰοῦ
3118 1344 3210 1398 τοῦ
3272 1341 3410 1394 Ε)εοῦ
3460 1338 3796 1408 παρουσίαν

483 1438 667 1494 cuncti
705 1451 925 1506 quoque
959 1435 1242 1500 mortales,
1279 1435 1372 1504 qui
1433 1433 1663 1488 lidcliter
1720 1433 1955 1487 audiunt
2014 1441 2070 1486 et

2175 1443 2579 1499 ἐπικαλοῦνται,
2617 1443 2724 1494 Καὶ
2759 1441 2867 1502 πᾶς
2899 1440 2954 1492 δὲ
2983 1437 3172 1499 πιστὸς
3198 1435 3436 1497 ἁκούων,
3477 1433 3592 1486 ἆτε
3646 1429 3795 1482 δεδι-

482 1535 802 1603 expendunt
831 1530 988 1590 illud.
1042 1529 1301 1582 Adveniet
1336 1543 1552 1598 regnum
1580 1539 1749 1592 tuum,
1781 1526 1940 1596 quasi
1988 1525 2074 1580 di-

2176 1538 2466 1607 δαγμένος,
2539 1534 2860 1598 Ἐλθέτωὴ
2891 1531 3183 1596 ,βασιλεία
3203 1525 3456 1596 σου,τῷ
3515 1522 3651 1592 Θεῷ
3699 1522 3796 1574 καὶ

487 1627 696 1682 vinitus
745 1625 950 1688 edocti,
988 1622 1240 1676 cutndcnt
1273 1621 1422 1676 illum
1453 1623 1746 1675 adventum
1797 1635 1827 1673 a
1861 1620 1970 1674 Deo
2021 1628 2073 1673 et

1174 1639 1240 1675 :nt
1273 1621 1422 1676 illum
1453 1623 1746 1675 adventum
1797 1635 1827 1673 a
1861 1620 1970 1674 Deo
2021 1628 2073 1673 et
2177 1627 2354 1698 Πατρὶ
2409 1625 2794 1696 τροσεύχεται.

487 1717 649 1772 Patre
677 1718 838 1771 enixe
863 1713 1222 1769 contendunt.

565 1809 631 1862 Et
671 1810 762 1878 qui
797 1808 931 1872 sitit,
975 1805 1184 1860 reniat:
1214 1813 1262 1858 et
1292 1805 1383 1874 qui
1425 1804 1554 1870 rult,
1584 1805 1812 1874 accipiat
1879 1819 2075 1872 aquam

2248 1807 2356 1862 Kal
2399 1809 2431 1860 d
2463 1803 2659 1873 διψῶν
2700 1802 3003 1872 ἐρχέσοω’
3045 1802 3077 1854 ό
3112 1796 3305 1854 θέλων
3330 1796 3584 1850 λαϐέτω
3633 1785 3797 1858 ὕδωρ

491 1903 612 1955 ι’ὶιιυ
636 1902 830 1970 gratis.

2111 1893 2152 1946 Β
2179 1904 2331 1972 ζωῆς
2361 1901 2608 1972 δωρεάν.

565 1994 667 2046 Siti
697 2006 934 2059 namque
964 1991 1030 2044 ad
1067 1992 1188 2045 vita:
1211 1988 1467 2059 poculum
1501 1988 1824 2058 ﬁrmamque
1853 1997 1908 2042 et
1959 1997 2074 2041 sta-

2253 1995 2362 2050 Kal
2417 1997 2448 2047 ὁ
2495 1991 2696 2060 διψῶν
2743 1987 3029 2058 ἐρχέσθω.
3070 1984 3242 2054 Altior};
3270 1983 3379 2054 γὰρ
3409 1981 3593 2053 χρεία
3621 1982 3684 2032 ὲν
3719 1979 3797 2049 τῷ

492 2085 652 2138 bilem
709 2082 838 2136 boni
928 2081 1229 2151 comparati
1288 2077 1694 2149 possessionem
1758 2092 1898 2147 opus
1958 2085 2074 2142 est;

2177 2091 2278 2160 τῆς
2308 2086 2452 2155 ζωῆς
2480 2085 2685 2154 πόματι
2721 2084 2858 2152 πρὸς
2893 2080 3122 2150 ﬁstulam
3147 2077 3241 2130 τοῦ
3272 2076 3588 2145 κτηθέντος
3617 2073 3792 2124 κατὰ·

494 2178 733 2230 tnaxime
773 2189 904 2228 vero
936 2190 1061 2228 cum
1088 2175 1294 2226 donum
1333 2173 1435 2226 hoc
1477 2171 1544 2226 iis
1573 2171 1925 2242 impenditur,
1981 2169 2077 2239 qui

2183 2195 2398 2250 σχεσινο
2437 2176 2673 2247 μάλιστα
2695 2174 2778 2228 ὅτι
2817 2173 2912 2226 καὶ
2957 2170 3128 2240 δῶρον
3167 2168 3504 2239 παρέχεται,
3562 2163 3628 2216 οὐ
3680 2163 3794 2223 τοῖς

491 2269 594 2322 etsi
631 2283 860 2337 prorsus
893 2266 1056 2321 otiosi
1083 2280 1191 2319 non
1225 2264 1476 2328 luerunt,
1509 2268 1750 2316 attamen
1785 2262 1915 2315 doni
1963 2276 2081 2315 tua-

2185 2273 2430 2344 μηδόὶως
2458 2267 2748 2339 καμοῦσιν,
2778 2264 2916 2318 ἀλλὰ
2986 2265 3097 2326 τοῖς
3154 2262 3254 2313 οὐκ
3298 2259 3427 2326 ἄξια
3693 2253 3789 2320 τῆς

492 2363 785 2430 gnitudiue
814 2375 992 2429 neque
1021 2359 1184 2426 digna
1227 2372 1400 2426 neque
1454 2355 1608 2426 paria
1667 2355 2077 2425 praestiterunt;

2182 2364 2276 2417 τοῦ
2307 2361 2484 2434 δώρου
2513 2359 2959 2431 μεγαλειότητος,
3022 2355 3195 2425 μόνην
3245 2351 3302 2404 δὲ
3343 2348 3593 2419 γνώμην
3656 2359 3791 2412 γνη-

492 2455 672 2506 solum
696 2461 878 2506 autem
907 2465 1005 2519 pro
1039 2465 1175 2504 auro
1221 2458 1275 2503 et
1301 2458 1548 2516 argento,
1596 2448 1949 2517 externisque
1999 2447 2083 2502 la-

2186 2459 2308 2513 σιαν
2341 2458 2436 2509 καὶ
2467 2456 2732 2524 διάπυρον
2760 2451 2882 2505 ἀντὶ
2933 2449 3161 2520 χρυσίου
3198 2447 3294 2499 καὶ
3345 2440 3637 2514 ἀργυρίου
3695 2437 3789 2491 καὶ

494 2546 725 2601 boribus
759 2547 958 2599 bonam
1019 2554 1281 2608 mentem,
1341 2542 1740 2611 incensumque
1778 2541 1946 2596 animi
1985 2541 2080 2596 de-

1449 2556 1740 2611 :nsumquc
1778 2541 1946 2596 animi
1985 2541 2080 2596 ἀο-
2188 2551 2502 2622 σωματικὸν
2539 2549 2700 2599 πόνον
2732 2545 3069 2614 εἰσφέρουσι.

494 2640 758 2694 sideriunt
787 2638 840 2691 itt
881 2636 1120 2690 medium
1159 2635 1484 2690 attulerunt.
2652 2693 2654 2696 ι
2973 2693 2979 2700 ἢ

570 2729 729 2798 112
755 2726 917 2794 XXII,
945 2728 1030 2793 l8,
1061 2727 1145 2781 19.
1171 2725 1449 2781 Conlestor
1483 2736 1660 2781 autent
1681 2728 1824 2781 omni
1845 2727 2084 2781 audienti

2257 2731 2548 2804 Μαρτυρῶ
2573 2728 2686 2799 ἐγὼ
2715 2727 2894 2784 παντὶ
2917 2723 3045 2797 [τῷ]
3069 2723 3353 2778 ἀκούοντι
3380 2715 3538 2782 τούς
3560 2713 3787 2781 ,λόγους

499 2821 655 2876 verba
707 2820 994 2890 prophetiae
1050 2820 1174 2872 librt
1231 2819 1392 2888 hujus
1447 2834 1466 2872 :
1523 2816 1740 2887 Siquis
1773 2819 2082 2888 opposuerit

2185 2827 2296 2896 τῆς
2323 2824 2688 2894 προφητείας
2735 2818 2842 2873 τοῦ
2891 2817 3138 2882 βιϐλίου
3197 2805 3656 2896 τούτουογᾞάν
3700 2820 3786 2896 τις

498 2913 569 2967 ad
604 2912 734 2975 htec,
787 2888 1012 2980 apponet
1073 2911 1210 2965 Deus
1261 2925 1417 2978 super
1449 2910 1599 2963 illum
1627 2910 1812 2980 plagas
1858 2913 2083 2978 scriptas

2184 2888 2379 2978 ivit-013'
2398 2888 2491 2962 air
2512 2888 2711 2968 αὐτὰ,
2757 2901 2933 2970 ἐπιθῇ
2992 2901 3086 2954 ἐπ’
3142 2898 3332 2951 αὑτὸν
3385 2896 3418 2947 ὁ
3458 2892 3616 2956 Θεὸς
3680 2888 3784 2954 τὰς

501 3005 556 3056 in
604 3003 740 3056 libro
785 3006 902 3056 ista.
943 3003 1008 3055 Et
1042 3003 1090 3056 si
1114 3003 1228 3072 quis
1263 3003 1573 3056 diminuerit
1623 3004 1688 3055 de
1741 3004 1908 3056 verbis
1960 3003 2084 3056 libri

2185 2994 2333 3057 ἑπτὰ
2349 3000 2588 3068 πληγὰς
2605 3003 2711 3063 τὰς
2723 2993 3132 3066 γεγραμμένας
3148 2993 3217 3044 ἐν
3230 2987 3310 3054 τῷ
3323 2988 3469 3052 βιϐλ
3485 2989 3548 3052 ’ῳ
3570 2983 3779 3043 τούτῳ·

499 3097 785 3164 prophetiae
813 3095 992 3164 hujus,
1038 3096 1240 3165 auferet
1295 3094 1436 3148 Deus
1475 3106 1678 3162 partem
1711 3095 1825 3164 ejus
1851 3097 1914 3148 de
1946 3094 2082 3149 libro

2187 3095 2336 3170 [καὶ]
2365 3092 2474 3147 ἐάν
2504 3110 2592 3156 τις
2629 3089 2826 3159 ἀφέλῃ
2854 3087 2974 3142 ἀπὸ
3002 3085 3117 3140 τῶν
3145 3085 3345 3154 λόγων
3375 3079 3490 3133 τοῦ
3534 3075 3780 3170 {Statim}

502 3187 644 3251 vim,
701 3187 846 3241 etde
896 3189 1108 3242 civitate
1137 3199 1349 3255 sancta,
1385 3191 1522 3242 etde
1583 3187 1648 3241 iis
1707 3203 1825 3257 qua:
1884 3188 2122 3257 scripta‘

2188 3167 2692 3254 rﬁcrxpogsntelac
2735 3179 2977 3245 ταύτης,
3011 3176 3225 3245 ἀφέλοι
3251 3177 3283 3228 ό
3313 3171 3464 3238 Θεὸς
3505 3169 3577 3224 τὸ
3598 3167 3782 3237 μέρος

499 3289 628 3334 sunt
660 3281 714 3334 in
739 3279 875 3334 libro
928 3281 1050 3333 ista.
2113 3258 2119 3290 ¹

2191 3277 2378 3332 αὑτοῦ
2413 3275 2532 3330 ἀπὸ
2589 3273 2696 3328 τοῦ
2748 3272 2994 3337 ,βιϐλίου
3051 3267 3162 3337 τῆς
3193 3266 3362 3334 ζωῆς,
3407 3264 3511 3319 καὶ
3553 3263 3627 3316 ἐκ
3677 3258 3782 3326 τῆς

2192 3370 2427 3432 πόλεως
2449 3363 2558 3433 τῆς
2576 3365 2744 3433 ἁγίας
2764 3361 2882 3416 τῶν
2903 3359 3325 3431 γεγραμμένων
3353 3356 3424 3409 ὲν
3454 3352 3541 3420 τῷ
3557 3351 3783 3418 ,ϐιϐλίῳ

573 3537 960 3593 Forntidabilis
1019 3537 1074 3594 in
1111 3537 1235 3594 illos
1289 3537 1552 3594 desaeviet
1613 3539 1940 3604 exsecratio,
1986 3537 2080 3608 qui

2190 3475 2473 3618 2022:5525;
2503 3547 2559 3599 δὲ
2588 3548 2620 3616 ή
2654 3548 2799 3598 κατὰ
2824 3543 2930 3598 τῶν
2959 3539 3408 3613 παραχαρακτῶν
3455 3537 3571 3591 τῶν
3622 3534 3779 3588 θείων

504 3628 747 3685 divinam
783 3629 1126 3700 Scripturam
1158 3630 1471 3686 adulterare
1503 3646 1611 3683 non
1639 3629 1912 3686 dubitant.
1952 3629 2088 3684 Nam

2194 3641 2429 3713 Γραφῶν
2465 3640 2686 3710 κατάρα
2706 3655 2719 3669 ·
2753 3637 2941 3706 ἐπειδὴ
2960 3638 3052 3690 καὶ
3083 3633 3334 3707 τολμηρὰ
3358 3634 3391 3702 ἡ
3411 3631 3628 3685 τούτων
3653 3643 3779 3697 προ-

507 3721 727 3776 illornm
764 3720 880 3775 haec
915 3723 1196 3776 temeritas
1230 3732 1314 3775 est
1345 3721 1510 3776 nimis
1539 3721 1719 3775 audax
1753 3730 1806 3776 et
1847 3731 2085 3776 temera-

2195 3736 2413 3795 πέτεια,
2453 3731 2822 3800 ἀλλοτριῶσαι
2865 3730 3140 3799 δυναμένη
3199 3727 3326 3789 τοὺς
3356 3724 3620 3785 αὐθάδεις
3675 3720 3778 3774 τῶν

509 3815 629 3881 ria;
662 3814 774 3868 into
808 3829 935 3868 vero
964 3821 1114 3866 tanta
1152 3823 1256 3876 est,
1289 3822 1350 3868 ut
1381 3813 1463 3867 vel
1501 3814 1619 3868 sola
1670 3824 1992 3884 arrogantes
2041 3823 2095 3869 et

2194 3823 2417 3893 ἀγαθῶν
2437 3823 2530 3876 τοῦ
2558 3822 2756 3883 αἰῶνος
2784 3819 2878 3874 τοῦ
2913 3819 3196 3889 μέλλοντος
3221 3835 3235 3848 ·
3267 3818 3406 3886 ὅπερ
3437 3816 3529 3868 ἵνα
3566 3813 3642 3884 μὴ
3668 3809 3771 3864 πᾶ-

511 3907 836 3960 tcmerarios
890 3903 1013 3959 illos
1074 3920 1103 3958 a
1138 3904 1308 3958 futuri
1343 3905 1526 3959 saeculi
1582 3903 1745 3960 bonis
1795 3906 2090 3961 excludere

2196 3917 2402 3986 θωμεν,
2457 3912 2894 3986 διαμαρτύρεται
2923 3913 3056 3981 ἡμῖν
3116 3911 3232 3972 τοῖς
3283 3906 3573 3967 ἀκούουσι,
3647 3902 3774 3972 μήτε

510 3998 713 4051 valeat.
755 3995 910 4063 Quod
950 3996 1363 4050 incommodum
1389 4010 1457 4050 ne
1495 3995 1657 4051 nobis
1690 3998 1780 4066 qui
1831 3998 1947 4053 haec
1999 4014 2096 4052 au-

2197 4008 2518 4078 προσθεῖναί
2540 4025 2615 4068 τι,
2647 4005 2773 4075 μήτ’
2805 4004 3048 4074 ἀφελεῖν,
3081 4001 3217 4055 ἀλλὰ
3241 4003 3309 4054 τά
3342 3998 3604 4070 Γραφικά
3636 3993 3771 4049 ἰδιώ-

509 4091 713 4154 ditnus,
759 4105 860 4143 usu
915 4088 1249 4159 quandoque
1305 4088 1507 4154 veniat,
1565 4103 1673 4142 non
1704 4090 1911 4160 absque
1937 4107 2094 4146 com-

2203 4118 2370 4172 ματα,
2400 4100 2506 4153 τῶν
2550 4098 2816 4150 Ἀττικῶν
2849 4097 3178 4160 συντάξεων,
3210 4095 3306 4149 καὶ
3355 4095 3467 4148 τῶν
3508 4091 3774 4148 διαλεκτι-

510 4183 813 4236 ntinatione
861 4190 1206 4236 contestatur
1238 4189 1292 4235 et
1332 4181 1676 4248 exhortatur,
1710 4197 1777 4238 ne
1806 4183 1938 4254 quid
1997 4200 2094 4254 ap-

2197 4193 2312 4247 κῶν
2351 4190 2730 4262 συλλογισμῶν
2765 4186 3066 4260 [ἡγεῖσθαι]
3095 4185 3520 4257 ἀξιοπιστότερα
3547 4184 3640 4237 καὶ
3689 4197 3769 4233 σε-

509 4289 784 4345 ponamus
801 4283 896 4328 aut
919 4274 1231 4328 aditnamus
1252 4293 1265 4327 :
1287 4288 1470 4328 verum
1498 4274 1904 4344 Scripturarutn
1932 4277 2097 4346 phra-

2201 4287 2458 4358 μνότερα·
2487 4285 2613 4338 ἐπεὶ
2641 4286 2736 4338 καὶ
2761 4287 2823 4336 ἐν
2849 4281 3080 4344 ἐκείνοις
3100 4280 3271 4334 πολλά
3293 4297 3376 4344 τις
3401 4279 3676 4349 εὑρίσκων
3701 4271 3769 4344 μὴ

510 4382 604 4422 ses
632 4375 684 4421 et
715 4367 1001 4432 idiomata,
1035 4365 1215 4421 Attica
1255 4367 1529 4421 orationis
1560 4375 1836 4422 structura
1863 4377 1919 4424 et
1943 4384 2095 4423 com-

2197 4376 2617 4447 κανονιζόμενα,
2653 4375 2746 4429 ἐπὶ
2768 4374 2828 4427 τὸ
2856 4374 3173 4440 ἀξιόπιστον
3197 4372 3304 4424 τῶν
3331 4372 3390 4424 ἓν
3415 4371 3601 4432 αὐτοῖς
3623 4381 3769 4432 ποιη-

517 4458 794 4527 positione
816 4458 1268 4530 syllogismisque
1331 4457 1638 4512 dialecticis
1679 4460 1918 4529 potiora,
1978 4476 2095 4516 cer-

2197 4470 2307 4523 τῶν
2331 4471 2425 4523 καὶ
2448 4467 2814 4538 συγγραφέων
2845 4465 3306 4536 παραπέμπεται.
3333 4463 3502 4516 Ὅσον
3521 4460 3579 4513 δὲ
3596 4459 3656 4510 τὸ
3679 4454 3768 4526 μὲ-

513 4551 676 4614 tiora,
710 4561 762 4604 et
793 4551 859 4604 ad
893 4551 1053 4605 Iidem
1097 4550 1278 4620 majus
1313 4559 1652 4605 momentum
1711 4551 1914 4608 afferre
1966 4570 2093 4609 cen-
2132 4581 2133 4592 ι

2146 4579 2172 4630 )
2204 4577 2295 4612 σον
2324 4559 2440 4612 τῶν
2468 4558 2600 4628 παρ’
2630 4558 2762 4628 ἡμῖν
2805 4557 2904 4609 καὶ
2927 4554 3161 4617 ἐκείνοις
3203 4552 3451 4616 ἐνδόξων,
3485 4549 3580 4602 καὶ
3624 4547 3680 4599 τὸ
3715 4545 3766 4594 ὲν

512 4658 761 4700 seamus.
791 4641 926 4695 Nam
959 4650 1013 4695 et
1043 4642 1097 4695 in
1131 4642 1238 4697 illis
1265 4642 1437 4695 multa
1477 4642 1723 4697 invenire
1767 4644 1946 4711 liceat,
1977 4663 2100 4716 quae

2208 4651 2282 4721 νῷ
2310 4650 2515 4715 λαϐεῖν,
2547 4650 2851 4720 ἀμήχανον.
2884 4642 3053 4717 Οἶμαι
3091 4643 3200 4716 γὰρ
3224 4641 3364 4697 εἶναι
3395 4642 3578 4704 πλέον,
3658 4638 3768 4689 ὅσον

519 4735 721 4804 regulae
755 4741 809 4788 et
837 4733 1084 4788 veritatis
1111 4734 1210 4803 legi
1247 4735 1510 4790 nonsatis
1538 4745 1906 4793 consentanea
1943 4751 2090 4806 sunt,

1256 4748 1352 4788 non
1378 4735 1510 4790 satis
1538 4745 1906 4793 consentanea
1943 4751 2090 4806 sunt,
2204 4743 2320 4811 φῶς
2345 4743 2574 4804 σκότους
2597 4743 2876 4810 διέστηκε.

514 4835 568 4880 et
612 4835 793 4879 tamen
857 4835 1080 4894 propter
1137 4826 1473 4895 scriptorum
1555 4831 1940 4887 auctoritatem
1998 4833 2441 4900 dissimulantur,
2494 4837 2773 4904 missaque
2826 4837 2981 4889 liunt.
3049 4830 3326 4898 Quantum
3379 4839 3559 4883 autem
3613 4825 3768 4877 inter-

517 4920 718 4974 vallum
740 4919 879 4974 inter
901 4921 1107 4990 eosqui
1142 4923 1283 4990 apud
1314 4932 1618 4988 nos,cteos
1641 4942 1859 4982 rursum
1879 4931 2134 5004 quiapud
2164 4935 2288 4988 illus
2335 4935 2576 4988 celebres
2611 4933 2938 4988 exstiterunt
2973 4927 3295 4993 intercedat,
3321 4928 3371 4981 id
3407 4935 3584 4983 mente
3629 4936 3764 4978 cout-

516 5019 674 5090 plecti
699 5018 788 5073 vix
817 5019 1064 5073 valemus
1097 5037 1112 5074 :
1145 5018 1386 5074 arbitror
1432 5032 1614 5076 autent
1669 5026 1793 5094 plus
1849 5029 2211 5096 intercedere,
2243 5046 2407 5100 quam
2438 5031 2580 5084 inter
2612 5031 2788 5084 lucem
2820 5019 2875 5084 ct
2901 5029 3173 5084 tenebras.

593 5111 761 5178 XXII,
797 5112 887 5178 20,
920 5113 1016 5171 ﬁl.
1051 5113 1190 5167 Dicit
1226 5116 1319 5184 qui
1347 5117 1701 5172 testimonium
1726 5124 1956 5189 perhibet
1980 5123 2103 5178 isto-

2277 5127 2449 5194 Λέγει
2499 5129 2530 5178 o'
2577 5123 2894 5194 μαρτυρῶν
2935 5124 3156 5176 ταῦτα·
3198 5122 3309 5176 Ναὶ
3341 5123 3583 5191 ἔρχομαι
3605 5110 3755 5181 ταχύ.

520 5224 638 5260 rum
669 5223 687 5260 :
715 5206 897 5260 Etiam
929 5208 1074 5260 venio
1107 5207 1233 5260 cito.
1264 5208 1451 5263 Amen.
1500 5209 1646 5278 Veni,
1679 5212 1902 5268 Domine
1948 5214 2099 5272 Jesu.

2219 5219 2424 5288 Ἀμήν.
2454 5220 2564 5271 Ναὶ
2595 5217 2798 5285 ἔρχου,
2832 5217 3008 5283 Κύριε
3044 5214 3252 5283 Ἰησοῦ
3273 5212 3508 5282 Χριστέ·
3541 5210 3578 5275 ἠ
3605 5203 3759 5274 χάρις

519 5299 712 5354 Gratia
750 5299 965 5353 Domini
997 5301 1166 5353 nostri
1221 5299 1352 5355 Jesu
1409 5302 1634 5367 Christi,
1693 5319 1811 5358 cum
1859 5308 2099 5362 omnibus

2207 5310 2315 5364 τοῦ
2347 5312 2568 5378 Κυρίου
2596 5307 2815 5381 [ἡμῶν]
2851 5309 3058 5376 Ἰησοῦ
3077 5305 3338 5375 Χριστοῦ
3362 5305 3512 5376 μετὰ
3543 5299 3757 5354 πάντων

517 5394 736 5446 sanctis.
779 5393 965 5446 Amen.

2206 5402 2326 5455 τῶν
2345 5404 2548 5472 ἁγίων.
2585 5402 2642 5455 Ἀ
2648 5400 2793 5471 μήν.

589 5486 653 5540 Et
685 5501 785 5556 ego
819 5487 1041 5558 (inquit)
1065 5488 1156 5556 qui
1189 5488 1304 5541 haec
1344 5488 1408 5541 ad
1438 5498 1510 5553 te,
1559 5491 1651 5558 qui
1675 5507 1734 5544 es
1781 5491 1912 5555 vita,
1955 5492 2098 5553 dico.

2282 5495 2452 5562 Κάγὼ
2496 5496 2572 5560 δὲ,
2609 5494 2796 5563 φησὶν,
2825 5495 2853 5546 ὁ
2885 5492 3182 5563 μαρτυρῶν
3231 5487 3426 5553 ταῦτα,
3460 5481 3593 5554 λέγω
3635 5475 3750 5544 πρὶς

522 5578 718 5643 venio;
753 5587 806 5632 et
848 5588 902 5632 tu
936 5579 1123 5632 itidem
1180 5579 1323 5633 veni.
1387 5578 1500 5632 Etsi
1549 5579 1657 5634 alio
1687 5597 1905 5650 quoque
1945 5597 2107 5637 sensu

2213 5590 2273 5641 σὲ
2301 5588 2400 5658 τὴν
2434 5587 2580 5659 ζωήν
2605 5604 2616 5616 ’
2658 5589 2962 5656 Ἔρχομαι.
3002 5585 3111 5640 Καῖ
3157 5585 3317 5648 αὐτὸς
3369 5581 3425 5636 δὲ
3472 5585 3751 5648 παραγενου

525 5669 641 5721 haec
673 5685 734 5724 ex
767 5685 998 5739 persona
1036 5669 1237 5725 Christi
1273 5673 1415 5726 dicta
1459 5671 1627 5727 videri
1672 5682 1894 5743 queant.
1963 5676 2106 5742 Qui,

2209 5680 2450 5752 [Ktipts].
2481 5682 2548 5733 “II
2580 5682 2673 5734 καὶ
2703 5681 2906 5748 ἑτέρως
2931 5679 3088 5731 τοῦτο
3113 5681 3175 5730 ἐκ
3206 5675 3496 5747 προσώπου
3519 5668 3602 5724 τοῦ
3635 5665 3747 5731 Χρι-

528 5760 728 5828 inquit,
765 5763 879 5816 hzec
946 5772 1245 5830 protestor,
1309 5764 1418 5818 cito
1451 5767 1688 5821 veniam.
1740 5765 1815 5820 Ex
1875 5783 2107 5836 persona

2211 5771 2336 5822 στοῦ
2370 5772 2585 5842 εἴρηται
2611 5788 2623 5800 ·
2676 5771 2736 5823 Ὀ
2753 5769 3072 5841 μαρτυρῶν
3101 5769 3307 5833 ταῦτα,
3344 5765 3540 5836 δηλαδὴ
3572 5761 3596 5814 ὁ
3627 5769 3745 5827 μην

530 5863 738 5908 autem.
771 5855 1016 5924 Apostoli
1072 5857 1300 5924 dicitur,
1352 5859 1498 5930 quod
1555 5875 1679 5914 mox
1737 5861 2105 5933 subjuugitur,

2207 5865 2563 5937 τυρούμενος,
2604 5865 2846 5936 ἔρχομαι
2877 5870 3048 5933 ταχύ.
3104 5865 3201 5918 Ἐκ
3230 5864 3283 5918 δὲ
3307 5863 3398 5917 τοῦ
3430 5852 3742 5916 ἁποστολικου
