4102 6462
351 393 382 454 4
399 395 470 456 ὖ3

1331 389 1936 451 COMMENTARIUS
1979 392 2056 450 IN
2101 390 2635 451 APOCALYPSIN.

3536 395 3647 458 454

353 499 684 570 προσώπου,
717 497 773 550 τό
800 499 1086 572 ἑπόμενον,
1119 495 1200 558 τὸ,
1235 497 1483 564 Ἔρχου,
1511 495 1691 562 Κύριε
1745 492 1952 560 Ἰησοῦ

2070 509 2254 564 nentlpe
2299 495 2430 548 illud
2476 512 2490 550 :
2557 493 2710 558 Veni,
2771 495 2990 550 Dontine
3043 495 3174 552 Iesu
3219 499 3443 554 Christe.
3495 501 3648 556 Desi-

355 593 606 660 Χριστέ.
645 589 1022 660 Περιπόθητος
1047 589 1156 658 γάρ
1186 589 1300 650 τοῖς
1330 586 1508 654 ἁγίοις
1537 587 1570 654 ή
1598 583 1690 636 τοῦ
1715 583 1952 654 Χριστοῦ

357 681 664 752 παρουσία,
689 681 764 744 ὡς
797 680 886 734 τὸν
919 680 1112 750 μισθὸν
1137 679 1246 732 τῶν
1297 677 1678 748 εἰργασμένων
1731 674 1946 728 ἀποδὼ-

361 792 538 828 σουσα
566 773 1008 827 πολλαπλασίονα
1031 789 1044 802 ·
1092 772 1218 826 ὅθεν
1255 771 1352 824 καὶ
1381 772 1415 841 ὴ
1457 768 1710 840 παροῦσα
1769 767 1953 838 βίϐλος

361 867 500 934 ἁγία
530 865 621 918 καὶ
653 866 1012 926 θεόπνευστος
1039 864 1179 934 πρὸς
1205 861 1305 932 τὴν
1341 862 1622 932 μακαρίαν
1655 861 1810 930 λῆξιν
1857 859 1943 912 66-

361 954 506 1024 ηγοῦ
517 972 579 1006 σα
595 955 719 1016 τοὺς
745 957 1198 1022 ἐντυγχάνοντας.
1219 953 1331 1006 Καὶ
1353 952 1441 1006 ἶνα
1458 949 1695 1004 συνελὼν
1712 952 1768 1002 ἐν
1789 950 1957 1020 ὀλίγῳ

371 1047 472 1099 τὸν
505 1046 682 1098 πάντα
712 1045 969 1115 ἐπωφελῆ
1004 1045 1206 1098 σκοπὸν
1239 1045 1411 1114 αὐτῆς
1466 1042 1826 1114 παραθῶμεν,
1867 1043 1956 1093 διὰ

361 1139 477 1191 τῶν
517 1138 666 1191 ἑπτὰ
707 1135 1086 1202 Ἐκκλησιῶν
1119 1135 1261 1188 τὸέν
1307 1138 1421 1198 τοῖς
1449 1135 1781 1204 πειρασμοῖς
1822 1133 1955 1186 ὑπο-

365 1225 685 1296 μονητικὸν,
711 1227 805 1278 καλ⁵
837 1224 942 1298 [τὸ]
967 1227 1024 1277 ὲν
1053 1225 1325 1287 εύποιίαις
1351 1225 1664 1287 σπουδαῖον,
1685 1223 1778 1274 καὶ
1795 1221 1957 1292 ἕτερά

359 1337 494 1374 τινα
528 1320 625 1389 τῆς
652 1319 857 1390 ἀρετῆς
891 1319 1004 1388 εἴδη
1034 1316 1424 1388 διδασκόμεθα.
1481 1316 1573 1380 Ἐξ
1618 1309 1692 1368 ῶν
1729 1317 1846 1368 ἐστι
1871 1317 1954 1380 τὸ,

364 1411 486 1466 τῶν
542 1411 635 1463 ἐπὶ
690 1408 835 1482 [τῆς]
867 1410 968 1478 γῆς
1003 1411 1224 1464 πάντων
1278 1407 1682 1480 ὑπεραρθέντα,
1741 1407 1820 1478 τῷ
1861 1425 1958 1460 κα-

363 1501 526 1572 θαρῷ
555 1501 655 1571 τῆς
680 1501 856 1571 ψυχῆς
885 1501 1096 1571 ὄμματι
1132 1504 1230 1574 τὴν
1269 1502 1420 1556 θείαν
1451 1505 1508 1556 ἐν
1531 1503 1778 1574 οὐρανοῖς
1803 1502 1959 1568 δόξαν

362 1592 708 1646 θεάσασθαι’
777 1593 879 1646 οὑκ
942 1593 1113 1662 αὐτὴν
1146 1595 1244 1663 τὴν
1285 1591 1488 1665 [θείαν]
1559 1593 1769 1659 οὐσίαν,
1825 1593 1961 1646 ἀλλὰ

361 1687 472 1756 τὴν
497 1685 683 1756 θεῖκὴν
714 1683 1023 1754 ἐμφάνειαν
1075 1685 1580 1756 σχηματιζομένην,
1636 1685 1746 1738 εἴτε
1797 1685 1960 1738 λίθων

361 1779 759 1847 πολυτιμήτων
835 1775 1103 1848 ποικιλίᾳ,
1171 1778 1282 1830 εἴτε
1355 1778 1794 1850 πολυχρωμάτου
1846 1778 1960 1849 ἰδέα

365 1871 565 1941 τριδος,
595 1871 704 1923 εἴτε
740 1870 854 1923 τισὶ
871 1870 1135 1932 τοιούτοις
1176 1871 1337 1925 θείων
1394 1873 1722 1944 οἰκονομιῶν
1779 1873 1955 1926 ίνδάλ-

367 1980 544 2032 μασιν
569 1979 583 1992 ·
618 1961 720 2035 [ἔτι
740 1960 820 2034 δὲ]
851 1963 942 2015 καὶ
969 1961 1068 2026 τάς
1102 1965 1230 2034 περὶ
1254 1964 1426 2034 αὐτὴν
1445 1964 1607 2032 ἁγίας
1630 1965 1956 2036 ἀσωμάτους

361 2053 630 2124 δυνάμεις
662 2052 1033 2125 [μανθάνομεν
1133 2055 1228 2108 καὶ
1263 2055 1388 2119 τοὺς
1421 2057 1561 2124 μετὰ
1597 2055 1851 2128 σώματος
1879 2058 1956 2127 τῷ

363 2144 566 2215 Κυρίῳ
613 2143 1089 2213 εὐαρεστήσαντας
1117 2159 1129 2174 ·
1177 2143 1404 2215 βροντάς
1447 2163 1504 2199 τε
1555 2150 1648 2200 καὶ
1675 2149 1960 2218 ἀστραπὰς

365 2235 796 2308 προηγουμένας
853 2237 952 2305 τῆς
1039 2236 1191 2300 Θείας
1255 2238 1562 2308 παρουσίας
1631 2237 1959 2311 [κατανοοῦ-

371 2328 536 2402 μεν.]
589 2331 698 2386 Καὶ
751 2329 848 2400 τῆς
906 2329 1090 2400 βίϐλου
1127 2329 1229 2402 [δὲ]
1278 2331 1386 2385 τῶν
1421 2332 1582 2385 θείων
1667 2334 1954 2404 κριμάτων

367 2423 705 2478 καταλαϐεῖν
790 2424 852 2476 τὸ
941 2425 1329 2496 ἀκατάληπτον
1414 2427 1512 2496 τῆς
1601 2443 1933 2496 κατασημαν

368 2517 564 2587 θείσης
591 2519 710 2580 ταῖς
737 2517 877 2571 ima
910 2520 1182 2589 σφραγῖσι
1202 2518 1296 2570 τοῦ
1355 2517 1694 2588 Πνεύματος,
1744 2517 1840 2570 καὶ
1876 2518 1964 2572 διὰ

363 2608 470 2660 τοῦ
517 2608 719 2678 ’Δμνοῦ
751 2608 848 2662 τοῦ
873 2609 1009 2663 Θεοῦ
1035 2611 1133 2680 τὴν
1158 2610 1313 2662 λύσιν
1348 2609 1676 2680 δεξαμένης,
1711 2610 1822 2663 τῶν
1853 2610 1963 2664 ἀπὸ

363 2701 472 2769 τῆς
498 2699 662 2753 αὐτοῦ
686 2701 996 2772 παρουσίας
1029 2701 1194 2773 μέχρι
1228 2700 1376 2774 [τῆς]
1395 2702 1703 2765 συντελείας
1735 2719 1964 2772 γεγενη-

371 2793 580 2864 μένων,
612 2792 741 2864 περί
783 2809 840 2846 τε
880 2793 982 2862 τῆς
1005 2792 1116 2846 τῶν
1151 2791 1448 2864 μαρτύρων
1469 2793 1838 2863 ἀνδραγαθίας
1865 2792 1966 2865 [δι-

366 2883 740 2956 δασκόμεθα,]
775 2885 868 2938 καὶ
894 2885 992 2954 τῆς
1025 2883 1135 2938 τῶν
1156 2885 1404 2938 ἀπίστων
1435 2885 1630 2954 διπλῆς
1662 2885 1962 2951 κολάσεως*

365 2978 474 3046 τῆς
509 2994 567 3030 τε
597 2976 692 3030 τοῦ
747 2976 1112 3045 εὐαγγελικοῦ
1163 2979 1368 3048 σπόρου
1398 2979 1806 3050 καρποφορίας,
1867 2980 1964 3033 καὶ

369 3073 476 3141 τῆς
498 3067 608 3122 τῶν
633 3069 997 3137 ὀλιγοπίστων
1011 3072 1106 3126 καὶ
1127 3071 1406 3142 ἀνάνδρων
1437 3071 1766 3135 ἐκπτώσεως
1783 3087 1797 3100 ’
1817 3073 1966 3136 ὅπως

2057 586 2319 641 dera‘uilis
2351 588 2498 640 enim
2527 595 2610 641 est
2638 588 2848 642 sanctis
2881 589 3088 644 (Lhristi
3121 589 3384 645 adventus
3407 609 3420 657 ;
3447 594 3650 662 quippe

2057 679 2152 747 qui
2207 693 2434 748 operum
2471 681 2784 734 mercedem
2831 679 3055 735 reddere
3087 682 3262 736 soleat
3320 683 3482 754 longe
3534 698 3650 738 am-

2057 770 2382 839 plissimam.
2425 769 2492 824 Et
2521 771 2638 826 haec
2665 771 2734 826 de
2757 774 3012 842 praesenti
3043 773 3208 842 libro,
3243 777 3336 846 qui
3411 785 3467 831 et
3518 791 3650 832 san-

2057 871 2178 914 ctus
2209 869 2266 914 et
2290 860 2557 916 divinitus
2583 860 2886 931 inspiratus
2921 873 3028 930 est,
3063 866 3320 938 viamque
3344 879 3548 923 certam
3581 872 3650 925 ad

2060 953 2274 1007 beatam
2299 954 2547 1022 requiem
2579 964 2633 1010 et
2661 955 2824 1008 linem
2857 958 3096 1012 ostendit
3127 960 3194 1013 iis
3243 961 3336 1029 qui
3361 961 3651 1032 diligenter

2059 1045 2210 1099 illum
2245 1045 2471 1116 legunt;
2511 1048 2670 1117 cujus
2725 1061 2952 1117 scopum
3011 1051 3334 1106 universum
3399 1053 3452 1106 in
3505 1069 3652 1110 cum-

2060 1137 2318 1206 pemlium
2353 1147 2729 1205 contractum,
2765 1141 2953 1210 paucis
2987 1157 3312 1210 proponam,
3345 1144 3512 1214 idque
3539 1163 3646 1200 non

2063 1228 2350 1294 inutiliter,
2385 1239 2448 1284 ut
2477 1245 2656 1300 spero.
2689 1229 2794 1286 Per
2838 1243 3032 1300 septem
3061 1233 3228 1302 igitur
3269 1233 3552 1302 Ecclesiae,
3596 1249 3652 1292 et

2063 1321 2350 1374 tolerantia
2380 1322 2434 1376 in
2475 1322 2744 1384 adversis,
2775 1334 2826 1378 et
2867 1326 3135 1380 modestia
3190 1341 3408 1380 rursum
3441 1327 3494 1380 in
3525 1343 3652 1399 pro-

2061 1413 2260 1482 speris,
2317 1422 2374 1468 et
2427 1413 2548 1468 alie
2597 1415 2846 1484 quaedam
2897 1417 3162 1470 virtutum
3233 1418 3442 1484 species
3493 1420 3652 1474 nobis

2061 1506 2544 1562 commendantur.
2593 1506 2882 1576 Colligitur
2915 1507 3046 1561 hinc
3085 1523 3304 1577 quoque
3369 1524 3540 1563 unum
3585 1509 3654 1564 il-

2064 1596 2156 1650 lud
2193 1596 2468 1658 omnium.
2513 1597 2660 1666 quod
2693 1597 2901 1652 homini
2937 1597 2991 1652 in
3027 1605 3168 1652 terra
3217 1599 3500 1670 obtingere
3548 1617 3651 1670 pc-

2063 1697 2190 1750 test,
2225 1703 2489 1740 summum
2541 1704 2653 1742 esse
2708 1703 2894 1758 posse,
2949 1690 3210 1744 nimirum
3265 1705 3402 1760 puro
3453 1693 3654 1747 mentis

2063 1780 2225 1836 oculo
2251 1781 2490 1835 divinam
2517 1781 2568 1834 in
2611 1782 2768 1837 cretis
2823 1782 3054 1852 gloriam
3117 1783 3508 1852 contemplari;
3543 1799 3652 1838 non

2063 1872 2188 1926 dico
2221 1872 2464 1925 divinam
2495 1874 2818 1938 essentiam,
2845 1874 2939 1928 sed
2995 1871 3086 1928 Dei
3125 1875 3364 1944 speciem
3401 1875 3654 1946 symbolo

2062 1964 2322 2032 quopiam
2357 1972 2585 2020 externo
2611 1966 3034 2032 adumbratam;
3069 1966 3186 2020 sive
3223 1966 3352 2020 illud
3401 1967 3474 2022 sit
3529 1982 3654 2036 pre-

2063 2055 2332 2110 tiosorum
2367 2056 2604 2125 lapidum
2659 2059 2940 2123 varietas;
2979 2060 3094 2112 sive
3147 2057 3512 2113 multicoloris
3563 2059 3656 2112 iri-

2063 2145 2149 2200 dis
2175 2147 2390 2216 imago;
2427 2149 2540 2201 sive
2565 2148 2752 2218 aliqua
2787 2149 2892 2203 alia
2917 2149 3190 2219 ejusmodi
3216 2149 3540 2213 similitudo,
3569 2165 3655 2219 pc-

2065 2240 2264 2294 culiari
2313 2239 2406 2294 Dei
2443 2243 2788 2309 providentia
2829 2241 2896 2295 ad
2933 2242 3038 2296 hoc
3071 2257 3272 2296 uulnus
3329 2243 3650 2299 obeundum

2065 2332 2368 2387 ciiurlnata.
2405 2332 2682 2389 Discimus
2732 2349 2796 2387 ex
2841 2333 2947 2388 hoc
2991 2333 3157 2388 etiam
3205 2333 3508 2395 volumine,
3541 2349 3650 2387 non

2069 2427 2233 2480 modo
2269 2435 2491 2481 sanctas
2515 2425 2638 2481 illas
2699 2426 3062 2496 corporisque
3101 2435 3350 2493 expertes
3399 2427 3652 2491 virtutes,

2068 2519 2162 2572 sed
2197 2519 2447 2573 homines
2475 2533 2698 2587 quoque
2737 2519 2834 2587 qui
2867 2519 2922 2571 in
2947 2532 3184 2586 corpore
3239 2517 3498 2587 degentes
3545 2516 3654 2570 Do-

2069 2609 2224 2664 mino
2246 2608 2594 2678 placuerunt,
2628 2609 2776 2663 circa
2800 2608 3002 2662 divinae
3059 2608 3368 2676 maiestatis
3395 2609 3652 2662 thronum

2067 2699 2420 2756 familiariter
2479 2700 2714 2766 versari,
2774 2699 2961 2755 adharc
3031 2698 3250 2770 fulgura
3308 2708 3364 2753 et
3413 2699 3656 2754 tonitrua

2071 2790 2374 2848 Dominica:
2403 2792 2708 2861 przesentite
2735 2793 3002 2846 indicium
3030 2787 3232 2847 facére.
3263 2791 3490 2846 Librum
3511 2807 3657 2864 pra:-

2073 2891 2224 2938 terea
2252 2882 2566 2937 divinorum
2591 2881 2929 2952 iudiciorum
2979 2889 3187 2952 septem
3222 2882 3456 2951 spiritus
3503 2881 3648 2952 sigil-

2071 2975 2138 3032 lis
2167 2976 2536 3047 obsignatum.
2577 2976 2750 3029 multo
2780 2973 3160 3030 sublimiorem
3195 2991 3320 3032 esse
3346 2991 3512 3046 quam
3545 2977 3640 3047 qui

2075 3062 2316 3116 humana
2345 3072 2524 3116 mente
2555 3062 2734 3118 valeat
2769 3063 3205 3132 comprehendi;
3266 3065 3516 3135 adeoque
3555 3080 3655 3136 per

367 3180 434 3215 τε
464 3165 514 3215 οἱ
545 3161 694 3230 ἅγιοι
723 3164 823 3231 τῆς
877 3161 1020 3235 [τοῦ]
1052 3163 1296 3236 Χριστοῦ
1348 3164 1612 3236 δευτέρας
1657 3165 1963 3236 παρουσίας

2072 3154 2266 3219 alium,
2289 3169 2448 3235 qumm
2473 3169 2568 3222 per
2597 3155 2754 3224 113
2778 3155 2994 3224 Agnum
3023 3154 3118 3209 Dei
3141 3156 3534 3226 quijugulatus
3549 3167 3660 3224 est,

368 3257 660 3326 ἐφίενται’
696 3255 796 3324 τῆς
824 3273 885 3308 τε
929 3257 1034 3326 πρὸ
1084 3255 1232 3329 [τῆς]
1265 3256 1360 3310 τοῦ
1431 3257 1802 3328 Ἀντιχρίστου
1855 3259 1964 3310 τῶν

372 3349 562 3403 κακῶν
588 3337 884 3420 ἐπιφορᾶς,
921 3350 1148 3402 καὶτῶν
1177 3349 1269 3401 ὑπ’
1309 3347 1476 3402 αὐτοῦ
1515 3349 1659 3402 κατά
1701 3351 1964 3420 Χριστια-

379 3441 490 3493 νῶν
515 3439 904 3511 τολμωμένων.
938 3439 1082 3510 Πρὸς
1113 3437 1324 3503 τούτοις
1349 3437 1406 3492 δὲ
1450 3438 1643 3509 μαθεῖν
1695 3438 1845 3492 ἐστιν
1875 3439 1964 3490 ἐν-

378 3529 588 3594 τεῦθεν,
619 3531 769 3592 ὅπως
801 3529 910 3582 εἰσί⁹
935 3529 1013 3600 τῷ
1039 3529 1161 3597 Θεῷ
1187 3529 1359 3598 τίμιοι
1385 3529 1436 3581 oi
1481 3528 1650 3596 ἅγιοι,
1681 3530 1756 3592 ὡς
1795 3530 1966 3599 ὑπερ-

373 3619 622 3674 τίθεσθαι
655 3619 756 3691 τὴν
781 3619 968 3692 [κατὰ]
1002 3619 1108 3674 τῶν
1137 3619 1352 3673 ἀσεϐῶν
1380 3621 1624 3685 κόλασιν,
1658 3622 1790 3690 πρὶν
1815 3615 1964 3675 οὗτοι

369 3711 466 3766 διὰ
501 3711 652 3786 [τῆς]
682 3713 976 3783 σφραγῖδος
1000 3714 1110 3775 τοῖς
1143 3715 1408 3783 τιμωροῖς
1458 3712 1714 3782 ἀγγέλοις
1763 3713 1960 3780 γένων-

370 3823 468 3858 ται
501 3803 793 3874 γνώριμοι.
827 3805 937 3857 Καὶ
979 3803 1078 3867 τὰς
1126 3804 1266 3856 ἑπτὰ
1316 3803 1374 3856 δὲ
1437 3803 1653 3872 πληγὰς
1717 3803 1966 3856 ἐντεῦθεν

381 3895 738 3966 μανθάνομεν
775 3897 885 3957 τοῖς
914 3891 1008 3946 ἐπὶ
1036 3891 1142 3961 γῆς
1168 3895 1225 3944 ἐν
1256 3893 1370 3956 τοῖς
1400 3891 1649 3962 ἐσχάτοις
1702 3889 1964 3962 [καιροῖς]

373 3985 716 4054 ἐπάγεσθαιο
757 3986 832 4049 ὠς
862 3985 928 4038 ἃν
957 3985 1034 4057 τῷ
1060 3983 1266 4038 τούτων
1296 3983 1516 4053 μεγέθει
1551 3984 1686 4053 πρὸς
1713 3984 1968 4052 ἐπιστροο

377 4079 492 4150 φὴν
521 4077 721 4146 ἴδωμεν
751 4075 846 4130 καὶ
873 4075 1082 4128 ἱκεσίαν
1112 4071 1207 4126 τοῦ
1240 4071 1376 4128 Θεοῦ
1414 4072 1622 4126 τούτων
1661 4071 1735 4142 μὴ
1765 4088 1961 4142 πειρα-

379 4171 564 4242 θῆναι.
587 4168 697 4222 Καὶ
713 4169 774 4221 τὸ
793 4167 900 4222 τῶν
919 4165 1167 4235 ἀγγέλων
1189 4165 1244 4218 δὲ
1261 4165 1669 4236 φιλάνθρωπον,
1685 4166 1774 4218 διὰ
1798 4165 1892 4217 τοῦ
1909 4165 1968 4216 τὸ

377 4259 718 4330 Εὐαγγέλιον
743 4260 1066 4330 κατέχοντος
1098 4257 1328 4321 καὶτοῖς
1360 4260 1417 4310 ἐν
1442 4255 1556 4330 [τῇ]
1581 4260 1650 4327 γῇ
1671 4257 1967 4329 κηρύττον-

379 4370 495 4418 τος,
528 4351 834 4405 δείκνυται·
867 4349 961 4403 καὶ
1004 4347 1114 4402 τῶν
1139 4348 1236 4400 ἐπὶ
1277 4349 1562 4417 συντελείᾳ
1594 4348 1966 4416 ἐλευσομένων

385 4445 562 4512 ἁγίων
617 4443 834 4510 ἐλέγξαι
887 4441 978 4494 τὸν
1033 4441 1444 4512 ψευδόχριστον,
1486 4442 1544 4494 τὸ
1567 4441 1833 4511 καρτερὸν
1872 4441 1968 4493 καὶ

383 4535 630 4606 ἀνδρεῖον
647 4535 743 4606 τῆς
763 4533 945 4604 ψυχῆς
969 4532 1224 4604 παράστη
1235 4551 1330 4602 μα.
1360 4531 1670 4604 [Ὡσαύτως
1685 4531 1741 4584 δὲ
1763 4531 1972 4585 δείκνυ-

385 4628 505 4701 ται]
538 4627 634 4682 καὶ
685 4629 718 4699 ἡ
767 4629 864 4698 τῆς
903 4625 1262 4698 Ἰερουσαλὴμ
1309 4627 1598 4697 διαίρεσις,
1649 4626 1744 4680 καὶ
1790 4628 1818 4679 6
1864 4625 1972 4678 τῶν

389 4721 628 4776 ἐθνικῶν
655 4720 866 4774 πόλεων
897 4721 1234 4788 ἀφανισμὸς,
1261 4726 1354 4771 καὶ
1384 4719 1416 4788 ἡ
1445 4718 1540 4770 ἐπὶ
1567 4716 1780 4781 τούτοις
1808 4717 1974 4788 εὐχα-

393 4813 578 4886 ριστία
608 4812 716 4866 τῶν
760 4813 872 4867 ἀνω
902 4811 1186 4882 δυνάμεων
1209 4828 1222 4840 ·
1253 4811 1396 4862 καὶὸ
1421 4810 1562 4864 κατά
1596 4810 1695 4880 τῆς
1745 4811 1974 4882 Ἐκκλη-

393 4909 519 4970 σίας
544 4907 598 4959 δὲ
625 4905 889 4975 διωγμὸς,
925 4906 1018 4958 καὶ
1050 4907 1082 4976 ἡ
1116 4904 1209 4957 τοῦ
1272 4903 1520 4957 διαϐόλου
1583 4904 1936 4967 κατάπτωσις
1958 4920 1972 4934 ·

389 5002 490 5054 καὶ
525 5003 558 5070 ἡ
591 4998 685 5052 τοῦ
727 4997 1102 5069 ’Λντιχρίστου
1151 4996 1448 5068 παρουσία,
1473 4996 1568 5050 καὶ
1593 4998 1626 5066 ἡ
1660 4995 1752 5049 τοῦ
1784 4997 1976 5066 ψευδο-

395 5095 681 5166 προφήτου
723 5093 942 5160 ἁπάτη·
979 5089 1073 5144 καὶ
1109 5092 1141 5160 ἡ
1174 5091 1282 5142 τῶν
1316 5089 1640 5159 σωζομένων
1809 5089 1974 5142 πολυ-

391 5185 626 5255 άριθμος
648 5183 858 5252 πληθὺς
887 5179 1158 5255 [ἐντεῦθεν
1180 5179 1485 5252 δηλοῦται],
1518 5182 1610 5234 καὶ
1637 5183 1668 5248 ἡ
1697 5179 1841 5252 [τῆς]
1878 5181 1980 5232 Βα-

401 5278 646 5340 ϐυλῶνος
700 5276 940 5338 πτῶσις·
1002 5277 1097 5328 καὶ
1129 5275 1157 5325 6
1196 5275 1294 5343 τῆς
1357 5273 1700 5343 τεαγκοσμίου
1773 5272 1978 5334 ἅλωνος

391 5369 630 5440 άμητὸς,
667 5365 900 5421 καὶτῶν
926 5365 1026 5436 τῆς
1061 5364 1287 5435 πικρίας
1313 5363 1555 5433 βοτρύων
1606 5365 1634 5416 6
1676 5361 1974 5432 τρυγητός·

393 5465 492 5517 καὶ
528 5461 636 5514 τῶν
669 5460 840 5527 ἁγίων
873 5459 906 5529 ἡ
940 5455 1310 5527 καθαρωτάτη
1343 5455 1517 5524 λῆξις,
1547 5455 1740 5525 ὑαλίνῃ
1771 5453 1976 5505 Θαλάσ-

397 5573 469 5627 σῃ
505 5552 914 5624 ἀφωμοιωμένη
938 5566 952 5580 ·
983 5550 1078 5603 καὶ
1110 5552 1142 5620 ἡ
1172 5549 1501 5616 ἑπταφίαὲκος
1531 5547 1632 5617 τῆς
1682 5548 1832 5608 θείας
1884 5547 1977 5614 ὀρ-

395 5650 504 5716 γῆς
534 5647 716 5718 χύσις,
756 5647 867 5708 τοῖς
900 5647 956 5697 ἐν
989 5647 1058 5714 γῇ
1100 5643 1195 5696 καὶ
1247 5641 1492 5712 θαλάσσῃ
1545 5639 1662 5712 [καὶ
1691 5638 1978 5710 ποταμοῖς]

395 5742 498 5796 καὶ
525 5741 734 5802 λοιποῖς
765 5736 1074 5808 στοιχείοις,
1107 5735 1193 5788 διὰ
1223 5735 1320 5805 τὴν
1352 5734 1460 5787 τῶν
1492 5732 1792 5804 ἀνθρώπων
1818 5750 1981 5803 πονη-

405 5832 528 5899 ρίαν
559 5833 655 5895 τάς
687 5829 957 5893 κακώσεις
993 5830 1296 5898 ἐπάγουσα,
1326 5827 1419 5880 καὶ
1455 5827 1544 5880 τον
1592 5825 1694 5896 μὲν
1734 5824 1828 5878 τοῦ
1886 5823 1983 5895 θη-

2073 3246 2210 3302 solvi
2237 3246 2574 3314 nequivisse.
2609 3245 2766 3300 Hunc
2793 3262 2960 3316 porro
3003 3248 3409 3319 Apocalypseus
3431 3249 3646 3305 divina-

2073 3351 2306 3405 rumque
2340 3338 2738 3392 revelationum
2795 3337 2996 3392 librum
3051 3353 3114 3394 ea
3175 3340 3448 3409 praecipue
3503 3357 3660 3396 corn-

2073 3426 2258 3496 plecti,
2291 3442 2462 3494 qutea
2490 3428 2670 3496 primo
2702 3427 2904 3483 Christi
2937 3428 3174 3484 adventu
3211 3445 3394 3499 usque
3433 3431 3502 3485 ad
3537 3447 3642 3487 sa:-

2073 3519 2182 3574 culi
2242 3521 2778 3574 eonsummationem
2841 3519 3039 3588 partim
3100 3521 3323 3592 quidem
3357 3522 3470 3592 jam
3528 3537 3659 3580 eve-

2067 3622 2297 3684 nerunt,
2335 3612 2530 3680 partim
2565 3627 2696 3665 vero
2737 3623 3000 3667 eventura
3031 3613 3210 3669 adhuc
3241 3623 3658 3685 exspectantur.

2075 3699 2375 3755 Disseritur
2401 3701 2454 3754 in
2491 3701 2592 3756 hoc
2623 3717 2788 3771 opere
2815 3717 3035 3772 quoque
3069 3704 3136 3757 de
3163 3713 3470 3775 martyrum
3497 3705 3660 3760 forti-

2073 3794 2260 3848 tudine
2277 3803 2332 3848 et
2351 3794 2684 3861 constantia,
2704 3796 2769 3848 de
2791 3794 2999 3863 duplici
3025 3795 3331 3851 inﬁdelium
3365 3799 3657 3868 supplicio,

2071 3888 2140 3944 de
2182 3886 2490 3958 Evangelici
2528 3887 2760 3944 seminis
2783 3888 3056 3966 ubertate,
3095 3889 3163 3945 de
3193 3890 3518 3958 ignavorum
3543 3906 3660 3946 mo-

2075 3979 2475 4050 dicmquetidei
2507 3979 2796 4034 hominum
2853 3982 3035 4046 ruina,
3073 3981 3380 4052 ultimaque
3435 3997 3660 4038 eorum-
3739 3973 3745 3976 ’

2072 4072 2194 4126 dem
2223 4073 2538 4137 ekeisionc;
2571 4073 2638 4126 de
2657 4073 2933 4128 desiderio
2959 4089 3068 4141 quo
3113 4080 3290 4127 sancti
3321 4075 3386 4128 de
3414 4074 3661 4128 secundo

2072 4167 2277 4222 Christi
2307 4167 2540 4220 adventu
2597 4165 2844 4234 ﬂagrant,
2885 4165 2952 4218 de
2985 4166 3222 4219 cladium
3270 4173 3324 4219 et
3367 4165 3659 4220 calamita-

2075 4269 2188 4313 tum
2223 4258 2622 4328 magnitudine,
2671 4273 2794 4326 qtue
2821 4258 3142 4312 Antichristi
3181 4257 3474 4312 adventum
3501 4269 3659 4314 ante-

2075 4355 2308 4418 cedent;
2339 4353 2406 4406 de
2439 4351 2600 4405 malis
2627 4351 2830 4419 pariter
2859 4357 2916 4403 et
2966 4349 3461 4418 persecutionibus,
3517 4365 3660 4420 quas

2083 4447 2254 4508 idem,
2317 4443 2408 4497 ubi
2445 4441 2679 4504 venerit,
2721 4441 2988 4502 adversus
3010 4439 3358 4496 Christianos
3383 4440 3660 4496 incendet.

2009 4535 2050 4588 D
2081 4538 2431 4607 Cognoscere
2456 4533 2587 4588 hinc
2617 4533 2779 4587 etiam
2831 4534 2978 4598 licet,
3014 4532 3268 4586 homines
3295 4534 3662 4588 sanctimonia

2080 4639 2308 4684 ornatos
2365 4625 2477 4680 Deo
2515 4641 2690 4694 usque
2756 4625 2894 4678 adeo
2933 4623 3090 4678 cordi
3136 4637 3394 4694 curaeque
3427 4638 3571 4689 esse,
3605 4635 3665 4679 ut

2081 4721 2378 4790 impiorum
2460 4717 2791 4788 supplicium
2871 4717 3137 4786 tantisper
3221 4715 3664 4771 transferendum

2083 4812 2324 4876 duxerit,
2355 4811 2530 4864 donec
2562 4823 2656 4876 per
2679 4807 3026 4877 signaculum
3054 4805 3125 4860 ab
3149 4805 3360 4875 angelis
3391 4805 3662 4860 scelerum

2082 4903 2396 4958 vindicibus
2448 4900 2800 4968 impressum,
2833 4897 2904 4951 ab
2967 4895 3156 4965 impiis
3223 4900 3665 4959 sccernereutur,

2086 5013 2176 5062 ne,
2213 4997 2258 5052 si
2293 5009 2454 5050 secus
2501 4991 2676 5057 ﬁeret,
2705 4989 2987 5045 communi
3021 4987 3162 5043 forte
3217 4985 3360 5042 cladi
3419 4984 3666 5039 involve-

2085 5097 2300 5143 rentur.
2357 5085 2574 5155 Septem
2633 5093 2894 5153 praeterea
2947 5081 3268 5136 novissimis
3317 5077 3662 5149 temporibus

2088 5181 2274 5250 plagas
2310 5180 2364 5233 in
2396 5194 2490 5234 eos
2530 5177 2624 5246 qui
2654 5185 2868 5230 nitatem
2905 5176 2959 5228 in
2995 5173 3158 5228 terris
3187 5173 3414 5242 degunt,
3471 5169 3668 5225 crude-

2083 5273 2206 5327 liter
2247 5281 2630 5340 grassaturas;
2681 5282 2792 5336 quo
2827 5265 3088 5320 nimirum
3145 5265 3341 5316 horum
3394 5259 3668 5330 magnitu-

2084 5363 2214 5416 dine
2246 5359 2534 5422 admoniti,
2564 5357 2629 5411 ad
2657 5356 3072 5412 conversionem
3103 5363 3446 5424 spectemus;
3474 5351 3670 5405 Deum-

2085 5469 2213 5527 que,
2245 5467 2313 5506 ne
2346 5451 2512 5506 hasce
2547 5449 2846 5520 aliquando
2875 5447 3242 5518 experiamur,
3275 5443 3552 5514 supplices
3574 5443 3671 5497 de-

2089 5560 2401 5617 precemur.
2469 5542 2576 5596 Per
2637 5542 2892 5612 angelum
2966 5555 3134 5610 porro
3193 5539 3288 5609 qui
3347 5535 3670 5591 adﬂnitatis

2088 5637 2445 5708 Evangelium
2479 5635 2717 5698 tenebat,
2789 5633 2966 5702 iisque
2989 5631 3081 5700 qui
3115 5633 3168 5686 in
3201 5640 3344 5685 terra
3371 5627 3672 5684 versaban-

2089 5741 2198 5792 tur.
2231 5726 2588 5799 praedicabat,
2623 5725 2852 5795 angelos
2884 5739 3076 5780 omnes
3119 5724 3208 5794 pie
3241 5721 3540 5777 admodum
3561 5721 3670 5774 cle-

2091 5828 2414 5891 menterque
2447 5833 2576 5888 erga
2607 5831 2778 5888 genus
2809 5824 3074 5872 nostrum-
3089 5815 3316 5872 affectos
3357 5827 3480 5872 esse
3535 5811 3670 5866 insi-
