4102 6470
499 369 605 436 487
1599 363 1807 424 ΙΟΛΝ.
1847 360 2119 420 ΙΙΕΝΤΕῙ

2139 361 2158 421 ξ
2169 359 2226 420 Il
2269 357 2664 422 PREFATIO
3664 358 3759 422 588

2713 513 3656 526 ...ια-ι--υ-α--σ-ι--μρλ-ρ-η-

2729 515 3694 546 W

1511 524 1712 534 _...__-—.

1865 681 2432 830 ΑΡΕΘΑ

987 927 1669 1021 ΕΠΙΣΚΟΠΟΥ
1741 925 2390 1014 ΚΑΙΣΑΡΕΙΛΣ
2483 921 3308 1010 ΚΑΠΠΑΔΟΚῙΑΣ

1182 1115 1538 1171 ΣΥΛΛΟΓΗ
1575 1111 2026 1170 ΕΞΗΓῙΙΣΕΩΝ
2061 1115 2160 1167 ΕΚ
2190 1111 2538 1165 ΔΙΑΦΟΡΩΝ
2571 1109 2804 1164 APION
2833 1109 3130 1164 ΑΝΔΡΩΝ

1719 525 2022 534 --.-..--

513 527 1490 556 W

2013 1269 2114 1320 ΕΙΣ
2145 1268 2276 1317 ΤΗΝ

1290 1415 1604 1473 ΙΩΛΝΝΟΥ
1643 1415 1782 1469 ΤΟΥ
1823 1413 2314 1470 ΠΓΛΠῙΙΜΕΝΟΥ
2350 1415 2472 1468 ΚΑΙ
2513 1411 3032 1474 ΕΥΛΓΓΕΛΙΣΤΟΥ

1674 1580 2635 1670 ΑΠΟΚΑΛΥΨΙΝ.

905 2271 1641 2389 CZESAREZE
1709 2273 2652 2388 CAPPADOCUE
2739 2267 3390 2392 EPISCOPI

1466 2496 2080 2562 COACERVATIO
2137 2498 2484 2560 ENARRA
2499 2498 2840 2561 TIONUM

1717 2678 1800 2723 ΕΣ
1841 2679 2056 2724 VARIIS
2089 2679 2350 2725 SANCTIS
2399 2679 2570 2724 VIRIS

1105 2826 1190 2890 IN
1231 2829 1563 2892 JOANNIS
1629 2827 1962 2892 DlLECTI
2007 2827 2403 2892 DISCIPULI
2455 2829 2562 2890 ET
2608 2827 3193 2892 EVANGELISTJE

505 3371 596 3433 De
632 3367 728 3431 his
773 3369 842 3432 in
874 3365 1302 3460 Apocalypsin
1365 3363 1862 3460 commentariis,
1892 3371 1948 3423 et
2001 3361 2076 3423 de
2123 3363 2408 3460 Joannis
2449 3361 2855 3460 infamiam.
2894 3361 3299 3460 relegatione,
3350 3364 3647 3445 factaque
3703 3362 3777 3426 ad

1143 3441 1349 3527 ipsum
1385 3441 1770 3524 Apocalypsi
1805 3443 1933 3503 sive
1971 3441 2352 3503 reuelatione
2369 3441 2692 3520 judicium
2748 3441 3148 3522 Interpretis.

579 3614 720 3667 Arte
749 3613 852 3670 hos
883 3613 940 3667 in
979 3613 1368 3683 Apocalypsim
1399 3607 1853 3674 commentarios,
1891 3615 1946 3661 te
1983 3620 2300 3676 precamur,
2335 3607 2564 3662 candide
2594 3605 2790 3662 lector
2816 3648 2832 3674 ,
2883 3615 2944 3660 ut
2963 3617 3186 3662 nostros
3239 3608 3342 3664 hos
3387 3607 3609 3664 labores
3664 3604 3775 3662 boni

507 3702 795 3764 consulas,
843 3715 1020 3769 neque
1051 3699 1306 3770 protinus
1337 3697 1590 3759 damnes,
1627 3695 1674 3750 si
1717 3709 1826 3749 uno
1861 3702 1958 3748 aut
1987 3693 2158 3749 altero
2205 3695 2258 3748 in
2307 3695 2429 3751 loco
2465 3711 2571 3750 non
2606 3697 2824 3765 penitus
2851 3695 3063 3752 .auimo
3113 3707 3207 3750 tuo
3258 3695 3572 3752 satisfaciat
3608 3705 3775 3750 nosmt

509 3788 710 3842 versio.
741 3787 810 3841 Ut
842 3788 987 3840 enim
1019 3803 1205 3840 verum
1247 3787 1444 3848 fatear,
1480 3793 1691 3838 tantum
1729 3781 1928 3851 negotii
1963 3781 2122 3836 nobis
2152 3781 2519 3837 exhibuerunt
2543 3783 2594 3836 hi
2628 3783 2891 3852 postremi
2917 3783 3300 3838 commentarii
3333 3823 3348 3848 ,
3385 3795 3450 3838 ut
3489 3785 3774 3854 praeteritos

511 3887 712 3930 omnes
739 3873 955 3928 labores
995 3883 1220 3944 propter
1277 3873 1429 3941 ipsos
1468 3870 1734 3925 damnare
1759 3885 1821 3923 ac
1851 3869 2089 3940 spongia:
2120 3872 2461 3924 committere
2486 3869 2800 3940 frequenter
2823 3871 3215 3926 meditaremur
3253 3889 3266 3926 :
3302 3871 3420 3926 sive
3459 3873 3510 3926 id
3541 3872 3773 3926 librario-

517 3977 642 4017 rum
681 3973 778 4016 aut
811 3962 1282 4033 typOgrapborum
1317 3960 1530 4014 incuria
1556 3957 1867 4028 contigerit,
1897 3957 2042 4028 quod
2079 3957 2313 4014 subinde
2347 3968 2536 4028 aperte
2557 3959 3056 4029 deprehendentcs,
3101 3959 3324 4013 silentio
3361 3959 3771 4030 prmterivitnus,

509 4065 918 4120 nonnunquam
953 4049 1121 4104 etiam
1157 4055 1358 4103 nostro
1390 4047 1600 4101 nomini
1631 4046 2006 4112 consulentes,
2055 4046 2106 4101 id
2160 4048 2394 4117 margini
2437 4047 2870 4104 adnotavimus:
2913 4050 3027 4103 sive
3075 4047 3247 4102 nostri
3277 4063 3504 4118 quoque
3553 4047 3771 4102 tenuitas

507 4138 724 4208 ingenii
757 4137 1076 4208 frequenter
1107 4137 1160 4192 in
1203 4151 1374 4190 causa
1410 4135 1575 4190 fuerit
1611 4155 1623 4190 :
1658 4150 1822 4204 (piam
1851 4134 2013 4188 etiam
2049 4145 2466 4206 cognoscentes,
2501 4136 2834 4206 quihusdam
2869 4137 2922 4190 in
2971 4135 3129 4196 locis.
3160 4135 3292 4190 dum
3351 4151 3422 4190 ne
3467 4135 3622 4190 nobis
3661 4133 3770 4204 qui-

505 4229 633 4282 dem
659 4225 1009 4281 satisfaceret
1055 4235 1242 4280 ucstra
1287 4225 1488 4290 vet-sio,
1527 4225 1790 4280 asterisco
1819 4223 1994 4277 notari
2030 4221 2371 4288 curavimus,
2405 4231 2580 4288 tuum,
2616 4239 2648 4278 ο
2680 4223 2896 4290 Lector,
2923 4223 3196 4294 judicium
3251 4221 3347 4278 tibi
3389 4224 3769 4292 relinquentes.

509 4313 662 4370 Satis
692 4321 873 4368 autem
907 4313 1152 4376 conlidi»,
1197 4314 1283 4366 ubi
1314 4311 1500 4368 Graica
1537 4322 1649 4366 toto
1685 4312 1787 4366 hoc
1819 4311 1958 4365 libro
1981 4311 2220 4380 penitius
2250 4311 2668 4383 introspexeris,
2706 4323 2926 4368 nostros
2973 4315 3187 4368 labores
3245 4327 3596 4383 nequaquam
3634 4305 3768 4364 omni

509 4417 578 4457 cx
605 4411 756 4470 parte
793 4401 1112 4464 damnabis,
1149 4411 1206 4456 ut
1235 4400 1330 4468 qui
1361 4401 1544 4453 varias
1597 4398 1840 4468 nudique
1865 4397 2234 4465 dillicultates,
2267 4402 2498 4456 candido
2528 4401 2756 4457 allectus
2801 4402 3008 4466 animo,
3059 4402 3324 4470 nulloque
3359 4402 3647 4455 adversum
3679 4409 3768 4450 nos

512 4489 679 4544 allato
715 4489 1037 4559 praeiudicio
1063 4529 1078 4548 ,
1113 4491 1336 4542 visuxus
1379 4487 1477 4542 si.
1531 4485 1718 4556 Neque
1747 4487 1893 4540 enim
1927 4484 2138 4540 Zoilum
2175 4503 2385 4550 moror,
2416 4489 2504 4543 cui
2541 4505 2609 4543 ne
2651 4488 2894 4543 Minerva
2934 4487 3157 4559 quidem
3199 4489 3315 4559 ipsa
3346 4487 3498 4542 omni
3531 4504 3593 4541 ex
3633 4493 3767 4556 parte

513 4575 870 4631 satisfecerit.
905 4575 1066 4641 Quod
1110 4576 1258 4630 hunc
1300 4585 1396 4629 aut
1444 4575 1610 4630 alium
1649 4575 1900 4645 quemvis
1935 4590 2036 4628 nec
2073 4575 2156 4629 his
2183 4577 2400 4644 placare
2434 4577 2759 4646 poterimus,
2801 4577 2856 4632 id
2882 4578 3076 4632 saltem
3111 4577 3318 4630 nostris
3365 4575 3643 4630 laboribus
3667 4572 3767 4626 clli-

511 4663 746 4728 ciemus,
771 4671 831 4717 ut
852 4663 940 4718 his
964 4664 1056 4732 qui
1078 4663 1369 4731 peritiores
1386 4672 1511 4716 sunt
1531 4661 1656 4716 data
1693 4663 1766 4716 sit
1794 4677 1947 4727 ansa,
1969 4677 2078 4732 quo
2109 4662 2162 4714 in
2199 4678 2493 4718 commune
2511 4663 2827 4734 reipublicae
2847 4664 3177 4720 Christianae
3207 4661 3416 4718 bonum
3449 4663 3763 4718 absolutiora

513 4759 798 4820 praestent.
833 4747 1028 4820 Neque
1058 4749 1205 4802 enim
1252 4751 1545 4819 quisquam
1597 4749 1892 4820 suggillare
1940 4755 2162 4805 deberet
2193 4751 2424 4805 aliorum
2473 4751 2713 4818 labores,
2754 4753 2848 4822 qui
2881 4753 3084 4818 nollet,
3135 4765 3232 4808 aut
3277 4753 3473 4808 saltem
3525 4751 3614 4821 qui
3670 4762 3762 4801 non

515 4846 704 4906 posset
731 4836 952 4890 tradere
981 4837 1294 4898 exactiora.
1330 4835 1611 4904 Quantum
1653 4846 1836 4890 autem
1867 4837 2116 4891 divinare
2152 4839 2306 4904 licet,
2341 4851 2460 4893 erat
2492 4841 2581 4894 hic
2633 4841 2836 4894 Aretha
2869 4841 3059 4911 ejusve
3104 4841 3482 4912 praedecessor
3513 4840 3761 4898 Andreas,

512 4941 626 4980 non
667 4927 718 4979 in
754 4925 954 4981 divinis
988 4935 1226 4990 tantum,
1265 4941 1456 4979 verum
1484 4927 1646 4980 etiam
1683 4925 1736 4979 in
1767 4925 2024 4981 humanis
2065 4927 2260 4984 litteris
2293 4929 2617 4992 instructus,
2648 4930 2700 4984 in
2723 4931 3015 4985 rhetoricis
3047 4947 3268 5000 quoque
3308 4945 3372 4985 ac
3411 4927 3646 5000 physicis
3687 4937 3763 4992 ap-

511 5015 694 5084 prime
729 5013 999 5079 eruditus,
1061 5023 1118 5068 ut
1153 5015 1198 5070 si
1235 5015 1340 5068 alia
1375 5015 1564 5068 Gra‘ca
1593 5014 1951 5085 exemplaria,
2004 5024 2100 5069 aut
2157 5017 2277 5087 ejus
2317 5019 2416 5070 viri
2469 5019 2921 5082 commentarios,
2985 5026 3149 5088 prout
3196 5018 3265 5071 ab
3305 5017 3424 5086 ipso
3455 5015 3580 5071 editi
3613 5019 3758 5072 sunt,
3813 5002 3826 5025 ⁸

515 5104 664 5160 nacti
697 5103 1024 5172 fuissemus,
1059 5121 1164 5160 non
1195 5107 1333 5160 adeo
1367 5121 1469 5160 nos
1511 5105 1804 5160 torsissent
1841 5105 2130 5160 innumera
2175 5105 2227 5158 in
2267 5105 2368 5161 hoc
2399 5105 2539 5160 libro
2555 5106 2697 5160 loca.
2733 5105 2933 5160 Verum
2975 5107 3217 5174 quando,
3277 5105 3444 5162 nullis
3491 5109 3755 5175 parcentes

507 5190 817 5260 laboribus,
855 5193 907 5248 id
941 5195 1158 5248 tandem
1197 5195 1559 5265 prmstitimus
1584 5193 1728 5264 quod
1757 5195 2055 5264 potuimus,
2093 5209 2281 5264 precor
2317 5195 2717 5266 tequibonique
2746 5195 3029 5252 consulas.

583 5281 758 5338 Porro
796 5283 984 5339 debac
1018 5285 1350 5356 Apocalypsi
1391 5286 1470 5340 ait
1503 5283 1663 5340 divus
1685 5283 2054 5356 Hieronymus
2078 5283 2221 5354 quod
2247 5292 2324 5337 tot
2373 5283 2572 5338 habeat
2597 5285 2855 5354 mysteria
2889 5293 3023 5356 quot
3058 5284 3243 5349 verba,
3281 5284 3390 5340 imo
3437 5284 3490 5338 in
3536 5277 3746 5346 singulis

508 5369 692 5425 verbis
718 5371 1052 5441 multiplices
1081 5373 1212 5428 dicit
1247 5375 1418 5428 latere
1451 5373 1869 5444 intelligendas.
1911 5373 2089 5444 Atque
2116 5373 2187 5425 ob
2224 5371 2274 5426 id
2301 5373 2517 5442 plurimi
2560 5389 2720 5427 suum
2769 5389 2834 5429 ac
2872 5376 3110 5430 maxime
3141 5375 3356 5429 varium
3387 5375 3454 5430 de
3501 5373 3598 5428 hac
3624 5367 3755 5440 judi-

504 5459 658 5512 cium
689 5460 1081 5528 protulerunt:
1119 5462 1368 5516 nonnulli
1423 5463 1734 5531 simplicem
1793 5463 1989 5516 litterae
2043 5476 2290 5525 sensum,
2341 5461 2692 5532 primumque
2742 5463 3002 5517 corticem
3054 5463 3494 5524 considerantes,
3517 5459 3605 5516 alii
3645 5467 3755 5510 rem

507 5545 771 5614 mysticas
801 5547 1192 5617 intelligentias
1224 5547 1466 5615 penitius
1490 5557 1921 5618 perscrutantes.
1957 5548 2139 5615 Quare
2161 5565 2268 5604 non
2303 5551 2410 5604 erit
2439 5550 2746 5606 absurdum
2781 5551 2825 5606 si
2849 5560 2902 5606 et
2929 5560 3176 5605 nostrum
3201 5567 3422 5623 quoque
3445 5549 3751 5604 efferamus:

507 5631 720 5685 saniori
756 5648 972 5704 semper
993 5634 1208 5704 judicio
1239 5643 1550 5705 sancta-que
1583 5635 1848 5690 Romanae
1876 5635 2129 5690 Ecclesia:
2153 5652 2251 5692 nos
2283 5653 2348 5692 ac
2377 5647 2566 5692 nostra
2588 5640 2772 5692 omnia
2815 5638 3227 5694 submittentes.
3277 5639 3622 5706 Primumque
3664 5633 3752 5684 hoc

513 5716 679 5770 nobis
711 5711 949 5786 videtur,
979 5721 1249 5776 Joannem
1288 5725 1433 5776 hunc
1462 5725 1772 5792 apostolum
1797 5739 1862 5778 ac
1893 5725 2308 5792 evangelistam,
2346 5727 2438 5796 qui
2463 5735 2519 5780 et
2559 5725 2873 5795 Theologus
2907 5729 3354 5797 cognominatur,
3406 5744 3434 5781 a
3471 5725 3672 5780 Nerone
3702 5720 3746 5770 in

517 5799 750 5858 Patmon
786 5807 1110 5877 relegatum,
1139 5809 1330 5864 eodem
1363 5813 1589 5865 omnino
1623 5821 1867 5880 tempore
1885 5825 1993 5880 quo
2019 5813 2114 5866 ille
2151 5812 2340 5868 beatos
2372 5813 2576 5868 Christi
2623 5814 2906 5885 apostolos
2957 5813 3176 5870 Petrum
3211 5832 3275 5871 ac
3307 5816 3530 5871 Patrium
3581 5811 3746 5864 “eum
