4102 6476
341 444 454 510 489
1441 439 1650 502 JOAN.
1696 435 1961 500 HENTE'

1990 434 2038 496 Π
2049 433 2072 492 Ι
2115 427 2536 492 ΡΒΑΞΕΑΤΙΟ.
3505 423 3610 490 490

346 555 654 612 interemit.
691 556 750 612 Id
779 555 998 612 duobus
1050 556 1106 610 in
1150 555 1290 612 locis
1324 556 1522 610 asserit
1565 553 1958 616 Tertullianus,
1993 549 2210 604 vicinus
2259 543 2576 599 eorumdem
2625 540 2998 612 apostolorum
3048 539 3408 609 temporibus.
3470 539 3622 598 [lem

344 661 572 714 quoque
607 643 1068 698 habetEusebius
1113 643 1256 699 libro
1285 642 1363 697 De
1391 625 1846 696 demonstratione
1879 637 2178 708 evangelica
2213 651 2232 689 :
2273 646 2588 703 quanquam
2620 631 2674 684 in
2705 629 2984 684 Chronicis
3037 637 3092 684 et
3145 629 3200 682 in
3241 627 3621 682 Ecclesiastica

353 731 602 784 Historia
627 730 779 784 dicat
807 732 857 785 id
885 731 988 786 sub
1011 730 1324 786 Domitiano
1341 729 1661 798 contigisse,
1694 727 1837 798 quod
1861 735 1917 780 et
1944 723 2312 795 Hieronymus
2333 731 2389 776 et
2415 722 2602 792 plures
2631 719 2726 774 alii
2756 726 3090 788 sequuntur.
3123 715 3323 771 Verum
3353 716 3440 772 his
3469 717 3626 776 libris

349 827 614 885 tanquam
669 817 948 886 prioribus
995 819 1158 873 annis
1191 817 1434 886 scriptis,
1483 831 1592 870 non
1627 814 1888 869 tribuitur
1918 822 2067 870 tanta
2117 813 2440 874 auctoritas,
2473 817 2676 881 quanta
2709 809 2760 864 ei
2789 811 2886 879 qui
2917 807 2995 862 De
3027 805 3508 862 demonstratione
3541 813 3628 860 est

345 903 688 975 evangelica,
733 913 922 974 utpote
950 905 1226 973 posterius
1265 915 1432 974 atque
1460 901 1806 958 emendatius
1851 903 2155 958 elaborato.
2203 899 2316 956 Hoc
2372 901 2558 969 itaque
2590 897 2780 952 habito
2803 895 2953 966 quod
2997 894 3198 964 scripta
3232 894 3304 950 sit
3339 894 3394 948 in
3427 895 3626 948 Patrne

347 991 705 1062 Apocalypsis
761 1000 890 1046 ante
947 990 1460 1063 Hierosolymorum
1504 989 1804 1056 excidium,
1835 988 2230 1058 quadrifariam
2275 989 2394 1058 ipsa
2436 985 2612 1041 secari
2653 993 2874 1054 potest:
2920 982 2992 1037 ita
3027 990 3089 1036 ut
3121 981 3522 1050 complectatur
3557 979 3626 1034 ab

349 1081 578 1134 exordio
607 1081 674 1134 ad
709 1092 926 1134 sextum
983 1095 1164 1150 usque
1207 1089 1374 1150 caput
1421 1079 1820 1134 instructiones
1859 1077 2232 1132 Ecclesiarum
2268 1076 2436 1138 Asize,
2479 1071 2868 1127 intermiscens
2897 1078 2954 1124 et
2993 1070 3313 1140 prophetica
3349 1068 3417 1123 de
3453 1068 3626 1124 variis

351 1169 654 1224 hmresibus
687 1189 699 1223 :
732 1170 802 1224 de
827 1170 1028 1240 quibus
1061 1180 1116 1224 et
1145 1169 1485 1240 Epiphanius
1521 1169 1574 1222 in
1626 1182 1728 1222 suo
1763 1165 2039 1220 Panarion
2095 1162 2332 1229 libro.-A
2363 1171 2518 1216 sexto
2533 1158 2712 1228 capite
2739 1172 2915 1227 usque
2947 1157 3015 1210 ad
3051 1157 3336 1212 duodecim
3378 1155 3630 1210 contineo

353 1267 446 1312 tur
476 1256 775 1328 Synagogte
795 1257 1100 1326 abrogatio.
1141 1257 1184 1310 A
1215 1256 1546 1312 duodecimo
1578 1269 1754 1324 usque
1789 1255 1858 1309 ad
1893 1254 2166 1308 decimum
2204 1267 2436 1314 nonum,
2472 1249 2746 1305 excidium
2781 1248 3078 1320 gentilismi
3109 1248 3214 1303 sub
3241 1258 3368 1318 typo
3399 1248 3622 1316 potissi-

352 1359 506 1400 mum
531 1344 830 1416 Babylonis
855 1360 922 1399 ac
971 1344 1160 1400 Roma:
1181 1361 1303 1414 quae
1348 1343 1582 1398 habebat
1609 1353 1822 1412 septem
1853 1341 2044 1404 colles,
2073 1340 2168 1410 qui
2207 1339 2298 1393 hic
2321 1337 2586 1394 dicuntur
2617 1353 2740 1392 esse
2765 1351 2978 1390 cornua
3021 1337 3208 1390 bestiae
3245 1351 3413 1404 super
3455 1351 3624 1404 quant

357 1433 621 1487 meretrix
651 1434 767 1486 sive
801 1432 1108 1488 idololatria
1145 1441 1242 1486 aut
1269 1431 1615 1502 gentilismus
1639 1430 1810 1484 sedet.
1841 1429 1898 1484 ln
1933 1428 2019 1483 his
2049 1428 2196 1482 enim
2235 1427 2466 1482 urbibus
2504 1425 2774 1496 praecipue
2807 1425 3026 1495 vigebat
3055 1424 3426 1494 gentilismus.
3455 1427 3493 1477 A
3528 1425 3627 1479 de-

349 1521 500 1574 cimo
529 1535 676 1576 nono
709 1520 893 1590 capite
933 1535 1110 1591 usque
1141 1521 1194 1576 in
1225 1521 1390 1576 ﬁnem
1431 1522 1612 1591 agitur
1643 1519 1710 1573 de
1743 1533 1910 1589 regno
1941 1515 2146 1572 Christi
2171 1515 2226 1570 in
2251 1514 2507 1586 praesenti
2547 1512 2815 1580 Ecclesia,
2841 1513 3024 1568 addita
3057 1529 3180 1582 cap.
3215 1529 3282 1566 xx
3331 1514 3520 1566 ultima
3561 1515 3630 1566 de

353 1607 530 1676 ipsius
561 1607 804 1664 inimicis
833 1608 1084 1663 victoria.

426 1741 604 1810 Atque
653 1739 772 1795 haec
815 1741 868 1795 in
917 1740 1238 1796 universum
1285 1740 1428 1795 dicta
1481 1739 1592 1796 sint
1619 1757 1632 1794 :
1660 1755 1786 1795 nam
1843 1737 2074 1809 singulis
2109 1737 2260 1793 varia
2285 1738 2733 1803 commisce-utar,
2765 1736 2858 1791 sed
2890 1735 2957 1790 de
2987 1735 3362 1806 singularibus
3391 1749 3498 1788 non
3547 1743 3631 1790 est

351 1837 568 1884 certum
599 1827 734 1884 dare
767 1828 1076 1898 judicium:
1105 1843 1207 1884 nec
1238 1828 1354 1882 ﬁeri
1393 1838 1575 1899 potest
1606 1837 1666 1882 ut
1698 1827 1827 1883 data
1857 1829 2054 1898 quavis
2096 1825 2450 1881 enarratione
2473 1825 2688 1895 singula
2720 1835 2844 1894 apte
2873 1823 3147 1894 quadrent
3175 1839 3189 1876 :
3231 1823 3325 1877 sed
3365 1824 3500 1878 satis
3525 1824 3630 1878 erit

353 1917 405 1971 si
437 1918 490 1970 in
523 1931 725 1987 genere
759 1917 1026 1972 habeatur
1058 1917 1191 1986 quid
1223 1916 1455 1986 singulis
1489 1917 1760 1987 capitibus
1789 1916 2102 1986 signiﬁcare
2140 1915 2293 1969 velit.
2321 1913 2484 1971 Juxta
2529 1915 2672 1970 hanc
2710 1913 3132 1984 dispositionem
3167 1927 3276 1967 non
3327 1912 3628 1968 admodum

352 2005 630 2060 videbitur
657 2004 960 2060 absurdum
995 2001 1226 2076 id'quod
1260 2004 1694 2061 scntitJoannes
1733 2003 1947 2060 Annius
1992 2001 2354 2060 Viterbiensis
2401 2004 2456 2058 in
2515 2003 2929 2070 Quaestionibus
2988 2017 3155 2072 super
3202 2001 3628 2072 Apocalypsim,

349 2092 676 2162 quas'misit
727 2107 792 2147 ac
823 2091 1095 2148 dedicavit
1123 2107 1340 2148 summo
1366 2094 1606 2163 pontilici
1648 2093 1804 2148 Sixto
1830 2101 2026 2164 quarto
2045 2091 2384 2164 regibusque
2407 2093 2740 2150 Christianis
2776 2111 2788 2147 :
2820 2091 2968 2163 quod
3019 2092 3195 2148 bestia
3245 2107 3408 2161 quam
3459 2093 3631 2147 inter-

353 2189 644 2250 pretantur
675 2179 1049 2236 communiter
1079 2179 1510 2248 Antichristum,
1551 2182 1618 2236 de
1649 2196 1756 2251 qua
1791 2183 1964 2251 Apoc.
2001 2197 2097 2235 xm
2131 2182 2480 2252 potissimum
2503 2197 2648 2252 cap.,
2679 2197 2804 2252 qua:
2849 2181 3100 2237 ascendit
3130 2182 3197 2236 de
3227 2189 3375 2236 terra
3421 2181 3628 2237 habens

355 2269 470 2324 duo
499 2284 704 2324 cornua
734 2268 935 2323 similia
966 2269 1120 2340 agni,
1153 2269 1390 2340 loquens
1419 2279 1600 2324 tamen
1635 2269 1779 2324 sicut
1809 2261 1976 2324 draco
2001 2271 2098 2340 qui
2129 2279 2212 2325 est
2245 2279 2300 2325 et
2336 2270 2589 2337 Satanas,
2626 2271 2720 2340 qui
2753 2269 3014 2324 virtutem
3062 2284 3127 2324 ac
3157 2269 3342 2324 sedem
3389 2285 3544 2324 suam
3575 2279 3632 2326 et

355 2367 681 2426 potestatem
717 2371 969 2427 magnam
1041 2355 1267 2412 dederat
1295 2355 1462 2426 priori
1511 2356 1718 2422 bestiae,
1757 2373 1952 2428 nempe
1976 2349 2312 2431 gentili'smo,
2359 2373 2414 2417 et
2443 2361 2640 2416 exinde
2670 2369 2833 2415 secta:
2865 2359 3231 2426 Saracenicae,
3275 2361 3348 2414 sit
3394 2359 3634 2429 pseudo-

357 2447 622 2517 propheta
655 2444 1072 2522 Mahumethes:
1109 2447 1201 2518 qui
1235 2461 1549 2517 quanquam
1590 2456 1716 2502 ante
1740 2448 2008 2518 plurimos
2049 2437 2225 2506 annos
2257 2459 2510 2504 mortuus
2541 2450 2633 2514 sit,
2666 2449 2788 2520 ejus
2821 2457 3004 2502 tamen
3047 2457 3218 2514 secta,
3251 2463 3448 2518 nempe
3480 2449 3633 2518 prior

356 2535 556 2598 bestia,
585 2535 732 2589 heu!
767 2535 903 2590 vivit
922 2535 1220 2590 etiamnum
1242 2575 1258 2602 ,
1288 2534 1632 2605 nimiumque
1661 2545 1947 2607 grassatur
1977 2537 2238 2593 adversus
2267 2534 2362 2590 Dei
2399 2536 2660 2606 populum
2694 2553 2706 2590 :
2740 2535 2904 2606 idque
2937 2535 3146 2590 tamdiu
3175 2534 3396 2588 durabit
3433 2535 3630 2601 donec,

351 2624 514 2693 juxta
548 2623 838 2694 septimum
869 2635 1038 2695 caput
1064 2623 1327 2690 Danielis,
1371 2639 1603 2696 regnum
1638 2625 1798 2680 detur
1827 2625 2029 2696 populo
2081 2632 2404 2678 sanctorum
2447 2622 2716 2678 Altissimi
2747 2642 2760 2677 :
2817 2637 3014 2690 nempe
3045 2637 3193 2686 cum,
3252 2629 3378 2692 post
3413 2621 3634 2694 longam

359 2725 550 2781 pacem
578 2727 644 2766 ac
673 2713 1032 2766 securitatem
1059 2711 1466 2779 intermediam,
1493 2729 1711 2769 rursum
1744 2714 2005 2768 adversus
2036 2711 2184 2766 hunc
2215 2711 2308 2765 Dei
2329 2711 2593 2782 pepulum
2623 2726 2873 2781 pugnans
2892 2710 3036 2765 dicta
3065 2711 3240 2764 bestia
3269 2725 3391 2764 cum
3427 2712 3634 2780 ingenti

357 2797 626 2863 exercitu,
655 2797 944 2869 designato
981 2813 1076 2870 per
1102 2797 1220 2870 Gog
1248 2807 1303 2854 et
1334 2799 1530 2870 Magog
1562 2799 1652 2869 (de
1680 2816 1791 2870 quo
1811 2799 2013 2856 Ezech.
2045 2815 2163 2870 cap.
2202 2815 2406 2853 xxxvnt
2436 2808 2711 2872 et'xxxtx,
2741 2807 2792 2853 et
2821 2798 2993 2868 Apoc.
3047 2797 3162 2869 xx),
3190 2799 3393 2870 ingenti
3421 2799 3572 2854 clade
3603 2817 3635 2854 a

363 2885 476 2941 Deo
501 2895 961 2955 prosternentur,
990 2886 1454 2957 quemadmodum
1484 2887 1688 2943 dicitur
1741 2889 1878 2944 locis
1925 2888 2090 2943 modo
2131 2887 2314 2941 citatis
2347 2906 2360 2941 :
2397 2896 2522 2956 post
2546 2887 2691 2956 quod
2719 2901 2849 2942 vera
2902 2895 2950 2941 et
2989 2887 3231 2956 perfecta
3287 2901 3392 2956 pax
3427 2887 3533 2941 erit
3578 2889 3634 2942 in

359 2971 613 3029 Ecclesia
653 2988 718 3029 ac
760 2987 930 3042 purus
982 2973 1076 3027 Dei
1125 2973 1312 3028 cultus
1337 2975 1406 3028 ab
1438 2975 1590 3029 omni
1621 2975 1817 3029 hazrcsi
1855 2985 1908 3030 et
1937 2979 2322 3046 persecutione
2357 2988 2648 3048 separatus
2689 2996 2701 3032 :
2731 2978 3198 3048 quemadmodum
3233 2989 3636 3048 consequenter

359 3063 684 3119 describunt
723 3063 981 3119 Ezechiel
1010 3077 1134 3134 cap.
1165 3078 1233 3117 xi.
1265 3071 1320 3118 et
1345 3065 1702 3134 sequentibus
1723 3109 1736 3132 ,
1762 3075 1816 3119 et
1849 3065 2022 3136 Apoc.
2060 3081 2175 3130 xxt,
2207 3081 2340 3120 xxu.
2370 3063 2436 3119 Et
2463 3066 2592 3136 quia
2630 3067 2747 3121 haec
2780 3067 3108 3136 populorum
3155 3065 3224 3120 ad
3274 3067 3479 3121 bellum
3531 3067 3638 3122 hoc

361 3163 703 3221 postremum
735 3152 1090 3224 congregatio
1125 3151 1357 3223 ipsaque
1391 3168 1592 3224 pugna,
1628 3153 1802 3208 multo
1838 3162 2084 3224 tempore
2123 3153 2343 3210 durabit
2389 3171 2516 3210 cum
2550 3169 2750 3226 magna
2803 3153 3252 3210 Christianorum
3302 3155 3596 3211 aﬂlietione
3619 3198 3636 3219 .

361 3241 492 3297 ideo
525 3241 898 3296 communiter
951 3241 1260 3312 appellatur
1292 3241 1634 3297 novissimus
1673 3241 1999 3297 Antichristi
2025 3241 2314 3310 adventus,
2349 3243 2455 3298 hoc
2483 3250 2752 3298 estsecta:
2780 3242 2923 3312 ejus,
2954 3257 3078 3312 quae
3121 3242 3212 3298 hic
3253 3243 3456 3300 dicitur
3483 3246 3638 3315 prior

363 3329 563 3397 bestia,
594 3329 680 3384 cui
705 3329 894 3394 draco,
937 3329 990 3384 id
1025 3337 1110 3384 est
1139 3328 1397 3394 Satanas,
1431 3329 1582 3384 dedit
1613 3329 1875 3384 virtutem
1930 3344 1995 3385 ac
2029 3329 2216 3386 sedem
2246 3345 2402 3386 suam
2439 3340 2494 3385 et
2535 3337 2860 3400 potestatem
2901 3345 3179 3402 magnam.
3227 3329 3636 3389 Convenienter

365 3432 503 3488 ergo
535 3426 781 3473 tractans
819 3417 909 3472 hic
936 3416 1224 3487 apostolus
1254 3417 1321 3472 de
1343 3415 1562 3471 excidio
1592 3416 1910 3487 gentilismi,
1941 3419 2105 3473 etiam
2133 3419 2821 3492 intermiscetgravitatcm
2855 3418 3255 3489 persecutionis
3280 3431 3439 3475 secta:
3473 3423 3638 3476 Sara-

367 3505 572 3561 Cenicze
591 3505 823 3575 ejusque
853 3505 1288 3560 subversionem.
1331 3502 1520 3574 Neque
1551 3504 1635 3559 his
1668 3504 1894 3560 obviare
1928 3506 2144 3564 videtur
2158 3509 2303 3580 quod
2339 3510 2414 3563 ait
2446 3509 2740 3578 Apostolus
2768 3509 2814 3564 ll
2842 3507 3036 3566 Thess.
3064 3526 3124 3575 ιι,
3153 3510 3298 3580 quod
3326 3511 3448 3579 ejus
3485 3531 3504 3563 ‹
3536 3513 3637 3566 ad-

367 3601 564 3650 ventus
588 3596 660 3650 sit
692 3593 998 3649 secundum
1055 3593 1428 3663 operationem
1490 3591 1706 3649 Satanas
1747 3595 1800 3648 in
1855 3595 2026 3665 signis
2058 3611 2123 3650 ac
2175 3595 2434 3666 prodigiis
2469 3595 2830 3652 mendacibus
2869 3606 2928 3652 et
2975 3613 3100 3653 cum
3137 3599 3288 3652 omni
3314 3599 3639 3670 deceptione

365 3683 652 3755 injustitiae
681 3684 735 3738 in
777 3683 862 3738 his
900 3683 1269 3754 quipereunt,
1305 3683 1562 3755 quodque
1587 3683 1850 3739 ell'eratur
1880 3685 2145 3740 adversus
2177 3697 2394 3738 omnem
2427 3683 2521 3754 qui
2560 3683 2766 3739 dicitur
2812 3683 2959 3740 Deus
3005 3693 3102 3740 aut
3139 3701 3368 3752 numen,
3411 3687 3550 3742 adeo
3579 3699 3641 3742 ut

365 3776 423 3827 in
453 3773 657 3843 templo
693 3772 788 3826 Dei
835 3778 1100 3842 tanquam
1140 3770 1284 3826 Deus
1321 3771 1531 3839 sedeat,
1568 3781 1857 3828 ostentans
1901 3773 2144 3843 seipsum
2191 3787 2315 3827 esse
2364 3773 2576 3828 Deum:
2608 3788 2774 3844 quem
2815 3773 3114 3842 Dominus,
3150 3776 3350 3846 inquit,
3389 3778 3643 3834 conﬁciet

363 3862 570 3932 spiritu
605 3860 720 3915 oris
771 3859 880 3926 sui,
921 3867 976 3914 et
1032 3858 1271 3914 abolebit
1320 3859 1572 3914 claritate
1616 3860 1885 3916 adventus
1935 3859 2041 3916 sui.
2085 3879 2104 3912 ι
2147 3859 2224 3914 Ex
2245 3875 2355 3931 quo
2383 3869 2437 3914 et
2475 3861 2642 3915 etiam
2668 3863 2799 3932 quia
2827 3863 3170 3932 praemiserat
3199 3878 3311 3918 non
3345 3876 3639 3922 venturum

365 3967 494 4006 esse
523 3949 814 4005 Dominum
849 3949 957 4004 nisi
989 3947 1146 4018 prius
1183 3947 1518 4003 revelaretur
1559 3948 1646 4003 hic
1678 3949 1843 4004 homo
1871 3949 2077 4019 peccati
2107 3949 2252 4003 lilius
2289 3948 2636 4018 perditionis,
2677 3949 2908 4004 innuere
2927 3949 3162 4016 videtur,
3191 3949 3246 4004 in
3279 3951 3444 4022 hujus
3475 3953 3644 4008 inter-

365 4042 650 4110 emptione
685 4039 869 4094 statim
907 4047 1200 4092 venturum
1234 4051 1356 4092 esse
1409 4037 1692 4094 Christum
1722 4037 1788 4092 ad
1818 4037 2106 4108 judicium.
2140 4037 2290 4102 Haec,
2326 4035 2576 4107 inquam,
2611 4052 2718 4090 non
2765 4037 3012 4092 obstant.
3051 4037 3297 4093 Primum
3337 4041 3482 4094 enim
3525 4057 3644 4095 ma-

367 4129 636 4186 nifestum
659 4135 743 4183 est
779 4141 970 4180 verum
999 4139 1124 4180 esse
1149 4140 1255 4180 non
1293 4134 1584 4179 venturum
1607 4139 1732 4181 esse
1761 4125 2054 4181 Dominum
2091 4127 2199 4182 nisi
2251 4126 2340 4182 ille
2367 4127 2670 4193 reveletur,
2709 4143 2834 4182 cum
2878 4127 3205 4198 jamdudum
3236 4129 3329 4184 ille
3369 4131 3644 4188 revelatus

370 4219 465 4284 sit,
505 4219 618 4272 imo
639 4225 692 4271 et
725 4223 977 4270 mortuus
1013 4213 1066 4268 in
1103 4227 1203 4268 sua
1251 4227 1485 4283 persona
1517 4230 1532 4268 :
1568 4229 1732 4283 quem
1765 4221 1949 4268 tamen
1995 4212 2264 4269 Dominus
2297 4213 2654 4270 conlecturus
2675 4215 2878 4270 dicitur
2908 4216 3103 4286 spiritu
3129 4256 3144 4281 ,
3171 4225 3303 4282 etc.,
3334 4218 3462 4287 quia
3498 4219 3644 4277 sicut

369 4311 428 4362 in
455 4307 629 4363 sacris
654 4304 875 4360 Litteris
903 4303 1218 4374 frequenter
1245 4309 1331 4357 est
1351 4301 1668 4371 metaphora
1691 4317 1722 4356 a
1750 4303 1928 4373 capite
1955 4299 2178 4358 Christo
2204 4302 2272 4358 ad
2302 4303 2424 4374 ejus
2449 4304 2719 4370 membra,
2741 4318 2864 4373 quae
2886 4303 3050 4359 simul
3097 4319 3221 4358 cum
3264 4320 3331 4360 eo
3369 4321 3529 4360 unam
3559 4309 3646 4361 di-

372 4407 578 4450 cuntur
616 4391 952 4450 constituere
1001 4405 1291 4461 personam
1326 4409 1338 4444 :
1375 4397 1424 4443 et
1453 4389 1596 4460 quod
1620 4390 1687 4444 de
1703 4389 1924 4445 Christo
1957 4389 2177 4456 dicitur,
2213 4395 2414 4462 sarpius
2439 4392 2494 4446 in
2534 4391 2710 4462 ipsius
2744 4392 3006 4447 membris
3029 4394 3335 4463 completur
3367 4405 3459 4450 :et
3486 4397 3635 4466 quod

371 4484 444 4538 de
472 4481 665 4550 Jacob,
707 4483 764 4535 in
817 4479 947 4535 ﬁliis
979 4477 1144 4534 Israel
1182 4496 1195 4532 :
1231 4477 1303 4531 ita
1353 4477 1516 4531 etiam
1546 4477 1746 4532 dicitur
1795 4491 1826 4531 a
1877 4475 2112 4532 Domino
2164 4481 2540 4535 conliciendus
2581 4480 2636 4535 in
2673 4489 2956 4550 postremo
2999 4489 3165 4536 secta:
3215 4481 3337 4552 ejus
3380 4483 3648 4542 adversus

371 4571 718 4627 Christianos
751 4566 962 4638 ingenti
993 4565 1212 4636 proelio,
1241 4579 1352 4635 quo
1389 4579 1499 4618 non
1523 4563 1724 4620 virtute
1759 4564 1953 4621 bellica
1983 4576 2080 4622 aut
2118 4569 2327 4624 viribus
2356 4568 2824 4637 Christianorum,
2875 4569 2968 4626 sed
3001 4571 3198 4640 spiritu
3238 4571 3352 4627 oris
3393 4572 3510 4628 sive
3549 4589 3651 4630 vo-

375 4661 586 4713 luntate
615 4655 832 4711 Domini
857 4654 1184 4710 conﬁcietur
1205 4695 1220 4718 ,
1248 4663 1304 4708 et
1336 4653 1591 4708 claritate
1621 4654 1888 4709 adventus
1921 4655 2044 4721 sui,
2082 4673 2193 4726 quo
2225 4665 2417 4728 aperte
2459 4658 2646 4713 veniet
2701 4657 2909 4714 auxilio
2948 4658 3304 4715 Christianis.
3362 4660 3648 4731 Siquidem

373 4747 522 4819 quod
553 4761 660 4802 non
693 4745 824 4801 velit
849 4753 981 4798 tunc
1016 4743 1452 4798 interimendum
1483 4743 1884 4798 Antichristum
1920 4753 2017 4798 aut
2048 4746 2340 4801 ﬁniendam
2393 4749 2693 4802 immanem
2729 4747 2903 4818 ipsius
2931 4749 3393 4820 persecutionem,
3424 4765 3547 4804 eum
3579 4753 3646 4806 ad

371 4845 679 4892 extremum
714 4831 984 4904 judicium
1017 4841 1282 4888 venturus
1308 4841 1390 4887 est
1434 4829 1723 4895 Dominus,
1758 4830 2050 4888 manifeste
2081 4843 2229 4904 patet
2259 4851 2326 4889 ex
2353 4849 2420 4890 eo
2447 4835 2594 4906 quod
2625 4835 2702 4890 ait
2737 4837 2880 4891 idem
2909 4837 3229 4906 Apostolus,
3263 4837 3277 4890 Ι
3307 4835 3504 4892 Thess.
3537 4855 3590 4894 v.
3631 4860 3646 4894 ~.

381 4944 400 4976 ι
439 4925 566 4980 Dies
595 4922 812 4978 Domini
855 4921 1000 4976 sicut
1026 4918 1112 4974 fur
1147 4919 1202 4973 in
1236 4929 1417 4984 nocte,
1454 4919 1528 4974 ita
1551 4919 1750 4974 veniet.
1776 4919 1912 4975 Cum
1948 4921 2094 4975 enim
2131 4923 2391 4988 dixerint,
2425 4923 2537 4978 Pax
2567 4935 2622 4980 et
2663 4933 2780 4979 tuta
2815 4925 3022 4986 omnia,
3058 4935 3188 4978 tunc
3221 4927 3537 4994 repentinus
3566 4927 3651 4981 eis

377 5011 730 5082 superveniet
757 5008 1011 5063 interitus
1041 5025 1056 5074 ;
1097 5025 1116 5058 ι
1149 5007 1432 5078 magisque
1465 5021 1533 5061 ex
1564 5022 1629 5062 eo
1663 5007 1810 5077 quod
1841 5006 2034 5063 Matth.
2069 5025 2196 5066 xxrv
2228 5027 2294 5066 ac
2329 5012 2465 5068 Luc.
2493 5029 2604 5068 xvu
2634 5013 2877 5067 ostendit
2905 5011 3173 5067 Dominus
3201 5011 3348 5082 quod
3401 5022 3526 5067 ante
3558 5012 3653 5082 ju-

373 5101 583 5156 dicium
613 5105 778 5153 erunt
812 5095 1065 5152 homines
1097 5095 1152 5149 in
1179 5095 1342 5165 longa
1367 5109 1503 5165 pace
1531 5109 1597 5151 ac
1626 5095 1942 5152 securitate.
1971 5115 1990 5149 ι
2023 5096 2180 5153 Sicut
2215 5109 2397 5164 erant.
2457 5100 2656 5170 inquit,
2711 5099 2832 5154 dies
2868 5097 3005 5163 Noe,
3037 5099 3110 5152 ita
3155 5100 3260 5152 crit
3296 5109 3352 5153 et
3383 5099 3651 5156 adventus

375 5187 504 5243 Filii
539 5185 804 5242 hominis.
833 5184 991 5239 Sicut
1029 5185 1174 5239 enim
1224 5193 1375 5237 erant
1409 5183 1463 5237 in
1513 5183 1708 5239 diebus
1741 5185 1838 5254 qui
1892 5194 2290 5255 praecesserunt
2317 5187 2582 5242 diluvium
2616 5187 2841 5242 edentes
2869 5197 2922 5242 et
2955 5185 3225 5252 bibentes,
3260 5188 3650 5241 contrahentes

377 5276 802 5333 matrimonium
835 5283 893 5328 et
918 5283 1151 5344 nuptum
1180 5272 1398 5338 dantes,
1430 5287 1606 5341 usque
1625 5272 1691 5327 ad
1718 5287 1844 5327 eum
1871 5273 2014 5328 diem
2050 5289 2160 5344 quo
2184 5275 2409 5330 intravit
2453 5273 2566 5330 Noe
2598 5276 2652 5330 in
2685 5289 2891 5340 arcam,
2935 5289 3036 5328 nec
3069 5281 3448 5345 cognoverunt
3474 5273 3652 5327 donec

376 5365 532 5421 venit
561 5363 834 5419 diluvium
872 5373 925 5418 et
957 5363 1084 5417 tulit
1113 5361 1406 5417 universos
1445 5379 1457 5415 :
1492 5362 1566 5415 ita
1601 5362 1706 5416 erit
1729 5371 1783 5416 et
1813 5361 2084 5419 adventus
2111 5361 2232 5417 Filii
2266 5363 2527 5418 hominis.
2569 5383 2587 5414 ι
2643 5361 2830 5433 Itaque
2851 5362 2998 5434 quod
3035 5361 3108 5418 ibi
3157 5361 3318 5432 paulo
3349 5372 3474 5415 ante
3508 5361 3651 5415 dici-

375 5465 491 5519 tur,
531 5471 551 5505 t
585 5451 652 5508 Et
679 5461 814 5508 tunc
843 5450 1126 5521 apparebit
1149 5451 1366 5521 signum
1403 5448 1525 5503 Filii
1557 5449 1798 5505 hominis
1827 5469 1840 5504 :
1877 5451 1944 5506 Et
1960 5462 2089 5507 tunc
2107 5453 2362 5523 plangent
2390 5467 2582 5506 omnes
2605 5451 2780 5507 tribus
2813 5449 2994 5518 terrae;
3034 5469 3052 5502 ι
3087 5465 3193 5505 non
3234 5449 3438 5504 indicat
3465 5451 3650 5504 statim

375 5545 432 5600 id
460 5543 746 5612 subsequi,
779 5539 874 5596 sed
905 5540 1082 5595 solum
1119 5539 1268 5609 quod
1299 5547 1486 5609 postea
1509 5547 1801 5610 sequetur:
1839 5541 1934 5610 qni
1963 5542 2158 5596 modus
2182 5539 2482 5611 accipiendi
2508 5538 2676 5604 Tunc,
2705 5540 2788 5595 vel
2824 5539 2888 5594 In
2909 5539 3089 5594 diebus
3129 5539 3260 5600 illis,
3293 5537 3408 5592 sive
3459 5535 3522 5590 lu
3555 5537 3652 5591 illo

377 5643 632 5701 tempore,
653 5630 914 5700 frequens
936 5637 1020 5684 est
1049 5629 1104 5683 in
1140 5627 1314 5684 sacris
1331 5627 1550 5684 Litteris
1584 5647 1596 5682 :
1629 5629 2091 5699 quemadmodum
2121 5627 2348 5682 adnotat
2381 5635 2568 5683 noster
2597 5627 2926 5700 Euthymius
2949 5643 3114 5698 super
3148 5625 3280 5681 illud
3307 5624 3500 5680 Matth.
3531 5641 3608 5680 xu
3636 5644 3650 5680 :

383 5739 402 5772 ε
446 5719 604 5774 Tunc
631 5719 901 5774 adductus
923 5725 1010 5773 est
1035 5718 1086 5773 ei
1117 5717 1492 5772 daemoniacus
1512 5759 1525 5782 ,
1567 5735 1586 5769 ι
1633 5731 1968 5787 rursumque
1989 5729 2158 5786 super
2190 5715 2323 5770 illud
2345 5713 2538 5772 Matth.
2575 5731 2638 5772 ut
2675 5733 2690 5772 :
2724 5733 2744 5768 ι
2786 5713 2842 5770 In
2875 5716 3070 5772 diebus
3099 5715 3207 5769 illis
3235 5717 3382 5768 venit
3413 5713 3656 5768 Joannes

379 5807 623 5878 Baptista
653 5807 962 5878 praedicans
1011 5806 1067 5860 in
1105 5807 1322 5862 deserto
1364 5803 1584 5861 Judatte.
1625 5825 1643 5856 ι
1689 5805 1755 5861 Ει
1780 5803 2161 5860 OEcumenius
2199 5817 2364 5873 super
2389 5803 2522 5858 illud
2565 5805 2689 5862 Act.
2715 5819 2768 5860 vi
2802 5821 2816 5860 :
2856 5823 2874 5856 ι
2907 5803 2961 5857 In
2999 5803 3085 5858 his
3137 5811 3322 5856 autem
3357 5801 3574 5857 diebus.
3631 5820 3650 5850 ι

379 5897 560 5956 Porro
581 5899 738 5970 signa
769 5913 834 5953 ac
859 5895 1108 5966 prodigia
1139 5897 1427 5952 mendacia
1461 5895 1728 5952 adventus
1755 5893 2082 5950 Antichristi
2111 5892 2166 5947 in
2199 5889 2287 5947 his
2317 5893 2410 5962 qui
2445 5901 2700 5964 pereunt,
2739 5893 2852 5950 imo
2890 5901 2946 5948 ut
2971 5893 3048 5947 ait
3085 5890 3363 5956 Christus,
3393 5891 3467 5943 ita
3507 5899 3566 5944 ut
3597 5891 3656 5943 in

706 5995 974 6056 PATROL.
1023 5994 1138 6053 Gn.
1187 5993 1283 6052 CV
1297 5995 1336 6052 l.
3389 5985 3463 6044 16
