4102 6466
528 450 629 516 491
1626 450 1834 511 JOAN'.
1878 448 2148 511 ΠΕΝΤΕῙ

2131 451 2255 511 NII
2292 452 2704 515 PREFATIO.
3658 461 3751 526 492

527 580 771 623 errorem
803 563 1097 632 ducantur,
1140 564 1186 620 si
1224 564 1337 619 licri
1364 571 1564 633 potest,
1596 563 1759 617 etiam
1792 564 1974 630 electi,
2008 572 2136 618 sunt
2160 566 2327 620 variis
2356 582 2419 620 ac
2443 567 2805 623 multiformes
2833 566 2953 636 ejus
2980 566 3193 622 tcrhna:
3237 567 3303 623 ad
3352 566 3680 625 seducendos
3707 584 3755 628 et

528 653 886 724 pellicicndos
917 652 1011 706 Del
1052 667 1263 707 servos.
1292 651 1543 720 Cumque
1570 665 1631 706 se
1654 665 1719 705 ac
1736 666 1894 704 suam
1917 662 2122 705 sectam
2156 652 2578 710 Christianismo
2598 657 2916 724 cmterisque
2946 656 3157 725 legibus
3184 656 3439 710 omnibus
3471 671 3751 726 praeponat,

529 757 599 795 an
653 756 759 794 non
788 739 1075 795 seextollit
1118 751 1284 807 supra
1312 752 1530 792 onmem
1565 738 1659 807 qui
1695 739 1898 792 dicitur
1929 738 2073 793 Deus
2116 748 2211 792 aut
2242 741 2479 794 numen?
2508 741 2704 795 sedens
2743 743 2857 796 sive
2896 730 3173 811 imperans
3203 743 3259 795 in
3319 743 3517 811 templo
3548 742 3655 807 Dei,
3678 748 3754 800 Vel

530 829 622 883 ubi
654 828 808 896 prius
834 835 992 881 erant
1025 825 1287 883 Ecclesiae
1322 825 1434 887 Dei,
1464 835 1557 879 aut
1581 824 1703 878 viva
1736 824 1830 879 Dei
1860 825 2082 895 templa.
2113 825 2216 890 Qui
2246 826 2410 880 etiam
2459 826 2589 880 fecit
2621 836 2678 881 ut
2710 827 2910 881 dicitur
2945 831 3112 896 Apoc.
3152 843 3274 892 xm,
3312 827 3489 898 ignem
3528 828 3620 883 ira:
3670 831 3753 886 Dei

531 914 861 967 descendere
884 912 938 966 in
976 921 1199 976 terram,
1217 912 1373 980 juxta
1405 910 1536 965 illud
1559 910 1696 980 psal.
1734 926 1847 965 xvu
1877 927 1892 964 :
1920 930 1938 962 ι
1967 912 2228 967 Ascendit
2258 912 2441 968 fumus
2467 915 2520 967 in
2555 915 2635 968 ira
2658 914 2775 984 ejus
2796 923 2851 969 et
2884 916 3023 985 ignis
3044 929 3072 969 a
3114 915 3254 970 facie
3275 916 3758 984 ejusexarsit,car-

529 1003 699 1056 bones
728 1001 981 1055 succensi
1012 1007 1143 1055 sunt
1178 1001 1247 1055 ab
1278 1014 1366 1055 eo.
1402 1018 1422 1052 ι
1468 1004 1576 1054 Aut
1607 1000 1661 1054 in
1701 1008 1999 1070 conspectu
2038 1000 2322 1055 hominum
2346 1000 2547 1055 dicitur
2577 1000 2681 1055 hoc
2713 1000 2930 1065 fecisse,
2957 1002 3007 1055 id
3039 1010 3125 1057 est
3150 1002 3298 1071 quod
3344 1004 3420 1055 ait
3449 1003 3755 1071 Apostolus,

532 1106 552 1139 ι
590 1089 644 1141 ln
674 1088 931 1158 prodigiis
957 1088 1334 1150 mendacibus,
1375 1106 1394 1138 ι
1428 1087 1557 1157 quia
1581 1089 1769 1143 volens
1795 1088 2073 1143 occultare
2102 1087 2353 1141 morbum
2386 1101 2549 1141 suum
2579 1085 2872 1152 caducum,
2897 1087 3115 1142 dicebat
3135 1101 3196 1143 se
3212 1087 3410 1143 cadere
3437 1104 3504 1144 ex
3532 1090 3756 1146 illustra-

530 1177 676 1229 tione
692 1176 872 1244 angeli
903 1175 969 1230 de
990 1176 1131 1230 caalo
1154 1176 1220 1229 ad
1257 1190 1316 1230 se
1354 1174 1735 1230 descendentis
1769 1175 1985 1244 sibique
2006 1174 2282 1245 loquentis
2320 1191 2333 1228 :
2368 1174 2435 1228 de
2464 1173 2666 1242 quibus
2699 1174 2908 1243 angelis
2931 1175 3070 1243 psal.
3106 1190 3200 1229 cut
3223 1183 3278 1229 et
3309 1174 3446 1231 ﬂeb.
3476 1192 3492 1230 ι
3524 1176 3715 1232 dicitur
3744 1199 3755 1233 :

533 1281 553 1313 ι
589 1265 690 1328 Qui
724 1262 860 1317 facit
884 1264 1111 1333 angelos
1139 1278 1271 1317 suos
1298 1264 1525 1332 spiritus
1553 1272 1608 1317 et
1628 1262 1915 1317 ministros
1944 1278 2076 1317 suos
2105 1262 2379 1316 ﬂammam
2409 1260 2575 1331 ignis.
2602 1280 2621 1311 ι
2657 1260 2813 1315 Dedit
2829 1262 2994 1315 etiam
3026 1262 3281 1331 spiritum
3308 1262 3530 1332 imagini
3566 1265 3757 1333 bestia‘,

529 1351 737 1405 faciens
768 1362 823 1405 ut
848 1352 1194 1421 loqueretur,
1228 1351 1449 1421 quando
1474 1350 1644 1420 legem
1676 1366 1789 1404 sua
1819 1360 1980 1405 secta:
2005 1350 2261 1404 omnibus
2292 1365 2493 1419 magno
2535 1365 2660 1403 eum
2713 1350 2942 1405 horrore
2989 1350 3359 1420 promulgavit
3391 1370 3405 1405 :
3454 1351 3559 1407 hoc
3609 1356 3759 1409 etiam

529 1439 693 1493 modo
733 1438 939 1495 faciens
967 1453 1161 1494 omnes
1185 1439 1421 1494 adorare
1444 1438 1736 1508 imaginem
1772 1438 1977 1503 bestia,
2001 1446 2058 1492 et
2097 1437 2271 1507 utqui
2303 1454 2411 1491 non
2451 1438 2714 1492 haberent
2756 1437 3127 1493 characterem
3184 1439 3371 1493 bestia:
3416 1454 3521 1493 non
3553 1452 3762 1509 possent

528 1542 713 1581 emere
738 1538 833 1582 aut
860 1529 1096 1582 vendere
1130 1545 1144 1581 :
1180 1527 1400 1597 quando
1420 1527 1557 1580 dixit
1585 1541 1646 1581 se
1675 1526 1903 1580 missum
1944 1540 1975 1579 a
2008 1524 2118 1579 Deo
2153 1526 2207 1578 in
2243 1525 2445 1596 gladio,
2473 1524 2672 1593 jubens
2700 1540 2891 1579 omnes
2915 1524 3175 1579 trucidari
3200 1525 3296 1595 qui
3330 1540 3488 1581 suam
3520 1539 3625 1580 non
3648 1542 3762 1582 sus-

528 1613 776 1681 cipercnt
810 1622 1036 1668 sectam.
1062 1613 1304 1668 Rursum
1337 1629 1443 1667 non
1468 1612 1812 1683 obstatquod
1836 1612 1997 1682 vulgo
2018 1612 2275 1666 dicuntur
2306 1611 2491 1665 Enoch
2528 1621 2583 1665 et
2650 1610 2798 1665 Elias
2827 1612 3039 1665 venturi
3066 1620 3126 1665 ut
3152 1625 3273 1666 sese
3304 1612 3381 1666 illi
3406 1624 3677 1681 opponant
3705 1630 3763 1670 ac

528 1715 652 1754 eum
689 1703 1042 1761 convincant,
1084 1712 1307 1771 propter
1335 1703 1389 1756 id
1431 1703 1577 1772 quod
1605 1702 1806 1755 dicitur
1837 1702 2008 1771 Apoc.
2041 1718 2091 1755 ιιι
2121 1720 2134 1756 :
2171 1718 2189 1751 ι
2236 1700 2299 1754 Ει
2328 1700 2469 1754 dabo
2492 1700 2704 1754 duobus
2740 1700 2971 1755 testibus
3012 1701 3170 1764 meis,
3197 1709 3251 1753 et
3276 1701 3709 1770 prophetabunt;
3736 1720 3754 1755 ι

529 1788 675 1856 quod
702 1789 823 1843 ideo
846 1789 911 1843 de
936 1788 1051 1843 Elia
1086 1790 1477 1858 interpretatur
1502 1790 1643 1859 Aug.
1676 1804 1769 1842 xx.
1798 1788 1875 1842 De
1902 1788 2044 1841 civit.
2073 1787 2193 1853 Dei,
2220 1803 2343 1842 cum
2368 1787 2493 1842 aliis
2523 1787 2797 1857 pluribus,
2826 1788 2952 1857 quia
2984 1786 3212 1843 Malaeh.
3243 1803 3295 1841 tv
3327 1788 3528 1842 dicitur
3559 1806 3574 1843 :
3605 1807 3622 1838 ι
3648 1788 3759 1843 Mit-

530 1884 637 1926 tam
665 1876 819 1929 vobis
851 1876 1023 1932 Eliatn
1052 1877 1375 1946 prophetam
1405 1884 1696 1947 antequam
1728 1874 1911 1929 veniat
1946 1874 2064 1931 dies
2104 1874 2342 1929 Domini.
2374 1893 2392 1925 ι
2437 1875 2683 1928 Alterum
2707 1888 2837 1929 vero
2862 1872 3070 1928 iaciunt
3101 1874 3307 1940 Enoch,
3335 1876 3467 1945 quia
3492 1872 3627 1930 Gen.
3658 1892 3689 1930 v
3716 1886 3764 1930 et

464 2006 469 2010 .
530 1964 701 2021 Eccli.
736 1981 859 2020 xuv
882 1967 1080 2021 dicitur
1106 1966 1290 2021 Enoch
1316 1966 1611 2022 translatus
1638 1975 1693 2022 et
1721 1982 1830 2021 non
1865 1975 2137 2029 mortuus,
2160 1967 2303 2022 sicut
2325 1965 2473 2022 Elias
2503 1982 2670 2023 curru
2706 1967 2865 2037 igneo
2898 1966 2951 2021 in
2972 1967 3168 2022 coalum
3197 1976 3415 2035 vectus,
3440 1966 3506 2022 ιγ
3548 1967 3676 2040 Reg.
3706 1984 3761 2023 ιι.

528 2052 770 2108 Primum
804 2064 985 2110 autem
1020 2071 1125 2109 non
1157 2055 1358 2110 dicitur
1390 2056 1478 2111 hic
1505 2070 1605 2110 nec
1636 2055 1768 2109 alibi
1806 2058 1859 2109 in
1894 2056 2069 2110 sacris
2104 2053 2324 2108 Litteris
2350 2052 2495 2123 quod
2526 2052 2743 2131 illi.sint
2773 2050 2943 2108 futuri
2973 2062 3178 2109 testes:
3210 2054 3356 2124 quod
3386 2054 3431 2108 si
3476 2056 3636 2110 etiam
3675 2056 3762 2109 ad-

528 2144 857 2207 mitteretur,
895 2158 1002 2197 non
1032 2152 1311 2214 oporteret
1333 2143 1477 2213 quod
1509 2144 1775 2198 adversus
1812 2143 1983 2213 ipsius
2016 2156 2305 2213 personam
2346 2151 2681 2212 pugnarent,
2720 2142 2813 2195 sed
2844 2142 2976 2196 satis
3002 2149 3148 2196 esset
3185 2142 3331 2212 quod
3367 2142 3632 2198 adversus
3656 2143 3766 2210 ejus

526 2241 731 2287 sectam
759 2231 873 2286 sive
904 2233 1141 2303 priorem
1167 2232 1419 2296 bestiam,
1458 2233 1743 2287 autetiam
1781 2232 2046 2286 adversus
2091 2228 2459 2300 gentilismum
2499 2244 2511 2282 :
2546 2229 2784 2283 maxime
2816 2228 2962 2298 quod
3001 2227 3048 2283 si
3096 2228 3209 2282 [nec
3239 2226 3473 2303 Joannis
3520 2229 3764 2283 revelatio

526 2320 721 2373 ordine
760 2300 1026 2389 procedit,
1062 2319 1129 2375 de
1162 2320 1360 2374 horum
1397 2320 1681 2390 prophetia
1712 2329 1766 2373 et
1806 2327 1984 2373 morte
2029 2317 2177 2370 illata
2212 2331 2241 2369 a
2282 2315 2453 2370 bestia
2485 2331 2606 2385 qua:
2635 2316 2884 2371 ascendit
2913 2316 2978 2370 de
3008 2314 3228 2386 abysso.
3256 2300 3547 2390 ar‘c'orum
3594 2331 3766 2371 resur-

525 2387 774 2467 rectione
794 2422 1049 2467 narratur
1074 2414 1252 2483 capite
1278 2430 1351 2478 st,
1385 2387 1625 2482 tempore
1648 2412 1901 2468 videlicet
1925 2419 2092 2467 sextae
2123 2413 2265 2465 tubae
2294 2428 2307 2463 :
2340 2426 2505 2481 porro
2536 2411 2710 2467 bestia
2742 2426 2863 2482 quae
2910 2387 3345 2466 Antichristum.
3364 2411 3658 2481 designare
3685 2412 3764 2466 di-

527 2498 693 2564 citur,
717 2499 925 2553 habens
948 2500 1058 2555 duo
1088 2516 1293 2555 cornua
1322 2501 1521 2556 similia
1550 2502 1698 2570 agni,
1729 2516 1850 2571 cap.
1884 2516 1980 2554 xm
2022 2516 2085 2553 ae
2110 2509 2353 2571 tempore
2387 2499 2630 2567 septima:
2670 2499 2815 2553 tuba:
2847 2498 3046 2553 dicitur
3077 2498 3375 2553 ascendere
3396 2500 3468 2552 de
3504 2507 3675 2563 terra,
3706 2515 3764 2555 eo

525 2584 675 2654 quod
708 2585 752 2639 si
795 2601 966 2654 purus
1006 2587 1172 2641 homo
1189 2602 1503 2656 quanquam
1547 2586 1813 2642 adventus
1836 2587 2010 2656 ipsius
2034 2586 2195 2640 luerit
2221 2587 2519 2640 secundum
2549 2587 2918 2655 operationem
2948 2583 3181 2641 Satanae.
3211 2587 3383 2641 Porro
3414 2584 3764 2657 Hieronymus

526 2686 691 2741 super
720 2683 977 2742 quartum
1010 2683 1173 2743 caput
1217 2674 1515 2738 Malachiae,
1560 2692 1577 2724 ι
1616 2672 1819 2738 Juda-i,
1859 2674 2053 2742 inquit,
2091 2689 2153 2727 ac
2187 2671 2537 2727 Judaizantes
2586 2673 2826 2727 lia-retici
2872 2673 3062 2728 dicunt
3103 2672 3279 2728 Eliam
3314 2685 3609 2729 venturum
3651 2687 3765 2730 ante

526 2773 686 2811 suum
717 2760 1067 2831 εἰλημμένον,
1101 2780 1119 2812 ι
1161 2761 1305 2825 quod
1333 2777 1393 2814 ex
1420 2776 1486 2816 eo
1513 2762 1750 2815 ostendit
1774 2761 1901 2829 quia
1942 2761 2146 2831 discipu

2144 2761 2196 2815 Ili
2229 2760 2418 2816 Matth.
2454 2777 2564 2814 ιιι-ιι
2599 2763 3003 2831 interrogarunt
3043 2761 3334 2817 Dominum
3367 2781 3379 2817 :
3414 2780 3435 2813 ι
3477 2762 3614 2830 Quid
3648 2778 3764 2830 ergo

532 2842 737 2899 Scriba:
760 2846 947 2899 dicunt
972 2846 1116 2915 quod
1144 2846 1313 2900 Eliam
1339 2855 1587 2916 oporteat
1614 2846 1847 2916 primum
1871 2847 2057 2900 venire
2089 2863 2101 2899 :
2142 2865 2161 2897 ι
2195 2848 2288 2901 sed
2323 2847 2535 2901 illorum
2556 2847 2749 2902 falsam
2783 2864 2902 2901 esse
2925 2848 3240 2918 opinionem
3261 2847 3506 2903 ostendit
3528 2848 3765 2903 Christus

525 2942 652 2985 eum
675 2934 965 2999 respondet
994 2952 1005 2986 :
1044 2951 1061 2983 ‹
1104 2932 1247 2987 [ﬁlias
1268 2932 1379 3001 jam
1412 2933 1577 2996 venit,
1612 2942 1665 2986 et
1689 2948 1794 2986 non
1820 2944 2195 2999 cognoverunt
2226 2950 2370 2995 eum,
2397 2938 2489 2990 sed
2528 2935 2772 2990 fecerunt
2803 2938 2855 2989 in
2888 2951 2954 2991 eo
2979 2952 3324 3007 qumeunque
3370 2938 3663 2992 voluerunt
3698 2956 3710 2991 :
3740 2956 3757 2987 ι

527 3019 821 3088 statimque
851 3020 1102 3089 sequitur
1138 3036 1152 3073 :
1185 3038 1203 3071 ι
1236 3020 1387 3074 Tune
1417 3020 1804 3074 intellexerunt
1830 3020 2083 3089 discipuli
2112 3021 2259 3090 quod
2284 3022 2350 3077 de
2379 3022 2589 3077 Joanne
2621 3022 2860 3092 Baptista
2895 3024 3127 3078 dixisset
3157 3024 3311 3091 ipsis.
3344 3043 3364 3077 ι
3408 3025 3765 3095 Hieronymus

526 3119 708 3165 autem
729 3128 792 3166 eo
819 3114 939 3167 loco
969 3128 1065 3182 per
1090 3110 1263 3165 Eliam
1293 3113 1542 3184 intelligit
1569 3111 1938 3182 pr0phctiam,
1978 3113 2122 3166 sicut
2156 3115 2319 3182 paulo
2351 3126 2473 3169 ante
2500 3116 2671 3185 legem
2704 3131 2798 3185 per
2824 3113 3034 3170 Mosen.
3066 3114 3349 3183 Siquidem
3390 3132 3492 3185 per
3516 3117 3679 3186 legem
3707 3133 3766 3171 ac

525 3200 866 3270 prophetiam
914 3200 1279 3256 convertenda
1321 3210 1477 3257 erant
1511 3201 1676 3255 corda
1714 3209 1930 3271 patrum
1963 3200 2242 3254 Abraham
2271 3240 2285 3265 ,
2319 3201 2472 3256 Isaac
2504 3212 2556 3256 et
2590 3200 2779 3267 Jacob,
2809 3202 2861 3255 ld
2888 3211 2971 3256 est
2991 3201 3334 3271 sequentium
3370 3218 3470 3259 eos
3493 3214 3548 3260 et
3576 3205 3764 3260 abillis

524 3295 994 3359 descendentium,
1024 3297 1091 3351 ad
1115 3294 1339 3364 Filium,
1368 3296 1435 3350 ad
1473 3294 1749 3350 Christum
1782 3296 1876 3366 qui
1910 3297 1978 3351 ab
2008 3298 2088 3351 eis
2135 3311 2356 3351 carnem
2412 3306 2742 3367 sumpserat.
2787 3296 3025 3352 Rursum
3088 3294 3277 3350 Matth.
3313 3312 3400 3361 xl,
3452 3298 3678 3368 loquens
3704 3298 3765 3353 de

522 3382 753 3450 Joanne,
797 3404 815 3436 ι
852 3382 951 3439 Hic
978 3385 1295 3453 cst,inquit,
1332 3384 1398 3438 de
1422 3400 1530 3453 quo
1553 3385 1817 3454 scriptum
1840 3394 1947 3451 est,
1990 3382 2127 3439 Ei-ce
2157 3398 2257 3454 ego
2293 3384 2447 3437 mitto
2477 3385 2725 3453 angelum
2763 3398 2940 3437 meum
2968 3384 3061 3455 qui
3091 3371 3419 3454 prmparabit
3451 3387 3591 3441 viam
3624 3395 3762 3440 tuam

523 3480 649 3525 ante
670 3481 741 3535 te,
769 3488 787 3522 ›
828 3470 973 3541 quod
1003 3480 1113 3525 erat
1135 3469 1371 3525 cilicium
1400 3470 1527 3524 Elia:
1556 3481 1610 3525 et
1642 3470 1709 3526 de
1737 3485 1803 3526 eo
1835 3470 2241 3541 intelligebatur
2270 3470 2539 3551 :ideoqtte
2561 3470 2704 3539 quod
2739 3468 2971 3523 Malach.
3004 3486 3057 3525 tv
3090 3471 3157 3526 de
3195 3470 3309 3524 Elia
3340 3472 3578 3541 dicitur,
3625 3472 3762 3543 quod

522 3568 803 3613 convertet
824 3575 917 3613 cor
939 3570 1155 3628 patrum
1181 3558 1246 3612 ad
1274 3558 1434 3625 filios,
1459 3558 1700 3624 Gabriel,
1734 3560 1863 3613 Luc.
1896 3574 1935 3623 ι,
1963 3560 2296 3613 annuntians
2319 3556 2544 3613 Joannis
2573 3558 3007 3627 conceptionem,
3042 3559 3173 3614 dicit
3196 3560 3247 3613 in
3270 3576 3336 3615 eo
3363 3562 3759 3631 complendum.

529 3664 547 3697 ι
588 3646 726 3715 Ipse,
753 3648 948 3716 inquit,
974 3647 1236 3716 praecedet
1269 3632 1396 3701 ante
1424 3647 1576 3700 illum
1604 3647 1657 3701 in
1681 3646 1872 3716 spiritu
1905 3655 1957 3700 et
1976 3646 2175 3701 virtute
2199 3645 2347 3711 Elite,
2376 3656 2434 3699 ut
2456 3654 2741 3700 convertat
2775 3646 2940 3699 corda
2970 3658 3186 3715 patrum
3220 3648 3271 3701 in
3296 3648 3459 3703 ﬁlios.
3500 3668 3518 3701 ι
3559 3647 3654 3705 Hic
3685 3656 3760 3703 est

524 3737 895 3793 Antichristus
915 3738 981 3790 de
1004 3752 1114 3806 quo
1148 3736 1285 3791 dixit
1312 3737 1566 3798 Christus
1588 3734 1815 3801 Judaais,
1839 3734 1999 3790 Joan.
2035 3750 2067 3788 v
2101 3754 2117 3791 :
2162 3753 2181 3787 ι
2220 3733 2333 3805 Ego
2358 3734 2481 3789 veni
2508 3737 2730 3789 nomine
2759 3733 2936 3790 Patris
2961 3736 3065 3789 mei
3101 3744 3154 3791 et
3184 3751 3293 3790 non
3328 3737 3570 3807 recipi‘is
3588 3754 3696 3803 me;
3718 3739 3758 3793 si

524 3828 666 3881 alius
694 3826 903 3881 venerit
932 3825 1152 3879 nomine
1185 3841 1309 3888 suo,
1341 3824 1493 3879 illum
1530 3824 1827 3894 recipietis.
1863 3842 1881 3876 ι
1910 3822 2188 3893 Siquidem
2208 3823 2335 3877 huic
2361 3819 2535 3877 Judaai
2560 3822 2759 3876 tributa
2795 3824 2937 3877 ultro
2957 3823 3243 3887 dederunt,
3263 3833 3318 3879 et
3360 3824 3491 3879 hinc
3521 3825 3756 3895 estquod

526 3916 602 3969 illi
636 3914 841 3968 nationi
870 3929 1147 3982 nunquam
1175 3912 1277 3967 fuit
1302 3912 1557 3967 infestus.
1598 3909 1663 3965 Et
1695 3911 1841 3967 sicut
1865 3910 2119 3965 Christus
2158 3910 2210 3964 in
2248 3924 2481 3982 persona
2517 3908 2736 3979 quidem
2777 3910 3030 3980 apparuit
3066 3911 3120 3963 in
3154 3911 3266 3965 sola
3312 3911 3602 3967 Palaestina
3627 3951 3641 3977 ,
3672 3911 3758 3967 sed

524 4012 712 4073 postea
734 4018 829 4072 per
861 4016 991 4056 suos
1016 4000 1317 4071 discipulos
1350 3997 1623 4069 percurrit
1652 3998 1918 4053 mundum
1960 3998 2307 4064 universum;
2335 3997 2407 4052 ita
2444 3998 2601 4053 ethic
2650 3997 2705 4051 in
2739 3998 2853 4052 sola
2888 3996 3079 4052 Sabaea
3114 3998 3329 4052 Arabiae
3378 4000 3656 4067 provincia
3708 3999 3755 4053 in

524 4106 755 4161 persona
789 4089 1066 4160 apparuit,
1103 4089 1196 4144 sed
1223 4104 1321 4158 per
1346 4089 1623 4158 principes
1657 4096 1820 4143 seem
1856 4102 1969 4141 sua:
2007 4100 2271 4155 sequaces
2299 4084 2565 4155 plurimas
2590 4084 2901 4155 provincias
2935 4101 2999 4139 ac
3042 4100 3207 4153 regna
3251 4088 3562 4156 occupavit.
3598 4086 3759 4156 Cujus

524 4190 769 4233 extrema
795 4177 1123 4248 persecutio,
1149 4177 1199 4231 id
1233 4185 1338 4239 est,
1366 4185 1700 4247 postremum
1740 4190 1930 4231 eorum
1963 4190 2086 4228 cum
2113 4172 2228 4244 Gog
2266 4183 2320 4228 et
2346 4172 2537 4245 Magog
2565 4174 2813 4244 prtelium
2847 4173 3011 4227 simul
3054 4188 3176 4227 cum
3222 4176 3548 4243 praecedenti
3596 4175 3661 4229 ad
3712 4176 3757 4227 id

525 4276 811 4337 apparatu,
832 4266 944 4320 fieri
972 4274 1150 4336 potest
1177 4273 1235 4318 ut
1263 4264 1421 4319 duret
1452 4279 1547 4334 per
1566 4273 1675 4318 tres
1700 4278 1875 4317 annos
1898 4270 1952 4315 et
1973 4262 2285 4324 dimidium,
2315 4269 2520 4331 quanto
2552 4270 2797 4329 tempore
2825 4261 3195 4314 communiter
3217 4262 3419 4315 dicitur
3449 4263 3756 4316 duraturutn

530 4360 653 4429 ejus
677 4359 993 4429 imperiunm,
1022 4367 1248 4427 propter
1281 4356 1331 4410 id
1358 4356 1502 4426 quod
1524 4354 1726 4409 dicitur
1746 4353 1882 4409 Dan.
1903 4369 2002 4418 vn,
2035 4361 2256 4407 sanctos
2280 4351 2575 4408 tradendos
2603 4352 2655 4406 in
2682 4367 2845 4406 manu
2866 4351 3032 4421 hujus
3064 4352 3249 4407 bestiae
3267 4368 3443 4423 usque
3460 4355 3525 4408 ad
3554 4362 3757 4423 tempus

521 4458 576 4502 et
614 4456 857 4518 tempora
884 4455 941 4500 et
971 4446 1262 4501 dimidium
1296 4442 1558 4513 temporis
1584 4461 1598 4509 ;
1638 4450 1693 4497 et
1718 4443 1845 4510 quia
1876 4444 2044 4510 Apoc.
2075 4455 2125 4494 χι
2155 4441 2411 4494 dicuntur
2443 4448 2632 4509 gentes
2661 4440 2953 4495 calcatura:
2980 4432 3257 4495 civitatem
3292 4449 3541 4497 sanctam
3568 4440 3759 4496 mensi—

520 4536 628 4591 bus
654 4521 1299 4607 qnadraginta'duobus;
1331 4539 1384 4586 ct
1416 4546 1535 4601 cap.
1572 4544 1647 4584 xu
1684 4529 1882 4585 dicitur
1914 4529 2109 4583 mulier
2146 4543 2269 4598 quae
2296 4526 2433 4597 fugit
2466 4535 2775 4598 serpentem
2806 4527 2997 4583 alenda
3025 4543 3056 4583 a
3107 4528 3215 4584 Deo
3245 4529 3299 4582 in
3333 4529 3552 4585 deserto
3579 4529 3758 4583 diebus

523 4628 671 4684 mille
692 4628 945 4685 ducentis
995 4627 1300 4696 sexaginta,
1338 4632 1391 4679 et
1414 4624 1575 4705 paulo
1599 4631 1723 4692 post
1755 4622 1955 4677 dicitur
1977 4621 2163 4675 eadem
2197 4622 2267 4677 ibi
2289 4623 2357 4677 ali
2385 4637 2478 4692 per
2497 4632 2710 4692 tempus
2735 4630 2787 4676 et
2811 4631 3059 4691 tempora
3078 4632 3129 4677 et
3160 4622 3450 4677 dimidium
3474 4622 3757 4693 temporis;

519 4727 574 4776 et
596 4717 758 4774 etiam
796 4717 922 4788 quia
953 4724 1107 4769 tanto
1134 4695 1377 4781 tempore
1404 4695 1607 4765 dicitur
1643 4711 1696 4762 in
1728 4708 1831 4763 hac
1856 4709 1961 4763 vita
1992 4709 2314 4778 praedicasse
2339 4709 2617 4764 Christus.
2654 4708 2760 4763 Alii
2786 4718 2967 4764 tamen
2989 4709 3147 4764 aliter
3186 4710 3761 4779 interpretanturtem-

517 4822 620 4878 pus
646 4818 698 4862 et
729 4818 976 4875 tempora
1005 4812 1059 4857 et
1088 4800 1375 4855 dimidium
1409 4798 1691 4867 temporis.
1724 4794 1912 4865 Neque
1934 4798 2079 4850 enim
2104 4796 2364 4865 possibile
2392 4798 2733 4867 essetipsum
2767 4804 2879 4851 tam
2909 4811 3074 4866 parvo
3098 4806 3340 4878 tempore
3382 4797 3631 4854 obtinere
3657 4804 3760 4851 tam

521 4875 690 4953 multa
721 4910 888 4964 regna
911 4909 974 4948 ac
1002 4889 1336 4963 provincias.
1366 4886 1497 4942 Post
1526 4887 1668 4942 hanc
1704 4898 1885 4941 autem
1921 4896 2222 4941 extremam
2252 4888 2687 4958 persecutionem
2717 4887 2996 4957 plenitudo
3014 4890 3255 4960 gentium
3295 4875 3540 4956 intrabit,
3565 4900 3618 4945 et
3640 4899 3759 4944 tunc

521 4990 703 5045 omnis
732 4987 894 5043 Israel
926 4985 1112 5041 salvus
1134 4982 1260 5045 erit,
1286 4989 1345 5035 ut
1383 4979 1548 5034 habet
1588 4978 1809 5046 Paulus,
1840 4978 1999 5035 Rom.
2040 4996 2115 5035 XI.
2151 4980 2475 5052 Quanquam
2510 4982 2655 5037 enim
2683 4983 2846 5037 etiam
2883 4991 3065 5048 antea,
3094 4983 3435 5040 cessantibus
3470 4984 3759 5040 ltmresibus

521 5094 585 5134 ac
617 5073 1115 5147 persecutionibus,
1148 5071 1203 5124 in
1232 5069 1489 5124 diuturna
1527 5082 1659 5137 pace
1685 5080 1738 5122 et
1768 5054 1917 5123 cultu
1956 5066 2047 5123 Dei
2082 5069 2337 5136 vixerint,
2369 5085 2492 5140 qum
2521 5071 2685 5125 etiam
2719 5070 2923 5125 dicitur
2958 5071 3293 5128 resurrectio
3343 5073 3519 5143 prima
3550 5091 3563 5129 :
3598 5072 3759 5127 multo

524 5184 705 5227 tamen
735 5168 935 5239 magis,
971 5174 1264 5239 postquam
1290 5175 1535 5220 extremo
1561 5164 1653 5216 illo
1682 5164 1867 5233 praelio
1894 5163 2166 5234 redegerit
2200 5163 2464 5220 Dominus
2503 5164 2568 5218 ad
2611 5164 3043 5220 internecionem
3075 5178 3269 5220 omnes
3321 5180 3453 5222 suos
3491 5165 3754 5220 inimicos.

520 5260 738 5326 Quanto
766 5266 945 5310 autem
983 5264 1229 5324 tempore
1258 5252 1521 5307 duratura
1558 5251 1629 5306 sit
1657 5250 1773 5306 haec
1802 5266 1904 5321 pax
1936 5260 1991 5306 et
2020 5251 2293 5307 securitas
2326 5262 2451 5306 ante
2482 5251 2670 5306 mundi
2702 5252 3232 5307 consummationem
3259 5292 3275 5318 ,
3321 5252 3635 5307 hominibus
3679 5252 3755 5306 in-

515 5362 724 5407 certum
752 5360 855 5417 est,
888 5350 1006 5415 sed,
1039 5350 1179 5405 sicut
1206 5349 1284 5402 ait
1306 5344 1583 5411 Christus,
1620 5345 1809 5400 Matth.
1840 5362 1970 5401 xxiv
1997 5362 2011 5400 :
2047 5363 2065 5397 ι
2096 5344 2171 5401 De
2202 5345 2290 5401 die
2334 5346 2424 5401 illo
2449 5354 2502 5399 et
2538 5347 2671 5399 hora
2705 5360 2864 5400 nemo
2893 5346 3015 5411 scit,
3049 5360 3117 5401 ne
3145 5347 3321 5415 angeli
3348 5347 3566 5416 quidem
3596 5347 3751 5401 cozlo-
3779 5346 3783 5351 ’

516 5454 659 5494 rum.
691 5459 710 5492 ι
751 5439 807 5494 1d
838 5439 1016 5495 solum
1052 5446 1272 5492 constat
1299 5434 1443 5504 quod
1483 5435 1642 5504 longa
1676 5434 1767 5489 illa
1804 5448 1937 5503 pace
1971 5447 2035 5488 ac
2071 5436 2388 5497 securitate,
2420 5433 2639 5503 plurimi
2670 5448 2886 5486 rursum
2921 5431 3015 5487 Dei
3054 5433 3261 5487 cultum
3315 5435 3620 5503 relinquent
3660 5452 3671 5486 :
3707 5443 3757 5486 et

519 5542 669 5598 tunc,
702 5542 762 5585 ut
788 5529 1201 5600 aitApostolus,
1233 5527 1253 5581 ι
1284 5526 1479 5582 Thess.
1511 5542 1580 5580 v:
1608 5544 1626 5577 ι
1654 5526 1777 5582 Dies
1800 5525 2011 5579 Domini
2040 5526 2183 5581 sicut
2220 5526 2307 5580 fur
2334 5528 2387 5580 in
2422 5537 2581 5581 nocte
2606 5527 2676 5581 ita
2713 5526 2910 5581 veniet.
2938 5545 2956 5577 ι
2995 5525 3131 5580 Cum
3159 5527 3306 5582 enim
3331 5529 3618 5593 dixerint,»
3650 5526 3753 5581 Pax

517 5627 573 5671 et
606 5628 718 5672 tuta
744 5618 947 5682 omnia,
976 5626 1105 5671 tunc
1132 5615 1450 5685 repentinus
1482 5614 1561 5690 eis
1599 5614 1947 5683 superveniet
1986 5615 2262 5678 interitus,
2293 5614 2435 5669 sicut
2473 5614 2628 5668 dolor
2652 5622 2840 5683 partus
2878 5614 3092 5669 mulieri
3124 5618 3420 5685 praegnanti
3446 5656 3461 5679 ,
3497 5631 3597 5695 nec
3626 5614 3752 5670 effu-

516 5706 699 5773 gient;
746 5726 764 5759 ›
801 5708 943 5776 quod
976 5716 1030 5761 et
1073 5706 1332 5760 ChriStus
1368 5703 1621 5773 pluribus
1661 5704 1715 5758 in
1773 5704 1907 5759 locis
1946 5702 2102 5769 dixit,
2148 5718 2214 5757 ac
2254 5701 2633 5772 frequentibus
2675 5703 2953 5771 parabolis
2999 5703 3365 5759 adumbravit.
3395 5702 3549 5768 Quod
3580 5713 3746 5757 autent

517 5792 678 5861 vulgo
706 5793 897 5847 dicunt
948 5793 1100 5845 illum
1133 5794 1199 5847 de
1228 5792 1373 5846 tribu
1401 5792 1516 5845 Dan
1544 5791 1856 5857 oricndum,
1888 5799 2107 5861 prepter
2126 5790 2177 5845 id
2203 5791 2344 5858 quod
2368 5788 2572 5843 dicitur
2601 5787 2737 5843 Gen.
2766 5805 2890 5844 χιιι
2920 5806 2933 5841 :
2966 5811 2983 5840 ι
3020 5787 3140 5846 Fiat
3169 5790 3283 5846 Dan
3319 5792 3539 5847 coluber
3564 5792 3615 5845 in
3647 5790 3743 5850 via.

518 5888 761 5935 cerastes
791 5880 846 5934 in
874 5880 1102 5944 semita,
1146 5880 1404 5935 mordens
1434 5879 1668 5949 ungulas
1698 5880 1847 5949 equi,
1885 5879 2124 5937 utcadat
2164 5892 2426 5934 aseeusor
2466 5876 2588 5947 ejus
2626 5887 2813 5944 retro;
2849 5896 2866 5930 ι
2903 5878 3047 5949 quod
3093 5888 3271 5934 tamen
3322 5878 3409 5934 alii
3430 5873 3743 5948 probabilius
