4102 6414
313 463 433 529 493
1016 421 1019 428 ’
1255 460 1585 523 ΑΒΕΤΗίΕ
1621 459 1933 524 COMMEN

1999 509 2015 526 .
2057 461 2141 524 IN
2181 461 2721 524 APUCALYPSIN.
3513 463 3619 531 494

320 579 392 634 ad
420 577 660 632 litteram
703 574 1143 648 interpretantur
1161 575 1224 631 de
1259 575 1570 645 Sampsone
1595 592 1609 629 τ
1633 575 1739 631 dici
1770 582 1947 646 potest
1972 575 2118 646 quod
2157 575 2210 630 id
2245 589 2438 629 verum
2470 575 2562 641 sit,
2589 575 2937 632 nonlitterali
2963 589 3154 642 sensu,
3181 576 3276 634 sed
3305 577 3577 650 spirituali
3604 598 3617 635 :

315 666 472 735 quod
508 665 654 720 sicut
695 665 813 719 Dan
846 675 1009 720 natus
1036 665 1219 721 fuitex
1241 664 1442 720 ancilla
1464 662 1659 731 Jacob,
1689 664 1942 720 videlicet
1971 664 2127 731 Bala,
2158 666 2231 720 ita
2283 665 2658 722 Antichristus
2694 666 2810 722 sive
2838 666 3183 724 Mabumetcs
3215 684 3326 724 non
3354 685 3422 724 ex
3445 667 3615 724 libera

317 755 440 808 sive
475 752 620 808 ﬁdeli
655 761 837 823 gente,
880 769 984 808 nec
1010 752 1329 809 Christiana
1359 767 1461 808 nec
1492 749 1750 817 Iudaica,
1784 761 1942 808 ortus
1972 761 2078 818 est,
2118 753 2212 807 sed
2243 766 2314 806 ex
2354 751 2555 808 ancilla
2593 753 2712 807 sive
2761 751 3076 808 idololatra.
3114 753 3270 809 Unde
3310 763 3366 809 et
3393 754 3511 824 ipse
3563 755 3616 808 in

316 840 596 894 Alcorano
623 839 836 894 inducit
864 838 1033 895 Deum
1076 842 1144 896 ad
1177 855 1239 896 se
1275 841 1350 894 ita
1388 839 1707 910 loquentem
1745 857 1758 893 :
1792 859 1810 891 ε
1852 837 2069 911 Pauper
2100 839 2272 906 fuisti,
2295 846 2351 895 et
2380 840 2550 895 dltavi
2579 848 2670 908 te;
2696 840 2858 896 idolis
2885 842 3150 906 serviisti,
3179 851 3233 898 et
3254 843 3449 897 vocavi
3490 852 3560 897 te.
3595 860 3614 892 ι

321 927 551 982 Demum
584 926 903 982 nasciturus
936 927 1211 983 diciturin
1230 927 1528 999 Babylonia
1570 936 1626 982 et
1659 926 1986 982 nutriendus
2005 929 2058 982 in
2087 926 2387 991 Cliorazin,
2426 927 2559 998 quia
2609 927 2850 984 maxime
2875 937 2930 984 et
2959 929 3200 998 primum
3243 941 3498 1000 suscepta
3536 938 3624 984 est

320 1029 582 1083 perversa
611 1013 788 1083 ipsius
807 1023 956 1069 secta
987 1013 1040 1068 in
1075 1013 1378 1085 Babylonia
1409 1031 1424 1069 :
1458 1023 1511 1071 et
1548 1011 1803 1071 Christus
1827 1015 1844 1045 ί
1867 1016 2165 1085 exprobrat
2201 1013 2522 1071 civitatibus
2552 1015 2824 1070 Chorazin
2854 1031 2918 1071 ac
2950 1014 3240 1072 Bcthsaide
3261 1020 3408 1086 quod
3437 1017 3616 1086 ipsum
3683 1023 3703 1049 ο

320 1100 534 1154 nollent
562 1100 830 1170 recipere,
867 1109 924 1155 et
954 1108 1142 1155 tamen
1173 1109 1362 1172 postea
1393 1099 1810 1173 promptissime
1839 1110 2046 1157 sectam
2075 1099 2540 1158 Mahumetliicam
2580 1113 2768 1159 essent
2789 1112 3153 1175 susceptura.
3191 1101 3401 1159 Horum
3434 1113 3618 1158 tamen

321 1189 460 1242 nihil
484 1188 753 1244 assertive
780 1188 992 1243 dictum
1015 1190 1203 1254 velim,
1231 1190 1328 1246 sed
1352 1199 1566 1245 tantum
1592 1198 1652 1244 ut
1669 1188 1890 1246 occasio
1911 1189 2252 1245 doctioribus
2274 1191 2401 1244 data
2441 1190 2534 1258 sit,
2561 1206 2684 1262 qua:
2706 1191 3063 1262 profundiora
3101 1206 3168 1248 ac
3185 1192 3427 1248 certiora
3462 1203 3617 1261 sunt,

322 1274 734 1344 perscrutandi.

403 1419 425 1452 ⁸
451 1418 646 1474 Matth.
678 1433 757 1474 ιι.

345 1543 3582 1576 mw

1676 1664 1773 1717 EK
1811 1663 1950 1718 ΤΩΝ
1985 1661 2261 1718 ΔΝΔΡΕΔ

871 1780 964 1853 To
992 1775 1496 1848 murmura
1534 1774 2065 1848 ΔΡΧΙΕΠΙΣΚΟΠῼ
2099 1743 2520 1831 ΚΑΙΣΑΡΕιΑΣ
2557 1777 3064 1834 ΚΑΠΠΑΔΟΚΙΑΣ

1063 1893 1172 1947 ΕΙΣ
1211 1893 1358 1946 ΤΗΝ
1402 1888 1876 1945 ΔΠΟΚΔΛΥΨΙΝ
1916 1888 2458 1944 ΠΕΠΟΝΗΜΕΝΩΝ
2501 1889 2908 1945 ΘΕΑΡΕΣΤΩΣ

1414 2003 1696 2055 ΣΥΝΟΨΙΣ
1738 2005 2030 2054 ΣΧΟΛῙΚΗ
2066 2006 2526 2058 ΠΑΡΑΤΕΘΕῙΣΑ

818 2115 960 2169 ΥΠΟ
1021 2112 1252 2168 ΔΡΕΘΑ
1304 2109 1612 2167 ΑΝΑΞΙυΥ
1667 2107 2075 2164 ΕΠΙΣΚΟΙῙΟΥ
2129 2109 2546 2167 ΚΑΙΣΑΡΕῘΔΣ
2607 2112 3131 2169 ΚΛΠΠΑΔΟΚΙΛΣ.

1344 2383 1636 2446 BREVIS
1672 2383 2044 2458 QUJEDAM
2088 2380 2586 2445 EXPLICATIO

723 2509 838 2570 EX
879 2506 1504 2572 COMMENTABIIS
1559 2508 1642 2568 ΙΝ
1693 2505 2258 2568 APOCALYPSIN
2307 2505 2724 2568 DIVINITUS
2762 2507 3216 2572 INSTITUTIS

1481 2628 2014 2692 BEATISSIMI
2057 2628 2463 2690 ANDREE

1313 2752 1799 2806 ARCHIEPISCOPI
1831 2752 2158 2804 CESABEIE
2201 2751 2627 2806 CAPPADOCI/E

1660 2878 1906 2918 REDACTA
1949 2878 1999 2916 IN
2040 2877 2107 2916 οιι
2116 2877 2276 2916 DINEM

794 2987 900 3049 AB
939 2983 1274 3048 ARETHA
1327 2981 1671 3044 INDlGNO
1715 2979 2125 3043 CIESAREIE
2171 2979 2706 3043 CAPPADOCIIE
2747 2979 3148 3046 EPISCOPO.

312 3141 528 3191 Textum
553 3128 846 3183 contulimus
887 3135 932 3180 et
955 3125 1406 3191 emendavimusnd
1427 3124 1692 3191 editionem
1718 3123 2119 3191 J_.-A._Cr_amer_i
2140 3138 2288 3191 _anno
2333 3125 2455 3175 1810
2479 3123 2662 3175 Oxom'i
2691 3125 2878 3191 datam.
2917 3125 3118 3191 Scholia
3149 3141 3265 3191 uero
3300 3129 3415 3182 bene
3467 3135 3620 3184 mum!

371 3185 488 3264 ,με
519 3208 582 3264 ρῳ
614 3191 780 3264 maia;
818 3190 1117 3264 ρανρεςὶαηο
1148 3186 1375 3264 protulit,
1408 3201 1471 3238 an
1505 3187 1701 3264 Arguta:
1720 3187 1820 3264 sint
1849 3187 2109 3264 (incitandi
2131 3188 2267 3238 locus
2297 3194 2389 3248 est,
2421 3201 2535 3238 nam
2566 3185 2720 3237 textui
2755 3186 2890 3241 edito
2920 3189 3050 3242 male
3080 3190 3326 3243 mitterent
3357 3201 3402 3246 et
3425 3209 3620 3247 scmwu

372 3251 694 3326 perturbant;
727 3253 788 3304 ιώ
821 3252 883 3304 iis
916 3251 1067 3318 igitur
1096 3251 1304 3304 edendis
1334 3251 1720 3315 supersedimus.
1755 3251 1891 3300 Εοιτ.
1928 3253 2081 3301 Pun.

399 3389 598 3447 ’ἰστέον
630 3391 715 3444 ὅτι
747 3387 847 3458 τὴν
876 3386 1060 3439 πᾶσαν
1095 3382 1488 3454 πραγματείαν
1509 3379 1604 3435 τοῦ
1633 3379 1902 3453 παρόντος
1935 3391 1980 3448 Α

2081 3379 2380 3436 Sciendum
2395 3381 2538 3450 quod
2573 3381 2892 3437 universum
2912 3383 3200 3453 praesentis
3223 3383 3346 3441 libri
3369 3400 3508 3457 opus
3534 3387 3617 3443 vir

319 3484 529 3556 βιϐλίου
565 3482 644 3546 εἰς
676 3479 1133 3548 εἰκοσιτέσσαρας
1171 3476 1364 3543 λόγους
1387 3475 1415 3527 ὁ
1443 3474 1716 3545 μακάριος
1757 3465 1914 3536 οὗτος

2018 3471 2124 3526 iste
2161 3471 2356 3526 beatus
2373 3487 2438 3526 ac
2474 3469 2567 3526 Dei
2597 3473 2994 3543 cooperatorin
3022 3473 3214 3545 viginti
3236 3487 3473 3546 quatuor
3487 3494 3616 3548 par-

314 3582 414 3636 καὶ
472 3578 900 3649 θεοσυνέργητος
951 3574 1112 3642 ἀνὴρ,
1169 3571 1264 3624 καὶ
1322 3571 1403 3632 εὶς
1444 3567 1915 3639 ἑϐδομηκονταδύο

2019 3573 2099 3620 tes
2133 3579 2230 3620 seu
2261 3566 2576 3630 conciones,
2596 3575 2655 3620 et
2684 3566 2786 3622 bas
2815 3568 2870 3621 in
2911 3568 3259 3639 septuaginta
3287 3571 3400 3625 duo
3431 3572 3613 3642 capita

310 3674 591 3746 κεφάλαια
632 3669 734 3723 οὐκ
772 3665 1051 3729 ἀσυνέτως
1117 3663 1303 3716 διεῖλε.
1360 3661 1771 3732 ἰ’ρισσούμενος
1804 3658 1913 3728 γὰρ

2017 3659 2303 3728 aptissime
2335 3659 2546 3714 divisit.
2569 3657 2848 3715 Numerus
2875 3660 3024 3716 enim
3050 3661 3242 3732 viginti
3262 3674 3501 3732 quatuor
3533 3675 3617 3719 ter

307 3771 343 3824 ὁ
380 3764 635 3828 εἰκοστὸς
673 3761 934 3831 τέταρτος
954 3756 1213 3831 ἀριθμὸς,
1246 3755 1414 3825 γεννᾷ
1450 3753 1542 3806 τὸν
1577 3752 1914 3823 ὲὸδομηκον-

2015 3751 2280 3822 repetitus
2292 3752 2548 3822 producit
2560 3753 2904 3824 septuaginta
2919 3753 3049 3811 duo.
3065 3755 3338 3812 Caeterum
3352 3773 3619 3813 numerus

310 3859 499 3915 ταδύο.
539 3857 597 3911 Ὀ
641 3856 697 3910 δὲ
729 3852 974 3915 εἰκοστὸς
1021 3851 1304 3919 τέταρτος,
1334 3846 1426 3900 διὰ
1452 3846 1578 3909 τοὺς
1611 3843 1914 3898 εἰκοσιτέσ-

2017 3847 2208 3916 viginti
2230 3853 2469 3917 quatuor
2502 3856 2821 3916 assumptus
2865 3855 2952 3903 est
3001 3860 3226 3918 propter
3248 3849 3442 3921 viginti
3470 3867 3613 3922 qua-

313 3968 495 4023 σαρας
542 3945 953 4021 πρεσϐυτέρους
1009 3940 1104 4006 οὒς
1151 3937 1391 3993 ἐνταῦθα
1450 3941 1486 4008 ἡ
1539 3935 1913 4005 ’Λποκάλυψις

2019 3947 2141 3992 tuor
2164 3937 2411 3992 seniores
2439 3953 2580 4008 quos
2624 3937 2714 3992 hic
2747 3938 3056 3993 nominavit
3103 3940 3485 4013 Apocalypsis,
3517 3945 3615 4014 qui

312 4041 693 4115 ἐχρημάτισεν
722 4036 954 4108 ὲλήξθη.
986 4035 1050 4089 Οἳ
1099 4031 1370 4103 σύμὸολον
1413 4031 1523 4084 τῶν
1571 4027 1665 4084 ἀπ’
1714 4028 1914 4092 αἰῶνος

2016 4031 2327 4103 symbolum
2371 4045 2437 4085 ac
2466 4031 2686 4100 signum
2711 4039 2843 4086 sunt
2864 4046 3055 4087 eorum
3092 4032 3186 4103 qui
3218 4031 3329 4089 Deo
3356 4035 3616 4106 benepla-

310 4138 413 4192 καὶ
481 4133 647 4204 μέχρι
699 4129 1014 4190 συντελείας
1077 4124 1533 4197 εὐηρεστηκότων
1597 4121 1705 4174 εἰσὶ
1768 4119 1910 4190 Θεῷ.

2016 4131 2246 4177 cuerunt
2275 4123 2344 4178 ab
2372 4123 2530 4178 initio
2560 4123 2748 4179 saeculi
2767 4125 3028 4194 usquead
3052 4124 3613 4182 consummationem.

324 4223 800 4300 Ἐτριπλασιάσοη
857 4222 912 4275 δὲ
968 4215 1124 4284 οὗτος
1151 4221 1180 4274 ὁ
1213 4218 1446 4292 ἀριθμὸς
1480 4215 1573 4269 ἐπὶ
1604 4215 1714 4269 τῶν
1741 4231 1912 4283 κεφα-

2016 4215 2346 4286 Triplicatus
2369 4225 2456 4273 est
2485 4225 2667 4272 autem
2700 4217 2788 4272 hic
2807 4217 3148 4273 numerusin
3177 4219 3455 4289 capitibus
3501 4235 3614 4276 non

313 4321 490 4374 λαίων
525 4319 626 4372 οὑκ
676 4315 961 4380 ἀσκόπως,
1007 4313 1145 4367 ἀλλὰ
1184 4312 1274 4367 διὰ
1297 4312 1423 4374 τοὺς
1475 4305 1913 4380 εὐαρεστοῢντας

2017 4308 2442 4372 inconsiderate,
2463 4308 2557 4363 sed
2584 4316 2869 4378 propterea
2903 4308 3050 4380 quod
3087 4308 3143 4362 bi
3170 4309 3263 4380 qui
3296 4309 3408 4366 Deo
3451 4312 3614 4366 bene-

313 4413 442 4483 Θεῷ
463 4409 710 4482 τριμερῆ
742 4406 843 4478 τὴν
870 4408 1174 4460 ὑπόστασιν
1204 4403 1528 4474 ἐσχηκότας,
1573 4401 1773 4470 ψυχῆς,
1810 4399 1913 4450 σώ-

2015 4403 2342 4474 placueruut
2361 4403 2692 4473 tripartitam
2707 4402 3020 4460 habuerunt
3035 4404 3397 4476 bypostasim,
3414 4420 3538 4462 nem
3545 4421 3614 4476 pe

319 4524 514 4578 ματος,
551 4505 647 4559 καὶ
674 4503 1009 4572 πνεύματος,
1039 4501 1121 4563 εἰς
1151 4497 1433 4552 οἰκείωσιν
1465 4495 1567 4566 τῆς
1596 4507 1912 4561 παντοκρα-

2019 4497 2073 4550 in
2105 4497 2368 4562 animam,
2411 4511 2614 4566 corpus
2662 4506 2718 4552 et
2766 4497 3048 4567 spiritum,
3109 4500 3181 4554 ad
3217 4498 3609 4555 delineandum

311 4599 543 4672 τορικῆς
565 4592 950 4651 κατασπεῦσαι
977 4592 1230 4663 Τριάδος.
1275 4589 1414 4662 Περὶ
1446 4587 1502 4642 δὲ
1525 4586 1622 4640 τοῦ
1661 4582 1914 4638 θεοπνεύ-

2017 4587 2526 4659 appropriationem
2575 4588 2974 4660 omnipotentis
3023 4587 3338 4648 Trinitatis.
3382 4591 3460 4648 De
3507 4593 3613 4649 hoc

313 4711 447 4746 στου
473 4691 576 4762 τῆς
625 4689 831 4760 βίβλου,
866 4690 895 4740 ὁ
928 4689 984 4738 ὲν
1011 4685 1192 4753 ἁγίοις
1237 4681 1539 4744 Βασίλειος,
1566 4678 1662 4733 καὶ
1701 4674 1913 4747 Γρηγόο

2017 4689 2198 4734 autem
2232 4679 2374 4734 libro
2406 4695 2437 4734 a
2469 4679 2580 4734 Deo
2614 4679 2887 4749 inspirato
2915 4689 3142 4738 sanctus
3180 4680 3434 4746 Basilius,
3471 4682 3613 4738 divi-

310 4802 435 4858 ριος
462 4787 489 4838 ὁ
525 4783 670 4846 θεῖος
694 4781 786 4835 τὸν
844 4780 1026 4849 λόγον,
1061 4779 1157 4832 καὶ
1197 4775 1487 4847 Κύριλλος,
1523 4772 1619 4826 καὶ
1673 4769 1914 4836 Παπίας,

2023 4789 2205 4844 noque
2239 4789 2494 4830 sermone
2546 4775 2848 4847 Gregorius
2895 4791 2960 4831 ac
3007 4775 3272 4847 Cyrillus,
3307 4776 3506 4847 Papias
3558 4786 3614 4832 et

312 4879 412 4933 καὶ
467 4878 775 4948 Εἰρηναῖος,
835 4874 930 4928 καὶ
990 4872 1311 4934 Ἱππόλυτος
1375 4869 1426 4922 οἱ
1467 4863 1911 4937 ὲκκλησιαστικοῖ¹

2018 4865 2293 4931 lrenaeus,
2346 4881 2411 4921 ac
2464 4865 2789 4938 Hippolytus
2846 4867 3203 4925 ecclesiastici
3264 4868 3455 4924 Patres
3508 4869 3613 4927 ﬁde

316 4972 560 5044 Πατέρες
589 4970 849 5041 ὲχέγγυοι
878 4965 1280 5021 πιστώσασθαι.

2017 4958 2167 5026 digni
2193 4967 2348 5026 sunt,
2387 4958 2590 5028 quibus
2627 4961 2749 5016 sine
2795 4961 2903 5015 ulla
2953 4961 3300 5018 ha'sitatione
3331 4961 3608 5019 credatur.

790 5110 3606 5140 Mm

355 5124 785 5142 '—

1192 5231 1560 5287 ΚΕΦΑΛΑΙΑ
1622 5229 1761 5284 ΤΗΣ
1796 5225 2114 5280 ῙωΝΝΟΥ
2160 5223 2304 5280 ΤΟΥ
2345 5226 2741 5282 ΘΕΟΛΟΓΟΥ

1671 5346 1973 5402 ΑΠΟΚΑΛ
1987 5345 2258 5399 ΥΨΕΩΣ.

966 5581 1554 5648 APOCALYPSIS
1593 5575 1961 5642 JOANNIS
2015 5572 2466 5640 THEOLOGI
2520 5573 2783 5638 CAPIT
2791 5573 2972 5637 ULA.

309 5817 382 5876 α’.
433 5817 752 5887 Προοίμιον
796 5817 909 5888 τῆς
950 5819 1444 5886 Ἀποκιιλύψεως,
1477 5815 1574 5872 καὶ
1597 5815 1686 5870 ὅτι
1714 5814 1788 5870 δι’
1813 5813 1918 5886 ἀγ-

2033 5813 2083 5868 1.
2120 5808 2444 5888 _Proa:_m_ium
2469 5811 2836 5883 Apocalypsis,
2867 5822 2914 5867 et
2945 5811 3086 5884 quod
3117 5826 3208 5882 per
3231 5811 3476 5884 angelum
3512 5814 3611 5884 ipsi

396 5883 584 5958 ’γέ-,λου
611 5883 772 5958 αὐτῷ
799 5883 1064 5955 δέδοται,
1270 5883 1283 5886 ’
1400 5883 1437 5886 ﬂ
1862 5883 1870 5886 ’

760 5890 772 5943 i
799 5883 1064 5955 δέδοται,
1270 5883 1283 5886 ’
1400 5883 1437 5886 ⁷⁷
1862 5883 1870 5886 ’
2097 5884 2225 5938 data
2257 5883 2380 5953 fuit.
