4102 6420
385 399 492 463 501

1449 399 1840 461 COMMENT.
1880 400 1964 459 ΙΝ
2003 397 2541 460 APOCALYPSIN.

3530 403 3636 467 502

385 509 548 572 τίνος
575 509 686 578 γὰρ
713 502 854 580 ἦσαν
899 509 949 562 oi
982 508 1130 576 ἆγιοι
1171 505 1385 569 δοῦλοι,
1432 507 1482 558 εἰ
1532 505 1609 575 μὴ
1656 504 1750 556 τοῦ
1788 502 1960 569 Θεοῦ;

2071 505 2236 575 Cujus
2267 519 2505 574 namque
2537 505 2682 561 servi
2712 515 2839 561 sunt
2865 507 3061 574 sanoti,
3091 507 3196 563 nisi
3223 509 3356 565 Dei?
3384 511 3451 565 ad
3479 528 3643 582 quem

386 601 527 672 πρὸς
555 600 616 655 ὃν
645 601 739 655 καὶ
769 601 1004 670 είρηται,
1037 601 1119 653 ὅτι
1154 617 1172 650 ι
1203 598 1284 652 Τὰ
1306 599 1599 666 σύμπαντα
1627 596 1790 648 δοῦλα
1816 595 1904 648 σά.
1938 614 1957 646 ι

397 692 744 760 Ἐπενεγκὼν
776 692 854 758 δὲ,
886 692 946 744 τὸ
967 691 1068 761 τὴν
1102 689 1491 759 μυσταγωγίαν
1523 689 1584 742 ού
1611 689 1702 742 τὸν
1729 687 1964 756 Χριστὸν

385 781 714 852 αὐτόχρημα
744 780 894 850 αὐτῷ
926 779 1277 850 καταπρᾶξαι
1300 818 1317 842 ,
1353 781 1402 832 εί
1441 780 1516 850 μὴ
1543 779 1631 832 διὰ
1673 777 1765 830 τοῦ
1797 776 1964 846 ἀγγέο

384 871 482 926 λου
515 871 704 932 αὑτοῦ,
731 874 792 926 τὸ
817 871 1112 941 φιλάληθες
1143 872 1237 925 τοῦ
1265 871 1365 942 τὴν
1419 869 1789 940 Ἀποκάλυψιν
1819 871 1968 940 είλη-

387 965 550 1033 φότος
589 964 884 1030 ὑπέδειξεν.
933 964 1302 1033 Ἀποκάλυψις
1327 964 1388 1017 δέ
1438 965 1585 1016 ἐστιν
1625 964 1657 1034 ἡ
1688 963 1798 1016 τῶν
1833 979 1967 1033 κρυ-

389 1057 543 1109 πτῶν
574 1056 888 1128 μυστηρίων
915 1055 1170 1125 δήλωσις,
1205 1055 1688 1125 καταυγαζομένου
1714 1054 1809 1108 τοῦ
1843 1057 1969 1125 ἡγε-

389 1146 618 1217 μονικοῦ
647 1148 750 1218 τῆς
775 1147 983 1218 ψυχῆς,
1019 1147 1129 1201 εἴτε
1159 1147 1247 1202 διὰ
1288 1147 1448 1201 θείων
1490 1147 1808 1218 ὀνειράτων,
1854 1146 1965 1200 εἴτε

388 1239 646 1309 καθύπαρ
675 1239 741 1292 ἐκ
770 1238 921 1302 θείας
955 1239 1294 1310 ἐλλάμψεως.
1323 1237 1556 1308 Δοθῆναι
1581 1238 1638 1290 δὲ
1664 1237 1762 1308 τὴν
1808 1238 1968 1290 Ἀπο-

387 1331 626 1401 κάλυψιν
663 1332 866 1402 ταύτην
919 1333 1104 1404 φησιν,
1151 1332 1638 1402 ἀνθρωπινώτερον
1703 1331 1968 1401 διαχειρι-

387 1422 638 1494 ζόμενος,
673 1422 764 1477 τὸν
808 1422 964 1491 λόγον
1003 1425 1032 1477 ό
1065 1427 1209 1488 θεῖος
1257 1415 1411 1486 οὗτος
1457 1421 1816 1483 Ἀπόστολος,
1850 1421 1966 1474 ἀλλ’

386 1515 489 1585 οὐχ
514 1514 589 1578 ὡς
627 1515 687 1567 ἐν
721 1513 799 1585 τῷ
831 1513 1150 1584 Εὑαγγελίῳ
1181 1513 1277 1566 καὶ
1317 1512 1381 1583 τῇ
1427 1511 1714 1583 Ἐπιστολῇ
1753 1511 1921 1573 αὑτοῦ
1948 1551 1966 1574 ,

387 1606 501 1660 ἀπὸ
536 1607 644 1660 τῶν
689 1607 977 1676 θειοτέρων
1007 1605 1102 1658 τοῦ
1137 1605 1375 1677 Χριστοῦ
1415 1605 1615 1675 μᾶλλον
1647 1603 1968 1675 ποιούμενος

384 1698 484 1750 τὸν
517 1697 672 1766 λόγον
716 1698 812 1752 καὶ
855 1697 1210 1769 ἐνδιατρίϐων
1251 1696 1458 1762 αὐτοῖς,
1507 1695 1650 1750 οὕτω
1702 1697 1796 1750 καὶ
1845 1695 1965 1760 νῦν,

387 1786 509 1840 ἀλλ’
531 1787 638 1840 ἀπὸ
663 1787 769 1841 τῶν
797 1788 1222 1860 ταπεινοτέρων,
1251 1787 1326 1851 ὡς
1360 1787 1426 1841 ἂν
1454 1788 1705 1859 ὑποφήνῃ
1737 1786 1924 1856 σαφῶς
1947 1827 1963 1847 ,

384 1877 466 1939 ὡς
501 1878 702 1947 ’Δμφω
734 1877 801 1932 τὰ
827 1877 1075 1948 θειότερα
1113 1877 1256 1944 λέγω
1291 1876 1386 1930 καὶ
1415 1878 1483 1929 τὰ
1515 1876 1850 1948 ἀνθρώπινα,
1886 1876 1964 1948 τῷ

387 1968 472 2020 ἐνὶ
501 1968 593 2021 καὶ
617 1967 696 2039 τῷ
728 1968 876 2039 αὐτῷ
902 1969 1247 2038 ἐνθεωρεῖται
1273 1967 1494 2039 Χριστῷ
1522 1969 1962 2039 μεταπρέποντα.

385 2058 492 2110 Διὰ
517 2060 626 2129 γὰρ
649 2058 741 2112 τοῦ
767 2059 1143 2122 διακονοῦντος
1173 2059 1426 2128 ἀγγέλου,
1455 2060 1550 2113 καὶ
1582 2060 1674 2113 τοῦ
1701 2061 1965 2125 ὀνόματος

384 2150 496 2203 τῶν
521 2149 920 2220 μανθανόντων,
955 2151 1036 2204 ὅτι
1081 2149 1293 2214 δοῦλοι,
1321 2149 1382 2203 τὸ
1413 2151 1511 2220 τῆς
1541 2150 1796 2220 θεότητος
1827 2154 1964 2224 Χριο

389 2240 518 2293 στοῦ
551 2241 804 2311 ἐμφαίνει
843 2239 1098 2312 μέγεθος,
1141 2240 1278 2295 καθὸ
1314 2241 1408 2295 καὶ
1437 2242 1675 2312 εἴρηται,
1714 2244 1796 2296 ὅτι
1831 2262 1851 2296 ι
1884 2244 1965 2298 Τὰ

387 2329 684 2400 σύμπαντα
709 2329 873 2384 δοῦλα
907 2331 994 2385 σά..
1036 2349 1054 2382 ι
1091 2331 1204 2402 Τὴν
1247 2331 1472 2385 ἔκϐασιν
1503 2331 1560 2384 δὲ
1590 2332 1698 2387 τῶν
1746 2349 1966 2404 χρημα-

383 2425 686 2495 τιζομένων
719 2426 776 2478 ἐν
806 2425 962 2495 τάχει
1010 2425 1354 2497 ὑπισχνεῖται
1398 2426 1666 2498 προϐῆναι
1691 2465 1707 2490 ,
1746 2427 1846 2497 οὐχ
1890 2427 1966 2491 ὡς

384 2515 596 2586 ἔτυχεν,
630 2515 768 2571 ἀλλὰ
794 2515 1168 2588 παραμετρῶν
1197 2516 1263 2570 τὰ
1292 2515 1609 2588 ἀνθρώπινα
1635 2519 1747 2581 τοίς
1777 2515 1964 2583 θείοις,

383 2601 471 2670 οἷς
500 2608 595 2660 καὶ
620 2607 690 2662 τὰ
719 2608 1084 2679 πολυχρονίως
1125 2608 1221 2664 καὶ
1263 2608 1546 2679 χιλιοστῶς
1577 2608 1965 2680 ἐκτελούμενα,

393 2715 412 2750 ι
451 2695 586 2768 ὡςή
617 2696 742 2769 χθὲς
768 2699 974 2770 ἡμέρα,
1001 2699 1096 2752 καὶ
1132 2700 1165 2770 ἡ
1213 2701 1269 2752 ἐν
1298 2699 1453 2752 νυκτὶ
1487 2698 1703 2771 φυλακὴ
1733 2719 1752 2753 ι
1787 2699 1966 2771 κρίνε-

381 2805 500 2843 ται.
533 2791 604 2842 Ἢ
628 2791 721 2842 καὶ
743 2790 1152 2863 φιλοτιμότερον
1187 2789 1514 2861 προσϐαλεῖν
1539 2791 1637 2863 τῷ,
1653 2792 1751 2846 Ἐν
1778 2792 1965 2862 τάχει,

382 2879 483 2934 τοῦ
516 2881 899 2951 ἀνυπερθέτως
935 2881 1311 2954 παριστῶντός
1340 2882 1456 2936 ἐστι
1485 2883 1583 2952 τὴν
1615 2883 1839 2937 ἔκϐασιν
1874 2883 1969 2952 λή-

381 2972 588 3043 ψεσθαι
615 2975 687 3026 τὰ
734 2973 1063 3045 δηλούμενα,
1113 2975 1278 3046 μηδὲν
1309 2974 1410 3044 τῆς
1457 2975 1820 3046 παρατάσεως
1850 2975 1968 3040 οἵας

383 3082 449 3117 τε
483 3063 650 3134 οὔσης
691 3066 751 3117 τὸ
781 3063 1199 3136 συντελεσθῆναι
1231 3064 1601 3136 λυμήνασθαι,
1643 3067 1719 3125 ὡς
1758 3066 1878 3120 ούδέ
1908 3065 1969 3119 τὸ

385 3155 631 3225 σήμερον
663 3154 756 3208 τοῦ
791 3154 945 3226 ἐχθὲς
976 3155 1466 3227 παρατεινομένου,
1495 3157 1588 3210 ἐὰν
1620 3157 1694 3227 μὴ
1725 3159 1804 3220 είς
1829 3159 1965 3228 ὅπερ

385 3248 618 3318 ἀφῖχθαι
644 3249 1006 3318 ἀποκείμενον
1036 3248 1310 3320 εὐκαίρως
1344 3251 1492 3321 παρῇ
1531 3250 1802 3320 μηδεμιᾶς
1832 3251 1966 3303 ὐπο-

385 3338 689 3410 λιπομένης
711 3340 787 3410 τῷ
811 3341 1096 3413 πράγματι
1124 3340 1456 3412 βραδυτῆτος
1482 3341 1620 3413 πρὸς
1643 3342 1968 3414 καταδοχὴν,

394 3431 992 3503 ἀποδιαπομπήσασθαι
1017 3433 1310 3504 εὐπρεπές.
1340 3436 1417 3485 Δι’
1445 3433 1678 3502 ἀγγέλου
1708 3434 1763 3486 δὲ
1792 3435 1819 3487 ὁ
1844 3452 1970 3505 χρη·

397 3523 665 3594 ματισμδς
693 3523 770 3592 τῷ
791 3523 960 3592 δούλῳ
987 3525 1176 3590 αὑτοῦ,
1204 3524 1262 3587 ὃς
1287 3524 1470 3588 δοῦλος
1501 3524 1852 3596 ἐμαρτύρησε
1877 3526 1970 3579 τὸν

388 3613 551 3683 λόγον
602 3614 696 3668 τοῦ
741 3616 876 3669 Θεοῦ
931 3617 1025 3670 καὶ
1077 3616 1175 3687 τὴν
1221 3617 1528 3688 μαρτυρίαν
1571 3617 1759 3681 αὐτοῦ,
1813 3619 1966 3688 φησί.

387 3705 582 3774 Τούτῳ
602 3704 678 3776 τῷ
710 3709 949 3777 σχήματι
978 3708 1076 3777 τὴν
1099 3706 1482 3772 διδασκαλικὴν
1517 3707 1681 3761 αὐτοῦ
1713 3708 1971 3778 ἀλήθειαν

390 3795 684 3860 συνιστῶν,
713 3797 806 3848 και
829 3798 886 3848 ἐν
919 3797 1270 3865 Εύαγγελίοις
1297 3797 1569 3869 ἐχρήσατο
1600 3794 1788 3850 εἰπών’
1827 3817 1845 3850 ι
1876 3792 1975 3852 Οὗ-

386 3888 484 3949 τός
518 3889 665 3942 ἐστιν
700 3889 728 3941 ὁ
763 3888 1007 3960 μαθητὴς
1038 3890 1066 3942 ὁ
1117 3888 1411 3960 μαρτυρῶν
1456 3891 1584 3962 περὶ
1631 3889 1823 3943 τούτου
1879 3889 1974 3945 καὶ⁹

389 3978 614 4050 γράψας
666 3979 868 4043 ταῦτα,
922 3982 1018 4034 καὶ
1074 3979 1295 4052 οἴδαμεν
1358 3981 1439 4035 ὅτι
1499 3981 1704 4052 ἀληθής
1763 3985 1970 4054 ἐστινὴ

394 4070 673 4142 μαρτυρία
705 4069 894 4126 αὐτοῦ.
928 4089 948 4123 ι
998 4071 1084 4134 Ὧς
1112 4065 1205 4124 οὖν
1244 4073 1301 4124 ἐν
1332 4071 1548 4142 ἐκείνῳ,
1580 4071 1722 4124 οὕτω
1755 4071 1850 4125 καὶ
1880 4071 1974 4126 νῦν

391 4177 585 4230 φησιν,
607 4160 690 4214 ὅτι
719 4160 933 4232 μάρτυς
961 4162 1078 4216 ἐστὶ
1125 4161 1219 4213 τοῦ
1259 4160 1517 4229 ὀφθέντος
1551 4159 1702 4232 αὐτῷ
1749 4161 1837 4216 διὰ
1875 4163 1971 4232 τῆς

405 4252 829 4322 ’Δποκαλύψεως
855 4252 955 4323 τῆς
986 4251 1233 4320 δοθείσης
1255 4251 1406 4323 αὐτῷ
1431 4252 1584 4323 παρὰ
1613 4252 1706 4306 τοῦ
1734 4251 1972 4325 Χριστοῦ

395 4346 738 4417 μαρτυρίας·
775 4346 1106 4416 μαρτυρίας,
1139 4344 1334 4413 λέγων,
1382 4345 1544 4398 οἱονεὶ
1573 4345 1976 4417 διαμαρτυρίας

387 4437 488 4490 τοῦ
510 4435 986 4509 διαμαρτύρασθαι
1013 4436 1256 4507 δηλονότι
1285 4437 1420 4508 πρὸς
1448 4435 1542 4501 οὒς
1569 4439 1596 4492 ό
1618 4437 1774 4505 λόγος
1801 4438 1973 4508 αὐτῷ,

2065 597 2228 650 etiam
2253 597 2457 651 dictum
2486 607 2603 652 est:
2633 615 2652 649 ‹
2681 595 2944 663 Quoniam
2972 601 3153 655 omnia
3177 602 3420 657 serviunt
3441 604 3556 658 tibi.
3588 608 3640 658 ἰ

2070 687 2418 758 Subjungens
2472 697 2653 744 autem
2730 690 2874 759 quod
2922 689 3174 746 Christus
3241 708 3452 747 sacram
3503 693 3647 750 hanc

2068 779 2375 834 doctrinam
2406 795 2516 835 non
2550 781 2771 851 proprio
2793 783 3022 837 oraculo
3045 783 3111 837 ad
3136 783 3314 854 ipsum
3334 785 3641 850 pertulerit,

2068 869 2161 924 sed
2198 878 2407 924 tantum
2441 886 2536 938 per
2580 870 2830 940 angelum
2871 887 3054 935 suum,
3106 888 3346 927 amorem
3397 874 3645 930 veritatis

2070 960 2336 1015 indicavit
2390 962 2444 1015 in
2495 976 2564 1016 eo
2607 962 2700 1030 qui
2749 960 3132 1032 Apocalypsin)
3177 974 3483 1034 acceperat.
3544 965 3640 1020 Est

2070 1063 2253 1106 autem
2311 1053 2668 1123 Apocalypsis
2719 1063 3052 1108 secretorum
3095 1055 3478 1125 mysteriorum
3528 1070 3644 1110 ma-

2072 1143 2351 1199 nifestatio
2387 1161 2400 1198 :
2435 1143 2702 1198 illustrata
2742 1143 2912 1198 animi
2947 1153 3150 1208 mente,
3183 1145 3300 1201 sive
3331 1161 3426 1215 per
3451 1146 3638 1200 divina

2070 1235 2305 1298 somnia,
2331 1235 2446 1289 sive
2468 1249 2532 1288 ex
2551 1234 2735 1289 divina
2753 1235 3100 1306 evidentique
3125 1236 3460 1308 aﬂ'ulgentia.
3490 1239 3645 1292 Hane

2069 1341 2196 1380 vere
2238 1325 2614 1395 Apocalypsim
2645 1327 2826 1380 datam
2859 1341 2984 1382 esse
3013 1327 3168 1394 dicit,
3195 1327 3368 1399 magis
3403 1329 3646 1383 humano

2070 1432 2224 1472 more
2253 1431 2560 1471 sermonem
2587 1417 2886 1487 disponens
2927 1417 3150 1471 divinus
3180 1418 3267 1473 hic
3304 1420 3585 1487 apostolus
3626 1438 3641 1473 :

2069 1519 2122 1565 ct
2141 1526 2246 1564 non
2269 1509 2732 1579 quemadmodum
2755 1509 2809 1563 in
2831 1507 3126 1577 Evangelio
3152 1519 3206 1564 et
3231 1509 3466 1580 Epistola
3519 1526 3642 1570 sua.

2069 1617 2101 1657 ιι
2133 1601 2504 1656 divinioribus
2541 1601 2725 1669 porius
2767 1615 2890 1670 quae
2923 1601 2977 1656 in
3009 1599 3230 1656 Christo
3257 1609 3386 1655 sunt
3435 1616 3648 1656 sermo-

2070 1707 2194 1749 nem
2237 1693 2370 1746 texit
2396 1702 2449 1746 et
2483 1693 2535 1746 in
2567 1692 2646 1746 eis
2677 1701 2943 1755 versatur,
2978 1693 3050 1746 ita
3081 1701 3134 1747 et
3163 1693 3428 1757 nunc,sed
3450 1693 3517 1745 ah
3547 1691 3648 1744 hu-

2071 1784 2374 1840 milioribus
2409 1801 2422 1839 :
2451 1792 2705 1854 tanquam
2740 1795 2928 1853 aperte
2961 1784 3295 1852 significaret
3316 1785 3461 1853 quod
3491 1794 3644 1836 utra-

2069 1889 2194 1944 que,
2226 1875 2432 1939 divina,
2462 1875 2704 1944 inquam,
2736 1883 2794 1929 et
2820 1874 3082 1940 humana,
3121 1875 3173 1928 in
3207 1889 3315 1929 uno
3345 1877 3648 1943 eodemque

2069 1964 2287 2021 Christo
2338 1964 2728 2019 convenienter
2769 1964 3198 2032 perspiciuntur.
3237 1964 3518 2034 Siquidem
3549 1978 3647 2034 per

2069 2054 2464 2111 ministrantem
2497 2055 2766 2124 angelum,
2793 2063 2849 2110 et
2884 2071 3082 2111 nomen
3108 2070 3297 2110 eorum
3322 2056 3414 2125 qui
3443 2056 3644 2110 docen-

2069 2154 2176 2211 tur,
2210 2162 2402 2217 nempe
2434 2146 2578 2216 quod
2605 2148 2745 2202 servi
2777 2149 2904 2214 sint,
2955 2147 3296 2215 maiestatem
3339 2147 3643 2202 divinitatis

2067 2243 2272 2298 Christi
2309 2242 2627 2298 manifestat
2659 2261 2674 2296 :
2706 2243 2866 2313 juxta
2897 2243 2949 2297 id
2991 2243 3138 2312 quod
3167 2243 3333 2296 etiam
3375 2242 3638 2310 scriptum

2066 2345 2172 2399 cst,
2215 2354 2234 2387 ι
2271 2335 2536 2403 Quoniam
2569 2335 2750 2390 omnia
2781 2335 3024 2389 Serviunt
3056 2333 3171 2390 tibi.
3215 2353 3235 2385 ι
3279 2332 3452 2388 Porro
3475 2349 3641 2387 even-

2068 2437 2181 2482 tum
2204 2441 2394 2484 eorum
2425 2441 2548 2494 qua}
2582 2434 2890 2480 tractantur
2922 2425 3073 2480 brevi
3095 2424 3380 2493 pollicetur
3407 2433 3641 2479 eventu-

2069 2531 2188 2570 rum
2230 2535 2245 2572 :
2281 2531 2390 2570 non
2419 2516 2627 2585 vulgari
2665 2516 2850 2580 modo,
2884 2517 2980 2571 sed
3019 2518 3252 2574 metiens
3292 2520 3526 2572 humana
3562 2516 3645 2570 di-

2067 2608 2211 2664 vinis
2249 2627 2264 2664 :
2297 2623 2530 2678 quorum
2563 2606 2855 2662 collatione
2885 2607 3048 2663 etiam
3085 2621 3148 2662 ea
3173 2621 3298 2678 quae
3324 2607 3644 2678 longissimo

2067 2712 2309 2768 tempore
2355 2709 2408 2754 ct
2439 2707 2564 2768 post
2602 2699 2808 2754 multos
2843 2712 3112 2754 annorum
3150 2699 3482 2754 millenarios
3511 2711 3638 2752 eve-

2071 2791 2550 2861 niunt,ctanqnam
2582 2790 2700 2845 dies
2729 2775 2982 2845 hesterna
3011 2798 3068 2844 et
3089 2795 3352 2843 nocturna
3381 2787 3564 2857 vigilia
3583 2788 3635 2840 ³ο

2069 2892 2408 2948 reputantnr.
2447 2882 2555 2936 Ant
2600 2882 2764 2936 etiam
2818 2881 3087 2936 curiosius
3113 2888 3166 2934 et
3208 2879 3474 2946 exactius,
3495 2879 3642 2950 quod

2067 2975 2252 3040 addat,
2284 2975 2425 3041 Cito,
2453 2975 2812 3030 inl‘ullihiliter
2838 2974 3266 3030 demonstrantis
3288 2982 3374 3030 est
3402 2974 3547 3044 quod
3578 2988 3644 3027 ea

2068 3081 2192 3138 qua:
2247 3067 2667 3120 manifestantur
2723 3066 2834 3120 sint
2879 3072 3129 3120 eventum
3183 3062 3467 3125 sortitura,
3505 3062 3650 3116 sicut

2071 3159 2201 3214 nihil
2232 3157 2603 3228 impedimenti
2621 3157 2791 3228 possit
2824 3153 3018 3210 afferre
3045 3155 3229 3210 dilatio
3256 3153 3388 3224 quin
3415 3153 3650 3222 comple-

2071 3259 2254 3307 antur.
2282 3251 2747 3317 Quemadmodum
2773 3265 2946 3319 neqne
2965 3247 3208 3303 hesterni
3235 3247 3344 3302 diei
3370 3247 3649 3317 protensio

2072 3343 2335 3414 impedire
2365 3353 2542 3413 potest
2568 3342 2916 3404 hodiernum,
2951 3340 3056 3394 nisi
3083 3341 3230 3410 quod
3260 3346 3512 3408 oporteat
3538 3337 3648 3392 dif-

2073 3425 2202 3490 ferri
2239 3437 2413 3490 donec
2433 3444 2736 3504 opportune
2761 3432 2925 3497 adsit,
2954 3431 3098 3502 quod
3133 3431 3186 3484 in
3211 3430 3313 3484 hoc
3343 3431 3640 3498 repositum

2071 3537 2153 3582 est
2189 3534 2248 3581 ut
2277 3527 2577 3596 contingat,
2610 3525 2756 3579 nulla
2776 3524 2901 3578 huic
2934 3523 3012 3578 rei
3037 3537 3188 3576 mora
3207 3521 3395 3576 relicta
3423 3521 3488 3575 ad
3515 3537 3644 3575 suc-

2074 3619 2396 3674 cessionem.
2429 3616 2590 3688 647
2621 3615 2723 3671 Per
2755 3617 3005 3686 angelum
3029 3624 3208 3670 autem
3237 3615 3296 3669 [it
3322 3613 3644 3668 vaticinium

2075 3725 2233 3766 servo
2266 3709 2459 3779 ipsius,
2479 3712 2573 3779 qui
2599 3723 2790 3763 servus
2820 3707 3193 3762 testimonium
3219 3705 3500 3775 perhibuit
3527 3719 3648 3758 ser-

2075 3803 2224 3856 moni
2261 3801 2354 3856 Dei
2383 3810 2436 3856 et
2457 3801 2697 3857 sermoni
2727 3816 2849 3865 suo,
2884 3799 3084 3870 inquit.
3111 3799 3224 3854 lloc
3249 3796 3465 3853 dicendi
3493 3805 3652 3866 tropo

2074 3908 2184 3962 quo
2202 3909 2357 3948 suam
2379 3893 2664 3946 veritatem
2682 3891 2928 3948 docemlo
2963 3900 3144 3962 aptam
3170 3890 3407 3945 ostendit
3428 3897 3481 3942 et
3503 3904 3654 3944 com-

2077 3985 2318 4049 mendat,
2337 3985 2500 4039 etiam
2529 3984 2584 4040 in
2617 3981 2933 4053 Evangeliis
2959 3998 3093 4038 usus
3120 3990 3227 4048 est,
3246 3982 3436 4037 dicens
3463 3998 3476 4034 :
3509 3998 3527 4032 ι
3556 3978 3656 4034 llic

2075 4086 2158 4132 est
2193 4076 2465 4147 dicipulus
2497 4076 2588 4130 ille
2617 4075 2712 4145 qui
2760 4075 3136 4130 testimonium
3174 4073 3426 4142 perhibet
3457 4072 3524 4126 de
3566 4071 3654 4127 his

2075 4176 2130 4222 et
2161 4167 2378 4237 scripsit
2407 4167 2544 4230 hac,
2576 4175 2629 4220 et
2659 4163 2866 4220 scimus
2897 4162 3042 4234 quod
3078 4178 3265 4218 verum
3297 4172 3383 4217 est
3406 4161 3655 4215 testimo-

2075 4261 2228 4315 nium
2269 4258 2437 4329 ejus.‘
2475 4277 2494 4309 ι
2534 4257 2688 4314 Sicut
2725 4271 2856 4328 ergo
2887 4256 2941 4310 in
2981 4270 3047 4310 eo
3096 4254 3259 4318 libro,
3295 4253 3371 4307 ita
3400 4263 3455 4307 et
3506 4266 3657 4305 nunc

2076 4349 2208 4405 dicit
2251 4348 2396 4419 quod
2424 4348 2579 4404 testis
2629 4348 2700 4404 sit
2729 4347 2848 4418 ejus
2885 4347 3029 4418 quod
3069 4346 3174 4402 sibi
3211 4346 3648 4401 demonstratum

2075 4449 2180 4502 est,
2213 4448 2434 4510 propter
2463 4438 2775 4495 testimonia
2822 4438 2963 4495 datae
3004 4438 3107 4495 sibi
3139 4453 3171 4493 a
3197 4437 3416 4493 Christo
3455 4450 3654 4504 apoca-

390 4529 476 4589 εξς
521 4526 830 4591 eademva
881 4526 1096 4590 ἑαυτοῦ,
1145 4527 1402 4596 μάρτυρα
1451 4520 1593 4580 εἶναι
1640 4526 1834 4580 ἑαυτὸν
1877 4527 1967 4580 τοῦ

2084 4527 2274 4602 Iypsis,
2299 4530 2610 4585 testimonia
2639 4531 2828 4587 dicens
2851 4531 3018 4587 veluti
3047 4530 3465 4602 protestationes
3495 4542 3660 4598 quas-

389 4615 652 4684 ὀφθέντος
695 4613 844 4686 αὐτῷ
876 4615 1023 4669 θείου
1055 4616 1214 4686 λόγου
1251 4615 1340 4670 διὰ
1373 4615 1473 4686 τῆς
1528 4616 1971 4687 Ἀποκαλύψεως.

391 4709 530 4762 Τίνα
559 4709 616 4762 δὲ
645 4707 1126 4780 διαμαρτύρασθαι
1157 4710 1252 4762 καὶ
1290 4709 1527 4782 κηρύξαι
1552 4711 1633 4777 εἰς
1663 4709 1974 4775 ἐξαθώωσιν

392 4803 592 4858 ἐαυτοῦ
620 4821 635 4870 ;
661 4804 744 4858 Τά
759 4822 817 4856 τε
839 4803 991 4868 ὄντα,
1018 4804 1088 4858 τά
1109 4821 1169 4856 τε
1199 4803 1457 4875 ἐσόμενα,
1489 4803 1525 4858 ἃ
1555 4803 1648 4858 καὶ
1683 4821 1972 4874 παραστα-

389 4894 545 4959 τικὰ,
590 4894 687 4948 ἆτε
720 4895 1030 4967 προφήτου,
1075 4894 1168 4948 τοῦ
1209 4911 1269 4948 τε
1302 4893 1600 4959 ἐνεστῶτος
1647 4895 1841 4967 χρόνον
1877 4894 1972 4949 καὶ

387 4985 489 5040 τοῦ
530 4983 836 5058 μελλόντος.

2081 4625 2230 4692 dam,
2270 4624 2622 4693 protestando
2668 4625 2919 4680 videlicet
2967 4625 3228 4680 adversus
3263 4624 3386 4678 illos
3458 4621 3657 4691 qmbus

2081 4716 2184 4786 ipsi
2208 4731 2389 4772 sermo
2418 4725 2554 4780 erat,
2581 4726 2641 4772 ιιι
2678 4733 2801 4774 sese
2838 4733 2868 4772 a
2906 4727 3128 4788 peccato
3159 4715 3655 4772 incontaminatum

2081 4806 2350 4874 redderet,
2384 4807 2530 4878 quod
2566 4809 2721 4864 testis
2748 4820 2868 4865 erat
2917 4808 3086 4864 divini
3136 4808 3408 4863 sermonis
3439 4820 3535 4877 per
3574 4819 3662 4859 re-

2078 4898 2404 4955 velationem
2434 4901 2538 4957 sibi
2573 4901 2952 4958 demonstrati.
2993 4901 3260 4969 Quaenam
3296 4909 3483 4956 autem
3519 4914 3656 4968 pro-

2079 4991 2266 5047 testari
2296 5008 2360 5049 ac
2397 4993 2695 5064 praedicare
2723 4995 2984 5065 oportuit,
3007 5003 3064 5049 ut
3099 5009 3220 5050 sese
3249 5009 3279 5048 a
3315 4997 3538 5062 peccato
3580 4990 3662 5044 in.

391 5075 828 5130 contaminatum
861 5078 1144 5132 redderet?
1169 5077 1235 5133 Et
1265 5095 1387 5151 quae
1413 5078 1701 5150 praesentia
1741 5084 1898 5134 erant
1931 5087 1985 5134 et
2022 5096 2147 5151 quas
2190 5081 2410 5139 futura:
2453 5099 2577 5156 quze
2650 5086 2815 5141 etiam
2854 5095 3116 5156 tanquam
3155 5085 3438 5156 propheta:
3489 5079 3657 5138 dicta.

394 5177 611 5236 tempus
642 5183 881 5240 prasens
909 5185 974 5224 ac
1004 5170 1244 5226 futurum
1279 5171 1666 5228 manifestam:

466 5261 626 5317 Ὅσα
657 5279 720 5317 τε
743 5259 924 5318 εἶδεν.
962 5262 1051 5317 Ἐν
1079 5264 1251 5337 ἑτέρῳ
1306 5266 1628 5336 ἀντιγράφω
1660 5265 1967 5336 πρόσκειτισ.1

2151 5259 2558 5334 Ειξᾳιιωσιιηᾳίιε
2587 5260 2736 5317 vidit.
2763 5260 2820 5315 In
2838 5262 2949 5317 alio
2962 5263 3261 5333 exemplari
3289 5261 3568 5317 adduntur
3605 5273 3660 5318 et

391 5354 492 5408 καὶ
537 5354 728 5406 ταῦτα’
761 5354 859 5408 καὶ
891 5353 1008 5408 ὅσα
1036 5355 1300 5424 ἤκουσε,
1341 5357 1440 5411 καὶ
1499 5356 1674 5412 ἅτινα
1706 5357 1848 5423 εἰσί,
1884 5357 1967 5411 καί

2081 5355 2215 5420 liazc,
2231 5354 2299 5409 Et
2321 5370 2644 5425 quwcunque
2660 5352 2884 5420 audivit,
2897 5363 2947 5408 et
2965 5369 3082 5424 quae
3094 5363 3241 5419 sunt,
3256 5365 3305 5408 et
3323 5370 3439 5425 qua:
3455 5363 3657 5421 oportet

392 5445 570 5501 ἅτινα
631 5445 727 5499 δεῖ
751 5448 1031 5516 γενέσθαι
1055 5447 1207 5516 μετὰ
1240 5447 1448 5504 ταῦτα.
1498 5449 1556 5501 '0
1588 5449 1823 5520 Χριστός
1861 5466 1967 5520 μοιι

2079 5447 2196 5514 ﬁeri
2223 5443 2468 5515 posthwc.
2490 5443 2760 5508 Christus,
2781 5443 2979 5514 inquit,
3002 5443 3134 5496 mihi
3151 5441 3515 5497 manil‘cstavit
3539 5448 3660 5494 tan-

393 5538 585 5606 φησὶν,
646 5538 996 5608 ἐφανέρωσεν
1053 5537 1130 5602 ὡς
1196 5539 1464 5609 δεσπότης
1513 5539 1592 5610 τῷ
1657 5539 1830 5610 δούλῳ
1879 5540 1967 5592 αύ-

2079 5551 2241 5608 quam
2261 5537 2521 5593 Dominus
2537 5552 2696 5592 servo
2712 5553 2812 5593 suo
2833 5545 2913 5591 :ut
2931 5551 3026 5608 per
3041 5552 3105 5591 ea
3123 5551 3242 5606 quae
3261 5537 3374 5591 visa
3392 5541 3520 5588 sunt
3533 5548 3659 5604 pro-

392 5629 514 5695 τοῦ,
550 5630 634 5699 ἐφ’
672 5626 716 5701 ᾧ
754 5632 844 5686 διὰ
870 5631 979 5687 τῶν
1017 5631 1328 5705 όραθὲντων
1363 5631 1842 5704 διαμαρτύρασθαι
1887 5627 1967 5684 mi

2080 5638 2312 5685 tcstarer
2327 5643 2387 5684 ac
2403 5629 2781 5699 praedicarem,
2804 5630 2868 5686 ad
2887 5627 3294 5685 conversionem
3312 5625 3657 5683 auditorum:

498 5809 520 5840 ³
557 5807 700 5867 Psal.
734 5827 916 5875 cxvm,
952 5813 1042 5869 9i.
1147 5814 1166 5844 ³
1198 5811 1342 5868 Psal.
1386 5827 1610 5876 Lxxxlx,
1639 5812 1692 5868 si.
1768 5814 1788 5844 ⁸
1824 5809 2019 5868 .lnann.
2052 5827 2162 5875 ut,
2194 5811 2284 5869 ει.
