4102 6424
485 395 591 457 50'}

1294 392 1624 454 ARETII/E
1663 394 2041 454 C/ESAREXE
2078 391 2561 454 CAPPADOCUE
2606 389 2948 451 EPISCOPI

3644 380 3745 447 504

483 515 538 559 et
563 519 685 573 qua:
709 504 1128 575 suntlatentqne
1156 505 1428 570 homines,
1458 516 1513 561 et
1541 522 1662 576 qure
1690 507 1873 563 futura
1899 518 2065 563 sunt:

2175 505 2408 576 κηρύξαι
2462 504 2600 574 πρός
2648 501 2986 571 ἐπιστροφὴν
3040 498 3152 553 τῶν
3205 497 3535 562 ἀκουόντων,
3585 499 3653 553 τά
3692 516 3748 553 τε

487 605 719 665 utraque
750 596 897 649 enim
926 595 1251 664 pmphetice
1282 595 1421 650 vidit
1453 614 1465 648 :
1494 596 1665 651 veluti
1694 613 1757 650 ex
1790 612 1857 650 eo
1889 597 2067 650 mani-

487 685 686 741 festum
707 695 790 739 est
819 685 961 752 quod
991 685 1147 746 dixit,
1170 682 1300 750 Qum
1319 697 1442 739 sunt
1468 696 1522 740 et
1549 702 1670 756 qua:
1690 696 1901 757 Oportet
1928 686 2065 743 ﬁeri.

484 778 618 831 Nam
654 778 767 831 haec
789 777 1219 831 demonstrativa
1247 789 1377 833 sunt
1410 781 1672 849 temporis
1696 783 1979 851 praesentis
2006 798 2068 835 ac

485 869 675 932 futuri,
709 868 853 923 circa
881 884 1002 938 quae
1020 871 1183 925 etiam
1200 881 1282 927 est
1298 874 1622 942 approbalio
1651 875 2065 945 prophetarum.

558 1133 755 1187 Beatus
795 1135 884 1203 qui
922 1134 1047 1202 legit
1076 1146 1124 1188 et
1149 1137 1240 1205 qui
1263 1136 1489 1191 audiunt
1519 1138 1674 1192 verba
1692 1140 1980 1208 prophetia:
2019 1149 2067 1194 et

482 1233 690 1277 servant
733 1240 794 1277 ea
834 1241 952 1293 qua:
978 1227 1030 1279 in
1077 1227 1193 1296 ipsa
1225 1230 1428 1298 scripta
1471 1238 1615 1283 sunt.
1662 1229 1885 1298 Tempus
1930 1233 2065 1285 enim

480 1334 641 1385 praue
662 1329 761 1371 est.

542 1408 846 1465 Prudenter
895 1411 1189 1465 admodum
1232 1412 1419 1468 beatos
1470 1414 1765 1483 praedicat,
1814 1432 1921 1471 non
1973 1416 2067 1487 qui

483 1500 660 1555 solum
698 1502 919 1572 legunt:
964 1503 1233 1569 siquidem
1299 1503 1453 1558 multi
1502 1504 1574 1558 ita
1620 1505 1960 1561 forentheati
1991 1509 2067 1561 Ie-

483 1592 700 1662 gendo:
736 1593 831 1648 sed
866 1593 958 1663 qui
990 1594 1151 1648 etiam
1196 1594 1446 1659 audiunt,
1474 1596 1679 1651 ellicaci
1737 1598 1988 1652 videlicet
2017 1608 2070 1655 et

483 1686 765 1753 operativo
800 1687 1026 1740 auditu:
1059 1685 1262 1756 quibus
1301 1687 1467 1741 etiam
1525 1686 1790 1744 Dominus
1836 1698 2067 1746 testatus

484 1786 568 1831 est
606 1793 731 1832 vere
758 1794 881 1833 esse
912 1778 1181 1844 auditum,
1214 1793 1338 1833 cum
1377 1779 1462 1833 his
1507 1781 1688 1835 verbis
1719 1783 1785 1835 de
1827 1782 1908 1838 eis
1944 1783 2021 1837 ait
2049 1800 2062 1837 :

2171 598 2300 652 ὄντα
2334 599 2428 650 καὶ
2480 597 2606 660 τοὺς
2658 593 2982 664 ἀνθρώπους
3034 590 3392 654 λανθάνοντα,
3420 590 3491 642 τά
3545 606 3603 642 τε
3631 590 3752 659 μὲλ-

2171 688 2331 742 λοντα
2395 688 2637 741 ἔσεσθαι.
2687 683 3047 757 Προφητικῶς
3104 684 3214 753 γὰρ
3274 681 3523 753 ἑώρακεν
3577 682 3749 751 ἀμφό-

2170 799 2322 850 τερα.
2376 779 2488 833 Καὶ
2521 780 2679 848 δῆλον
2712 781 2775 830 ἐκ
2803 775 2899 830 τοῦ
2934 776 3206 845 εἰρῆσθαι,
3239 774 3450 827 "Aura
3485 771 3625 836 εισι,
3659 774 3750 826 καί

2170 874 2209 927 ἆ
2246 873 2362 943 χρὴ
2394 871 2691 941 γενέσθαι.
2726 869 2912 923 Ταῦτα
2961 869 3071 936 γὰρ
3122 866 3512 935 παραστατικά
3552 863 3645 916 τοῦ
3676 866 3753 916 ὲν-

2174 966 2410 1028 εστῶτος
2441 964 2635 1035 χρόνου
2663 963 2757 1016 καὶ
2799 960 2895 1014 τοῦ
2931 960 3236 1030 μέλλοντος,
3282 958 3410 1026 περὶ
3454 954 3492 1009 ὃι
3525 956 3617 1009 καὶ
3651 956 3755 1009 τῶν

2170 1059 2469 1130 προφητῶν
2496 1057 2557 1109 τὸ
2591 1055 2905 1123 εὐδόκιμον.

2239 1149 2544 1217 Μακάριος
2566 1150 2597 1201 d
2618 1145 3052 1215 ἀναγινώσκων
3074 1143 3171 1199 καὶ
3194 1144 3250 1196 οἱ
3271 1142 3600 1203 ἀκούοντες
3621 1139 3754 1202 τοὺς

2168 1243 2389 1310 λόγους
2437 1238 2547 1308 τῆς
2598 1237 2990 1307 προφητείας,
3036 1235 3135 1288 καὶ
3194 1231 3520 1302 τηροῦντες
3569 1229 3641 1284 τὰ
3689 1230 3755 1283 ἐν

2168 1331 2324 1401 αὐτῇ
2353 1329 2748 1402 γεγραμμένα.

2238 1423 2548 1495 Μακαρίζει
2579 1421 2880 1493 προμηθῶς
2923 1419 3065 1488 ἄγαν
3097 1417 3158 1471 οὐ
3191 1418 3318 1480 τοὺς
3348 1415 3751 1484 ἀναγινώσκον-

2168 1535 2267 1583 τας
2307 1518 2503 1590 μόνους
2534 1516 2743 1587 (πολλοὶ
2776 1513 2884 1584 γὰρ
2918 1514 2990 1567 ἂν
3014 1508 3155 1581 ἦσαν
3193 1510 3459 1579 μακάριοι
3508 1507 3679 1570 οὕτως
3705 1509 3754 1560 οἱ

2168 1607 2685 1684 ἀναγινώσκοντες),
2712 1604 2851 1659 ἀλλά
2867 1605 2959 1657 καὶ
2986 1604 3113 1666 τοὺς
3133 1599 3432 1662 ἀκούοντας
3457 1598 3753 1668 ὲμπράκτφ

2166 1703 2367 1775 δηλαδὴ
2399 1704 2557 1773 ἀκοῇ.
2590 1695 2686 1763 Οἷς
2717 1698 2813 1753 καὶ
2835 1700 2863 1752 6
2894 1696 3102 1767 Κύριος
3122 1694 3203 1765 τῷ
3227 1694 3340 1747 δντι
3372 1689 3755 1762 ἐμαρτύρησεν

2169 1795 2361 1865 ἀκοὴν,
2413 1794 2551 1864 πρὸς
2596 1791 2730 1857 τῶν,
2783 1792 2841 1844 ἐν
2882 1784 2964 1853 οἷς
3012 1801 3219 1859 φησιν’
3274 1804 3293 1839 ι
3356 1786 3414 1839 '0
3455 1784 3596 1854 ἔχων
3645 1776 3754 1836 ὦτα

488 1870 622 1935 «Qui
654 1870 818 1925 habet
852 1886 1016 1926 aures
1044 1870 1325 1933 audiendi,
1364 1870 1577 1926 audiat.
1604 1874 1624 1904 '
1661 1891 1679 1923 ι
1714 1873 1782 1927 Et
1812 1875 1939 1943 quis
1978 1884 2063 1930 est

2175 1886 2413 1949 ἀκούειν,
2446 1884 2714 1939 ἀκουέτω.
2752 1902 2771 1935 ι
2817 1883 2929 1935 Καὶ
2958 1882 3043 1944 τίς
3070 1872 3263 1946 οὖτοςς
3294 1880 3321 1931 6
3348 1876 3453 1945 τὴν
3491 1874 3755 1944 ἀκουστὴν

485 1962 615 2017 hic?
655 1964 702 2018 is
727 1963 821 2033 qui
858 1964 1047 2018 habitu
1097 1964 1354 2018 audiendi
1400 1974 1626 2033 paratus
1664 1975 1749 2022 est
1783 1967 1849 2022 ad
1874 1968 2064 2023 obser—

482 2055 720 2109 vandum
752 2065 804 2109 et
826 2057 1264 2122 custodiendum,
1294 2065 1555 2126 tanquam
1588 2059 1804 2115 divinas
1832 2061 1977 2130 leges
1999 2077 2064 2117 ea

482 2163 605 2215 qua:
634 2146 778 2201 dicta
808 2147 969 2209 sunt,
999 2148 1092 2217 qui
1122 2149 1286 2202 etiam
1318 2150 1657 2218 compositus
1688 2161 1773 2206 est
1800 2152 1867 2206 ad
1899 2153 2062 2223 spiri-

484 2239 703 2292 tualiter
750 2238 1040 2293 vivendum
1078 2254 1230 2294 :non
1260 2239 1403 2294 sicut
1439 2242 1692 2297 animalis
1727 2242 1914 2305 homo,
1951 2246 2064 2298 sive

480 2331 573 2399 qui
603 2331 764 2399 juxta
796 2326 1211 2385 sensualitatcm
1241 2331 1393 2405 eligit
1448 2333 1653 2398 vivere,
1699 2336 2062 2403 quemadmo—

480 2423 611 2475 dum
634 2421 887 2474 animalia
932 2435 1189 2474 sermone
1220 2421 1508 2475 carentia:
1546 2424 1641 2477 scd
1680 2425 1776 2492 qui
1807 2425 2066 2495 despecto

477 2512 629 2565 omni
660 2526 726 2565 eo
757 2512 904 2581 quod
938 2511 1006 2565 ad
1038 2523 1362 2567 consuetam
1392 2513 1543 2567 hanc
1573 2523 1628 2567 et
1652 2515 1926 2583 placidam
1979 2518 2064 2572 vi-

480 2603 641 2657 vendi
667 2604 933 2657 rationem
958 2604 1175 2668 attinet,
1195 2604 1263 2659 ad
1287 2605 1338 2659 id
1372 2606 1518 2675 quod
1545 2606 1597 2660 in
1621 2608 1784 2665 nobis
1815 2609 2060 2666 divinum

484 2704 571 2750 cst
595 2694 899 2758 traductus,
930 2694 1099 2766 648
1133 2706 1280 2750 totus
1300 2699 1642 2767 compositus
1672 2708 1758 2753 est
1802 2702 1868 2756 ad
1902 2701 2063 2757 boni-

2166 1980 2282 2045 ἓξιν
2324 1977 2609 2050 εὐπρεπὴς
2656 1978 2736 2040 εἰς
2790 1977 2852 2029 τὸ
2894 1974 3175 2043 διατηρεῖν
3210 1972 3305 2024 καὶ
3357 1968 3651 2039 φυλάσσειν
3684 1967 3754 2028 ὡς

2169 2068 2346 2133 θείους
2370 2070 2570 2139 νόμους
2618 2068 2686 2120 τὰ
2707 2066 3000 2138 εἰρημένα,
3029 2064 3089 2126 ὃς
3115 2063 3208 2115 καὶ
3244 2059 3631 2130 πνευματικῶς
3659 2057 3753 2128 ζῇν

2169 2158 2629 2231 κατηρτισμένος,
2666 2158 2766 2226 οὐχ
2805 2159 2882 2220 ὡς
2915 2158 2943 2210 6
2968 2154 3199 2225 ψυχικὸς
3230 2152 3544 2221 ἄνθρωπος,
3581 2149 3752 2201 εῐτουν

2165 2253 2192 2301 6
2226 2252 2347 2304 κατ’
2380 2250 2634 2318 αἴσθησιν
2659 2246 2759 2318 ζῇν
2791 2244 3251 2317 προαιρούμενος,
3279 2241 3471 2312 ὥσπερ
3503 2239 3570 2293 τὰ
3600 2239 3750 2305 λόγου

2165 2338 2350 2407 ἔρημα
2381 2336 2517 2400 ζῶα,
2548 2335 2661 2388 ἀλλ’
2704 2335 2985 2406 ἀτιμάσας
3024 2335 3122 2405 μὲν
3149 2333 3258 2386 πᾶν
3283 2331 3345 2384 τὸ
3376 2331 3513 2400 περὶ
3542 2328 3603 2381 τὸ
3633 2329 3751 2381 σύν-

2167 2445 2367 2502 τροφον
2385 2429 2544 2481 τοῦτο
2560 2426 2658 2497 ζῇν
2696 2428 2792 2481 καὶ
2827 2425 3113 2498 χειρονηδὺ
3154 2424 3198 2496 [?
3216 2421 3551 2494 xstpé'qeegj,
3596 2436 3753 2491 μετα-

2169 2521 2472 2591 ταξάμενος
2520 2520 2577 2573 δὲ
2618 2520 2754 2591 πρὸς
2800 2520 2861 2573 τὸ
2883 2520 3036 2574 Θετον
3057 2518 3118 2572 τὸ
3152 2521 3208 2571 ὲν
3225 2519 3380 2587 ἡμῖν,
3407 2517 3529 2577 ὅλος
3570 2514 3751 2581 γέγονε

2170 2614 2270 2683 τῆς
2298 2614 2423 2666 κατ’
2465 2613 2641 2684 ἀρχὰς
2676 2610 2771 2665 τοῦ
2820 2610 3070 2665 Πλάστου
3113 2610 3205 2663 ἐπὶ
3259 2606 3338 2677 τῷ
3405 2604 3528 2659 κατ’
3577 2604 3754 2656 εἰκόνα

2171 2707 2367 2760 ἑαυτοῦ
2402 2706 2703 2777 πλάσματι,
2731 2705 3098 2775 χρηστότητος
3127 2702 3220 2756 κα)⁵
3249 2699 3600 2772 κηδεμονίας.

482 2797 671 2855 mem,
692 2806 755 2843 ac
780 2790 1174 2860 PPOVidCllliam
1203 2790 1320 2862 eius
1341 2794 1431 2863 qui
1459 2810 1638 2866 Ipsum
1669 2796 1827 2851 initio
1890 2796 2169 2866 formavit,
2229 2813 2522 2874 prOpterea
2551 2803 2698 2873 quod
2764 2803 2830 2856 ad
2876 2816 3032 2857 suam
3067 2799 3357 2870 imaginem
3386 2798 3569 2867 ipsum
3595 2793 3751 2849 el‘lin-

479 2892 655 2939 xerat.

553 2982 780 3053 Tempus
804 2984 941 3037 enim
960 2996 1239 3055 prope-est.
1264 2985 1502 3057 Tempus
1536 2989 1652 3045 sive
1688 2992 2075 3061 opportunitas

482 3075 792 3145 propinqua
840 3085 925 3131 est
955 3078 1019 3131 ad
1056 3077 1489 3135 beatitudinem:
1537 3082 1753 3136 idenim
1795 3083 2068 3154 contingit

483 3185 579 3236 per
600 3170 983 3225 acccnsioucm
1017 3171 1303 3227 charitatis
1335 3188 1527 3228 eorum
1553 3174 1649 3244 qui
1677 3175 1769 3229 Dei
1802 3186 2069 3247 praecepta

482 3271 741 3317 servant:
782 3262 902 3316 ideo
934 3263 1079 3331 quod
1113 3264 1283 3318 robur
1332 3280 1395 3319 ac
1426 3266 1712 3321 tolerantia
1770 3268 1823 3321 in
1858 3268 2071 3338 agendo
2097 3236 2140 3293 Ο

481 3354 628 3407 circa
662 3353 763 3408 ista
797 3353 883 3408 his
915 3353 1257 3424 adiungitur,
1288 3364 1349 3410 ut
1376 3357 1509 3411 nihil
1538 3358 1780 3412 ducatur
1807 3363 2072 3430 temporis

484 3446 799 3512 prorogatio
835 3454 929 3500 aut
958 3446 1260 3500 innovatio.
1300 3447 1477 3517 Atque
1510 3448 1673 3518 hujus
1706 3450 1782 3505 rei
1811 3453 1966 3507 testis
1990 3460 2073 3506 est

478 3538 756 3607 septennis
776 3538 1101 3607 patriarchae
1118 3538 1290 3594 Jacob
1307 3539 1377 3593 ob
1399 3556 1631 3595 uxorum
1658 3545 2068 3614 susceptionem

479 3629 796 3693 tolerantia,
828 3629 980 3684 velut
1019 3645 1163 3684 unus
1200 3630 1317 3684 dies
1345 3642 1616 3700 reputata.
1664 3633 1793 3700 Aut,
1846 3644 2063 3706 tempus

482 3721 830 3793 praemiorum
853 3722 1221 3792 propinquum
1236 3730 1338 3788 est,
1362 3724 1406 3777 si
1426 3724 1776 3783 conferamus
1792 3730 2074 3798 praesentis

481 3816 607 3868 vita:
627 3814 949 3868 brevitatem
977 3814 1042 3867 ad
1073 3812 1244 3869 l'uturi
1267 3815 1452 3869 saeculi
1482 3816 2070 3877 interminabilitatem.

551 3904 593 3968 Ι,
612 3905 666 3966 4,
692 3904 993 3959 5.10amtes
1012 3914 1207 3971 septem
1232 3902 1491 3959 Ecclesiis
1522 3923 1643 3973 quis
1670 3921 1791 3962 sunt
1825 3910 1878 3963 in
1905 3913 2072 3966 Asia:

480 3998 659 4067 gratia
682 3995 824 4051 vobis
836 4005 1004 4065 etpax
1028 3997 1092 4049 ab
1110 4011 1169 4049 eo
1193 3996 1284 4065 qui
1306 4006 1383 4050 est
1400 4004 1451 4051 et
1464 3999 1684 4069 quierat
1719 4009 1768 4054 et
1788 4003 1879 4072 qui
1902 4005 2072 4060 venit:

482 4099 532 4143 et
559 4106 589 4142 ιι
608 4098 800 4157 septem
811 4088 1084 4156 spiritibus
1105 4088 1196 4159 qui
1217 4088 1271 4143 in
1290 4101 1566 4157 conspectu
1587 4091 1764 4147 throni
1787 4095 1903 4163 ejus
1919 4107 2067 4152 sunt.

488 4184 551 4238 Et
573 4184 639 4237 ab
666 4183 792 4238 Iesu
820 4182 1052 4251 Christo,
1073 4184 1164 4253 qui
1189 4192 1267 4237 est
1309 4185 1458 4238 testis
1490 4185 1663 4254 ﬁdelis
1689 4187 2073 4259 primogenitus

485 4287 837 4343 mortuorum,
886 4286 936 4330 et
970 4277 1211 4346 princeps
1234 4293 1412 4348 regum
1447 4288 1626 4332 terrae.

557 4459 663 4514 Per
684 4466 891 4528 septem
929 4459 1192 4514 ecclesias
1223 4474 1623 4528 numerumque
1660 4460 2028 4528 septenarium
2056 4504 2071 4529 ,

2256 2989 2320 3043 Ὀ
2363 2988 2475 3060 γὰρ
2507 2988 2713 3057 καιρὸς
2743 2989 2944 3058 ἐγγύς.
2996 2986 3197 3056 Ἐγγὺς
3228 2987 3256 3040 6
3292 2985 3489 3056 καιρὸς
3525 2983 3623 3053 τῆς
3657 2998 3752 3051 μα-

2173 3085 2524 3156 καριότητος.
2558 3083 2650 3154 Τῷ
2680 3084 2933 3155 διαπύρῳ
2965 3082 3072 3152 γὰρ
3097 3081 3256 3134 τοῦτο
3284 3082 3385 3150 τῆς
3410 3078 3628 3148 ἀγάπης
3653 3074 3754 3129 τῶν

2175 3176 2562 3246 φυλασσόντων
2596 3177 2695 3239 τὰς
2730 3175 2951 3238 ἐντολὰς
2977 3173 3071 3227 τοῦ
3100 3173 3258 3227 Θεοῦ.
3286 3172 3377 3224 Διὸ
3404 3173 3501 3227 καὶ
3527 3170 3587 3224 τὸ
3614 3169 3754 3223 ἀνέν-

2174 3270 2326 3323 δοτον
2361 3269 2463 3338 τῆς
2498 3268 2625 3338 περὶ
2654 3267 2828 3322 ταῦτα
2859 3266 3205 3337 περιγίνεται
3252 3264 3440 3327 αὐτοῖς
3480 3261 3751 3334 ἐργασίας,

2175 3360 2285 3414 οὐδ’
2312 3361 2393 3422 εἰς
2422 3359 2737 3430 παράτασιν
2782 3357 2979 3427 χρόνου
3028 3357 3062 3428 ἢ
3120 3356 3571 3409 ἀποκατάστασιν
3614 3368 3756 3421 νομι-

2181 3451 2360 3521 σθείη.
2394 3451 2503 3504 Καὶ
2534 3450 2747 3521 μάρτυς
2776 3450 2809 3520 ή
2840 3446 2935 3501 τοῦ
2970 3447 3312 3518 πατριάρχου
3356 3442 3555 3497 Ἰακὼϐ
3584 3443 3671 3495 ἐπὶ
3693 3440 3753 3509 τῇ

2175 3541 2447 3612 ἀναλήψει
2471 3540 2579 3593 τῶν
2617 3537 2895 3608 γυναικῶν
2940 3535 3214 3604 ἑπταέτης
3246 3531 3537 3604 καρτερία,
3569 3529 3639 3591 ὡς
3668 3525 3757 3597 μία

2174 3636 2360 3708 ἡμέρα
2394 3633 2745 3705 λογιζομένη.
2781 3633 2853 3685 Ἢ
2890 3631 3058 3704 ἐγγυς
3086 3631 3113 3682 6
3142 3629 3252 3682 τῶν
3297 3627 3553 3680 ἐπάθλων
3578 3621 3755 3690 καιρὸς

2174 3729 2252 3801 τῷ
2295 3726 2773 3799 παραμετρεῖσθαι
2813 3724 2913 3796 τὴν
2942 3723 3035 3777 τοῦ
3067 3721 3334 3791 παρόντος
3377 3718 3495 3790 βίου
3536 3713 3753 3788 σμικρό-

2176 3839 2332 3892 τητα,
2361 3820 2499 3891 πρὸς
2528 3817 2626 3889 τὴν
2655 3817 2748 3870 τοῦ
2778 3816 3067 3886 μέλλοντος
3100 3812 3359 3882 ἀπειρίαν
3388 3808 3603 3871 αἰῶνος.

2238 3912 2509 3977 Ἰωάννης
2525 3910 2655 3977 ταῖς
2679 3910 2828 3963 ἑπτὰ
2844 3908 3235 3976 Ἐκκλησίαις
3252 3904 3383 3971 ταῖς
3397 3905 3466 3958 ἐν
3485 3901 3558 3969 τῇ
3573 3898 3751 3964 Ἀσίῳ

2176 4004 2355 4074 Χάρις
2378 4002 2519 4073 ὑμῖν
2544 4000 2641 4056 καὶ
2670 3999 2882 4070 εἰρήνη
2900 4000 3018 4055 ἀπὸ
3048 3998 3174 4064 τοῦ,
3201 4001 3232 4053 ὁ
3262 3994 3349 4049 ὢν
3382 3994 3479 4050 καὶ
3497 3997 3529 4048 ό
3554 3986 3754 4063 ﬁrma!

2176 4102 2210 4153 ὀ
2238 4098 2591 4168 ἐρχόμενοςο
2627 4094 2725 4150 καὶ
2755 4093 2875 4149 ἀπὸ
2931 4092 3051 4147 τῶν
3099 4092 3251 4145 ἑπτὰ
3306 4086 3675 4159 πνευμάτων.
3717 4080 3753 4135 ᾶ

2178 4187 2393 4261 [ἐστιν]
2422 4187 2678 4242 ἐνώπιον
2728 4185 2835 4240 τοῦ
2869 4183 3087 4251 θρόνου
3122 4180 3309 4235 αὐτοῦ
3335 4196 3349 4210 ’
3370 4178 3469 4233 καὶ
3512 4173 3626 4232 ἀπὸ
3656 4173 3752 4237 Ἰη-

2178 4281 2294 4335 σοῦ
2325 4279 2604 4349 Χριστοῦ,
2627 4280 2660 4331 ὁ
2691 4276 2924 4348 μάρτυς
2959 4279 2992 4331 ό
3039 4276 3275 4341 πιστὸς,
3314 4275 3347 4328 ό
3401 4270 3754 4341 πρωτότοκος

2179 4374 2297 4428 τῶν
2322 4370 2583 4442 νεκρῶν,
2604 4371 2705 4426 καὶ
2742 4374 2775 4425 ό
2798 4370 2999 4439 ἅρχων
3031 4366 3147 4422 τῶν
3158 4366 3471 4432 ,βασιλέων
3500 4361 3605 4428 τῆς
3632 4355 3750 4428 γῆς.

2253 4464 2350 4522 Διά
2394 4464 2504 4517 τῶν
2539 4463 2682 4517 ἑπτὰ
2739 4459 3104 4531 Ἑκκλησιῶν,
3147 4462 3241 4514 καὶ
3272 4457 3369 4512 τοῦ
3404 4445 3750 4524 ἑϐδοματικοῦ

486 4552 891 4608 multitudinem
938 4542 1265 4622 signiﬁcavit
1301 4552 1660 4607 ecclesiarum
1687 4553 1892 4623 ubique
1922 4554 2073 4610 loco-

2181 4558 2438 4632 ἀριθμοῦ,
2466 4557 2527 4611 τὸ
2548 4556 2658 4610 τῶν
2686 4555 2974 4625 ἁπανταχῆ
2999 4552 3338 4623 Ἐκκλησιῶν
3370 4551 3608 4619 ὲσὴμανε
3631 4541 3751 4611 πλῆ·

487 4664 608 4702 rum
629 4648 1016 4715 sitarum,quae
1046 4647 1098 4700 in
1112 4648 1359 4716 praesenti
1375 4647 1483 4702 vita
1501 4646 1601 4701 sibi
1623 4657 1811 4701 mutuo
1833 4658 2077 4717 cognata:

490 4751 727 4807 sunt,eo
755 4741 900 4810 quod
931 4741 1240 4810 septenaria
1273 4740 1485 4795 dierum
1514 4739 1773 4809 periodus
1799 4740 2075 4810 inchoata,

490 4835 826 4889 habitantem
854 4833 907 4887 in
937 4833 1284 4903 corruptibili
1303 4841 1556 4888 creatura
1587 4834 1884 4902 potentiam
1912 4850 2070 4890 suam

487 4926 772 4996 designat,
806 4935 866 4980 ut
894 4941 1015 4996 qua:
1043 4941 1141 4995 per
1171 4925 1358 4979 omnia
1404 4925 1731 4979 ostenditur.
1757 4926 1865 4981 Aut
1908 4928 2073 4983 etiam

487 5035 951 5087 supervacaneum
994 5035 1103 5073 non
1135 5019 1561 5083 existimabitnr,
1589 5021 1633 5073 si
1666 5019 1719 5074 in
1746 5024 2072 5076 sententiam

487 5128 678 5167 ramus
712 5111 959 5167 Philonis
987 5112 1222 5165 maxime
1277 5111 1687 5180 contemplativi
1729 5112 1830 5166 viri
1870 5110 2070 5178 Judmi,
2106 5124 2109 5127 ‘

490 5206 629 5260 libro
655 5221 756 5259 suo
800 5220 964 5275 quem
1002 5202 1273 5259 scribitin
1316 5203 1721 5274 philosophiam
1754 5203 2075 5260 illosaicam.

486 5296 583 5351 llis
607 5307 787 5351 autem
814 5296 1072 5351 Ecclesiis
1104 5296 1266 5350 etiam
1303 5296 1593 5365 praefectos
1617 5296 1813 5367 mquali
1850 5313 2080 5354 numero

491 5391 717 5461 angelos
753 5391 948 5446 beatus
987 5388 1230 5445 Joannes
1274 5406 1421 5445 nunc
1461 5390 1881 5446 demonstravit.
1908 5390 2081 5447 Porro

492 5485 637 5552 quod
660 5484 875 5549 dicitur,
901 5483 975 5537 Ab
1008 5499 1068 5537 eo
1096 5483 1187 5553 qui
1218 5492 1319 5547 est,
1352 5492 1400 5537 et
1433 5482 1523 5552 qui
1549 5492 1685 5549 erat,
1710 5493 1760 5536 et
1787 5484 1878 5553 qui
1908 5484 2075 5547 venit,

487 5574 826 5629 tantumdem
843 5582 927 5628 est
941 5589 1004 5629 ac
1019 5573 1062 5629 si
1082 5573 1289 5628 diceret
1310 5591 1322 5626 :
1344 5573 1388 5625 Α
1407 5572 1515 5629 Deo
1543 5574 1789 5629 omnium
1810 5583 2081 5630 nostrum.

2188 4654 2279 4717 θος
2310 4651 2419 4704 τῶν
2449 4649 2525 4721 τῷ
2556 4650 2784 4719 παρόντι
2818 4647 2917 4719 βίῳ
2946 4645 3263 4716 συστοίχων,
3291 4643 3416 4696 καθ’
3449 4635 3522 4695 ὧν
3551 4639 3583 4709 ἡ
3617 4635 3747 4688 ἑϐδο-

2189 4746 2393 4818 ματικὴ
2420 4744 2529 4798 τῶν
2559 4743 2785 4815 ἡμερῶν
2833 4740 3082 4811 περίοδος
3115 4737 3435 4808 κατάρξασα
3455 4777 3471 4801 ,
3499 4733 3592 4804 τὴν
3623 4734 3752 4783 ἐνοι-

2187 4837 2386 4891 κοῦσαν
2431 4838 2494 4905 τῇ
2522 4834 2735 4903 φθαρτῇ
2782 4831 2957 4884 κτίσει
2999 4830 3230 4899 δύναμιν
3265 4828 3466 4896 ἑαυτῆς
3494 4824 3751 4889 ὑπέφηνεν

2184 4928 2260 4991 ὡς
2289 4924 2379 4979 διὰ
2412 4924 2594 4993 πάσης
2622 4923 2939 4993 διήκουσαν.
2985 4918 3052 4972 Ἢ
3085 4918 3180 4971 καὶ
3208 4915 3403 4969 Φίλωνι
3449 4910 3525 4980 τῷ
3557 4909 3752 4976 θεωρη·

2183 5021 2473 5085 τικωτὰτῳ
2516 5016 2754 5085 Ἰουδαίῳ
2782 5015 2959 5086 ἀνδρὶ,
2994 5015 3052 5066 ἐν
3078 5012 3224 5082 λόγῳ
3252 5009 3421 5065 αὑτοῦ
3449 5006 3524 5077 τῷ
3553 5005 3628 5065 εἰς
3662 4998 3751 5067 τὴν

2183 5112 2324 5166 κατά
2366 5110 2607 5166 Μωῧσέα
2652 5108 2972 5176 φιλοσοφίαν
3024 5103 3381 5173 ὑποσυνᾲδειν
3424 5099 3484 5152 οὐ
3515 5088 3751 5165 περιττὸν

2183 5207 2424 5275 ἡγεῖται.
2455 5202 2693 5264 Ταύταις
2714 5202 2770 5254 δὲ
2793 5201 2913 5263 ταῖς
2954 5195 3302 5267 Ἐκκλησίαις
3327 5192 3425 5247 καὶ⁵
3455 5184 3749 5258 ἰσαρίθμους

2185 5298 2415 5369 ἐφόρους
2440 5295 2707 5365 ἀγγέλους
2737 5295 2765 5347 6
2797 5291 3066 5364 μακάριος
3093 5288 3187 5343 νῦν
3228 5287 3481 5353 Ἰωάννης
3510 5278 3745 5369 ἐνέφηνεηο

2188 5392 2262 5445 Τὸ
2296 5390 2383 5455 δὲ,
2434 5388 2579 5443 Ἀπὸ
2613 5387 2741 5453 τοῦ,
2793 5390 2825 5439 ό
2870 5382 2974 5449 ὢν,
3008 5382 3105 5437 καὶ
3139 5385 3170 5437 ό
3203 5378 3301 5453 ἦν,
3332 5378 3427 5433 καὶ
3458 5368 3747 5467 6&1);qu-

2188 5502 2313 5549 νος,
2352 5481 2663 5549 ἱσοδυναμεῖ
2692 5477 2768 5552 τῷ
2794 5519 2807 5543 ,
2852 5476 2988 5531 Ἀπὸ
3019 5473 3115 5528 τοῦ
3147 5475 3365 5528 πάντων
3406 5466 3540 5523 Θεοῦ
3584 5464 3746 5560 quatit-

2194 5594 2213 5627 ι
2248 5576 2415 5629 Ὄντα
2454 5593 2472 5626 ι
2528 5574 2627 5642 μὲν
2653 5570 2760 5641 γὰρ
2800 5570 2960 5633 αὺτδς
2991 5568 3185 5623 ἑαυτὸν
3228 5563 3482 5637 ὀνομάζει
3520 5561 3546 5612 ὁ
3579 5554 3748 5642 "ﬂii?

492 5663 773 5736 Siquidem
805 5668 921 5737 ipse
958 5678 1107 5738 pater
1138 5683 1262 5723 cum
1305 5666 1454 5724 Mose
1506 5668 1733 5739 loquens
1799 5669 1852 5724 in
1900 5680 2086 5725 monte

2189 5667 2548 5744 χρηματίζων
2584 5667 2659 5739 τῷ
2688 5666 2898 5736 Μωῦσῇ
2934 5662 3028 5718 ἐπὶ
3052 5660 3144 5716 τοῦ
3177 5659 3359 5733 ὄρους.
3385 5656 3455 5711 T6
3484 5652 3538 5708 δὲ
3570 5667 3587 5702 ί
3616 5641 3694 5717 ἦν»
3725 5654 3742 5688 ³

579 5849 602 5883 ⁵
634 5849 825 5905 Matth.
856 5867 927 5918 ιιι,
977 5854 1059 5909 iii.
