4102 6432
473 347 588 412 509

1545 357 1935 418 COMMENT.
1982 361 2065 421 IN
2106 361 2633 422 APOCALYPSIN.

3650 367 3754 430 510

473 457 629 543 Bpou.
663 453 774 508 Ἦν
828 456 936 527 γὰρ
964 457 1022 512 τὺ
1056 459 1366 526 ἁνελλειπὲς
1413 462 1558 516 οὕτω
1583 481 1596 494 ·
1641 465 1726 530 Τῷ
1771 467 2057 520 λούσιιντ.

2173 469 2529 537 subjunetnnt
2567 480 2648 523 est
2688 469 2948 539 ἐποίησεν
2987 472 3170 541 ἡμᾶς,
3215 471 3267 526 id
3317 484 3400 528 est
3445 475 3571 543 fecit
3619 490 3751 538 nos,

469 542 631 613 ἡμᾶς
661 545 731 598 ἐν
762 543 844 610 τῷ
886 547 1088 616 αἵματι
1118 551 1327 618 αὑτοῦ,
1375 554 1473 606 καὶ
1523 555 1848 620 ποιήσαντι
1883 556 2060 625 ἡμᾶς.

469 637 596 689 Κᾶν
615 636 712 706 μὲν
733 639 766 708 ἡ
785 639 1155 713 ἐπιφερομένη
1180 644 1358 696 ἔννοια
1391 644 1780 714 όμοιοπτώτως
1801 646 2054 719 sabuli}-

467 744 630 781 νεκτο
655 729 799 782 οὕτω
823 734 1201 804 προαγομένη,
1223 727 1266 802 ᾧ
1301 736 1394 789 καὶ
1418 737 1673 808 ἐποίησεν
1698 741 1731 810 ἡ
1741 741 1870 807 μᾶς,
1907 740 2062 793 οὐδὲν

467 819 565 872 νῦν
596 822 727 892 ἡμῖν
758 824 887 894 περὶ
909 824 1101 878 τούτου
1135 825 1434 896 προῦκειτο
1459 828 1702 899 ζήτημα.
1745 831 2062 902 Ἐνέργειαν

467 912 523 964 δὶ
556 914 963 986 ὑποστήσαντος
997 917 1086 972 διὰ
1123 919 1240 986 τοῦ,
1273 920 1547 987 ἐποίησε,
1586 922 1854 994 ῥήματος.
1891 925 2064 991 ἀναγ-

471 1005 639 1068 καίως
690 1005 779 1059 ἐπ’
817 1007 1032 1062 εὐθεῖαν
1081 1011 1290 1065 πτῶσιν
1336 1013 1722 1083 ἀποκλίνομεν,
1775 1013 1867 1066 τὸν
1912 1017 2062 1086 ἐνερ-

470 1095 673 1165 γοῦντα
725 1097 1116 1165 ἐπιποθοῦντες
1167 1102 1386 1173 μαθεῖν.
1447 1102 1653 1158 Τούτου
1711 1104 1768 1158 δὲ
1821 1106 1940 1170 πῶς
1996 1107 2061 1160 ἂν

469 1189 843 1259 ἐτυγχάνομεν
877 1192 954 1266 μὴ
1003 1193 1105 1265 τῆς
1155 1197 1527 1267 ὀνομαστικῆς
1578 1195 1840 1262 πτώσεως
1882 1217 2060 1271 παρα-

465 1279 928 1353 λαμϐανομένης;
963 1284 1043 1338 Δι’
1082 1285 1218 1357 ὅπερ
1247 1286 1309 1339 τὸ
1355 1288 1598 1353 ὲλλειπὲς
1631 1289 1854 1361 ἄρθρον,
1881 1292 1914 1362 ἡ
1945 1292 2058 1345 ὀνο·

471 1375 709 1448 μαστικὴ
757 1377 940 1431 εὐθεῖα
972 1377 1250 1448 παρέσχεν
1295 1378 1468 1445 οὕτως
1504 1381 1862 1446 ἐξακούεσθαι
1902 1385 2060 1438 ⁸ξινελ-

465 1463 674 1530 λειπῶς
692 1484 704 1495 ο
742 1459 839 1536 Ὃς
869 1466 967 1522 καὶ
995 1466 1284 1536 ἐποίησεν
1309 1470 1469 1541 ἡμᾶς
1490 1473 1840 1540 βασιλείαν,
1871 1477 2056 1542 οἱονεὶ,

477 1558 784 1630 Ἀνήγαγεν
822 1561 970 1638 ἡμᾶς
1009 1562 1087 1626 είς
1131 1560 1403 1632 βασίλειον
1431 1565 1611 1631 δόξαν.
1667 1569 1768 1620 “HV
1812 1567 1968 1632 δόξαν
2024 1570 2058 1639 ἡ

463 1649 699 1721 ἐχομένη
732 1651 1007 1723 ἔγγραφος
1027 1649 1172 1718 λέξις
1196 1655 1356 1725 ἱκανὴ
1384 1658 1766 1730 παραστῆσαι.

2172 577 2293 614 cum
2327 560 2536 614 deiectu
2570 561 2786 614 articuli
2838 562 3070 615 relativi.
3104 564 3328 633 Absque
3361 564 3578 620 defectu
3624 582 3760 620 vero

2171 652 2243 706 ita
2277 651 2514 720 positum
2550 651 2765 715 luisset,
2798 652 2877 717 τῷ
2909 653 3340 725 λούσαντιὴμᾶς
3373 661 3431 709 ὲν
3461 659 3538 729 τῷ
3563 661 3758 728 αἵματι

2171 745 2474 810 sacomam.
2501 747 2789 814 ποιήσαντι
2832 747 3001 814 ἡμᾶς,
3036 762 3228 818 nempe
3277 760 3570 820 utrumque
3613 755 3758 806 dati—

2171 853 2320 890 vum.
2369 835 2524 902 Quod
2582 836 2626 890 si
2682 837 2847 891 etiam
2897 839 3238 909 subsequens
3279 844 3550 896 sententia
3598 845 3757 898 coin-

2171 929 2415 984 cidcnter
2459 930 2749 999 subiuncta
2777 929 2973 984 fuisset
3017 932 3069 985 in
3111 933 3255 988 hunc
3286 935 3508 988 modum
3538 955 3550 990 :
3582 930 3625 1004 ᾧ
3660 939 3757 990 καὶ

2170 1021 2428 1092 ἐποίησεν
2456 1023 2625 1092 ἡμᾶς,
2647 1021 2698 1077 id
2716 1031 2801 1078 est
2828 1037 2922 1085 per
2947 1040 3099 1093 quem
3127 1026 3284 1079 etiam
3315 1027 3438 1095 fecit
3461 1045 3574 1090 nos,
3606 1031 3753 1083 nulla

2122 1187 2134 1197 '
2171 1121 2298 1166 tunc
2339 1111 2532 1168 fuisset
2560 1115 2720 1169 nobis
2746 1115 2930 1169 relicta
2960 1119 3214 1185 quaestio.
3243 1117 3412 1172 Porro
3468 1122 3746 1174 actionem

2169 1217 2333 1272 quam
2366 1204 2588 1272 protulit
2616 1204 2669 1256 in
2707 1206 2872 1260 verbo
2898 1207 3145 1276 ἐποίησε,
3178 1208 3490 1264 necessario
3509 1211 3755 1265 declina-

2170 1308 2291 1348 inus
2321 1294 2387 1346 ad
2429 1302 2620 1348 casum
2657 1304 2893 1361 rectum,
2947 1297 3164 1352 discere
3198 1301 3483 1368 cupientes
3529 1302 3652 1371 quis
3681 1305 3755 1356 sil.

2167 1384 2260 1454 qui
2295 1384 2518 1440 el’liciat.
2570 1386 2626 1440 id
2657 1394 2840 1440 autem
2875 1391 3154 1456 quomodo
3208 1395 3486 1447 consecuti
3533 1408 3749 1456 sumus,

2169 1475 2275 1530 nisi
2317 1485 2604 1548 assumpto
2655 1478 2971 1534 nominandi
3024 1495 3157 1536 casu
3190 1491 3412 1552 propter
3459 1485 3750 1538 articulum

2167 1568 2257 1637 qui
2294 1569 2521 1624 deerat?
2561 1569 2695 1624 Nam
2737 1571 2842 1626 hoc
2869 1573 3030 1626 modo
3067 1575 3441 1629 nominativus
3481 1584 3663 1632 rectus
3693 1575 3746 1628 id

2166 1659 2343 1716 eﬂ‘eeit
2374 1673 2431 1716 ut
2460 1662 2668 1732 absque
2693 1662 2907 1720 deiectu
2941 1664 3338 1734 intelligeretur
3357 1666 3416 1729 ὃς
3438 1667 3532 1718 καὶ
3558 1666 3752 1736 ἐποίη-

465 1762 561 1798 σεν
591 1747 740 1816 ἡμᾶς
776 1745 1081 1817 βασιλείαν,
1112 1748 1205 1819 qui
1253 1748 1416 1804 etiam
1471 1749 1600 1806 fecit
1649 1769 1752 1809 nos
1803 1769 2051 1826 regnum,

2161 1770 2354 1824 nquam
2410 1757 2692 1813 reduxerit
2731 1773 2832 1813 nos
2893 1759 2962 1813 ad
3015 1757 3220 1827 regiam
3263 1759 3517 1828 gloriam,
3581 1775 3749 1828 quam

461 1842 693 1910 gloriam
727 1857 1072 1914 consequens
1104 1844 1340 1914 ascripta
1366 1846 1536 1902 dictio
1563 1857 1689 1918 apta
1715 1861 1797 1905 est
1825 1865 2160 1920 proponere.

538 1931 707 2000 Αὐτῷ
739 1936 778 2004 ἠ
824 1936 996 2002 δόξα.
1051 1938 1114 1990 Ἦ
1164 1937 1416 2004 σύνταξις
1448 1941 1540 1994 τοῦ
1578 1943 1768 2014 ῥητοῦ,
1804 1946 1914 1999 ἀπὸ
1940 1945 2049 2000 τῶν

2226 1944 2342 2014 Ipsi
2362 1946 2555 2015 gloria.
2589 1945 2738 2002 Ordo
2772 1949 3060 2002 sententiae
3090 1947 3193 2002 hoc
3225 1947 3388 2002 modo
3421 1962 3451 2003 a
3513 1949 3752 2004 novissi-

462 2027 789 2081 τελευταίων
819 2029 914 2083 ἐπὶ
947 2031 1014 2084 τὰ
1039 2031 1230 2104 πρῶτα
1263 2035 1547 2088 ἐπάνεισιν
1570 2035 1748 2100 οὕτως
1773 2054 1787 2069 ·
1813 2036 1974 2108 Αὐτῷ
2008 2038 2042 2108 ἡ

461 2117 592 2184 δόξα
615 2118 708 2171 καὶ
739 2120 799 2174 τὸ
832 2121 1038 2193 κράτος
1069 2124 1148 2194 τῷ
1197 2126 1550 2197 ἁγαπήσαντι
1585 2127 1732 2198 ἡμᾶς
1791 2130 1886 2183 καὶ
1923 2129 2048 2182 λού-

466 2228 622 2265 σαντι
654 2212 801 2282 ἡμᾶς
846 2214 905 2266 ἐν
951 2214 1028 2286 τῷ
1081 2215 1199 2288 ἰδίῳ
1229 2217 1446 2288 αἵματι.
1497 2219 1609 2272 Καὶ
1656 2219 1773 2284 πῶς
1817 2221 1926 2293 γὰρ
1953 2223 2053 2277 ούκ

464 2303 780 2375 ἠγάπησεν,
809 2305 1002 2361 ἑαυτὸν
1033 2309 1158 2373 δοὺς
1195 2311 1513 2381 ἀντίλυτρον
1543 2313 1575 2382 ή
1587 2312 1725 2379 μῶν,
1758 2313 1834 2376 ὡς
1880 2315 2052 2384 ἀμνὸς

466 2395 849 2463 σςαγιασθεὶς,
883 2400 978 2452 καὶ
1013 2399 1090 2472 τῷ
1124 2401 1214 2456 διὰ
1248 2402 1486 2473 σταυροῦ
1526 2404 1692 2458 αὑτοῦ
1730 2406 1924 2476 αἵματι
1961 2410 2054 2462 καὶ

464 2484 620 2539 ῦδατι
657 2487 858 2554 λούσας
888 2493 1058 2562 ἡμᾶς,
1108 2494 1278 2564 ἤγουν
1306 2496 1561 2567 καθάρας
1605 2497 1696 2550 τὸν
1727 2499 1836 2552 τῶν
1865 2500 2051 2571 ἁμαρ-

460 2577 598 2631 τιῶν
651 2580 825 2651 ῥύπον
859 2583 1016 2653 ἡμῶν
1046 2601 1060 2649 ;
1093 2586 1185 2639 καί
1242 2587 1303 2640 ού
1366 2587 1528 2659 μέχρι
1577 2589 1774 2643 τούτου
1831 2591 1930 2660 τὴν
1972 2594 2054 2656 είς

463 2668 619 2738 ἡμᾶς
644 2670 810 2724 αὐτοῦ
849 2675 1056 2743 στήσας
1088 2676 1433 2746 εὐεργεσίαν,
1470 2679 1606 2733 ἀλλὰ
1643 2679 1738 2733 καὶ
1760 2680 2041 2750 βασιλείαν

464 2761 601 2830 ἡμῖν
632 2761 1062 2834 δωρησάμενος;
1101 2767 1211 2819 Καὶ
1241 2768 1325 2831 τίς
1347 2769 1380 2839 ἡ
1400 2768 1651 2839 βασιλεία
1676 2787 1691 2836 ;
1725 2771 1898 2842 ὃθενή
1926 2772 2056 2836 δόξα

461 2855 497 2922 ἠ
530 2853 748 2909 δοθεῖσα
777 2858 912 2928 ἡμῖν
967 2859 1121 2932 παρὰ
1166 2861 1428 2931 Χριστοῦ,
1476 2862 1568 2916 τοῦ
1623 2863 1876 2932 γενέσθαι
1906 2867 2054 2935 ἡμᾶς

465 2949 636 3018 ἱερεῖς
666 2947 760 3002 τοῦ
796 2948 929 3002 Θεοῦ
958 2951 1054 3003 καὶ
1108 2957 1398 3024 προφήτας
1421 2995 1436 3021 ,
1472 2955 1602 3019 τοὺς
1645 2956 1800 3010 οὐδὲν
1831 2974 2054 3026 προεισ-

462 3041 792 3108 ενεγκόντας
812 3041 910 3111 τῆς
932 3043 1190 3112 τοιαύτης
1205 3045 1431 3110 ἐπάξιον
1449 3047 1775 3117 ἀγαθοδότου
1794 3049 1888 3102 καὶ
1903 3048 2054 3113 θείας

461 3130 543 3202 τῷ
569 3129 686 3184 ὄντι
712 3131 941 3202 δωρεᾶς.
989 3134 1109 3204 Ἀφ’
1160 3128 1235 3188 ὧν
1269 3136 1513 3208 δωρεῶν,
1567 3139 1629 3192 ού
1677 3140 1839 3211 μόνον
1866 3141 1964 3211 τῆς
1996 3142 2055 3194 ἐν

461 3221 544 3293 τῷ
577 3222 806 3294 παρόντι
836 3223 936 3293 βίῳ
975 3225 1051 3297 (5)
1091 3226 1248 3296 δόξης
1285 3229 1565 3298 ἐπήϐολοι,
1621 3231 1758 3284 ἀλλὰ
1803 3236 1901 3286 καὶ
1952 3233 2055 3304 τῆς

467 3315 772 3385 μελλούσης
807 3319 988 3386 τυχεῖν
1017 3317 1300 3382 εὐέλπιδες
1324 3319 1734 3392 καθιστάμεθα.

548 3405 696 3459 Ἰδοὺ
745 3406 980 3476 ἔρχεται
1027 3409 1178 3477 μετὰ
1219 3408 1336 3463 τῶν
1369 3412 1663 3480 νεφελῶν,
1707 3414 1804 3466 καὶ
1845 3413 2056 3482 ὄψεται

466 3497 653 3549 (αὐτὸν
681 3497 801 3563 πᾶς
836 3500 1167 3569 ὀφθαλμὸς,
1198 3503 1293 3556 καί
1339 3503 1561 3569 οἵτινες
1589 3505 1778 3558 αὐτὸν
1817 3505 2057 3569 ἐξεκένο

466 3606 681 3655 tuear.
716 3591 824 3645 Καὶ
852 3593 1148 3661 κόψονται
1177 3594 1272 3647 ἐπ’
1310 3595 1501 3650 αὐτὸν
1531 3595 1724 3651 πᾶσαι
1769 3600 1830 3651 al
1864 3599 2056 3667 φυλαὶ

461 3677 576 3747 τῆς
599 3677 732 3748 τῆς.
767 3680 899 3745 Ναὶ,
923 3679 1103 3750 ἀμήν.
1123 3683 1272 3753 Ἐγώ
1292 3687 1408 3754 εἰμι
1449 3687 1514 3740 τὸ
1545 3685 1710 3755 ἄλφα
1763 3687 1862 3741 καὶ
1892 3687 1958 3741 τὸ
1989 3705 2055 3754 ω,

461 3767 625 3836 λέγει
647 3769 862 3837 Κύριος
890 3773 922 3823 ὁ
955 3772 1122 3836 Θεὸς,
1156 3775 1189 3826 ό
1219 3772 1324 3840 ὢν,
1347 3773 1447 3828 καὶ
1476 3777 1509 3828 ό
1536 3769 1632 3845 ἦν,
1671 3774 1773 3828 καὶ
1817 3777 1848 3829 ό
1881 3775 2056 3844 ἐρχό-

459 3877 669 3929 μενος,
701 3863 733 3914 ὀ
767 3863 1220 3932 παντοκράτωρ.

549 3952 838 4019 Ἐνταῦθα,
879 3956 1066 4026 φησὶν,
1095 3955 1170 4020 ὡς
1201 3957 1372 4027 ἀμνὸς
1400 3958 1779 4028 σφαγιασθεὶς,
1813 3959 1906 4011 καὶ
1951 3957 2060 4012 ἀπὸ

462 4041 560 4096 τοῦ
595 4044 829 4112 αἵματος
856 4045 1022 4100 αὑτοῦ
1050 4044 1252 4111 λούσας
1289 4049 1382 4101 καὶ
1411 4049 1692 4113 ἀπολύσας
1744 4051 1903 4120 ἡμᾶς
1944 4049 2055 4102 τῶν

465 4136 774 4206 ἁμαρτιῶν,
808 4135 984 4200 οὕτως
1011 4138 1174 4202 αὐτὸς
1204 4140 1508 4206 ἐλεύσεται,
1543 4143 1642 4212 οὐχ
1679 4141 1754 4204 ὡς
1803 4142 1865 4194 τὸ
1905 4142 2059 4212 πρῶ-

464 4247 557 4283 τον
589 4231 648 4284 ἐν
676 4231 1015 4303 παραϐύστῳ
1042 4234 1135 4287 καὶ
1167 4236 1670 4305 συνεσκιασμένως,
1697 4236 1725 4290 ὃ
1747 4236 1841 4289 καὶ
1872 4237 1900 4288 ὁ
1924 4252 2058 4306 προ⁴

467 4325 648 4394 φήτης
672 4323 835 4378 Δαυῒδ
880 4325 966 4380 διὰ
1005 4327 1105 4396 τῆς
1133 4327 1230 4381 τοῦ
1259 4328 1417 4381 ὑετοῦ
1452 4329 1528 4392 ὡς
1575 4329 1669 4382 ἐπὶ
1721 4330 1890 4381 πόκον
1921 4328 2058 4398 ἀψο-

468 4417 603 4486 φητὶ
657 4418 882 4489 ᾐνίξατο
931 4420 1297 4495 καταϐάσεως
1335 4462 1348 4487 ,
1414 4421 1550 4476 ἀλλὰ
1623 4421 1911 4493 παρρησίᾳ
1966 4421 2061 4474 καὶ

468 4508 723 4577 φανερῶς
746 4511 802 4561 ὲν
824 4512 891 4580 τῇ
932 4514 1175 4582 πατρικῇ
1209 4511 1356 4586 δόξῃ,
1389 4511 1534 4564 ὥστε
1580 4516 1746 4566 παντὶ
1783 4511 2056 4582 ὀφθαλμῷ

2157 2037 2262 2091 mis
2291 2037 2430 2091 redit
2455 2037 2522 2091 ad
2560 2036 2757 2107 prima:
2793 2037 2899 2107 ipsi
2933 2038 3105 2107 gloria
3132 2047 3187 2092 et
3209 2037 3499 2106 imperium
3531 2041 3626 2109 qui
3657 2040 3745 2093 di-

2156 2128 2285 2183 lexit
2335 2144 2435 2183 nos
2481 2137 2536 2184 et
2571 2128 2704 2183 lavit
2747 2144 2847 2182 nos
2889 2144 2986 2197 per
3013 2130 3337 2198 sanguinem
3374 2144 3559 2185 suum.
3597 2128 3748 2195 Quo-

2155 2220 2318 2274 modo
2348 2219 2542 2274 enim?
2572 2219 2654 2272 An
2689 2235 2796 2272 non
2833 2220 3023 2274 dilexit
3053 2220 3147 2290 qui
3181 2223 3422 2288 seipsuat
3478 2222 3630 2275 dedit
3683 2224 3738 2275 in

2154 2312 2390 2379 pretium
2422 2311 2813 2381 redemptionis
2843 2321 3044 2366 nostra:
3079 2320 3339 2381 tanquam
3372 2326 3556 2381 agnus
3582 2314 3749 2383 jugu-

2155 2402 2321 2465 latus,
2345 2417 2409 2456 ac
2437 2417 2531 2472 per
2553 2402 2866 2472 passionem
2894 2417 3051 2456 suam
3072 2405 3336 2472 sanguine
3354 2413 3407 2458 et
3435 2419 3577 2474 aqua
3616 2405 3748 2458 lavit

2155 2510 2280 2559 nos,
2322 2493 2440 2548 sive
2470 2493 2784 2562 purilicavit
2808 2509 2836 2545 a
2863 2492 3118 2547 sordibus
3147 2503 3495 2562 peccatorum
3522 2504 3749 2549 nostro-

2155 2590 2312 2644 rum?
2343 2588 2406 2644 Et
2439 2605 2506 2644 ne
2532 2589 2621 2643 bie
2647 2588 2866 2658 quidem
2895 2588 3205 2643 terminavit
3239 2604 3338 2643 sua
3361 2604 3489 2661 erga
3522 2606 3622 2647 nos
3648 2590 3748 2643 be-

2167 2680 2385 2743 neﬁcia,
2404 2681 2498 2734 sed
2529 2695 2755 2748 regnum
2779 2678 2940 2734 nobis
2961 2679 3188 2733 donavit
3214 2681 3460 2748 :etquod
3489 2679 3750 2750 regnum?

2163 2771 2308 2825 unde
2335 2771 2508 2840 gloria
2546 2771 2705 2825 nobis
2731 2771 2858 2824 data
2892 2776 2976 2825 est
2998 2785 3028 2824 a
3059 2771 3306 2834 Christo,
3329 2769 3752 2825 uteiﬁceremur

2157 2864 2472 2918 sacerdotes
2512 2863 2604 2916 Dei
2632 2877 2696 2916 ac
2735 2861 3036 2932 prophetae,
3069 2875 3193 2917 eum
3251 2861 3388 2915 nihil
3445 2862 3748 2915 obtulisse-

2155 2971 2278 3009 mus
2316 2957 2459 3024 quod
2487 2954 2709 3023 dignum
2736 2962 2884 3009 esset
2921 2952 3236 3020 huiusmodi
3284 2953 3572 3024 magniﬁco
3599 2953 3748 3007 dono

2156 3061 2220 3101 ac
2246 3046 2431 3100 divino
2461 3047 2620 3115 plane
2649 3059 2903 3098 munere:
2939 3044 3143 3114 quibus
3181 3044 3339 3100 donis
3368 3060 3474 3098 non
3509 3045 3563 3098 in
3597 3057 3740 3113 pra:-

2155 3139 2298 3193 senti
2334 3139 2442 3192 vita
2474 3147 2688 3190 tantum
2720 3138 2961 3192 assecuti
3018 3152 3212 3193 sumus
3260 3137 3514 3207 gloriam,
3569 3137 3661 3190 sed
3695 3145 3750 3188 et

2157 3230 2315 3285 bonae
2363 3229 2479 3298 spei
2513 3228 2816 3295 reddimur,
2868 3227 3014 3297 quod
3047 3228 3195 3283 illam
3227 3227 3280 3281 in
3333 3227 3520 3283 futuro
3581 3227 3747 3281 etiam

2156 3336 2580 3392 consequemur.

2223 3414 2389 3486 652
2417 3416 2458 3478 i,
2482 3413 2537 3478 7,
2559 3412 2756 3468 8.Ecce
2776 3413 2913 3466 venit
2941 3427 3060 3466 cum
3086 3412 3328 3477 nubibus,
3351 3421 3396 3464 et
3421 3410 3606 3465 ridebit
3632 3426 3752 3462 cum

2157 3508 2328 3560 omnis
2354 3505 2560 3570 oculus,
2591 3514 2640 3558 et
2662 3507 2752 3574 qui
2784 3505 2957 3573 ipsum
2999 3512 3442 3572 compunxerunt.
3485 3501 3553 3553 Et
3591 3499 3748 3566 plun-

2156 3607 2270 3668 gent
2292 3613 2449 3668 super
2473 3612 2593 3650 eum
2634 3611 2817 3649 omnes
2871 3595 3043 3647 tribus
3098 3605 3272 3655 terra},
3322 3592 3526 3652 Etiam,
3560 3591 3748 3643 Amm.

2163 3688 2274 3757 Ego
2303 3704 2420 3742 sum
2442 3692 2485 3740 Α
2507 3697 2557 3741 et
2586 3687 2649 3750 Ω,
2687 3685 2819 3738 dicit
2850 3684 3108 3738 Dominus
3135 3685 3295 3752 Deus,
3327 3683 3416 3752 qui
3449 3691 3547 3747 est,
3581 3690 3627 3733 et
3660 3682 3752 3750 qui

2160 3791 2296 3846 erat,
2329 3791 2376 3833 et
2407 3781 2497 3851 qui
2519 3780 2679 3844 venit,
2709 3778 3061 3846 omnipotens.

2229 3959 2438 4027 Quihie
2466 3959 2632 4014 veluti
2653 3974 2829 4030 agnus
2851 3957 3141 4029 jugulatus
3169 3963 3274 4020 est,
3308 3955 3508 4026 inquit,
3542 3965 3594 4009 et
3622 3970 3748 4010 san-

2163 4053 2327 4124 guine
2347 4067 2450 4108 suo
2472 4052 2603 4106 lavit
2627 4065 2730 4106 nos
2757 4067 2788 4104 a
2817 4052 3078 4121 peccatis,
3103 4050 3217 4119 ipse
3238 4063 3305 4103 eo
3333 4049 3499 4101 modo
3524 4048 3736 4100 veniet:

2166 4159 2276 4198 non
2322 4142 2787 4213 quemadmodum
2829 4141 2986 4211 prius
3034 4138 3356 4195 abscondite
3386 4147 3480 4191 aut
3512 4137 3749 4198 obtecte,

2162 4239 2312 4308 quod
2340 4238 2505 4291 etiam
2531 4234 2799 4305 propheta
2831 4231 3000 4286 David
3041 4245 3138 4301 per
3170 4229 3501 4284 descensum
3540 4226 3742 4296 pluviae

2164 4346 2331 4400 super
2347 4329 2518 4383 vellus
2537 4328 2578 4358 ¹¹
2605 4327 2808 4381 sensim
2834 4335 2889 4379 et
2905 4325 3114 4393 absque
3139 4321 3370 4391 strepitu
3397 4320 3745 4388 designavit:

2165 4423 2262 4479 sed
2294 4422 2472 4492 palam
2511 4434 2578 4474 ac
2606 4416 2897 4472 manifeste
2937 4416 2990 4469 in
3043 4425 3268 4484 paterna
3318 4411 3512 4481 gloria,
3568 4420 3629 4463 ut
3681 4409 3751 4461 ab

2172 4515 2322 4568 omni
2353 4511 2514 4567 oculo
2548 4510 2798 4564 videatur
2860 4507 3107 4562 omnium
3136 4505 3326 4574 judex,
3363 4502 3529 4556 nullis
3557 4514 3756 4556 corru-

466 4593 702 4662 ὀτθῆναι
740 4596 936 4668 κριτὴς
992 4599 1293 4662 ἀδέκαστος
1343 4601 1623 4654 ἁπάντων.
1682 4601 1948 4670 Νεφελῶν
1995 4601 2053 4654 δὲ

2186 4614 2311 4675 plus
2342 4602 2685 4658 muneribus.
2716 4599 2953 4654 Nubium
2987 4607 3171 4653 autem
3207 4597 3297 4651 hic
3318 4608 3541 4665 quoque
3569 4608 3757 4647 sermo

466 4686 748 4741 κάνταῦθα
775 4689 952 4757 λόγος,
978 4690 1053 4753 ὼς
1079 4692 1232 4763 ἐνπῇ
1260 4692 1367 4747 ἀπὸ
1392 4693 1496 4765 γῆς
1523 4693 1692 4748 αὐτοῦ
1718 4695 1855 4764 πρὸς
1882 4695 2050 4764 ούρα-

467 4779 592 4841 νοῦς
623 4777 814 4848 ἀνόδῳ.
853 4780 1068 4845 Λουκᾶς
1092 4782 1201 4853 γὰρ
1229 4785 1287 4837 ἐν
1316 4786 1434 4847 ταῖς
1467 4785 1708 4854 Πράξεσι
1740 4785 1942 4856 γράφει
1962 4803 2054 4839 νε-

467 4867 640 4938 φέλην
665 4870 756 4924 τὸν
788 4870 997 4942 Κύριον
1045 4873 1361 4929 ὑπολαϐεῖν.
1397 4875 1625 4946 Μάρκος
1654 4876 1712 4929 δὲ
1751 4878 1808 4929 ἐν
1843 4875 1923 4948 τῷ
1955 4877 2048 4931 ὑπ’

467 4962 636 5016 αὐτοῦ
667 4965 936 5034 γραφέντι
982 4967 1306 5040 Εὑαγγελίῳ
1346 4970 1440 5024 τὸν
1499 4970 1706 5042 Κύριον
1733 4973 1900 5026 αὑτὸν
1933 4973 2050 5026 εἱσ-

468 5055 592 5122 ἀγει
621 5058 754 5127 περ)⁸
787 5058 984 5113 ἐαυτοῦ
1018 5059 1248 5130 λέγοντα
1273 5077 1286 5091 ·
1331 5081 1349 5114 ι
1385 5063 1494 5117 Καὶ
1523 5062 1748 5134 ὄψονται
1771 5065 1867 5118 τὸν
1920 5067 2051 5120 Υίὸν

468 5149 564 5202 τοῦ
594 5151 884 5221 ἀνθρώπου
915 5153 1214 5226 ἐρχόμενον
1259 5156 1354 5209 ἐπὶ
1383 5155 1493 5211 τῶν
1532 5157 1777 5227 νεφελῶν
1830 5157 1925 5213 τοῦ
1955 5160 2050 5214 οὐ·

473 5239 660 5311 ρανοῦ,
699 5261 718 5295 ι
755 5244 866 5297 τῶν
885 5246 1126 5314 νεφελῶν
1173 5245 1433 5311 ἐνταῦθα,
1479 5247 1588 5300 εἴτε
1616 5247 1703 5300 διὰ
1731 5247 1794 5300 τὸ
1852 5249 2056 5316 κοῦφον

469 5333 570 5397 τὰς
594 5336 925 5406 μεταρσίους
956 5339 1050 5392 καὶ
1083 5338 1386 5407 ἀγγελικὰς
1416 5339 1723 5409 δηλούντων
1756 5341 2046 5406 δυνάμεις,

467 5423 545 5487 ὡς
579 5426 675 5479 καὶ
705 5427 869 5480 Δαυῒδ
911 5430 939 5482 ὁ
980 5428 1270 5501 θεοπάτωρ
1320 5432 1377 5484 ἐν
1427 5431 1585 5500 νέφει
1638 5431 1736 5502 τὴν
1793 5432 2055 5486 ἐπίϐασιν

469 5515 623 5590 αὐτῷ
673 5519 751 5590 τῷ
798 5519 927 5588 θείῳ
968 5521 1266 5586 ὑποτιθείς.
1296 5524 1399 5576 Ἢν
1432 5525 1527 5576 καὶ
1566 5525 1694 5588 τοὺς
1745 5522 1908 5589 θείως
1961 5526 2058 5580 καὶ

2162 4697 2244 4762 ﬁt,
2283 4695 2426 4751 sicut
2459 4694 2514 4748 in
2549 4707 2784 4748 ascensu
2814 4691 2990 4761 ipsius
3016 4704 3050 4745 ι
3077 4699 3224 4744 terra
3254 4687 3322 4742 ad
3351 4685 3548 4741 emtas?
3573 4683 3757 4740 Lucas

2162 4802 2401 4857 namque
2433 4785 2625 4842 scribit
2652 4785 2706 4839 in
2738 4783 2913 4847 Actis,
2945 4782 3146 4837 nubem
3202 4778 3514 4849 suscepisse
3568 4775 3757 4830 Domi-

2162 4895 2292 4936 num
2325 4882 2388 4931 z“
2413 4878 2632 4934 Marcus
2659 4892 2790 4933 vero
2821 4877 2874 4932 in
2908 4875 3203 4947 Evangelio
3229 4890 3260 4928 a
3284 4889 3345 4929 se
3366 4873 3575 4942 scripto
3597 4870 3758 4925 indu-

2158 4974 2236 5028 cit
2262 4972 2444 5042 ipsum
2474 4969 2770 5025 Dominum
2809 4969 2878 5025 de
2905 4967 3089 5037 seipse
3123 4967 3395 5022 dicentem
3420 4980 3465 5017 ιι
3495 4962 3565 5017 Et
3595 4961 3750 5015 vide-

2159 5064 2294 5118 bunt
2320 5061 2517 5116 Filium
2544 5061 2784 5116 hominis
2816 5059 3127 5114 venientem
3154 5057 3206 5111 in
3235 5055 3478 5110 nubibus
3499 5051 3645 5107 caeli.
3663 5050 3705 5081 "
3733 5067 3757 5098 ι

2163 5155 2290 5210 Sive
2315 5154 2418 5209 hoc
2445 5154 2568 5208 loco
2595 5152 2771 5207 nubes
2815 5149 2885 5205 ob
2917 5149 3192 5204 levitatem
3225 5145 3543 5215 signiﬁcent
3585 5141 3761 5194 subii--

2164 5262 2280 5302 mes
2310 5255 2364 5301 et
2388 5245 2662 5315 angelieas
2708 5250 3032 5313 potestates,
3063 5235 3528 5309 quemadmodum
3569 5243 3622 5286 et
3663 5231 3758 5284 Dei

2157 5341 2470 5412 progenitor
2486 5338 2653 5393 David
2673 5336 2934 5406 supponit
2954 5333 3054 5404 ipsi
3077 5333 3184 5385 Deo
3204 5342 3492 5384 ascensum
3517 5326 3569 5378 in
3593 5323 3757 5376 nube:

2166 5433 2208 5464 “
2238 5441 2333 5487 aut
2359 5432 2524 5486 etiam
2554 5430 2868 5500 signiﬁcent
2897 5426 3147 5482 homines
3175 5422 3363 5478 divino
3389 5435 3456 5474 ae
3481 5414 3749 5486 spirituali

2167 5525 2332 5581 modo
2371 5525 2555 5581 vivere
2573 5523 2862 5594 eligentes,
2892 5519 2960 5576 de
3007 5517 3210 5589 quibus
3249 5513 3393 5570 idem
3431 5525 3649 5583 quoque
3681 5507 3756 5562 ita

545 5657 586 5691 “
619 5658 764 5714 Psai.
805 5677 955 5728 Lxxt,
985 5661 1039 5716 6.
1119 5663 1161 5693 ”
1189 5663 1306 5716 Act.
1343 5679 1381 5728 ι,
1406 5665 1458 5718 9.
1539 5664 1766 5721 “Marc.
1798 5679 1918 5732 xm,
1940 5664 2028 5720 26.
2110 5665 2152 5697 ιλ
2181 5663 2327 5720 Psal.
2351 5679 2465 5732 cm,
2500 5663 2552 5720 5.

549 5778 627 5848 ('5)
660 5780 767 5851 Τῆς
799 5781 858 5835 ἐν
883 5781 1109 5852 παρόντι
1142 5781 1300 5852 δόξης
1328 5782 1474 5853 vulg.
