4102 6424
486 314 584 383 511
1310 335 1636 399 ΑΒΕΤΗᾸΞ
1677 343 2057 409 (ῙᾸίδΑΙίΕίΕ
2091 352 2578 416 (ΖΛΡΡΛΒΟΟΙίΕ
2616 358 2961 423 EPISCOPI
3652 386 3747 453 512

483 434 773 503 loquitur:
820 457 839 490 ι
868 438 911 493 Α
947 439 1158 511 fulgore
1206 446 1328 514 ejus
1359 451 1537 508 nubes
1585 457 1927 515 transierunt
1954 464 2018 516 ".

484 524 551 569 Et
584 528 727 569 ﬁlinc
762 530 924 569 Amm
979 532 1143 569 tam...
1180 536 1247 569 Α..
1300 539 1507 569 ..εωιηη
1542 562 1554 569 .
1590 562 1605 569 -
1643 546 1814 569 Ληεη
1846 568 1871 569 η

2149 518 2150 521 η
2179 471 2568 539 πνευματικῶς
2594 473 2695 543 ζῇν
2725 474 3018 545 ἑλομένους
3048 479 3370 552 ἀνθρώπους
3403 489 3601 561 δηλῶν,
3628 503 3746 569 περὶ

483 524 552 581 Ει
584 528 727 584 lilius
755 530 926 587 Amos
978 532 1146 589 Isaias
1180 536 1247 591 de
1299 539 1507 595 eisdem
1542 562 1554 599 :
1586 562 1605 597 ι
1642 546 1879 613 Quinam
1939 567 2068 610 sunt

481 616 570 671 isti
592 620 684 686 qui
711 629 771 675 ut
787 625 959 679 nubes
976 626 1180 691 volant,
1200 633 1417 698 etquasi
1439 636 1569 703 pulli
1608 642 1918 707 aquilarum
1939 646 2018 699 “?
2044 666 2061 698 ι

482 706 841 766 Manifestum
904 715 1048 768 enim
1100 726 1186 772 est
1240 723 1387 790 quod
1447 725 1516 781 de
1571 728 1925 804 hisﬁgurale
1953 737 2068 795 haec

478 799 626 853 dicat
645 803 735 869 qui
763 803 847 869 pie
864 805 1073 870 vivunt,
1094 811 1240 877 quod
1258 814 1424 867 ctiam
1456 820 1630 889 magis
1647 824 2064 891 suscipiendum

477 898 581 949 est,
620 893 663 943 si
696 907 934 959 praesens
989 913 1209 968 quoque
1254 901 1459 961 dictum
1487 912 1811 981 conjectura
1842 922 2065 991 assequi

488 995 704 1048 aequum
728 993 832 1047 est,
862 1001 974 1053 quo
994 989 1195 1046 dicitur
1216 993 1383 1061 judex
1416 1002 1601 1059 venire
1625 1019 1751 1060 cum
1789 989 2060 1079 nubibus,

476 1086 584 1123 non
615 1083 803 1127 autem
850 1078 972 1131 vehi
1004 1095 1035 1134 a
1080 1084 1356 1144 nubibus:
1414 1092 1507 1146 cui
1552 1095 1859 1155 conformis
1890 1110 1975 1157 est
2006 1113 2063 1159 et

475 1160 700 1229 Paulus,
751 1167 957 1226 docens
1006 1188 1108 1230 nos
1136 1176 1189 1230 in
1240 1181 1481 1238 nubibus
1523 1188 1814 1256 rapiendos
1845 1193 2062 1251 obviam

473 1254 692 1310 Christo
717 1258 768 1311 in
802 1274 953 1328 aera,
980 1279 1074 1320 eos
1101 1283 1337 1339 namque
1364 1275 1457 1343 qui
1484 1254 1641 1345 juxta
1675 1280 1832 1338 Pauli
1859 1286 2063 1342 doctri-

472 1359 599 1399 nam
656 1349 929 1418 vixerunt,
979 1366 1038 1411 ut
1064 1374 1285 1431 semper
1312 1378 1437 1419 cum
1470 1366 1703 1427 Domino
1744 1376 1872 1432 sint.
1904 1378 2060 1445 Quod

473 1436 517 1488 si
549 1438 715 1493 etiam
746 1442 1026 1513 aliquibus
1072 1451 1271 1508 melius
1311 1456 1565 1514 videatur
1594 1471 1652 1517 ut
1707 1480 1833 1521 vere
1888 1470 2061 1525 nubes

470 1525 694 1597 fuerint,
734 1537 925 1603 quales
977 1538 1151 1597 fuisse
1176 1542 1427 1602 feruntur
1459 1567 1582 1620 qua:
1618 1554 1671 1609 in
1708 1569 1891 1615 monte
1920 1560 2063 1615 Tha-

472 1620 572 1674 bor
606 1622 896 1683 Dominum
932 1630 1218 1703 ipsiusque
1247 1638 1549 1712 discipulos
1577 1647 1938 1709 obumbrasse
1969 1655 2057 1709 di-

470 1722 690 1791 cuntur,
724 1717 857 1772 nihil
889 1723 957 1775 ob
988 1723 1102 1779 haec
1134 1740 1347 1796 oportet
1370 1738 1723 1795 contendere.
1753 1740 2056 1800 Venturum

471 1815 656 1859 autem
694 1809 824 1864 dicit
852 1813 942 1867 tali
980 1815 1150 1884 gloria
1180 1821 1465 1880 Dominum
1497 1837 1557 1881 ut
1589 1830 1659 1884 ab
1698 1835 1846 1889 omni
1895 1837 2061 1893 oculo
2090 1814 2131 1873 Β

467 1897 735 1960 videatur,
767 1910 819 1956 et
841 1904 1012 1962 abhis
1039 1910 1133 1977 qui
1170 1911 1341 1979 ipsius
1364 1917 1657 1974 adventum
1680 1922 1910 1981 fideliter
1927 1944 2054 1998 spe-

466 1998 609 2055 rant,
638 1991 799 2063 653
823 2003 877 2049 et
899 1998 1097 2055 abillis
1118 2004 1211 2072 qui
1232 2016 1427 2073 pra'ter
1448 2025 1598 2079 spem
1622 2013 1807 2071 abillo
1825 1991 2057 2074 circum-

466 2080 743 2137 dabuntur
780 2104 793 2139 :
824 2102 1060 2155 quorum
1100 2091 1224 2148 illos
1249 2096 1471 2165 quidem
1510 2099 1760 2160 futurum
1812 2119 1895 2162 est
1928 2110 2055 2166 inde

464 2171 767 2239 laetaturas,
802 2178 937 2234 istos
956 2196 1085 2237 vero
1112 2187 1339 2241 omnino
1369 2188 1707 2257 plancturos.
1736 2194 1906 2251 Porro
1930 2199 2053 2257 illos

460 2264 1000 2338 dicitcompunxisse
1022 2289 1147 2329 eum
1182 2278 1276 2346 qui
1309 2278 1363 2333 in
1384 2283 1568 2338 crucis
1588 2287 1846 2353 passione
1877 2290 2051 2348 clavis

459 2364 515 2411 et
544 2358 733 2415 lancea
765 2377 889 2417 eum
919 2366 1369 2436 vulneraverunt,
1411 2383 1465 2428 et
1517 2390 1614 2431 eos
1642 2378 1737 2447 qui
1767 2395 1875 2436 una
1911 2397 2037 2438 cum

463 2446 599 2514 ipsis
628 2459 682 2504 ct
708 2465 935 2523 prepter
968 2455 1089 2511 illos
1120 2461 1428 2518 convitiose
1466 2464 1520 2518 in
1576 2446 1701 2521 eum
1736 2468 2043 2528 irruebant.

458 2537 632 2597 Porro
680 2544 836 2598 adea
884 2562 1006 2616 quae
1048 2548 1195 2605 dicta
1245 2563 1377 2607 sunt
1416 2556 1786 2613 testimonium
1844 2562 2051 2619 addens

462 2631 764 2702 ﬁrmitatis,
794 2638 964 2693 veluti
996 2640 1235 2710 sigillum
1269 2644 1539 2712 adjuuxit,
1590 2648 1824 2706 dicendo
1868 2652 2051 2709 Etiam

456 2729 512 2775 et
534 2720 700 2777 Amen
721 2740 741 2778 :
772 2734 831 2781 ut
863 2743 930 2782 ex
963 2728 1280 2787 Graecorum
1316 2739 1714 2795 consuetudine
1742 2743 1911 2808 vat,id
1942 2754 2046 2811 est,

457 2813 647 2881 etiam,
675 2816 950 2874 dictorum
984 2821 1487 2882 immutabilitatem
1540 2841 1731 2886 exacte
1778 2834 2046 2893 absolvat.

454 2903 620 2959 Amen
658 2922 791 2964 vero
822 2912 964 2981 apud
989 2912 1247 2973 Hebraeos
1279 2919 1652 2990 subjungitur,
1683 2926 1749 2981 ad
1780 2928 2049 2986 denotan-

456 2999 588 3052 dutn
632 3001 777 3070 quod
808 3004 941 3058 nihil
978 3017 1179 3075 potest
1210 3010 1658 3081 impedimentum
1689 3031 1947 3088 praestare
1980 3041 2050 3080 ne

456 3090 783 3160 contingant
809 3110 932 3163 qua:
964 3102 1223 3154 conclusa
1257 3113 1409 3158 sunt.

530 3179 636 3245 Qui
646 3190 722 3235 est
741 3194 790 3236 et
810 3187 900 3255 qui
918 3198 1034 3241 erat
1053 3199 1103 3243 et
1128 3191 1219 3260 qui
1246 3196 1409 3260 venit,
1434 3200 1782 3269 omnipotens.
1797 3204 1969 3271 Quem
1989 3206 2043 3261 itt

460 3267 841 3334 superioribus
863 3272 1025 3340 dixit,
1054 3276 1158 3342 Qui
1188 3290 1286 3346 est,
1308 3293 1356 3336 et
1396 3286 1488 3353 qui
1515 3267 1652 3356 erat,
1689 3302 1739 3345 et
1769 3267 1861 3361 qui
1890 3297 2045 3363 venit,

454 3366 510 3411 et
533 3374 678 3414 nunc
690 3377 910 3433 quoque
928 3375 1085 3421 vocat
1104 3372 1513 3441 omnipotentem
1528 3395 1547 3434 :
1569 3394 1729 3450 quem
1750 3385 1917 3440 etiam
1936 3403 2045 3443 non

456 3446 625 3503 alium
660 3466 783 3508 esse
835 3471 1002 3526 quam
1038 3459 1319 3519 Christum
1347 3446 1729 3531 ostendimus:
1772 3487 2046 3547 quatenus

454 3552 519 3592 ca
546 3554 671 3609 quae
699 3544 884 3601 divino
904 3550 1092 3617 modo,
1119 3552 1186 3607 de
1202 3569 1268 3610 eo
1283 3559 1429 3625 quod
1466 3576 1592 3618 vere
1622 3544 2047 3635 supersubstan-

454 3628 653 3686 tialiter
683 3645 769 3691 est
802 3638 857 3693 in
890 3640 1075 3697 divina
1141 3644 1430 3719 Trinitate,
1479 3628 1758 3722 dicuntur,
1800 3660 1885 3729 pie
1920 3678 2046 3731 pos-

452 3729 581 3774 sunt
622 3724 933 3785 indistincte
979 3736 1225 3804 attribui,
1264 3757 1596 3815 rursumque
1650 3750 1825 3806 cuivis
1858 3767 2047 3822 perso-

454 3827 652 3869 narum
713 3819 922 3889 absque
972 3826 1080 3881 ulla
1132 3830 1413 3901 impietate
1452 3842 1792 3909 appropriari
1846 3819 1874 3898 ε.
1896 3846 2045 3903 hunc

453 3907 708 3963 eumdem
764 3928 983 3971 rursum
1034 3920 1267 3988 inducit,
1331 3937 1619 3997 postquam
1681 3935 2041 3994 novissimum

450 4012 613 4053 snutn
664 4004 961 4063 adventum
997 4013 1327 4082 signiﬁcavit
1356 4018 1458 4088 ipsi
1492 4019 1765 4089 futurum,
1787 4027 2041 4085 modum-

448 4105 558 4161 que
590 4112 697 4161 quo
728 4097 816 4155 hic
845 4100 1066 4159 futurus
1088 4116 1192 4172 est,
1221 4110 1389 4165 etiam
1426 4112 1540 4169 haec
1563 4118 1922 4176 indicantem.

518 4183 635 4256 Ego
671 4206 789 4244 sum
814 4194 860 4244 A
890 4196 1030 4250 etQ.
1060 4197 1126 4263 A,
1159 4198 1229 4253 ab
1257 4214 1323 4255 eo
1352 4204 1500 4272 quod
1531 4208 1863 4280 principium
1919 4215 1991 4270 sit
2022 4234 2035 4271 :

446 4279 719 4349 siquidem
746 4286 790 4337 Α
808 4301 1029 4358 quoque
1067 4290 1282 4345 initium
1304 4305 1387 4348 est
1416 4295 1470 4349 in
1496 4279 1769 4369 scriptura
1795 4304 2039 4360 elemen-

446 4380 662 4429 torum:
686 4395 751 4442 ω,
772 4391 992 4450 propter
1016 4381 1177 4437 finem
1201 4388 1545 4444 earumdem.
1566 4391 1903 4465 Principium
1936 4416 2037 4455 au-

446 4471 553 4521 tem
589 4475 645 4519 et
680 4468 842 4522 linem
875 4471 999 4540 quis
1029 4487 1138 4526 non
1177 4474 1441 4548 intelliget
1467 4481 1770 4552 signiﬁcari
1795 4503 1894 4557 per
1926 4490 2032 4546 hoc

442 4559 589 4625 quod
608 4559 809 4616 dicitur
821 4566 1024 4633 primus
1040 4581 1103 4621 ac
1113 4581 1431 4636 postremus.
1450 4571 1550 4628 Pcr
1565 4575 1667 4632 hoc
1683 4588 1865 4636 autem
1886 4585 2032 4653 quod

442 4651 521 4702 ait
558 4649 792 4715 Primus,
821 4657 1147 4728 intelligitur
1175 4675 1282 4714 non
1321 4662 1521 4722 habere
1558 4669 1798 4740 initium,
1839 4649 2033 4745 quem-

439 4744 734 4798 admodum
766 4747 931 4802 etiam
960 4765 1058 4819 per
1096 4751 1203 4808 hoc
1239 4757 1388 4825 quod
1423 4759 1500 4813 ait
1547 4760 1879 4842 Postremus,
1931 4784 2029 4823 ca-

442 4840 579 4901 rere;
612 4835 736 4892 fine.
792 4839 1063 4906 Quoniam
1093 4846 1238 4900 enim
1292 4850 1435 4918 apud
1476 4838 1729 4912 homines
1758 4873 1867 4914 non
1896 4876 2032 4916 con-

442 4930 681 5001 tingitut
710 4936 917 5006 aliquid
950 4939 1106 4996 initio
1130 4954 1318 5000 careat
1347 4962 1413 5003 ac
1444 4948 1572 5016 line,
1607 4966 1741 5007 usus
1768 4952 2025 5022 estprin-

438 5024 583 5093 cipio
609 5040 672 5081 ac
732 5027 836 5084 ﬁne
859 5047 982 5101 quae
1028 5036 1173 5105 apud
1217 5052 1320 5095 nos
1365 5050 1516 5107 sunt,
1551 5057 1650 5110 pro
1678 5058 1744 5098 eo
1772 5046 1915 5115 quod
1945 5056 2030 5102 est

440 5115 565 5171 sine
626 5118 784 5175 initio
868 5139 934 5179 ac
969 5125 1099 5191 line,
1153 5129 1258 5184 hoc
1332 5141 1437 5199 est,
1511 5147 1830 5205 perpetuus.
1891 5136 2018 5195 llaec

435 5212 600 5264 etiam
695 5230 789 5283 per
894 5217 1092 5275 Isaiam
1179 5222 1380 5278 dixit:
1448 5242 1469 5276 ι
1550 5226 1663 5297 Ego
1755 5230 2023 5288 Dominus

439 5301 576 5358 Deus
625 5307 859 5375 primus,
908 5326 1009 5381 ego
1050 5314 1214 5369 etiam
1266 5328 1389 5386 post
1439 5321 1682 5389 h:ec.,"’r
1716 5324 1780 5379 Et
1803 5340 1870 5382 ne
1898 5328 2023 5396 quis

435 5396 764 5466 principium
805 5418 875 5457 ex
934 5419 1043 5459 non
1090 5407 1311 5464 cotibus
1362 5411 1637 5469 introduci
1684 5418 2019 5487 suspicetur.

433 5489 882 5559 subjuugitnunc
904 5496 1126 5563 Quiest,
1156 5510 1202 5553 et
1239 5503 1328 5570 qui
1354 5514 1490 5570 erat,
1510 5516 1557 5560 et
1582 5509 1671 5577 qui
1703 5511 1861 5564 venit.
1882 5510 2022 5578 Quid

437 5586 617 5633 autem
654 5582 770 5638 hcce
796 5585 902 5640 sibi
938 5589 1106 5645 velint
1139 5590 1351 5649 dictum
1383 5606 1470 5651 cst
1522 5613 1716 5669 nempe
1746 5602 1893 5671 quod
1928 5619 2022 5660 vc-

512 5753 551 5788 ”
577 5754 724 5809 Psal.
750 5774 881 5828 xvu,
920 5764 1004 5819 l2.
1085 5768 1128 5799 ¹⁶
1170 5768 1271 5824 lsa.
1312 5787 1402 5841 ιχ,
1436 5774 1488 5838 8,
1570 5774 1611 5806 ¹⁷
1642 5774 1748 5832 [5a.
1788 5794 1932 5846 κων,
1967 5778 2018 5834 6.

2170 554 2248 615 ὧν
2274 563 2368 616 καὶ
2398 565 2426 616 6
2458 564 2623 629 αὐτὸς
2652 566 2827 631 οὕτως
2861 571 3049 640 φησίν·
3100 592 3119 625 ι
3169 576 3302 630 Ἀπὸ
3350 554 3743 662 τῆς-τηλαυγέξ

2170 671 2309 717 σεως
2338 654 2501 709 αὐτοῦ
2543 658 2600 711 αἱ
2632 659 2858 726 νεφέλαι
2886 661 3124 732 διῆλθον.
3166 685 3185 718 tt
3218 670 3328 723 Καὶ
3373 673 3403 724 6
3451 654 3628 745 Ἀμὼς
3656 654 3741 738 καὶ

2183 746 2416 811 Ἡσαΐας
2448 748 2578 818 περὶ
2628 750 2835 805 αὐτῶνθ
2874 772 2893 805 ι
2934 754 3094 819 Τίνες
3121 758 3230 811 οἶδε
3278 760 3355 824 ὡς
3381 766 3603 833 νεφέλαι
3648 774 3742 826 πέ-

2165 853 2355 891 ταντιιι
2390 839 2485 891 καὶ
2506 839 2579 902 ὡς
2614 843 2829 895 νεοσσοὶ
2858 845 3073 911 ἀετῶν;
3113 868 3132 899 ι
3170 850 3340 920 Δῆλον
3379 856 3489 926 γάρ
3517 858 3591 923 ὡς
3621 868 3743 936 περὶ

2165 930 2273 983 τῶν
2306 929 2569 999 θεοφιλῶς
2607 933 2872 1003 βιούντων
2901 940 3086 994 ταῦτά
3111 959 3243 1011 φησι
3276 950 3622 1018 τροπικῶς,ὃ
3655 929 3747 1012 καὶ

2168 1022 2369 1092 μᾶλλον
2401 1025 2796 1095 παραδεκτέον,
2819 1029 2935 1099 εἴγε
2986 1032 3083 1085 καὶ
3136 1038 3198 1087 τδ
3232 1042 3407 1110 παρὸν
3444 1042 3626 1099 ἰκανὸν
3663 1066 3745 1102 τε·

2171 1132 2205 1168 κ
2218 1116 2498 1187 μηριῶσαι
2529 1118 2714 1189 ῥητὸν,
2750 1123 2888 1189 μετά
2923 1124 3031 1177 τῶν
3056 1128 3296 1197 νεφελῶν
3340 1134 3549 1199 φάσκον
3598 1138 3743 1211 ἔρχε-

2167 1206 2293 1261 σθαι
2324 1208 2418 1260 τὸν
2442 1210 2673 1279 Κριτὴν,
2710 1212 2825 1265 ἀλλ’
2850 1214 2948 1284 οὐχ
2991 1216 3098 1270 ὑπὸ
3119 1220 3226 1272 τῶν
3250 1225 3492 1291 νεφελῶν
3522 1206 3745 1298 ἐποχού-

2166 1313 2344 1365 μενον,
2368 1290 2437 1367 ᾯ
2471 1298 2564 1350 καὶ
2591 1299 2804 1364 Παῦλος
2853 1304 3093 1375 συνᾴδει,
3143 1290 3573 1383 ἁρπαγήσεσθαι
3603 1290 3743 1389 ἥλιε,

2161 1386 2435 1455 ἐμπεδῶν,
2468 1390 2547 1452 εἰς
2579 1390 2893 1461 ἀπάντησιν
2937 1395 3033 1447 τοῦ
3073 1397 3281 1468 Κυρίου
3326 1403 3407 1466 είς
3436 1404 3599 1475 ἀέρα,
3623 1386 3745 1477 τοὺς

2160 1478 2300 1531 κατά
2330 1478 2539 1533 [Ιαῦλον
2571 1481 2774 1552 δηλαδὴ
2798 1484 3153 1553 βεϐιωκότας,
3204 1490 3299 1544 τοῦ
3346 1493 3580 1551 πάντοτε
3611 1518 3736 1555 συν-

2160 1570 2298 1622 εἷναι
2348 1572 2557 1643 Κυρίῳ.
2610 1574 2672 1626 Ei
2738 1574 2795 1628 δὲ
2831 1577 2926 1630 καὶ
2961 1579 3192 1647 νεφέλας
3216 1582 3293 1653 τῷ
3320 1584 3434 1639 ὄντι
3470 1591 3609 1643 νοεῖν
3640 1594 3744 1647 τισὶ

2113 1712 2121 1719 ,
2161 1660 2374 1730 βέλτιον
2402 1662 2552 1716 δοκεῖ
2576 1665 2835 1729 τοιαύτας
2871 1666 2993 1731 οἵας
3024 1672 3119 1724 καὶ
3150 1672 3208 1725 ἐν
3249 1674 3326 1743 τῷ
3377 1675 3578 1749 Θαϐὼρ
3628 1680 3743 1752 ὄρει

2160 1750 2402 1820 καλύψαι
2437 1752 2531 1805 τὸν
2567 1752 2777 1825 Κύριον
2803 1756 2896 1809 καὶ
2926 1759 3054 1822 τοὺς
3084 1762 3251 1816 αὐτοῦ
3301 1766 3554 1838 μαθητὰς
3588 1774 3615 1824 6
3653 1750 3738 1826 λόέ

2158 1860 2255 1911 γος
2289 1844 2527 1915 θρυλλεῖ,
2560 1847 2712 1900 οὐδὲν
2744 1850 2872 1920 περὶ
2906 1851 3117 1906 τούτων
3147 1855 3447 1913 διοίσεσθαι
3479 1862 3578 1917 δεῖ.
3624 1866 3738 1938 Ἐρ-

2157 1936 2388 2004 χόμενον
2420 1937 2477 1989 δὲ
2508 1938 2599 1991 τὸν
2629 1940 2833 2009 Κύριον
2864 1942 2988 2015 δόξῃ
3022 1946 3279 2020 τοιαύτῃ,
3312 1951 3550 2019 ὀφθῆναί
3578 1936 3739 2025 φησιν

2158 2026 2263 2080 ὑπὸ
2283 2028 2485 2092 παντὸς
2505 2030 2812 2101 ὀφθαλμοῦ,
2844 2036 2939 2088 καὶ
2971 2036 3081 2090 τῶν
3105 2039 3206 2110 τὴν
3237 2045 3551 2112 παρουσίαν
3578 2048 3739 2103 αὐτοῦ

2157 2121 2368 2184 πιστῶς
2421 2122 2779 2188 ἐλπισάντων,
2840 2128 2936 2180 καὶ
2990 2129 3099 2182 τῶν
3152 2131 3248 2185 ἀπ’
3302 2134 3522 2200 ἐλπίδος
3574 2140 3739 2212 αὐτὴν

2157 2211 2423 2282 θεμένων,
2461 2210 2536 2270 ὧν
2564 2218 2688 2281 τοὺς
2725 2219 2823 2288 μὲν
2850 2219 3247 2293 εὐφρανθῆναι,
3297 2228 3430 2292 τοὺς
3476 2229 3533 2283 δὲ
3584 2210 3738 2299 κόψε-

2158 2306 2281 2359 σθαι
2319 2308 2593 2378 παγγενῆ.
2648 2311 2789 2374 Τοὺς
2844 2312 2901 2365 δὲ
2949 2314 3392 2386 ἐκκεντήσαντας
3425 2320 3572 2390 λέγει
3618 2326 3739 2387 τοὺς

2156 2398 2299 2451 κατά
2348 2400 2409 2451 τὸ
2437 2402 2737 2471 σταυρικὸν
2791 2402 2957 2457 αὐτοῦ
3003 2404 3175 2471 πάθος
3226 2407 3381 2479 ἥλοις
3429 2429 3490 2465 τε
3533 2414 3627 2466 καὶ
3669 2419 3729 2486 τῇ

2155 2489 2322 2562 λόγχῃ
2351 2491 2675 2562 τρώσαντας
2709 2494 2896 2559 αὑτὸν,
2933 2496 3027 2550 καὶ
3063 2497 3160 2551 σὺν
3198 2498 3439 2569 τούτοις,
3487 2503 3611 2569 τοὺς
3638 2507 3733 2559 ἀπ’

2154 2582 2381 2635 ἐκείνων
2415 2582 2756 2655 βλασφήμως
2785 2586 2935 2657 αὐτῷ
2962 2589 3403 2661 ἐπιτιθεμένους.
3436 2594 3657 2662 Τούτοις
3680 2598 3737 2653 δὲ

2152 2676 2264 2738 τοῖς
2295 2676 2609 2745 εἰρημένοις
2636 2676 2697 2729 τὸ
2746 2678 2970 2748 βέϐαιον
2999 2681 3424 2753 ἐπιμαρτυρῶν,
3460 2689 3735 2760 ἐπεσφράο

2153 2783 2274 2833 γισε
2307 2768 2394 2820 διά
2420 2768 2515 2822 τοῦ
2539 2770 2732 2836 εἰπεῖν,
2754 2770 2865 2825 Ναὶ
2898 2773 3012 2836 καὶ,
3049 2774 3370 2842 Ἀμήν.Τοῦ
3401 2779 3501 2833 ναὶ
3532 2782 3650 2850 μὲν,
3678 2783 3738 2852 ἐξ

2165 2858 2487 2929 Ἑλληνικῆς
2518 2862 2807 2932 συνηθείας
2841 2865 2901 2916 τὸ
2935 2865 3338 2935 ἀμετάπτωτον
3368 2869 3480 2925 τῶν
3516 2875 3732 2943 εἰρημέ-

2152 2966 2259 3005 νων
2288 2952 2704 3024 ἐξακριϐοῦντος
2723 2970 2737 2985 ·
2760 2955 2856 3009 τοῦ
2883 2956 2940 3009 δὲ
2955 2957 3155 3026 Ἀμὴν,
3192 2963 3326 3033 παρ’
3359 2962 3633 3034 Ἑϐραίοις
3658 2968 3736 3031 είς

2150 3042 2225 3096 τὸ.
2244 3044 2416 3114 μηδὲν
2455 3045 2522 3099 ἂν
2553 3046 2813 3115 γενέσθαι
2848 3048 3105 3120 ἐμποδὼν
3136 3051 3215 3122 μὴ
3236 3053 3469 3125 ἐκϐῆναι
3497 3056 3564 3111 τὰ
3583 3058 3733 3129 ἠπει-

2152 3134 2219 3204 λη
2228 3136 2387 3204 μένα,
2418 3137 2786 3207 ἐπαγομένου.

2236 3227 2297 3281 '0
2322 3227 2426 3293 ὢν,
2461 3229 2559 3282 καὶ
2597 3232 2631 3283 ό
2650 3226 2747 3299 ἦν,
2779 3230 2875 3284 καὶ
2904 3234 2938 3286 d
2964 3232 3309 3304 ἐρχόμενος,
3335 3240 3371 3291 δ
3395 3241 3730 3310 παντοκρά-

2148 3336 2285 3387 τωρ.
2324 3321 2423 3373 Ὃν
2451 3321 2643 3392 εἴρηκε
2670 3322 2951 3393 ἀνωτέρω,
2996 3324 3059 3378 '0
3086 3324 3200 3394 ὢν,
3237 3328 3336 3383 καὶ
3369 3332 3404 3383 ὀ
3432 3326 3532 3401 ἦν,
3559 3332 3655 3386 καὶ
3700 3335 3736 3387 ό

2147 3408 2494 3478 ἐρχόμενος,
2523 3411 2621 3463 καὶ
2647 3413 2680 3464 ό
2714 3412 3162 3484 παντοκράτωρ,
3199 3417 3258 3471 ὃν
3290 3417 3387 3472 καὶ
3428 3424 3527 3475 οὐκ
3575 3423 3729 3476 ἄλλον

2149 3499 2298 3571 ἢτὸν
2333 3502 2568 3571 Χριστὸν
2614 3500 2753 3558 εἶναι
2798 3507 3141 3579 ἐδείκνυμεν.
3178 3512 3304 3565 καθ’
3338 3514 3469 3568 ὅσον
3500 3515 3567 3568 τὰ
3616 3515 3731 3567 θεο-

2149 3594 2377 3665 πρεπῶς
2403 3595 2494 3647 ἐπὶ
2523 3595 2616 3648 τοῦ
2657 3597 3000 3668 ὑπερουσίως
3041 3604 3197 3670 ὄντος
3226 3608 3285 3660 ἐν
3322 3610 3391 3678 τῇ
3426 3608 3617 3679 Τριάδι
3641 3608 3727 3662 λε-

2148 3685 2373 3755 γόμενα,
2405 3686 2477 3739 τὰ
2506 3687 2644 3741 αὐτὰ
2678 3688 2841 3743 πάλιν
2870 3692 3242 3760 ἀδιαστάλτως
3282 3699 3376 3751 καὶ
3444 3699 3570 3754 καθ’
3596 3700 3725 3753 ἐκά-

2148 3791 2280 3845 στης
2306 3777 2660 3847 ἐναρμόττειν
2681 3781 2788 3833 τῶν
2808 3782 3184 3851 ὑποστάσεων,
3211 3788 3459 3855 εὐσεϐὲς,
3488 3792 3605 3845 ἀλλ’
3631 3792 3725 3845 οὐκ

2145 3868 2361 3933 ἀσεϐὲς,
2408 3870 2599 3924 τοῦτον
2652 3874 2817 3927 αὑτὸν
2871 3871 3031 3941 αὖθις
3091 3879 3308 3950 εἰσάγει
3339 3884 3481 3953 μετά
3525 3883 3586 3938 τὸ
3628 3883 3730 3954 τὴν

2144 3960 2378 4029 ἐσχάτην
2413 3962 2698 4018 ἐπέλευσιν
2728 3967 2893 4020 αὑτοῦ
2925 3971 3193 4043 γνωρίσαι
3217 3974 3399 4046 αὐτῷ,
3437 3977 3534 4031 καὶ
3582 3977 3727 4041 ὅπως

2143 4052 2282 4123 αὕτη
2321 4053 2496 4123 ἔσται,
2534 4057 2614 4112 ἐτι
2636 4060 2733 4113 καὶ
2764 4061 2941 4117 ταῦτα
2969 4066 3336 4138 γνωρίσαντα.

2224 4233 2370 4303 Ἐγώ
2396 4236 2512 4305 ειμι
2543 4238 2610 4291 τὸ
2638 4238 2803 4308 ἆηιςρα
2826 4241 2926 4295 καὶ
2951 4243 3017 4298 τὸ
3045 4261 3114 4300 ω.
3142 4246 3327 4314 ’Ἄλφα
3353 4248 3445 4303 διὰ
3469 4250 3528 4304 τὸ
3551 4250 3721 4322 ἀρχὴν

2140 4316 2300 4387 εἶναι,
2329 4324 2412 4377 ὅτι
2450 4326 2545 4379 καὶ
2568 4327 2634 4380 τὸ
2661 4327 2826 4398 ἄλφα
2862 4332 3005 4403 ἀρχὴ
3029 4334 3138 4386 τῶν
3161 4337 3218 4388 ἐν
3247 4339 3539 4410 γράμματι

2139 4412 2321 4483 χείων,
2366 4432 2414 4467 ω
2444 4415 2531 4470 διὰ
2574 4417 2634 4471 τὸ
2667 4420 2820 4484 τέλος
2869 4422 2979 4477 τῶν
3012 4427 3215 4483 αὐτῶν.
3275 4431 3477 4503 Ἀρχὴν
3522 4433 3578 4486 δὲ
3625 4433 3717 4487 καὶ

2066 4501 2111 4560 0
2137 4504 2289 4569 τέλος
2328 4506 2413 4570 τίς
2441 4509 2542 4562 οὐκ
2594 4509 2660 4564 ἂν
2686 4511 2935 4583 ἐννοήσοι
2959 4516 3021 4568 τὸ
3065 4517 3301 4586 πρῶτος
3341 4501 3716 4592 σημαίνεσθαι

2139 4598 2235 4650 καὶ
2278 4597 2341 4651 τὸ
2376 4598 2668 4669 ἕσχατος;
2717 4603 2808 4657 διὰ
2839 4604 2934 4659 τοῦ
2978 4610 3211 4678 πρῶτος
3241 4612 3318 4675 δὲ,
3360 4614 3421 4666 τὸ
3461 4614 3717 4684 ἄναρχος

2140 4689 2423 4753 ἐννοεῖται,
2450 4691 2526 4755 ὡς
2561 4694 2654 4747 καὶ
2683 4694 2773 4748 διὰ
2794 4697 2888 4751 τοῦ
2918 4699 3186 4770 ἐσχάτου
3213 4704 3272 4756 τὸ
3294 4704 3703 4773 ἀτελεύτητος.

2150 4781 2367 4853 Ἐπειδὴ
2401 4783 2510 4855 γάρ
2563 4786 2665 4840 οὐκ
2711 4788 2827 4841 ἐστι
2856 4794 3006 4859 παρὰ
3054 4794 3368 4867 ἀνθρώποις
3410 4798 3644 4867 άναρχὸν
3664 4815 3713 4851 τι

2138 4873 2234 4927 καὶ
2266 4875 2647 4947 ἀτελεύτητον,
2682 4881 2752 4950 τῇ
2790 4882 2925 4953 παρ’
2962 4886 3095 4954 ἡμῖν
3124 4888 3264 4958 ἀρχῇ
3309 4906 3367 4941 τε
3402 4891 3497 4943 καὶ
3527 4890 3604 4961 τῷ
3632 4889 3712 4942 τέ-

2136 4964 2217 5019 λει
2238 4966 2359 5019 ἀντ)¹
2383 4968 2474 5020 τοῦ
2505 4970 2746 5042 άναρχος
2774 4975 2873 5027 καὶ
2904 4977 3271 5050 ἅτελεύτητος
3309 4984 3706 5053 κατεχρήσατο.

2136 5058 2308 5113 Τοῦτο
2360 5060 2456 5114 καὶ
2512 5062 2603 5116 διὰ
2652 5064 2880 5119 Ἡσαΐου
2937 5068 3154 5139 ἔλεγεν·
3190 5092 3209 5124 ‹
3259 5074 3401 5141 Ἐγὼ
3448 5077 3649 5146 Κύριος
3682 5074 3710 5126 6

2134 5150 2267 5215 Θεὸς
2302 5152 2537 5223 πρῶτος,
2590 5154 2702 5224 ἐγὼ
2751 5158 2845 5211 καὶ
2888 5161 3027 5229 μετὰ
3074 5164 3268 5222 ταῦτα.
3308 5184 3326 5217 ι
3367 5167 3476 5220 Καὶ
3521 5168 3605 5221 ἵνα
3637 5167 3707 5237 μὴ

2134 5259 2219 5305 τις
2248 5243 2345 5313 τὴν
2386 5245 2561 5315 ἀρχὴν
2597 5246 2655 5313 ἐξ
2694 5248 2794 5302 οὐκ
2836 5250 3008 5305 ὄντων
3057 5255 3382 5325 εἰσαχθῆναι
3430 5257 3705 5318 ὑπολάϐοι,

2133 5328 2388 5400 ἐπιφέρει
2414 5331 2508 5384 νῦν
2524 5331 2685 5395 τδ,⁹0
2708 5333 2811 5401 ὢν,
2845 5338 2945 5391 καὶ
2981 5343 3013 5392 ό
3035 5336 3134 5410 ἦν,
3178 5344 3275 5397 καὶ
3306 5347 3340 5399 ὀ
3369 5345 3703 5415 ἐρχόμενος.

2132 5421 2197 5475 Τί
2230 5424 2287 5476 δὲ
2312 5423 2483 5478 ταῦτα
2521 5425 2768 5494 δύναται,
2810 5430 3046 5502 εἴρηται,
3078 5436 3161 5488 ὅτι
3210 5436 3286 5501 ὡς
3336 5438 3708 5502 διαιωνίζοντα·

2131 5516 2275 5569 κατά
2300 5531 2359 5568 τε
2394 5519 2573 5587 ἀρχὴν
2604 5521 2699 5574 καὶ
2725 5522 2900 5583 τέλος,
2933 5528 3055 5578 κατ’
3078 5528 3253 5599 ἀρχὴν
3312 5531 3412 5592 μὲν
3436 5573 3452 5592 .,
3476 5529 3703 5585 ἁνελλει-

2131 5603 2271 5671 πῶς,
2310 5606 2451 5661 κατὰ
2477 5609 2629 5675 τέλος
2675 5610 2755 5677 δὲ,
2806 5613 3122 5687 άόιαδὸχως.
3167 5619 3222 5673 ’0
3269 5622 3333 5674 δε
3365 5639 3554 5686 ταυτα,
3610 5622 3700 5674 καὶ
