4102 6414
382 399 500 467 513

1464 403 1858 467 COMMENT.
1899 402 1984 466 IN
2023 403 2554 467 APOCALYPSIN.

3562 401 3670 466 514

378 516 811 591 παντοκράτωρ,
831 518 910 581 ὠς
929 518 1111 588 πάσης
1134 516 1369 581 κτίσεως
1391 517 1658 589 αἰσθητῆς
1686 518 1980 589 κατάρχων

2109 520 2186 575 ιιιί
2224 520 2648 589 perpetuitatem
2676 518 3078 584 demonstrent,
3112 524 3225 572 tum
3275 516 3345 571 ab
3374 516 3532 571 initio
3557 528 3672 570 tum

378 613 476 665 καὶ
512 611 738 681 νοητῆς,
792 612 822 663 ὁ
879 609 1153 673 ωναῖδιος
1192 608 1271 679 τῷ
1331 609 1530 680 Πατρὶ,
1563 609 1661 661 καὶ
1691 609 1977 673 ἀποδιδοὺς

378 703 604 774 ἑκάστῳ
640 703 782 757 κατὰ
815 703 884 757 τὰ
910 703 1071 774 ἔργα.
1111 704 1226 775 Πρὸ
1251 704 1503 775 βραχέως
1547 702 1606 756 δέ
1642 705 1757 766 τοῖς
1787 720 1979 756 ταπει-

380 795 627 862 νοτέροις
664 796 760 850 καὶ
807 794 1180 866 ἀνθρωπικοῖς
1211 794 1588 866 ἐνδιατρίϐων,
1620 793 1718 847 νῦν
1748 795 1845 847 καὶ
1867 793 1975 846 τῶν

380 888 678 959 θειοτέρων
702 888 797 942 καὶ
819 888 1084 959 ἀξιοθέων
1124 888 1451 956 ἐφάπτεται.
1490 889 1557 940 ὐ
1586 887 1683 941 καὶ
1730 886 1974 957 ἀρχόμε-

382 995 475 1041 νος
495 979 595 1046 τῆς
630 978 1011 1049 προκειμένης
1034 979 1428 1049 πραγματείας
1472 979 1641 1031 ποιεῖ.
1695 977 1835 1031 Ἀλλ’
1863 978 1983 1031 ἐκεῖ

389 1069 491 1139 μὲν
519 1070 618 1140 οὐχ
648 1069 792 1123 οὕτω
819 1070 1057 1141 τρανῶς,
1090 1070 1329 1124 ἐνταῦθα
1378 1070 1436 1123 δὲ
1483 1069 1983 1141 πεπαρῥησιασμέ-

385 1176 513 1226 vuig,
544 1162 638 1215 καὶ
660 1155 754 1214 οἷα
786 1161 933 1226 εἰκὸς
957 1160 1021 1214 τὸ
1070 1163 1200 1232 περὶ
1244 1160 1353 1214 τῶν
1384 1159 1545 1213 θείων
1572 1161 1741 1230 ἐρεῖν,
1782 1162 1848 1213 ἐκ
1871 1157 1982 1213 τῶν

385 1251 562 1321 ἁγίων
599 1252 834 1307 λαϐόντα
863 1254 1169 1326 προφητῶν
1203 1253 1267 1307 τὸ
1299 1253 1606 1325 ἐνδόσιμον.

2087 626 2150 665 ex
2187 611 2325 664 line:
2363 611 2431 663 ab
2464 610 2621 665 initio
2649 610 2894 680 quidem,
2931 609 3079 678 quod
3111 608 3245 662 nihil
3282 608 3327 663 ei
3360 607 3677 677 praeceden-

2085 700 2222 755 tium
2244 709 2549 770 temporum
2574 699 2715 754 desit
2740 718 2754 753 :
2777 714 2843 753 ex
2874 699 2981 753 line
2999 714 3147 765 vero,
3177 698 3324 767 quod
3358 699 3677 752 successio—

2088 808 2157 848 ne
2184 803 2389 849 careat.
2421 793 2647 849 Ad‘hazc
2673 802 2852 849 autem
2890 801 2975 848 est
3003 793 3375 860 omnipotens,
3414 798 3678 861 tanquam

2089 886 2361 941 universae
2406 886 2687 941 sensibilis
2719 894 2987 939 creaturae
3036 894 3233 940 auctor
3274 893 3328 939 et
3376 884 3677 953 inspector,

2085 989 2390 1033 coaeternus
2402 978 2572 1043 Patri,
2588 977 2680 1048 qui
2703 978 2878 1033 reddit
2891 979 3186 1048 unicuique
3202 976 3501 1032 secundum
3515 988 3680 1045 opera

2089 1084 2211 1124 sua.
2267 1069 2405 1124 Cum
2439 1078 2622 1125 autem
2664 1071 2831 1141 paulo
2895 1080 3023 1126 ante
3087 1073 3143 1126 in
3180 1068 3568 1125 humilioribus
3615 1080 3680 1121 ac

2088 1159 2347 1215 humanis
2386 1171 2721 1226 versaretur,
2771 1161 2939 1233 654
2998 1176 3146 1217 nunc
3191 1162 3355 1216 etiam
3410 1157 3679 1213 diviniora

2088 1250 2313 1322 Deoque
2344 1252 2509 1321 digna
2541 1252 2761 1325 attingit
2790 1270 2802 1306 :
2827 1251 2973 1323 quod
2998 1253 3162 1307 etiam
3192 1251 3426 1305 iaciebat
3458 1249 3685 1302 inclma-

381 1353 548 1403 turus
580 1362 821 1417 praesens
875 1350 1187 1419 negotium:
1229 1348 1325 1405 sed
1386 1350 1460 1404 ibi
1494 1351 1715 1420 quidem
1770 1363 1879 1403 non
1908 1349 1981 1402 ita
2021 1348 2331 1419 perspicue,
2368 1349 2471 1405 hoc
2495 1358 2680 1404 autem
2749 1350 2872 1403 loco
2900 1349 3128 1403 liberius
3193 1349 3446 1417 loquens.
3466 1344 3531 1400 Et
3555 1344 3682 1398 talia

382 1439 540 1505 dicit,
597 1441 781 1510 qualia
827 1452 1260 1499 consentaneum
1310 1451 1435 1498 erat
1490 1458 1617 1499 eum
1648 1443 1718 1498 de
1776 1441 1980 1499 divinis
2015 1440 2297 1497 dicturum
2333 1457 2476 1510 esse,
2542 1442 2926 1513 quiasanctis
2985 1441 3271 1512 prophetis
3316 1438 3535 1495 dicendi
3581 1450 3686 1490 an-

384 1544 507 1584 sam
537 1541 927 1602 assumpserat.

990 1646 1250 1702 ΚΕΦΑΛ.
1301 1644 1380 1703 B'.

398 1778 696 1861 Ὀπτασιά
748 1778 819 1833 ἐν
863 1772 904 1851 ᾗ
945 1780 1053 1861 τὸν
1094 1780 1344 1861 Ἰῃσοῦν
1379 1780 1672 1861 ἐθεάσατο
1710 1781 1782 1837 ἐν
1810 1780 1981 1853 μέσῳ

938 1849 1213 1921 λυχνιῶν
1242 1850 1413 1905 ἑπτά.

475 1984 624 2054 Ἐγὼ
674 1984 961 2053 Ἰωάννης
991 1988 1025 2040 ό
1055 1985 1321 2054 ἁδελφὸς
1344 1986 1536 2056 ὑμῶν,
1560 1988 1661 2042 καὶ
1695 1987 1989 2053 κοινωνὸς

387 2079 465 2131 ἐν
484 2077 555 2146 τῇ
582 2078 787 2147 θλίψει
815 2078 1225 2146 καὶβασιλείᾳ
1248 2078 1348 2132 καὶ
1370 2079 1650 2149 ὑπομονῇ
1671 2080 1742 2133 ἐν
1756 2078 1990 2149 Χριστῷ

404 2170 625 2237 Ἰησοῦ,
677 2169 976 2240 ἐγενόμην
1022 2170 1094 2224 ἐν
1141 2170 1218 2239 τῇ
1282 2172 1459 2239 νήσῳ
1515 2170 1592 2240 τῇ
1638 2171 1987 2242 καλουμένῃ

390 2259 630 2329 Πάτμῳ,
664 2261 763 2314 διὰ
788 2260 898 2314 τὸν
927 2262 1118 2331 λόγον
1138 2262 1245 2316 τοῦ
1280 2263 1452 2328 Θεοῦ,
1487 2262 1584 2318 καί
1614 2261 1733 2331 τὴν
1754 2280 1987 2332 μαρτυ-

393 2351 545 2419 ρίαν
588 2349 799 2418 Ἰησοῦ
828 2352 1112 2420 Χριστοῦ.
1151 2352 1475 2422 Ἐγενόμην
1501 2352 1571 2406 ἐν
1596 2354 1899 2423 Πνεύματι
1921 2352 1991 2405 ἐν

394 2440 472 2511 τῇ
506 2441 776 2511 κυριακῇ
796 2444 1011 2513 ἡμέρᾳ,
1034 2442 1131 2497 καὶ
1156 2442 1398 2513 ἤκουσα
1414 2443 1631 2513 φωνὴν
1652 2445 1848 2499 ὀπίσω
1876 2461 1991 2511 μου

392 2533 672 2603 μεγάλην
715 2534 795 2601 ὠς
834 2533 1176 2603 σάλπιγγος
1231 2534 1540 2603 λεγούσης
1568 2551 1583 2566 ο
1632 2536 1693 2588 Ὃ
1734 2534 1991 2601 βλέπεις

396 2627 636 2695 φάψ-ον
667 2628 757 2692 εις
782 2626 1037 2690 βιϐλίον
1061 2625 1162 2679 καὶ
1194 2625 1442 2696 πέμψον
1480 2626 1613 2694 ταῖς
1656 2627 1808 2680 ἑπτὰ
1849 2628 1980 2681 Ἐκ-

394 2716 712 2784 κλησιάις,
740 2719 829 2782 εὶς
852 2717 1141 2786 Ἔφεσον,
1182 2717 1282 2770 καί
1316 2717 1405 2781 εὶς
1439 2717 1745 2786 Σμύρναν,
1774 2715 1874 2770 καί
1904 2719 1993 2784 εὶς

399 2808 733 2879 Πέργαμον,
757 2809 859 2863 καὶ
884 2811 973 2875 είς
1007 2810 1319 2876 Θυάτειρα,
1350 2809 1452 2862 καὶ
1477 2811 1565 2873 εἰς
1587 2808 1855 2877 Σάρδεις,
1888 2809 1991 2863 καὶ

396 2906 490 2970 είς
515 2902 979 2972 Φιλαδέλφειαν,
1008 2902 1111 2956 καὶ
1134 2904 1226 2968 εἰς
1251 2900 1634 2957 Λαοδίκειαν.

486 2995 742 3066 Ἀδελφδν
772 2993 968 3049 ἑαυτὸν
994 2994 1087 3048 καὶ
1115 2992 1372 3047 κοινωνὸν
1410 2993 1517 3047 τῶν
1551 2991 1785 3063 θλίψεων
1812 2994 1989 3061 καλεῖ,

399 3090 469 3156 ἃς
497 3090 589 3146 διὰ
616 3090 708 3144 τὸν
740 3088 902 3158 λόγον
924 3086 1021 3141 τοῦ
1062 3087 1201 3141 Θεοῦ
1238 3086 1336 3140 καὶ
1364 3086 1428 3141 τὸ
1452 3086 1724 3158 κήρυγμα
1755 3087 1859 3140 ὑπὸ
1882 3087 1992 3141 τῶν

398 3181 645 3236 διωκτῶν
694 3182 938 3252 ἔπασχεν
1000 3180 1102 3251 τῆς
1163 3179 1459 3245 εὐσεῦείας
1506 3182 1610 3252 (διὸ
1655 3181 1751 3236 καὶ
1804 3179 1990 3246 αὑτὸν,

400 3274 627 3345 ιιάτμον
644 3274 748 3346 τὴν
765 3273 927 3344 νῆσον
947 3274 1117 3328 οίκεῖν
1148 3273 1637 3350 κατακεκρίσθαι)ο
1659 3273 1777 3328 ἀλλ’
1803 3274 1953 3326 ὥσπε
1962 3289 1994 3343 ρ

405 3368 517 3420 τῶν
532 3366 785 3437 θλίψεων,
816 3364 962 3419 οὕτω
995 3366 1084 3419 καὶ
1115 3365 1213 3435 τῆς
1238 3364 1542 3437 βασιλείας,
1577 3365 1648 3437 ἣν
1677 3365 1733 3418 αἱ
1759 3363 1995 3419 ἐνταῦθα

411 3458 613 3529 θλίψεις
648 3457 791 3529 ὑπὲρ
821 3456 1061 3530 Χριστοῦ
1108 3456 1488 3529 προξενοῦσιν.
1527 3458 1590 3511 Εἰ
1625 3456 1769 3512 κατὰ
1815 3457 1995 3512 πάντα

407 3547 505 3603 οῦν
552 3550 809 3606 κοινωνὸν
841 3549 1036 3603 ἐαυτὸν
1078 3549 1377 3615 δείκνυσιν,
1416 3549 1646 3613 εἰκότως
1670 3547 1738 3602 ἂν
1786 3549 1882 3603 καλ⁵
1934 3548 1997 3603 τὺ

407 3643 726 3712 ἀξιόπιστον
759 3642 1235 3713 τῶνλὲωραμένων
1280 3639 1432 3713 αὑτῷ
1476 3642 1574 3709 καὶ
1612 3640 1997 3695 ἀκουσθέντων

407 3736 588 3807 σχοίη.

481 3830 585 3884 Διὰ
609 3830 719 3885 τὸν
744 3831 932 3900 λόγον
966 3829 1073 3884 τοῦ
1127 3827 1302 3883 Θεοῦ.
1352 3826 1530 3896 Λόγον
1560 3825 1698 3899 φησὶ
1734 3824 1830 3878 τοῦ
1861 3823 1997 3879 Θεοῦ

409 3923 507 3976 καὶ
540 3921 851 3994 μαρτυρίαν
875 3921 936 3975 τὸ
960 3919 1308 3989 Εὑαγγέλιον
1336 3918 1363 3971 ὃ
1390 3917 1651 3987 ἔγραψεν.
1693 3914 2000 3986 Ἑξόριστον

407 4017 469 4069 δὲ
492 4015 657 4068 αὐτὸν
679 4014 934 4084 γενέσθαι
966 4016 1027 4067 ἐν
1059 4012 1268 4083 Πάτμῳ
1312 4012 1379 4082 τῇ
1406 4010 1556 4081 νήσῳ
1602 4008 1710 4062 ὑπὸ
1741 4010 2002 4079 Δομετιαο

411 4108 530 4173 νοῦ,
590 4108 849 4172 Εὐσέϐιος
896 4110 925 4161 ό
968 4104 1263 4178 Παμφίλου
1315 4105 1374 4158 ἐν
1427 4102 1508 4174 τῷ
1544 4101 1801 4173 Χρονικῷ
1834 4100 2000 4156 αὐτοῦ

413 4196 609 4269 βιϐλίῳ
634 4196 1018 4266 παρατίθεται.

500 4289 825 4359 Ἐγενόμην
877 4287 948 4342 ἐν
1000 4286 1321 4355 πνεύματι.
1393 4284 1730 4353 Πρόσκειται
1774 4281 1854 4349 τὸ,
1900 4282 2005 4335 Ἔν

416 4382 740 4451 Πνεύματι,
771 4378 865 4450 τῶ
885 4379 1056 4450 μηδὲν
1081 4376 1373 4447 ἐμφαίνειν
1402 4371 1751 4444 ἐνεργεῖσθαι
1778 4373 1878 4440 τῆς
1908 4371 2004 4424 ἀν-

418 4474 703 4545 θρωπίνης
758 4474 1020 4543 ἐχόμενον
1065 4469 1282 4541 χρείας,
1319 4466 1457 4519 ἀλλὰ
1490 4465 1601 4519 τῶν
1645 4464 1767 4536 θείᾳ
1799 4465 2004 4534 κατοχῇ

417 4564 900 4637 κατειλημμένων.

502 4658 606 4712 Ἐν
627 4656 818 4727 ᾑμέρᾳ
840 4656 897 4709 δὲ
931 4650 1223 4721 κυριακῇ,
1255 4653 1354 4723 τῆς
1381 4650 1738 4714 ἀναστάσεως
1766 4646 2007 4721 Χριστοῦ

422 4752 771 4825 μνημόσυνον
816 4748 1115 4821 φερούσης,
1167 4745 1262 4816 ἀφ’
1310 4739 1372 4799 οὗ
1408 4746 1501 4800 καὶ
1537 4745 1688 4807 εἰκὸς
1719 4742 1873 4796 οὐδὲν
1901 4742 2011 4795 τῶν

420 4846 562 4917 πρὸς
610 4844 815 4918 νεαρὰν
845 4842 1138 4897 τεινόντων
1190 4838 1453 4909 ἀσχολίαν
1512 4836 1594 4908 τῷ
1637 4834 2015 4908 χρηματισμῷ

424 4936 988 5009 πεπραγματεῦσθαι.
1022 4934 1215 5007 Φωνὴν
1247 4932 1303 4987 δὲ
1335 4918 1745 4997 ὡς’σάλπιγγος
1782 4926 2015 4980 ὀπισθα-

424 5031 750 5101 κουσθῆναι,
782 5030 864 5093 είς
893 5028 956 5081 τὸ
1013 5025 1279 5098 διάπυρόν
1306 5041 1366 5077 τε
1397 5022 1494 5079 καὶ
1543 5020 1868 5092 διαπρύσιον
1915 5018 2016 5087 τῆς

425 5125 763 5195 ἁπηχήσεως
811 5108 1167 5192 χρεωστικῶς
1199 5119 1282 5181 είς
1334 5117 1518 5170 πᾶσαν
1560 5112 1891 5183 Ἐκκλησίαν
1929 5112 2018 5165 δο-

426 5218 612 5289 θῆναι.
658 5215 831 5269 Ἑπτὰ
867 5214 925 5268 δὲ
968 5213 1127 5285 μόναι
1179 5209 1504 5282 Ἐκκλησίαι
1547 5204 1637 5272 αἷς
1669 5206 2016 5279 προστάσσε-

424 5329 519 5366 ται
550 5309 768 5383 γράψας
793 5306 862 5361 τὰ
892 5305 1202 5377 βλεπόμενα
1231 5300 1561 5370 διαπέμψαι,
1587 5300 1686 5370 ούχ
1714 5300 1797 5351 ὅτι
1826 5295 2019 5350 τοσαῦ-

426 5421 519 5457 ται
545 5404 603 5457 αἱ
630 5405 686 5455 ἐν
706 5401 865 5471 Ἀσίᾳ
883 5399 1091 5463 πόλεις,
1120 5396 1236 5451 ἀλλ’
1261 5396 1318 5448 ἐν
1343 5393 1582 5456 ἐκείναις
1612 5390 2018 5463 προστάσσεται

427 5497 590 5551 τοῦτο
615 5496 811 5558 ποιεῖν,
842 5493 919 5556 ὡς
964 5489 1258 5561 κατηκόοις
1290 5485 1615 5556 γενομέναις
1644 5483 1738 5538 τοῦ
1777 5483 2017 5551 εὐαγγε-

431 5589 591 5645 λικοῦ
626 5586 1009 5659 κηρύγματος.
1038 5584 1141 5635 Ἢν
1178 5580 1269 5634 καὶ
1306 5579 1403 5651 (ὡς
1427 5576 1769 5647 πλατύτερον
1802 5574 2021 5645 εἴρηται

434 5684 569 5755 περὶ
596 5679 825 5751 τούτων)
873 5677 965 5732 διὰ
1015 5676 1076 5729 τὸ
1104 5673 1198 5728 τοῦ
1260 5668 1625 5742 ἑϐδοματικοῦ
1671 5666 1910 5737 ἀριθμοῦ
1941 5664 2021 5735 τῷ

437 5777 670 5847 παρόντι
700 5771 927 5844 φθαρτῷ
957 5769 1116 5824 αἰῶνι
1157 5766 1465 5836 σύστοιχον,
1504 5762 1885 5823 καταντῶντος
1931 5758 2027 5829 δηα

436 5867 571 5935 λαδὴ
606 5867 684 5930 εἰς
711 5866 802 5918 τὸν
841 5858 1217 5927 σαϐϐατισμδν
1275 5856 1369 5909 καὶ
1407 5854 1503 5908 τοῦ
1548 5852 1839 5923 μέλλοντος
1887 5847 2021 5906 αἰῶ-

2011 1866 2061 1925 Β

2730 1642 2963 1701 CAPUT
2996 1641 3066 1699 ιι.

2098 1776 2247 1834 Visio
2273 1780 2328 1836 in
2349 1797 2455 1851 qua
2480 1780 2666 1837 Iesum
2686 1783 2815 1838 vidit
2838 1791 2893 1837 tn
2922 1785 3098 1839 medio
3122 1795 3314 1853 septem
3336 1782 3687 1838 candelabro-

2806 1871 2867 1907 ru
2875 1872 2921 1907 m
2930 1895 2940 1911 .

2162 1989 2204 2053 Ι,
2239 1989 2396 2059 9-11.
2449 1987 2559 2059 Ego
2582 1988 2820 2043 Joannes
2845 1989 3016 2058 frater
3041 1999 3208 2044 vester
3235 1999 3283 2044 et
3322 1988 3587 2059 particeps
3632 1988 3688 2041 in

2094 2082 2375 2153 aﬂlictione
2404 2091 2453 2136 et
2476 2098 2635 2152 regno
2665 2100 2728 2137 ac
2760 2083 3024 2153 patientia
3052 2100 3146 2152 per
3179 2081 3452 2138 Christum
3475 2080 3684 2142 Jesum,

2092 2173 2178 2243 fui
2210 2174 2263 2226 in
2294 2174 2471 2227 insula
2495 2191 2612 2244 qua:
2640 2175 2946 2244 appellatur
2971 2174 3210 2239 I’atmos,
3245 2183 3459 2243 propter
3485 2188 3685 2225 sermo-

2092 2282 2209 2318 nem
2249 2264 2349 2319 Dei
2373 2274 2419 2319 et
2450 2268 2808 2320 testimonium
2830 2265 2962 2320 Jesu
2991 2264 3216 2320 Christi.
3258 2265 3359 2318 Fui
3394 2266 3448 2316 in
3475 2262 3685 2331 Spiritu

2097 2356 2377 2409 Dominico
2412 2356 2518 2419 die,
2542 2366 2591 2410 et
2619 2358 2798 2411 audivi
2823 2367 2937 2426 post
2969 2373 3048 2410 me
3080 2372 3253 2409 vocem
3294 2344 3540 2424 magnam
3574 2362 3690 2405 tan-

2094 2463 2254 2517 quam
2286 2452 2423 2501 tubw
2454 2448 2677 2501 dicentis
2711 2449 2907 2514 :Quod
2956 2449 3097 2502 vides
3148 2447 3317 2501 scribe
3342 2447 3399 2498 in
3434 2444 3593 2509 libro,
3634 2456 3685 2496 et

2094 2540 2245 2594 mitte
2282 2550 2478 2611 septem
2515 2538 2766 2595 Ecclesiis
2788 2558 2906 2610 qua:
2928 2551 3050 2595 sunt
3079 2542 3136 2594 in
3166 2541 3317 2606 Asia,
3368 2535 3597 2605 Epheso.
3639 2544 3688 2588 et

2096 2629 2339 2701 Smyrna:
2353 2641 2401 2685 et
2427 2630 2708 2701 Pergamo,
2730 2642 2777 2684 et
2810 2631 3083 2702 Thyatirw
3108 2642 3155 2687 et
3184 2632 3467 2698 Sardibus,
3486 2643 3537 2688 et
3561 2632 3691 2688 Phi-

2094 2726 2402 2797 ladelpltiw,
2422 2738 2470 2781 et
2502 2726 2807 2781 Laodicew.

2153 2989 2399 3047 Fratrem
2423 2990 2665 3061 seipsum
2684 2997 2845 3045 vocat
2865 2995 2919 3044 et
2950 2989 3268 3059 participem
3295 2986 3349 3041 in
3374 2985 3693 3042 afﬂictioni-

2094 3084 2197 3140 bus
2237 3100 2375 3155 quas
2404 3092 2626 3154 propter
2653 3082 2745 3137 Dei
2792 3094 3104 3137 sermonem
3160 3087 3214 3133 et
3248 3079 3689 3148 praedicationem

2094 3192 2293 3248 passus
2344 3186 2430 3231 est
2474 3192 2504 3230 a
2532 3173 2976 3246 persecutoribus
3011 3171 3257 3241 pietatis:
3293 3170 3415 3225 ideo
3470 3186 3689 3241 quoque

2100 3268 2506 3324 condemnatus
2540 3275 2644 3329 est,
2680 3275 2736 3319 ut
2768 3265 2820 3317 in
2850 3262 3087 3317 insulam
3118 3260 3359 3315 Patmon
3403 3262 3688 3331 migraret.

2100 3360 2208 3415 Sed
2242 3357 2703 3429 quemadmodum
2746 3356 2798 3410 in
2840 3354 3225 3411 amictionibus
3244 3353 3515 3424 particeps
3562 3353 3681 3416 fuit,

2102 3450 2179 3504 ita
2212 3458 2266 3503 et
2295 3448 2349 3503 in
2382 3462 2550 3518 regno
2587 3446 2730 3517 quod
2769 3447 3011 3501 toleratae
3038 3459 3186 3501 nunc
3218 3459 3319 3515 pro
3355 3442 3578 3499 Christo
3607 3441 3688 3495 af-

2099 3540 2368 3596 ﬂictiones
2416 3535 2739 3594 conciliant.
2776 3536 2833 3591 Si
2860 3535 3028 3606 igitur
3078 3534 3132 3589 in
3162 3534 3419 3591 omnibus
3447 3532 3691 3602 seipsum

2100 3647 2222 3690 esse
2251 3631 2573 3701 participem
2598 3628 2857 3692 ostendit,
2894 3641 3112 3697 mquum
3160 3632 3246 3679 est
3289 3634 3347 3678 ut
3377 3623 3541 3677 etiam
3586 3621 3693 3676 ﬁde

2101 3726 2301 3799 dignus
2333 3726 2599 3779 habeatur
2630 3724 2683 3777 in
2714 3722 2800 3776 his
2834 3735 2955 3791 qua:
2978 3735 3008 3774 a
3040 3735 3098 3774 se
3115 3718 3229 3773 visa
3247 3726 3374 3772 sunt
3402 3726 3456 3770 et
3484 3715 3692 3769 audita.

2173 3820 2403 3891 Propter
2431 3830 2723 3871 sermonem
2747 3812 2866 3867 Dei.
2902 3804 3223 3866 Sermonem
3242 3805 3337 3862 Dei
3359 3821 3425 3860 ac
3451 3805 3697 3859 testimo-

2104 3913 2259 3968 nium
2300 3910 2431 3967 dicit
2454 3907 2810 3978 Evangelium
2842 3903 2987 3973 quod
3012 3900 3253 3968 scripsit.
3285 3898 3470 3969 Ipsum
3511 3904 3695 3950 autem

2106 4008 2161 4062 in
2186 4006 2376 4060 Patmo
2405 4002 2582 4057 insula
2632 3998 2933 4067 relegatum
2983 3995 3155 4049 fuisse
3212 3992 3315 4048 sub
3367 3988 3698 4052 Domitiano,

2104 4106 2296 4153 auctor
2324 4104 2408 4151 est
2434 4090 2705 4148 Eusebius
2743 4085 3014 4157 Pamphili
3040 4086 3092 4139 in
3125 4084 3242 4139 suis
3270 4081 3588 4137 Chronicis.

2178 4271 2281 4326 Fui
2325 4270 2381 4323 in
2408 4267 2620 4338 spiritu.
2655 4263 2886 4318 Additur
2908 4260 2975 4315 In
3023 4260 3237 4330 spiritu,
3273 4272 3340 4313 eo
3376 4257 3522 4326 qttod
3566 4254 3700 4309 nihil

2109 4365 2255 4436 quod
2281 4363 2535 4416 humanae
2557 4357 2855 4413 obnoxium
2883 4362 2968 4408 est
3002 4350 3317 4406 necessitati
3336 4349 3548 4403 ellicnre
3570 4362 3696 4416 pos-

2112 4456 2184 4512 sit
2214 4444 2852 4513 manifestationem,sed
2887 4459 3011 4514 qua:
3047 4441 3235 4497 divino
3280 4437 3488 4494 affectu
3528 4451 3699 4491 occu-

2040 4584 2084 4638 D
2114 4554 2280 4638 paulu
2292 4560 2335 4598 r.

2188 4634 2467 4691 Dominico
2499 4633 2608 4687 die.
2646 4628 2752 4697 Qui
2787 4626 3045 4683 videlicet
3080 4622 3399 4679 memoriale
3435 4620 3596 4677 affert
3612 4635 3704 4675 re-

2116 4726 2482 4787 surrectionis
2511 4724 2739 4780 Christi.
2770 4720 2935 4792 655
2969 4718 3047 4773 Ex
3069 4733 3182 4789 quo
3211 4718 3374 4772 etiam
3406 4715 3707 4771 verisimile

2120 4832 2206 4879 est.
2241 4820 2381 4876 nihil
2407 4833 2597 4875 eorum
2628 4830 2752 4887 quae
2795 4815 2863 4869 ad
2914 4826 3120 4867 novum
3167 4818 3403 4877 vergunt
3453 4808 3698 4863 studium

2117 4916 2338 4969 oraculo
2361 4910 2607 4966 tractari.
2664 4908 2871 4964 Vocem
2938 4911 3121 4959 autem
3175 4912 3436 4971 tanquam
3480 4900 3626 4954 tubae
3676 4914 3709 4952 a

2118 5018 2271 5078 tergo
2302 5006 2542 5061 auditam
2580 5001 2751 5057 fuisse
2782 4998 2985 5063 innuit,
3013 5011 3078 5051 eo
3116 4996 3261 5065 quod
3294 5010 3417 5049 acer
3450 5009 3513 5047 ac
3540 5006 3711 5062 pene-

2122 5101 2353 5156 trativus
2370 5111 2539 5153 sonus
2552 5101 2857 5165 opportune
2872 5091 3080 5144 missus
3103 5089 3173 5142 sit
3193 5087 3261 5141 ad
3284 5100 3503 5140 omnem
3524 5083 3699 5136 Eccle-

2121 5194 2281 5250 siam.
2310 5190 2483 5246 Porro
2515 5196 2723 5257 septem
2767 5192 2980 5238 tantum
3013 5179 3267 5236 ecclesiis
3304 5178 3522 5231 mittere
3546 5174 3705 5242 jube-

2122 5296 2211 5341 tur
2246 5284 2455 5354 scripta
2483 5296 2605 5352 quae
2626 5277 2779 5341 vidit,
2812 5289 2919 5329 non
2947 5272 3093 5343 quod
3123 5270 3348 5325 totidem
3367 5268 3477 5323 sint
3505 5266 3559 5319 in
3572 5265 3710 5319 'Asia

2122 5379 2394 5442 civitates,
2416 5376 2510 5432 sed
2545 5374 2653 5429 illis
2671 5372 2730 5443 ju
2741 5375 2897 5425 betur
2915 5369 3030 5422 haac
3061 5366 3296 5427 mittere,
3318 5370 3377 5415 ut
3406 5373 3528 5430 quae
3544 5372 3706 5412 evan-

2124 5474 2354 5545 gelicam
2388 5466 2836 5542 praedicationem
2872 5466 3250 5530 susceperant.
3280 5455 3389 5509 Aut
3417 5452 3583 5507 etiam
3616 5466 3709 5505 ve-

2126 5568 2226 5623 luti
2258 5565 2419 5620 latins
2444 5563 2511 5618 de
2552 5561 2637 5616 his
2680 5558 2885 5614 dictum
2914 5562 3018 5618 est,
3051 5565 3118 5606 eo
3143 5547 3291 5620 quod
3318 5560 3581 5599 numerus
3622 5557 3711 5598 se-

2126 5662 2411 5733 ptenarius
2440 5663 2706 5725 cognatus
2727 5650 2797 5706 sit
2834 5648 2960 5703 huic
2998 5640 3340 5712 corruptibili
3372 5636 3593 5702 saiculo,
3627 5652 3713 5690 re-

2128 5731 2405 5823 spondens
2431 5749 2599 5802 etiam
2640 5740 2851 5813 requiei
2896 5736 3069 5793 futuri
3099 5732 3309 5791 saeculi.
3336 5731 3459 5786 Ideo
3493 5742 3715 5799 quoque

2131 5819 2339 5916 septem
2372 5840 2541 5899 cazlos
2572 5854 2637 5893 ac
2659 5842 2867 5906 septem
2901 5829 3123 5901 angelos
3150 5824 3364 5901 caeteris
3399 5819 3716 5887 superiores
