4102 6420
427 395 534 462 517

1500 385 1887 448 COMMENT.
1931 385 2015 447 IN
2054 383 2584 448 APOCALYPSIN.

3589 387 3693 454 518

432 520 549 559 σου’
591 521 611 558 ι
649 501 770 567 καὶ,
809 519 830 553 ι
880 499 940 555 ’0
967 495 1247 568 φωτισμδς
1277 493 1372 549 τοῦ
1421 495 1717 566 προσώπου
1751 513 1868 560 σου,
1897 496 2010 548 Κύ-

2117 511 2138 547 ι
2179 496 2381 550 Emitte
2410 495 2587 550 lucem
2620 505 2769 551 tuam
2797 503 2855 551 ct
2879 496 3164 551 veritatem
3195 504 3346 553 tuam
3378 517 3393 556 :
3424 517 3443 551 ι
3472 509 3527 555 ct
3564 521 3582 554 ι
3621 504 3692 557 il-

431 613 542 665 ριε,
572 594 670 648 τοῦ
721 590 1047 664 φωτίζοντος
1081 591 1206 652 τοὺς
1257 591 1482 654 πιστοὺς
1529 588 1756 658 νοητῶς.
1814 607 1833 640 ›
1866 589 2012 643 Μετ-

431 683 594 755 όχους
614 682 708 737 οὖν
736 682 1062 752 γενομένους
1083 678 1327 735 τοιούτου
1360 679 1538 750 φωτὸς
1554 716 1570 742 ,
1597 678 1855 748 φωτίζειν
1879 693 2014 749 προ-

442 781 695 846 τρέπεται
716 773 916 838 αὐτοὺς
944 772 1024 842 τῷ
1043 772 1142 839 τῆς
1179 770 1513 840 θεογνωσίας
1545 769 1708 840 φωτί.

504 947 770 1018 Χρυσᾶς.
811 947 1034 1018 Χρυσᾶς
1075 963 1210 1018 φησι
1261 945 1603 1018 χρηματίσαι
1638 945 1736 1008 τάς
1765 946 2011 1016 λυχνίας,

434 1039 527 1092 διὰ
554 1040 613 1091 τὸ
645 1037 824 1106 τίμιον
859 1038 954 1090 καὶ
987 1038 1286 1107 ὑπεραῖρον
1313 1035 1422 1090 τῶν
1464 1036 1812 1103 ἀξιωθέντων
1857 1036 2015 1103 δέξα-

439 1132 563 1185 σθαι
584 1130 648 1184 τὸ
670 1131 813 1184 θεῖον
837 1129 1019 1192 σέλας.
1047 1129 1111 1182 Οἳ
1139 1130 1234 1184 καὶ
1270 1129 1561 1200 φωστῆρες
1591 1131 1734 1184 κατὰ
1750 1129 1844 1183 τὸν
1861 1128 2013 1184 Παῦ-

433 1224 526 1276 λον
558 1221 871 1296 ἐκλήθησαν
912 1220 1070 1290 λόγον
1111 1221 1262 1293 ζωῆς
1307 1221 1543 1292 ἔχοντες,
1586 1221 1780 1294 ὥσπερ
1830 1221 1928 1276 καὶ
1955 1222 2011 1276 al

430 1314 649 1386 λυχνίαι
681 1315 866 1386 ὄχημα
897 1314 1108 1385 λύχνων
1134 1311 1316 1381 οὖσαι,
1347 1315 1511 1370 αὑταὶ
1544 1315 1644 1386 μὲν
1691 1314 1752 1380 ἑξ
1799 1316 2012 1371 ἑαυτῶν

431 1407 536 1459 οὐκ
561 1406 744 1478 έχουσι
773 1407 911 1477 φῶς.
938 1407 1190 1461 κοινωνοὶ
1219 1408 1276 1461 δέ
1314 1406 1432 1478 πῴς
1461 1410 1570 1462 εἰσι
1599 1409 1707 1462 τῶν
1751 1409 2013 1479 φωτίζειν

436 1499 537 1570 ἀφ’
563 1498 774 1554 ἑαυτῶν
803 1498 1103 1569 λαχόντων.

510 1678 621 1734 Kal
649 1678 720 1732 ἐν
742 1677 913 1749 μέσῳ
953 1677 1074 1733 τῶν
1118 1679 1270 1736 ἑπτὰ
1320 1683 1590 1750 λυχνιῶν
1627 1682 1839 1753 ὅμοιον
1902 1682 2015 1750 Υίῷ

429 1771 772 1841 ἀνθρώπου.
819 1773 908 1826 Ἐν
943 1773 1098 1844 μέσῳ
1135 1775 1244 1828 τῶν
1273 1775 1415 1829 ἑπτά
1438 1776 1669 1847 λυχνιῶν
1689 1779 1875 1848 ὅμοιον
1900 1776 2015 1848 Υἱῷ

431 1862 748 1934 ἀνθρώπου,
803 1863 881 1928 ὡς
933 1865 1408 1936 ἐπαγγειλάμενον
1457 1868 1662 1940 δηλαδὴ
1709 1871 2015 1941 ἐνοικήσειν

435 1953 531 2006 καὶ
563 1955 1044 2026 ὲμπεριπατήσειν
1096 1959 1156 2010 ὲν
1191 1958 1346 2028 ἡμῖν,
1398 1958 1489 2014 τὸν
1545 1960 1643 2015 καὶ
1699 1961 1893 2015 ἑαυτὸν
1941 1962 2012 2016 δι’

433 2046 583 2115 ἡμᾶς
600 2046 1012 2103 ταπεινώσαντα
1037 2049 1166 2121 ἄχρι
1189 2051 1288 2121 τῆς
1309 2049 1403 2104 τοῦ
1431 2050 1619 2105 δούλου
1644 2053 1884 2124 μορφῆς,
1919 2055 2015 2109 καὶ

433 2139 728 2210 γενόμενον
792 2141 1016 2213 καρπὸν
1070 2142 1309 2214 γαστρὸς
1338 2144 1438 2212 τῆς
1490 2146 1871 2218 ἀπιρογάμου
1911 2166 2016 2218 μη·

434 2229 581 2298 τρός.
617 2231 850 2303 Ποδήρει
897 2233 955 2287 δὲ
1004 2235 1166 2288 αὐτὸν
1201 2235 1588 2307 περιεστάλθαι
1618 2238 1714 2293 καὶ
1741 2238 2013 2311 περιεζῶ-

435 2319 560 2372 σθαι
595 2321 731 2392 πρὸς
790 2323 899 2385 τοῖς
933 2325 1164 2393 μαστοῖς
1211 2324 1288 2389 ὡς
1339 2326 1490 2396 ίερία
1529 2327 1684 2397 φησὶ,
1717 2328 1862 2381 κατά
1914 2327 2014 2397 τὴν

432 2411 588 2476 τάξιν
611 2412 973 2482 Μελχισεδὲκ,
1023 2416 1084 2469 ού
1131 2416 1273 2470 κατά
1309 2418 1412 2489 τὴν
1441 2417 1596 2484 τάξιν
1635 2419 1862 2488 Ἀαρὼν,
1889 2421 2014 2474 ἐπεὶ

435 2503 513 2572 μὴ
540 2505 680 2558 κατά
710 2506 804 2558 τὸν
848 2507 1128 2572 Μωῦσέως
1160 2510 1327 2578 νόμον
1375 2512 1410 2582 ἡ
1453 2512 1551 2564 ἀπ’
1577 2512 1744 2566 αὑτοῦ
1775 2514 2016 2584 παραδε-

430 2592 636 2665 δομένη
697 2597 828 2667 ἡμῖν
861 2594 1113 2668 λατρεία,
1175 2599 1311 2654 ἀλλά
1337 2602 1481 2656 κατά
1535 2603 1634 2673 τὴν
1682 2605 2016 2674 Μελχισεδὲκ

430 2683 586 2750 τάξιν
617 2690 840 2762 νεαρὰν,
886 2693 1015 2762 περὶ
1052 2684 1112 2745 οὗ
1139 2694 1234 2748 καὶ
1268 2695 1481 2760 Παῦλος
1525 2697 1554 2748 ὁ
1597 2699 1740 2760 θεῖος
1767 2698 2012 2768 εἴρηκεν,

434 2778 700 2850 ἀρχιερέα
771 2779 867 2834 καὶ
942 2783 1241 2838 ἀπόστολον
1300 2784 1542 2840 δεδόσθαι
1595 2788 1726 2858 ἡμῖν
1781 2788 2015 2858 Χριστὸν

437 2869 829 2940 ἱερουργοῦντα
855 2873 1070 2940 ἑαυτὸν,
1103 2877 1198 2929 καὶ
1229 2876 1584 2948 προσάγοντα
1610 2877 1688 2948 τῷ
1710 2879 1889 2950 Πατρὶ
1917 2880 2015 2934 καὶ

432 2960 514 3032 τῷ
540 2962 818 3034 Πνεύματι
847 2966 945 3038 τὴν
983 2969 1262 3042 ἡμετέραν
1292 2971 1391 3041 τῆς
1435 2972 1673 3037 πίστεως
1700 2972 2014 3044 ὁμολογίαν.

505 3053 617 3108 Kal
654 3055 1124 3128 περιεζωσμένον
1163 3063 1316 3130 πρὸς
1366 3063 1492 3130 τοῖς
1539 3065 1818 3132 μαστοῖς.
1870 3066 2014 3138 Πρὸς

432 3145 548 3208 τοῖς
600 3150 826 3214 μαστοῖς
875 3149 932 3204 δὲ
981 3152 1444 3224 περιεζωσμένον,
1500 3155 1615 3211 ἀλλ’
1659 3157 1721 3212 ού
1759 3157 1894 3229 πρὸς
1947 3161 2012 3232 τῇ
2046 3183 2090 3244 C

433 3236 620 3305 ὀσφύϊ,
671 3241 753 3294 ὅτι
802 3243 938 3312 μηδὲ
987 3244 1244 3310 ὲπίϐατος
1301 3242 1456 3313 οὗτος
1506 3252 1628 3314 ταῖς
1677 3251 1782 3305 ὑπὸ
1819 3256 2019 3326 γαστρὶ

437 3327 706 3398 ὀρέξεσιν,
754 3331 821 3396 ἀς
868 3336 1296 3407 περιεσφίγχθαι
1328 3342 1441 3402 τοῖς
1475 3338 1659 3405 ἄλλοις
1709 3343 2016 3414 ἀνθρώποις

444 3420 728 3492 σωτήριον.
780 3425 882 3479 Διά
938 3426 1096 3482 τοῦτο
1147 3429 1267 3482 οὐδὲ
1305 3430 1445 3500 πρὸς
1473 3431 1554 3504 τῷ
1613 3433 1689 3506 μὴ
1735 3435 2018 3506 ἀπροσίτῳ

439 3512 662 3578 ταύταις
694 3518 868 3588 μορίῳ
893 3517 980 3574 διά
1003 3519 1095 3574 τὸν
1111 3521 1286 3593 τούτῳ
1312 3527 1850 3595 συμπεφυκότα,κᾶν
1879 3528 2020 3600 ὑπὲρ

437 3602 597 3671 λόγον
639 3606 790 3672 Θεὸν,
841 3609 977 3680 πρὸς
1022 3611 1101 3682 τῷ
1143 3615 1330 3684 στήθει
1365 3615 1423 3670 δὲ
1487 3617 1583 3670 καὶ
1632 3619 1745 3682 τοῖς
1801 3619 2016 3690 μαζοίς,

435 3694 588 3760 ὅπως
619 3699 714 3752 καὶ
742 3699 804 3752 τὸ
844 3701 1074 3773 ἄσχετον
1101 3704 1201 3777 τῆς
1229 3705 1446 3772 δικαίας
1479 3709 1572 3762 καὶ
1601 3709 1753 3774 θείας
1781 3711 1954 3782 ὀργῆς
1985 3713 2018 3784 ἡ

437 3786 823 3858 φιλανθρωπία
865 3794 1183 3866 συνέχηται,
1219 3800 1314 3853 καὶ
1365 3801 1398 3868 ἡ
1429 3801 1530 3865 τὰς
1579 3801 1674 3855 δύο
1706 3804 2016 3873 Διαθήκας,

437 3877 561 3947 ἤτοι
591 3881 714 3944 τοὺς
739 3883 1103 3950 Δεσποτικοὺς
1134 3887 1342 3958 μαζοὺς
1371 3889 1639 3959 ζωννῦσα,
1674 3893 1858 3966 δειχθῇ
1885 3895 2019 3966 ἀλή-

436 3967 582 4036 θεια,
631 3971 698 4023 δι’
747 3965 821 4026 ὧν
846 3975 939 4028 καὶ
979 3978 1028 4030 οἱ
1079 3980 1260 4035 πιστοὶ
1293 3980 1604 4052 τρέφονται.
1657 3965 1794 4057 Περὶ⁴
1829 3965 1892 4041 οὗ
1927 3965 2021 4042 καὶ

435 4060 678 4133 εἴρηται·
721 4083 740 4116 ι
785 4067 978 4122 Ἔσται
1013 4069 1327 4146 δικαιοσύνῃ
1353 4074 1661 4146 ὲζωσμένος
1697 4077 1799 4151 τὴν
1847 4079 2021 4149 ὀσφὺν

437 4153 628 4221 αὐτοῦ,
681 4158 774 4211 καὶ
823 4159 1053 4233 ἀληθείᾳ
1101 4163 1433 4235 ἡλειμμένος
1481 4167 1580 4232 τάς
1633 4169 1872 4241 πλευρὰς
1916 4172 2019 4225 αύ-

436 4247 554 4302 τοῦ.
593 4269 612 4302 ι
644 4252 972 4327 Δικαιοσύνη
994 4256 1051 4310 δὲ
1076 4257 1176 4328 τὴν
1202 4259 1396 4328 ὀσφὺν,
1424 4260 1504 4332 τῷ
1536 4261 1612 4334 μὴ
1644 4263 2021 4336 ύπερὸἀομιον

437 4337 541 4409 τῆς
583 4340 807 4414 λογικῆς
834 4345 1094 4416 φέρεσθαι
1125 4348 1360 4418 φύσεως.
1401 4353 1655 4426 Ἀληθείᾳ
1677 4355 1736 4409 δὲ
1767 4355 2021 4426 ὴλεῖφθαι

437 4432 539 4495 τὰς
581 4433 824 4506 πλευρὰς
857 4437 988 4491 ὡσεὶ
1044 4439 1208 4512 ἐλαίῳ
1256 4441 1406 4514 θείῳ,
1454 4443 1530 4514 τῷ
1580 4445 1640 4498 τὸ
1691 4445 1889 4513 ἀληθὲς
1920 4447 2020 4518 τῆς

2116 585 2403 639 luminatio
2423 585 2608 639 vultus
2639 586 2743 650 tui,
2769 584 3019 650 Domine,
3040 601 3164 656 qua:
3195 587 3556 658 spiritualiter
3571 607 3695 646 cre-

2114 677 2305 732 dentes
2332 675 2624 731 illuminat.
2645 677 2692 709 ”
2725 694 2744 728 ι
2776 675 2884 732 Eos
2915 692 3045 748 ergo
3075 678 3168 746 qui
3209 678 3522 748 huiusmodi
3553 681 3696 738 lucis

2113 767 2408 837 participes
2428 766 2608 823 effecti
2629 777 2779 834 sunt,
2803 769 3126 824 exhortatur
3150 777 3210 825 ut
3237 771 3371 827 alios
3387 771 3697 829 illuminent

2115 857 2238 914 luce
2263 859 2462 914 divina:
2501 859 2859 930 cognitionis.

2184 951 2382 1006 Aurea.
2415 950 2593 1007 Aurea
2635 951 2766 1007 dicit
2792 953 3090 1008 constituta
3120 953 3292 1012 fuisse
3331 957 3692 1024 candelabra,

2115 1048 2336 1108 propter
2367 1039 2596 1108 pretium
2633 1050 2687 1095 et
2707 1041 3086 1096 excellentiam
3126 1059 3315 1099 eorum
3346 1047 3438 1116 qui
3481 1063 3697 1103 merue-

2115 1136 2243 1183 runt
2267 1128 2504 1182 divinam
2533 1130 2815 1199 suscipere
2845 1130 3022 1186 lucem
3054 1133 3184 1201 :qui
3207 1133 3371 1188 etiam
3401 1135 3694 1192 luminaria

2119 1233 2150 1273 a
2180 1218 2345 1274 Paulo
2365 1220 2508 1276 dicta
2535 1230 2684 1289 sunt,
2703 1221 2880 1278 lucem
2904 1224 3030 1278 vita!
3057 1225 3312 1281 habentia
3332 1227 3695 1297 quemadmo-

2113 1311 2243 1366 dum
2269 1321 2321 1368 et
2340 1313 2668 1370 candelabra
2687 1315 2989 1372 vehiculum
3011 1326 3139 1371 sunt
3168 1318 3514 1374 lucernarum
3534 1337 3549 1386 ;
3568 1336 3692 1376 nam

2114 1400 2230 1456 ltzec
2245 1416 2311 1456 ex
2335 1401 2530 1472 seipsis
2559 1403 2860 1476 lucemjnon
2880 1406 3098 1470 habent,
3130 1408 3223 1462 sed
3249 1409 3542 1480 participes
3558 1425 3696 1480 quo-

2113 1491 2405 1548 dammodo
2435 1504 2562 1549 sunt
2589 1510 2780 1553 eorum
2821 1513 2940 1567 quae
2968 1512 2999 1552 a
3040 1498 3235 1568 seipsis
3271 1500 3470 1556 habent
3503 1509 3565 1556 ut
3609 1501 3697 1558 luo

2113 1594 2293 1638 ceam.

2184 1674 2252 1730 Et
2273 1677 2325 1730 in
2339 1679 2505 1732 medio
2521 1689 2714 1748 septem
2727 1681 3166 1736 candelabrorum
3199 1685 3296 1738 sim
3305 1684 3425 1739 item
3446 1684 3588 1740 Filio
3604 1686 3697 1741 Ito-

2114 1765 2296 1820 minis.
2343 1765 2626 1838 Tanquam
2645 1770 2896 1825 videlicet
2911 1771 3322 1828 denuntiantem
3341 1775 3488 1845 quod
3517 1777 3570 1830 in
3592 1791 3694 1832 nos

2049 1847 2092 1902 Β
2119 1855 2391 1912 inhabitet
2414 1873 2479 1914 ac
2515 1860 2857 1916 inambulet:
2892 1863 3171 1930 quietiam
3198 1865 3440 1934 seipsum
3487 1867 3695 1924 dimisit

2115 1963 2288 2019 usque
2314 1949 2382 2004 ad
2401 1948 2635 2006 formam
2660 1953 2828 2015 servi,
2855 1951 3144 2025 factusque
3163 1966 3246 2010 est
3266 1956 3476 2014 fructus
3489 1959 3695 2015 ventris

2113 2039 2236 2110 ejus
2264 2041 2455 2097 matris
2481 2058 2602 2112 qua:
2634 2044 2893 2114 nuptialis
2935 2047 3157 2101 thalami
3205 2064 3401 2119 expers
3431 2059 3571 2106 erat.
3596 2053 3690 2106 Ait

2112 2145 2330 2201 quoque
2357 2147 2480 2187 eum
2503 2135 2758 2190 vestitum
2806 2135 2976 2192 fuisse
3007 2150 3154 2193 veste
3176 2140 3353 2207 talari,
3375 2149 3429 2195 et
3461 2142 3692 2211 praecin-

2115 2230 2262 2278 ctum
2294 2222 2359 2278 ad
2399 2225 2667 2279 mamillas
2699 2235 2954 2296 tanquam
2979 2231 3311 2283 sacerdotem
3343 2230 3497 2300 juxta
3541 2231 3695 2286 ordi-

2114 2329 2240 2370 nem
2308 2313 2706 2384 Melchisedec,
2769 2334 2881 2374 non
2943 2320 3102 2390 juxta
3145 2324 3396 2378 ordinem
3453 2323 3690 2379 Aaron:

2113 2407 2371 2474 quoniam
2413 2422 2522 2463 non
2557 2420 2642 2464 est
2685 2409 2840 2477 juxta
2890 2409 3024 2464 Mosi
3059 2412 3230 2482 legem
3263 2413 3439 2468 cultus
3483 2415 3575 2484 qui
3625 2415 3696 2468 ab

2114 2495 2231 2566 ipso
2281 2498 2442 2554 nobis
2497 2499 2728 2554 traditus
2782 2509 2886 2564 est,
2939 2501 3104 2573 657
3152 2503 3250 2557 sed
3284 2503 3440 2570 juxta
3492 2519 3693 2558 novum

2114 2588 2363 2644 ordinem
2422 2579 2780 2666 Qielchisedec
2810 2609 2824 2647 :
2855 2593 2922 2648 de
2968 2609 3078 2662 quo
3132 2597 3296 2649 etiam
3351 2596 3487 2650 dixit
3535 2597 3697 2652 divus

2112 2683 2312 2740 Paulus
2341 2685 2384 2716 ³¹
2421 2686 2738 2756 pontificem
2760 2695 2814 2742 et
2842 2689 3147 2756 apostolum
3171 2691 3356 2744 datum
3393 2691 3552 2747 nobis
3573 2704 3698 2745 esse

2115 2775 2424 2844 Christum,
2456 2779 2549 2848 qui
2584 2779 2824 2848 seipsum
2853 2779 2905 2832 in
2941 2781 3277 2835 sacrificium
3301 2782 3610 2843 obtulisset.
3641 2793 3697 2837 et

2116 2867 2516 2925 introduxisset
2543 2869 2610 2925 ad
2644 2869 2815 2926 Deum
2853 2869 3069 2926 Patrem
3103 2887 3168 2928 ac
3199 2871 3461 2943 Spiritum
3499 2885 3700 2930 nostra:

2113 2959 2239 3016 ﬁdei
2274 2960 2696 3018 confessionem.

2187 3051 2257 3106 Et
2283 3055 2629 3125 pracinctum
2657 3056 2727 3110 ad
2751 3057 3041 3114 mamilius.
3070 3057 3431 3115 Praecinctum
3469 3059 3536 3113 ad
3571 3074 3693 3114 ma-

2121 3143 2300 3201 millas
2331 3147 2484 3212 dicit,
2503 3162 2611 3202 non
2648 3158 2830 3204 autem
2869 3149 2936 3204 ad
2958 3150 3213 3206 lumbos:
3247 3152 3376 3220 quia
3401 3165 3576 3221 neque
3604 3151 3697 3205 hic

2121 3239 2297 3293 fertur
2327 3241 2756 3309 appetitionibus
2813 3258 2938 3310 quae
2969 3245 3072 3298 sub
3105 3251 3294 3298 ventre
3342 3253 3696 3313 generantur,

2120 3344 2258 3400 quas
2286 3333 2499 3388 caeteris
2528 3333 2846 3389 hominibus
2881 3334 3121 3388 salutare
3153 3344 3236 3389 est
3258 3349 3526 3390 coercere.
3561 3335 3695 3389 Prc-

2120 3430 2304 3492 pterea
2339 3439 2514 3495 neque
2540 3425 2608 3480 ad
2643 3441 2741 3482 eas
2766 3437 2951 3496 partes
2978 3427 3193 3483 cinctus
3217 3437 3300 3483 est
3339 3429 3405 3484 ad
3436 3445 3575 3498 quas
3605 3429 3694 3484 his

2119 3521 2306 3582 pateat
2335 3529 2594 3572 accessus
2629 3555 2645 3580 ,
2678 3531 2746 3571 co
2776 3517 2923 3587 quod
2958 3518 3100 3573 Deus
3124 3519 3208 3574 his
3232 3518 3493 3575 ineffabili
3525 3520 3689 3574 modo

2120 3604 2193 3659 sit
2214 3605 2494 3675 obseptus,
2521 3608 2616 3664 sed
2643 3607 2713 3663 ad
2745 3619 2934 3678 pectus
2960 3611 3325 3678 ctm'amillas,
3360 3620 3420 3665 ut
3443 3611 3693 3681 benigni-

2122 3699 2206 3748 tas
2227 3702 2284 3749 et
2305 3695 2621 3752 humanitas
2644 3697 2850 3768 justam
2873 3714 2938 3754 ac
2955 3699 3196 3754 divinam
3221 3699 3356 3753 iram
3387 3701 3690 3767 contineat,

2121 3801 2244 3856 quae
2270 3787 2493 3843 tolerari
2523 3803 2630 3844 non
2663 3800 2886 3860 posset:
2915 3801 2972 3846 et
3001 3792 3204 3846 veritas
3227 3791 3550 3846 ostendatur
3576 3807 3696 3862 qua:

2121 3877 2230 3933 duo
2253 3877 2423 3948 cingit
2451 3887 2796 3947 testamenta,
2839 3889 3102 3953 tanquam
3131 3883 3346 3938 Domini
3371 3883 3538 3938 ubera
3574 3884 3701 3954 qui-

2120 3969 2226 4026 bus
2257 3971 2443 4027 lideles
2471 3973 2725 4030 aluntur:
2757 3975 2825 4030 de
2841 3991 2952 4046 quo
2977 3977 3139 4031 etiam
3173 3977 3379 4033 dictum
3412 3987 3498 4033 est
3532 3995 3545 4032 :
3576 3995 3595 4029 ι
3637 3978 3702 4032 Et

2121 4060 2303 4130 cinget
2327 4061 2540 4131 justitia
2565 4063 2782 4119 lumbos
2805 4065 2945 4134 ejus,
2969 4075 3024 4120 et
3053 4066 3253 4122 veritas
3283 4068 3505 4137 inungct
3528 4068 3699 4124 latera

2119 4153 2242 4221 ejus
2275 4153 2318 4184 η
2353 4171 2374 4206 ι
2405 4151 2623 4209 Justitia
2669 4156 2888 4225 quidem
2914 4157 3086 4212 lumbi
3119 4160 3282 4214 cincti
3311 4161 3595 4225 dicuntur,
3632 4176 3701 4216 ne

2121 4244 2369 4300 ferantur
2408 4247 2464 4301 in
2499 4262 2789 4302 excessum
2826 4263 2991 4316 supra
3032 4250 3348 4306 rationalem
3390 4262 3642 4306 naturam
3683 4269 3698 4306 :

2122 4337 2349 4391 veritate
2386 4347 2567 4393 autem
2608 4339 2798 4408 juncta
2829 4339 2996 4395 latera
3032 4348 3292 4411 tanquam
3335 4341 3520 4396 divino
3550 4342 3698 4407 oleo,

2121 4443 2186 4484 eo
2213 4430 2360 4498 quod
2395 4432 2597 4487 veritas
2626 4432 2989 4489 humanitatis
3017 4434 3164 4490 circa
3195 4449 3350 4490 suam
3383 4445 3700 4491 creaturam

437 4525 570 4594 περὶ
614 4525 675 4579 τὸ
726 4528 926 4582 οἰκεῖον
977 4531 1202 4602 πλάσμα
1251 4534 1664 4607 φιλανθρωπίας
1707 4539 2018 4608 παρρησιά-

2126 4521 2295 4579 libere
2323 4531 2450 4594 agat
2490 4533 2544 4581 et
2573 4525 2848 4596 loquatur.

437 4613 575 4678 ζειν.

511 4702 721 4772 Ζώνην
769 4709 1032 4778 χρυσῆν.
1097 4712 1320 4785 Χρυσῆν
1363 4715 1462 4787 τὴν
1518 4715 1695 4788 ζώνην
1732 4718 1862 4790 ὅρα,
1912 4719 2020 4773 τῶν

437 4794 582 4848 κατά
606 4798 696 4850 τὸν
721 4800 884 4870 νόμον
909 4803 1312 4876 ίερέωνοφάρεσι
1341 4809 1781 4878 πεποικιλμένοις
1803 4811 2022 4882 χρωμέ-

435 4903 565 4941 νων.
615 4889 764 4944 Ἔδει
817 4893 926 4964 γὰρ
979 4896 1038 4948 τὸ
1086 4897 1344 4969 διάφορον
1387 4901 1621 4971 φανῆναι
1679 4900 1882 4957 δούλων
1927 4904 2022 4958 καὶ

439 4975 704 5044 σκιώδους
732 4981 897 5053 νόμου
929 4985 1022 5039 καὶ
1048 4987 1148 5056 τῆς
1177 4988 1454 5060 ἀληθείας.

530 5071 597 5124 Ἦ
637 5072 706 5126 δὲ
736 5075 974 5144 κεφαλὴ
1014 5079 1204 5133 αὑτοῦ
1245 5081 1341 5136 καί
1374 5083 1435 5134 ul
1455 5083 1655 5151 τρίχες
1679 5083 1917 5140 λευκαί.
1951 5084 2024 5140 Τὸ

435 5159 548 5229 γὰρ
579 5160 721 5214 κατὰ
745 5162 982 5232 Χριστὸν
1010 5167 1332 5237 μυστήριον,
1365 5169 1655 5240 τιμαλφὲς,
1696 5172 1790 5226 καὶ
1828 5175 1875 5227 εἰ
1907 5173 2024 5230 νέον

435 5253 506 5322 τῇ
555 5254 847 5326 ἐπιφανείᾳ
891 5257 988 5310 καὶ
1039 5257 1106 5310 δι’
1157 5261 1340 5331 ἡμᾶς,
1405 5261 1544 5317 ἀλλά
1597 5263 1923 5336 προαιώνιον
1956 5268 2024 5338 τῇ

437 5342 680 5416 εὐδοκία.
714 5346 804 5398 Διὸ
829 5349 920 5400 καὶ
943 5348 1154 5414 Παῦλός
1187 5368 1322 5421 φησι
1351 5353 1476 5425 περὶ
1509 5355 1674 5408 αὑτοῦ
1695 5373 1709 5389 υ
1745 5374 1764 5408 ι
1805 5357 1877 5410 Τὸ
1910 5374 2018 5426 μυ-

438 5437 664 5507 στήριον
693 5439 752 5492 τὸ
781 5440 1273 5514 ἀποκεκρυμμένον
1309 5447 1416 5500 ἀπὸ
1446 5449 1552 5502 τῶν
1578 5447 1811 5516 αἰώνων,
1835 5449 1930 5505 νῦν
1961 5451 2017 5503 δὲ

437 5530 756 5599 φανερωθὲν
801 5535 915 5598 τοῖς
971 5535 1148 5604 ἁγίοις
1196 5537 1383 5592 αὐτοῦ.
1428 5558 1447 5591 ι
1505 5540 1676 5596 Τοῦτο
1722 5542 1750 5597 ὃ
1788 5543 1822 5614 ἡ
1856 5542 2016 5598 πολιὰ

436 5617 564 5690 θρὶξ
594 5623 687 5676 καὶ
709 5623 840 5677 ὡσεὶ
867 5626 1001 5696 χιὼν
1033 5627 1416 5699 ὑποσημαίνει.

2201 4702 2351 4760 Zona
2379 4721 2563 4761 aurea.
2595 4705 2833 4761 Auream
2860 4706 3072 4763 intuere
3102 4723 3316 4774 zonam,
3347 4710 3705 4780 quemadmo-

2126 4795 2256 4851 dum
2276 4795 2476 4866 legales
2504 4796 2816 4854 sacerdotes
2841 4797 3018 4867 palliis
3045 4799 3337 4855 utebantur
3383 4803 3701 4873 variegatis.

2127 4886 2381 4958 Oportuit
2411 4889 2555 4943 enim
2584 4889 2957 4946 diversitatem
2989 4892 3325 4947 ntauifestari
3348 4893 3490 4948 inter
3513 4909 3704 4950 servos

2126 4981 2241 5036 sive
2270 4981 2440 5051 legem
2490 4981 2840 5038 umbratilem
2869 4991 2924 5038 et
2953 4985 3258 5039 veritatem.

2195 5073 2368 5145 Caput
2404 5089 2522 5130 vero
2555 5075 2670 5145 ejus
2709 5087 2759 5130 et
2813 5077 2997 5146 capilli
3040 5077 3164 5131 alba
3202 5088 3374 5134 erant.
3419 5079 3699 5150 Siquidem

2123 5167 2443 5240 mysterium
2475 5168 2529 5223 in
2568 5167 2789 5224 Christo
2847 5178 3126 5238 peractum
3178 5171 3526 5238 splendidum
3561 5181 3642 5224 est
3684 5186 3698 5223 :

2123 5269 2178 5316 et
2198 5274 2512 5330 quanquam
2539 5268 2789 5314 recenter
2819 5260 3132 5330 apparuerit
3154 5271 3378 5330 propter
3407 5278 3528 5328 nos,
3557 5272 3700 5317 atta-

2133 5367 2258 5407 men
2299 5349 2500 5406 decreti
2539 5350 2878 5421 beneplacito
2917 5350 3023 5406 fuit
3068 5360 3355 5408 aeternum.
3409 5354 3698 5423 Propterea

2123 5459 2341 5515 quoque
2362 5449 2438 5498 ait
2459 5442 2524 5498 de
2543 5443 2659 5514 ipso
2689 5443 2976 5514 Apostolus
2999 5461 3043 5499 τι
3070 5445 3382 5516 Mysterium
3407 5445 3550 5519 quod
3577 5449 3702 5504 abs-

2126 5537 2404 5591 conditum
2429 5534 2540 5592 fuit
2561 5550 2590 5591 a
2619 5535 2854 5602 srcculis,
2895 5552 3042 5593 nunc
3071 5547 3254 5593 autem
3292 5539 3699 5595 manifestatum

2129 5637 2217 5683 est
2249 5628 2455 5682 sanctis
2482 5629 2620 5698 ejus.
2649 5629 2726 5680 "i
2763 5630 2908 5702 quod
2926 5630 3174 5702 designat
3201 5647 3372 5690 canus
3395 5634 3624 5707 capillus
3648 5643 3702 5690 et

2131 5719 2186 5774 in
2213 5720 2432 5775 modum
2459 5721 2622 5777 nivis.

512 5823 559 5857 ι’
602 5823 746 5880 l‘sal.
775 5841 934 5894 Lxxv,
960 5827 1046 5896 42,
1079 5827 1168 5884 43.
1245 5829 1286 5861 ¹¹
1315 5827 1480 5887 llebr.
1524 5847 1622 5898 nx,
1656 5832 1706 5887 ι.
1783 5835 1829 5865 ³³
1907 5833 2004 5891 lsa.

2145 5835 2200 5890 5.
2277 5839 2322 5868 ’³
2350 5835 2560 5894 Coloss.
2594 5854 2633 5898 t.
2659 5839 2749 5894 26.
