4110 6406
542 361 646 429 519

548 570 789 639 speciem
824 584 935 640 pra:
961 585 1019 623 se
1058 569 1294 625 ferentes
1329 571 1382 624 in
1424 571 1648 626 modum
1692 572 1927 629 ﬂamma:
1956 593 1969 629 :
2005 576 2131 633 Ideo

541 661 703 715 etiam
731 660 1131 716 dicitChristus
1168 679 1181 715 :
1216 680 1234 712 ι
1267 663 1378 733 Ego
1396 677 1518 717 sum
1542 663 1635 718 lux
1667 666 1949 733 mundi“;
1985 687 2003 720 ι
2036 676 2131 723 aut

556 752 807 805 ardorem
838 762 898 805 et
928 752 1190 806 ultionem
1220 756 1621 811 comminantes
1655 759 1919 815 adversus
1943 760 2130 817 Eccle—

540 842 650 895 sias
680 841 745 895 ad
767 857 902 910 quas
936 842 1096 895 verba
1124 844 1473 901 revelatiouis
1503 850 1973 917 transmittuntur,
2000 862 2122 907 tan-

538 946 703 1001 quam
738 947 848 986 non
883 935 1092 1003 integre
1127 936 1243 990 suis
1275 937 1487 1007 legibus
1510 944 1919 1009 respondentes.

607 1111 677 1166 Et
720 1114 876 1183 pedes
906 1116 1021 1186 eius
1072 1117 1273 1173 similes
1319 1121 1706 1177 chatrolibano.
1763 1122 2129 1180 Animadver-

536 1204 757 1261 tendum
788 1216 874 1262 est
902 1208 1088 1265 Jesum
1125 1210 1295 1265 Deum
1327 1223 1380 1267 et
1410 1214 1684 1269 hominem
1711 1216 1874 1285 pedes
1907 1216 2128 1284 habere,

530 1294 690 1362 juxta
745 1298 992 1353 divinum
1046 1302 1225 1354 virum
1261 1300 1586 1372 Gregorium
1639 1304 1693 1358 in
1750 1306 2122 1370 sermonibus,

536 1389 664 1457 quia
691 1405 866 1460 neque
899 1393 1041 1446 nuda
1073 1394 1355 1447 divinitate
1386 1397 1451 1448 ad
1487 1411 1587 1451 nos
1610 1398 1875 1451 accedere
1904 1399 2128 1475 potuit,

538 1480 636 1535 sed
672 1497 767 1550 per
793 1498 1038 1539 carnem.
1067 1484 1238 1555 658
1268 1484 1439 1540 Porro
1473 1488 1657 1541 divina
1702 1499 1895 1542 natura
1929 1490 2131 1559 signiti-

536 1582 694 1625 catur
753 1588 850 1642 per
878 1573 1340 1642 chalcolibanum,
1375 1577 1519 1645 quod
1580 1592 1704 1632 vere
1736 1578 1853 1632 auri
1881 1579 2119 1647 speciem

542 1662 726 1727 habet,
790 1672 846 1719 et
899 1673 1119 1734 propter
1150 1667 1504 1721 seueritatem
1563 1667 1966 1736 prmdicationis
2008 1683 2131 1738 quae

538 1752 861 1821 suscipitur.
897 1752 1003 1807 Per
1025 1754 1188 1823 pedes
1211 1764 1395 1808 autem
1427 1756 1654 1822 Christi,
1684 1766 1738 1811 et
1768 1756 2128 1814 fundamenta

1371 365 1699 426 ΑΗΕΤΗᾸΞ
1741 366 2122 429 C/ESAREJE
2158 370 2644 433 CAPPADOCUE
2675 372 3013 434 EPISCOPI

514 471 524 485 ’
616 476 774 533 Oculi
809 492 926 532 vero
952 476 1116 546 ipsius
1147 484 1396 547 tauquam
1426 478 1647 546 ﬂamma
1689 480 1844 550 ignis.
1868 483 1975 536 Aut
2005 483 2141 539 lucis
2170 490 2217 549 Α

3715 382 3819 447 520

2326 484 2426 551 Ὠς
2470 486 2630 554 φλὸξ
2663 485 2731 539 δὲ
2770 485 2962 554 πυρὸς
2987 488 3042 538 οἱ
3088 486 3383 556 ὀφθαλμοί
3415 489 3635 545 αὐτοῦ.
3666 493 3736 546 "H
3767 496 3825 548 τὸ

2239 577 2531 645 φωτοειδὲς
2584 577 3027 647 παραδηλοῦντες
3072 576 3262 648 ὥσπερ
3290 581 3324 648 ή
3373 580 3511 649 φλὸξ
3546 581 3651 650 (διδ
3681 586 3774 637 καὶ
3798 588 3825 639 6

2237 669 2473 740 Χριστός
2504 686 2669 739 φησιν
2692 686 2704 699 ·
2745 687 2765 720 ι
2825 669 2967 738 Ἐγώ
3000 672 3115 740 εἰμι
3143 670 3206 723 τὸ
3236 671 3353 739 φῶς
3388 671 3489 725 τοῦ
3527 673 3818 745 κόσμου)·›

2239 759 2272 831 ἢ
2318 760 2381 813 τὸ
2440 762 2734 815 καυστικόν
2774 778 2835 814 τε
2903 762 2998 815 καὶ
3045 765 3417 833 τιμωρητικὸν
3477 766 3825 832 ἀπειλοῦντες

2237 849 2382 902 κατά
2424 849 2535 902 τῶν
2594 850 2954 920 Ἐκκλησιῶν,
3011 847 3099 914 αἷς
3148 854 3216 904 τά
3250 852 3349 921 τῆς
3399 853 3827 925 ’Δποκαλύψεως

2237 942 2629 1011 διαπέμπεται,
2686 942 2763 1007 ὼς
2801 944 2863 997 οὐ
2894 943 3077 998 τέλεον
3114 947 3230 1008 τοῖς
3268 944 3434 999 αὐτοῦ
3468 946 3661 1016 νόμοις
3704 949 3826 1003 ἀκο-

2238 1033 2581 1099 λουθούσαις.

2307 1127 2417 1181 Καὶ
2445 1130 2499 1181 οἱ
2530 1128 2715 1194 πόδες
2739 1128 2949 1191 αὑτοῦ,
2976 1128 3164 1197 ὅμοιοι
3185 1130 3633 1198 χαλκολιϐάνῳ.
3660 1134 3823 1199 Πόδας

2238 1218 2432 1290 ἔχοντα
2476 1221 2569 1273 τὸν
2620 1221 2971 1291 θεάνθρωπον
3020 1221 3230 1289 Ἰησοῦν
3254 1222 3563 1276 ἀκουστέον
3606 1225 3822 1278 ἀκολού-

2238 1312 2346 1375 θως
2383 1313 2462 1381 τῷ
2513 1311 2643 1383 θείῳ
2678 1313 2789 1366 τῶν
2820 1313 2996 1381 λόγων
3036 1314 3189 1385 ἀνδρί
3225 1314 3537 1385 Γρηγορίῳ,
3574 1316 3655 1368 ὅτι
3698 1318 3820 1387 μηδὲ

2238 1408 2421 1476 γυμνῇ
2452 1408 2518 1476 τῇ
2556 1405 2771 1474 θεότητι
2820 1406 2952 1476 ἡμῖν
2992 1406 3366 1476 ἐπεδήμησεν,
3414 1406 3559 1459 ἀλλά
3585 1408 3673 1459 διὰ
3700 1426 3824 1480 σαρ-

2238 1498 2354 1559 κός.
2384 1496 2484 1550 Διά
2510 1498 2609 1566 μὲν
2634 1499 2727 1552 τοῦ
2748 1498 2949 1567 χαλκοῦ
2969 1500 3320 1571 χρυσοειδοῦς
3352 1500 3529 1563 ὅντως
3561 1502 3659 1570 τῆς
3680 1501 3821 1566 θείας

2240 1587 2456 1656 φύσεως
2507 1589 2867 1661 δηλουμένης,
2923 1594 3019 1645 καὶ
3047 1592 3135 1644 διὰ
3183 1592 3245 1644 τὸ
3274 1592 3565 1663 ὴχητικδν,
3595 1591 3691 1645 τοῦ
3729 1611 3822 1666 κη-

2240 1678 2524 1751 ρύγματος
2571 1682 3075 1752 ὲκλαμὸανομένου.
3130 1684 3304 1747 [Ιόδας
3347 1684 3405 1737 δὲ
3458 1684 3558 1738 τοῦ
3596 1686 3818 1757 Χριστοῦ

2239 1773 2335 1826 καὶ⁸
2365 1772 2647 1844 θεμελίους
2677 1776 2777 1845 τῆς
2822 1776 3171 1847 Ἑκκλησίας,
3205 1778 3299 1832 καί⁵
3330 1777 3461 1840 τοὺς
3494 1776 3672 1841 θείους
3700 1780 3822 1831 ἀπο-

538 1840 795 1900 Εοειεείαι
823 1854 876 1899 et
905 1846 1070 1899 divini
1119 1848 1351 1917 apostoli
1387 1848 1690 1918 accipiendi
1738 1860 1885 1916 sunt,
1940 1852 2036 1921 qui
2074 1862 2128 1907 et

2235 1840 2461 1929 στόλους
2517 1840 2837 1935 ὲκληπτέον,
2891 1840 3167 1937 καθαροὺς
3224 1869 3323 1939 μὲν
3364 1869 3461 1923 καὶ
3514 1870 3710 1933 αὐτοὺς
3750 1871 3819 1941 τῷ

538 1935 640 2003 ipsi
669 1937 789 2005 puri
817 1937 1025 1991 ostensi
1056 1949 1183 1992 sunt
1212 1939 1333 2009 igue
1357 1941 1792 2005 tribulationum,
1816 1958 2129 2013 quanquam

537 2040 647 2079 non
668 2036 858 2081 exacte
884 2028 929 2081 si
951 2028 1017 2082 ad
1044 2029 1188 2083 hunc
1201 2028 1554 2085 conferantur
1579 2050 1592 2084 :
1623 2032 1718 2086 sed
1739 2041 1921 2087 tamen
1948 2049 2132 2103 quem-

537 2115 830 2169 admodum
891 2117 1152 2187 magister
1220 2133 1411 2173 eorum
1485 2119 1738 2178 Christus
1818 2122 2131 2180 Iudaeorum

536 2207 902 2272 contumacia,
945 2207 1020 2261 ita
1049 2215 1105 2262 et
1139 2208 1192 2261 hi
1226 2210 1473 2279 gentium
1510 2210 1794 2267 ferocitate
1823 2213 2120 2282 suiexplo-

538 2298 808 2352 rationem
838 2308 1099 2369 tanquam
1132 2316 1229 2371 per
1258 2302 1438 2371 ignem
1468 2302 1939 2359 demonstrarunt.
1968 2304 2127 2371 Quod

537 2399 718 2446 autem
748 2399 802 2445 et
828 2392 1079 2448 ChriStus
1109 2394 1181 2447 sit
1214 2393 1628 2450 fundamentum
1654 2398 1812 2452 divus
1838 2398 2133 2468 Apostolus

538 2482 737 2539 asserit
763 2483 1011 2540 scribens
1040 2484 1110 2539 ad
1145 2484 1485 2551 Corinthios,
1529 2487 1636 2542 fide
1657 2489 1857 2558 dignus
1886 2492 1982 2560 qui
2030 2506 2132 2546 suo

540 2589 796 2629 sermone
828 2573 990 2628 fidem
1030 2576 1109 2631 rei
1141 2574 1305 2630 faciat
1335 2595 1379 2632 ιι
1425 2575 1889 2649 Fundameuttun,
1934 2582 2131 2652 inquit,

539 2664 689 2719 aliud
730 2680 889 2719 nemo
928 2674 1104 2736 potest
1124 2682 1324 2735 ponere
1372 2678 1572 2739 praeter
1594 2672 1647 2726 id
1703 2675 1846 2742 quod
1890 2674 2132 2743 positum

539 2763 643 2822 est,
672 2756 819 2826 quod
853 2765 936 2812 est
966 2758 1320 2815 Christus)“:
1349 2759 1799 2819 Chalcolibanum
1826 2780 1953 2821 vero
1974 2766 2129 2833 dicit,

540 2847 656 2903 sive
687 2848 741 2902 in
769 2858 953 2905 monte
987 2850 1195 2906 Libano
1230 2852 1591 2909 fabrefactum
1630 2874 1642 2909 :
1676 2858 2121 2929 quandoquidem

542 2938 672 2993 huic
701 2940 1041 2997 assimilatur
1085 2944 1133 3000 is
1167 2944 1258 3015 qui
1293 2946 1609 3003 incarnatus
1640 2959 1762 3003 est:
1816 2950 1931 3006 sive
1963 2951 2128 3007 etiam

539 3032 922 3103 intelligendus
939 3044 1023 3090 est
1041 3036 1257 3093 libanus
1280 3041 1405 3095 reris
1424 3042 1662 3111 speciem
1688 3043 1915 3108 habens,
1957 3059 2127 3115 quem

540 3125 739 3179 medici
759 3127 1066 3181 masculum
1109 3130 1404 3199 appellant,
1429 3132 1521 3201 qui
1541 3140 1595 3187 et
1618 3133 1732 3201 ipse
1760 3134 1868 3205 igni
1897 3134 2127 3190 adsimi-

2235 1957 2375 2025 πυρὶ
2407 1956 2516 2009 τῶν
2555 1957 2883 2029 πειρασμῶν
2914 1959 3311 2028 ἀναφανέντας,
3352 1962 3402 2012 εἰ
3435 1962 3537 2013 καὶ
3570 1961 3675 2032 πρὸ
3701 1962 3817 2015 τού-

2234 2063 2332 2099 του
2362 2047 2620 2118 μετρίως.
2680 2049 2817 2101 Ἀλλ’
2858 2048 3048 2119 ὥσπερ
3081 2051 3110 2102 6
3139 2050 3463 2114 διδάσκαλος
3495 2050 3729 2122 Χριστὸς
3756 2054 3815 2124 τῇ

2233 2138 2343 2192 τῶν
2410 2141 2680 2194 Ἰουδαίων
2724 2141 3000 2212 ἀπειθείᾳ,
3044 2142 3187 2195 οὕτω
3239 2144 3333 2196 καίΙ
3385 2144 3546 2197 αὐτοί
3602 2147 3673 2214 τῇ
3720 2145 3818 2197 τῶν

2232 2231 2405 2285 ὲθνῶν
2441 2234 2726 2304 ἀγριότητι
2781 2234 2843 2287 τὸ
2885 2234 3131 2304 δοκίμιον
3182 2236 3396 2288 ἑαυτῶν
3424 2236 3503 2299 ὡς
3534 2236 3622 2289 διὰ
3660 2236 3817 2307 πυρὸς

2233 2325 2665 2395 ὲπιδεδειγμένοι
2707 2325 2869 2379 εἰσίν.
2899 2326 3022 2380 Ὀτι
3068 2326 3125 2380 δὲ
3177 2327 3271 2379 καί
3309 2328 3338 2380 6
3383 2328 3623 2399 Χριστὸς
3661 2328 3813 2397 θεμέ-

2233 2414 2375 2482 λιος,
2424 2415 2735 2487 Κορινθίοις
2779 2418 2807 2470 6
2852 2415 2996 2480 θεῖος
3036 2416 3263 2486 γράφων
3292 2416 3532 2484 Παῦλος,
3572 2419 3817 2488 ἐχέγγυος

2232 2506 2311 2577 τῷ
2344 2508 2487 2578 λόγῳ
2526 2509 2928 2573 πιστώσασθαι,
2963 2510 2998 2558 ἰ
3038 2508 3325 2579 Θεμέλιον,
3364 2510 3620 2578 φάσκων,
3673 2509 3816 2563 ἀλλον

2234 2600 2410 2663 οὐδεὶς
2459 2600 2682 2653 δύναται
2738 2601 2914 2654 θεῖναι
2962 2601 3113 2673 παρά
3161 2600 3251 2654 τὸν
3300 2602 3586 2671 κείμενον,
3621 2601 3678 2665 ὃς
3713 2602 3815 2655 ἐστι

2233 2692 2490 2762 Χριστός.
2554 2711 2573 2744 ι
2614 2692 3019 2746 Χαλκολίὸανον
3050 2692 3130 2758 δὲ,
3165 2694 3275 2746 είτε
3306 2692 3399 2746 τὸν
3430 2696 3489 2748 ὲν
3518 2692 3594 2763 τῷ
3615 2692 3814 2762 Λιϐάνῳ

2232 2786 2312 2858 τῷ
2345 2785 2462 2857 ὄρει
2512 2786 3003 2856 μεταλλευόμενον,
3038 2787 3225 2857 ἐπειδὴ
3257 2785 3437 2853 τούτῳ
3473 2783 3813 2855 ἀφωμοίωται

2231 2883 2261 2936 ὁ
2290 2881 2742 2953 ὲνανθρωπήσας,
2797 2881 2989 2951 φησὶν,
3022 2881 3133 2934 εἴτε
3173 2880 3270 2934 καὶ
3300 2881 3394 2933 τὸν
3426 2878 3706 2951 χαλκοειδῆ
3740 2878 3813 2930 λίο

2232 2971 2397 3026 δανον
2437 2974 2679 3044 νοητὲον,
2732 2972 2791 3026 ὃν
2829 2970 3029 3043 ἰατρῶν
3070 2972 3262 3035 παῖδες
3302 2971 3513 3042 ἄρρενα
3550 2967 3810 3031 καλοῦσιν,

2231 3064 2451 3128 εὐώδεις
2493 3066 2586 3118 καὶ
2622 3065 2786 3119 αὐτὸν
2818 3066 2953 3135 πυρὶ
2999 3063 3291 3135 ὁμιλοῦντα
3324 3062 3541 3133 ἀτμοὺς
3576 3058 3813 3130 ἀποπέμ-

2233 3175 2424 3211 ποντα.
2474 3157 2585 3212 Καὶ
2644 3158 2727 3211 ὅτι
2780 3156 3002 3220 εὐώδεις
3042 3158 3136 3209 καὶ
3187 3155 3429 3228 Χριστὸς
3459 3155 3555 3208 καὶ
3586 3155 3633 3207 οἰ
3664 3149 3812 3205 αὐτοῦ

550 3217 1136 3289 lis,sulIumigatioues
1165 3223 1351 3277 suavis
1395 3224 1596 3279 emittit
1624 3226 1835 3283 odoris.
1865 3227 1933 3283 Et
1969 3229 2122 3300 quod

2239 3251 2374 3305 θεῖοι
2428 3250 2740 3316 ἀπόστολοι,
2791 3252 2825 3320 ἡ
2878 3252 2937 3303 ἐν
2984 3217 3255 3321 λᾼσμασι.
3286 3247 3501 3319 Νύμφη
3551 3245 3811 3312 ἀξιόλογος

537 3311 725 3366 suavis
751 3328 969 3382 quoque
994 3313 1183 3371 odoris
1206 3317 1279 3370 sit
1322 3316 1578 3374 Christus
1620 3319 1901 3391 divinique
1946 3322 2121 3393 ipsius

536 3403 804 3470 Apostoli,
847 3419 1046 3474 sponsa
1111 3407 1166 3460 in
1203 3407 1443 3465 Cauticis
1474 3409 1648 3481 digna
1682 3420 1773 3467 est
1808 3428 1931 3482 qua:
1970 3414 2133 3469 fidem

538 3489 741 3553 faciat:
772 3510 789 3543 ε
819 3490 987 3560 Odor,
1022 3496 1687 3565 inquit,vestimentorum
1717 3512 1938 3558 tuorum
1964 3519 2133 3574 super

535 3582 719 3637 omnia
750 3600 994 3641 aromata
1028 3587 1095 3653 ",
1136 3607 1153 3639 ι
1191 3601 1246 3644 et
1297 3590 1413 3659 ipse
1461 3591 1711 3662 Sponsus
1768 3596 2020 3652 Christus
2065 3596 2132 3652 de

536 3671 718 3740 scipso
765 3673 1006 3743 loquitur
1041 3677 1106 3730 ad
1148 3676 1419 3748 Sponsam
1454 3700 1469 3735 :
1508 3700 1527 3733 ι
1568 3684 1680 3754 Ego
1710 3682 1810 3740 ilus
1842 3688 2022 3756 campi
2079 3697 2128 3743 ct

536 3759 708 3813 lilium
737 3765 1066 3820 convallimn
1091 3769 1157 3825 ³⁷.
1191 3787 1212 3820 ι
1236 3771 1303 3824 Ει
1330 3771 1404 3824 ita
1424 3773 1647 3843 quidem
1666 3776 1941 3834 Christus.
1960 3779 2129 3835 Porro

536 3850 951 3923 suavisquoque
974 3855 1282 3927 fragrantia:
1313 3871 1445 3916 sunt
1477 3863 1651 3933 ipsius
1682 3870 1915 3935 apostoli
1951 3888 1965 3924 :
2002 3872 2125 3927 ideo

536 3945 704 3996 etiam
737 3946 810 3999 ait
839 3945 1063 4014 Paulus,
1103 3968 1121 4002 ι
1157 3952 1363 4007 Christi
1394 3956 1533 4010 bona
1600 3956 1899 4029 fragrantia
1936 3979 2127 4021 sumus

539 4034 592 4088 in
623 4035 708 4094 his
739 4039 830 4107 qui
859 4040 1155 4097 salvifiuut’
1172 4056 1226 4100 et
1255 4046 1308 4100 in
1327 4049 1411 4103 his
1439 4050 1530 4119 qui
1554 4053 1897 4120 pereunt'h
1937 4056 2129 4115 Merito

535 4136 717 4197 autem
756 4146 943 4197 vocem
977 4134 1097 4204 ejus
1134 4137 1188 4190 in
1232 4142 1458 4195 modum
1506 4159 1778 4212 aquarum
1824 4138 2123 4204 multarum

536 4221 671 4276 dicit
702 4239 960 4282 resonare
988 4244 1003 4295 ;
1036 4229 1305 4300 siquidem
1340 4238 1653 4293 communis
1681 4248 1767 4295 est
1796 4241 1971 4312 ipsius
2008 4260 2115 4299 vox

536 4322 591 4367 et
618 4316 845 4386 spiritus
876 4338 889 4373 :
926 4336 991 4375 ex
1023 4323 1183 4393 cujus
1222 4328 1538 4395 operatione
1571 4330 1796 4387 flumina
1832 4335 1900 4390 de
1933 4345 2123 4393 ventre

536 4407 658 4475 ejus
692 4406 991 4480 ﬂuxerunt,
1027 4413 1185 4481 juxta
1233 4420 1615 4489 pmpheticum
1649 4440 1983 4494 sermonem,
2022 4449 2040 4482 ι
2073 4443 2127 4486 et

539 4497 662 4555 fons
692 4499 758 4555 de
783 4502 951 4560 domo
991 4504 1210 4562 Domini
1238 4512 1571 4582 egredietur,
1604 4531 1669 4570 ac
1711 4518 1961 4590 irrigabit
2008 4531 2124 4578 tor-

536 4598 745 4645 rentem
776 4593 1099 4663 juncorum.
1131 4600 1208 4650 ²⁹ι
1248 4599 1386 4666 Quis
1427 4613 1611 4661 autem
1635 4610 1873 4681 ambigat
1910 4614 1978 4668 ad
2016 4614 2122 4670 hoc

538 4682 765 4739 domum
799 4686 891 4742 Dei
914 4703 1009 4744 eos
1026 4693 1335 4760 appellatos
1360 4711 1505 4764 esse,
1540 4702 1633 4769 qui
1662 4717 1783 4758 sese
1803 4706 1964 4777 digne
1984 4724 2124 4778 prte-

540 4792 806 4847 pararunt
828 4781 895 4836 ad
923 4785 1153 4853 spiritus
1169 4790 1566 4860 operationem,
1593 4805 1645 4849 et
1668 4797 1760 4865 qui
1779 4799 1943 4853 etiam
1970 4800 2124 4854 dixe-

539 4878 803 4926 runtsese
824 4887 946 4928 esse
966 4877 1165 4946 templa
1186 4877 1275 4933 Dei
1306 4889 1360 4935 et
1396 4886 1637 4940 membra
1670 4888 1738 4942 de
1770 4892 2021 4947 membro
2046 4893 2128 4945 ‘°?

536 4961 780 5032 profecm
837 4981 944 5020 non
1006 4970 1146 5025 alius
1203 4988 1367 5043 quam
1407 4978 1499 5047 qui
1540 4979 1725 5035 divina
1769 4983 1885 5038 haec
1944 4994 1997 5040 et
2048 5002 2129 5040 ra-

538 5054 763 5108 tionalia
801 5060 1001 5129 templa
1042 5075 1241 5133 sponte
1276 5068 1637 5137 ignoraret-it.
1684 5073 1750 5128 Et
1800 5078 1925 5145 quis
1963 5078 2119 5133 clari-

537 5155 703 5202 tatem
741 5151 861 5205 soni
904 5161 1109 5210 terram
1133 5166 1669 5233 totamperva‘g‘antis
1712 5170 1910 5237 poterit
1935 5186 2128 5241 asper-

534 5244 802 5306 uari,uisi
822 5247 865 5302 is
890 5248 1121 5308 fortasse
1139 5256 1230 5324 qui
1262 5256 1316 5310 in
1342 5261 1505 5327 [porci
1556 5278 1765 5318 morem
1811 5266 2125 5334 spirituales

533 5349 598 5389 ac
641 5337 855 5395 divinas
882 5341 1283 5404 illustrationes
1312 5353 1647 5408 scnsibiliter
1689 5356 1803 5409 fieri
1832 5360 2114 5426 postulat?

604 5425 672 5481 Et
693 5430 914 5486 habebat
937 5434 990 5488 in
1012 5438 1230 5493 dextera
1252 5456 1349 5494 sua
1372 5454 1566 5512 septem
1582 5425 1904 5504 stellaleas
1916 5461 2121 5520 septem

535 5520 727 5576 stellas
772 5523 861 5578 hic
894 5527 1009 5596 ipse
1039 5528 1093 5582 in
1132 5546 1426 5603 progressu
1461 5545 1668 5607 septem
1704 5542 1926 5612 angelos
1955 5543 2125 5599 inter-

2239 3345 2613 3415 παραστῆσαι,
2653 3361 2671 3394 ι
2725 3341 2922 3413 Ὀσμὴ,
2957 3341 3263 3409 φάσκουσα,
3295 3339 3531 3409 ἱματίων
3559 3352 3651 3390 σου
3684 3334 3809 3403 ὑπὲρ

2239 3438 2417 3491 πάντα
2443 3438 2509 3491 τὰ
2541 3435 2829 3506 ἀρώματα.
2868 3453 2886 3487 ι
2930 3434 3039 3487 Kal.
3068 3434 3233 3496 αὐτὸς
3265 3434 3292 3485 6
3321 3432 3576 3502 Νυμφίος
3594 3426 3808 3499 Χριστὸς

2239 3530 2373 3601 πρὸς
2400 3528 2499 3600 τὴν
2529 3528 2769 3599 Νύμφην
2795 3526 2923 3598 περί
2963 3524 3157 3579 ἑαυτοῦ
3182 3526 3358 3593 λέγων
3378 3542 3393 3555 ο
3436 3544 3454 3576 ι
3503 3521 3643 3591 Ἐγὼ
3665 3519 3808 3581 ἄνθος

2234 3620 2328 3674 τοῦ
2367 3622 2551 3675 πεδίου
2601 3622 2696 3675 καὶ
2745 3619 2931 3691 κρίνον
2963 3618 3071 3671 τῶν
3128 3619 3419 3672 κοιλάδων.
3464 3636 3482 3669 ι
3529 3618 3638 3671 Καὶ
3680 3612 3807 3667 οὕτω

2238 3714 2337 3784 μὲν
2369 3716 2397 3767 6
2426 3713 2683 3785 Χριστός.
2719 3712 2958 3775 Εὐώδεις
2986 3711 3043 3765 δὲ
3079 3711 3175 3764 καὶ
3213 3712 3263 3764 οἰ
3294 3710 3488 3763 τούτου
3515 3705 3804 3763 ἀπόστολοι.

2234 3805 2326 3859 Διὸ
2370 3806 2464 3859 καὶ
2496 3808 2696 3873 φάσκει
2730 3804 2970 3867 Παῦλος·
3008 3823 3026 3856 ι
3066 3802 3304 3873 Χριστοῦ
3335 3801 3537 3855 εὐωδία
3568 3797 3725 3869 ἐσμὲν
3755 3796 3804 3847 ἐν

2231 3899 2345 3960 τοῖς
2392 3896 2721 3967 σωζομένοις
2766 3894 2859 3950 καὶ
2918 3894 3337 3966 ἀπολλυμένοις.
3377 3912 3395 3945 ι
3472 3893 3559 3955 Ὠς
3616 3890 3797 3944 ὐδάτωι

2231 3990 2289 4044 δὲ
2344 3990 2558 4044 πολλῶν
2594 3988 2930 4059 ἀπηχεῖσθαι
2982 3989 3083 4060 τὴν
3146 3988 3331 4059 φωνὴν
3381 3987 3608 4048 εἰκότως
3639 3980 3800 4052 ζφησί.

2230 4083 2401 4154 Κοινὴ
2436 4084 2545 4153 γάρ
2576 4083 2607 4153 ἡ
2643 4081 2796 4153 φωνὴ
2821 4081 2987 4135 αὐτοῦ
3022 4081 3118 4134 καὶ
3142 4079 3236 4133 τοῦ
3270 4079 3613 4151 Πνεῦματπ,
3643 4073 3727 4143 ἀφ’
3748 4064 3801 4124 οὗ

2230 4176 2329 4243 τῆς
2379 4176 2661 4244 ἐνεργείας
2700 4193 2718 4226 ι
2753 4175 2848 4228 καὶ
2901 4173 3137 4243 ποταμοὶ
3170 4174 3233 4225 ὲκ
3266 4170 3369 4240 τῆς
3414 4169 3621 4232 κοιλίας
3651 4162 3799 4219 αὐτοῦ

2229 4267 2520 4338 ἔρρευσαν,
2582 4287 2601 4321 ι
2655 4267 2799 4320 κατά
2848 4265 2940 4319 τὸν
2990 4263 3329 4335 προφητικὸν
3374 4263 3552 4331 λόγον.
3618 4278 3635 4310 ι
3701 4254 3800 4309 Καὶ

2229 4360 2381 4432 πηγὴ
2428 4359 2487 4424 ἐξ
2526 4360 2678 4415 οἴκου
2729 4361 2939 4432 Κυρίου
2984 4359 3325 4426 ἐξελεύσεται
3379 4358 3474 4412 καὶ
3510 4354 3680 4410 ποτιεῖ
3720 4353 3800 4402 τὸν

2228 4456 2566 4527 χειμάρρουν
2603 4454 2712 4507 τῶν
2761 4453 3012 4525 σχοίνων.
3053 4472 3071 4504 ι
3109 4448 3271 4507 Οἷκον
3318 4452 3377 4505 δὲ
3413 4449 3571 4513 Θεοῦ,
3600 4447 3679 4509 τίς
3707 4443 3800 4512 ἀμ’

2236 4547 2454 4616 φιϐἀλοι
2482 4537 2580 4617 ’μὴ
2631 4549 2757 4609 τούς
2808 4544 2977 4611 ἀξίως
3021 4546 3124 4615 τῆς
3173 4543 3269 4597 τοῦ
3322 4543 3469 4598 θείου
3504 4539 3799 4609 Πνεῦματος

2234 4640 2518 4710 ἐνεργείας
2576 4641 2806 4702 ἑαυτοὺς
2862 4640 3384 4710 παρεσκευακότας,
3464 4637 3569 4690 ὑπὸ
3620 4631 3795 4726 τοῦτου

2237 4731 2510 4801 εἰρῆσθαι,
2541 4730 2590 4783 οἳ
2627 4733 2720 4783 καὶ
2752 4731 3038 4801 εἰρήκασιν
3062 4731 3288 4792 ἑαυτοὺς
3329 4725 3469 4783 εῖναι
3494 4727 3646 4787 ναοὺς
3677 4722 3796 4774 Θεοῦ

2237 4824 2332 4878 καὶ
2365 4823 2499 4894 μέλη
2550 4826 2611 4877 ἐκ
2644 4825 2879 4894 μέρους;
2926 4824 3042 4877 Οὐκ
3072 4823 3229 4885 ἄλλος
3262 4825 3361 4892 μὲν
3388 4821 3499 4885 οὖν,
3528 4821 3560 4889 ἣ
3588 4819 3614 4870 6
3644 4813 3796 4869 ταῦτα

2235 4913 2305 4964 τά
2330 4913 2448 4966 θεῖα
2479 4913 2573 4966 καὶ
2608 4913 2730 4983 ἰερά
2754 4914 2926 4981 Λόγια
2959 4914 3233 4985 ἀγνοήσας
3279 4912 3439 4967 ἑκών.
3470 4909 3579 4965 Καὶ
3607 4907 3663 4959 τὸ
3690 4905 3792 4956 δια-

2238 5002 2470 5073 πρύσιον
2517 5003 2573 5055 δὲ
2606 5004 2704 5074 τῆς
2752 5006 2834 5066 εἰς
2871 5004 3051 5058 πᾶσαν
3098 5004 3198 5074 τὴν
3234 5004 3338 5073 γῆν
3377 5001 3695 5073 ἀπηχήσεως
3723 4992 3795 5053 τίς

2237 5093 2512 5163 ἁθετήσει,
2540 5095 2587 5147 εἰ
2623 5094 2697 5164 μὴ
2728 5111 2829 5146 που
2859 5094 2887 5145 6
2917 5092 3182 5165 χοιρώδης
3212 5096 3310 5148 καὶ
3348 5094 3376 5145 6
3401 5094 3786 5156 τὰςπνευματι·

2237 5185 2339 5249 κάς
2380 5186 2476 5239 καὶ
2530 5185 2682 5249 θείας
2726 5184 3026 5256 ὲλλάμψεις
3084 5185 3359 5257 αἰσθητῶς
3385 5182 3626 5242 ἀπαιτῶν
3656 5179 3791 5246 ἐνερ-

2234 5278 2447 5346 γεῖσθαι
2467 5297 2480 5344 ;

2307 5458 2414 5513 Καὶ
2466 5456 2625 5526 ἔχων
2674 5459 2742 5512 ἐν
2792 5458 2868 5528 τῇ
2913 5458 3083 5529 δεξιᾷ
3133 5458 3284 5528 χειρὶ
3334 5455 3515 5513 αὑτοῦ
3556 5445 3788 5513 ἀστέρας

2232 5548 2405 5606 ἑπτά.
2460 5552 2599 5615 Τοὺς
2644 5552 2785 5607 ἑπτὰ
2830 5552 3051 5618 τούτους
3095 5554 3333 5624 ἀστέρας
3364 5549 3616 5619 ἀγγέλους
3646 5534 3785 5593 αὐτὸς

606 5719 1147 5827 :ildloran'."v‘|)n1,12.
1227 5736 1271 5768 ’⁸
1310 5734 1352 5790 ll
1385 5737 1512 5795 Cor.
1550 5756 1629 5811 tu,
1673 5742 1761 5800 il.
1805 5745 1851 5776 ‘°
1890 5746 2051 5803 Cant.
2090 5764 2141 5804 tv

2239 5792 2251 5807 .
2283 5754 2325 5786 '7
2355 5752 2514 5811 Cant.
2549 5772 2611 5824 ιι,
2652 5757 2741 5812 15.
2821 5760 2865 5793 ²⁸
2899 5759 2942 5813 ll
2984 5758 3113 5815 Cor.
3147 5774 3208 5827 ιι,
3246 5760 3331 5815 15.
3407 5734 3777 5825 “Jocl.iu,lS-‘

537 5786 625 5841 ενι
655 5791 781 5844 Cor.
809 5809 907 5859 xu,
938 5786 1030 5852 ‘27;
