4110 6408
287 381 399 448 521

1364 367 1754 431 ΟΟΜΜΕΝΤ.
1794 362 1877 425 ΙΝ
1919 361 2455 425 APOCALYPSIN.

3470 357 3580 444 522

289 491 454 558 οὗτος
502 490 713 564 προῖὼν
757 488 1122 564 ερμηνεύσει,
1150 485 1244 551 οὓς
1285 486 1380 540 καὶ⁵
1413 483 1620 556 ἑκάστῃ
1657 480 1890 550 Ἐκκλη-

1999 478 2325 548 prolabitur,
2362 476 2531 548 659
2578 488 2816 546 quorum
2853 472 3022 529 etiam
3059 472 3308 545 singufos
3343 470 3578 543 singulis

294 589 394 659 σία
424 586 742 642 ἐπιστατεῖν
789 585 926 653 ἐρεῖ.
962 581 1074 637 Καὶ
1125 579 1425 652 Γρηγὸριος
1469 578 1498 630 6
1538 578 1680 638 θεῖος
1722 577 1778 626 ἐν
1813 572 1892 642 τῷ

294 677 686 748 συντακτηρίῳ
705 674 876 730 αὑτοῦ
898 674 1041 743 λόγῳ
1063 672 1124 725 τὸ
1147 671 1279 724 αὐτὸ
1307 667 1642 740 διαγορεύει,
1671 670 1736 720 ἐκ
1761 665 1893 720 ταύ-

290 789 399 840 της
440 772 538 839 τῆς
595 765 1022 835 Ἀποκαλύψεως
1089 764 1338 822 Ἰωάννου
1390 761 1567 816 ἕλκων
1611 761 1694 824 είς
1744 759 1892 830 ἡμᾶς

291 864 400 933 τὴν
429 860 621 914 πειθώ.
662 859 927 929 Ἀστέρας
961 857 1020 912 δὲ
1045 855 1201 910 καλεί
1230 855 1357 918 τοὺς
1387 853 1657 921 ἀγγέλους
1683 851 1770 904 διὰ
1793 850 1894 919 τὴν

291 954 497 1023 δαψιλῆ
525 955 872 1022 φωτοχυσίαν
899 949 999 1020 τὴν
1028 950 1086 1002 ἐν
1116 949 1302 1009 αὐτοῖς
1333 945 1428 998 τοῦ
1459 941 1718 1015 Χριστοῦ.
1754 943 1894 1005 Τοὺς

294 1046 501 1107 αὐτοὺς
530 1043 624 1097 καὶ
652 1044 753 1112 τῆς
784 1041 966 1107 δεξιᾶς
995 1038 1180 1110 χειρὸς
1206 1036 1488 1104 ἀξιοῦσθαι
1519 1035 1622 1105 τῆς
1658 1034 1893 1103 κατοχῆς

299 1151 462 1205 φησι,
492 1135 558 1202 τῇ
590 1131 900 1203 τιμιωτάτῃ
938 1129 1124 1182 στάσει
1153 1127 1318 1181 οἱονεὶ
1349 1124 1892 1195 ἐπαναπαυομένους.

314 1227 413 1278 Ἐκ
437 1223 532 1278 τοῦ
561 1225 831 1290 στόματος
861 1222 918 1274 δὲ
957 1221 1056 1292 τὴν
1087 1219 1364 1292 ῥομφαίαν
1389 1219 1489 1287 τὴν
1515 1217 1768 1287 δίστομον
1805 1217 1895 1268 ἐκ-

298 1314 660 1387 πορεύεσθαι,
710 1315 892 1366 καίτοι
949 1313 1042 1364 τοῦ
1080 1310 1421 1381 Θεοπάτορος
1470 1308 1565 1361 ἐπὶ
1597 1307 1687 1360 τὸν
1722 1306 1895 1376 μηρὸν

294 1409 396 1460 τὸν
419 1406 644 1460 δυνατὸν
692 1402 1109 1475 περιζώσασθαι
1147 1400 1353 1472 ταύτην
1379 1399 1781 1467 ἐντελλομένου,
1812 1399 1898 1450 ὃτι

300 1501 479 1568 μήπω
503 1500 625 1551 κατ’
650 1500 828 1550 ἐκεῖνο
849 1496 1045 1567 καιροῦ
1080 1497 1192 1558 τοῖς
1215 1492 1563 1566 παραϐάταις
1592 1491 1701 1544 τῶν
1732 1491 1898 1558 εὐαγ-

296 1590 538 1658 γελικῶν
571 1591 753 1660 νόμων
804 1589 837 1658 ὴ
874 1587 1156 1656 ἐκδίκησις
1195 1582 1574 1637 ἐπεπαίδευτο.
1611 1581 1720 1633 Καὶ
1741 1574 1896 1642 οὗτος

297 1681 385 1745 δὲ,
421 1681 508 1734 ἵνα
542 1681 638 1750 τὴν
664 1678 936 1748 ἀναϐολὴν
966 1677 1302 1747 παραστήσῃ
1333 1674 1434 1742 τῆς
1463 1671 1766 1743 τιμωρίας,
1804 1670 1899 1723 ἐπὶ

295 1769 402 1824 τοῦ
458 1769 635 1842 μηροῦ
676 1770 817 1833 τέως
868 1769 968 1837 τὴν
1015 1767 1300 1837 ῥομφαίαν.
1346 1766 1559 1834 αἰωρεῖ.
1603 1763 1719 1816 Νῦν
1774 1763 1831 1816 δὲ
1862 1764 1896 1832 ἡ

1996 569 2259 626 Ecclesiis
2286 584 2520 639 praeesse
2555 567 2738 623 dit-ct:
2770 575 2824 621 et
2854 565 3014 620 divus
3049 563 3348 633 Gregorius
3389 564 3443 617 in
3476 565 3594 618 sm’

1995 662 2468 717 coordinationum
2501 661 2642 714 libro
2705 660 2849 713 idem
2876 657 3096 720 astruit,
3121 671 3186 710 ex
3219 655 3322 709 hac
3338 652 3577 708 Joannis

1996 756 2322 828 Apocalypsi
2354 771 2468 809 rem
2532 754 2712 808 facere
2773 753 2952 807 nitens
3011 752 3174 806 nobis
3234 748 3579 805 credibilem.

2000 848 2199 905 Stellas
2223 859 2404 904 autem
2439 857 2599 902 vocat
2630 845 2854 915 angelos
2877 853 3097 914 propter
3125 842 3266 899 lucis
3289 840 3580 896 abundan-
3650 845 3656 853 '

2000 940 2130 996 tiam
2193 956 2358 1010 quam
2397 940 2450 993 in
2493 938 2629 1009 ipsis
2655 923 2922 993 'Christus
2957 935 3237 991 dilIundit.
3267 934 3332 990 Et
3361 933 3583 988 eosdem

1998 1031 2204 1085 dextra:
2254 1047 2448 1084 manus
2489 1029 2653 1084 situm
2694 1037 2885 1083 nactos
2931 1043 3050 1082 esse
3085 1026 3221 1081 dicit
3259 1033 3446 1094 utpote
3492 1023 3582 1078 di-

1996 1122 2264 1191 gnissimo
2295 1121 2705 1191 requiescentes
2745 1120 2959 1174 ordine.
2990 1119 3064 1174 De
3097 1134 3191 1174 ore
3231 1128 3415 1172 autem
3461 1115 3584 1184 eius

1998 1215 2238 1283 gladium
2293 1223 2526 1284 utraque
2558 1222 2714 1283 parte
2743 1221 2966 1268 acutum
3004 1212 3137 1267 dicit
3173 1211 3379 1281 egredi,
3423 1215 3588 1279 atque

1999 1303 2092 1360 Dei
2123 1306 2435 1376 progenitor
2462 1304 2726 1375 praecipit,
2757 1315 2812 1358 ut
2847 1305 2992 1359 hunc
3021 1319 3186 1374 super
3224 1301 3399 1356 femur
3423 1317 3586 1357 suum

1999 1408 2194 1468 potens
2221 1399 2474 1468 aceingat
2507 1395 2551 1426 ³¹
2587 1413 2601 1448 :
2652 1396 2781 1466 quia
2808 1395 3050 1449 nondum
3083 1409 3149 1448 eo
3175 1403 3420 1464 tempore
3449 1393 3588 1447 ultio

2001 1489 2206 1552 inﬂicta
2223 1497 2344 1544 erat.
2367 1487 2872 1559 transgressoribus
2901 1487 3081 1557 legum
3123 1486 3585 1556 evangelicarum.

2000 1577 2210 1634 Idcirco
2234 1579 2325 1634 ille
2368 1588 2428 1631 ut
2475 1577 2885 1632 cunctationem
2918 1577 3173 1648 supplicii
3216 1577 3588 1640 demonstret.

2001 1686 2165 1742 super
2179 1671 2358 1726 femur
2376 1671 2590 1726 interim
2615 1669 2856 1740 gladium
2883 1670 3170 1740 suspendit
3196 1687 3209 1724 :
3235 1685 3382 1724 nunc
3407 1679 3591 1726 autem

1999 1764 2287 1834 egrediens
2317 1779 2384 1819 ex
2405 1779 2500 1818 ore
2523 1763 2738 1835 gladius
2778 1778 3052 1818 summam
3087 1762 3339 1834 designat
3368 1777 3595 1834 promp-

295 1863 371 1914 ἐκ
403 1862 500 1914 τοῦ
546 1862 812 1931 στόματος
848 1858 1261 1929 ἐκπορευομένη
1295 1857 1556 1928 ῥομφαία,
1589 1855 1649 1908 τὸ
1678 1855 1895 1924 ἐτοιμό·

2003 1857 2292 1912 titudinem
2342 1870 2533 1912 eorum
2561 1871 2684 1926 qua:
2728 1855 3028 1910 inevitabili
3078 1855 3276 1911 anin'ia:
3325 1856 3590 1926 periculo,

296 1970 470 2008 τατον
497 1953 874 2006 ὑπαινίττεται
933 1950 1043 2003 τῶν
1075 1951 1136 2005 ἐν
1159 1952 1226 2021 τῇ
1253 1950 1352 2020 νέᾳ
1383 1947 1618 2018 διαθήκῃ
1649 1947 1897 2018 ἀνηκόως

297 2044 669 2111 διακειμένων
702 2043 784 2106 είς
824 2042 1204 2118 ἀπαραίτητον
1229 2041 1411 2111 ψυχῆς
1442 2039 1690 2092 κίνδυνον
1729 2035 1899 2101 ὀξέως

300 2136 698 2208 ἐφορμώντων,
739 2134 880 2207 πρὸς
925 2133 1241 2205 διχοτομίαν
1287 2132 1555 2203 δηλονότι.
1594 2131 1698 2184 Ἦν
1743 2128 1842 2182 καὶ
1869 2128 1898 2180 6

301 2231 514 2301 Κύριος
551 2231 607 2283 ἐν
637 2229 997 2298 Εὐαγγελίοις
1025 2229 1294 2298 ὑπέφηνε.
1335 2224 1765 2297 διχοτομηθῆναι
1806 2223 1898 2277 τὸν

299 2323 489 2394 ἀμελῆ
522 2322 708 2376 δοῦλον
739 2322 1000 2378 ἀπειλῶν.
1038 2321 1152 2376 Καὶ
1188 2319 1396 2383 Παῦλος
1426 2319 1610 2385 ζῶντά
1641 2335 1775 2388 φησι
1807 2317 1898 2371 τὸν

296 2416 402 2470 τοῦ
424 2416 562 2470 Θεοῦ
610 2417 983 2488 τιμωρητικὸν
1013 2415 1174 2484 λόγον
1207 2415 1303 2469 καὶ
1331 2413 1556 2484 ἐνεργῆ,
1589 2415 1687 2467 καὶ
1717 2410 1899 2482 τομώ-

297 2524 466 2577 τερον
511 2508 662 2578 παρὰ
714 2507 992 2578 ῥομφαίας
1013 2546 1028 2572 ,
1078 2507 1174 2560 ἆτε
1207 2508 1272 2559 ἐκ
1305 2503 1398 2559 τοῦ
1431 2505 1699 2574 στόματος
1732 2503 1902 2555 ἐκπο-

301 2599 622 2668 ρευόμενον,
645 2600 743 2652 κα)⁵
758 2599 1132 2668 διικνούμενον
1152 2599 1311 2668 ἄχρις
1327 2597 1529 2650 ὀστέων
1549 2597 1641 2648 καὶ
1661 2593 1898 2664 μυελῶν,

298 2689 406 2740 οὐκ
465 2688 744 2758 αἰσθητῶς
790 2689 1001 2760 μέντοι.
1066 2691 1230 2744 Ὅθεν
1284 2689 1382 2743 καὶ
1431 2689 1578 2754 ὀξεῖα
1627 2687 1767 2759 αὕτη
1822 2686 1900 2757 τῷ

314 2776 544 2847 Ἰωάννῃ
583 2777 1029 2848 ἀναγέγραπται,
1064 2779 1202 2847 ὅπερ
1245 2781 1327 2842 εἰς
1382 2778 1582 2832 ταυτὸν
1626 2778 1785 2847 φέρει
1833 2779 1898 2848 τῇ

299 2867 596 2938 τομωτάτῃ
644 2868 860 2921 Παύλου
905 2869 1193 2940 ῥομφαίᾳ.”
1216 2870 1305 2933 Ὠς
1332 2869 1483 2940 ἣλιον
1507 2868 1564 2920 δέ
1597 2867 1809 2938 φαίνειν
1831 2869 1898 2939 τῇ

298 2956 532 3026 δυνάμει
555 2959 742 3024 αὑτὸν,
756 2960 880 3012 ἐπεὶ
904 2962 998 3013 καὶ
1017 2961 1206 3024 Ἥλιός
1221 2963 1338 3014 ἐστι
1359 2960 1731 3031 δικαιοσύνης,
1757 2959 1901 3014 κατὰ

305 3047 595 3120 Μαλαχίαν
616 3051 711 3104 τὸν
735 3053 1045 3122 προφήτην,
1067 3070 1086 3103 l
1114 3051 1368 3121 φωτίζων
1401 3053 1579 3106 πάντα
1607 3051 1900 3124 ἄνθρωπον

302 3142 605 3214 ἐρχόμενον
630 3146 712 3207 εὶς
735 3145 830 3198 τὸν
856 3145 1085 3216 κόσμον.
1121 3163 1140 3197 ι
1173 3147 1285 3218 Οὐχ
1313 3145 1389 3209 ὠς
1414 3145 1574 3216 σῶμα
1594 3146 1650 3199 δέ
1672 3145 1900 3216 φωτίζει

2003 1945 2057 1999 in
2090 1960 2186 2002 eos
2213 1946 2308 2015 qui
2343 1948 2446 2001 sub
2479 1961 2621 2000 novo
2673 1953 3002 2001 testamento
3023 1955 3152 2000 sunt
3182 1946 3585 2011 inobedicntes,

2001 2037 2200 2092 acriter
2224 2038 2425 2104 irrunt,
2453 2037 2520 2092 ad
2541 2037 2870 2093 divisionem
2914 2036 3169 2092 videlicet
3205 2037 3257 2091 in
3289 2037 3430 2093 duas
3456 2054 3585 2109 par-

2001 2140 2084 2186 tes
2105 2146 2296 2201 :qnam
2325 2131 2487 2186 etiam
2509 2129 2774 2186 Dominus
2797 2131 2850 2185 in
2884 2129 3172 2200 Evangelia
3199 2125 3591 2204 designavit",

2001 2223 2373 2291 comminatus
2399 2220 2759 2292 negligentem
2801 2238 3018 2277 servum
3049 2239 3170 2278 esse
3207 2223 3587 2280 dividendum.

2003 2314 2073 2370 Et
2106 2315 2313 2370 Paulus
2346 2315 2621 2371 viventem
2659 2316 2797 2372 dicit
2829 2318 2875 2349 ³³
2899 2319 3215 2388 punitivum
3249 2317 3342 2374 Dei
3374 2335 3593 2376 sermo-

2002 2424 2126 2464 nem
2165 2417 2224 2464 et
2254 2410 2534 2464 efticacem
2579 2425 2646 2464 ac
2678 2410 2860 2482 gladio
2892 2412 3391 2480 penetrabiliorem,
3425 2415 3596 2469 veluti

2001 2514 2068 2556 ex
2121 2515 2217 2556 ore
2272 2501 2681 2574 procedentem,
2737 2517 2802 2557 ae
2849 2503 3244 2574 pertingentem
3295 2518 3471 2575 usque
3519 2505 3598 2573 ad,

2001 2607 2128 2648 ossa
2159 2601 2214 2648 et
2241 2593 2530 2660 medullas,
2561 2608 2880 2664 quanquam
2916 2611 3024 2649 non
3050 2596 3418 2653 sensibiliter:
3448 2601 3596 2654 unde

2003 2685 2168 2740 etiam
2219 2686 2436 2756 gladius
2479 2687 2571 2741 hic
2601 2697 2797 2746 acutus
2829 2703 2858 2742 a
2885 2685 3100 2743 Joanne
3130 2688 3444 2761 descriptus
3485 2700 3596 2760 est,

2002 2778 2150 2848 quod
2188 2778 2243 2832 in
2272 2779 2416 2834 idem
2444 2781 2588 2836 redit
2616 2797 2746 2837 cum
2777 2782 2957 2853 gladio
2991 2784 3232 2839 maxime
3264 2785 3593 2854 penetrabili

2007 2885 2036 2923 a
2065 2869 2238 2924 Paulo
2265 2871 2470 2940 posito.
2505 2870 2791 2944 Tanquam
2821 2875 2993 2930 solem
3032 2890 3163 2931 vero
3192 2877 3379 2940 lucere
3413 2877 3596 2948 ipsum

2005 2960 2083 3014 ait
2113 2959 2167 3014 in
2204 2960 2432 3029 virtute,
2464 2965 2730 3034 quoniam
2765 2963 2859 3021 Sol
2893 2984 3113 3038 quoque
3139 2967 3344 3023 dicitur
3365 2968 3598 3040 iustitiae

2003 3052 2150 3128 apud
2179 3051 2504 3111 Malachiam
2531 3057 2855 3128 prophetam
2873 3060 2954 3115 “z
2991 3079 3010 3114 ι
3049 3061 3142 3133 qui
3175 3062 3451 3124 illuminat
3477 3081 3599 3120 om-

2002 3159 2128 3200 nem
2152 3145 2431 3202 bominem
2454 3149 2764 3206 venientem
2789 3150 2842 3206 in
2867 3153 3202 3210 mundum”.
3219 3175 3237 3207 ›
3264 3155 3382 3212 Non
3410 3165 3599 3216 autem

301 3235 564 3306 διαφανὲς
598 3239 896 3311 αἰσθητῶς,
926 3241 1064 3295 ἀλλὰ
1095 3242 1327 3313 νοητῶς.
1365 3243 1457 3295 Διὸ
1487 3242 1578 3295 καὶ
1623 3243 1894 3311 ἐπήγαγε,

2003 3238 2148 3297 sicut
2182 3253 2384 3310 corpus
2411 3242 2768 3313 perspicuum
2799 3245 3136 3301 sensibiliter
3185 3248 3594 3317 illuminat,sed

304 3327 382 3398 τῇ
418 3329 678 3406 ’δυνάμει
727 3335 937 3402 αὐτοῦ,
990 3334 1125 3388 ὡσεὶ
1161 3334 1370 3404 ἔλεγεν,
1414 3336 1498 3389 ὅτι
1540 3335 1604 3389 τὸ
1651 3335 1770 3405 φῶς
1802 3334 1895 3389 τοῦ

1999 3330 2152 3400 juxta
2184 3331 2544 3387 intellectum.
2599 3334 2730 3389 Ideo
2751 3351 2974 3407 quoque
3003 3339 3596 3410 subju,ngit,iuoirtute

306 3420 550 3491 Χριστοῦ
566 3422 794 3494 δυνάμει
815 3426 1050 3496 ἐνεργεῖ,
1071 3426 1173 3480 οὐκ
1192 3426 1316 3496 ὄψιν
1337 3426 1692 3497 σωματικῶς,
1720 3425 1895 3496 ψυχῆς

2002 3438 2104 3477 sua
2141 3439 2160 3477 :
2193 3439 2259 3478 ac
2289 3425 2338 3479 si
2366 3425 2593 3490 diceret,
2619 3427 2771 3498 quod
2800 3429 2892 3483 lux
2918 3429 3121 3486 Christi
3156 3433 3358 3490 virtute
3392 3450 3595 3511 opera-

305 3511 370 3564 δέ
404 3514 607 3583 νοητῶς
631 3516 995 3587 καταλάμπον
1015 3517 1355 3588 ὀφθαλμούς.

378 3692 492 3746 Καί
525 3693 626 3748 ὅτε
651 3689 819 3749 εἶδον
843 3696 1053 3761 αὐτὸν,
1087 3697 1316 3751 ἔπεσον
1343 3699 1490 3766 πρὸς
1537 3698 1679 3764 τοὺς
1705 3700 1899 3765 πόδας

303 3781 497 3836 αὑτοῦ
543 3783 624 3848 ὡς
666 3782 914 3851 νεκρὸς,
962 3786 1061 3838 καὶ
1103 3783 1285 3853 ἔθηκε
1323 3786 1442 3855 τὴν
1472 3786 1682 3851 δεξιὰν
1708 3788 1898 3843 αὑτοῦ

303 3876 399 3928 ἐπ’
444 3875 571 3945 ἐμὲ,
613 3875 839 3946 λέγων·
870 3875 969 3944 Μὴ
1032 3878 1244 3946 φοϐοῦ*
1285 3880 1401 3950 ἐγώ
1440 3883 1558 3950 ειμι
1590 3885 1623 3936 ό
1660 3882 1896 3950 πρῶτος

306 3968 406 4022 καί
433 3971 467 4022 ὀ
483 3969 747 4037 ἔσχατος
767 3968 866 4022 καὶ
891 3974 923 4024 ό
940 3962 1085 4036 ζῶν,
1098 3972 1199 4026 καὶ
1215 3971 1516 4042 ἐγενόμην
1534 3975 1774 4044 νεκρὸς,
1795 3977 1894 4030 καί

303 4059 439 4114 ιδοὺ
470 4059 712 4130 ζ’ὧνείμι
737 4063 827 4128 είς
846 4063 991 4130 τοὺς
1010 4063 1234 4131 αἰῶνας
1261 4064 1382 4119 τῶν
1409 4065 1680 4139 αὶώνων.Ι
1695 4067 1892 4137 Ἀμήν.

303 4151 418 4208 Καί
449 4151 568 4222 ἔχω
593 4152 702 4218 τὰς
725 4152 972 4221 κλεῖδας
1015 4155 1119 4209 τοῦ
1149 4155 1410 4210 θανάτου
1440 4156 1539 4211 καί
1583 4157 1690 4212 τοῦ
1720 4156 1892 4224 ᾅδου.

379 4285 544 4348 Ἐθος
589 4287 705 4350 τοῖς
751 4286 930 4355 ἁγίοις
980 4289 1291 4360 προφήταις
1349 4291 1550 4362 ὁρῶσιν
1605 4291 1893 4359 ὀπτασίαν,

304 4378 794 4436 καταπλήττεσθαι
825 4383 905 4442 εἰς
943 4382 1255 4451 παράτασιν
1287 4383 1389 4454 τῆς
1425 4384 1774 4458 ἀνθρωπίνης
1807 4387 1896 4438 εύ-

300 4473 544 4536 τε).είας,
572 4476 668 4527 καὶ
690 4475 808 4540 τοῦ,
837 4476 964 4529 ὅσον
990 4476 1058 4529 τὰ
1090 4475 1208 4528 θεῖα
1233 4475 1345 4529 τῶν
1371 4476 1730 4548 ἀνθρωπίνων
1750 4480 1893 4533 κατὰ

2002 3519 2114 3582 tur,
2167 3530 2276 3570 non
2311 3525 2539 3586 aspectu
2570 3519 2869 3590 corporali,
2897 3522 2992 3577 sed
3025 3524 3216 3580 oculos
3246 3526 3452 3582 anima:
3479 3529 3593 3599 spi-

2003 3607 2280 3661 ritualiter
2311 3609 2655 3665 illuminans.

2071 3699 2113 3768 l,
2150 3701 2238 3766 l7,
2271 3701 2360 3758 l8.
2391 3701 2460 3756 Et
2483 3719 2603 3756 cum
2634 3703 2882 3758 vidissem
2914 3721 3057 3769 eunt,
3115 3708 3282 3762 cecidi
3319 3708 3389 3764 ad
3436 3710 3593 3779 pedes

1998 3790 2114 3860 ejus
2144 3801 2398 3862 tanquam
2429 3803 2666 3850 mortuus
2699 3809 2717 3846 :
2746 3803 2796 3848 et
2824 3797 3000 3863 posuit
3029 3796 3303 3850 dexteram
3327 3814 3478 3852 suam
3505 3817 3599 3852 su-

1998 3901 2091 3954 per
2109 3902 2212 3950 me,
2244 3886 2423 3940 dicens
2455 3901 2474 3940 :
2505 3884 2634 3940 Noti
2660 3887 2847 3940 timere
2879 3903 3011 3956 :rgo
3034 3903 3151 3940 sum
3183 3890 3387 3957 primus
3415 3901 3464 3943 et
3499 3907 3598 3948 no-

1999 3977 2271 4042 vissimus,
2309 3988 2357 4032 et
2383 3978 2528 4032 rivus
2547 3990 2597 4031 et
2633 3978 2713 4047 fui
2770 3987 3034 4045 mortuus,
3074 3989 3124 4032 et
3173 3996 3292 4034 ecce
3353 3999 3471 4035 sum
3520 3985 3600 4036 ri-

1999 4085 2118 4124 veus
2185 4072 2242 4123 in
2292 4070 2500 4124 saecula
2533 4071 2879 4126 saeculorum.
2923 4071 3110 4125 Amen.
3140 4071 3210 4126 Et
3236 4073 3401 4128 habeo
3422 4075 3597 4137 claues

1997 4163 2186 4216 mortis
2225 4172 2277 4216 et
2310 4163 2620 4232 iufcrormn.

2069 4297 2238 4352 Moris
2299 4306 2386 4352 est
2437 4297 2644 4352 sanctis
2690 4298 2990 4368 prophetis,
3039 4307 3100 4352 ut
3153 4314 3280 4355 cum
3325 4299 3597 4358 visionem

1995 4392 2489 4466 360intuentur,
2531 4391 2928 4462 obstupescant
2950 4395 3020 4446 ob
3069 4399 3450 4449 vehementem
3500 4395 3600 4450 ab-

1993 4485 2289 4554 jectionem
2346 4485 2679 4539 conditionis
2733 4485 2989 4539 humanm
3037 4503 3052 4539 :
3104 4485 3355 4540 videntes
3416 4502 3597 4556 quan-

302 4565 366 4616 τὸ
407 4567 660 4634 κρεῖττον
717 4565 1128 4636 καθυπερτερετ
1181 4568 1276 4620 καὶ
1329 4569 1651 4634 ἀνέστηκεν.
1713 4570 1893 4642 Ὅπερ

2001 4588 2114 4634 tum
2177 4577 2365 4632 divina
2419 4577 2677 4633 humanis
2732 4578 2846 4633 sint
2919 4577 3173 4641 meliora,
3230 4591 3412 4649 eaque
3452 4593 3598 4649 pra-

315 4649 528 4720 Ίησοῦς
557 4652 586 4704 6
621 4652 716 4704 τοῦ
751 4653 906 4724 Ναυῆ
941 4654 1198 4719 πέπονθε,
1237 4657 1332 4708 καὶ
1361 4657 1609 4729 Δανιὴλὸ
1634 4661 1743 4712 τῶν
1777 4663 1899 4714 ἐπι-

300 4741 521 4810 θυμιῶν
576 4742 737 4815 άνὴρ,
788 4747 816 4798 6
871 4745 972 4814 μὲν
1023 4747 1158 4818 πρὸς
1197 4748 1288 4801 τὸν
1322 4750 1764 4822 ἀρχιστράτηγον
1797 4757 1899 4825 τῆς

298 4833 399 4886 τοῦ
437 4836 645 4906 Κυρίου
667 4837 977 4906 δυνάμεως,
1011 4842 1039 4893 6
1060 4840 1114 4894 δέ
1139 4841 1230 4894 ἐπὶ
1251 4845 1372 4905 ταῖς
1405 4843 1720 4913 ὁραθείσαις
1748 4848 1898 4916 αὐτῷ

299 4927 620 4991 ὁπτασίαις.
657 4929 870 4984 Οὐκοῦν
907 4932 1292 5004 παραπλήσιόν
1337 4951 1391 4987 τι
1429 4935 1638 5001 τούτοις
1673 4941 1765 4992 καὶ
1800 4941 1896 4992 νῦν

297 5016 328 5067 6
369 5016 771 5087 εύαγγελιστὴς
809 5020 1072 5085 ὑποστὰς,
1107 5023 1454 5094 ἀνερῥῶσθαί
1489 5043 1622 5097 φησι
1655 5029 1756 5098 τῆς
1787 5046 1892 5082 σω-

296 5109 495 5178 τηρὲου
532 5108 714 5175 δεξιᾶς
755 5112 848 5166 τοῦ
883 5114 1015 5168 Υίοῦ
1049 5115 1144 5168 τοῦ
1180 5117 1318 5170 Θεοῦ
1355 5120 1668 5190 ἁπτομένης
1706 5121 1893 5182 αὑτοῦ.

301 5203 446 5258 μετὰ
478 5203 884 5275 παρακλήσεως
928 5207 1021 5260 τὸν
1072 5209 1210 5278 πρὸς
1250 5212 1414 5265 αὐτὸν
1440 5211 1584 5266 θεῖον
1613 5213 1780 5268 αὐτοῦ
1809 5215 1897 5268 λό-

297 5311 418 5358 γον,
448 5292 562 5350 οἷον
599 5297 820 5368 πρῶτον
848 5300 942 5354 καὶ
965 5299 1196 5371 ἔσχατον
1227 5305 1640 5374 ἐμφανίζοντος,
1674 5309 1892 5379 πρῶτον

297 5386 366 5450 τῇ
401 5385 525 5458 θείᾳ
559 5386 743 5457 φύσει,
768 5389 996 5460 ἔσχατον
1025 5395 1092 5464 τῇ
1118 5395 1376 5468 σωτηρίῳ
1397 5399 1529 5468 ἡμῖν
1559 5398 1725 5451 αὐτοῦ
1753 5415 1895 5469 παρ-

297 5473 498 5544 ουσίᾳ,
550 5480 651 5561 ,καὶ
704 5480 906 5549 ζῶντα,
952 5485 1002 5537 εί
1047 5485 1142 5538 καὶ
1207 5487 1276 5541 δι’
1328 5489 1477 5559 ἡμᾶς
1521 5489 1888 5561 νεκψθέντα.

314 5564 458 5617 Ἀλλ’
510 5560 602 5620 οὖν
651 5567 829 5634 ζῶντα
859 5575 954 5627 καὶ
993 5576 1092 5640 τὰς
1122 5577 1272 5644 κλεῖς
1304 5581 1498 5650 ἔχοντα
1527 5560 1630 5635 τοῦ
1653 5581 1889 5636 θανάτου

2006 4668 2210 4724 eellant
2257 4684 2322 4722 ac
2385 4669 2675 4724 excedant.
2725 4667 2882 4734 Quod
2944 4665 3076 4723 Jesu
3143 4667 3224 4722 illi
3262 4668 3413 4722 Nave
3459 4683 3601 4724 con-

2001 4763 2124 4832 tigit
2152 4761 2217 4823 “,
2251 4777 2315 4816 ac
2336 4759 2547 4815 Danieli
2569 4761 2690 4814 viro
2711 4761 3116 4816 desideriorum
3147 4759 3193 4792 ³⁷
3223 4777 3237 4814 :
3273 4760 3350 4814 illi
3372 4761 3598 4830 quidem

2002 4855 2069 4907 ad
2134 4869 2414 4908 summum
2467 4853 2746 4907 exercitus
2805 4851 3075 4907 Dominici
3136 4852 3316 4909 visum
3373 4853 3596 4916 ducem,

2001 4947 2128 5001 huic
2161 4956 2342 5000 autem
2370 4947 2436 5000 ad
2463 4953 2718 5002 ostensas
2769 4946 2875 5001 sibi
2932 4947 3203 5002 visiones.
3267 4949 3460 5016 Itaque
3511 4948 3598 5002 his

2004 5035 2160 5089 aliine
2193 5036 2453 5104 quiddam
2476 5037 2642 5090 etiam
2672 5051 2818 5090 nunc
2842 5036 3075 5107 contigit
3099 5037 3471 5108 evangelista,
3500 5040 3594 5108 qui

2002 5127 2078 5180 ait
2098 5141 2156 5180 se
2177 5127 2496 5180 roboratum
2528 5127 2697 5181 [uisse
2731 5126 2959 5180 salutari
2983 5142 3149 5181 manu
3177 5127 3302 5184 Filii
3337 5127 3452 5190 Dei,
3472 5144 3597 5197 qua:

2005 5221 2185 5292 ipsum
2209 5220 2392 5288 tetigit
2431 5227 2554 5288 post
2580 5218 2826 5272 divinum
2856 5218 3254 5274 consolationis
3283 5218 3486 5272 factum
3523 5219 3594 5273 ad

2002 5329 2060 5368 se
2088 5325 2426 5374 sermonem,
2467 5324 2663 5379 nempe
2689 5309 3022 5364 declaranda
3052 5309 3202 5379 quod
3254 5310 3466 5379 primus
3521 5309 3596 5364 sit

1975 5420 2066 5477 ac
2087 5413 2396 5474 postremus
2425 5421 2446 5482 ε»
2462 5401 2674 5471 primus
2698 5401 2885 5456 divina
2917 5409 3138 5468 natura,
3168 5410 3478 5471 postremus
3505 5415 3597 5466 sa-

1994 5495 2162 5550 "iutari
2197 5495 2341 5550 iacta
2374 5495 2533 5550 nobis
2577 5493 2750 5565 ipsius
2789 5493 3085 5564 praesentia
3111 5510 3124 5548 :
3150 5492 3410 5564 quodque
3433 5492 3592 5557 vivus

1999 5587 2090 5651 sit,
2127 5586 2343 5641 etiamsi
2379 5595 2603 5656 propter
2637 5601 2738 5642 nos
2787 5584 2956 5640 fuerit
3003 5595 3292 5642 mortuus:
3348 5592 3590 5648 attamen

376 5741 770 5835 ’lgsalivnrv,
800 5751 856 5803 4.
933 5753 976 5785 ³³
1008 5754 1209 5835 Matth.
1245 5777 1317 5827 Iv,
1346 5762 1433 5815 51.
1515 5763 1559 5796 ³³
1593 5762 1758 5818 llcbr.
1798 5781 1870 5831 IV,

1999 5802 2012 5818 .
2091 5767 2134 5797 “
2169 5762 2400 5823 Malach.
2441 5783 2514 5835 ιν,
2557 5769 2608 5823 2.
2706 5767 2748 5801 ³⁸
2777 5765 2932 5821 Joan.
2973 5783 3012 5831 ι,
3041 5765 3094 5822 9.
3175 5763 3220 5795 “
3249 5762 3415 5819 Josue
3443 5777 3496 5828 ν,
3535 5759 3588 5815 1.

303 5815 351 5846 ³⁷
395 5812 534 5870 Dan.
568 5833 659 5881 vn,
699 5822 724 5873 ‘l
763 5836 918 5891 seqq.
953 5840 1006 5884 κ.
1039 5827 1126 5881 Η.

643 5913 915 5975 Parum.
961 5915 1080 5978 Gn.
1131 5918 1289 5980 CVI.

3203 5922 3280 5982 17
