4110 6430
641 388 746 451 5‘23
1461 390 1788 450 ARETILE
1831 390 2212 451 CAESAREAE
2253 389 2735 451 CAPPADOCI/E
2765 388 3107 453 EPISCOPI
3777 405 3858 471 524

637 508 847 566 vivitet
879 508 1060 564 claves
1088 507 1255 561 habet
1279 506 1469 562 mortis
1516 522 1579 561 ac
1618 507 1840 562 inferni.
1871 508 2007 563 Cum
2072 510 2201 579 igitn

2296 550 2307 578 ι
2340 510 2433 563 καὶ
2469 509 2564 563 τοῦ
2605 508 2750 579 ᾅδου.
2792 510 2881 573 Ὠς
2923 507 3019 564 οὖν
3043 509 3286 565 τοιοῦτον
3322 511 3515 583 ἔχοντα
3566 511 3761 587 βοηθὸν,
3788 540 3862 574 κε.

637 600 799 654 talem
842 598 1466 661 babeatauxiliatorem,
1504 598 1663 667 jubet
1696 613 1765 654 ne
1816 598 2100 665 formidet,
2147 610 2203 653 ut

2338 602 2484 655 λεύει
2518 600 2595 671 μὴ
2635 602 2937 669 φοϐεῖσθαι,
2982 600 3108 672 μηδ’
3153 604 3214 656 ἐν
3257 604 3408 675 αὕτῷ
3441 609 3863 681 προανακείμενον

636 692 843 761 queilli
870 692 1153 745 adhaerens
1202 689 1298 759 qui
1326 689 1457 743 vivit
1547 690 1601 743 in
1644 690 1846 744 saecula
1900 692 2203 761 sempitern;

2335 690 2413 760 τῷ
2446 690 2610 755 ζῶντι
2655 692 2735 754 είς
2765 691 3156 763 άτελευτήτους
3202 693 3404 757 αίῶνας
3452 696 3863 765 ὑποστείλασθαι,

635 799 745 838 non
770 793 1042 846 vereatur,
1071 782 1166 835 sed
1203 782 1414 851 absque
1450 781 1563 836 ullo
1584 790 1727 837 metu
1773 782 1977 838 scribat
1999 798 2062 838 ea
2110 797 2203 852 qua

2334 783 2472 836 ἀλλὰ
2496 784 2731 854 γράφειν
2758 784 3141 848 ἀνυποστόλως
3167 784 3204 838 θ.
3229 781 3361 848 εἶδε.
3393 787 3487 840 καὶ
3518 786 3554 840 d
3591 790 3711 855 εἰσὶ,
3736 795 3813 845 καὶ
3834 795 3863 846 ἃ

633 876 786 940 vidit,
817 887 871 929 et
893 889 1013 944 quae
1051 883 1179 928 sunt
1203 882 1258 928 et
1278 888 1399 944 qua:
1416 882 1645 929 ventura
1668 882 1818 937 sunt,
1842 875 1946 930 hoc
1974 884 2059 930 est
2089 889 2199 945 prae

2337 874 2519 944 μέλλει
2549 874 2826 946 ἔρχεσθαι,
2848 875 3013 929 οἱονεὶ
3044 877 3113 929 τὰ
3136 876 3475 948 παρελθόντα
3492 879 3586 932 καὶ
3610 882 3859 937 ἐνεστῶτι.

632 967 785 1021 terita
834 980 899 1019 ac
936 965 1225 1034 praesentia
1276 979 1439 1018 :nam
1494 966 1607 1019 haec
1640 964 1899 1019 dicuntur
1954 981 2075 1021 esse
2101 965 2203 1035 qui

2332 964 2520 1020 Ταῦτα
2548 966 2656 1037 γὰρ
2684 967 2794 1019 τῶν
2834 965 3027 1030 ὄντων,
3065 966 3183 1020 ἀλλ’
3230 968 3293 1020 οὐ
3315 967 3423 1021 τῶν
3459 970 3538 1031 εἰς
3566 970 3861 1041 άνυπαρξίιν

628 1057 773 1121 dem,
802 1056 894 1111 sed
929 1055 1174 1110 nondum
1203 1058 1473 1112 transisse
1504 1056 1559 1110 in
1611 1056 1891 1110 interitum
1928 1072 1941 1106 :
1976 1070 2084 1110 una
2128 1071 2227 1111 au-

628 1159 735 1203 tem
767 1163 889 1202 cum
925 1148 1011 1203 his
1042 1163 1104 1201 ea
1134 1163 1257 1217 quae
1284 1147 1530 1205 futurum
1576 1155 1662 1202 est
1687 1156 1745 1201 ut
1774 1146 1908 1202 fiant
1947 1147 2013 1202 ad
2039 1150 2226 1217 cogni-

625 1241 828 1294 tionem
874 1239 1303 1293 transeuntium.

698 1328 828 1381 Noti
856 1329 1058 1383 timere.
1106 1327 1328 1382 Visione
1359 1338 1741 1384 consternatus
1780 1327 2139 1397 evangelista,
2168 1336 2223 1381 et

622 1418 791 1473 veluti
820 1424 1071 1473 mortuus
1097 1428 1223 1473 ante
1258 1420 1421 1488 pedes
1459 1419 1577 1487 ejus
1612 1434 1777 1490 quem
1821 1418 2031 1474 viderat
2083 1433 2225 1474 con-

634 1510 884 1573 stitutus,
910 1510 1129 1564 audisse
1162 1525 1220 1564 se
1242 1510 1399 1565 dicit:
1423 1508 1553 1563 Noli
1589 1510 1791 1575 timere,
1821 1510 1979 1580 quasi
2010 1524 2218 1579 nequa-

622 1616 788 1672 quam
818 1600 999 1655 vivere
1036 1601 1304 1669 potuisset
1333 1617 1491 1657 sacer
1521 1600 1764 1658 Joannes
1813 1617 1927 1672 pra:
1970 1610 2212 1671 stupore,

622 1693 727 1745 nisi
770 1691 995 1745 salutari
1021 1692 1242 1745 dextera
1275 1699 1454 1746 tactus
1511 1692 1726 1757 fuisset,
1782 1692 2009 1762 soloque
2066 1700 2212 1746 tactu

623 1772 716 1837 illa
750 1778 929 1838 fuerit
987 1794 1247 1853 operatus
1304 1784 1607 1839 mirabilia.
1650 1783 1788 1839 Nam
1834 1800 1958 1856 ego,
2014 1784 2209 1855 inquit,

2331 1059 2750 1128 κεχωρηκότων.
2776 1058 2929 1111 Μετὰ
2948 1057 3154 1112 τούτων
3168 1058 3225 1112 δὲ
3246 1099 3261 1125 ,
3285 1058 3380 1112 καὶ
3400 1059 3436 1113 ὃ.
3457 1059 3637 1130 μέλλει
3658 1061 3859 1127 γίνεσθαι

2328 1146 2468 1216 πρὸς
2493 1148 2695 1215 γνῶσιν
2720 1147 2829 1202 τῶν
2861 1149 3292 1220 μετερχομένων.

2394 1303 2493 1371 Μὴ
2527 1304 2737 1373 φοϐοῦ.
2772 1305 3166 1374 Καταπλαγεὶς
3206 1308 3271 1376 τῇ
3304 1305 3402 1377 θέᾳ
3429 1306 3457 1359 ό
3489 1308 3854 1386 εύαγγελιστὴς,

2325 1392 2419 1445 καὶ
2465 1392 2541 1456 ὼς
2590 1393 2784 1463 νεκρὸς
2832 1393 3121 1457 ὑποτεθεὶς
3167 1394 3245 1465 τῷ
3293 1395 3560 1467 ὁρωμένῳ
3605 1402 3730 1469 πρὶς
3756 1410 3855 1469 τοὺς

2322 1482 2509 1548 πόδας,
2538 1482 2771 1537 ἀκοῦσαί
2796 1499 2952 1554 φησι,
2976 1482 3073 1551 Μὴ
3097 1482 3311 1552 φοϐοῦ,
3340 1484 3415 1547 ὠς
3448 1486 3548 1539 ούκ
3578 1489 3640 1541 ἂν
3672 1490 3854 1560 ἰσχύσας

2320 1576 2422 1646 ζῇν
2443 1577 2473 1629 δ
2508 1575 2652 1642 ἱερὸς
2708 1575 2965 1645 Ἰωάννης
3012 1577 3078 1628 ἐκ
3107 1574 3207 1646 τῆς
3243 1575 3655 1646 καταπλήξεως,
3689 1582 3753 1651 μὴ
3778 1584 3851 1651 τῆς

2321 1665 2593 1737 σωτηρίου
2642 1666 2822 1733 δεξιᾶς
2853 1666 3145 1737 άψαμένης
3171 1668 3340 1722 αὐτοῦ
3366 1668 3469 1739 τῆς
3496 1670 3711 1724 πλεῖστα
3748 1676 3854 1745 μόνῃ

2315 1761 2383 1829 τῇ
2413 1760 2525 1831 ἀφῇ
2553 1760 2938 1831 ἐργασαμένης
2966 1759 3268 1830 θαυμάσια.
3301 1761 3446 1830 Ἐγὼ
3483 1770 3591 1832 γάρ
3621 1763 3751 1832 εἰμι,
3775 1782 3854 1833 φη-

620 1878 745 1929 έυιῐι
774 1875 845 1928 ob
887 1873 1119 1929 salutem
1145 1875 1386 1928 omnium
1418 1884 1662 1929 vestrum
1702 1874 2023 1929 novissimis
2072 1883 2203 1928 tem-

2322 1854 2427 1915 σὶν,
2459 1853 2488 1904 ό
2514 1852 2608 1903 ἐπὶ
2634 1850 2880 1921 σωτηρίᾳ
2914 1851 3143 1906 πάντων
3175 1852 3331 1922 ὑμῶν
3359 1853 3451 1906 ἐπ’
3483 1853 3721 1923 ἐσχάτων
3759 1872 3855 1907 χαις

618 1965 847 2035 poribus
878 1964 943 2019 ad
975 1980 1070 2020 vos
1100 1981 1225 2019 cum
1249 1978 1415 2019 carne
1452 1979 1776 2028 conversus,
1797 1971 1851 2018 et
1879 1983 1897 2016 ι
1935 1965 2214 2036 primoge-

616 2056 767 2111 nitus
796 2055 977 2110 omnis
995 2066 1263 2110 creatura:
1296 2055 1362 2109 ³⁸.
1410 2071 1430 2106 ›
1458 2053 1747 2120 Quomodo
1768 2055 1930 2125 igitur
1956 2056 2216 2125 possibile

621 2152 771 2204 esset
808 2156 867 2203 ut
895 2146 1024 2201 mali
1058 2146 1340 2217 quidpiam
1367 2162 1432 2201 ea
1459 2161 1581 2201 mea
1611 2147 1954 2218 apparitione
2000 2156 2216 2218 patere-

614 2242 692 2297 ris
722 2240 746 2295 ?
783 2239 919 2296 Nam
951 2241 996 2297 si
1031 2240 1153 2295 vivo
1176 2255 1241 2294 ac
1271 2239 1393 2295 fons
1429 2240 1555 2295 vitae
1593 2255 1742 2303 sum,
1798 2248 1853 2295 et
1891 2248 2208 2310 quanquam

610 2340 838 2404 propter
862 2346 962 2387 vos
987 2340 1238 2386 mortuus
1261 2347 1403 2397 sum,
1427 2345 1648 2385 rursum
1678 2340 1863 2386 tamen
1886 2331 2209 2387 conculcata

610 2436 789 2481 morte
822 2425 1032 2481 revixi:
1067 2425 1345 2496 quomodo
1384 2422 1649 2492 possibile
1666 2432 1812 2479 esset
1850 2432 1909 2479 ut
1932 2434 1987 2479 tu
2014 2424 2105 2495 qui
2128 2425 2213 2478 vi.

609 2517 715 2585 vis,
739 2526 962 2588 propter
990 2530 1077 2572 me
1105 2524 1160 2572 et
1188 2515 1293 2570 mei
1334 2523 1619 2584 aspectum
1672 2515 1969 2571 morereris
2000 2514 2024 2569 ‘i
2052 2514 2210 2581 Quod

610 2614 658 2670 si
704 2611 869 2666 etiam
896 2609 1079 2663 claves
1096 2608 1272 2662 habeo
1312 2606 1508 2660 mortis
1540 2594 1604 2660 ac
1634 2605 1859 2669 inferni,
1898 2606 2020 2661 ideo
2058 2622 2212 2677 quo-

610 2708 717 2777 que
748 2701 965 2757 vivilieo
993 2709 1049 2756 et
1073 2698 1367 2763 mortiﬁco,
1393 2699 1603 2753 deduco
1631 2699 1699 2753 ad
1760 2697 1966 2754 inferos
2005 2713 2072 2754 ac
2126 2714 2210 2754 re-

609 2798 751 2853 duco
778 2795 843 2858 τ’,
870 2813 888 2845 ι
922 2793 1137 2862 meique
1166 2800 1297 2846 sunt
1338 2809 1384 2855 ι,
1418 2789 1571 2845 utait
1595 2788 2208 2859 Propheta,¢transitus

608 2888 805 2943 mortis
827 2886 874 2919 ⁸ο
909 2901 977 2938 ιλ»
1014 2898 1361 2955 nequaquam
1421 2898 1574 2938 meos
1617 2883 1857 2937 cultores
1911 2891 2207 2953 antequam

608 2981 861 3052 expediat
890 2978 1104 3033 mittam
1142 2978 1195 3031 in
1238 2988 1493 3041 mortem,
1532 2975 1640 3030 nisi
1680 2975 1919 3045 primum
1944 2974 2011 3029 ad
2072 2976 2212 3030 scri-

606 3071 845 3129 bendum
885 3070 1207 3125 admoveam
1238 3083 1302 3122 ea
1334 3084 1457 3139 quae
1496 3072 1809 3138 cognitione
1848 3069 2011 3139 digna
2056 3078 2204 3124 sunt.

677 3164 721 3229 Ι,
749 3163 838 3228 19,
867 3162 959 3216 ‘20.
1010 3159 1190 3215 Scribe
1216 3174 1332 3229 qua!
1379 3159 1558 3212 vidisti
1591 3168 1642 3212 et
1673 3173 1793 3229 qua:
1823 3168 1948 3212 sunt
1976 3167 2027 3212 et
2085 3173 2206 3229 quae
2230 3195 2275 3258 C

606 3258 848 3327 futurum
867 3264 943 3309 est
968 3264 1022 3307 ut
1056 3255 1191 3323 [iant
1213 3263 1329 3322 post
1368 3251 1501 3305 lucc.
1537 3253 1852 3322 Mysterium
1882 3251 2043 3323 661
2111 3267 2199 3305 se-

603 3359 745 3419 ptem
768 3345 1045 3400 neflarum
1070 3360 1201 3415 quas
1224 3343 1403 3397 vidisti
1427 3344 1481 3394 in
1502 3342 1732 3396 dextera
1759 3359 1898 3407 mea,
1929 3353 1978 3395 et
1997 3352 2192 3412 septem

588 3439 927 3494 candelabra
946 3452 1132 3490 aurea.
1170 3435 1384 3504 Septem
1415 3433 1609 3500 steHa’,
1642 3433 1821 3504 angeli
1852 3443 2049 3503 septem
2086 3432 2198 3486 Ec-

602 3532 889 3587 clesia‘rum
919 3538 1044 3584 sum
1062 3543 1082 3581 :
1102 3536 1152 3581 et
1183 3526 1507 3581 candelabra
1530 3534 1748 3594 septem,
1788 3534 1987 3596 septem
2012 3524 2198 3579 Eccle-

602 3629 696 3682 sia
715 3636 858 3681 sunt.

612 3716 617 3721 ’
669 3716 806 3782 Quae
835 3730 865 3770 a
901 3722 1092 3770 sancto
1121 3715 1235 3767 visa
1263 3719 1410 3775 sunt,
1436 3711 1637 3779 partim
1662 3707 1882 3779 quidem
1907 3708 2021 3779 jam
2054 3708 2194 3764 faeta

603 3816 754 3873 sum,
802 3805 1105 3877 quaeetiam
1130 3805 1285 3874 juxta
1318 3811 1536 3872 tempus
1554 3800 1667 3872 jam
1728 3801 2024 3856 terminum
2070 3817 2193 3858 sor-

603 3902 701 3954 tita
724 3909 873 3963 sunt,
911 3912 1020 3952 non
1072 3907 1252 3951 tamen
1284 3894 1358 3950 ita
1385 3902 1446 3948 ut
1476 3894 1643 3949 etiam
1670 3893 1724 3947 in
1752 3893 2035 3948 interitum
2075 3894 2191 3964 jam

602 3991 856 4047 abierint.
882 3989 1005 4044 ldeo
1028 4002 1249 4059 quoque
1278 3986 1347 4042 de
1370 3986 1504 4057 ipsis
1526 3985 1692 4040 dixit:
1716 3983 1854 4051 Quae
1876 3996 1997 4039 sunt
2026 4003 2039 4040 :
2069 4002 2195 4057 par-

602 4084 700 4137 tim
751 4081 966 4137 vero'ln
1002 4088 1256 4150 promptu
1291 4086 1443 4142 sunt,
1475 4086 1535 4132 ut
1587 4086 1869 4133 transeant
1899 4096 1910 4131 :
1938 4092 2190 4133 rursum-

599 4192 705 4245 que
735 4175 802 4230 de
831 4174 1109 4229 nonnullis
1142 4173 1391 4227 futurum
1420 4180 1504 4227 est
1535 4180 1597 4226 ut
1620 4171 1774 4235 fiant,
1805 4170 1971 4225 veluti
2006 4171 2060 4225 in
2098 4185 2193 4225 se-

597 4268 893 4338 quentibus
921 4282 1103 4323 sermo
1124 4264 1438 4336 explicabit.

669 4360 984 4431 Mysterium
1000 4370 1198 4431 septem
1220 4358 1519 4414 stellarum.
1573 4356 1844 4425 Quoniam
1874 4357 1977 4429 ipsi
2014 4357 2189 4429 signi-

600 4455 785 4509 ﬁcavit
828 4468 1081 4523 quamam
1130 4453 1245 4506 sint
1280 4462 1489 4522 septem
1530 4452 1701 4507 stellae
1729 4461 1785 4506 et
1838 4450 2078 4505 lucerna:
2124 4467 2190 4505 ac

2323 1940 2435 2011 ρῶν
2464 1942 2932 2012 συναναστραφεὶς
2963 1942 3093 2012 ὑμῖν
3124 1943 3263 2013 μετά
3294 1945 3519 2015 σαρκὸς,
3550 1946 3641 1998 καὶ
3678 1962 3697 1996 ι
3736 1962 3855 2016 πρω-

2319 2032 2541 2095 τότοκος
2596 2033 2779 2104 πάσης
2827 2034 3080 2098 κτίσεως.
3140 2053 3160 2086 ι
3234 2036 3357 2099 Πῶς
3415 2035 3510 2089 οὖν
3557 2031 3665 2089 οἷόν
3716 2040 3768 2091 τέ
3810 2055 3855 2089 σε

2319 2123 2515 2177 παθεῖν
2558 2141 2611 2177 τι
2658 2124 2830 2179 κακὸν
2873 2127 2938 2178 ἐκ
2978 2126 3075 2196 τῆς
3117 2127 3441 2196 ἐπιφανείας
3493 2139 3626 2197 μου;
3676 2129 3730 2180 Ei
3772 2129 3855 2197 γὰρ

2319 2216 2429 2282 ζῶν
2482 2218 2578 2271 καὶ
2626 2219 2779 2288 πηγὴ
2823 2217 2972 2287 ζωῆς
3012 2217 3274 2288 ὑπάρχων
3304 2220 3386 2287 (εἰ
3416 2219 3476 2273 δὲ
3510 2220 3602 2273 καὶ
3645 2220 3706 2272 δι’
3738 2220 3852 2289 ὑμᾶς

2316 2308 2589 2378 ἐγενόμην
2642 2307 2854 2379 νεκρὸς,
2900 2308 3016 2361 ἀλλ’
3062 2305 3220 2371 αὖθις
3254 2310 3491 2363 άνεόίων
3519 2312 3752 2380 πατήσας
3783 2312 3852 2362 τὸν

2318 2397 2603 2468 θάνατον),
2654 2399 2771 2461 πῶς
2801 2392 2913 2452 οἷόν
2961 2400 3021 2452 τέ
3054 2417 3112 2453 σε
3167 2400 3259 2453 τὸν
3295 2400 3510 2467 ζῶντα,
3542 2401 3607 2454 δι’
3640 2403 3733 2471 ἐμὲ
3781 2402 3851 2453 καὶ

2315 2491 2414 2560 τὴν
2458 2491 2598 2561 ἐμὴν
2626 2490 2895 2544 ὀπτασίαν
2933 2491 3186 2560 γενέσθαι
3218 2493 3452 2563 νεκρόν;
3488 2495 3549 2547 Εἰ
3576 2494 3630 2546 δὲ
3660 2496 3743 2546 καὶ
3770 2494 3852 2563 ἔχω

2314 2579 2414 2641 τὰς
2465 2578 2615 2642 κλεῖς
2661 2581 2756 2633 τοῦ
2805 2580 3038 2634 Θανάτου
3069 2582 3162 2635 καὶ
3190 2581 3286 2635 τοῦ
3336 2582 3491 2653 ᾆδον,
3534 2583 3614 2636 διδ
3644 2583 3850 2649 καὶζωο-

2315 2670 2463 2736 γονῶ
2515 2670 2609 2723 καὶ
2692 2672 2919 2739 κατάγω
2974 2673 3054 2735 εἰς
3115 2671 3242 2742 ᾅδου
3314 2675 3406 2725 xxi.
3486 2674 3700 2744 άνάγω,
3759 2674 3848 2735 καὶ,

2319 2779 2341 2813 t
2392 2760 2561 2833 Ἐμοῦ
2607 2764 2765 2829 εἰσιν,
2791 2781 2810 2815 ι
2842 2764 2917 2827 ὡς
2948 2766 2975 2817 ὁ
3004 2766 3291 2835 προφήτης
3325 2766 3517 2835 φησὶν,
3547 2785 3562 2815 ι
3589 2769 3641 2819 αἱ
3671 2766 3849 2831 διέξοδοι

2314 2851 2410 2906 τοῦ
2446 2852 2705 2918 θανάτου,
2747 2871 2764 2904 ι
2786 2854 2885 2906 οὐκ
2908 2851 2974 2907 ἂν
3003 2854 3130 2916 τοὺς
3168 2856 3337 2923 ἐμοὺς
3375 2856 3747 2924 προσκυνητάς
3768 2857 3849 2924 πρὸ

2312 2946 2406 3001 τοῦ
2446 2947 2779 3018 καθήκοντος
2836 2946 3198 3018 παραπέμψω
3255 2946 3334 3016 τῷ
3389 2947 3642 3018 θανάτῳ,
3692 2947 3749 3000 ἄν
3792 2948 3850 3016 μὴ

2312 3039 2521 3110 γράψαι
2553 3038 2841 3109 ὑποθῶμαι
2868 3039 2937 3093 τὰ
2956 3040 3211 3107 γνώσεως
3235 3039 3380 3107 ἄξια.

2380 3130 2635 3200 Γράψον
2687 3128 2727 3183 ἃ
2767 3128 2946 3196 εἶδες,
2975 3130 3075 3184 καὶ
3116 3131 3155 3183 d
3191 3131 3333 3196 εἰσὶ,
3366 3131 3471 3186 καὶ
3500 3132 3537 3185 ἂ
3564 3130 3758 3201 μέλλει
3781 3129 3847 3196 γί-

2308 3223 2523 3276 νεσθαι
2565 3220 2726 3291 μετὰ
2790 3221 2997 3276 ταῦτα.
3062 3224 3132 3277 Τὸ
3186 3223 3534 3291 μυστήριον
3580 3220 3692 3276 τῶν
3732 3221 3849 3274 ἑπτὰ

2306 3313 2578 3382 ἀστέρων
2618 3308 2707 3369 ὧν
2746 3311 2904 3381 εἶδες
2943 3315 3041 3369 ἐπὶ
3089 3314 3202 3383 τῆς
3242 3314 3454 3381 δεξιᾶς
3474 3334 3612 3385 μου,
3654 3313 3847 3374 καὶτὰς

2306 3406 2456 3464 ἑπτὰ
2477 3409 2737 3477 λυχνίας
2776 3407 2881 3474 τὰς
2920 3405 3178 3477 χρυσᾶς.
3206 3410 3272 3461 οι
3303 3408 3457 3461 ἑπτὰ
3482 3407 3739 3475 ἀστέρες,
3763 3404 3843 3473 ἄξι-

2306 3503 2471 3569 τελοι
2511 3498 2630 3553 τῶν
2655 3499 2804 3554 ἑπτὰ
2837 3498 3216 3567 Ἐκκλησιῶν
3239 3502 3380 3555 εἱσι.
3424 3501 3529 3555 Καὶ
3560 3501 3617 3553 αι
3639 3498 3847 3567 λυχνίαι

2305 3594 2365 3645 αὶ
2388 3591 2558 3656 ἑπτὰ,
2588 3591 2739 3646 ἑπτὰ
2782 3592 3133 3658 Ἐκκλησίαι
3163 3591 3305 3645 εἰσί.

2376 3684 2460 3737 Td
2505 3684 2783 3753 ὁραθέντα
2820 3684 2899 3754 τῷ
2944 3683 3105 3755 ἁγίῳ,
3149 3683 3219 3736 τὰ
3249 3683 3349 3754 μὲν
3379 3684 3483 3755 ἢδη
3518 3682 3784 3751 γεγόνασιν
3819 3677 3846 3730 ἃ

2304 3776 2401 3830 καὶ
2453 3776 2629 3845 πέρας
2671 3775 2772 3845 ήδη
2821 3774 3014 3844 ἔχοντα
3053 3773 3351 3843 ἐτύγχανον
3396 3774 3538 3828 κατὰ
3566 3771 3757 3843 καιρὸν,
3797 3769 3842 3821 οὗ

2307 3869 2492 3938 μέντοι
2544 3866 2641 3920 καὶ
2673 3868 2753 3929 εἰς
2793 3864 3136 3936 άνυπαρξίαν
3173 3861 3242 3936 ἦν
3271 3866 3740 3938 συγκεχωρηκότα.
3774 3860 3845 3913 Διὸ

2302 3960 2398 4012 καὶ
2428 3958 2557 4028 περὶ
2585 3957 2767 4013 αὐτῶν
2793 3952 2990 4027 ζεῖπεν,
3022 3959 3091 4012 Ἀ
3127 3956 3281 4012 ἐστί.
3318 3959 3403 4012 Τά
3432 3959 3488 4011 δὲ
3521 3958 3703 4025 ἕτοιμα
3730 3970 3845 4021 παρ-

2301 4047 2500 4113 ελθεῖν,
2539 4047 2607 4101 τά
2650 4046 2707 4099 δὲ
2759 4046 2945 4117 μέλλει
2996 4047 3264 4116 γίνεσθαι,
3312 4047 3390 4112 ὡς
3436 4045 3635 4118 προῖὼν
3665 4043 3844 4110 δλόγος

2300 4144 2325 4195 ὲ
2336 4143 2434 4211 ρεῖ.

2374 4366 2445 4421 Τὸ
2466 4364 2806 4435 μυστήριον
2835 4362 2951 4417 τῶν
2988 4363 3138 4417 ἑπτὰ
3174 4360 3470 4429 ἀστέρων.
3516 4358 3661 4413 Ἐπεὶ
3692 4351 3839 4410 6:555:-

2298 4476 2473 4528 φησεν
2504 4456 2652 4526 αὐτῷ
2692 4455 2836 4519 τίνες
2884 4471 2943 4508 τε
2974 4456 3021 4507 oi
3053 4453 3193 4506 ἑπτὰ
3222 4453 3452 4521 ἀστέρες
3492 4451 3583 4504 καὶ
3612 4451 3657 4502 οἱ
3690 4447 3841 4515 λύχνοι

595 4546 945 4609 candelabra,
988 4546 1153 4611 lituus
1177 4559 1397 4612 quoque
1430 4544 1603 4612 gratia
1636 4543 1814 4612 ipsum
1835 4543 2187 4613 eruditquaz-

2296 4554 2393 4606 καὶ
2420 4553 2474 4604 αἱ
2506 4549 2742 4621 λυχνίαι.
2770 4547 2963 4602 τούτου
2996 4547 3157 4617 χάριν
3187 4547 3282 4600 καὶ
3309 4546 3345 4599 ἂ
3372 4546 3455 4598 δεῖ
3477 4543 3609 4615 πρὸς
3638 4542 3841 4605 ἑκάστην

594 4651 728 4691 nam
761 4635 994 4704 singulis
1033 4635 1292 4691 dicturus
1312 4636 1387 4691 sit
1442 4633 1727 4689 Ecclesiis.
1761 4633 1957 4688 Stellas
2006 4643 2190 4688 autem

2296 4646 2475 4698 εἰπεῖν
2509 4642 2840 4713 Ἐκκλησίαν
2865 4640 3221 4704 συνετίζεται.
3257 4638 3313 4690 Ἀ
3324 4639 3523 4707 στι-ερας
3545 4636 3599 4689 δὲ
3618 4634 3732 4694 τοὺς
3758 4630 3839 4696 ἀγ·

600 4735 762 4781 vocat
790 4725 1012 4795 angelos
1049 4724 1420 4779 Ecclesiarum
1444 4723 1751 4793 praefectos,
1798 4732 1985 4794 utpote
2018 4726 2192 4778 lucem

2296 4734 2485 4803 γέλους
2535 4735 2662 4796 τοὺς
2705 4732 2816 4785 τῶν
2863 4731 3200 4800 Ἐκκλησιῶν
3234 4728 3467 4800 ἐφόρους
3504 4726 3673 4789 καλεῖ,
3704 4722 3768 4783 ὡς
3794 4717 3840 4781 ἐξ

598 4819 825 4873 sortitos
855 4818 925 4872 ab
953 4820 1073 4888 ipso
1109 4815 1237 4871 Sole
1274 4815 1506 4884 iustitia:
1537 4834 1550 4869 :
1594 4817 1739 4885 quod
1785 4821 1951 4870 etiam
1999 4817 2192 4887 opina—

600 4920 688 4965 tus
713 4919 799 4965 est
833 4909 1109 4981 quispiam
1126 4923 1317 4964 eorum
1341 4908 1436 4977 qui
1473 4908 1785 4964 forinsecus
1813 4918 1943 4962 sunt
1971 4909 2192 4976 sapien-

602 5010 683 5057 tes
714 5001 779 5057 de
799 5001 1046 5057 sensibili
1102 5000 1243 5067 sole,
1296 5015 1491 5069 nempe
1531 5001 1678 5071 quod
1719 5001 1787 5055 ab
1848 5001 1965 5077 ipso
2024 5001 2193 5056 stella:

595 5092 772 5149 lucem
804 5094 1134 5163 acciperent.
1173 5092 1448 5148 Lucernas
1486 5108 1618 5148 vero
1644 5091 1758 5147 sive
1782 5092 2060 5157 candelas,
2106 5093 2189 5146 vi-

594 5204 690 5245 ros
729 5202 918 5245 sacros
947 5188 1015 5243 ad
1048 5187 1154 5243 hoc
1192 5187 1475 5242 ordinatos
1503 5197 1560 5241 ut
1590 5185 1799 5240 Christi
1828 5186 2187 5241 illuminatio-

596 5295 720 5335 nem
771 5278 1188 5349 locnpletarent,
1233 5287 1288 5334 et
1323 5278 1649 5349 ignorantiae
1693 5277 1948 5332 tenebras
1977 5292 2099 5347 quae
2130 5277 2183 5329 in

595 5371 852 5441 praesenti
875 5371 985 5427 vita
1029 5380 1159 5427 sunt
1200 5371 1598 5441 dispergerent.
1641 5368 1814 5425 Porro
1854 5369 2182 5424 candelabra

584 5462 743 5532 ipsas
765 5461 1041 5519 Ecclesias
1070 5472 1327 5532 tanquam
1353 5460 1589 5518 ferentes
1605 5462 1922 5526 luminaria,
1944 5462 2034 5531 qni
2052 5465 2206 5516 sunt'

597 5565 983 5626 praeceptores,
998 5558 1157 5626 juxta
1175 5556 1423 5619 Paulum,
1442 5555 1483 5587 ’⁶¹
1514 5570 1825 5611 sermonem
1850 5556 1973 5609 \"ttzc
2000 5554 2179 5608 conti-

590 5646 827 5703 ~nentes:
861 5650 1117 5706 universa
1149 5664 1277 5705 vero
1319 5663 1507 5715 aurea,
1549 5660 1765 5718 propter
1808 5647 2180 5702 sinceritatem

2291 4828 2459 4882 αὐτοῦ
2491 4826 2586 4881 τοῦ
2627 4826 2809 4879 Ἠλίου
2836 4825 2938 4895 τῆς
2979 4822 3330 4892 δικαιοσύνης
3358 4821 3419 4875 τδ
3462 4821 3575 4890 φῶς
3604 4832 3839 4890 χορηγου·

2296 4923 2492 4991 μένους
2515 4938 2528 4950 ·
2584 4921 2723 4989 ὅπερ
2755 4918 2849 4973 καί
2884 4934 2969 4981 τις
3006 4916 3116 4969 τῶν
3146 4914 3383 4984 θύραθεν
3417 4912 3600 4983 σοφῶν
3624 4905 3838 4980 περὶτοῦ

2292 5010 2549 5082 αἰσθητθῦ
2595 5010 2747 5080 ἡλίου
2779 5009 3055 5073 ἐδόξασεν,
3084 5008 3159 5070 ὡς
3199 5007 3257 5073 ἐξ
3285 5005 3453 5060 αὑτοῦ
3486 5007 3609 5068 τοὺς
3637 5003 3839 5070 ἀστέρας

2288 5104 2349 5155 τὸ
2382 5105 2496 5172 φῶς
2545 5100 2946 5171 λαμϐάνοντας.
2980 5098 3225 5169 Λύχνους
3246 5096 3326 5159 δὲ,
3362 5096 3492 5159 τοὺς
3520 5094 3608 5147 τὸν
3634 5082 3839 5159 Χριττοῦ

2291 5193 2571 5262 φωτισμὸν
2606 5193 2785 5261 ἱεροὺς
2814 5192 3012 5261 ἄνδρας
3046 5191 3445 5243 καταπλουτεῖν
3474 5183 3836 5253 τεταγμένους,

2291 5287 2385 5338 καὶ
2427 5284 2519 5337 τὸν
2571 5284 2669 5352 τῆς
2716 5284 2999 5351 ἀγνωσίας
3053 5282 3245 5334 σκότον
3297 5279 3391 5332 τοῦ
3445 5276 3700 5347 παρόντος
3733 5270 3829 5341 βίον

2287 5376 2761 5439 διασκεδάζοντας.
2782 5374 3015 5444 Λυχνίας
3032 5372 3090 5426 δὲ
3110 5372 3206 5437 τὰς
3239 5372 3567 5441 Ἑκκλησίας
3588 5368 3657 5430 ὡς
3682 5365 3835 5433 ὄχημα

2289 5469 2399 5523 τῶν
2435 5469 2761 5539 φωστήρων.
2803 5465 3125 5520 Διδάσκαλοι
3155 5465 3212 5517 δὲ
3240 5459 3408 5529 οὗτοι,
3445 5460 3584 5515 κατὰ
3632 5453 3832 5539 Παῦλον,

2291 5561 2447 5628 λόγον
2482 5536 2980 5629 ξωῆξὲπέχοντες·
3025 5556 3228 5626 χρυσαῖ
3251 5554 3307 5607 δὲ
3338 5553 3507 5605 πᾶσαι
3543 5543 3627 5597 διὰ
3654 5536 3830 5629 wax-g-

2294 5625 2489 5721 66ᾖλόν
2517 5625 2912 5718 τεκαὶ-τίμιον
2958 5625 3148 5717 τῆςὲν
3183 5644 3374 5706 αὐταῖς
3412 5640 3660 5699 πίστεως.
3698 5625 3831 5682 Ἐκά-

658 5824 710 5858 ³⁸
736 5825 947 5883 Coloss.
982 5829 1135 5893 1,15.
1211 5832 1255 5865 "
1291 5830 1474 5902 lReg.
1513 5846 1551 5900 I,
1579 5832 1633 5888 6.
1704 5831 1747 5864 ⁸ο
1781 5829 1930 5890 Psal.
1958 5845 2132 5897 vau,
2166 5829 2257 5884 21.
2338 5828 2378 5860 δ’
2419 5826 2619 5902 Philip,
2644 5843 2705 5894 τι,
2740 5826 2827 5881 15.
