4110 6406
300 390 411 459 525
1380 388 1766 462 COMMENT.
1811 393 1893 461 IN
1928 390 2462 461 APOCALYPSIN.
3473 400 3577 463 536

300 520 406 576 στῃ
433 504 490 557 δὲ
528 504 612 558 ὅτι
647 506 879 575 ἄγγελος
927 508 1233 574 ἐπιστατεῖ,
1264 510 1357 563 καὶ
1395 511 1424 562 6
1451 510 1713 579 Θεολόγος
1747 509 1889 580 Γρη-
1919 565 1923 578 ε

1953 526 2058 577 ,σε
2087 511 2408 580 dignitatem
2467 506 2686 563 latentis
2720 507 2774 562 in
2822 505 2953 577 ipsis
3002 505 3147 562 ﬁdei.
3207 505 3364 573 Quod
3413 509 3576 563 etiam

300 597 503 667 γὸριος,
537 597 613 661 ὡς
642 597 876 669 ἔφημεν,
903 600 1288 671 παραθέμενος
1319 600 1683 655 ἐπιστώσατο.
1726 603 1881 655 ’Estst

1986 603 2183 671 cuique
2240 599 2500 656 Ecclesiae
2563 598 2852 668 praefectus
2926 598 2999 653 sit
3065 598 3335 669 angelus,
3412 600 3578 653 etiam

291 692 352 745 δὲ
393 691 567 746 ταῦτα
614 694 949 764 ὲφανέρωσε,
992 696 1088 748 καὶ⁵
1131 694 1166 748 ἃ
1191 695 1274 749 δεῖ
1316 696 1453 766 πρὸς
1485 698 1725 767 ἑκάστην
1771 697 1882 751 τῶν

1984 693 2287 763 Gregorius
2346 690 2679 761 Theologus,
2732 702 2792 746 ut
2855 690 3119 755 diximus,
3172 691 3336 745 citata
3388 702 3584 746 aucto-

308 785 649 853 Ἐκκλησιῶν
696 785 789 837 τὸν
837 786 1014 839 ταῦτα
1063 786 1529 857 θεοκλυτούμενον
1568 787 1873 859 διαμαρτύ-

1988 788 2148 842 ritate
2185 785 2552 841 conlirmavit.
2584 784 2859 840 Ceterum
2914 784 3178 854 quoniam
3229 784 3346 838 haec
3403 786 3583 838 mani-

295 877 515 945 ρασθαι,
567 877 823 948 ἐπιφέρει
870 878 1080 942 λοιπὸν,
1132 882 1228 934 καὶ
1250 880 1402 944 ὅπως
1424 882 1525 950 τὴν
1559 881 1657 951 μὲν
1685 881 1870 935 τέλεον

1987 880 2229 945 festavit,
2294 890 2350 934 et
2420 879 2663 949 oportuit
2739 877 3037 948 unicuique
3110 876 3371 933 Ecclesiae
3459 892 3586 931 eum

291 968 405 1033 ἔξω
451 969 742 1039 βαίνουσαν
781 972 877 1025 τοῦ
914 969 1060 1026 θείου
1099 973 1305 1027 σκοποῦ
1351 973 1704 1027 αἰτιάσασθαι
1748 975 1879 1045 χρὴ,

1986 973 2081 1041 qui
2120 973 2235 1027 hac
2270 987 2301 1026 a
2372 971 2479 1027 Deo
2551 971 2849 1037 audierat,
2966 968 3323 1025 manifestare
3355 1010 3371 1035 ,
3450 968 3583 1024 sub-

293 1057 584 1111 ἐπαινέσαι
611 1056 668 1112 δὲ
701 1061 830 1123 τοὺς
858 1061 952 1115 τοῦ
980 1062 1314 1131 Εὐαγγελίου
1343 1063 1544 1134 δρόμου
1567 1064 1879 1134 συλλόγους,

1983 1064 2161 1133 jungit
2226 1064 2484 1132 deinceps
2522 1073 2579 1118 et
2629 1064 2905 1133 quomodo
2943 1062 3087 1116 hanc
3142 1061 3363 1132 quidem
3435 1060 3592 1130 penio

293 1146 792 1220 ἐπιδιορθώσασθαι
811 1151 869 1205 δὲ
895 1152 993 1217 τὰς
1022 1156 1082 1208 ἐν
1110 1154 1266 1226 μέρει
1295 1154 1599 1219 πταιούσας
1626 1158 1737 1219 τοῖς
1762 1154 1885 1208 κατ’

1989 1158 2078 1209 tus
2129 1161 2287 1208 extra
2338 1153 2583 1207 divinam
2632 1152 2973 1207 voluntatem
3014 1151 3351 1223 gradientem
3398 1151 3593 1205 redar-

291 1234 545 1311 ἀλλήλων
586 1243 882 1298 νουθεσιῶν
920 1246 1237 1317 φαρμάκοις
1267 1247 1740 1319 διαπεμψάμενον.
1774 1247 1885 1301 Καὶ

1989 1260 2157 1315 gnere
2204 1253 2503 1313 oporteat:
2569 1244 2769 1298 missus
2829 1252 3013 1299 autem
3066 1243 3140 1299 sit
3196 1252 3257 1299 ut
3313 1242 3590 1298 collaudct

287 1331 379 1395 τίς
410 1334 644 1389 δ’ταῦτα
676 1334 978 1403 θεσπίζων,
1017 1338 1138 1391 ἀλλ’
1170 1338 1203 1409 ἧ
1238 1356 1257 1389 s
1291 1338 1320 1392 6
1346 1340 1557 1402 πάντας
1588 1336 1761 1391 θέλων
1790 1339 1885 1392 ἁνυ-

1992 1346 2169 1393 cmtus
2194 1336 2249 1390 in
2305 1335 2505 1405 quibus
2560 1334 2717 1403 juxta
2766 1334 3122 1405 Evangelium
3175 1334 3462 1390 curritur:
3495 1350 3592 1389 eas

290 1416 552 1494 θριῦπους
597 1418 838 1497 σωθῆναι
887 1426 984 1481 καὶ
1038 1430 1118 1494 είς
1166 1430 1465 1501 ἐπίγνωσιν
1497 1431 1758 1499 ἀληθείας
1794 1430 1885 1483 ὲλ-

1996 1436 2179 1480 autem
2229 1425 2491 1480 ecclesias
2523 1439 2645 1494 qua:
2675 1424 2731 1478 in
2757 1433 2914 1494 parte
2944 1424 3310 1494 impegerunt,
3351 1425 3595 1494 corrigat

290 1513 449 1581 θεῖν;
485 1534 503 1566 ι
533 1509 641 1569 Καὶ
676 1517 782 1570 τίνι
814 1508 989 1571 ταῦτα
1023 1518 1459 1591 καταμηνύσας;
1495 1520 1589 1591 Τῷ
1612 1523 1887 1590 θεσπεσίῳ

1996 1527 2317 1573 mutuarum
2340 1516 2779 1572 admonitionum
2810 1516 3089 1573 remediis.
3108 1516 3176 1571 Et
3212 1516 3337 1587 quis
3361 1518 3475 1571 haec
3500 1532 3596 1570 νεα

285 1605 657 1678 εὖαγγελιστῇ
720 1606 946 1683 Ἰωάννῃ
994 1610 1085 1666 διὰ
1122 1610 1225 1681 τῆς
1276 1611 1417 1683 μετὰ
1448 1614 1609 1684 χεῖρα
1649 1613 1887 1667 ’Δποκα-

1993 1611 2255 1664 ticinatur
2290 1619 2653 1679 praeterquam
2686 1608 2733 1665 is
2754 1608 2850 1679 qui
2887 1626 2906 1661 ι
2931 1610 3049 1663 vult
3101 1624 3295 1664 omnes
3338 1609 3595 1664 homines

284 1696 531 1765 λύψεως.

1991 1702 2173 1757 salvos
2200 1700 2316 1756 tieri
2346 1711 2401 1756 et
2432 1700 2499 1755 ad
2525 1698 2862 1771 agnitionem
2882 1699 3129 1755 veritatis
3152 1699 3340 1754 venire
3360 1698 3405 1730 δ’
3422 1698 3475 1752 ἳ»
3495 1694 3598 1753 Cui

301 1802 493 1847 autem
554 1792 671 1847 haec
728 1791 1032 1848 indicavit?
1099 1794 1292 1854 Divino
1352 1814 1484 1855 sane
1551 1799 1900 1867 evangelista:
1945 1795 2142 1852 Joanni
2182 1810 2279 1864 per
2318 1793 2723 1865 Apocalypsim,
2781 1792 2833 1848 id
2892 1802 2996 1860 est,
3054 1790 3448 1848 revelationem
3477 1804 3603 1860 quae

298 1895 453 1935 nunc
477 1891 562 1937 est
588 1898 699 1953 pra:
733 1884 1011 1940 manibus.

370 1977 436 2028 Ol
464 1976 616 2029 ἑπτὰ
658 1976 948 2045 ἀστέρες,
996 1977 1240 2048 ἄγγελοι
1273 1971 1393 2031 τῶν
1434 1977 1588 2031 ἑπτὰ
1634 1979 1890 2042 Ἐκκλη-
1926 1988 1967 2043 Β

2068 1972 2278 2042 Septem
2333 1974 2524 2040 stellis,
2585 1976 2762 2046 angeli
2808 1986 3003 2046 septem
3042 1976 3408 2034 Ecclesiarusn
3449 1990 3597 2034 sunt.

290 2066 450 2121 σιῶν
490 2069 630 2121 εισι.
690 2069 767 2121 Δι’
814 2070 1050 2137 ἀγγέλου
1079 2073 1145 2141 τῇ
1193 2069 1492 2140 Ἐκκλησία
1541 2068 1886 2135 διαλέγεται,

1994 2065 2098 2123 Per
2127 2067 2382 2138 angelum
2399 2083 2526 2122 cum
2554 2067 2795 2124 Ecclesia
2850 2069 3097 2134 disserit,
3133 2070 3599 2141 quemadmodum

294 2162 437 2229 ὅπερ
479 2157 544 2211 ἄν
590 2176 677 2222 τις
733 2159 823 2213 διὰ
869 2160 1222 2231 παιδαγωγοῦ
1272 2161 1491 2231 ἐλέγετο
1525 2161 1591 2215 ἂν
1627 2159 1704 2231 τῷ
1734 2160 1890 2213 παιδ-

1997 2155 2187 2226 siquis
2218 2171 2315 2227 per
2345 2156 2701 2228 padagogum
2732 2172 2857 2213 cum
2902 2174 2969 2214 eo
2988 2159 3244 2230 loquatur
3284 2163 3379 2231 qui
3401 2162 3470 2215 ab
3506 2162 3601 2216 illo

294 2266 517 2317 αγωγου
526 2249 694 2320 μένῳ,
715 2249 871 2315 εἰδὼς
889 2251 966 2315 ὠς
989 2252 1322 2306 οἰκειοῦσθαι
1337 2254 1483 2322 φιλεῖ
1508 2254 1575 2307 τὰ
1592 2251 1687 2305 τοῦ
1709 2250 1888 2322 μαθη-

1994 2247 2356 2318 gubernatur,
2404 2249 2584 2306 sciens
2601 2250 2747 2320 quod
2782 2251 2954 2306 soleat
3013 2262 3320 2323 praeceptor
3372 2254 3600 2324 propria

292 2342 391 2395 τοῦ
419 2344 447 2395 6
470 2341 811 2407 διδάσκαλος,
842 2344 955 2396 εἴτε
985 2344 1415 2416 κατορθώματα,
1438 2344 1550 2397 εἴτε
1579 2344 1889 2414 ἠττήματα.

1994 2338 2197 2395 ducere
2213 2354 2277 2395 ea
2293 2355 2414 2410 qua:
2431 2348 2560 2395 sunt
2574 2340 2854 2410 discipuli,
2869 2340 3036 2412 062
3056 2341 3172 2397 sive
3186 2344 3450 2412 praeclara
3475 2344 3590 2398 sint

293 2433 460 2495 Εἰκὸς
489 2432 544 2485 δὲ
571 2433 667 2485 καὶ
693 2432 781 2487 διὰ
816 2434 925 2487 τῶν
966 2436 1109 2489 ἑπτὰ
1137 2437 1386 2507 ἀστέρων
1417 2437 1523 2490 τῶν
1554 2438 1611 2489 ὲν
1643 2438 1709 2505 τῇ
1737 2432 1893 2506 δεξιᾷ

1998 2429 2250 2486 facinora
2273 2434 2390 2488 sive
2420 2433 2586 2486 etiam
2628 2431 2817 2501 lapsus
2859 2433 3107 2503 quidam.
3151 2432 3463 2490 Verisimile
3513 2443 3601 2491 est

293 2524 393 2577 τοῦ
434 2524 873 2595 χρηματίζοντος
913 2526 1110 2591 ταῦτα,
1174 2530 1276 2599 τῆν
1330 2528 1427 2581 τοῦ
1459 2523 1659 2590 παντὸς
1710 2526 1894 2580 διακό-

1998 2529 2180 2578 autem
2207 2533 2260 2578 et
2292 2539 2388 2593 per
2410 2534 2620 2593 septem
2673 2524 2862 2580 stellas
2913 2540 3038 2595 qua:
3066 2526 3122 2580 in
3174 2527 3399 2583 dextera
3444 2535 3602 2584 erant

300 2633 507 2685 σμησιν
532 2615 727 2684 δηλοῦν
768 2617 827 2669 ὲν
856 2620 921 2688 τῇ
966 2618 1118 2690 δεξιᾷ
1151 2620 1396 2692 Χριστοῦ
1431 2618 1716 2688 κειμένην,
1752 2617 1895 2671 κατά

1995 2615 2119 2684 ejus
2147 2616 2239 2686 qui
2271 2616 2385 2672 hare
2432 2617 2854 2683 vaticinabatur,
2893 2618 3192 2689 signillcari
3238 2618 3600 2689 gubernatio-

294 2708 359 2760 τὸ
406 2709 463 2759 ὲν
513 2706 764 2776 Ψαλμοῖς
814 2709 1098 2780 ᾀδόμενον,
1142 2731 1162 2764 s
1212 2712 1299 2766 Ἐν
1337 2714 1404 2783 τῇ
1439 2711 1586 2781 χειρὶ
1619 2708 1785 2763 αὑτοῦ
1820 2710 1892 2762 τὰ

1998 2721 2121 2761 nem
2157 2707 2400 2762 universi
2435 2723 2559 2777 quae
2589 2708 2641 2761 in
2670 2723 2835 2762 manu
2874 2706 3080 2765 Christi
3126 2708 3231 2764 sita
3282 2718 3390 2774 est,
3444 2709 3600 2781 juxta

297 2799 515 2867 πέρατα
552 2796 653 2865 τῆς
684 2796 810 2867 γῆς,
879 2799 971 2852 καὶ
1024 2801 1094 2853 τὰ
1155 2800 1266 2872 ὕψη
1335 2800 1443 2853 τῶν
1498 2799 1673 2870 ὀρέων
1725 2796 1892 2851 αὑτοῦ

2000 2797 2054 2852 id
2086 2798 2232 2867 quod
2266 2798 2319 2852 in
2345 2797 2578 2855 Psalmis
2618 2800 2881 2854 canitur:
2908 2818 2927 2853 ι
2960 2799 3018 2853 ln
3051 2815 3217 2855 manu
3249 2799 3423 2872 ipsius
3473 2813 3602 2855 sunt

297 2893 465 2945 εἰσιν.
511 2908 531 2942 ι
2002 2890 2139 2945 lines
2170 2898 2351 2955 terrae,
2396 2900 2453 2945 et
2510 2890 2726 2947 excelsa
2791 2890 3064 2946 montium
3096 2891 3271 2962 ipsius
3322 2899 3450 2947 sunt
3475 2891 3541 2943 ".
3572 2908 3593 2942 ι

901 3010 1157 3063 ΚΕΦΔΛ.
1216 3008 1291 3061 Γ’.

2622 2997 2854 3059 CAPUT
2880 3001 2968 3059 Ill.

305 3120 384 3173 Τὰ
418 3119 800 3190 γεγραμμένα
838 3121 989 3189 πρὸς
1017 3119 1126 3174 τὸν
1144 3118 1257 3187 τῆς
1291 3119 1586 3187 Ἐφεσίων
1643 3120 1896 3184 Ἐκκλη-

877 3191 1021 3257 σίας
1049 3189 1328 3260 ἄγγελον.

2002 3122 2137 3191 Quis
2157 3124 2355 3194 scripta
2373 3134 2496 3179 sunt
2526 3124 2596 3179 ad
2642 3122 2890 3194 angelum
2938 3122 3195 3180 Ecclesia:
3230 3112 3601 3195 Ephesiorum.

378 3301 466 3368 Τῷ
484 3302 722 3373 ἀγγέλῳ
745 3301 856 3371 τῆς
875 3302 947 3357 ἐν
980 3301 1215 3371 Ἐφέσῳ
1250 3301 1617 3369 Ἑκκλησίας
1639 3300 1896 3371 γράψον
1927 3323 1972 3381 ο

2074 3299 2142 3365 ll,
2175 3299 2228 3353 i.
2260 3300 2314 3354 5.
2354 3299 2550 3369 Angela
2611 3299 2893 3370 Ephesina:
2918 3300 3176 3357 Ecclesia:
3228 3290 3399 3357 scribe
3425 3318 3445 3356 :
3477 3294 3607 3357 Ila'e

309 3391 461 3446 τάδε
480 3392 642 3461 λέγει
662 3395 696 3447 ό
715 3393 950 3461 κρατῶν
967 3391 1111 3458 τοὺς
1128 3391 1282 3445 ἁπτὰ
1311 3390 1574 3459 ἀστέρας
1603 3391 1676 3444 ἐν
1703 3390 1777 3459 τῇ
1804 3390 1902 3444 δε-

2005 3392 2139 3445 dicit
2164 3393 2257 3463 qui
2292 3402 2429 3447 tenet
2456 3402 2654 3463 septem
2687 3393 2871 3448 stellas
2897 3395 2953 3449 in
2982 3395 3201 3449 dextera
3231 3411 3350 3461 sua,
3370 3397 3463 3465 qui
3486 3412 3604 3448 ama

305 3482 412 3551 ξιᾷ
433 3484 640 3549 αῠτσῦ,
664 3486 697 3538 ό
711 3481 1056 3553 περιπατῶν
1069 3482 1319 3552 ἐνμέσῳ
1331 3479 1450 3535 τῶν
1464 3482 1615 3535 ἑπτὰ
1631 3479 1904 3550 λυχνιῶν

2007 3483 2159 3537 bulat
2205 3485 2261 3537 in
2320 3484 2494 3539 medio
2546 3494 2747 3555 septem
2795 3486 3240 3540 candelabrorum
3297 3488 3602 3541 aureorum.

302 3578 429 3633 τῶν
458 3579 737 3648 χρυσῶνο
789 3579 926 3633 οῖδα
964 3577 1038 3632 τὰ
1088 3578 1237 3647 ἔργα
1282 3594 1401 3632 σου
1441 3578 1540 3630 καὶ
1571 3578 1681 3631 τὸν
1712 3578 1905 3631 κόπον

2009 3573 2147 3628 Novi
2177 3591 2336 3644 opera
2367 3583 2461 3629 tua
2492 3584 2542 3629 et
2567 3576 2803 3631 laborem
2826 3586 2978 3630 tuum
3002 3589 3052 3631 et
3074 3577 3388 3646 patientiam
3413 3589 3560 3631 tuam
3588 3593 3609 3631 :

300 3684 446 3735 σου,
479 3670 583 3724 καί
609 3669 728 3739 τὴν
755 3668 1079 3740 ὑπομονήν
1109 3684 1251 3734 σου,
1276 3668 1376 3722 καί
1412 3667 1501 3722 ὅτι
1526 3670 1599 3722 οὐ
1618 3667 1773 3736 δύνῃ
1788 3668 1904 3733 βα·-

2004 3670 2244 3737 quodque
2274 3683 2379 3721 non
2409 3669 2581 3735 possis
2614 3669 2877 3723 sustinere
2909 3672 3080 3723 malos
3107 3685 3127 3733 ;
3161 3679 3211 3725 et
3258 3671 3481 3724 tentasti
3514 3677 3605 3723 eos

299 3761 529 3816 στάσαι
574 3764 842 3829 κακούς·
891 3762 992 3816 καί
1033 3762 1367 3830 ἐπείρασας
1412 3760 1557 3827 τοὺς
1607 3759 1904 3829 λέγοντας

2003 3760 2095 3828 qui
2119 3774 2175 3813 se
2207 3758 2392 3811 dicunt
2424 3775 2537 3813 esse
2574 3760 2843 3829 apostolos
2863 3769 2914 3815 et
2937 3777 3042 3814 non
3077 3772 3224 3822 sunt,
3278 3770 3328 3815 et
3359 3760 3607 3814 invenisti

300 3854 562 3920 ἑαυτοὺς
600 3854 989 3921 ἀποστόλους
1034 3848 1210 3919 εἶναι,
1268 3851 1369 3907 καί
1424 3853 1537 3907 οὐκ
1592 3853 1714 3907 εισι
1734 3868 1750 3885 ο
1800 3853 1900 3907 καί

2003 3867 2091 3905 eos
2135 3852 2440 3917 mendaces,
2488 3860 2541 3905 et
2588 3853 2905 3922 patientiam
2959 3853 3115 3908 habes
3173 3869 3193 3908 :
3222 3862 3272 3909 et
3308 3842 3611 3909 sustinuisti

298 3942 478 4013 εὗρες
500 3945 724 4012 αὐτοὺς
763 3944 1036 4014 ψευδεῖς.
1086 3944 1187 4000 καί
1219 3944 1541 4015 ὑπομονὴν
1571 3947 1730 4013 ἔχεις
1751 3959 1766 3975 ⁸
1801 3946 1902 3999 καί

1444 3944 1541 4013 ’ἡν
1571 3947 1730 4013 ἔχεις
1751 3959 1766 3975 ⁸
1801 3946 1902 3999 καί
2004 3952 2220 4011 propter
2251 3959 2441 3998 nomen
2472 3959 2668 4011 meum,
2693 3961 2786 3999 nec
2807 3946 3067 4015 deiecisti.

301 4037 655 4102 ἐᾶίστασας
709 4036 807 4092 διὰ
840 4035 909 4091 τὸ
971 4034 1164 4106 ὄνομα
1216 4052 1363 4105 μου,
1425 4034 1525 4090 καὶ
1590 4038 1705 4090 οὐκ
1770 4036 1905 4089 ἐκο-

304 4130 561 4193 «tuaac.

385 4219 655 4288 ’Ἄγγελον
698 4220 801 4291 τῆς
853 4218 1111 4291 Ἐφέσου,
1144 4224 1246 4291 τὴν
1277 4221 1336 4273 ἐν
1384 4217 1525 4291 αὐτῇ
1569 4217 1903 4287 Ἐκκλησίαν

2076 4212 2341 4282 Angelum
2402 4206 2608 4281 Ephesi
2656 4213 2793 4268 dicit
2832 4206 3138 4269 Ecclesiam‘
3174 4217 3299 4283 quae“
3346 4212 3417 4266 ibi
3463 4215 3604 4268 erat.

300 4311 474 4380 λέγει.
534 4311 611 4365 υύ
662 4312 771 4383 γὰρ
820 4314 851 4367 6
896 4312 1226 4384 προστατῶν
1281 4311 1516 4381 ἄγγελος
1560 4313 1900 4383 ἡμαρτήκει,

2000 4297 2193 4369 Neque
2214 4298 2360 4354 enim
2402 4299 2698 4369 praefectus
2725 4301 2953 4372 angelus
2993 4308 3336 4381 peccaverat,
3392 4311 3452 4355 ιιι
3504 4317 3610 4355 au-

303 4402 449 4456 ὦστε
474 4404 588 4457 δεῖν
618 4402 874 4470 ἀκοῦσαι,
908 4404 1285 4476 Μετανόησον,
1310 4404 1342 4457 6
1368 4404 1435 4458 δι’
1453 4404 1722 4474 ἅγιότητα
1750 4405 1808 4456 ὲν
1830 4392 1899 4474 τῇ
2003 4393 2123 4448 dire
2160 4409 2287 4450 eum
2315 4404 2612 4465 oporteret,
2655 4394 2769 4465 Age
2795 4391 3171 4463 paenitentiam
3204 4409 3219 4446 :
3252 4393 3344 4462 qui
3365 4392 3437 4477 ob
3474 4402 3608 4447 san-

301 4494 457 4566 δεξιᾷ
488 4495 583 4549 τοῦ
621 4496 830 4567 Κυρίου
884 4496 1151 4569 ὑπάρχων
1190 4495 1365 4566 ἀστὴρ
1412 4494 1510 4563 ὢν,
1556 4496 1655 4549 καὶ
1700 4495 1902 4565 δεῖγμα

2003 4486 2249 4541 ctitatem
2282 4487 2440 4543 stella
2468 4486 2669 4542 dicitur
2704 4486 2760 4541 in
2786 4486 3007 4541 dextera
3042 4484 3257 4539 Domini
3280 4484 3555 4540 exsislens
3588 4502 3604 4540 :

301 4584 467 4637 τοῦτο
508 4587 691 4657 φέρων
722 4586 825 4657 τῆς
862 4590 1009 4641 κατᾶ
1052 4586 1154 4658 τὴν
1179 4585 1347 4640 αὐτοῦ
1384 4585 1548 4654 φύσιν
1576 4586 1642 4639 ὲκ
1668 4584 1903 4655 καθαρό-

2007 4580 2115 4635 hoc
2135 4580 2302 4635 etiam
2337 4578 2802 4636 lerensindicium
2830 4577 2997 4633 lucidi
3033 4576 3363 4646 splendoris,
3406 4577 3502 4647 qui
3538 4593 3604 4631 ex

302 4691 469 4748 τητος
521 4676 852 4747 φωτοειδοῦς
894 4680 1295 4750 μαρμαρυγῆς.
1345 4676 1441 4740 Τίς
1491 4676 1549 4729 δὲ
1594 4677 1691 4729 καὶ
1744 4675 1905 4747 χρεία

2012 4681 2210 4725 natura
2248 4670 2300 4725 ei
2340 4671 2413 4726 ob
2436 4671 2731 4741 puritatem
2781 4669 3060 4724 convenit.
3118 4659 3262 4734 Quid
3300 4668 3465 4722 etiam
3505 4684 3606 4722 ne-

301 4770 543 4839 γράςρειν
572 4770 651 4841 τῷ
673 4772 731 4824 ὲν
752 4774 820 4842 τῇ
846 4771 997 4841 δεξιᾷ
1020 4771 1115 4824 τοῦ
1144 4769 1531 4840 διαλεγομένου
1564 4768 1814 4840 παρόντι,
1844 4768 1905 4832 δς

2008 4777 2165 4818 cesse
2193 4774 2340 4819 esset
2357 4764 2407 4819 ei
2435 4763 2701 4830 scribere,
2746 4763 3106 4833 Quiprtcsens
3141 4771 3225 4816 est
3268 4760 3325 4815 in
3375 4760 3604 4815 dextera

302 4863 400 4915 καὶ
427 4862 549 4915 οὐδὲ
583 4862 850 4935 αἰσθητῆς
879 4864 1050 4933 ἀκοῆς
1072 4859 1162 4917 οἷα
1184 4863 1372 4934 νοερδς
1397 4861 1475 4915 ὢν
1506 4862 1763 4932 δεόμενος
1795 4857 1865 4932 ἦν
1887 4878 1902 4925 ;

2007 4853 2328 4923 loquentis?
2362 4855 2457 4923 qui
2514 4869 2617 4911 nec
2640 4853 2889 4935 sensibili
2928 4852 3119 4907 auditu
3167 4852 3363 4921 egebat
3414 4860 3606 4920 utpote

304 4951 444 5010 Εἶτα
488 4955 583 5009 καὶ
611 4955 696 5008 ὅτι
735 4934 945 5026 προῖὼν
968 4950 1127 5018 οὗτος
1172 4956 1202 5007 6
1246 4956 1348 5024 τῆς
1379 4954 1648 5018 ὀπτασίας
1682 4954 1759 5025 (Al)
1795 4954 1902 5023 ὑφ-

2011 4954 2223 5001 ιιιιιιιιαι
2258 4945 2665 5001 intellectualis.
2691 4934 2963 5000 Praeterea
2993 4952 3216 5015 quoque
3252 4940 3602 4998 manifestum

304 5047 523 5119 ηγητὴς
555 5048 711 5115 ἅγιος
740 5051 801 5102 οὐ
821 5048 933 5111 τοῖς
962 5047 1221 5115 ἀγγέλοις
1243 5048 1431 5118 φησιν,
1460 5045 1597 5100 ἀλλὰ
1626 5047 1745 5108 ταῖς
1782 5045 1907 5097 Ἐκ-

2010 5046 2095 5092 est
2123 5037 2267 5107 quod
2308 5045 2532 5092 sanctus
2556 5036 2645 5092 hic
2696 5036 2928 5091 visionis
2973 5046 3167 5090 auctor
3204 5034 3261 5089 in
3308 5048 3604 5105 progressu

304 5139 600 5209 κλησίαις,
632 5139 685 5192 τί
710 5139 863 5208 λέγει
894 5139 957 5192 τὸ
990 5138 1218 5209 Πνεῦμα
1258 5139 1321 5191 τὸ
1343 5137 1500 5206 ἅγιον
1527 5137 1770 5199 ἀκούειν,
1805 5135 1907 5189 οὐκ

2005 5129 2105 5192 ait,
2146 5129 2278 5198 quid
2311 5127 2553 5199 Spiritus
2572 5138 2818 5192 sanctus,
2847 5140 2960 5183 non
3007 5127 3239 5198 angelis,
3286 5127 3380 5182 sed
3409 5124 3600 5181 Eccle-

307 5231 508 5301 ἇδηλόν
562 5232 700 5286 ἔστι.
746 5231 907 5285 Καθὰ
959 5230 1039 5284 δεῖ
1087 5232 1190 5284 κάν
1218 5233 1329 5293 τοῖς
1371 5230 1581 5292 λοιποῖς
1628 5233 1771 5283 νοεῖν
1810 5228 1904 5282 τοῦ

2006 5222 2104 5276 siis
2132 5221 2465 5275 audiendum
2490 5220 2656 5275 dicat.
2682 5219 2745 5274 Et
2773 5220 2829 5274 in
2847 5219 3062 5275 caeteris
3087 5218 3342 5273 similiter
3361 5232 3602 5283 praesen.

307 5321 681 5391 προκειμένου
746 5320 901 5374 τοῦδε
957 5320 1189 5390 βιϐλίου,
1247 5320 1376 5373 ἔνθα
1425 5320 1492 5375 ἂν
1547 5320 1902 5391 εὑρίσκηται.

2007 5313 2079 5368 tis
2109 5313 2234 5368 libri
2270 5312 2429 5378 locis,
2452 5312 2769 5381 ubicunque
2819 5311 3108 5365 inventum
3162 5308 3353 5363 luerit:
3410 5307 3604 5360 Scribe

307 5407 531 5477 Γράψον
560 5409 685 5462 τάδε
714 5408 792 5480 τῷ
820 5409 1041 5480 ἀγγέλῳ
1069 5409 1233 5480 τῆσδε
1266 5410 1368 5479 τῆς
1426 5411 1776 5481 Ἐκκλησίας,
1820 5410 1905 5462 ὅτι

2010 5403 2127 5457 haec
2173 5400 2369 5472 angelo
2410 5401 2535 5456 talis
2555 5399 2839 5467 Ecclesia,
2870 5398 3174 5469 intelligere
3192 5404 3429 5467 oportet,
3453 5395 3603 5466 quod

308 5496 375 5549 οὐ
406 5498 487 5566 τῷ
516 5500 757 5571 ἀγγέλῳ,
787 5500 927 5554 ἀλλὰ
960 5501 1094 5571 περὶ¹
1137 5502 1239 5571 τῆς
1286 5499 1619 5571 Ἐκκλησίας
1660 5500 1787 5564 τοὺς
1812 5499 1904 5553 λό-

2016 5509 2124 5550 non
2171 5493 2387 5565 angelo,
2438 5493 2534 5550 sed
2585 5492 2845 5551 Ecclesia:
2893 5505 3181 5551 sermones
3229 5489 3471 5545 scribere
3514 5488 3608 5559 jna

316 5606 445 5659 γους
477 5590 853 5646 διακελεύεται
884 5591 1144 5663 γράφειν,
1177 5590 1441 5656 ὡσαύτως
1470 5589 1726 5663 φανερόν.
2016 5588 2235 5644 beatur.

420 5724 469 5759 δ’
503 5725 524 5780 l
555 5724 701 5782 Tim.
728 5742 791 5793 ιι,
817 5727 873 5782 4.
983 5726 1031 5758 ⁸³
1083 5724 1231 5782 Psal.
1260 5741 1411 5794 xeiv,
1461 5726 1518 5780 4.

390 5841 470 5912 (4)
513 5838 843 5915 Ἐκκλησίας
871 5839 1025 5912 vulg.
