4110 6460
586 420 684 481 527

656 533 1010 596 Quiambulal
1038 535 1090 586 in
1111 533 1276 585 medio
1306 542 1496 601 septem
1516 532 2151 588 cmidclabrorumanreo-
2188 545 2241 596 Λν

582 624 915 689 ram.Simile
931 633 1087 678 estac
1112 624 1155 677 si
1178 625 1379 678 diceret
1404 642 1416 676 :
1438 623 1560 678 llzec
1576 626 1710 679 dicit
1726 626 1817 694 qui
1846 627 2163 696 complecti-

584 728 674 770 tur
695 726 749 771 et
787 719 1120 784 imperat,ac
1162 715 1408 769 continet
1457 726 1571 770 tum
1622 718 1873 773 caelestes
1915 720 2160 788 angelos,

581 820 694 863 tum
758 807 1009 859 homines
1052 805 1144 875 qui
1184 816 1310 859 sunt
1368 806 1421 859 in
1465 817 1605 862 terra
1640 825 1654 860 :
1703 823 1826 862 nam
1862 809 1915 862 hi
1954 818 2160 876 septem

582 898 751 951 stellse
783 904 931 957 sunt,
954 904 1012 949 ut
1042 897 1156 964 jam
1188 897 1350 967 663
1381 898 1585 952 dictum
1624 908 1727 963 est,
1762 908 1815 952 et
1843 916 2009 953 aurea
2031 916 2163 954 can-

576 987 797 1040 delabra
833 1002 894 1040 ac
927 987 1186 1049 lucernae,
1221 988 1272 1040 in
1299 988 1477 1042 medio
1512 1004 1748 1057 quorum
1774 990 2080 1045 inhabitare
2104 1001 2162 1046 et

576 1078 716 1131 inter
751 1092 844 1131 cos
881 1078 1221 1132 inambulare
1251 1079 1606 1134 annuntiatur
1638 1080 1922 1135 Dominus.

648 1168 963 1236 NoviOpera
1003 1180 1115 1221 tua.
1146 1168 1305 1231 Novi,
1336 1180 1388 1225 et
1404 1170 1537 1224 nihil
1571 1186 1658 1224 me
1675 1170 1823 1238 latet,
1852 1163 2155 1241 inquit,qni

575 1260 888 1330 singulatim
924 1258 1153 1314 formavi
1179 1261 1345 1315 corda
1372 1273 1550 1316 vestra
1580 1262 1646 1327 “,
1678 1271 1731 1317 et
1762 1264 1990 1333 cognovi
2041 1279 2160 1316 om-

570 1356 661 1408 nia
697 1356 859 1424 opera
892 1365 1093 1419 vestra,
1119 1364 1172 1408 et
1210 1354 1354 1422 quod
1384 1354 1555 1409 malos
1593 1355 1783 1409 audire
1813 1369 1926 1409 non
1984 1365 2155 1424 potes,

570 1443 664 1498 sed
690 1452 883 1496 natura
915 1443 1078 1497 odisti
1102 1443 1247 1512 quod
1297 1443 1499 1497 malum
1528 1454 1631 1509 est,
1656 1445 1911 1513 quodque
1930 1445 2156 1499 tentasti

569 1549 663 1589 eos
682 1535 773 1603 qui
807 1549 865 1589 se
880 1534 1071 1588 dicunt
1092 1549 1214 1589 esse
1237 1536 1536 1603 apostolos,
1566 1545 1621 1590 et
1650 1535 1913 1591 invenisti
1937 1550 2033 1591 eos
2062 1535 2158 1589 [δι.

569 1640 661 1678 sos
687 1624 982 1693 apostolos.
1013 1622 1295 1692 Siquidem
1320 1623 1577 1693 Ephesini
1604 1624 1850 1679 divinum
1872 1624 2158 1694 complen-

570 1723 649 1768 tes
680 1724 1026 1783 prwceptum,
1072 1729 1182 1782 quo
1216 1714 1415 1769 dicitur
1464 1729 1572 1768 non
1629 1715 1778 1768 omni
1825 1714 2152 1769 credendum

567 1819 687 1857 esse
723 1804 963 1871 spiritui,
1001 1804 1095 1857 sed
1123 1804 1431 1873 probandos
1463 1818 1584 1859 esse
1638 1804 1862 1873 spiritus
1918 1818 2049 1857 num
2084 1819 2148 1857 ex

569 1895 678 1948 Deo
702 1896 811 1949 sint
836 1894 900 1958 ιδ,
930 1896 1029 1949 hoc
1066 1904 1152 1949 cst
1192 1910 1319 1948 num
1351 1895 1476 1949 data
1517 1895 1588 1948 sit
1612 1894 1746 1963 ipsis
1797 1894 2023 1949 docendi
2064 1894 2148 1948 di-

566 1986 919 2054 gnitasjuxta
957 1985 1334 2055 praescriptum
1388 1984 1789 2053 evangelicum,
1816 1983 1871 2036 in
1901 1981 2143 2051 simplici

560 2091 747 2129 rerum
777 2092 879 2130 usu
906 2076 1159 2145 agebant,
1185 2090 1292 2129 non
1316 2085 1495 2128 autem
1517 2074 1657 2128 cibis
1684 2082 1737 2127 et
1762 2083 1890 2142 potu
1945 2088 2009 2127 ac
2040 2088 2144 2125 nu—

565 2168 691 2234 ptiis
748 2167 1103 2233 insanientes,
1192 2168 1470 2235 vitamque
1524 2167 1906 2235 voluptuosam
1940 2173 2145 2234 tempo-

562 2258 703 2312 ranti
748 2257 1096 2327 praeferentes
1124 2274 1137 2310 :
1172 2258 1353 2327 qualis
1381 2266 1499 2312 erat
1530 2256 1844 2319 Corinthus,
1894 2257 2143 2324 apostolo

560 2356 616 2401 et
670 2348 1016 2419 evangelista:
1062 2346 1378 2417 σύγχρονος,
1435 2350 1745 2416 dogmatum
1806 2346 2143 2400 adulterino-

560 2455 683 2493 rum
715 2448 1087 2494 annuntiator.

632 2529 701 2583 Et
732 2530 1040 2598 patientiam
1067 2528 1246 2583 habes.
1296 2527 1609 2589 Lahorasti,
1662 2526 1861 2594 inquit,
1914 2532 1968 2580 et
2008 2522 2140 2579 tole-

559 2620 716 2685 rasti,
738 2620 881 2675 nulla
908 2619 1223 2689 fatigatione
1245 2619 1489 2672 animum
1527 2616 1787 2683 dejiciens
1817 2616 1887 2671 ob
1928 2631 1991 2670 ea
2019 2630 2140 2685 qua:

550 2721 783 2781 propter
808 2724 1004 2765 nomen
1038 2724 1215 2765 meum
1247 2709 1555 2763 irruerunt:
1581 2715 1630 2762 et
1654 2716 1798 2761 recte
1820 2706 2136 2761 admodum.

560 2803 836 2873 Siquidem
872 2802 1078 2857 dictum
1105 2812 1188 2856 est
1222 2817 1235 2852 :
1267 2800 1534 2855 «Invicem
1570 2799 1664 2853 alii
1705 2798 1938 2851 aliorum
1970 2812 2138 2852 onera

554 2899 794 2961 portate,
831 2897 885 2944 et
902 2888 981 2944 sic
1013 2888 1283 2957 complete
1336 2888 1508 2956 legem
1556 2884 1847 2940 Christi“.
1877 2904 1894 2935 ι
1934 2884 2139 2939 Verisi-

558 2977 846 3032 milecnim
879 2978 1133 3047 estquod
1172 2992 1201 3029 a
1253 2976 1690 3047 pseudapostolis
1737 2975 1941 3029 fuerint
2004 2975 2137 3043 ipsis

558 3071 720 3125 illatae
778 3068 1143 3133 contumeliae,
1177 3066 1375 3136 quibus
1402 3067 1625 3121 omnino
1658 3065 1805 3120 vices
1838 3067 2137 3133 rependere

556 3177 665 3216 non
701 3159 1121 3225 meditabantur,
1162 3160 1255 3214 sed
1288 3158 1599 3228 huiusmodi
1634 3167 1896 3224 tanquam
1945 3156 2128 3212 luxata
2159 3180 2207 3244 ο

554 3269 619 3309 ac
639 3252 833 3309 debilia
869 3252 1109 3307 membra
1135 3251 1499 3305 sustinebant.

627 3343 1024 3398 Etsustinuisti.
1052 3341 1389 3404 Ἐ6άστασας
1414 3340 1467 3394 id
1485 3350 1566 3395 est
1594 3340 1855 3406 tolerasti,
1883 3341 1983 3394 οὐκ
2008 3341 2132 3393 ἑκο-

556 3434 758 3498 πίασας
776 3448 925 3501 vero,
945 3433 996 3488 id
1016 3441 1099 3489 est
1121 3449 1228 3487 non
1246 3431 1491 3488 deiecisti
1517 3447 1625 3502 prae
1652 3432 1837 3487 labore
1864 3442 1917 3487 et
1934 3432 2129 3502 fatiga-

554 3526 741 3581 tione:
772 3534 826 3581 et
858 3526 1014 3595 quasi
1044 3525 1248 3580 diceret
1293 3542 1306 3579 :
1344 3522 1460 3579 Non
1491 3525 1815 3594 desperasti,
1862 3538 1969 3578 non
2006 3524 2132 3578 reli-

553 3617 719 3687 quisti
761 3617 933 3670 aciem
962 3631 978 3682 ;
1006 3631 1108 3669 non
1140 3630 1198 3670 es
1225 3613 1400 3671 factus
1438 3615 1706 3670 desertor.

623 3706 846 3776 Propter
869 3722 1053 3761 nomen
1083 3722 1275 3761 meum.
1307 3704 1514 3761 Nomen
1531 3717 1689 3761 vocat
1719 3706 1918 3760 famam
1937 3714 1993 3762 et
2012 3706 2128 3778 glo-

556 3802 720 3866 riam,
774 3801 915 3855 sicut
942 3799 1103 3853 etiam
1128 3814 1251 3854 cum
1284 3798 1504 3863 dicitur,
1532 3798 1893 3853 «Admirabile
1923 3806 2007 3853 est
2029 3812 2127 3851 no-

554 3905 678 3946 men
714 3899 865 3945 tuum
900 3890 954 3944 in
984 3890 1131 3944 omni
1163 3899 1305 3944 terra
1324 3889 1392 3942 ".
1423 3908 1441 3940 ι
1472 3891 1669 3943 Annon
1700 3889 1869 3959 gloria
1904 3890 2124 3961 plenum

550 3990 655 4046 est,
686 3980 831 4050 quod
882 3989 1277 4035 nonconcntur
1320 3979 1618 4035 Christiani
1666 3981 1872 4035 malum
1919 3979 2128 4037 referre

554 4088 652 4141 pro
681 4072 846 4136 malo,
898 4071 1357 4141 quemadmodum
1378 4072 1543 4125 etiam
1567 4071 1726 4127 divus
1780 4072 1981 4128 Paulus
2029 4089 2127 4127 ex-

551 4167 825 4229 hortatur,
855 4162 1043 4217 diccns
1073 4178 1086 4213 :
1135 4160 1241 4216 «Ne
1258 4162 1539 4217 declinetis
1560 4163 1626 4217 ad
1655 4164 1965 4219 incredulos
1997 4163 2077 4217 M’?
2101 4182 2120 4215 ι

621 4253 724 4309 Sed
746 4256 909 4307 habeo
977 4254 1250 4307 adversum
1284 4265 1354 4317 te,
1415 4254 1552 4323 quod
1608 4254 1921 4309 charitatent
1977 4264 2123 4309 tuam

546 4345 769 4413 primani
800 4345 1093 4414 reliqueris.
1128 4344 1331 4397 Memor
1366 4345 1538 4414 itaque
1592 4355 1704 4399 esto
1729 4347 1864 4399 unde
1910 4347 2121 4400 excide-

548 4437 643 4499 ris,
680 4444 729 4487 et
761 4436 1008 4503 resipisce
1044 4450 1104 4487 ac
1134 4437 1308 4502 prima
1333 4452 1491 4504 opera
1514 4437 1704 4505 facias.
1765 4434 1859 4490 Sin
1922 4440 2117 4501 minus,

1392 423 1715 481 ARETHJﬂ
1755 423 2133 483 GESAREJE
2170 424 2654 484 CAPPADOCI/E
2694 424 3035 485 EPISCOPI

3709 437 3796 500 F23

2344 536 2407 589 '0
2439 537 2776 605 περιπατῶν
2796 537 2865 589 ἐν
2898 537 3066 604 μέσῳ
3089 534 3207 587 τῶν
3244 534 3392 589 ἑπτὰ
3427 538 3676 607 λυχνιῶν
3695 545 3797 596 τῶν

2264 625 2528 695 χρυσῶν.
2576 627 2799 696 Ὅμοιον
2844 626 3021 696 τούτῳ
3066 627 3129 679 τὸ
3174 627 3373 693 εἰπεῖν,
3438 629 3559 682 τάδε
3604 630 3796 699 λέγειό

2266 715 2543 784 περιέπων
2579 716 2670 767 καὶ
2704 715 3039 786 διακρατῶν,
3085 716 3179 769 καὶ
3231 717 3467 787 συνέχων
3494 720 3612 783 τούς
3637 738 3691 774 τε
3719 724 3797 775 οὑ-

2267 804 2478 872 ρανίους
2512 804 2589 873 (5)
2623 804 2888 871 ἀγγέλους
2932 803 3026 856 καὶ
3062 804 3188 866 τοὺς
3219 804 3312 856 ἐπὶ
3349 805 3449 873 γῆς
3488 805 3796 876 ἀνθρώπους.

2262 885 2421 944 Οὗτοι
2463 892 2571 961 γὰρ
2617 894 2666 943 οἱ
2701 891 2841 943 έπτά
2878 892 3127 960 ἀστέρες,
3158 892 3234 953 ὡς
3263 891 3363 962 ἤδη
3394 892 3617 961 εἴρηται,
3640 897 3723 947 καὶ
3749 897 3797 948 αἱ

2263 985 2461 1051 χρυσαῖ
2509 982 2722 1051 λυχνίαι
2774 983 2868 1034 καὶ
2920 981 3122 1050 λύχνοι,
3159 974 3233 1034 ὧν
3264 983 3323 1034 ὲν
3358 982 3503 1052 μέσῳ
3546 983 3573 1034 ὁ
3598 986 3797 1040 ἐνοικεῖν

2262 1071 2445 1133 αὐτοῖς
2503 1072 2594 1122 καὶ
2639 1073 3038 1139 ἐμπεριπατεῖν
3086 1069 3548 1139 ἐπαγγειλάμενος
3598 1073 3795 1144 Κύριος.

2335 1156 2479 1212 Οἶδα
2504 1160 2573 1212 τὰ
2598 1161 2743 1228 ἔργα
2791 1174 2929 1213 σου.
2967 1155 3118 1225 Οἶδα,
3152 1160 3247 1213 καὶ
3285 1160 3434 1212 οὐδέν
3481 1178 3543 1229 με
3580 1161 3795 1233 λέληθεν,

2262 1250 2415 1318 φησὶ,
2460 1250 2551 1302 τὸν
2578 1250 2893 1318 καταμόνας
2937 1249 3220 1303 πλάσαντα
3253 1250 3353 1314 τὰς
3397 1250 3614 1320 καρδίας
3644 1252 3795 1322 ὑμῶν,

2261 1340 2349 1393 τὸν
2392 1340 2638 1393 συνιέντα
2673 1341 2751 1403 εἰς
2795 1341 2975 1393 πάντα
2998 1337 3133 1411 ἔργα
3158 1341 3186 1393 ὑ
3195 1341 3334 1409 μῶν,
3370 1340 3464 1393 καὶ
3493 1342 3571 1395 ὅτι
3599 1341 3695 1395 τῶν
3715 1361 3797 1396 πο-

2259 1430 2439 1501 νηρῶν
2485 1432 2545 1483 οὐ
2588 1431 2814 1484 δύνασαι
2869 1430 3100 1484 ἀκοῦσαι
3143 1433 3504 1502 μισοπόνηρος
3547 1429 3689 1499 οῦσα,
3717 1438 3799 1488 καὶ

2257 1519 2339 1572 ὅτι
2369 1520 2666 1590 ἐπείρασας
2692 1523 2815 1583 τοὺς
2840 1521 3100 1589 λέγοντας
3126 1523 3351 1584 ἑαυτοὺς
3381 1524 3695 1587 ἀποστόλους
3722 1527 3799 1578 καὶ

2257 1604 2411 1681 εῦρες
2443 1612 2640 1675 αὐτοὺς
2666 1612 3155 1681 ψευδαποστόλους.
3182 1612 3335 1665 Θεϊον
3358 1614 3469 1681 γάρ
3496 1614 3797 1685 πληροῦντες

2254 1700 2304 1752 οἱ
2345 1702 2402 1754 ὲν
2455 1701 2667 1772 Ἐφέσῳ
2721 1702 3109 1773 παράγγελμα,
3166 1702 3227 1754 τὸ
3273 1702 3503 1770 φάσκον,
3537 1703 3609 1773 μὴ
3656 1707 3797 1758 παντὶ

2257 1791 2526 1860 πνεύματι
2570 1792 2869 1857 πιστεύειν,
2917 1793 3053 1846 ἀλλὰ
3094 1792 3431 1858 δοκιμάζειν,
3468 1795 3717 1861 τουτέστι,
3748 1797 3797 1848 τὸ

2179 1861 2403 1933 Βδοθὲν
2455 1882 2639 1945 αὐτοῖς
2698 1881 3078 1936 διδασκαλικὸν
3135 1880 3383 1951 ἀξίωμα,
3438 1886 3486 1936 εἰ
3545 1887 3677 1938 κατά
3713 1886 3798 1955 τὴν

2249 1975 2610 2045 εὐαγγελικήν
2657 1977 2772 2029 ἐστι
2816 1976 3081 2043 διάταξιν,
3128 1978 3185 2029 ὲν
3218 1977 3537 2046 αὐτοσκεύῳ
3567 1979 3628 2048 τῇ
3658 1980 3798 2048 χρείᾳ.

2250 2064 2660 2134 συστελλόμενοι
2720 2065 3011 2131 διετέλουν,
3063 2066 3181 2119 ἀλλ’
3227 2069 3352 2138 οὐχὶ
3413 2050 3656 2138 βρώμασι
3716 2070 3797 2121 καὶ

2247 2156 2433 2218 πότοις
2460 2155 2557 2209 καὶ
2580 2158 2779 2225 γάμοις
2810 2157 3222 2228 βακχευόμενοι,
3250 2160 3343 2211 καὶ
3372 2158 3465 2211 τὸν
3495 2158 3796 2212 ἀπολαυστι-

2247 2246 2341 2298 κὸν
2370 2247 2485 2317 βίον
2526 2246 2619 2299 τοῦ
2670 2248 2971 2317 ἐγκρατοῦς
3024 2249 3355 2320 ἐπίπροσθεν
3393 2250 3676 2319 φέροντες.
3708 2244 3796 2301 οἷοι

2243 2336 2293 2387 οἱ
2320 2338 2448 2405 περὶ
2478 2336 2755 2407 Κήρινθον
2786 2337 3237 2408 συνχρονίσαντες
3261 2338 3340 2408 τῷ
3398 2339 3681 2410 ἀποστὸλῳ
3717 2339 3800 2391 καὶ

2244 2425 2627 2495 εὐαγγελιστῇ,
2652 2426 2819 2478 νόθων
2844 2426 3128 2493 δογμάτων
3152 2426 3535 2495 καταγγελεῖς.

2314 2516 2422 2568 Καὶ
2480 2515 2803 2584 ὑπομονὴν
2861 2517 3043 2586 ἔχεις.
3112 2517 3469 2583 Ἐκοπίασας,
3522 2520 3669 2589 φησὶ,
3718 2520 3797 2572 καὶ

2243 2606 2569 2676 ὑπέμεινας,
2603 2610 2681 2672 εἰς
2721 2608 2888 2679 μηδὲν
2925 2610 3383 2681 ἀποκαρτερήσας
3423 2610 3531 2663 τῶν
3566 2611 3797 2679 ὲπιφυὲν-

2243 2712 2350 2749 των
2374 2695 2464 2749 διὰ
2495 2696 2556 2747 τὸ
2583 2696 2755 2766 δνομά
2778 2714 2904 2767 μου,
2928 2698 3023 2751 καὶ
3054 2697 3199 2767 μάλα
3221 2697 3565 2767 πρεπόντως.
3587 2696 3794 2766 Εἴρηται

2242 2783 2370 2852 γάρ,
2435 2803 2453 2835 ι
2496 2783 2764 2853 Ἀλλήλων
2812 2786 2879 2838 τὰ
2936 2785 3076 2856 βάρη
3131 2785 3466 2854 βαστάζετε,
3514 2786 3605 2837 καὶ
3644 2785 3795 2846 οὕτως

2241 2873 2670 2943 ἀναπληρώσατε
2699 2875 2790 2927 τὸν
2826 2875 2987 2944 νόμον
3021 2874 3115 2927 τοῦ
3164 2876 3427 2945 Χριστοῦ.
3470 2896 3489 2928 ι
3526 2875 3676 2938 Εἰκὸς
3701 2876 3795 2944 γὰρ

2240 2966 2391 3034 παρά
2417 2964 2523 3017 τῶν
2547 2964 3002 3033 ψευδαποστόλων
3025 2967 3292 3037 ἐπηρείας
3315 2968 3501 3030 αὐτοῖς
3525 2967 3795 3036 ἐπενεχθῆ-

2238 3068 2349 3119 ναι,
2393 3048 2474 3115 oi;
2525 3054 2919 3109 ἀνταποδοῦναι
2965 3056 3075 3109 οὐδ’
3128 3057 3264 3121 ὅλως
3298 3058 3652 3129 ὲμελέτησεν,
3694 3056 3796 3110 ἀλλ’

2239 3141 2314 3206 ὡς
2347 3143 2524 3213 μελῶν
2550 3146 2900 3216 παρειμένων
2927 3147 3205 3216 ἠνέσχετο.

2306 3345 2416 3401 Καὶ
2449 3345 2811 3411 ἐϐάστασας.
2858 3346 3219 3410 Ἐδάστασας,
3262 3347 3386 3400 ἀντὶ
3417 3347 3534 3411 τοῦ,
3565 3347 3792 3417 ἠνέσχου.

2236 3437 2353 3490 Οὐκ
2401 3438 2697 3519 ἔκοπίαοσας
2736 3437 2818 3501 δὲ,
2863 3437 2983 3491 ἀντὶ
3020 3437 3136 3503 τοῦ,
3189 3439 3291 3492 οῦκ
3334 3439 3793 3510 ἀπεκαρτέρησας,

2232 3528 2415 3592 οἱονεὶ,
2451 3526 2564 3580 Οὐκ
2584 3528 2996 3597 ἀπηγόρευσας,
3030 3530 3091 3581 οὐ
3120 3529 3488 3600 προδέδωκας,
3515 3530 3612 3584 οὐκ
3636 3528 3795 3581 ἐλιπο-

2232 3616 2533 3687 τάκτησας.

2300 3708 2405 3762 Διά
2426 3707 2491 3761 τὸ
2526 3707 2714 3778 ὄνομά
2735 3727 2878 3779 μου.
2910 3711 3116 3778 Ὀνομα
3139 3708 3216 3771 δὲ,
3245 3709 3349 3779 τὴν
3367 3709 3547 3776 δόξαν,
3572 3708 3631 3762 τὸ
3657 3707 3795 3770 κλέος

2231 3798 2418 3867 φησὶν,
2448 3796 2523 3861 ὡς
2551 3800 2643 3852 καὶ
2665 3800 2758 3853 ἐπὶ
2785 3799 2903 3862 τοῦ,
2936 3817 2956 3851 ι
2990 3799 3315 3869 Θαυμαστὸν
3344 3800 3409 3853 τὸ
3438 3799 3609 3869 ὄνομά
3632 3815 3717 3852 σου
3742 3799 3793 3850 ὲν

2232 3890 2382 3959 πάσῃ
2402 3891 2468 3959 τῇ
2490 3892 2560 3961 γῇ
2589 3890 2687 3960 (6).
2716 3909 2734 3942 ι
2763 3891 2875 3944 Καὶ
2899 3891 3019 3953 πῶς
3040 3891 3101 3944 οὐ
3134 3892 3326 3954 κλέους
3357 3891 3575 3961 μεστὸν,
3598 3891 3656 3943 τὸ
3683 3889 3793 3951 τοὺς

2230 3979 2593 4048 Χριστιανοὺς
2626 3980 2702 4051 μὴ
2732 3981 3053 4036 ἀντιδιδόναι
3080 3982 3330 4035 σπεύδειν
3358 3981 3531 4035 κακὸν
3563 3980 3681 4035 ἀντὶ
3706 3996 3792 4032 κα-

2228 4067 2352 4135 κοῦ,
2388 4070 2464 4132 ὼς
2486 4070 2579 4123 καὶ
2604 4072 2815 4135 Παῦλος
2846 4074 2874 4125 ὀ
2906 4071 3049 4135 θεῖος
3074 4075 3356 4141 παραινεῖ,
3393 4092 3413 4125 ι
3450 4072 3543 4143 Μὴ
3571 4069 3791 4141 γίνεσθε,

2228 4160 2473 4229 φάσκων,
2503 4160 2953 4231 ἑτεροζυγοῦντες
2978 4164 3278 4229 ἀπίστους;
3320 4183 3339 4215 ι

2310 4251 2483 4305 Ἀλλά
2504 4251 2621 4320 ἔχω
2660 4252 2811 4307 κατὰ
2840 4252 2977 4319 σοῦ,
3007 4253 3096 4306 ὅτι
3121 4253 3236 4319 τὴν
3274 4253 3521 4323 ἀγάπην
3548 4268 3661 4308 σου
3691 4249 3793 4319 τὴν

2225 4342 2465 4410 πρώτην
2478 4344 2739 4413 ἀφῆκας.
2763 4345 3117 4414 Μνημόνευε
3133 4340 3246 4401 οὖν
3266 4347 3456 4400 πόθεν
3470 4346 3788 4409 πέπτωκας,

2214 4424 2326 4487 “seat
2341 4437 2744 4503 μετανόησον,
2771 4435 2872 4490 καὶ
2909 4434 2983 4488 τὰ
3020 4436 3224 4504 πρῶτα
3257 4437 3404 4504 ἔργα
3432 4438 3707 4503 ποίησον.
3732 4434 3792 4484 1ιί

546 4522 747 4573 veniam
776 4521 871 4572 tibi
904 4522 1026 4583 cito,
1051 4529 1101 4573 et
1123 4522 1332 4574 movebo
1352 4524 1726 4576 candelabrum
1751 4536 1899 4578 tuum
1925 4526 2121 4579 deloco
2156 4529 2163 4583 l

2233 4523 2297 4577 δὲ
2319 4524 2430 4593 μὴ,
2464 4526 2714 4595 ἔρχομαί
2753 4543 2853 4579 σοι
2896 4526 3071 4594 ταχὺ.
3121 4528 3221 4581 καὶ
3267 4527 3502 4595 κινήσω
3549 4526 3661 4594 τὴν
3692 4527 3788 4577 ,ιυ-

547 4627 662 4674 suo,
700 4612 803 4664 nisi
833 4611 1133 4679 resipueris.
1166 4611 1270 4666 Sed
1300 4613 1396 4666 hoc
1419 4614 1573 4668 habes
1597 4618 1735 4684 quod
1788 4618 1944 4670 odisti
1975 4618 2121 4687 facta

550 4699 963 4767 Nicolaitarum,
997 4718 1112 4771 qua:
1131 4714 1178 4756 et
1201 4719 1292 4772 ego
1313 4705 1420 4757 odi.
1448 4704 1547 4769 Qui
1571 4707 1721 4759 habet
1776 4723 1957 4761 aurem
2008 4726 2078 4762 ait
2097 4739 2120 4749 -

546 4790 657 4841 diut
688 4790 812 4859 quid
834 4790 1073 4860 Spiritus'
1088 4793 1229 4845 dicat
1247 4790 1522 4848 Ecclesiis.
1547 4793 1783 4849 Vincenti
1805 4798 1941 4851 dabo
1968 4798 2119 4852 edere

547 4881 611 4934 de
643 4881 786 4950 ligno
817 4883 956 4948 vitw,
989 4884 1126 4953 quod
1153 4895 1230 4938 est
1278 4885 1333 4939 in
1358 4888 1610 4954 paradiso
1651 4887 1747 4942 Dei
1773 4890 1895 4942 mei.

597 5136 765 5215 664
778 5144 916 5198 Cum
934 5145 987 5198 in
1004 5145 1219 5202 duobus
1232 5148 1527 5204 Ecclesiam
1550 5155 1913 5221 commendet,
1935 5173 2127 5230 nempe

545 5236 598 5289 in
622 5237 907 5290 tolerantia
924 5237 1131 5294 doloris
1150 5248 1204 5293 et
1232 5240 1478 5309 neglectu
1498 5243 1760 5298 molestiae
1776 5246 1844 5300 ab
1863 5248 2122 5305 adversa-

541 5327 637 5382 riis
668 5326 919 5389 illatae,de
941 5328 1045 5383 hoc
1068 5344 1177 5384 uno
1201 5330 1513 5401 indignatur
1541 5351 1555 5386 :
1588 5349 1698 5404 quo
1721 5336 1883 5391 etiam
1922 5339 1972 5392 in
2004 5355 2121 5395 me-

500 5438 503 5445 -
540 5418 631 5471 dio
662 5417 878 5473 illorum
918 5420 1150 5474 duorum
1184 5422 1380 5491 posito,
1406 5440 1600 5495 nempe
1649 5429 1858 5485 molesti
1909 5432 2114 5488 laboris

492 5524 495 5525 '
542 5496 606 5563 εἰ)
638 5510 962 5575 tolerantiae,
1020 5513 1407 5570 alienationem
1468 5532 1497 5570 a
1548 5520 1707 5576 malis
1759 5523 2108 5589 collaudavit,

632 5666 678 5698 “
712 5670 851 5725 I‘sal.
880 5687 1049 5736 xxx”,
1109 5674 1193 5727 15.
1298 5675 1341 5707 ⁸⁵
1370 5675 1387 5728 l
1419 5675 1578 5735 Joan.
1618 5697 1688 5747 iv,
1734 5684 1779 5736 l.

613 5793 690 5862 (5)
725 5797 1120 5866 ’Λνθρωπίνους
1155 5808 1298 5878 vulg.

1894 5684 1937 5714 "
1960 5683 2132 5739 Gttlﬂl.
2168 5699 2196 5737 ι’

2230 4618 2410 4685 χνίαν
2425 4632 2541 4671 σου
2554 4618 2622 4670 ἐκ
2635 4617 2740 4671 τοῦ
2755 4619 2941 4671 τόπου
2955 4618 3167 4686 αὐτῆς,
3180 4618 3380 4687 ἐὰνμὴ
3392 4616 3787 4687 μετανοήσῃς.

2241 4708 2417 4761 Ἀλλὰ
2444 4706 2619 4761 τοῦτο
2650 4707 2809 4776 ἔχεις
2835 4708 2925 4762 ὅτι
2947 4708 3149 4777 μισεῖς
3189 4712 3260 4762 τὰ
3291 4709 3437 4778 ἔργα
3468 4708 3586 4762 τῶν
3632 4709 3790 4762 Nixo-

2226 4798 2470 4862 λαῑτῶν,
2513 4799 2551 4853 ἅ
2593 4800 2757 4870 κάγὼ
2820 4799 3000 4869 μισῶ.
3045 4802 3109 4852 '0
3141 4801 3297 4869 ἔχων
3330 4797 3443 4867 οὖς
3488 4798 3789 4855 ἀκουσάτω

2228 4891 2286 4945 τί
2306 4891 2374 4945 τὸ
2390 4891 2635 4960 Πνεῦμα
2656 4890 2814 4960 λέγει
2834 4892 2964 4958 ταῖς
3003 4893 3416 4960 Ἐκκλησιαις.
3451 4890 3540 4958 Τῷ
3568 4888 3789 4944 νικῶντι

2228 4979 2398 5034 δώσω
2450 4982 2611 5045 αὐτῷ
2658 4981 2873 5050 φαγεῖν
2908 4981 2977 5034 ἐκ
3030 4982 3135 5036 τοῦ
3184 4982 3374 5046 ξύλου
3406 4982 3519 5051 τῆς
3565 4980 3725 5050 ζωῆς.
3762 4976 3791 5029 δ

2225 5072 2480 5126 ἐστινέν
2508 5071 2589 5136 τῷ
2610 5072 2951 5139 παραδείσῳ
2980 5073 3096 5143 τοῦ.
3112 5072 3259 5127 Θεοῦ
3282 5090 3431 5141 μου.

2308 5164 2398 5217 Ἐν
2419 5165 2540 5217 δυσὶ
2562 5164 2660 5234 τὴν
2688 5164 3018 5234 Ἐκκλησίαν
3035 5164 3575 5235 ἀποδεχόμενος,τῆς
3594 5162 3786 5229 ὑπομο-

2223 5253 2320 5321 νῆς
2349 5252 2441 5305 τοῦ
2462 5251 2662 5320 ἄχθους
2684 5252 2827 5320 λέγω
2855 5253 2951 5305 καὶ
2974 5252 3072 5321 τῆς
3108 5251 3202 5305 τοῦ
3225 5253 3394 5305 κόπου
3423 5253 3533 5305 τῶν
3565 5248 3786 5302 ἀντιδια-

2218 5343 2518 5413 τιθεμένων
2535 5343 2787 5413 ἀζηλίας,
2807 5344 2922 5407 ἐνὸς
2937 5344 3127 5398 τούτου
3149 5344 3447 5414 μέμφεται,
3476 5343 3504 5397 ὃ
3522 5344 3612 5396 καὶ
3636 5339 3785 5412 μέσον

2218 5435 2332 5497 θεὶς
2358 5436 2658 5503 ἑκατέρων,
2693 5435 2785 5487 τοῦ
2822 5437 3014 5498 κόπου,
3046 5437 3211 5505 φημί,
3238 5435 3458 5504 καὶτῆς
3499 5430 3779 5501 ὑπομονῆς.

2213 5527 2311 5596 τὴν
2352 5527 2489 5596 πρὸς
2532 5528 2659 5589 τοὺς
2708 5528 2913 5591 κακοὺς
2965 5527 3231 5598 ἐπῄνεσεν
3272 5527 3628 5597 ἀλλοτρίωσιν
3655 5518 3781 5592 μετά

2207 5701 2242 5748 ι,
2284 5685 2338 5739 ‘2.
2416 5686 2459 5715 ’δ’
2492 5684 2635 5739 Psal.
2669 5685 2857 5747 vm,‘2.
2953 5685 2997 5716 ⁸⁸
3026 5682 3066 5738 li
3092 5683 3218 5740 Cor.
3252 5700 3324 5750 vr,
3365 5683 3454 5741 Η.

2296 5820 2370 5890 (εἶ³
2405 5819 2578 5877 verba
2612 5824 2666 5875 ἐν
2694 5822 2842 5882 πάση
2874 5826 2940 5893 τῇ
2974 5823 3070 5891 γῇ,
3102 5821 3299 5876 ιιρευι.ι
3334 5819 3387 5873 in
3430 5816 3573 5886 vulg.
