4110 6400
375 344 482 414 .529

1437 344 1825 407 CDMMENT.
1867 346 1947 405 IN
1990 347 2515 409 APOCALYPS‘IN.

3531 340 3637 400 530

375 462 471 518 τοῦ
494 458 758 530 πειράσαι
785 455 879 510 καὶ
909 456 1037 520 τοὺς
1062 455 1534 526 ψευδαποστόλους
1577 459 1672 511 καὶ
1707 458 1806 528 τὴν
1844 458 1948 513 τῶν

2060 477 2167 515 una
2210 477 2330 516 cum
2368 476 2433 515 eo
2485 461 2630 531 quod
2665 469 2718 514 et
2778 457 3234 530 pseudaposwlos
3268 454 3553 508 tentaverit
3585 463 3634 505 et

377 550 714 610 Νικολαϊτῶν
755 548 1166 618 αίσχρουργίαν.
1229 547 1545 618 Ἐμέμψατο
1591 549 1647 602 δὲ
1707 550 1801 603 καὶ
1850 549 1953 619 τῆς

375 645 510 716 πρὸς
529 645 658 707 τοὺς
684 643 912 713 πλησίον
939 641 1206 710 χορηγίας
1231 641 1331 710 τὴν
1359 640 1674 712 ὀλιγωρίαν,
1701 643 1774 713 ἢν
1798 641 1953 706 αὖθις

375 734 812 790 ἀνακαλέσασθαι
863 733 1219 802 ἐπισκήπτει,
1276 731 1358 785 Τά
1413 733 1642 803 πρῶτα,
1700 733 1952 801 φάσκων,

375 829 510 898 ἔργα
539 826 764 895 ποίησον
793 826 853 878 ἐν
901 822 1243 896 δικαιοσύνῃ.
1275 823 1350 876 Ού
1397 823 1508 894 γάρ
1554 842 1622 894 με
1664 824 1949 891 λανθάνει,

375 920 556 990 φησὶν,
589 917 714 976 οὔτε
738 918 808 974 τὰ
838 914 1036 987 πρῶτά
1063 930 1160 968 σου
1187 915 1297 968 τῶν
1324 915 1579 987 πράξεων
1601 917 1800 985 ἀγαθὰ,
1824 917 1950 972 οὔτε

372 1011 454 1064 ὅτι
479 1010 582 1081 τὴν
605 1010 688 1073 είς
725 1007 854 1071 τοὺς
888 1005 1180 1076 δεομένους
1230 1006 1453 1076 ἀγάπην
1493 1008 1783 1078 ὲνέκοψας.
1825 1010 1950 1063 Ἐπ-

377 1099 568 1156 ἀνελθι
600 1093 695 1154 οὖν
726 1095 1044 1169 διδαχθεῖσα
1074 1096 1230 1164 παρὰ
1261 1095 1398 1168 ἐμοῦ
1417 1097 1504 1150 ὅτι
1533 1097 1839 1167 ὲνέλειψας.

443 1191 726 1262 Ἔρχομαι
767 1204 869 1245 σοι
899 1193 1075 1259 ταχύ.
1120 1190 1216 1253 Τὸ,
1257 1190 1575 1256 Ἔρχομαι,
1617 1190 1679 1242 ού
1712 1189 1952 1258 μεταὸαο

365 1284 529 1355 τικὴν
575 1284 730 1355 δηλοῖ
773 1283 991 1356 κίνησιν
1035 1284 1131 1339 τοῦ
1173 1284 1353 1339 πάντα
1401 1281 1740 1354 πληροῦντος
1788 1282 1948 1345 Θεοῦ,

365 1373 508 1430 ἀλλά
548 1375 651 1446 τὴν
705 1375 770 1428 ὲκ
819 1373 1095 1444 ῥᾳθυμίας
1130 1373 1267 1444 πρὸς
1317 1371 1539 1426 κόλασιν
1585 1371 1948 1440 ἐπιστροφήν.

365 1467 602 1537 Κίνησις
655 1466 714 1520 δὲ
769 1465 1102 1536 Ἐκκλησίας
1148 1465 1184 1534 ἡ
1235 1464 1337 1534 τῆς
1378 1461 1530 1525 θείας
1579 1460 1804 1533 χάριτός
1834 1462 1950 1514 ἐστι

361 1558 670 1628 γύμνωσις,
731 1555 800 1610 δι’
851 1559 920 1627 ἣν
974 1558 1032 1610 ὲν
1074 1556 1222 1626 σάλῳ
1260 1555 1355 1608 καὶ
1396 1553 1628 1608 κλύδωνι
1683 1554 1790 1606 ὑπὸ
1841 1553 1951 1608 τῶν

363 1649 624 1721 πονηρῶν
663 1648 996 1718 πνευμάτων
1029 1645 1261 1701 καὶτῶν
1310 1645 1732 1714 ὑπουργούντων
1765 1645 1951 1707 αὐτοῖς

364 1740 580 1812 μιαρῶν
617 1739 922 1810 ἀνθρώπων
964 1739 1044 1810 (7)
1103 1738 1314 1806 γίνεται
1340 1749 1357 1766 ⁸
1390 1735 1532 1794 ὥστε
1578 1739 1706 1800 τοὺς
1743 1734 1948 1805 ταύτην

363 1830 807 1903 συγκροτοῦντας
861 1828 1185 1900 ἀνθρώπους
1227 1828 1408 1897 λέγειν
1435 1827 1519 1891 τὸ,
1568 1845 1588 1878 ι
1638 1827 1946 1898 Ἐταράχθη

359 1924 419 1977 ἐν
442 1925 606 1996 θυμῷ
644 1925 674 1978 δ
707 1923 984 1994 ὀφθαλμός
1033 1938 1172 1994 μου*
1216 1941 1236 1974 ι
1270 1921 1386 1987 καὶ,
1427 1939 1445 1972 ι
1500 1921 1565 1974 Ἡ
1595 1919 1794 1990 καρδία
1844 1935 1947 1990 μου

359 2016 642 2088 ἐταράχθη
673 2019 733 2069 ἐν
761 2015 908 2086 ἐμοί.
945 2033 965 2068 ι

443 2108 632 2162 Ἀλλὰ
663 2107 865 2172 τοῦτο,
917 2107 1105 2178 φησὶν,
1143 2106 1304 2175 ἔχεις
1336 2105 1424 2160 ὅτι
1453 2103 1648 2176 μισεῖς
1693 2103 1767 2158 τὰ
1807 2106 1950 2173 ἔργα

360 2197 482 2252 τῶν
528 2197 916 2265 Νικολαϊτῶν,
971 2198 1177 2270 μεταξὺ
1206 2198 1317 2251 τῶν
1355 2195 1621 2266 λυπηρῶν
1649 2195 1816 2259 τιθεὶς
1857 2196 1950 2249 καὶ

357 2288 426 2341 τὰ
481 2287 620 2361 πρὸς
668 2289 935 2360 εὐθυμίαν
975 2291 1198 2358 ἄγοντα,
1231 2290 1320 2342 ῖνα
1356 2288 1433 2360 μὴ
1483 2291 1550 2359 τῇ
1578 2287 1949 2358 περισσοτέρᾳ

355 2381 512 2453 λύπῃ
556 2382 841 2452 καταποθῇ
884 2383 954 2436 ea;
1002 2384 1100 2452 τῆς
1139 2381 1490 2452 Ἐκκλησίας.
1522 2382 1693 2450 Φησὶν
1719 2375 1835 2446 οὖν,
1865 2381 1948 2434 ὅτι

356 2472 642 2543 Μετανοίᾳ
685 2489 744 2526 σε
798 2473 1216 2544 εὐεπιχείρητον
1263 2470 1691 2540 καταλαμϐάνω,
1747 2470 1842 2539 ἀφ’
1873 2461 1948 2523 ὧν

359 2563 664 2636 σύνδρομον
715 2565 823 2633 ἔχω
860 2581 919 2618 σε
955 2563 1054 2617 τοῦ
1105 2564 1297 2635 μίσους
1350 2581 1453 2634 μου
1498 2562 1593 2616 τοῦ
1647 2563 1777 2634 περὶ
1823 2562 1948 2626 τοὺς

353 2654 712 2718 Νικολαῖτας.
769 2648 931 2710 Οῦτοι
983 2655 1040 2708 δὲ
1084 2655 1557 2726 παρονομάζονται
1614 2655 1723 2708 ἀπὸ
1780 2656 1947 2709 Νικο-

347 2744 494 2800 ’λάου
541 2746 662 2811 ἑνὸς
718 2747 828 2800 τῶν
885 2746 1024 2800 ἑπτὰ
1070 2731 1353 2801 διακόνων.
1386 2747 1494 2800 Kal.
1533 2745 1678 2810 τίνες
1707 2745 1763 2799 δὲ
1807 2740 1949 2816 ἦσαν

356 2837 458 2907 τὴν
504 2837 920 2908 αἰσχρουργίαν,
957 2837 1278 2907 Ἐπιιρανίου
1307 2837 1401 2891 τοῦ
1443 2840 1509 2891 ὲκ
1534 2837 1762 2908 Κύπρου
1801 2837 1947 2890 θείου

356 2928 556 3000 ἀνδρὸς
589 2930 622 2999 ἡ
651 2929 763 2982 τῶν
795 2931 1143 3000 Har-apein
1173 2929 1340 2984 αὑτοῦ
1377 2930 1554 3000 βίϐλος
1593 2928 1844 2996 δηλώσει.
1879 2960 1949 2970 -

359 3021 625 3088 Ἄλλως·
659 3022 891 3094 Κίνησιν
933 3023 1158 3093 λυχνίας
1191 3023 1334 3087 τινὲς
1354 3063 1368 3088 ,
1418 3024 1515 3076 καὶ
1548 3025 1638 3075 τὸν
1660 3015 1948 3092 μίερατικόν

1976 1796 2025 1856 Β

2051 550 2444 606 Nicolaitarum
2489 551 2903 607 obscenitatem.
2936 550 3172 604 Accusat
3224 557 3404 600 autem
3470 543 3640 610 negli-

2055 645 2290 716 gentiam
2321 644 2373 698 in
2407 645 2730 699 insumendo
2766 652 2823 698 ut
2849 641 3109 712 proximis
3139 636 3449 693 necessaria
3511 651 3638 703 snp-

2055 741 2386 810 peditentur,
2421 741 2564 809 quod
2597 755 2816 794 rursum
2848 738 3006 808 jubet
3035 734 3302 790 revocari.
3325 731 3526 794 Prima,
3557 732 3638 781 in-

2055 832 2194 902 quit,
2227 847 2391 902 opera
2441 831 2527 886 fac
2583 832 2634 885 in
2685 830 2923 901 justitia.
2971 827 3157 898 Neque
3213 825 3356 880 enim
3422 839 3508 878 me
3555 821 3636 874 la~

2056 931 2190 981 tent.
2220 923 2416 994 inquit,
2445 934 2539 993 aut
2569 923 2743 993 prima
2777 931 2994 976 tuarum
3023 919 3307 974 actionum
3341 916 3506 978 bona,
3541 921 3638 966 aut

2055 1014 2201 1085 quod
2236 1015 2558 1069 charitatem
2586 1030 2710 1085 erga
2776 1013 3081 1084 indigentes
3126 1008 3488 1067 contraxeris.
3526 1004 3634 1059 Re-

2054 1115 2264 1160 vertere
2295 1105 2480 1176 igitur,
2515 1121 2684 1174 quum
2715 1121 2745 1159 a
2777 1119 2863 1159 me
2892 1103 3149 1158 didiceris
3171 1113 3220 1158 te
3241 1100 3527 1155 defecisse.

2139 1195 2348 1250 Veniam
2372 1197 2464 1250 tibi
2481 1198 2606 1250 cito.
2627 1195 2780 1263 Quod
2806 1197 2879 1251 ait
2902 1214 2915 1250 :
2947 1195 3188 1257 Veniant,
3212 1210 3320 1247 non
3343 1189 3637 1261 progressi-

2053 1304 2181 1342 vum
2214 1287 2484 1358 signiﬁcat
2511 1299 2718 1341 motum
2759 1285 2854 1340 Dei
2910 1286 3000 1355 qui
3064 1286 3244 1338 omnia
3293 1283 3482 1351 replet,
3541 1281 3635 1334 sed

2054 1380 2470 1435 Conversionem
2498 1379 2564 1433 ad
2601 1377 2865 1432 socordia:
2906 1377 3192 1431 ultionem.
3233 1373 3412 1428 Motus
3447 1382 3632 1426 autem

2054 1468 2316 1526 Ecclesia:
2358 1481 2442 1526 cst
2492 1487 2523 1526 a
2575 1471 2757 1526 divina
2809 1471 2983 1543 gratia
3040 1469 3356 1531 denudatio,
3417 1475 3637 1536 propter

2053 1579 2218 1633 quam
2243 1564 2294 1617 in
2324 1564 2439 1620 salo
2465 1579 2529 1620 ac
2559 1561 3141 1633 uadarumjactatione
3162 1576 3192 1614 a
3216 1559 3500 1628 spiritibus
3520 1573 3636 1610 ma-

2053 1655 2120 1711 lis
2149 1664 2202 1710 et
2238 1655 2521 1710 hominum
2554 1656 2622 1712 iis
2670 1653 3089 1724 obsequentium
3126 1652 3391 1722 pravitate
3429 1647 3637 1702 consti-

2051 1745 2256 1798 tuitur:
2289 1745 2426 1799 adeo
2449 1755 2506 1798 ut
2532 1745 2781 1799 homines
2808 1744 2900 1814 qui
2927 1742 3174 1814 ejusdem
3209 1739 3374 1795 sortis
3389 1753 3511 1792 eum
3534 1736 3637 1790 hac

2053 1843 2177 1889 sunt
2207 1833 2476 1901 Ecclesia,
2504 1835 2688 1890 dicant
2720 1848 2735 1888 :
2763 1833 3167 1889 (Conturbatus
3198 1841 3284 1885 est
3317 1831 3370 1883 in
3404 1829 3482 1883 ira
3505 1843 3637 1882 oeu-

2051 1926 2138 1980 lus
2165 1940 2316 1981 meus
2339 1925 2420 1993 ";
2457 1944 2475 1977 ι
2531 1935 2606 1992 et,
2631 1927 2766 1982 «Cor
2797 1941 2976 1980 meum
3031 1923 3414 1980 conturbatum
3451 1929 3534 1973 est
3581 1918 3633 1970 in

2052 2032 2138 2070 me
2167 2018 2233 2072 5°.
2277 2035 2295 2068 ι

2124 2109 2227 2164 Sed
2254 2111 2350 2164 hoc
2379 2110 2538 2165 habes
2563 2112 2704 2182 quod
2730 2111 2890 2164 odisti
2921 2111 3067 2180 facta
3093 2107 3511 2164 Nicolaitarum.
3542 2104 3634 2158 ln-

2053 2212 2134 2256 tcr
2166 2201 2340 2257 tristia
2370 2203 2525 2272 ponit
2559 2203 2723 2257 etiam
2751 2218 2812 2257 ea
2847 2218 2968 2272 quae
2997 2201 3430 2257 consolationem
3457 2199 3634 2254 addu-

2035 2300 2201 2356 cunt,
2229 2307 2300 2346 ne
2316 2292 2696 2348 abundantiori
2724 2293 2946 2350 tristitia
2973 2293 3339 2349 absorbeatur
3362 2288 3631 2350 Ecclesia,

2049 2385 2142 2438 Ait
2168 2400 2296 2456 ergo
2330 2403 2344 2440 :
2385 2385 2487 2440 Per
2519 2386 2906 2456 paenitentiam
2945 2401 3046 2454 ego
3075 2384 3236 2440 facile
3264 2394 3316 2438 te
3348 2381 3631 2451 recipiam.

2050 2491 2116 2532 eo
2136 2477 2284 2547 quod
2315 2487 2366 2533 te
2387 2478 2516 2532 mihi
2539 2478 2875 2534 conformem
2932 2479 3160 2532 habeam
3191 2478 3244 2530 in
3273 2476 3399 2530 odio
3429 2475 3631 2529 adver-

2051 2581 2146 2622 sus
2177 2565 2493 2622 Nicolaitas.
2528 2565 2590 2620 Hi
2626 2575 2809 2622 autem
2848 2581 3152 2636 cognomen
3186 2565 3463 2635 accipiunt
3489 2582 3520 2621 a
3545 2565 3631 2621 Ni-

2051 2658 2231 2725 colao,
2260 2673 2370 2714 uno
2404 2675 2471 2716 ex
2502 2670 2710 2729 septem
2760 2657 3105 2718 diaconibus.
3165 2645 3400 2723 Quinam
3449 2666 3631 2711 autem

2051 2753 2258 2810 fuerint
2290 2763 2344 2808 et
2378 2767 2569 2808 eorum
2602 2751 2990 2807 obscmnitates
3025 2750 3163 2805 liber
3192 2749 3462 2804 Panarion
3510 2750 3636 2819 Epi-

2041 2845 2239 2916 phanii
2273 2845 2443 2901 divini
2479 2861 2544 2900 ex
2575 2843 2755 2915 Cypro
2778 2845 2879 2897 viri
2909 2841 3441 2898 manifestat—Alio
3456 2842 3630 2898 modo.

2051 2939 2253 2994 Motum
2279 2936 2590 2993 candelabri
2650 2935 2991 3005 interpretati
3047 2949 3266 3004 quoque
3317 2942 3448 2990 sunt
3491 2949 3633 2988 non-

2052 3030 2188 3086 nulli
2215 3029 2606 3085 sacerdotalem
2632 3027 2919 3098 Ephesinaa
2950 3026 3208 3081 Ecclesia:
3245 3025 3453 3091 sedem,
3487 3025 3634 3096 quod

356 3111 457 3182 τῆς
507 3113 734 3182 Ἐφέσου
784 3113 975 3186 θρόνον
1025 3114 1321 3182 ὑπέλαϐον,
1372 3113 1946 3170 Κωνσταντινουπόλει

2053 3121 2226 3192 ipsius
2255 3120 2573 3192 dignitatem
2605 3118 2892 3180 tradiderit
2913 3117 3410 3188 Constantinopoli.

356 3203 424 3256 τά
461 3203 733 3275 πρεσϐεῖα
764 3203 970 3274 ἑαυτῆς
999 3205 1280 3260 ἐπιδοῦσα.

445 3295 508 3348 '0
540 3295 698 3364 ἔχων
732 3291 842 3364 οὖς
867 3296 1208 3351 ἀκουσάτω.
1261 3298 1534 3368 Σαρκικὸν
1577 3298 1671 3362 οῦς
1707 3301 1813 3363 πᾶς
1857 3301 1950 3354 άν-

363 3387 584 3459 θρωπος
640 3387 789 3458 ἔχει,
852 3390 1226 3458 πνευματικὸν
1283 3389 1339 3442 δὲ
1395 3392 1424 3442 ὁ
1492 3389 1946 3460 θεοφορούμενος,

361 3481 504 3550 ὅπερ
543 3479 617 3550 τῷ
675 3480 874 3551 Ἡσαΐᾳ
940 3481 1323 3550 προστέθειται
1374 3480 1469 3532 καὶ
1529 3479 1607 3549 τῷ
1657 3481 1948 3550 θεοπάτορι

359 3569 530 3624 Δαυῖδ
566 3571 796 3642 εύήκοον
848 3571 1139 3640 γενέσθαι.
1197 3570 1290 3639 ἀφ’
1347 3563 1409 3624 οὗ
1461 3572 1557 3624 καὶ
1610 3571 1948 3642 εὐχαρίστως

353 3663 739 3734 διατιθέμενος
799 3663 1048 3733 μελῳδεῖ,
1095 3683 1113 3715 ι
1147 3664 1240 3726 Εἰς
1275 3663 1444 3734 ἀκοὴν
1476 3663 1638 3716 ὠτίου
1671 3665 1948 3733 ὑπήκουσέ

357 3773 493 3825 μου,
533 3773 552 3807 ι
577 3755 738 3808 οἱονεὶ
767 3748 848 3818 οἷς
885 3755 1024 3824 ἀκοὴ
1069 3755 1128 3808 τὸ
1177 3754 1458 3808 ἐπαινετὸν
1504 3754 1681 3824 φέρει,
1725 3753 1949 3818 τούτους

355 3847 545 3917 κάμοῦ
583 3849 674 3900 τὸν
704 3845 867 3900 πόθον
891 3844 1312 3914 ἀφωμοιώσατο.
1339 3843 1412 3897 Τὸ
1442 3843 1670 3914 Πνεῦμα
1690 3843 1745 3896 δὲ
1776 3845 1947 3900 ταῦτα.

354 3936 546 4005 λέγειν
599 3937 792 4007 φησὶν,
833 3937 866 4006 ἢ
921 3937 1000 3989 ὅτι
1047 3935 1438 4005 πνευματικῶς
1479 3936 1767 4006 ἐνηργεῖτο
1805 3953 1946 4006 παρ-

357 4031 530 4082 ιστῶν
569 4028 639 4081 τὰ
689 4029 788 4097 τῆς
830 4027 1250 4096 Ἀποκαλύψεως
1275 4044 1289 4058 ο
1331 4027 1364 4097 ἢ
1401 4025 1628 4095 Πνεῦμα
1669 4028 1761 4080 τὸν
1807 4029 1946 4098 Χρι-

356 4120 492 4173 στόν
517 4137 652 4190 φησι
687 4119 822 4173 καθὸ
853 4121 968 4172 ἐστι
1005 4121 1098 4172 καὶ
1129 4122 1331 4172 νοεῖται
1364 4119 1518 4183 Θεὸς,
1541 4118 1731 4190 ὥσπερ
1755 4120 1947 4189 ἀμέλει

355 4214 458 4268 καὶ
484 4213 609 4276 Υἱὸς
633 4212 926 4284 ἀνθρώπου
951 4213 1303 4283 χρηματίζει,
1332 4212 1468 4266 καθό
1488 4215 1638 4265 ἐστιν
1660 4212 1948 4284 ἄνθρωπος

355 4305 454 4359 καὶ
487 4305 708 4357 νοεῖται.
745 4304 856 4356 Καὶ
896 4304 980 4356 ὅτι
1011 4303 1237 4371 Πνεῦμα
1271 4303 1494 4370 λέγεται
1528 4301 1556 4352 ὁ
1590 4303 1746 4370 Θεὸς,
1777 4303 1946 4356 αὐτοῦ

353 4398 454 4453 τοῦ
496 4396 738 4468 Χριστοῦ
786 4397 921 4465 πρὸς
950 4397 1051 4467 τὴν
1082 4397 1412 4466 Σαμαρεῖτιν
1442 4395 1748 4464 παριστῶσι
1773 4394 1943 4464 λόγοι,

361 4509 380 4542 ι
417 4490 668 4561 Πνεῦμα,
707 4508 724 4541 ι
764 4487 1140 4558 ἀγορεύοντος,
1160 4488 1189 4539 ὁ
1209 4505 1228 4538 ι
1258 4487 1413 4553 Θεὸς,
1437 4487 1530 4540 καὶ
1555 4486 1682 4550 τοὺς
1709 4502 1949 4557 προσκυρ

355 4581 589 4646 νοῦντας
633 4580 798 4634 αὑτὸν
843 4581 902 4634 ὲν
949 4579 1223 4648 πνεύματι
1251 4581 1345 4632 καὶ
1372 4578 1625 4648 ἀληθείᾳ,
1667 4595 1686 4628 ι
1737 4577 1834 4631 καὶ
1875 4576 1944 4646 τᾲ

355 4675 513 4746 ἑξῆς.
543 4674 655 4728 Καὶ
682 4673 734 4726 τί
767 4673 827 4726 τὸ
854 4671 1079 4743 Πνεῦμα
1107 4672 1294 4742 λέγεις

435 4847 525 4913 Τῷ
570 4846 811 4901 νικῶντι
861 4848 1033 4904 δώσω
1070 4850 1281 4920 φαγεῖν
1323 4852 1392 4906 ἐκ
1437 4852 1542 4906 τοῦ
1599 4852 1790 4916 ξύλου
1845 4851 1955 4921 τῆς

357 4933 535 5004 ζωῆς.
550 4936 908 4998 -Νικὼντι,
928 4938 1019 4991 τὸν
1037 4938 1171 5009 πρὸς
1195 4941 1320 5001 τοὺς
1339 4940 1600 5010 δαίμονας
1622 4941 1879 5013 πόλεμον,
1895 4943 1953 5006 ὃς

357 5025 452 5079 διά
471 5026 580 5080 τῶν
602 5027 902 5095 συμφύτων
921 5030 1052 5099 ἡμῖν
1076 5030 1264 5083 παθῶν
1293 5031 1713 5102 ἀνερεθίζεσθαι
1735 5033 1950 5088 εἴωθεν.

359 5117 532 5172 Ξύλον
561 5118 620 5172 δὲ
647 5119 795 5189 ζωῆς
813 5120 891 5188 (8)
909 5121 1211 5191 τροπικῶς,
1231 5123 1293 5174 τὸ
1310 5125 1366 5176 ἐν
1393 5125 1545 5195 μέσῳ
1565 5125 1659 5178 τοῦ
1682 5127 1952 5196 Παριδείο

366 5224 487 5274 σου,
520 5209 617 5263 καὶ
655 5210 991 5279 Παράδεισον
1020 5213 1119 5281 τὴν
1151 5215 1430 5285 μακαρίαν
1460 5218 1552 5270 καὶ
1587 5217 1948 5282 αἰωνίζουσαν

362 5295 670 5366 ὲκληπτέον
696 5297 861 5368 ζωὴν,
893 5301 952 5352 ἐν
1042 5301 1233 5370 σοφίας
1259 5303 1492 5370 ἄφθονος
1517 5305 1695 5374 χύσις,
1721 5308 1852 5376 περὶ
1881 5303 1949 5379 ἧς

366 5385 463 5437 καὶ
479 5385 731 5456 Σολομῶν
749 5405 914 5458 φησι·
954 5407 971 5439 ι
995 5390 1164 5443 Ξύλον
1189 5390 1335 5462 ζωῆς
1365 5393 1482 5445 ἐστι
1509 5397 1620 5458 τοῖς
1648 5396 1949 5467 ἀντεχομέ-

439 5536 504 5615 ”_
524 5539 668 5615 Psal.
698 5557 827 5609 xxx,
867 5544 952 5600 lO.
1029 5546 1073 5578 ⁵ο
1108 5545 1254 5602 Psal.
1292 5563 1398 5615 Liv,

374 5623 452 5673 ιν,
477 5611 568 5665 24.

454 5743 530 5812 (7)
567 5746 720 5820 Vulg.
755 5750 856 5804 ὑπὸ
887 5751 994 5808 τῶν
1025 5754 1122 5823 τῆς
1159 5754 1422 5825 πονηρίας
1454 5753 1775 5825 ἀνθρώπων.

1604 5553 1645 5583 δ’
1699 5553 1799 5606 lsa.
1852 5569 1900 5614 ι,
1940 5554 1971 5607 -ί
2000 5566 2152 5621 seqq.

2126 3297 2230 3363 Qui
2255 3296 2410 3350 habet
2459 3312 2642 3350 aurem
2679 3296 2891 3350 audiat.
2929 3292 3176 3363 Quisque
3231 3294 3397 3348 homo
3443 3308 3636 3348 aurem

2053 3389 2216 3445 habet
2238 3387 2888 3456 earnalem,spiritualem
2915 3401 3043 3441 vero
3069 3386 3114 3442 is
3143 3385 3237 3455 qui
3269 3385 3456 3440 divino
3480 3384 3634 3440 allia-

2056 3487 2146 3532 tnr
2187 3476 2421 3548 Spiritu,
2453 3493 2576 3547 qua:
2605 3477 2758 3532 Isaiae
2803 3475 3037 3530 "addita
3067 3483 3151 3540 est
3184 3474 3389 3544 Deique
3441 3490 3636 3544 proge-

2052 3574 2215 3628 nitOri
2270 3571 2556 3638 Davidi",
2617 3583 2678 3628 ut
2729 3572 2988 3628 obediens
3039 3580 3204 3627 esset.
3267 3571 3419 3627 Unde
3468 3571 3634 3626 etiam

2041 3675 2206 3734 grato
2233 3666 2418 3720 animo
2444 3664 2696 3730 allectus,
2739 3665 2971 3720 dulciter
2996 3666 3144 3720 canit
3175 3682 3188 3719 :
3228 3684 3246 3716 ι
3275 3666 3354 3720 Ad
3385 3665 3634 3720 auditum

2053 3754 2204 3809 auris
2232 3755 2526 3810 obsecutus
2548 3763 2632 3810 est
2669 3755 2802 3810 mihi
2830 3755 2875 3786 ⁵³
2905 3772 2918 3808 :
2949 3774 2966 3806 ι
2998 3757 3101 3811 hoc
3155 3763 3239 3809 est
3272 3755 3325 3808 in
3376 3755 3462 3808 his
3496 3754 3640 3809 unde

2037 3845 2272 3906 auditus
2290 3845 2397 3901 fert
2415 3847 2621 3917 aliquid
2644 3846 2934 3908 laudabile,
2971 3847 3038 3900 ad
3073 3862 3251 3901 meum
3282 3845 3513 3900 accessit
3545 3847 3637 3900 de-

2052 3935 2336 3994 siderium.
2360 3937 2486 3992 llazc
2520 3947 2704 3992 autem
2737 3938 2814 3991 ait
2843 3936 3103 4008 Spiritum
3145 3937 3346 4002 dicere,
3371 3945 3465 3990 ant
3491 3935 3637 4006 quod

2052 4028 2414 4097 spiritualiter
2477 4029 2827 4097 operabatur,
2880 4029 3268 4083 demonstrans
3335 4044 3458 4096 qum
3511 4038 3641 4082 sunt

2051 4119 2216 4194 hujus
2249 4119 2613 4183 revelationis,
2651 4119 2813 4190 665
2864 4130 2955 4172 aut
2993 4118 3255 4188 Spiritum
3301 4119 3433 4172 dicit
3474 4118 3637 4172 Chri-

2053 4219 2222 4276 stum,
2257 4220 2529 4280 quatenus
2567 4220 2650 4264 est
2683 4220 2736 4264 et
2763 4210 3082 4279 intelligitur
3149 4210 3313 4279 Deus,
3373 4211 3640 4279 quemad-

2053 4301 2276 4355 modum
2311 4317 2496 4355 revera
2530 4315 2750 4370 quoque
2807 4300 2847 4355 F
2855 4301 2980 4355 ilius
3005 4300 3243 4354 hominis
3306 4301 3634 4371 appellatur,

2054 4400 2330 4461 quatenus
2377 4401 2461 4446 est
2501 4401 2556 4446 et
2609 4391 2937 4463 intelligitur
2990 4392 3176 4445 homo.
3236 4390 3390 4456 Quod
3452 4401 3633 4444 autem

2059 4483 2296 4552 Spiritus
2325 4483 2539 4538 dicatur
2571 4481 2732 4549 Deus,
2767 4483 2942 4554 ipsius
2977 4483 3182 4548 Christi
3235 4484 3302 4538 ad
3336 4482 3608 4537 Samarita
3629 4513 3641 4521 -

2056 4590 2182 4629 nam
2239 4575 2402 4628 verba
2455 4575 2856 4639 demonstrant,
2911 4574 3184 4630 dicentis:
3220 4593 3238 4626 ι
3282 4574 3516 4644 Spiritus
3555 4585 3640 4628 est

2059 4665 2221 4729 Deus,
2254 4674 2309 4718 et
2335 4680 2429 4721 eos
2467 4664 2562 4736 qui
2591 4665 2822 4720 adorant
2856 4680 3005 4731 eum,
3035 4665 3089 4719 in
3113 4665 3307 4734 spiritu
3330 4673 3385 4720 et
3409 4666 3640 4720 veritate

2055 4763 2272 4824 oportet
2297 4755 2530 4810 adorare
2553 4757 2621 4809 “.
2649 4774 2668 4807 ι
2697 4756 2762 4810 Et
2785 4757 2917 4827 quid
2931 4766 3018 4811 est
3041 4757 3184 4825 quod
3205 4755 3337 4811 dicit
3364 4754 3642 4824 Spiritus?

2143 4846 2378 4903 Vincenti
2427 4848 2564 4904 dabo
2610 4851 2760 4904 edere
2796 4849 2861 4904 de
2893 4848 3034 4920 ligno
3073 4849 3213 4903 vita.
3278 4847 3526 4904 Vincenti
3584 4847 3641 4900 in

2059 4941 2198 4996 bello
2227 4943 2372 5011 quod
2403 4944 2666 4998 adversus
2697 4943 2972 4998 daemones
3002 4942 3228 5010 geritur,
3260 4939 3405 5010 quod
3436 4954 3530 5008 per
3561 4938 3646 4992 in-

2057 5031 2194 5086 sitos
2221 5030 2378 5084 nobis
2404 5028 2626 5082 allectus
2658 5026 2883 5081 excitari
2916 5025 3073 5080 solet.
3109 5023 3337 5094 Lignum
3364 5037 3492 5078 vero
3518 5024 3642 5076 vitae

2055 5124 2202 5194 quod
2230 5131 2314 5178 est
2343 5121 2408 5176 in
2441 5121 2628 5187 medio.
2659 5118 2921 5189 paradisi,
2968 5132 3034 5173 ac
3075 5115 3388 5186 paradisum
3431 5113 3640 5182 tr0pice

2055 5215 2230 5285 accipi
2265 5221 2479 5282 oportet
2507 5211 2722 5265 beatam
2757 5223 2822 5262 ac
2853 5218 3164 5277 perpetuam
3216 5206 3402 5268 vitam,
3446 5203 3499 5256 in
3532 5217 3640 5271 qua

2053 5287 2139 5359 est
2170 5305 2456 5359 abundans
2488 5301 2768 5372 sapientiae
2805 5298 3022 5354 diﬂ'usio
3057 5316 3070 5351 :
3101 5296 3169 5351 de
3209 5311 3316 5364 qua
3372 5293 3534 5347 etiam
3567 5291 3644 5344 ait

2056 5397 2319 5450 Solomon
2365 5413 2376 5448 :
2418 5413 2435 5444 ι
2471 5394 2702 5464 Lignum
2728 5392 2848 5446 vita
2887 5399 2972 5446 est
3004 5390 3072 5444 iis
3097 5388 3189 5460 qui
3240 5385 3641 5454 amplectuntur

2231 5553 2275 5583 ⁵³
2323 5550 2466 5605 Psal.
2499 5565 2684 5613 nux,
2711 5548 2765 5601 4.
2861 5550 2906 5579 ³³
2938 5545 3077 5600 Psal.
3116 5559 3244 5608 xvu,
3284 5541 3370 5597 45.
3401 5539 3444 5573 ⁸³
3475 5538 3636 5596 Joan.

2127 5751 2200 5823 (8)
2235 5751 2431 5806 Vocem
2465 5752 2605 5823 ζωῇ,
2637 5753 2836 5806 omittit
2875 5751 3022 5822 vulg.
