4110 6396
1451 315 1840 378 COMMENT.
1885 315 1967 375 ΙΝ
2009 314 2543 379 APOCALYPSIN.

3556 297 3660 384 sta

457 430 568 486 Kal
609 429 726 497 τὴν
764 428 1194 507 βλασφημίαν.
1252 427 1414 482 Κατά
1463 427 1645 482 κοινοῦ
1681 429 1764 493 τὸ,
1829 423 1977 482 Οἶδά

2151 429 2221 482 Et
2259 429 2668 499 blasphemiam.
2700 428 2743 482 A
2775 429 3052 484 communi
3105 444 3271 484 sensu
3305 433 3660 500 repetendum

379 541 520 583 σου.
553 524 641 576 ἵνα
673 521 1002 591 ὲξακούηται
1025 520 1224 583 οὕτως’
1254 516 1389 574 Οἷδά
1430 537 1524 574 σου
1557 522 1628 574 τὰ
1652 521 1812 592 ἔργα,
1850 517 1970 574 οἶδα

2098 531 2180 589 :st,
2215 522 2357 586 Seio,
2392 532 2451 577 ut
2487 522 2559 576 sit
2591 537 2787 578 sensus
2817 539 2829 574 :
2872 520 3002 577 Scio
3031 538 3195 592 opera
3225 531 3340 583 tua.
3369 523 3486 577 scio
3509 523 3656 578 blas-

381 618 480 670 καὶ
505 615 606 686 τὴν
655 614 1014 685 βλασφημίαν
1059 613 1170 666 τῶν
1221 612 1299 684 τῷ
1339 612 1484 684 λόγῳ
1535 614 1636 684 μὲν
1679 614 1971 679 Ἰουδαίων,

380 709 534 780 ἔργῳ
581 708 640 761 δὲ
688 707 1019 775 συναγωγῆς
1053 704 1148 758 τοῦ
1193 705 1433 760 Σατανᾶ.
1468 707 1543 760 υὺ
1579 707 1689 776 γὰρ
1721 709 1750 759 6
1791 707 1850 760 ὲν
1896 707 1974 777 τῷ

380 797 610 868 φανερῷ
649 795 932 860 Ἰουδαῖος,
955 793 1074 848 ἀλλ’
1099 794 1131 846 6
1169 794 1229 846 ὲν
1256 791 1337 864 τῷ
1363 793 1622 863 κρυπτῷ,
1655 793 1752 847 καὶ
1781 794 1846 861 τῇ
1873 809 1974 845 πεο

383 890 585 959 ριτομῇ
612 889 711 958 τῆς
740 887 990 959 καρδίας,
1019 888 1049 940 6
1070 885 1162 940 διά
1203 886 1302 955 τῆς
1331 885 1428 938 τοῦ
1457 885 1792 956 φαινομένου
1821 899 1978 956 περι-

2073 614 2350 683 phcmiam
2403 627 2593 668 eorum
2631 612 2724 682 qui
2778 613 2945 666 verbo
2984 609 3158 666 Judaei
3194 622 3344 672 sunt.
3381 627 3440 666 rc
3471 623 3656 666 autem

2075 706 2193 775 ipsa
2227 711 2358 761 sunt
2401 718 2674 774 synagoga
2731 703 2968 757 Satanas.
3019 701 3211 772 Neque
3265 702 3412 756 enim
3472 701 3565 773 qui
3609 705 3662 756 in

2075 795 2369 850 manifesto
2390 792 2610 848 Iudaeus
2643 793 2829 856 fuerit,
2853 792 2901 846 is
2931 807 3057 846 vere
3085 789 3314 846 Judaaus
3335 792 3539 855 cst,sed
3570 794 3665 861 qui

2075 886 2133 941 in
2163 887 2379 941 occulto
2409 895 2464 939 et
2489 884 2905 940 circumcisione
2929 882 3134 949 cordis,
3159 883 3254 953 qui
3300 897 3396 952 per
3425 883 3666 938 ablatio-

378 979 588 1049 ὅλητοῦ
621 977 703 1048 τῷ
732 977 1048 1049 γεννητικῷ
1095 977 1274 1048 μορίῳ
1307 976 1585 1048 δέρματος
1629 976 1978 1047 ἀφαιρέσεως

2098 996 2205 1036 rem
2241 979 2536 1035 materialis
2585 979 2742 1048 pellis
2789 993 2913 1048 qua:
2942 978 3294 1033 circumdare
3321 979 3662 1048 conspicitur

381 1070 483 1123 τοῦ
515 1069 704 1125 ὑλικοῦ
732 1069 890 1124 τοῦδε
923 1069 1125 1132 παντὸς
1147 1067 1271 1138 βίον
1297 1068 1752 1140 ἀλλοτριούμενον
1783 1069 1979 1124 ἑαυτὸν

2098 1074 2394 1129 nembrum
2443 1073 2700 1143 genitale,
2730 1074 2974 1144 scipsum
3042 1082 3153 1128 t0ta
3191 1073 3300 1134 vita
3334 1075 3657 1130 immutasse

381 1161 792 1233 αἰνιττόμενος,
828 1161 926 1215 καὶ
953 1159 1091 1233 πρὸς
1113 1161 1184 1216 τὰ
1217 1161 1338 1215 θεῖα
1371 1163 1438 1232 τῇ
1465 1160 1614 1231 ψυχῇ
1654 1159 1977 1224 ἐνσκευαζό-

2098 1167 2424 1238 lesignatur,
2453 1175 2508 1220 et
2536 1165 2590 1219 in
2649 1165 2830 1220 anima
2868 1175 3168 1220 exornatus
3203 1181 3327 1221 esse
3358 1166 3425 1220 ad
3451 1160 3660 1222 divina.

385 1269 578 1320 μενον.
608 1253 671 1306 Ei
703 1253 812 1322 γὰρ
847 1252 1047 1315 Ἰούδας
1089 1251 1190 1321 μὲν
1213 1251 1654 1320 ἐξομολόγησις
1678 1251 1981 1321 ἑρμηνεύε-

2089 1256 2228 1312 Nam
2270 1259 2316 1312 si
2349 1257 2522 1312 ludas
2554 1258 2950 1325 interpretatur
2972 1257 3262 1325 confessio.
3291 1257 3459 1312 lsrael
3489 1266 3672 1312 autem

383 1359 508 1405 ται,
545 1342 762 1412 Ἰσραὴλ
792 1343 848 1398 δὲ
873 1343 1023 1408 νοῦς
1050 1341 1208 1410 ὀρῶν
1234 1342 1408 1406 Θεὸν,
1427 1342 1646 1406 πάντως
1674 1343 1725 1396 οἱ
1759 1342 1982 1413 ἀληθεῖς

2098 1366 2230 1406 nens
2288 1366 2408 1420 qua
2464 1349 2633 1404 Deum
2696 1350 2983 1404 intuetur:
3018 1350 3072 1404 bi
3128 1353 3356 1405 omnino
3387 1350 3497 1404 veri
3545 1357 3676 1406 sunt

399 1433 655 1486 Ἰουδαῖοι
687 1433 785 1487 καὶ
821 1432 1042 1505 Ἰσραὴλ
1067 1426 1217 1487 οὗτοί
1242 1435 1404 1501 εἰσιν,
1438 1435 1487 1488 oi
1523 1433 1748 1504 Χριστῷ
1786 1433 1982 1504 ἐξομο-

383 1519 734 1592 λογούμενοι,
782 1523 954 1593 ἤγουν
981 1522 1436 1593 εὐχαριστοῦντες
1493 1523 1611 1577 ἀνθ’
1645 1516 1722 1578 ὧν
1767 1525 1983 1594 μεγάλα

385 1613 769 1684 εὖεργέθημεν
795 1615 863 1684 τῇ
898 1613 988 1667 διὰ
1019 1613 1220 1685 σαρκὸς
1255 1613 1422 1667 αὑτοῦ
1461 1613 1599 1686 πρὸς
1626 1615 1774 1685 ἡμᾶς
1795 1614 1984 1684 ἐπιδη-

389 1705 520 1776 μίᾳ.
561 1705 734 1758 Τοῦτο
797 1705 909 1776 γὰρ
937 1707 970 1775 ἡ
1028 1704 1422 1775 ἐξομολόγησις
1467 1704 1661 1776 δηλοῦν
1711 1705 1982 1775 βούλεται.

401 1775 626 1868 Ἰσραὴλ
649 1797 726 1860 δι,
757 1795 816 1860 ὃς
848 1775 926 1867 νῷ
954 1796 1090 1850 εεδν
1122 1797 1255 1867 ὁρᾴν
1282 1775 1614 1866 ἠξιωμένος,
1655 1798 1846 1868 μηδενὶ
1872 1796 1985 1852 τῶν
2015 1775 2062 1835 Β

384 1887 646 1956 ἀσχολεῖν
663 1886 934 1940 εἰωθότων
954 1885 1292 1957 ὲπιπροσθού
1300 1903 1481 1956 μενος.
1503 1887 1714 1941 Οὐκοῦν
1725 1886 1848 1941 οὐδὲ
1863 1887 1989 1940 Ἰουο

383 1977 533 2032 δαίοι
547 1978 668 2031 οὔτε
686 1978 903 2050 Ἰσραὴλ
923 1981 972 2032 oi
987 1981 1058 2050 τῇ
1071 1978 1302 2049 ἀπιστίᾳ
1320 1979 1658 2048 ἐμμένοντες
1672 1978 1990 2050 ἀνεπιστρο-

388 2087 536 2136 φως,
553 2069 688 2124 ἀλλὰ
705 2069 1159 2140 βλασφημοῦντες
1177 2069 1503 2142 συναγωγὴν
1517 2071 1744 2134 ἑαυτοὺς
1759 2071 1990 2140 ἀποφαί-

395 2179 554 2214 νουσι
595 2162 692 2215 τοῦ
727 2163 949 2217 Σατανᾶ
985 2162 1410 2234 ὲζωγρημένους
1458 2162 1552 2216 ὑπ’
1580 2162 1749 2217 αὐτοῦ
1803 2163 1886 2228 είς
1928 2164 1992 2217 τὸ

385 2252 612 2307 ἐκείνου
641 2253 875 2325 θέλημα,
897 2256 993 2310 ἂτε
1027 2256 1122 2308 καὶ
1146 2256 1662 2326 στρατηγουμένους
1684 2257 1777 2309 ὑπ’
1798 2256 1990 2311 αὐτοῦ.

476 2349 561 2400 Οὐ
574 2345 662 2414 μὴ
700 2344 966 2414 ἀδικηθῇ
1004 2347 1074 2400 ἐκ
1116 2347 1226 2401 τοῦ
1251 2345 1514 2402 θανάτου
1543 2347 1652 2402 τοῦ
1681 2346 1990 2414 δευτέρου.

407 2435 666 2505 Ἀκριὸὲς
687 2435 751 2488 τὸ
783 2437 906 2506 είρη
916 2436 1098 2504 μένον,
1124 2436 1207 2490 ὅτι
1234 2435 1330 2490 δύο
1375 2436 1628 2492 θανάτων
1679 2436 1993 2508 ἀνθρώποις

384 2527 594 2589 ὄντων,
626 2526 846 2597 πρώτου
875 2527 973 2581 τοῦ
1015 2528 1273 2598 φυσικοῦ,
1310 2528 1371 2593 ὃς
1410 2530 1529 2582 ἐστι
1579 2529 1862 2600 χωρισμὸς
1894 2527 1992 2596 τῆς

387 2616 582 2688 ψυχῆς
633 2617 743 2671 ἀπὸ
793 2618 890 2672 τοῦ
944 2617 1224 2690 σώματος,
1275 2619 1421 2673 κατά
1471 2619 1575 2692 τὴν
1628 2620 1848 2674 δικαίαν
1901 2619 1995 2672 καὶ

388 2708 780 2780 ἀπαραίτητον
821 2709 1132 2778 ἀπόφανσιν
1178 2709 1274 2769 τοῦ
1333 2711 1784 2781 παντοκράτορος
1831 2710 1992 2778 Θεοῦ,

393 2799 525 2870 τὴν,
555 2801 638 2853 ὅτι
683 2818 702 2851 ι
744 2800 822 2868 Γῆ
850 2795 900 2852 εί
933 2800 1028 2853 καὶ
1049 2802 1129 2863 εἰς
1156 2801 1259 2870 γῆν
1281 2799 1585 2870 ἀπελεύσῃ.
1627 2819 1645 2850 ι
1673 2798 1880 2853 Τοῦτον
1901 2798 1995 2852 τὸν

396 2892 644 2946 θάνατον
663 2891 1075 2964 ἀνυπερθέτως,
1107 2893 1310 2954 πάντες
1338 2891 1622 2962 ἄνθρωποι
1654 2891 1858 2946 δίκαιοι
1895 2891 1992 2943 καὶ

395 2984 724 3056 ἁμαρτωλοὶ
756 2983 1006 3054 μέτιμεν.
1041 2983 1308 3054 Δευτὲρου
1333 2981 1394 3036 δὲ
1425 2982 1593 3036 πάλιν
1620 2981 1860 3037 θανάτου
1895 2981 1992 3035 καὶ

2082 1441 2254 1499 Judaei
2336 1441 2606 1504 etlsracl,
2667 1442 2758 1510 qui
2809 1441 3084 1496 Christum
3148 1442 3494 1507 conﬁtentur,
3559 1441 3676 1496 sive

2086 1537 2292 1608 gratias
2331 1543 2494 1605 agunt
2557 1534 2628 1590 ob
2667 1549 2861 1605 magna
2907 1533 3196 1598 beneﬁcia,
3251 1534 3451 1600 quibus
3497 1533 3674 1588 ιδπεριί

2087 1643 2282 1684 sumus
2321 1641 2416 1696 per
2462 1626 2757 1680 adventum
2793 1625 2917 1695 cjns
2957 1626 3011 1680 in
3038 1641 3205 1680 carne
3235 1624 3303 1679 ad
3353 1640 3472 1680 nos.
3504 1609 3670 1695 667

2089 1720 2226 1776 Nam
2289 1719 2397 1773 hoc
2443 1717 2724 1786 signiﬁcat
2794 1717 2884 1771 illa
2957 1714 3256 1779 confessio;
3301 1714 3470 1770 lsrael
3544 1730 3678 1767 vero

2091 1815 2186 1886 qui
2239 1825 2530 1870 assecutus
2587 1820 2672 1868 est
2725 1817 2786 1864 ut.
2835 1809 3006 1864 Deum
3075 1818 3259 1862 mente
3308 1807 3523 1870 videat,
3585 1807 3680 1873 qui

2091 1908 2238 1962 nulla
2270 1922 2328 1961 rc
2358 1906 2688 1961 obscuratur
2719 1917 2824 1973 qua
2860 1901 3015 1971 prius
3033 1901 3171 1956 solet
3191 1900 3473 1969 occupari.
3497 1897 3683 1967 Itaque

2093 2014 2270 2068 neque
2294 1997 2466 2053 Judaei
2497 2005 2628 2052 sunt
2683 2010 2858 2065 neque
2907 1992 3099 2055 Israel,
3134 1992 3226 2061 qui
3272 2006 3382 2046 non
3425 1990 3682 2046 conversi

2094 2099 2418 2162 permanent
2451 2090 2504 2143 in
2545 2087 2956 2150 incredulitate,
3001 2085 3095 2139 scd
3129 2081 3566 2152 blasphemando
3591 2096 3685 2134 os-

2097 2182 2331 2238 tendunt
2362 2196 2423 2237 se
2464 2193 2804 2251 synagogam
2846 2191 2969 2231 esse
3003 2175 3248 2234 Satanan
3292 2174 3437 2242 capti
3476 2171 3546 2226 ab
3591 2170 3686 2223 illo

2097 2277 2164 2330 ad
2207 2274 2380 2343 ipsius
2412 2273 2773 2332 voluntatem,
2807 2277 3069 2338 tanquam
3097 2267 3166 2320 ab
3197 2265 3326 2334 ipso.
3366 2261 3683 2332 expugnati.

2172 2365 2295 2420 Non
2326 2363 2549 2419 lazdetur
2582 2379 2615 2416 a
2642 2371 2813 2415 morte
2863 2359 3122 2414 secunda.
3167 2357 3370 2410 Exacte
3407 2354 3684 2426 loquendo

2093 2457 2201 2510 hoc
2229 2455 2434 2510 dictum
2458 2460 2562 2508 est.
2597 2452 2736 2509 Cum
2775 2451 2923 2505 enim
2952 2449 3074 2504 dua:
3104 2449 3217 2503 sint-
3246 2455 3473 2508 mortes,
3506 2446 3687 2515 prima

2095 2545 2365 2601 naturalis
2390 2554 2718 2613 est,ncmpe
2774 2541 2971 2595 anima:
3029 2538 3305 2611 separatio
3342 2554 3374 2593 ι
3431 2551 3687 2608 corpore,

2097 2637 2402 2693 secundum
2435 2635 2645 2706 justam
2669 2645 2724 2689 et
2749 2631 3116 2687 inevitabilem
3148 2629 3543 2699 omnipotentis
3591 2625 3689 2681 Dei

2096 2729 2452 2792 sententiam,
2491 2735 2619 2797 puta
2657 2743 2670 2780 :
2710 2723 2910 2779 «Terra
2933 2739 2994 2779 es
3025 2722 3166 2778 et-in
3211 2729 3412 2777 tetram
3444 2725 3691 2774 reverte-

2097 2821 2176 2876 ris
2206 2821 2276 2875 ".
2307 2839 2327 2871 ι
2361 2817 2513 2874 Hanc
2548 2824 2784 2872 mortem
2817 2829 3011 2870 omnes
3041 2812 3294 2868 homines
3326 2812 3535 2880 absque
3564 2809 3679 2862 ulla

2096 2905 2417 2976 exceptione
2464 2903 2599 2974 justi
2629 2918 2694 2957 ac
2747 2910 3065 2972 peccatores
3114 2897 3384 2954 subimus.
3447 2895 3692 2949 Rursum

2097 3009 2232 3050 vero
2259 2992 2500 3049 secunda
2556 3007 2727 3056 mors,
2767 2991 3030 3060 majorem
3053 2988 3288 3044 all'crcns
3315 2986 3550 3050 cladem,
3593 3001 3696 3054 per

397 3077 822 3148 ὸλεθριωτέρου.
850 3076 946 3130 τοῦ
968 3075 1038 3130 δι’
1063 3077 1180 3145 ἀμα
1191 3075 1345 3144 ρτίας
1368 3076 1544 3140 ὄντος,
1572 3075 1632 3128 ὃν
1654 3073 1716 3127 τὸ
1738 3074 1839 3144 τῆς
1858 3076 1990 3127 ἀκοο

2098 3097 2385 3160 peccatum
2414 3085 2636 3140 inducta
2669 3093 2774 3148 est,
2799 3097 2963 3151 quam
2995 3080 3264 3136 illecebrae
3289 3078 3414 3133 vitzr
3435 3077 3680 3139 lascivzn,

402 3169 603 3223 λάστου
657 3171 750 3220 καὶ
786 3167 1064 3238 σαρκικῆς
1117 3166 1212 3219 καὶ⁹
1240 3164 1552 3236 ἡδυπαθοῦς
1597 3164 1746 3233 ζωῆς
1795 3163 1990 3234 δέλεαρ

2098 3176 2337 3235 carnalis
2368 3191 2433 3232 ac
2471 3176 2813 3245 voluptuosa:
2845 3172 3164 3228 hominibus
3196 3170 3546 3240 suppeditare
3597 3183 3696 3223 s0-

404 3261 524 3323 τοίς
554 3258 867 3329 ἀνθρώποις
890 3257 999 3312 οἶδε
1032 3257 1303 3328 πορίζειν.
1331 3257 1422 3311 Διὸ
1448 3257 1542 3311 καὶ
1566 3259 1596 3310 6
1632 3257 1840 3327 Κύριος
1865 3257 1992 3320 τοὺς

405 3349 615 3420 ταύτην
655 3347 1094 3419 μεταδιώκοντας
1135 3350 1368 3420 νεκροὺς
1410 3347 1694 3418 ὀνομάζει,
1722 3347 1854 3401 ὅταν
1879 3349 1985 3418 φῇ·

417 3460 438 3491 ι
480 3443 676 3511 Ἅφετε
692 3444 819 3504 τοὺς
847 3443 1079 3509 νεκροὺς
1105 3441 1280 3510 θάψαι
1297 3442 1425 3502 τοὺς
1453 3439 1666 3492 ἑαυτῶν
1687 3438 1938 3509 νεκρούς.
1970 3457 1991 3491 ι

413 3535 616 3588 Τοῦτον
666 3535 761 3589 τὸν
794 3535 1024 3588 θάνατον
1055 3533 1176 3606 (τὴν
1205 3532 1436 3604 ἐμπαθῆ
1474 3532 1620 3601 λέγω
1650 3531 1820 3602 ζωὴν)
1851 3534 1882 3585 6
1911 3549 1995 3586 νι-

408 3625 524 3678 κῶν
561 3626 624 3681 οὐ
649 3626 724 3696 μὴ
755 3625 992 3697 ἀδικηθῇ
1015 3628 1082 3681 ὲκ
1110 3627 1210 3680 τοῦ
1231 3626 1330 3697 τῆς
1361 3625 1589 3698 γεέννης
1629 3626 1715 3690 είς
1765 3625 2000 3681 ἀδιάλει-

407 3731 549 3771 πτον
582 3717 841 3772 θάνατον.

1003 3810 1258 3865 ΚΕΦΔΛ.
1324 3807 1400 3866 E'.

412 3921 495 3977 Τὰ
535 3923 923 3992 σημανθέντα
987 3925 1068 3989 τῷ
1123 3924 1236 3996 τῆς
1289 3923 1698 3995 Περγαμηνῶν
1743 3926 2000 3996 Ἐκκλη-

993 3996 1138 4062 σίας
1165 3995 1421 4065 ἀγγέλῳ.

489 4108 596 4162 Kal
627 4109 706 4174 τῷ
747 4110 984 4179 ἀγγέλῳ
1035 4108 1148 4178 τῆς
1186 4109 1256 4162 ἐν
1299 4107 1586 4178 Περγάμῳ
1625 4109 2003 4179 Ἐκκλησίας

411 4201 654 4270 γράψον
681 4217 695 4232 °
734 4203 878 4258 Τάδε
925 4203 1090 4273 λέγει
1119 4206 1152 4258 ὁ
1203 4204 1362 4273 ἔχων
1389 4203 1506 4272 τὴν
1535 4204 1842 4274 ῥομφαίαν
1889 4203 2007 4271 τὴν

411 4293 708 4362 δίστομον
729 4293 846 4362 τὴν
873 4294 1083 4358 ὀξεῖαν
1109 4312 1121 4324 ·
1154 4291 1303 4349 Οἶδα
1331 4295 1405 4350 τὰ
1434 4295 1580 4365 ἔργα
1607 4312 1727 4351 σου
1761 4296 1858 4350 καί
1884 4293 2006 4350 ποῦ

413 4385 733 4452 κατοικεῖς,
765 4386 919 4440 ὅπου
953 4389 987 4441 δ
1024 4387 1240 4456 θρόνος
1277 4388 1384 4442 τοῦ
1419 4386 1674 4443 Σατανᾶ.
1706 4387 1815 4442 Καὶ
1862 4403 2007 4456 κρα-

411 4477 539 4545 τεῖς
568 4481 634 4532 τὸ
675 4480 866 4550 ὄνομά
914 4499 1056 4549 μου,
1092 4480 1190 4534 καί
1216 4481 1328 4535 οὐκ
1353 4480 1604 4550 ἠρνήσω
1631 4480 1746 4550 τὴν
1797 4482 2009 4534 πίστιν

415 4589 533 4639 μου
564 4571 637 4624 ἐν
671 4571 802 4635 ταῖς
855 4571 1125 4642 ἡμέραις.
1158 4573 1228 4626 ἐν
1264 4568 1361 4639 αἷς
1402 4574 1675 4638 Ἀντίπας
1700 4575 1734 4628 ὀ
1773 4573 2009 4642 μάρτυς

416 4681 534 4730 μου
557 4665 590 4717 ό
619 4663 837 4731 πιστὸς
887 4663 958 4729 ὃς
999 4664 1345 4733 ἀπεκτάνθη
1399 4667 1536 4733 παρ’
1564 4664 1727 4734 ὑμῖν,
1780 4662 1935 4717 ὅπου
1976 4665 2010 4716 ὁ

418 4753 692 4820 Σατανᾶς
726 4755 1010 4810 κατοικεῖ.
1067 4758 1256 4811 Ἀλλὰ
1298 4758 1418 4827 ἔχω
1445 4758 1596 4811 κατὰ
1643 4756 1762 4811 σοῦ
1810 4755 2006 4824 ὀλίγα,

419 4845 511 4899 ὅτι
537 4848 698 4913 ἔχεις
725 4846 854 4900 ἐκεῖ
882 4847 1252 4915 κρατοῦντας
1280 4849 1398 4916 τὴν
1427 4848 1690 4919 διδαχὴν
1730 4847 2003 4916 Βαλαὰμ,

422 4935 490 4999 ὃς
522 4935 760 4993 ἐδίδαατε
815 4940 920 4993 τὸν
974 4941 1206 5004 Βαλὰκ,
1243 4940 1462 5005 βαλεῖν
1518 4942 1878 4997 σκάνδαλον
1913 4941 2010 5004 ἐν-

421 5025 613 5080 ώπιον
638 5027 757 5081 τῶν
780 5027 926 5083 υίῶν
963 5029 1236 5098 Ἰσραὴλ,
1277 5031 1372 5084 καί
1401 5030 1617 5100 φαγεῖν
1647 5032 2014 5087 είδωλόθυτα

426 5119 524 5172 καί
555 5121 907 5188 πορνεῦσαι.
935 5122 1136 5188 Οὕτως
1168 5122 1329 5191 ἔχεις
1377 5122 1478 5177 καὶ
1507 5123 1591 5178 σὺ
1641 5125 2015 5194 κρατοῦντας

427 5213 545 5281 τὴν
574 5216 836 5287 διδαχὴν
861 5216 982 5272 τῶν
1009 5217 1382 5272 Νικολαϊτῶν
1424 5221 1661 5289 ὁμοίως.

504 5307 768 5379 Δίστομον
801 5309 1081 5382 ῥομφαίαν
1113 5310 1302 5380 φησιν,
1345 5310 1378 5382 ἢ
1412 5310 1512 5381 τὴν
1544 5310 1688 5365 κατά
1717 5311 2019 5380 τδνοεὺαγ-

436 5397 657 5467 γελικδν
687 5401 847 5468 λόγον
882 5403 944 5456 τὸ
969 5405 1078 5458 πᾶν
1109 5404 1506 5476 περιαιροῦσαν
1534 5403 1596 5456 τὸ
1637 5404 1892 5474 περιττὸν
1921 5405 2017 5458 τοῦ

439 5490 710 5560 παρόντος
745 5492 860 5563 βίου
893 5494 988 5548 καὶ
1010 5496 1073 5549 τὸ
1090 5496 1199 5550 ἀπὸ
1231 5496 1500 5564 γενέσεως
1520 5496 1656 5566 ἡμῖν
1687 5496 2019 5550 ἐπισκοτοῦν

517 5606 564 5642 ⁸⁸
587 5609 787 5666 Cenes.
817 5627 898 5680 nt,
936 5611 1026 5668 i9.
1127 5613 1173 5644 “
1192 5611 1384 5668 Matth.
1454 5627 1571 5677 vm,
1596 5611 1688 5667 22.

2097 3273 2207 3324 lent
2242 3287 2256 3324 :
2294 3268 2417 3322 idco
2452 3281 2671 3337 quoque
2693 3265 2959 3319 Dominus
2990 3277 3086 3318 eos
3111 3262 3204 3331 qui
3225 3263 3366 3316 hanc
3401 3261 3701 3330 insequun-

2095 3370 2188 3416 tur
2211 3368 2460 3414 mortuos
2511 3356 2766 3426 appellat,
2807 3371 2932 3409 cunt
2973 3355 3084 3408 ait:
3113 3373 3132 3405 ι
3169 3353 3348 3408 Sinite
3383 3360 3441 3404 ut
3485 3351 3696 3404 mortui

2096 3453 2366 3524 sepeliant
2387 3458 2639 3505 mortuos
2654 3464 2789 3503 suos
2801 3446 2872 3500 ".
2897 3466 2916 3499 ι
2940 3445 3094 3502 lianc
3117 3453 3372 3509 mortem,
3399 3457 3595 3511 nempe
3621 3443 3700 3493 vi-

2103 3553 2212 3600 tam
2239 3541 2525 3598 affectibus
2583 3539 2849 3604 deditam,
2915 3537 3009 3608 qui
3049 3536 3264 3601 vicerit,
3313 3549 3424 3588 non
3471 3531 3703 3601 recipiet

2101 3636 2364 3691 damnum
2395 3649 2427 3688 a
2457 3641 2642 3688 morte
2660 3631 2944 3702 gehennae,
2976 3628 3314 3684 transeundo
3335 3627 3402 3680 ad
3456 3635 3690 3680 mortem

2104 3729 2593 3787 interminabilem.

2774 3813 3008 3874 CAPUT
3036 3814 3100 3870 ι’.

2109 3939 2241 4007 Qua:
2274 3938 2552 4008 designata
2609 3943 2728 3989 sunt
2767 3931 2956 4003 angelo
3006 3927 3266 3983 Ecclesia:
3297 3923 3704 3995 Pergamorum.

2178 4116 2443 4180 ll,12-I5.
2473 4114 2541 4168 Et
2574 4113 2762 4183 angelo
2793 4110 3048 4165 Ecclesia‘
3077 4107 3456 4176 Pergamorum
3483 4102 3654 4155 scribe
3690 4117 3707 4154 .°

2099 4215 2229 4268 Htec
2257 4209 2389 4263 dicit
2417 4208 2508 4278 qui
2534 4205 2687 4259 habet
2718 4203 2956 4274 gladium
2990 4209 3215 4269 utraque
3261 4204 3414 4266 parte
3443 4203 3661 4246 acutum
3690 4205 3709 4242 :

2117 4301 2252 4358 Nori
2283 4318 2438 4371 opera
2461 4311 2577 4363 tua,
2606 4308 2654 4352 et
2681 4297 2768 4351 ubi
2797 4295 3025 4357 habites,
3051 4307 3230 4359 nempe
3257 4288 3348 4342 ubi
3383 4284 3600 4340 thronus
3632 4291 3711 4338 est

2115 4397 2333 4453 Satana:
2362 4409 2380 4447 :
2407 4403 2456 4447 et
2490 4402 2630 4445 tenes
2656 4404 2841 4443 nomen
2871 4400 3067 4448 nteant,
3098 4393 3148 4436 et
3181 4397 3286 4434 non
3320 4376 3521 4448 negasti
3554 4375 3710 4444 fidem

2115 4505 2307 4552 meam,
2341 4488 2395 4540 in
2424 4484 2610 4538 diebus
2639 4482 2830 4552 quibus
2858 4479 3083 4548 Antipas
3134 4476 3282 4531 testis
3344 4490 3488 4528 meus
3537 4471 3714 4542 ﬁdelis

2116 4580 2260 4653 apud
2294 4595 2381 4633 eos
2407 4576 2610 4632 occisus
2649 4584 2748 4639 est,
2781 4573 2874 4627 ubi
2907 4571 3144 4626 Satanas
3170 4570 3394 4623 habitat.
3419 4567 3523 4622 Sed
3549 4565 3716 4619 habco

2114 4673 2393 4727 adversum
2419 4678 2466 4723 te
2497 4684 2690 4738 pauca,
2747 4665 2886 4735 quod
2941 4664 3138 4718 habeas
3194 4662 3269 4716 ibi
3309 4669 3542 4715 tenentes
3593 4659 3719 4711 doc-

2118 4770 2315 4820 trinam
2354 4761 2606 4826 Balaam,
2637 4761 2726 4832 qui
2758 4759 2936 4812 docuit
2975 4755 3162 4817 Balac,
3194 4765 3250 4808 ut
3282 4761 3496 4825 poneret
3549 4751 3720 4820 offen-

2114 4859 2557 4913 diculumcoram
2581 4854 2711 4924 ﬁliis
2761 4851 2958 4916 Israel,
3008 4867 3111 4920 quo
3167 4850 3379 4902 ederent
3424 4845 3582 4900 idolis
3615 4845 3718 4897 im-

2118 4951 2315 5005 molata
2338 4959 2386 5004 et
2403 4955 2766 5004 scortarentur
2786 4961 2803 4998 :
2827 4945 2904 4997 ita
2923 4943 3082 4997 habes
3100 4953 3147 4996 et
3171 4951 3228 4996 tu
3254 4948 3490 4996 tenentes
3515 4936 3720 4991 doctri-

2121 5060 2244 5098 nam
2282 5041 2678 5097 Nicolaitarum
2703 5037 2975 5093 similiter.

2201 5311 2372 5384 668
2433 5307 2685 5362 Gladium
2750 5305 3007 5372 utrinque
3067 5299 3393 5353 inridentem
3447 5293 3579 5348 dicit
3632 5302 3727 5346 aut.

2129 5421 2253 5460 cum
2299 5402 2416 5472 qui,
2446 5399 2746 5455 secundum
2777 5409 3089 5452 sermonem
3119 5390 3517 5459 evangelicum,
3546 5385 3730 5438 avellit

2131 5495 2277 5566 quod
2339 5492 2672 5563 superﬂuum
2718 5499 2802 5546 est
2853 5489 2968 5560 (1·0)
3027 5487 3080 5541 in
3142 5482 3399 5556 prmscnti
3462 5481 3614 5550 vita,
3675 5484 3730 5531 et

509 5731 616 5802 (l0)
648 5697 785 5790 diale
809 5733 1081 5805 interpres
1117 5733 1441 5806 scripserat,
1467 5731 1636 5798 dicit,
1675 5739 1767 5785 ant
1793 5743 2084 5787 sermonem
2115 5725 2469 5798 evangelicum
2504 5722 2814 5779 avellentem
2845 5717 2984 5791 quod
3014 5718 3364 5790 superﬂuum,
3404 5724 3506 5770 etc.
