4110 6460
3549 300 3591 322 γ’

506 334 616 398 535
1334 341 1664 401 ARETIHS
1700 343 2088 403 CKESAREE
2120 341 2616 403 ‘CAPPADOCUE
2646 341 2989 402 EPISCOPI
3741 338 3847 405 536

507 443 657 515 quod
691 459 723 500 a
760 445 1045 502 nativitate
1094 446 1253 503 nobis
1303 448 1558 503 tenebras
1602 448 1861 513 ‘omindit,
1920 464 1988 507 n'e
2023 452 2092 506 di

2206 453 2317 507 τῶν
2367 453 2528 507 θείων
2572 453 2675 519 τῆς
2720 451 2975 519 ὲποψίας,
3025 452 3060 521 ἢ
3119 452 3220 523 τὴν
3250 452 3414 507 κατά
3454 449 3581 505 τῶν
3620 451 3846 506 ἀσεϐῶν

508 536 639 591 vina
704 539 1144 607 prospiciamus,
1206 546 1303 591 aut
1370 554 1616 593 severam
1680 541 1942 598 adversus
1996 544 2092 598 im-

2208 548 2486 617 ἀπότομον
2514 546 2844 614 ἀπόφανσιν.
2875 544 3021 614 Πρὸς
3061 544 3141 614 τῷ
3166 544 3433 615 διστόμῳ
3456 543 3523 597 δὲ
3558 543 3666 596 καὶ
3690 544 3847 607 ὀξεῖα

508 627 633 696 pios
676 630 1026 683 sententiam.
1070 628 1147 683 Ex
1208 643 1274 683 eo
1320 639 1502 683 autem
1552 632 1698 700 quod
1756 633 1846 689 hic
1886 634 2092 705 gladius

2210 638 2375 708 αὕτη,
2401 637 2483 691 ἐτι
2510 639 2604 691 καὶ
2630 636 2846 706 ταχινὴ,
2869 637 2950 698 είς
2969 634 3249 706 ἐκδίκησιν
3276 635 3408 688 τῶν
3436 634 3847 688 ἀπειθούντων

507 728 709 788 praeter
758 719 861 774 hoc
912 720 1057 790 quod
1116 722 1379 791 utrinque
1428 722 1620 778 incidit
1681 727 1849 781 etiam
1904 737 2092 783 acutus

2206 734 2321 794 τοῖς
2350 730 2522 793 θείοις
2546 728 2908 797 κελεύσμασι.
2943 727 3146 797 Θρόνον
3188 727 3247 780 δὲ
3274 724 3393 779 τοῦ
3439 726 3687 779 Σατανᾶ
3744 728 3844 798 τὴν

503 809 733 868 dicitur.
766 811 948 865 adhuc
984 811 1150 865 etiam
1186 813 1866 871 aceelerationemindieat
1914 819 1983 871 ad
2007 833 2092 872 eo-

2212 823 2501 893 Πέργαμον
2558 821 2741 882 καλεῖ,
2773 820 2852 883 ὡς
2906 818 3239 872 κατείδωλον
3295 814 3494 872 οὖσαν
3560 819 3717 889 ὑπὲρ
3747 818 3848 889 τὴν

508 916 632 955 rum
670 901 933 956 ultionem
971 904 1480 975 quidiviuisjuss‘s
1537 923 1644 962 non
1687 910 2096 979 obtemperant.

462 1034 469 1050 ,
508 991 790 1048 Thronum
827 1009 958 1047 vero
986 994 1204 1051 Satanae
1249 1007 1406 1052 vocat
1456 997 1817 1069 Pergamum.
1861 1011 1921 1057 ut
1977 1018 2100 1072 qua

458 1074 471 1123 ἐ
505 1077 827 1137 idololatria:
844 1082 1022 1137 dedita
1038 1094 1157 1140 erat
1179 1102 1343 1156 supra
1362 1102 1581 1142 onmem
1603 1090 2096 1158 reliquam'Asiam.

444 1190 468 1208 ι
504 1171 688 1243 Itaque
714 1187 840 1229 cum
874 1176 1042 1232 etiam
1079 1178 1399 1248 liujusmodi
1434 1181 1619 1236 locum
1662 1181 1957 1250 inhabiles,
2017 1184 2101 1239 in-

504 1266 648 1334 quit.
704 1267 1077 1340 incorruptam
1122 1273 1353 1328 servasti
1406 1289 1583 1329 meam
1618 1274 1802 1343 fidem,
1828 1277 1884 1331 in
1938 1278 2099 1333 nullo

502 1376 693 1415 eversa
717 1376 780 1416 es
814 1363 1095 1421 vicinitate
1126 1368 1424 1433 malorum,
1465 1384 1644 1439 neque
1687 1371 1907 1441 iniquos
1923 1388 2095 1428 aemu-

500 1448 612 1504 lata
640 1466 722 1516 es,
754 1451 871 1507 visa
898 1468 1030 1523 pace
1054 1462 1110 1509 et
1132 1456 1472 1512 abundantia
1515 1457 1859 1528 iniquorum.

575 1544 801 1611 Autipas
824 1547 974 1600 testia
1009 1563 1177 1601 meus.
1211 1547 1450 1618 Antipas
1486 1550 1935 1623 testis,-Pergami
1966 1553 2099 1607 tulit

498 1635 904 1702 testimonium,
936 1636 1096 1707 cujus
1147 1638 1203 1693 in
1253 1639 1401 1695 hunc
1442 1655 1619 1710 usque
1664 1643 1807 1697 diem
1847 1654 2099 1697 servatur

502 1726 847 1797 martyrium,
879 1743 1005 1784 eum
1044 1730 1215 1785 multa
1238 1729 1411 1787 libere
1436 1732 1653 1788 locutus
1686 1734 1881 1789 fuisset
1906 1735 2097 1790 adver-

2222 909 2409 963 Ἀσίαν
2438 909 2647 963 πᾶσαν.
2680 907 2826 960 Ἀλλ’
2848 903 2942 961 οὖν
2966 907 3063 959 καὶ
3080 906 3329 961 τοιοῦτον
3355 904 3621 960 οίκοῦσα
3646 907 3839 973 τόπον,

2211 1004 2405 1074 φησὶν,
2439 1000 2735 1055 ἀνόθευτόν
2777 1016 2881 1071 μου
2929 998 3029 1071 τὴν
3081 999 3265 1052 πίστιν
3320 1000 3644 1071 ἐτήρησας
3678 1001 3845 1070 μηδὲν

2192 1096 2550 1166 »ἐκτραπεῖσα
2580 1093 2691 1147 ἀπὸ
2713 1094 2813 1163 τῆς
2845 1092 2960 1145 τῶν
3004 1090 3195 1143 κακῶν
3238 1090 3541 1158 γειτνίας,
3580 1089 3713 1144 οὐδὲ
3738 1092 3839 1162 ζηο

2207 1186 2429 1240 λώσασα
2459 1186 2554 1239 ἐπὶ
2599 1186 2714 1249 τοῖς
2755 1185 3007 1254 ἀνόμοις,
3034 1182 3269 1253 εἰρήνην
3308 1183 3705 1255 ἁμαρτωλῶν
3734 1184 3833 1237 καὶ

2208 1277 2469 1348 εὐθηνίαν
2502 1274 2807 1346 θεωροῦσα.

2290 1551 2389 1604 Ἐν
2434 1545 2530 1615 αἷς
2583 1550 2865 1616 Ἀντίπας
2913 1552 2948 1604 ό
2982 1549 3218 1619 μάρτυς
3258 1568 3421 1621 μου.
3487 1548 3769 1610 Ἀντίπας
3803 1550 3832 1601 ό

2209 1644 2425 1715 μάρτυς
2449 1642 2816 1713 ἐνίΙῘεργάμῳ
2843 1643 3253 1714 ἐμαρτύρησεν,
3279 1634 3347 1695 οὗ
3376 1641 3490 1695 καὶ.
3513 1640 3585 1693 τὸ
3619 1639 3831 1710 μαρτύο

2208 1753 2323 1807 ριον
2364 1736 2446 1797 είς
2472 1735 2554 1789 ἔτι
2603 1734 2859 1800 σώζεται,
2898 1735 3072 1790 πολλά
3106 1733 3673 1807 παρρησιασάμενος
3716 1735 3828 1794 τοῖς

502 1833 598 1873 sus
619 1818 973 1876 insidiatores
1004 1840 1018 1876 :
1053 1831 1110 1877 et
1135 1832 1402 1892 quantum
1438 1826 1493 1879 iu
1530 1824 1650 1895 ipso
1682 1825 1787 1881 fuit
1810 1842 1984 1895 usque
2025 1826 2092 1881 ad

2200 1827 2606 1881 ὲκὸουλεύουσι.
2644 1826 2761 1881 Καὶ
2793 1828 2919 1880 ὅσον
2958 1828 3041 1890 είς
3065 1826 3228 1880 αὑτὸν
3257 1821 3433 1895 ἧκεν,
3471 1824 3616 1895 ἄχρι
3659 1823 3827 1877 θανά-

503 1918 736 1965 mortem
775 1913 1071 1982 processit,
1104 1913 1173 1969 de
1199 1914 1362 1984 cujus
1394 1914 1717 1973 fortitudine
1755 1918 2095 1988 evangelista

496 2017 654 2057 nunc
690 2018 784 2071 per
811 2018 875 2058 os
903 2002 995 2059 Dei
1024 2003 1156 2060 fecit
1186 2007 1545 2073 mentionem,
1580 2008 1984 2079 utproductam
2041 2007 2094 2061 in

504 2094 748 2149 medium
788 2094 935 2151 illius
970 2095 1222 2151 virtutem
1240 2106 1295 2151 et
1310 2098 1631 2167 patientiam
1671 2100 1927 2155 ostendat
1964 2099 2098 2153 lide-

501 2184 669 2251 libus,
733 2201 840 2241 una
889 2201 1017 2241 cum
1056 2187 1380 2243 crudelitate
1431 2190 1757 2255 errantium,
1797 2199 1855 2245 ut
1902 2190 1996 2261 qui
2030 2190 2097 2246 de

502 2275 720 2333 Satanae
752 2287 883 2333 sunt
922 2279 1303 2335 contubernio.
1334 2278 1605 2346 Quoniam
1638 2290 1821 2336 autem
1854 2281 2098 2352 tangitur

502 2383 694 2423 eorum
722 2384 943 2440 quoque
974 2371 1331 2441 reprehensio
1386 2372 1481 2442 qui
1520 2372 1860 2428 sanctissimi
1911 2382 2091 2436 erant,

500 2473 570 2513 eo
591 2460 739 2530 quod
762 2477 779 2511 ι
806 2462 863 2514 In
896 2460 1085 2517 multis
1113 2461 1446 2516 offendimus
1477 2478 1673 2519 omnes
1697 2464 1765 2530 “,
1802 2481 1820 2515 ι
1850 2463 2007 2533 juxta
2040 2464 2093 2518 id

503 2551 652 2622 quod
687 2554 952 2623 scriptum
971 2563 1098 2610 est:
1138 2572 1158 2605 ι
1195 2553 1333 2621 Quis
1357 2569 1529 2624 purus
1558 2564 1641 2611 est
1676 2571 1706 2610 a
1746 2557 1914 2612 sorde
1941 2556 2028 2611 "l
2067 2575 2087 2610 ι

494 2641 629 2697 ideo
670 2643 786 2696 ait:
820 2641 1147 2714 Quanquam
1183 2644 1367 2699 taliter
1398 2658 1485 2699 me
1520 2644 1738 2709 colatis,
1792 2646 1969 2701 habeo
2007 2656 2092 2702 ta-

503 2748 629 2791 men
656 2735 982 2790 uounihilin
1027 2751 1137 2806 quo
1162 2750 1259 2791 vos
1308 2751 1587 2801 accusem,
1638 2738 1766 2792 licet
1804 2752 1868 2792 ea
1920 2753 2095 2808 pauca

502 2826 635 2880 sint.
671 2825 955 2897 Siquidem
979 2828 1095 2883 haec
1124 2826 1527 2900 Pergamorum
1550 2829 1767 2895 civitas,
1800 2832 1884 2892 {ut
1924 2845 2095 2899 appa-

500 2922 607 2978 ret.
638 2915 746 2969 duo
772 2916 1002 2973 adversa
1033 2927 1192 2973 nacta
1220 2928 1359 2981 erat,
1408 2934 1604 2987 nempe
1650 2920 1831 2988 plures
1878 2921 2097 2977 Graecos

500 3004 617 3060 sive
651 3005 920 3073 inﬁdeles,
958 3020 1016 3064 et
1049 3008 1195 3065 inter
1227 3024 1323 3065 eos
1360 3010 1453 3080 qui
1508 3010 1690 3065 fideles
1752 3010 2093 3077 dicebantur,

2198 1933 2290 1969 του
2322 1914 2556 1986 προῦὁη.
2593 1906 2784 1985 Οὗπερ
2805 1916 2905 1983 τῆς
2941 1915 3196 1984 ἀνδρείας
3215 1915 3313 1967 νῦν
3348 1917 3380 1967 ὁ
3406 1911 3825 1982 εὐαγγελιστής

2184 2008 2265 2060 -ἒκ
2290 2007 2389 2076 τῆς
2418 2005 2736 2069 θεοκλυτίας
2758 2006 2804 2077 (1
2824 2006 2870 2073 l)
2897 2009 3178 2076 μέμνηται
3203 2006 3343 2075 πρὸς
3367 2003 3617 2067 ἔνδειξιν
3635 2005 3827 2055 ὲπεισ·

2200 2098 2463 2168 αχθείσης
2515 2098 2619 2166 τῆς
2666 2098 2881 2151 ἐκείνου
2935 2097 3143 2167 ἀρετῆς
3187 2098 3285 2150 καὶ
3348 2094 3660 2165 ὑπομονῆς
3710 2097 3821 2158 τοῖς

2197 2190 2435 2255 πιστοῖς,
2477 2188 2580 2259 τῆς
2611 2206 2672 2242 τε
2725 2189 2836 2243 τῶν
2897 2188 3343 2259 πεπλανημένων
3376 2187 3693 2257 ὠμότητος
3745 2186 3819 2247 ὡς

2196 2283 2523 2353 ὁμοσκήνων
2558 2283 2639 2355 τῷ
2669 2283 2908 2354 Σατανᾷ.
2961 2282 3182 2353 Ἐπειδὴ
3212 2281 3269 2335 δὲ
3295 2281 3554 2335 ἅπτεται
3588 2279 3814 2332 καὶτῶν

2198 2374 2525 2442 ἁγιωτάτων
2581 2376 2611 2427 ό
2671 2374 2886 2444 μῶμος,
2947 2375 3072 2428 καθ’
3098 2374 3158 2427 δν
3203 2392 3224 2427 ι
3285 2372 3479 2427 πολλὰ
3537 2370 3813 2440 πταίομεν

2198 2467 2461 2532 ἅπαντες,
2495 2484 2513 2516 ι
2536 2466 2678 2520 κατά
2707 2466 3197 2537 τὸγεγραμμένον,
3228 2483 3249 2517 ι
3276 2464 3381 2527 Τίς
3414 2462 3677 2533 καθαρὸς
3701 2464 3810 2515 ἀπὸ

2200 2559 2465 2629 ῥύπους»
2512 2559 2676 2629 Ὑμῖν
2704 2557 2889 2621 πάλιν,
2935 2558 3094 2628 φησὶ,
3128 2557 3310 2612 καίτοι
3359 2556 3651 2618 τοιούτοις
3693 2550 3811 2606 οὖσι

2199 2652 2270 2705 τὰ
2300 2652 2440 2723 πρὸς
2480 2652 2784 2723 θεραπείαν
2816 2652 2980 2723 ἐμὴν,
3013 2651 3123 2722 ἔχω
3146 2668 3199 2705 τι
3241 2652 3539 2721 ἐγκαλεῖν,
3568 2650 3679 2703 κᾶν
3711 2647 3803 2700 ἀπ’

2188 2743 2419 2811 ὀλίγων.
2447 2743 2553 2797 Δύο
2593 2743 2703 2813 γάρ
2740 2742 2979 2813 χαλεπὰ,
3009 2745 3086 2805 ὡς
3116 2743 3321 2807 ἔοικεν,
3377 2740 3529 2809 αὕτη
3583 2741 3617 2810 ἡ
3653 2739 3805 2799 πόλις

2186 2835 2310 2888 τῶν
2345 2837 2727 2908 Περγαμηνῶν
2755 2837 3044 2905 ἐκέκτητο,
3072 2835 3200 2897 τοὺς
3234 2834 3339 2905 μὲν
3376 2833 3648 2895 πλείονας
3677 2831 3802 2884 Ἐλ-

2188 2926 2393 2997 σληνας,
2434 2927 2496 2992 ἐξ
2533 2928 2718 2981 αὐτῶν
2740 2926 2795 2980 δὲ
2818 2926 2929 2979 τῶν
2958 2924 3385 2995 ὀνομαζομένων
3412 2924 3659 2985 πιστῶν,
3679 2921 3802 2981 τοὺς

2201 3021 2602 3090 αἱσχρουργοὺς
2638 3018 2973 3079 Νικολαϊτας
3009 3017 3433 3087 ὲπισπαρέντας
3466 3015 3549 3084 τῷ
3578 3011 3794 3084 χρηστῷ

502 3099 750 3153 obscmni
776 3097 1081 3166 Nicolaitae,
1103 3111 1365 3170 tanquam
1400 3118 1564 3172 prava
1594 3103 1803 3159 zizania
1831 3104 1975 3160 inter
1996 3105 2092 3160 tri-

2202 3110 2337 3182 σίτῳ
2381 3110 2595 3177 ζιζάνια
2642 3111 2877 3181 πονηρά.
2928 3109 3036 3161 Καὶ
3080 3109 3230 3170 ὅπως
3268 3107 3327 3161 δὲ
3392 3109 3651 3171 τούτους,
3704 3105 3794 3157 καὶ

500 3190 694 3255 timun,
720 3193 971 3249 semiuati
995 3204 1172 3250 erant.
1204 3192 1377 3249 Porro
1402 3195 1522 3249 vide
1548 3196 1823 3264 quomodo
1871 3196 1974 3252 hos
2022 3213 2090 3250 ex

2200 3206 2341 3261 τίσιν
2367 3204 2777 3275 ὡμοιωμένους,
2798 3202 2885 3256 διὰ
2904 3202 3002 3272 τῆς
3027 3199 3197 3255 πάλαι
3227 3201 3478 3271 ἱστορίας
3507 3196 3791 3270 παρέθετο.

501 3279 684 3337 Veteri
704 3282 1055 3342 Testamento
1071 3285 1400 3358 quibusdam
1418 3288 1754 3342 assimilatos
1778 3288 1831 3343 in
1853 3289 2089 3343 medium

500 3374 843 3443 produxerit.

574 3463 895 3520 Doctrinam
924 3467 1154 3522 Balaam
1183 3471 1274 3540 qui
1304 3472 1484 3525 docuit
1509 3471 1699 3526 Βαίας.
1734 3470 1951 3525 Balaam
2017 3470 2096 3523 ait

488 3557 755 3613 docuisse
781 3556 963 3625 Baiae,
990 3559 1094 3614 hoc
1129 3571 1234 3628 est,
1276 3560 1478 3616 factum
1500 3564 1671 3618 fuisse
1697 3570 2088 3631 praeceptorem

498 3648 676 3715 ipsius
738 3648 924 3705 Balac.
976 3650 1215 3707 llistoria
1247 3663 1329 3707 est
1358 3654 1412 3708 in
1437 3655 1577 3709 libro
1610 3654 1780 3709 divini
1814 3652 1949 3707 Mosi
1985 3652 2080 3722 qui

498 3739 703 3796 dicitur
730 3740 953 3798 Nnmeri
985 3745 1049 3797 ".
1093 3742 1365 3814 Iosephus
1416 3754 1596 3799 autem
1622 3744 1843 3800 Iudaeus
1895 3743 2090 3799 scribit

498 3846 684 3895 regem
712 3829 876 3886 Balac
899 3834 1132 3887 consilio
1168 3833 1387 3889 Balaam
1409 3835 1707 3891 adduxisse
1770 3834 1972 3904 populo
2019 3834 2094 3889 ls-

499 3919 614 3973 rael
680 3920 1037 3976 mulierculas
1063 3932 1123 3976 ut
1171 3932 1553 3977 scortareutur
1588 3942 1600 3977 :
1669 3923 1890 3993 quando
1928 3923 2092 3976 etiam

490 4010 739 4068 ‘Phinees
767 4014 968 4069 celebri
1012 4016 1284 4070 memoria
1313 4016 1542 4086 dignum
1574 4014 1780 4085 peregit
1822 4030 1961 4083 opus
1985 4013 2086 4068 ad-

497 4120 691 4161 versus
714 4105 933 4162 Zambri
958 4125 971 4161 :
995 4116 1050 4162 et
1075 4119 1270 4178 praeter
1300 4108 1444 4162 hanc
1476 4107 1761 4162 lasciviam
1793 4105 2093 4160 attraxisse

496 4200 760 4268 populum
796 4200 976 4271 ipsum
1006 4199 1370 4256 Israelitieum
1437 4200 1503 4256 ad
1569 4201 1841 4270 impuram
1884 4213 2097 4253 comes-

495 4293 721 4358 tionem,
755 4295 959 4349 utendo
984 4295 1036 4348 in
1067 4294 1249 4348 cibum
1276 4293 1538 4348 carnibus
1587 4308 1710 4363 qua:
1744 4291 2083 4361 Beelphegor

494 4387 773 4441 immolata
794 4387 1010 4445 fuerant
1041 4403 1055 4440 :
1086 4388 1253 4459 669
1279 4387 1401 4443 ideo
1436 4388 1598 4442 etiam
1654 4386 1955 4456 perierunt.
2000 4383 2095 4437 llis

2274 3464 2395 3532 Thr
2422 3462 2683 3533 διδαχὴν
2712 3461 2984 3530 Βαλαὰμ,
3027 3460 3095 3525 ὃς
3134 3460 3381 3526 ἐδίδαξε
3416 3462 3532 3514 τὸν
3567 3459 3790 3515 Βαλὰκ.

2199 3559 2242 3611 Τ
2246 3558 2306 3610 δν
2343 3555 2574 3624 Βαλαάμ
2602 3572 2736 3625 φησι
2766 3553 2979 3617 διδάξαι
3031 3551 3127 3604 τὸν
3162 3553 3373 3615 Βαλὰκ,
3432 3553 3607 3605 οἱονεὶ
3652 3551 3790 3604 διδά-

2197 3650 2400 3703 σκαλον
2445 3648 2743 3718 γενόμενον
2762 3646 2857 3699 τοῦ
2897 3647 3104 3704 Βαλὰκ.
3152 3647 3217 3700 Ἦ
3249 3646 3306 3699 δὲ
3358 3645 3600 3715 ἱστορία,
3637 3646 3695 3698 ἑν
3726 3644 3787 3711 τῇ

2199 3742 2369 3814 βίϐλῳ
2397 3740 2491 3795 τοῦ
2522 3740 2815 3794 θεσπεσίου
2873 3740 3155 3803 Μωῦσέως
3270 3740 3449 3808 ὄνομα
3519 3735 3784 3806 Ἀριθμοί.

2210 3834 2516 3906 ἰώσηππος
2546 3834 2600 3887 δὲ
2630 3835 2659 3886 ὁ
2701 3831 2955 3894 Ἰουδαῖος
2985 3831 3264 3902 συμόουλῇ
3298 3832 3511 3901 γράφει
3556 3827 3650 3881 τοῦ
3683 3827 3783 3878 Βα-

2196 3927 2348 3997 λαὰμ
2374 3927 2466 3979 τὸν
2490 3924 2722 3995 βασιλέα
2755 3922 2960 3987 Βαλὰκ,
2996 3924 3067 3977 τὰ
3092 3925 3294 3991 γύναια
3325 3921 3684 3992 παραστῆσαι
3711 3916 3785 3986 τῷ

2197 4016 2311 4085 λαῷ
2365 4015 2442 4086 τῷ
2484 4014 2702 4086 Ἰσραὴλ
2762 4017 2842 4077 είς
2895 4014 3159 4082 πορνείαν
3202 4014 3312 4084 (ὅτε
3356 4014 3456 4067 καὶ
3501 4010 3685 4071 Φινεὲς
3726 4006 3783 4057 τὸ

2196 4108 2445 4176 ἀοίδιμον
2472 4107 2635 4177 ἔργον
2660 4106 2961 4176 εἰργάσατο
2982 4105 3046 4158 τὸ
3077 4105 3171 4158 ἐπὶ
3215 4101 3498 4174 Ζαμσρὴ),
3535 4100 3632 4153 καὶ
3654 4096 3781 4166 πρὸς

2196 4202 2263 4271 τῇ
2293 4198 2553 4269 ἀσελγείᾳ
2579 4197 2777 4268 ταύτῃ,
2814 4197 3022 4249 καὶτὸν
3056 4197 3220 4250 αὐτὸν
3263 4195 3613 4265 Ἰσραηλίτην
3653 4190 3773 4243 λαὸν

2199 4292 2338 4362 πρὸς
2393 4290 2770 4362 μιαροφαγίαν
2822 4288 3177 4357 ἑλκυσθῆναι,
3211 4288 3279 4341 τὰ
3330 4288 3413 4357 τῷ
3464 4281 3775 4352 Βεελφεγὼρ

2198 4370 2530 4449 ἀνατεθέντα
2560 4382 2699 4451 κρέα
2742 4383 2823 4444 εἰς
2870 4381 3076 4451 βρῶσιν
3129 4380 3505 4451 χρησάμενον.
3563 4376 3651 4429 Διὸ
3684 4371 3770 4425 καὶ

492 4494 626 4532 vero
649 4480 857 4535 similes
891 4496 1113 4551 quoque
1139 4481 1269 4534 dicit
1292 4479 1613 4541 Nicolaitas,
1639 4479 1762 4532 etin
1805 4476 2090 4532 scortalio-

2200 4475 2503 4529 ἀπώλοντο.
2553 4471 2964 4543 Ἐξομοιοῦσθαι
2992 4472 3050 4525 δὲ
3096 4471 3312 4534 τούτοις
3342 4471 3480 4542 φησὶ
3514 4467 3609 4521 καὶ
3656 4462 3773 4523 τοὺς

494 4588 565 4628 ne
587 4581 641 4627 et
668 4573 969 4642 inimpura
996 4573 1356 4628 comestione.
1391 4570 1546 4638 Quod
1589 4571 1633 4626 si
1678 4571 1805 4639 quis
1840 4569 2088 4638 requirat

2200 4566 2519 4626 .‘itxoi.a‘itat;
2551 4564 2693 4618 κατά
2723 4581 2780 4616 τε
2832 4564 3091 4633 πορνείαν
3140 4563 3234 4615 καὶ
3282 4560 3675 4631 μιαροφαγίαν.
3710 4555 3770 4604 Ἀ

494 4680 747 4735 quanam
779 4665 873 4719 illa
897 4675 1056 4720 erant
1085 4665 1139 4718 in
1174 4664 1377 4734 quibus
1403 4663 1686 4727 errabant,
1716 4677 1779 4716 ex
1848 4661 2083 4731 Epipha-

492 4759 609 4821 nio,
639 4757 804 4812 veluti
834 4757 950 4827 jam
977 4756 1243 4818 diximus,
1276 4756 1466 4811 divino
1517 4753 1783 4825 Cyprensi
1819 4755 2084 4822 episcopo

493 4847 941 4911 discerelicebil,
981 4847 1077 4919 qui
1112 4847 1175 4903 ad
1216 4847 1514 4901 multorum
1547 4845 1835 4899 utilitatem
1869 4860 1976 4897 non
1998 4844 2086 4896 in-

498 4938 723 5006 dignum
759 4938 966 5007 putavit
1008 4936 1298 4993 manifeste
1328 4935 1400 4991 ob
1424 4936 1615 4990 oculos
1672 4950 1875 5005 ponere
1922 4932 2085 4988 Nico-

494 5027 748 5087 laitarum
793 5026 1020 5082 fetorem
1060 5043 1125 5083 ac
1159 5026 1586 5097 turpitudinem,
1661 5025 1810 5079 omni
1843 5025 2085 5095 seposito

490 5128 664 5183 metu,
689 5128 802 5174 tum
839 5121 1020 5189 quoad
1052 5119 1400 5174 libidinosam
1427 5118 1732 5181 lasciviam,
1771 5128 1882 5170 tum
1904 5116 2086 5186 quoad

490 5212 730 5271 maxime
753 5212 1179 5267 abominandam
1215 5212 1488 5282 impuram
1524 5210 1943 5266 comestionem.

561 5303 721 5372 ιι,16,
757 5305 845 5360 l7.
868 5304 1129 5376 Resipisce
1144 5306 1320 5375 itaque
1344 5321 1361 5357 :
1390 5304 1589 5373 alioqui
1610 5303 1813 5357 veniam
1841 5302 1937 5355 tibi
1961 5303 2088 5363 cito,

490 5410 537 5452 et
570 5399 813 5471 pugnabo
844 5416 963 5454 cum
995 5400 1102 5453 illis
1132 5400 1184 5451 in
1230 5398 1412 5474 gladio
1443 5397 1549 5449 oris
1616 5396 1737 5449 mei.
1786 5393 1891 5459 Qui
1932 5393 2091 5446 habet

2186 4660 2352 4722 εἴτις
2408 4657 2660 4728 ἐπιζητεῖ
2712 4655 2839 4708 ποῖά
2869 4672 2991 4709 τινα
3035 4650 3125 4723 ἦν,
3173 4654 3249 4715 ὡς
3282 4654 3386 4723 ἤδη
3434 4647 3767 4721 παρεθέμην,

2189 4753 2247 4819 ἐξ
2285 4752 2608 4820 Ἐπιφανίου
2640 4748 2733 4802 τοῦ
2766 4748 3018 4816 Κυπρίου
3078 4747 3383 4817 ἀρχιερέως
3418 4745 3552 4797 Θεοῦ
3589 4738 3760 4811 μάθοι,

2187 4846 2247 4909 ὃς
2272 4846 2353 4907 εἰς
2384 4843 2657 4911 ὠφέλειαν
2691 4840 2924 4905 πολλῶν,
2946 4840 3046 4893 οὐκ
3078 4838 3359 4908 ἀπηξίωσε
3402 4838 3461 4891 τὺ
3497 4828 3761 4903 βορϐορῶ-

2190 4935 2279 4998 δες
2311 4934 2419 4988 τῶν
2452 4931 2819 4996 Νικολαϊτῶν,
2855 4930 2997 4983 κατά
3039 4946 3099 4981 τε
3128 4928 3225 4999 τὴν
3268 4927 3535 4998 πορνικὴν
3578 4919 3761 4976 ἀκολα-

2197 5026 2339 5091 σίαν,
2378 5024 2521 5079 κατά
2554 5041 2612 5077 τε
2639 5022 2737 5093 τὴν
2780 5024 2866 5074 ἐπ’
2896 5021 3032 5091 αὐτῇ
3060 5020 3490 5089 βδελυκτοτάτην
3527 5011 3755 5079 ἀκαθαρ-

2192 5118 2461 5189 τοφαγίαν
2492 5115 2759 5187 πρόδηλον
2784 5113 3166 5176 ἀνυποστόλως
3198 5110 3563 5178 καταστῆσαι.

2271 5295 2666 5361 Μετανόησον
2709 5286 2856 5345 οὖν’
2894 5291 2947 5343 εἱ
2980 5287 3049 5341 δὲ
3071 5285 3463 5358 μὴ,.ἐρχομαί
3483 5298 3577 5336 σοι
3599 5270 3751 5370 ταῖςὺί

2201 5387 2300 5439 καὶ
2334 5385 2661 5454 πολεμήσω
2712 5381 2841 5451 μετ’
2872 5378 3070 5434 αὐτῶν
3127 5378 3195 5431 ἑν
3231 5376 3307 5444 τῇ
3354 5372 3608 5444 ῥομφαίᾳ
3660 5376 3751 5454 τοῖς

494 5454 697 5557 aurem,
727 5492 913 5545 audiat
944 5490 1071 5560 quid
1101 5454 1338 5558 Spiritus
1378 5488 1519 5540 dicat
1552 5484 1824 5539 Ecclesiis.
1857 5482 2092 5537 Vincenti

2203 5476 2502 5545 στόματός
2564 5491 2701 5545 μου.
2770 5472 2823 5524 Ὁ
2869 5472 3025 5539 ἔχων
3086 5462 3215 5533 οὖς,
3252 5461 3562 5519 ἀκουσάτω
3601 5454 3650 5507 τί
3697 5465 3720 5499 τ

567 5666 609 5698 ⁶¹
666 5665 785 5741 Jac.
827 5667 1005 5735 "1,2.

566 5781 612 5849 (1
634 5782 681 5851 l)
704 5779 913 5847 Verba,
946 5783 1008 5835 ἐκ
1036 5782 1132 5854 τῆς
1165 5780 1498 5845 θεοκλυτίχς,
1534 5779 1793 5834 omiserat
1830 5777 1976 5844 vulg.

1099 5668 1142 5699 ⁶²
1175 5665 1275 5721 Job
1302 5682 1428 5728 xxv,
1463 5667 1516 5720 ί.
1595 5666 1638 5695 ⁶³
1663 5663 1825 5717 Num.
1865 5676 2013 5721 χειν,
2066 5658 2156 5713 ‘25.

3778 5580 3786 5644 ι
