4110 6398
309 334 411 398 537

1381 322 1766 386 COMMENT.
1813 320 1893 380 IN
1931 316 2464 379 APOCALYPS‘IN.

3462 317 3572 380 538

305 445 551 512 Πνεῦμα
571 440 735 511 λέγει
756 439 885 505 ταῖς
919 436 1329 504 Ἐκκλησίαιςο
1354 434 1438 498 Τῷ
1455 433 1695 488 νικῶντι
1711 431 1884 484 δώσω

1992 429 2124 482 dabo
2153 429 2303 482 edere
2328 442 2395 481 ea:
2422 442 2614 480 manna
2643 425 2973 489 abscondito,
3005 436 3055 480 et
3088 427 3224 480 dabo
3246 428 3348 495 ipsi
3388 429 3571 480 calcu-

306 535 466 600 αὺτῷ
484 534 608 590 ἀπὸ
628 532 735 586 τοῦ
751 531 953 602 μάννα
973 531 1079 584 τοῦ
1097 526 1514 596 κεκρυμμένου
1539 541 1554 555 ·
1580 525 1681 577 καὶ
1711 523 1885 576 δώσω

305 625 467 692 αὺτῷ
495 625 705 696 ψῆφον
723 624 979 690 λευκὴν,
1019 623 1120 676 καί
1160 621 1261 675 ἐπὶ
1305 620 1422 687 τὴν
1452 617 1666 686 ψῆφον
1699 617 1889 683 ὄνομα

306 719 524 775 καινὸν
546 716 978 788 γεγραμμένον,
1013 715 1044 769 ὃ
1065 713 1266 779 οὐδεὶς
1293 708 1459 765 οἶδεν
1485 713 1536 763 sl
1567 708 1656 776 μὴ
1685 711 1719 761 ό
1743 711 1891 775 λαμ-

297 813 527 868 ϐάνων.
1447 796 1450 797 ⁷

379 898 640 970 ’0.βάθος
673 899 910 953 πλούτου
939 896 1040 950 καὶ
1065 895 1409 963 ἀγαθότητος
1453 892 1622 946 Θεοῦε
1670 891 1752 943 ὅτι
1795 889 1890 942 καὶ

307 994 370 1046 ὲν
399 993 467 1061 τῇ
498 989 701 1059 ἀπειλῇ
728 989 764 1058 ἡ
808 985 1216 1056 φιλανθρωπία.
1255 983 1560 1053 Πολεμήσω
1588 981 1721 1049 γὰρ,
1775 996 1880 1048 φη-

309 1086 418 1147 σὶν,
446 1083 508 1135 ού
558 1081 698 1152 μετά
731 1080 851 1146 σοῦ,
885 1078 1025 1132 ἀλλά
1073 1077 1214 1146 μετά
1259 1076 1368 1129 τῶν
1399 1071 1742 1127 Νικολαϊτῶν
1779 1070 1890 1124 τῶν

306 1174 607 1228 νοσούντων
635 1172 703 1226 τά
727 1170 922 1225 ἀνίατα
947 1169 1042 1222 καὶ
1065 1169 1341 1239 ἀχρηστα.
1371 1165 1494 1218 Τῶν
1521 1164 1628 1233 γὰρ
1657 1165 1714 1216 ὲν
1741 1163 1886 1231 Περ-

302 1268 476 1336 γάμῳ
503 1265 766 1333 ἐφείσατο
799 1263 876 1328 ὡς
899 1260 1132 1326 πιστῶν,
1154 1259 1279 1322 ’ἐνὸς
1302 1258 1465 1328 μόνου
1487 1254 1881 1325 ἐπιμεμψάμε-

301 1374 396 1418 νος
429 1356 616 1418 αὐτοῖς
662 1355 765 1424 τῆς
797 1353 938 1424 μετὰ
988 1352 1096 1406 τῶν
1134 1349 1482 1404 Νικολαϊτῶν
1512 1347 1888 1416 ἀναστροφῆς.

314 1447 481 1501 Ἀλλά
504 1447 600 1500 καὶ
628 1446 690 1499 τὺ
712 1447 852 1516 ταχὺ
877 1445 978 1511 τῆς
1004 1442 1128 1496 κατ’
1156 1440 1336 1496 αὐτῶν
1369 1439 1735 1500 ὲπελεύσεως,
1774 1435 1892 1498 πῶς

299 1541 366 1592 ού
392 1540 695 1609 κηδεμόνος
721 1539 816 1591 καὶ
843 1537 922 1607 μὴ
945 1535 1284 1605 ἀνεχομένου
1308 1535 1404 1586 επὶ
1423 1529 1559 1585 πολὺ
1578 1530 1670 1582 τὸν
1689 1527 1892 1599 κλῆρον

298 1631 505 1684 ἑαυτοῦ
548 1629 885 1694 νοθεύεσθαι,
926 1627 1067 1683 ἀλλά
1111 1623 1338 1696 ταχινὴν
1393 1620 1737 1695 βραϐεύοντα
1790 1618 1891 1689 τὴν

296 1721 595 1793 ἀντίληψιν
613 1741 629 1790 ;

387 1900 499 1957 Ἐν
524 1897 601 1968 τῇ
622 1896 890 1968 ῥομφαίᾳ
926 1895 1033 1951 τοῦ
1055 1895 1356 1964 στόματός
1398 1909 1541 1962 μου.
1584 1889 1888 1960 Ῥομφαίαν

300 1991 580 2060 στόματος
604 1989 727 2040 τίνα
751 1988 848 2040 καὶ
872 1987 964 2040 διὰ
986 1985 1047 2061 ,τί
1071 1983 1290 2056 εἴρηται
1317 1983 1594 2052 δίστομος,
1641 1980 1889 2050 ἑφθημεν

299 2082 417 2152 πρὸ
449 2079 645 2152 μικροῦ
675 2076 1068 2147 παραθέμενοι.

383 2172 472 2238 Τῷ
494 2169 732 2224 νικῶντι
751 2169 922 2223 δώσω
942 2168 1104 2234 αὐτῷ
1126 2167 1247 2222 ἀπὸ
1272 2167 1379 2222 τοῦ
1399 2167 1620 2236 μάννα.
1643 2162 1884 2233 Ἐπειδὴ,

295 2262 378 2324 ὡς
413 2261 690 2332 φθάνομεν
738 2259 1113 2331 παραθέμενοι
1145 2259 1206 2324 ἐξ
1249 2257 1572 2326 Ἐπιφανίου
1616 2255 1711 2308 τοῦ
1741 2253 1887 2324 ἱεροῦ

296 2352 587 2416 λαϐόντες,
617 2351 886 2419 ἐτολμᾶτο
923 2348 1075 2416 παρὰ
1102 2347 1445 2402 Νικολαϊτῶν
1469 2345 1596 2411 ἀξία
1635 2345 1736 2412 τῆς
1761 2342 1886 2397 τούι-

295 2460 418 2496 των
441 2441 632 2502 ἀθείας
654 2442 714 2493 ὲν
733 2443 800 2512 τῇ
831 2439 1129 2510 ἀκαθάρτῳ
1153 2439 1296 2509 μίξει
1325 2437 1538 2491 ἑαυτῶν
1573 2437 1607 2507 ἡ
1640 2435 1887 2506 βλασφη-

299 2533 522 2604 μοτάτη
557 2531 781 2602 βρῶσις,
837 2531 1029 2584 τούτου
1077 2531 1238 2600 χάριν
1289 2528 1370 2598 τῷ
1413 2527 1640 2582 νικῶντι
1665 2525 1889 2596 δοθῆναι

299 2625 508 2691 φαγεῖν
533 2621 630 2674 τοῦ
667 2621 844 2691 μάννα
889 2622 1011 2674 ἀντὶ
1047 2624 1147 2691 τῆς
1186 2621 1498 2690 ἀκαθάρτου
1531 2617 1787 2689 βρώσεὼς
1824 2636 1887 2672 τε

298 2713 405 2767 καὶ
431 2712 697 2784 βδελυρὰ
729 2712 1021 2782 ὑπέσχετο.
1054 2713 1246 2766 Μάννα
1274 2711 1332 2764 δὲ
1357 2709 1635 2780 τροπικῶς
1667 2710 1697 2762 ὁ
1725 2710 1890 2781 ἄρτος

301 2806 430 2856 ἐστὶ
463 2807 560 2874 τῆς
599 2802 748 2872 ζωῆς
789 2804 818 2855 ό
860 2802 1154 2872 οὐρανόθεν
1177 2803 1252 2855 δι’
1294 2803 1443 2871 ἡμᾶς
1491 2799 1794 2863 κατελθὼν,
1841 2801 1889 2852 εί

301 2893 411 2946 καὶ
446 2892 630 2944 πάντα
656 2891 728 2943 τά
779 2889 1043 2960 μέλλοντα
1077 2890 1281 2957 ἀγαθὰ,
1330 2889 1407 2951 ὡς
1451 2887 1748 2958 οὐρανόθεν
1794 2887 1888 2939 καὶ

301 2983 454 3037 αύτά
492 2981 909 3050 καταπτάμενα,
955 2981 1091 3033 ὅπου
1145 2981 1239 3033 καὶ
1273 2981 1306 3047 ἡ
1355 2978 1470 3032 ἀνω
1509 2977 1884 3047 Ἰερουσαλήμ.

304 3074 351 3127 Ν
361 3073 554 3126 ικῶντι
581 3072 636 3124 δὲ
657 3071 747 3124 τὸν
779 3071 1043 3134 διάϐολον,
1071 3070 1293 3140 δοθῆναι
1321 3071 1413 3122 καὶ
1448 3069 1631 3138 ψῆφον
1659 3068 1884 3140 λευκὴν,
1911 3091 1955 3147 C

302 3165 580 3226 τουτέστι,
614 3161 743 3234 δόξῃ
767 3162 1288 3232 λελαμπρυσμένην.
1317 3159 1488 3214 Τοῦτο
1515 3160 1592 3226 δὲ,
1625 3159 1724 3230 τὴν
1758 3159 1884 3212 λευ-

305 3255 416 3326 κὴν
444 3255 646 3324 ψῆφον,
689 3254 791 3324 τὴν
821 3254 928 3307 ἀπὸ
960 3253 1070 3307 τῶν
1117 3254 1176 3306 ὲν
1207 3254 1320 3314 τοῖς
1353 3250 1604 3321 θεάτροις
1636 3253 1731 3304 καὶ
1775 3254 1888 3314 τοῖς

311 3346 550 3408 σταδίοις
579 3344 1004 3416 ἀγωνιζομένων
1034 3343 1314 3414 γνώριμον
1338 3338 1526 3406 οὖσαν,
1561 3344 1673 3405 τοῖς
1697 3341 1888 3394 νικῶσι

312 3435 720 3506 παρεχομένην,
751 3434 989 3489 ἐνταῦθα
1038 3434 1300 3488 τέθεικεν.
1353 3434 1564 3502 Ὄνομα
1590 3432 1647 3485 δὲ
1679 3432 1886 3494 καινὸν,

309 3530 382 3598 τῇ
421 3527 668 3598 παρούσῃ
719 3527 834 3597 ζωῇ
878 3524 1264 3595 ἀγνοούμενον.
1313 3542 1331 3575 ι
1370 3523 1452 3576 Τά
1503 3523 1613 3592 γάρ
1645 3521 1827 3588 ἀγαθά
1855 3520 1892 3573 ἀ

305 3619 429 3679 τοῖς
461 3616 750 3685 ἀγαπῶσιν
808 3615 971 3668 αὑτὸν
1000 3615 1300 3685 ἡτοίμασεν
1348 3613 1378 3665 ὁ
1427 3613 1580 3676 Θεὸς,
1612 3609 1890 3681 ὀφθαλμὸς

305 3709 416 3761 οὐκ
445 3703 606 3772 εἶδεν,
641 3707 738 3761 καὶ
765 3702 857 3771 οῦς
875 3709 977 3760 οὑκ
1008 3707 1263 3778 ἦκουσεν,
1299 3705 1395 3758 καὶ
1418 3705 1513 3757 ἐπὶ
1541 3703 1770 3772 καρδίαν
1794 3703 1892 3753 ἀν-

307 3800 540 3870 θρώπου
567 3801 669 3855 ούκ
700 3801 890 3871 ἀνέϐη.
929 3819 948 3852 ›
1013 3795 1186 3852 τοῦτο
1214 3799 1271 3852 δὲ
1317 3798 1376 3850 τὸ
1419 3797 1592 3864 ὄνομα
1642 3796 1693 3848 οἱ
1736 3793 1894 3861 ἅγιοι

306 3891 812 3962 κληρονομήσουσι.
851 3891 974 3954 Πῶς
1002 3890 1109 3961 γὰρ
1137 3883 1325 3942 οἷόντε
1356 3887 1569 3957 φθαρτῇ
1600 3881 1894 3954 γνώσει,τά

306 3982 577 4054 ἄφθαρτα
604 3981 1049 4054 παραδηλοῦσθαι
1071 3998 1088 4049 ;

899 4156 1150 4210 ΚΕΦΑΛ.
1177 4157 1290 4222 .qv.
1348 4200 1351 4203 .

315 4271 402 4326 Τὰ
447 4268 822 4340 γσγφαμμένα
872 4267 953 4334 τῷ
979 4267 1486 4392 ἔῆςὲλθυατείρων
1539 4265 1902 4332 Ἐκκλησίας

1025 4358 1094 4392 γνγ
1167 4353 1228 4392 ω.

1025 4353 1161 4408 mea
1167 4353 1212 4401 ῳ
1221 4374 1228 4390 .

1981 521 2102 573 -ίιιηι
2136 520 2443 579 candidum,
2474 529 2522 571 et
2551 519 2603 570 in
2634 517 2840 570 calculo
2864 534 3048 571 nomen
3072 535 3261 571 novum
3289 521 3569 588 scriptum,

1990 610 2130 680 quod
2153 626 2306 663 nemo
2339 610 2439 662 scit
2461 611 2562 662 nisi
2592 609 2682 678 qui
2711 610 2932 678 accepit.

2077 868 2122 922 Ο
2173 868 2592 923 immensitatem
2628 867 3114 922 abundantissima:
3144 866 3404 921 bonitatis
3435 867 3563 921 Dei!

1977 961 2189 1014 ;namin
2217 959 2382 1015 minis
2401 975 2621 1029 quoque
2663 960 2868 1014 relucet
2912 959 3238 1026 benignitas.
3282 959 3568 1029 Pugnabo,

1994 1052 2322 1121 inquit,non
2347 1061 2550 1114 tecum,
2583 1051 2677 1106 sed
2719 1066 2843 1104 cum
2898 1049 3181 1105 Nicolaitis
3213 1051 3308 1119 qui
3369 1052 3566 1104 imme-

1975 1145 2299 1200 dicabiliter
2327 1153 2610 1215 aegrotant,
2638 1154 2690 1200 et
2712 1145 2778 1198 ad
2815 1144 2949 1197 nihil
2989 1153 3118 1197 sunt
3169 1143 3354 1197 utiles.
3374 1141 3568 1212 Siqui-

1991 1237 2113 1291 dem
2174 1251 2364 1290 eorum
2406 1237 2498 1304 qui
2553 1235 2800 1303 Pergami
2843 1241 3002 1289 erant
3031 1243 3286 1302 tanquam
3331 1234 3569 1288 lldeliutn

1977 1342 2178 1382 amore
2211 1335 2400 1395 captus
2417 1334 2556 1391 erat,
2589 1325 2901 1395 indignatus
2919 1325 3052 1394 ipsis
3083 1325 3154 1379 ob
3189 1325 3358 1379 solam
3407 1340 3569 1379 unam

1979 1419 2462 1473 conversationem
2481 1431 2606 1474 cum
2631 1415 2938 1473 Nicolaitis.
2973 1415 3078 1470 Sed
3111 1424 3168 1468 et
3187 1415 3240 1468 id
3288 1416 3434 1485 quod
3493 1414 3573 1468 ait

1979 1524 2050 1563 .se
2065 1509 2180 1563 cito
2199 1509 2462 1564 adversus
2486 1507 2609 1563 illos
2641 1518 2958 1572 venturum,
3015 1520 3198 1560 annon
3236 1505 3571 1574 providentis

1992 1608 2096 1660 cst,
2129 1605 2184 1652 et
2211 1613 2320 1654 non
2346 1597 2579 1653 sinentis
2613 1596 2820 1651 diutius
2850 1604 3051 1650 sortem
3094 1610 3161 1650 ac
3197 1594 3570 1650 substantiam

1992 1706 2147 1745 suam
2171 1690 2472 1759 corrumpi,
2499 1689 2594 1744 sed
2631 1689 2868 1743 velocem
2896 1686 3231 1756 designantis
3250 1685 3571 1741 retributio-

1990 1796 2112 1836 nem
2143 1782 2165 1834 ?

2063 1873 2130 1926 In
2165 1873 2342 1942 gladio
2375 1875 2482 1927 oris
2508 1873 2629 1928 mei.
2669 1871 2935 1938 Quisnam
2991 1869 3064 1925 sit
3105 1868 3317 1935 gladius
3345 1867 3478 1934 oris,
3519 1873 3575 1922 et

1990 1982 2151 2035 quam
2178 1966 2249 2020 ob
2278 1980 2500 2020 causam
2535 1965 2790 2034 utrinque
2815 1963 3064 2018 incidens
3085 1964 3266 2018 dictus
3280 1962 3373 2027 sit,
3407 1961 3573 2032 paulo

1979 2069 2116 2114 .ante
2137 2058 2538 2126 preposuimus.

2074 2147 2312 2202 Vincenti
2338 2146 2474 2200 dabo
2499 2145 2650 2200 edere
2676 2158 2743 2199 ex
2778 2160 2996 2199 manna.
3043 2142 3339 2209 Quoniam,
3397 2139 3571 2197 veluti

1978 2254 2053 2294 ex
2087 2237 2271 2292 divino
2286 2235 2599 2305 Epiphanio
2621 2245 2900 2302 sumptum
2954 2235 3424 2303 proposuimus,~a
3470 2227 3570 2284 Ni.

1989 2327 2202 2385 colaitis
2242 2333 2446 2382 attenta
2482 2334 2600 2379 erat
2637 2323 3022 2393 indignissima
3067 2322 3358 2386 comestio,
3406 2320 3572 2391 digna

1973 2419 2237 2488 -ipsorum
2273 2415 2555 2489 impietate
2581 2413 2636 2468 in
2670 2413 2886 2482 impura
2906 2413 2991 2468 sui
3018 2412 3423 2477 commistione,
3451 2411 3575 2465 ideo

1988 2509 2230 2565 vincenti
2265 2509 2520 2563 daturum
2557 2520 2617 2560 se
2645 2521 2843 2560 manna
2864 2503 3133 2560 edendum
3166 2501 3420 2571 proponit
3452 2501 3574 2555 loco

1989 2603 2191 2672 impuri
2221 2609 2275 2655 et
2297 2597 2648 2653 abominandi
2677 2595 2809 2651 cibi.
2833 2593 3029 2648 Manna
3055 2609 3183 2648 vero
3209 2592 3418 2661 tropice
3437 2592 3574 2646 dici-

1990 2702 2078 2748 tur
2105 2691 2262 2760 panis
2294 2690 2438 2754 vitae,
2471 2687 2565 2756 qui
2610 2694 2832 2756 propter
2864 2700 2965 2740 nos
2985 2684 3052 2738 de
3077 2684 3217 2739 coelo
3247 2683 3572 2737 descendit:

1988 2797 2307 2852 quanquam
2332 2781 2516 2836 omnia
2548 2793 2767 2848 quoque
2794 2776 2978 2832 futura
2998 2774 3568 2838 dicantur-bona,tan-

1988 2889 2152 2941 quam
2183 2881 2239 2926 et
2268 2871 2385 2941 ipsa
2416 2870 2630 2925 coalitus
2650 2867 2980 2932 devolantia,
3024 2866 3116 2921 ubi
3139 2865 3303 2920 etiam
3354 2874 3441 2918 est
3483 2879 3579 2918 su.-

1978 2982 2152 3036 -perna
2195 2964 2522 3020 Jerusalem.
2561 2960 2809 3016 Vincenti
2872 2968 3053 3015 autem
3095 2957 3370 3014 diabolum
3417 2955 3579 3025 polli-

1989 3066 2142 3112 cetur
2167 3056 2330 3110 etiam
2351 3070 2412 3110 se
2465 3057 2720 3108 daturum
2764 3065 2885 3106 esse
2924 3049 3198 3105 calculum
3247 3046 3572 3112 candidum,

1995 3151 2100 3202 hoc
2137 3156 2220 3204 est
2245 3146 2501 3216 opinione
2526 3156 2583 3200 et
2616 3141 2761 3198 fama
2807 3141 3121 3210 fulgentem.
3145 3137 3346 3194 Posuit
3383 3147 3572 3192 autent

1995 3250 2100 3294 hoc
2134 3240 2254 3293 loco
2277 3237 2549 3292 calculum
2581 3234 2899 3298 candidum,
2947 3230 3094 3301 quod
3140 3230 3188 3285 is
3224 3237 3388 3284 notus
3429 3239 3580 3284 esset

1982 3330 2172 3384 abhis
2205 3329 2296 3397 qui
2323 3328 2374 3382 in
2406 3325 2634 3379 theatris
2683 3338 2749 3378 ac
2775 3323 2968 3378 stadiis
3019 3321 3322 3385 certabant,
3354 3327 3411 3373 et
3454 3319 3580 3372 vin-

1987 3419 2246 3478 .cenlibus
2275 3416 2608 3472 tradebatur.
2633 3414 2799 3485 670
2825 3412 3033 3466 Nomen
3071 3426 3200 3464 vero
3238 3422 3440 3464 novum
3474 3409 3581 3463 hoc

1997 3521 2100 3575 est,
2126 3509 2268 3578 quod
2307 3506 2558 3576 prmsenti
2611 3505 2719 3557 vita
2759 3504 3059 3572 ignoratur.
3094 3499 3372 3569 Siquidem
3427 3516 3446 3548 ι
3503 3497 3577 3552 Fa

1993 3597 2141 3657 bona
2166 3617 2286 3669 quae
2316 3597 2636 3668 praeparavit
2671 3595 2814 3650 Deus
2864 3594 2946 3648 his
2998 3592 3175 3661 quise
3233 3589 3467 3660 diligunt
3511 3591 3576 3654 “,

2001 3695 2195 3749 oculus
2229 3707 2336 3748 non
2371 3690 2542 3753 vidit,
2563 3703 2663 3744 nec
2693 3686 2844 3742 auris
2873 3683 3102 3748 audivit,
3138 3697 3237 3737 nec
3265 3681 3317 3736 in
3353 3695 3450 3734 cor
3483 3680 3583 3733 ho-

2003 3787 2165 3840 minis
2195 3784 2562 3839 ascenderunt
2585 3780 2629 3813 ⁸⁵
2653 3798 2680 3830 .›
2735 3779 2882 3848 (hoc
2918 3784 3098 3830 autem
3157 3787 3351 3826 nomen
3407 3769 3581 3824 sancti

2003 3875 2318 3930 haereditate
2355 3864 3075 3943 possidebunt);quomodo
3123 3853 3267 3917 enim
3324 3859 3584 3928 possibile

2003 3974 2086 4020 est
2128 3973 2186 4016 ut
2217 3959 2558 4031 corruptiblii
2615 3957 2808 4012 notitia
2839 3951 3376 4024 apprehenderentur
3399 3948 3580 4002 incor-

2006 4052 2316 4123 ruptihilia?

2615 4159 2843 4216 CAPUT
2871 4157 2962 4211 Vl.

2081 4283 2213 4348 Quae
2237 4283 2434 4348 scrip:a
2455 4287 2577 4329 sunt
2608 4273 2792 4344 angelo
2822 4269 3085 4325 Ecclesia:
3107 4267 3508 4338 Tltyatirorum.

375 4452 499 4508 ,Καὶ
527 4451 606 4517 τῷ
641 4449 876 4520 ἀγγέλῳ
907 4448 1016 4518 τῆς
1050 4449 1120 4502 ἐν
1155 4448 1496 4516 Θυατείροις
1537 4447 1894 4514 Ἐκκλησίας

2076 4457 2331 4521 ΙΙ,18,19.
2363 4454 2432 4508 Et
2464 4452 2646 4523 angelo
2670 4450 2920 4504 Ecclesia:
2961 4445 3335 4515 Thyatirorum
3363 4444 3534 4497 scribe
3563 4458 3584 4513 ζ

311 4545 596 4614 γράψονο
647 4541 794 4595 Τάδε
845 4540 1009 4609 λέγει
1058 4542 1090 4592 ὀ
1143 4539 1276 4605 Υἱὸς
1319 4540 1426 4593 τοῦ
1462 4537 1631 4603 Θεοῦ,
1667 4541 1699 4592 ό
1742 4538 1900 4604 ἔχων

313 4635 463 4699 τοὺς
513 4632 856 4701 ὀφθαλμοὺς
905 4630 1090 4684 αὑτοῦ
1135 4631 1214 4695 ὠς
1241 4630 1438 4698 φλόγα
1478 4628 1692 4696 πυρὸς,
1721 4627 1819 4682 καί
1847 4629 1902 4682 οἱ

313 4725 505 4790 πόδες
537 4722 726 4778 αὐτοῦ
767 4721 960 4791 ὅμοιοι
1008 4719 1464 4788 χαλκολιϐάνῳο
1507 4715 1650 4772 Οἶδά
1681 4734 1797 4772 σου
1832 4717 1905 4772 τὰ

315 4819 484 4884 ἔργα,
515 4815 611 4868 καὶ
645 4814 760 4882 τὴν
785 4812 1046 4882 ἀγάπην,
1078 4812 1176 4866 καὶ
1227 4810 1344 4879 τὴν
1379 4811 1609 4876 πίστιν,
1664 4809 1764 4864 καί
1789 4809 1904 4878 τὴν

315 4907 653 4971 διακονίαν,
686 4905 785 4958 καί
809 4903 924 4971 τὴν
953 4902 1272 4972 ὑπομονήν
1321 4919 1461 4965 σου,
1493 4901 1592 4955 καί
1641 4902 1714 4956 τὰ
1759 4900 1905 4970 ἔργα

318 5016 465 5061 σου,
489 4999 564 5052 τὰ
599 4997 832 5065 ἔσχατα
864 4995 1119 5048 πλείονα
1141 4993 1260 5048 τῶν
1295 4993 1562 5062 πρώτων.

397 5089 638 5157 Σαφέστε
648 5105 739 5158 ρον
759 5086 957 5141 ἑαυτοῦ
980 5086 1278 5156 παρέχεται
1310 5084 1597 5156 γνώρισμα
1621 5084 1650 5137 ὁ
1680 5102 1903 5156 χρημα-

323 5179 493 5242 τίζων
533 5178 612 5250 τῷ
654 5178 1045 5248 εύαγγελιστῇ,
1095 5177 1223 5229 Υἱδν
1279 5175 1470 5229 ἑαυτὸν
1515 5175 1904 5243 καταγγέλλων

327 5269 488 5336 Θεοῦ,
521 5270 715 5339 ἔχοντα
758 5269 886 5331 τοὺς
931 5267 1246 5338 ὀφθαλμοὺς
1280 5267 1380 5337 μὲν
1431 5265 1904 5335 ἀφωμοιωμένους

329 5361 484 5428 πυρὶ,
541 5358 638 5411 an
692 5359 840 5423 οἴους
877 5375 936 5411 τε
997 5358 1242 5420 δικαίους
1280 5357 1379 5427 μὲν
1435 5355 1716 5424 φωτίζειν,
1769 5356 1906 5425 πρὸς

331 5451 531 5503 καῦσιν
561 5451 618 5503 δὲ
664 5451 1090 5522 ἁμαρτανόντων
1138 5448 1390 5516 ἑτοίμους
1419 5463 1433 5478 ο
1466 5447 1594 5509 τοὺς
1637 5446 1804 5509 πόδας
1849 5445 1908 5498 δὲ

337 5541 717 5615 χαλκολισάνῳ
745 5543 1205 5611 ἀπεικασμένους.
1239 5538 1627 5610 Χαλκολιϐάνῳ
1651 5539 1729 5602 δὲ,
1768 5538 1800 5609 ἢ
1832 5538 1910 5608 τῷ

439 5703 482 5735 ⁸³
509 5702 607 5757 lsa.
633 5718 754 5759 thv
778 5742 792 5766 ,
814 5701 872 5758 4.
953 5701 996 5734 ⁸⁸
1037 5698 1056 5753 l
1089 5698 1214 5754 Cor.
1256 5713 1316 5762 ιι,
1349 5696 1403 5752 9.

2006 4548 2134 4603 Harc
2159 4548 2284 4600 dicit
2313 4546 2481 4599 Filius
2529 4542 2623 4596 Dei
2645 4541 2734 4610 qui
2785 4538 2936 4592 habet
2964 4537 3142 4589 oculos
3165 4549 3287 4588 suos
3327 4545 3584 4603 tanquam

2004 4641 2274 4708 ﬂantmam
2300 4635 2458 4704 ignis,
2479 4642 2527 4687 et
2558 4631 2713 4700 pedes
2741 4630 2856 4698 ejus
2910 4627 3110 4681 similes
3169 4623 3535 4677 c/talcolibano
3564 4639 3584 4677 :

2010 4728 2148 4782 Novi
2177 4743 2336 4796 opera
2374 4733 2466 4777 tua
2490 4732 2539 4776 et
2563 4721 2875 4776 cltaritatem
2898 4734 2958 4771 ac
2979 4716 3330 4769 ministerium
3360 4723 3408 4766 et
3430 4713 3586 4780 ﬁdem

2006 4838 2067 4875 ac
2090 4819 2403 4890 patientiam
2435 4824 2604 4879 luant,
2649 4825 2909 4882 operaque
2941 4817 3034 4862 tua
3082 4805 3370 4859 novissima
3430 4804 3588 4872 plura

2007 4909 2218 4980 primis.

2076 5085 2334 5157 Apertius
2361 5082 2566 5152 praebet
2596 5077 2679 5132 sui
2710 5073 2972 5130 indicium
3012 5071 3059 5126 is
3082 5069 3174 5138 qui
3200 5066 3444 5135 loquitur
3464 5080 3589 5119 cum

2006 5153 2360 5246 evangelista,
2385 5171 2583 5225 Filium
2614 5168 2707 5222 Dei
2743 5183 2801 5221 se
2826 5166 3004 5233 ipsum
3055 5158 3390 5213 annuntians
3420 5171 3435 5208 :
3495 5153 3591 5222 qui

2013 5268 2208 5324 oculos
2246 5265 2464 5335 quidem
2522 5261 2720 5314 habeat
2781 5258 2889 5327 igni
2925 5250 3280 5313 assimilatos,
3327 5253 3592 5313 tanquam

2011 5368 2227 5428 paratos
2274 5354 2340 5409 ad
2400 5349 2850 5406 illuminatiouem
2899 5345 3194 5413 iustorum,
3248 5335 3592 5394 exustioncm

2012 5427 2142 5503 vero
2173 5455 2522 5517 peccatorum
2560 5460 2574 5495 :
2612 5441 2777 5509 pedes
2803 5445 2986 5491 autem
3014 5431 3344 5489 assimilatas
3375 5427 3595 5481 chalce-

2014 5541 2218 5595 libano.
2251 5533 2664 5598 Chalcolibano,
2713 5530 2960 5600 inquam,
2992 5525 3109 5581 sive
3141 5523 3233 5592 qui
3287 5536 3317 5576 a
3366 5517 3600 5576 medicis
