4110 6414
593 309 703 372 529

1420 316 1751 379 ΑΒΕΤΗίΕ
1786 320 2174 385 CAESARE/3

2292 328 2621 392 .PPADOCI
2636 331 2695 391 ἅζ
2728 334 3071 399 EPISCOPI
3768 357 3862 422 540

595 416 882 472 masculus
897 418 1122 486 dicitur,
1143 422 1236 491 qui
1264 422 1390 477 dum
1412 425 1686 490 adoletur,
1700 429 2011 487 odoriferos
2027 435 2189 488 emit-

2292 436 2399 492 ὑπὸ
2424 441 2532 494 τῶν
2567 442 2771 513 ίατρῶν
2822 445 3017 518 ἄρρενι
3067 450 3393 525 καλουμένῳ
3432 457 3662 528 λιϐάνῳ,
3697 462 3751 525 ὃς
3772 416 3863 520 it;-

597 507 660 560 tit
682 524 912 576 vapores
943 528 957 564 :
990 511 1434 582 quandoquidem
1470 525 1525 569 et
1566 517 1659 585 qui
1695 518 1917 576 Christo
1939 523 2186 580 adhmse-

596 606 743 663 runt,
777 600 915 654 inter
934 600 1253 658 alllictiones
1279 605 1448 660 veluti
1484 607 1538 660 in
1568 608 1692 677 igne
1718 623 2021 677 versantes.
2080 631 2188 671 non

596 702 816 743 ce~sant
844 690 1317 759 suiexploratione
1350 697 1771 757 circumstantes
1800 704 1955 758 suavi
1978 705 2191 762 allicere

597 780 783 835 odore.
817 782 956 836 Hinc
984 784 1147 837 etiam
1177 784 1381 843 Paulus
1412 789 1513 845 sibi
1537 792 1844 862 gratulans,
1888 813 1906 845 ι
1959 795 2188 860 Christi.

598 869 794 939 inquit,
817 871 957 925 bona
977 872 1276 942 fragrantia
1294 892 1511 945 sumus,
1539 882 1590 935 in
1624 882 1710 936 bis
1732 883 1827 952 qui
1858 884 1994 939 salvi
2026 888 2188 953 tinnt,

596 971 651 1015 et
680 962 735 1015 in
771 963 855 1016 his
880 963 973 1033 qui
1004 977 1233 1033 pereunt
1253 969 1300 999 “
1333 987 1347 1023 :
1390 988 1408 1020 ι
1452 970 1503 1024 in
1544 971 1629 1028 his
1655 974 1877 1043 quidem
1909 977 2002 1045 qui
2054 977 2188 1032 salvi

597 1053 756 1118 fiunt,
777 1070 877 1109 sua
902 1054 1043 1110 inter
1060 1058 1362 1115 seditiosos
1394 1064 1667 1119 tumultus
1696 1067 2005 1132 tolerantia,
2022 1068 2189 1124 veluti

595 1146 745 1199 suavi
776 1146 1033 1202 unctione
1063 1164 1158 1204 eos
1199 1150 1525 1221 inungentes
1546 1155 1611 1209 ad
1668 1156 2051 1225 perfectiorem
2105 1159 2190 1214 vi-

595 1244 708 1291 tam
739 1238 858 1293 lidei
885 1255 1007 1309 qna:
1036 1241 1091 1294 in
1121 1241 1403 1297 Christum
1437 1256 1543 1312 est,
1572 1248 1701 1302 dum
1728 1249 1805 1303 illi
1837 1250 1981 1304 allixi
2005 1262 2188 1307 essent

597 1332 722 1385 vita:
761 1332 814 1385 in
833 1332 1028 1401 primis
1061 1334 1347 1389 elementis
1378 1336 1447 1391 ad
1480 1338 1727 1393 divinum
1768 1341 1978 1395 cultum
2032 1343 2190 1398 insti-

598 1430 731 1477 tuta:
760 1439 790 1476 a
817 1423 934 1492 lege
958 1423 1193 1480 Mosaiea
1228 1428 1727 1494 :quemadmodum
1753 1447 1888 1488 sane
1921 1444 1977 1489 et
2017 1436 2071 1489 in
2100 1436 2187 1493 his

596 1514 693 1583 qui
730 1524 964 1583 pereunt
1022 1527 1272 1571 emortua
1333 1519 1466 1582 vita.
1523 1521 1653 1585 vita,
1704 1524 1950 1593 inquam,
1998 1543 2187 1583 revera

598 1605 890 1661 aﬂ‘ectibus
922 1608 1192 1676 exposita,
1236 1618 1292 1663 et
1316 1625 1506 1665 crasse
1540 1612 1791 1669 instituta
1834 1616 1986 1685 iuxta
2038 1633 2187 1672 mor-

2295 531 2664 605 θυμιώμενος,
2692 540 2965 611 μυρώδεις
2997 543 3209 615 ἀτμοὺς
3238 548 3593 620 ἀποπέμπει,
3638 554 3757 607 ἐπεὶ
3780 560 3863 612 καὶ

2291 625 2342 677 οί
2394 627 2616 699 Χριστῷ
2657 636 3209 705 προσκεχωρηκότες,
3253 642 3366 703 τοῖς
3424 650 3752 714 πειρασμοῖς
3784 646 3864 705 οἶα

2292 718 2429 786 πυρὶ
2464 721 2946 791 προσομιλοῦντες,
3001 726 3081 797 τῷ
3120 729 3354 801 δοκιμίῳ
3398 732 3615 788 ἑαυτῶν
3659 737 3865 794 emta.

2293 809 2406 873 ζειν
2434 812 2563 875 τοὺς
2614 816 2993 885 περιεστῶτας
3033 819 3132 889 οὐχ
3166 821 3514 893 ὑστεροῦσιν.
3560 827 3657 880 Ἐκ
3685 830 3862 885 τούτου

2292 902 2389 954 καί⁵
2419 903 2636 967 Παῦλος
2696 907 3060 979 μεγαλαυχῶν
3115 911 3252 981 (12),
3309 933 3328 966 ι
3370 916 3641 984 Χριστοῦ,
3687 924 3862 991 φησὶν,

2291 993 2489 1048 εὐωδία
2515 996 2687 1065 ἐσμὲν
2727 999 2786 1050 ὲν
2812 1002 2927 1064 τοῖς
2988 1002 3324 1072 σωζομένοις
3356 1007 3456 1059 καὶ
3500 1009 3615 1069 τοῖς
3643 1012 3863 1065 ἀπολλυ-

2295 1085 2502 1151 μένοις.
2545 1102 2564 1137 ι
2614 1086 2954 1159 Σωζομένοις
2988 1090 3112 1160 μὲν,
3163 1096 3276 1157 τοῖς
3308 1096 3417 1148 ἀπὸ
3450 1095 3549 1149 τοῦ
3583 1099 3862 1156 Μωσαῖκοῦ

2291 1173 2460 1242 νόμου
2477 1178 2957 1253 στοιχειωδεστέρᾳ
2978 1185 3045 1252 τῇ
3072 1183 3210 1253 πρὸς
3232 1184 3553 1239 θεοσέϐειαν
3577 1188 3689 1259 ζωῇ
3714 1208 3863 1260 προσ-

2291 1264 2616 1338 λιπαροῦσιν
2642 1271 2735 1322 ὲπὶ
2780 1274 3119 1345 τελεωτέραν
3150 1276 3250 1344 τῆς
3292 1278 3439 1332 κατὰ
3493 1280 3729 1351 Χριστὸν
3779 1283 3861 1336 πί-

2293 1374 2463 1422 στεως
2486 1359 2652 1430 ζωὴν,
2674 1366 2740 1433 τῇ
2772 1370 3074 1436 καρτερικῇ
3102 1368 3314 1421 ἑαυτῶν
3344 1372 3403 1422 ἐν
3433 1372 3631 1426 στάσει
3653 1366 3738 1425 οἶά
3762 1391 3858 1427 τινι

2290 1452 2492 1523 εὐωδίᾳ
2541 1452 2932 1523 ἐπαλείφοντες
2973 1457 3201 1521 τούτους
3232 1476 3247 1490 ·
3303 1460 3507 1531 ὥσπερ
3560 1462 3747 1532 ἀμέλει
3780 1466 3860 1517 καί

2290 1540 2403 1601 τοῖς
2431 1540 2827 1608 ἀπολλυμένοις
2856 1545 3257 1617 ἑκτεθνηκυίας
3282 1549 3456 1619 ζωῆς,
3487 1553 3632 1605 κατά
3660 1554 3746 1604 τὸν
3775 1555 3860 1623 τῆς

2291 1629 2683 1699 είδωλορανίας
2708 1635 2851 1704 φημὶ
2876 1634 3111 1690 θάνατον
3148 1640 3744 1713 μεταστοιχειωθείσης
3772 1644 3859 1714 τῆς

600 1707 708 1753 tem
738 1712 861 1768 quae
880 1706 966 1754 est
995 1700 1048 1753 in
1084 1700 1295 1755 insania
1330 1702 1478 1757 circa
1507 1704 1649 1759 idola
1686 1724 1699 1759 :
1749 1723 1888 1776 quos
1915 1710 2082 1763 etiam
2108 1711 2186 1763 ir-

2292 1721 2577 1789 ἑμπαθοῦς
2606 1725 2685 1794 τῷ
2722 1700 2839 1779 ὄντι
2887 1728 3057 1797 ζωῆς,
3090 1700 3185 1792 οῦς
3214 1731 3247 1800 ή
3286 1700 3859 1805 κατείΧριστδνιάμιῖί

599 1790 1050 1860 reprehensibilis
1072 1794 1375 1848 secundum
1403 1795 1682 1851 Christum
1714 1801 1819 1854 vita
1840 1802 1994 1855 novit
2023 1802 2178 1857 suavi

2294 1770 2573 1789 Tam",
2618 1770 2681 1794 -.Γ
2726 1770 2839 1779 -.η
2888 1770 3057 1797 τωρ,
3092 1770 3183 1792 η,
3220 1770 3247 1800 .,
3287 1770 3431 1784 ..-η
3457 1770 3693 1802 ..γυιων
3723 1770 3859 1805 ..μυ-

2296 1826 2468 1881 μητος
2528 1814 2847 1879 εὑωδιάζειν
2906 1813 3017 1870 οἶδε
3076 1818 3253 1890 βιοτή.
3286 1820 3456 1873 Ὥστε
3507 1822 3605 1874 καὶ
3662 1823 3860 1891 τούτους

599 1884 772 1983 odore
812 1899 1103 1956 aspergere
1135 1903 1149 1940 :
1180 1888 1341 1958 671
1381 1896 1441 1943 ut
1466 1901 1519 1943 et
1553 1891 1655 1947 hos
1686 1908 1813 1947 cum
1847 1893 2020 1949 Paulo
2071 1898 2189 1965 pul-

2296 1903 2436 1973 μετὰ
2489 1903 2584 1957 τοῦ
2628 1907 2795 1960 αὐτοῦ
2837 1909 3054 1962 Παύλου
3076 1884 3499 1979 ’ἐνωραϊζεσθαι
3527 1884 3854 1983 φάσκονταςί

598 1972 733 2029 cbre
750 1984 1021 2029 exornent
1074 1975 1319 2033 dicentes
1356 1996 1370 2033 :
1402 1996 1421 2029 ι
1469 1978 1609 2033 Vivo
1643 1996 1766 2051 ego,
1809 1991 1928 2038 non’
1954 1988 2189 2053 amplius

2299 1972 2317 2046 ι
2360 1998 2447 2051 Ζῶ
2475 1996 2609 2065 ἐγὼ,
2641 1998 2740 2052 οῦκ
2789 1999 2870 2053 ἔτι
2906 2000 3039 2069 ἐγὼ,
3070 2001 3135 2073 ζῇ
3185 1972 3243 2056 δὲ
3292 1972 3352 2055 έν
3386 2004 3516 2074 ἐμοὶ
3538 1972 3854 2077 ’Χριστόςῖι

598 2079 723 2134 ego,
782 2065 913 2119 vivit
949 2081 1081 2119 vero
1122 2068 1174 2121 in
1210 2082 1296 2122 me
1354 2068 1607 2126 Christus
1638 2073 1705 2125 ⁸⁷.
1743 2092 1761 2124 ι
1827 2073 1945 2129 Hoc
2002 2076 2189 2147 itaque

600 2155 765 2209 modo
791 2170 852 2210 se
879 2155 1041 2210 habet
1067 2158 1348 2213 meditatio
1374 2158 1443 2214 de
1474 2161 1721 2217 masculo
1764 2162 1971 2219 lihano.
1999 2164 2191 2222 Potest

597 2262 817 2318 quoque
858 2249 1083 2320 intelligi
1120 2250 1558 2307 chalcolihannm
1603 2256 1769 2310 veluti
1826 2256 1940 2326 jam
1984 2258 2191 2315 dictum

594 2348 701 2403 est,
738 2340 1043 2396 incarnatio
1077 2340 1292 2397 Donniini
1316 2342 1433 2399 sive
1455 2346 1646 2399 aeterni
1686 2344 1847 2401 Verbi
1872 2345 1965 2403 Dei
1994 2348 2049 2403 in
2091 2366 2193 2405 no-

596 2431 844 2487 vissimis
868 2432 1232 2502 temporibus,
1269 2444 1430 2490 utens
1464 2437 1653 2501 veluti,
1695 2438 2021 2507 quibusdam
2047 2438 2195 2508 pedi-

596 2524 724 2589 bus,
758 2524 1100 2580 humanitate
1119 2542 1243 2595 qua:
1261 2527 1549 2583 videbatur
1580 2546 1595 2582 :
1632 2530 1723 2584 ubi
1751 2531 1986 2585 duarum
2032 2541 2195 2586 natu-

598 2631 811 2679 rarum,
834 2616 1139 2672 divinitatis
1159 2634 1352 2688 nempe
1368 2628 1421 2674 et
1439 2620 1823 2685 immanitatis,
1839 2621 2187 2679 iuconfusam

600 2708 859 2762 unionem
889 2723 1044 2764 mens
1075 2710 1312 2763 humana
1348 2711 1526 2765 colere
1575 2713 1750 2779 novit,
1783 2723 1837 2768 et
1878 2714 2191 2783 incompre-

598 2796 825 2852 heusam
854 2800 1169 2861 observare.
1208 2801 1372 2857 veluti
1416 2804 1810 2859 scrutationem
1870 2805 2196 2862 eminentis-

598 2888 753 2945 sima:
783 2890 1030 2947 mortalis
1046 2890 1376 2963 cognitionis
1403 2932 1418 2947 .

673 2981 814 3037 Novi
831 2999 990 3052 opera
1018 2992 1131 3037 tua.
1158 2983 1335 3053 Opera
1360 3025 1376 3051 ,
1414 2985 1659 3055 intelligo
1682 2986 1797 3041 Sola
1816 3000 1875 3040 ea
1900 3002 2024 3056 qua:
2052 2987 2189 3057 apud

2372 2998 2515 3057 Οἶδά
2548 3018 2666 3057 σου
2702 3000 2775 3056 τὰ
2798 3003 2964 3072 ἔργα.
3000 3003 3204 3072 Ἔργα,
3230 3003 3369 3073 μόνα
3403 3004 3474 3057 τὰ
3499 3002 3577 3074 τῷ
3604 3003 3715 3070 Θεῷ
3742 3003 3852 3054 ἀνα·

597 3077 771 3133 Deum
804 3078 1046 3149 reposita
1077 3086 1228 3133 sunt.
1260 3077 1433 3134 Nosse
1466 3087 1649 3134 autem
1719 3081 1823 3134 hoc
1875 3080 1994 3134 loco
2044 3080 2189 3135 desi-

2294 3096 2523 3164 κείμενα
2538 3094 2806 3166 λάμϐανε.
2832 3096 2905 3148 Τὸ
2922 3095 3121 3149 εἰδέναι
3144 3096 3201 3148 δὲ
3224 3095 3466 3149 ἐνταῦθα
3495 3095 3592 3165 τὴν
3610 3093 3853 3146 οἱκείωσιν

598 3178 731 3242 gnat
752 3169 1181 3226 familiaritatem
1213 3188 1277 3226 ac
1310 3172 1776 3234 benevolentiam,
1806 3182 2065 3242 tanquam
2105 3173 2189 3227 di-

2300 3188 2574 3255 σημαίνει,
2639 3187 2884 3259 ὡσπερεὶ
2936 3186 3160 3254 ἔλεγεν·
3212 3185 3453 3250 Οίκείως
3508 3183 3849 3269 κατὰνπάντα

596 3271 744 3317 ceret
775 3260 916 3316 :Per
942 3263 1128 3316 omnia
1158 3265 1271 3317 hmc
1300 3262 1646 3316 familiariter
1692 3262 1833 3331 apud
1869 3277 1954 3315 me
2015 3276 2189 3330 persc-

2299 3279 2540 3349 διαγίνῃ.
2567 3278 2727 3331 Οῦτω
2758 3280 2852 3333 καὶ
2887 3280 3025 3349 πρὸς
3058 3278 3270 3346 Μωῦσῆ
3308 3276 3476 3347 ἡνίκα
3502 3266 3675 3343 λέγειί
3705 3292 3722 3325 ι
3743 3267 3853 3326 Οἷδά

594 3368 775 3407 veras.
808 3352 901 3407 Sic
923 3363 1124 3407 etcum
1156 3354 1221 3406 ad
1251 3352 1436 3408 Mosen
1483 3352 1616 3408 dicit
1657 3371 1669 3406 :
1703 3371 1721 3403 ‹
1780 3350 1915 3405 Novi
1949 3360 2000 3406 te
2028 3367 2189 3420 supra

2299 3388 2358 3423 σε
2416 3372 2567 3440 παρὰ
2625 3370 2868 3432 πάνταςο
2915 3390 2933 3422 ι
2994 3371 3090 3423 καὶ
3129 3370 3209 3435 τὸ,
3254 3387 3274 3421 ι
3328 3366 3456 3422 Οἵδε
3513 3368 3709 3435 Κύριος
3745 3365 3851 3425 τοὺς

595 3461 788 3499 omnes
815 3445 881 3511 “,
909 3464 928 3497 ι
966 3454 1039 3509 et,
1065 3462 1084 3497 ι
1123 3443 1287 3500 Novit
1333 3445 1600 3500 Dominus
1644 3446 1738 3514 qui
1772 3445 1883 3498 sint
1935 3444 2020 3498 sui
2047 3446 2117 3508 “,
2170 3463 2189 3497 ι

2300 3462 2462 3526 ὄντας
2519 3462 2710 3525 αὑτοῦ,
2773 3480 2792 3514 ι
2834 3462 2936 3515 οὐκ
2986 3461 3116 3514 ἄλλο
3167 3460 3343 3525 οῦδὲν,
3393 3461 3428 3529 ἦ
3464 3458 3564 3529 τὴν
3609 3456 3850 3511 οίκείωσιν

2293 2086 2453 2141 Οῦτω
2485 2088 2585 2157 μὲν
2606 2088 2699 2142 οὖν
2733 2091 2766 2160 ἡ
2794 2091 2936 2144 κατὰ
2968 2091 3173 2162 ἄρῤενα
3204 2093 3433 2149 λίϐανον
3462 2093 3687 2165 θεωρὲα.
3721 2099 3859 2151 Ἔστι

2292 2178 2389 2231 καὶ
2417 2178 2826 2249 χαλκολίὸανον,
2856 2183 2933 2245 ώς
2957 2181 3058 2252 ήδη
3080 2181 3449 2255 τεθεώρηται,
3484 2184 3587 2254 τὴν
3612 2186 3852 2257 ἐνανθρώ-

2293 2286 2465 2339 πησιν
2497 2269 2591 2323 τοῦ
2624 2272 2831 2341 Κυρίου
2875 2274 3038 2337 νοεῖν,
3087 2274 3256 2343 ἤγουν
3283 2274 3382 2328 τοῦ
3412 2276 3735 2345 προαιωνίου
3768 2278 3853 2331 Λό-

2292 2376 2393 2429 γου
2422 2360 2559 2413 Θεοῦ
2599 2363 2686 2414 ἐπ’
2734 2363 2981 2431 ἐσχάτων
3008 2364 3119 2416 τῶν
3158 2364 3397 2436 χρόνων,
3442 2361 3535 2418 οἷά
3565 2382 3673 2418 τισι
3723 2368 3853 2431 ποσὶ,

2294 2452 2372 2521 τῷ
2395 2451 2719 2523 τεθεωμένῳ
2748 2454 3046 2523 χριομένην
3063 2455 3361 2526 ἀνθρώπῳ.
3397 2450 3501 2511 ’Ὧν
3530 2457 3622 2510 δύο
3639 2457 3849 2525 φύσεων,

2295 2545 2550 2614 θεότητος
2600 2562 2660 2598 τε
2726 2546 2821 2599 καὶ
2858 2547 3299 2618 ἀνθρωπότητος,
3342 2549 3446 2619 τὴν
3484 2549 3775 2619 ἀσύγχυτον
3804 2549 3853 2601 Ξ-

2295 2654 2490 2700 νωσιν,
2516 2637 2640 2700 νοῦς
2656 2638 2998 2710 ἀνθρώπινος
3029 2640 3277 2692 εὐσεϐεῖν
3294 2640 3576 2708 ἐγνωκὼς,
3605 2641 3854 2709 ἀνέπαφον

2293 2727 2402 2785 οἶδε
2439 2733 2739 2803 διατηρεῖν,
2787 2733 2863 2798 ὡς
2897 2734 3412 2806 ὑπερανεστηκυίας
3448 2736 3669 2806 θνητῆς,
3710 2752 3853 2787 κατα-

2296 2824 2518 2895 λήψεως
2556 2825 2807 2895 ἔρευναν.

598 3553 710 3592 non
749 3538 897 3592 aliud
929 3538 1234 3608 quidquam
1289 3538 1668 3593 demonstrare
1742 3537 1976 3592 intendit
2029 3552 2189 3605 quam

2299 3555 2574 3626 παριστᾷν
2626 3553 2898 3624 βούλεται.
2940 3554 3139 3620 Οίονεὶ,
3180 3553 3415 3615 Οίκείως
3438 3553 3708 3619 διάκειμαι
3741 3546 3851 3616 πρὸς

598 3630 1027 3683 familiaritatem
1061 3644 1126 3683 ac
1166 3628 1599 3682 benevolentiam
1640 3645 1653 3681 :
1696 3626 1975 3681 Bcnevolo
1998 3627 2189 3681 videli-

2296 3646 2423 3708 τοὺς
2453 3645 2579 3715 ἐμοὶ
2602 3645 2699 3707 τὰς
2724 3643 2933 3697 ἑαυτῶν
2950 3643 3309 3706 ἀνατιθέντας
3338 3642 3593 3703 σπουδᾶς.
3633 3637 3850 3706 Ἀγάπην

597 3730 685 3773 eet
721 3719 907 3773 animo
957 3735 1079 3773 sum
1123 3719 1351 3773 allectus
1378 3734 1507 3788 erga
1558 3733 1655 3773 eos
1715 3718 1808 3787 qui
1858 3733 1957 3772 sua
2014 3717 2189 3772 studia

2296 3737 2354 3791 δὲ
2386 3737 2487 3808 τὴν
2519 3736 2654 3805 πρὸς
2687 3736 2754 3789 τά
2803 3736 2924 3789 θεῖα
2952 3735 3306 3803 πεποίθησιν,
3347 3732 3609 3793 ὡσαύτως
3651 3729 3737 3782 καὶ
3768 3726 3851 3795 τὴν

597 3809 742 3878 apud
765 3824 853 3864 tne
886 3810 1282 3878 deposuerunt.
1337 3809 1674 3863 Charitatcm
1718 3824 1870 3873 vero,
1922 3808 2189 3863 conliden-

2298 3829 2507 3883 πίστιν.
2555 3828 2620 3881 Ἦ
2650 3827 2762 3900 γὰρ
2791 3827 3094 3899 είλικρινὴς
3123 3829 3314 3896 ἀγάπη
3344 3826 3427 3897 τῷ
3449 3822 3707 3891 διαλλήλῳ
3732 3833 3842 3888 κρα·

600 3904 733 3956 tiam
770 3919 897 3975 erga
924 3902 1107 3958 divina
1139 3902 1396 3958 similiter
1425 3913 1479 3957 et
1508 3902 1691 3957 (idem.
1730 3903 1899 3956 Amor
1953 3917 2189 3970 namque

2295 3921 2516 3975 τύνεται
2546 3919 2958 3991 κατορθώματι.
3012 3918 3304 3973 Διακονίαν
3350 3919 3429 3983 δὲ,
3462 3917 3563 3987 τὴν
3594 3913 3719 3983 πρὸς
3744 3908 3850 3966 τοὺς

598 3993 852 4049 sincerus
882 4003 1070 4048 mutuo
1096 3994 1412 4049 continetur
1435 3994 1634 4049 ollicio.
1668 3992 2030 4048 Ministeriutn
2095 4009 2189 4047 au-

2296 4012 2589 4081 δεομένους
2654 4012 2984 4082 ἐπικουρίαν
3041 4012 3217 4081 φησὶ,
3290 4012 3387 4063 καὶ
3445 4006 3715 4078 ὑπομονὴν
3764 4001 3847 4068 τὴν

599 4096 706 4140 tem
736 4086 871 4139 dicit
907 4085 1175 4140 auxilium
1212 4101 1340 4156 erga
1359 4100 1566 4155 egenos
1595 4103 1610 4139 :
1642 4093 1697 4139 et
1725 4085 2075 4154 patientiam,
2110 4094 2189 4139 ιυ·

2297 4104 2594 4175 καρτερίαν
2626 4102 2725 4174 τὴν
2761 4103 2900 4174 πρὸς
2930 4103 3059 4165 τοὺς
3084 4100 3455 4172 πειρασμούς.

595 4177 883 4232 lerantiam
913 4177 968 4231 in
986 4177 1377 4232 alllietionibus
1397 4186 1453 4231 et
1490 4177 1910 4231 tentationibns.

670 4291 978 4346 Novissima
1012 4292 1169 4362 plura
1204 4293 1494 4362 prioribus.
1536 4294 1665 4346 Haec
1715 4292 1907 4348 dicens
1947 4292 2189 4346 ostendit

2375 4295 2451 4351 Τὰ
2501 4295 2735 4364 ἔσχατα
2792 4295 3049 4348 πλείονα
3086 4292 3205 4347 τῶν
3245 4291 3512 4360 πρώτων.
3550 4287 3629 4341 Τὰ
3670 4284 3847 4351 ἔσχατα

595 4387 740 4456 quod
775 4388 827 4441 in
847 4396 1138 4458 augmento
1166 4388 1579 4457 progredientes
1619 4388 1687 4441 ad
1727 4386 1778 4440 id
1813 4386 1960 4456 quod
1993 4384 2189 4438 melius

2298 4385 2521 4438 πλείονα
2549 4386 2658 4436 τῶν
2689 4386 2925 4453 πρώτων
2955 4381 3147 4448 εἰπὼν,
3184 4382 3451 4457 ἐνέφηνεν
3481 4382 3559 4433 ὅτι
3595 4373 3845 4445 προϊόντες

595 4485 701 4537 est.
740 4476 1014 4531 indefesso
1048 4476 1237 4531 labore
1260 4477 1632 4531 laboraverint
1665 4493 1762 4546 per
1808 4475 2183 4548 operationem

2292 4477 2391 4547 τὴν
2426 4477 2521 4529 ἐπὶ
2547 4476 2607 4528 τὸ
2644 4474 2855 4545 βέλτιον
2902 4474 3169 4538 ἐπίδοσιν,
3198 4473 3292 4527 διὰ
3330 4473 3431 4543 τῆς
3474 4467 3724 4543 ἐργασίας
3750 4458 3842 4514 τῶν

596 4568 906 4622 divinorum
928 4577 1346 4638 praeceptorum.

2292 4568 2451 4621 οείων
2483 4565 2720 4619 ἐντολῶν
2745 4567 2965 4635 ἀτρύτῳ
2997 4565 3143 4635 πόνῳ
3172 4564 3461 4617 κοπιῶσιν.

2373 4681 2538 4738 Ἀλλ’
2578 4682 2698 4750 ἔχω
2747 4680 2898 4733 κατὰ
2942 4679 3061 4733 σοῦ
3089 4679 3286 4749 ὀλίγα,
3311 4678 3399 4731 ὅτι
3420 4670 3842 4768 ἀρίηςτὴιζγυ-

2292 4775 2474 4830 raised
2522 4788 2641 4828 σου
2684 4771 2948 4836 Ἰεζάϐελ,
3013 4770 3051 4839 ἢ
3084 4770 3245 4840 λέγει
3288 4770 3515 4837 ἑαυτὴν
3555 4771 3840 4834 προφητινσ

669 4678 928 4741 "30-23.
964 4679 1070 4734 Sed
1099 4678 1265 4733 habeo
1306 4678 1587 4734 adversum
1613 4688 1660 4732 te
1689 4694 1882 4746 pauca,
1911 4682 2050 4744 quod
2068 4698 2187 4750 per-

597 4773 782 4824 mittas
838 4772 1112 4825 mulierem
1145 4781 1291 4825 tuam
1328 4769 1569 4835 Iezabel,
1629 4788 1746 4841 qua:
1793 4788 1847 4825 se
1882 4772 2011 4825 dicit
2063 4790 2188 4843 pro-

595 4863 905 4932 phetissam,
935 4863 1119 4918 docere
1141 4870 1191 4917 el
1210 4864 1454 4917 seducere
1481 4880 1655 4919 servos
1688 4880 1825 4917 meos
1859 4874 1914 4917 ut
1949 4876 2186 4919 scorteu-

2293 4866 2609 4921 διδάσκειν
2630 4864 2730 4919 καί
2759 4863 3005 4933 πλανᾷν
3036 4863 3177 4930 τοὺς
3206 4863 3390 4931 ἐμοὺς
3418 4860 3689 4918 δούλους.
3718 4862 3840 4953 περς

597 4968 705 5017 tur,
731 4966 779 5007 et
804 4955 868 5008 de
893 4955 976 5009 his
1007 4955 1166 5009 edant
1195 4972 1314 5026 quae
1331 4956 1486 5010 idolis
1518 4956 1798 5010 immolata
1840 4968 1985 5012 sunt.
2030 4957 2189 5012 Dedi-

2295 4958 2511 5013 νεῦσαι
2539 4958 2637 5012 καὶ
2681 4955 2898 5026 φαγεῖν
2929 4956 3318 5010 εἰδωλόθυτα.
3350 4952 3460 5008 Καί
3495 4949 3676 5003 ἔδωκα
3705 4949 3835 5039 αῦτη

595 5062 693 5115 que
721 5048 770 5100 ei
794 5056 994 5116 tempus
1030 5056 1087 5099 ut
1119 5047 1471 5117 resipiscerel,
1499 5056 1549 5100 et
1586 5062 1689 5101 non
1728 5046 1840 5100 vult
1877 5048 2185 5118 resipiscere

2292 5053 2509 5121 χρόνον
2536 5052 2638 5104 ἵνα
2655 5048 3031 5120 μετανοήσῃ,
3062 5047 3155 5101 καὶ
3194 5049 3268 5100 οὺ
3309 5047 3469 5142 θέἶλει
3500 5040 3838 5142 mermoriam:

593 5151 627 5186 a
664 5136 986 5189 sc‘irtatione
1014 5151 1135 5189 sua.
1159 5133 1296 5189 Ecce
1316 5136 1470 5188 mitto
1509 5153 1626 5190 eam
1675 5136 1962 5201 infectant,
2018 5148 2067 5191 et
2099 5153 2185 5191 eos

2392 5143 2505 5210 τῆς
2528 5117 2813 5211 πορνείας
2850 5140 3062 5209 αὐτῆς.
3118 5139 3265 5194 Ἰδοὺ
3305 5136 3521 5203 βάλλω
3545 5125 3726 5227 uitri]?
3764 5117 3834 5227 εἷς

592 5228 686 5286 qui
713 5227 1121 5280 commiscentur
1170 5242 1291 5279 cum
1338 5243 1400 5281 ea
1433 5227 1489 5281 in
1537 5228 1871 5298 aﬂlictionem
1918 5245 2188 5297 magnam,

2292 5208 2529 5304 κλίνήν,
2565 5208 2665 5288 καὶ
2722 5208 2864 5301 τοὺς
2914 5208 3313 5303 μοιχεύοντας
3370 5230 3490 5301 μετ’
3540 5217 3713 5283 αὐτῆς
3763 5208 3836 5307 ξὶς

594 5318 700 5371 nisi
736 5319 1103 5388 paenitentiam
1122 5320 1321 5389 egerint
1345 5320 1410 5372 ab
1443 5319 1686 5390 operibus
1713 5322 1851 5390 ejus,
1875 5330 1923 5375 et
1947 5320 2086 5391 ﬁlios
2111 5321 2189 5390 ip-

598 5410 706 5439 .7...
733 5409 1046 5439 .‘..s..-£-.‘-...
1072 5422 1237 5439 omn-In
1303 5410 1361 5439 li"
1400 5423 1704 5439 -..-..Α---..ι
1725 5430 1899 5439 an“.--
1947 5413 2189 5439 D--I--:...

2292 5325 2503 5394 θλίψιν
2546 5324 2847 5395 μεγάλην,
2878 5324 2987 5379 ἐὰν
3021 5324 3107 5395 μὴ
3136 5322 3598 5391 μετανοήσωσιν
3632 5309 3695 5362 ἐκ

2300 5417 2484 5439 ιυ---η
2524 5414 2710 5439 --θ---τλ
2786 5415 2881 5439 --ι-ι
2920 5414 2991 5439 -2.
3031 5411 3210 5439 -λ-,--,.
3255 5411 3447 5439 Μοψε,
3472 5407 3713 5439 Αηηνην

594 5410 708 5465 sius
732 5409 1049 5479 interﬁciam
1072 5422 1258 5467 morte.
1293 5410 1361 5465 Et
1395 5423 1899 5482 cognoscentomnes
1938 5413 2189 5469 Ecclesia:

2292 5417 2485 5487 ἔργων
2517 5414 2731 5485 αὐτῆς,
2784 5415 2883 5469 καί
2920 5414 2991 5469 τὰ
3031 5411 3212 5468 τέκνα
3249 5411 3447 5481 αὐτῆς
3470 5407 3753 5463 diioui-“7“”

668 5585 713 5617 “‘
746 5587 785 5641 ll
818 5588 948 5643 Cor.
978 5607 1040 5655 ιι,
1077 5591 1167 5646 ts.
1246 5592 1492 5647 “Galat.
1526 5608 1586 5660 ιι,
1624 5594 1714 5651 20.
1794 5595 1840 5627 ⁸⁸
1871 5593 2045 5650 Exod.
2071 5610 2189 5650 xxx.

2306 5594 2393 5651 12.
2474 5595 2519 5627 ⁸³
2578 5593 2621 5649 ll
2649 5593 2791 5649 Tim.
2835 5607 2896 5661 ll,
2939 5593 3025 5648 19.

677 5746 788 5809 (12)
817 5748 1157 5820 Μεταλαχὼν
1188 5753 1336 5822 vulg.
