4110 6408
335 332 445 398 541

1416 343 1802 406 COMMENT.
1843 346 1928 406 IN
1965 347 2502 414 APOCALYPSIN.

3508 351 3612 414 5i2

333 445 600 511 θανάτῳ.
651 446 760 502 Καί
820 448 1152 518 γνώσονται
1201 450 1392 506 πᾶσαι
1441 457 1500 507 al
1548 455 1921 523 'Exx.1n0'1at,

2052 462 2166 514 mod
2195 480 2287 532 ego
2304 466 2404 518 sim
2467 465 2559 534 qui
2588 473 2796 518 scrutor
2835 479 2979 517 renes
3009 471 3058 516 et
3132 461 3295 516 corda
3326 477 3344 516 :
3376 470 3425 516 et
3475 462 3611 516 dabo

337 537 440 592 ὅτι
481 538 596 608 ἐγώ
647 541 767 608 είμι
802 535 836 594 ὁ
882 540 1146 608 ἐρευνῶν
1197 543 1461 612 νεφροὺς
1494 546 1593 598 καί
1643 547 1928 616 καρδίας⁶

339 628 447 683 καὶ
479 627 654 682 δώσω
681 629 826 699 ὑμῖν
847 629 1084 698 ἑκάστῳ
1119 634 1270 687 κατὰ
1302 634 1373 688 τὰ
1401 636 1545 705 ἔργα
1564 636 1752 706 ὑμῶν.

419 721 483 774 Ei
516 720 606 774 διὰ
633 721 732 792 τὴν
760 721 966 786 πίστιν,
992 723 1150 792 φησι,
1177 726 1274 777 καὶ
1299 726 1398 796 τὴν
1433 729 1561 797 περὶ
1591 727 1719 790 τοὺς
1740 728 1934 799 δεομέο

344 826 479 874 νους
523 811 812 881 χορηγίαν,
845 811 906 866 τὸ
945 812 1172 877 εύλαϐὶς
1202 814 1360 884 ὑμῶν
1403 818 1497 870 καὶ
1527 818 1934 889 ὑπομονητικὸν

345 903 714 974 ἀποδέχομαι,
770 903 888 958 ἀλλ’
918 901 1015 959 οῦν
1058 907 1288 971 δικαίως
1329 909 1462 979 ὑμῖν
1512 911 1932 983 ἐπιμέμφομαι,

347 996 439 1050 ὃτι
470 995 568 1067 τὴν
600 997 710 1051 τῶν
761 997 1103 1052 Νικολαϊτῶν
1156 1000 1370 1070 αἰρεσιν
1393 1003 1520 1057 ἐᾶτε
1565 1004 1843 1074 ἀκμάζειν
1875 1007 1934 1059 ὲν

355 1086 512 1157 μέσῳ
543 1087 717 1158 ὑμῶν.
752 1090 916 1160 Λέγει
948 1091 1006 1144 δὲ
1037 1092 1318 1161 τροπικῶς
1347 1093 1554 1164 ταύτην
1590 1096 1682 1150 διὰ
1707 1097 1804 1151 τοῦ
1833 1099 1935 1169 τῆς

367 1180 607 1244 Ἰεζάϐελ
655 1181 919 1251 ὀνόματος
970 1182 1074 1253 τῆς
1119 1183 1198 1255 τῷ
1255 1184 1462 1256 Ἀχαὰϐ
1503 1191 1936 1262 συνοικησάσης,

351 1270 530 1344 ταύτῃ
555 1271 926 1342 παραϐάλλων
968 1275 1064 1328 καὶ
1095 1274 1223 1338 τοὺς
1267 1275 1378 1329 άπὸ
1399 1277 1673 1332 Νικολάου
1713 1278 1804 1332 διὰ
1835 1279 1938 1350 τὴν

352 1361 652 1431 ἀσέλγειαν
697 1367 792 1420 καὶ
843 1369 1124 1426 ἀσέϐειαν.
1178 1373 1586 1445 Ἐπιμέμφεται
1636 1371 1734 1430 οῦν
1765 1377 1849 1431 ὅτι
1873 1377 1935 1430 οὐ

351 1451 646 1509 διώκουσιν
674 1457 866 1531 αὐτὴν,
890 1462 1192 1529 τουτέστιν,
1223 1464 1324 1518 οὐκ
1353 1465 1706 1521 ἀπωθοῦνται
1741 1468 1936 1538 αὐτὴν,

351 1540 595 1606 ἀναιδῶς
639 1542 1076 1618 βλασφημοῦσαν
1128 1553 1627 1624 καταισχύνοντας,
1677 1557 1795 1610 ἀλλ’
1843 1559 1938 1612 ἀνα

353 1635 578 1703 έχονται
605 1641 888 1720 κοινωνεῖν
906 1641 1093 1706 αὐτοῖς
1122 1643 1218 1697 τοῦ
1241 1645 1509 1716 ὀνόματος
1532 1647 1642 1700 τῶν
1673 1649 1940 1720 Χριστιαο

353 1723 489 1788 νῶν,
549 1725 642 1796 ὑφ’
697 1718 760 1781 οὗ
799 1728 1173 1797 λανθανόντως
1215 1736 1329 1798 τοῖς
1391 1718 1785 1808 ἁπλουστέροις
1829 1738 1939 1792 τῶν

2035 555 2319 624 unicuique
2353 565 2580 609 vestrum
2606 554 2766 624 juxta
2794 570 2953 623 opera
2988 561 3181 608 vestra.

2099 738 2264 810 672
2282 735 2339 792 Si
2360 746 2576 806 propter
2594 735 2772 800 fidem,
2800 733 2998 803 inquit,
3019 746 3081 786 ac
3099 729 3404 786 subsidium
3421 730 3474 783 in
3491 743 3616 798 ege-

2037 845 2140 885 nos
2172 841 2406 884 vestram
2429 827 2670 897 suscipio
2697 826 2951 897 pietatem
2987 839 3051 878 ac
3077 818 3617 888 tolerantiam,juste

2037 929 2216 974 tamen
2233 918 2390 973 vobis
2421 918 2694 988 indignor,
2722 915 2867 986 quod
2922 912 3314 968 Nicolaitarum
3365 909 3614 966 haeresim

2038 1012 2220 1081 vigere
2235 1009 2428 1065 sinatis
2451 1009 2507 1062 in
2548 1007 2730 1061 medio
2759 1005 2947 1061 vestri.
2983 1003 3135 1059 Hanc
3170 1010 3353 1057 autem
3407 1000 3618 1071 tropice

2039 1102 2314 1173 signiﬁcat
2346 1117 2444 1173 per
2464 1115 2663 1155 nomen
2693 1098 2908 1154 Iezabel
2927 1113 3048 1167 qum
3074 1097 3185 1167 regi
3211 1095 3400 1151 Achab
3421 1109 3622 1164 nupse-

2041 1202 2162 1250 rat:
2191 1194 2320 1247 huic
2361 1192 2526 1247 etiam
2557 1205 2884 1258 comparans
2915 1185 3124 1243 Nicolai
3173 1201 3438 1256 sequaces
3492 1199 3621 1253 pro-

2041 1297 2162 1357 pter
2177 1285 2457 1341 libidinem
2480 1299 2546 1339 ac
2563 1283 2917 1352 impietatem.
2932 1262 3252 1350 Indignatur
3275 1280 3458 1350 itaque
3471 1278 3622 1348 quod

2041 1395 2151 1435 non
2215 1386 2618 1449 persequantur
2667 1375 2866 1445 ipsam,
2901 1375 3005 1428 hoc
3057 1382 3141 1428 est
3175 1387 3283 1426 non
3320 1371 3617 1440 expellant,

2041 1471 2441 1528 confundentes
2499 1468 2673 1539 ipsam
2743 1466 3093 1538 impudenter
3127 1465 3621 1534 blasphemantem,

2040 1561 2136 1617 sed
2173 1560 2483 1616 sustineant
2535 1567 2593 1614 ut
2648 1558 2685 1612 ii
2744 1557 2838 1628 qui
2888 1554 3009 1612 solo
3055 1556 3278 1609 nomine
3320 1551 3623 1608 Christiani

2043 1662 2176 1710 sunt
2205 1667 2393 1710 secum
2422 1651 2750 1722 participem
2775 1668 2790 1704 :
2817 1648 2961 1704 unde
2985 1645 3412 1716 simplicioribus
3447 1643 3626 1699 servis

2043 1745 2203 1811 meis,
2225 1744 2424 1815 inquit,
2447 1742 2652 1814 praebet
2686 1739 3072 1796 oll‘endiculum
3124 1754 3232 1794 non
3287 1736 3452 1791 modo
3473 1750 3626 1790 scor-

353 1814 564 1870 δούλων
616 1835 744 1890 μου,
779 1823 936 1891 φησὶ.
994 1823 1226 1895 παρέχει
1281 1826 1600 1894 σκάνδαλον,
1641 1829 1741 1899 οὐχ
1787 1829 1937 1894 ὅπως

2052 1814 2428 1900 ισιίοηίεζεθά
2459 1834 2587 1905 jam
2628 1833 2906 1889 scelerata;
2951 1846 3174 1902 quoque
3223 1829 3621 1886 comestionis:

357 1907 640 1977 πορνείας,
667 1910 782 1964 ἀλλ’
803 1911 907 1984 ἠδη
934 1914 1028 1966 καὶ
1057 1918 1430 1986 μιαροφαγίας
1449 1932 1466 1947 ⁶
1495 1920 1753 1990 πορνείαν
1781 1921 1814 1990 ἢ
1837 1920 1938 1991 τὴν

357 1997 626 2072 αἰσθητὴν
655 2001 908 2074 λέγων,ἢ
948 2005 1048 2076 τὴν
1079 2008 1188 2061 ἀπὸ
1212 2007 1350 2063 Θεοῦ
1375 2010 1644 2076 ἔκκλισιν,
1673 2012 1811 2066 καθὸ
1845 2014 1942 2068 καὶ

356 2091 579 2162 εἴρηται
633 2092 716 2159 τὸ,
759 2113 779 2147 ι
829 2097 1226 2169 βΕπόρνευσαν
1272 2101 1330 2154 έν
1361 2105 1475 2167 τοῖς
1508 2103 1941 2174 ἐπιτηδεύμασιν

359 2181 581 2236 αὐτῶνθ
626 2203 646 2238 ι
683 2187 780 2241 καὶ
806 2187 886 2253 τὸ,
936 2208 955 2242 ι
997 2190 1332 2263 Ἑμοιχῶντο
1375 2196 1436 2248 ὲν
1469 2194 1547 2265 τῷ
1581 2195 1742 2267 ξύλῳ.
1785 2216 1802 2248 ι
1845 2196 1945 2250 Διὰ

355 2274 419 2328 δὲ
450 2275 551 2346 τῆς
576 2277 687 2330 τῶν
720 2278 1090 2336 εἰδωλοθύτων
1119 2284 1320 2356 ἐδωδῆς
1349 2284 1495 2339 ἔοικε
1525 2287 1743 2350 καὶτὰς
1775 2287 1943 2352 ἄλλας

353 2367 657 2440 διαιρέσεις
697 2373 1039 2442 συντάττειν,
1073 2375 1130 2430 αἶ
1162 2377 1258 2431 καὶ
1291 2378 1457 2433 αὐταὶ
1483 2381 1598 2444 τοῖς
1623 2380 1945 2434 εὐσεϐοῦσιν

357 2461 708 2531 ἐπιφύονται,
763 2464 823 2517 ὃν
859 2465 924 2536 δή
963 2483 1087 2520 τινα
1113 2468 1316 2538 τρόπον
1345 2469 1498 2540 ἐνῆν.
1528 2471 1592 2526 Ol
1638 2471 1747 2542 γὰρ
1774 2473 1946 2525 Νικο-

357 2546 546 2603 λαῗται
607 2550 936 2608 εἰδωλόθυτα
991 2555 1092 2624 μὲν
1149 2557 1354 2612 ἐσθίειν
1405 2560 1465 2614 οὐ
1520 2560 1946 2631 προύϐάλλοντο,

354 2639 531 2711 ἔτερα
563 2641 619 2694 δὲ
669 2643 842 2711 ὅμως,
890 2644 926 2698 ἃ
955 2647 1048 2699 καὶ
1083 2647 1438 2719 διανοηθῆναι
1472 2652 1572 2722 τῆς
1605 2653 1950 2724 τελειοτάτης

357 2732 712 2803 ἀκαθαρσίας
741 2737 836 2788 καὶ
857 2739 1086 2807 μιαρίας
1119 2740 1256 2794 ἐστι.
1286 2741 1421 2795 Τίνα
1449 2741 1506 2796 δὲ
1529 2744 1727 2809 ταῦτα,
1757 2745 1952 2799 πολλά-

360 2841 455 2887 κις
483 2827 615 2896 ἡμῖν
641 2828 855 2898 εἴρηται
876 2830 974 2900 τὴν
994 2830 1104 2882 τῶν
1131 2833 1421 2904 Παναρίων
1440 2833 1624 2904 βίϐλον
1653 2837 1944 2907 παριστᾷν.

361 2917 477 2969 Καὶ
504 2917 568 2970 οὐ
593 2917 752 2971 τοῦτο
783 2920 946 2989 μόνον
974 2921 1036 2974 τὺ
1080 2921 1337 2995 βδελυρὸν
1369 2927 1434 2997 τῇ
1467 2925 1576 2979 τῶν
1610 2926 1950 2980 Νικολαϊτῶν

360 3008 580 3078 αἱρέσει
611 3015 982 3082 παρομαρτεῖ.
1013 3013 1148 3068 ἀλλὰ
1176 3016 1272 3069 καὶ
1317 3018 1594 3088 προφῆτις
1647 3014 1786 3072 εἶναι
1817 3019 1951 3072 ὐπο-

361 3101 638 3169 κρίνεται,
697 3103 920 3176 πονηρῷ
964 3105 1241 3176 πνεύματι
1305 3109 1698 3181 ἐνεργουμένη,
1747 3110 1842 3164 καὶ
1889 3111 1952 3162 τὸ

363 3195 511 3246 θεῖον
547 3193 720 3264 δῶρον
752 3197 834 3258 εἰς
871 3199 1212 3268 ματαιότητα
1249 3200 1702 3271 παραϐάλλουσαι,
1729 3202 1817 3255 ἵνα
1855 3202 1950 3255 καὶ

363 3285 644 3348 Μωῦσέως
674 3287 969 3354 ἀφειδοῦσα
997 3289 1145 3360 ἁλῷ,
1195 3309 1212 3342 ι
1256 3292 1332 3343 Οὐ
1374 3291 1548 3365 λήψῃ,
1587 3313 1605 3345 ι
1647 3293 1950 3365 διαρρήδην

372 3375 622 3445 βοῶντος,
664 3396 686 3448 ι
717 3380 780 3433 τὸ
807 3379 981 3452 ὄνομα
1027 3383 1233 3453 Κυρίου
1283 3383 1378 3436 τοῦ
1407 3383 1544 3438 Θεοῦ
1589 3403 1684 3439 σου
1713 3388 1806 3439 ἐπὶ
1843 3404 1949 3456 μα-

369 3471 532 3541 ταίῳ,
572 3490 591 3524 ι
616 3473 709 3526 καὶ
735 3473 830 3526 τοῦ
881 3473 1236 3544 μακαρισμοῦ
1287 3475 1380 3528 τοῦ
1414 3475 1759 3548 Θεοπάτορος
1789 3477 1949 3531 ἀλλο-

367 3563 660 3633 τριουμένη
692 3564 918 3637 εὑρεθῇ,
945 3565 1045 3635 τῆς
1086 3566 1186 3636 μὲν
1229 3564 1446 3629 ἐλπίδος
1489 3565 1584 3619 τοῦ
1612 3566 1750 3619 Θεοῦ
1787 3569 1951 3620 ἀστο-

365 3651 565 3723 χοῦσα,
621 3654 716 3709 ἐπὶ
779 3657 1154 3726 ματαιότητας
1212 3655 1268 3709 δὲ
1319 3654 1416 3709 καὶ
1483 3657 1681 3727 μανίας
1736 3656 1954 3726 ψευδεῖς

365 3745 849 3817 ἐμφιλοχωροῦσα.

439 3837 554 3893 Καὶ
578 3837 824 3905 mlas-(ir
848 3839 990 3907 τοὺς
1008 3839 1191 3909 ἐμοὺς
1222 3840 1505 3916 δούλους.
1531 3842 1672 3907 Τοὺς
1691 3840 1955 3911 ἁπλότητι

369 3931 576 4000 τρόπου
613 3929 968 4000 βεϐιωκότας,
1025 3931 1202 4004 πλάνῃ
1253 3933 1520 3988 ἕλκουσαν
1571 3935 1650 4000 είς
1695 3933 1956 4005 πορνείαν

370 4023 467 4074 καὶ
498 4019 704 4092 βρῶσιν
735 4023 1232 4093 ἀπηγορευμένων.

442 4110 555 4166 Καί
586 4111 782 4165 ἔδωκα
834 4110 1010 4181 αὐτῇ.
1051 4111 1218 4182 Ἐγὼ,
1269 4113 1456 4184 φησὶν,
1492 4115 1520 4168 ό
1554 4111 1630 4186 μὴ
1663 4113 1834 4168 θέλων
1864 4114 1958 4168 τὸν

373 4206 608 4259 θάνατον
635 4205 730 4260 τοῦ
764 4204 1115 4276 ἀμαρτωλοῦ,
1155 4205 1292 4260 ἀλλὰ
1338 4206 1438 4277 τὴν
1482 4208 1825 4279 ἐπιστροφὴν
1859 4206 1958 4278 ζη-

371 4299 508 4364 τῶν,
547 4297 754 4353 δέδωκα
781 4299 921 4369 αὐτῇ
959 4299 1250 4370 μετανοίας
1277 4300 1491 4370 καιρὸν,
1521 4301 1623 4372 τὴν
1679 4299 1958 4371 τιμωρίαν

373 4389 518 4453 τέως
549 4388 998 4461 ὑπερτιθέμενος.
1066 4390 1130 4444 Ἡ
1169 4391 1224 4444 δὲ
1253 4392 1320 4463 τῇ
1375 4392 1543 4462 ἀνοχῇ
1579 4393 1960 4462 κατεχρήσατο

2044 1931 2432 1989 scortationem
2458 1927 2647 1984 dicens
2695 1932 2790 1980 aut
2836 1924 3154 1980 sensibilem
3204 1939 3269 1978 ac
3325 1921 3625 1984 carnalem,

2045 2033 2141 2080 aut
2168 2019 2585 2079 declinationem
2609 2033 2640 2072 a
2675 2016 2806 2082 Deo,
2835 2018 2990 2086 juxta
3011 2015 3064 2070 id
3092 2014 3241 2086 quod
3298 2013 3464 2068 etiam
3512 2011 3629 2066 dic-

2045 2129 2160 2174 tum
2186 2125 2313 2173 est:
2355 2132 2375 2168 ι
2436 2111 2715 2167 Fornicati
2768 2116 2899 2166 sunt
2938 2107 2993 2162 in
3029 2106 3227 2162 studiis
3273 2104 3390 2159 suis
3419 2103 3488 2168 ³⁷⁸,
3521 2120 3540 2154 ι
3574 2109 3631 2156 et

2046 2209 2178 2266 illud
2215 2227 2229 2266 :
2267 2229 2285 2261 ι
2314 2205 2652 2263 Adulterium
2689 2201 3077 2273 perpetrabant
3108 2198 3162 2252 in
3221 2197 3394 2267 ligno.
3444 2212 3464 2248 ›
3524 2192 3630 2247 Per

2045 2318 2203 2360 esum
2226 2317 2356 2357 vero
2384 2314 2572 2354 eorum
2606 2310 2729 2366 qua:
2760 2294 2918 2348 idolis
2939 2291 3156 2347 fuerant
3184 2288 3492 2351 immolata,
3541 2284 3630 2338 vi-

2047 2398 2208 2454 detur
2232 2404 2286 2450 et
2321 2393 2456 2447 alias
2490 2402 2709 2461 quoque
2732 2385 3035 2441 divisiones
3088 2391 3420 2436 connectere
3455 2395 3470 2432 :
3504 2387 3631 2447 quae

2047 2498 2102 2542 et
2139 2487 2273 2558 ipsa:
2300 2485 2416 2555 pios
2450 2481 2802 2540 invadebant,
2825 2475 2920 2546 qui
2945 2489 3078 2530 sane
3096 2480 3287 2541 tropus
3315 2469 3458 2525 solet
3479 2467 3626 2522 acci-

2047 2582 2197 2638 dere.
2232 2578 2512 2650 Siquidem
2543 2574 2820 2630 Nicolaitre
2858 2585 2967 2624 non
2999 2565 3374 2639 proponebant
3420 2559 3630 2616 edenda

2049 2673 2374 2745 idolothyta,
2417 2671 2509 2725 scd
2531 2667 2635 2723 alia
2657 2676 2834 2721 tamen
2855 2663 3129 2718 habebant
3149 2673 3271 2728 qua:
3289 2656 3371 2711 vel
3387 2653 3634 2724 cogitare

2048 2777 2308 2823 extremae
2357 2761 2620 2818 foeditatis
2668 2765 2754 2813 est
2803 2771 2869 2811 ac
2898 2750 3215 2823 impietatis.
3241 2747 3506 2815 Quaenam
3529 2759 3634 2798 au-

2051 2870 2159 2917 tem
2194 2859 2283 2914 illa
2312 2857 2424 2912 sint
2445 2855 2760 2923 frequenter
2784 2865 2813 2904 a
2843 2847 3001 2903 nobis
3033 2846 3243 2900 dictum
3269 2851 3353 2896 est
3401 2839 3458 2894 in
3494 2837 3638 2892 libro

2049 2949 2325 3009 Panarion
2360 2939 2752 3002 demonstrari.
2809 2937 2919 2992 Nec
2979 2934 3034 2989 id
3065 2941 3273 2988 tantum
3313 2927 3640 2985 abominan—

2053 3045 2182 3100 dum
2214 3055 2336 3097 esse
2361 3044 2597 3095 testatur
2644 3034 2698 3088 in
2730 3029 2926 3087 haeresi
2980 3024 3401 3087 Nicolaitarum,
3455 3018 3550 3076 sed
3583 3028 3642 3073 et

2059 3136 2282 3206 ﬁngitur
2310 3145 2432 3187 esse
2465 3127 2810 3200 prophetissa
2839 3136 2962 3192 quae
3003 3131 3176 3189 pravo
3227 3115 3472 3185 agitatur
3526 3111 3642 3180 spi-

2059 3203 2186 3287 ritu,
2216 3223 2574 3289 divinumque
2624 3218 2829 3270 donum
2874 3211 3096 3267 vanitati
3141 3203 3546 3266 accommodat,
3581 3209 3644 3256 ut

2054 3315 2221 3368 etiam
2250 3310 2386 3365 Mosi
2415 3323 2524 3362 non
2576 3318 2769 3373 parere
2821 3295 3262 3369 deprehendatur
3321 3291 3416 3362 qui
3456 3297 3644 3360 aperte

2054 3406 2255 3460 clamat
2281 3421 2294 3456 :
2327 3420 2344 3454 ι
2372 3399 2493 3454 Νοιι
2515 3409 2764 3450 assumes
2784 3407 2983 3446 nomen
3006 3389 3097 3444 Dei
3112 3387 3188 3442 tui
3209 3387 3263 3439 in
3278 3398 3480 3438 vanum
3498 3383 3546 3414 τ’
3570 3398 3587 3448 ;
3617 3399 3637 3434 ι

2053 3509 2109 3551 et
2138 3511 2168 3550 a
2218 3490 2555 3548 beatitudine
2602 3486 2696 3540 Dei
2732 3481 2903 3554 patris
2929 3480 3109 3536 aliena
3135 3475 3467 3538 inveniatur,
3488 3489 3518 3526 a
3546 3487 3644 3540 spe

2056 3585 2151 3640 Dei
2180 3584 2467 3644 aberrans,
2518 3577 2655 3632 etin
2703 3572 3038 3649 vanitatibus
3088 3582 3153 3624 ac
3200 3564 3432 3620 insaniis
3488 3560 3646 3617 falsis

2058 3686 2172 3734 toto
2207 3673 2393 3728 animo
2425 3679 2782 3724 conversaris.

2134 3847 2200 3903 Et
2232 3846 2474 3901 seducere
2499 3855 2675 3895 servos
2706 3850 2870 3891 meos:
2907 3848 3006 3890 eos
3036 3831 3130 3901 qui
3161 3829 3216 3883 in
3249 3841 3465 3881 morum
3515 3825 3653 3882 sim-

2057 3939 2302 4011 plicitate
2331 3935 2535 4006 degunt
2563 3929 2832 3986 trahendo
2872 3941 2969 3997 per
2991 3937 3236 3979 errorem
3260 3920 3327 3974 ad
3355 3920 3652 3975 scortatio—

2060 4046 2210 4096 nem,
2239 4037 2294 4083 et
2325 4023 2716 4082 comestionem
2751 4033 2943 4074 eorum
2971 4031 3097 4086 quae
3125 4015 3291 4069 vetita
3320 4019 3470 4066 sunt.

2133 4119 2367 4188 Dcdiquc
2385 4116 2434 4171 ei
2466 4125 2689 4182 tempus.
2715 4110 2847 4180 Ego,
2883 4107 3082 4177 inquit,
3111 4104 3204 4174 qui
3239 4102 3367 4156 nolo
3416 4113 3650 4155 monem

2063 4211 2388 4286 peccatoris,
2416 4207 2510 4263 sed
2533 4203 2950 4261 conversionem
2977 4211 3188 4268 quaero,
3220 4193 3343 4248 dedi
3399 4193 3448 4247 ei
3506 4199 3650 4245 tem-

2062 4281 2167 4376 pus
2200 4297 2556 4374 paenitentiae,
2592 4294 2858 4349 ultionem
2904 4287 3124 4344 interim
3176 4281 3481 4338 diﬂ‘erendo
3513 4298 3527 4335 :
3557 4281 3650 4334 illa

2063 4375 2194 4452 vero
2227 4391 2517 4452 tolerantia
2551 4403 2672 4442 mea
2719 4384 2890 4440 abusa
2937 4391 3020 4437 est
3047 4380 3116 4434 ad
3157 4375 3649 4447 impmnitentiam,

374 4483 461 4544 είς
491 4480 764 4552 ἀμέλειαν
791 4480 1186 4554 ἑνευκαιροῦσα
1216 4481 1294 4552 τῷ
1333 4481 1565 4557 ὀλεθρίῳ
1613 4483 1804 4554 αὐτῆς,
1840 4483 1948 4536 ἀλλ’

2066 4487 2120 4542 ἱιι
2163 4485 2248 4542 sui
2299 4479 2606 4554 perditione
2645 4485 2936 4545 occupata,
2982 4487 3084 4528 nec
3140 4469 3374 4526 ﬁrmiter
3435 4467 3652 4522 haerens

375 4573 439 4631 οὐ
472 4573 572 4645 τῆς
593 4573 874 4644 σωτηρίας
909 4573 1250 4645 ἐπιστροφῆς
1283 4572 1455 4643 ἀπρὶξ
1483 4574 1744 4646 ἐχομένη.

451 4666 560 4720 Καί
591 4668 665 4720 οὐ
703 4666 864 4722 θέλει
889 4664 1285 4737 μετανοῆσαι.
1339 4664 1512 4719 Τοῦτο
1553 4665 1662 4736 γὰρ
1697 4665 1794 4720 ἆτε
1829 4664 1962 4731 Θεὸς

379 4759 707 4828 ἐπίσταμαι,
746 4758 826 4811 διὸ
862 4757 958 4812 καὶ
1002 4757 1238 4828 εἴρηται,
1277 4775 1296 4810 ι
1343 4757 1585 4822 Ἐτάζων
1611 4757 1841 4829 καρδίας
1869 4760 1964 4810 καὶ

381 4852 641 4921 νεφροὺς,
674 4852 702 4904 ό
727 4849 880 4913 Θεός.
918 4867 936 4900 ι
957 4850 1111 4903 Ἐπεὶ
1138 4846 1230 4904 οῦν
1263 4853 1333 4922 τῇ
1358 4849 1622 4926 δεδομένῃ
1650 4851 1786 4920 αὐτῇ
1825 4849 1964 4920 πρὸς

385 4943 678 5012 μετάνοιαν
696 4943 993 4996 ἀνέσειοῦκ
1019 4943 1313 5014 ἐχρήσατο,
1346 4940 1503 4996 Ἰδοὺ
1529 4940 1744 5007 ,βάλλω
1765 4942 1963 5011 αὐτὴν

379 5038 462 5101 είς
490 5035 732 5104 κλίνην·
756 5034 876 5088 ἀντὶ
909 5032 1024 5098 τοῦ,
1056 5035 1137 5096 είς
1179 5033 1514 5106 ἀρρωστίαν.
1568 5029 1692 5087 Οἵδε
1725 5035 1836 5108 γὰρ
1860 5035 1960 5106 τὴν

381 5129 575 5198 κλίνην
601 5129 636 5199 ἡ
665 5123 858 5198 Γραφὴ
903 5125 1013 5179 ἀπὸ
1039 5125 1139 5195 τῆς
1178 5123 1493 5198 ἀρρωστίας
1524 5124 1848 5196 λαμϐάνειν,
1885 5125 1964 5189 ὡς

381 5223 514 5274 ὅταν
553 5219 689 5290 λέγῃ
724 5234 738 5249 ·
784 5236 803 5270 ι
842 5216 1014 5286 Ὅλην
1039 5215 1138 5290 τὴν
1169 5215 1359 5288 κλίνην
1389 5215 1559 5269 αὐτοῦ
1601 5216 1872 5288 ἐστρεψας
1903 5219 1962 5271 ὲν

367 5313 450 5382 τῇ
481 5309 764 5383 ἀρρωστίᾳ
797 5307 985 5373 αὑτοῦ,
1029 5325 1047 5359 ι
1105 5307 1298 5377 κλίνην
1339 5307 1443 5378 τὴν
1493 5307 1652 5361 νόσον
1709 5308 1962 5376 φάσκων,

385 5398 826 5474 μεταϐεϐλῆσθαι
866 5400 960 5452 ἐπὶ
1012 5398 1075 5452 τδ
1117 5397 1350 5469 βέλτιον,
1384 5398 1553 5469 ἤγουν
1603 5399 1688 5462 είς
1721 5400 1959 5466 ὑγίειαν.

381 5492 570 5566 Αὐτὴν
601 5491 700 5560 μὲν
732 5484 824 5544 οῦν
852 5489 996 5544 οῦτω
1041 5487 1303 5545 κακώσω.
1334 5489 1478 5554 Τοὺς
1511 5488 1568 5543 δὲ
1602 5489 1963 5561 μοιχεύοντας

387 5584 511 5657 μετ’
538 5583 730 5656 αὐτῆς,
760 5584 886 5648 τοὺς
911 5583 1206 5654 συνεργοὺς
1237 5585 1331 5638 καὶ
1357 5583 1795 5655 συγκροτοῦντας
1819 5585 1973 5657 αὐτῇ,

459 5739 508 5778 ’³ο
532 5739 679 5819 Psal.
713 5759 798 5808 cv,
824 5744 914 5801 59.
991 5743 1030 5774 τι
1073 5758 1278 5800 acrem.
1315 5759 1392 5811 ιιι,
1417 5742 1470 5798 9.

2062 4572 2491 4636 censiderationi
2530 4585 2645 4627 sua:
2679 4569 2900 4625 salutis.

2136 4669 2206 4728 Et
2228 4683 2330 4727 non
2357 4665 2468 4720 vult
2498 4663 2825 4734 resipiscere.
2860 4657 2997 4712 Nam
3030 4656 3136 4711 hoc
3196 4662 3455 4724 tanquam
3507 4650 3654 4707 Deus

2063 4773 2376 4832 cognosco:
2409 4756 2616 4811 idcirco
2641 4753 2806 4808 etiam
2841 4750 3049 4804 dictum
3081 4757 3186 4815 est,
3215 4765 3232 4798 ι
3274 4744 3542 4800 Scrutaris
3564 4759 3655 4797 re-

2065 4869 2164 4908 nes
2190 4863 2242 4906 et
2260 4849 2428 4905 corda
2461 4848 2607 4903 Deus
2637 4845 2703 4900 ⁷³.
2744 4863 2762 4896 ι
2805 4841 2970 4914 673
3013 4838 3284 4907 Quoniam
3329 4837 3495 4907 igitur
3524 4836 3656 4889 dato

2065 4944 2168 5014 ipsi
2200 4942 2377 5012 spatio
2404 4941 2470 4994 ad
2489 4935 2869 5010 paenitentiam
2903 4939 3119 4987 nonest
3149 4945 3269 4995 usa,
3321 4927 3457 4981 Ecce
3489 4927 3651 4980 mitto

2068 5054 2185 5092 eam
2217 5037 2270 5091 in
2299 5035 2512 5098 lectum,
2545 5033 2648 5088 hoc
2679 5037 2782 5095 est,
2813 5029 2868 5083 in
2892 5025 3292 5095 aegritudinem.
3327 5022 3479 5077 Solet
3507 5020 3654 5075 enim

2072 5127 2354 5192 Scriptura
2384 5123 2583 5178 lectum
2609 5121 2679 5175 ab
2708 5117 3082 5176 imbecillitate
3110 5115 3379 5183 accipere,
3423 5123 3483 5166 ut
3528 5127 3656 5167 cum

2067 5217 2289 5282 dixerit,
2335 5233 2354 5268 ι
2397 5212 2720 5268 Universum
2755 5209 2950 5263 lectum
2990 5206 3112 5275 ejus
3148 5203 3355 5258 venisti
3398 5203 3451 5256 in
3503 5200 3656 5254 infir-

2070 5311 2257 5365 mitate
2285 5307 2406 5377 ejus
2427 5306 2497 5369 ⁷⁵,
2539 5321 2558 5356 ι
2597 5303 2798 5357 lectum
2826 5299 3016 5355 dicens
3047 5294 3322 5358 morbum,
3341 5302 3396 5347 et
3436 5307 3654 5347 versum

2065 5417 2186 5457 esse
2218 5400 2271 5455 in
2304 5398 2498 5453 melius
2521 5395 2636 5452 sive
2662 5394 2727 5449 ad
2768 5392 3082 5448 sanitatem.
3119 5388 3296 5457 ipsam
3325 5386 3510 5454 itaque
3537 5399 3658 5439 ma-

2066 5492 2133 5547 lis
2173 5490 2421 5546 alliciam.
2471 5489 2579 5543 Eos
2619 5500 2749 5541 vero
2794 5482 3046 5554 quicum
3101 5493 3163 5534 ea
3198 5475 3652 5539 commiscentur,

2066 5583 2121 5641 id
2154 5593 2262 5648 est,
2306 5581 2402 5653 qui
2437 5587 2806 5652 cooperantur
2827 5583 2882 5632 et
2903 5571 3111 5630 auxilio
3149 5577 3280 5628 sunt
3319 5566 3388 5624 ad
3447 5564 3661 5624 abomi-

1578 5745 1620 5774 "
1652 5742 1820 5801 Exod.
1853 5760 1942 5809 xx,
1971 5746 2024 5800 7.
2101 5743 2146 5775 ⁷³
2183 5743 2328 5799 Psal.
2350 5757 2450 5806 vn.
2479 5739 2561 5798 l0.
2639 5740 2685 5771 ”
2716 5737 2860 5795 Psal.
2893 5751 2981 5800 ιι..
3007 5734 3059 5791 ι.
