4110 6434
612 331 717 394 513

1443 331 1771 392 ΑΒΕΤΠΞΕ
1805 331 2183 393 ΟῈὸΛΒΕίΕ
2219 331 2698 397 CAPPADOCUE
2732 334 3074 397 EPISCOPI

3786 336 3880 401 544

610 444 789 500 nanda
848 444 1100 516 fmdaquc
1146 447 1424 517 dogmata,
1471 445 1876 499 calamitatibus
1933 446 2186 515 aﬂligam.

2293 450 2361 502 τά
2394 448 2624 520 βδελυρὰ
2654 452 2751 503 καὶ
2779 450 3093 521 βορϐορώδη
3142 449 3420 519 δόγματα,
3451 448 3552 503 διά
3597 455 3881 523 συμφορῶν

611 536 782 592 Filios
814 554 942 592 vero
967 539 1337 605 (successores
1389 538 1705 605 huiusmodi
1758 538 2185 592 abominationis

610 630 888 698 app-llans
948 631 1113 699 ﬁlios)
1150 631 1203 683 in
1260 638 1513 694 mortem,
1547 629 1740 697 inquit,
1798 631 2179 685 transmittam.

610 719 678 773 Et
705 721 826 774 illos
852 719 1069 790 quidem
1103 722 1174 773 ita
1218 721 1483 799 tractabo.
1536 720 1708 774 Porro
1774 721 1931 775 vobis
1984 722 2184 790 quibus

610 813 746 865 nihil
771 827 1056 865 commune
1078 820 1163 866 est
1189 827 1311 867 cum
1338 813 1604 878 adultera,
1656 828 1780 868 cum
1815 814 2183 882 simpliciores

608 903 751 962 sitis.
779 910 834 956 et
852 904 920 957 ob
951 919 1163 957 morum
1199 905 1606 975 simplicitatem
1641 906 1693 959 in
1737 907 2046 961 innocentia
2068 923 2186 961 am-

605 991 799 1046 bulare
828 993 880 1046 in
912 995 1093 1049 medio
1121 996 1315 1051 domus
1346 1008 1539 1052 vestrae
1572 998 1701 1053 dicti
1727 1000 1882 1062 estis,
1922 999 2183 1067 quoniam

594 1100 713 1138 .non
743 1093 827 1140 est
848 1084 1109 1142 fortitudo
1139 1105 1260 1157 quae
1291 1090 1427 1144 adeo
1447 1091 1604 1146 malis
1625 1100 1679 1145 et
1698 1091 2025 1162 loquacitate
2045 1108 2185 1161 pra:-

590 1176 754 1242 -ditis,
791 1177 844 1231 in
879 1179 1118 1234 versutia
1172 1182 1465 1236 verborum
1525 1193 1709 1251 posset
1740 1198 2044 1254 repugnare
2077 1202 2090 1238 :
2128 1192 2183 1241 et

603 1266 773 1321 veluti
811 1268 905 1337 qui
940 1269 1206 1335 profunda
1249 1272 1395 1327 illius
1420 1272 1642 1341 maligni
1673 1283 1730 1327 ut
1755 1274 1967 1338 dicunt,
2013 1285 2068 1329 et
2096 1275 2185 1328 in-

592 1354 771 1429 ‘sidias
812 1356 984 1424 ipsius
1014 1373 1121 1411 non
1166 1360 1417 1425 novistis,
1447 1360 1620 1425 vobis,
1668 1364 1914 1431 inquam,
1972 1363 2183 1417 nullum

604 1447 818 1514 pondus
843 1448 1285 1518 superimponam
1323 1468 1338 1504 :
1378 1452 1588 1518 pondus
1636 1460 1816 1509 autem
1868 1461 2027 1506 vocat
2082 1469 2182 1522 pu-

2289 537 2478 607 Ολίψω.
2536 539 2618 592 Τά
2662 541 2829 594 τέκνα
2881 541 2939 593 δὲ
2999 540 3189 611 (τέκνα
3247 543 3381 603 τοὺς
3434 540 3730 608 διαδόχους
3788 545 3880 612 τῆς

2287 629 2543 699 τοιαύτης
2590 629 2878 697 ὀνομάζων
2912 630 3220 700 βδελυρίας)
3246 631 3702 700 θανάτῳνφησὶ.
3735 650 3882 700 μετε-

2288 719 2574 787 λεύσομαι.
2606 721 2912 783 Κάκείνους
2958 721 3058 790 μὲν
3105 722 3297 785 οὕτως.
3351 722 3534 791 ’Υμῖν
3593 722 3652 775 δὲ
3686 718 3769 785 οἷς
3800 727 3882 777 οὐ.

2285 811 2376 863 δὲν
2429 811 2610 865 κοινὸν
2643 811 2782 880 πρὸς
2836 811 2935 880 τὴν
2997 812 3287 879 μοιχαλίδα
3344 811 3765 878 ἁπλουστέροις
3823 831 3878 865 τε

2288 898 2460 966 οὖσιν,
2502 901 2592 957 καί
2620 902 2708 955 διὰ
2740 901 2961 971 τρόπων
2996 901 3274 970 ἁπλότητα
3305 903 3369 953 ἐν
3415 901 3641 971 ἀκακία
3668 903 3881 972 πορεύε-

2292 994 2416 1048 σθαι
2439 994 2667 1062 καρδίας
2690 995 2754 1046 ἐν
2788 992 2940 1063 μέσῳ
2959 992 3054 1046 τοῦ
3080 994 3232 1047 οῖκου
3261 994 3423 1063 ὑμῶν
3458 995 3878 1063 προῃρημένας,

2287 1085 2519 1154 ἐπείπερ
2559 1086 2659 1139 οὐκ
2692 1085 2840 1138 ἐστιν
2877 1085 3032 1154 ἰσχὺς
3064 1086 3201 1155 πρὸς
3248 1086 3382 1147 τοὺς
3423 1083 3579 1137 οὕτω
3618 1086 3878 1154 πονηροὺς

2289 1176 2385 1228 καὶ
2412 1175 2796 1245 εὑρεσιλόγους
2820 1178 2888 1246 τῇ
2921 1175 3232 1247 πανουργίᾳ
3259 1176 3372 1228 τῶν
3416 1175 3607 1242 λόγων
3633 1176 3879 1230 ἀντικαθ-

2293 1263 2562 1328 ίστασθαι,
2608 1265 2705 1320 ἅτε
2764 1266 2859 1318 καὶ
2899 1265 2966 1319 τὰ
3014 1266 3152 1334 βάθη
3194 1264 3290 1318 τοῦ
3338 1264 3603 1335 πονηροῦ
3650 1266 3745 1323 καὶ
3790 1268 3877 1329 τὰς

2278 1355 2569 1425 ίμεθοδείας
2602 1354 2807 1421 αὐτοῦ,
2876 1356 2953 1420 ῶς
3011 1373 3170 1425 φατε,
3218 1357 3293 1426 μὴ
3336 1356 3684 1422 ἐγνωκόσιν,
3738 1358 3875 1410 οὐδὲν

2287 1449 2539 1518 ἐπιθήσω
2570 1449 2737 1519 βάρος
2778 1450 2938 1519 φησὶ,
2996 1450 3185 1520 (βάρος
3213 1450 3271 1503 δὲ
3298 1450 3411 1519 τὴν
3446 1449 3544 1501 διὰ
3573 1449 3689 1500 τῶν
3714 1448 3873 1516 λόγων

602 1554 764 1608 gnam
793 1540 1080 1595 verborum
1118 1560 1131 1595 :
1170 1540 1403 1608 SulIicit,
1466 1542 1661 1611 inquit,
1723 1543 1854 1597 mihi
1878 1544 2184 1613 exploratio

2292 1540 2473 1611 μάχην
2503 1542 2713 1611 φησίν).
2752 1542 2961 1611 Ἀρκεῖ,
2988 1542 3179 1611 φησὶν,
3207 1542 3335 1610 ἐμοὶ
3357 1540 3426 1593 τὸ
3460 1538 3557 1592 διὰ
3581 1540 3692 1593 τῶν
3711 1539 3872 1607 ἐργων

601 1628 895 1711 diligenter
929 1638 1144 1697 peracta
1182 1644 1282 1698 per
1328 1644 1515 1699 opera,
1569 1645 1632 1684 ex
1697 1630 1943 1684 custodia
1994 1644 2181 1684 eorum

2285 1635 2533 1704 δοκίμιον
2574 1638 2638 1689 ἐκ
2671 1635 2918 1705 φυλακῆς
2946 1635 3055 1687 τῶν
3094 1634 3154 1698 ἐξ
3192 1636 3373 1705 ἀρχῆς
3409 1630 3870 1704 παραδεδομένων

599 1734 723 1789 qum
753 1720 908 1773 vobis
944 1720 1014 1773 ab
1050 1720 1205 1773 initio
1237 1721 1434 1774 tradita
1484 1720 1720 1775 fuerant.

2288 1727 2419 1797 ὑμῖν
2454 1727 2699 1795 ἀκριϐῶς
2732 1726 3193 1796 κατορθούμενον.

677 1809 801 1864 Nisi
842 1811 1200 1878 pamitentiam
1235 1811 1456 1877 egerint.
1493 1810 1550 1864 ln
1588 1812 1752 1877 minis
1781 1826 1997 1880 quoque
2029 1810 2184 1866 beni-

2371 1798 2525 1873 ‘Ear‘
2569 1820 2654 1887 μὴ
2701 1819 3188 1887 μετανοήσωσιν.
3243 1818 3355 1872 Καὶ
3444 1818 3507 1867 ἐν
3562 1816 3630 1884 τῇ
3690 1814 3868 1883 ἀπειλῇ

601 1902 780 1971 gnitas
832 1902 1194 1971 conspicitur.
1240 1902 1431 1973 Neque
1469 1903 1615 1957 enim
1661 1905 1913 1972 protinus
1962 1903 2182 1971 dignam

2287 1910 2605 1979 χρηστότης
2651 1910 3024 1978 ἐνθεωρεῖται.
3073 1908 3149 1961 Οὐ
3198 1907 3310 1978 γὰρ
3364 1906 3574 1971 ἐπάγει
3620 1904 3866 1974 ἀμελλητὶ

598 1992 763 2048 infert
793 1994 1056 2048 ultionem
1080 2035 1095 2059 ,
1136 1996 1228 2049 sed
1259 1995 1520 2063 impetum
1551 1994 1998 2049 terriculamento
2026 1993 2186 2055 attol-

592 2085 681 2150 lit,
718 2099 830 2162 quo
861 2086 1105 2156 urgendo
1134 2095 1293 2142 eruat
1318 2088 1724 2161 paenitentiam.

666 2266 739 2319 Et
774 2276 1085 2337 cognoscent
1116 2284 1294 2322 onines
1328 2267 1604 2322 Ecclesiw.
1634 2268 1773 2334 Quia
1811 2268 2049 2324 haeretici
2090 2285 2186 2325 oc-

594 2358 739 2413 culte
772 2359 1133 2414 abominanda
1167 2367 1403 2429 patrant,
1428 2375 1549 2430 qua:
1570 2360 1820 2414 videlicet
1859 2360 2022 2431 vulgo
2054 2362 2183 2416 abs‘

594 2446 817 2503 condita
883 2458 1014 2503 sunt
1066 2467 1079 2502 :
1129 2448 1261 2503 latet
1307 2450 1453 2503 enim
1506 2450 1692 2504 ﬁdeles
1746 2449 1891 2518 quod
1949 2450 2023 2503 illi
2082 2450 2185 2503 sub

593 2536 1034 2592 Christianorum
1110 2538 1406 2594 vocatione
1471 2540 1849 2602 occultentur,
1929 2556 2028 2610 ego
2089 2540 2182 2610 qui

594 2624 922 2694 deprehendi
944 2663 960 2691 ,
992 2638 1179 2680 notum
1214 2626 1412 2681 faciam
1449 2627 1709 2682 omnibus
1744 2626 2008 2683 Ecclcsiis
2038 2630 2183 2698 quod

592 2730 695 2785 ego
727 2716 817 2770 ille
850 2716 966 2785 ipse
1001 2717 1104 2773 sim
1139 2720 1231 2787 qui
1282 2734 1441 2773 renes
1472 2728 1526 2773 et
1560 2720 1725 2773 corda
1758 2730 2035 2773 scrutatur
2067 2738 2079 2773 :
2115 2718 2184 2775 de

590 2809 880 2878 quoetiam
903 2809 979 2863 ait
999 2810 1169 2864 Isaias
1196 2813 1239 2845 ⁷⁸
1264 2830 1274 2864 :
1317 2830 1334 2861 ‹
1357 2811 1734 2866 Occultabitur
1762 2812 1815 2865 in
1839 2812 2181 2878 abscondito,

591 2911 648 2958 ct
673 2899 789 2971 ipse
817 2916 925 2956 non
959 2903 1178 2959 videbit.
1204 2905 1399 2959 Annon
1428 2905 1628 2961 cmlum
1662 2917 1715 2961 ct
1744 2915 1942 2961 terram
1962 2919 2061 2973 ego
2086 2903 2185 2956 im-

582 2993 739 3063 ,pleo,
780 2994 914 3050 dicit
955 2994 1260 3052 Dominus?
1292 3017 1310 3048 ι
1344 2997 1615 3063 Quoniam
1672 2998 1834 3067 igitur
1879 2998 1993 3051 haec
2018 2997 2090 3049 ita
2125 3010 2183 3050 se

2284 1999 2384 2069 τὴν
2418 1997 2575 2063 ἀξίαν
2604 1999 2896 2066 τιμωρίαν,
2927 1999 3062 2053 ἀλλὰ
3095 1997 3425 2067 μετεωρίζιι
3452 1996 3559 2065 τὴν
3586 1994 3867 2062 ἐπαγωγὴν

2290 2088 2671 2158 μορμολυκείῳ
2729 2086 2919 2160 ὥσπερ
2972 2086 3385 2160 ἐπισπάσασθαι
3437 2086 3542 2155 τὴν
3592 2088 3864 2155 μετάνο.αν

2285 2179 2644 2247 κατεπείγων.

2358 2270 2467 2323 Καὶ
2516 2272 2852 2339 γνώσονται
2894 2269 3082 2325 πᾶσαι
3128 2270 3189 2322 αἱ
3241 2265 3626 2334 Ἐκκλησίαι.
3675 2264 3768 2318 Διά
3812 2263 3861 2315 τὸ

2286 2362 2531 2432 κρυφίως
2565 2362 2691 2425 τοὺς
2724 2360 3055 2433 αἰρεσιὼτας
3086 2361 3154 2412 τά
3198 2357 3438 2429 βδελυρὰ
3481 2356 3773 2427 πράττειν,
3802 2354 3862 2404 τὰ

2284 2453 2528 2523 δηλονότι
2554 2454 2885 2506 λανθάνοντα
2919 2453 3043 2515 τοὺς
3084 2450 3313 2511 πολλοὺς
3342 2448 3642 2520 (λανθάνει
3670 2445 3725 2498 δὲ
3750 2444 3858 2506 τοὺς

2286 2546 2512 2607 πιστοὺς
2541 2544 2645 2597 ὑπὸ
2682 2547 2749 2614 τῇ
2785 2543 3127 2613 Χριστιανῶν
3158 2541 3351 2611 κλήσει
3394 2537 3859 2608 ἐναφανιζομένων

2287 2633 2575 2703 ἐκείνων),
2620 2632 2732 2700 ἐγὼ
2780 2633 3061 2701 φωράσας,
3102 2632 3303 2700 γνῶσιν
3344 2632 3472 2693 ταῖς
3527 2626 3855 2695 Ἐκκλησίαις

2287 2722 2554 2793 παράσχω
2597 2723 2832 2787 πάσαις,
2864 2724 2945 2775 ὅτι
2982 2723 3189 2785 ἐκεῖνος
3221 2716 3373 2784 οὗτός
3404 2722 3549 2790 εἰμι,
3589 2722 3618 2773 ὁ
3646 2719 3857 2787 νεφροὺς

2286 2812 2524 2882 ἐρευνῶν
2570 2814 2665 2866 καὶ
2710 2812 2957 2882 καρδίαψ
3011 2813 3141 2883 περὶ
3184 2806 3246 2867 οὗ
3286 2813 3385 2865 καὶ
3439 2813 3674 2874 Ἡσαΐας
3716 2806 3850 2876 φησί·

2292 2924 2312 2957 ι
2355 2903 2703 2975 Κρυὸήσεται
2743 2907 2802 2959 ὲν
2829 2909 3053 2976 κρυφῇ,
3088 2908 3180 2960 καὶ
3214 2907 3380 2969 αὐτὸς
3421 2907 3527 2959 οὐκ
3561 2905 3763 2974 ὄψεται.
3794 2902 3851 2953 Ἦ

2286 2996 2405 3065 οὐχὶ
2443 2996 2533 3048 τὸν
2554 2995 2783 3066 οὐρανὸν
2816 2998 2910 3050 καὶ
2936 2998 3034 3068 τὴν
3066 2998 3169 3065 γῆν
3202 2996 3311 3063 ἐγὼ
3340 2997 3563 3067 πληρῶ,
3592 2995 3733 3063 λέγει
3757 2992 3851 3045 Κύ-

590 3084 814 3151 habent,
845 3089 1141 3159 unicuique
1172 3092 1467 3158 rependam
1502 3090 1809 3147 mercedem
1846 3105 1959 3143 suae
1991 3087 2184 3156 nequi—

2297 3105 2442 3158 ριοςη;
2490 3106 2508 3139 ι
2573 3088 2728 3139 Ἐπεὶ
2768 3088 2947 3141 τοίνυν
2987 3086 3162 3140 ταῦτα
3203 3087 3380 3150 οὕτως
3413 3087 3564 3157 ἔχει,
3604 3082 3849 3151 κατάλλη-

582 3176 682 3231 tiae
698 3178 973 3235 ,debitam.

667 3358 737 3425 II,
771 3358 965 3415 24-29.
1017 3356 1173 3412 Vobis
1215 3366 1389 3411 autem
1422 3357 1540 3410 dico
1572 3366 1619 3409 ct
1652 3358 1851 3410 ueteris
1893 3358 1981 3425 qui
2014 3356 2188 3427 Thya—

590 3454 710 3507 tira:
738 3460 881 3517 sunt,
908 3458 1162 3520 quotquot
1196 3466 1297 3504 non
1330 3450 1517 3502 habent
1551 3449 1684 3500 hanc
1716 3449 2037 3511 doctrinam,
2068 3448 2188 3518 qni-

585 3558 688 3612 que
738 3558 841 3595 non
882 3550 1228 3610 cognoverunt
1281 3541 1668 3607 profunditates
1718 3541 1973 3607 Satanaz,
2026 3544 2187 3595 veluti

588 3632 794 3694 dicunt,
833 3629 955 3683 Non
989 3632 1199 3682 mittant
1228 3630 1394 3700 674
1422 3648 1579 3699 super
1619 3648 1705 3684 vos
1752 3634 1900 3684 aliud
1927 3630 2183 3699 pondus;

596 3732 777 3774 tamen
821 3722 877 3774 id
921 3724 1061 3789 quod
1094 3720 1297 3773 habetis
1331 3730 1495 3773 tenete
1525 3723 1687 3775 donec
1721 3724 1945 3775 veniam.
1996 3723 2063 3775 Et
2096 3725 2185 3792 qui

590 3812 779 3865 vicerit
804 3821 853 3865 et
890 3812 1201 3865 custodierit
1235 3826 1399 3878 usque
1421 3814 1472 3863 in
1499 3813 1657 3880 ﬁnem
1687 3830 1845 3880 opera
1877 3831 2011 3875 mea,
2038 3815 2181 3867 dabo

572 3903 689 3971 ipsi
712 3912 1024 3971 potestatem
1054 3920 1212 3971 super
1240 3912 1436 3973 gentes,
1463 3912 1511 3956 et
1546 3913 1681 3972 reget
1711 3919 1797 3956 eas
1826 3905 1877 3956 in
1904 3906 2048 3973 virga
2077 3905 2183 3972 fer-

589 4010 680 4046 rea
716 4008 734 4045 :
769 4003 826 4046 ut
858 4010 980 4047 vasa
1002 3994 1195 4063 ﬁctilia
1223 4003 1578 4047 conterentur.
1618 3993 1766 4048 Sicut
1798 4006 1845 4049 et
1880 4013 1971 4066 ego
1999 3999 2179 4067 accepi

576 4102 622 4147 ,α
666 4084 825 4139 Patre
862 4101 994 4151 meo,
1029 4095 1076 4139 et
1122 4084 1257 4140 dabo
1308 4087 1407 4152 ipsi
1452 4086 1660 4141 stellam
1701 4090 2181 4155 matutinamrQui

587 4177 741 4233 habet
775 4194 979 4245 aurem,
1003 4180 1187 4233 audiat
1210 4178 1337 4248 quid
1369 4177 1603 4249 Spiritus
1636 4180 1783 4234 dicat
1815 4180 2088 4235 Ecclesiis.

657 4436 763 4493 Ubi
782 4438 1126 4494 denuntiavit
1146 4455 1592 4509 umnnquemqnc
1623 4442 1707 4496 sui
1733 4442 1936 4499 laboris
1955 4445 2172 4514 dignam
2200 4436 2254 4495 D

574 4520 770 4584 isorliri
816 4532 1263 4592 retributionem.
1323 4533 1605 4601 subjungit
1654 4550 1872 4605 quoque
1915 4536 2174 4606 deinceps

588 4623 644 4676 in
676 4623 879 4692 quibus
924 4625 1058 4677 dans
1102 4638 1322 4691 operam
1391 4636 1761 4693 consequetur
1805 4627 1855 4679 id
1903 4628 2049 4697 quod
2087 4629 2174 4681 di-

588 4729 754 4782 gnum
808 4723 912 4767 est.
956 4712 1059 4779 Qui
1097 4714 1261 4782 igitur
1310 4731 1418 4768 non
1463 4715 1665 4769 habent
1706 4732 1992 4771 erroneam
2037 4720 2177 4773 hanc

588 4803 968 4858 haereticorum
1000 4804 1327 4869 doctrinam,
1357 4806 1477 4870 hos,
1512 4806 1711 4875 inquit,
1738 4823 1838 4878 ego
1870 4809 2175 4878 suscipiens

586 4902 876 4950 c0ntentus
904 4911 999 4949 ero
1032 4896 1345 4964 incorrupta
1391 4897 1771 4952 observatione
1804 4898 2169 4968 simplicitatis

587 5002 751 5056 quam
786 4996 1134 5056 acceperunt,
1163 5003 1230 5041 ex
1252 5001 1361 5054 quo
1391 4987 1555 5041 etiam
1583 4987 1981 5058 profunditates
2014 4991 2169 5061 igno-

588 5094 714 5132 rare
754 5077 969 5132 Satanae
1008 5078 1237 5132 omnino
1286 5080 1537 5133 convenit
1587 5079 1703 5142 eis,
1744 5082 1910 5134 veluti
1958 5082 2165 5137 dicunt.

586 5170 811 5225 Pondus
842 5185 970 5225 vero
1002 5168 1136 5223 dicit
1180 5170 1482 5225 molestiam
1516 5187 1638 5240 qua:
1674 5187 1738 5226 ex
1774 5173 2000 5228 verbosa
2035 5191 2168 5229 con-

589 5263 831 5317 tentione
864 5261 1142 5316 inducitur
1191 5262 1333 5316 inter
1376 5278 1472 5317 eos
1518 5265 1607 5333 qui
1650 5274 1895 5333 pugnant
1924 5268 2101 5321 verbis
2152 5285 2165 5320 :

588 5369 807 5408 servum
849 5363 1030 5406 autem
1068 5352 1281 5405 Domini
1315 5368 1421 5406 non
1455 5363 1668 5422 oportet
1697 5371 1955 5426 pugnare.
2000 5358 2168 5426 Digna

588 5445 959 5501 comminatus
1002 5442 1266 5514 supplicia
1305 5443 1389 5499 his
1424 5445 1515 5514 qui
1550 5448 1810 5502 obscaena
1851 5461 2170 5519 operantur,

576 5532 655 5592 ad
684 5554 780 5595 eos
808 5536 1067 5593 transfert
1098 5551 1404 5592 sermonem
1429 5542 1522 5609 qui
1557 5541 1942 5612 simpliciorcm
1970 5544 2173 5608 degunt

663 5719 709 5754 ’³
739 5719 854 5775 lmo
889 5717 1176 5783 Jcremias,
1200 5733 1363 5781 Διιιιη,
1391 5719 1501 5793 21η
1612 5760 1625 5778 ο

2292 3181 2382 3232 λον
2414 3180 2627 3249 ἑκάστῳ
2658 3179 2760 3248 τῆς
2792 3178 2997 3235 οἰκείας
3020 3179 3413 3249 φιλο-πονηρίας
3442 3180 3540 3233 καὶ⁸
3565 3178 3654 3231 τὸν
3682 3173 3849 3245 μισθὸν

2290 3270 2696 3339 ἐπιϐραϐεύσω.

2375 3360 2541 3430 Ὑμῖν
2572 3360 2643 3412 δὲ
2680 3359 2853 3430 λέγω,
2897 3358 2998 3413 και
3027 3360 3151 3426 τοῖς
3196 3360 3437 3425 λοιποῖς
3466 3359 3592 3424 τοῖς
3618 3357 3686 3411 ἐν
3721 3357 3849 3408 Ova-

2288 3451 2543 3517 τείροις,
2582 3449 2715 3503 ὅσοι
2759 3451 2872 3502 οὐκ
2917 3448 3132 3517 ἔχουσι
3164 3448 3277 3516 τὴν
3320 3447 3586 3515 διδαχὴν
3625 3446 3845 3508 ταύτην.

2286 3542 2503 3604 οἵτινες
2537 3540 2647 3591 οὐκ
2689 3538 2963 3607 ἔγνωσαν
2995 3541 3067 3591 τὰ
3098 3538 3290 3602 ,βαθέα
3341 3538 3454 3591 τοῦ
3488 3533 3719 3590 Σατανᾶ
3738 3574 3751 3597 ,
3782 3532 3847 3594 ὡς

2286 3633 2576 3702 λέγουσιν
2605 3648 2619 3662 °
2664 3634 2747 3686 Οὐ
2798 3631 3016 3697 ,βάλλω
3085 3631 3178 3700 ἐφ’
3226 3631 3385 3699 ὑμᾶς
3451 3631 3609 3684 ἄλλο
3655 3627 3843 3693 βάροςι

2287 3724 2462 3790 Πλὴν
2506 3722 2537 3775 ὃ
2576 3723 2745 3789 ἔχετε
2782 3722 3127 3789 κρατήσατε
3156 3722 3328 3789 ἄχρις
3353 3717 3427 3778 οὗ
3475 3720 3553 3774 ἂν
3582 3718 3723 3784 ἥξω.
3754 3713 3844 3767 Καὶ

2270 3819 2319 3871 ,ό
2356 3815 2542 3868 νικῶν
2589 3815 2685 3867 καὶ
2733 3818 2766 3868 ό
2798 3813 2994 3881 τηρῶν
3022 3814 3160 3883 ἄχρι
3201 3813 3422 3879 τέλους
3460 3813 3533 3865 τὰ
3562 3812 3699 3879 ἔργα
3719 3823 3840 3875 μου.

2285 3904 2456 3959 δώσω
2499 3903 2659 3969 αὐτῷ
2684 3905 2974 3968 ἐξουσίαν
3000 3904 3096 3956 ἐπὶ
3130 3903 3247 3956 τῶν
3272 3902 3499 3967 ἐθνῶν,
3530 3900 3627 3952 καὶ
3655 3910 3819 3962 ποιμα

2284 3996 2382 4049 νεῖ
2405 3996 2628 4061 αὐτοὺς
2668 3996 2737 4047 ἐν
2771 3994 2973 4062 ῥάϐδῳ
3022 3990 3243 4063 σιδηρᾷ
3270 4010 3282 4023 ·
3334 3995 3416 4059 ὡς
3460 3994 3531 4046 τὰ
3563 3990 3744 4051 σκεύη
3784 3982 3844 4036 τὰ

2282 4088 2568 4157 κεραμικὰ
2602 4087 3089 4155 συντριϐήσεται.
3137 4087 3234 4154 Ὡς
3268 4086 3431 4154 κάγὼ
3459 4086 3680 4151 εἴληφα
3704 4077 3842 4143 παρὰ

2282 4181 2389 4234 τοῦ
2418 4181 2650 4248 Πατρός
2672 4197 2813 4247 μου,
2850 4180 2946 4233 καὶ
2981 4177 3152 4231 δώσω
3180 4179 3340 4242 αὐτῷ
3368 4178 3475 4231 τὸν
3506 4172 3722 4239 ἀστέρα
3751 4166 3841 4219 τὸν

2282 4274 2561 4341 πρωτνόν.
2618 4273 2672 4325 '0
2702 4273 2860 4338 ἔχων
2891 4267 3023 4336 οὖς.
3062 4268 3383 4325 ἀκουσάτω
3424 4268 3483 4322 τί
3516 4266 3581 4321 τὸ
3624 4260 3841 4327 Πνεῦμα

2278 4363 2441 4432 λέγει
2474 4362 2602 4427 ταῖς
2646 4362 3057 4428 Ἐκκλησίαις.

2363 4453 2863 4523 Ἐπαγγειλάμενος
2895 4452 3127 4506 ἕκαστον
3148 4450 3244 4504 τοῦ
3264 4450 3471 4503 οίκείου
3504 4448 3668 4501 κόπου
3699 4440 3834 4503 ἀξίας

2278 4546 2573 4615 τυγχάνειν
2641 4545 2743 4613 τῆς
2803 4542 3162 4606 ἀντιδόσεως.
3236 4543 3487 4614 ἐπιφέρει
3546 4534 3719 4601 λοιπὸν
3756 4527 3834 4580 καὶ

2277 4640 2412 4708 πρδς
2451 4637 2486 4691 ἃ
2538 4636 2637 4706 τὴν
2694 4635 2958 4704 ἐργασίαν
3012 4632 3335 4704 ἀπασχολῶν
3392 4631 3489 4685 τοῦ
3537 4627 3654 4683 κατ’
3696 4622 3834 4686 ἀξίαν

2275 4730 2545 4793 τεύξεται.
2596 4729 2721 4790 Τοῖς
2753 4722 2846 4780 οὖν
2885 4727 2985 4780 οὐκ
3023 4726 3207 4797 ἔχουσι
3243 4726 3341 4795 τὴν
3388 4726 3595 4792 πλάνην
3638 4713 3832 4782 διδαχὴν

2275 4819 2384 4872 τῶν
2430 4818 2853 4889 αίρετιζόντων,
2886 4817 3108 4877 τούτους
3160 4815 3591 4884 ἀποδεχόμενος,
3648 4802 3829 4874 φησιν’

2290 4908 2728 4980 Ἀρκεσθήσομαι
2755 4910 2821 4977 τῇ
2857 4907 3150 4977 ἀλυμάντῳ
3179 4906 3501 4975 διατηρήσει
3524 4899 3612 4953 τοῦ
3645 4890 3828 4990 cella:

2272 5002 2365 5055 60v
2402 5000 2664 5054 ἁπλοῖκοῦ
2686 5040 2700 5063 ,
2751 5002 2845 5070 ἀφ’
2890 4994 2951 5052 οὗ
2986 5001 3079 5053 καὶ
3107 4999 3175 5052 τά
3224 4998 3364 5068 βάθη
3410 4996 3620 5064 ἀγνοεῖν
3659 4987 3720 5039 τὰ
3747 4987 3825 5070 τον

2273 5092 2493 5147 Σατανᾶ
2524 5068 2811 5159 περίεστιν
2849 5091 3066 5154 αὐτοῖς,
3104 5089 3179 5153 ὼς
3206 5089 3445 5152 λέγουσι.
3488 5084 3655 5153 Βάρος
3679 5075 3747 5135 δὲν
3776 5068 3825 5120 τὸ

2278 5183 2386 5237 ἀπὸ
2447 5185 2544 5253 τῆς
2598 5181 2931 5252 λογομαχίας
2982 5181 3411 5250 ἐπεισαγόμενον
3459 5179 3566 5239 τοῖς
3617 5172 3823 5236 λογομα·

2279 5274 2466 5345 χοῦσιν
2500 5275 2749 5344 ὀχληρὸν.
2783 5273 2979 5327 Δοῦλον
3007 5274 3063 5326 δὲ
3113 5274 3319 5343 Κυρίου
3354 5273 3415 5325 οὐ
3451 5271 3529 5325 δεῖ
3559 5258 3819 5345 μάχεσθαι,

2268 5350 2398 5417 ἐἶτα
2438 5368 2551 5428 τοῖς
2599 5367 2969 5435 αἰσχροποιοῖς
3012 5366 3388 5435 ἐπαπειλήσας
3428 5361 3492 5415 τὰ
3521 5357 3673 5422 ἄξια,
3705 5342 3820 5411 πρὸς

2280 5458 2405 5519 τοὺς
2457 5456 2826 5525 ἁπλούστερον
2868 5456 3321 5527 ἐπανῃρημένους
3364 5453 3508 5524 βιοῦν
3554 5438 3817 5527 μεταφέρει

2284 5547 2591 5619 τὸνλόγον,
2624 5550 2778 5604 οὐδὲν
2825 5548 2954 5603 ἄλλο
3008 5546 3256 5605 ἁπαιτῶν
3290 5547 3385 5602 ἀπ’
3423 5540 3624 5603 αὐτῶν,
3662 5531 3690 5599 ἢ
3735 5523 3813 5595 τὴν
