4110 6406
280 396 394 462 515

1353 371 1744 445 COMMENT.
1783 383 1865 444 IN
1907 382 2445 443 APOCALYPSIN.

3466 384 3574 448 546

276 511 495 582 εὐσεϐῆ
554 508 655 578 τῆς
720 506 957 568 πίστεως
1025 499 1503 573 παρακαταθήκην
1569 497 1877 568 άλύμαντον

1982 499 2147 551 vitam
2181 515 2195 551 :
2228 496 2358 550 nihil
2389 496 2539 552 aliud
2573 495 2644 551 ab
2677 496 2810 566 ipsis
2840 504 3102 567 expetens
3135 513 3298 568 quam
3337 509 3394 554 ut
3422 501 3574 571 pium

275 602 668 671 διαφυλάττειν
703 599 831 668 ἄχρι
867 597 964 666 τῆς
1003 595 1168 650 αὐτοῦ
1201 592 1528 662 παρουσίας.
1563 591 1872 662 Παρουσίαν

275 697 337 749 δέ
391 692 605 762 λέγειῆ
660 690 758 759 τὴν
789 687 1106 741 τελευταίαν
1154 689 1242 740 ὅτε
1293 686 1392 754 τὴν
1431 685 1648 737 πάντων
1692 682 1874 750 κρίσιν

276 789 428 840 κατὰ
454 786 552 856 τὴν
579 785 842 853 δευτέραν
883 781 1050 834 αὐτοῦ
1080 778 1383 850 παρουσίαν
1417 778 1660 846 ποιήσει,
1693 774 1725 842 ἢ
1775 773 1874 844 τὴν

279 882 518 933 ἑκάστου
547 876 850 931 ἀποϐίωσιν
869 917 884 940 ,
930 873 1020 926 ὅτε
1065 872 1202 942 πρὸς
1231 872 1395 923 αὐτὸν
1424 870 1681 922 ἀπιοῦσιν
1705 871 1871 938 ἡμῖν,

281 971 386 1022 ἆτε
422 969 517 1038 τὴν
559 966 926 1035 πολυάσχολον
959 964 1166 1031 ταύτην
1215 961 1573 1014 ἀπολείπουσι
1625 957 1772 1029 ζωὴν
1816 960 1874 1012 ἐν

286 1061 523 1126 ἀσφαλεῖ
548 1057 784 1125 ἐσόμεθα
807 1053 1164 1114 καταστάσει,
1194 1053 1293 1122 τὴν
1325 1051 1514 1104 ἐλπίδα
1537 1050 1648 1102 τῶν
1681 1049 1874 1116 βεϐιω-

288 1152 470 1218 μένων
517 1147 956 1217 ἁπαραλόγιστον
992 1144 1228 1214 ἔχοντες.
1281 1145 1346 1196 '0
1383 1143 1475 1195 καὶ
1503 1140 1705 1211 μᾶλλον
1736 1159 1875 1194 στοι-

281 1241 402 1306 χεῖν
431 1240 531 1291 οὐκ
561 1237 836 1306 ἀδόκιμον.
935 1295 938 1297 λ

358 1330 468 1382 Καὶ
495 1333 527 1384 ό
558 1326 742 1382 νικῶν
772 1326 871 1380 καὶ
903 1329 937 1380 ό
963 1327 1177 1394 τηρῶν.
1213 1327 1335 1380 Τῶν
1367 1328 1468 1396 μὲν
1496 1328 1564 1381 δι’
1595 1329 1873 1398 ἁπλότητα

280 1421 594 1490 ἀπομάχων
651 1422 684 1492 η
747 1422 979 1490 τήρησις
1029 1418 1136 1472 τῶν
1185 1419 1416 1472 ἐντολῶν
1457 1419 1687 1489 ἀρκέσει
1738 1420 1875 1490 πρὸς

278 1510 651 1578 εὐαρέστησιν
698 1510 853 1580 ἐμοί·
917 1509 1000 1578 τῷ
1047 1509 1197 1561 δὲέκ
1245 1511 1424 1580 μάχης
1468 1511 1560 1562 καὶ
1597 1509 1776 1580 πάλης
1813 1509 1874 1562 τὸ

278 1602 560 1670 ἀριστεῖον
589 1599 992 1670 ἐπιφερομένῳ,
1048 1600 1184 1670 πρδς
1229 1599 1500 1671 θρίαμϐον
1541 1601 1640 1672 τῆς
1681 1601 1869 1668 νίκης,

279 1689 467 1753 δώσω,
499 1692 686 1760 φησὶν,
722 1689 974 1756 ἐξουσίαν
1015 1691 1107 1743 ἐπὶ
1149 1690 1256 1743 τῶν
1288 1690 1480 1755 ἐθνῶν,
1513 1693 1653 1762 ἦτοι,
1690 1691 1874 1754 καθὼς

280 1781 347 1831 ἐν
390 1781 746 1862 Εὐαγγελίοις
789 1783 817 1832 ό
860 1781 1072 1851 Κύριος
1096 1783 1176 1851 τῷ
1221 1780 1404 1846 καλῶς
1451 1783 1871 1852 οἰκονομήσαντι

1981 591 2105 643 lidei
2135 589 2442 658 depositura
2469 599 2687 645 servent
2709 591 3088 659 incorruptum
3116 606 3292 660 usque
3316 593 3383 646 ad
3411 605 3576 646 suum

1980 681 2296 734 adventum.
2345 681 2654 734 Adventum
2696 690 2880 733 autem
2917 679 3049 734 dicit
3085 688 3181 733 aut
3211 691 3572 748 postremum,

1980 775 2202 844 quando
2245 790 2437 829 omnes
2469 774 2710 828 secundo
2742 787 2842 826 suo
2877 772 3111 825 adventu
3139 771 3446 841 judicahit:
3481 782 3578 826 aut

1980 865 2247 934 cujusque
2282 866 2562 918 interitum
2587 904 2602 928 ,
2635 863 2857 933 quando
2894 876 2994 916 nos
3037 863 3102 916 ad
3147 877 3273 918 eum
3316 864 3532 916 abimus
3556 902 3572 924 ,

1979 960 2199 1027 quando
2232 959 2416 1012 relicta
2453 957 2557 1012 hac
2604 956 2916 1010 turbulenta
2959 956 3070 1009 vita
3106 956 3160 1009 in
3194 970 3451 1011 securum
3486 970 3575 1008 re-

1979 1065 2250 1120 ponemur
2305 1058 2543 1110 statum,
2595 1046 2935 1101 inl‘allibilem
2988 1045 3254 1101 habentes
3305 1061 3458 1115 spem
3507 1045 3576 1098 de

1981 1147 2066 1200 his
2099 1163 2222 1215 quae
2248 1145 2302 1200 in
2338 1147 2443 1200 vita
2479 1145 2813 1214 peregimus,
2844 1143 2990 1213 quod
3023 1143 3187 1198 etiam
3226 1143 3405 1212 magis
3441 1157 3575 1196 con-

1979 1253 2176 1307 gruere
2209 1255 2315 1290 non
2348 1247 2434 1290 est
2466 1234 2852 1306 improbabile.

2052 1327 2118 1381 Et
2143 1329 2234 1397 qui
2263 1327 2444 1380 vicerit
2485 1337 2532 1380 et
2594 1326 2922 1379 custodierit.
2962 1321 3058 1377 His
3083 1325 3176 1393 qui
3210 1324 3280 1378 ob
3308 1323 3574 1393 simplici-

1980 1431 2144 1476 tatem
2195 1430 2323 1474 sunt
2376 1429 2626 1488 expertes
2669 1432 2896 1486 pugnae,
2931 1417 3067 1470 satis
3117 1417 3220 1470 erit
3265 1416 3575 1471 observatio

1977 1523 2402 1582 praeceptorum,
2436 1519 2496 1563 ut
2525 1507 2658 1562 mihi
2697 1509 2986 1578 placeant:
3018 1507 3065 1560 ei
3096 1520 3225 1560 vero
3251 1506 3344 1574 qui
3378 1521 3442 1560 ex
3468 1519 3574 1575 pu-

1976 1620 2082 1676 gna
2102 1612 2156 1658 et
2179 1604 2324 1658 lucta
2353 1603 2638 1674 praemium
2673 1601 2943 1660 retulerit,
2969 1598 3111 1652 dabo
3136 1597 3201 1651 ad
3231 1595 3569 1665 triumphum

1977 1696 2222 1750 victoriae
2244 1701 2564 1764 potestatem
2587 1707 2750 1761 super
2773 1700 2962 1760 gentes
2997 1705 3012 1744 :
3044 1689 3184 1754 sive,
3211 1687 3574 1758 quemadmo-

1976 1789 2105 1842 dum
2148 1787 2226 1842 ait
2265 1785 2532 1840 Dominus
2570 1785 2623 1837 in
2663 1783 3007 1853 Evangeliis,
3046 1782 3119 1835 illi
3175 1782 3268 1849 qui
3308 1778 3487 1834 minas
3520 1786 3576 1832 et

280 1871 388 1934 τὰς
421 1847 680 1940 μνᾶςλκαὶ
719 1872 788 1924 τὰ
813 1847 1067 1938 τάλαντα,
1097 1847 1251 1934 "lico,
1279 1874 1467 1944 φησὶν,
1497 1874 1589 1927 ἐπὶ
1612 1847 1743 1927 δέκα
1775 1875 1871 1928 πό-

1977 1882 2180 1936 talenta
2215 1887 2362 1933 recte
2391 1877 2806 1946 dispensaverat
2841 1894 2853 1930 :
2893 1873 3090 1928 Prii-sis
3115 1874 3306 1928 decem
3339 1869 3577 1927 civitati-

284 1963 424 2027 λεις,
460 1964 556 2016 καὶ
599 1963 802 2034 ἑτέρῳ,
839 1965 932 2018 ἐπὶ
961 1964 1121 2017 πέντε
1154 1965 1357 2028 πόλεις·
1395 1965 1572 2036 ἀρχὴν
1598 1966 1707 2036 γάρ
1747 1983 1870 2018 τινα

283 2054 386 2104 καὶ
432 2053 681 2118 ἐξουσίαν
721 2052 894 2107 ταῦτα
945 2055 1098 2124 δηλοί
1135 2055 1504 2128 δοθησομένην
1539 2060 1653 2122 τοῖς
1695 2058 1873 2126 ἁγίοις

285 2142 435 2194 κατὰ
481 2142 890 2213 ὑποδεεστέρων
942 2143 1166 2196 καὶτοῦ
1206 2142 1586 2196 διευθύνασθαι
1635 2144 1871 2214 χρῃξόν-

283 2251 419 2285 των.
463 2234 552 2286 Διὸ
579 2235 673 2287 καὶ
705 2234 786 2297 τὸ,
823 2253 842 2284 ι
891 2234 1117 2298 Ῥάϐδος
1144 2235 1441 2306 εὐθύτητος
1483 2237 1517 2304 ἠ
1549 2235 1744 2306 ῥάϐδος
1776 2235 1874 2303 τῆς

283 2321 569 2392 βασιλείας
602 2341 717 2388 σου,
758 2344 776 2376 ι
810 2325 1042 2396 ἁρμόσει
1078 2326 1174 2378 ἐπὶ
1205 2326 1379 2397 ταύτῃ
1417 2330 1483 2398 τῇ
1511 2327 1708 2398 πράξει
1736 2325 1870 2396 (15).

279 2416 627 2470 Ᾱίνίττεσθαι
673 2417 783 2486 γὰρ
831 2418 977 2471 ἔοικε
1030 2419 1118 2473 διὰ
1149 2422 1248 2489 τῆς
1273 2419 1474 2490 ῥάϐδου
1504 2421 1603 2489 τῆς
1644 2418 1873 2488 εὐθύτη-

279 2526 378 2571 τος
405 2509 463 2560 «tu
488 2511 672 2580 ῥητὸν,
700 2509 774 2570 ὼς
796 2509 856 2562 οὐ
886 2509 1214 2580 κολαστικὴν
1265 2512 1572 2578 είσηγεῐται
1599 2511 1870 2574 παιδείαν,

279 2600 402 2654 ἀλλ’
443 2601 908 2670 ἐπανορθωτικήν.
943 2601 1054 2671 Τὴν
1098 2602 1155 2654 δέ
1198 2602 1425 2672 σιδηρᾶν
1465 2603 1662 2672 ῥάϐδον
1695 2603 1874 2666 οὐδεὶς

278 2692 352 2744 δι’
384 2688 512 2745 ἄλλο
541 2709 594 2744 τι
613 2692 850 2744 δίδοσθαί
883 2709 1070 2762 φησιν,
1096 2695 1144 2746 εί
1175 2695 1250 2763 μὴ
1274 2694 1375 2763 τῆς
1407 2692 1550 2748 κατὰ
1575 2695 1872 2767 συντριϐὴν

279 2784 722 2853 τιμωρίας’τῶν
770 2786 838 2854 τῇ
897 2785 1153 2856 ἀπειθείᾳ
1207 2787 1720 2856 ἐνεσκευασμένων,
1776 2789 1873 2840 καὶ

281 2878 423 2945 πρδς
474 2877 750 2944 κεραμικὰ
797 2875 966 2945 σκεύη
1005 2878 1489 2947 ἁφωμοιωμένων,
1541 2878 1732 2949 ὥσπερ
1775 2879 1872 2933 καὶ

280 2970 316 3036 ὴ
353 2967 452 3035 τῆς
482 2969 766 3034 δυνάμεως
802 2967 996 3038 ῥάϐδος
1030 2969 1131 3020 οὐκ
1161 2967 1324 3021 ἄλλου
1359 2968 1506 3031 τινὸς
1543 2967 1872 3033 ἐξαποστελ-

280 3057 486 3127 λομένη
512 3061 576 3111 ἐκ
617 3060 777 3122 Σιὼν,
805 3063 855 3112 ει
887 3059 963 3129 μὴ
991 3059 1094 3129 τῆς
1119 3059 1230 3112 τῶν
1256 3060 1472 3132 ἐχθρῶν
1502 3061 1872 3130 κατακυριεύ-

1978 1975 2102 2034 bus,
2135 1980 2189 2024 et
2219 1970 2336 2033 alii,
2365 1970 2608 2039 quinque
2636 1967 2956 2022 civitatibus
2977 1967 3058 2030 ’ξς
3094 1964 3390 2034 quemdam
3424 1962 3574 2016 enim

1980 2063 2348 2134 principatum
2397 2076 2460 2115 ac
2493 2068 2816 2130 poteSIatem
2860 2059 2975 2113 hazc
3009 2057 3322 2127 signiﬁcant
3366 2055 3576 2110 sanctis

1977 2157 2160 2208 datam
2195 2169 2361 2224 super
2397 2151 2728 2205 inﬁrmiores
2770 2159 2825 2203 et
2871 2163 2967 2203 eos
2998 2148 3200 2216 quibus
3231 2146 3389 2217 dirigi
3437 2160 3575 2214 opus

1975 2254 2080 2301 est.
2118 2245 2244 2300 Ideo
2278 2245 2413 2299 illud
2447 2244 2491 2274 "
2527 2261 2540 2298 :
2579 2261 2597 2294 ι
2639 2239 2803 2312 Virga
2836 2233 3187 2304 directionis,
3219 2239 3371 2308 virga
3421 2235 3574 2304 regni

1978 2335 2083 2399 tui,
2126 2353 2145 2386 ι
2202 2349 2327 2388 cum
2381 2333 2599 2388 actione
2656 2330 2972 2401 quadrabit.
3032 2328 3182 2383 Solet
3234 2329 3381 2382 enim
3428 2325 3572 2396 quod

1975 2429 2178 2484 dictum
2215 2435 2299 2482 est
2326 2440 2422 2496 per
2457 2426 2664 2495 virgam
2701 2422 3017 2478 directionis
3047 2421 3324 2492 designari
3355 2435 3370 2472 :
3406 2418 3572 2473 veluti

1976 2517 2273 2573 indicando
2299 2515 2446 2585 quod
2482 2513 2786 2584 punitivam
2827 2513 3224 2568 correctionem
3261 2526 3371 2564 non
3408 2510 3573 2564 indu-

1976 2618 2083 2673 cat,
2113 2609 2208 2664 sed
2239 2623 2361 2679 qua:
2390 2607 2662 2661 emendet.
2697 2605 2862 2676 675
2905 2604 3162 2659 Ferream
3205 2617 3335 2657 vero
3363 2603 3571 2670 virgam

1974 2715 2140 2756 nemo
2167 2699 2238 2754 ob
2263 2699 2409 2754 aliud
2446 2697 2748 2768 quidquam
2793 2697 2977 2752 datam
3025 2710 3148 2752 esse
3179 2694 3331 2760 dicit,
3365 2694 3472 2748 nisi
3504 2692 3573 2747 ad

1974 2791 2386 2854 contritionem,
2422 2803 2519 2858 per
2542 2787 2869 2857 supplicium
2897 2799 3091 2840 eorum
3125 2785 3220 2854 qui
3256 2783 3576 2839 inobedien-

1975 2887 2050 2942 tia
2083 2885 2264 2941 vestiti
2295 2892 2444 2948 sunt,
2465 2898 2530 2938 ac
2558 2883 2706 2938 vasis
2739 2880 3005 2934 tictilibus
3023 2877 3334 2934 assimilati.
3367 2875 3576 2942 Quem-

1977 2977 2272 3031 admodum
2321 2975 2484 3029 etiam
2531 2975 2684 3044 virga
2754 2971 3012 3040 potentiae
3081 2984 3188 3024 non
3234 2969 3460 3022 alterius
3497 2965 3576 3021 rei

1977 3071 2150 3140 gratia
2175 3085 2242 3125 ex
2277 3070 2409 3123 Sion
2446 3068 2614 3122 missa
2643 3075 2762 3130 est,
2795 3065 2902 3120 nisi
2937 3063 3006 3119 ad
3048 3063 3472 3120 dominantium.
3510 3061 3577 3115 Et

283 3164 444 3212 σιως.
471 3150 582 3202 Καὶ
614 3151 798 3221 ἐπειδὴ
828 3151 1093 3221 παντὶτῴ
1126 3152 1348 3205 νικῶντι
1381 3155 1414 3223 ἡ
1441 3153 1642 3224 σιδηρᾶ
1675 3155 1872 3225 ῥάϐδος

1978 3163 2108 3232 quia
2130 3161 2279 3216 omni
2317 3159 2558 3215 vincenti
2600 3158 2780 3212 danda
2805 3156 3146 3228 promittitur
3184 3155 3334 3226 virga
3365 3153 3573 3218 ferrea,

283 3242 684 3309 ἐπαγγέλλεται
736 3243 990 3312 δοθῆναι,
1031 3241 1172 3315 ἦσαν
1214 3245 1271 3297 δέ
1324 3238 1469 3298 οὗτοι
1509 3248 1558 3298 οί
1606 3247 1715 3300 ἀπὸ
1758 3247 1869 3300 τῶν

287 3335 463 3386 ἐθνῶν
509 3336 977 3406 προσπορίσαντες
1018 3337 1244 3399 ἑαυτοὺς
1290 3337 1358 3390 δι’
1385 3337 1700 3401 εὐπειθείας
1734 3338 1873 3408 Χρι-

291 3425 407 3495 στῷ
428 3465 444 3490 ,
476 3419 616 3480 οὗτοι
657 3429 753 3481 καὶ
790 3427 978 3498 κριταὶ
1006 3427 1221 3481 ἔσονται
1255 3427 1365 3481 τῶν
1403 3429 1673 3482 ἀπίστων.
1721 3429 1876 3481 Ἐπεὶ

289 3519 387 3570 καὶ
435 3519 559 3581 τοὺς
611 3517 903 3582 Νινευῖτας
949 3520 1030 3582 είς
1069 3518 1286 3590 κρίσιν,
1333 3519 1502 3591 ἡγουν
1545 3519 1872 3591 κατάκρισιν

283 3609 386 3677 τῆς
445 3610 688 3679 πονηρᾶς
732 3624 901 3678 φησιν
953 3610 982 3661 ὁ
1027 3607 1232 3678 Κύριος
1279 3607 1604 3661 ἀνίστασθαι
1654 3609 1870 3674 γενεᾶς.

285 3702 362 3754 Τὸ
393 3701 454 3755 δὲ
507 3702 790 3771 εἰληφέναι
837 3702 934 3754 καὶ
977 3702 1142 3755 αὐτὸν
1175 3701 1328 3772 παρὰ
1365 3700 1462 3755 τοῦ
1513 3701 1726 3772 Πατρὸς
1774 3699 1873 3768 τὴν

288 3795 512 3866 ῥάϐδον,
543 3795 576 3866 ἡ
606 3795 752 3859 δόσις
777 3796 872 3848 καὶ
909 3794 1072 3864 λῆψις
1095 3794 1186 3848 διὰ
1213 3794 1314 3866 τὴν
1341 3794 1442 3864 τῆς
1465 3794 1666 3865 σαρκὸς
1703 3793 1874 3863 πρόσ-

284 3886 451 3956 ληψιν
514 3887 854 3958 περιεισέδυ,
905 3887 1043 3941 ἀλλὰ
1075 3887 1169 3941 καὶ
1210 3887 1301 3942 διὰ
1344 3887 1728 3950 ταπεινώσεως
1769 3887 1872 3954 ἐμυ

285 3997 474 4049 φασιν.
514 3979 578 4032 Εί
621 3979 679 4032 δὲ
727 3980 826 4033 καὶ
874 3981 968 4034 ἐπὶ
1004 3980 1102 4050 τῆς
1154 3979 1304 4043 θείας
1339 3978 1556 4050 φύσεως
1585 3977 1744 4032 τοῦτό
1790 3993 1872 4041 τις

286 4072 438 4125 θέλει
479 4072 832 4140 λογίσασθαι,
865 4071 1018 4124 οὐδὲν
1049 4073 1306 4142 πρᾶγμα,
1348 4075 1414 4142 τῇ
1448 4072 1594 4125 δόσει
1635 4071 1732 4124 καὶ
1771 4071 1872 4141 λήο

284 4163 378 4232 ψει
434 4164 494 4216 τὸ
546 4165 655 4217 τῶν
714 4164 1070 4219 ὑποστάσεων
1125 4163 1293 4218 ίδικὸν
1338 4165 1551 4235 Πατρὸς
1598 4165 1694 4217 καὶ
1744 4162 1874 4216 Υίοῦ

283 4253 712 4324 ἐμφανίζεσθαι.

361 4348 537 4414 Ἄχρι
567 4347 808 4412 τέλους.
844 4347 1006 4416 ’Δχρι
1047 4347 1232 4411 τέλους
1259 4347 1356 4418 τῆς
1383 4346 1577 4401 ἐαυτού
1607 4346 1751 4416 ζωῆς
1777 4362 1788 4374 ·
1815 4346 1875 4411 ἐξ

283 4431 348 4491 οὗ
393 4441 489 4491 καὶ
519 4437 680 4507 δῆλον
724 4438 798 4501 ὼς
829 4441 862 4508 ἡ
905 4441 1182 4509 παρουσία
1210 4439 1376 4492 αὐτοῦ
1423 4440 1520 4508 οὐχ
1551 4441 1586 4508 ἡ
1629 4439 1870 4510 ἐσχάτη,

285 4531 403 4584 ἀλλ’
438 4533 471 4601 ή
514 4532 748 4584 ἑκάστω
779 4531 936 4602 ἡμῶν
969 4534 1105 4602 πρὸς
1136 4533 1321 4598 αὐτὸν,
1351 4532 1488 4594 τέως
1523 4532 1689 4585 ἐστίν.

371 4713 467 4778 Ὠς
496 4713 572 4767 τὰ
607 4715 801 4781 σκεύη
834 4714 906 4768 τὰ
944 4713 1234 4784 κεραμικὰ
1270 4713 1759 4782 συντριϐήσεται.
1801 4714 1878 4767 υύ

283 4821 362 4856 πα
373 4805 610 4876 ραϐολῆς
639 4805 874 4860 ἐνταῦθα
897 4806 929 4876 ἢ
955 4805 1269 4876 ὁμοιώσεως
1292 4807 1453 4878 χάριν
1477 4807 1635 4860 εἴωθε
1666 4806 1749 4871 τὸ,
1773 4807 1875 4873 ὡς,

285 4898 691 4968 παρειλῆφθαι,
742 4899 858 4952 ἀλλ’
905 4898 1249 4964 αἰτιατικῶς,
1303 4900 1426 4953 ἀντὶ
1459 4897 1576 4966 τοῦ,
1624 4900 1744 4954 ἵνα.
1780 4901 1881 4954 Διὰ

286 4993 472 5059 τοῦτο,
497 4993 652 5063 φησι,
682 4992 874 5062 ῥάϐδος
896 4992 1098 5047 δίδοται
1128 4994 1349 5064 σιδηρᾶ,
1387 4994 1475 5048 ἵνα
1497 4994 1568 5047 τὰ
1599 4995 1880 5066 κεραμικὰ

289 5086 721 5156 συντριϐήσεται
756 5085 947 5157 σκεύη.
980 5086 1042 5140 Ei
1072 5086 1130 5138 δέ
1154 5089 1251 5141 καὶ
1281 5087 1660 5159 ἁνελλήνιστος
1691 5092 1726 5160 ὴ
1756 5091 1882 5142 σύν-

283 5179 440 5243 ταξις
497 5178 641 5247 (οὐδέ
697 5195 830 5231 ποτε
863 5180 971 5250 γάρ
1018 5181 1293 5250 ὁριστικδν
1339 5181 1492 5252 ῥῆμα
1533 5184 1876 5252 ὑποτακτικῇ

284 5269 430 5332 λέξει
501 5270 930 5340 συντέτακται),
1000 5273 1154 5325 οὐδὲν
1219 5272 1446 5344 μελήσει
1499 5275 1612 5336 τοῖς
1667 5273 1878 5346 διανοίᾳ

286 5363 448 5434 μόνῃ,
489 5363 608 5416 ἀλλ’
653 5365 775 5434 οὐχὶ
810 5363 1008 5428 λέξεως
1039 5365 1298 5437 ἀκριϐείᾳ
1337 5365 1438 5437 τὴν
1469 5366 1748 5438 σωτηρίαν
1779 5383 1878 5420 πο-

286 5454 555 5524 ρίζουσιν.

393 5636 438 5667 ⁷⁸
470 5636 604 5692 Luc.
648 5655 762 5703 XIX,
799 5639 884 5695 17.
996 5643 1038 5675 ⁷⁷
1084 5642 1228 5698 Psal.
1265 5660 1412 5710 κων,
1450 5647 1506 5702 7.

1975 3262 2135 3308 erant
2160 3263 2339 3306 autem
2372 3250 2423 3304 hi
2457 3250 2547 3320 qui
2579 3265 2680 3320 per
2711 3257 3020 3320 promptam
3057 3248 3424 3303 obedientiam
3459 3247 3575 3300 Deo

1976 3344 2235 3414 acquisiti
2292 3350 2490 3406 erant,
2548 3341 2604 3395 hi
2665 3342 2830 3396 etiam
2894 3339 3306 3395 incredulorum
3357 3339 3576 3408 judices

1976 3445 2140 3492 erunt
2173 3451 2189 3490 :
2223 3435 2484 3504 quoniam
2519 3440 2575 3487 et
2603 3431 2874 3487 Ninivitas
2911 3431 3235 3486 excitandos
3276 3431 3355 3484 ait
3385 3427 3576 3484 Domi-

1977 3541 2082 3590 nus
2111 3525 2180 3580 ad
2208 3524 2478 3594 judicium
2510 3522 2628 3578 sive
2653 3522 3170 3578 condemnationem
3204 3536 3383 3591 prava:
3412 3536 3577 3592 gone-

1976 3615 2234 3671 rationis.
2271 3614 2428 3680 Quod
2463 3625 2644 3668 autem
2681 3623 2736 3667 et
2771 3613 2886 3683 ipse
2916 3629 2947 3666 a
2978 3611 3142 3667 Patre
3177 3614 3386 3684 virgam
3419 3626 3577 3666 acce-

1976 3705 2126 3777 pisse
2151 3704 2373 3766 dicitur.
2405 3704 2648 3760 dationis
2681 3711 2737 3758 et
2776 3702 3116 3773 acceptionis
3159 3717 3324 3758 voces
3355 3712 3576 3773 propter

1976 3796 2162 3853 carnis
2217 3796 2653 3867 assumptionem
2707 3797 3197 3856 subintroierunt.
3248 3796 3361 3850 imo
3409 3797 3578 3850 etiam

1975 3895 2202 3957 propter
2231 3902 2347 3942 sua:
2389 3886 2746 3942 demissionis
2778 3896 2834 3942 et
2866 3887 3198 3942 humilitatis
3242 3886 3576 3956 emphasim.

1976 3979 2132 4046 Quod
2158 3980 2204 4035 si
2233 3979 2287 4033 in
2317 3979 2500 4034 divina
2531 3995 2751 4049 quoque
2784 3990 2982 4034 natura
3008 3979 3282 4049 quispiam
3310 3980 3415 4035 hoc
3444 3995 3581 4033 con-

1977 4073 2222 4126 siderare
2259 4069 2478 4135 nititur,
2521 4071 2658 4125 nihil
2688 4071 2794 4126 erit
2833 4071 3076 4141 negotii,
3108 4072 3176 4124 ad
3219 4070 3581 4126 manifestan-

1976 4163 2106 4216 dum
2130 4177 2228 4232 per
2250 4162 2524 4216 dationcm
2549 4172 2605 4215 et
2630 4162 3006 4232 acceptionem
3032 4163 3085 4217 id
3113 4163 3258 4232 quod
3291 4161 3578 4232 proprium

1977 4264 2062 4310 est
2099 4269 2458 4322 personarum
2487 4251 2667 4307 Patris
2689 4267 2754 4308 ac
2784 4253 2931 4307 Filii.

2052 4345 2222 4416 Usque
2248 4347 2300 4400 in
2329 4346 2511 4413 ﬁnem.
2545 4343 2730 4414 Usque
2758 4345 2828 4399 ad
2850 4346 3013 4398 linem
3043 4343 3170 4416 vitae
3191 4358 3308 4398 suae
3333 4362 3345 4398 :
3375 4360 3439 4398 ex
3466 4361 3578 4415 quo

1976 4441 2141 4493 etiam
2179 4436 2532 4492 manifestum
2578 4446 2662 4492 est
2699 4438 2845 4508 quod
2878 4437 3145 4492 adventus
3172 4435 3292 4505 ejus
3327 4453 3435 4492 non
3479 4453 3579 4492 no-

1907 4517 1952 4572 Ῑ)
1981 4529 2240 4585 vissimus
2261 4529 2568 4593 dicebatur,
2593 4527 2689 4583 sed
2724 4526 2995 4598 cujusque
3021 4537 3269 4582 nostrum
3297 4529 3365 4580 ad
3397 4529 3574 4597 ipsum

1987 4636 2262 4676 accessus.

2063 4734 2130 4789 L't
2179 4751 2304 4789 vasa
2338 4735 2527 4803 ﬁctilia
2566 4744 2920 4790 conterentur.
2959 4733 3135 4789 Dictio
3194 4732 3270 4796 ὡς
3313 4734 3416 4790 hoc
3457 4735 3580 4791 loco

1985 4827 2160 4894 accipi
2205 4827 2340 4882 solet
2392 4843 2499 4882 non
2553 4829 2985 4898 comparationis
3040 4834 3137 4880 aut
3201 4826 3580 4882 similitudinis

1994 4919 2190 4987 gratia,
2219 4919 2314 4973 sed
2338 4920 2632 4974 causaliter
2659 4936 2756 4989 pro
2787 4919 2896 4983 ἵνα,
2927 4921 2978 4973 id
3009 4929 3117 4983 est,
3150 4929 3229 4972 ut.
3262 4918 3579 4989 Propterea,

1991 5011 2192 5080 inquit,
2221 5011 2374 5080 virga
2413 5013 2573 5066 datur
2606 5012 2782 5068 ferrea
2817 5021 2877 5066 ut
2912 5011 3095 5066 ﬁctilia
3129 5027 3258 5066 vasa
3290 5021 3584 5066 conteran-

1991 5110 2103 5158 tur.
2140 5102 2298 5168 Quod
2337 5104 2384 5157 si
2434 5119 2544 5157 non
2594 5105 2665 5159 sit
2701 5111 2826 5174 apta
2864 5103 3194 5172 compositio
3243 5120 3258 5157 :
3297 5118 3582 5172 nunquam

1986 5193 2133 5246 enim
2167 5195 2396 5248 verbum
2440 5194 2797 5248 imlicativnm
2837 5193 3019 5262 (sicut
3051 5195 3104 5246 in
3135 5194 3417 5263 proposito
3447 5209 3579 5245 συν-

1983 5285 2328 5356 τριϐήσεται,
2353 5285 2406 5339 id
2437 5294 2520 5338 est
2551 5285 2927 5355 comerentur)
2956 5284 3320 5355 subjunctiva:
3347 5284 3580 5340 dictioni

1984 5379 2382 5448 conjungitur:
2439 5379 2577 5432 nihil
2620 5391 2769 5432 cum
2816 5378 2921 5431 erit
2965 5376 3050 5429 his
3085 5375 3180 5445 qui
3213 5375 3331 5430 sola
3375 5374 3576 5429 intelli-

1984 5470 2188 5540 gentia,
2219 5479 2274 5526 et
2311 5483 2420 5523 non
2452 5479 2642 5526 exacta
2674 5471 2976 5526 dictionum
3013 5467 3452 5524 consideratione
3484 5483 3577 5522 sa-

1982 5561 2150 5616 lutem
2182 5563 2536 5633 conquirunt.
2559 5628 2561 5630 η

357 5761 474 5826 (i3)
518 5762 692 5817 Yerba
737 5764 873 5834 άρμ.
923 5763 1016 5817 ἐπὶ
1072 5763 1247 5836 ταύτῃ
1289 5770 1354 5836 τῆ
1410 5768 1604 5839 πράξει
1665 5769 1870 5824 omittit
1902 5769 2046 5839 vulg.
