4110 6412
578 359 684 425 511

1392 353 1720 417 ABETHIE
1757 353 2141 415 CESAREB
2175 354 2659 416 CAPPADOCIE
2695 356 3033 417 EPISCOPI
3736 365 3825 431 5‘3

666 468 880 528 Stellam
905 467 1241 522 matutinum.
1274 463 1495 520 Stellam
1530 463 1855 518 matutinam
1879 463 2011 517 dicit
2040 477 2167 532 pro-

2347 464 2461 518 Τὸν
2508 464 2790 533 πρωτνόν.
2851 464 3083 534 Ἀστέρα
3120 464 3353 534 πρωῖνόν
3390 482 3556 537 φησιν
3580 467 3607 521 ὁ
3635 478 3826 544 προφήο

583 564 748 636 pheta
776 564 945 618 Isaias
975 562 1019 592 ⁷⁸
1045 562 1111 615 de
1141 557 1367 628 Assyrio
1397 557 1512 611 sive
1540 556 1766 620 Satana,
1801 570 1962 626 quem
2002 556 2169 608 etiam

586 655 840 711 Christus
873 654 1050 706 visum
1101 664 1225 704 esse
1276 657 1537 716 tanquam
1572 648 1755 716 fulgur
1796 647 1864 701 de
1899 648 2043 700 cmlo
2082 662 2175 700 ca-

582 746 798 801 dentem
828 744 893 804 ⁷⁹,
927 751 980 796 et
1008 740 1214 795 sanctis
1240 739 1427 792 datum
1462 754 1585 792 esse
1621 739 1673 791 in
1705 738 2172 792 conculcationem

584 832 933 889 denuntiavit
965 849 979 888 :
1016 832 1085 885 de
1114 846 1226 901 quo
1257 830 1388 885 dicit
1415 840 1469 884 et
1498 830 1700 884 Paulus
1731 830 1779 860 ‘°
1807 830 1952 899 quod
1993 830 2177 883 veniat

585 925 727 979 Deus
780 934 839 978 ut
888 932 1137 978 conterat
1175 937 1300 976 eum
1350 922 1455 976 sub
1508 922 1739 991 pedibus
1777 920 2172 990 discipulorum

582 1031 830 1077 suorum.
854 1027 907 1069 et
945 1014 1111 1068 David
1141 1014 1185 1045 ⁸¹
1219 1014 1549 1068 confirmans
1573 1028 1699 1066 eum
1731 1012 1823 1083 qui
1854 1013 2085 1068 accessit
2107 1014 2172 1065 ad

584 1105 753 1158 Deum
781 1103 1060 1159 excelsum
1095 1121 1109 1157 :
1141 1121 1160 1155 ι
1196 1102 1375 1172 Super
1392 1102 1658 1172 aspidem,
1686 1102 1885 1171 inquit,
1906 1112 1959 1155 et
1991 1101 2177 1155 basili-

583 1210 736 1250 scum
787 1194 1087 1256 ascendes,
1137 1201 1192 1247 et
1239 1192 1595 1246 eouculcabis
1643 1192 1856 1245 leonem
1897 1198 1951 1243 et
1980 1189 2177 1242 draco-

587 1301 734 1340 nem.
772 1304 790 1336 ι
824 1285 933 1337 Aut
962 1284 1129 1355 igitur
1171 1283 1386 1337 stellam
1425 1287 1566 1337 hanc
1604 1282 1736 1336 dare
1777 1280 2045 1350 promittit
2083 1280 2175 1333 Dei

584 1396 649 1434 os
681 1396 694 1433 :
729 1390 825 1433 aut
857 1379 1001 1432 illam
1032 1378 1381 1447 quaeaPetro
1403 1376 1607 1430 dicitur
1633 1376 1679 1407 "
1711 1374 1929 1429 Lucifer
1964 1376 2017 1428 in
2049 1388 2179 1428 cor-

585 1472 746 1525 dibus
777 1470 1015 1523 lidelium
1040 1469 1320 1531 exoriens,
1352 1467 1445 1521 lux
1468 1466 1720 1521 videlicet
1745 1466 1971 1520 Christi.
2006 1465 2179 1520 Porro

585 1562 741 1617 stella
791 1572 919 1616 ante
960 1558 1165 1614 Christi
1219 1559 1515 1613 adventum
1562 1566 1775 1623 exorta,
1826 1565 1910 1611 est
1940 1554 2179 1611 Joannes

584 1649 865 1720 Baptista,
903 1661 999 1705 aut
1040 1650 1185 1707 Elias
1231 1649 1523 1705 Thesbiles
1576 1648 1917 1719 praanunlius
1952 1647 2178 1703 secundi

586 1743 851 1797 adventus
881 1742 1116 1808 Christi;
1149 1741 1316 1812 676
1339 1756 1463 1795 cum
1496 1740 1700 1809 quibus
1726 1748 1934 1809 partem
1962 1739 2180 1793 habitu-

2275 570 2373 623 της
2412 553 2641 617 Ἡσαΐας
2672 554 2799 623 περὶ
2829 553 2924 606 τοῦ
2972 554 3286 624 Ἀσσυρίου,
3320 556 3441 625 ἦτοι
3481 556 3575 609 τοῦ
3613 560 3827 629 Σατανᾶ,

2274 645 2334 697 ὃν
2367 644 2462 699 καὶ
2491 646 2520 696 ὁ
2557 646 2794 716 Χριστὸς
2823 646 2890 699 ἐκ
2916 644 3015 697 τοῦ
3045 646 3279 716 οὐρανοῦ
3310 647 3601 703 τεθεᾶσθαι
3642 652 3714 715 ὡς
3770 656 3829 708 ἀ-

2278 737 2525 809 στραπὴν
2542 738 2801 803 πεσόντα,
2832 737 2927 791 καὶ
2958 738 3202 791 δεδόσθαι
3233 740 3310 801 εἰς
3332 738 3702 811 καταπάτημα
3730 749 3827 809 τοῖς

2275 831 2453 898 ἁγίοις
2492 830 2854 900 ἀπήγγελται.
2889 831 2986 883 Ὃν
3014 832 3106 883 καὶ
3133 829 3343 893 Παῦλός
3384 847 3580 900 φησιν,
3608 832 3683 885 ὅτι
3721 851 3829 887 συν-

2276 922 2481 993 τρίϐειν
2526 924 2555 977 ό
2585 924 2716 989 θεὸς
2746 924 2852 977 ὑπὸ
2893 924 3021 987 τοὺς
3050 923 3216 987 πόδας
3245 924 3352 976 τῶν
3386 924 3643 994 μαθητῶν
3680 924 3827 981 αὑτοῦ

2278 1013 2520 1085 ἔρχεται.
2568 1016 2679 1069 Καὶ
2721 1014 2885 1068 Δαυτδ
2933 1014 3322 1085 ιπιρῤωννύων
3378 1014 3473 1069 τὸν
3515 1015 3656 1068 κατά
3706 1017 3823 1070 Θεὸν

2278 1106 2371 1160 τὸν
2451 1106 2678 1177 ὕψιστον
2740 1108 3047 1179 παριόντα,
3108 1123 3126 1156 ι
3200 1107 3324 1159 Ἐπὶ
3384 1106 3627 1173 ἀσπίδα,
3693 1112 3829 1180 φησὶ,

2280 1201 2373 1254 καὶ
2405 1200 2722 1271 βασιλίσκον
2771 1200 3034 1272 ὲπιόἡσῃ,
3086 1200 3180 1253 καὶ
3225 1199 3638 1270 καταπατήσεις
3663 1202 3831 1258 λέοντα

2280 1295 2375 1347 καὶ
2428 1293 2723 1364 δράκοντα.
2789 1311 2809 1345 ι
2870 1293 2940 1346 Ἦ
2973 1288 3067 1347 οῦν
3117 1290 3326 1361 ἀστέρα
3364 1290 3556 1343 τοῦτον
3593 1290 3827 1363 διδόναιή

2280 1384 2567 1438 θεοκλυτία
2596 1385 2711 1454 (14)
2744 1383 3160 1453 ἐπαγγέλλεται,
3192 1383 3224 1452 ἣ
3253 1382 3344 1435 τὸν
3385 1380 3493 1432 ὑπὸ
3521 1380 3614 1433 τοῦ
3648 1382 3828 1451 Πέτρου

2280 1474 2545 1543 λεχθέντα
2590 1476 2877 1544 φωσφόρον
2927 1476 2987 1526 ὲν
3026 1475 3147 1534 ταῖς
3195 1472 3442 1541 καρδίαις
3490 1470 3600 1523 τῶν
3647 1472 3829 1523 πιστῶν

2280 1565 2661 1628 ἀνατέλλοντα,
2698 1566 2759 1617 τὸ
2788 1565 2883 1617 τοῦ
2916 1561 3152 1632 Χριστοῦ
3173 1560 3375 1631 δηλαδὴ
3400 1559 3537 1628 φῶς.
3582 1557 3761 1627 ’Δστὴρ
3783 1553 3829 1610 δὲ

2280 1657 2375 1711 τοῦ
2446 1658 2595 1729 ἡλίου
2656 1655 2895 1727 Χριστοῦ
2954 1655 3053 1725 τῆς
3113 1652 3417 1725 παρουσίας
3469 1648 3830 1721 προανατεξλας

2283 1752 2377 1806 καὶ
2422 1752 2451 1803 ό
2485 1750 2798 1821 Βαπτιστὴς
2838 1750 3114 1818 Ἰωάννης,
3158 1747 3251 1798 καὶ
3278 1746 3307 1797 ό
3349 1743 3615 1811 Θεσῦίτης
3670 1740 3831 1804 Ἠλίας

585 1822 679 1891 ros
719 1848 1002 1913 speramus
1032 1835 1155 1889 illos
1179 1835 1273 1903 qui
1316 1833 1548 1889 vicerint
1583 1832 1886 1887 diabolum.
1926 1830 2048 1885 Non
2095 1841 2175 1887 est

2283 1842 2383 1912 τῆς
2430 1827 2691 1911 δευτέρας
2734 1840 3039 1911 παρουσίας
3069 1836 3310 1909 Χριστοῦ
3343 1833 3695 1906 προάγγελος,
3730 1825 3830 1902 pse‘

586 1939 769 1986 autem
819 1930 1247 1996 admirandum,
1288 1930 1333 1985 si
1385 1929 1685 1999 plurimum
1721 1928 2047 1983 dissidentia
2082 1943 2177 1997 per

586 2022 727 2075 idem
761 2021 1196 2076 intelleximus”
1221 2039 1237 2077 :
1267 2020 1709 2091 quandoquidem
1736 2028 1791 2073 et
1821 2020 1904 2073 leo
1924 2019 2177 2074 Christus

585 2114 855 2166 excitatus
905 2114 1109 2167 dicitur
1156 2112 1225 2167 de
1277 2112 1425 2166 tribu
1456 2110 1625 2178 Juda,
1668 2120 1719 2166 et
1768 2111 1852 2165 leo
1882 2110 1949 2165 de
2001 2109 2177 2163 Busan

584 2206 1128 2275 proficiscens,jnxta
1151 2206 1395 2261 divinam
1420 2204 1786 2275 Scripturam,
1804 2204 2004 2259 dicitur
2022 2202 2177 2255 Auti-

584 2296 850 2362 christus,
888 2297 1128 2367 aptaudo
1163 2296 1595 2366 unumquodque
1620 2295 1685 2349 ad
1723 2294 1776 2349 id
1806 2297 1950 2363 quod
1976 2308 2178 2363 propo-

584 2387 755 2441 nitur.
807 2386 1137 2458 lutelligitur
1185 2399 1368 2442 autem
1412 2398 1468 2442 et
1507 2386 1704 2442 Oriens
1738 2384 1908 2440 futuri
1954 2385 2178 2447 saeculi,

583 2478 856 2547 siquidem
907 2480 1147 2533 tenebrae
1188 2480 1476 2549 praesentis
1513 2479 1635 2533 vita:
1668 2478 1794 2531 licet
1832 2476 1926 2531 lux
1958 2476 2182 2530 videan-

583 2578 709 2629 lur,
760 2569 1143 2625 obscurabunt
1199 2588 1212 2624 :
1266 2585 1393 2625 cum
1453 2570 1664 2625 sanctis
1719 2568 2036 2639 apparuerit
2080 2566 2179 2621 Sol

578 2658 809 2728 justitia:
855 2671 909 2714 et
953 2661 1243 2731 caliginem
1277 2662 1419 2717 banc
1454 2663 1778 2733 disperserit
1809 2681 1823 2717 :
1858 2670 1912 2717 et
1946 2662 2175 2732 angelus

583 2760 668 2804 est
691 2752 785 2820 qui
825 2754 971 2809 hunc
1008 2756 1277 2809 orientem
1304 2756 1600 2811 annuntiat
1627 2772 1644 2810 :
1672 2755 1830 2825 praeit
1856 2754 2004 2809 enim
2052 2760 2179 2809 autc

585 2859 790 2915 ipsum.

1181 3049 1414 3107 CAPUT
1461 3049 1575 3105 VII.

2278 1926 2353 1987 ὧν
2399 1934 2543 1998 ἕξειν
2589 1934 2651 1987 τὸ
2701 1933 2867 2004 μέρος
2908 1933 3035 1995 τοὺς
3076 1930 3305 2001 νικητάς
3338 1926 3434 1981 τοῦ
3475 1925 3712 1979 διαϐόλου
3757 1938 3831 1976 πι-

2282 2026 2568 2097 στεύομεν.
2604 2028 2681 2080 οὐ
2719 2024 3035 2095 θαυμαστὸν
3079 2023 3137 2076 δὲ
3182 2024 3230 2076 εί
3275 2021 3370 2073 ἐπὶ
3405 2018 3513 2071 τῶν
3539 2018 3672 2085 ἄγαν
3707 2016 3832 2069 ἀντι·

2280 2118 2553 2188 κειμένων
2594 2118 2654 2171 τὸ
2686 2118 2818 2173 αὐτὸ
2847 2117 3216 2187 ὲξειλήφαμεν
3236 2153 3253 2179 ,
3280 2112 3407 2166 ἐπεὶ
3436 2111 3530 2164 καὶ
3560 2109 3688 2161 λέων
3715 2109 3830 2177 Χρι-

2282 2211 2405 2275 στος
2436 2212 2501 2264 ἐκ
2544 2212 2775 2282 βλαστοῦ
2805 2210 2900 2266 τοῦ
2936 2209 3106 2264 Ἰούδα
3136 2203 3444 2276 ἀναθορὼν,
3478 2203 3573 2256 καὶ
3597 2203 3657 2254 ὲκ
3676 2201 3830 2253 Βασὰν

2280 2301 2337 2355 δὲ
2393 2301 2528 2354 λέων
2580 2304 2608 2356 ό
2676 2301 3047 2371 Ἀντίχριστος
3101 2298 3243 2351 κατά
3291 2294 3393 2365 τὴν
3447 2293 3596 2345 θείαν
3636 2290 3830 2359 Γραφὴν

2281 2395 2705 2465 ἀφορμὼμενος,
2739 2393 3004 2462 ἑκατέρου
3032 2392 3168 2461 πρὸς
3199 2388 3260 2441 τὸ
3289 2384 3648 2454 ὑποκείμενον
3686 2383 3831 2450 dput-

2282 2487 2535 2556 ζομένου.
2596 2484 2817 2537 Νοεῖται
2867 2483 2923 2535 δὲ
2977 2482 3072 2535 καὶ
3100 2482 3134 2551 ἡ
3185 2478 3280 2533 τοῦ
3329 2476 3613 2547 μέλλοντος
3660 2471 3827 2531 αἰῶνος

2280 2576 2518 2647 ἀνατολὴ
2570 2575 2651 2646 (τὸ
2684 2574 2793 2645 γὰρ
2835 2572 3025 2633 σκότος
3063 2570 3158 2623 τοῦ
3192 2569 3464 2640 παρόντος
3511 2564 3623 2634 βίου
3665 2563 3747 2614 καὶ
3788 2560 3827 2611 εί

2281 2671 2397 2740 φῶς
2423 2668 2773 2741 γνωρίζεται,
2805 2664 3237 2734 καλυφθήσεται,
3268 2659 3364 2712 τοῦ
3389 2659 3488 2728 τῆς
3515 2652 3825 2718 δικαιοσύνης

2294 2765 2478 2818 Ἠλίου
2512 2761 2938 2832 ἐπιφαινομένου
2990 2760 3100 2821 τοῖς
3149 2755 3325 2825 ἁγίοις
3351 2795 3369 2819 ,
3406 2754 3501 2806 καὶ
3552 2749 3645 2819 τὴν
3685 2746 3826 2815 ἀχλὺν

2278 2856 2487 2924 ταύτης
2526 2851 3039 2921 διασκεδάζοντος),
3083 2850 3179 2902 καὶ
3207 2848 3236 2899 ό
3276 2846 3486 2914 ταύτην
3515 2832 3825 2908 εὐαγγελιζόο

2285 2966 2446 3022 μενος
2475 2947 2728 3017 ἄγγελος·
2760 2942 3164 3015 προπορεύεται
3196 2939 3304 3009 γάρ
3331 2936 3528 3006 αὐτῆς.

2881 3034 3133 3088 ΚΕΦΔΛ.
3173 3029 3250 3084 Ζ’.

622 3166 757 3233 Qum
791 3166 991 3236 scripta
1020 3174 1143 3219 sunt
1170 3164 1357 3235 angelo
1388 3163 1643 3219 Ecclesia:
1668 3180 1784 3234 qua:
1811 3175 1888 3218 est
1917 3163 2131 3219 Sardis.

2285 3153 2361 3210 Τὰ
2411 3147 2841 3219 ἀπεσταλμένα
2879 3145 2975 3236 ,ἰῷ
3007 3144 3243 3236 ἀγγέίιῳ
3295 3139 3411 3210 τῆς
3454 3141 3525 3194 ἐν
3571 3134 3829 3205 Σάρδεσιν

656 3341 745 3407 ΙΙΙ,
771 3342 892 3396 1-5.
930 3340 1000 3394 Et
1026 3340 1212 3411 angelo
1236 3338 1489 3395 Ecclesiae
1511 3356 1628 3409 qua:
1646 3351 1721 3393 est
1747 3338 1937 3395 Sardis
1964 3342 2137 3397 scribe
2156 3358 2177 3396 :

586 3434 718 3490 Nec
753 3436 885 3488 dicit
925 3436 1016 3505 qui
1065 3434 1218 3488 habet
1260 3444 1455 3503 septem
1490 3435 1711 3502 spiritus
1759 3432 1856 3487 Dei
1899 3443 1949 3488 et
1984 3446 2181 3505 septem

584 3527 807 3581 stellas:
836 3524 958 3581 Scio
982 3542 1139 3595 opera
1166 3536 1259 3580 tua
1286 3526 1413 3594 quia
1443 3542 1629 3579 nomen
1661 3525 1819 3579 habes
1841 3528 1978 3595 quod
2008 3528 2179 3591 vivas,

581 3623 632 3667 et
654 3623 892 3666 mortuus
920 3629 997 3667 es.
1029 3612 1162 3667 Esto
1189 3613 1436 3683 vigilans,
1468 3624 1519 3668 et
1552 3614 1811 3683 conﬁrma
1837 3626 2031 3669 uetera
2060 3630 2181 3685 qua:

584 3704 847 3757 moritura
870 3713 1025 3756 erant
1053 3717 1073 3755 :
1104 3719 1205 3756 non
1234 3705 1373 3756 enim
1398 3704 1573 3757 inveni
1604 3720 1763 3773 opera
1790 3717 1883 3757 tua
1910 3707 2065 3774 plena
2086 3721 2179 3759 co-

582 3804 702 3847 ram
749 3793 854 3845 Deo
902 3808 1034 3845 meo.
1074 3791 1335 3846 Memento
1379 3797 1646 3862 quomodo
1691 3795 1953 3862 acceperis
1986 3804 2037 3848 et
2077 3811 2178 3848 su-

583 3886 769 3950 dieris,
798 3895 849 3939 et
884 3900 1035 3939 serva
1064 3901 1129 3938 ac
1156 3884 1424 3953 resipisce.
1456 3884 1611 3950 Quod
1638 3887 1686 3939 si
1718 3902 1821 3939 non
1845 3887 2139 3957 uigilantis
2158 3928 2177 3955 ,

584 3978 791 4033 veniam
816 3976 885 4028 ad
920 3986 967 4031 te
1001 3984 1256 4047 tanquam
1282 3976 1393 4047 fur,
1419 3986 1471 4032 et
1496 3993 1598 4032 non
1628 3980 1760 4033 scies
1790 3994 1895 4048 qua
1932 3979 2063 4033 hora
2094 3997 2179 4036 ve-

584 4072 731 4124 niam
760 4071 829 4123 ad
861 4080 930 4123 te.

656 4251 877 4321 Septem
911 4249 1120 4314 stellas,
1170 4248 1222 4303 id
1254 4256 1338 4303 est
1378 4247 1597 4303 divinos
1634 4248 1893 4317 angelos.
1935 4260 1994 4303 ut
2041 4265 2181 4320 prir-

584 4343 827 4399 dixitnus
868 4359 882 4395 :
923 4351 1129 4410 septem
1178 4354 1400 4409 quoque
1449 4339 1681 4409 spiritus
1710 4341 1932 4394 eosdem
1979 4342 2179 4396 intelli-

584 4436 803 4506 gimus,
831 4434 987 4502 juxta
1035 4434 1087 4486 id
1129 4432 1276 4502 quod
1318 4431 1526 4485 dictum
1556 4440 1664 4492 est,
1708 4449 1726 4481 ι
1767 4430 1870 4496 Qui
1912 4431 2042 4486 facit
2072 4448 2173 4488 an-

2879 3215 3249 3283 Ἐκκλησίας
3260 3251 3275 3267 .

2352 3338 2463 3392 Καὶ
2507 3334 2588 3401 τῷ
2628 3331 2864 3403 ἀγγέλῳ
2893 3328 3001 3397 τῆς
3036 3329 3110 3383 ἐν
3145 3324 3444 3394 Σάρδεσιν
3497 3316 3828 3387 Ἐκκλησίας

2279 3432 2516 3503 γράψον
2535 3445 2549 3460 ·
2596 3427 2741 3481 Τάδε
2773 3425 2935 3494 λέγει
2978 3425 3013 3476 ὁ
3038 3422 3196 3489 ἄκων
3241 3421 3316 3471 τὰ
3364 3415 3515 3471 ἁπτὰ
3553 3412 3825 3503 πνεύματα

2279 3499 2410 3580 eoi},
2431 3521 2581 3577 Θεοῦ
2618 3519 2718 3573 καὶ
2761 3516 2903 3582 τοὺς
2938 3513 3089 3567 ἑπτὰ
3126 3511 3421 3578 ἀστέρας·
3460 3503 3599 3560 01δά
3636 3518 3740 3557 σου
3768 3499 3825 3551 τὰ

2279 3614 2445 3684 ἔργα,
2467 3612 2557 3666 ὅτι
2581 3611 2769 3678 ὄνομα
2792 3608 2955 3676 ἔχεις
2977 3602 3075 3657 καί
3099 3601 3201 3669 ζῇς
3224 3601 3323 3654 καί
3343 3599 3558 3667 νεκρὸς
3576 3591 3644 3648 εἶ.
3667 3593 3824 3647 Γίνου

2278 3704 2587 3777 γρηγορῶν
2610 3703 2709 3758 καὶ
2735 3699 3030 3765 στήςυιεον
3052 3697 3122 3749 τὰ
3147 3694 3333 3748 λοιπὰ
3362 3691 3403 3747 d
3429 3691 3675 3761 ἔμελλεν
3697 3684 3824 3738 ἀπο-

2280 3798 2485 3854 θανεῖν
2507 3813 2521 3828 ·
2564 3797 2638 3850 οὐ
2670 3794 2783 3864 γὰρ
2824 3789 3050 3861 εὕρηκά
3094 3804 3214 3843 σου
3247 3787 3321 3840 τὰ
3357 3787 3502 3855 ἔργα
3548 3781 3823 3843 πεπληρω-

2274 3890 2432 3961 μένα
2481 3887 2743 3943 ἐνώπιον
2798 3883 2906 3938 τοῦ
2954 3880 3103 3936 Θεοῦ
3143 3897 3286 3949 μου.
3335 3874 3678 3945 Μνημόνευε
3720 3865 3825 3927 πῶς

2278 3982 2561 4049 εἴληφας,
2580 3978 2679 4032 καὶ
2702 3976 2999 4045 ἤκουσας,
3029 3973 3128 4026 καὶ
3152 3970 3315 4039 τήρει
3337 3969 3436 4023 καὶ
3457 3962 3821 4037 μετανόησον.

2293 4073 2434 4128 Ἐὰν
2452 4067 2567 4126 οὖν
2586 4069 2674 4140 μὴ
2691 4065 3094 4138 γρηγορήσῃς,
3114 4063 3240 4131 ἥξω
3264 4062 3362 4114 ἐπὶ
3383 4060 3457 4113 σὲ
3478 4059 3557 4124 ὼς
3571 4055 3821 4115 κλέπτης.

2280 4168 2388 4222 Καὶ
2423 4168 2495 4220 οὐ
2512 4164 2600 4233 μὴ
2632 4161 2787 4234 γνῷς
2818 4163 3000 4213 ποίαν
3032 4157 3194 4226 ὤραν
3219 4155 3345 4223 ἦξω
3375 4152 3473 4207 ἐπὶ
3503 4148 3595 4204 σέ.

2360 4257 2535 4313 Ἑπτά
2561 4256 2819 4325 ἀστέρας,
2852 4251 3031 4314 θείους
3065 4249 3357 4317 ἀγγέλους,
3389 4246 3463 4310 ὡς
3512 4238 3820 4325 προέφημενᾼν

2278 4352 2374 4405 καὶ
2399 4351 2541 4404 ἑπτὰ
2568 4349 2625 4401 δὲ
2660 4346 2946 4416 πνεύματα
2972 4344 3097 4406 τοὺς
3123 4343 3318 4403 αὐτοὺς
3348 4338 3591 4407 νοοῦμεν,
3624 4327 3747 4383 κατὰ
3771 4323 3819 4416 sb

2280 4443 2594 4514 είρημένον,
2648 4457 2668 4492 ι
2717 4439 2777 4491 ’0
2804 4413 2996 4490 ’ποιῶν
3030 4434 3157 4496 τοὺς
3188 4431 3453 4499 ἀγγέλους
3486 4423 3644 4481 αὑτοῦ
3683 4413 3818 4471 πνεύ-

584 4527 737 4594 gelos
763 4541 891 4579 suos
930 4525 1161 4593 spiritus
1191 4523 1236 4554 “
1269 4540 1289 4574 ι
1330 4531 1426 4576 aut
1469 4522 1816 4591 operatioues
1848 4524 2175 4580 vivificantis

2283 4555 2453 4609 ματα,
2495 4555 2513 4588 s
2548 4535 2581 4605 ἢ
2627 4535 2726 4596 τὰς
2760 4530 3042 4601 ἐνεργείας
3072 4526 3168 4580 τοῦ
3204 4520 3470 4588 ζωοποιοῦ
3515 4515 3816 4609 [luduntur

584 4618 847 4687 Spiritus,
863 4634 986 4687 quae
1005 4626 1240 4684 utraque
1265 4625 1396 4669 sunt
1419 4615 1471 4669 in
1501 4630 1667 4669 manu
1698 4616 1813 4671 sive
1834 4617 1887 4670 in
1907 4629 2174 4686 potestate

583 4709 789 4763 Christi
836 4726 850 4761 :
887 4707 994 4760 illis
1022 4719 1263 4774 namque
1301 4715 1560 4774 tauquam
1596 4705 1858 4760 Dominus
1895 4709 2169 4776 pra-Sidet,

585 4800 733 4854 hunc
786 4808 969 4852 autem
1029 4797 1222 4851 tribuit
1277 4805 1538 4865 tanquam
1589 4796 1838 4865 ejusdem
1884 4801 2171 4865 essentia,

577 4890 732 4959 juxta
775 4891 827 4945 id
860 4890 1008 4961 quod
1040 4889 1307 4958 scriptum
1362 4898 1447 4943 est
1480 4907 1495 4943 :
1539 4906 1558 4940 ι
1592 4889 1775 4942 Alium
1822 4889 2161 4945 Paracletum

582 4987 796 5041 mittam
829 4985 985 5039 vobis
1014 4999 1044 5037 a
1091 4983 1250 5038 Patre
1284 4982 1356 5039 ⁸⁸.
1385 5001 1404 5035 ι
1435 4981 1582 5037 Nihil
1639 4982 1787 5037 enim
1826 4984 1880 5037 in
1923 4983 2077 5037 beata
2113 4994 2170 5039 et

579 5076 1092 5146 supersubstantiali
1124 5074 1392 5129 Trinitate
1435 5075 1845 5144 appropriatutn
1895 5076 2170 5145 conspici-

582 5179 692 5232 tur,
734 5177 927 5238 praeter
966 5168 1115 5237 ipsas
1163 5167 1525 5238 proprietates
1565 5180 1918 5233 personarum
1958 5168 2170 5222 consti-

580 5262 803 5319 tutivas.

649 5353 770 5409 Scio
801 5368 956 5421 opera
993 5364 1105 5406 tua.
1146 5349 1301 5417 Quod
1330 5352 1434 5407 hoc
1467 5350 1589 5406 loco
1620 5349 1823 5405 dicitur
1850 5351 1975 5407 Scio
1996 5392 2010 5415 ,
2040 5352 2171 5405 sim-

580 5446 773 5514 plieem
802 5445 1057 5513 designat
1087 5443 1363 5509 notitiam,
1399 5457 1507 5497 non
1540 5442 1987 5497 familiaritatem.
2017 5444 2173 5500 Unde

648 5583 696 5617 ⁷⁸
725 5583 832 5637 lsa.
863 5581 1091 5645 xuv,12.
1190 5581 1234 5612 ὀ
1264 5578 1396 5633 Luc.
1424 5595 1483 5641 κ,
1524 5577 1613 5631 18.

582 5652 627 5682 ⁸⁸
660 5651 805 5706 Psal.
841 5668 955 5714 cm,
986 5653 1041 5706 4.
1141 5651 1186 5682 ⁸⁸
1216 5648 1376 5703 Joan.
1414 5664 1525 5715 xiv,
1557 5652 1611 5701 ϋ.

664 5770 771 5842 (Η)
799 5770 1120 5841 θεοκλητία,
1152 5769 1432 5836 invocatio,
1467 5768 1613 5837 vulg.

1709 5578 1757 5611 "
1788 5578 1948 5634 Rom.
1977 5594 2089 5642 3m,
2124 5580 2212 5635 ΞΟ.

2280 4604 2425 4699 ἀπερ
2454 4604 2741 4697 ἀμφότερα
2771 4627 2829 4677 ὲν
2856 4624 2923 4692 τῇ
2951 4620 3118 4691 χειρὶ,
3174 4617 3292 4688 ἦτοι
3329 4618 3389 4668 ὲν
3421 4615 3485 4684 τῇ
3516 4604 3716 4675 ἐξουσίᾳ
3738 4604 3815 4698 τοι.)

2280 4720 2520 4793 Χριστοῦ
2550 4722 2688 4771 ἐστι.
2721 4714 2829 4768 Τοῦ
2858 4714 2957 4785 μὲν
2985 4714 3096 4783 γάρ
3125 4707 3471 4769 Δεσποτικῶς
3501 4699 3706 4793 κρατεῖ,
3736 4706 3813 4743 του

2280 4786 2348 4866 δέ.
2382 4814 2499 4864 ἐστι
2554 4807 2791 4879 χορηγὸς
2840 4805 2915 4867 ὡς
2954 4801 3257 4872 όμοούσιος,
3305 4799 3439 4853 καθὸ
3486 4793 3575 4848 καὶ
3617 4786 3813 4879 εἴρηκε.

2279 4923 2297 4955 ι
2321 4903 2513 4955 Ἀλλον
2531 4875 2887 4969 [lapsum-rw
2911 4893 3115 4963 πέμψω
3131 4893 3259 4961 ὑμῖν
3287 4889 3436 4961 παρὰ
3456 4886 3542 4939 τοῦ
3566 4875 3805 4969 Πατρόςθ

2275 4995 2439 5048 Οὐδὲν
2474 4992 2583 5061 γὰρ
2620 4962 2712 5043 ἐπὶ
2742 4962 2842 5058 τῆς
2884 4962 3162 5056 μακαρίας
3206 4984 3300 5037 καὶ
3336 4974 3648 5061 ὑπερουσίου
3676 4962 3815 5061 Tptti-

2274 5086 2362 5148 δος
2393 5054 3055 5150 ὲξιῦιτζόμενονγὸρᾶται,
3082 5075 3222 5144 πλὴν
3261 5075 3359 5143 τῆς
3400 5060 3738 5127 ίδιοποιούσης
3763 5054 3811 5104 ὲν

2276 5180 2415 5247 αὐτῇ
2448 5176 2739 5245 πρόσωπον
2768 5170 3077 5241 ὑπάρξεως.

2352 5350 2497 5407 Οἶδὰ
2520 5367 2636 5407 σου
2663 5350 2733 5403 τὰ
2762 5350 2925 5419 ἔργα.
2970 5345 3236 5401 Ἐνταῦθα
3264 5345 3344 5408 τὸ,
3372 5338 3519 5403 οἶδα,
3543 5335 3633 5401 τὴν
3651 5322 3807 5379 ἁπλῶς

2280 5447 2514 5514 γνῶσιν,
2547 5445 2609 5497 οὐ
2660 5446 2754 5513 τὴν
2814 5440 3193 5496 κατοικείωσιν
3241 5435 3523 5507 σημαίνειν
3571 5418 3806 5496 βούλεται-

2312 5577 2356 5610 ⁶¹
2383 5578 2528 5633 Psal.
2585 5592 2670 5644 sc,
2728 5575 2814 5632 13.
2918 5575 2966 5607 "
2992 5574 3038 5629 ll
3062 5573 3203 5629 Pclr.
3235 5586 3277 5635 t,
3323 5568 3408 5623 19.
3510 5560 3556 5593 ⁸⁸
3594 5549 3720 5608 Infit
3756 5540 3798 5594 5-
