  <div class='ocr_page' id='page_1' title='image "/cluster/home/n/w/nwhite01/storage/ocr_20150623/106/coo.31924054870104/284.png"; bbox 0 0 4110 6396; ppageno 0'>
   <div class='ocr_carea' id='block_1_1' title="bbox 256 326 393 450">
    <p class='ocr_par' dir='ltr' id='par_1_1' title="bbox 256 326 393 450">
     <span class='ocr_line' id='line_1_1' title="bbox 256 326 393 450; baseline -0.007 0"><span class='ocrx_word' id='word_1_1' title='bbox 290 382 393 450; x_wconf 72' lang='grc'><strong>549</strong></span> 
     </span>
    </p>
   </div>
   <div class='ocr_carea' id='block_1_2' title="bbox 1356 377 2457 443">
    <p class='ocr_par' dir='ltr' id='par_1_2' title="bbox 1356 377 2457 443">
     <span class='ocr_line' id='line_1_2' title="bbox 1356 377 2457 443; baseline -0.003 -1"><span class='ocrx_word' id='word_1_2' title='bbox 1356 382 1753 443; x_wconf 76' lang='lat' dir='ltr'><strong>COMMENT.</strong></span> <span class='ocrx_word' id='word_1_3' title='bbox 1797 382 1877 443; x_wconf 75' lang='lat' dir='ltr'><strong>IN</strong></span> <span class='ocrx_word' id='word_1_4' title='bbox 1922 377 2457 441; x_wconf 78' lang='lat' dir='ltr'><strong>APOCALYPSIN-</strong></span> 
     </span>
    </p>
   </div>
   <div class='ocr_carea' id='block_1_3' title="bbox 3465 378 3574 440">
    <p class='ocr_par' dir='ltr' id='par_1_3' title="bbox 3465 378 3574 440">
     <span class='ocr_line' id='line_1_3' title="bbox 3465 378 3574 440; baseline -0.018 0"><span class='ocrx_word' id='word_1_5' title='bbox 3465 378 3574 440; x_wconf 84' lang='lat'><strong>550</strong></span> 
     </span>
    </p>
   </div>
   <div class='ocr_carea' id='block_1_4' title="bbox 292 483 1904 570">
    <p class='ocr_par' dir='ltr' id='par_1_4' title="bbox 292 496 1887 570">
     <span class='ocr_line' id='line_1_4' title="bbox 292 496 1887 570; baseline -0.004 -15"><span class='ocrx_word' id='word_1_6' title='bbox 292 501 383 556; x_wconf 82' lang='grc' dir='ltr'><strong>Διδ</strong></span> <span class='ocrx_word' id='word_1_7' title='bbox 414 499 512 554; x_wconf 70' lang='grc' dir='ltr'>καὶ</span> <span class='ocrx_word' id='word_1_8' title='bbox 557 496 884 568; x_wconf 76' lang='grc' dir='ltr'><strong>ἐπιπλήττει</strong></span> <span class='ocrx_word' id='word_1_9' title='bbox 924 499 993 570; x_wconf 84' lang='grc' dir='ltr'>τῇ</span> <span class='ocrx_word' id='word_1_10' title='bbox 1036 497 1358 569; x_wconf 70' lang='grc' dir='ltr'>Ἐκκλησία,</span> <span class='ocrx_word' id='word_1_11' title='bbox 1397 497 1475 561; x_wconf 85' lang='grc' dir='ltr'><strong>ὡς</strong></span> <span class='ocrx_word' id='word_1_12' title='bbox 1516 497 1673 567; x_wconf 74' lang='grc' dir='ltr'>ψιλὸν</span> <span class='ocrx_word' id='word_1_13' title='bbox 1718 498 1887 568; x_wconf 80' lang='grc' dir='ltr'>ὖνομα</span> 
     </span>
    </p>
   </div>
   <div class='ocr_carea' id='block_1_5' title="bbox 2006 483 3587 570">
    <p class='ocr_par' dir='ltr' id='par_1_5' title="bbox 2006 483 3587 558">
     <span class='ocr_line' id='line_1_5' title="bbox 2006 483 3587 558; baseline -0.005 -11"><span class='ocrx_word' id='word_1_14' title='bbox 2006 494 2158 549; x_wconf 68' lang='lat' dir='ltr'><strong>etiam</strong></span> <span class='ocrx_word' id='word_1_15' title='bbox 2191 489 2493 545; x_wconf 81' lang='lat' dir='ltr'><strong>Ecclesium</strong></span> <span class='ocrx_word' id='word_1_16' title='bbox 2526 485 2803 558; x_wconf 83' lang='lat' dir='ltr'><strong>objurgat,</strong></span> <span class='ocrx_word' id='word_1_17' title='bbox 2827 484 2993 557; x_wconf 78' lang='lat'><strong>677</strong></span> <span class='ocrx_word' id='word_1_18' title='bbox 3024 491 3084 539; x_wconf 89' lang='lat' dir='ltr'><strong>ut</strong></span> <span class='ocrx_word' id='word_1_19' title='bbox 3125 498 3247 554; x_wconf 72' lang='lat' dir='ltr'><strong>qua:</strong></span> <span class='ocrx_word' id='word_1_20' title='bbox 3281 483 3456 540; x_wconf 81' lang='lat' dir='ltr'><strong>solum</strong></span> <span class='ocrx_word' id='word_1_21' title='bbox 3490 502 3587 540; x_wconf 87' lang='lat' dir='ltr'><strong>no-</strong></span> 
     </span>
    </p>
   </div>
   <div class='ocr_carea' id='block_1_6' title="bbox 293 589 1883 662">
    <p class='ocr_par' dir='ltr' id='par_1_6' title="bbox 293 589 1883 662">
     <span class='ocr_line' id='line_1_6' title="bbox 293 589 1883 662; baseline -0.001 -17"><span class='ocrx_word' id='word_1_22' title='bbox 293 592 439 662; x_wconf 81' lang='grc' dir='ltr'><strong>ζωῆς</strong></span> <span class='ocrx_word' id='word_1_23' title='bbox 469 591 670 661; x_wconf 78' lang='grc' dir='ltr'>ἐχούσῃ</span> <span class='ocrx_word' id='word_1_24' title='bbox 716 589 817 660; x_wconf 84' lang='grc' dir='ltr'>τῆς</span> <span class='ocrx_word' id='word_1_25' title='bbox 853 589 1114 654; x_wconf 87' lang='grc' dir='ltr'>πίστεως,</span> <span class='ocrx_word' id='word_1_26' title='bbox 1150 591 1539 662; x_wconf 76' lang='grc' dir='ltr'>νενεκρωμένῃ</span> <span class='ocrx_word' id='word_1_27' title='bbox 1566 590 1621 643; x_wconf 79' lang='grc' dir='ltr'><strong>δὲ</strong></span> <span class='ocrx_word' id='word_1_28' title='bbox 1662 590 1723 654; x_wconf 80' lang='grc' dir='ltr'><strong>ἐξ</strong></span> <span class='ocrx_word' id='word_1_29' title='bbox 1754 593 1883 658; x_wconf 81' lang='grc' dir='ltr'>ἀγα-</span> 
     </span>
    </p>
   </div>
   <div class='ocr_carea' id='block_1_7' title="bbox 294 676 1885 753">
    <p class='ocr_par' dir='ltr' id='par_1_7' title="bbox 294 676 1885 753">
     <span class='ocr_line' id='line_1_7' title="bbox 294 676 1885 753; baseline -0.002 -16"><span class='ocrx_word' id='word_1_30' title='bbox 294 684 405 737; x_wconf 83' lang='grc' dir='ltr'>θῶν</span> <span class='ocrx_word' id='word_1_31' title='bbox 427 682 706 753; x_wconf 82' lang='grc' dir='ltr'>πράξεων.</span> <span class='ocrx_word' id='word_1_32' title='bbox 753 682 842 747; x_wconf 80' lang='grc' dir='ltr'>Ὠς</span> <span class='ocrx_word' id='word_1_33' title='bbox 871 682 978 752; x_wconf 83' lang='grc' dir='ltr'>γὰρ</span> <span class='ocrx_word' id='word_1_34' title='bbox 1009 680 1155 751; x_wconf 82' lang='grc' dir='ltr'>ζωὴν</span> <span class='ocrx_word' id='word_1_35' title='bbox 1182 676 1290 735; x_wconf 76' lang='grc' dir='ltr'>οἵδε</span> <span class='ocrx_word' id='word_1_36' title='bbox 1323 682 1513 734; x_wconf 80' lang='grc' dir='ltr'>καλεῖν</span> <span class='ocrx_word' id='word_1_37' title='bbox 1539 684 1573 752; x_wconf 74' lang='grc' dir='ltr'><strong>ἡ</strong></span> <span class='ocrx_word' id='word_1_38' title='bbox 1604 681 1796 753; x_wconf 82' lang='grc' dir='ltr'>Γραφὴ</span> <span class='ocrx_word' id='word_1_39' title='bbox 1825 682 1885 734; x_wconf 81' lang='grc' dir='ltr'>τὸ</span> 
     </span>
    </p>
   </div>
   <div class='ocr_carea' id='block_1_8' title="bbox 293 772 1886 847">
    <p class='ocr_par' dir='ltr' id='par_1_8' title="bbox 293 772 1886 847">
     <span class='ocr_line' id='line_1_8' title="bbox 293 772 1886 847; baseline -0.001 -20"><span class='ocrx_word' id='word_1_40' title='bbox 293 776 569 847; x_wconf 76' lang='grc' dir='ltr'>ἐνάρετον,</span> <span class='ocrx_word' id='word_1_41' title='bbox 598 775 698 845; x_wconf 82' lang='grc' dir='ltr'>τὴν</span> <span class='ocrx_word' id='word_1_42' title='bbox 722 777 865 828; x_wconf 78' lang='grc' dir='ltr'><strong>κατά</strong></span> <span class='ocrx_word' id='word_1_43' title='bbox 885 774 1019 827; x_wconf 73' lang='grc' dir='ltr'>Θεὸν</span> <span class='ocrx_word' id='word_1_44' title='bbox 1039 773 1185 842; x_wconf 84' lang='grc' dir='ltr'>λέγω</span> <span class='ocrx_word' id='word_1_45' title='bbox 1206 774 1375 843; x_wconf 79' lang='grc' dir='ltr'>ζωὴν,</span> <span class='ocrx_word' id='word_1_46' title='bbox 1403 773 1528 827; x_wconf 87' lang='grc' dir='ltr'>καθ’</span> <span class='ocrx_word' id='word_1_47' title='bbox 1550 772 1579 826; x_wconf 81' lang='grc' dir='ltr'><strong>ὃ</strong></span> <span class='ocrx_word' id='word_1_48' title='bbox 1607 775 1701 826; x_wconf 73' lang='grc' dir='ltr'><strong>καὶ</strong></span> <span class='ocrx_word' id='word_1_49' title='bbox 1732 775 1886 844; x_wconf 73' lang='grc' dir='ltr'>εἴρη-</span> 
     </span>
    </p>
   </div>
   <div class='ocr_carea' id='block_1_9' title="bbox 292 864 1900 937">
    <p class='ocr_par' dir='ltr' id='par_1_9' title="bbox 292 864 1900 937">
     <span class='ocr_line' id='line_1_9' title="bbox 292 864 1900 937; baseline -0.002 -16"><span class='ocrx_word' id='word_1_50' title='bbox 292 886 409 930; x_wconf 87' lang='grc' dir='ltr'>ται,</span> <span class='ocrx_word' id='word_1_51' title='bbox 464 870 545 922; x_wconf 82' lang='grc' dir='ltr'>ὅτι</span> <span class='ocrx_word' id='word_1_52' title='bbox 605 888 621 918; x_wconf 80' lang='lat' dir='ltr'><strong>t</strong></span> <span class='ocrx_word' id='word_1_53' title='bbox 665 867 738 919; x_wconf 82' lang='grc' dir='ltr'>Τὸ</span> <span class='ocrx_word' id='word_1_54' title='bbox 785 866 967 934; x_wconf 73' lang='grc' dir='ltr'>λόγιὸν</span> <span class='ocrx_word' id='word_1_55' title='bbox 1010 883 1103 918; x_wconf 85' lang='grc' dir='ltr'><strong>σου</strong></span> <span class='ocrx_word' id='word_1_56' title='bbox 1152 866 1318 936; x_wconf 73' lang='grc' dir='ltr'>ἕζησέ</span> <span class='ocrx_word' id='word_1_57' title='bbox 1369 883 1467 937; x_wconf 90' lang='grc' dir='ltr'>με·</span> <span class='ocrx_word' id='word_1_58' title='bbox 1512 885 1531 918; x_wconf 84' lang='grc'><strong>›</strong></span> <span class='ocrx_word' id='word_1_59' title='bbox 1580 864 1900 932; x_wconf 70' lang='grc' dir='ltr'>τουτέστιν,</span> 
     </span>
    </p>
   </div>
   <div class='ocr_carea' id='block_1_10' title="bbox 297 956 1892 1029">
    <p class='ocr_par' dir='ltr' id='par_1_10' title="bbox 297 956 1892 1029">
     <span class='ocr_line' id='line_1_10' title="bbox 297 956 1892 1029; baseline -0.001 -17"><span class='ocrx_word' id='word_1_60' title='bbox 297 958 570 1029; x_wconf 75' lang='grc' dir='ltr'>ἐπέστησέ</span> <span class='ocrx_word' id='word_1_61' title='bbox 614 975 682 1020; x_wconf 86' lang='grc' dir='ltr'><strong>με</strong></span> <span class='ocrx_word' id='word_1_62' title='bbox 712 956 923 1027; x_wconf 86' lang='grc' dir='ltr'>τρίϐοις</span> <span class='ocrx_word' id='word_1_63' title='bbox 967 957 1046 1025; x_wconf 83' lang='grc' dir='ltr'>τῷ</span> <span class='ocrx_word' id='word_1_64' title='bbox 1089 957 1205 1010; x_wconf 74' lang='grc' dir='ltr'>ὄντι</span> <span class='ocrx_word' id='word_1_65' title='bbox 1260 957 1449 1027; x_wconf 78' lang='grc' dir='ltr'>ζωῆς·</span> <span class='ocrx_word' id='word_1_66' title='bbox 1478 959 1621 1012; x_wconf 74' lang='grc' dir='ltr'>οὕτω</span> <span class='ocrx_word' id='word_1_67' title='bbox 1667 959 1763 1012; x_wconf 80' lang='grc' dir='ltr'>καὶ</span> <span class='ocrx_word' id='word_1_68' title='bbox 1794 959 1892 1012; x_wconf 80' lang='grc' dir='ltr'>θά-</span> 
     </span>
    </p>
   </div>
   <div class='ocr_carea' id='block_1_11' title="bbox 298 1048 1891 1118">
    <p class='ocr_par' dir='ltr' id='par_1_11' title="bbox 298 1048 1891 1118">
     <span class='ocr_line' id='line_1_11' title="bbox 298 1048 1891 1118; baseline -0.001 -15"><span class='ocrx_word' id='word_1_69' title='bbox 298 1068 456 1103; x_wconf 79' lang='grc' dir='ltr'>νατον</span> <span class='ocrx_word' id='word_1_70' title='bbox 494 1050 585 1102; x_wconf 84' lang='grc' dir='ltr'><strong>τὸν</strong></span> <span class='ocrx_word' id='word_1_71' title='bbox 619 1048 925 1118; x_wconf 85' lang='grc' dir='ltr'>πλημμελῆ</span> <span class='ocrx_word' id='word_1_72' title='bbox 956 1048 1090 1117; x_wconf 83' lang='grc' dir='ltr'>βίον,</span> <span class='ocrx_word' id='word_1_73' title='bbox 1141 1048 1215 1110; x_wconf 86' lang='grc' dir='ltr'>ὼς</span> <span class='ocrx_word' id='word_1_74' title='bbox 1258 1048 1409 1117; x_wconf 87' lang='grc' dir='ltr'><strong>δηλοῖ</strong></span> <span class='ocrx_word' id='word_1_75' title='bbox 1447 1049 1661 1112; x_wconf 81' lang='grc' dir='ltr'><strong>Παῦλος</strong></span> <span class='ocrx_word' id='word_1_76' title='bbox 1692 1050 1721 1101; x_wconf 81' lang='grc' dir='ltr'>ὁ</span> <span class='ocrx_word' id='word_1_77' title='bbox 1748 1048 1891 1113; x_wconf 85' lang='grc' dir='ltr'>θεῖος</span> 
     </span>
    </p>
   </div>
   <div class='ocr_carea' id='block_1_12' title="bbox 301 1139 1891 1211">
    <p class='ocr_par' dir='ltr' id='par_1_12' title="bbox 301 1139 1891 1211">
     <span class='ocr_line' id='line_1_12' title="bbox 301 1139 1891 1211; baseline 0.001 -20"><span class='ocrx_word' id='word_1_78' title='bbox 301 1141 432 1209; x_wconf 75' lang='grc' dir='ltr'>περὶ</span> <span class='ocrx_word' id='word_1_79' title='bbox 463 1141 571 1193; x_wconf 81' lang='grc' dir='ltr'><strong>τῶν</strong></span> <span class='ocrx_word' id='word_1_80' title='bbox 609 1140 669 1205; x_wconf 78' lang='grc' dir='ltr'>ἐξ</span> <span class='ocrx_word' id='word_1_81' title='bbox 702 1140 962 1201; x_wconf 73' lang='grc' dir='ltr'><strong>ἀπιστίας</strong></span> <span class='ocrx_word' id='word_1_82' title='bbox 991 1142 1071 1203; x_wconf 79' lang='grc' dir='ltr'>εἰς</span> <span class='ocrx_word' id='word_1_83' title='bbox 1107 1140 1206 1210; x_wconf 81' lang='grc' dir='ltr'>τὴν</span> <span class='ocrx_word' id='word_1_84' title='bbox 1237 1139 1476 1210; x_wconf 79' lang='grc' dir='ltr'>Χριστοῦ</span> <span class='ocrx_word' id='word_1_85' title='bbox 1511 1140 1694 1193; x_wconf 82' lang='grc' dir='ltr'>πίστιν</span> <span class='ocrx_word' id='word_1_86' title='bbox 1726 1158 1891 1211; x_wconf 86' lang='grc' dir='ltr'>μετα-</span> 
     </span>
    </p>
   </div>
   <div class='ocr_carea' id='block_1_13' title="bbox 298 1232 1892 1303">
    <p class='ocr_par' dir='ltr' id='par_1_13' title="bbox 298 1232 1892 1303">
     <span class='ocr_line' id='line_1_13' title="bbox 298 1232 1892 1303; baseline 0.001 -18"><span class='ocrx_word' id='word_1_87' title='bbox 298 1233 653 1303; x_wconf 84' lang='grc' dir='ltr'>ϐεϐηκότων,</span> <span class='ocrx_word' id='word_1_88' title='bbox 695 1232 840 1286; x_wconf 75' lang='grc' dir='ltr'>οὕτω</span> <span class='ocrx_word' id='word_1_89' title='bbox 887 1236 1118 1303; x_wconf 78' lang='grc' dir='ltr'>γράφων</span> <span class='ocrx_word' id='word_1_90' title='bbox 1170 1233 1356 1295; x_wconf 80' lang='grc' dir='ltr'>αὐτοῖς</span> <span class='ocrx_word' id='word_1_91' title='bbox 1383 1248 1397 1264; x_wconf 77' lang='grc' dir='ltr'><strong>ο</strong></span> <span class='ocrx_word' id='word_1_92' title='bbox 1457 1252 1474 1283; x_wconf 77' lang='grc' dir='ltr'><strong>ι</strong></span> <span class='ocrx_word' id='word_1_93' title='bbox 1519 1233 1630 1286; x_wconf 77' lang='grc' dir='ltr'><strong>Καὶ</strong></span> <span class='ocrx_word' id='word_1_94' title='bbox 1663 1234 1892 1303; x_wconf 79' lang='grc' dir='ltr'>νεκροὺς</span> 
     </span>
    </p>
   </div>
   <div class='ocr_carea' id='block_1_14' title="bbox 295 1324 1895 1396">
    <p class='ocr_par' dir='ltr' id='par_1_14' title="bbox 295 1324 1895 1396">
     <span class='ocr_line' id='line_1_14' title="bbox 295 1324 1895 1396; baseline 0.001 -18"><span class='ocrx_word' id='word_1_95' title='bbox 295 1326 465 1388; x_wconf 72' lang='grc' dir='ltr'>ὄντας</span> <span class='ocrx_word' id='word_1_96' title='bbox 497 1327 642 1394; x_wconf 78' lang='grc' dir='ltr'>ὑμᾶς</span> <span class='ocrx_word' id='word_1_97' title='bbox 687 1327 803 1386; x_wconf 83' lang='grc' dir='ltr'>τοῖς</span> <span class='ocrx_word' id='word_1_98' title='bbox 844 1324 1263 1396; x_wconf 71' lang='grc' dir='ltr'>παραπτώματι</span> <span class='ocrx_word' id='word_1_99' title='bbox 1305 1324 1385 1393; x_wconf 81' lang='grc' dir='ltr'>τῷ</span> <span class='ocrx_word' id='word_1_100' title='bbox 1431 1325 1674 1396; x_wconf 83' lang='grc' dir='ltr'>Χριστῷ.</span> <span class='ocrx_word' id='word_1_101' title='bbox 1728 1345 1746 1377; x_wconf 70' lang='grc' dir='ltr'><strong>ι</strong></span> <span class='ocrx_word' id='word_1_102' title='bbox 1785 1326 1895 1379; x_wconf 74' lang='grc' dir='ltr'><strong>Καὶ</strong></span> 
     </span>
    </p>
   </div>
   <div class='ocr_carea' id='block_1_15' title="bbox 295 1416 1895 1488">
    <p class='ocr_par' dir='ltr' id='par_1_15' title="bbox 295 1416 1895 1488">
     <span class='ocr_line' id='line_1_15' title="bbox 295 1416 1895 1488; baseline 0.001 -18"><span class='ocrx_word' id='word_1_103' title='bbox 295 1418 356 1470; x_wconf 80' lang='grc' dir='ltr'>ὲν</span> <span class='ocrx_word' id='word_1_104' title='bbox 384 1417 469 1488; x_wconf 82' lang='grc' dir='ltr'><strong>τῷ</strong></span> <span class='ocrx_word' id='word_1_105' title='bbox 496 1417 591 1470; x_wconf 81' lang='grc' dir='ltr'><strong>τοῦ</strong></span> <span class='ocrx_word' id='word_1_106' title='bbox 622 1416 888 1487; x_wconf 76' lang='grc' dir='ltr'>Ποιμένος</span> <span class='ocrx_word' id='word_1_107' title='bbox 919 1416 1110 1486; x_wconf 87' lang='grc' dir='ltr'>βιϐλίῳ</span> <span class='ocrx_word' id='word_1_108' title='bbox 1143 1416 1316 1480; x_wconf 77' lang='grc' dir='ltr'>οὕτως</span> <span class='ocrx_word' id='word_1_109' title='bbox 1348 1416 1725 1487; x_wconf 78' lang='grc' dir='ltr'>διαγορεύεται</span> <span class='ocrx_word' id='word_1_110' title='bbox 1751 1458 1764 1477; x_wconf 83' lang='grc'><strong>,</strong></span> <span class='ocrx_word' id='word_1_111' title='bbox 1795 1435 1895 1471; x_wconf 81' lang='grc' dir='ltr'>κα-</span> 
     </span>
    </p>
   </div>
   <div class='ocr_carea' id='block_1_16' title="bbox 294 1509 1891 1581">
    <p class='ocr_par' dir='ltr' id='par_1_16' title="bbox 294 1509 1891 1581">
     <span class='ocr_line' id='line_1_16' title="bbox 294 1509 1891 1581; baseline 0.006 -18"><span class='ocrx_word' id='word_1_112' title='bbox 294 1511 670 1581; x_wconf 86' lang='grc' dir='ltr'>ταϐεϐηκέναι</span> <span class='ocrx_word' id='word_1_113' title='bbox 720 1510 876 1574; x_wconf 85' lang='grc' dir='ltr'>τινάς</span> <span class='ocrx_word' id='word_1_114' title='bbox 924 1512 1004 1573; x_wconf 83' lang='grc' dir='ltr'>εἰς</span> <span class='ocrx_word' id='word_1_115' title='bbox 1050 1510 1111 1562; x_wconf 72' lang='grc' dir='ltr'><strong>τὸ</strong></span> <span class='ocrx_word' id='word_1_116' title='bbox 1150 1510 1299 1580; x_wconf 77' lang='grc' dir='ltr'>ὕδωρ</span> <span class='ocrx_word' id='word_1_117' title='bbox 1346 1510 1445 1577; x_wconf 80' lang='grc' dir='ltr'>τῆς</span> <span class='ocrx_word' id='word_1_118' title='bbox 1481 1509 1891 1580; x_wconf 74' lang='grc' dir='ltr'>κολυμϐήθρας,</span> 
     </span>
    </p>
   </div>
   <div class='ocr_carea' id='block_1_17' title="bbox 293 1599 1878 1679">
    <p class='ocr_par' dir='ltr' id='par_1_17' title="bbox 293 1599 1878 1679">
     <span class='ocr_line' id='line_1_17' title="bbox 293 1599 1878 1679; baseline 0.001 -24"><span class='ocrx_word' id='word_1_119' title='bbox 293 1602 546 1671; x_wconf 85' lang='grc' dir='ltr'>δηλονότι</span> <span class='ocrx_word' id='word_1_120' title='bbox 574 1602 830 1673; x_wconf 79' lang='grc' dir='ltr'>νεκροὺς.</span> <span class='ocrx_word' id='word_1_121' title='bbox 865 1604 960 1655; x_wconf 73' lang='grc' dir='ltr'>καὶ</span> <span class='ocrx_word' id='word_1_122' title='bbox 986 1600 1390 1671; x_wconf 85' lang='grc' dir='ltr'>ἀναϐεϐηκέναι</span> <span class='ocrx_word' id='word_1_123' title='bbox 1421 1599 1653 1665; x_wconf 81' lang='grc' dir='ltr'>ζῶντας.</span> <span class='ocrx_word' id='word_1_124' title='bbox 1854 1653 1878 1679; x_wconf 38' lang='grc' dir='ltr'>δ</span> 
     </span>
    </p>
   </div>
   <div class='ocr_carea' id='block_1_18' title="bbox 370 1691 1898 1764">
    <p class='ocr_par' dir='ltr' id='par_1_18' title="bbox 370 1691 1898 1764">
     <span class='ocr_line' id='line_1_18' title="bbox 370 1691 1898 1764; baseline -0.001 -18"><span class='ocrx_word' id='word_1_125' title='bbox 370 1695 564 1747; x_wconf 81' lang='grc' dir='ltr'>Γίνου</span> <span class='ocrx_word' id='word_1_126' title='bbox 600 1692 928 1764; x_wconf 77' lang='grc' dir='ltr'>γρηγορῶν,</span> <span class='ocrx_word' id='word_1_127' title='bbox 969 1693 1067 1746; x_wconf 74' lang='grc' dir='ltr'>καὶ</span> <span class='ocrx_word' id='word_1_128' title='bbox 1110 1692 1408 1761; x_wconf 76' lang='grc' dir='ltr'>στήριξον</span> <span class='ocrx_word' id='word_1_129' title='bbox 1437 1692 1511 1746; x_wconf 82' lang='grc' dir='ltr'>τὰ</span> <span class='ocrx_word' id='word_1_130' title='bbox 1551 1691 1755 1746; x_wconf 73' lang='grc' dir='ltr'>λοιπά.</span> <span class='ocrx_word' id='word_1_131' title='bbox 1793 1691 1898 1745; x_wconf 81' lang='grc' dir='ltr'><strong>Τὸν</strong></span> 
     </span>
    </p>
   </div>
   <div class='ocr_carea' id='block_1_19' title="bbox 299 1783 1894 1856">
    <p class='ocr_par' dir='ltr' id='par_1_19' title="bbox 299 1783 1894 1856">
     <span class='ocr_line' id='line_1_19' title="bbox 299 1783 1894 1856; baseline -0.001 -18"><span class='ocrx_word' id='word_1_132' title='bbox 299 1784 477 1839; x_wconf 76' lang='grc' dir='ltr'>ὕπνον</span> <span class='ocrx_word' id='word_1_133' title='bbox 523 1787 623 1855; x_wconf 82' lang='grc' dir='ltr'><strong>τῆς</strong></span> <span class='ocrx_word' id='word_1_134' title='bbox 672 1785 948 1856; x_wconf 75' lang='grc' dir='ltr'><strong>ῥᾳθυμίας</strong></span> <span class='ocrx_word' id='word_1_135' title='bbox 982 1785 1477 1855; x_wconf 79' lang='grc' dir='ltr'>ἀποτιναξάμενος,</span> <span class='ocrx_word' id='word_1_136' title='bbox 1520 1785 1613 1839; x_wconf 79' lang='grc' dir='ltr'><strong>καὶ</strong></span> <span class='ocrx_word' id='word_1_137' title='bbox 1648 1787 1715 1838; x_wconf 86' lang='grc' dir='ltr'><strong>τά</strong></span> <span class='ocrx_word' id='word_1_138' title='bbox 1759 1783 1894 1855; x_wconf 86' lang='grc' dir='ltr'>μέλη</span> 
     </span>
    </p>
   </div>
   <div class='ocr_carea' id='block_1_20' title="bbox 1992 578 3586 644">
    <p class='ocr_par' dir='ltr' id='par_1_20' title="bbox 1992 578 3586 644">
     <span class='ocr_line' id='line_1_20' title="bbox 1992 578 3586 644; baseline -0.006 -3"><span class='ocrx_word' id='word_1_139' title='bbox 1992 602 2114 641; x_wconf 90' lang='lat' dir='ltr'><strong>men</strong></span> <span class='ocrx_word' id='word_1_140' title='bbox 2133 584 2256 639; x_wconf 73' lang='lat' dir='ltr'><strong>vita:</strong></span> <span class='ocrx_word' id='word_1_141' title='bbox 2283 583 2406 637; x_wconf 98' lang='lat' dir='ltr'><strong>ﬁdei</strong></span> <span class='ocrx_word' id='word_1_142' title='bbox 2437 581 2654 644; x_wconf 84' lang='lat' dir='ltr'><strong>habeat,</strong></span> <span class='ocrx_word' id='word_1_143' title='bbox 2682 589 2899 634; x_wconf 83' lang='lat' dir='ltr'><strong>mortua</strong></span> <span class='ocrx_word' id='word_1_144' title='bbox 2919 593 3051 633; x_wconf 80' lang='lat' dir='ltr'><strong>vero</strong></span> <span class='ocrx_word' id='word_1_145' title='bbox 3078 579 3202 634; x_wconf 87' lang='lat' dir='ltr'><strong>sita</strong></span> <span class='ocrx_word' id='word_1_146' title='bbox 3231 578 3392 633; x_wconf 84' lang='lat' dir='ltr'><strong>bonis</strong></span> <span class='ocrx_word' id='word_1_147' title='bbox 3415 579 3586 633; x_wconf 86' lang='lat' dir='ltr'><strong>actio-</strong></span> 
     </span>
    </p>
   </div>
   <div class='ocr_carea' id='block_1_21' title="bbox 1990 668 3592 740">
    <p class='ocr_par' dir='ltr' id='par_1_21' title="bbox 1990 668 3592 740">
     <span class='ocr_line' id='line_1_21' title="bbox 1990 668 3592 740; baseline -0.006 -9"><span class='ocrx_word' id='word_1_148' title='bbox 1990 678 2173 731; x_wconf 87' lang='lat' dir='ltr'><strong>nibus.</strong></span> <span class='ocrx_word' id='word_1_149' title='bbox 2215 671 2694 740; x_wconf 79' lang='lat' dir='ltr'><strong>Quemadmodum</strong></span> <span class='ocrx_word' id='word_1_150' title='bbox 2738 669 2884 724; x_wconf 89' lang='lat' dir='ltr'><strong>enim</strong></span> <span class='ocrx_word' id='word_1_151' title='bbox 2917 668 3087 723; x_wconf 87' lang='lat' dir='ltr'><strong>vitam</strong></span> <span class='ocrx_word' id='word_1_152' title='bbox 3137 669 3415 738; x_wconf 86' lang='lat' dir='ltr'><strong>appellare</strong></span> <span class='ocrx_word' id='word_1_153' title='bbox 3452 669 3592 723; x_wconf 86' lang='lat' dir='ltr'><strong>solet</strong></span> 
     </span>
    </p>
   </div>
   <div class='ocr_carea' id='block_1_22' title="bbox 1992 760 3587 837">
    <p class='ocr_par' dir='ltr' id='par_1_22' title="bbox 1992 760 3587 837">
     <span class='ocr_line' id='line_1_22' title="bbox 1992 760 3587 837; baseline -0.005 -14"><span class='ocrx_word' id='word_1_154' title='bbox 1992 767 2275 837; x_wconf 75' lang='lat' dir='ltr'><strong>Scriptura</strong></span> <span class='ocrx_word' id='word_1_155' title='bbox 2336 763 2697 834; x_wconf 84' lang='lat' dir='ltr'><strong>probitatem,</strong></span> <span class='ocrx_word' id='word_1_156' title='bbox 2735 763 2927 826; x_wconf 87' lang='lat' dir='ltr'><strong>vitam,</strong></span> <span class='ocrx_word' id='word_1_157' title='bbox 2964 760 3216 831; x_wconf 88' lang='lat' dir='ltr'><strong>inquam,</strong></span> <span class='ocrx_word' id='word_1_158' title='bbox 3283 762 3587 815; x_wconf 74' lang='lat' dir='ltr'><strong>secundum</strong></span> 
     </span>
    </p>
   </div>
   <div class='ocr_carea' id='block_1_23' title="bbox 1992 852 3591 927">
    <p class='ocr_par' dir='ltr' id='par_1_23' title="bbox 1992 852 3591 927">
     <span class='ocr_line' id='line_1_23' title="bbox 1992 852 3591 927; baseline -0.002 -16"><span class='ocrx_word' id='word_1_159' title='bbox 1992 858 2182 923; x_wconf 88' lang='lat' dir='ltr'><strong>Deum,</strong></span> <span class='ocrx_word' id='word_1_160' title='bbox 2208 856 2364 927; x_wconf 77' lang='lat' dir='ltr'><strong>juxta</strong></span> <span class='ocrx_word' id='word_1_161' title='bbox 2395 855 2447 910; x_wconf 90' lang='lat' dir='ltr'><strong>id</strong></span> <span class='ocrx_word' id='word_1_162' title='bbox 2478 854 2625 925; x_wconf 87' lang='lat' dir='ltr'><strong>quod</strong></span> <span class='ocrx_word' id='word_1_163' title='bbox 2658 853 2864 908; x_wconf 87' lang='lat' dir='ltr'><strong>dictum</strong></span> <span class='ocrx_word' id='word_1_164' title='bbox 2900 861 3026 908; x_wconf 88' lang='lat' dir='ltr'><strong>est:</strong></span> <span class='ocrx_word' id='word_1_165' title='bbox 3062 871 3079 904; x_wconf 77' lang='grc' dir='ltr'><strong>ι</strong></span> <span class='ocrx_word' id='word_1_166' title='bbox 3118 852 3409 923; x_wconf 82' lang='lat' dir='ltr'><strong>Eloquium</strong></span> <span class='ocrx_word' id='word_1_167' title='bbox 3440 861 3591 908; x_wconf 87' lang='lat' dir='ltr'><strong>tuum</strong></span> 
     </span>
    </p>
   </div>
   <div class='ocr_carea' id='block_1_24' title="bbox 1991 945 3592 1017">
    <p class='ocr_par' dir='ltr' id='par_1_24' title="bbox 1991 945 3592 1017">
     <span class='ocr_line' id='line_1_24' title="bbox 1991 945 3592 1017; baseline -0.002 -12"><span class='ocrx_word' id='word_1_168' title='bbox 1991 950 2283 1006; x_wconf 88' lang='lat' dir='ltr'><strong>viviﬁcavit</strong></span> <span class='ocrx_word' id='word_1_169' title='bbox 2311 964 2398 1003; x_wconf 90' lang='lat' dir='ltr'><strong>me</strong></span> <span class='ocrx_word' id='word_1_170' title='bbox 2423 949 2493 1015; x_wconf 83' lang='lat'><strong>&quot;,</strong></span> <span class='ocrx_word' id='word_1_171' title='bbox 2522 969 2542 999; x_wconf 76' lang='grc' dir='ltr'><strong>ι</strong></span> <span class='ocrx_word' id='word_1_172' title='bbox 2580 948 2683 1001; x_wconf 92' lang='lat' dir='ltr'><strong>hoc</strong></span> <span class='ocrx_word' id='word_1_173' title='bbox 2708 958 2813 1012; x_wconf 91' lang='lat' dir='ltr'><strong>est,</strong></span> <span class='ocrx_word' id='word_1_174' title='bbox 2852 946 2906 999; x_wconf 91' lang='lat' dir='ltr'><strong>in</strong></span> <span class='ocrx_word' id='word_1_175' title='bbox 2938 945 3146 1002; x_wconf 89' lang='lat' dir='ltr'><strong>semitis</strong></span> <span class='ocrx_word' id='word_1_176' title='bbox 3175 946 3295 1015; x_wconf 85' lang='lat' dir='ltr'><strong>ejus</strong></span> <span class='ocrx_word' id='word_1_177' title='bbox 3316 962 3439 1017; x_wconf 73' lang='lat' dir='ltr'><strong>qum</strong></span> <span class='ocrx_word' id='word_1_178' title='bbox 3468 962 3592 1001; x_wconf 87' lang='lat' dir='ltr'><strong>vere</strong></span> 
     </span>
    </p>
   </div>
   <div class='ocr_carea' id='block_1_25' title="bbox 1993 1040 3589 1109">
    <p class='ocr_par' dir='ltr' id='par_1_25' title="bbox 1993 1040 3589 1109">
     <span class='ocr_line' id='line_1_25' title="bbox 1993 1040 3589 1109; baseline -0.003 -12"><span class='ocrx_word' id='word_1_179' title='bbox 1993 1042 2102 1096; x_wconf 88' lang='lat' dir='ltr'><strong>vita</strong></span> <span class='ocrx_word' id='word_1_180' title='bbox 2148 1054 2233 1097; x_wconf 89' lang='lat' dir='ltr'><strong>est</strong></span> <span class='ocrx_word' id='word_1_181' title='bbox 2265 1040 2557 1096; x_wconf 87' lang='lat' dir='ltr'><strong>collocavit</strong></span> <span class='ocrx_word' id='word_1_182' title='bbox 2600 1056 2614 1093; x_wconf 90' lang='lat'><strong>:</strong></span> <span class='ocrx_word' id='word_1_183' title='bbox 2666 1040 2740 1094; x_wconf 91' lang='lat' dir='ltr'><strong>ila</strong></span> <span class='ocrx_word' id='word_1_184' title='bbox 2771 1049 2825 1094; x_wconf 94' lang='lat' dir='ltr'><strong>et</strong></span> <span class='ocrx_word' id='word_1_185' title='bbox 2865 1046 3098 1094; x_wconf 89' lang='lat' dir='ltr'><strong>mortem</strong></span> <span class='ocrx_word' id='word_1_186' title='bbox 3146 1040 3379 1109; x_wconf 86' lang='lat' dir='ltr'><strong>appellat</strong></span> <span class='ocrx_word' id='word_1_187' title='bbox 3423 1041 3589 1094; x_wconf 88' lang='lat' dir='ltr'><strong>vitam</strong></span> 
     </span>
    </p>
   </div>
   <div class='ocr_carea' id='block_1_26' title="bbox 1936 1130 3594 1202">
    <p class='ocr_par' dir='ltr' id='par_1_26' title="bbox 1936 1130 3594 1202">
     <span class='ocr_line' id='line_1_26' title="bbox 1936 1130 3594 1202; baseline -0.001 -15"><span class='ocrx_word' id='word_1_188' title='bbox 1936 1132 1939 1135; x_wconf 83' lang='grc'><em>’</em></span> <span class='ocrx_word' id='word_1_189' title='bbox 1993 1134 2273 1197; x_wconf 73' lang='lat' dir='ltr'><strong>vitiosam,</strong></span> <span class='ocrx_word' id='word_1_190' title='bbox 2316 1132 2488 1188; x_wconf 82' lang='lat' dir='ltr'><strong>veluti</strong></span> <span class='ocrx_word' id='word_1_191' title='bbox 2525 1130 2798 1202; x_wconf 73' lang='lat' dir='ltr'><strong>signiﬁcat</strong></span> <span class='ocrx_word' id='word_1_192' title='bbox 2827 1132 2988 1185; x_wconf 87' lang='lat' dir='ltr'><strong>divus</strong></span> <span class='ocrx_word' id='word_1_193' title='bbox 3018 1132 3225 1187; x_wconf 88' lang='lat' dir='ltr'><strong>Paulus</strong></span> <span class='ocrx_word' id='word_1_194' title='bbox 3269 1132 3337 1187; x_wconf 90' lang='lat' dir='ltr'><strong>de</strong></span> <span class='ocrx_word' id='word_1_195' title='bbox 3367 1133 3451 1187; x_wconf 90' lang='lat' dir='ltr'><strong>his</strong></span> <span class='ocrx_word' id='word_1_196' title='bbox 3498 1134 3594 1202; x_wconf 88' lang='lat' dir='ltr'><strong>qui</strong></span> 
     </span>
    </p>
   </div>
   <div class='ocr_carea' id='block_1_27' title="bbox 1995 1223 3593 1289">
    <p class='ocr_par' dir='ltr' id='par_1_27' title="bbox 1995 1223 3593 1289">
     <span class='ocr_line' id='line_1_27' title="bbox 1995 1223 3593 1289; baseline -0.002 -8"><span class='ocrx_word' id='word_1_197' title='bbox 1995 1226 2067 1281; x_wconf 87' lang='lat' dir='ltr'><strong>ab</strong></span> <span class='ocrx_word' id='word_1_198' title='bbox 2095 1225 2484 1282; x_wconf 87' lang='lat' dir='ltr'><strong>incredulitate</strong></span> <span class='ocrx_word' id='word_1_199' title='bbox 2519 1224 2587 1278; x_wconf 86' lang='lat' dir='ltr'><strong>ad</strong></span> <span class='ocrx_word' id='word_1_200' title='bbox 2618 1224 2825 1278; x_wconf 88' lang='lat' dir='ltr'><strong>Christi</strong></span> <span class='ocrx_word' id='word_1_201' title='bbox 2871 1223 3030 1278; x_wconf 89' lang='lat' dir='ltr'><strong>ﬁdem</strong></span> <span class='ocrx_word' id='word_1_202' title='bbox 3067 1224 3438 1289; x_wconf 84' lang='lat' dir='ltr'><strong>transierant,</strong></span> <span class='ocrx_word' id='word_1_203' title='bbox 3469 1241 3593 1278; x_wconf 89' lang='lat' dir='ltr'><strong>cum</strong></span> 
     </span>
    </p>
   </div>
   <div class='ocr_carea' id='block_1_28' title="bbox 1997 1314 3598 1374">
    <p class='ocr_par' dir='ltr' id='par_1_28' title="bbox 1997 1314 3598 1374">
     <span class='ocr_line' id='line_1_28' title="bbox 1997 1314 3598 1374; baseline -0.004 -2"><span class='ocrx_word' id='word_1_204' title='bbox 1997 1320 2071 1374; x_wconf 88' lang='lat' dir='ltr'><strong>ita</strong></span> <span class='ocrx_word' id='word_1_205' title='bbox 2102 1318 2294 1374; x_wconf 85' lang='lat' dir='ltr'><strong>scribit</strong></span> <span class='ocrx_word' id='word_1_206' title='bbox 2319 1318 2385 1372; x_wconf 90' lang='lat' dir='ltr'><strong>ad</strong></span> <span class='ocrx_word' id='word_1_207' title='bbox 2416 1316 2541 1372; x_wconf 89' lang='lat' dir='ltr'><strong>illos</strong></span> <span class='ocrx_word' id='word_1_208' title='bbox 2573 1334 2585 1369; x_wconf 94' lang='lat'>:</span> <span class='ocrx_word' id='word_1_209' title='bbox 2623 1334 2641 1366; x_wconf 74' lang='grc' dir='ltr'><strong>ι</strong></span> <span class='ocrx_word' id='word_1_210' title='bbox 2680 1314 2746 1369; x_wconf 88' lang='grc' dir='ltr'>Ει</span> <span class='ocrx_word' id='word_1_211' title='bbox 2773 1331 2899 1369; x_wconf 84' lang='lat' dir='ltr'><strong>cum</strong></span> <span class='ocrx_word' id='word_1_212' title='bbox 2926 1315 3126 1369; x_wconf 92' lang='lat' dir='ltr'><strong>mortui</strong></span> <span class='ocrx_word' id='word_1_213' title='bbox 3152 1315 3351 1371; x_wconf 76' lang='lat' dir='ltr'><strong>essetis</strong></span> <span class='ocrx_word' id='word_1_214' title='bbox 3371 1314 3598 1369; x_wconf 83' lang='lat' dir='ltr'><strong>Christo</strong></span> 
     </span>
    </p>
   </div>
   <div class='ocr_carea' id='block_1_29' title="bbox 1996 1404 3598 1483">
    <p class='ocr_par' dir='ltr' id='par_1_29' title="bbox 1996 1404 3598 1483">
     <span class='ocr_line' id='line_1_29' title="bbox 1996 1404 3598 1483; baseline -0.003 -17"><span class='ocrx_word' id='word_1_215' title='bbox 1996 1428 2092 1483; x_wconf 87' lang='lat' dir='ltr'><strong>per</strong></span> <span class='ocrx_word' id='word_1_216' title='bbox 2130 1412 2327 1465; x_wconf 89' lang='lat' dir='ltr'><strong>delicta</strong></span> <span class='ocrx_word' id='word_1_217' title='bbox 2356 1410 2423 1463; x_wconf 79' lang='grc'><strong>⁸⁷.</strong></span> <span class='ocrx_word' id='word_1_218' title='bbox 2483 1429 2502 1462; x_wconf 86' lang='grc'><strong>›</strong></span> <span class='ocrx_word' id='word_1_219' title='bbox 2544 1408 2611 1462; x_wconf 87' lang='grc' dir='ltr'>Ει</span> <span class='ocrx_word' id='word_1_220' title='bbox 2665 1408 2722 1461; x_wconf 87' lang='lat' dir='ltr'><strong>in</strong></span> <span class='ocrx_word' id='word_1_221' title='bbox 2776 1408 2921 1461; x_wconf 87' lang='lat' dir='ltr'><strong>Iihro</strong></span> <span class='ocrx_word' id='word_1_222' title='bbox 2976 1404 3225 1462; x_wconf 87' lang='lat' dir='ltr'><strong>Pastoris</strong></span> <span class='ocrx_word' id='word_1_223' title='bbox 3277 1407 3478 1461; x_wconf 90' lang='lat' dir='ltr'><strong>dicitur</strong></span> <span class='ocrx_word' id='word_1_224' title='bbox 3522 1408 3598 1461; x_wconf 84' lang='lat' dir='ltr'><strong>ita</strong></span> 
     </span>
    </p>
   </div>
   <div class='ocr_carea' id='block_1_30' title="bbox 1996 1498 3601 1575">
    <p class='ocr_par' dir='ltr' id='par_1_30' title="bbox 1996 1498 3601 1575">
     <span class='ocr_line' id='line_1_30' title="bbox 1996 1498 3601 1575; baseline -0.004 -16"><span class='ocrx_word' id='word_1_225' title='bbox 1996 1506 2265 1575; x_wconf 86' lang='lat' dir='ltr'><strong>quosdam</strong></span> <span class='ocrx_word' id='word_1_226' title='bbox 2320 1503 2373 1557; x_wconf 91' lang='lat' dir='ltr'><strong>in</strong></span> <span class='ocrx_word' id='word_1_227' title='bbox 2425 1517 2625 1571; x_wconf 86' lang='lat' dir='ltr'><strong>aquam</strong></span> <span class='ocrx_word' id='word_1_228' title='bbox 2683 1500 2889 1556; x_wconf 84' lang='lat' dir='ltr'><strong>lavacri</strong></span> <span class='ocrx_word' id='word_1_229' title='bbox 2957 1498 3347 1567; x_wconf 87' lang='lat' dir='ltr'><strong>descendisse,</strong></span> <span class='ocrx_word' id='word_1_230' title='bbox 3404 1514 3601 1568; x_wconf 90' lang='lat' dir='ltr'><strong>nempe</strong></span> 
     </span>
    </p>
   </div>
   <div class='ocr_carea' id='block_1_31' title="bbox 1998 1591 3020 1657">
    <p class='ocr_par' dir='ltr' id='par_1_31' title="bbox 1998 1591 3020 1657">
     <span class='ocr_line' id='line_1_31' title="bbox 1998 1591 3020 1657; baseline -0.001 -10"><span class='ocrx_word' id='word_1_231' title='bbox 1998 1603 2270 1657; x_wconf 88' lang='lat' dir='ltr'><strong>mortuos,</strong></span> <span class='ocrx_word' id='word_1_232' title='bbox 2308 1601 2361 1647; x_wconf 87' lang='lat' dir='ltr'><strong>et</strong></span> <span class='ocrx_word' id='word_1_233' title='bbox 2395 1592 2715 1648; x_wconf 85' lang='lat' dir='ltr'><strong>ascendisse</strong></span> <span class='ocrx_word' id='word_1_234' title='bbox 2748 1591 3020 1647; x_wconf 85' lang='lat' dir='ltr'><strong>viventes.</strong></span> 
     </span>
    </p>
   </div>
   <div class='ocr_carea' id='block_1_32' title="bbox 2071 1683 3603 1756">
    <p class='ocr_par' dir='ltr' id='par_1_32' title="bbox 2071 1683 3603 1756">
     <span class='ocr_line' id='line_1_32' title="bbox 2071 1683 3603 1756; baseline -0.002 -17"><span class='ocrx_word' id='word_1_235' title='bbox 2071 1684 2201 1739; x_wconf 84' lang='lat' dir='ltr'><strong>Esto</strong></span> <span class='ocrx_word' id='word_1_236' title='bbox 2242 1686 2468 1756; x_wconf 79' lang='lat' dir='ltr'><strong>vigilans</strong></span> <span class='ocrx_word' id='word_1_237' title='bbox 2492 1696 2541 1739; x_wconf 85' lang='lat' dir='ltr'><strong>et</strong></span> <span class='ocrx_word' id='word_1_238' title='bbox 2578 1684 2837 1754; x_wconf 82' lang='lat' dir='ltr'><strong>conﬁrma</strong></span> <span class='ocrx_word' id='word_1_239' title='bbox 2876 1692 3093 1739; x_wconf 71' lang='lat' dir='ltr'><strong>uetera.</strong></span> <span class='ocrx_word' id='word_1_240' title='bbox 3126 1683 3375 1739; x_wconf 80' lang='lat' dir='ltr'><strong>Excusso</strong></span> <span class='ocrx_word' id='word_1_241' title='bbox 3407 1697 3603 1738; x_wconf 88' lang='lat' dir='ltr'><strong>sonmo</strong></span> 
     </span>
    </p>
   </div>
   <div class='ocr_carea' id='block_1_33' title="bbox 2002 1775 3602 1845">
    <p class='ocr_par' dir='ltr' id='par_1_33' title="bbox 2002 1775 3602 1845">
     <span class='ocr_line' id='line_1_33' title="bbox 2002 1775 3602 1845; baseline -0.003 -12"><span class='ocrx_word' id='word_1_242' title='bbox 2002 1779 2266 1833; x_wconf 66' lang='lat' dir='ltr'><strong>snt-ordia:</strong></span> <span class='ocrx_word' id='word_1_243' title='bbox 2286 1820 2301 1844; x_wconf 88' lang='lat'><strong>,</strong></span> <span class='ocrx_word' id='word_1_244' title='bbox 2327 1778 2572 1831; x_wconf 88' lang='lat' dir='ltr'><strong>membra</strong></span> <span class='ocrx_word' id='word_1_245' title='bbox 2604 1785 2695 1831; x_wconf 88' lang='lat' dir='ltr'><strong>tua</strong></span> <span class='ocrx_word' id='word_1_246' title='bbox 2732 1792 2855 1845; x_wconf 80' lang='lat' dir='ltr'><strong>quae</strong></span> <span class='ocrx_word' id='word_1_247' title='bbox 2898 1776 2970 1829; x_wconf 91' lang='lat' dir='ltr'><strong>ob</strong></span> <span class='ocrx_word' id='word_1_248' title='bbox 3001 1775 3440 1831; x_wconf 86' lang='lat' dir='ltr'><strong>incredulitatem</strong></span> <span class='ocrx_word' id='word_1_249' title='bbox 3477 1791 3602 1844; x_wconf 86' lang='lat' dir='ltr'><strong>per—</strong></span> 
     </span>
    </p>
   </div>
   <div class='ocr_carea' id='block_1_34' title="bbox 299 1860 1904 1948">
    <p class='ocr_par' dir='ltr' id='par_1_34' title="bbox 299 1876 1897 1948">
     <span class='ocr_line' id='line_1_34' title="bbox 299 1876 1897 1948; baseline 0.001 -20"><span class='ocrx_word' id='word_1_250' title='bbox 299 1893 403 1929; x_wconf 83' lang='grc' dir='ltr'><strong>σου</strong></span> <span class='ocrx_word' id='word_1_251' title='bbox 448 1877 518 1930; x_wconf 82' lang='grc' dir='ltr'>τὰ</span> <span class='ocrx_word' id='word_1_252' title='bbox 559 1876 934 1944; x_wconf 79' lang='grc' dir='ltr'>ἀποθνήσκειν</span> <span class='ocrx_word' id='word_1_253' title='bbox 971 1877 1169 1941; x_wconf 80' lang='grc' dir='ltr'>τελέως</span> <span class='ocrx_word' id='word_1_254' title='bbox 1207 1876 1470 1948; x_wconf 88' lang='grc' dir='ltr'>μέλλοντα</span> <span class='ocrx_word' id='word_1_255' title='bbox 1498 1877 1567 1929; x_wconf 81' lang='grc' dir='ltr'><strong>δι’</strong></span> <span class='ocrx_word' id='word_1_256' title='bbox 1612 1879 1897 1941; x_wconf 78' lang='grc' dir='ltr'>ἀπιστίαν,</span> 
     </span>
    </p>
   </div>
   <div class='ocr_carea' id='block_1_35' title="bbox 2006 1860 3605 1948">
    <p class='ocr_par' dir='ltr' id='par_1_35' title="bbox 2006 1866 3605 1937">
     <span class='ocr_line' id='line_1_35' title="bbox 2006 1866 3605 1937; baseline -0.003 -13"><span class='ocrx_word' id='word_1_257' title='bbox 2006 1871 2145 1925; x_wconf 79' lang='lat' dir='ltr'><strong>lecte</strong></span> <span class='ocrx_word' id='word_1_258' title='bbox 2177 1871 2444 1924; x_wconf 89' lang='lat' dir='ltr'><strong>moritura</strong></span> <span class='ocrx_word' id='word_1_259' title='bbox 2474 1877 2660 1933; x_wconf 85' lang='lat' dir='ltr'><strong>erant,</strong></span> <span class='ocrx_word' id='word_1_260' title='bbox 2699 1868 2988 1921; x_wconf 82' lang='lat' dir='ltr'><strong>conﬁrma.</strong></span> <span class='ocrx_word' id='word_1_261' title='bbox 3025 1866 3211 1937; x_wconf 81' lang='lat' dir='ltr'><strong>Neque</strong></span> <span class='ocrx_word' id='word_1_262' title='bbox 3244 1866 3391 1920; x_wconf 90' lang='lat' dir='ltr'><strong>enim</strong></span> <span class='ocrx_word' id='word_1_263' title='bbox 3430 1866 3605 1920; x_wconf 82' lang='lat' dir='ltr'><strong>hono-</strong></span> 
     </span>
    </p>
   </div>
   <div class='ocr_carea' id='block_1_36' title="bbox 301 1966 1901 2039">
    <p class='ocr_par' dir='ltr' id='par_1_36' title="bbox 301 1966 1901 2039">
     <span class='ocr_line' id='line_1_36' title="bbox 301 1966 1901 2039; baseline 0.001 -20"><span class='ocrx_word' id='word_1_264' title='bbox 301 1966 595 2039; x_wconf 74' lang='grc' dir='ltr'>Στήριξον.</span> <span class='ocrx_word' id='word_1_265' title='bbox 643 1967 720 2020; x_wconf 83' lang='grc' dir='ltr'><strong>Οὐ</strong></span> <span class='ocrx_word' id='word_1_266' title='bbox 771 1966 881 2038; x_wconf 82' lang='grc' dir='ltr'>γὰρ</span> <span class='ocrx_word' id='word_1_267' title='bbox 924 1968 957 2037; x_wconf 77' lang='grc' dir='ltr'>ὴ</span> <span class='ocrx_word' id='word_1_268' title='bbox 992 1968 1139 2039; x_wconf 78' lang='grc' dir='ltr'>ἀρχὴ</span> <span class='ocrx_word' id='word_1_269' title='bbox 1186 1967 1296 2023; x_wconf 85' lang='grc' dir='ltr'>τῶν</span> <span class='ocrx_word' id='word_1_270' title='bbox 1335 1967 1556 2035; x_wconf 83' lang='grc' dir='ltr'>ἀγαθῶν</span> <span class='ocrx_word' id='word_1_271' title='bbox 1588 1967 1765 2038; x_wconf 78' lang='grc' dir='ltr'>ἔργων</span> <span class='ocrx_word' id='word_1_272' title='bbox 1806 1969 1901 2021; x_wconf 67' lang='grc' dir='ltr'>τὸν</span> 
     </span>
    </p>
   </div>
   <div class='ocr_carea' id='block_1_37' title="bbox 296 2057 1903 2129">
    <p class='ocr_par' dir='ltr' id='par_1_37' title="bbox 296 2057 1903 2129">
     <span class='ocr_line' id='line_1_37' title="bbox 296 2057 1903 2129; baseline 0.001 -19"><span class='ocrx_word' id='word_1_273' title='bbox 296 2059 548 2128; x_wconf 74' lang='grc' dir='ltr'>ἐργάτην</span> <span class='ocrx_word' id='word_1_274' title='bbox 593 2060 875 2127; x_wconf 79' lang='grc' dir='ltr'>στεφανοῖ,</span> <span class='ocrx_word' id='word_1_275' title='bbox 915 2058 1033 2112; x_wconf 90' lang='grc' dir='ltr'>ἀλλ’</span> <span class='ocrx_word' id='word_1_276' title='bbox 1062 2060 1096 2128; x_wconf 81' lang='grc' dir='ltr'>ἠ</span> <span class='ocrx_word' id='word_1_277' title='bbox 1126 2057 1366 2129; x_wconf 79' lang='grc' dir='ltr'>ἐπιμονὴ</span> <span class='ocrx_word' id='word_1_278' title='bbox 1395 2058 1525 2129; x_wconf 78' lang='grc' dir='ltr'>ἄχρι</span> <span class='ocrx_word' id='word_1_279' title='bbox 1573 2059 1782 2121; x_wconf 82' lang='grc' dir='ltr'>τέλους.</span> <span class='ocrx_word' id='word_1_280' title='bbox 1826 2058 1903 2111; x_wconf 81' lang='grc' dir='ltr'><strong>Τὸ</strong></span> 
     </span>
    </p>
   </div>
   <div class='ocr_carea' id='block_1_38' title="bbox 301 2149 1903 2221">
    <p class='ocr_par' dir='ltr' id='par_1_38' title="bbox 301 2149 1903 2221">
     <span class='ocr_line' id='line_1_38' title="bbox 301 2149 1903 2221; baseline -0.001 -18"><span class='ocrx_word' id='word_1_281' title='bbox 301 2150 604 2219; x_wconf 66' lang='grc' dir='ltr'>στγῖριξον</span> <span class='ocrx_word' id='word_1_282' title='bbox 641 2150 723 2215; x_wconf 79' lang='grc' dir='ltr'><strong>δὲ,</strong></span> <span class='ocrx_word' id='word_1_283' title='bbox 777 2150 877 2220; x_wconf 76' lang='grc' dir='ltr'><strong>οὐχ</strong></span> <span class='ocrx_word' id='word_1_284' title='bbox 932 2150 1120 2213; x_wconf 80' lang='grc' dir='ltr'>ἀπλῶς</span> <span class='ocrx_word' id='word_1_285' title='bbox 1152 2151 1402 2221; x_wconf 72' lang='grc' dir='ltr'>εἴρηται,</span> <span class='ocrx_word' id='word_1_286' title='bbox 1448 2149 1585 2203; x_wconf 84' lang='grc' dir='ltr'><strong>ἀλλά</strong></span> <span class='ocrx_word' id='word_1_287' title='bbox 1632 2149 1694 2202; x_wconf 86' lang='grc' dir='ltr'><strong>τὸ</strong></span> <span class='ocrx_word' id='word_1_288' title='bbox 1737 2150 1903 2202; x_wconf 75' lang='grc' dir='ltr'>οἱονεὶ</span> 
     </span>
    </p>
   </div>
   <div class='ocr_carea' id='block_1_39' title="bbox 302 2241 1903 2314">
    <p class='ocr_par' dir='ltr' id='par_1_39' title="bbox 302 2241 1903 2314">
     <span class='ocr_line' id='line_1_39' title="bbox 302 2241 1903 2314; baseline -0.002 -18"><span class='ocrx_word' id='word_1_289' title='bbox 302 2242 740 2314; x_wconf 76' lang='grc' dir='ltr'>περροποίησον</span> <span class='ocrx_word' id='word_1_290' title='bbox 767 2243 863 2296; x_wconf 75' lang='grc' dir='ltr'><strong>καὶ</strong></span> <span class='ocrx_word' id='word_1_291' title='bbox 889 2242 1275 2313; x_wconf 80' lang='grc' dir='ltr'>ὲνδυνάμωσον</span> <span class='ocrx_word' id='word_1_292' title='bbox 1308 2241 1525 2313; x_wconf 79' lang='grc' dir='ltr'>χαλαρά</span> <span class='ocrx_word' id='word_1_293' title='bbox 1557 2258 1615 2294; x_wconf 91' lang='grc' dir='ltr'><strong>τε</strong></span> <span class='ocrx_word' id='word_1_294' title='bbox 1644 2241 1773 2293; x_wconf 80' lang='grc' dir='ltr'>ὅντα</span> <span class='ocrx_word' id='word_1_295' title='bbox 1806 2242 1903 2294; x_wconf 76' lang='grc' dir='ltr'>καὶ</span> 
     </span>
    </p>
   </div>
   <div class='ocr_carea' id='block_1_40' title="bbox 298 2332 1902 2405">
    <p class='ocr_par' dir='ltr' id='par_1_40' title="bbox 298 2332 1902 2405">
     <span class='ocr_line' id='line_1_40' title="bbox 298 2332 1902 2405; baseline -0.001 -18"><span class='ocrx_word' id='word_1_296' title='bbox 298 2335 449 2403; x_wconf 75' lang='grc' dir='ltr'>πρὸς</span> <span class='ocrx_word' id='word_1_297' title='bbox 483 2333 689 2388; x_wconf 82' lang='grc' dir='ltr'>πτῶσιν</span> <span class='ocrx_word' id='word_1_298' title='bbox 726 2334 1076 2405; x_wconf 82' lang='grc' dir='ltr'>ὲτοιμότατα.</span> <span class='ocrx_word' id='word_1_299' title='bbox 1125 2334 1246 2403; x_wconf 80' lang='grc' dir='ltr'><strong>Ἐφ’</strong></span> <span class='ocrx_word' id='word_1_300' title='bbox 1288 2335 1411 2386; x_wconf 84' lang='grc' dir='ltr'>ὅσον</span> <span class='ocrx_word' id='word_1_301' title='bbox 1436 2332 1530 2386; x_wconf 79' lang='grc' dir='ltr'><strong>οὖν</strong></span> <span class='ocrx_word' id='word_1_302' title='bbox 1577 2332 1902 2405; x_wconf 82' lang='grc' dir='ltr'>περιλείπε-</span> 
     </span>
    </p>
   </div>
   <div class='ocr_carea' id='block_1_41' title="bbox 297 2425 1903 2496">
    <p class='ocr_par' dir='ltr' id='par_1_41' title="bbox 297 2425 1903 2496">
     <span class='ocr_line' id='line_1_41' title="bbox 297 2425 1903 2496; baseline -0.001 -17"><span class='ocrx_word' id='word_1_303' title='bbox 297 2425 396 2479; x_wconf 87' lang='grc' dir='ltr'><strong>ταί</strong></span> <span class='ocrx_word' id='word_1_304' title='bbox 437 2442 521 2479; x_wconf 87' lang='grc' dir='ltr'><strong>σοι</strong></span> <span class='ocrx_word' id='word_1_305' title='bbox 567 2426 778 2496; x_wconf 81' lang='grc' dir='ltr'>βραχέα</span> <span class='ocrx_word' id='word_1_306' title='bbox 815 2425 1254 2496; x_wconf 75' lang='grc' dir='ltr'>ἐπιτηδεύματα,</span> <span class='ocrx_word' id='word_1_307' title='bbox 1315 2426 1474 2495; x_wconf 65' lang='grc' dir='ltr'>φησι,</span> <span class='ocrx_word' id='word_1_308' title='bbox 1521 2425 1780 2495; x_wconf 73' lang='grc' dir='ltr'>πρόσθες,</span> <span class='ocrx_word' id='word_1_309' title='bbox 1815 2427 1903 2478; x_wconf 81' lang='grc' dir='ltr'><strong>ἴνα</strong></span> 
     </span>
    </p>
   </div>
   <div class='ocr_carea' id='block_1_42' title="bbox 301 2516 1905 2590">
    <p class='ocr_par' dir='ltr' id='par_1_42' title="bbox 301 2516 1905 2590">
     <span class='ocr_line' id='line_1_42' title="bbox 301 2516 1905 2590; baseline -0.008 -18"><span class='ocrx_word' id='word_1_310' title='bbox 301 2518 385 2589; x_wconf 81' lang='grc' dir='ltr'>μὴ</span> <span class='ocrx_word' id='word_1_311' title='bbox 421 2517 604 2572; x_wconf 81' lang='grc' dir='ltr'>τέλεον</span> <span class='ocrx_word' id='word_1_312' title='bbox 648 2517 980 2590; x_wconf 80' lang='grc' dir='ltr'>ἀποσπάσῃς</span> <span class='ocrx_word' id='word_1_313' title='bbox 1032 2517 1285 2572; x_wconf 88' lang='grc' dir='ltr'>θάνατον.</span> <span class='ocrx_word' id='word_1_314' title='bbox 1330 2516 1519 2571; x_wconf 80' lang='grc' dir='ltr'>Ταῦτα</span> <span class='ocrx_word' id='word_1_315' title='bbox 1557 2517 1690 2587; x_wconf 81' lang='grc' dir='ltr'>γοῦν</span> <span class='ocrx_word' id='word_1_316' title='bbox 1727 2518 1905 2586; x_wconf 69' lang='grc' dir='ltr'>φύὶα..</span> 
     </span>
    </p>
   </div>
   <div class='ocr_carea' id='block_1_43' title="bbox 300 2609 1906 2683">
    <p class='ocr_par' dir='ltr' id='par_1_43' title="bbox 300 2609 1906 2683">
     <span class='ocr_line' id='line_1_43' title="bbox 300 2609 1906 2683; baseline 0.001 -20"><span class='ocrx_word' id='word_1_317' title='bbox 300 2612 403 2678; x_wconf 82' lang='grc' dir='ltr'>ξον</span> <span class='ocrx_word' id='word_1_318' title='bbox 454 2611 522 2663; x_wconf 85' lang='grc' dir='ltr'><strong>τά</strong></span> <span class='ocrx_word' id='word_1_319' title='bbox 564 2610 669 2681; x_wconf 72' lang='grc' dir='ltr'><strong>ήδη</strong></span> <span class='ocrx_word' id='word_1_320' title='bbox 700 2609 902 2674; x_wconf 76' lang='grc' dir='ltr'>ζῶντα,</span> <span class='ocrx_word' id='word_1_321' title='bbox 948 2612 1133 2664; x_wconf 76' lang='grc' dir='ltr'>ἐκεῖνα</span> <span class='ocrx_word' id='word_1_322' title='bbox 1167 2610 1224 2662; x_wconf 74' lang='grc' dir='ltr'>δὲ</span> <span class='ocrx_word' id='word_1_323' title='bbox 1255 2610 1509 2683; x_wconf 81' lang='grc' dir='ltr'>στήριξον</span> <span class='ocrx_word' id='word_1_324' title='bbox 1542 2611 1608 2664; x_wconf 88' lang='grc' dir='ltr'><strong>τά</strong></span> <span class='ocrx_word' id='word_1_325' title='bbox 1643 2611 1780 2682; x_wconf 85' lang='grc' dir='ltr'>πρὸς</span> <span class='ocrx_word' id='word_1_326' title='bbox 1808 2610 1906 2665; x_wconf 80' lang='grc' dir='ltr'>θάο</span> 
     </span>
    </p>
   </div>
   <div class='ocr_carea' id='block_1_44' title="bbox 301 2701 1907 2774">
    <p class='ocr_par' dir='ltr' id='par_1_44' title="bbox 301 2701 1907 2774">
     <span class='ocr_line' id='line_1_44' title="bbox 301 2701 1907 2774; baseline -0.001 -17"><span class='ocrx_word' id='word_1_327' title='bbox 301 2721 475 2758; x_wconf 84' lang='grc' dir='ltr'>νατον</span> <span class='ocrx_word' id='word_1_328' title='bbox 505 2703 608 2774; x_wconf 67' lang='grc' dir='ltr'><strong>ἤδη</strong></span> <span class='ocrx_word' id='word_1_329' title='bbox 640 2703 899 2774; x_wconf 73' lang='grc' dir='ltr'>ῥέποντα.</span> <span class='ocrx_word' id='word_1_330' title='bbox 932 2701 1103 2755; x_wconf 77' lang='grc' dir='ltr'>Οὐδὲν</span> <span class='ocrx_word' id='word_1_331' title='bbox 1135 2702 1245 2772; x_wconf 86' lang='grc' dir='ltr'><strong>γάρ</strong></span> <span class='ocrx_word' id='word_1_332' title='bbox 1277 2719 1372 2756; x_wconf 90' lang='grc' dir='ltr'><strong>σου</strong></span> <span class='ocrx_word' id='word_1_333' title='bbox 1409 2701 1519 2755; x_wconf 86' lang='grc' dir='ltr'>τῶν</span> <span class='ocrx_word' id='word_1_334' title='bbox 1550 2702 1907 2772; x_wconf 82' lang='grc' dir='ltr'>σπουδασμά-</span> 
     </span>
    </p>
   </div>
   <div class='ocr_carea' id='block_1_45' title="bbox 302 2790 1907 2863">
    <p class='ocr_par' dir='ltr' id='par_1_45' title="bbox 302 2790 1907 2863">
     <span class='ocr_line' id='line_1_45' title="bbox 302 2790 1907 2863; baseline -0.001 -16"><span class='ocrx_word' id='word_1_335' title='bbox 302 2811 423 2847; x_wconf 89' lang='grc' dir='ltr'><strong>των</strong></span> <span class='ocrx_word' id='word_1_336' title='bbox 458 2793 669 2863; x_wconf 79' lang='grc' dir='ltr'>πλῆρές</span> <span class='ocrx_word' id='word_1_337' title='bbox 718 2794 887 2846; x_wconf 75' lang='grc' dir='ltr'>ἐστιν.</span> <span class='ocrx_word' id='word_1_338' title='bbox 930 2791 1094 2844; x_wconf 84' lang='grc' dir='ltr'>Ἀλλά</span> <span class='ocrx_word' id='word_1_339' title='bbox 1129 2790 1200 2844; x_wconf 87' lang='grc' dir='ltr'><strong>τά</strong></span> <span class='ocrx_word' id='word_1_340' title='bbox 1231 2792 1331 2861; x_wconf 82' lang='grc' dir='ltr'>μὲν</span> <span class='ocrx_word' id='word_1_341' title='bbox 1369 2791 1632 2862; x_wconf 84' lang='grc' dir='ltr'>τέθνηκεν</span> <span class='ocrx_word' id='word_1_342' title='bbox 1672 2792 1796 2862; x_wconf 77' lang='grc' dir='ltr'>ἤδη.</span> <span class='ocrx_word' id='word_1_343' title='bbox 1835 2792 1907 2845; x_wconf 88' lang='grc' dir='ltr'><strong>τά</strong></span> 
     </span>
    </p>
   </div>
   <div class='ocr_carea' id='block_1_46' title="bbox 303 2880 1907 2956">
    <p class='ocr_par' dir='ltr' id='par_1_46' title="bbox 303 2880 1907 2956">
     <span class='ocr_line' id='line_1_46' title="bbox 303 2880 1907 2956; baseline -0.004 -17"><span class='ocrx_word' id='word_1_344' title='bbox 303 2886 365 2939; x_wconf 86' lang='grc' dir='ltr'><strong>δὲ</strong></span> <span class='ocrx_word' id='word_1_345' title='bbox 433 2886 639 2956; x_wconf 86' lang='grc' dir='ltr'>μέλλει.</span> <span class='ocrx_word' id='word_1_346' title='bbox 699 2885 774 2937; x_wconf 80' lang='grc' dir='ltr'><strong>Τὸ</strong></span> <span class='ocrx_word' id='word_1_347' title='bbox 817 2884 902 2949; x_wconf 76' lang='grc' dir='ltr'><strong>δὲ,</strong></span> <span class='ocrx_word' id='word_1_348' title='bbox 959 2880 1220 2937; x_wconf 81' lang='grc' dir='ltr'>ἐνώπιον</span> <span class='ocrx_word' id='word_1_349' title='bbox 1274 2882 1382 2936; x_wconf 84' lang='grc' dir='ltr'><strong>τοῦ</strong></span> <span class='ocrx_word' id='word_1_350' title='bbox 1444 2882 1595 2936; x_wconf 81' lang='grc' dir='ltr'>Θεοῦ</span> <span class='ocrx_word' id='word_1_351' title='bbox 1632 2899 1789 2951; x_wconf 85' lang='grc' dir='ltr'>μου,</span> <span class='ocrx_word' id='word_1_352' title='bbox 1830 2882 1907 2945; x_wconf 86' lang='grc' dir='ltr'>ὠς</span> 
     </span>
    </p>
   </div>
   <div class='ocr_carea' id='block_1_47' title="bbox 307 2973 1909 3047">
    <p class='ocr_par' dir='ltr' id='par_1_47' title="bbox 307 2973 1909 3047">
     <span class='ocr_line' id='line_1_47' title="bbox 307 2973 1909 3047; baseline -0.004 -18"><span class='ocrx_word' id='word_1_353' title='bbox 307 2978 579 3040; x_wconf 82' lang='grc' dir='ltr'>πολλάκις</span> <span class='ocrx_word' id='word_1_354' title='bbox 608 2977 857 3047; x_wconf 84' lang='grc' dir='ltr'>εἴρηται,</span> <span class='ocrx_word' id='word_1_355' title='bbox 894 2975 970 3038; x_wconf 86' lang='grc' dir='ltr'>ὼς</span> <span class='ocrx_word' id='word_1_356' title='bbox 1013 2975 1122 3028; x_wconf 77' lang='grc' dir='ltr'>ἀπὸ</span> <span class='ocrx_word' id='word_1_357' title='bbox 1155 2974 1256 3044; x_wconf 83' lang='grc' dir='ltr'>τῆς</span> <span class='ocrx_word' id='word_1_358' title='bbox 1285 2973 1637 3043; x_wconf 83' lang='grc' dir='ltr'>ἀνθρωπίνης</span> <span class='ocrx_word' id='word_1_359' title='bbox 1668 2974 1909 3043; x_wconf 77' lang='grc' dir='ltr'>προσλή-</span> 
     </span>
    </p>
   </div>
   <div class='ocr_carea' id='block_1_48' title="bbox 309 3064 1906 3138">
    <p class='ocr_par' dir='ltr' id='par_1_48' title="bbox 309 3064 1906 3138">
     <span class='ocr_line' id='line_1_48' title="bbox 309 3064 1906 3138; baseline -0.003 -17"><span class='ocrx_word' id='word_1_360' title='bbox 309 3068 461 3133; x_wconf 80' lang='grc' dir='ltr'>ψεως</span> <span class='ocrx_word' id='word_1_361' title='bbox 491 3066 572 3138; x_wconf 82' lang='grc' dir='ltr'>τῷ</span> <span class='ocrx_word' id='word_1_362' title='bbox 604 3066 716 3137; x_wconf 83' lang='grc' dir='ltr'>Υίῷ</span> <span class='ocrx_word' id='word_1_363' title='bbox 761 3066 855 3121; x_wconf 85' lang='grc' dir='ltr'><strong>τοῦ</strong></span> <span class='ocrx_word' id='word_1_364' title='bbox 896 3066 1036 3119; x_wconf 83' lang='grc' dir='ltr'>Θεοῦ</span> <span class='ocrx_word' id='word_1_365' title='bbox 1080 3064 1712 3136; x_wconf 85' lang='grc' dir='ltr'>συγκαταϐατικώτερον</span> <span class='ocrx_word' id='word_1_366' title='bbox 1762 3082 1906 3133; x_wconf 82' lang='grc' dir='ltr'>προ-</span> 
     </span>
    </p>
   </div>
   <div class='ocr_carea' id='block_1_49' title="bbox 312 3161 574 3231">
    <p class='ocr_par' dir='ltr' id='par_1_49' title="bbox 312 3161 574 3231">
     <span class='ocr_line' id='line_1_49' title="bbox 312 3161 574 3231; baseline -0.004 -20"><span class='ocrx_word' id='word_1_367' title='bbox 312 3161 574 3231; x_wconf 75' lang='grc' dir='ltr'>ἠνεκται.</span> 
     </span>
    </p>
   </div>
   <div class='ocr_carea' id='block_1_50' title="bbox 386 3247 1905 3320">
    <p class='ocr_par' dir='ltr' id='par_1_50' title="bbox 386 3247 1905 3320">
     <span class='ocr_line' id='line_1_50' title="bbox 386 3247 1905 3320; baseline -0.005 -13"><span class='ocrx_word' id='word_1_368' title='bbox 386 3250 746 3320; x_wconf 80' lang='grc' dir='ltr'>Μνημόνευε</span> <span class='ocrx_word' id='word_1_369' title='bbox 772 3249 898 3316; x_wconf 80' lang='grc' dir='ltr'><strong>πῶς</strong></span> <span class='ocrx_word' id='word_1_370' title='bbox 916 3250 1195 3318; x_wconf 66' lang='grc' dir='ltr'>εἴληφας.</span> <span class='ocrx_word' id='word_1_371' title='bbox 1226 3249 1337 3320; x_wconf 78' lang='grc' dir='ltr'><strong>Τὴν</strong></span> <span class='ocrx_word' id='word_1_372' title='bbox 1366 3247 1690 3317; x_wconf 77' lang='grc' dir='ltr'>παράδοσιν,</span> <span class='ocrx_word' id='word_1_373' title='bbox 1719 3248 1905 3318; x_wconf 64' lang='grc' dir='ltr'>φησιν,</span> 
     </span>
    </p>
   </div>
   <div class='ocr_carea' id='block_1_51' title="bbox 316 3340 1909 3415">
    <p class='ocr_par' dir='ltr' id='par_1_51' title="bbox 316 3340 1909 3415">
     <span class='ocr_line' id='line_1_51' title="bbox 316 3340 1909 3415; baseline -0.001 -20"><span class='ocrx_word' id='word_1_374' title='bbox 316 3344 389 3415; x_wconf 75' lang='grc' dir='ltr'>ἧν</span> <span class='ocrx_word' id='word_1_375' title='bbox 418 3345 481 3396; x_wconf 74' lang='grc' dir='ltr'>ὲκ</span> <span class='ocrx_word' id='word_1_376' title='bbox 511 3342 619 3395; x_wconf 85' lang='grc' dir='ltr'>τῶν</span> <span class='ocrx_word' id='word_1_377' title='bbox 662 3342 978 3396; x_wconf 82' lang='grc' dir='ltr'>ἀποστόλων</span> <span class='ocrx_word' id='word_1_378' title='bbox 1007 3342 1259 3412; x_wconf 69' lang='grc' dir='ltr'>εΰιηφας,</span> <span class='ocrx_word' id='word_1_379' title='bbox 1293 3343 1562 3412; x_wconf 80' lang='grc' dir='ltr'>τήρησον,</span> <span class='ocrx_word' id='word_1_380' title='bbox 1593 3341 1689 3393; x_wconf 80' lang='grc' dir='ltr'>καὶ</span> <span class='ocrx_word' id='word_1_381' title='bbox 1724 3340 1817 3393; x_wconf 67' lang='grc' dir='ltr'><strong>ἐπὶ</strong></span> <span class='ocrx_word' id='word_1_382' title='bbox 1840 3342 1909 3411; x_wconf 79' lang='grc' dir='ltr'>τῇ</span> 
     </span>
    </p>
   </div>
   <div class='ocr_carea' id='block_1_52' title="bbox 322 3429 1913 3502">
    <p class='ocr_par' dir='ltr' id='par_1_52' title="bbox 322 3429 1913 3502">
     <span class='ocr_line' id='line_1_52' title="bbox 322 3429 1913 3502; baseline -0.001 -18"><span class='ocrx_word' id='word_1_383' title='bbox 322 3430 567 3502; x_wconf 60' lang='grc' dir='ltr'>ῥᾳθυμίᾳ.</span> <span class='ocrx_word' id='word_1_384' title='bbox 605 3432 961 3501; x_wconf 79' lang='grc' dir='ltr'>μετανόησον.</span> <span class='ocrx_word' id='word_1_385' title='bbox 1022 3433 1133 3484; x_wconf 85' lang='grc' dir='ltr'><strong>Καὶ</strong></span> <span class='ocrx_word' id='word_1_386' title='bbox 1180 3430 1251 3483; x_wconf 83' lang='grc' dir='ltr'>τὰ</span> <span class='ocrx_word' id='word_1_387' title='bbox 1302 3432 1402 3499; x_wconf 79' lang='grc' dir='ltr'>μὲν</span> <span class='ocrx_word' id='word_1_388' title='bbox 1443 3429 1527 3483; x_wconf 74' lang='grc' dir='ltr'>ἔτι</span> <span class='ocrx_word' id='word_1_389' title='bbox 1582 3447 1675 3483; x_wconf 90' lang='grc' dir='ltr'><strong>σου</strong></span> <span class='ocrx_word' id='word_1_390' title='bbox 1730 3430 1913 3494; x_wconf 78' lang='grc' dir='ltr'>ζῶντα</span> 
     </span>
    </p>
   </div>
   <div class='ocr_carea' id='block_1_53' title="bbox 315 3521 1911 3595">
    <p class='ocr_par' dir='ltr' id='par_1_53' title="bbox 315 3521 1911 3595">
     <span class='ocr_line' id='line_1_53' title="bbox 315 3521 1911 3595; baseline 0 -18"><span class='ocrx_word' id='word_1_391' title='bbox 315 3525 463 3595; x_wconf 74' lang='grc' dir='ltr'>ἔργα</span> <span class='ocrx_word' id='word_1_392' title='bbox 495 3524 729 3593; x_wconf 87' lang='grc' dir='ltr'>τήρησον</span> <span class='ocrx_word' id='word_1_393' title='bbox 767 3525 825 3576; x_wconf 82' lang='grc' dir='ltr'>ὲν</span> <span class='ocrx_word' id='word_1_394' title='bbox 860 3526 927 3593; x_wconf 79' lang='grc' dir='ltr'>τῇ</span> <span class='ocrx_word' id='word_1_395' title='bbox 963 3524 1114 3593; x_wconf 80' lang='grc' dir='ltr'><strong>ζωῇ·</strong></span> <span class='ocrx_word' id='word_1_396' title='bbox 1147 3522 1240 3576; x_wconf 66' lang='lat' dir='ltr'><strong>sui.</strong></span> <span class='ocrx_word' id='word_1_397' title='bbox 1271 3522 1328 3576; x_wconf 73' lang='grc' dir='ltr'><strong>δὲ</strong></span> <span class='ocrx_word' id='word_1_398' title='bbox 1362 3524 1474 3585; x_wconf 86' lang='grc' dir='ltr'>τοῖς</span> <span class='ocrx_word' id='word_1_399' title='bbox 1502 3521 1785 3587; x_wconf 81' lang='grc' dir='ltr'>τεθνεῶσι,</span> <span class='ocrx_word' id='word_1_400' title='bbox 1821 3523 1911 3577; x_wconf 75' lang='grc' dir='ltr'>διὰ</span> 
     </span>
    </p>
   </div>
   <div class='ocr_carea' id='block_1_54' title="bbox 314 3614 1913 3688">
    <p class='ocr_par' dir='ltr' id='par_1_54' title="bbox 314 3614 1913 3688">
     <span class='ocr_line' id='line_1_54' title="bbox 314 3614 1913 3688; baseline -0.003 -17"><span class='ocrx_word' id='word_1_401' title='bbox 314 3617 614 3688; x_wconf 77' lang='grc' dir='ltr'>μετανοίας</span> <span class='ocrx_word' id='word_1_402' title='bbox 640 3617 740 3688; x_wconf 85' lang='grc' dir='ltr'>τὴν</span> <span class='ocrx_word' id='word_1_403' title='bbox 782 3616 1118 3679; x_wconf 71' lang='grc' dir='ltr'>πιλινζωῖαν</span> <span class='ocrx_word' id='word_1_404' title='bbox 1154 3615 1341 3679; x_wconf 78' lang='grc' dir='ltr'>αὐτοῖς</span> <span class='ocrx_word' id='word_1_405' title='bbox 1380 3614 1759 3685; x_wconf 76' lang='grc' dir='ltr'>περιποίησον.</span> <span class='ocrx_word' id='word_1_406' title='bbox 1797 3616 1913 3668; x_wconf 86' lang='grc' dir='ltr'><strong>Με-</strong></span> 
     </span>
    </p>
   </div>
   <div class='ocr_carea' id='block_1_55' title="bbox 309 3706 1914 3779">
    <p class='ocr_par' dir='ltr' id='par_1_55' title="bbox 309 3706 1914 3779">
     <span class='ocr_line' id='line_1_55' title="bbox 309 3706 1914 3779; baseline -0.001 -18"><span class='ocrx_word' id='word_1_407' title='bbox 309 3709 541 3763; x_wconf 80' lang='grc' dir='ltr'>τάνοιαν</span> <span class='ocrx_word' id='word_1_408' title='bbox 566 3709 665 3779; x_wconf 75' lang='grc' dir='ltr'>τὴν</span> <span class='ocrx_word' id='word_1_409' title='bbox 696 3708 987 3778; x_wconf 85' lang='grc' dir='ltr'>μετάθεσίν</span> <span class='ocrx_word' id='word_1_410' title='bbox 1018 3724 1187 3778; x_wconf 85' lang='grc' dir='ltr'>φησιν</span> <span class='ocrx_word' id='word_1_411' title='bbox 1215 3707 1325 3761; x_wconf 82' lang='grc' dir='ltr'>ἀπὸ</span> <span class='ocrx_word' id='word_1_412' title='bbox 1356 3707 1466 3760; x_wconf 85' lang='grc' dir='ltr'><strong>τῶν</strong></span> <span class='ocrx_word' id='word_1_413' title='bbox 1501 3706 1790 3778; x_wconf 83' lang='grc' dir='ltr'>χειρόνων,</span> <span class='ocrx_word' id='word_1_414' title='bbox 1819 3708 1914 3760; x_wconf 73' lang='grc' dir='ltr'>καὶ</span> 
     </span>
    </p>
   </div>
   <div class='ocr_carea' id='block_1_56' title="bbox 312 3797 1112 3870">
    <p class='ocr_par' dir='ltr' id='par_1_56' title="bbox 312 3797 1112 3870">
     <span class='ocr_line' id='line_1_56' title="bbox 312 3797 1112 3870; baseline -0.004 -17"><span class='ocrx_word' id='word_1_415' title='bbox 312 3799 630 3870; x_wconf 77' lang='grc' dir='ltr'>μεταϐολὴν</span> <span class='ocrx_word' id='word_1_416' title='bbox 660 3800 753 3851; x_wconf 73' lang='grc' dir='ltr'><strong>ἐπὶ</strong></span> <span class='ocrx_word' id='word_1_417' title='bbox 781 3797 843 3850; x_wconf 83' lang='grc' dir='ltr'><strong>τὸ</strong></span> <span class='ocrx_word' id='word_1_418' title='bbox 878 3797 1112 3868; x_wconf 86' lang='grc' dir='ltr'>βέλτιον.</span> 
     </span>
    </p>
   </div>
   <div class='ocr_carea' id='block_1_57' title="bbox 385 3887 1914 3961">
    <p class='ocr_par' dir='ltr' id='par_1_57' title="bbox 385 3887 1914 3961">
     <span class='ocr_line' id='line_1_57' title="bbox 385 3887 1914 3961; baseline -0.003 -15"><span class='ocrx_word' id='word_1_419' title='bbox 385 3892 505 3947; x_wconf 76' lang='grc' dir='ltr'><strong>Καὶ</strong></span> <span class='ocrx_word' id='word_1_420' title='bbox 546 3895 618 3946; x_wconf 82' lang='grc' dir='ltr'>οὐ</span> <span class='ocrx_word' id='word_1_421' title='bbox 655 3891 741 3961; x_wconf 80' lang='grc' dir='ltr'><strong>μὴ</strong></span> <span class='ocrx_word' id='word_1_422' title='bbox 774 3889 931 3961; x_wconf 78' lang='grc' dir='ltr'>γνῷς</span> <span class='ocrx_word' id='word_1_423' title='bbox 961 3891 1147 3943; x_wconf 75' lang='grc' dir='ltr'>ποίαν</span> <span class='ocrx_word' id='word_1_424' title='bbox 1182 3888 1364 3957; x_wconf 85' lang='grc' dir='ltr'>ὤραν.</span> <span class='ocrx_word' id='word_1_425' title='bbox 1408 3889 1719 3957; x_wconf 79' lang='grc' dir='ltr'>Ἀγνωστος</span> <span class='ocrx_word' id='word_1_426' title='bbox 1748 3887 1856 3958; x_wconf 80' lang='grc' dir='ltr'>γὰρ</span> <span class='ocrx_word' id='word_1_427' title='bbox 1883 3888 1914 3942; x_wconf 85' lang='grc' dir='ltr'><strong>ὀ</strong></span> 
     </span>
    </p>
   </div>
   <div class='ocr_carea' id='block_1_58' title="bbox 309 3978 1913 4056">
    <p class='ocr_par' dir='ltr' id='par_1_58' title="bbox 309 3978 1913 4056">
     <span class='ocr_line' id='line_1_58' title="bbox 309 3978 1913 4056; baseline -0.004 -17"><span class='ocrx_word' id='word_1_428' title='bbox 309 3987 534 4056; x_wconf 80' lang='grc' dir='ltr'>καιρός.</span> <span class='ocrx_word' id='word_1_429' title='bbox 570 3986 677 4038; x_wconf 78' lang='grc' dir='ltr'>Καὶ</span> <span class='ocrx_word' id='word_1_430' title='bbox 704 3983 896 4055; x_wconf 81' lang='grc' dir='ltr'>ὥσπερ</span> <span class='ocrx_word' id='word_1_431' title='bbox 924 3985 958 4054; x_wconf 77' lang='grc' dir='ltr'>ἡ</span> <span class='ocrx_word' id='word_1_432' title='bbox 968 3983 1084 4053; x_wconf 82' lang='grc' dir='ltr'><strong>μῶν</strong></span> <span class='ocrx_word' id='word_1_433' title='bbox 1104 3981 1320 4052; x_wconf 79' lang='grc' dir='ltr'>ἑκάστῳ</span> <span class='ocrx_word' id='word_1_434' title='bbox 1343 3982 1373 4033; x_wconf 74' lang='grc' dir='ltr'><strong>ὁ</strong></span> <span class='ocrx_word' id='word_1_435' title='bbox 1391 3980 1487 4033; x_wconf 82' lang='grc' dir='ltr'><strong>τοῦ</strong></span> <span class='ocrx_word' id='word_1_436' title='bbox 1513 3980 1747 4033; x_wconf 80' lang='grc' dir='ltr'>θανάτου</span> <span class='ocrx_word' id='word_1_437' title='bbox 1779 3978 1913 4032; x_wconf 75' lang='grc' dir='ltr'>ἐκά-</span> 
     </span>
    </p>
   </div>
   <div class='ocr_carea' id='block_1_59' title="bbox 312 4073 1913 4148">
    <p class='ocr_par' dir='ltr' id='par_1_59' title="bbox 312 4073 1913 4148">
     <span class='ocr_line' id='line_1_59' title="bbox 312 4073 1913 4148; baseline -0.004 -17"><span class='ocrx_word' id='word_1_438' title='bbox 312 4095 453 4132; x_wconf 85' lang='grc' dir='ltr'>στου</span> <span class='ocrx_word' id='word_1_439' title='bbox 482 4078 664 4148; x_wconf 83' lang='grc' dir='ltr'>ἡμῶν,</span> <span class='ocrx_word' id='word_1_440' title='bbox 694 4076 839 4130; x_wconf 77' lang='grc' dir='ltr'>οὕτω</span> <span class='ocrx_word' id='word_1_441' title='bbox 859 4075 1041 4147; x_wconf 83' lang='grc' dir='ltr'>πολλῷ</span> <span class='ocrx_word' id='word_1_442' title='bbox 1062 4074 1262 4146; x_wconf 79' lang='grc' dir='ltr'>μᾶλλον</span> <span class='ocrx_word' id='word_1_443' title='bbox 1284 4076 1312 4128; x_wconf 81' lang='grc' dir='ltr'><strong>ὁ</strong></span> <span class='ocrx_word' id='word_1_444' title='bbox 1339 4074 1437 4143; x_wconf 81' lang='grc' dir='ltr'><strong>τῆς</strong></span> <span class='ocrx_word' id='word_1_445' title='bbox 1471 4073 1736 4143; x_wconf 79' lang='grc' dir='ltr'>δευτέρας</span> <span class='ocrx_word' id='word_1_446' title='bbox 1771 4088 1913 4143; x_wconf 89' lang='grc' dir='ltr'>παρ-</span> 
     </span>
    </p>
   </div>
   <div class='ocr_carea' id='block_1_60' title="bbox 308 4170 900 4243">
    <p class='ocr_par' dir='ltr' id='par_1_60' title="bbox 308 4170 900 4243">
     <span class='ocr_line' id='line_1_60' title="bbox 308 4170 900 4243; baseline -0.003 -18"><span class='ocrx_word' id='word_1_447' title='bbox 308 4189 378 4225; x_wconf 87' lang='grc' dir='ltr'><strong>ου</strong></span> <span class='ocrx_word' id='word_1_448' title='bbox 387 4170 512 4233; x_wconf 86' lang='grc' dir='ltr'>σίας</span> <span class='ocrx_word' id='word_1_449' title='bbox 543 4170 637 4223; x_wconf 81' lang='grc' dir='ltr'><strong>τοῦ</strong></span> <span class='ocrx_word' id='word_1_450' title='bbox 668 4170 900 4243; x_wconf 81' lang='grc' dir='ltr'>Κυρίου.</span> 
     </span>
    </p>
   </div>
   <div class='ocr_carea' id='block_1_61' title="bbox 402 4259 1914 4332">
    <p class='ocr_par' dir='ltr' id='par_1_61' title="bbox 402 4259 1914 4332">
     <span class='ocr_line' id='line_1_61' title="bbox 402 4259 1914 4332; baseline -0.002 -15"><span class='ocrx_word' id='word_1_451' title='bbox 402 4263 561 4317; x_wconf 72' lang='grc' dir='ltr'><strong>Ἀλλ’</strong></span> <span class='ocrx_word' id='word_1_452' title='bbox 586 4263 762 4332; x_wconf 80' lang='grc' dir='ltr'>ὀλίγα</span> <span class='ocrx_word' id='word_1_453' title='bbox 790 4263 952 4332; x_wconf 71' lang='grc' dir='ltr'>ἔχεις</span> <span class='ocrx_word' id='word_1_454' title='bbox 981 4262 1245 4330; x_wconf 80' lang='grc' dir='ltr'>ὀνόματα</span> <span class='ocrx_word' id='word_1_455' title='bbox 1265 4260 1337 4314; x_wconf 82' lang='grc' dir='ltr'>ἐν</span> <span class='ocrx_word' id='word_1_456' title='bbox 1364 4259 1682 4329; x_wconf 81' lang='grc' dir='ltr'>Σάρδεσιν.</span> <span class='ocrx_word' id='word_1_457' title='bbox 1711 4259 1768 4315; x_wconf 86' lang='grc' dir='ltr'>οἳ</span> <span class='ocrx_word' id='word_1_458' title='bbox 1800 4261 1914 4314; x_wconf 80' lang='grc' dir='ltr'>οὐκ</span> 
     </span>
    </p>
   </div>
   <div class='ocr_carea' id='block_1_62' title="bbox 308 4351 1914 4428">
    <p class='ocr_par' dir='ltr' id='par_1_62' title="bbox 308 4351 1914 4428">
     <span class='ocr_line' id='line_1_62' title="bbox 308 4351 1914 4428; baseline -0.002 -16"><span class='ocrx_word' id='word_1_459' title='bbox 308 4358 630 4428; x_wconf 75' lang='grc' dir='ltr'>ἐμόλυναν</span> <span class='ocrx_word' id='word_1_460' title='bbox 678 4355 753 4410; x_wconf 82' lang='grc' dir='ltr'>τὰ</span> <span class='ocrx_word' id='word_1_461' title='bbox 790 4354 993 4424; x_wconf 76' lang='grc' dir='ltr'>ἱμάτια</span> <span class='ocrx_word' id='word_1_462' title='bbox 1035 4351 1270 4419; x_wconf 85' lang='grc' dir='ltr'>αὐτῶν,</span> <span class='ocrx_word' id='word_1_463' title='bbox 1297 4354 1395 4407; x_wconf 75' lang='grc' dir='ltr'>καὶ</span> <span class='ocrx_word' id='word_1_464' title='bbox 1424 4354 1914 4422; x_wconf 78' lang='grc' dir='ltr'>περιπατήσουσι</span> 
     </span>
    </p>
   </div>
   <div class='ocr_carea' id='block_1_63' title="bbox 306 4443 1911 4518">
    <p class='ocr_par' dir='ltr' id='par_1_63' title="bbox 306 4443 1911 4518">
     <span class='ocr_line' id='line_1_63' title="bbox 306 4443 1911 4518; baseline -0.002 -18"><span class='ocrx_word' id='word_1_465' title='bbox 306 4447 447 4518; x_wconf 79' lang='grc' dir='ltr'>μετ’</span> <span class='ocrx_word' id='word_1_466' title='bbox 470 4446 619 4516; x_wconf 79' lang='grc' dir='ltr'>ἐμοῦ</span> <span class='ocrx_word' id='word_1_467' title='bbox 649 4446 721 4500; x_wconf 82' lang='grc' dir='ltr'>ὲν</span> <span class='ocrx_word' id='word_1_468' title='bbox 760 4443 1026 4511; x_wconf 73' lang='grc' dir='ltr'>λευκοῖς,</span> <span class='ocrx_word' id='word_1_469' title='bbox 1054 4444 1145 4498; x_wconf 85' lang='grc' dir='ltr'>ὅτι</span> <span class='ocrx_word' id='word_1_470' title='bbox 1182 4444 1345 4509; x_wconf 72' lang='grc' dir='ltr'>ἄξιοί</span> <span class='ocrx_word' id='word_1_471' title='bbox 1386 4446 1565 4499; x_wconf 70' lang='grc' dir='ltr'>εἰσιν.</span> <span class='ocrx_word' id='word_1_472' title='bbox 1613 4446 1675 4498; x_wconf 89' lang='lat'><strong>&#39;0</strong></span> <span class='ocrx_word' id='word_1_473' title='bbox 1704 4444 1911 4510; x_wconf 83' lang='grc' dir='ltr'>νικῶν,</span> 
     </span>
    </p>
   </div>
   <div class='ocr_carea' id='block_1_64' title="bbox 2003 1959 3604 2031">
    <p class='ocr_par' dir='ltr' id='par_1_64' title="bbox 2003 1959 3604 2031">
     <span class='ocr_line' id='line_1_64' title="bbox 2003 1959 3604 2031; baseline -0.002 -13"><span class='ocrx_word' id='word_1_474' title='bbox 2003 1979 2125 2018; x_wconf 91' lang='lat' dir='ltr'><strong>rum</strong></span> <span class='ocrx_word' id='word_1_475' title='bbox 2160 1962 2375 2017; x_wconf 89' lang='lat' dir='ltr'><strong>initium</strong></span> <span class='ocrx_word' id='word_1_476' title='bbox 2402 1975 2749 2031; x_wconf 87' lang='lat' dir='ltr'><strong>operatorem</strong></span> <span class='ocrx_word' id='word_1_477' title='bbox 2781 1966 3036 2025; x_wconf 86' lang='lat' dir='ltr'><strong>coronat,</strong></span> <span class='ocrx_word' id='word_1_478' title='bbox 3064 1959 3160 2014; x_wconf 87' lang='lat' dir='ltr'><strong>sed</strong></span> <span class='ocrx_word' id='word_1_479' title='bbox 3187 1960 3604 2029; x_wconf 85' lang='lat' dir='ltr'><strong>perseverantia</strong></span> 
     </span>
    </p>
   </div>
   <div class='ocr_carea' id='block_1_65' title="bbox 2006 2057 3607 2131">
    <p class='ocr_par' dir='ltr' id='par_1_65' title="bbox 2006 2057 3607 2131">
     <span class='ocr_line' id='line_1_65' title="bbox 2006 2057 3607 2131; baseline -0.004 -16"><span class='ocrx_word' id='word_1_480' title='bbox 2006 2077 2182 2131; x_wconf 89' lang='lat' dir='ltr'><strong>usque</strong></span> <span class='ocrx_word' id='word_1_481' title='bbox 2231 2060 2285 2115; x_wconf 92' lang='lat' dir='ltr'><strong>in</strong></span> <span class='ocrx_word' id='word_1_482' title='bbox 2324 2060 2509 2114; x_wconf 88' lang='lat' dir='ltr'><strong>ﬁnem.</strong></span> <span class='ocrx_word' id='word_1_483' title='bbox 2542 2059 2665 2112; x_wconf 86' lang='lat' dir='ltr'><strong>Non</strong></span> <span class='ocrx_word' id='word_1_484' title='bbox 2711 2066 2899 2113; x_wconf 90' lang='lat' dir='ltr'><strong>autem</strong></span> <span class='ocrx_word' id='word_1_485' title='bbox 2950 2066 3233 2126; x_wconf 86' lang='lat' dir='ltr'><strong>utcunque</strong></span> <span class='ocrx_word' id='word_1_486' title='bbox 3275 2057 3481 2113; x_wconf 83' lang='lat' dir='ltr'><strong>dictqu</strong></span> <span class='ocrx_word' id='word_1_487' title='bbox 3521 2064 3607 2111; x_wconf 87' lang='lat' dir='ltr'><strong>est</strong></span> 
     </span>
    </p>
   </div>
   <div class='ocr_carea' id='block_1_66' title="bbox 2005 2148 3607 2224">
    <p class='ocr_par' dir='ltr' id='par_1_66' title="bbox 2005 2148 3607 2224">
     <span class='ocr_line' id='line_1_66' title="bbox 2005 2148 3607 2224; baseline -0.004 -14"><span class='ocrx_word' id='word_1_488' title='bbox 2005 2154 2301 2224; x_wconf 81' lang='lat' dir='ltr'><strong>Conﬁrma,</strong></span> <span class='ocrx_word' id='word_1_489' title='bbox 2338 2153 2432 2209; x_wconf 91' lang='lat' dir='ltr'><strong>sed</strong></span> <span class='ocrx_word' id='word_1_490' title='bbox 2469 2152 2627 2224; x_wconf 85' lang='lat' dir='ltr'><strong>quasi</strong></span> <span class='ocrx_word' id='word_1_491' title='bbox 2676 2152 2908 2207; x_wconf 77' lang='lat' dir='ltr'><strong>dixisset</strong></span> <span class='ocrx_word' id='word_1_492' title='bbox 2944 2170 2959 2205; x_wconf 89' lang='lat'><strong>:</strong></span> <span class='ocrx_word' id='word_1_493' title='bbox 2996 2151 3184 2205; x_wconf 83' lang='lat' dir='ltr'><strong>Solida</strong></span> <span class='ocrx_word' id='word_1_494' title='bbox 3217 2148 3385 2205; x_wconf 82' lang='lat' dir='ltr'><strong>facito</strong></span> <span class='ocrx_word' id='word_1_495' title='bbox 3416 2165 3482 2205; x_wconf 90' lang='lat' dir='ltr'><strong>ac</strong></span> <span class='ocrx_word' id='word_1_496' title='bbox 3512 2164 3607 2203; x_wconf 87' lang='lat' dir='ltr'><strong>ro-</strong></span> 
     </span>
    </p>
   </div>
   <div class='ocr_carea' id='block_1_67' title="bbox 2005 2244 3605 2315">
    <p class='ocr_par' dir='ltr' id='par_1_67' title="bbox 2005 2244 3605 2315">
     <span class='ocr_line' id='line_1_67' title="bbox 2005 2244 3605 2315; baseline -0.001 -16"><span class='ocrx_word' id='word_1_497' title='bbox 2005 2246 2139 2300; x_wconf 85' lang='lat' dir='ltr'><strong>bora</strong></span> <span class='ocrx_word' id='word_1_498' title='bbox 2159 2286 2174 2309; x_wconf 88' lang='lat'><strong>,</strong></span> <span class='ocrx_word' id='word_1_499' title='bbox 2202 2261 2326 2315; x_wconf 73' lang='lat' dir='ltr'><strong>qua:</strong></span> <span class='ocrx_word' id='word_1_500' title='bbox 2369 2254 2424 2299; x_wconf 94' lang='lat' dir='ltr'><strong>et</strong></span> <span class='ocrx_word' id='word_1_501' title='bbox 2458 2245 2639 2299; x_wconf 84' lang='lat' dir='ltr'><strong>mollia</strong></span> <span class='ocrx_word' id='word_1_502' title='bbox 2672 2254 2802 2298; x_wconf 89' lang='lat' dir='ltr'><strong>sunt</strong></span> <span class='ocrx_word' id='word_1_503' title='bbox 2832 2253 2887 2299; x_wconf 89' lang='lat' dir='ltr'><strong>et</strong></span> <span class='ocrx_word' id='word_1_504' title='bbox 2913 2244 2979 2299; x_wconf 90' lang='lat' dir='ltr'><strong>ad</strong></span> <span class='ocrx_word' id='word_1_505' title='bbox 3009 2259 3200 2300; x_wconf 83' lang='lat' dir='ltr'><strong>casum</strong></span> <span class='ocrx_word' id='word_1_506' title='bbox 3230 2244 3605 2313; x_wconf 81' lang='lat' dir='ltr'><strong>paratissima.</strong></span> 
     </span>
    </p>
   </div>
   <div class='ocr_carea' id='block_1_68' title="bbox 2004 2335 3606 2405">
    <p class='ocr_par' dir='ltr' id='par_1_68' title="bbox 2004 2335 3606 2405">
     <span class='ocr_line' id='line_1_68' title="bbox 2004 2335 3606 2405; baseline -0.001 -16"><span class='ocrx_word' id='word_1_507' title='bbox 2004 2335 2288 2402; x_wconf 82' lang='lat' dir='ltr'><strong>Quatenus</strong></span> <span class='ocrx_word' id='word_1_508' title='bbox 2338 2336 2502 2405; x_wconf 79' lang='lat' dir='ltr'><strong>igitur</strong></span> <span class='ocrx_word' id='word_1_509' title='bbox 2546 2335 2761 2389; x_wconf 89' lang='lat' dir='ltr'><strong>modica</strong></span> <span class='ocrx_word' id='word_1_510' title='bbox 2794 2335 2892 2389; x_wconf 88' lang='lat' dir='ltr'><strong>tibi</strong></span> <span class='ocrx_word' id='word_1_511' title='bbox 2924 2335 3135 2405; x_wconf 87' lang='lat' dir='ltr'><strong>reliqua</strong></span> <span class='ocrx_word' id='word_1_512' title='bbox 3179 2344 3310 2389; x_wconf 90' lang='lat' dir='ltr'><strong>sunt</strong></span> <span class='ocrx_word' id='word_1_513' title='bbox 3341 2335 3606 2389; x_wconf 87' lang='lat' dir='ltr'><strong>virtutum</strong></span> 
     </span>
    </p>
   </div>
   <div class='ocr_carea' id='block_1_69' title="bbox 2005 2424 3606 2497">
    <p class='ocr_par' dir='ltr' id='par_1_69' title="bbox 2005 2424 3606 2497">
     <span class='ocr_line' id='line_1_69' title="bbox 2005 2424 3606 2497; baseline -0.001 -15"><span class='ocrx_word' id='word_1_514' title='bbox 2005 2428 2287 2492; x_wconf 76' lang='lat' dir='ltr'><strong>exercitia,</strong></span> <span class='ocrx_word' id='word_1_515' title='bbox 2321 2426 2563 2490; x_wconf 87' lang='lat' dir='ltr'><strong>attende,</strong></span> <span class='ocrx_word' id='word_1_516' title='bbox 2597 2427 2797 2497; x_wconf 86' lang='lat' dir='ltr'><strong>inquit,</strong></span> <span class='ocrx_word' id='word_1_517' title='bbox 2833 2442 2899 2481; x_wconf 91' lang='lat' dir='ltr'><strong>ne</strong></span> <span class='ocrx_word' id='word_1_518' title='bbox 2931 2428 3150 2495; x_wconf 89' lang='lat' dir='ltr'><strong>penitus</strong></span> <span class='ocrx_word' id='word_1_519' title='bbox 3180 2428 3438 2481; x_wconf 79' lang='lat' dir='ltr'><strong>intereas.</strong></span> <span class='ocrx_word' id='word_1_520' title='bbox 3476 2424 3606 2480; x_wconf 71' lang='lat' dir='ltr'><strong>Haec</strong></span> 
     </span>
    </p>
   </div>
   <div class='ocr_carea' id='block_1_70' title="bbox 2006 2518 3609 2590">
    <p class='ocr_par' dir='ltr' id='par_1_70' title="bbox 2006 2518 3609 2590">
     <span class='ocr_line' id='line_1_70' title="bbox 2006 2518 3609 2590; baseline -0.004 -14"><span class='ocrx_word' id='word_1_521' title='bbox 2006 2523 2193 2590; x_wconf 77' lang='lat' dir='ltr'><strong>itaque</strong></span> <span class='ocrx_word' id='word_1_522' title='bbox 2226 2535 2493 2575; x_wconf 83' lang='lat' dir='ltr'><strong>conserva</strong></span> <span class='ocrx_word' id='word_1_523' title='bbox 2526 2535 2651 2590; x_wconf 72' lang='lat' dir='ltr'><strong>qua:</strong></span> <span class='ocrx_word' id='word_1_524' title='bbox 2692 2518 2875 2573; x_wconf 87' lang='lat' dir='ltr'><strong>adhuc</strong></span> <span class='ocrx_word' id='word_1_525' title='bbox 2905 2518 3091 2573; x_wconf 80' lang='lat' dir='ltr'><strong>vivunt</strong></span> <span class='ocrx_word' id='word_1_526' title='bbox 3114 2560 3129 2585; x_wconf 90' lang='lat'><strong>,</strong></span> <span class='ocrx_word' id='word_1_527' title='bbox 3176 2518 3267 2573; x_wconf 91' lang='lat' dir='ltr'><strong>illa</strong></span> <span class='ocrx_word' id='word_1_528' title='bbox 3297 2533 3430 2572; x_wconf 87' lang='lat' dir='ltr'><strong>vero</strong></span> <span class='ocrx_word' id='word_1_529' title='bbox 3471 2533 3609 2573; x_wconf 69' lang='lat' dir='ltr'><strong>cono</strong></span> 
     </span>
    </p>
   </div>
   <div class='ocr_carea' id='block_1_71' title="bbox 2012 2612 3608 2683">
    <p class='ocr_par' dir='ltr' id='par_1_71' title="bbox 2012 2612 3608 2683">
     <span class='ocr_line' id='line_1_71' title="bbox 2012 2612 3608 2683; baseline -0.001 -16"><span class='ocrx_word' id='word_1_530' title='bbox 2012 2612 2169 2667; x_wconf 89' lang='lat' dir='ltr'><strong>ﬁrma</strong></span> <span class='ocrx_word' id='word_1_531' title='bbox 2218 2629 2343 2683; x_wconf 70' lang='lat' dir='ltr'><strong>qua:</strong></span> <span class='ocrx_word' id='word_1_532' title='bbox 2383 2612 2497 2682; x_wconf 84' lang='lat' dir='ltr'><strong>jam</strong></span> <span class='ocrx_word' id='word_1_533' title='bbox 2547 2613 2612 2667; x_wconf 90' lang='lat' dir='ltr'><strong>ad</strong></span> <span class='ocrx_word' id='word_1_534' title='bbox 2662 2622 2897 2667; x_wconf 89' lang='lat' dir='ltr'><strong>mortem</strong></span> <span class='ocrx_word' id='word_1_535' title='bbox 2939 2621 3173 2683; x_wconf 78' lang='lat' dir='ltr'><strong>vergunt</strong></span> <span class='ocrx_word' id='word_1_536' title='bbox 3222 2630 3236 2666; x_wconf 93' lang='lat'>:</span> <span class='ocrx_word' id='word_1_537' title='bbox 3275 2612 3412 2667; x_wconf 92' lang='lat' dir='ltr'><strong>nihil</strong></span> <span class='ocrx_word' id='word_1_538' title='bbox 3457 2612 3608 2668; x_wconf 75' lang='lat' dir='ltr'><strong>etiim</strong></span> 
     </span>
    </p>
   </div>
   <div class='ocr_carea' id='block_1_72' title="bbox 2010 2701 3609 2772">
    <p class='ocr_par' dir='ltr' id='par_1_72' title="bbox 2010 2701 3609 2772">
     <span class='ocr_line' id='line_1_72' title="bbox 2010 2701 3609 2772; baseline -0.001 -15"><span class='ocrx_word' id='word_1_539' title='bbox 2010 2712 2230 2757; x_wconf 90' lang='lat' dir='ltr'><strong>tuorum</strong></span> <span class='ocrx_word' id='word_1_540' title='bbox 2262 2702 2570 2757; x_wconf 88' lang='lat' dir='ltr'><strong>studiorum</strong></span> <span class='ocrx_word' id='word_1_541' title='bbox 2596 2701 2818 2772; x_wconf 87' lang='lat' dir='ltr'><strong>plenum</strong></span> <span class='ocrx_word' id='word_1_542' title='bbox 2850 2712 2955 2767; x_wconf 87' lang='lat' dir='ltr'><strong>est,</strong></span> <span class='ocrx_word' id='word_1_543' title='bbox 2977 2701 3073 2757; x_wconf 88' lang='lat' dir='ltr'><strong>sed</strong></span> <span class='ocrx_word' id='word_1_544' title='bbox 3101 2701 3217 2756; x_wconf 75' lang='lat' dir='ltr'><strong>haec</strong></span> <span class='ocrx_word' id='word_1_545' title='bbox 3241 2701 3464 2772; x_wconf 83' lang='lat' dir='ltr'><strong>quidem</strong></span> <span class='ocrx_word' id='word_1_546' title='bbox 3491 2703 3609 2772; x_wconf 86' lang='lat' dir='ltr'><strong>jam</strong></span> 
     </span>
    </p>
   </div>
   <div class='ocr_carea' id='block_1_73' title="bbox 2009 2795 3612 2862">
    <p class='ocr_par' dir='ltr' id='par_1_73' title="bbox 2009 2795 3612 2862">
     <span class='ocr_line' id='line_1_73' title="bbox 2009 2795 3612 2862; baseline 0.001 -13"><span class='ocrx_word' id='word_1_547' title='bbox 2009 2807 2223 2850; x_wconf 89' lang='lat' dir='ltr'><strong>mortua</strong></span> <span class='ocrx_word' id='word_1_548' title='bbox 2256 2806 2406 2860; x_wconf 91' lang='lat' dir='ltr'><strong>sunt,</strong></span> <span class='ocrx_word' id='word_1_549' title='bbox 2444 2796 2535 2850; x_wconf 91' lang='lat' dir='ltr'><strong>illa</strong></span> <span class='ocrx_word' id='word_1_550' title='bbox 2592 2812 2724 2851; x_wconf 86' lang='lat' dir='ltr'><strong>vero</strong></span> <span class='ocrx_word' id='word_1_551' title='bbox 2767 2798 3060 2851; x_wconf 87' lang='lat' dir='ltr'><strong>moritura.</strong></span> <span class='ocrx_word' id='word_1_552' title='bbox 3095 2795 3254 2862; x_wconf 85' lang='lat' dir='ltr'><strong>Quod</strong></span> <span class='ocrx_word' id='word_1_553' title='bbox 3286 2805 3466 2850; x_wconf 87' lang='lat' dir='ltr'><strong>autem</strong></span> <span class='ocrx_word' id='word_1_554' title='bbox 3513 2797 3612 2861; x_wconf 73' lang='lat' dir='ltr'><strong>ait,</strong></span> 
     </span>
    </p>
   </div>
   <div class='ocr_carea' id='block_1_74' title="bbox 2012 2887 3611 2958">
    <p class='ocr_par' dir='ltr' id='par_1_74' title="bbox 2012 2887 3611 2958">
     <span class='ocr_line' id='line_1_74' title="bbox 2012 2887 3611 2958; baseline 0.002 -19"><span class='ocrx_word' id='word_1_555' title='bbox 2012 2902 2195 2940; x_wconf 83' lang='lat' dir='ltr'><strong>coram</strong></span> <span class='ocrx_word' id='word_1_556' title='bbox 2220 2887 2329 2942; x_wconf 88' lang='lat' dir='ltr'><strong>Deo</strong></span> <span class='ocrx_word' id='word_1_557' title='bbox 2361 2905 2497 2952; x_wconf 87' lang='lat' dir='ltr'><strong>meo,</strong></span> <span class='ocrx_word' id='word_1_558' title='bbox 2536 2888 2703 2943; x_wconf 89' lang='lat' dir='ltr'><strong>veluti</strong></span> <span class='ocrx_word' id='word_1_559' title='bbox 2736 2889 2937 2958; x_wconf 63' lang='lat' dir='ltr'><strong>saepius</strong></span> <span class='ocrx_word' id='word_1_560' title='bbox 2970 2889 3178 2943; x_wconf 88' lang='lat' dir='ltr'><strong>dictum</strong></span> <span class='ocrx_word' id='word_1_561' title='bbox 3210 2897 3315 2953; x_wconf 89' lang='lat' dir='ltr'><strong>est,</strong></span> <span class='ocrx_word' id='word_1_562' title='bbox 3349 2899 3611 2958; x_wconf 86' lang='lat' dir='ltr'><strong>tanquam</strong></span> 
     </span>
    </p>
   </div>
   <div class='ocr_carea' id='block_1_75' title="bbox 2008 2980 3616 3053">
    <p class='ocr_par' dir='ltr' id='par_1_75' title="bbox 2008 2980 3616 3053">
     <span class='ocr_line' id='line_1_75' title="bbox 2008 2980 3616 3053; baseline 0.001 -19"><span class='ocrx_word' id='word_1_563' title='bbox 2008 2995 2077 3034; x_wconf 78' lang='lat' dir='ltr'><strong>ex</strong></span> <span class='ocrx_word' id='word_1_564' title='bbox 2106 2981 2470 3037; x_wconf 87' lang='lat' dir='ltr'><strong>humanitatis</strong></span> <span class='ocrx_word' id='word_1_565' title='bbox 2494 2982 2875 3052; x_wconf 88' lang='lat' dir='ltr'><strong>assumptione</strong></span> <span class='ocrx_word' id='word_1_566' title='bbox 2904 2982 3081 3053; x_wconf 76' lang='lat' dir='ltr'><strong>magis</strong></span> <span class='ocrx_word' id='word_1_567' title='bbox 3110 2980 3616 3037; x_wconf 86' lang='lat' dir='ltr'><strong>condcscendendo</strong></span> 
     </span>
    </p>
   </div>
   <div class='ocr_carea' id='block_1_76' title="bbox 2011 3072 2800 3142">
    <p class='ocr_par' dir='ltr' id='par_1_76' title="bbox 2011 3072 2800 3142">
     <span class='ocr_line' id='line_1_76' title="bbox 2011 3072 2800 3142; baseline 0.005 -16"><span class='ocrx_word' id='word_1_568' title='bbox 2011 3073 2288 3142; x_wconf 85' lang='lat' dir='ltr'><strong>prolatum</strong></span> <span class='ocrx_word' id='word_1_569' title='bbox 2312 3083 2398 3128; x_wconf 89' lang='lat' dir='ltr'><strong>est</strong></span> <span class='ocrx_word' id='word_1_570' title='bbox 2417 3074 2483 3129; x_wconf 91' lang='lat' dir='ltr'><strong>dc</strong></span> <span class='ocrx_word' id='word_1_571' title='bbox 2509 3073 2652 3128; x_wconf 87' lang='lat' dir='ltr'><strong>Filio</strong></span> <span class='ocrx_word' id='word_1_572' title='bbox 2681 3072 2800 3130; x_wconf 82' lang='lat' dir='ltr'><strong>Dei.</strong></span> 
     </span>
    </p>
   </div>
   <div class='ocr_carea' id='block_1_77' title="bbox 2032 3252 3617 3323">
    <p class='ocr_par' dir='ltr' id='par_1_77' title="bbox 2032 3252 3617 3323">
     <span class='ocr_line' id='line_1_77' title="bbox 2032 3252 3617 3323; baseline 0 -16"><span class='ocrx_word' id='word_1_573' title='bbox 2032 3310 2033 3313; x_wconf 33' lang='grc' dir='ltr'><strong>η</strong></span> <span class='ocrx_word' id='word_1_574' title='bbox 2086 3252 2344 3307; x_wconf 80' lang='lat' dir='ltr'><strong>Memento</strong></span> <span class='ocrx_word' id='word_1_575' title='bbox 2390 3252 2658 3323; x_wconf 83' lang='lat' dir='ltr'><strong>quomodo</strong></span> <span class='ocrx_word' id='word_1_576' title='bbox 2716 3253 3004 3323; x_wconf 77' lang='lat' dir='ltr'><strong>acceperis.</strong></span> <span class='ocrx_word' id='word_1_577' title='bbox 3061 3252 3467 3318; x_wconf 88' lang='lat' dir='ltr'><strong>Traditionem,</strong></span> <span class='ocrx_word' id='word_1_578' title='bbox 3528 3252 3617 3307; x_wconf 84' lang='lat' dir='ltr'><strong>in-</strong></span> 
     </span>
    </p>
   </div>
   <div class='ocr_carea' id='block_1_78' title="bbox 2014 3344 3617 3417">
    <p class='ocr_par' dir='ltr' id='par_1_78' title="bbox 2014 3344 3617 3417">
     <span class='ocr_line' id='line_1_78' title="bbox 2014 3344 3617 3417; baseline 0.001 -18"><span class='ocrx_word' id='word_1_579' title='bbox 2014 3346 2170 3414; x_wconf 91' lang='lat' dir='ltr'><strong>quit,</strong></span> <span class='ocrx_word' id='word_1_580' title='bbox 2233 3359 2392 3399; x_wconf 78' lang='lat' dir='ltr'><strong>serva</strong></span> <span class='ocrx_word' id='word_1_581' title='bbox 2443 3361 2610 3416; x_wconf 87' lang='lat' dir='ltr'><strong>quam</strong></span> <span class='ocrx_word' id='word_1_582' title='bbox 2658 3345 2729 3400; x_wconf 85' lang='lat' dir='ltr'><strong>ab</strong></span> <span class='ocrx_word' id='word_1_583' title='bbox 2784 3346 3052 3417; x_wconf 87' lang='lat' dir='ltr'><strong>apostolis</strong></span> <span class='ocrx_word' id='word_1_584' title='bbox 3124 3345 3407 3415; x_wconf 88' lang='lat' dir='ltr'><strong>accepisti,</strong></span> <span class='ocrx_word' id='word_1_585' title='bbox 3446 3361 3511 3399; x_wconf 84' lang='lat' dir='ltr'><strong>ac</strong></span> <span class='ocrx_word' id='word_1_586' title='bbox 3545 3344 3617 3400; x_wconf 84' lang='lat' dir='ltr'><strong>de</strong></span> 
     </span>
    </p>
   </div>
   <div class='ocr_carea' id='block_1_79' title="bbox 2014 3436 3617 3508">
    <p class='ocr_par' dir='ltr' id='par_1_79' title="bbox 2014 3436 3617 3508">
     <span class='ocr_line' id='line_1_79' title="bbox 2014 3436 3617 3508; baseline 0.001 -16"><span class='ocrx_word' id='word_1_587' title='bbox 2014 3436 2246 3504; x_wconf 74' lang='lat' dir='ltr'><strong>segnitie</strong></span> <span class='ocrx_word' id='word_1_588' title='bbox 2308 3437 2624 3507; x_wconf 86' lang='lat' dir='ltr'><strong>resipiscito</strong></span> <span class='ocrx_word' id='word_1_589' title='bbox 2681 3455 2696 3492; x_wconf 92' lang='lat'><strong>:</strong></span> <span class='ocrx_word' id='word_1_590' title='bbox 2750 3447 2808 3492; x_wconf 91' lang='lat' dir='ltr'><strong>ct</strong></span> <span class='ocrx_word' id='word_1_591' title='bbox 2858 3453 2921 3493; x_wconf 88' lang='lat' dir='ltr'><strong>ea</strong></span> <span class='ocrx_word' id='word_1_592' title='bbox 2979 3437 3203 3508; x_wconf 87' lang='lat' dir='ltr'><strong>quidem</strong></span> <span class='ocrx_word' id='word_1_593' title='bbox 3263 3452 3430 3507; x_wconf 82' lang='lat' dir='ltr'><strong>Opera</strong></span> <span class='ocrx_word' id='word_1_594' title='bbox 3489 3453 3617 3508; x_wconf 82' lang='lat' dir='ltr'><strong>quae</strong></span> 
     </span>
    </p>
   </div>
   <div class='ocr_carea' id='block_1_80' title="bbox 2014 3527 3618 3599">
    <p class='ocr_par' dir='ltr' id='par_1_80' title="bbox 2014 3527 3618 3599">
     <span class='ocr_line' id='line_1_80' title="bbox 2014 3527 3618 3599; baseline 0.001 -18"><span class='ocrx_word' id='word_1_595' title='bbox 2014 3528 2199 3583; x_wconf 87' lang='lat' dir='ltr'><strong>adhuc</strong></span> <span class='ocrx_word' id='word_1_596' title='bbox 2238 3527 2442 3582; x_wconf 88' lang='lat' dir='ltr'><strong>vivunt</strong></span> <span class='ocrx_word' id='word_1_597' title='bbox 2470 3543 2630 3584; x_wconf 89' lang='lat' dir='ltr'><strong>serva</strong></span> <span class='ocrx_word' id='word_1_598' title='bbox 2661 3529 2719 3584; x_wconf 91' lang='lat' dir='ltr'><strong>in</strong></span> <span class='ocrx_word' id='word_1_599' title='bbox 2754 3531 2861 3583; x_wconf 89' lang='lat' dir='ltr'><strong>vita</strong></span> <span class='ocrx_word' id='word_1_600' title='bbox 2901 3549 2915 3587; x_wconf 84' lang='lat'><strong>:</strong></span> <span class='ocrx_word' id='word_1_601' title='bbox 2955 3531 3039 3585; x_wconf 93' lang='lat' dir='ltr'><strong>his</strong></span> <span class='ocrx_word' id='word_1_602' title='bbox 3088 3540 3270 3585; x_wconf 90' lang='lat' dir='ltr'><strong>autem</strong></span> <span class='ocrx_word' id='word_1_603' title='bbox 3304 3544 3429 3599; x_wconf 68' lang='lat' dir='ltr'><strong>qua:</strong></span> <span class='ocrx_word' id='word_1_604' title='bbox 3466 3544 3618 3583; x_wconf 57' lang='lat' dir='ltr'><strong>moro</strong></span> 
     </span>
    </p>
   </div>
   <div class='ocr_carea' id='block_1_81' title="bbox 2015 3622 3616 3693">
    <p class='ocr_par' dir='ltr' id='par_1_81' title="bbox 2015 3622 3616 3693">
     <span class='ocr_line' id='line_1_81' title="bbox 2015 3622 3616 3693; baseline 0 -18"><span class='ocrx_word' id='word_1_605' title='bbox 2015 3631 2109 3676; x_wconf 89' lang='lat' dir='ltr'><strong>tua</strong></span> <span class='ocrx_word' id='word_1_606' title='bbox 2174 3630 2305 3677; x_wconf 89' lang='lat' dir='ltr'><strong>sunt</strong></span> <span class='ocrx_word' id='word_1_607' title='bbox 2346 3637 2444 3691; x_wconf 90' lang='lat' dir='ltr'><strong>per</strong></span> <span class='ocrx_word' id='word_1_608' title='bbox 2487 3622 2875 3691; x_wconf 69' lang='lat' dir='ltr'><strong>pwnitentiam</strong></span> <span class='ocrx_word' id='word_1_609' title='bbox 2946 3623 3213 3693; x_wconf 82' lang='lat' dir='ltr'><strong>conquire</strong></span> <span class='ocrx_word' id='word_1_610' title='bbox 3276 3622 3616 3677; x_wconf 83' lang='lat' dir='ltr'><strong>reviviscen-</strong></span> 
     </span>
    </p>
   </div>
   <div class='ocr_carea' id='block_1_82' title="bbox 2018 3712 3610 3783">
    <p class='ocr_par' dir='ltr' id='par_1_82' title="bbox 2018 3712 3610 3783">
     <span class='ocr_line' id='line_1_82' title="bbox 2018 3712 3610 3783; baseline 0.002 -15"><span class='ocrx_word' id='word_1_611' title='bbox 2018 3712 2171 3768; x_wconf 88' lang='lat' dir='ltr'><strong>tiam.</strong></span> <span class='ocrx_word' id='word_1_612' title='bbox 2232 3712 2406 3768; x_wconf 85' lang='lat' dir='ltr'><strong>Porro</strong></span> <span class='ocrx_word' id='word_1_613' title='bbox 2460 3714 2909 3783; x_wconf 84' lang='lat' dir='ltr'><strong>resipisceutiam</strong></span> <span class='ocrx_word' id='word_1_614' title='bbox 2972 3717 3109 3771; x_wconf 89' lang='lat' dir='ltr'><strong>dicit</strong></span> <span class='ocrx_word' id='word_1_615' title='bbox 3176 3716 3539 3772; x_wconf 88' lang='lat' dir='ltr'><strong>mutationem</strong></span> <span class='ocrx_word' id='word_1_616' title='bbox 3580 3732 3610 3771; x_wconf 87' lang='lat' dir='ltr'><strong>a</strong></span> 
     </span>
    </p>
   </div>
   <div class='ocr_carea' id='block_1_83' title="bbox 2016 3804 2909 3874">
    <p class='ocr_par' dir='ltr' id='par_1_83' title="bbox 2016 3804 2909 3874">
     <span class='ocr_line' id='line_1_83' title="bbox 2016 3804 2909 3874; baseline -0.001 -14"><span class='ocrx_word' id='word_1_617' title='bbox 2016 3805 2177 3860; x_wconf 89' lang='lat' dir='ltr'><strong>malis</strong></span> <span class='ocrx_word' id='word_1_618' title='bbox 2209 3805 2277 3858; x_wconf 91' lang='lat' dir='ltr'><strong>ad</strong></span> <span class='ocrx_word' id='word_1_619' title='bbox 2314 3804 2367 3858; x_wconf 94' lang='lat' dir='ltr'><strong>id</strong></span> <span class='ocrx_word' id='word_1_620' title='bbox 2395 3805 2543 3874; x_wconf 91' lang='lat' dir='ltr'><strong>quod</strong></span> <span class='ocrx_word' id='word_1_621' title='bbox 2578 3804 2776 3861; x_wconf 90' lang='lat' dir='ltr'><strong>melius</strong></span> <span class='ocrx_word' id='word_1_622' title='bbox 2802 3817 2909 3861; x_wconf 89' lang='lat' dir='ltr'><strong>est.</strong></span> 
     </span>
    </p>
   </div>
   <div class='ocr_carea' id='block_1_84' title="bbox 2086 3894 3615 3969">
    <p class='ocr_par' dir='ltr' id='par_1_84' title="bbox 2086 3894 3615 3969">
     <span class='ocr_line' id='line_1_84' title="bbox 2086 3894 3615 3969; baseline 0.003 -20"><span class='ocrx_word' id='word_1_623' title='bbox 2086 3894 2157 3949; x_wconf 87' lang='lat' dir='ltr'><strong>Et</strong></span> <span class='ocrx_word' id='word_1_624' title='bbox 2190 3912 2297 3949; x_wconf 88' lang='lat' dir='ltr'><strong>non</strong></span> <span class='ocrx_word' id='word_1_625' title='bbox 2323 3897 2459 3949; x_wconf 86' lang='lat' dir='ltr'><strong>scies</strong></span> <span class='ocrx_word' id='word_1_626' title='bbox 2482 3911 2585 3966; x_wconf 84' lang='lat' dir='ltr'><strong>qua</strong></span> <span class='ocrx_word' id='word_1_627' title='bbox 2606 3896 2762 3951; x_wconf 82' lang='lat' dir='ltr'><strong>hora.</strong></span> <span class='ocrx_word' id='word_1_628' title='bbox 2796 3897 3044 3969; x_wconf 75' lang='lat' dir='ltr'><strong>Ignotum</strong></span> <span class='ocrx_word' id='word_1_629' title='bbox 3072 3906 3158 3953; x_wconf 90' lang='lat' dir='ltr'><strong>est</strong></span> <span class='ocrx_word' id='word_1_630' title='bbox 3191 3898 3339 3953; x_wconf 89' lang='lat' dir='ltr'><strong>enim</strong></span> <span class='ocrx_word' id='word_1_631' title='bbox 3372 3907 3615 3969; x_wconf 85' lang='lat' dir='ltr'><strong>tempus.</strong></span> 
     </span>
    </p>
   </div>
   <div class='ocr_carea' id='block_1_85' title="bbox 2015 3987 3622 4060">
    <p class='ocr_par' dir='ltr' id='par_1_85' title="bbox 2015 3987 3622 4060">
     <span class='ocr_line' id='line_1_85' title="bbox 2015 3987 3622 4060; baseline 0.002 -18"><span class='ocrx_word' id='word_1_632' title='bbox 2015 3987 2083 4043; x_wconf 85' lang='lat' dir='ltr'><strong>Et</strong></span> <span class='ocrx_word' id='word_1_633' title='bbox 2131 3987 2602 4058; x_wconf 88' lang='lat' dir='ltr'><strong>quemadmodum</strong></span> <span class='ocrx_word' id='word_1_634' title='bbox 2660 3989 2861 4059; x_wconf 83' lang='lat' dir='ltr'><strong>cuique</strong></span> <span class='ocrx_word' id='word_1_635' title='bbox 2917 3998 3169 4045; x_wconf 89' lang='lat' dir='ltr'><strong>nostrum</strong></span> <span class='ocrx_word' id='word_1_636' title='bbox 3229 3991 3479 4060; x_wconf 69' lang='lat' dir='ltr'><strong>ignotum</strong></span> <span class='ocrx_word' id='word_1_637' title='bbox 3534 4001 3622 4047; x_wconf 82' lang='lat' dir='ltr'><strong>est</strong></span> 
     </span>
    </p>
   </div>
   <div class='ocr_carea' id='block_1_86' title="bbox 2014 4079 3620 4150">
    <p class='ocr_par' dir='ltr' id='par_1_86' title="bbox 2014 4079 3620 4150">
     <span class='ocr_line' id='line_1_86' title="bbox 2014 4079 3620 4150; baseline 0.001 -15"><span class='ocrx_word' id='word_1_638' title='bbox 2014 4090 2234 4148; x_wconf 88' lang='lat' dir='ltr'><strong>tempus</strong></span> <span class='ocrx_word' id='word_1_639' title='bbox 2286 4079 2482 4134; x_wconf 91' lang='lat' dir='ltr'><strong>mortis</strong></span> <span class='ocrx_word' id='word_1_640' title='bbox 2533 4079 2807 4150; x_wconf 90' lang='lat' dir='ltr'><strong>cujusque</strong></span> <span class='ocrx_word' id='word_1_641' title='bbox 2854 4090 3146 4144; x_wconf 89' lang='lat' dir='ltr'><strong>nostrum,</strong></span> <span class='ocrx_word' id='word_1_642' title='bbox 3210 4081 3284 4134; x_wconf 89' lang='lat' dir='ltr'><strong>ita</strong></span> <span class='ocrx_word' id='word_1_643' title='bbox 3339 4090 3394 4134; x_wconf 92' lang='lat' dir='ltr'><strong>et</strong></span> <span class='ocrx_word' id='word_1_644' title='bbox 3449 4081 3620 4135; x_wconf 88' lang='lat' dir='ltr'><strong>multo</strong></span> 
     </span>
    </p>
   </div>
   <div class='ocr_carea' id='block_1_87' title="bbox 2016 4170 3257 4244">
    <p class='ocr_par' dir='ltr' id='par_1_87' title="bbox 2016 4170 3257 4244">
     <span class='ocr_line' id='line_1_87' title="bbox 2016 4170 3257 4244; baseline -0.002 -17"><span class='ocrx_word' id='word_1_645' title='bbox 2016 4173 2191 4244; x_wconf 74' lang='lat' dir='ltr'><strong>magis</strong></span> <span class='ocrx_word' id='word_1_646' title='bbox 2222 4181 2435 4243; x_wconf 87' lang='lat' dir='ltr'><strong>tempus</strong></span> <span class='ocrx_word' id='word_1_647' title='bbox 2463 4172 2688 4227; x_wconf 88' lang='lat' dir='ltr'><strong>secundi</strong></span> <span class='ocrx_word' id='word_1_648' title='bbox 2716 4170 2985 4227; x_wconf 84' lang='lat' dir='ltr'><strong>adventus</strong></span> <span class='ocrx_word' id='word_1_649' title='bbox 3019 4171 3257 4225; x_wconf 89' lang='lat' dir='ltr'><strong>Domini.</strong></span> 
     </span>
    </p>
   </div>
   <div class='ocr_carea' id='block_1_88' title="bbox 2087 4262 3618 4335">
    <p class='ocr_par' dir='ltr' id='par_1_88' title="bbox 2087 4262 3618 4335">
     <span class='ocr_line' id='line_1_88' title="bbox 2087 4262 3618 4335; baseline -0.003 -15"><span class='ocrx_word' id='word_1_650' title='bbox 2087 4265 2173 4332; x_wconf 90' lang='lat' dir='ltr'><strong>Ill,</strong></span> <span class='ocrx_word' id='word_1_651' title='bbox 2200 4266 2312 4323; x_wconf 61' lang='grc' dir='ltr'><strong>ιθ.</strong></span> <span class='ocrx_word' id='word_1_652' title='bbox 2346 4266 2452 4323; x_wconf 88' lang='lat' dir='ltr'><strong>Sed</strong></span> <span class='ocrx_word' id='word_1_653' title='bbox 2477 4267 2634 4321; x_wconf 83' lang='lat' dir='ltr'><strong>habes</strong></span> <span class='ocrx_word' id='word_1_654' title='bbox 2648 4281 2826 4335; x_wconf 83' lang='lat' dir='ltr'><strong>pauca</strong></span> <span class='ocrx_word' id='word_1_655' title='bbox 2854 4267 3071 4319; x_wconf 89' lang='lat' dir='ltr'><strong>nomina</strong></span> <span class='ocrx_word' id='word_1_656' title='bbox 3099 4265 3154 4317; x_wconf 85' lang='lat' dir='ltr'><strong>in</strong></span> <span class='ocrx_word' id='word_1_657' title='bbox 3184 4262 3375 4319; x_wconf 79' lang='lat' dir='ltr'><strong>Sardis</strong></span> <span class='ocrx_word' id='word_1_658' title='bbox 3395 4262 3486 4333; x_wconf 86' lang='lat' dir='ltr'><strong>qui</strong></span> <span class='ocrx_word' id='word_1_659' title='bbox 3513 4279 3618 4316; x_wconf 84' lang='lat' dir='ltr'><strong>non</strong></span> 
     </span>
    </p>
   </div>
   <div class='ocr_carea' id='block_1_89' title="bbox 2014 4356 3617 4431">
    <p class='ocr_par' dir='ltr' id='par_1_89' title="bbox 2014 4356 3617 4431">
     <span class='ocr_line' id='line_1_89' title="bbox 2014 4356 3617 4431; baseline -0.003 -16"><span class='ocrx_word' id='word_1_660' title='bbox 2014 4361 2427 4431; x_wconf 85' lang='lat' dir='ltr'><strong>inquinaverunt</strong></span> <span class='ocrx_word' id='word_1_661' title='bbox 2455 4360 2767 4414; x_wconf 83' lang='lat' dir='ltr'><strong>vestimenta</strong></span> <span class='ocrx_word' id='word_1_662' title='bbox 2795 4375 2915 4421; x_wconf 87' lang='lat' dir='ltr'><strong>sua,</strong></span> <span class='ocrx_word' id='word_1_663' title='bbox 2953 4370 3001 4412; x_wconf 84' lang='lat' dir='ltr'><strong>et</strong></span> <span class='ocrx_word' id='word_1_664' title='bbox 3035 4356 3383 4411; x_wconf 84' lang='lat' dir='ltr'><strong>ambulabunt</strong></span> <span class='ocrx_word' id='word_1_665' title='bbox 3414 4373 3617 4410; x_wconf 82' lang='lat' dir='ltr'><strong>mecum</strong></span> 
     </span>
    </p>
   </div>
   <div class='ocr_carea' id='block_1_90' title="bbox 2016 4448 3621 4522">
    <p class='ocr_par' dir='ltr' id='par_1_90' title="bbox 2016 4448 3621 4522">
     <span class='ocr_line' id='line_1_90' title="bbox 2016 4448 3621 4522; baseline -0.006 -15"><span class='ocrx_word' id='word_1_666' title='bbox 2016 4454 2072 4507; x_wconf 85' lang='lat' dir='ltr'><strong>in</strong></span> <span class='ocrx_word' id='word_1_667' title='bbox 2103 4452 2242 4507; x_wconf 88' lang='lat' dir='ltr'><strong>albis</strong></span> <span class='ocrx_word' id='word_1_668' title='bbox 2262 4494 2279 4519; x_wconf 89' lang='lat'><strong>,</strong></span> <span class='ocrx_word' id='word_1_669' title='bbox 2329 4453 2458 4522; x_wconf 87' lang='lat' dir='ltr'><strong>quia</strong></span> <span class='ocrx_word' id='word_1_670' title='bbox 2502 4452 2652 4519; x_wconf 85' lang='lat' dir='ltr'><strong>digni</strong></span> <span class='ocrx_word' id='word_1_671' title='bbox 2677 4460 2825 4504; x_wconf 82' lang='lat' dir='ltr'><strong>sunt.</strong></span> <span class='ocrx_word' id='word_1_672' title='bbox 2857 4450 2962 4515; x_wconf 84' lang='lat' dir='ltr'><strong>Qui</strong></span> <span class='ocrx_word' id='word_1_673' title='bbox 3003 4449 3217 4511; x_wconf 85' lang='lat' dir='ltr'><strong>vicerit,</strong></span> <span class='ocrx_word' id='word_1_674' title='bbox 3244 4448 3329 4500; x_wconf 83' lang='lat' dir='ltr'><strong>hic</strong></span> <span class='ocrx_word' id='word_1_675' title='bbox 3370 4450 3621 4501; x_wconf 78' lang='lat' dir='ltr'><strong>vestietur</strong></span> 
     </span>
    </p>
   </div>
   <div class='ocr_carea' id='block_1_91' title="bbox 314 4536 1904 4612">
    <p class='ocr_par' dir='ltr' id='par_1_91' title="bbox 314 4536 1904 4607">
     <span class='ocr_line' id='line_1_91' title="bbox 314 4536 1904 4607; baseline -0.001 -13"><span class='ocrx_word' id='word_1_676' title='bbox 314 4537 508 4605; x_wconf 82' lang='grc' dir='ltr'>οὗτος</span> <span class='ocrx_word' id='word_1_677' title='bbox 549 4536 955 4607; x_wconf 71' lang='grc' dir='ltr'>περιϐαλεῖται</span> <span class='ocrx_word' id='word_1_678' title='bbox 997 4537 1067 4591; x_wconf 76' lang='grc' dir='ltr'>ἐν</span> <span class='ocrx_word' id='word_1_679' title='bbox 1118 4538 1373 4606; x_wconf 78' lang='grc' dir='ltr'>ίματίοις</span> <span class='ocrx_word' id='word_1_680' title='bbox 1402 4536 1669 4603; x_wconf 77' lang='grc' dir='ltr'>λευκοῖς,</span> <span class='ocrx_word' id='word_1_681' title='bbox 1700 4538 1796 4592; x_wconf 70' lang='grc' dir='ltr'><strong>καί</strong></span> <span class='ocrx_word' id='word_1_682' title='bbox 1839 4541 1904 4592; x_wconf 77' lang='grc' dir='ltr'>οὐ</span> 
     </span>
    </p>
   </div>
   <div class='ocr_carea' id='block_1_92' title="bbox 2006 4536 3621 4612">
    <p class='ocr_par' dir='ltr' id='par_1_92' title="bbox 2020 4542 3621 4612">
     <span class='ocr_line' id='line_1_92' title="bbox 2020 4542 3621 4612; baseline -0.005 -11"><span class='ocrx_word' id='word_1_683' title='bbox 2020 4548 2342 4602; x_wconf 86' lang='lat' dir='ltr'><strong>vestimentis</strong></span> <span class='ocrx_word' id='word_1_684' title='bbox 2374 4548 2534 4611; x_wconf 82' lang='lat' dir='ltr'><strong>albis,</strong></span> <span class='ocrx_word' id='word_1_685' title='bbox 2566 4557 2617 4601; x_wconf 85' lang='lat' dir='ltr'><strong>et</strong></span> <span class='ocrx_word' id='word_1_686' title='bbox 2645 4564 2749 4600; x_wconf 80' lang='lat' dir='ltr'><strong>non</strong></span> <span class='ocrx_word' id='word_1_687' title='bbox 2777 4546 2959 4600; x_wconf 80' lang='lat' dir='ltr'><strong>delebo</strong></span> <span class='ocrx_word' id='word_1_688' title='bbox 2989 4560 3177 4597; x_wconf 87' lang='lat' dir='ltr'><strong>nomen</strong></span> <span class='ocrx_word' id='word_1_689' title='bbox 3218 4543 3331 4611; x_wconf 74' lang='lat' dir='ltr'><strong>eius</strong></span> <span class='ocrx_word' id='word_1_690' title='bbox 3357 4542 3525 4612; x_wconf 75' lang='lat'><strong>678</strong></span> <span class='ocrx_word' id='word_1_691' title='bbox 3556 4542 3621 4594; x_wconf 84' lang='lat' dir='ltr'><strong>de</strong></span> 
     </span>
    </p>
   </div>
   <div class='ocr_carea' id='block_1_93' title="bbox 310 4628 1912 4701">
    <p class='ocr_par' dir='ltr' id='par_1_93' title="bbox 310 4628 1912 4701">
     <span class='ocr_line' id='line_1_93' title="bbox 310 4628 1912 4701; baseline -0.001 -16"><span class='ocrx_word' id='word_1_692' title='bbox 310 4634 407 4701; x_wconf 81' lang='grc' dir='ltr'><strong>μὴ</strong></span> <span class='ocrx_word' id='word_1_693' title='bbox 439 4632 745 4699; x_wconf 70' lang='grc' dir='ltr'>ἐξαλείψω</span> <span class='ocrx_word' id='word_1_694' title='bbox 770 4630 836 4683; x_wconf 86' lang='grc' dir='ltr'>τὸ</span> <span class='ocrx_word' id='word_1_695' title='bbox 864 4628 1052 4698; x_wconf 81' lang='grc' dir='ltr'>ὄνομα</span> <span class='ocrx_word' id='word_1_696' title='bbox 1088 4629 1275 4684; x_wconf 84' lang='grc' dir='ltr'>αὑτοῦ</span> <span class='ocrx_word' id='word_1_697' title='bbox 1305 4629 1376 4683; x_wconf 81' lang='grc' dir='ltr'>ἐκ</span> <span class='ocrx_word' id='word_1_698' title='bbox 1405 4628 1518 4697; x_wconf 82' lang='grc' dir='ltr'>τῆς</span> <span class='ocrx_word' id='word_1_699' title='bbox 1539 4630 1765 4694; x_wconf 69' lang='grc' dir='ltr'>,βίϐλου</span> <span class='ocrx_word' id='word_1_700' title='bbox 1799 4629 1912 4698; x_wconf 83' lang='grc' dir='ltr'>τῆς</span> 
     </span>
    </p>
   </div>
   <div class='ocr_carea' id='block_1_94' title="bbox 316 4720 1915 4791">
    <p class='ocr_par' dir='ltr' id='par_1_94' title="bbox 316 4720 1915 4791">
     <span class='ocr_line' id='line_1_94' title="bbox 316 4720 1915 4791; baseline 0.003 -16"><span class='ocrx_word' id='word_1_701' title='bbox 316 4720 498 4791; x_wconf 80' lang='grc' dir='ltr'>ζωῆς,</span> <span class='ocrx_word' id='word_1_702' title='bbox 545 4720 647 4775; x_wconf 78' lang='grc' dir='ltr'>καὶ</span> <span class='ocrx_word' id='word_1_703' title='bbox 680 4720 1039 4790; x_wconf 73' lang='grc' dir='ltr'>ὁμολογήσω</span> <span class='ocrx_word' id='word_1_704' title='bbox 1080 4722 1147 4775; x_wconf 86' lang='grc' dir='ltr'>τὸ</span> <span class='ocrx_word' id='word_1_705' title='bbox 1200 4721 1389 4791; x_wconf 78' lang='grc' dir='ltr'>ὄνομα</span> <span class='ocrx_word' id='word_1_706' title='bbox 1432 4723 1620 4777; x_wconf 86' lang='grc' dir='ltr'>αὑτοῦ</span> <span class='ocrx_word' id='word_1_707' title='bbox 1656 4722 1915 4778; x_wconf 80' lang='grc' dir='ltr'>ἐνώπιον</span> 
     </span>
    </p>
   </div>
   <div class='ocr_carea' id='block_1_95' title="bbox 316 4812 1915 4886">
    <p class='ocr_par' dir='ltr' id='par_1_95' title="bbox 316 4812 1915 4886">
     <span class='ocr_line' id='line_1_95' title="bbox 316 4812 1915 4886; baseline 0.003 -19"><span class='ocrx_word' id='word_1_708' title='bbox 316 4812 435 4868; x_wconf 83' lang='grc' dir='ltr'><strong>τοῦ</strong></span> <span class='ocrx_word' id='word_1_709' title='bbox 465 4816 698 4882; x_wconf 86' lang='grc' dir='ltr'>Πατρός</span> <span class='ocrx_word' id='word_1_710' title='bbox 720 4832 872 4884; x_wconf 84' lang='grc' dir='ltr'>μου,</span> <span class='ocrx_word' id='word_1_711' title='bbox 909 4815 1007 4867; x_wconf 78' lang='grc' dir='ltr'><strong>καὶ</strong></span> <span class='ocrx_word' id='word_1_712' title='bbox 1044 4814 1304 4869; x_wconf 79' lang='grc' dir='ltr'>ἐνώπιον</span> <span class='ocrx_word' id='word_1_713' title='bbox 1347 4814 1468 4869; x_wconf 87' lang='grc' dir='ltr'>τῶν</span> <span class='ocrx_word' id='word_1_714' title='bbox 1497 4816 1772 4886; x_wconf 78' lang='grc' dir='ltr'>ἀγγέλων</span> <span class='ocrx_word' id='word_1_715' title='bbox 1804 4819 1915 4872; x_wconf 84' lang='grc' dir='ltr'><strong>αὑ-</strong></span> 
     </span>
    </p>
   </div>
   <div class='ocr_carea' id='block_1_96' title="bbox 316 4903 1918 4982">
    <p class='ocr_par' dir='ltr' id='par_1_96' title="bbox 316 4903 1918 4982">
     <span class='ocr_line' id='line_1_96' title="bbox 316 4903 1918 4982; baseline 0.004 -23"><span class='ocrx_word' id='word_1_716' title='bbox 316 4906 456 4961; x_wconf 79' lang='grc' dir='ltr'>τοῦ.</span> <span class='ocrx_word' id='word_1_717' title='bbox 501 4906 563 4959; x_wconf 88' lang='lat'><strong>&#39;0</strong></span> <span class='ocrx_word' id='word_1_718' title='bbox 595 4906 757 4975; x_wconf 73' lang='grc' dir='ltr'>ἔχων</span> <span class='ocrx_word' id='word_1_719' title='bbox 793 4903 927 4974; x_wconf 85' lang='grc' dir='ltr'>οὖς,</span> <span class='ocrx_word' id='word_1_720' title='bbox 956 4908 1276 4963; x_wconf 77' lang='grc' dir='ltr'>ἀκουσάτω</span> <span class='ocrx_word' id='word_1_721' title='bbox 1300 4909 1358 4963; x_wconf 83' lang='grc' dir='ltr'><strong>τί</strong></span> <span class='ocrx_word' id='word_1_722' title='bbox 1386 4908 1453 4962; x_wconf 86' lang='grc' dir='ltr'>τὸ</span> <span class='ocrx_word' id='word_1_723' title='bbox 1485 4909 1727 4979; x_wconf 81' lang='grc' dir='ltr'>Πνεῦμα</span> <span class='ocrx_word' id='word_1_724' title='bbox 1754 4911 1918 4982; x_wconf 79' lang='grc' dir='ltr'>λέγει</span> 
     </span>
    </p>
   </div>
   <div class='ocr_carea' id='block_1_97' title="bbox 316 4997 914 5067">
    <p class='ocr_par' dir='ltr' id='par_1_97' title="bbox 316 4997 914 5067">
     <span class='ocr_line' id='line_1_97' title="bbox 316 4997 914 5067; baseline 0.005 -17"><span class='ocrx_word' id='word_1_725' title='bbox 316 4997 454 5064; x_wconf 82' lang='grc' dir='ltr'>ταῖς</span> <span class='ocrx_word' id='word_1_726' title='bbox 502 4999 914 5067; x_wconf 73' lang='grc' dir='ltr'>Ἐκκλησίαις.</span> 
     </span>
    </p>
   </div>
   <div class='ocr_carea' id='block_1_98' title="bbox 412 5088 1916 5163">
    <p class='ocr_par' dir='ltr' id='par_1_98' title="bbox 412 5088 1916 5163">
     <span class='ocr_line' id='line_1_98' title="bbox 412 5088 1916 5163; baseline 0.003 -23"><span class='ocrx_word' id='word_1_727' title='bbox 412 5088 851 5159; x_wconf 83' lang='grc' dir='ltr'>Ἐπισημαντέον</span> <span class='ocrx_word' id='word_1_728' title='bbox 928 5089 1028 5160; x_wconf 83' lang='grc' dir='ltr'>τὴν</span> <span class='ocrx_word' id='word_1_729' title='bbox 1095 5092 1291 5163; x_wconf 79' lang='grc' dir='ltr'>χρῆσιν</span> <span class='ocrx_word' id='word_1_730' title='bbox 1350 5092 1446 5145; x_wconf 82' lang='grc' dir='ltr'><strong>τοῦ</strong></span> <span class='ocrx_word' id='word_1_731' title='bbox 1497 5093 1779 5161; x_wconf 71' lang='grc' dir='ltr'>ὀνόματα,</span> <span class='ocrx_word' id='word_1_732' title='bbox 1840 5093 1916 5155; x_wconf 83' lang='grc' dir='ltr'>ὡς</span> 
     </span>
    </p>
   </div>
   <div class='ocr_carea' id='block_1_99' title="bbox 318 5180 1919 5258">
    <p class='ocr_par' dir='ltr' id='par_1_99' title="bbox 318 5180 1919 5258">
     <span class='ocr_line' id='line_1_99' title="bbox 318 5180 1919 5258; baseline 0.001 -23"><span class='ocrx_word' id='word_1_733' title='bbox 318 5180 716 5251; x_wconf 80' lang='grc' dir='ltr'>ἁνελλήνιστον</span> <span class='ocrx_word' id='word_1_734' title='bbox 756 5182 852 5235; x_wconf 80' lang='grc' dir='ltr'><strong>καὶ</strong></span> <span class='ocrx_word' id='word_1_735' title='bbox 880 5183 978 5251; x_wconf 80' lang='grc' dir='ltr'><strong>τῆς</strong></span> <span class='ocrx_word' id='word_1_736' title='bbox 1020 5184 1283 5256; x_wconf 85' lang='grc' dir='ltr'>ἀδοκίμου</span> <span class='ocrx_word' id='word_1_737' title='bbox 1325 5187 1575 5258; x_wconf 83' lang='grc' dir='ltr'>χρήσεως</span> <span class='ocrx_word' id='word_1_738' title='bbox 1606 5188 1699 5239; x_wconf 83' lang='grc' dir='ltr'><strong>καὶ</strong></span> <span class='ocrx_word' id='word_1_739' title='bbox 1729 5185 1919 5254; x_wconf 83' lang='grc' dir='ltr'>κιϐδή-</span> 
     </span>
    </p>
   </div>
   <div class='ocr_carea' id='block_1_100' title="bbox 318 5273 1920 5349">
    <p class='ocr_par' dir='ltr' id='par_1_100' title="bbox 318 5273 1920 5349">
     <span class='ocr_line' id='line_1_100' title="bbox 318 5273 1920 5349; baseline 0.002 -22"><span class='ocrx_word' id='word_1_740' title='bbox 318 5273 449 5344; x_wconf 81' lang='grc' dir='ltr'>λης.</span> <span class='ocrx_word' id='word_1_741' title='bbox 496 5276 697 5345; x_wconf 80' lang='grc' dir='ltr'>Ἤρκει</span> <span class='ocrx_word' id='word_1_742' title='bbox 748 5275 855 5346; x_wconf 81' lang='grc' dir='ltr'><strong>γὰρ</strong></span> <span class='ocrx_word' id='word_1_743' title='bbox 909 5278 1121 5340; x_wconf 76' lang='grc' dir='ltr'>εἰπεῖν,</span> <span class='ocrx_word' id='word_1_744' title='bbox 1179 5277 1423 5346; x_wconf 88' lang='grc' dir='ltr'>Ὀλίγους</span> <span class='ocrx_word' id='word_1_745' title='bbox 1475 5278 1640 5349; x_wconf 79' lang='grc' dir='ltr'>ἔχεις,</span> <span class='ocrx_word' id='word_1_746' title='bbox 1672 5277 1789 5331; x_wconf 88' lang='grc' dir='ltr'>ἀλλ’</span> <span class='ocrx_word' id='word_1_747' title='bbox 1818 5279 1920 5331; x_wconf 76' lang='grc' dir='ltr'>οὐκ</span> 
     </span>
    </p>
   </div>
   <div class='ocr_carea' id='block_1_101' title="bbox 320 5366 1919 5440">
    <p class='ocr_par' dir='ltr' id='par_1_101' title="bbox 320 5366 1919 5440">
     <span class='ocr_line' id='line_1_101' title="bbox 320 5366 1919 5440; baseline 0.002 -22"><span class='ocrx_word' id='word_1_748' title='bbox 320 5367 486 5435; x_wconf 78' lang='grc' dir='ltr'>ὀλίγα</span> <span class='ocrx_word' id='word_1_749' title='bbox 514 5366 780 5436; x_wconf 85' lang='grc' dir='ltr'>ὀνόματα.</span> <span class='ocrx_word' id='word_1_750' title='bbox 824 5366 939 5420; x_wconf 81' lang='grc' dir='ltr'><strong>Κᾶν</strong></span> <span class='ocrx_word' id='word_1_751' title='bbox 975 5367 1084 5438; x_wconf 82' lang='grc' dir='ltr'>γὰρ</span> <span class='ocrx_word' id='word_1_752' title='bbox 1118 5370 1152 5438; x_wconf 76' lang='grc' dir='ltr'>ἡ</span> <span class='ocrx_word' id='word_1_753' title='bbox 1191 5369 1393 5440; x_wconf 85' lang='grc' dir='ltr'>ἰδιότης</span> <span class='ocrx_word' id='word_1_754' title='bbox 1426 5369 1526 5438; x_wconf 79' lang='grc' dir='ltr'>τῆς</span> <span class='ocrx_word' id='word_1_755' title='bbox 1565 5368 1919 5435; x_wconf 80' lang='grc' dir='ltr'>ὑποστάσεως</span> 
     </span>
    </p>
   </div>
   <div class='ocr_carea' id='block_1_102' title="bbox 324 5459 1913 5531">
    <p class='ocr_par' dir='ltr' id='par_1_102' title="bbox 324 5459 1913 5531">
     <span class='ocr_line' id='line_1_102' title="bbox 324 5459 1913 5531; baseline 0.003 -19"><span class='ocrx_word' id='word_1_756' title='bbox 324 5459 564 5512; x_wconf 76' lang='grc' dir='ltr'>ἑκάστου</span> <span class='ocrx_word' id='word_1_757' title='bbox 600 5460 934 5531; x_wconf 78' lang='grc' dir='ltr'>ἀφορίζηται</span> <span class='ocrx_word' id='word_1_758' title='bbox 963 5460 1051 5513; x_wconf 76' lang='grc' dir='ltr'>διὰ</span> <span class='ocrx_word' id='word_1_759' title='bbox 1094 5460 1189 5514; x_wconf 85' lang='grc' dir='ltr'><strong>τοῦ</strong></span> <span class='ocrx_word' id='word_1_760' title='bbox 1218 5463 1440 5529; x_wconf 80' lang='grc' dir='ltr'>Κυρίου</span> <span class='ocrx_word' id='word_1_761' title='bbox 1470 5462 1764 5531; x_wconf 69' lang='grc' dir='ltr'>ὀνόματος,</span> <span class='ocrx_word' id='word_1_762' title='bbox 1797 5462 1913 5516; x_wconf 85' lang='grc' dir='ltr'>ἀλλ’</span> 
     </span>
    </p>
   </div>
   <div class='ocr_carea' id='block_1_103' title="bbox 324 5551 1915 5623">
    <p class='ocr_par' dir='ltr' id='par_1_103' title="bbox 324 5551 1915 5623">
     <span class='ocr_line' id='line_1_103' title="bbox 324 5551 1915 5623; baseline 0.001 -18"><span class='ocrx_word' id='word_1_763' title='bbox 324 5552 427 5605; x_wconf 74' lang='grc' dir='ltr'>οὖν</span> <span class='ocrx_word' id='word_1_764' title='bbox 458 5554 492 5623; x_wconf 85' lang='grc' dir='ltr'>ὴ</span> <span class='ocrx_word' id='word_1_765' title='bbox 554 5551 807 5622; x_wconf 78' lang='grc' dir='ltr'>ἔγκριτος</span> <span class='ocrx_word' id='word_1_766' title='bbox 840 5551 1064 5619; x_wconf 82' lang='grc' dir='ltr'>γλῶσσα</span> <span class='ocrx_word' id='word_1_767' title='bbox 1112 5552 1211 5622; x_wconf 86' lang='grc' dir='ltr'><strong>τῆς</strong></span> <span class='ocrx_word' id='word_1_768' title='bbox 1273 5552 1523 5617; x_wconf 81' lang='grc' dir='ltr'>Ἑλλάδος</span> <span class='ocrx_word' id='word_1_769' title='bbox 1577 5553 1801 5623; x_wconf 84' lang='grc' dir='ltr'>φωνῆς,</span> <span class='ocrx_word' id='word_1_770' title='bbox 1834 5555 1915 5618; x_wconf 88' lang='grc' dir='ltr'><strong>είς</strong></span> 
     </span>
    </p>
   </div>
   <div class='ocr_carea' id='block_1_104' title="bbox 324 5627 1915 5715">
    <p class='ocr_par' dir='ltr' id='par_1_104' title="bbox 324 5627 1915 5715">
     <span class='ocr_line' id='line_1_104' title="bbox 324 5627 1915 5715; baseline 0.004 -18"><span class='ocrx_word' id='word_1_771' title='bbox 324 5627 567 5712; x_wconf 64' lang='grc' dir='ltr'>ἀριθμὸν</span> <span class='ocrx_word' id='word_1_772' title='bbox 598 5643 699 5697; x_wconf 74' lang='grc' dir='ltr'><strong>οὐκ</strong></span> <span class='ocrx_word' id='word_1_773' title='bbox 749 5639 859 5698; x_wconf 76' lang='grc' dir='ltr'>οἶδε</span> <span class='ocrx_word' id='word_1_774' title='bbox 902 5644 1359 5715; x_wconf 85' lang='grc' dir='ltr'>παραλαμϐάνειν</span> <span class='ocrx_word' id='word_1_775' title='bbox 1399 5646 1469 5700; x_wconf 74' lang='grc' dir='ltr'><strong>τά</strong></span> <span class='ocrx_word' id='word_1_776' title='bbox 1507 5645 1631 5700; x_wconf 86' lang='grc' dir='ltr'>καθ’</span> <span class='ocrx_word' id='word_1_777' title='bbox 1682 5646 1915 5703; x_wconf 77' lang='grc' dir='ltr'>ἕκαστον</span> 
     </span>
    </p>
   </div>
   <div class='ocr_carea' id='block_1_105' title="bbox 407 5819 1503 5893">
    <p class='ocr_par' dir='ltr' id='par_1_105' title="bbox 407 5819 1503 5893">
     <span class='ocr_line' id='line_1_105' title="bbox 407 5819 1503 5893; baseline 0.001 -17"><span class='ocrx_word' id='word_1_778' title='bbox 407 5819 619 5877; x_wconf 77' lang='lat' dir='ltr'><strong>“Psal.</strong></span> <span class='ocrx_word' id='word_1_779' title='bbox 648 5836 838 5893; x_wconf 74' lang='lat' dir='ltr'><strong>can,</strong></span> <span class='ocrx_word' id='word_1_780' title='bbox 873 5821 963 5880; x_wconf 79' lang='lat'><strong>50.</strong></span> <span class='ocrx_word' id='word_1_781' title='bbox 1038 5822 1083 5855; x_wconf 69' lang='grc' dir='ltr'><strong>δ’</strong></span> <span class='ocrx_word' id='word_1_782' title='bbox 1132 5820 1334 5893; x_wconf 82' lang='lat' dir='ltr'><strong>Ephes.</strong></span> <span class='ocrx_word' id='word_1_783' title='bbox 1359 5836 1422 5889; x_wconf 88' lang='grc' dir='ltr'><strong>ιι,</strong></span> <span class='ocrx_word' id='word_1_784' title='bbox 1449 5820 1503 5877; x_wconf 81' lang='lat' dir='ltr'><strong>l.</strong></span> 
     </span>
    </p>
   </div>
   <div class='ocr_carea' id='block_1_106' title="bbox 2010 4637 3619 4709">
    <p class='ocr_par' dir='ltr' id='par_1_106' title="bbox 2010 4637 3619 4709">
     <span class='ocr_line' id='line_1_106' title="bbox 2010 4637 3619 4709; baseline -0.004 -17"><span class='ocrx_word' id='word_1_785' title='bbox 2010 4639 2142 4693; x_wconf 85' lang='lat' dir='ltr'><strong>libro</strong></span> <span class='ocrx_word' id='word_1_786' title='bbox 2174 4641 2314 4705; x_wconf 67' lang='lat' dir='ltr'><strong>vitae,</strong></span> <span class='ocrx_word' id='word_1_787' title='bbox 2343 4650 2392 4694; x_wconf 84' lang='lat' dir='ltr'><strong>et</strong></span> <span class='ocrx_word' id='word_1_788' title='bbox 2414 4639 2704 4709; x_wconf 84' lang='lat' dir='ltr'><strong>conﬁtebor</strong></span> <span class='ocrx_word' id='word_1_789' title='bbox 2734 4653 2923 4692; x_wconf 85' lang='lat' dir='ltr'><strong>nomen</strong></span> <span class='ocrx_word' id='word_1_790' title='bbox 2949 4637 3063 4703; x_wconf 84' lang='lat' dir='ltr'><strong>ejus</strong></span> <span class='ocrx_word' id='word_1_791' title='bbox 3094 4652 3274 4689; x_wconf 88' lang='lat' dir='ltr'><strong>coram</strong></span> <span class='ocrx_word' id='word_1_792' title='bbox 3300 4638 3462 4688; x_wconf 83' lang='lat' dir='ltr'><strong>Patre</strong></span> <span class='ocrx_word' id='word_1_793' title='bbox 3484 4651 3619 4697; x_wconf 77' lang='lat' dir='ltr'><strong>utea,</strong></span> 
     </span>
    </p>
   </div>
   <div class='ocr_carea' id='block_1_107' title="bbox 2010 4728 3619 4802">
    <p class='ocr_par' dir='ltr' id='par_1_107' title="bbox 2010 4728 3619 4802">
     <span class='ocr_line' id='line_1_107' title="bbox 2010 4728 3619 4802; baseline -0.003 -16"><span class='ocrx_word' id='word_1_794' title='bbox 2010 4742 2059 4787; x_wconf 85' lang='lat' dir='ltr'><strong>et</strong></span> <span class='ocrx_word' id='word_1_795' title='bbox 2090 4748 2271 4786; x_wconf 83' lang='lat' dir='ltr'><strong>coram</strong></span> <span class='ocrx_word' id='word_1_796' title='bbox 2310 4732 2509 4802; x_wconf 60' lang='lat' dir='ltr'><strong>angelxs</strong></span> <span class='ocrx_word' id='word_1_797' title='bbox 2536 4732 2669 4786; x_wconf 84' lang='lat' dir='ltr'><strong>suis.</strong></span> <span class='ocrx_word' id='word_1_798' title='bbox 2704 4729 2809 4797; x_wconf 87' lang='lat' dir='ltr'><strong>Qui</strong></span> <span class='ocrx_word' id='word_1_799' title='bbox 2833 4730 2987 4784; x_wconf 81' lang='lat' dir='ltr'><strong>habet</strong></span> <span class='ocrx_word' id='word_1_800' title='bbox 3019 4744 3227 4794; x_wconf 85' lang='lat' dir='ltr'><strong>aurem,</strong></span> <span class='ocrx_word' id='word_1_801' title='bbox 3274 4728 3461 4782; x_wconf 77' lang='lat' dir='ltr'><strong>audiat</strong></span> <span class='ocrx_word' id='word_1_802' title='bbox 3491 4730 3619 4798; x_wconf 83' lang='lat' dir='ltr'><strong>quid</strong></span> 
     </span>
    </p>
   </div>
   <div class='ocr_carea' id='block_1_108' title="bbox 2013 4823 2723 4895">
    <p class='ocr_par' dir='ltr' id='par_1_108' title="bbox 2013 4823 2723 4895">
     <span class='ocr_line' id='line_1_108' title="bbox 2013 4823 2723 4895; baseline -0.001 -16"><span class='ocrx_word' id='word_1_803' title='bbox 2013 4824 2245 4895; x_wconf 82' lang='lat' dir='ltr'><strong>Spiritus</strong></span> <span class='ocrx_word' id='word_1_804' title='bbox 2269 4826 2410 4879; x_wconf 87' lang='lat' dir='ltr'><strong>dicat</strong></span> <span class='ocrx_word' id='word_1_805' title='bbox 2448 4823 2723 4880; x_wconf 81' lang='lat' dir='ltr'><strong>Ecclesiis.</strong></span> 
     </span>
    </p>
   </div>
   <div class='ocr_carea' id='block_1_109' title="bbox 2090 5088 3613 5161">
    <p class='ocr_par' dir='ltr' id='par_1_109' title="bbox 2090 5088 3613 5161">
     <span class='ocr_line' id='line_1_109' title="bbox 2090 5088 3613 5161; baseline -0.009 -11"><span class='ocrx_word' id='word_1_806' title='bbox 2090 5095 2655 5151; x_wconf 81' lang='lat' dir='ltr'><strong>Animadvertendum</strong></span> <span class='ocrx_word' id='word_1_807' title='bbox 2680 5102 2763 5149; x_wconf 90' lang='lat' dir='ltr'><strong>est</strong></span> <span class='ocrx_word' id='word_1_808' title='bbox 2793 5109 2953 5148; x_wconf 90' lang='lat' dir='ltr'><strong>usum</strong></span> <span class='ocrx_word' id='word_1_809' title='bbox 2982 5089 3288 5161; x_wconf 87' lang='lat' dir='ltr'><strong>accipiendi</strong></span> <span class='ocrx_word' id='word_1_810' title='bbox 3320 5090 3424 5144; x_wconf 90' lang='lat' dir='ltr'><strong>hoc</strong></span> <span class='ocrx_word' id='word_1_811' title='bbox 3449 5088 3613 5141; x_wconf 81' lang='lat' dir='ltr'><strong>modo</strong></span> 
     </span>
    </p>
   </div>
   <div class='ocr_carea' id='block_1_110' title="bbox 2017 5179 3619 5253">
    <p class='ocr_par' dir='ltr' id='par_1_110' title="bbox 2017 5179 3619 5253">
     <span class='ocr_line' id='line_1_110' title="bbox 2017 5179 3619 5253; baseline -0.007 -9"><span class='ocrx_word' id='word_1_812' title='bbox 2017 5189 2275 5251; x_wconf 83' lang='lat' dir='ltr'><strong>nomina,</strong></span> <span class='ocrx_word' id='word_1_813' title='bbox 2314 5189 2554 5242; x_wconf 88' lang='lat' dir='ltr'><strong>alienum</strong></span> <span class='ocrx_word' id='word_1_814' title='bbox 2606 5202 2730 5242; x_wconf 89' lang='lat' dir='ltr'><strong>esse</strong></span> <span class='ocrx_word' id='word_1_815' title='bbox 2775 5202 2804 5240; x_wconf 88' lang='lat' dir='ltr'><strong>a</strong></span> <span class='ocrx_word' id='word_1_816' title='bbox 2838 5185 3028 5241; x_wconf 71' lang='lat' dir='ltr'><strong>Grzeca</strong></span> <span class='ocrx_word' id='word_1_817' title='bbox 3079 5182 3287 5253; x_wconf 88' lang='lat' dir='ltr'><strong>phrasi,</strong></span> <span class='ocrx_word' id='word_1_818' title='bbox 3341 5196 3441 5234; x_wconf 91' lang='lat' dir='ltr'><strong>nec</strong></span> <span class='ocrx_word' id='word_1_819' title='bbox 3480 5179 3619 5232; x_wconf 84' lang='lat' dir='ltr'><strong>satis</strong></span> 
     </span>
    </p>
   </div>
   <div class='ocr_carea' id='block_1_111' title="bbox 2016 5270 3616 5351">
    <p class='ocr_par' dir='ltr' id='par_1_111' title="bbox 2016 5270 3616 5351">
     <span class='ocr_line' id='line_1_111' title="bbox 2016 5270 3616 5351; baseline -0.008 -17"><span class='ocrx_word' id='word_1_820' title='bbox 2016 5282 2306 5351; x_wconf 84' lang='lat' dir='ltr'><strong>probatum</strong></span> <span class='ocrx_word' id='word_1_821' title='bbox 2354 5294 2502 5342; x_wconf 84' lang='lat' dir='ltr'><strong>esse,</strong></span> <span class='ocrx_word' id='word_1_822' title='bbox 2558 5280 2650 5333; x_wconf 88' lang='lat' dir='ltr'><strong>sed</strong></span> <span class='ocrx_word' id='word_1_823' title='bbox 2695 5277 2970 5347; x_wconf 84' lang='lat' dir='ltr'><strong>ahjectum</strong></span> <span class='ocrx_word' id='word_1_824' title='bbox 3008 5293 3022 5329; x_wconf 77' lang='grc' dir='ltr'><strong>ε</strong></span> <span class='ocrx_word' id='word_1_825' title='bbox 3058 5275 3193 5329; x_wconf 89' lang='lat' dir='ltr'><strong>satis</strong></span> <span class='ocrx_word' id='word_1_826' title='bbox 3238 5272 3386 5326; x_wconf 85' lang='lat' dir='ltr'><strong>enim</strong></span> <span class='ocrx_word' id='word_1_827' title='bbox 3422 5270 3616 5323; x_wconf 75' lang='grc' dir='ltr'>[υἰεευι</span> 
     </span>
    </p>
   </div>
   <div class='ocr_carea' id='block_1_112' title="bbox 2019 5363 3619 5437">
    <p class='ocr_par' dir='ltr' id='par_1_112' title="bbox 2019 5363 3619 5437">
     <span class='ocr_line' id='line_1_112' title="bbox 2019 5363 3619 5437; baseline -0.01 -10"><span class='ocrx_word' id='word_1_828' title='bbox 2019 5371 2225 5427; x_wconf 73' lang='lat' dir='ltr'><strong>dixisse</strong></span> <span class='ocrx_word' id='word_1_829' title='bbox 2250 5388 2264 5424; x_wconf 86' lang='lat'><strong>:</strong></span> <span class='ocrx_word' id='word_1_830' title='bbox 2285 5368 2498 5425; x_wconf 85' lang='lat' dir='ltr'><strong>Paucos</strong></span> <span class='ocrx_word' id='word_1_831' title='bbox 2525 5370 2716 5434; x_wconf 87' lang='lat' dir='ltr'><strong>hahes,</strong></span> <span class='ocrx_word' id='word_1_832' title='bbox 2744 5377 2799 5423; x_wconf 92' lang='lat' dir='ltr'><strong>et</strong></span> <span class='ocrx_word' id='word_1_833' title='bbox 2826 5383 2933 5422; x_wconf 89' lang='lat' dir='ltr'><strong>non</strong></span> <span class='ocrx_word' id='word_1_834' title='bbox 2961 5380 3131 5437; x_wconf 86' lang='lat' dir='ltr'><strong>pauca</strong></span> <span class='ocrx_word' id='word_1_835' title='bbox 3157 5363 3399 5419; x_wconf 86' lang='lat' dir='ltr'><strong>nomina.</strong></span> <span class='ocrx_word' id='word_1_836' title='bbox 3431 5364 3619 5427; x_wconf 79' lang='lat' dir='ltr'><strong>Quan-</strong></span> 
     </span>
    </p>
   </div>
   <div class='ocr_carea' id='block_1_113' title="bbox 2022 5461 3618 5534">
    <p class='ocr_par' dir='ltr' id='par_1_113' title="bbox 2022 5461 3618 5534">
     <span class='ocr_line' id='line_1_113' title="bbox 2022 5461 3618 5534; baseline -0.006 -16"><span class='ocrx_word' id='word_1_837' title='bbox 2022 5479 2186 5534; x_wconf 89' lang='lat' dir='ltr'><strong>quam</strong></span> <span class='ocrx_word' id='word_1_838' title='bbox 2216 5463 2363 5518; x_wconf 88' lang='lat' dir='ltr'><strong>enim</strong></span> <span class='ocrx_word' id='word_1_839' title='bbox 2396 5462 2701 5532; x_wconf 90' lang='lat' dir='ltr'><strong>proprietas</strong></span> <span class='ocrx_word' id='word_1_840' title='bbox 2736 5461 3006 5531; x_wconf 88' lang='lat' dir='ltr'><strong>cujusque</strong></span> <span class='ocrx_word' id='word_1_841' title='bbox 3040 5473 3291 5526; x_wconf 67' lang='lat' dir='ltr'><strong>persona:</strong></span> <span class='ocrx_word' id='word_1_842' title='bbox 3331 5465 3618 5526; x_wconf 77' lang='lat' dir='ltr'><strong>separetur</strong></span> 
     </span>
    </p>
   </div>
   <div class='ocr_carea' id='block_1_114' title="bbox 2024 5545 3617 5625">
    <p class='ocr_par' dir='ltr' id='par_1_114' title="bbox 2024 5545 3617 5625">
     <span class='ocr_line' id='line_1_114' title="bbox 2024 5545 3617 5625; baseline -0.004 -17"><span class='ocrx_word' id='word_1_843' title='bbox 2024 5569 2119 5625; x_wconf 89' lang='lat' dir='ltr'><strong>per</strong></span> <span class='ocrx_word' id='word_1_844' title='bbox 2151 5568 2351 5608; x_wconf 89' lang='lat' dir='ltr'><strong>nomen</strong></span> <span class='ocrx_word' id='word_1_845' title='bbox 2387 5552 2641 5618; x_wconf 88' lang='lat' dir='ltr'><strong>Domini,</strong></span> <span class='ocrx_word' id='word_1_846' title='bbox 2681 5560 2921 5606; x_wconf 83' lang='lat' dir='ltr'><strong>attamen</strong></span> <span class='ocrx_word' id='word_1_847' title='bbox 2973 5550 3146 5606; x_wconf 88' lang='lat' dir='ltr'><strong>electa</strong></span> <span class='ocrx_word' id='word_1_848' title='bbox 3182 5545 3386 5603; x_wconf 68' lang='lat' dir='ltr'><strong>Grzecze</strong></span> <span class='ocrx_word' id='word_1_849' title='bbox 3419 5549 3617 5615; x_wconf 71' lang='lat' dir='ltr'><strong>lingua:</strong></span> 
     </span>
    </p>
   </div>
   <div class='ocr_carea' id='block_1_115' title="bbox 2022 5641 3620 5712">
    <p class='ocr_par' dir='ltr' id='par_1_115' title="bbox 2022 5641 3620 5712">
     <span class='ocr_line' id='line_1_115' title="bbox 2022 5641 3620 5712; baseline -0.004 -10"><span class='ocrx_word' id='word_1_850' title='bbox 2022 5660 2129 5702; x_wconf 82' lang='lat' dir='ltr'><strong>vox</strong></span> <span class='ocrx_word' id='word_1_851' title='bbox 2162 5660 2274 5702; x_wconf 86' lang='lat' dir='ltr'><strong>non</strong></span> <span class='ocrx_word' id='word_1_852' title='bbox 2321 5644 2476 5703; x_wconf 86' lang='lat' dir='ltr'><strong>novit</strong></span> <span class='ocrx_word' id='word_1_853' title='bbox 2511 5644 2566 5703; x_wconf 87' lang='lat' dir='ltr'><strong>in</strong></span> <span class='ocrx_word' id='word_1_854' title='bbox 2612 5658 2903 5701; x_wconf 87' lang='lat' dir='ltr'><strong>numerum</strong></span> <span class='ocrx_word' id='word_1_855' title='bbox 2945 5655 3231 5700; x_wconf 89' lang='lat' dir='ltr'><strong>assumere</strong></span> <span class='ocrx_word' id='word_1_856' title='bbox 3267 5656 3390 5712; x_wconf 70' lang='lat' dir='ltr'><strong>qua:</strong></span> <span class='ocrx_word' id='word_1_857' title='bbox 3420 5641 3620 5711; x_wconf 81' lang='lat' dir='ltr'><strong>cuique</strong></span> 
     </span>
    </p>
   </div>
  </div>
