4110 6402
484 344 583 409 551

1303 338 1630 400 ARETILE
1669 336 2051 398 CzESARE/E
2088 336 2576 398 CAPPADOCL’E
2616 336 2957 398 EPISCOPI

3674 339 3777 403 5:2

484 459 816 515 conveniunt
862 458 928 513 ad
966 457 1336 527 cognitionem
1379 458 1633 520 numeri,
1668 456 1764 511 sed
1807 472 1929 525 qua:
1959 470 2085 525 Spe-

2196 457 2271 519 είς
2309 456 2515 524 γνῶσιν
2558 455 2829 526 ἀριθμοῦ,
2876 454 3017 508 ἀλλά
3058 454 3129 509 τὰ
3171 454 3486 510 ίδικὼτακτα.
3538 454 3779 521 "0110’;

482 554 621 607 ciem
656 550 1032 621 propriissiine
1063 549 1325 601 denotcnt
1360 565 1373 599 :
1404 547 1536 601 dicit
1564 547 1709 601 enim
1749 547 1949 601 multus
1986 554 2082 599 aut

483 660 708 715 paucos,
746 643 882 695 duos
915 650 1009 694 ant
1036 649 1146 693 tres
1180 640 1451 704 homines,
1486 654 1593 694 non
1632 649 1815 693 autem
1848 640 1958 692 duo
1986 648 2083 692 aut

484 736 586 787 tria
621 733 841 785 nomina
889 748 901 783 :
937 740 1200 798 tanquam
1237 728 1370 781 illud
1413 730 1635 798 quidem
1684 731 1924 785 maxime
1954 744 2085 799 pro-

486 825 663 891 prium
735 821 805 873 sit
849 829 1060 873 natura:
1111 819 1575 888 significatirum,
1607 837 1729 889 quae
1760 837 2084 890 permanere

484 922 607 964 nuta
644 918 746 972 est,
781 910 977 976 cuique
1006 918 1191 961 autem
1239 909 1499 979 specialia
1549 912 1961 965 successionem
2010 913 2085 965 si-

482 1004 760 1072 gnificent,
795 1018 917 1069 qua:
951 1000 1121 1054 ferme
1154 1002 1529 1071 corrumpitur
1563 1003 1779 1058 sublata
1809 1003 1877 1058 de
1904 1005 2085 1059 medio

482 1095 751 1163 cujusque
781 1094 1166 1147 subsistentia.

554 1228 658 1291 Qui
693 1243 795 1279 non
823 1227 1251 1295 inquinarerunt.
1284 1223 1395 1279 Hoc
1427 1225 1657 1289 bonum,
1692 1226 1895 1294 inquit,
1926 1236 2085 1280 nacta

482 1336 561 1383 es,
604 1321 749 1387 quod
791 1320 1004 1385 aliquot
1036 1318 1241 1370 habeas
1279 1318 1373 1386 qui
1422 1318 1527 1371 hoc
1558 1319 1744 1372 carnis
1794 1319 2089 1373 indumen—

486 1422 597 1463 tum
624 1427 730 1462 non
760 1410 1189 1479 inquiuaverunt
1217 1409 1458 1463 sordidis
1492 1410 1825 1473 actionibus,
1850 1411 1943 1479 qui
1978 1426 2091 1463 me-

484 1522 607 1560 cum
639 1506 692 1558 in
716 1505 1134 1573 regeneratioue
1166 1503 1451 1574 fulgebunt
1481 1514 1646 1575 atque
1672 1522 1766 1574 per
1799 1510 1898 1560 lios
1922 1507 2087 1559 etiam

486 1603 733 1668 placatus
775 1595 969 1649 differo
999 1607 1052 1649 et
1082 1596 1416 1665 longanimis
1442 1612 1562 1648 sum
1600 1612 1726 1666 erga
1764 1612 1879 1650 vos.
1913 1595 2090 1649 Vesu-

490 1700 669 1743 menta
712 1698 895 1741 autem
938 1704 1044 1741 non
1092 1689 1374 1756 inquinata
1426 1687 1561 1741 dicit
1602 1702 1832 1757 corpora
1869 1698 2089 1742 sancto-

488 1799 608 1835 ium
641 1801 653 1835 :
682 1781 1152 1849 quemadmodum
1184 1780 1352 1833 etiam
1394 1780 1714 1850 patriarcha
1738 1779 1912 1834 Jacob
1946 1780 2085 1833 vati-
2120 1815 2163 1870 Β

487 1875 706 1925 cinatur
738 1874 804 1924 de
841 1886 906 1924 eo
930 1870 1022 1939 qui
1047 1884 1111 1921 ex
1144 1870 1281 1923 .luda
1311 1871 1665 1938 germinaret,
1687 1870 1782 1938 qui
1815 1878 1898 1923 est
1930 1868 2090 1922 Chri-

488 1977 608 2017 stus
658 1962 821 2017 Jesns
869 1980 881 2015 :
947 1981 963 2012 ε
1021 1960 1272 2026 Larabit,
1328 1963 1542 2031 inquit,
1594 1962 1647 2015 in
1698 1964 1827 2016 vino
1888 1963 2086 2016 stolam

486 2071 637 2108 suum
664 2054 738 2118 3’;
772 2072 789 2103 ›
818 2068 1018 2120 Corpus
1043 2052 1236 2106 dicens
1267 2052 1438 2121 ipsius
1462 2052 1701 2117 Domini,
1733 2052 1879 2121 quod
1909 2053 1961 2105 in
1993 2067 2089 2121 pu-

489 2148 706 2202 rissima
739 2160 836 2199 sua
872 2145 1126 2213 passione
1158 2145 1224 2197 ad
1257 2144 1429 2197 nostri
1466 2144 1889 2199 illustrationein
1926 2158 2089 2196 n.un-

485 2243 674 2293 datum
742 2246 848 2291 est.
904 2235 1039 2288 Nam
1100 2236 1218 2302 ipse
1274 2243 1562 2304 peccatum
1617 2248 1728 2288 non
1790 2232 1955 2298 fecit,
2014 2235 2092 2288 ait

490 2333 708 2387 Isaias:
748 2350 766 2381 ι
795 2326 875 2383 Oh
922 2328 1244 2397 iniquitates
1283 2328 1466 2397 populi
1511 2328 1617 2381 mei
1654 2328 1854 2382 ductus
1892 2336 1977 2382 est
2023 2327 2091 2379 ad

494 2432 729 2478 mortem
757 2439 770 2474 :
803 2436 928 2473 nam
966 2420 1080 2488 ipse
1110 2430 1396 2488 peccatum
1431 2434 1539 2473 non
1578 2418 1706 2472 fecit
1730 2458 1747 2483 ,
1781 2434 1959 2487 neque
1992 2419 2094 2472 doc

490 2516 578 2570 lus
606 2516 861 2569 inventus
887 2523 972 2567 est
1001 2516 1055 2565 in
1085 2528 1180 2566 ore
1206 2512 1327 2581 ejus
1348 2512 1417 2565 ⁸⁸.
1450 2531 1469 2562 ι
1496 2510 1635 2566 Huic
1666 2510 1899 2567 Domino
1926 2510 2092 2565 veluti

489 2623 629 2676 opus
650 2604 927 2674 quoddam
952 2605 1316 2659 dramaticum
1341 2619 1509 2673 agens
1533 2603 1701 2659 Isaias
1724 2604 1799 2657 ait
1825 2621 1838 2657 :
1868 2622 1886 2655 ι
1914 2602 2097 2668 Quare

493 2699 661 2753 rubra
693 2709 825 2754 sunt
850 2698 1177 2753 vestimenta
1209 2706 1300 2752 tua
1333 2700 1491 2768 plena
1523 2710 1781 2769 tanquam
1817 2714 1848 2752 a
1878 2700 2093 2753 calcato

492 2790 753 2846 torculari
782 2790 866 2844 9°?
902 2810 921 2843 ι
978 2789 1044 2844 Ει
1072 2789 1142 2845 de
1189 2792 1530 2846 vestimentis
1579 2793 1801 2861 quidem
1849 2792 1921 2845 ita
1959 2807 2094 2845 con-

494 2885 752 2955 templari
793 2885 1019 2954 dignum
1059 2894 1165 2951 est,
1201 2894 1260 2940 ut
1301 2886 1603 2940 mundities
1641 2902 1832 2940 eorum
1878 2886 2095 2955 purita-

494 2986 601 3031 tcni
639 2978 892 3045 corporis
932 2976 1205 3046 designet.
1239 2975 1437 3043 Porro,
1497 2979 1588 3048 qui
1636 2979 1843 3042 vicerit,
1888 2979 2089 3047 inquit.

493 3065 755 3130 Quasnam
784 3067 1011 3121 vicerit?
1029 3068 1270 3122 Affectus
1298 3070 1482 3123 carnis
1513 3088 1525 3124 :
1560 3070 1648 3123 hic
1672 3086 1804 3139 ergo
1828 3073 2096 3126 vestietur

495 3174 717 3213 suarum
754 3158 1020 3213 virtutum
1060 3161 1404 3215 vestimentis
1431 3201 1446 3225 ,
1475 3176 1598 3229 quae
1638 3162 1954 3216 omundavit
1985 3163 2092 3232 piis
2122 3152 2165 3211 C

494 3251 780 3307 laboribus
806 3268 820 3305 :
852 3261 906 3306 et
941 3251 1249 3321 splendebit
1278 3254 1423 3306 sicut
1445 3257 1526 3307 sol
1556 3253 1610 3306 in
1644 3252 1836 3307 futuro
1866 3254 2088 3319 sarculo,

494 3343 725 3412 ejusque
772 3358 973 3397 nomen
1010 3344 1153 3411 quod
1191 3345 1461 3413 Scriptum
1506 3354 1592 3399 est
1637 3346 1691 3398 in
1730 3345 1871 3399 libro
1906 3346 2096 3400 viven—

494 3437 631 3489 tium
678 3434 1014 3490 indeficienti
1048 3437 1183 3500 vita,
1215 3436 1458 3489 manebit
1488 3436 1799 3502 indelebile,
1833 3448 2094 3506 tanquam

495 3528 543 3581 is
575 3542 737 3596 quem
766 3542 868 3597 ego
893 3528 1199 3582 confitebor
1229 3544 1415 3582 curam
1442 3527 1605 3582 Patre
1628 3544 1773 3583 meo.
1800 3528 1976 3597 Hujus
1998 3544 2098 3581 au-

495 3629 603 3673 tem
632 3621 921 3689 scriptura:
940 3629 995 3674 et
1014 3620 1385 3675 confessionis
1410 3636 1599 3675 coram
1625 3620 1785 3676 Patre
1811 3622 2097 3691 promissa:

496 3710 750 3763 meminit
774 3712 828 3762 in
852 3710 1055 3764 divinis
1080 3708 1390 3779 Evangeliis
1410 3712 1602 3765 dicens
1626 3711 1746 3766 suis
1766 3710 2093 3780 discipulis:

504 3818 524 3851 ι
565 3799 812 3854 Gaudete
849 3801 975 3868 quia
1011 3801 1234 3855 nomina
1268 3810 1451 3856 vestra
1492 3803 1699 3870 scripta
1731 3811 1860 3856 sunt
1890 3803 1944 3855 in
1977 3817 2097 3857 ca:-

498 3891 565 3947 !is
606 3892 676 3944 9'.
736 3910 755 3943 ›
806 3892 975 3963 679
1004 3893 1111 3947 Sed
1164 3894 1405 3947 nominis
1440 3895 1527 3949 sui
1568 3894 1941 3950 confessionis
1974 3895 2095 3965 {do-

498 3991 815 4036 cumentum
849 3983 1029 4051 ipsum
1076 3993 1210 4039 tunc
1241 3983 1296 4037 in
1330 3985 1641 4053 Evangeliis
1677 3987 1930 4049 traditur,
1966 4001 2093 4040 cum

498 4072 794 4140 paciscitur
824 4088 884 4128 se
922 4074 1075 4128 illum
1105 4074 1490 4130 confessurum
1518 4092 1707 4132 coram
1740 4076 1901 4132 Patre
1928 4078 1983 4131 in
2010 4093 2097 4131 se-

501 4167 683 4218 cundo
721 4181 821 4219 suo
853 4167 1113 4231 adventu,
1149 4168 1242 4236 qui
1290 4184 1349 4221 se
1392 4183 1579 4223 coram
1614 4169 1932 4225 hominibus
1964 4185 2097 4223 con-

499 4260 745 4311 literetur
780 4277 794 4313 :
830 4259 975 4328 quod
1007 4261 1267 4316 omnibus
1297 4261 1519 4331 quidem
1558 4263 1765 4318 sanctis
1796 4264 2093 4333 repositum

500 4361 607 4413 est,
639 4351 911 4421 praecipue
944 4362 1125 4407 tamen
1164 4354 1519 4422 Inailyribus.

576 4640 772 4694 Coram
813 4641 975 4695 Patre
1015 4660 1128 4696 meo
1171 4654 1220 4695 et
1262 4660 1442 4697 coram
1480 4646 1681 4716 angelis
1722 4648 1855 4700 suis.
1896 4646 2095 4701 Coram

502 4732 665 4786 Patre
718 4745 771 4788 et
814 4738 1025 4802 angelis
1062 4738 1179 4791 suis
1222 4738 1430 4792 dictum
1480 4752 1585 4804 est,
1638 4741 1780 4809 quod
1835 4754 2094 4810 tanquam

502 4828 677 4896 angeli
714 4827 825 4881 sint
881 4828 1064 4882 fideles
1106 4845 1171 4884 ac
1222 4831 1467 4885 benevoli
1504 4832 1768 4886 cultores.
1812 4831 1877 4885 Iit
1924 4834 2096 4885 inter-

505 4919 634 4969 dum
672 4918 890 4986 quidem
934 4919 1067 4971 dicit
1100 4922 1324 4989 angelos
1362 4920 1540 4977 Patris
1563 4961 1577 4986 ,
1612 4913 1884 4976 interdum
1916 4932 2098 4975 autem

505 5022 656 5066 suos,
692 5016 749 5059 ut
793 5022 918 5061 cum
953 5011 1030 5062 ait
1067 5027 1081 5063 :
1121 5030 1138 5061 ι
1182 5011 1357 5065 Mittet
1384 5011 1554 5067 Filius
1595 5014 1832 5069 hominis
1872 5016 2095 5083 angelos

502 5113 633 5152 suos
683 5114 807 5151 cum
851 5114 982 5153 voce
1010 5116 1207 5170 magna
1258 5105 1399 5158 tubae
1432 5106 1499 5158 ".
1545 5124 1563 5155 ι
1605 5105 1757 5160 Nunc
1809 5107 1974 5177 igitur
2009 5106 2094 5160 di-

502 5191 673 5245 cendo
702 5192 927 5261 angelos
957 5192 1157 5256 Patris,
1194 5211 1299 5249 non
1335 5198 1477 5251 tollit
1504 5198 1633 5267 quin
1664 5199 1839 5268 ipsius
1877 5212 2097 5268 quoque

504 5288 613 5337 sint
645 5286 817 5340 sancti
844 5285 1041 5355 angeli.
1102 5285 1248 5342 Nihil
1273 5290 1418 5344 enim
1445 5307 1637 5345 eorum
1664 5308 1788 5362 qua:
1824 5292 1877 5345 in
1907 5292 2093 5345 divina

502 5388 695 5431 natura
736 5379 1177 5448 conspiciuntur,
1222 5381 1472 5438 invenire
1517 5385 1642 5439 licet
1678 5384 2092 5454 appropriatum

548 5578 621 5611 ‘“
659 5579 793 5634 Gen.
829 5583 1087 5649 xLIx,ll.

578 5754 695 5825 (ιδ)
737 5756 902 5815 Uncis
937 5761 1145 5817 inclusa
1181 5763 1408 5817 deerant
1441 5763 1493 5817 in
1526 5764 1671 5831 vnlg.

2121 4501 2170 4560 D

1168 5585 1214 5615 '9
1243 5582 1345 5636 lsa.
1380 5598 1496 5647 Lm,
1532 5583 1586 5636 9.
1668 5586 1712 5617 ὀ
1742 5583 1843 5639 lsa.
1876 5599 2034 5652 um,
2063 5586 2118 5639 ἓ.

2184 551 2361 621 γὰρῆ
2417 550 2663 617 ὀλίγους,
2714 549 2941 621 ῆδύοῆ
2995 550 3145 621 τρεῖς
3194 567 3362 620 φησιν
3418 549 3777 620 ἀνθρώπους,

2183 642 2301 696 ἀλλ’
2330 644 2392 696 οὐ
2437 644 2532 697 δύο
2560 644 2593 715 ἢ
2640 644 2769 714 τρία
2803 643 3065 712 ὀνόματα,
3105 644 3180 706 ὼς
3212 643 3307 697 τοῦ
3343 643 3464 711 μὲν,
3495 641 3591 695 τοῦ
3630 642 3781 696 ἰδιω-

2182 736 2350 789 τάτου
2384 735 2485 804 τῆς
2518 735 2735 804 φύσεως
2767 734 2920 796 ὄντος
2956 732 3322 801 σημαντικοῦ,
3353 733 3475 802 ἥτις
3498 733 3781 802 διαμένειν

2187 828 2421 893 πέφυκε,
2451 827 2543 880 τοῦ
2575 827 2693 879 καθ’
2720 826 2928 878 ἕκαστα
2951 826 3028 885 δὲ.
3054 826 3151 889 τῆς
3181 826 3456 895 διαδοχῆς,
3486 827 3608 895 ἥτις
3637 826 3782 894 eos.

2186 937 2266 972 νει
2298 920 2484 989 σχεδὸν
2508 919 2608 989 τῆς
2635 915 2928 987 ὑπάρξεως
2956 916 3385 986 ἀφανιζομένης.

2262 1235 2330 1288 Οἳ
2354 1236 2465 1288 οὐκ
2502 1235 2828 1302 ἐμόλυναν.
2862 1231 3035 1286 Τοῦτο
3075 1232 3237 1285 καλὸν
3268 1233 3557 1303 κέκτησαι.
3588 1238 3783 1305 φησὶν,

2189 1326 2389 1394 ἔχουσὰ
2439 1341 2590 1385 τινας
2627 1323 2788 1376 τοῦτο
2830 1324 2890 1375 τὸ
2942 1324 3157 1393 ἱμάτιον
3196 1323 3293 1386 τῆς
3340 1324 3545 1392 σαρκὸς
3600 1328 3783 1393 ῥυπα-

2192 1419 2314 1486 ραίς
2372 1415 2605 1483 ’πράξεσι
2661 1413 2735 1484 μὴ
2797 1412 3168 1483 μολύναντας,
3199 1414 3249 1465 οἳ
3285 1414 3404 1482 μετ’
3450 1412 3588 1481 ἐμοῦ
3620 1416 3679 1466 ἐν
3716 1418 3783 1484 τῇ

2193 1508 2590 1576 παλιγγενεσία
2629 1504 3107 1574 λαμπροφοροῦσι.
3158 1504 3383 1565 Τούτοις
3415 1504 3472 1557 δὲ
3520 1505 3615 1557 καὶ
3644 1508 3785 1566 τέως

2191 1596 2645 1664 δυσωπούμενος,
2707 1594 3087 1662 ἀναόἀλλομαι
3144 1593 3240 1645 καὶ
3298 1593 3644 1663 μακροθυμὼ
3703 1596 3789 1654 ei;

2193 1690 2359 1759 ὑμᾶς.
2405 1690 2621 1757 Ἰμόιτια
2653 1689 2710 1741 δὲ
2753 1686 3219 1757 μὴ·μολυνθέντα,
3256 1688 3325 1740 τὰ
3370 1686 3601 1754 σώματα
3632 1686 3788 1752 λέγει

2192 1782 2301 1834 τῶν
2337 1782 2541 1849 ἀγῗων,
2577 1782 2652 1843 ὡς
2691 1782 2784 1833 καὶ
2843 1779 3035 1835 Ἰακὼϐ
3065 1782 3093 1832 ό
3138 1778 3486 1847 πατριάρχης
3528 1778 3657 1849 περὶ
3688 1777 3791 1829 τοῦ

2193 1874 2253 1937 ἐξ
2313 1873 2486 1925 Ἰούδα
2513 1872 2919 1943 βλαστήσαντος
2940 1915 2956 1937 ,
2987 1874 3044 1934 ὃς
3075 1874 3222 1924 ἐστιν
3271 1869 3482 1939 Ἰησοῦς
3510 1868 3750 1940 Χριστὸς
3769 1906 3789 1932 ,

2194 1966 2463 2030 θεσπίζει,
2501 1966 2583 2018 ὅτι
2618 1984 2636 2016 ι
2678 1966 2877 2018 Πλυνεί
2905 1967 2963 2017 ἐν
2992 1964 3121 2033 0qu)
3155 1964 3253 2033 τὴν
3290 1962 3483 2033 στολὴν
3518 1962 3710 2025 αὐτοῦ,
3764 1980 3787 2012 ι

2191 2059 2253 2112 τὸ
2288 2059 2447 2128 σῶμα
2478 2056 2572 2111 τοῦ
2608 2057 2773 2110 αὐτοῦ
2810 2056 3019 2125 Κυρίου
3049 2055 3245 2122 λέγων,
3274 2053 3303 2105 ὃ
3342 2055 3398 2105 ὲν
3424 2052 3504 2122 τῷ
3528 2054 3791 2122 ἀχρὰντῳ

2193 2149 2359 2202 αὑτοῦ
2389 2148 2551 2202 πάθει
2583 2149 2661 2210 είς
2695 2149 3047 2200 ὑποτύπωσιν
3076 2146 3231 2216 ἡμῶν
3266 2143 3566 2212 ἐκαθάρθη.
3610 2143 3791 2204 Αὐτὸς

2192 2244 2301 2313 γὰρ
2334 2241 2610 2311 ἁμαρτίαν
2632 2241 2734 2293 οὐκ
2759 2240 3002 2309 ἐποίησε,
3036 2240 3203 2307 φησὶν
3232 2239 3260 2289 ὁ
3294 2238 3543 2302 Ἡσαΐας,
3578 2256 3597 2288 ι
3652 2236 3795 2288 Ἀπὸ

2193 2335 2302 2387 τῶν
2329 2333 2573 2403 ἀνομιῶν
2605 2332 2699 2385 τοῦ
2731 2333 2862 2385 λαοῦ
2915 2349 3015 2401 μου
3048 2330 3191 2401 ἤχθη
3220 2333 3299 2392 είς
3333 2329 3581 2381 θάνατον.
3613 2330 3793 2390 Αὐτὸς

2194 2426 2305 2497 γὰρ
2350 2426 2629 2497 ἁμαρτίαν
2659 2426 2760 2477 οὐκ
2814 2424 3095 2494 ἐποίησεν,
3140 2423 3261 2475 οὐδὲ
3297 2423 3496 2492 εὑρέθη
3533 2422 3686 2483 δόλος
3726 2423 3792 2472 ὲν

2194 2518 2272 2589 τῷ
2305 2519 2536 2587 στόματι
2588 2516 2777 2571 αὑτοῦ.
2828 2535 2845 2567 ι
2890 2516 3077 2584 Τιύτῳ
3110 2514 3189 2583 τῷ
3239 2514 3428 2585 Κυρίῳ
3464 2513 3540 2575 ὡς
3571 2513 3698 2581 περί
3730 2528 3793 2563 τι

2194 2610 2632 2683 δραματουργῶν
2657 2611 2687 2663 ὁ
2729 2609 2895 2672 αὐτὸς
2954 2608 3181 2670 Ἡσαΐας
3210 2608 3379 2676 φησί’
3424 2624 3442 2656 ι
3478 2605 3577 2658 Διά
3599 2605 3651 2657 τί
3687 2621 3790 2657 σου

2195 2704 2403 2774 ἐρυθρὰ
2430 2702 2499 2755 τὰ
2546 2701 2738 2772 ἱμάτια
2781 2701 2857 2764 ὼς
2891 2700 2999 2753 ἀπὸ
3032 2699 3277 2770 πατητοῦ
3306 2697 3470 2768 ληνοῦ
3502 2697 3719 2766 πλήρη;
3757 2714 3782 2747 ι

2196 2796 2307 2848 Καὶ
2344 2795 2473 2865 περὶ
2526 2795 2627 2864 μὲν
2655 2793 2765 2846 τῶν
2806 2792 3039 2863 ἱματίων
3071 2792 3215 2844 οὓτω
3254 2788 3577 2859 θεωρεῖσθαι
3610 2788 3786 2854 ἀξιον,

2197 2888 2338 2941 ὥστε
2369 2888 2431 2939 τὸ
2470 2886 2776 2956 ἀμόλυντον
2810 2885 2991 2939 αὐτῶν
3020 2884 3121 2956 τὴν
3161 2884 3515 2953 καθαρότητα
3548 2881 3640 2934 τοῦ
3672 2882 3789 2933 σὼ-

2200 2998 2370 3052 ματος
2393 2980 2751 3033 αἰνίττεσθαι.
2802 2980 2854 3031 Ὀ
2884 2977 3071 3032 νικῶν
3096 2977 3154 3031 δέ
3183 2994 3367 3047 φησιν.
3412 2976 3547 3027 Τίνα
3570 2974 3775 3039 νικῶνς

2197 3075 2280 3127 Τά
2330 3074 2478 3142 πάθη
2510 3074 2613 3142 τῆς
2664 3071 2888 3142 σαρκός.
2936 3066 3106 3133 Οὗτος
3162 3065 3255 3122 οὖν
3304 3068 3681 3139 περιϐαλεῖται
3718 3066 3788 3119 τὰ

2197 3166 2308 3219 τῶν
2361 3166 2581 3218 οἰκείων
2641 3163 2854 3234 ἀρετῶν
2899 3162 3092 3232 ίμὰτια
3129 3161 3163 3215 ἆ
3193 3161 3463 3230 ὲκάθαρεν
3505 3160 3569 3213 ὲκ
3599 3160 3789 3212 κόπων

2198 3257 2483 3327 θεοφιλῶν,
2510 3257 2605 3310 καὶ
2626 3256 2835 3326 λάμψει
2860 3255 2935 3318 ὼς
2962 3256 3115 3326 ἥλιος
3144 3258 3201 3308 ὲν
3223 3254 3301 3324 τῷ
3336 3253 3583 3323 μέλλοντι
3604 3252 3787 3314 αίῶνι,

2197 3350 2293 3404 καὶ
2339 3349 2399 3402 τὸ
2432 3350 2605 3417 ὄνομα
2635 3347 2801 3403 αὐτοῦ
2850 3349 2879 3400 δ
2906 3346 3127 3418 ὲγράφη
3155 3347 3212 3398 ὲν
3238 3348 3304 3415 τῇ
3344 3345 3511 3415 βίϐλῳ
3549 3345 3661 3397 τῶν
3688 3344 3791 3415 τὴν

2201 3443 2276 3512 μὴ
2312 3442 2672 3494 ἐκλείπουσαν
2712 3440 2932 3505 ζώντων
2966 3439 3133 3509 ζωὴν,
3187 3436 3576 3501 ἀνεξάλειπτον
3606 3435 3788 3501 ἔσται,

2196 3533 2271 3594 ὡς
2302 3530 2738 3601 ὁμολογουμένου
2792 3528 2961 3581 αὐτοῦ
3005 3526 3240 3580 ἐνώπιον
3283 3524 3377 3577 τοῦ
3422 3524 3635 3594 Πατρός
3683 3541 3791 3593 μου

2199 3624 2293 3677 ὑπ’
2343 3622 2501 3692 ἐμοῦ.
2537 3621 2757 3692 Ταύτης
2789 3622 2847 3674 δὲ
2886 3620 2984 3689 τῆς
3026 3620 3083 3672 ὲν
3129 3621 3195 3689 τῇ
3227 3617 3394 3687 βίϐλῳ
3438 3618 3657 3685 γραφῆς
3690 3614 3790 3667 καὶ

2196 3714 2295 3782 τῆς
2319 3713 2632 3783 ἔμπροσθεν
2667 3711 2763 3764 τοῦ
2817 3711 3030 3780 Πατρὸς
3060 3710 3357 3779 ὁμολογίας
3386 3706 3507 3778 [καὶ
3551 3706 3690 3775 αὑτὴ
3727 3708 3787 3759 ἓν

2196 3808 2310 3867 τοῖς
2336 3805 2692 3872 Εὐαγγελίοις
2715 3803 3113 3873 ἐμνημόνευσε,
3143 3800 3319 3867 λέγων
3346 3802 3459 3862 τοῖς
3485 3797 3651 3852 αὑτοῦ
3686 3816 3792 3867 μα·-

2201 3899 2395 3969 θηταῖς
2453 3898 2659 3960 οὕτως’
2703 3914 2722 3947 ι
2780 3897 3015 3966 Χαίρετε
3064 3896 3147 3947 ὅτι
3200 3895 3271 3947 τὰ
3325 3893 3564 3963 ὀνόματα
3628 3892 3785 3961 ὑμῶν

2197 3993 2413 4060 ὲγράφη
2444 3992 2502 4043 ὲν
2539 3993 2651 4052 τοῖς
2684 3990 2955 4060 οὐρανοῖς.
2997 4007 3017 4041 s
3056 3987 3121 4040 'H
3160 3986 3217 4040 δὲ
3262 3987 3361 4055 τῆς
3389 3984 3485 4038 τοῦ
3517 3984 3787 4054 ὀνόματος

2196 4081 2489 4151 ὁμολογίας
2551 4077 2709 4151 (15)]
2756 4077 3082 4145 ἐπαγγελία,
3116 4077 3149 4145 ἡ
3183 4075 3322 4145 αὑτὴ
3357 4075 3414 4126 ἐν
3461 4076 3573 4136 τοῖς
3620 4073 3786 4134 θείοις

2199 4172 2563 4241 Εὑαγγελίοις
2615 4171 2936 4241 ἀνάγραφος
2987 4170 3328 4240 τηνικαῦτα,
3386 4167 3536 4220 ὁπότ’
3585 4166 3652 4220 ἂν
3696 4168 3791 4218 τὸν

2199 4266 2513 4336 ἔμπροσθεν
2544 4264 2653 4318 τῶν
2694 4263 2999 4333 ἀνθρώπων
3046 4261 3415 4332 ὁμολογοῦντα
3445 4259 3786 4328 ἀνομολογὴ-

2200 4360 2400 4413 σασθαι
2452 4358 2766 4428 ἔμπροσθεν
2805 4358 2899 4411 τοῦ
2946 4357 3163 4426 Πατρός
3200 4356 3451 4425 ὲμπεδοῖ,
3502 4354 3642 4407 κατὰ
3690 4352 3791 4422 τὴν

2202 4450 2460 4519 δευτέραν
2496 4451 2662 4502 αὐτου
2693 4449 3020 4519 παρουσίαν.
3058 4451 3123 4500 ὐ
3151 4449 3244 4500 καὶ
3274 4448 3409 4499 πᾶσι
3442 4446 3541 4516 μὲν
3566 4444 3791 4499 ἀπόκει-

2197 4559 2288 4595 ται
2322 4544 2437 4604 τοῖς
2466 4542 2663 4608 ἁγίοις,
2690 4540 3059 4611 διαφερόντως
3086 4538 3143 4591 δὲ
3172 4540 3286 4601 τοῖς
3315 4538 3609 4607 μάρτυσιν.

2284 4657 2580 4710 Ἰἱνὼπιον
2608 4656 2713 4710 τοῦ
2740 4656 2971 4723 Πατρός
3002 4672 3151 4722 μου,
3187 4652 3285 4706 καὶ
3339 4652 3600 4705 ἐνώπιον
3668 4649 3792 4703 τῶν

2202 4750 2479 4819 ἀγγέλων
2507 4748 2719 4802 αὑτοῦ.
2773 4749 2845 4800 Τὸ
2881 4746 3117 4800 ἐνώπιον
3151 4746 3245 4797 τοῦ
3292 4745 3506 4814 Πατρδς
3537 4744 3629 4795 καὶ
3676 4743 3786 4794 τιῖν

2201 4840 2454 4907 ἀγγέλων
2522 4837 2689 4890 αὐτοῦ
2734 4838 2969 4908 εἴρηται,
3004 4835 3078 4899 ὼς
3131 4835 3301 4888 ὄντων
3372 4836 3481 4887 τῶν
3541 4832 3791 4901 ἀγγέλων

2204 4932 2413 4984 πιστῶν
2436 4929 2785 5000 θεραπόντων
2831 4931 2923 4981 καὶ
2951 4925 3231 4981 εὐνοϊκῶν.
3266 4928 3376 4979 Καὶ
3408 4925 3536 4979 ποτὲ
3573 4926 3671 4994 μὲν
3694 4923 3788 4976 τοῦ

2206 5022 2442 5090 Πατρὸς,
2470 5020 2600 5072 ποτὲ
2617 5020 2672 5073 δὲ
2700 5019 2895 5072 ἑαυτοῦ
2925 5020 3052 5081 τοὺς
3074 5018 3342 5085 ἀγγέλους
3362 5016 3535 5077 καλεῖ,
3570 5015 3643 5077 ὡς
3663 5017 3791 5066 ὅταν

2205 5110 2339 5181 λέγῃ
2362 5126 2375 5140 ·
2416 5130 2434 5162 ‹
2484 5110 2800 5162 Ἀποστελεῖ
2824 5109 2951 5170 τοὺς
2982 5107 3247 5175 ἀγγέλους
3288 5105 3453 5159 αὑτοῦ
3485 5107 3512 5157 ὁ
3541 5106 3665 5168 Υἱὸς
3695 5103 3788 5155 τοῦ

2206 5203 2500 5274 ἀνθρώπου
2540 5203 2679 5273 μετά
2708 5203 3010 5271 σάλπιγγος
3045 5201 3306 5272 μεγάλης.
3346 5219 3364 5253 ι
3400 5198 3510 5253 Νῦν
3546 5195 3641 5252 οὖν
3666 5198 3789 5259 τοὺς

2206 5294 2480 5361 ἀγγέλους
2518 5293 2619 5345 τοῦ
2656 5292 2873 5363 Πατρὸς
2897 5293 2998 5344 οὐκ
3020 5292 3363 5361 ἀφαιρεῖται,
3393 5290 3453 5340 τδ
3499 5286 3593 5339 καὶ
3624 5283 3788 5339 αὑτοῦ

2208 5382 2501 5448 εἶναιτοὺς
2527 5385 2719 5455 ἁγίους
2748 5384 3038 5453 ἀγγέλους.
3073 5383 3242 5436 Οὐδὲν
3274 5383 3383 5451 γὰρ
3424 5382 3491 5450 τῇ
3518 5376 3651 5449 ἁγίᾳ
3690 5374 3792 5444 φύ-

2199 5586 2240 5619 ⁹¹
2267 5584 2401 5642 an.
2442 5603 2492 5654 Χ,
2528 5586 2620 5642 20.
2698 5588 2741 5619 ⁹’
2780 5586 2967 5642 Matth.
3030 5601 3177 5649 xxiv,
3239 5584 3328 5638 51.
