4110 6408
569 424 673 487 555

1378 413 1708 477 ARETH/E
1745 415 2124 475 CJESAREIE
2160 417 2648 481 CAPPADOCI/E
2687 420 3030 485 EPISCOPI

3714 433 3808 493 555

567 538 674 590 alia
703 542 941 605 potestas
976 529 1216 586 hominis
1254 543 1285 583 a
1326 528 1420 582 Dei
1455 538 1746 598 potestate.
1777 528 1904 583 Ideo
1931 545 2152 598 quoque

2255 549 2349 594 τος
2402 534 2693 605 ἀνθρώπου
2727 536 2863 604 πρὸς
2897 536 3052 590 Θεόν.
3095 533 3189 588 Διὺ
3244 534 3338 587 καὶ
3402 536 3641 608 Γαϐριὴλ
3689 545 3810 611 πρδς

564 626 784 682 Gabriel
807 625 941 678 dixit
972 623 1040 677 ad
1069 621 1372 691 Virginem,
1401 620 1659 673 thronum
1687 620 1853 674 David
1885 632 2143 690 tanquam

564 716 879 786 temporarii
926 713 1166 766 dandum
1227 726 1348 766 esse
1407 710 1546 764 Filio
1599 727 1629 764 a
1684 719 1838 780 patre
1883 719 1985 764 :at
2020 712 2143 780 ipsi,

564 816 820 874 tanquam
852 813 1057 857 aeterno
1091 810 1144 855 et
1199 801 1366 854 linem
1415 815 1526 853 non
1553 800 1812 854 habituro
1845 817 1858 854 :
1902 809 1958 854 et
1996 803 2150 854 simi-

562 898 686 951 liter
716 910 938 964 regnum
989 907 1053 945 ae
1105 899 1452 960 potestatem.
1495 891 1769 960 Quoniam
1805 891 1965 961 igitur
1992 891 2148 944 simi-

564 985 850 1040 litudinem
894 983 1045 1052 regni
1077 982 1246 1036 David
1275 982 1483 1036 ferebat
1519 983 1795 1047 Christus,
1834 984 2027 1038 merito
2067 985 2150 1038 di-

562 1076 635 1132 cit
681 1095 695 1130 :
747 1076 852 1140 Qui
899 1074 1054 1128 habet
1105 1073 1305 1127 clavem
1359 1073 1531 1126 David
1587 1073 1654 1127 ad
1699 1073 2056 1143 aperiendum
2095 1084 2150 1127 et

561 1168 926 1222 claudendum
966 1185 979 1220 :
1025 1167 1240 1234 aperire
1285 1165 1506 1234 quidem
1547 1180 1754 1220 vocans
1809 1165 2148 1233 justilicare.

559 1259 815 1315 claudere
870 1272 1002 1311 vero
1048 1271 1250 1311 vocans
1300 1255 1689 1312 condemnare.
1747 1257 1858 1312 Sua
1918 1271 2149 1326 namque

560 1360 722 1406 utens
753 1352 992 1420 potentia
1026 1357 1082 1405 et
1109 1347 1380 1417 justiﬁcat
1411 1357 1466 1401 et
1491 1349 1844 1403 condemnat.

632 1443 769 1496 Ecce
827 1442 947 1494 dedi
1003 1457 1184 1494 coram
1245 1453 1292 1492 te
1353 1439 1548 1492 ostium
1617 1450 1874 1508 apertum.
1933 1438 2146 1492 Ostium

561 1537 833 1592 bonorum
875 1536 1036 1588 datur
1086 1541 1335 1602 apertum
1388 1540 1650 1602 tanquam
1699 1533 2146 1603 paratissimum,

562 1641 624 1686 ut
653 1648 750 1702 per
782 1631 958 1700 ipsum
986 1643 1207 1697 quoque
1238 1627 1501 1683 auxilium
1533 1625 1601 1679 ad
1635 1625 1882 1690 meliora,
1915 1624 2150 1694 pra'beat

563 1723 847 1778 introitum
890 1721 955 1776 ad
998 1720 1336 1775 fruitionem.
1369 1720 1531 1790 681
1585 1718 1712 1772 Ideo
1737 1717 1904 1772 etiam
1957 1716 2146 1770 Domi-

560 1831 669 1870 nus
701 1830 826 1869 cuin
881 1813 1004 1866 ait:
1061 1829 1080 1863 ι
1128 1810 1376 1878 Regnum
1424 1808 1522 1862 Dei
1567 1808 1710 1862 intra
1741 1820 1840 1860 vos
1881 1813 1966 1861 est
2008 1807 2079 1870 ’⁵,
2122 1824 2139 1856 ι

560 1923 758 1976 nempe
799 1902 1076 1974 proposito
1109 1899 1345 1955 volentis
1373 1899 1486 1969 jam
1523 1897 1820 1960 traditum,
1858 1896 2151 1950 ostendere

561 1997 776 2051 videtur
802 1994 1111 2063 ingressum
1155 2005 1184 2044 a
1219 1989 1372 2044 nullo
1400 1987 1650 2058 impediri
1682 2000 1867 2057 posse.
1892 1983 1960 2040 Et
1984 1985 2151 2055 hujus

559 2103 707 2142 nunc
740 2084 1057 2156 promissio,
1083 2081 1230 2152 quod
1259 2095 1353 2136 eos
1384 2080 1478 2150 qui
1511 2079 1939 2133 introducuntur
1962 2077 2151 2132 avidos

559 2178 739 2235 reddit
777 2177 842 2230 ad
889 2174 1344 2247 aggrediendum,
1376 2172 1647 2227 rationem
1683 2170 1890 2226 habens
1920 2169 2150 2225 difﬁcul-

558 2272 685 2326 tatis
716 2271 990 2331 laborum,
1018 2277 1073 2322 ct
1098 2278 1558 2320 commensurans
1594 2263 1678 2316 his
1714 2261 1807 2332 qui
1839 2275 2008 2330 parva
2036 2262 2147 2315 vir-

556 2373 674 2419 tute
707 2360 918 2430 ingredi
955 2367 1226 2421 statuunt,
1263 2357 1353 2411 ubi
1385 2371 1480 2426 per
1508 2364 1758 2423 apertum
1791 2351 1995 2407 ostium
2036 2365 2151 2404 ma-

558 2453 840 2511 nil‘estavit
886 2456 1224 2506 cumulatam
1282 2449 1556 2503 bonorum
1611 2445 2015 2499 multitudinem
2065 2444 2151 2497 his

559 2549 652 2620 qui
685 2546 1090 2616 ingrediuntur,
1125 2557 1234 2596 non
1261 2541 1376 2611 jam
1419 2539 1642 2594 anxium
1673 2553 1796 2593 esse
1830 2538 1963 2592 sinit
2002 2536 2150 2592 solli-

560 2635 808 2690 citudine
862 2631 1366 2686 contrahendorum
1426 2627 1716 2694 laborum,
1765 2627 1860 2696 qui
1922 2626 2032 2695 jam
2079 2625 2151 2678 ob

560 2727 801 2780 divinam
855 2723 1173 2777 fruitionem
1227 2720 1649 2789 despiciuntur,
1709 2717 1840 2782 sed,
1880 2733 1949 2770 ne
2005 2724 2152 2770 retro

561 2818 782 2888 quidem
849 2815 1200 2885 aspiciendo,
1264 2813 1515 2865 hortatur
1572 2809 1826 2879 amplecti
1881 2808 2146 2872 labores,

558 2905 865 2978 reputando
899 2906 1210 2960 suaviorem
1245 2917 1369 2957 esse
1411 2911 1727 2970 susceptum
1781 2909 2002 2969 pr0pter
2045 2900 2148 2954 ista

559 3002 802 3056 laborem
829 2999 1022 3067 quavis
1049 2995 1408 3048 relaxatione.
1435 2994 1606 3046 Porro
1633 2991 1779 3062 quod
1810 3006 1906 3060 per
1934 2989 2149 3043 labores

560 3090 784 3159 assequi
848 3097 1102 3158 eportcat
1148 3096 1483 3138 aeternorum
1531 3084 1802 3138 bonorum
1866 3081 2150 3135 haeredita-

558 3191 692 3245 tem,
726 3181 860 3235 satis
910 3177 1153 3232 ostendit
1203 3177 1255 3228 in
1308 3173 1624 3245 Evangeliis
1656 3173 1904 3227 divinum
1952 3186 2151 3226 oracu-

561 3278 698 3339 lum,
731 3288 842 3345 quo
885 3272 1088 3327 dicitur
1116 3269 1224 3322 vim
1257 3268 1368 3336 pati
1410 3282 1638 3336 regnum
1677 3265 1968 3319 cmlorum.
2007 3264 2152 3318 Rur-

561 3381 684 3420 sum
717 3365 883 3418 etiam
920 3360 1064 3430 quod
1103 3359 1150 3413 is
1198 3359 1290 3427 qui
1341 3356 1531 3426 incipit
1564 3355 1858 3423 degustare
1904 3353 2152 3408 dulcedi-

561 3471 684 3508 nem
739 3450 951 3506 uoverit
1001 3455 1357 3504 contemnere
1404 3446 1656 3510 labores,
1704 3444 1927 3498 divinus
1979 3443 2154 3512 ipsius

562 3546 729 3600 David
765 3544 1005 3612 Spiritus
1046 3541 1209 3594 docet
1241 3553 1365 3592 cum
1403 3537 1481 3590 ait
1512 3553 1525 3590 :
1567 3555 1585 3587 ι
1625 3534 1852 3589 Gustate
1881 3543 1936 3588 et
1977 3533 2156 3587 videte

563 3637 707 3705 quod
745 3634 928 3690 suavis
970 3633 1042 3686 sit
1083 3629 1352 3683 Dominus
1379 3629 1446 3680 9°.
1497 3647 1515 3678 ι
1553 3628 1661 3681 Aut
1692 3627 1858 3681 etiam
1904 3633 2152 3694 apertum

562 3729 768 3784 ostium
809 3723 1132 3792 intelligitur
1175 3722 1458 3789 ingressus
1496 3718 1748 3772 docentis
1797 3731 1901 3773 nos
1961 3717 2156 3786 praedi-

562 3821 832 3884 eatioais,
889 3817 983 3885 qui
1024 3813 1193 3869 semel
1243 3821 1489 3882 apertus,
1545 3811 1709 3864 nullis
1752 3809 1931 3865 claudi
1975 3819 2156 3878 potest

563 3909 974 3970 alllictionibus,
1005 3906 1252 3958 vincente
1279 3904 1446 3956 animi
1475 3902 1696 3956 illorum
1724 3901 2154 3970 promptitudinc

562 4002 656 4072 qui
716 3998 924 4068 ingredi
967 3996 1273 4065 elegerunt,
1329 3993 1401 4047 ob
1446 3991 1909 4062 pulchritudinem
1961 4005 2152 4044 eorum

561 4105 684 4160 qua}
737 4089 976 4159 reposita
1027 4095 1179 4148 sunt,
1215 4099 1338 4153 quae
1383 4083 1626 4136 laborem
1666 4096 1730 4135 ac
1779 4079 2150 4135 dimcultatem

562 4182 919 4237 afﬂictionum
965 4177 1277 4232 demulcent
1319 4183 1374 4229 et
1418 4173 1825 4244 quodammodo
1873 4171 2152 4228 fraudant.

561 4275 620 4330 In
670 4274 778 4337 his,
812 4272 1010 4342 inquit,
1050 4269 1175 4322 licet
1226 4267 1321 4319 tibi
1381 4267 1596 4319 modica
1627 4265 1698 4318 sit
1746 4263 1942 4323 virtus,
1977 4262 2075 4316 sed
2120 4278 2150 4316 a

561 4382 652 4420 me
685 4364 847 4418 datur
874 4370 1123 4432 apertum
1146 4360 1238 4412 tibi
1264 4359 1466 4412 ostium
1494 4374 1508 4422 ;
1537 4367 1590 4410 tu
1633 4370 1764 4409 vero
1789 4355 1954 4409 etiam
1983 4369 2152 4423 supra

561 4458 816 4511 virtutem
848 4470 970 4523 quae
1003 4454 1055 4505 in
1091 4463 1143 4505 te
1173 4459 1258 4504 est
1293 4449 1558 4511 tolerasti,
1594 4460 2009 4521 nomenmeum
2043 4460 2151 4499 non

2251 624 2351 692 τὴν
2389 626 2669 694 Παρθένον
2698 623 2841 692 εἷπε,
2875 626 2967 680 τὸν
3009 627 3200 698 θρόνον
3227 626 3388 678 Δαυῒδ
3433 629 3584 698 παρά
3625 635 3810 702 πατρὸς

2251 715 2329 785 τῷ
2382 717 2497 788 Υίῷ
2535 717 2611 781 ὡς
2656 719 3023 788 προσκαίρου,
3050 720 3255 790 καίπερ
3298 720 3506 789 αἰωνίῳ
3541 721 3684 791 αὐτῷ
3729 729 3813 777 καὶ

2251 806 2602 878 ἀτελευτήτῳ
2659 809 2903 878 δοθῆναι,
2961 809 3230 871 ὡσαύτως
3281 810 3337 862 δὲ
3402 811 3498 861 καὶ
3558 810 3814 878 βασιλείαν

2251 897 2346 948 καὶ
2405 895 2677 960 ἐξουσίαν.
2751 900 2903 953 Ἐπεὶ
2953 896 3048 954 οὖν
3097 901 3348 970 ὁμοίωμα
3401 901 3503 969 τῆς
3561 901 3815 971 βασιλείας

2250 986 2416 1040 Δαυῒδ
2439 987 2634 1060 ἔφερεν
2667 991 2696 1042 ὁ
2717 990 2977 1062 Χριστὸς,
3009 991 3239 1054 εἰκότως
3266 991 3435 1059 λέγει·
3455 992 3516 1044 Ὀ
3539 993 3688 1060 ἔχων
3712 995 3816 1062 τὴν

2252 1077 2421 1130 κλεῖν
2463 1080 2572 1133 τοῦ
2631 1082 2836 1146 Δαυῖὸη
2876 1083 3016 1154 πρὸς
3053 1082 3114 1136 τὸ
3161 1084 3372 1150 ἀνοῖξαι
3429 1085 3525 1137 καὶ
3579 1085 3812 1139 κλεῖσαιο

2252 1169 2460 1235 ἀνοῖξαι
2497 1173 2597 1242 μὲν
2624 1174 2685 1224 τὸ
2718 1173 3013 1228 δικαιῶσαι
3045 1174 3240 1242 λέγων,
3277 1174 3374 1227 καὶ
3403 1174 3614 1228 κλεῖσαι
3641 1175 3698 1228 τὸ
3725 1194 3815 1231 κα-

2249 1264 2526 1332 τακρίναι.
2557 1264 2634 1334 Τῇ
2673 1268 2782 1333 γὰρ
2844 1264 2966 1334 θείᾳ
3009 1264 3176 1319 αὐτοῦ
3218 1267 3314 1318 καὶ
3345 1265 3504 1335 ἀϊδίῳ
3543 1266 3802 1337 χρώμενος

2251 1351 2492 1420 ἐξουσίᾳ,
2523 1355 2616 1404 καὶ
2645 1352 2844 1405 δικαιοί
2900 1357 2994 1406 καὶ
3034 1353 3378 1423 κατακρίνει.

2335 1442 2490 1496 Ἰδοὺ
2518 1441 2751 1496 δέδωκα
2773 1443 3032 1498 ἐνώπιόν
3049 1459 3184 1499 σου.
3211 1445 3334 1498 Τῶν
3367 1444 3590 1512 ἀγαθῶν
3613 1446 3645 1516 ή
3691 1445 3815 1516 θύρα

2249 1533 2572 1604 ἀνεῳγμένη
2611 1532 2835 1596 δίδοται,
2886 1535 2962 1597 ὡς
3014 1535 3343 1604 ἑτοιμοτάτη
3379 1534 3476 1587 καὶ¹
3527 1535 3621 1588 ἀπ’
3669 1537 3817 1607 αὐτῆς

2248 1625 2347 1692 τῆς
2395 1622 2533 1692 πρὸς
2566 1623 2636 1676 τὰ
2684 1623 2930 1696 κρείττω
2961 1625 3160 1694 ῥοπῆς,
3201 1625 3472 1695 παρέχειν
3512 1625 3608 1695 τὴν
3638 1626 3818 1681 είσοδον

2250 1715 2387 1786 πρὸς
2415 1715 2734 1770 ἀπόλαυσιν.
2762 1716 2856 1769 Διὸ
2878 1718 2969 1770 καὶ
3001 1719 3030 1770 ὁ
3062 1717 3266 1788 Κύριος
3298 1719 3550 1785 φάσκων,
3580 1719 3658 1772 ὅτι
3692 1738 3709 1771 ι
3759 1720 3816 1772 Ἡ

2253 1805 2502 1876 βασιλεία
2533 1806 2643 1858 τῶν
2669 1806 2916 1877 οὐρανῶν
2957 1808 3109 1870 ὲντὸς
3141 1808 3296 1876 ὑμῶν
3318 1809 3493 1874 ἐστιν,
3527 1827 3545 1859 ι
3591 1808 3741 1860 οἰονεί
3760 1811 3816 1879 τῇ

2253 1896 2512 1969 προθέσει
2563 1898 2913 1969 παρεχομένη
2959 1897 3055 1952 τοῦ
3109 1899 3464 1969 βουλομένου,
3507 1899 3598 1951 ὑπ’
3631 1900 3820 1962 οὐδενὸς

2254 1990 2679 2060 ὲμποδοστατεϊν
2724 1991 2896 2043 οῐεται
2935 1991 3037 2060 τὴν
3083 1990 3314 2045 εἴσοδον.
3357 1990 3472 2044 Καὶ
3523 1989 3706 2043 τούτου
3739 1989 3820 2042 νῦν

2253 2082 2287 2152 ἠ
2340 2081 2648 2150 ἐπαγγελία
2695 2081 3036 2151 λιχνεύοντος
3079 2082 3207 2144 τοὺς
3261 2080 3674 2151 εἰσαγομένους,
3701 2081 3821 2151 πρὸς

2254 2169 2353 2241 τὴν
2379 2171 2736 2242 λέγχείρησιν,
2769 2171 2877 2224 τῶν
2911 2171 3092 2225 πόνων
3144 2170 3586 2242 ύπολογιζομένη
3607 2171 3678 2224 ’τὸ
3711 2172 3821 2224 δυσ-

2254 2263 2437 2333 χερὲς,
2476 2265 2570 2316 καί
2609 2263 2710 2332 τὴν
2746 2263 2954 2316 εἴσοδον
3007 2264 3481 2334 συμμετρουμένη
3520 2265 3630 2325 τοῖς
3669 2265 3820 2332 μικρᾷ

2253 2355 2482 2424 δυνάμει
2537 2355 2600 2407 τὸ
2657 2356 2881 2408 εἰσιέναι
2948 2355 3435 2426 προαιρουμένοις,
3487 2355 3700 2408 ἐπειδὰν
3741 2355 3820 2407 τὸν

2253 2445 2712 2516 ἀποσωρευθέντα
2756 2448 2870 2508 τοῖς
2908 2446 3138 2498 εἰσιοῦσι
3171 2447 3282 2500 τῶν
3309 2445 3537 2514 ἀγαθῶν
3574 2445 3734 2515 ἐσμὸν
3761 2449 3817 2515 τῇ

2254 2537 2577 2609 ἀνεῳγμένη
2616 2537 2756 2607 θύρᾳ
2786 2538 3088 2610 ἐμφανίσῃ,
3119 2541 3317 2608 μηκέτι
3368 2541 3436 2610 τῇ
3474 2538 3708 2608 φροντίδι
3740 2537 3818 2590 λυ-

2254 2631 2471 2682 πεῖσθαι
2505 2630 2571 2700 ὲᾷ
2598 2629 2693 2682 τοῦ
2722 2630 2828 2681 ὑπὸ
2860 2631 2970 2684 τῶν
3005 2631 3313 2684 ἀπόλαυσιν
3341 2629 3818 2700 καταὸαλλομένων

2255 2721 2543 2775 ἑλκύεσθαι
2579 2723 2779 2787 πόνων,
2815 2723 3231 2792 ἀμεταστρεπτὶ
3264 2723 3320 2776 δὲ
3352 2722 3466 2776 τῶν
3502 2722 3672 2776 πόνων
3710 2722 3819 2774 ἀντ⁴

2252 2811 2476 2880 έχεσθαι
2526 2813 2788 2881 παραινεῖ
2834 2811 3015 2880 πάσης
3047 2811 3289 2874 ἀνέσεως
3321 2811 3438 2880 (l7)
3467 2810 3598 2881 ἡδίω
3628 2809 3714 2862 τὸν
3743 2808 3818 2860 διὰ

2253 2899 2427 2955 ταῦτα
2450 2901 2697 2972 κάματον
2721 2899 3118 2972 λογιζομένοις.
3149 2903 3258 2954 Καὶ
3299 2903 3384 2954 ὅτι
3412 2902 3645 2971 έγκοπος
3667 2904 3697 2972 ή
3724 2903 3818 2955 τῶν

2257 2991 2497 3046 αἰωνίων
2565 2991 2788 3062 ἀγαθῶν
2840 2993 3199 3062 κληρονομία,
3257 2992 3317 3046 τὸ
3377 2994 3438 3046 ἐν
3498 2994 3819 3061 Εὑαγγελίοις

2255 3084 2440 3140 ἰκανὸν
2469 3085 2614 3138 θεῖον
2644 3085 2830 3154 λόγιον
2881 3086 3257 3154 παραστῆσαι,
3294 3103 3312 3134 ι
3353 3085 3580 3153 Βιαστὴ,
3612 3085 3816 3152 φάσκον,

2255 3177 2404 3230 ἐστὶν
2437 3176 2471 3246 ἡ
2505 3175 2752 3245 βασιλεία
2783 3176 2894 3230 τῶν
2919 3176 3185 3246 οὐρανῶν.
3229 3196 3247 3227 ›
3299 3177 3427 3229 ’Ότι
3472 3177 3530 3229 δὲ
3555 3181 3645 3230 καὶ
3678 3177 3704 3228 ὀ
3741 3174 3820 3227 διὰ

2255 3267 2352 3320 τοῦ
2384 3265 2762 3336 κατάρξασθαι
2789 3267 3168 3334 έγγλυκαίνων
3197 3266 3296 3336 τὴν
3324 3267 3583 3336 αἴσθησιν
3608 3265 3820 3333 ἀφειδεῖν

2255 3360 2369 3413 οἶδε
2417 3360 2525 3412 τῶν
2569 3361 2770 3423 πόνων,
2807 3360 2870 3413 τὸ
2911 3359 3076 3414 Δαυῖδ
3120 3361 3263 3413 θεῖον
3297 3359 3526 3429 Πνεῦμα
3581 3358 3817 3424 διδάσκει,

2263 3470 2281 3502 ι
2309 3450 2607 3514 Γεύσασθε,
2626 3452 2826 3518 λέγων,
2846 3453 2940 3505 καὶ
2970 3453 3106 3504 ἴδετε
3131 3453 3211 3504 ὅτι
3242 3451 3482 3521 χρηστὸς
3511 3453 3540 3504 ὁ
3567 3451 3770 3520 Κύριος.
3797 3467 3814 3500 ι

2258 3543 2329 3594 Ἦ
2361 3543 2456 3594 καὶ
2491 3541 2630 3611 θύρα
2664 3543 2986 3612 ἀνεῳγμένη
3015 3545 3217 3596 νοεῖται
3273 3548 3307 3610 ἡ
3334 3542 3432 3595 τοῦ
3465 3537 3818 3596 διδασκαλικοῢ

2258 3633 2614 3704 κηρύγματος
2668 3635 2895 3700 εἴσοδος,
2936 3635 3060 3704 ἥτις
3109 3635 3423 3705 ἀνοιχθεῖσα
3507 3635 3566 3687 οὐ
3620 3633 3819 3686 δύναται

2257 3723 2345 3775 διὰ
2377 3726 2704 3793 πειρασμῶν
2751 3725 3094 3794 κλεισθῆναι,
3123 3725 3368 3796 νικώσης
3401 3728 3497 3794 τῆς
3541 3722 3821 3795 προθυμίας

2256 3815 2364 3867 τῶν
2398 3816 2624 3869 εἰσιέναι
2646 3817 2940 3885 ἑλομένων,
2963 3817 3041 3886 τῷ
3063 3816 3252 3870 κάλλει
3277 3817 3392 3869 τῶν
3413 3815 3528 3888 (l8)
3562 3818 3820 3867 ἐναποκει-

2261 3906 2442 3976 μένων
2473 3905 2839 3976 θελχθέντων,
2867 3907 2928 3959 τὸ
2962 3908 3070 3959 τῶν
3097 3908 3423 3978 πειρασμῶν
3446 3907 3711 3960 ἐπίπονον.
3743 3903 3820 3954 Ἐν

2255 3990 2337 4057 οἷς
2363 3996 2412 4047 εί
2443 3997 2537 4049 καὶ
2573 3998 2640 4066 τῇ
2665 3995 2898 4065 δυνάμει
2941 4012 3034 4048 σου
3065 3996 3405 4066 σύμμετρος,
3431 3996 3547 4048 ἀλλ’
3584 3991 3672 4048 οὖν
3704 3989 3820 4060 παρ’

2257 4086 2413 4156 ἐμοῦ,
2458 4086 2645 4157 φησὶν,
2677 4089 2711 4157 ἡ
2753 4087 3079 4156 ἀνεῳγμένη
3110 4086 3315 4139 δίδοται
3353 4104 3435 4139 σοι
3491 4085 3646 4154 θύρα.
3670 4079 3820 4140 Αὐτὸς

2257 4176 2314 4230 δὲ
2340 4178 2434 4230 καὶ
2455 4178 2597 4248 ὑπὲρ
2629 4177 2858 4248 δύναμιν
2891 4178 2991 4246 τὴν
3038 4177 3282 4231 ὑποῦσάν
3314 4195 3398 4230 σοι
3444 4176 3816 4245 ὲκαρτέρησας.

2262 4267 2337 4337 μὴ
2363 4269 2741 4339 ἀρνησάμενος
2764 4269 2823 4321 τὸ
2845 4269 3018 4338 δνομά
3042 4285 3144 4338 μου
3173 4269 3307 4338 (19).
3341 4267 3554 4320 Οὔκουν
3576 4268 3637 4336 τῇ
3669 4259 3821 4332 μικρᾷ

2259 4361 2487 4429 δυνάμει
2520 4378 2615 4413 σου
2673 4361 3088 4431 παραμετρήσω
3129 4365 3230 4429 τὴν
3275 4360 3532 4430 ἀμοιϐὴν,
3568 4357 3695 4410 ἀλλά
3745 4367 3820 4421 με·

2261 4449 2594 4521 γαλοδωρίᾳ,
2612 4451 2687 4514 ὼς
2709 4450 2830 4514 έθος
2856 4450 3004 4520 ἐμοὶ,
3023 4450 3420 4521 μετελεύσομαι
3437 4451 3534 4519 τὴν
3553 4449 3644 4501 ἀντ
3654 4446 3816 4497 ίδοσιν.

562 4551 872 4615 ahnegans.
921 4543 1037 4596 Non
1103 4557 1232 4610 ergo
1269 4541 1335 4592 ad
1381 4538 1652 4591 modicam
1695 4546 1843 4589 tuam
1899 4536 2157 4590 virtutem
2200 4542 2664 4594 eommensurabo
2704 4541 3121 4596 retributionem
3157 4559 3168 4594 :
3203 4543 3298 4597 sed
3339 4558 3404 4596 ex
3451 4535 3818 4602 muniﬁcentia,

564 4645 626 4692 ut
657 4636 791 4691 mihi
827 4633 998 4687 moris
1025 4641 1130 4694 cst,
1163 4628 1447 4699 prmmium
1481 4625 1795 4695 rependam.

637 4728 728 4792 111,
763 4725 918 4782 9-15.
945 4723 1079 4776 Ecce
1103 4722 1171 4775 do
1203 4721 1266 4773 de
1293 4735 1565 4789 synagoga
1599 4715 1816 4770 Salano:
1846 4716 1935 4785 qui
1968 4714 2153 4765 dicunt
2189 4718 2234 4772 ι)

564 4837 618 4874 se
651 4818 866 4873 Judwos
913 4831 1021 4868 esse
1066 4823 1114 4865 et
1153 4829 1255 4866 non
1307 4823 1452 4873 sinit,
1505 4810 1592 4861 sed
1630 4808 1974 4861 mentiuntur.
2022 4803 2155 4857 Ecce

567 4913 781 4981 adigam
811 4909 932 4961 illos
986 4915 1042 4958 ut
1089 4905 1298 4957 veniant
1339 4913 1386 4955 et
1427 4901 1645 4953 adorent
1682 4908 1802 4950 ante
1831 4896 1984 4965 pedes
2016 4905 2151 4958 tuos,

566 5015 614 5056 et
659 5009 975 5070 cognoscant
1027 4997 1165 5066 quod
1217 4993 1491 5047 dilexerim
1543 4999 1589 5043 te
1640 4989 1893 5057 quoniam
1931 4984 2154 5039 servasti

566 5109 854 5148 sermonem
883 5091 1158 5158 patientia:
1198 5103 1346 5139 mere.
1385 5083 1449 5136 Et
1485 5099 1577 5152 ego
1613 5081 1826 5134 servabo
1853 5089 1900 5132 te
1931 5081 1995 5132 ab
2025 5080 2157 5132 hora

567 5186 888 5256 aﬂlictionis,
935 5198 1050 5252 qua:
1083 5189 1304 5234 ventura
1339 5187 1411 5229 est
1457 5178 1508 5228 in
1541 5175 1846 5226 universum
1881 5174 2056 5224 orbem
2097 5181 2156 5223 ut

566 5280 764 5350 afﬂigat
807 5275 1107 5329 habitantes
1148 5273 1204 5324 in
1251 5279 1414 5323 terra.
1475 5265 1634 5320 Venio
1688 5265 1825 5329 cito,
1875 5273 1988 5316 tene
2018 5264 2156 5333 quod

568 5373 724 5425 habes
768 5380 822 5422 ut
877 5384 1027 5421 nemo
1061 5364 1292 5432 accipiat
1323 5376 1572 5414 coronam
1603 5367 1772 5413 tuam.
1806 5355 1911 5421 Qui
1952 5357 2157 5421 vicerit,

569 5463 766 5531 faciam
799 5461 953 5514 illum
1002 5458 1308 5511 columnam
1349 5455 1403 5506 in
1435 5449 1628 5520 templo
1664 5449 1760 5501 Dei
1792 5449 1914 5516 mei,
1962 5456 2010 5502 et
2037 5463 2159 5500 ant-

641 5622 686 5654 "
723 5619 854 5674 Luc.
894 5635 1028 5683 xvn,
1062 5619 1152 5672 ‘21.
1230 5615 1277 5646 ”
1306 5614 1449 5668 Psal.
1485 5624 1679 5674 χχχιιι,
1721 5611 1776 5664 9.

646 5771 758 5843 (Π)
792 5775 1066 5842 Λίρέσεως
1097 5772 1242 5843 vulg.

647 5835 758 5913 (18)
801 5835 988 5912 Ἐλομ.
1032 5843 1117 5895 διὸ.
1142 5835 1217 5893 to
1237 5842 1524 5896 κάλλιστον
1557 5836 1664 5891 τῶν
1695 5835 1842 5904 vulg.

2348 4714 2504 4767 Ἰδοὺ
2532 4715 2738 4783 δίδωμι
2763 4715 2832 4768 ἐκ
2863 4713 2974 4782 τῆς
3013 4713 3376 4783 συναγωγῆς
3431 4714 3537 4768 τοῦ
3583 4711 3816 4774 Σατανᾶ,

2263 4807 2380 4861 τῶν
2413 4810 2717 4876 λεγόντων
2747 4808 3001 4872 ἑαυτοὺς
3045 4808 3368 4873 Ἰουδαίους
3397 4804 3569 4869 εἶναι,
3601 4805 3694 4858 καὶ
3721 4806 3818 4857 οὐκ

2261 4898 2439 4960 εἰσιν,
2504 4901 2667 4952 ἀλλὰ
2727 4899 3077 4967 ψεύδονται.
3142 4898 3296 4952 Ἰδοὺ
3345 4898 3578 4966 ποιήσω
3618 4894 3820 4957 αὐτοὺς

2264 4990 2365 5041 ἵνα
2396 4989 2585 5056 ῆὲωσι
2617 4991 2714 5042 καὶ
2753 4990 3276 5060 προσκυνήσωσιν
3300 4990 3558 5042 ἐνώπιον
3577 4986 3689 5041 τῶν
3729 5001 3820 5036 πο-

2264 5080 2387 5133 δῶν
2446 5099 2584 5143 σου,
2648 5083 2746 5134 καὶ
2793 5081 3040 5150 γνῶσιν,
3117 5081 3205 5134 ὅτι
3262 5079 3551 5148 ἠγάπησά
3605 5093 3694 5143 σε,
3740 5074 3818 5128 ὅτι

2261 5172 2565 5241 ἐτήρησας
2609 5173 2716 5226 τὸν
2764 5177 2952 5242 ,λόγον
2987 5173 3096 5240 τῆς
3146 5173 3463 5240 ὑπομονῆς
3504 5190 3642 5242 μου.
3668 5165 3818 5236 Κάγώ

2264 5279 2338 5317 σε
2387 5263 2633 5331 τηρήσω
2695 5265 2765 5317 ἐκ
2804 5264 2913 5330 τῆς
2957 5264 3114 5330 ὥρας
3175 5265 3280 5318 τοῦ
3331 5261 3658 5332 πειρασμοῦ
3721 5257 3818 5323 τῆς

2256 5356 2608 5424 μελλούσης
2646 5356 3056 5424 ἕρχεσθιιιςὲπὶ
3126 5355 3238 5423 τῆς
3288 5353 3642 5422 οἰκουμένης
3686 5348 3817 5412 ὅλης

2265 5446 2546 5515 πειρᾶσαι
2596 5447 2739 5510 τοὺς
2797 5447 3229 5511 κατοικοῦντας
3258 5446 3356 5499 ἐπὶ
3402 5444 3511 5513 τῆς
3535 5441 3662 5513 γῆς.
3698 5439 3815 5505 Ἐρ-

2339 5763 2452 5831 (19)
2487 5761 2587 5815 Διά
2616 5762 2677 5816 τὸ
2706 5761 2879 5832 ὄνομά
2913 5779 3015 5831 μου
3053 5762 3198 5832 vulg.
