4110 6398
386 426 492 492 557

1459 434 1850 502 COMMENT.
1891 440 1973 502 IN
2014 443 2544 505 APOCALYPSIN.

3552 459 3658 522 558

382 556 566 609 κομαι
615 540 794 608 ταχύ.
829 541 1043 609 Κράτει
1082 541 1114 597 ὃ
1154 543 1341 615 ἔχεις,
1389 548 1494 601 ἵνα
1530 551 1748 617 μηδεὶς
1807 550 1953 618 ,λάϐῃ

2072 555 2212 622 ptius
2247 572 2351 610 non
2398 560 2698 627 egredietur
2730 562 2879 630 foras
2914 578 2934 616 :
2963 565 3132 636 682
3164 576 3213 621 et
3241 571 3473 623 scribam
3502 588 3662 639 super

380 630 494 685 tor
532 630 841 700 στέφανόν
888 646 1031 688 σου.
1102 633 1164 689 '0
1230 637 1439 704 νικῶν,
1499 641 1735 706 ποιήσω
1783 641 1973 697 αὐτὸν

379 722 619 775 στύλον
672 724 745 775 ἐν
803 721 884 788 τῷ
954 723 1080 791 ναῷ
1134 727 1244 782 τοῦ
1308 731 1459 785 Θεοῦ
1485 749 1606 800 μου
1630 772 1646 797 ,
1698 734 1797 788 καὶ
1853 734 1971 798 ἕξω

377 812 457 864 οὐ
502 811 591 880 μὴ
625 811 846 882 ἐξέλθῃ
899 814 989 869 ἔτι
1015 831 1032 848 ⁸
1082 817 1185 870 καὶ
1237 818 1448 889 γράψω
1508 822 1603 875 ἐπ’
1652 824 1843 878 αὐτὸν
1903 826 1969 879 τὸ

377 900 574 971 ὄνομα
607 903 717 958 τοῦ
753 905 904 960 Θεοῦ
925 924 1069 975 μου,
1095 909 1195 963 καὶ
1239 911 1306 963 τὸ
1349 911 1540 980 ὄνομα
1587 913 1702 982 τῆς
1734 916 1968 982 πόλεως

2075 663 2195 701 eum
2220 664 2406 703 nomen
2431 649 2530 703 Dei
2554 653 2672 717 mei,
2707 662 2757 707 et
2785 670 2973 709 nomen
3005 659 3235 714 ciuitatis
3267 658 3365 715 Dei
3390 664 3491 716 mei
3513 680 3663 717 nova:

2074 736 2411 808 Jerusalem,
2447 758 2567 812 qua:
2612 745 2879 801 descendit
2913 748 2979 803 de
3018 751 3146 806 calo
3184 769 3217 806 a
3261 753 3369 808 Deo
3406 772 3521 811 meo
3553 773 3573 811 :
3613 767 3662 810 et

2077 845 2266 883 nomen
2303 847 2476 886 meum
2519 850 2731 890 novum.
2778 836 2885 903 Qui
2917 839 3072 895 habet
3100 860 3283 898 aurem
3314 845 3503 900 audiat
3534 849 3663 917 quid

2075 916 2313 985 Spiritus
2336 920 2480 974 dicat
2509 921 2791 982 Ecclesiis.

372 992 489 1048 τοῦ
518 995 668 1050 Θεοῦ
682 1013 806 1062 μου
838 996 951 1066 τῆς
980 998 1197 1068 καινῆς
1237 1001 1660 1075 Ἰερουσαλὴμ,
1690 1005 1730 1075 ἢ
1807 1009 2149 1062 καταϐαίνει
2191 1011 2311 1066 ἀπὸ
2381 1014 2488 1068 τοῦ
2536 1019 2799 1084 οὐρανοῦ
2859 1021 2977 1077 ἀπὸ
2997 1024 3106 1079 τοῦ
3132 1027 3280 1081 Θεοῦ
3306 1046 3443 1097 μου,
3469 1031 3569 1084 καὶ
3593 1030 3663 1084 τὸ

375 1086 572 1156 ὄνομα
622 1090 691 1140 τὸ
746 1091 981 1145 καινόν.
1032 1090 1097 1145 '0
1122 1091 1282 1161 ἔχων
1310 1090 1442 1162 οὖς,
1470 1097 1790 1152 ἀκουσάτω
1824 1100 1883 1152 τί
1916 1101 1984 1153 τὸ
2023 1101 2267 1171 Πνεῦμα
2287 1104 2448 1174 λέγει
2473 1107 2603 1173 ταῖς
2634 1109 3043 1181 Ἐκκλησίαις.

454 1181 566 1250 Τῆς
589 1180 907 1249 ὁμολογίας,
935 1185 1092 1255 φησὶ,
1115 1185 1218 1255 τῆς
1262 1188 1390 1257 περὶ
1416 1190 1512 1242 τοῦ
1543 1191 1679 1259 ἐμοῦ
1702 1192 1969 1261 ὀνόματος

369 1271 692 1337 ἁντέκτισις
744 1274 901 1328 ἔσται
954 1278 987 1345 ἠ
1041 1276 1156 1330 τῶν
1184 1279 1480 1333 ‹ἰουδαίων
1535 1282 1845 1353 ἐπιστροφὴ
1873 1287 1971 1340 καὶ

376 1365 662 1433 μετάνοια.
698 1365 763 1418 Οἳ
806 1368 910 1433 τῆς
939 1367 1078 1439 πρὸς
1113 1370 1216 1440 ἐμὲ
1269 1372 1451 1425 αὐτῶν
1481 1377 1850 1447 προσαγωγῆς
1876 1378 1969 1432 τὸν

375 1456 439 1523 ἐξ
480 1456 614 1527 ἐμοῦ
639 1460 924 1529 φωτισμὸν
946 1460 1372 1528 ἀπαλλάξονται
1395 1467 1505 1521 τῶν
1537 1470 1596 1521 ἐν
1630 1468 1710 1539 τῷ
1738 1472 1969 1543 κρυπτῷ

371 1548 479 1618 τῆς
502 1548 731 1619 καρδίας
781 1550 1072 1618 Ἰουδαίων,
1106 1553 1224 1608 ἀλλ’
1253 1557 1316 1610 οὐ
1365 1558 1474 1611 τῶν
1512 1561 1572 1614 ἐν
1615 1560 1694 1632 τῷ
1724 1563 1966 1636 φανερῷ,

373 1639 455 1701 ὼς
486 1638 579 1692 καὶ
619 1640 821 1713 Παύλῳ
853 1643 1020 1710 δοκεῖ,
1042 1646 1273 1710 ἑαυτοὺς
1301 1649 1745 1709 ἐπιδεικνύντων.
1764 1655 1966 1727 Θρόνον

368 1729 431 1783 δὲ
452 1730 550 1784 τοῦ
589 1732 805 1788 Σατανᾶ
824 1735 924 1804 τὴν
952 1735 1061 1791 τῶν
1102 1739 1378 1796 Ἰουδαίων
1414 1741 1565 1813 λέγει
1606 1746 1973 1819 Συναγωγὴν,

367 1820 449 1884 ὡς
478 1822 558 1893 τῷ
586 1822 773 1893 ψεύδει
805 1830 1314 1903 συγκροτουμὲνην,
1342 1834 1465 1889 ἐπεὶ
1491 1837 1585 1890 καὶ
1608 1838 1703 1891 τοῦ
1731 1840 1964 1908 ψεύδους

2147 1194 2494 1265 Responsio,
2548 1201 2763 1271 inquit,
2821 1208 3189 1267 confessionis
3256 1216 3497 1273 nominis
3549 1220 3657 1274 mei

2072 1286 2178 1339 erit
2203 1285 2520 1345 Iudaeorum
2566 1300 2856 1352 conversio
2885 1308 2941 1355 et
2969 1304 3290 1371 poenitentia
3312 1344 3327 1370 ,
3354 1310 3446 1378 qui
3481 1326 3660 1366 meam

2073 1379 2533 1439 illuminationem
2566 1403 2673 1456 qua
2708 1390 2810 1459 ipsi
2843 1392 2912 1446 ad
2948 1410 3036 1450 me
3074 1397 3297 1455 addueti
3329 1412 3478 1468 sunt,
3509 1420 3663 1458 com-

2074 1473 2365 1527 mutabant
2420 1475 2473 1530 iu
2526 1493 2622 1533 eos
2668 1482 2762 1549 qui
2824 1482 2879 1537 in
2934 1486 3260 1544 abscondito
3309 1493 3492 1548 cordis
3537 1510 3664 1551 sa'se

2071 1559 2291 1619 Iudaeos
2346 1582 2471 1622 esse
2518 1570 2938 1641 demonstrant,
2986 1586 3043 1633 et
3090 1596 3200 1636 non
3237 1582 3292 1636 in
3333 1588 3661 1654 propatulo,

2073 1655 2241 1709 veluti
2286 1655 2459 1714 Paulo
2515 1677 2736 1732 quoque
2765 1667 3000 1726 videtur.
3049 1670 3245 1727 Sedem
3289 1691 3420 1731 vero
3447 1677 3665 1734 Satanae

2071 1745 2204 1801 dicit
2254 1748 2600 1823 Synagogam
2627 1755 2964 1827 Iudaeorum,
3001 1770 3265 1835 tanquam
3309 1778 3661 1838 praestantem

2070 1843 2338 1897 auxilium
2366 1850 2654 1904 mendacio
2678 1867 2691 1904 :
2719 1854 3170 1925 quandoquidem
3195 1861 3360 1915 etiam
3390 1863 3480 1920 ille
3506 1880 3664 1921 men-

371 1914 562 1983 πατὴρ
590 1915 700 1967 ἀπὸ
726 1917 1043 1989 καταϐολῆς
1074 1920 1292 1992 κόσμου
1324 1923 1563 1996 ἐδείχθη.
1616 1928 1842 1992 Τούτοις
1873 1926 1953 1985 οὗκ

2069 1931 2210 1986 dacii
2251 1945 2406 2003 pater
2449 1953 2480 1992 a
2530 1914 2756 1997 condito
2805 1914 3007 2002 saeculo
3033 1953 3307 2019 apparuit.
3344 1954 3457 2012 Hos
3495 1957 3665 2028 igitur

372 2005 850 2075 προσδραμεὴθαι
879 2009 941 2062 ού
969 2010 1115 2065 κατὰ
1137 2012 1201 2065 τὸ
1230 2015 1416 2084 τυχὸν,
1451 2016 1592 2070 ἀλλὰ
1645 2020 1787 2088 μετὰ
1832 2021 1967 2074 πολ⁴

368 2093 477 2164 λῆς
492 2098 593 2165 τῆς
612 2096 950 2171 θερμότητος
979 2102 1075 2156 καὶ
1117 2106 1415 2178 συπριὸἧς
1439 2126 1592 2179 φησι.
1640 2112 1812 2167 Τοῦτο
1857 2116 1966 2186 γὰρ

370 2182 671 2240 αἰνίττεται
700 2188 763 2243 τὸ
809 2190 948 2262 πρὸς
992 2194 1120 2258 τοὺς
1171 2199 1337 2263 πόδας
1379 2203 1761 2274 προσκυνῆσαι
1785 2182 1880 2260 καί
1906 2182 1967 2262 ἐν

368 2275 626 2345 ἐσχάτοις
653 2278 872 2336 ἑλέσθαι
892 2284 1153 2356 τετάχθαι
1179 2289 1283 2361 τῆς
1327 2291 1679 2364 Ἐκκλησίας.

448 2367 564 2422 Τὸν
600 2371 792 2440 λόγον
842 2374 952 2445 τῆς
998 2382 1313 2453 ὑπομονῆς
1350 2404 1493 2454 μου.
1520 2389 1632 2459 Ούχ
1676 2390 1757 2443 ὅτι
1799 2392 1965 2457 αὐτὸς

364 2450 398 2505 6
424 2459 785 2527 χρηματίζων
829 2464 1094 2535 ὑπέμεινέ
1133 2487 1207 2536 τι,
1262 2450 1399 2527 άλλὰ
1450 2450 1727 2549 ὑπομονὴν
1766 2450 1964 2535 ἑαυτοῦ

364 2547 471 2617 τὴν
499 2547 567 2601 δι’
598 2551 765 2606 αὑτὸν
798 2556 892 2609 καὶ
926 2558 1025 2627 τὴν
1054 2561 1192 2631 πρὸς
1222 2564 1387 2618 αὐτὸν
1409 2569 1709 2640 καρτερίαν
1749 2572 1848 2640 τῆς
1872 2574 1962 2627 πί-

367 2640 544 2704 στεώς
574 2658 739 2713 φησιν
756 2661 772 2676 ⁸
800 2646 991 2721 ὥσπερ
1018 2653 1113 2705 καὶ
1128 2655 1211 2708 ὅτι
1243 2656 1309 2710 ἂν
1336 2657 1502 2713 Δαυῒδ
1518 2662 1660 2715 αἰτεῖ
1680 2664 1770 2717 τὸν
1795 2665 1928 2720 Θεόν
1947 2682 1961 2697 ·

370 2746 395 2782 ο
440 2731 539 2786 Ἐκ
561 2735 858 2806 προσώπου
887 2758 984 2796 σου
1013 2744 1075 2798 τὸ
1134 2749 1312 2817 κρῖμά
1354 2767 1460 2820 μου
1504 2754 1736 2820 ἐξέλθοι,
1779 2780 1801 2810 ι
1842 2760 1962 2815 ἀντὶ

362 2821 488 2888 τοῦ,
523 2823 588 2882 'ﬂ
608 2825 674 2879 δι’
703 2830 807 2899 ὲμέ
842 2848 937 2885 σου
968 2834 1312 2909 δικαιοσύνη.

438 2914 614 2984 Κάγώ
638 2933 715 2971 σε
743 2920 988 2988 τηρήσω
1006 2924 1076 2979 ἐκ
1108 2926 1220 2996 τῆς
1251 2929 1410 2998 ὥρας
1452 2935 1559 2989 τοῦ
1596 2940 1957 3011 πειρασμοῦ.

365 3000 545 3075 ’Ὥραν
587 3013 983 3086 πειρασμοῦ,ῆ
1029 3019 1120 3071 τὸν
1177 3022 1272 3074 ἐπὶ
1331 3025 1665 3095 Δομετιανοῦ
1688 3000 1960 3101 ⁷διωγμὸν

363 3094 539 3165 λέγει,
600 3100 859 3175 δεύτερον
899 3106 1031 3163 ὄντα
1078 3113 1220 3181 μετὰ
1263 3094 1514 3185 Νέρωνα,
1572 3119 1650 3184 ὡς
1698 3094 1960 3188 Εὑσέθιος

364 3189 576 3262 ἱστορεῖ
598 3195 626 3246 6
660 3195 950 3266 Παμφίλου
975 3218 991 3233 ·
1027 3203 1116 3255 ὅτε
1169 3207 1265 3258 καὶ
1294 3208 1457 3274 αὐτὸς
1481 3211 1510 3264 6
1562 3214 1959 3288 εὐαγγελιστὴς

358 3280 445 3344 είς
481 3282 581 3353 τὴν
600 3284 821 3357 Πάτμον
851 3289 944 3343 ὑπ’
972 3294 1138 3347 αὑτοῦ
1157 3295 1251 3349 τοῦ
1269 3300 1602 3369 Δομετιανοῦ
1620 3280 1951 3377 κατεκρίθηο

366 3363 402 3435 ἢ
433 3366 532 3437 τὴν
581 3372 675 3424 ἐπὶ
714 3376 997 3449 συντελείᾳ
1019 3381 1114 3435 τοῦ
1169 3385 1367 3450 αἰῶνος
1422 3389 1529 3443 ὑπὸ
1556 3392 1652 3445 τοῦ
1687 3395 1957 3467 Ἀντιχρί-

369 3472 504 3510 στου
543 3464 681 3517 κατὰ
712 3466 1058 3538 Χριστιανῶν
1084 3477 1361 3547 ἐσομένην
1394 3483 1763 3555 παγκὸσμιον,
1798 3489 1954 3542 ἀναι-

366 3547 590 3616 ροῦντος
622 3554 750 3617 τοὺς
804 3560 1192 3629 Χριστιανούς.
1233 3568 1451 3623 Τούτων
1500 3570 1594 3627 οὖν
1622 3577 1953 3648 ἀμφοτέρων

359 3639 690 3713 ἐλευθεροῦν
754 3651 883 3714 τοὺς
927 3654 1175 3723 ζηλωτὰς
1220 3660 1385 3713 αὐτοῦ
1419 3663 1762 3736 ὑπισχνεῖται
1818 3687 1953 3741 προ-

354 3736 853 3806 αναρπαζομένους
882 3746 969 3798 διὰ
984 3747 1083 3817 τῆς
1103 3750 1168 3803 ὲκ
1196 3750 1306 3805 τῶν
1334 3754 1588 3810 ἐντεῦθεν
1615 3760 1948 3826 ἀναλύσεως,

356 3819 451 3872 ἵνα
483 3822 559 3894 μὴ
585 3825 725 3898 ὑπὲρ
758 3832 858 3901 τὴν
879 3832 1112 3907 δύναμιν
1136 3842 1497 3910 πειρασθῶσι.
1528 3847 1620 3900 Διό
1645 3866 1780 3918 φησι
1807 3819 1953 3905 καὶό

356 3908 570 3981 Κύριος
590 3929 605 3945 ⁸
637 3918 916 3989 Ἔρχομαι
937 3927 1090 3995 ταχύ
1121 3942 1135 3957 ⁶
1171 3908 1311 3998 μετὰ
1327 3933 1436 4004 γὰρ
1459 3935 1559 4006 τὴν
1597 3908 1778 4008 θλίψιν
1806 3942 1952 3994 ἐκεί-

354 4017 481 4071 νην·
510 4005 799 4078 Ἔρχομαι
827 4014 1003 4084 ταχὺ,
1041 4019 1164 4073 ἀντὶ
1191 4022 1309 4090 τοῦ,
1337 4005 1744 4098 ἀνυπερθέτως.
1777 4032 1950 4088 Τοῦτο

352 4095 469 4166 γὰρ
490 4098 552 4151 τὸ
574 4103 726 4171 ταχύ
747 4106 1025 4174 σημαίνει,
1048 4112 1229 4176 οἱονεὶ,
1253 4095 1584 4183 Καταπόδας
1614 4122 1726 4177 τῶν
1749 4142 1947 4197 πειρα-

361 4185 525 4255 σμῶν
569 4191 981 4265 ἐνεργουμένων
1011 4200 1330 4291 ἐλεύσομαι.
1381 4209 1473 4261 Διὸ
1517 4212 1616 4265 καὶ
1646 4185 1949 4286 παρεγγυῶ

353 4278 642 4349 κρατῆσαι
662 4284 755 4338 τὸν
777 4285 1054 4359 θησαυρὸν
1079 4294 1178 4363 τῆς
1196 4278 1442 4363 ἶιίστεως
1466 4300 1685 4372 ἄσυλον,
1704 4278 1897 4379 ἵναμὴ
1917 4312 1946 4365 6

349 4367 453 4438 τῆς
469 4370 751 4446 ὑπομονῆς
785 4378 941 4449 ὑμῶν
970 4384 1240 4454 ἀπόληται
1271 4389 1559 4460 στέφανος.

437 4552 544 4605 Ἕν
592 4553 674 4621 τῷ
718 4558 846 4624 ναῷ
876 4562 983 4616 τοῦ
1019 4567 1171 4621 Θεοῦ
1198 4587 1341 4638 μου.
1374 4575 1702 4650 Προείρηται
1745 4584 1827 4637 ὅτι
1858 4586 1939 4652 τὸ,

349 4643 506 4698 Θεοῦ
552 4663 711 4714 μου,
770 4651 869 4721 οὐχ
908 4653 1053 4708 οὕτω
1111 4660 1210 4729 τῆς
1255 4664 1314 4716 ὲν
1369 4643 1453 4737 τῷ
1501 4643 1727 4744 Χριστῷ
1788 4643 1941 4742 θείας

347 4732 570 4801 φύσεως
616 4739 1059 4819 ὲνθεωρουμένης
1107 4732 1477 4829 ἀναιρετικὸν,
1507 4732 1633 4817 ὅσον
1660 4732 1763 4838 τὴς
1809 4732 1938 4825 συνί

344 4828 661 4895 ουσιὼσεως
683 4845 1116 4907 παραστατικόν.
1140 4847 1213 4900 Τὸ
1239 4850 1348 4921 γὰρ
1369 4828 1755 4915 ἀδιάσπαστον-
1771 4860 1938 4933 εἶναι,

341 4923 448 4994 τὴν
490 4926 604 4980 τῶν
654 4929 750 4984 δύο
801 4932 1017 5001 φύσεων
1061 4940 1276 5011 ἕνωσιν,
1310 4946 1582 5021 θεότητος,
1625 4958 1790 5027 φημὶ,
1842 4923 1939 5013 καί

343 5017 790 5091 ἀνθρωπότητος,
825 5027 883 5078 ὲν
909 5032 977 5100 τῇ
1013 5034 1156 5087 κατὰ
1192 5036 1284 5088 τὸν
1310 5017 1516 5111 Κύριον
1566 5017 1935 5115 θΙη-σοῦνῖύπο-

346 5110 562 5173 στάσει,
590 5114 694 5168 κᾶν
723 5119 919 5191 μέχρις
943 5126 1152 5190 ἐννοίας
1170 5128 1354 5201 ψιλῆς,
1387 5110 1437 5186 εἰ
1465 5138 1558 5190 καὶ
1589 5110 1933 5212 ἀσυγχύτως,

344 5206 608 5276 παριστᾷ.
648 5209 1000 5268 amandum
1030 5219 1139 5290 γάρ
1171 5221 1422 5294 ἀλλήλοις
1458 5228 1600 5303 ὑπὲρ
1628 5206 1934 5307 manu;

340 5293 699 5370 ἀνθρωπίνην
725 5305 1083 5374 οἰκειωτικῶς
1105 5313 1173 5365 τά
1212 5293 1333 5370 θεῖα
1377 5322 1491 5384 τοῖς
1537 5293 1928 5394 άνθρωπίνοις,

341 5386 438 5437 καὶ
464 5386 536 5440 τὰ
568 5390 887 5461 ἀνθρώπινα
916 5402 1030 5463 τοῖς
1062 5401 1227 5469 θείοις
1247 5405 1526 5479 ίδιώμασι.
1557 5386 1757 5480 Στύλος
1786 5419 1843 5471 δὲ

340 5476 423 5545 τῷ
480 5479 595 5549 ναῷ
653 5484 748 5538 τοῦ
794 5488 931 5543 Θεοῦ
996 5488 1152 5559 οὗτος
1203 5498 1530 5559 καθίσταται
1560 5547 1574 5572 ,
1630 5508 1935 5581 ὑπερείδων

341 5569 408 5636 τῇ
444 5571 575 5638 περὶ
608 5573 771 5628 αὑτὸν
804 5579 891 5632 τοῦ
928 5581 1064 5636 Θεοῦ
1097 5586 1470 5665 ἁγαθοὸωρίᾳ,
1507 5569 1601 5649 καὶ
1632 5569 1756 5664 τοὺς
1796 5604 1935 5675 πρὸς

343 5660 657 5715 συντέλειαν
685 5668 782 5737 τῆς
810 5671 932 5726 καθ’
966 5676 1115 5747 ἡμᾶς
1152 5678 1245 5732 τοῦ
1287 5682 1525 5755 Χριστοῦ
1577 5690 1814 5757 πίστεως
1870 5697 1934 5749 ἀ-

406 5844 454 5879 "
482 5846 628 5906 Psal.
652 5868 764 5921 im,
787 5854 841 5911 2.

2070 2038 2360 2084 accurrere
2385 2029 2539 2096 dicit,
2579 2049 2685 2089 non
2715 2039 2924 2108 vulgari
2955 2042 3139 2106 modo,
3168 2045 3264 2099 sed
3300 2062 3426 2102 cum
3464 2066 3664 2122 magno

2069 2115 2284 2175 fervore
2329 2130 2385 2176 et
2442 2126 2830 2185 contritione:
2882 2131 2985 2188 hoc
3017 2135 3165 2190 enim
3210 2138 3464 2210 designat
3513 2146 3659 2212 quod

2068 2207 2321 2277 adorent,
2349 2224 2400 2269 et
2421 2213 2567 2272 inter
2591 2229 2870 2279 extremos
2895 2225 2990 2295 qui
3018 2226 3073 2282 in
3104 2227 3348 2287 Ecclesia
3374 2244 3506 2290 sunt
3529 2240 3657 2306 poni

2067 2300 2352 2372 elegerint.

2139 2388 2441 2449 Sermonem
2484 2399 2759 2466 patientiae
2811 2420 2959 2461 mete.
3015 2407 3133 2465 Non
3169 2416 3315 2483 quod
3355 2416 3401 2472 is
3431 2417 3524 2486 qui
3565 2419 3660 2473 dat

2066 2487 2375 2551 oraculum,
2403 2491 2610 2561 aliquid
2656 2511 2854 2565 passus
2886 2503 2978 2568 sit,
3008 2506 3102 2559 sed
3145 2524 3301 2563 suam
3328 2513 3653 2579 patientiam

2066 2574 2201 2630 dicit
2254 2578 2378 2634 ﬁdei
2433 2585 2781 2643 tolerantiam
2811 2608 2934 2661 quae
2980 2609 3204 2667 propter
3244 2574 3423 2669 ipsum
3477 2617 3561 2660 est
3603 2618 3665 2661 et:

2065 2682 2193 2729 erga
2228 2670 2408 2738 ipsum
2445 2691 2459 2727 :
2491 2681 2956 2744 quemadmodum
2987 2689 3153 2743 etiam
3187 2691 3280 2745 ubi
3321 2693 3487 2748 David
3523 2700 3667 2764 petit‘

2064 2771 2096 2810 a
2130 2756 2262 2826 Deo,
2297 2779 2316 2812 ι
2350 2761 2428 2818 De
2461 2767 2615 2821 vultu
2644 2780 2739 2825 tuo
2753 2772 3027 2841 judicium
3055 2795 3232 2835 meum
3260 2756 3592 2853 prodrat’i:
3629 2806 3667 2841 ι·

2065 2850 2170 2906 hoc
2199 2862 2319 2920 est,
2351 2856 2565 2922 justitia
2594 2870 2686 2915 tua
2715 2879 2839 2933 qua:
2877 2868 2939 2922 fit
2973 2880 3196 2941 propter
3231 2850 3337 2929 me.
3528 2890 3531 2895 '
3653 2900 3663 2929 ι

2135 2939 2367 3000 Servabo
2393 2957 2444 3000 te
2482 2949 2547 3002 ab
2582 2954 2717 3007 liora
2760 2939 3091 3026 aﬁiictionisi
3120 2962 3320 3019 Horam
3338 2968 3667 3029 “amictionist

2063 3043 2160 3090 aut
2181 3047 2342 3092 vocat
2367 3045 2805 3109 persecutionem
2855 3052 2971 3106 sub
3005 3052 3315 3115 Domitiano
3333 3062 3663 3127 excitatam,

2062 3140 2185 3194 qua:
2235 3126 2337 3183 fuit
2383 3136 2627 3190 secunda
2676 3138 2802 3207 post
2841 3139 3151 3211 Neronem,
3188 3126 3653 3219 quemadmodum

2064 3217 2256 3271 scribit
2300 3220 2572 3280 Eusebius
2617 3228 2912 3298 Pamphili,
2975 3217 3290 3305 quando—et
3334 3217 3661 3312 ipseevanor

2061 3313 2256 3381 gelista
2286 3315 2339 3369 in
2369 3316 2624 3377 Patmum
2651 3325 2857 3395 abipso
2886 3327 3200 3387 Domitiano
3223 3337 3497 3408 relegatus
3520 3351 3607 3395 est
3634 3361 3659 3397 τη

2058 3414 2153 3459 aut
2204 3423 2324 3462 eam
2392 3427 2515 3481 quae
2576 3415 2681 3469 sub
2729 3420 2919 3474 mundi
2980 3428 3517 3484 consummationem
3580 3435 3654 3489 ab

2056 3496 2398 3554 Autichristo
2447 3503 2714 3561 adversus
2762 3508 3113 3569 Christianos
3166 3518 3499 3572 excitabitur
3554 3537 3653 3590 per

2059 3587 2377 3644 universum
2432 3593 2620 3649 orbem
2643 3635 2659 3657 ,
2696 3599 2788 3666 qui
2825 3601 3173 3661 Christianos
3222 3607 3520 3669 interimat.
3556 3587 3653 3667 'Ab

2058 3686 2290 3747 utraque
2319 3682 2485 3751 igitur
2514 3685 2706 3740 harum
2739 3703 2798 3742 se
2830 3693 3098 3760 promittit
3128 3696 3489 3755 liberaturum
3516 3717 3652 3760 suos

2056 3780 2358 3829 sectatores
2383 3787 2438 3829 et
2470 3789 2768 3847 amatores,
2806 3785 3176 3855 praeripiendo
3206 3790 3329 3846 illos
3360 3809 3457 3863 per
3491 3811 3648 3852 mor-

2056 3869 2165 3917 tem
2201 3865 2269 3919 ab
2303 3865 2389 3920 his
2429 3884 2554 3937 quae
2580 3881 2712 3927 tunc
2747 3875 3091 3946 contingent,
3121 3896 3190 3936 ne
3226 3884 3365 3938 ultra
3398 3886 3450 3940 id
3497 3890 3650 3959 quod

2057 3954 2199 4010 ferre
2221 3970 2453 4027 possunt
2480 3962 2817 4034 afﬂigantur.
2844 3967 2971 4023 Ideo
3000 3987 3222 4042 quoque
3250 3954 3648 4037 aitDominus:

2070 4046 2227 4102 Venio
2271 4051 2413 4117 cito,
2463 4056 2735 4124 siquidem
2769 4069 2893 4128 post
2948 4062 3096 4117 illam
3142 4066 3497 4126 amictionem
3534 4075 3648 4130 cito

2052 4141 2302 4208 veniam,
2337 4145 2444 4200 hoc
2496 4157 2582 4203 est
2618 4150 2827 4220 absque
2860 4153 2968 4209 ulla
3008 4156 3272 4212 dilatione
3321 4176 3337 4213 :
3373 4176 3499 4215 nam
3544 4164 3648 4220 hoc

2053 4232 2327 4303 significat
2361 4238 2488 4303 cito,
2519 4248 2785 4311 tanquam
2822 4242 3074 4300 diceret:
3117 4246 3395 4319 Evestigio
3423 4254 3642 4309 veniam

2051 4338 2175 4379 cum
2212 4326 2297 4382 his
2326 4344 2445 4397 quae
2497 4331 2628 4385 ﬁent
2666 4332 3051 4393 afﬂictionibus
3097 4357 3113 4396 :
3158 4351 3443 4408 prOpterea
3476 4346 3645 4404 etiam

2050 4419 2315 4475 denuntio
2349 4432 2408 4477 ut
2452 4434 2628 4479 tutum
2659 4431 2996 4486 conservetis
3041 4430 3166 4487 ﬁdei
3199 4433 3544 4505 thesaurum,
3576 4455 3645 4495 ne

2050 4523 2240 4581 pereat
2269 4529 2474 4570 corona
2505 4519 2810 4576 tolerantiae
2836 4532 3055 4578 vestrae.

2124 4603 2194 4659 In
2240 4608 2434 4675 templo
2486 4609 2580 4664 Dei
2621 4613 2742 4666 mei.
2784 4612 2948 4671 Prius
2993 4617 3200 4673 dictum
3236 4633 3321 4675 est
3364 4625 3508 4693 quod
3546 4625 3644 4683 Dei

2050 4699 2150 4751 mei
2177 4713 2286 4753 non
2320 4700 2471 4756 tollat
2507 4704 2746 4758 divinam
2802 4723 2925 4778 quae
2962 4709 3013 4763 in
3043 4710 3263 4768 Christo
3304 4718 3642 4787 conspicitur

2050 4796 2328 4854 naturam,
2366 4795 2460 4847 sed
2507 4797 2954 4853 coexsistculiam
2990 4811 3045 4854 et
3089 4806 3348 4861 unionem
3375 4812 3638 4866 ostendit.

2046 4874 2211 4947 683
2242 4878 2588 4936 Demonstrat
2612 4884 2758 4938 enim
2794 4887 3229 4949 indissolubilem
3254 4913 3376 4953 esse
3403 4901 3639 4957 duarum

2046 4979 2365 5026 naturarum
2398 4977 2678 5041 unionem,
2712 4979 3035 5049 divinitatis,
3077 4986 3322 5055 inquam,
3362 5001 3417 5046 et
3446 4994 3642 5050 huma-

2044 5060 2233 5119 nilatis
2258 5065 2312 5118 in
2350 5083 2583 5136 persona
2607 5072 2823 5127 Domini
2858 5075 3012 5142 Jesu,
3047 5081 3148 5135 nisi
3180 5084 3297 5137 solo
3330 5085 3635 5152 intellectu,

2046 5167 2362 5222 quanquam
2429 5158 2734 5215 inconfuse.
2805 5163 3173 5224 Familiariter
3232 5189 3469 5242 namque
3526 5179 3633 5231 sibi

2047 5252 2239 5297 mutuo
2265 5246 2443 5301 reddit
2474 5248 2546 5302 ob
2578 5250 2936 5310 humanitatis
2959 5263 3415 5331 asswnptionem,
3445 5265 3633 5325 divina

2046 5333 2324 5398 humanis,
2362 5348 2416 5392 ct
2454 5340 2693 5398 humana
2733 5344 2938 5403 divinis
2981 5349 3280 5409 idiomatis.
3321 5356 3494 5412 Porro
3542 5360 3633 5415 hic

2046 5426 2248 5494 templo
2284 5427 2377 5482 Dei
2416 5432 2673 5489 columna
2710 5441 3088 5506 constituitur,
3126 5455 3186 5500 ut
3228 5447 3421 5504 fulciat
3447 5460 3502 5506 et
3539 5453 3631 5508 Dei

2042 5517 2190 5572 circa
2240 5534 2299 5572 se
2345 5523 2801 5595 munificentiam,
2830 5540 2886 5586 et
2930 5547 3024 5588 eos
3054 5537 3149 5605 qui
3178 5538 3409 5595 debilius
3451 5542 3632 5598 aﬁecti

2045 5619 2193 5672 sunt,
2225 5609 2290 5663 ad
2323 5612 2713 5681 perfectionem
2764 5619 2890 5677 ﬁdei
2939 5624 3169 5695 Christi,
3213 5644 3334 5699 quae
3375 5630 3429 5685 in
3472 5634 3633 5689 nobis

2044 5711 2151 5769 est,
2191 5704 2488 5763 exhortans
2521 5709 2662 5777 illos,
2700 5720 2760 5768 ut
2786 5723 2841 5771 et
2881 5715 2987 5786 ipsi
3025 5717 3175 5777 dono
3214 5722 3446 5781 docendi
3475 5726 3632 5783 simi-
