4110 6430
530 450 639 514 559

1352 454 1685 515 ARETH/E
1724 456 2104 517 CAESARE/ﬁ
2149 458 2634 521 CAPPADOCUE
2687 459 3032 521 EPISCOPI

3687 472 3778 535 5C0

528 565 654 620 liter
696 564 1004 635 proﬁciant.
1056 564 1123 619 In
1161 564 1353 637 templo
1387 576 1570 622 autem
1610 567 1741 632 Dei,
1787 578 1845 623 ut
1893 585 2142 640 semper,

2225 572 2578 641 σθενέστερον
2614 572 3014 641 διακειμένους,
3046 574 3134 644 ἐφ’
3180 571 3351 643 ὁμοίῳ
3383 576 3643 647 προκόψαι
3695 589 3779 636 καὶ

526 658 761 713 laetetur.
792 656 927 712 Nam
966 659 1067 713 hoc
1092 668 1175 713 cst
1208 660 1466 713 columna
1499 659 1553 712 in
1598 660 1801 729 templo
1838 659 1930 714 Dei
1965 661 2106 716 fieri.

525 751 807 821 Siquidem
853 752 947 820 qui
1008 750 1200 805 vicerit
1243 752 1591 807 adversarias
1645 760 1970 822 potestates,
2013 769 2111 808 co.

524 842 711 897 lumna
766 853 818 896 et
858 846 1263 897 lirmamentum
1312 845 1563 901 veritatis
1617 845 1997 913 constituitur,
2059 857 2115 901 ct

526 935 645 1002 ipse
694 932 925 987 ﬁrmiter
975 941 1030 986 et
1088 933 1509 991 immutabiliter
1561 937 1827 1006 gaudens,
1877 947 1932 992 et
1979 938 2116 993 alios

526 1025 758 1082 fulciens
788 1041 856 1080 ne
886 1026 940 1080 in
972 1026 1117 1080 bono
1143 1027 1398 1082 excidant
1427 1043 1455 1081 a
1489 1044 1588 1083 sua
1621 1030 1771 1085 sede.

2220 663 2419 726 αὐτοὺς
2450 662 2817 733 διδασκαλικῷ
2853 664 3159 734 χαρίσματι
3195 667 3648 737 προτρεπόμενος.
3686 673 3778 726 Ἔν

2221 752 2301 817 τῷ
2339 753 2464 818 ναῷ
2497 754 2554 807 δὲ
2596 753 2706 808 τοῦ
2735 754 2906 821 Θεοῦ,
2932 754 3029 809 τοῦ
3066 755 3157 810 διὰ
3189 757 3389 820 παντὸς
3417 758 3777 829 εὐφραίνεσθαι

2223 847 2405 916 χάριν.
2443 846 2617 900 Τοῦτο
2656 846 2766 918 γὰρ
2796 846 2858 899 τὸ
2902 847 3095 901 στύλον
3144 849 3401 917 γενέσθαι
3441 848 3521 921 τῷ
3555 851 3662 919 ναῷ
3695 852 3777 905 τοῦ

2225 938 2384 993 Θεοῦ.
2467 939 2526 993 Ὁ
2581 940 2692 1009 γάρ
2751 940 2985 1009 νικητὴς
3044 938 3155 995 τῶν
3210 940 3467 993 ἐναντίων
3508 940 3780 1012 δυνάμεων,

2228 1032 2420 1097 στύλος
2462 1033 2556 1085 καὶ
2579 1032 2861 1104 ἑδραίωμα
2900 1031 3229 1086 καθίσταται
3270 1031 3373 1102 τῆς
3404 1032 3669 1103 ἀληθείας,
3691 1034 3779 1088 αὺ-

523 1121 618 1184 τός
696 1137 757 1173 τε
823 1119 1254 1191 εὐφραινόμενος
1309 1122 1782 1192 ἀμετατρέπτως,
1839 1124 1934 1176 καὶ⁴
1984 1124 2110 1187 τοῦς
2149 1123 2345 1189 ἄλλους
2408 1126 2633 1197 ἐρείδων
2663 1125 2757 1178 τοῦ
2799 1125 2877 1198 μὴ
2907 1126 2995 1179 ἐπ’
3059 1124 3277 1196 ἁγαθῷξ
3308 1124 3411 1197 τῆς
3452 1125 3651 1191 οίκείας
3700 1128 3781 1181 su-

524 1212 718 1283 στῆναι
755 1211 940 1281 ἔδρας.

595 1306 664 1360 Et
714 1307 946 1359 scribam
1004 1320 1159 1374 super
1204 1323 1326 1361 eum
1380 1324 1570 1363 nomen
1613 1307 1712 1362 Dei
1751 1310 1874 1363 mei.
1935 1308 2115 1377 Super

523 1398 838 1453 columnam
897 1397 1277 1468 spiritualcm,
1334 1414 1461 1454 eum
1524 1415 1721 1471 nempe
1777 1401 1873 1471 qui
1912 1402 2115 1456 divinis

521 1490 693 1560 jussis
726 1490 794 1545 ad
828 1490 1251 1545 imbecilliorem
1283 1490 1665 1547 fulcimentum
1702 1492 1975 1563 perfectus
2008 1502 2113 1560 est,

526 1583 697 1638 scribi
747 1582 881 1638 dicit
922 1597 1120 1637 nomen
1179 1582 1270 1637 Dei
1313 1594 1366 1637 et
1416 1598 1613 1637 nomen
1641 1584 1883 1639 civitatis
1924 1582 2118 1649 ,Jeru-

525 1678 697 1730 salem
734 1691 886 1731 novae
928 1694 941 1730 :
986 1690 1186 1730 novam
1214 1674 1524 1730 Jerusalem
1557 1675 1788 1747 ejusque
1820 1692 2018 1733 nomen
2058 1691 2122 1731 ac

529 1769 623 1823 Dei
659 1783 861 1824 nomen
917 1782 1026 1823 non
1056 1767 1204 1821 aliud
1251 1767 1535 1838 quippiam
1572 1767 1765 1823 dicens
1802 1784 1968 1837 quam
2002 1768 2119 1837 glo-

527 1862 667 1916 riam
712 1861 828 1914 sive
862 1859 1253 1929 cognitionem,
1312 1859 1457 1913 sicut
1485 1870 1541 1914 et
1570 1860 1738 1915 David
1799 1878 1813 1915 :
1871 1877 1891 1911 ι
1944 1859 2121 1925 Quam

2290 1301 2628 1372 Καίγράψω
2649 1301 2745 1355 ἐπ’
2779 1302 2971 1357 αὐτὸν
3008 1302 3076 1356 τὸ
3134 1303 3323 1372 ὄνομα
3352 1302 3459 1358 τοῦ
3485 1306 3632 1361 Θεοῦ
3654 1326 3782 1377 μου.

2235 1395 2358 1449 Ἐπὶ
2385 1394 2477 1447 τὸν
2501 1394 2692 1464 νοητὸν
2722 1393 2933 1461 στύλον,
2956 1395 3016 1457 ὅς
3082 1396 3232 1448 ἐστιν
3257 1394 3287 1446 ὁ
3322 1398 3434 1458 τοῖς
3466 1396 3624 1461 θείοις
3644 1417 3787 1471 πρθσ.

2220 1487 2501 1555 τάγμασιν
2566 1488 2648 1551 εἰς
2696 1486 2931 1557 ἔρεισμα
2956 1485 3068 1539 τῶν
3112 1487 3519 1559 ἀσθενεστέρων
3547 1508 3783 1563 κατηρτι-

2226 1580 2448 1650 σμένος,
2483 1581 2768 1651 γραφῆναί
2809 1597 2945 1650 φησι
2992 1580 3054 1634 τὸ
3095 1579 3268 1651 ὄνομα
3298 1581 3394 1635 τοῦ
3436 1583 3594 1647 Θεοῦ,
3624 1587 3709 1639 καὶ
3738 1591 3790 1641 τὸ

2224 1673 2396 1744 ὄνομα
2421 1674 2522 1744 τῆς
2580 1672 2790 1737 πόλεως
2813 1674 2905 1727 τοῦ
2939 1673 3078 1727 Θεοῦ
3113 1674 3255 1745 (17⁸)
3304 1674 3655 1746 Ἰερουσαλὴμ
3705 1681 3791 1750 τῆς

2226 1765 2441 1837 καινῆς*
2503 1765 2703 1838 καινὴν
2755 1767 3134 1839 Ἰερουσαλὴμ,
3169 1769 3264 1820 καὶ
3307 1767 3369 1819 τὸ
3422 1767 3589 1837 ὖνομα
3620 1770 3789 1840 αὐτῆς,

2225 1856 2319 1909 καὶ
2349 1856 2442 1910 τοῦ
2473 1857 2611 1911 Θεοῦ
2641 1858 2703 1911 τὸ
2725 1858 2898 1930 ὄνομα
2928 1859 3028 1913 οὐκ
3060 1858 3189 1913 ἄλλο
3214 1876 3268 1910 τι
3296 1858 3496 1927 λέγων,
3523 1858 3554 1929 ἦ
3579 1860 3670 1930 τὴν
3711 1861 3788 1914 δό-

528 1952 855 2006 admirabile
900 1961 984 2005 est
1017 1964 1215 2005 nomen
1257 1960 1412 2005 tuum
1444 1951 1497 2005 in
1531 1951 1780 2006 universa
1812 1960 1958 2005 terra
1986 1950 2054 2017 ’⁸,
2090 1969 2109 2002 ι

2225 1946 2340 2011 ξαν,
2371 1949 2492 2019 ἦτοι
2531 1948 2635 2019 τὴν
2694 1948 2920 2017 γνῶσιν,
2953 1948 3139 2012 καθὼς
3190 1948 3287 2002 καὶ
3340 1950 3370 2001 ὀ
3427 1949 3591 2002 Δαυῖδ
3615 1965 3629 1982 ο
3669 1968 3686 2001 ι
3719 1949 3793 2013 Ὠς

530 2044 634 2098 hoc
688 2053 773 2097 est
813 2044 989 2097 honor
1036 2054 1091 2097 et
1147 2042 1223 2095 tui
1269 2042 1531 2113 cognitio.
1575 2040 1633 2097 In
1684 2043 1881 2098 tabulis
1934 2042 2119 2111 itaque

528 2134 710 2189 cordis
770 2133 1074 2203 spiritualis
1123 2134 1395 2188 columna:
1446 2134 1711 2204 scriptum
1778 2142 1864 2189 est
1918 2150 2117 2189 nomen

529 2225 647 2291 Dei,
684 2227 797 2280 sive
825 2227 1158 2295 cognitionis
1200 2227 1317 2281 sive
1355 2227 1565 2295 gloriae,
1597 2228 1852 2282 similiter
1891 2235 1946 2282 et
1981 2227 2120 2282 civi-

527 2321 656 2375 tatis
683 2318 989 2376 Jerusalem
1026 2337 1038 2373 :
1077 2318 1171 2373 Dei
1199 2318 1442 2386 quidem,
1474 2333 1672 2388 nempe
1702 2318 1853 2387 quod
1892 2327 2118 2373 sanctus

527 2413 620 2479 sit,
646 2413 794 2482 quod
824 2412 1032 2482 justus,
1066 2426 1131 2465 ac
1159 2410 1395 2466 reddens
1428 2409 1726 2479 unicuique
1751 2409 1905 2478 juxta
1931 2424 2116 2479 opera,

526 2505 677 2574 quod
732 2506 882 2558 omni
945 2503 1192 2558 bonitate
1238 2503 1468 2572 plenus,
1525 2500 1835 2571 talibusque
1875 2500 2121 2571 gamlcus

527 2594 834 2650 cultoribus
875 2610 889 2646 :
928 2594 1104 2663 ipsius
1158 2601 1341 2646 autem
1381 2590 1682 2646 Jerusalem
1711 2630 1727 2656 ,
1787 2591 1935 2662 quod
1982 2591 2118 2646 dile-

528 2693 677 2739 ctum
713 2685 783 2739 sit
816 2683 908 2737 Dei
947 2684 1363 2739 tabernaculum
1396 2692 1451 2737 et
1494 2699 1624 2739 suos
1654 2684 1800 2738 cives
1828 2683 1897 2737 ad
1926 2697 2119 2752 super-

530 2792 658 2831 nam
688 2776 1025 2831 transmittat
1049 2776 1398 2845 metropolim
1426 2792 1440 2830 :
1483 2790 1607 2845 qua
1632 2773 1863 2830 inferior
1889 2773 2120 2829 Jerusa-

529 2870 636 2924 lem
664 2877 926 2937 tanquam
950 2868 1169 2922 colouia
1190 2882 1443 2937 supernae
1470 2866 1847 2932 constituitur,
1875 2865 2120 2921 retinens

527 2976 625 3016 eos
652 2960 747 3030 qui
786 2960 1006 3013 interim
1039 2958 1094 3013 in
1135 2958 1255 3029 ipsa
1294 2966 1586 3013 versantur
1617 2966 1880 3027 tanquam
1922 2956 2119 3012 litteris

530 3062 746 3109 utentes
773 3068 837 3107 ac
868 3067 1122 3122 supernae
1150 3051 1274 3105 vitae
1309 3050 1629 3105 inferiorem
1677 3059 1949 3118 aptantes.
2008 3045 2121 3102 Eos

529 3146 699 3215 igitur
730 3144 826 3214 qui
867 3152 1058 3198 mutua
1094 3143 1198 3197 hac
1229 3143 1504 3211 scriptura
1550 3150 1807 3209 tanquam
1842 3139 2119 3196 indelebili

528 3237 795 3294 memoria
838 3234 1179 3305 (bujusmodi
1227 3233 1375 3288 enim
1430 3242 1515 3287 est
1563 3233 1866 3301 scriptura,
1924 3247 2119 3301 nempe

527 3346 652 3401 quae
685 3329 972 3385 stabiliora
1005 3327 1205 3382 cﬂiciat
1237 3340 1303 3381 ea
1341 3339 1465 3396 quae
1500 3325 1643 3380 facta
1671 3324 1821 3396 sunt)
1854 3334 1910 3380 et
1944 3324 2036 3378 Dei
2069 3334 2123 3378 et

527 3437 781 3493 supernae
812 3419 1123 3476 Jerusalem
1153 3417 1344 3489 gloriae
1377 3425 1598 3486 gestant
1639 3418 1874 3487 insigne,
1903 3432 1972 3471 an
2013 3431 2123 3470 non

526 3515 687 3570 divos
714 3514 985 3584 quosdam
1009 3511 1234 3583 dignum
1256 3521 1342 3566 est
1370 3510 1688 3582 appellare?
1716 3510 1891 3565 Porro
1921 3524 2122 3564 nomen

527 3621 731 3661 novum
764 3604 1124 3673 intelligimus
1160 3604 1370 3658 sanctis
1402 3602 1747 3672 impositum,
1781 3600 1929 3671 quod
1957 3598 2126 3671 684

524 3698 721 3761 etiam,
756 3705 955 3765 prater
982 3694 1402 3749 delectationem
1432 3694 1604 3748 divini
1633 3696 1881 3749 muneris
1907 3703 1963 3747 et
1988 3693 2126 3746 frui-

525 3790 740 3843 tionem
770 3788 986 3842 decoris
1028 3786 1530 3856 incorruptibilium
1570 3788 1867 3849 bonorum,
1904 3785 2037 3855 ipsis
2069 3786 2121 3839 in

532 3880 719 3935 futuro
754 3880 957 3934 saeculo
988 3888 1247 3949 tanquam
1282 3879 1497 3948 insigne
1520 3880 1742 3933 additur
1776 3888 1867 3934 :et
1887 3887 2125 3949 praeter-

532 3987 596 4025 ea
646 3972 732 4027 bis
788 3971 884 4041 qui
941 3986 1088 4024 nunc
1138 3969 1488 4024 invenientur
1558 3969 1762 4025 Christi
1817 3969 2017 4023 fratres
2069 3979 2125 4023 et

530 4064 694 4120 amici
736 4080 801 4120 ac
837 4064 1096 4118 cultores.

1142 4264 1376 4321 CAPUT
1414 4266 1503 4320 IX.

535 4379 666 4444 Qua:
699 4382 1003 4452 signiﬁcata
1031 4395 1159 4439 sunt
1193 4386 1379 4456 angelo
1404 4385 1659 4441 Ecclesia:
1688 4386 2120 4441 Laodicensium.

606 4552 706 4620 Ill,
768 4556 956 4611 1447.
1022 4557 1090 4610 Et
1157 4560 1344 4628 angelo
1398 4560 1656 4617 Ecclesia:
1713 4562 2121 4617 Laodicensium

535 4648 707 4700 scribe
752 4663 769 4701 :
832 4648 961 4703 llaec
1002 4652 1133 4704 dicit
1180 4654 1343 4707 Amen
1390 4656 1482 4723 qui
1527 4666 1604 4709 est
1658 4659 1804 4711 (estis
1844 4657 2019 4725 ﬁdelis
2074 4666 2125 4709 et

534 4756 717 4806 verus,
766 4743 1087 4811 principium
1134 4757 1395 4801 creatura:
1441 4747 1586 4803 Dei:
1627 4748 1766 4803 Novi
1809 4767 1969 4819 opera
2004 4762 2118 4813 tua,

533 4832 677 4900 quod
724 4849 887 4903 neque
938 4835 1168 4905 frigidus
1216 4838 1288 4890 sis
1350 4855 1509 4905 neque
1560 4840 1790 4910 fervidus
1844 4856 1863 4894 :
1917 4841 2124 4893 utinam

536 4925 767 4995 frigidus
797 4944 934 4982 esses
975 4939 1069 4982 aut
1100 4930 1353 4999 fervidus.
1391 4930 1586 5002 Itaque
1618 4936 1869 5002 quoniam
1916 4935 2123 5003 tepidus

536 5035 588 5073 es
629 5028 679 5073 et
705 5036 866 5091 neque
897 5022 1129 5091 fervidus
1173 5040 1334 5093 neque
1360 5025 1611 5095 frigidus,
1643 5027 1897 5096 incipiant
1932 5037 1980 5080 te
2009 5042 2127 5079 evo-

537 5126 676 5166 mere
694 5128 760 5166 ea:
784 5131 873 5167 ore
893 5132 1027 5171 meo.
1064 5117 1332 5182 Quoniam
1365 5119 1498 5172 dicis
1527 5135 1546 5173 :
1579 5118 1730 5173 Dives
1765 5135 1884 5173 sum
1908 5128 1957 5172 et
1983 5118 2125 5173 dita-

539 5210 621 5257 tus
644 5220 782 5272 sum,
814 5215 861 5259 et
891 5206 1089 5261 nullius
1131 5225 1252 5278 egeo
1272 5224 1290 5261 :
1319 5219 1369 5263 et
1410 5212 1580 5265 nescis
1604 5211 1744 5280 quod
1773 5220 1830 5263 tu
1861 5211 1936 5265 sis
1966 5212 2126 5266 miser

534 5305 587 5348 et
624 5298 942 5352 miserabilis
963 5340 978 5363 ,
1021 5305 1089 5353 et’
1110 5317 1312 5369 pauper
1334 5312 1383 5356 et
1414 5318 1585 5357 aecus
1618 5319 1680 5356 ac
1712 5303 1907 5359 nudus.

610 5564 783 5621 Amen
853 5580 937 5623 cst
1006 5571 1292 5639 profecto,
1354 5584 1523 5629 certe.
1590 5574 1750 5633 Certe
1813 5577 1981 5648 igitur
2046 5587 2131 5633 cst

614 5719 664 5756 ⁸⁸
685 5724 827 5778 Psal.
850 5743 972 5792 vm,
995 5729 1052 5796 ἢ,
1086 5728 1150 5782 l0

621 5874 758 5944 (17°)
790 5875 895 5927 Τοῦ
931 5878 1065 5930 Θεοῦ
1096 5879 1378 5935 omittebat
1408 5883 1553 5951 vulg.

2222 2038 2541 2110 θαυμαστὸν
2588 2039 2649 2092 τὸ
2690 2038 2866 2110 δνομά
2913 2056 3007 2093 σου
3055 2040 3114 2091 ὲν
3144 2040 3294 2111 πάσῃ
3330 2040 3401 2109 τῇ
3435 2038 3548 2109 γῇι
3627 2057 3645 2090 ι
3690 2040 3794 2093 ἀντὶ

2221 2131 2336 2194 τοῦ,
2382 2132 2448 2184 Ἢ
2478 2132 2637 2203 τιμὴ,
2665 2132 2700 2203 ἡ
2744 2132 2875 2202 περὶ
2911 2131 3008 2185 σοῦ
3065 2130 3289 2200 γνῶσις.
3343 2130 3435 2183 Ἐν
3475 2130 3595 2193 ταῖς
3648 2130 3795 2196 πλαξὶ

2221 2223 2518 2295 τοιγαροῦν
2568 2223 2672 2293 τῆς
2704 2224 2935 2292 καρδίας
2962 2226 3058 2277 τοῦ
3100 2220 3296 2296 νοητοῦ
3337 2223 3535 2275 στύλου
3578 2224 3795 2293 γραφέν-

2221 2335 2312 2381 τος
2346 2317 2443 2370 τοῦ
2468 2318 2736 2388 ὀνόματος
2766 2316 2862 2370 τοῦ
2887 2315 3049 2379 Θεοῦ,
3079 2317 3249 2387 ἦγουν
3276 2315 3380 2385 τῆς
3409 2316 3681 2385 γνώσεως,
3704 2315 3790 2384 τῆς

2220 2409 2401 2479 δόξης,
2441 2409 2709 2474 ὡσαύτως
2734 2412 2829 2464 καὶ⁸
2856 2410 2954 2480 τῆς
2997 2408 3362 2480 Ἰερουσαλήμ
3383 2424 3400 2441 ο
3432 2409 3527 2463 τοῦ
3575 2408 3670 2480 μὲν
3713 2406 3794 2459 τοῦ

2221 2506 2379 2572 Θεοῦ,
2405 2509 2482 2567 ὼς
2514 2509 2692 2575 ἅγιος,
2742 2509 2819 2572 ὡς
2862 2508 3074 2572 δίκαιος
3113 2508 3211 2561 καὶ
3253 2505 3543 2570 ἀποδιδοὺς
3600 2505 3793 2575 ἑκάστῳ

2226 2602 2371 2652 κατὰ
2405 2600 2473 2653 τὰ
2512 2596 2672 2671 ἔργα,
2697 2600 2773 2663 ὡς
2813 2600 2995 2669 πάσης
3040 2600 3385 2670 ἁγαθότητος
3449 2598 3678 2668 πλήρης,
3711 2596 3794 2648 καὶ

2224 2691 2492 2753 τοιούτοις
2532 2690 2741 2763 χαίρων
2796 2691 3135 2761 θεράπουσι·
3180 2690 3284 2758 τῆς
3344 2687 3696 2759 Ἰερουσαλὴμ
3727 2684 3794 2745 δὲ.

2222 2780 2297 2842 ὼς
2319 2779 2454 2833 Θεοῦ
2491 2781 2761 2851 σκήνωμα
2783 2780 3067 2851 ἀγαπητόν
3098 2781 3215 2832 ἐστι
3242 2778 3338 2831 καὶ
3365 2779 3502 2841 τοὺς
3529 2776 3689 2845 αὐτῆς
3712 2790 3797 2826 πο-

2222 2871 2376 2935 λίτας
2425 2871 2564 2942 πρὸς
2617 2870 2717 2942 τὴν
2777 2872 2891 2925 ἄνω
2936 2870 3395 2940 παραπέμπουσα
3462 2865 3794 2940 μητρόπολιν,

2222 2963 2345 3034 ἥτις
2388 2963 2542 3017 κάτω
2594 2962 2985 3033 Ἰερουσαλὴμ,
3012 2960 3202 3031 ὥσπερ
3241 2959 3520 3030 μετοίκιον
3572 2956 3668 3027 τῆς
3698 2955 3797 3008 ἂνω

2227 3056 2577 3119 καθίσταται,
2609 3056 2738 3118 τοὺς
2768 3055 2908 3118 τέως
2947 3052 3401 3119 ὲνδιαιτωμένους
3420 3053 3477 3104 ὲν
3494 3050 3649 3119 αὐτῇ,
3678 3048 3799 3100 οίον-

2222 3152 2273 3204 εὶ
2336 3151 2631 3221 γράμμασι
2686 3146 3040 3217 χρωμένους,
3120 3146 3189 3216 τῇ
3236 3143 3349 3198 ἄνω
3404 3141 3661 3213 ὲμϐιὼσει
3714 3138 3800 3208 τὴν

2226 3242 2376 3296 κάτω
2421 3239 2788 3311 ρυθμίζοντας
2834 3236 3169 3307 κατέχουσα.
3196 3236 3276 3306 Τῇ
3325 3232 3651 3303 καταλλήλῳ
3703 3229 3799 3300 γὰρ

2225 3328 2319 3387 οὗν
2347 3332 2525 3404 ταύτῃ
2550 3333 2757 3402 γραφῇ,
2799 3330 3075 3393 τουτέστι,
3108 3331 3176 3400 τῇ
3225 3326 3576 3397 άνεπιλήστῳ
3630 3324 3800 3395 μνήμῃ

2228 3427 2494 3498 (τοιοῦτον
2529 3427 2703 3498 γὰρὴ
2744 3425 2932 3496 γραφὴ
2985 3425 3063 3487 ὡς
3106 3423 3490 3495 μονιμώτερον
3521 3422 3627 3476 τῶν
3667 3437 3804 3489 γενο-

2233 3517 2413 3587 μένων
2459 3516 2874 3586 ὲκτελουμένη),
2906 3516 3005 3585 τῆς
3054 3530 3114 3565 τε
3152 3511 3245 3564 τοῦ
3293 3510 3432 3563 Θεοῦ
3468 3508 3679 3576 καὶτῆς
3702 3505 3802 3560 ἀνω

2239 3608 2599 3678 Ἰερουσαλὴμ
2638 3606 2738 3676 τῆς
2770 3606 2930 3677 δόξης
2952 3606 3012 3658 τὸ
3044 3604 3378 3674 παράσημον
3442 3600 3799 3671 κομιζόμενοι,

2228 3700 2348 3763 πῶς
2399 3700 2462 3753 οὐ
2522 3698 2658 3751 θεῖοί
2707 3714 2854 3761 τινες
2902 3696 3341 3769 χρηματίζοιεν;
3402 3695 3478 3747 Τὸ
3530 3694 3586 3746 δὲ
3638 3689 3803 3745 καινὸν

2226 3792 2399 3861 ὄνομα
2447 3789 2700 3859 νοοῦμεν,
2724 3789 2784 3841 τὸ
2827 3787 3208 3857 ἐπιτιθέμενον
3248 3787 3363 3847 τοῖς
3406 3785 3604 3852 ἁγίοις,
3630 3782 3658 3837 δ
3715 3781 3799 3834 καὶ

2226 3884 2364 3955 πρὸς
2382 3885 2449 3952 τῇ
2483 3880 2796 3953 εὐφροσύνῃ
2821 3881 2920 3950 τῆς
2951 3878 3104 3943 θείας
3141 3879 3351 3950 δωρεᾶς
3384 3878 3485 3931 καὶ
3527 3874 3803 3931 ἀπολαύσει

2226 3975 2321 4029 τοῦ
2359 3975 2593 4038 κάλλους
2623 3974 2733 4025 τῶν
2764 3970 3061 4042 ἀκηράτων
3096 3969 3317 4039 ἀγαθῶν
3362 3970 3425 4022 ἐν
3460 3967 3537 4038 τῷ
3579 3964 3803 4038 μέλλοντι

2228 4062 2387 4117 αίῶνι
2413 4064 2597 4124 αὐτοῖς
2619 4063 2687 4115 ἂν
2705 4061 2985 4131 γνώριμον
3003 4060 3100 4113 καὶ
3118 4063 3230 4123 τοῖς
3247 4058 3578 4129 ληψομένοις
3601 4057 3707 4118 τοῖς
3722 4053 3804 4107 νῦν

2227 4154 2478 4223 ἀδελφοῖς
2498 4152 2736 4225 Χριστοῦ
2765 4152 3050 4222 καὶφίλοις
3073 4154 3166 4206 xui.
3189 4150 3513 4222 θεράπουσι,
3536 4148 3803 4221 πρόσεστι.

2822 4267 3075 4321 ΚΕΦἏΛ.
3133 4266 3209 4319 ϐ’.

2235 4381 2309 4436 Τὰ
2337 4380 2683 4450 δηλωθέντα
2702 4378 2856 4448 πρὸς
2880 4378 2996 4450 τὸκ-
3030 4376 3143 4444 τῆς
3183 4374 3530 4432 Λαοδικέων
3577 4371 3807 4437 Ἐκκλη-

2795 4450 2936 4514 σίας
2960 4447 3243 4517 ἄγγελον.

2301 4563 2410 4618 Kal
2436 4562 2517 4629 τῷ
2542 4559 2777 4633 ἀγγέλῳ
2805 4558 2917 4628 τῆς
2946 4558 3019 4611 ἐν
3062 4556 3387 4621 Λαοδικείᾳ
3451 4549 3807 4618 Ἐκκλησίας

2158 4617 2201 4671 D
2234 4617 2516 4725 ψᾶφον-ὀ
2555 4617 2701 4707 Teios
2722 4617 2949 4719 λέγεῖὀ
2980 4649 3184 4717 Ἀμὴν,
3210 4650 3242 4701 ό
3265 4617 3504 4715 μάρτυς
3534 4648 3567 4698 ό
3600 4617 3806 4705 πιστὸς

2232 4747 2331 4801 καὶ
2378 4744 2695 4821 ἀληθινὸς,
2726 4744 2764 4812 ἡ
2819 4740 2976 4811 ἀρχὴ
3021 4740 3133 4807 τῆς
3189 4740 3442 4803 κτίσεως
3484 4730 3805 4821 τοῦΫΘεοῦ·

2236 4834 2383 4892 Οἷδὰ
2437 4851 2555 4891 σου
2603 4820 2884 4903 τὰίέργα,
2936 4832 3027 4885 ὅτι
3086 4830 3228 4885 οὔτε
3280 4827 3522 4896 ψυχρὸς
3572 4820 3645 4890 εἴ,
3680 4822 3808 4875 οὔτε

2234 4929 2460 4995 ζεστός.
2524 4930 2789 4997 Ὄφελον
2840 4923 3082 4995 ψυχρὸς
3160 4921 3275 4989 ἧς,
3326 4920 3364 4988 ἢ
3410 4917 3638 4983 ζεστός.
3705 4911 3807 4967 Οῦ-

2234 5041 2349 5089 τως
2390 5022 2480 5075 ὅτι
2506 5019 2757 5090 χλιαρὸς
2788 5013 2848 5071 εἷ
2882 5016 2981 5070 καὶ
3025 5015 3097 5068 οὺ
3133 5010 3340 5078 ζεστὸς
3374 5010 3515 5064 οὔτε
3563 5005 3806 5076 ψυχρὸς.

2228 5112 2436 5183 μέλλω
2486 5126 2561 5165 σε
2639 5108 2851 5178 ἐμέσαι
2900 5107 2971 5159 ἐκ
3018 5103 3123 5157 τοῦ
3180 5102 3488 5170 στόματός
3534 5116 3653 5168 μου
3687 5113 3699 5126 ·
3727 5095 3808 5147 ὅτι

2233 5203 2457 5272 λέγεις,
2489 5200 2579 5254 ὅτι
2631 5198 2940 5265 Πλούσιός
2980 5198 3100 5265 εἰμι
3146 5194 3247 5247 καὶ
3277 5192 3689 5257 πεπλούτηκα,
3720 5184 3807 5239 καὶ

2238 5298 2489 5364 οὐδενὸς
2534 5297 2746 5367 χρείαν
2802 5296 2942 5364 ἔχω.
2975 5292 3089 5347 Kal
3117 5293 3231 5346 οὐκ
3271 5286 3439 5354 οἶδας
3472 5288 3561 5341 ὅτι
3596 5285 3675 5339 σὺ
3696 5275 3750 5335 εἶ
3779 5281 3807 5333 ὀ

2238 5391 2619 5459 ταλαίπωρος
2658 5389 2756 5444 καὶ
2784 5391 2835 5456 (5⁸
2858 5385 3148 5452 ἐλεεινὸς,
3187 5384 3285 5438 καὶ
3317 5381 3556 5450 πτωχὸς
3597 5377 3690 5435 καὶ
3715 5392 3807 5429 τυ-

2239 5484 2400 5556 φλὸς
2424 5483 2523 5539 καὶ
2578 5483 2830 5551 γυμνός.

2325 5576 2498 5647 ’Λμήν
2545 5576 2663 5628 ἐστι
2712 5574 2774 5626 τὸ
2798 5572 2908 5627 ναί.
2961 5571 3071 5624 Ναὶ
3101 5564 3195 5624 οὖν
3230 5571 3378 5621 ἐστιν
3422 5565 3478 5618 ὲν
3512 5563 3648 5617 πᾶσι
3706 5557 3808 5619 τοῖς
