4110 6434
404 406 505 473 561

1468 403 1859 466 COMMENT.
1902 401 1987 462 IN
2027 399 2562 462 APOCALYPSIN.

3569 399 3678 464 562

401 517 533 586 περὶ
553 510 720 568 αὐτοῦ
737 511 1073 582 λεγομένοις,
1099 511 1220 583 ἦτοι
1243 510 1474 582 ἀλήθεια
1497 512 1591 565 καὶ
1613 511 1767 564 οὐδὲν
1792 508 1988 579 ψεῦδος

2106 522 2150 559 ιιι
2208 507 2464 562 omnibus
2510 520 2634 577 qum
2662 505 2732 561 de
2761 506 2884 576 ipso
2905 507 3049 563 dicta
3092 516 3242 573 sunt,
3282 508 3400 564 sive
3434 510 3639 564 veritas
3663 548 3682 576 ,

402 609 465 661 ὲν
491 606 701 668 αὐτοῖς.

489 698 559 752 Ἦ
601 694 760 766 ἀρχὴ
802 694 916 763 τῆς
969 695 1217 762 κτίσεως
1272 695 1382 751 τοῦ
1441 695 1615 762 Θεοῦ,
1643 695 1766 749 ἀντὶ
1805 692 1925 758 τοῦ,
1955 695 1990 765 ἡ

403 787 655 859 βασιλεία
701 787 794 840 καὶ
825 787 859 856 ὴ
884 785 1028 857 ἀρχὴ
1073 785 1293 839 πάντων
1321 785 1398 849 ὡς
1425 784 1744 855 κτισμάτων
1796 783 1995 837 δεσπό-

403 881 594 945 ζουσα.
638 876 809 948 Ἀρχὴ
860 877 969 948 γὰρ
1013 877 1111 947 τῆς
1145 879 1398 940 κτίσεως,
1441 879 1476 948 ἡ
1532 876 1992 947 προκαταρκτικὴ

401 973 553 1026 αίτία
578 973 677 1042 τῆς
692 969 948 1032 κτίσεως.
992 969 1300 1040 Ἐπηρέασε
1320 968 1366 1022 δ’
1399 969 1465 1024 ἂν
1491 970 1626 1034 ἴσως
1656 968 1737 1039 τῷ
1761 967 1912 1040 ῥητῷ
1933 969 1994 1021 τὸ

401 1063 674 1135 θεομάχον
701 1063 811 1116 τῶν
850 1059 1145 1132 Ἀρειανῶν
1166 1061 1554 1132 ἐργαστήριον,
1571 1062 1647 1125 ὡς
1668 1061 1763 1116 τοῦ
1787 1061 1994 1134 Κυρίου

415 1149 594 1220 Ἰησοῦ
619 1149 923 1219 κτίσματος
953 1148 1044 1204 διὰ
1065 1148 1274 1204 τούτων
1301 1151 1735 1221 γνωριζομένου.
1766 1151 1843 1204 Οὐ
1884 1150 1993 1222 χρὴ

399 1240 460 1294 δὲ
480 1242 600 1304 ταῖς
623 1241 829 1294 τούτων
859 1240 1209 1312 παράγεσθαι
1239 1241 1626 1313 κακουργίαις,
1654 1241 1993 1307 σκοποῦντας

400 1332 507 1386 εἴτι
530 1332 743 1387 τοιοῦτο
774 1317 868 1388 καὶ
891 1335 950 1388 ἐν
972 1335 1141 1405 ’ἑτέρᾳ
1166 1337 1345 1389 κεῖται
1377 1336 1579 1407 Γραφῇ
1620 1337 1749 1405 περὶ
1773 1336 1994 1405 τούτου,

403 1424 474 1478 ἶν’
500 1423 601 1498 ἔχῃ
627 1442 711 1489 τις
743 1426 808 1479 ἐκ
836 1425 946 1479 τῶν
991 1426 1196 1497 ὁμοίων
1226 1426 1533 1492 κανονίζειν
1563 1427 1633 1480 τὰ
1657 1427 1854 1497 ,ὅμοια.
1884 1429 1992 1499 Φηο

403 1517 494 1571 σὶν
525 1514 618 1571 οὖν
647 1517 862 1581 Παῦλος
892 1518 1268 1573 Κολοσσαεῦσι
1293 1519 1524 1591 γράφων
1563 1521 1695 1592 περὶ
1736 1521 1830 1574 τοῦ
1857 1523 1997 1595 Χρι-

402 1608 536 1664 στοῦ
566 1625 580 1641 ο
608 1628 628 1662 ι
665 1609 768 1674 ’ος
795 1612 947 1666 ἐστιν
991 1611 1214 1684 ἀπαρχὴ
1263 1614 1612 1684 πρωτότοκος
1657 1616 1842 1685 πάσης
1875 1615 1996 1669 κτί-

403 1717 564 1764 σεως.
600 1719 620 1753 ι
659 1701 912 1765 κτίσεως
942 1704 1314 1775 πρωτότοκος,
1336 1706 1399 1758 οὐ
1429 1705 1537 1777 μὴν
1564 1707 1994 1776 πρωτόκτιστος.

401 1789 519 1844 Καὶ
544 1789 713 1845 Δαυτδ
736 1807 752 1822 ο
788 1810 808 1843 ι
861 1793 957 1847 Ἐκ
1003 1793 1242 1865 γαστρὸς
1267 1796 1374 1866 πρὸ
1403 1797 1682 1867 ἑωσφόρον
1727 1799 1997 1871 ἐγέννησα

403 1901 489 1949 σε,
533 1905 552 1938 ι
581 1886 697 1940 ἀλλ’
726 1887 828 1940 οὐκ
846 1903 862 1918 ο
896 1888 1132 1942 Ἕκτισά
1161 1905 1242 1943 σε.
1273 1889 1384 1942 Καὶ
1408 1890 1662 1962 Σολομῶν
1685 1908 1700 1924 ο
1740 1911 1759 1944 ι
1794 1894 1909 1965 Πρὸ
1937 1894 1995 1948 δὲ

403 1978 626 2032 πάντων
658 1978 865 2048 βουνῶν
894 1981 1062 2050 γεννᾷ
1102 1997 1191 2050 με.
1237 1999 1256 2034 ι
1294 1981 1368 2034 Τὸ
1393 1983 1472 2035 δέ·
1522 2001 1540 2036 t
1574 1983 1779 2053 Κύριος
1809 1984 1994 2040 ἐκτισέ

403 2086 475 2138 με
500 2069 672 2140 ἀρχὴν
697 2069 832 2123 ὁδῶν
855 2069 1042 2135 αὐτοῦ,
1070 2089 1089 2123 ι
1121 2072 1200 2138 τὸ,
1224 2089 1242 2123 t
1274 2071 1505 2137 ἔκτισεν,
1534 2094 1550 2125 ι
1572 2077 1693 2129 ἀντὶ
1722 2077 1840 2143 τοῦ,
1863 2095 1997 2133 κατ-

402 2158 618 2224 έταξεν,
671 2159 952 2230 εἴληπται,
988 2161 1065 2224 ὡς
1120 2163 1216 2215 καὶ
1259 2163 1354 2214 ἐπὶ
1394 2164 1513 2227 τοῦ,
1554 2184 1572 2216 ι
1657 2167 1778 2220 Ἵνα
1836 2169 1998 2241 κτίσῃ

399 2251 533 2314 τοὺς
559 2251 652 2304 δύο
674 2253 754 2314 είς
781 2251 880 2306 ἕνα
913 2254 1101 2306 καινὸν
1127 2253 1438 2325 ἄνθρωπον
1468 2275 1486 2308 ι
1521 2257 1617 2311 καὶ
1645 2259 1764 2312 τοῦ·
1797 2279 1815 2312 ι
1844 2263 1997 2333 Καρ-

399 2339 526 2392 δίαν
571 2341 821 2412 καθαρὰν
869 2343 1057 2396 κτίσον
1106 2345 1164 2397 ἐν
1218 2345 1364 2416 ἐμοὶ,
1392 2347 1421 2400 6
1460 2347 1616 2412 Θεός.
1652 2368 1670 2401 ι
1720 2349 1779 2404 '0
1819 2351 1876 2405 δέ
1933 2371 1997 2421 γε

402 2434 551 2498 Θεῖος
581 2435 692 2488 τῶν
730 2436 908 2505 λόγων
957 2436 1260 2508 Γρηγόριος
1306 2439 1366 2492 ἐν
1417 2439 1496 2510 τῷ
1546 2441 1682 2511 Περὶ
1715 2439 1811 2495 τοῦ
1863 2444 1996 2498 Υἱοῦ

399 2524 572 2595 λόγῳ,
599 2527 660 2580 τὸ
695 2527 816 2598 μὲν,
848 2527 1114 2592 ἔκτισεν,
1145 2530 1239 2582 ἐπὶ
1276 2529 1372 2583 τοῦ
1405 2531 1613 2602 νοερῶς
1659 2532 1999 2604 ἐμψυχωμέ-

401 2628 500 2664 νου
529 2612 624 2666 τοῦ
678 2614 960 2686 Κυριακοῦ
1006 2619 1260 2686 σώματος
1283 2619 1474 2671 ἀκούει
1502 2635 1517 2652 ο
1581 2621 1736 2684 τὸδὲ,
1788 2623 1994 2694 γεννᾷ,

402 2704 502 2758 ἐπὶ
551 2708 651 2774 τῆς
694 2708 970 2780 θεότητος.
1013 2710 1304 2776 Τοσούτοις
1355 2709 1450 2766 οὖν
1504 2717 1853 2787 μαρτυρίοις,
1898 2720 1996 2790 τῆς

401 2795 641 2861 κτίσεως
688 2801 1170 2873 συγκροτουμένης
1207 2843 1224 2868 ,
1272 2805 1304 2874 ἡ
1371 2804 1516 2876 ἀρχὴ
1571 2809 1670 2878 τῆς
1713 2809 1944 2876 κτίσεως
1978 2852 1994 2876 ν

401 2890 485 2952 ὡς
541 2890 787 2961 ἐφθημεν
839 2895 1126 2967 εἰρηκότες
1159 2937 1175 2962 ,
1237 2897 1338 2950 οὐκ
1381 2897 1554 2963 ἄλλο,
1601 2899 1635 2970 ἢ
1685 2900 1748 2954 τὸ
1824 2903 1996 2976 ἄρχον

403 2981 511 3050 τῆς
558 2982 791 3048 κτίσεως
823 2985 920 3039 τοῦ
964 2986 1102 3040 Θεοῦ
1136 2987 1335 3058 δηλοῦν
1365 2989 1642 3060 βούλεται,
1668 2993 1857 3048 καθότι
1901 2997 1999 3050 καὶ

413 3089 435 3122 ι
457 3071 642 3126 Πάντα
668 3073 738 3127 δι’
763 3074 931 3130 αὐτοῦ
959 3078 1196 3146 ἐγένετο.
1211 3079 1427 3150 »Τούτῳ
1450 3083 1540 3134 καὶ
1565 3082 1756 3153 ἄρχειν
1774 3085 1883 3139 τῶν
1905 3088 1998 3141 ὑπ’

2097 597 2421 668 nullumque
2452 600 2504 652 in
2535 599 2670 668 ipsis
2699 608 2784 654 est
2823 600 3196 654 mendacium.

2165 687 2500 760 Principium
2518 699 2781 745 creatura:
2815 691 2929 746 Dei.
2955 691 3072 746 Hoc
3094 701 3178 747 est
3200 705 3429 761 regnum
3456 699 3512 745 et
3535 689 3688 760 prin-

2097 782 2310 852 cipatus
2352 782 2623 845 omnium,
2657 790 2917 851 tanquam
2963 781 3269 837 dominium
3302 782 3510 836 habens
3536 781 3590 834 in
3621 795 3688 836 ea

2097 889 2222 944 quae
2251 883 2433 930 creata
2467 882 2617 929 sunt.
2648 873 2984 944 Principium
3014 877 3158 930 enim
3192 885 3460 931 creaturae
3487 873 3688 929 dicitur

2097 965 2322 1021 evidens
2351 980 2516 1022 causa
2547 974 2835 1021 creaturae.
2882 963 3160 1023 Fortassis
3189 974 3371 1022 autem
3407 967 3510 1022 hoc
3539 965 3690 1021 dicto

2097 1057 2431 1112 calumniam
2465 1067 2701 1112 strueret
2725 1057 2837 1113 Deo
2867 1057 3090 1113 inimica
3117 1058 3448 1114 Arianorum
3477 1057 3690 1114 machi-

2098 1148 2272 1214 natio,
2313 1157 2574 1218 tanquam
2627 1147 2895 1204 Dominus
2921 1148 3084 1205 Jesus
3127 1165 3222 1218 per
3255 1149 3372 1204 hzee
3405 1148 3688 1219 signiﬁca-

2101 1250 2252 1298 retur
2279 1257 2402 1298 esse
2447 1250 2723 1298 creatura.
2771 1241 2892 1298 Non
2939 1251 3159 1314 oportet
3191 1255 3374 1298 autem
3430 1243 3689 1314 malignis

2099 1335 2296 1390 horum
2339 1333 2537 1390 abduci
2594 1334 2922 1398 conatibus,
2981 1335 3398 1391 considerantes
3437 1334 3688 1404 nunquid

2101 1427 2208 1480 tale
2248 1427 2304 1481 in
2345 1425 2452 1481 alia
2494 1425 2783 1495 Scriptura
2817 1426 2886 1481 de
2923 1427 3029 1481 hoc
3077 1427 3368 1488 habeatur,
3400 1434 3462 1480 ut
3517 1427 3690 1496 possit

2098 1519 2224 1588 quis
2263 1533 2332 1574 ex
2394 1517 2669 1572 similibus
2726 1516 2794 1572 ad
2849 1518 3092 1587 regulam
3149 1518 3350 1573 similia
3403 1519 3686 1573 reducere.

2102 1612 2243 1667 Dicit
2301 1612 2484 1682 itaque
2539 1611 2745 1668 Paulus
2800 1612 2868 1666 ad
2921 1612 3279 1667 Colosscnses
3326 1612 3575 1667 scribens
3623 1612 3691 1666 de

2099 1706 2323 1762 Christo
2359 1724 2372 1760 :
2410 1723 2429 1757 ι
2485 1705 2591 1771 Qui
2639 1715 2723 1761 est
2770 1703 3030 1775 primitiae
3063 1705 3466 1774 primogenitus
3509 1705 3692 1760 omnis

2100 1807 2368 1856 creatura:
2393 1800 2460 1833 ’θ’
2497 1815 2511 1854 :
2561 1817 2581 1851 ι
2616 1798 3016 1869 primogenitus
3045 1807 3332 1861 creaturae,
3370 1813 3477 1853 non
3513 1798 3692 1866 primo

2103 1901 2344 1949 creatus.
2400 1893 2468 1946 Et
2516 1891 2686 1946 David
2730 1909 2744 1945 :
2796 1908 2818 1944 ι
2869 1889 2949 1944 Ex
3003 1901 3164 1946 utero
3210 1899 3339 1946 ante
3399 1889 3690 1945 luciferum

2103 1983 2270 2054 genui
2315 1994 2367 2039 te
2395 1985 2462 2050 ³⁸,
2521 2002 2541 2036 ι
2576 1992 2633 2038 at
2679 1997 2788 2038 non
2823 1999 2838 2036 :
2871 1982 3066 2038 Creavi
3117 1992 3189 2038 te.
3239 1981 3306 2038 Et
3360 1981 3621 2038 Solomon
3672 1998 3690 2034 :

2111 2095 2128 2127 ι
2171 2075 2312 2130 Ante
2360 2089 2553 2130 omnes
2595 2075 2764 2129 colles
2799 2082 3026 2144 generat
3071 2088 3157 2127 me
3183 2073 3226 2126 ί.
3266 2090 3286 2124 ι
3337 2072 3511 2126 Porro
3541 2072 3690 2143 quod

2105 2168 2230 2221 ait:
2270 2183 2289 2216 ‹
2339 2165 2607 2221 Dominus
2646 2165 2852 2220 creavit
2900 2179 2984 2219 me
3035 2164 3251 2219 initium
3295 2164 3511 2219 viarum
3561 2180 3694 2219 sua-

2104 2273 2226 2314 rum
2263 2256 2303 2322 ’,
2347 2275 2367 2309 ι
2414 2255 2639 2312 verbum
2689 2273 2710 2308 ι
2752 2255 2957 2310 creavit
3014 2274 3033 2306 ι
3073 2264 3358 2324 acceptum
3437 2263 3523 2310 est
3572 2269 3690 2324 pro,

2106 2348 2395 2404 constituit
2423 2365 2437 2402 :
2468 2346 2934 2418 quemadmodum
2964 2345 3128 2400 etiam
3159 2345 3251 2400 ubi
3277 2345 3479 2400 dicitur
3508 2361 3524 2398 :
3563 2363 3580 2396 ι
3621 2343 3694 2398 Ut

2105 2452 2321 2499 crearet
2374 2442 2515 2496 duos
2559 2442 2614 2495 in
2673 2455 2845 2494 unum
2905 2453 3108 2494 novum
3159 2436 3519 2501 hominem’;
3580 2453 3599 2487 ι
3639 2442 3694 2487 et

2105 2535 2238 2591 illud
2269 2551 2283 2589 :
2319 2553 2338 2585 ι
2385 2533 2494 2588 Cor
2524 2532 2788 2586 mundum
2843 2545 2968 2585 crea
3005 2530 3059 2584 in
3094 2543 3200 2595 me,
3227 2529 3371 2583 Deus
3391 2529 3434 2582 ⁵.
3472 2545 3493 2580 ι
3524 2526 3694 2597 685

2109 2627 2337 2682 Divinus
2383 2632 2565 2679 autem
2615 2623 2669 2676 in
2702 2621 3052 2678 sermonibus
3088 2620 3387 2690 Gregorius
3439 2631 3696 2674 sermone

2107 2720 2185 2775 De
2211 2719 2347 2781 filio,
2369 2716 2565 2770 creavit
2586 2715 2829 2782 quidem,
2853 2714 2921 2767 de
2946 2711 3234 2766 Dominico
3258 2724 3486 2780 corpore
3511 2708 3697 2762 anima

2106 2807 2360 2864 rationali
2411 2807 2655 2862 animato
2686 2803 2963 2873 intelligit,
3013 2810 3232 2872 generat
3269 2815 3401 2855 vero
3450 2799 3519 2854 de
3552 2797 3696 2852 divi-

2106 2903 2296 2956 nitate.
2331 2899 2469 2955 Cum
2521 2897 2688 2968 igitur
2724 2905 2833 2950 tam
2889 2893 3080 2950 multis
3128 2891 3456 2948 testimoniis
3486 2889 3697 2960 princi-

2106 2993 2256 3064 pium
2310 2999 2602 3054 creaturae,
2652 2988 2797 3044 sicut
2826 2986 2990 3041 etiam
3040 2985 3304 3049 diximus,
3363 2982 3501 3037 nihil
3547 2981 3696 3036 aliud

2106 3085 2420 3157 signiﬁcare
2450 3082 2618 3148 velit,
2644 3095 2807 3150 quam
2836 3079 2985 3148 quod
3015 3088 3209 3133 auctor
3238 3084 3323 3133 est
3355 3083 3409 3130 et
3440 3075 3698 3129 conditor

407 3161 578 3261 a6106
604 3164 804 3220 δίδοται
825 3169 1169 3239 κτισμάτων,
1206 3171 1396 3242 ἤγουν,
1439 3173 1703 3245 κατέστη,
1731 3176 1826 3230 τοῦ
1855 3179 2000 3250 είλη-

2106 3189 2372 3234 creaturze
2423 3176 2554 3237 Dei.
2592 3174 2750 3244 juxta
2801 3172 2936 3228 illud
2990 3186 3234 3261 quoque,
3297 3165 3553 3261 «‘Omnia
3600 3181 3698 3261 per

409 3251 575 3322 φέναι
600 3255 697 3308 καὶ
745 3255 841 3310 τοῦ
870 3261 1213 3330 καταστῆναι
1267 3263 1358 3315 ιὺκ
1403 3262 1702 3318 ἐλάττωσιν
1754 3268 2000 3339 εἰσηγου-

415 3343 594 3412 μένων
626 3347 818 3413 οὐσίας
842 3351 939 3404 καὶ
981 3349 1162 3423 δόξης.

490 3602 617 3657 Ὅτι
666 3606 808 3660 οὔτε
851 3609 1094 3678 ψυχρὸς
1128 3611 1202 3675 εἷ,
1249 3613 1388 3669 οὔτε
1436 3613 1663 3684 ζεστός.
1713 3621 1936 3692 Ψυχρὺς
1972 3621 2002 3675 6

407 3695 779 3768 ἐστερημένος
829 3700 930 3770 τῆς
978 3701 1075 3756 τοῦ
1132 3705 1292 3772 ἁγίου
1345 3707 1665 3779 Πνεύματος
1720 3714 2004 3784 ἐνεργείας

408 3787 511 3841 καὶ
544 3790 962 3862 ἐπιφοιτήσεως.
991 3796 1191 3860 Ζεστὸς
1220 3797 1278 3850 δὲ
1325 3801 1354 3852 6
1384 3796 1524 3864 ζέων
1572 3803 1652 3873 τῷ
1699 3805 2003 3877 Πνεῦματι,

408 3880 631 3971 ὡςᾲκαὶ
684 3883 897 3948 nam;
945 3904 1102 3958 φησι.
1159 3891 1397 3964 Χλιαρὸς
1449 3895 1526 3960 δὲ,
1591 3898 1621 3950 6
1689 3899 1749 3952 ἐν
1799 3900 2004 3971 ἀμφοῖν

408 3969 670 4040 ἀϐέϐαιος
695 3979 788 4031 καὶ
813 3980 1291 4052 ἐπαμφοτερίζων,
1318 3985 1377 4050 ὃς
1403 3991 1691 4056 μετουσίας
1715 3992 1815 4062 μὲν
1843 3969 2006 4050 έλαόε

411 4065 735 4137 Πνεῦματος
768 4069 928 4138 άγίου
955 4072 1043 4126 διὰ
1077 4073 1173 4127 τοῦ
1205 4075 1608 4147 βαπτίσματος,
1643 4081 1835 4138 ἔσϐεσε
1861 4087 1918 4141 δὲ
1946 4089 2008 4142 τὸ

411 4159 663 4229 χάρισμα
686 4161 796 4214 τῶν
821 4161 1232 4227 ζωοποιοῦντων
1262 4169 1360 4240 τὴν
1388 4171 1588 4243 ψυχὴν,
1621 4177 1686 4245 τῇ
1719 4177 1828 4230 τῶν
1859 4196 2004 4250 παρ-

410 4250 585 4344 όντων
608 4253 851 4344 φροντίδι
907 4259 1590 4336 καταρρᾳθυμήσας(18⁹).
1619 4269 1710 4322 Διὸ
1747 4273 1842 4324 καὶ
1878 4273 2007 4344 περὶ

409 4339 511 4435 τοῦ
544 4341 692 4396 θείου
715 4345 1033 4418 Πνεῦματος
1073 4351 1285 4419 Παῦλός
1317 4372 1474 4426 φησι”
1505 4375 1524 4409 ι
1565 4357 1639 4412 Τὸ
1669 4363 1890 4434 Πνεῦμα
1932 4339 2008 4435 μὴ

413 4432 694 4488 σϐέννυτε.
733 4455 753 4488 ι
802 4436 955 4493 Ἐπεὶ
993 4435 1088 4496 οὗν
1119 4444 1184 4497 σὺ
1222 4445 1465 4511 τοιοῦτος
1487 4490 1500 4512 ,
1564 4453 1657 4503 καὶ
1709 4432 1875 4517 ζέσας
1900 4432 2006 4526 -τῷ

2104 3268 2284 3340 ipsum
2319 3266 2464 3321 facta
2513 3272 2643 3319 sunt
2685 3264 2707 3295 ⁸
2742 3280 2757 3317 :
2800 3280 2820 3314 ι
2856 3276 2954 3332 per
2980 3261 3087 3316 hoc
3115 3260 3281 3317 etiam
3308 3257 3471 3313 datur
3497 3266 3559 3311 ut
3590 3256 3694 3311 do-

2105 3362 2348 3416 minetur
2385 3355 2657 3413 creaturis
2692 3368 2815 3424 quze
2845 3353 2951 3408 sub
2984 3351 3104 3422 ipso
3127 3359 3260 3406 sunt
3307 3367 3322 3404 :
3351 3348 3467 3404 sive
3493 3346 3697 3429 conlirf

2105 3465 2288 3508 matur
2317 3447 2465 3521 quod
2499 3443 2878 3517 apprehendat
2908 3459 2974 3500 ac
3005 3443 3318 3498 moderetur
3347 3459 3362 3496 :
3395 3456 3503 3495 non
3544 3437 3691 3509 quod

2106 3547 2223 3600 lucc
2268 3540 2690 3597 diminutionem
2733 3536 2994 3590 inducant
3033 3532 3356 3589 substantiae
3394 3546 3459 3586 ac
3488 3530 3692 3602 glnriie.

2179 3635 2333 3701 Quod
2363 3650 2526 3704 neque
2570 3633 2797 3703 frigidus
2836 3631 2910 3684 sis
2951 3641 3113 3697 neque
3138 3623 3394 3694 fervidus.
3438 3621 3695 3691 Frigidus

2105 3727 2310 3798 estqui
2357 3736 2509 3781 caret
2558 3724 2879 3792 operatione
2931 3736 2996 3777 ac
3039 3717 3464 3789 superventione
3517 3713 3694 3768 sancti

2109 3820 2348 3890 Spiritus
2377 3837 2391 3874 :
2425 3818 2667 3874 fervidus
2691 3826 2874 3871 autem
2904 3814 2999 3884 qui
3033 3813 3241 3882 Spiritu
3278 3809 3470 3871 fervet,
3501 3822 3695 3876 quem-

2107 3913 2401 3968 admodum
2453 3910 2618 3966 etiam
2671 3907 2876 3962 Paulus
2935 3906 3069 3960 dicit
3128 3905 3149 3936 ⁸
3201 3920 3214 3957 :
3284 3899 3502 3970 tepidus
3567 3910 3697 3951 vero

2109 4007 2203 4078 qui
2244 4003 2515 4061 instabilis
2563 4011 2646 4056 est
2675 4012 2729 4056 et
2756 4000 2810 4053 in
2856 4008 3089 4066 utroque
3119 3993 3425 4062 ambiguus,
3449 3990 3539 4058 qui
3572 4003 3699 4056 par-

2110 4101 2285 4170 ticeps
2330 4096 2552 4168 quidem
2597 4091 2838 4164 Spiritus
2893 4090 3071 4145 sancti
3117 4087 3294 4141 factus
3341 4093 3425 4139 est
3474 4097 3568 4151 per
3598 4081 3699 4134 ba-

2109 4192 2326 4260 ptisma,
2355 4184 2618 4243 exstinxit
2653 4193 2833 4238 tamen
2886 4182 3092 4235 donum
3137 4177 3285 4248 quod
3339 4175 3581 4229 animam
3613 4172 3697 4225 vi-

2110 4280 2411 4343 viﬁcabat,
2466 4277 2600 4331 illud
2637 4272 3010 4330 sollicitudine
3069 4267 3425 4340 praesentium
3482 4265 3696 4318 exstin-

2112 4387 2307 4444 gucns.
2332 4369 2461 4424 Ideo
2497 4382 2717 4438 quoque
2751 4366 2818 4421 de
2859 4363 3048 4418 divino
3079 4360 3290 4431 Spiritu
3352 4358 3429 4411 ait
3458 4355 3695 4410 Paulus:

2121 4483 2138 4515 ι
2182 4457 2636 4532 Spiritumnolite
2683 4455 3034 4526 exstinguere
3064 4455 3106 4506 ⁷.
3147 4472 3166 4503 ι
3215 4449 3484 4518 Quoniam
3533 4446 3699 4516 igitur

412 4523 698 4622 Πνεῦματι
746 4528 1295 4622 όιὰβαπτίσματος,
1331 4538 1656 4612 ἀπεψύχθης
1702 4545 1788 4599 διὰ
1837 4523 2008 4618 ῥᾳθυλ-

2118 4567 2173 4610 ιιι
2211 4523 2338 4609 talis
2369 4569 2429 4607 es
2460 4551 2554 4622 qui
2584 4565 2710 4605 cum
2743 4523 2949 4617 Spiritu
2982 4543 3222 4599 fervidus
3256 4540 3427 4595 fueris
3465 4554 3560 4608 per
3601 4537 3699 4591 ba-

415 4614 568 4718 μίας,
588 4619 703 4718 ⁸τάς
733 4620 814 4682 είς
843 4621 1068 4691 ὕστερον
1098 4625 1196 4694 τῆς
1228 4631 1501 4700 σωτηρίας
1520 4632 1744 4698 ἐλπίδας
1774 4614 2004 4692 σεαυτοῦ

2107 4647 2390 4718 ptismmn,
2415 4651 2701 4697 emortuus
2723 4655 2781 4694 es
2806 4654 2902 4709 per
2923 4635 3231 4708 segnitiem,
3262 4633 3456 4690 salutis
3502 4633 3556 4686 in
3599 4647 3700 4703 po-

411 4707 704 4780 ἑξέκοψας,
729 4714 1032 4784 καταγνοὺς
1053 4721 1150 4789 τῆς
1173 4721 1483 4794 αίρεθείσης
1512 4742 1592 4778 σοι
1621 4729 1875 4792 πίστεως.
1917 4729 2006 4785 Ἐν

413 4797 602 4869 ἔργοις
643 4801 743 4870 μὲν
790 4804 896 4875 γὰρ
937 4806 1039 4858 οὐκ
1079 4808 1436 4879 ἀπογνωστέα
1473 4817 1504 4885 ἡ
1553 4819 1819 4889 μεσότης,
1867 4822 1943 4884 ὡς
1981 4823 2010 4875 6

413 4889 650 4981 νόμιμος
690 4893 902 4964 γάμος,
959 4899 1124 4967 μέσος
1153 4900 1230 4953 ὢν
1261 4905 1563 4974 παρθενίας
1611 4911 1705 4962 καὶ
1751 4913 2009 4981 πορνείας

413 4980 518 5073 οῦκ
543 4981 870 5056 ἀπόϐλητος.
907 4989 996 5041 Ἐν
1021 4991 1078 5043 δὲ
1106 4995 1173 5063 τῇ
1207 4993 1504 5060 πίστει,,τὺ
1535 5000 1698 5068 μέσον
1730 4980 1831 5055 καί
1853 5003 2007 5073 χλια-

417 5071 514 5167 ρὸν
543 5073 807 5144 ἀδόκιμον
835 5080 929 5132 καὶ
957 5083 1280 5138 ἀσύστατον.
1313 5089 1392 5140 Δι’
1421 5089 1560 5161 ὅπερ
1583 5093 1774 5159 ὄφελον
1802 5071 2011 5167 ψυχρὸς

413 5161 507 5259 ἧς,
537 5169 838 5236 τουτέστιν,
875 5175 1146 5246 ἀμέτοχος
1182 5181 1437 5250 καθάπαξ
1473 5184 1617 5237 θείου
1639 5161 2014 5259 βαπτίσματος

418 5257 642 5326 χάριτος
669 5263 762 5314 καὶ
794 5264 1149 5334 ἀΰάπτιστος,
1179 5272 1276 5324 καὶ
1307 5273 1384 5345 μὴ
1407 5275 1649 5347 χλιαρός.
1681 5278 1740 5332 '0
1772 5257 1874 5350 μὲν
1901 5281 2011 5352 γὰρ

417 5352 592 5441 μήπω
613 5353 906 5426 δεξάμενος
930 5361 1034 5432 τὴν
1056 5362 1150 5414 τοῦ
1178 5363 1318 5418 Πνεύ
1327 5384 1495 5436 ματος
1513 5368 1604 5424 διὰ
1632 5370 2012 5441 βαπτίσματος

417 5439 604 5512 χάριν,
632 5445 692 5498 ἐν
725 5446 937 5504 ἐλπίσιν
966 5450 1325 5524 ἐνστρέφεται
1351 5457 1448 5510 τοῦ
1486 5475 1617 5514 ποτε
1653 5439 1909 5527 δέξασθαι
1942 5464 2012 5517 τά

491 5595 562 5630 ου
583 5596 798 5674 ςριοεε.
834 5617 873 5666 ι,
907 5603 998 5658 15.
1073 5606 1119 5639 ⁸⁸
1146 5607 1291 5664 Psal.
1323 5626 1434 5674 cur,
1468 5613 1522 5665 '5.

420 5665 510 5720 12.
587 5669 610 5701 ⁸
641 5667 802 5725 Joan.
844 5687 882 5739 ι,
935 5675 991 5730 5.

500 5803 1063 5882 (18⁸)καταρυτμίσας
1087 5817 1232 5887 vulg.

1069 5614 1291 5706 nis-al.
1468 5614 1556 5706 '5‘.l
1634 5614 2032 5706 "Plrgvrrtvm,
2228 5622 2248 5651 ’
2279 5621 2439 5675 Prov.
2505 5636 2628 5686 vm,
2660 5617 2754 5674 9.2.

1121 5677 1277 5734 Rom.
1315 5697 1469 5750 xvm,
1502 5685 1585 5739 ll.
1661 5687 1681 5718 ⁷
1716 5685 1947 5746 IThess.
1984 5677 2039 5758 ν,
2075 5693 2162 5746 19.

2111 4748 2321 4794 sterum
2353 4751 2505 4804 spem
2529 4749 2560 4789 a
2593 4734 2768 4802 teipso
2793 4727 3115 4799 amputasti,
3145 4725 3508 4781 condemnata
3534 4738 3701 4794 quam

2113 4827 2352 4898 primum
2382 4823 2628 4894 elegeras
2661 4822 2784 4876 (ide.
2826 4821 2887 4876 lu
2921 4818 3181 4890 operibus
3225 4817 3412 4886 itaque
3462 4829 3569 4869 non
3619 4822 3700 4867 est

2113 4917 2593 4974 condemnandum
2643 4915 2788 4986 quod
2819 4915 3061 4969 medium
3091 4923 3196 4976 est,
3235 4905 3698 4981 quemadmodum

2115 5010 2371 5082 lcgitinne
2400 5008 2604 5081 nuptiae
2633 5023 2759 5063 cum
2791 5007 2984 5061 media:
3014 5005 3126 5061 sint
3153 5004 3296 5057 inter
3328 5000 3696 5069 virginitatem

2115 5110 2172 5157 et
2195 5101 2609 5164 scortationem,
2645 5115 2751 5154 non
2805 5106 2933 5153 sunt
2964 5094 3300 5166 rejieiendte.
3334 5090 3390 5144 In
3429 5090 3531 5143 [ide
3571 5102 3700 5139 vero

2115 5193 2261 5261 quod
2299 5192 2538 5258 medium
2575 5201 2660 5244 est
2698 5204 2762 5243 ac
2815 5198 2972 5257 tepor
3023 5184 3372 5255 reprobatur,
3399 5194 3500 5234 nec
3560 5176 3696 5228 valet

2115 5299 2303 5338 secum
2335 5286 2658 5337 consistere.
2694 5279 2986 5350 PrOpterea
3034 5280 3266 5336 utinam.
3301 5271 3502 5342 inquit,
3543 5265 3696 5336 frigi-

2116 5375 2220 5428 dus
2269 5388 2468 5428 esses:
2515 5372 2619 5428 hoc
2663 5380 2768 5434 est,
2814 5386 2884 5424 ne
2930 5366 3094 5424 simul
3159 5363 3379 5434 quidem
3429 5355 3698 5428 particeps

2114 5466 2317 5521 fuisses
2350 5463 2536 5536 gratia:
2559 5462 2733 5519 divini
2756 5458 3122 5539 baptismatis,
3143 5457 3234 5512 sed
3263 5455 3562 5510 mansisses
3589 5463 3698 5503 non

2866 5617 2886 5648 ³
2917 5614 3115 5686 Ephes.
3153 5629 3214 5676 ιι,
3255 5611 3337 5664 15.
3412 5608 3432 5639 ⁸
3462 5606 3607 5662 Psal.
3643 5621 3696 5668 ι,
