4110 6406
492 377 596 441 563

1308 383 1636 445 ΛΒΕἸἮᾹΞ
1677 386 2058 454 CAESARE/li.
2092 393 2578 455 CAPPADOCLE
2619 393 2963 455 EPISCOPI

3659 393 3767 457 564

490 494 803 562 baptizatus
858 503 1049 548 etnon
1086 493 1318 562 tepidus.
1361 494 1642 565 Siquidem
1698 499 1744 554 is
1785 502 1879 571 qui
1934 518 2075 557 non-

2183 509 2430 579 σωτήρια
2461 510 2659 580 ἐαυτῷ.
2702 509 2763 564 Ὀ
2791 510 2847 562 δὲ
2874 509 3118 578 χλιαρὸς,
3144 509 3218 572 ὡς
3251 510 3350 582 ἤδη
3385 508 3764 579 παρεθέμεθα,

490 586 622 638 dum
662 585 902 654 Spiritus
954 587 1188 655 gratiam
1232 588 1444 656 accepit
1485 605 1579 658 per
1629 591 1982 660 baptismum,
2017 595 2072 650 in

487 692 585 745 spe
609 685 856 731 versatur
885 678 1030 746 quod
1057 678 1356 747 aliquando
1387 695 1448 734 ea
1499 698 1623 750 qua:
1674 684 1777 737 sibi
1808 685 2072 742 salutaria

2183 599 2381 668 μικρὸν
2443 600 2581 670 πρὸς
2628 603 2694 672 τῇ
2747 599 2898 664 ζέσει
2959 601 3053 652 καὶ
3101 601 3163 653 τό
3211 619 3342 654 ποτε
3403 601 3769 671 βαπτισθῆναι

2177 690 2480 762 ἀφῄρηται.

485 779 618 826 sunt
645 772 912 841 accipiet:
958 775 1270 842 attepidus,
1307 776 1474 830 veluti
1507 779 1620 846 jam
1645 781 2067 850 declaravimus,
2109 800 2304 855 parum
2345 787 2510 842 habet
2576 788 2644 842 ad
2675 786 2970 851 fervorem,
3001 797 3055 841 et
3119 803 3185 842 eo
3229 787 3374 841 bono
3411 788 3654 855 privatus
3686 793 3770 840 est

484 865 630 933 quod
656 867 986 934 quandoque
1024 867 1386 935 baptizandus
1419 870 1510 924 sit.

556 958 822 1028 Incipiam
875 970 924 1014 te
969 978 1222 1016 evomere.
1268 963 1582 1034 Metaphura
1641 967 1801 1036 tepidi
1857 969 2072 1024 decenti

482 1053 646 1106 modo
677 1069 810 1107 usus
833 1062 937 1115 est,
974 1053 1120 1122 quod
1147 1055 1342 1109 medici
1373 1058 1436 1107 ad
1461 1057 1722 1110 vomitum
1769 1074 2071 1127 procuran-

479 1147 606 1198 dum
640 1155 952 1200 assumunt.
983 1145 1136 1200 Unde
1169 1162 1292 1201 cum
1315 1148 1482 1216 aliqui
1514 1149 1798 1203 dillicultcr
1817 1162 2065 1216 vomunt,

481 1237 677 1307 tepidae
728 1254 884 1308 aquze
910 1239 1133 1307 potione
1185 1241 1454 1293 vomitum
1513 1257 1736 1295 sursum
1795 1243 2061 1298 educunt.

479 1327 596 1383 lloc
628 1346 850 1400 quoque
872 1330 1004 1386 dicit
1038 1350 1050 1385 :
1083 1331 1343 1401 Incipiam
1371 1341 1422 1386 te
1453 1333 1602 1386 velut
1634 1335 2061 1390 abominandum

476 1423 661 1476 cibum
698 1439 976 1488 evomere,
1035 1424 1139 1476 hoc
1189 1433 1293 1487 est,
1328 1439 1425 1493 per
1460 1438 1770 1479 sermonem
1807 1427 1921 1481 oris
1958 1428 2062 1481 mei

476 1515 737 1580 rejectum
773 1532 803 1570 a
859 1531 978 1570 mea
1038 1515 1412 1569 familiaritate
1474 1517 1785 1572 ostendere.
1829 1518 1896 1571 Et
1939 1534 2063 1587 qua:

477 1605 676 1660 horum
709 1608 1016 1663 estcausa?
1039 1608 1175 1673 Quia
1213 1608 1264 1660 in
1301 1608 1525 1662 incertis
1555 1609 1762 1663 divitiis
1790 1625 1940 1678 spem
1966 1625 2064 1680 po-

473 1699 660 1761 suisti.
693 1709 748 1754 et
775 1703 986 1756 semine
1027 1701 1177 1755 verbi
1217 1701 1305 1754 Dei
1366 1701 1505 1755 inter
1545 1701 1733 1770 spinas
1772 1703 2058 1770 suﬂ‘orato,

470 1787 642 1858 686
680 1788 782 1843 hoc
811 1800 894 1844 est
931 1790 1073 1843 inter
1123 1790 1454 1844 tentationes
1493 1790 1657 1859 hujus
1695 1791 1818 1846 vita}
1853 1809 1918 1848 ac
1961 1809 2060 1849 sae-

472 1879 744 1932 cularium
797 1880 1134 1940 divitiarum,
1173 1881 1512 1949 spiritualem
1579 1887 1729 1935 tuam
1774 1893 1826 1936 et
1869 1899 2061 1954 perpe—

471 1979 622 2024 tuam
659 1981 1033 2040 paupertatem
1090 1974 1353 2042 ignorasti
1392 1973 1467 2027 "‘.

543 2085 805 2149 Quoniam
837 2087 968 2140 dicis
1002 2103 1020 2140 :
1053 2087 1207 2142 Dives
1237 2106 1374 2143 sum.
1424 2090 1652 2147 Divitias
1688 2103 1844 2149 vocat
1887 2104 2059 2150 terre-

465 2192 569 2234 nas
598 2177 839 2233 divitias.
885 2179 1103 2247 Ignoras
1137 2181 1282 2250 quod
1333 2191 1389 2236 tu
1427 2194 1478 2238 te
1535 2186 1797 2240 miserum
1859 2188 2058 2242 reddas

465 2264 609 2320 inter
629 2282 725 2322 eos
745 2269 838 2336 qui
873 2278 1105 2336 pereunt
1135 2287 1147 2322 :
1176 2270 1301 2324 ideo
1326 2287 1546 2342 quoque
1571 2276 2058 2333 commiseratione

463 2358 664 2429 dignus
695 2377 776 2422 es,
814 2370 872 2414 ut
907 2362 1054 2431 quia
1092 2363 1432 2419 sublimitate
1463 2366 1726 2421 virtutum
1759 2370 2053 2436 excideris,

463 2452 925 2508 oblcnebratioue
961 2469 1025 2508 ac
1056 2456 1306 2509 caecitate
1340 2465 1537 2526 captus
1574 2459 1629 2513 in
1676 2460 1762 2514 his
1787 2477 1909 2530 qua:
1941 2477 2055 2516 me-

462 2543 602 2600 liora
627 2555 757 2599 sunt
801 2547 1094 2615 eligendis,
1123 2557 1177 2603 et
1215 2549 1526 2605 denudatus
1558 2567 1622 2606 ea
1659 2568 1783 2623 quae
1808 2563 1858 2608 te
1889 2554 2054 2624 paulo

464 2650 592 2692 ante
632 2639 902 2693 vestiebat
937 2641 1120 2694 divina
1152 2641 1348 2712 gloria.

538 2728 626 2794 111,
655 2731 836 2785 18-22.
862 2731 1070 2786 Suadeo
1107 2734 1277 2788 tibiut
1313 2751 1345 2786 α
1372 2750 1451 2788 me
1473 2751 1617 2789 emas
1652 2741 2054 2806 aurumproba-

459 2835 578 2881 tum
603 2838 666 2876 ex
685 2823 794 2892 igni
826 2833 882 2876 ut
910 2825 1159 2887 ditescas,
1191 2835 1239 2878 et
1269 2829 1576 2881 vestimenta
1605 2829 1730 2882 alba
1772 2839 1829 2882 ut
1855 2831 2053 2884 indua-

461 2915 561 2975 τίς,
597 2925 644 2967 ει
681 2931 786 2968 non
820 2925 1073 2982 appareat
1105 2917 1327 2970 dedecus
1370 2919 1632 2972 nuditatis
1688 2930 1814 2984 tum,
1850 2933 1898 2975 et
1941 2923 2052 2975 col-

463 3007 657 3078 lyrium
685 3024 786 3077 quo
814 3009 1042 3077 inungas
1079 3009 1258 3063 oculos
1287 3022 1404 3064 tuos
1433 3021 1489 3064 ut
1517 3012 1714 3066 videas.
1751 3012 1862 3082 Ego
1890 3030 2053 3084 quos-

459 3111 662 3165 cunque
698 3113 838 3159 amo,
866 3113 1031 3165 arguo
1058 3107 1107 3151 ct
1145 3099 1352 3152 erudio.
1386 3098 1671 3154 Aimulare
1713 3119 1835 3171 ergo
1865 3120 1927 3156 ac
1971 3120 2053 3158 re-

2242 967 2459 1022 Μέλλω
2513 984 2589 1021 σε
2635 967 2866 1036 ἐμέσαι.
2922 967 3001 1037 Τῇ
3055 969 3337 1038 μεταφορᾷ
3388 967 3482 1022 τοῦ
3539 968 3766 1042 χλιαροῦ

2169 1060 2398 1122 δεόντως
2437 1061 2710 1130 ἐχρήσατο
2733 1098 2748 1119 ,
2790 1059 2817 1110 ὃ
2851 1061 2946 1111 καὶ
2982 1059 3184 1127 ίατρῶν
3228 1059 3418 1120 παῖδες
3451 1060 3532 1122 εἰς
3571 1059 3767 1127 ἔμετον

2169 1152 2436 1224 ἐρεθίζειν
2472 1151 3020 1221 παραλαμϐάνουσιν.
3056 1151 3221 1204 Ὅθεν
3261 1151 3356 1202 καὶ
3389 1153 3502 1214 τοῖς
3530 1151 3765 1220 δυσεμε-

2166 1243 2372 1306 τοῦσιν,
2407 1241 2600 1305 ὓδατος
2629 1243 2851 1313 χλιαροῦ
2884 1244 3250 1314 ἀποροφὴσει,
3283 1241 3374 1308 τρν
3404 1241 3598 1310 ἔμετον
3633 1243 3764 1294 ἁνα-

2172 1333 2413 1386 σοὸοὖσι.
2445 1332 2617 1386 Τοῦτο
2644 1337 2737 1386 καὶ
2772 1332 2868 1387 νῦν
2897 1350 3085 1403 φησιν,
3117 1333 3198 1385 ὅτι
3228 1332 3424 1386 Μέλλω
3454 1350 3512 1385 σε
3539 1334 3614 1396 ὡς
3642 1333 3765 1403 βδε-

2169 1425 2367 1479 λυκτὸν
2399 1426 2596 1496 βρῶμα
2628 1426 2856 1496 ἐμέσαι,
2885 1427 3160 1491 τουτέστι,
3193 1424 3281 1478 διὰ
3300 1424 3462 1492 λόγου
3496 1425 3764 1495 στόματός

2172 1536 2274 1588 μου
2323 1518 2634 1588 ἀπόϐλητον
2683 1520 2783 1587 τῆς
2830 1517 2972 1587 ἐμῆς
3007 1517 3341 1587 οἰκειότητος
3393 1517 3761 1585 καταστῆσαι.

2169 1611 2280 1662 Καὶ
2315 1609 2458 1678 τίςὴ
2499 1608 2690 1662 τούτου
2739 1609 2916 1674 ait-ia;
2975 1609 3096 1662 Ὅτι
3151 1609 3242 1660 ἐπὶ
3287 1607 3517 1661 πλούτου
3566 1607 3764 1676 ἀδηλίᾳ

2169 1701 2396 1764 ἐλπίσας
2417 1743 2431 1766 ,
2465 1703 2559 1755 καὶ
2588 1703 2680 1754 τὸν
2711 1702 2910 1772 σπόρον
2947 1701 3042 1754 τοῦ
3073 1700 3217 1753 θείου
3248 1700 3408 1769 λόγου
3454 1699 3760 1765 ἀποπνίξας

2168 1796 2288 1855 ταῖς
2321 1795 2619 1859 ἀκάνθαις,
2655 1793 2823 1846 οἱονελ⁵
2856 1796 2967 1857 τοῖς
2997 1795 3328 1862 πειρασμοῖς
3361 1791 3453 1844 τοῦ
3492 1791 3762 1862 προσκαίε

2173 1903 2266 1955 pou
2296 1887 2484 1940 τούτου
2517 1886 2750 1939 πλούτου
2784 1888 2877 1940 καὶ
2909 1886 3048 1956 βίου,
3090 1887 3186 1957 τὴν
3218 1886 3597 1956 πνευματικὴν
3628 1886 3762 1954 (19⁸)

2169 1979 2366 2032 ἑαυτοῦ
2399 1981 2495 2032 καὶ
2524 1979 2942 2044 διαιωνίζουσαν
2973 1980 3249 2050 ἠγνόησας
3284 1979 3580 2049 πτωχείαν.

2241 2093 2370 2145 ’Ὅτι
2411 2093 2707 2157 πλούσιός
2755 2093 2870 2160 είμι
2915 2091 3012 2144 καὶ
3060 2090 3475 2157 πεπλούτηκα.
3522 2088 3762 2143 Πλοῦτόν

2167 2205 2302 2258 φησι
2319 2187 2410 2240 τὸν
2427 2188 2617 2258 γήϊνον
2639 2185 2887 2240 πλοῦτον.
2925 2186 3166 2252 Ἀγνοεῖς
3186 2184 3268 2237 ὅτι
3293 2183 3357 2234 σὺ
3375 2179 3426 2234 εἷ
3441 2184 3468 2234 ό
3484 2183 3763 2235 ταλαιπω-

2171 2279 2278 2349 ρῶν
2314 2280 2371 2330 ὲν
2404 2279 2516 2340 τοῖς
2548 2276 2968 2346 ἀπολλυμένοις.
3011 2274 3102 2328 Διὸ
3143 2275 3236 2328 καὶ
3265 2275 3450 2336 ἐλέους
3493 2272 3640 2336 ἄξιος
3684 2268 3754 2334 εἴ,

2164 2373 2240 2433 ὡς
2273 2370 2330 2436 ἐξ
2366 2371 2534 2440 ὕψους
2567 2370 2674 2422 τῶν
2710 2369 2924 2438 ἀρετῶν
2961 2366 3211 2421 ἐκπεσὼν
3233 2407 3247 2431 ,
3281 2363 3585 2435 σκοτοδινία
3627 2364 3759 2434 περὶ⁹

2163 2465 2263 2534 τὴν
2301 2463 2534 2534 ἐκλογὴν
2567 2462 2676 2514 τῶν
2723 2463 3050 2532 κρειττόνων
3083 2459 3267 2522 ἁλοὺς,
3313 2459 3409 2512 καὶ
3444 2455 3754 2526 γυμνωθεὶς

2162 2557 2262 2624 τῆς
2290 2557 2428 2617 τέως
2454 2554 2917 2626 περιστελλούσης
2945 2553 3096 2617 Θείας
3125 2552 3306 2622 δόξης.

2232 2736 2680 2806 Συμσουλεύσω
2697 2751 2796 2789 σοι
2826 2732 3120 2803 ἀγοράσαι
3152 2731 3410 2801 χρυσίον
3439 2727 3574 2796 παρ’
3602 2723 3751 2797 ἐμοῦ

2163 2827 2597 2898 πεπυρωμένον
2658 2829 2727 2882 ἐκ
2784 2827 2994 2896 πυρὸς,
3053 2827 3156 2879 ἵνα
3210 2819 3591 2889 πλουτήσῃς,
3651 2816 3751 2872 και

2162 2919 2362 2991 ἱμάτια
2387 2920 2579 2974 λευκὰ
2608 2921 2710 2974 ἵνα
2735 2918 3086 2987 περιϐάλλῃ,
3120 2916 3219 2971 καὶ
3248 2915 3334 2984 μὴ
3365 2907 3681 2984 φανερωθῇ
3710 2909 3748 2976 ἡ

2161 3013 2428 3082 αἰσχύνη
2478 3011 2589 3082 τῆς
2641 3013 3014 3082 γυμνότητός
3047 3026 3198 3075 σου,
3232 3007 3333 3062 καί
3390 3005 3746 3071 κολλύριον,

2162 3105 2264 3158 ἵνα
2292 3105 2550 3173 ἐγχρίσῃ
2586 3103 2728 3169 τοὺς
2773 3104 3123 3173 ὀφθαλμούς
3166 3116 3318 3164 σου,
3348 3099 3448 3152 ἵνα
3484 3097 3746 3162 βλέπῃς.

459 3187 671 3254 sipisce.
714 3185 848 3241 Ecce
878 3198 958 3241 sto
983 3188 1053 3242 ad
1091 3191 1285 3243 ostium
1309 3201 1357 3244 et
1389 3191 1560 3258 pulso.
1591 3191 1650 3247 Si
1677 3196 1792 3263 quis
1822 3195 2053 3250 audierit

2161 3197 2270 3251 Kal
2310 3196 2498 3262 ὅσους
2528 3196 2639 3250 ἐὰν
2669 3197 2846 3266 φιλῶ,
2894 3195 3124 3264 ἐλέγχω
3168 3194 3268 3246 καὶ
3298 3189 3579 3245 παιδεύω.
3632 3185 3748 3253 lii-

459 3293 634 3332 vocem
654 3289 912 3343 meam,et
935 3282 1206 3347 aperuerit
1227 3281 1478 3347 januam,
1515 3284 1726 3337 intrabo
1770 3286 1838 3338 ad
1873 3287 2048 3356 ipsum

2159 3291 2293 3343 λευε
2319 3284 2436 3344 οὖν
2473 3288 2571 3344 καί
2598 3291 3007 3359 μετανόησον.
3051 3286 3210 3341 Ἰδοὺ
3251 3277 3480 3351 ἕστηκα
3508 3282 3608 3335 ἐπὶ
3637 3278 3750 3346 τὴν

454 3379 507 3424 et
547 3371 758 3424 caenabo
791 3387 908 3424 cum
936 3388 995 3425 eo
1027 3382 1076 3426 et
1117 3374 1478 3441 ipsemecum.
1539 3376 1644 3440 Qui
1680 3378 1862 3432 vicerit
1910 3379 2050 3432 dabo

2159 3383 2343 3450 θύραν
2383 3381 2484 3435 καί
2519 3382 2734 3450 κρούω.
2797 3381 2942 3435 Ἐὰν
2979 3397 3070 3444 τις
3103 3379 3342 3445 ἀκούσῃ
3382 3374 3494 3443 τῆς
3541 3368 3749 3442 φωνῆς

454 3464 506 3516 ei
539 3475 594 3517 ut
622 3465 799 3518 sedeat
847 3482 1048 3518 mecum
1081 3467 1135 3520 in
1171 3467 1360 3520 throno
1401 3485 1535 3531 meo,
1565 3469 1701 3523 sicut
1721 3485 1770 3525 et
1798 3487 1891 3540 ego
1922 3472 2048 3538 vici,

2159 3492 2266 3542 μου
2288 3513 2303 3537 ,
2336 3474 2436 3528 καὶ
2465 3475 2685 3542 ἀνοίξῃ
2734 3475 2849 3542 τὴν
2886 3473 3106 3540 θύραν,
3139 3471 3565 3536 εἰσελεύσομαι
3596 3462 3747 3531 πρὸς

455 3562 506 3606 et
538 3553 650 3606 sedi
682 3571 801 3606 rum
838 3553 1000 3608 Patre
1032 3572 1144 3608 meo
1176 3557 1232 3609 iu
1291 3557 1479 3610 throno
1515 3560 1701 3626 ipsius.
1758 3559 1864 3626 Qui
1899 3561 2052 3614 habet

2159 3567 2359 3633 αὐτὸν,
2395 3568 2494 3621 καὶ
2529 3567 2840 3632 δειπνήσω
2865 3566 2992 3634 μετ’
3021 3563 3209 3619 αὐτοῦ
3229 3604 3242 3625 ,
3280 3563 3377 3616 καὶ
3408 3559 3596 3624 αὐτὸς
3618 3554 3747 3626 μετ’

457 3660 640 3707 aurem
672 3645 859 3697 audiat
889 3645 1014 3714 quid
1047 3644 1282 3714 Spiritus
1314 3649 1455 3700 dicat
1486 3648 1765 3706 Ecclesiis.

2155 3658 2303 3726 ἐμοῦ
2332 3660 2402 3713 ἐν
2443 3658 2525 3725 τῷ
2559 3662 2751 3727 θρόνῳ
2781 3677 2900 3728 μου
2923 3699 2939 3722 ,
2994 3659 3076 3724 ὡς
3118 3656 3280 3724 κάγὼ
3325 3655 3614 3720 ἐνίκησα,
3648 3649 3743 3702 καὶ

455 3731 713 3786 ἐκάθισα
751 3737 903 3802 μετὰ
931 3733 1040 3788 τοῦ
1071 3739 1305 3804 Πατρός
1328 3755 1450 3806 μου
1501 3739 1571 3792 ἐν
1617 3738 1698 3804 τῷ
1770 3740 1964 3810 θρόνῳ
2003 3747 2213 3803 αὐτοῦ.
2265 3749 2326 3803 '0
2353 3750 2513 3820 ἔχων
2552 3747 2687 3818 οὖς,
2727 3749 3048 3806 ἀκουσάτω
3077 3749 3134 3803 τί
3171 3748 3239 3802 τὸ
3304 3745 3548 3814 Πνεῦμα
3583 3741 3747 3811 λέγει

455 3832 588 3894 ταῖς
625 3830 1039 3898 Ἑκκλησὶαις.

532 3920 588 3976 Si
623 3923 727 3988 vis,
761 3923 957 3993 inquit,
985 3926 1226 3994 locuples
1284 3926 1422 3990 ﬁeri,
1465 3942 1621 3983 veras
1647 3929 1744 3984 tibi
1786 3945 2046 4001 compara

453 4012 676 4068 divitias
707 4029 736 4067 a
768 4029 856 4068 me
899 4017 990 4084 qni
1035 4031 1256 4085 possum
1293 4020 1646 4076 manentibus
1690 4022 1904 4078 divitiis
1963 4025 2046 4079 lo-

452 4108 754 4176 cupletare.
795 4106 1066 4178 Compara
1098 4118 1281 4163 autem
1310 4111 1522 4165 ardenti
1551 4113 1833 4169 desiderio
1857 4128 2044 4171 sancta

451 4194 551 4253 Dei
600 4199 824 4254 oracula
877 4201 1304 4270 septempliciter
1343 4202 1466 4271 igne
1496 4205 1744 4272 probata.
1777 4205 2042 4272 Quasnam

449 4301 632 4347 autem
675 4301 804 4352 sunt
840 4292 970 4348 illa?
998 4293 1326 4350 Doctrinalis
1367 4311 1432 4350 ac
1472 4297 1693 4353 divinus
1721 4315 1906 4354 sermo
1949 4301 2043 4371 qui

448 4401 560 4440 non
589 4386 794 4441 frustra
826 4402 1002 4457 neque
1025 4387 1261 4442 inaniter
1284 4390 1534 4458 procedit
1571 4391 1638 4446 ad
1669 4406 1764 4447 eos
1796 4392 1893 4463 qui
1944 4394 2045 4447 do-

2234 3935 2294 3987 Εἰ
2329 3933 2632 4003 πλουτῆσαι
2662 3971 2676 3992 .
2721 3932 2876 4002 φησὶ,
2932 3929 3150 4001 βούλει,
3181 3930 3274 3982 τὸν
3317 3929 3484 3993 ὅντως
3517 3930 3744 3985 πλοῦτον

2157 4028 2357 4097 κτῆσαι
2384 4025 2515 4094 παρ’
2541 4023 2676 4093 ἐμοῦ
2701 4022 2795 4076 τοῦ
2826 4021 3135 4086 πλουτίζειν
3163 4020 3364 4085 εἰδότος
3388 4019 3458 4074 τὰ
3487 4021 3740 4091 μένοντα.

2155 4118 2352 4188 Κτήσῃ
2401 4117 2458 4170 δὲ
2501 4114 2750 4186 διαπύρῳ
2795 4113 3054 4185 προθέσει
3103 4112 3173 4166 τὰ
3216 4111 3374 4179 λόγια
3425 4112 3632 4184 Κυρίου
3673 4115 3741 4165 τά

2154 4210 2315 4276 ἁγνὰ,
2345 4207 2414 4261 τά
2441 4207 2816 4278 πεπυρωμένα
2845 4203 3250 4267 έπταπλασίως.
3287 4204 3422 4258 Τίνα
3450 4205 3505 4257 δὲ
3534 4204 3738 4271 ταῦτα;

2163 4299 2223 4352 'O
2257 4297 2641 4359 διδασκαλικὸς
2678 4298 2773 4350 καὶ
2809 4296 2950 4360 θεῖος
2993 4297 3171 4364 λόγος,
3207 4295 3265 4357 ὃς
3297 4295 3357 4346 οὐ
3408 4294 3585 4365 μάτην
3620 4294 3740 4346 οὐδὲ

2152 4389 2415 4451 διακένως
2458 4388 2704 4458 πρόεισιν
2743 4389 2822 4452 εἰς
2867 4388 2994 4450 τοὺς
3043 4387 3483 4455 διδασκομένους,
3519 4384 3637 4438 ἀλλ’
3675 4386 3740 4438 ὲκ

447 4489 668 4544 centur,
697 4480 790 4534 Sed
821 4495 888 4533 ex
941 4495 1007 4533 eo
1040 4481 1184 4549 quod
1224 4493 1384 4535 antea
1425 4483 1470 4536 is
1501 4484 1594 4552 qui
1635 4483 1794 4538 docet
1823 4485 2038 4539 ardenti

2159 4481 2242 4534 τοῦ
2277 4481 2546 4552 πρότερον
2571 4478 2820 4550 διαπύρῳ
2855 4478 3059 4549 σπουδῇ
3097 4477 3189 4530 τὸν
3218 4476 3543 4530 διδάσκοντα
3572 4476 3737 4529 εὐπο-

449 4570 637 4624 studio
671 4572 881 4625 ditatus
933 4571 1029 4625 sit.
1095 4571 1531 4628 Demonstratam
1583 4591 1821 4645 namque
1880 4577 2040 4631 fidem

447 4662 740 4716 annuntiat
792 4662 1020 4730 justus:
1058 4671 1113 4716 et
1167 4662 1341 4719 bonus
1391 4665 1695 4735 negotiator
1755 4667 1822 4721 de
1895 4668 2043 4722 bono

449 4752 718 4808 thesauro
739 4754 924 4809 cordis
953 4753 1159 4822 profert
1186 4766 1370 4810 vetera
1393 4766 1446 4811 et
1481 4773 1621 4811 nova
1651 4758 1671 4789 ⁸
1699 4774 1731 4813 a
1767 4759 2046 4814 veteribus

448 4845 672 4916 quidem
702 4847 838 4901 viris
862 4848 1070 4917 majora
1101 4848 1282 4904 ferens
1338 4851 1588 4920 exempla
1613 4851 1885 4906 bonorum
1917 4867 2047 4920 ope-

447 4954 596 5003 rum,
629 4954 658 4992 a
691 4939 1091 4996 recentioribus
1119 4950 1298 4996 autem
1355 4951 1409 4996 et
1437 4944 1530 5012 qui
1565 4943 1796 4998 ferventi
1840 4943 2038 4998 ardore

446 5031 794 5097 laborarunt,
836 5033 1052 5103 egregia
1086 5033 1351 5088 facinora.
1398 5032 1504 5088 Sed
1535 5036 1800 5104 quoniam
1836 5035 2036 5092 talibus

446 5124 718 5179 ditescere
753 5140 863 5179 non
904 5126 1175 5195 contingit
1207 5127 1372 5180 alicui
1415 5127 1628 5196 absque
1659 5127 1847 5183 divino
1875 5128 2035 5182 auxi-

443 5217 541 5281 lio,
573 5216 696 5273 ideo
749 5217 883 5272 dicit
922 5218 968 5273 is
1011 5219 1105 5288 qui
1175 5219 1338 5272 tradit
1387 5219 1634 5284 oracula,
1672 5237 1704 5273 a
1745 5237 1844 5273 me.
1889 5219 2037 5274 Divi-

441 5310 534 5366 tiae
594 5325 724 5366 vero
763 5317 894 5364 sunt
938 5312 1394 5365 vestimentorum
1437 5312 1694 5376 amictus,
1737 5313 1829 5382 qui
1863 5311 2037 5382 possit

442 5403 788 5461 indecentem
818 5403 1080 5457 virtutum
1109 5402 1411 5457 nuditatem
1449 5411 1650 5473 tegere,
1681 5411 1734 5458 et
1766 5418 1873 5458 non
1911 5404 2032 5457 vul-

443 5497 559 5566 gari
600 5496 766 5551 modo
793 5495 1041 5560 amicire,
1072 5495 1169 5550 sed
1202 5509 1325 5548 cum
1361 5495 1602 5566 pompali
1632 5496 1806 5567 gloria
1836 5497 2032 5553 trium-

512 5673 551 5701 τ’
583 5669 601 5720 l
635 5671 778 5724 Tim.
810 5687 885 5736 vi,
922 5671 1008 5724 i7.
1074 5671 1094 5702 ⁸
1133 5669 1470 5739 Matth.xtu,
1504 5671 1572 5725 52

520 5826 628 5896 (l9)
655 5824 924 5896 πατρικὴν
954 5826 1098 5896 vulg.

2150 4578 2356 4646 ρῆσαι·
2399 4573 2856 4641 ἐπιδεικνυμένην
2910 4570 3020 4642 γὰρ
3063 4569 3248 4623 πίστιν
3302 4569 3613 4636 ἀπαγγελεῖ
3659 4567 3737 4621 δί-

2147 4682 2323 4727 καιος.
2358 4665 2468 4718 Καὶ
2500 4665 2528 4715 ό
2560 4664 2764 4731 ἀγαθὸς
2792 4663 3034 4732 ἔμπορος
3067 4662 3132 4714 ὲκ
3167 4659 3262 4713 τοῦ
3293 4659 3504 4728 ἀγαθοῦ
3537 4659 3736 4729 θησαυ-

2146 4755 2244 4830 ροῢ
2275 4756 2373 4826 τῆς
2399 4755 2631 4826 καρδίας
2655 4755 2880 4824 ἐκφέρει
2907 4752 3118 4806 παλαιὰ
3151 4753 3247 4805 καὶ
3275 4751 3392 4818 νέα,
3416 4753 3480 4804 ὲκ
3512 4751 3612 4820 μὲν
3631 4750 3738 4802 τῶν

2146 4850 2398 4905 παλαιῶν
2451 4848 2663 4918 ἀνδρῶν
2715 4849 2824 4901 τῶν
2874 4846 3321 4917 κατορθωμάτων
3378 4841 3623 4912 κομίζων
3671 4841 3736 4894 τά

2152 4941 2374 5014 μείζονα
2418 4939 2796 5008 ὑποδείγματα
2819 4979 2834 5004 ,
2867 4940 2933 4992 ὲκ
2958 4938 3014 4992 δὲ
3047 4937 3158 4992 τῶν
3186 4937 3324 4990 νέων
3359 4935 3453 4989 καὶ
3489 4933 3602 4988 τῶν
3633 4932 3734 4988 αὐ-

2146 5032 2224 5104 τῷ
2265 5033 2659 5103 πεπονημένων
2689 5031 2938 5102 διαπύρῳ
2977 5030 3147 5095 ζέσει,
3195 5028 3266 5081 τὰ
3311 5025 3730 5097 κατορθώματα.

2159 5127 2300 5179 Ἀλλ’
2351 5125 2538 5195 ἐπειδὴ
2593 5124 2663 5178 τὰ
2719 5124 2947 5178 τοιαῦτα
2999 5123 3250 5175 πλουτεῖν
3307 5121 3408 5173 οὐκ
3455 5119 3735 5188 ἀνευ,τῆς

2146 5217 2354 5272 ἄνωθέν
2403 5235 2510 5270 τινι
2544 5218 2883 5288 περιγίνεται
2933 5215 3136 5287 ῥοπῆς,
3179 5213 3267 5266 διὰ
3299 5211 3460 5266 τοῦτό
3492 5228 3659 5282 φησιν
3704 5211 3733 5262 ό

2146 5311 2539 5381 χρηματίζων,
2587 5310 2921 5380 παρ’ἐμοῦ.
2987 5308 3045 5362 '0
3091 5307 3326 5370 πλοῦτος
3374 5306 3456 5370 δὲ,
3502 5304 3731 5376 ἱματίων

2146 5404 2411 5474 περιϐολὴ
2465 5403 2840 5475 περιστέλλειν
2888 5403 3086 5473 ἔχουσα
3135 5402 3235 5472 τὴν
3289 5403 3578 5471 ἀσχήμονα
3623 5399 3729 5452 τῶν

2145 5495 2357 5566 ἀρετῶν
2405 5493 2725 5566 γύμνωσιν,
2767 5493 2861 5549 καὶ
2894 5493 2992 5563 οὐχ
3028 5492 3215 5556 ἁπλῶς
3261 5491 3686 5565 περιστέλλουσα
3711 5527 3725 5552 ,
