4110 6448
355 404 467 468 565

1423 397 1810 460 COMMENT.
1845 399 1932 460 IN
1971 395 2504 460 APOCALYPSIN.

3533 383 3637 447 566

357 517 501 574 ἀλλά
527 517 670 588 μετά
693 516 851 588 δόξης
879 511 1166 586 nouitati};
1197 513 1287 568 τὸν
1315 513 1411 566 ἐπὶ
1437 516 1502 584 τῇ
1535 514 1663 584 νίκῃ
1709 516 1776 584 τῇ
1809 513 1952 568 κατά
1979 566 1982 576 ,

2087 513 2224 567 ιΙιιιιη
2264 510 2523 574 edicicns,
2553 508 2624 562 ob
2661 505 2948 561 victoriam
2971 503 3040 559 de
3071 499 3405 558 adversariis
3425 499 3636 554 daemo-

355 611 474 664 τύν
501 609 814 663 ἀντιπάλων
841 608 1114 676 δαιμόνων
1144 605 1414 676 θρίαμϐον
1447 605 1772 670 ὲξανύουσα.

435 700 543 756 Καὶ
574 701 920 768 κολλύριον.
971 697 1114 768 Πρὸς
1163 697 1233 751 τά
1261 697 1688 769 ἀμϐλυώττοντα
1726 696 1858 767 περὶ
1893 697 1955 748 τὸ

359 789 460 843 τοῦ
493 789 701 856 Κυρίου
735 788 924 857 νοητὸν
957 787 1070 855 φῶς
1089 786 1218 850 τοὺς
1251 787 1622 856 καταλλήλους
1643 785 1957 855 ὀφθαλμοὺς

365 882 694 950 πριχρίσαι
742 878 806 930 τὸ
857 879 1216 948 πρόσταγμα.
1273 877 1428 929 Ἐστι
1466 876 1524 929 δὲ
1578 874 1736 928 τοῦτο
1789 875 1824 941 ἡ
1869 875 1958 928 διὰ

365 971 662 1041 μετανοίας
687 971 912 1040 πρόοδος
949 987 1012 1022 συ
1021 969 1452 1039 μϐουλευομὲνη.
1486 970 1558 1021 Ἢ
1584 968 1648 1020 τὸ
1675 965 1960 1036 κολλύριον

362 1061 469 1128 τὴν
503 1059 890 1129 ἀκτημοσύνην
920 1059 1274 1127 παρίστησιν.
1305 1058 1368 1110 El
1399 1057 1506 1128 γὰρ
1527 1057 1596 1110 τά
1625 1055 1775 1125 δῶρα
1807 1056 1962 1106 ὲκτυ-

366 1154 498 1222 φλοῖ
526 1153 842 1223 ὀφθαλμοὺς
877 1152 1209 1220 βλεπόντων,
1247 1152 1470 1215 τούτους
1505 1153 1722 1214 πάντως
1761 1149 1964 1214 ἀνοίξει

363 1247 432 1300 τὸ
461 1246 890 1316 ἀδωροδόκητον.

443 1336 555 1391 Καὶ
591 1336 778 1402 ὅσους
808 1337 920 1390 ἐὰν
948 1336 1124 1406 φιλῶ,
1157 1337 1384 1407 ἐλέγχω
1413 1334 1512 1388 καὶ
1541 1333 1822 1388 παιδεύω.
1856 1333 1966 1386 Καὶ

365 1431 624 1494 εἰκότως.
675 1429 732 1482 Ὀ
761 1431 870 1500 γάρ
908 1431 1174 1496 ἀγαπῶν,
1211 1411 1487 1500 ἐπιμελῶς
1517 1426 1785 1492 παιδεύει,
1813 1425 1842 1478 ὃ
1873 1425 1968 1479 καὶ

367 1523 474 1592 τῆς
521 1521 971 1591 ὑπερϐαλλούσης
1035 1523 1402 1594 χρηστότητος
1442 1518 1537 1573 τοῦ
1583 1519 1794 1590 Κυρίου
1840 1521 1970 1588 περὶ

368 1614 504 1674 τοὺς
525 1611 770 1676 ἀπειθεῖς
793 1617 1114 1682 τεκμήριον.
1142 1611 1384 1666 Πλούτου
1406 1612 1462 1664 δὲ
1483 1610 1689 1679 ταύτης
1713 1610 1970 1679 ἐνέχυρον

371 1707 412 1774 ἡ
456 1705 646 1774 ἀγάπη
689 1705 784 1756 τοῦ
823 1705 1104 1774 μετιόντος
1137 1707 1264 1768 τοὺς
1303 1705 1576 1774 τιμωρίας
1612 1701 1817 1767 ἀξίους.
1861 1699 1973 1752 Καὶ

371 1797 462 1859 τίς
493 1797 527 1867 ἠ
571 1797 824 1861 παιδεία;
857 1796 1064 1865 Ζηλοῦν
1107 1797 1176 1850 τά
1208 1796 1498 1867 κρείττονα
1539 1793 1650 1846 τῶν
1683 1790 1972 1861 ἐπιτηδευ-

2057 602 2220 656 nibus
2241 609 2598 670 reportatum.

2129 694 2198 748 Et
2247 693 2550 762 collyrium.
2599 693 2938 759 Praeceptum
2981 694 3066 742 est
3101 686 3154 740 ei
3197 684 3292 754 qui
3327 679 3547 736 caecutit
3573 676 3642 732 ad

2058 785 2344 856 spirituale
2379 783 2594 838 Domini
2655 783 2820 853 687
2881 781 3091 840 lumen,
3126 787 3186 832 ut
3235 783 3392 844 aptos
3451 771 3644 826 oculos

2060 879 2523 947 circuminungat.
2559 875 2661 929 Per
2692 876 2794 928 hoc
2817 881 2996 928 autem
3027 869 3290 926 suadetur
3323 877 3646 936 progressus

2061 972 2128 1026 ad
2187 969 2590 1040 paenitentiam.
2623 969 2733 1021 Aut
2788 966 3072 1038 collyrium
3125 964 3468 1017 demonstrat
3527 957 3650 1009 ino-

2061 1066 2230 1135 piam.
2259 1063 2315 1116 Si
2363 1061 2510 1116 enim
2560 1061 2702 1112 dona
2761 1065 3038 1112 exezecant
3082 1053 3272 1108 oculos
3322 1047 3648 1111 videntium,

2065 1159 2166 1213 hos
2203 1157 2392 1225 utique
2425 1153 2634 1224 aperiet
2653 1152 2923 1208 donorum
2959 1147 3228 1204 carentia.

2140 1357 2252 1429 Ego
2271 1373 2606 1428 quoscunque
2637 1371 2778 1418 amo,
2810 1369 2975 1423 arguo
2999 1361 3049 1406 et
3073 1350 3282 1405 erudio.
3321 1349 3388 1402 Et
3433 1342 3652 1398 merito.

2068 1451 2206 1506 Nam
2240 1451 2332 1519 qui
2366 1459 2532 1514 amat,
2569 1448 2815 1502 studiose
2839 1445 3023 1499 erudit
3059 1459 3074 1497 :
3123 1440 3266 1511 quod
3296 1437 3459 1492 etiam
3494 1447 3659 1501 urgu-

2073 1552 2316 1597 mentum
2344 1549 2427 1595 est
2453 1540 2738 1593 immensae
2780 1534 3136 1605 benignitatis
3155 1529 3368 1586 Domini
3393 1541 3520 1595 erga
3553 1525 3660 1578 im-

2075 1635 2400 1703 morigeros.
2443 1634 2651 1685 Harum
2705 1637 2886 1683 autem
2948 1625 3265 1680 divitiarum
3321 1617 3520 1674 arrabo
3579 1621 3663 1669 est

2076 1725 2295 1780 dilectio
2324 1741 2434 1794 qua
2484 1723 2611 1776 illos
2638 1719 2988 1792 prosequitur
3016 1716 3108 1784 qui
3143 1711 3293 1782 digni
3345 1719 3476 1766 sunt
3529 1721 3662 1774 sup-

2079 1817 2262 1886 plicio.
2294 1815 2360 1868 Et
2386 1831 2507 1884 qua!
2537 1824 2621 1867 est
2659 1814 2745 1866 illa
2778 1810 3060 1866 eruditio?
3093 1807 3162 1862 Ut
3189 1801 3516 1858 aunulentur
3566 1811 3667 1866 po-

380 1889 594 1957 μάτων,
615 1890 710 1942 καὶ
742 1890 1006 1960 μετανοίᾳ
1029 1889 1126 1942 καὶ
1154 1887 1496 1958 μεταγνώσει
1524 1885 1636 1938 τῶν
1664 1881 1975 1954 ἔμπροσθεν

2087 1876 2220 1965 liora
2252 1876 2430 1964 studia
2455 1916 2508 1961 et
2542 1923 2637 1976 per
2671 1903 3054 1974 pmuitentiam
3087 1914 3153 1954 ac
3203 1889 3665 1964 resipiscentiam,

375 1979 546 2032 οἱονεὶ
593 1980 882 2049 μεταθέσει
923 1981 1342 2050 ἁμαρτημάτων
1375 1977 1470 2030 τὸν
1513 1975 1676 2046 ζῆλον
1707 1975 1828 2044 ἦτοι
1871 1973 1972 2040 τὴν

381 2070 614 2140 μίμησιν
659 2070 1216 2140 ὲπαναλαμϐάνεσθαι
1250 2071 1379 2132 τοὺς
1427 2069 1566 2139 πρὸς
1616 2067 1872 2121 παιδείαν
1913 2067 1974 2131 ὲξ

375 2163 624 2230 ἀμαθίας
653 2163 1078 2225 ἀποκλίναντας.
1135 2161 1247 2214 Καὶ
1275 2161 1360 2222 τίς
1401 2162 1434 2230 ἡ
1470 2161 1536 2212 ὲκ
1563 2157 1975 2228 φιλανθρωπίας

379 2253 689 2320 ἁντίδοσις;
727 2254 796 2306 Ἡ
837 2253 930 2306 ἐπὶ
963 2253 1064 2322 τὴν
1110 2253 1282 2324 θύραν
1306 2251 1770 2322 ἀπραγμάτευτος
1801 2265 1972 2319 προσ-

375 2345 588 2416 εδρεία.
637 2345 823 2416 Θύραν
886 2345 942 2398 δὲ
987 2343 1190 2414 ἐφεξῆς
1239 2344 1342 2414 τὴν
1387 2342 1616 2413 καρδίαν
1664 2342 1816 2414 λέγει
1861 2340 1972 2392 τῶν

379 2437 528 2506 πρὸς
575 2437 865 2505 μετάνοιαν
907 2435 1432 2506 προσκαλουμένων.
1479 2429 1574 2496 Οἷς
1618 2431 1862 2495 ἀνοίξασι
1899 2429 1978 2496 τῷ

385 2529 674 2598 σωτηρίως
734 2529 904 2600 αὐτὴν
959 2528 1238 2596 κρούοντι,
1294 2528 1392 2582 καὶ
1441 2527 1510 2580 τὰ
1562 2526 1827 2596 ἑπόμενα,
1882 2521 1977 2576 τοῦ

383 2622 567 2692 πράου
601 2621 694 2675 καὶ
719 2621 927 2690 ἀγαθοῦ
961 2621 1282 2690 δαιτυμόνος
1313 2620 1526 2689 εἰσόδῳ,
1558 2615 1978 2688 ἐπιδαψιλευθή-

387 2727 567 2762 σεται.

473 2799 630 2854 Ἰδοὺ
687 2800 918 2870 ἕστηκα
997 2801 1098 2855 ἐπὶ
1161 2799 1281 2870 τὴν
1347 2800 1538 2868 θύραν
1602 2798 1702 2852 καὶ
1763 2797 1978 2866 κρούω.

403 2892 710 2957 Ἀϐίαστος,
747 2894 932 2962 φησὶν,
988 2895 1022 2962 ἡ
1057 2893 1166 2965 ἐμὴ
1209 2892 1506 2962 παρουσία.
1540 2891 1650 2961 Τὴν
1680 2889 1852 2960 θύραν
1880 2892 1980 2958 τῆς

387 2981 623 3052 καρδίας
665 2981 868 3053 κρούω,
902 2983 998 3034 καὶ
1030 2985 1144 3046 τοῖς
1178 2981 1490 3051 ἀνοίγουσιν
1528 2982 1622 3036 ἐπὶ
1669 2982 1736 3050 τῇ
1772 2977 1982 3032 ἑαυτῶν

391 3073 642 3143 σωτηρίᾳ
679 3074 1163 3143 συνευφραίνομαι.
1203 3073 1430 3144 Τρυφὴν
1462 3072 1571 3142 γὰρ
1629 3071 1724 3124 καὶ
1768 3070 1982 3122 δεῖπνον

391 3165 494 3234 τὴν
525 3165 802 3235 σωτηρίαν
827 3165 938 3220 τῶν
971 3164 1278 3235 ἀνθρώπων
1323 3165 1542 3235 ἥγημαι
1573 3165 1661 3231 ἐφ’
1703 3159 1785 3225 οἷς
1826 3161 1982 3214 αὐτοὶ

390 3255 708 3324 τρέφονται,
741 3256 835 3308 καὶ
861 3255 952 3308 τὸν
983 3255 1141 3324 λιμὸν
1169 3254 1265 3308 τοῦ
1297 3254 1529 3307 ἀκοῦσαι
1559 3253 1718 3321 λόγον
1749 3251 1982 3322 Κυρίου,

395 3347 496 3402 καὶ
527 3347 620 3401 τὸν
655 3347 846 3401 σκότον
875 3347 973 3415 τῆς
1007 3347 1214 3417 πλάνης
1246 3348 1672 3416 ἀποφεύγουσιν.

507 3439 568 3492 '0
591 3439 793 3503 νικῶν,
819 3439 993 3492 δώσω
1017 3437 1199 3504 αὐτῷ.
1228 3439 1456 3508 Εἴρηται
1483 3438 1586 3508 ήδη
1610 3438 1693 3491 ὃτι
1721 3439 1754 3507 ή
1801 3435 1982 3504 Ἑλλη-

403 3533 530 3603 νικὴ
554 3532 788 3597 παιδεία,
807 3534 906 3604 τὴν
923 3531 1178 3602 τοιαύτην
1199 3531 1454 3596 σύνταξιν
1475 3529 1572 3584 τοῦ
1594 3531 1755 3598 λόγου
1776 3529 1872 3582 καὶ
1898 3528 1989 3581 τὸν

399 3621 642 3675 τοιοῦτον
670 3623 862 3694 εἱρμὸν
901 3621 1000 3692 τῆς
1033 3622 1286 3692 φράσεως
1327 3622 1676 3692 σολοικισμὸν
1718 3619 1896 3686 καλεῖ,
1925 3612 1988 3674 οὗ

399 3715 492 3767 ἐπ’
520 3714 742 3770 ἔλαττον
767 3717 833 3787 τῇ
867 3716 1168 3786 Ἐκκλησία
1195 3716 1438 3786 φροντίς.

1019 3849 1272 3903 ΚΕΦΑΛ.
1307 3845 1364 3902 ι’.

401 3987 550 4056 Περὶ
590 3985 704 4054 τῆς
743 3985 1062 4053 ὁραθείσης·
1091 3982 1252 4056 αὐτῷ
1291 3973 1474 4056 θύρας
1515 3981 1716 4056 ἑν-τῷ-
1735 3979 1990 4056 οὐρανῷ,

476 4051 578 4110 καὶ
607 4051 714 4110 τοῦ
741 4051 989 4124 θρόνου,
1016 4051 1118 4108 παὶ
1148 4053 1269 4108 τῶν
1301 4053 1388 4108 κδ’
1419 4051 1860 4122 πρεσϐυτέρων,
1893 4051 1993 4104 καὶ

475 4126 599 4181 τῶν
619 4125 766 4195 ἑξῆς
785 4125 1164 4193 δειχθέντων.

475 4262 640 4318 Μετὰ
667 4261 854 4316 ταῦτα
877 4257 1062 4326 εἶδον,
1095 4259 1194 4314 καί
1215 4259 1346 4314 ιδοὺ
1379 4259 1530 4327 θύρα
1558 4256 1904 4326 ἀνεῳγμένη
1925 4256 1996 4309 ἐν

405 4354 492 4422 τῷ
507 4355 766 4424 οὐρανῷ,
801 4354 905 4409 καὶ
936 4355 976 4422 ἡ
1008 4351 1178 4423 φωνὴ
1209 4353 1250 4420 ὴ
1285 4351 1484 4420 πρώτη
1514 4349 1594 4418 ἣν
1622 4345 1883 4417 ἥκουσα,
1916 4347 1998 4413 ὡς

406 4447 748 4516 σάλπιγγος
765 4446 1084 4512 λαλούσης
1103 4444 1233 4512 μετ’
1258 4443 1426 4513 ἐμοῦ,
1449 4441 1742 4512 λέγουσα·
1777 4441 1997 4496 Ἀνάϐα

2078 2016 2271 2066 nempe
2296 1999 2539 2070 priorum
2560 1997 2882 2051 delictorum
2921 1992 3308 2052 mutationem,
3343 1985 3520 2040 zelum
3550 1983 3670 2038 sive

2078 2091 2440 2145 imitationem
2475 2093 2762 2143 assumant
2790 2084 2845 2138 hi
2887 2085 2978 2153 qui
3015 2099 3082 2138 ex
3106 2080 3348 2135 ruditate
3381 2076 3467 2130 vel
3519 2076 3670 2128 inso-

2082 2183 2248 2238 lentia
2278 2182 2344 2236 ad
2375 2179 2717 2248 disciplinam
2746 2176 3112 2231 declinarunt.
3141 2171 3208 2225 Et
3234 2184 3357 2240 quae
3379 2165 3670 2222 retributio

2081 2275 2470 2344 benignitatem
2527 2268 2934 2338 consequitur?
2983 2263 3290 2320 Assiduitas
3338 2259 3406 2314 ad
3465 2258 3668 2313 ostium

2082 2383 2188 2422 non
2223 2367 2474 2420 molesta.
2505 2362 2678 2416 Porro
2715 2361 2916 2414 ostium
2955 2358 3008 2410 in
3045 2351 3402 2424 sequentibus
3421 2349 3553 2403 dicit
3573 2361 3670 2401 cor

2081 2475 2270 2514 eorum
2313 2459 2406 2526 qui
2449 2465 2714 2510 vocantur
2743 2453 2809 2507 ad
2843 2447 3282 2519 resipiscenliam
3317 2461 3330 2497 :
3372 2441 3518 2513 quod
3576 2438 3670 2493 ubi

2085 2549 2398 2620 aperuerint
2428 2544 2918 2612 salubriteripsum
2945 2537 3210 2609 pulsanti,
3249 2543 3557 2602 cmteraque
3589 2529 3670 2582 fe-

2083 2619 2260 2694 cerint
2287 2651 2410 2707 quae
2457 2641 2786 2704 sequuntur,
2812 2627 3086 2685 mansueti
3139 2625 3381 2692 bonique
3416 2619 3666 2677 convivae

2084 2729 2334 2798 ingressu
2371 2723 2659 2794 magniﬁce
2685 2737 2748 2776 ac
2771 2719 3072 2776 liberaliter
3096 2715 3434 2770 reﬁcientur.

2161 2817 2295 2871 Ecce
2325 2826 2406 2870 sto
2433 2817 2500 2868 ad
2533 2817 2730 2869 ostium
2763 2821 2813 2867 et
2846 2811 3020 2882 pulso.
3067 2807 3426 2874 Violentiatn,
3472 2802 3674 2872 inquit,

2089 2923 2198 2961 non
2233 2907 2397 2960 habet
2437 2921 2594 2959 meus
2645 2903 2962 2956 adventus:
3008 2898 3210 2953 ostium
3259 2892 3440 2956 cordis
3497 2891 3677 2962 pulso,

2086 3011 2140 3054 et
2165 3015 2272 3053 una
2310 3014 2436 3053 cum
2467 2998 2554 3052 his
2576 2997 2671 3066 qui
2700 2993 2976 3064 aperiunt,
3007 3005 3173 3060 super
3207 2989 3452 3058 ipsorum
3502 2983 3680 3038 salute

2087 3089 2257 3143 laetor.
2295 3087 2526 3142 Delicias
2571 3087 2715 3141 enim
2752 3084 2816 3139 a'c
2860 3098 3073 3139 coenam
3115 3081 3258 3135 duco
3288 3077 3522 3133 salutem
3577 3075 3681 3126 ho-

2089 3183 2298 3235 minutn
2357 3194 2463 3249 qua
2525 3177 2628 3248 ipsi
2681 3185 3008 3247 pascuntur,
3047 3174 3361 3240 famemque
3419 3165 3682 3221 audiendi

2093 3273 2316 3328 verbum
2351 3271 2444 3326 Dei
2475 3285 2540 3326 ac
2572 3270 2828 3325 tenebras
2863 3267 3068 3323 erroris
3099 3265 3389 3334 effugiunt.

2163 3451 2270 3517 Qui
2301 3449 2503 3514 vicerit,
2536 3447 2671 3501 dabo
2699 3448 2766 3500 ei.
2797 3444 2915 3500 Jam
2949 3444 3158 3499 dictum
3208 3449 3293 3496 est
3323 3437 3467 3509 quod
3527 3435 3683 3490 Grue-

2092 3542 2283 3598 canica
2322 3541 2611 3610 disciplina
2647 3535 2967 3607 huiusmodi
3005 3531 3282 3589 sermonis
3329 3527 3685 3598 compositio-

2093 3649 2217 3690 nem
2249 3633 2524 3702 talemque
2553 3631 2774 3700 phrasis
2834 3627 3033 3682 seriem
3071 3623 3450 3680 soltncismum
3500 3625 3682 3680 vocet,

2093 3727 2161 3781 de
2187 3740 2297 3796 quo
2329 3723 2555 3778 minima
2581 3731 2660 3777 est
2685 3719 2941 3776 Ecclesiae
2972 3733 3128 3773 cura.

2722 3853 2952 3909 CAPUT
2982 3851 3050 3909 Χ.

2095 3991 2172 4046 De
2187 3991 2298 4046 viso
2329 3990 2396 4044 ab
2424 3992 2537 4059 ipso
2569 3991 2704 4044 ostio
2731 3991 2782 4042 in
2819 3988 2968 4050 cazlo,
2988 3997 3034 4040 et
3063 3986 3252 4038 throno
3265 3983 3528 4053 acuiginti
3554 3999 3692 4053 qua-

2170 4071 2291 4115 tuor
2341 4062 2658 4126 senioribus,
2686 4069 2736 4113 et
2766 4060 2848 4112 Itis
2884 4074 3002 4128 qua:
3058 4067 3432 4125 consequenter
3473 4065 3688 4108 ostensa

2169 4142 2314 4186 sunt.

2171 4263 2260 4331 IV,
2295 4265 2420 4334 ΜΞ.
2448 4263 2580 4318 Post
2609 4263 2717 4318 lucc
2739 4263 2870 4328 vidi,
2903 4271 2952 4316 et
2986 4277 3100 4315 ecce
3131 4261 3328 4314 ostium
3353 4267 3594 4327 apertum
3635 4259 3690 4311 in

2099 4356 2250 4410 calo.
2277 4355 2346 4408 Et
2372 4371 2469 4410 eoa:
2479 4357 2654 4424 prima
2670 4370 2829 4423 quam
2843 4353 3013 4423 683
3035 4353 3216 4406 audivi
3269 4361 3524 4420 tanquam
3547 4349 3690 4404 tuba:

2101 4447 2360 4518 loquentis
2387 4461 2587 4500 mecum
2622 4445 2837 4498 dicens:
2869 4445 3106 4498 Ascende
3162 4445 3263 4497 huc
3307 4453 3357 4496 et
3407 4443 3688 4496 ostendam

405 4531 554 4601 ὦδε,
587 4539 688 4592 καὶ
735 4538 912 4600 δείξω
945 4553 1046 4589 σοι
1075 4535 1114 4588 ἅ
1140 4534 1234 4588 δεῖ
1275 4533 1554 4602 γενέσθαι
1589 4531 1744 4602 μετὰ
1787 4532 1982 4586 ταῦτα

2101 4539 2197 4592 tibi
2251 4554 2368 4608 qua:
2397 4537 2757 4606 “,oportetﬁeri
2801 4546 2918 4605 post
2952 4542 3082 4590 lucc.
3121 4533 3424 4604 Statimque
3493 4533 3576 4601 {ui
3631 4534 3686 4586 in

409 4631 518 4685 Kal
545 4628 766 4694 εὐθέως
795 4629 1090 4697 ἐγενόμην
1118 4627 1189 4680 ἐν
1217 4625 1536 4692 Πνεύματι.

483 4722 600 4774 Οὐκ
630 4720 822 4790 ἐπειδὴ
869 4719 1134 4788 αἰσθητὴν
1167 4717 1338 4788 θύραν
1379 4715 1626 4786 ἑώρακεν
1673 4715 1732 4767 ἐν
1781 4715 1996 4785 obpaqu

413 4809 772 4878 ἀνεῳγμένην
831 4807 972 4861 κατά
1037 4808 1230 4879 καιρὸν
1291 4809 1388 4860 καὶ
1447 4805 1770 4876 κλειομένην
1825 4805 2000 4860 ταῦτα

413 4903 640 4968 ἔξεισιν,
695 4902 814 4956 ἀλλ’
845 4900 1020 4963 οὕτως
1065 4901 1222 4971 ὤφθη
1265 4902 1344 4970 τῷ
1387 4899 1770 4970 εὐαγγελιστῇ.
1817 4898 1894 4961 ὡς
1931 4899 1998 4952 ἂν

411 4995 502 5047 διὰ
549 4993 721 5063 θύρας
773 4993 1128 5064 ἀνεῳγμένης
1175 4991 1247 5046 τὰ
1291 4991 1442 5044 ἔνδον
1495 4991 1809 5058 ἐπάναγκες
1861 4989 1998 5042 καθ-

411 5085 668 5155 ορᾶσθαι.
689 5086 798 5140 Καὶ
816 5084 1019 5156 φωνὴν,
1037 5086 1224 5154 φησὶν,
1247 5084 1478 5154 ἤκουσα,
1505 5084 1626 5152 ἥτις
1656 5083 1732 5142 ὡς
1761 5081 2000 5149 σάλπιγξ

411 5181 702 5249 ὴχήσασα,
765 5177 1014 5242 Ἀνάϐα,
1065 5177 1252 5247 φησιν,
1303 5171 1420 5230 ὧδε
1443 5215 1458 5238 ,
1520 5176 1582 5228 ού
1641 5175 1788 5244 τόπῳ
1842 5175 2002 5228 τοῦτο

413 5269 706 5338 φάσκουσα
743 5269 806 5320 τὸ
849 5267 1127 5332 ἀνελθεῖν,
1179 5266 1316 5321 ἀλλά
1367 5267 1608 5321 διάνοιαν
1670 5265 2004 5335 μετεωρίσαι

413 5360 526 5413 ἀπὸ
585 5359 694 5412 τῶν
759 5359 1100 5427 περιπεζίων
1157 5359 1253 5412 καὶ
1307 5357 1685 5428 ἀνθρωπίνων.
1750 5357 1890 5409 Ἀλλ’
1949 5358 2002 5411 οἱ

419 5453 658 5522 μάλιστα
685 5452 748 5506 τὸ
777 5451 1104 5522 ἡγεμονικὸν
1147 5449 1482 5518 τυπούμενοι
1519 5449 1608 5502 διὰ
1650 5448 2004 5520 καθαρότητα

415 5543 530 5596 τῶν
551 5542 662 5595 ἀπὸ
681 5542 774 5596 τοῦ
797 5541 988 5595 ὲνύλου
1020 5541 1134 5610 βίου
1165 5539 1418 5610 κηλίδων,
1453 5539 1560 5591 τῶν
1585 5537 1849 5604 ἀξιοθέων
1877 5537 2004 5592 τού-

421 5653 530 5690 των
561 5637 658 5688 καὶ
685 5633 796 5688 τῶν
827 5633 1086 5688 τοιούτων
1116 5633 1446 5704 τυγχάνουσι
1480 5631 1790 5701 θεαμάτων.

493 5725 604 5780 Καὶ
644 5727 682 5796 ἡ
721 5727 890 5796 φωνὴ
925 5726 976 5795 ’ἡ
1016 5727 1214 5795 πρώτη
1259 5725 1340 5794 ἢν
1386 5725 1646 5794 ἤκουσα.
1693 5724 1805 5776 Καὶ
1848 5723 2007 5776 τοῦτο

425 5818 574 5889 παρά
601 5819 698 5888 τὴν
722 5819 816 5873 τοῦ
840 5819 1002 5888 λόγου
1036 5818 1306 5888 σύνταξιν,
1335 5819 1428 5872 καὶ
1452 5816 1612 5882 διατί,
1639 5815 1853 5886 εἴρηται
1880 5815 2003 5885 ἤδη.

2103 4630 2332 4699 Spiritu.

2175 4719 2290 4774 Non
2315 4722 2459 4789 quod
2478 4719 2740 4776 sensibile
2761 4721 2965 4776 ostium
3004 4719 3058 4773 in
3101 4719 3242 4773 etelo
3291 4717 3490 4771 viderit
3545 4723 3686 4769 tem—

2101 4829 2236 4884 pore
2292 4813 2531 4882 qundam
2563 4813 2811 4868 clausum
2857 4822 2912 4866 et
2951 4813 3060 4866 alio
3089 4819 3366 4880 apertum,
3401 4809 3518 4863 haec
3571 4809 3688 4862 dis-

2103 4907 2259 4968 serit,
2293 4904 2389 4961 sed
2423 4906 2497 4959 ita
2526 4905 3173 4974 apparuitevangelistze,
3209 4911 3270 4956 ut
3307 4917 3404 4971 per
3437 4911 3690 4971 apertum

2103 4999 2306 5052 ostium
2351 4999 2612 5052 interiora
2673 5013 2900 5052 necesse
2943 5006 3091 5052 esset
3134 4997 3329 5050 videri.
3377 4993 3443 5048 Et
3475 5009 3693 5050 vocem.

2104 5091 2305 5162 inquit,
2355 5091 2536 5145 audivi
2563 5105 2688 5160 quae
2720 5099 2980 5159 tanquam
3011 5088 3138 5143 tuba
3177 5087 3418 5142 insonuit.
3447 5087 3638 5139 dicens
3675 5101 3689 5136 :

2105 5185 2343 5239 Asceude
2387 5184 2526 5236 huc:
2565 5199 2673 5236 non
2709 5182 2898 5236 dicens
2925 5190 2984 5235 ut
3043 5181 3132 5236 hic
3182 5181 3303 5234 loco
3345 5181 3691 5235 ascenderet.

2105 5277 2202 5332 sed
2229 5285 2466 5330 utentem
2512 5289 2540 5326 a
2575 5273 2918 5342 pedestribus
2934 5273 3170 5343 erigeret
3201 5281 3258 5325 et
3285 5270 3562 5324 humanis.
3580 5267 3689 5323 Vcs

2111 5383 2229 5420 rum
2266 5367 2318 5420 hi
2353 5365 2698 5434 potissimum
2731 5366 2828 5434 qui
2887 5372 3124 5419 mentem
3163 5363 3458 5432 puriticaut
3503 5377 3532 5414 ο
3575 5375 3692 5414 ma-

2107 5459 2247 5514 culis
2285 5473 2408 5526 quae
2447 5458 2498 5510 in
2537 5457 2640 5510 hac
2669 5457 2937 5511 materiali
2987 5457 3094 5510 vita
3129 5453 3553 5514 contrahuntur,
3591 5452 3692 5506 has

2108 5563 2162 5606 et
2183 5550 2498 5620 huiusmodi
2539 5551 2734 5620 dignas
2761 5551 2830 5605 de
2862 5551 2974 5604 Deo
3017 5549 3262 5605 visiones
3293 5551 3690 5612 assequuntur.

2184 5725 2252 5779 Et
2292 5742 2388 5779 v0.1:
2415 5727 2587 5796 prima
2618 5743 2776 5797 quam
2801 5725 2982 5780 audiri
3008 5726 3206 5779 dicens.
3255 5723 3320 5775 [Ct
3347 5721 3452 5776 huc
3501 5729 3695 5788 praeter

2112 5819 2384 5874 sermonis
2404 5819 2840 5886 dispositionem,
2877 5831 2932 5875 et
2985 5834 3149 5890 quam
3181 5817 3249 5873 ob
3299 5828 3526 5872 causam
3587 5811 3696 5874 iam
