4110 6412
488 366 595 433 567

1313 366 1642 429 ΑΒΕΤΗιΕ
1682 364 2059 428 ΟΕΞΑΒΕΙΕ
2096 362 2582 425 ΟΑΡΡΑΒΟΟΙΕ
2623 359 2969 423 EPISCOPI

3654 359 3771 425 568

491 486 705 542 dictum
736 494 841 543 est.
877 484 1135 556 Oporluit
1167 483 1312 539 enim
1350 484 1426 540 ita
1467 484 1651 541 dicere
1679 498 1693 537 :
1725 481 1792 536 Et
1818 498 1923 537 vos
1952 482 2075 547 ejus

2192 482 2389 553 Ἐχρῆν
2412 483 2521 552 γὰρ
2546 482 2690 536 οὕτω
2724 483 2925 550 λέγειν’
2961 482 3073 535 Καὶ
3101 482 3136 553 ἠ
3165 479 3318 551 φωνὴ
3348 477 3444 534 τοῦ
3475 478 3773 547 λαλοῦντος

492 581 587 649 qui
617 581 944 650 loquebatur
989 593 1200 633 mecum
1234 577 1374 631 dixit
1398 596 1415 631 :
1447 578 1699 633 Ascende
1751 578 1860 637 huc
1898 594 1912 631 :
1947 591 2073 630 nam

490 672 568 727 ita
597 683 723 741 apto
752 671 915 726 modo
948 668 1330 736 processisset.

563 762 656 829 iV,
692 763 812 817 2-5.
843 761 913 815 Et
933 777 1051 815 ecce
1092 761 1314 813 thronus
1365 759 1660 828 ponebatur
1707 760 1763 812 in
1820 759 1949 813 calo
1980 775 1998 813 :
2024 769 2074 813 et

493 868 650 919 super
667 858 913 905 thronum
936 851 1119 905 sedens
1140 860 1359 921 aspectu
1379 850 1575 905 similis
1601 851 1768 919 lapidi
1796 852 2001 919 jaspidi
2023 858 2073 903 et

490 940 672 993 sardio
704 953 724 992 :
754 949 803 993 et
852 941 949 993 iris
976 941 1032 993 in
1071 940 1299 993 circuitu
1354 940 1530 993 throni
1567 939 1815 993 similiter
1859 950 2074 1007 aspectu

489 1030 832 1101 smaragdina
866 1048 884 1084 :
916 1042 965 1088 et
995 1035 1055 1085 in
1086 1032 1313 1086 circuitu
1352 1032 1533 1085 throni
1595 1031 1783 1102 viginti
1844 1040 2075 1100 quatuor

488 1122 636 1175 sedes
670 1136 689 1175 :
720 1133 769 1176 et
826 1138 983 1191 super
1035 1124 1220 1193 viginti
1261 1132 1491 1193 quatuor
1525 1121 1673 1175 sedes
1721 1122 1831 1175 vidi
1888 1121 2075 1190 viginti

487 1223 721 1282 quatuor
753 1218 983 1270 seniores
1008 1220 1243 1271 sedentes
1275 1217 1702 1270 circumamictos
1731 1217 1958 1269 vestibus
1989 1216 2075 1268 al-

491 1304 591 1369 bis,
624 1314 673 1359 et
695 1322 854 1375 super
885 1308 1063 1376 capita
1102 1308 1341 1376 ipsorum
1391 1322 1612 1360 coronas
1642 1322 1853 1360 aureas.
1892 1305 1960 1359 Et
2011 1306 2076 1359 de

491 1397 678 1450 throno
730 1398 1074 1468 egrediuntur
1100 1397 1318 1468 fulgura
1372 1407 1421 1451 et
1440 1413 1588 1451 voces
1631 1414 1695 1450 ac
1723 1398 1981 1452 tonitrua.
2004 1395 2075 1449 Et

490 1499 681 1555 septem
732 1488 1014 1559 lampades
1071 1490 1208 1560 ignis
1241 1506 1475 1543 accensa:
1501 1490 1555 1542 in
1587 1498 1867 1558 conspectu
1900 1488 2074 1543 throni

384 1618 393 1628 κ
490 1582 681 1651 ipsius,
712 1596 831 1650 qua:
864 1592 983 1635 sunt
1012 1589 1208 1650 septem
1237 1581 1460 1650 spiritus
1484 1579 1604 1635 Dei.

562 1757 793 1827 Spiritu,
852 1758 1050 1827 inquit,
1109 1758 1434 1813 immutatus
1498 1756 1610 1811 vidi
1653 1756 1930 1820 thronum,
1977 1772 2076 1827 per

491 1864 654 1919 quem
685 1850 1025 1920 signiﬁcatur
1065 1849 1156 1905 Dei
1188 1850 1407 1919 requies
1431 1864 1603 1919 quam
1638 1850 1805 1906 habet
1834 1851 1889 1905 in
1936 1866 2070 1905 san-

490 1941 634 1995 ctis:
679 1942 733 1995 in
768 1942 906 2011 ipsis
942 1942 1088 1995 enim
1124 1941 1430 1996 collocatur
1479 1950 1744 2012 tanquam
1772 1942 2069 2012 capacibus

489 2035 803 2090 divinarum
840 2035 1172 2105 specierum.

561 2131 789 2199 Aspectu
851 2127 1043 2181 similis
1094 2127 1266 2195 lapidi
1316 2127 1547 2197 jaspidi.
1578 2124 1850 2192 Quoniam
1893 2127 2074 2183 visum

490 2221 580 2277 hic
627 2221 971 2275 demonstrat
1020 2218 1265 2285 Patrem,
1300 2220 1639 2288 corporalem
1699 2218 1801 2289 ipsi
1844 2220 2074 2290 ﬁguram

488 2328 600 2369 non
642 2313 907 2384 assignat,
939 2311 1403 2381 quemadmodum
1439 2312 1575 2369 Filio
1624 2312 1678 2366 in
1737 2313 1917 2383 prima
1973 2328 2075 2367 sua

490 2405 710 2460 visione
753 2403 890 2458 :sed
925 2403 1185 2473 pretiosis
1242 2403 1722 2473 lapidibusipsum
1758 2404 2072 2459 assimilat:

483 2496 702 2568 iaspide
747 2494 969 2564 quidem
1046 2502 1232 2563 utpote
1280 2494 1494 2559 viridi,
1542 2495 1863 2562 designante
1931 2497 2075 2563 quod

489 2602 711 2659 semper
731 2587 948 2653 ﬂoreat,
974 2586 1259 2656 vitamque
1287 2586 1615 2643 mortalibus
1640 2587 1836 2643 aﬁ‘erat
1857 2627 1872 2652 ,
1917 2588 2075 2655 juxta

489 2680 546 2736 id
596 2680 745 2749 quod
785 2677 993 2733 dictum
1042 2687 1146 2744 est,
1182 2696 1202 2729 ι
1235 2686 1291 2733 et
1340 2678 1565 2733 herbam
1599 2678 1852 2734 servituti
1899 2681 2077 2734 homi-

491 2786 626 2825 num
662 2772 707 2825 ⁹.
745 2788 763 2823 ι
803 2767 983 2825 Herba
1010 2782 1253 2837 namque
1274 2783 1439 2823 omne
1460 2784 1648 2825 semen
1679 2769 1835 2825 aﬁ‘ert
1859 2770 2003 2840 quod
2046 2786 2077 2825 a

490 2864 604 2918 Deo
625 2863 941 2917 ordinatum
973 2869 1058 2915 est
1079 2859 1146 2915 ad
1165 2860 1483 2915 alimentum
1518 2861 1845 2917 mortalibus
1876 2862 2081 2932 :689

486 2953 661 3026 iaspis
682 2962 864 3008 autem
893 2952 1197 3023 appellatur
1217 2965 1283 3005 eo
1308 2950 1454 3021 quod
1477 2950 1888 3022 assimileturltp
1917 2953 1969 3006 id
1995 2962 2080 3007 est

491 3060 702 3102 veneno
726 3044 933 3117 aspidis
969 3044 1194 3100 :sardio
1225 3058 1357 3098 vero
1396 3052 1617 3113 propter
1645 3054 1906 3099 terrorem
1945 3045 2075 3101 Dei:

2180 576 2298 645 μετ’
2328 575 2465 644 ἐμοῦ
2486 590 2500 604 ⁸
2550 575 2753 629 ’Δνάδα
2778 569 2918 639 ὧδε,
2946 575 3156 644 ἔλεγεν.
3187 572 3347 626 Οὕτω
3374 570 3485 641 γὰρ
3513 572 3769 644 προήχθη

2177 666 2551 738 ἁρμοζόντως.

2247 757 2356 811 Kal
2391 755 2521 811 ιδοὺ
2553 756 2766 826 θρόνος
2802 757 2996 811 ἔκειτο
3026 754 3097 809 ἐν
3122 753 3204 819 τῷ
3230 752 3488 821 οὐρανῷ.
3524 753 3632 809 Καὶ
3665 753 3770 807 ἐπὶ

2175 850 2284 902 τὸν
2308 849 2524 915 θρόνον
2546 847 2887 916 καθήμενος
2905 847 3108 915 ὅμοιος
3131 845 3339 914 ὁράσει
3359 848 3508 910 λίθῳ
3533 844 3773 899 ίὰσπιδι

2177 941 2275 994 καί
2305 940 2553 1009 σαρδίῳ·
2578 940 2680 993 καὶ
2700 936 2816 1008 ἶρις
2836 939 3138 993 κυκλόθεν
3157 937 3265 991 τοῦ
3293 940 3533 1005 θρόνου.
3550 938 3773 1005 ὁμοίως

2176 1032 2385 1100 ὁράσει
2427 1031 2817 1101 σμαραγδίνῳ
2844 1046 2860 1061 ·
2902 1028 3001 1083 καί
3032 1030 3336 1083 κυκλόθεν
3380 1028 3489 1081 τοῦ
3522 1028 3765 1096 θρόνου,

2177 1125 2378 1191 θρόνοι
2399 1124 2913 1190 εἰκοσιτέσσαρες.
2939 1120 3048 1175 Καὶ
3065 1122 3163 1175 ἐπὶ
3186 1120 3328 1187 τοὺς
3350 1121 3605 1187 θρόνους
3621 1118 3771 1183 τοὺς

2176 1214 2698 1281 εἰκοσιτέσσαρας,
2728 1212 3176 1281 πρεσϐυτέρους
3192 1210 3573 1279 καθημένους
3599 1223 3765 1276 περι-

2177 1304 2580 1374 ϐεϐλημένους
2591 1304 2927 1373 ἐνιματίοις
2943 1299 3207 1366 λευκοῖς,
3230 1300 3331 1353 καὶ
3349 1300 3445 1352 ἐπὶ
3462 1298 3571 1365 τὰς
3580 1314 3769 1367 κεφα-

2175 1398 2290 1463 λὰς
2316 1396 2520 1451 αὐτῶν
2534 1395 2877 1464 στεφάνους
2894 1392 3189 1462 χρυσοῦς.
3209 1390 3319 1446 Καὶ
3333 1391 3402 1444 ὲκ
3422 1388 3530 1443 τοῦ
3544 1391 3768 1457 θρόνου

2175 1486 2609 1554 ἐκπορεύονται
2640 1483 2966 1552 ἀστραπαὶ,
2986 1482 3086 1535 καὶ
3113 1480 3326 1550 φωναί,
3351 1478 3453 1532 καὶ
3486 1478 3764 1546 βρονταί.

2178 1579 2283 1633 Kal
2304 1578 2454 1631 ἑπτὰ
2480 1575 2796 1645 λαμπάδες
2821 1573 3015 1642 πυρὸς
3043 1574 3354 1641 καιόμεναι
3373 1569 3638 1623 ἐνώπιον
3656 1569 3767 1622 τοῦ

2177 1670 2397 1737 θρόνου
2419 1667 2629 1731 αὑτοῦ,
2660 1667 2723 1723 αἵ
2752 1667 2913 1719 εἰσιν
2938 1666 3091 1718 ἑπτὰ
3118 1664 3430 1731 πνεύματα
3453 1661 3564 1715 τοῦ
3591 1661 3766 1716 Θεοῦ.

2251 1759 2342 1829 Τῷ
2372 1758 2675 1827 Πνεύματι,
2710 1757 2868 1825 φησὶ,
2897 1756 3190 1819 τυπωθεὶς,
3210 1753 3403 1824 θρόνον
3426 1751 3769 1820 ὶθεασάμην,

2177 1850 2244 1903 δι’
2269 1844 2330 1902 οὗ
2353 1847 2611 1919 δηλοῦται
2636 1850 2669 1916 ἡ
2695 1847 2756 1899 ὲν
2782 1847 2898 1908 τοῖς
2929 1844 3109 1913 ἁγίοις
3140 1843 3450 1905 ἀνάπαυσις
3479 1838 3575 1894 τοῦ
3605 1839 3766 1893 Θεοῦ.

2178 1942 2371 2004 Αὑτοίς
2425 1940 2536 2010 γάρ
2581 1936 2948 2009 ὲνθρονίζεται
2997 1936 3075 2000 ὠς
3116 1935 3448 2006 χωρητικοϊς
3494 1928 3616 1987 οὖσι
3659 1930 3772 1985 τῶν

2178 2033 2341 2085 Θείων
2361 2031 2678 2101 ἐμφάσεων.

2252 2127 2496 2194 Ὀμοιος
2572 2121 2782 2189 ὁράσει
2838 2121 2989 2184 λίθῳ
3054 2115 3287 2172 ἰάσπιδι
3351 2115 3451 2169 καί
3516 2113 3769 2181 σαρδίῳ.

2190 2214 2411 2284 Ἐπειδὴ
2433 2214 2524 2266 τὸν
2546 2212 2768 2281 Πατέρα
2788 2210 2879 2264 τὸν
2898 2209 3165 2279 ὁραθέντα
3190 2206 3426 2260 ἐνταῦθα
3445 2204 3771 2274 παρίστησι,

2179 2307 2496 2379 σωματικὸν
2520 2304 2672 2376 αὑτῷ
2701 2303 3029 2375 χαρακτῆρα
3061 2302 3124 2355 οὐ
3155 2299 3503 2371 περιτίθησιν
3524 2337 3539 2363 ,
3577 2299 3772 2366 ὥσπερ

2176 2398 2256 2469 τῷ
2286 2396 2400 2466 Υίῷ
2423 2398 2482 2449 ἐν
2511 2398 2577 2466 τῇ
2611 2395 2855 2464 προτέρᾳ
2892 2391 3058 2445 αὑτοῦ
3098 2391 3357 2460 ὀπτασίᾳ,
3385 2389 3523 2442 ἀλλά
3564 2388 3774 2458 τιμίοις

2177 2487 2342 2543 αὑτὸν
2368 2487 2540 2550 λίθοις
2565 2484 2881 2549 ἀπεικάζει,
2907 2484 3008 2554 τῆς
3039 2482 3140 2552 μὲν
3170 2481 3417 2544 ίάσπιδος
3441 2480 3516 2541 ὡς
3539 2480 3773 2549 χλοερᾶς

2181 2580 2556 2653 σημαινούσης
2585 2579 2646 2633 τὸ
2675 2577 2928 2640 ἀειθαλὲς
2968 2574 3106 2644 ὁμοῦ
3138 2576 3233 2628 καὶ
3264 2572 3554 2642 φερέσϐιον
3577 2609 3594 2633 ,
3633 2567 3773 2622 καθὸ

2180 2676 2418 2745 εῐρηται,
2456 2692 2475 2725 ι
2528 2672 2624 2726 καὶ.
2655 2671 2821 2742 χλόην
2860 2672 2926 2739 τῇ
2969 2667 3185 2737 δουλείᾳ
3222 2666 3330 2719 τῶν
3374 2662 3700 2735 ἀνθρώπων.
3745 2680 3767 2713 s

2180 2766 2297 2819 Πᾶν
2320 2767 2430 2835 γὰρ
2470 2763 2695 2834 σπέρμα
2728 2762 3023 2833 χλοηφορεῖ
3056 2759 3191 2830 πρὸς
3219 2757 3424 2829 τροφὴν
3452 2758 3564 2818 τοῖς
3606 2754 3773 2817 ζῶσιν

2182 2858 2289 2910 ὑπὸ
2317 2855 2454 2909 Θεοῦ
2482 2856 2837 2924 τεταγμένον.
2874 2853 3092 2911 ’Ίασπις
3121 2849 3177 2902 δὲ
3200 2847 3447 2900 καλεῖται
3473 2847 3556 2898 ὅτι
3586 2842 3773 2912 ὁμοία,

2181 2950 2275 3002 καὶ
2320 2947 2382 3017 ίῷ
2420 2946 2645 3009 ἀσπίδος
2688 2945 2921 2998 ἐοικυῖα.
2960 2941 3173 3011 Σαρδίῳ
3214 2939 3294 3003 δὲ,
3326 2938 3412 2991 διὰ
3443 2937 3505 2989 τὸ
3539 2934 3775 3005 φοϐερὸν

2181 3039 2280 3093 τοῦ
2307 3038 2464 3092 Θεοῦ.
2488 3036 2781 3107 Πυροειδὲς
2808 3035 2917 3104 γὰρ
2944 3034 3007 3087 τὸ
3041 3032 3277 3103 σάρδιον.
3322 3020 3540 3099 Ἐπειδὴ
3571 3028 3683 3098 γὰρ
3714 3026 3777 3077 τὸ

494 3138 660 3193 habet
681 3152 919 3207 namque
937 3135 1166 3192 Sardius
1192 3135 1333 3207 ignis
1355 3136 1618 3205 Speciem.
1645 3136 1915 3203 Quoniam
1934 3141 2082 3197 enim

2189 3133 2310 3185 κατ’
2376 3132 2554 3200 ἄκρας
2626 3128 2864 3198 χρῆσθαι
2926 3128 2992 3197 τῇ
3051 3121 3423 3193 δικαιοκρισίᾳ
3480 3120 3655 3185 Θεὸν,
3713 3117 3775 3169 οὐ

496 3230 633 3285 ferri
674 3245 783 3283 non
836 3237 1021 3296 posset
1049 3228 1217 3293 Deus,
1244 3227 1290 3284 si
1322 3229 1387 3282 ad
1414 3236 1720 3282 extremum
1769 3244 1944 3299 usque
1992 3233 2086 3303 ju-

490 3322 657 3377 stitiae
701 3329 947 3376 uteretur
996 3320 1229 3390 judicio,
1265 3320 1467 3375 merito
1511 3320 1798 3376 clementis
1845 3338 1911 3378 ac
1954 3325 2085 3381 boni

490 3414 697 3483 prabet
752 3420 1134 3484 argumentum
1194 3411 1434 3478 sardius,
1461 3420 1648 3481 utpote
1706 3422 1921 3470 terrens
1958 3419 2085 3487 qui-

491 3508 639 3572 dem,
669 3513 725 3561 et
753 3505 896 3577 ignis
947 3505 1190 3576 Speciem
1245 3503 1429 3560 ferens
1494 3503 1652 3573 lapis,
1683 3514 1741 3560 ut
1772 3508 1950 3572 aiunt,
1988 3509 2083 3564 sed

494 3615 661 3668 quem
687 3615 801 3656 non
822 3598 1003 3654 solum
1069 3598 1268 3653 terrori
1292 3597 1622 3653 dicuntesse
1646 3598 1778 3654 feris
1813 3614 1879 3654 ac
1927 3616 2083 3655 mon-

497 3693 652 3757 stris,
680 3707 869 3747 verum
892 3692 1061 3748 etiam
1088 3690 1346 3746 virtutem
1379 3690 1585 3744 habere
1613 3692 1845 3746 curandi
1864 3692 2084 3748 dolores

498 3799 563 3839 ac
599 3783 880 3839 molestias
914 3799 1035 3854 qute
1069 3783 1275 3838 nostris
1317 3783 1680 3837 innascuntur
1733 3785 2081 3854 corporibus.

496 3876 752 3932 Aitenim
787 3891 1017 3947 magnus
1048 3875 1415 3946 Epiphanius,
1451 3875 1658 3944 ipsum,
1689 3875 1738 3929 si
1787 3875 2084 3946 inungatur

496 3986 698 4026 curare
742 3978 991 4026 tumores
1033 3978 1087 4025 et
1118 3969 1306 4039 plagas
1329 3984 1358 4021 a
1395 3968 1545 4022 ferro
1576 3968 1776 4023 illatas.
1820 3969 2085 4022 Animad-

494 4063 822 4120 vertendum
845 4072 930 4119 est
960 4072 1143 4118 autem
1174 4072 1487 4132 assumptos
1511 4076 1631 4117 esse
1664 4062 1770 4116 hoc
1803 4061 1923 4116 loco
1948 4062 2086 4132 lapi-

494 4155 594 4211 des
639 4171 745 4210 non
800 4154 963 4225 pretii
998 4156 1196 4225 gratia.
1227 4154 1323 4209 sed
1360 4154 1431 4208 ob
1469 4168 1589 4207 eam
1622 4152 2082 4222 signiﬁcationem

496 4260 662 4315 quam
690 4260 753 4300 ex
797 4245 979 4300 colore
1009 4244 1307 4299 habebant.

572 4337 641 4392 Et
697 4338 795 4392 iris
848 4340 904 4391 in
981 4338 1210 4391 circuitu
1262 4336 1458 4390 throni.
1515 4333 1619 4389 Iris
1687 4333 1907 4404 quidem
1965 4350 2089 4403 quae

498 4444 666 4485 sensu
693 4427 1014 4497 percipitur,
1052 4441 1216 4496 quam
1268 4424 1451 4479 divina
1485 4424 1772 4493 Scriptura
1800 4432 1963 4479 vocat
1994 4439 2088 4478 ar-

2193 3224 2452 3295 φορητὸν,
2477 3222 2704 3284 εἰκότως
2724 3219 2819 3274 τοῦ
2846 3217 3171 3283 άνεξικάκου
3200 3218 3295 3270 καὶ
3321 3212 3529 3283 ἀγαθοῦ
3553 3212 3615 3265 τὺ
3642 3211 3778 3280 σάρο

2191 3317 2305 3370 διον
2335 3317 2535 3385 δεῖγμα
2562 3312 2817 3383 παρέχει,
2851 3312 2927 3374 ὡς
2955 3309 3050 3363 τοῦ
3082 3307 3314 3380 φοϐεροῦ
3345 3305 3441 3360 καὶ
3468 3302 3566 3358 τοῦ
3603 3319 3778 3373 πυρο-

2192 3408 2387 3474 ειδοῦς,
2419 3406 2496 3470 ὣς
2527 3423 2679 3476 φασι,
2714 3403 2886 3457 λίθου.
2930 3401 3027 3457 Ὃν
3067 3402 3129 3454 οὐ
3162 3401 3322 3470 μόνον
3354 3395 3588 3468 φοϐερόν
3618 3410 3780 3463 φασιν

2192 3497 2332 3554 εἷναι
2362 3499 2573 3569 θηρίοις
2602 3496 2699 3549 καὶ
2730 3494 3012 3565 φάσμασιν
3037 3533 3052 3557 ,
3087 3490 3223 3543 ἀλλά
3255 3487 3350 3543 καὶ
3378 3483 3781 3557 θεραπευτικὴν

2189 3593 2300 3647 τῶν
2334 3589 2718 3659 ἐπιφυομένων
2762 3586 2839 3655 τῷ
2886 3583 3101 3654 σώματι
3134 3582 3295 3653 ἡμῶν
3333 3577 3600 3647 ἀλγεινῶν
3636 3575 3781 3646 ἔχειν

2190 3685 2443 3752 δύναμιν.
2471 3681 2632 3748 Λέγει
2657 3679 2767 3748 γὰρ
2789 3679 2818 3729 ό
2843 3678 3017 3747 μέγας
3046 3673 3361 3743 Ἐπιφάνιος
3388 3667 3661 3739 ἰατρεύειν
3688 3667 3780 3718 αὐ-

2189 3773 2290 3843 τὴν
2326 3770 2594 3842 οίδήματά
2630 3787 2689 3822 τε
2723 3768 2818 3821 καὶ
2857 3766 2968 3820 ἀπὸ
3006 3766 3225 3835 σιδήρου
3279 3762 3498 3831 πληγὰς
3529 3761 3778 3828 ὲπιχριο-

2194 3867 2385 3935 μένην.
2442 3862 2874 3935 Ἐπισημαντέον
2911 3859 2967 3912 δὲ
3009 3858 3085 3920 ὡς
3121 3860 3154 3927 ἡ
3197 3855 3309 3907 τῶν
3336 3853 3503 3905 λίθων
3546 3848 3779 3903 ἐνταῦθα

2192 3934 2543 4028 παράληψις,
2584 3956 2645 4008 οὑ
2695 3934 3019 4022 τοῦπιμίου
3066 3950 3249 4021 χάριν,
3278 3945 3419 4000 ἀλλὰ
3466 3943 3529 3997 τὸ
3575 3944 3643 3995 ἐκ
3679 3939 3779 4011 τῆς

2191 4050 2355 4122 χρόας
2387 4046 2790 4118 σημαινόμενον
2824 4043 3003 4112 ἔσχεν.

2262 4314 2370 4369 Καὶ
2405 4310 2520 4380 ἶρις
2557 4306 2862 4363 κυκλόθεν
2902 4303 3012 4360 τοῦ
3033 4302 3274 4370 θρόνου.
3314 4299 3384 4353 Ἦ
3414 4297 3518 4369 μὲν
3547 4291 3780 4365 αἰσθητὴ

2189 4402 2325 4476 ῐρις,
2355 4404 2424 4475 ἣν
2441 4404 2476 4473 ἡ
2503 4400 2625 4455 θεία
2654 4398 2850 4470 Γραφὴ
2874 4395 3029 4461 τόξον
3056 4394 3213 4447 καλεῖ
3236 4390 3401 4454 ἡνίκα
3421 4389 3644 4458 φάσκεν
3664 4404 3684 4438 ι
3707 4384 3780 4438 Τὸ

501 4535 653 4585 cum.
705 4519 799 4576 ubi
831 4519 965 4575 dicit
998 4537 1013 4573 :
1046 4536 1065 4569 ι
1120 4522 1325 4573 Arcum
1363 4531 1543 4571 meum
1589 4530 1787 4585 ponam
1829 4515 1887 4570 in
1930 4515 2093 4570 nubi-

2196 4502 2349 4566 τόξον
2378 4518 2481 4571 μου
2505 4498 2700 4568 τίθημι
2728 4497 2787 4549 ὲν
2817 4496 2884 4566 τῇ
2913 4492 3131 4562 νεφέλῃ,
3169 4508 3189 4541 ι
3222 4491 3287 4541 ἐκ
3313 4487 3417 4555 τῆς
3439 4481 3780 4585 ἀντανακλά-

506 4616 611 4669 bus
641 4614 708 4679 ’°,
742 4631 760 4664 ι
793 4627 860 4667 ex
881 4612 1013 4668 solis
1041 4610 1462 4679 repercussione
1493 4609 1763 4674 exoritur,
1794 4607 2091 4677 quandoin

504 4702 670 4758 nubis
718 4716 942 4771 aquosae
986 4700 1258 4756 densitate
1308 4699 1609 4754 conclusus
1653 4699 1849 4770 objicit
1911 4700 2091 4768 ipsam

502 4796 708 4859 lucem,
744 4794 865 4865 eius
925 4808 1021 4863 per
1073 4792 1274 4847 nubem
1318 4792 1639 4857 emissione,
1670 4802 1724 4847 et
1766 4790 1975 4846 variam
2029 4805 2095 4846 sc

506 4887 862 4958 omnigenam
912 4884 1159 4940 colorum
1211 4882 1587 4953 apparentiam
1620 4882 1870 4937 assumit.
1896 4881 1963 4937 Et
2000 4882 2095 4938 illa

503 4980 728 5051 quidem
753 4980 852 5037 iris
876 4978 1003 5034 talis
1031 4987 1136 5034 est.
1177 4975 1350 5032 Porro
1380 4991 1505 5046 qua:
1558 4976 1815 5030 thronum
1846 4974 2093 5029 circum-

505 5074 769 5140 ambibat,
813 5073 986 5129 solius
1039 5070 1317 5141 smaragdi
1362 5069 1599 5140 speciem
1658 5084 1772 5138 prae
1840 5082 1899 5123 se
1956 5066 2096 5123 lere-

505 5167 621 5221 bat.
673 5164 870 5219 lridem
914 5176 1046 5218 vero
1085 5162 1262 5232 ipsam
1306 5160 1525 5215 vocavit
1553 5160 1621 5213 ab
1671 5159 1810 5214 iride
1846 5158 2096 5213 diverso-

506 5275 631 5316 rum
662 5259 911 5315 colorum
944 5271 1069 5328 quae
1101 5254 1246 5325 apud
1278 5268 1379 5310 nos
1413 5262 1522 5316 est,
1553 5260 1615 5307 ut
1644 5252 1961 5307 varietatem
2004 5252 2093 5306 in-

508 5353 821 5422 tclligamus
888 5350 1123 5406 studiosi
1165 5346 1479 5403 divinorum
1556 5344 1874 5416 angelorum
1936 5343 2099 5397 mini-

506 5444 662 5498 sterii
717 5460 731 5496 :
790 5454 1029 5511 quorum
1077 5435 1450 5494 diversitatem
1515 5435 1568 5488 in
1622 5450 1791 5489 unum
1840 5433 2098 5489 terminat

509 5535 700 5590 cllicax
776 5531 1200 5594 ministerium,
1257 5529 1323 5582 ad
1398 5527 1763 5582 imitationem
1826 5525 2089 5591 Domini,

514 5626 961 5697 quandoquidem
997 5631 1052 5677 et
1089 5621 1252 5691 hujus
1295 5620 1709 5675 beneﬁcentiam
1744 5635 1852 5688 qua
1904 5627 2099 5674 cuncta

588 5801 781 5855 “P531.
817 5817 996 5865 CXLVI,
1058 5802 1111 5854 8.
1191 5801 1231 5829 '°
1283 5798 1418 5852 Cen.
1461 5814 1536 5860 ιι,
1593 5797 1680 5849 15.

2194 4612 2331 4657 σεως
2356 4592 2452 4646 τοῦ
2483 4591 2634 4662 ἡλίου
2667 4588 3002 4649 συνίσταται,
3032 4584 3161 4636 ὅταν
3188 4581 3246 4634 ὲν
3276 4578 3552 4649 παχύτητι
3581 4575 3779 4644 νέφους

2193 4684 2497 4747 ὑδατώδους
2543 4678 2957 4751 ἀποληφθέντος
2978 4715 2995 4741 ,
3041 4672 3481 4742 ἀντιφράσσηται
3520 4668 3618 4738 μὲν
3654 4665 3787 4719 αὐτὸ
3815 4701 3831 4741 ι.

2193 4780 2255 4834 τὺ
2285 4779 2404 4849 φῶς
2447 4775 2547 4846 τὴν
2581 4771 2776 4827 ἑαυτοῦ
2811 4768 3103 4839 ὲκπομπὴν
3144 4766 3230 4818 διὰ
3263 4763 3357 4816 τοῦ
3396 4763 3597 4830 νέφους
3620 4797 3636 4821 ,
3670 4774 3789 4810 ποι·

2202 4873 2363 4943 κιλην
2392 4871 2450 4923 δὲ
2479 4869 2575 4922 καὶ
2600 4865 2893 4935 παντοειδῆ
2925 4862 3229 4934 φαντασίαν
3262 4858 3465 4930 χροιῶν
3492 4854 3795 4908 ὑποϐάλλε-

2208 4982 2321 5019 ται.
2353 4962 2598 5031 Κάκείνη
2636 4958 2736 5029 μὲν
2773 4956 3000 5024 τοιαύτη
3030 4956 3065 5023 ἡ
3096 4947 3229 5024 ίρις.
3278 4950 3347 5002 'H
3372 4948 3428 5000 δέ
3453 4963 3517 5015 γε
3545 4945 3638 4997 τὸν
3663 4943 3794 5012 θρό-

2208 5073 2299 5110 νον
2330 5050 2739 5125 περικυκλοῦσα
2759 5090 2776 5116 ,
2826 5046 3104 5118 μονοειδὴς
3135 5038 3605 5112 σμαραγδίζουσα.
3649 5031 3795 5104 Ἶριν

2207 5149 2264 5202 δὲ
2290 5147 2559 5216 κέκληκεν
2591 5144 2763 5213 αὐτὴν
2781 5182 2795 5207 ,
2821 5139 2931 5195 ἀπὸ
2961 5140 3061 5208 τῆς
3092 5135 3225 5205 παρ’
3253 5134 3383 5203 ἡμῖν
3413 5130 3580 5200 ἴριδος
3610 5143 3796 5180 ποικι-

2208 5240 2570 5314 λοχρωμάτου
2594 5278 2610 5303 ,
2643 5237 2719 5300 ὡς
2748 5235 2814 5289 ἂν
2842 5234 2906 5287 τὸ
2935 5233 3193 5299 διάφορον
3220 5226 3330 5281 τῶν
3360 5224 3522 5278 θείων
3544 5219 3795 5314 ἀγγέλων
3856 5246 3863 5252 -

2206 5303 2325 5404 τῆῖ
2351 5303 2728 5400 ἀγαθοεργοῦς
2778 5325 3124 5394 ἐννοήσωμεν
3171 5314 3519 5386 λειτουργίας
3543 5352 3559 5377 ,
3609 5303 3700 5404 ὧν
3734 5307 3796 5359 τὸ

2207 5402 2466 5496 διάφορον
2505 5425 2584 5487 είς
2634 5422 2762 5492 μίαν
2793 5413 3151 5488 ὲνεργητικὴν
3196 5406 3531 5476 ἀποτελευτᾷ
3577 5402 3794 5496 χρείαν,

2211 5491 2351 5572 κατά
2374 5491 2761 5588 ’μίμησιντοῦ
2800 5509 3095 5564 Δεσπότου.
3153 5502 3308 5557 Ἐπεὶ
3348 5499 3445 5554 καὶ
3493 5499 3687 5588 τούτου
3734 5491 3796 5545 τὸ

2212 5585 2523 5681 πάντροφνον
2546 5607 2641 5662 καὶ
2670 5600 3038 5676 εὐεργετικὸν,
3072 5599 3105 5670 ἡ
3139 5595 3444 5667 χλοάζουσα
3469 5588 3571 5658 τῆς
3604 5585 3790 5639 ἰάσπι-
