4110 6404
294 346 406 412 569

1372 349 1765 415 COMMENT.
1807 350 1891 412 IN
1929 350 2461 416 APOCALYPSIN.

3480 362 3588 425 570

293 464 387 527 δος
422 462 572 517 λίθου
615 464 777 533 χροιά
830 464 1179 536 παραδηλοῦν
1224 465 1519 533 ἐϐούλετο,
1566 468 1647 539 τῷ
1682 469 1901 540 πρασίῳ

2009 472 2201 538 nutrit,
2238 473 2482 527 indicare
2509 473 2680 528 voluit
2703 472 2889 531 virens
2917 473 3116 544 lapidis
3150 474 3380 545 iaspidis
3406 478 3586 545 color,

295 556 429 611 εῖδει
461 560 561 628 τῆς
589 558 908 628 σμαράγδου
932 559 1085 613 λίθου
1113 562 1473 633 ὁμοιουμένη.

371 654 584 721 Opas-0t.
612 653 1129 723 εἰκοσιτέσσαρες.
1161 656 1363 727 Θρόνον
1386 699 1401 721 ,
1433 658 1533 711 οὐκ
1566 658 1695 712 ἄλλο
1726 676 1777 711 τι
1811 658 1899 710 ὲν-

292 743 476 798 ταῦθα
496 744 602 816 χρὴ
630 748 792 811 νοεῖν,
820 746 869 798 εἰ
903 747 979 818 μὴ
1011 747 1072 800 τὸ
1098 749 1237 820 πρὸς
1260 751 1327 805 τὰ
1351 750 1471 803 θεῖα
1499 753 1902 819 προστάγματα

297 835 586 905 φιλότιμον
639 836 779 906 πρὸς
840 837 1128 909 ἐργασίαν.
1192 840 1388 903 Mde;
1438 840 1549 911 γὰρ
1605 842 1672 895 ἂν
1725 841 1900 904 οὓτως

297 930 825 1000 Μρασκευασθεῖσα
869 932 1055 1003 ψυχὴ,
1102 933 1287 1005 ὄχημα
1323 935 1467 987 θεῖον
1515 934 1743 1006 ᾶμιλλόν
1782 938 1899 989 ἐστι

300 1020 413 1073 τῶν
436 1020 510 1073 Χε
522 1020 675 1091 ρουϐί
680 1038 740 1090 μ.

371 1113 825 1181 Πρεσϐυτέρους
850 1114 1247 1184 καθημένους.
1286 1118 1421 1186 Περὶ
1453 1117 1549 1170 τοῦ
1576 1117 1813 1189 ἀριθμοῦ
1842 1118 1901 1172 δὲ

300 1202 414 1254 τῶν
435 1204 898 1273 εἰκοσιτεσσάρων
935 1205 1328 1276 πρεσϐυτέρων
1357 1201 1448 1260 ὧδ’
1479 1209 1549 1262 ἂν
1575 1208 1837 1278 θεωροίτο
1866 1210 1899 1280 ὴ

300 1294 639 1364 ὑπεράρχιος
660 1295 755 1347 καὶ
780 1296 813 1366 ἡ
839 1296 1105 1367 ὑπέρθεος
1137 1299 1383 1367 παναγία
1410 1299 1605 1369 Τριὰς,
1630 1300 1721 1353 τὸν
1750 1302 1902 1353 £660-

301 1386 540 1453 ματικὺν
568 1385 825 1456 ἀριθμὸν,
857 1388 917 1441 ὃν
954 1390 1049 1441 καὶ
1076 1391 1361 1457 σύστοιχον
1396 1389 1476 1459 τῷ
1517 1390 1700 1461 ὁρατῷ
1726 1391 1901 1461 αὐτῆς

307 1476 622 1546 συστήματι
675 1477 851 1548 τούτῳ
898 1478 1076 1544 ἔθετο,
1120 1482 1405 1551 καταρχὰς
1462 1482 1603 1535 κατὰ
1646 1484 1710 1535 τὸ
1745 1483 1902 1546 ἀνεξ-

300 1568 603 1638 ερεύνητον
628 1569 729 1639 τῆς
754 1571 958 1639 ἑαυτῆς
993 1574 1191 1642 σοφίας
1220 1572 1385 1643 βάθος
1403 1573 1708 1644 ἰσαρίθμους
1729 1576 1898 1646 ἑαυτῇ

298 1660 638 1726 ἀνελίξασα,
700 1662 793 1716 τὸν
850 1664 1274 1735 εἰκοσιτέσσαρα
1339 1664 1573 1735 ἀριθμὸν
1628 1665 1896 1736 ὑπέφηνε.

300 1752 537 1821 Τριάκις
574 1756 686 1826 γὰρ
730 1755 910 1820 ἑπτὰ,
963 1755 1137 1809 εῐκοσι
1190 1756 1288 1811 καὶ
1322 1756 1381 1811 ἓν
1406 1758 1753 1827 ἀποσωρεύει
1803 1757 1898 1809 τοῦ

298 1844 738 1915 ἀπολειπομένου
756 1847 926 1900 ποσοῦ
944 1848 1038 1901 τοῦ
1063 1849 1239 1902 εἴκοσι
1260 1850 1354 1903 καὶ
1368 1851 1610 1919 τέσσαρα
1634 1849 1759 1920 apto
1771 1849 1893 1919 μοῦ,

298 1936 361 1998 ὃς
387 1936 534 1991 ἐστιν
561 1938 590 1988 ό
611 1937 741 2007 τρία
761 1942 826 2009 τῇ
857 1940 1185 2011 παντουργῷ
1215 1941 1338 2012 θείᾳ
1368 1941 1560 2011 Τριάδι
1592 1940 1894 2002 ἀνατεθεὶς.

299 2026 399 2079 Διδ
417 2028 512 2083 καὶ
533 2029 561 2080 ό
581 2028 807 2100 ἕϐδομος
831 2031 1066 2102 ἀριθμὸς
1090 2032 1385 2103 τριαδικῶς
1408 2032 1736 2101 ἁνελιχθεὶς,
1758 2032 1897 2102 μετὰ

297 2119 399 2173 τοῦ
438 2121 790 2192 ἀνελιχθῆναι
813 2163 829 2187 ,
875 2124 968 2176 τὸν
994 2124 1413 2196 εἰκοσιτέσσαρα
1446 2126 1761 2179 ἀπετέλεσε.
1806 2125 1896 2194 Τῷ

299 2210 522 2282 ἑϐδόμῳ
545 2211 623 2275 δὲ,
652 2212 714 2266 οὐ
745 2215 841 2267 καὶ
870 2214 959 2268 διὰ
1016 2215 1217 2281 παντὸς
1256 2216 1353 2269 τοῦ
1383 2216 1642 2287 αἰσθητοῦ
1687 2217 1895 2286 κόσμου

298 2302 499 2357 τούτου
546 2307 735 2375 χωρεῖ,
767 2307 865 2359 καὶ
903 2307 1047 2360 κατά
1077 2324 1201 2360 τινα
1232 2308 1427 2361 ἑαυτοῦ
1467 2309 1696 2378 δύναμιν
1726 2308 1895 2379 θνητῇ

299 2394 468 2463 φύσει
501 2396 764 2451 ἀδύνατον
799 2399 879 2460 εἰς
909 2398 1028 2451 τόδε
1060 2399 1297 2468 εἰδέναιξ,
1350 2400 1649 2470 Ἰσάριθμοι
1691 2400 1747 2453 δὲ
1785 2401 1899 2462 τοῖς

301 2486 521 2556 θρόνοις
547 2488 599 2539 οἰ
620 2488 941 2558 καθήμενοι,
974 2491 1070 2542 καὶ
1100 2489 1489 2560 πρεσϐύτεροι,
1517 2490 1579 2544 οὐ
1614 2489 1894 2560 νεώτεροι,

300 2579 433 2632 ἐπεὶ
459 2579 554 2632 καὶ
594 2581 627 2650 ἡ
656 2581 965 2649 ἐπαγγελία
994 2582 1095 2652 τῆς
1118 2582 1489 2653 κληρονομίας
1519 2584 1895 2653 πρεσϐυτάτη,

299 2665 382 2729 ὡς
429 2668 535 2738 πρὸ
580 2669 889 2739 καταϐολῆς
940 2670 1149 2740 κόσμου
1199 2674 1721 2742 προητοιμασμένης
1766 2674 1899 2742 ἡμῖν

302 2758 610 2828 βασιλείας.
642 2761 871 2825 Πάντως
893 2762 948 2815 δὲ
974 2766 1087 2826 τοῖς
1114 2762 1221 2833 πρὸ
1252 2764 1563 2833 καταϐολῆς
1598 2765 1804 2835 κόσμου
1839 2765 1901 2818 τὸ

300 2851 544 2906 ἔπαθλον
579 2852 797 2922 ἔχουσιν
824 2854 1170 2923 ἐτοιμασθὲν,
1211 2855 1309 2926 οὐχ
1338 2855 1416 2918 ὡς
1445 2856 1753 2927 νεωτέροις,
1780 2856 1899 2911 ἀλλ’

300 2945 384 3007 ὡς
432 2946 779 3015 ἑγγηράσασι
822 2949 935 3009 τοῖς
979 2946 1145 3009 θείοις
1190 2948 1579 3019 προστάγμασι
1617 2949 1819 3002 δίδοται
1864 2951 1898 3020 ὴ

304 3037 525 3100 αἰώνιος
556 3038 828 3108 βασιλεία.
866 3038 1119 3111 Χρυσοῦς
1158 3040 1216 3093 δέ
1248 3059 1381 3113 φησι
1418 3044 1545 3105 τοὺς
1575 3043 1896 3112 στεφάνους.

2005 564 2345 617 assimilatus
2372 565 2423 617 in
2455 565 2692 635 speciem
2718 565 2935 619 viridati
2972 564 3167 634 lapidis
3192 567 3488 634 smaragdi.

2088 653 2285 724 Viginti
2310 666 2540 725 quatuor
2564 656 2731 710 sedes.
2760 654 2955 711 Sedem
2980 671 3086 712 non
3111 656 3259 711 aliud
3309 657 3589 726 quippiam

2005 757 2219 814 oportet
2248 746 2350 801 hoc
2386 747 2509 801 loco
2540 748 2841 818 intelligere
2874 762 3039 817 quam
3076 746 3384 801 studiosum
3420 761 3592 807 cona-

2006 848 2122 893 tum
2180 841 2247 894 ad
2296 842 2675 910 operationem
2732 840 3043 895 divinorum
3098 841 3405 910 iussorum.
3460 838 3590 894 Solo

2003 932 2149 985 enim
2186 932 2290 986 hoc
2322 932 2487 987 modo
2519 941 2823 1002 przeparata
2860 932 3046 985 anima
3083 931 3329 984 divinum
3360 940 3444 991 est
3492 943 3591 983 ve-

2005 1024 2270 1089 hiculum,
2295 1025 2755 1094 quemadmodum
2782 1034 2836 1079 et
2858 1026 2970 1093 ipsa
3002 1023 3305 1078 Cherubin.

2094 1112 2338 1168 Seniores
2367 1116 2623 1167 sedentes.
2658 1112 2731 1166 De
2757 1126 2989 1166 numero
3015 1110 3211 1179 viginti
3234 1117 3473 1178 quatuor
3502 1121 3591 1161 se-

2004 1206 2223 1259 niorum
2258 1206 2361 1259 hoc
2428 1205 2547 1259 loco
2605 1202 3069 1258 considerandum
3118 1202 3242 1255 erit.
3276 1199 3590 1269 Superemi-

2004 1313 2142 1352 nens
2194 1306 2249 1350 et
2301 1296 2648 1349 divinissima
2692 1294 3153 1361 sanctissimaque
3192 1291 3434 1345 Trinitas
3486 1307 3594 1345 nu-

2005 1404 2218 1442 merum
2265 1386 2662 1457 septenarium,
2712 1400 2876 1455 quem
2926 1386 3090 1439 etiam
3138 1384 3353 1438 affinem
3410 1382 3593 1454 posuit

2005 1483 2133 1536 huic
2155 1496 2267 1536 suae
2292 1478 2652 1540 multitudini,
2681 1478 2840 1531 initio
2868 1477 3024 1547 juxta
3044 1476 3456 1532 inscrutabilem
3478 1490 3594 1529 sua:

2002 1573 2292 1642 sapientiae
2332 1570 2763 1642 profunditatem
2820 1569 3015 1640 aequali
3074 1584 3305 1623 numero
3332 1568 3433 1623 sibi
3488 1567 3591 1636 ipsi

2002 1666 2357 1727 convolvens,
2382 1678 2671 1718 numerum
2710 1661 2906 1732 viginti
2935 1644 3177 1731 quatuor
3212 1659 3476 1715 ostendit.
3501 1656 3591 1711 Si-

2006 1755 2228 1826 quidem
2258 1763 2340 1809 ter
2368 1762 2577 1823 septem
2620 1752 2814 1822 viginti
2848 1760 2901 1806 et
2940 1768 3112 1806 unum
3145 1749 3408 1814 eﬂiciunt,
3431 1747 3599 1820 690

2004 1847 2097 1916 qui
2125 1854 2212 1901 est
2236 1860 2503 1900 numerus
2536 1844 2799 1900 deticiens
2838 1860 2868 1899 a
2904 1844 3098 1913 viginti
3131 1850 3373 1913 quatuor
3416 1855 3596 1895 terna-

2003 1940 2112 2005 rio,
2141 1938 2237 2009 qui
2269 1938 2543 1994 tertiarius
2599 1937 2799 1992 divinae
2847 1935 3103 1991 Trinitati
3157 1935 3404 1990 omnium
3445 1948 3599 1989 erva-

2005 2032 2129 2087 trici
2177 2039 2534 2087 consecratas
2588 2038 2676 2085 est
2728 2047 2744 2086 :
2805 2029 2930 2084 ideo
2982 2043 3205 2098 quoque
3251 2026 3596 2096 septenarius

2006 2122 2457 2178 numerustertio
2489 2121 2928 2175 circumvolutus
2969 2134 3080 2175 una
3100 2134 3227 2172 cum
3261 2114 3592 2171 circumvol-

2006 2225 2170 2269 vente
2227 2213 2468 2268 ternario
2517 2227 2808 2267 numerum
2852 2211 3045 2281 viginti
3079 2220 3315 2281 quatuor
3344 2209 3593 2281 perfecit.

2008 2304 2314 2376 Septenarii
2363 2314 2547 2359 autem
2598 2305 2814 2358 numeri
2860 2320 2992 2357 num
3028 2312 3177 2358 totus
3215 2303 3306 2357 hic
3353 2303 3593 2358 mundus

2005 2397 2286 2454 sensibilis
2317 2411 2490 2467 capax
2519 2406 2603 2451 est
2623 2396 2926 2451 secundum
2944 2410 3099 2450 suam
3139 2396 3395 2450 virtutem
3430 2410 3595 2450 mor»
3686 2402 3691 2407 ‘

2006 2491 2101 2546 tali
2139 2500 2353 2545 naturae
2431 2488 2653 2560 cognitu
2716 2488 3156 2559 impossibilem?
3224 2485 3445 2557 Equali
3497 2502 3594 2541 au-

2007 2594 2116 2639 tem
2142 2598 2373 2637 numero
2396 2598 2522 2638 cum
2553 2582 2781 2638 sedibus
2812 2590 2944 2637 sunt
2978 2580 3031 2634 hi
3068 2579 3162 2651 qui
3189 2579 3399 2642 sedent,
3432 2587 3487 2633 et
3510 2592 3597 2633 se-

2007 2679 2194 2733 niores
2214 2687 2368 2741 sunt,
2399 2691 2509 2731 non
2526 2675 2779 2746 iuniores
2803 2691 2817 2727 :
2844 2672 3105 2743 quoniam
3138 2672 3431 2741 promissio
3454 2684 3595 2741 quo-

2006 2786 2117 2841 que
2140 2769 2431 2825 haereditas
2462 2765 2845 2822 vetustissima
2874 2771 2978 2828 est,
3004 2771 3193 2832 utpote
3218 2770 3406 2830 parato
3435 2760 3597 2815 nobis

2011 2878 2179 2932 regno
2202 2872 2330 2917 ante
2374 2859 2568 2915 mundi
2629 2855 3125 2913 constitutionem:
3168 2869 3335 2923 porro
3369 2852 3457 2908 his
3499 2851 3594 2922 qui

2009 2962 2375 3026 praeparatum
2397 2952 2602 3006 habent
2622 2958 2748 3004 ante
2771 2948 2959 3003 mundi
2988 2946 3439 3001 constitutionem
3456 2958 3595 3012 pra»

2009 3046 2205 3109 mium,
2231 3058 2341 3098 non
2398 3051 2659 3112 tanquam
2717 3038 3140 3100 recentioribus,
3174 3037 3267 3091 sed
3327 3046 3593 3103 tanquam

305 3127 443 3181 Οὐδὲ
484 3127 593 3199 γὰρ
621 3123 739 3198 εῖχὲ
775 3146 830 3182 τι
868 3129 1071 3201 χρυσοῦ
1115 3130 1552 3201 τιμαλφέστερον
1582 3134 1696 3196 τοῖς
1724 3133 1783 3185 ὲν
1820 3132 1899 3202 τῷ

2008 3135 2327 3193 inveteratis
2357 3135 2410 3190 in
2450 3135 2652 3189 divinis
2682 3132 2966 3203 praeceptis
2993 3130 3156 3185 datur
3182 3143 3408 3199 regnum
3432 3134 3596 3180 teter-

300 3220 542 3289 παρόντι
564 3219 665 3293 βίῳ
686 3222 1139 3293 ἐνστρεφομένοις
1161 3222 1516 3277 ὑποτίθεσθαι
1538 3225 1675 3294 πρὸς
1691 3224 1899 3295 ἐναργῆ

2008 3244 2161 3284 num.
2209 3229 2437 3282 Demum
2471 3240 2669 3281 aureas
2718 3224 2855 3279 dicit
2908 3236 3032 3279 esse
3080 3236 3314 3278 coronas
3351 3233 3371 3271 :
3412 3232 3595 3289 neque

301 3310 532 3378 γνῶσιν.

382 3578 493 3636 Καὶ
521 3579 673 3634 ἑπτὰ
698 3580 1016 3648 λαμπάδες
1043 3581 1239 3650 πυρὸς
1262 3584 1599 3653 καιόμεναι.
1626 3585 1739 3650 Τὰς
1765 3587 1907 3642 ἑπτὰ

299 3674 624 3745 λαμπάδας,
646 3673 807 3737 αὐτὸς
836 3676 1190 3745 ὴρμήνευσεν
1216 3676 1359 3730 ἑπτὰ
1387 3677 1698 3749 πνεύματα,
1724 3681 1902 3746 ἅτινα,

303 3766 427 3835 ἦτοι
458 3765 535 3829 ὡς
577 3764 828 3827 Ἡσαΐας,
859 3766 927 3818 τὰ
952 3765 1070 3820 θεῖα
1100 3766 1193 3820 τοῦ
1226 3768 1542 3838 Πνεύματος
1568 3772 1905 3840 χαρίσματα,

306 3859 527 3926 σοφίας,
557 3858 761 3928 ἰσχύος,
797 3858 1016 3927 βουλῆς,
1043 3859 1223 3913 καὶτὰ
1248 3860 1460 3923 τούτοις
1486 3862 1615 3932 ἑξῆς
1640 3863 1721 3916 δεῖ
1742 3867 1907 3930 νοεῖν,

302 3952 364 4019 ἢ,
396 3951 475 4012 ὡς
506 3951 795 4021 Εἰρηναῖος
826 3952 921 4003 καὶ
956 3952 1193 4021 Κλήμης
1221 3954 1249 4005 ό
1281 3954 1670 4024 Στρωματεὺς,
1704 3956 1773 4009 τὰ
1799 3957 1911 4010 λει-

300 4042 572 4113 τουργικὰ
606 4043 839 4097 καὶτῶν
872 4043 1049 4097 ἄλλων
1074 4044 1333 4115 ἐξέχοντα
1368 4047 1691 4117 ταγμάτων.
1737 4049 1910 4105 Ἑπτὰ

306 4135 432 4203 μὲν,
480 4133 569 4187 διὰ
618 4134 717 4205 τὴν
772 4136 1033 4205 ἐφορείαν
1087 4136 1239 4191 τοῦδε
1289 4139 1385 4192 τοῦ
1439 4141 1647 4210 κόσμου
1697 4144 1793 4196 τοῦ
1835 4144 1910 4214 τῷ

304 4228 523 4298 ἑϐδόμῳ
551 4231 837 4300 συστοίχου
866 4232 1117 4302 ἀριθμῷ,
1159 4232 1216 4303 ἦ,
1267 4234 1344 4298 ὡς
1386 4236 1486 4306 ήδη
1531 4239 1908 4310 παρεθέμεθα.

305 4320 614 4387 Καιόμεναι
633 4319 710 4382 δὲ,
739 4320 829 4372 διὰ
852 4321 913 4373 τὸ
938 4323 1228 4376 ἀνένδοτον
1258 4327 1351 4378 καὶ
1377 4327 1625 4395 διηνεκὲς
1655 4330 1758 4399 τῆς
1785 4332 1912 4403 περί

302 4409 369 4459 τὺ
405 4408 549 4460 θεῖον
577 4408 889 4475 ἁγιαστίας.
924 4412 1183 4465 Τοιοῦτον
1219 4415 1327 4486 γὰρ
1373 4417 1468 4469 καὶ
1503 4417 1615 4487 πῦρ
1657 4419 1819 4473 τοῦτο
1848 4422 1909 4474 τὸ

2005 3319 2185 3389 potuit
2231 3319 2529 3389 quidquam
2594 3332 2731 3372 auro
2789 3314 3088 3387 pretiosius
3138 3326 3447 3385 proponere
3508 3311 3597 3366 his

2006 3410 2103 3480 qui
2135 3412 2189 3463 in
2230 3411 2335 3465 hac
2364 3410 2474 3465 vita
2508 3418 2801 3464 versantur
2823 3408 2889 3464 ad
2923 3406 3198 3462 ellicaccm
3223 3413 3277 3461 et
3304 3418 3593 3475 operosam

2002 3501 2402 3571 cognitionem.

2084 3593 2155 3648 Et
2184 3603 2380 3663 septem
2434 3593 2708 3663 lampades
2734 3593 2870 3663 ignis
2907 3604 3167 3647 accensa.
3199 3590 3418 3662 Septem
3457 3590 3599 3645 lam-

2009 3688 2177 3757 pades
2206 3688 2323 3757 ipse
2353 3687 2748 3756 interpretatus
2769 3694 2854 3740 est
2896 3695 3104 3754 septem
3151 3685 3379 3755 spiritus
3422 3703 3435 3740 :
3476 3699 3600 3754 qua:

2010 3790 2126 3846 aut,
2154 3780 2301 3835 sicut
2326 3781 2490 3836 habet
2511 3779 2707 3841 Isaias,
2737 3778 2924 3833 divina
2953 3777 3193 3847 Spiritus
3214 3777 3356 3831 dona
3387 3784 3602 3845 oportet

2010 3870 2334 3940 intelligere,
2384 3885 2581 3940 nempe
2620 3867 2927 3939 sapientiae,
2961 3866 3325 3930 fortitudinis,
3356 3865 3599 3930 consilii,

2006 3974 2208 4033 etquae
2237 3971 2362 4033 post
2396 3963 2514 4016 haec
2542 3969 2851 4031 sequuntur
2886 3976 2899 4013 :
2938 3967 3055 4025 aut,
3089 3958 3233 4012 sicut
3259 3956 3499 4010 Irenams
3546 3964 3604 4009 et

2008 4055 2262 4109 Clemens
2305 4054 2399 4123 qui
2447 4052 2598 4107 varia
2660 4050 3090 4113 consarcinavit,
3124 4048 3500 4102 ministrantes
3546 4057 3603 4102 et

2010 4146 2319 4200 eminentes
2350 4159 2516 4214 supra
2544 4152 2773 4200 caeteros
2824 4141 3071 4197 ordines.
3108 4139 3327 4209 Septem
3354 4138 3600 4209 quidem,

2008 4251 2079 4291 eo
2100 4237 2245 4306 quod
2272 4235 2405 4290 buic
2444 4234 2654 4289 mundo
2693 4233 3041 4303 praesideant,
3074 4230 3168 4299 qui
3214 4245 3338 4285 cum
3372 4243 3607 4287 numera

2014 4329 2325 4398 septenario
2356 4328 2542 4382 nescio
2570 4325 2703 4396 quid
2738 4332 3032 4395 cegnatum
3076 4322 3237 4377 habet
3267 4338 3282 4375 :
3318 4330 3414 4374 aut
3435 4319 3606 4387 sicuti

2014 4422 2127 4491 jam
2190 4420 2583 4490 proposuimus
2625 4433 2639 4470 :
2679 4431 2929 4472 accensa:
2974 4430 3123 4479 vero,
3152 4421 3372 4484 propter
3425 4411 3605 4466 conti-

303 4496 493 4548 ἕνυλον
531 4499 896 4563 ἀδιαλείπτως
930 4502 1166 4568 φωτίζον
1195 4506 1290 4556 καὶ
1336 4506 1554 4575 φλέγον.
1605 4510 1695 4561 Διὸ
1728 4511 1823 4563 καὶ
1867 4512 1895 4564 ό

2008 4526 2170 4565 unum
2190 4520 2436 4565 tenorem
2474 4526 2539 4565 ac
2580 4508 2996 4580 perpetuitatem
3047 4504 3427 4562 sanctimonite
3456 4502 3607 4559 circa

303 4590 603 4691 προςρήτης
633 4591 801 4661 φησίν
823 4608 837 4622 ·
876 4610 898 4644 ι
960 4592 1021 4646 '0
1051 4595 1223 4648 ποιῶν
1252 4597 1381 4659 τοὺς
1421 4598 1694 4666 ἀγγέλους
1738 4600 1906 4654 αὐτοῦ

306 4694 622 4749 πνεύματα.
659 4699 679 4732 s

378 4943 489 4997 Kal
536 4942 797 4999 ἐνώπιον
834 4948 941 5003 τοῦ
981 4950 1203 5017 θρόνου
1233 4952 1315 5019 ὡς
1353 4953 1639 5009 θάλασσα
1679 4960 1906 5031 ὑαλίνη

306 5036 487 5103 ὁμοία
524 5039 910 5105 κρυστάλλῳ.
945 5044 1053 5097 Καὶ
1085 5045 1156 5098 ἐν
1183 5045 1353 5115 μέσῳ
1383 5047 1490 5101 τοῦ
1521 5052 1773 5117 θρόνου,
1806 5056 1907 5109 καί

308 5130 519 5195 κύκλῳ
552 5130 660 5185 τοῦ
684 5133 903 5199 θρόνου
944 5136 1218 5203 τέσσαρα
1246 5135 1359 5198 ζῶα
1389 5139 1648 5207 γέμοντα
1678 5143 1907 5211 ὀφθαλ-

302 5220 439 5289 μῶν
469 5222 816 5292 ἔμπροσθεν
842 5226 941 5279 καί
972 5229 1244 5282 ὄπισθεν’
1271 5231 1369 5284 καί
1398 5232 1466 5285 τὸ
1491 5232 1639 5292 ζῶον
1659 5237 1724 5288 τὸ
1749 5237 1904 5306 πρῶ-

306 5332 418 5368 τον
453 5314 664 5385 ὅμοιον
693 5319 896 5372 λέοντι
916 5336 930 5349 ·
970 5321 1068 5374 καί
1097 5321 1166 5374 τὸ
1192 5322 1475 5391 δεύτερον
1507 5325 1673 5390 ζῶον,
1700 5330 1907 5398 ὅμοιον

301 5406 544 5475 μόσχῳ·
575 5408 675 5461 καί
704 5408 773 5462 τό
800 5411 1003 5477 τρίτον
1031 5411 1177 5471 ζῶον
1196 5454 1211 5474 ,
1248 5414 1395 5481 ἕχον
1433 5418 1764 5483 πρόσωπον
1791 5420 1902 5473 ἀν-

306 5496 573 5564 θρώπου·
598 5498 698 5552 καί
728 5501 795 5554 τὸ
822 5501 1107 5570 τέταρτον
1131 5503 1340 5573 ὅμοιον
1390 5503 1543 5571 ἀετῷ
1572 5510 1901 5579 πετομένῳ.

382 5587 647 5663 Θαλάσσῃ
677 5592 972 5658 ἀπεικάζει
996 5595 1058 5649 τὸ
1096 5596 1437 5652 κατενώπιον
1467 5598 1559 5652 τοῦ
1593 5600 1808 5671 θρόνου,
1843 5603 1905 5656 τὸ

381 5772 423 5803 ⁸⁸
464 5771 609 5827 Psal.
628 5788 743 5839 cui,
766 5774 815 5828 ι.

2012 4603 2227 4658 divina.
2256 4602 2410 4657 Talis
2443 4610 2527 4655 est
2557 4614 2794 4669 namque
2824 4608 2878 4652 et
2902 4597 3045 4666 ignis
3081 4596 3169 4650 hic
3200 4592 3499 4647 materialis
3521 4591 3605 4643 in-

2005 4704 2288 4751 cessanter
2342 4693 2662 4748 illuminans
2692 4706 2757 4747 ac
2807 4689 3194 4746 inﬂammans:
3228 4686 3351 4740 ideo
3383 4697 3603 4755 quoque
3668 4716 3678 4737 ι

2004 4792 2082 4845 ait
2118 4790 2389 4859 Propheta
2443 4806 2457 4843 :
2495 4808 2513 4841 ι
2550 4787 2655 4854 Qui
2679 4785 2812 4841 facit
2846 4784 3069 4852 angelos
3100 4795 3233 4836 suos
3280 4778 3509 4849 spiritus
3547 4785 3605 4835 et

2014 4884 2304 4938 ministros
2332 4897 2463 4937 suos
2493 4880 2672 4949 ignem
2704 4886 2953 4933 urentem
2978 4875 3043 4927 ¹¹.
3079 4891 3099 4925 s

2082 4973 2171 5040 IV,
2201 4972 2257 5038 6,
2277 4972 2329 5027 7.
2356 4971 2425 5025 Et
2455 4948 2815 5037 iurconspectu
2848 4965 3025 5021 throni
3049 4972 3307 5031 tanquam
3342 4974 3492 5012 mare
3522 4956 3575 5009 ri
3676 4948 3683 4962 ’

2011 5075 2187 5119 treum
2220 5064 2400 5119 simile
2449 5060 2730 5132 crystallo.
2762 5057 2828 5111 Et
2860 5060 2917 5111 in
2957 5056 3186 5110 circuitu
3238 5052 3413 5106 throni
3471 5065 3593 5118 qua.

2009 5167 2131 5210 tuor
2167 5156 2423 5209 animalia
2453 5155 2610 5223 plena
2633 5151 2802 5205 oculis
2833 5161 2953 5203 ante
2986 5156 3036 5201 et
3064 5154 3242 5199 retro:
3269 5152 3319 5197 cl
3370 5141 3604 5210 primum

2006 5246 2211 5300 animal
2227 5246 2399 5299 simile
2428 5245 2590 5308 leoni,
2613 5253 2662 5297 et
2721 5239 3015 5295 secundum
3067 5232 3273 5289 animal
3316 5229 3492 5284 simile
3524 5229 3601 5282 vi-

2007 5336 2140 5400 tulo,
2173 5345 2223 5389 et
2264 5334 2481 5389 tertium
2533 5331 2737 5385 animal
2771 5328 2965 5383 habens
3008 5326 3199 5396 faciem
3251 5320 3501 5384 hominis,
3552 5326 3601 5371 et

2003 5433 2251 5495 quartum
2288 5424 2491 5477 animal
2532 5421 2714 5477 simile
2755 5419 2953 5490 aquilas
2981 5415 3206 5472 volanti.

2079 5606 2214 5662 Mari
2242 5605 2513 5663 assimilat
2544 5604 2599 5661 id
2655 5603 2801 5677 quod
2843 5610 2930 5659 est
2964 5602 3016 5657 in
3052 5604 3352 5671 conspectu
3386 5592 3597 5663 throni,
