4110 6412
585 341 688 406 571

584 549 768 604 dinem
821 550 1132 602 divinarum
1169 550 1427 602 virtutum
1457 566 1577 618 qua:
1620 551 1672 603 iu
1703 551 1933 605 circuitu
1977 553 2156 606 throni

583 638 679 692 Dei
708 648 857 702 sunt,
897 637 1041 707 quod
1075 648 1128 692 et
1152 636 1338 691 Daniel
1376 638 1685 706 signiﬁcare
1711 640 1821 693 vult
1853 657 1947 708 per
1981 642 2159 696 inille-

581 726 797 777 narium
827 734 881 779 et
935 725 1292 792 myriadicum
1334 743 1643 781 numerum.
1676 730 1916 784 Vitreum
1975 741 2156 785 autem

581 831 732 869 mare
755 825 808 869 ct
835 803 1204 884 crystallinam
1236 818 1398 888 691
1438 820 1645 875 habens
1676 823 1938 890 speciem,
1975 825 2158 892 splen-

576 908 762 962 dorem
799 909 1045 979 desiguat
1074 911 1520 981 incorporearum
1551 926 1872 972 naturarum
1899 928 1954 973 et
1984 921 2156 988 ipsius

577 1000 782 1066 throni,
817 1003 931 1057 sive
985 1006 1244 1073 angelicre
1279 1008 1406 1061 vita:
1446 1012 1920 1080 tranquillitatem,
1951 1023 2010 1067 ut
2037 1030 2159 1083 qua:

574 1091 928 1148 immobiliter
956 1096 1327 1164 conglutinata
1382 1102 1453 1154 sit
1484 1102 1629 1155 sicut
1671 1104 1870 1157 vitrum
1927 1112 1983 1159 et
2042 1121 2159 1176 cry-

573 1180 792 1246 stallus,
816 1183 897 1236 sic
930 1193 985 1238 ut
1016 1187 1163 1240 nulla
1187 1189 1348 1242 sorde
1372 1191 1724 1248 obtenebrata
1757 1194 1821 1248 ad
1852 1194 2160 1252 insensatas

571 1271 910 1327 turbationes
943 1275 1430 1334 circumﬁectatur.

646 1360 714 1414 Et
743 1363 795 1414 in
828 1366 1054 1418 circuitu
1101 1369 1276 1422 throni
1317 1381 1547 1438 quatuor
1580 1377 1859 1431 animalia.
1906 1380 2159 1447 Quatuor

572 1450 689 1504 h:ec
712 1452 969 1508 animalia
1011 1458 1259 1510 nonnulli
1283 1469 1336 1513 ct
1366 1469 1602 1529 quatuor
1623 1464 1915 1535 Evangelia
1943 1480 1995 1524 et
2022 1486 2160 1538 qua-

571 1550 696 1595 tuor
722 1546 1002 1612 generales
1024 1560 1356 1618 accepcrunt
1385 1554 1612 1609 virtutes
1647 1574 1660 1609 :
1697 1567 1755 1611 ut
1808 1559 1892 1614 leo
1935 1564 2156 1631 qu'rdem

571 1635 844 1704 signiticet
893 1637 1290 1705 fortitudinem,
1333 1653 1385 1697 et
1433 1643 1787 1717 Evangeliutn
1855 1655 2156 1707 secundum

568 1727 864 1794 Joannem,
892 1734 1034 1800 quod
1068 1735 1232 1791 etiam
1264 1739 1743 1795 sanctuslrenaeus
1776 1741 2158 1812 Lugdunensis

1400 347 1725 406 AREN-LE
1763 347 2140 409 CESAREE
2176 348 2664 416 CAPPADOCIIE
2703 358 3046 424 EPISCOPI

586 459 880 512 maximam
921 466 975 511 et
1013 456 1499 525 incomparabilem
1546 459 1867 528 signiﬁcans
1915 461 2158 514 multitu-

2268 464 2497 536 ἄπειρον
2558 471 2651 522 καὶ
2702 473 3023 528 ἀνείκαστον
3081 477 3284 547 πλῆθος

3749 374 3860 436 572

3344 481 3452 534 τῶν
3506 486 3863 542 κυκλούντων

2269 555 2428 611 θείων
2473 561 2757 630 δυνάμεων
2787 566 2865 634 τῷ
2911 567 3084 638 θρόνῳ
3131 571 3413 640 σημαίνων
3439 575 3534 628 τοῦ
3577 579 3738 633 Θεοῦ.
3794 584 3862 634 ’0

2267 651 2361 704 καὶ
2393 655 2587 723 Δανιὴλ
2609 657 2699 708 διὰ
2728 659 2819 710 τοῦ
2854 661 3103 728 χιλιακοῦ
3130 667 3223 717 καὶ
3258 669 3582 736 μυριαδικοῦ
3615 673 3860 742 ἀριθμου

2267 746 2538 816 παριστᾷν
2565 745 2836 814 βούλεται.
2881 751 2946 802 Ἢ
2971 752 3027 804 δὲ
3061 752 3251 824 ὑαλίνη
3278 758 3372 808 καὶ
3395 762 3860 832 κρυσταλλοειδὴς

2266 834 2511 890 θάλασσα
2581 839 2679 907 τὴν
2737 839 3018 907 διαύγειαν
3079 845 3187 896 τῶν
3269 847 3582 917 ἀσωμάτων
3633 852 3860 920 φύσεων

2267 925 2623 995 σημαίνοντος
2671 930 2837 988 ἐστιν.
2871 930 2967 982 καὶ
2999 931 3091 984 τοῦ
3131 935 3258 1001 περὶ
3285 934 3378 987 τὸν
3414 937 3605 1006 Θρόνον
3628 979 3643 1000 ,
3680 941 3858 1008 ἤγουν

2263 1017 2362 1086 τῆς
2390 1019 2688 1088 ἁγγελικῆς
2715 1020 2862 1089 ζωῆς
2892 1022 2952 1074 τὸ
2980 1023 3280 1093 ἀτάραχον,
3314 1028 3410 1080 ἅτε
3444 1031 3724 1097 ἀκινήτως
3774 1032 3858 1095 ὡς

2267 1107 2428 1172 ὕαλος
2449 1115 2731 1180 πεπηγυῖα
2759 1114 2852 1167 καὶ
2877 1114 3237 1183 κρύσταλλος,
3271 1118 3348 1188 τῷ
3377 1121 3510 1189 μηδὲ
3545 1125 3646 1191 μιᾷ
3672 1125 3854 1191 κηλῖδι

2267 1203 2606 1272 σκοτουμένη
2648 1205 2784 1274 πρὸς
2825 1208 3088 1278 ἀνοήτους
3123 1212 3495 1280 περισπᾶσθαι
3539 1213 3850 1285 κλονήσεις.

2344 1376 2614 1443 Τέσσαρα
2645 1377 2758 1438 ζῶα
2781 1381 3060 1448 γέμοντα.
3113 1382 3300 1436 Ταῦτα
3330 1384 3398 1439 τὰ
3440 1386 3690 1458 τέσσαρα
3729 1389 3848 1451 ζῶά

2265 1481 2430 1529 τινες,
2462 1467 2559 1519 καὶ
2587 1469 2656 1521 τά
2701 1471 2945 1541 τέσσαρα
2968 1473 3278 1542 Εὐαγγέλια
3305 1477 3398 1528 καί⁷
3427 1477 3525 1539 τὰς
3572 1479 3849 1548 τέσσαρας

2265 1559 2488 1624 γενικὰς
2517 1561 2719 1628 ἀρετὰς
2749 1561 3024 1627 ἐξέλαϐον,
3050 1565 3143 1617 τοῦ
3171 1567 3271 1634 μὲν
3298 1567 3512 1631 λέοντος
3555 1571 3848 1641 δηλοῦντος

2264 1649 2364 1718 τὴν
2399 1651 2652 1722 ἀνδρείαν
2711 1656 2890 1707 καὶτὸ
2935 1657 3080 1709 κατὰ
3120 1659 3377 1730 Ἰωάννην
3423 1663 3781 1731 Εὐαγγέλιον,
3816 1666 3844 1716 ὃ

2265 1743 2360 1790 καὶ
2389 1740 2672 1808 Εἰρηναῖος
2701 1743 2730 1794 ὁ
2758 1746 3094 1812 Λουγδούνου
3120 1747 3275 1815 ἅγιός
3304 1769 3437 1821 φησι
3460 1753 3561 1822 τῆς
3593 1772 3844 1825 προαιω-

571 1819 708 1874 dicit
735 1823 922 1876 aeterni
967 1825 1120 1892 regni
1168 1826 1589 1894 signiﬁcativutn
1645 1847 1786 1896 esse,
1849 1850 1944 1902 per
1973 1835 2156 1890 illud:

2263 1829 2379 1880 νὶου
2429 1802 2705 1898 βασιλείας
2757 1802 2895 1888 εἶναι
2937 1802 3271 1908 δηλωτικὸν,
3316 1802 3412 1895 τίει
3466 1802 3599 1897 τέξ·
3641 1802 3682 1897 re
3757 1849 3844 1899 Ἐν

576 1925 597 1960 ι
638 1909 694 1963 lu
727 1913 997 1982 principio
1032 1923 1151 1969 erat
1207 1915 1440 1972 Verbum
1479 1938 1491 1973 :
1535 1940 1554 1972 ι
1601 1937 1697 1990 per
1719 1925 1947 1979 vitulum
1977 1936 2157 1981 autem

565 1997 835 2068 justitiam
895 2013 1154 2073 tanquam
1212 2007 1452 2074 prOpriis
1498 2019 1808 2065 contentam
1859 2013 2156 2084 laboribus,

567 2099 622 2142 et
647 2088 1002 2161 Evangelium
1034 2094 1191 2163 juxta
1241 2095 1470 2164 Lucam,
1517 2109 1778 2170 tanquam
1833 2105 2074 2174 legitime
2103 2116 2157 2164 et

567 2182 891 2236 sacerdotali
929 2186 1090 2239 modo
1122 2186 1325 2243 Christi
1360 2193 1734 2262 genealogiam
1775 2197 2095 2255 describens
2138 2218 2153 2255 :

568 2287 666 2341 per
698 2275 940 2344 aquilam
976 2293 1104 2332 vero
1141 2283 1583 2350 temperantiam,
1616 2302 1738 2339 nam
1775 2287 1840 2340 de
1871 2289 1972 2344 hac
2001 2293 2157 2346 testi-

567 2367 810 2420 monium
842 2368 1005 2422 datur
1038 2369 1168 2426 huic
1193 2373 1440 2437 animali,
1479 2385 1534 2430 ct
1589 2375 1945 2447 Erangelium
1992 2382 2153 2451 juxta

567 2455 834 2522 Marcum,
895 2468 1082 2528 utpote
1131 2464 1582 2531 compendiosum
1633 2481 1686 2522 et
1740 2486 1769 2523 a
1830 2473 2153 2542 prophetico

567 2543 778 2616 Spiritu
817 2549 1110 2620 incipiens.
1138 2552 1312 2609 Porro
1350 2572 1445 2625 per
1470 2557 1743 2615 hominem
1782 2565 2150 2632 prudentiam,

565 2650 621 2693 ct
652 2639 1003 2712 Evangelium
1033 2645 1187 2714 juxta
1219 2647 1556 2719 Matthatum,
1585 2662 1644 2707 ut
1687 2656 1779 2723 qui
1825 2659 2150 2714 naturaliter

563 2739 756 2786 etnon
796 2734 913 2804 lege
940 2737 1318 2805 praedicaverit
1363 2743 1567 2797 Christi
1601 2747 1964 2803 nativitatem.
2015 2748 2150 2804 For-

566 2824 732 2879 tassis
767 2834 948 2882 autem
984 2839 1032 2883 et
1063 2847 1158 2898 per
1180 2833 1295 2888 hinc
1333 2835 1668 2905 signiﬁcatur
1691 2838 1894 2895 Christi
1924 2841 2147 2911 dispen-

562 2918 707 2970 satio
745 2938 757 2972 :
792 2934 886 2988 per
929 2920 1165 2986 leonem,
1212 2933 1475 2995 tanquam
1532 2944 1624 2983 rex
1665 2933 1975 2989 ostenditur
2006 2953 2020 2990 :
2050 2951 2148 3005 per

563 3007 818 3076 vitulum,
840 3022 899 3066 ut
921 3015 1200 3081 sacerdos,
1225 3017 1335 3072 imo
1365 3021 1535 3089 magis
1562 3031 1620 3076 ut
1651 3025 2016 3094 sacriﬁcium;
2049 3042 2146 3097 per

564 3098 864 3166 hominem,
927 3106 1070 3174 quod
1115 3117 1337 3177 propter
1390 3127 1490 3165 nos
1525 3113 1605 3165 vir
1651 3113 1722 3166 sit
1747 3113 1970 3170 eﬂcctus
2005 3138 2018 3173 :
2049 3133 2144 3187 per

559 3191 822 3259 aquilam.
859 3203 1118 3264 tanquam
1142 3201 1302 3252 dator
1335 3202 1529 3256 viviﬁci
1567 3203 1808 3273 Spiritus
1867 3222 1930 3262 ac
1977 3224 2142 3279 super

559 3297 753 3337 omnes
779 3283 1105 3342 devolantis.
1133 3289 1242 3343 Aut
1270 3292 1416 3360 quod
1457 3309 1554 3362 per
1586 3305 1826 3364 quatuor
1849 3298 1966 3353 haec
2013 3301 2139 3354 ani-

560 3375 724 3430 malia
779 3375 874 3430 Dei
910 3389 1192 3448 aspectum
1225 3396 1551 3454 assequatur
1594 3400 1845 3445 creatura
1900 3407 1966 3446 ex
2006 3409 2144 3463 qua-

558 3473 684 3520 tuor
707 3469 992 3526 elementis
1017 3474 1306 3529 commista
1337 3494 1350 3530 :
1379 3494 1571 3545 nempe
1604 3479 1749 3549 igne,
1783 3497 1946 3548 aqua,
1974 3494 2140 3550 terra,

555 3573 703 3624 aere,
739 3569 996 3631 tauquam
1028 3564 1141 3618 hazc
1160 3568 1417 3622 animalia
1447 3571 1563 3625 visa
1609 3574 1675 3626 ad
1708 3573 2139 3644 designationem

556 3651 960 3708 mundanorum
1006 3656 1402 3714 elementorum
1461 3664 1770 3719 referantur
1825 3686 1837 3720 :
1881 3667 1965 3721 leo
2015 3670 2140 3737 qui-

556 3740 706 3807 dem,
732 3753 948 3812 propter
979 3747 1387 3806 animositatem
1434 3761 1488 3807 et
1535 3756 1818 3811 audaciam
1863 3760 1929 3812 ad
1958 3761 2137 3829 ignem

557 3831 994 3902 designandum;
1032 3837 1234 3894 vitulus
1266 3849 1473 3911 autem,
1520 3857 1742 3916 propter
1793 3851 2139 3917 operationes

558 3923 704 3978 circa
750 3933 973 3984 terram.
1016 3929 1191 3997 ipsam
1236 3942 1435 3988 terram
1480 3952 1642 4006 quam
1681 3953 1923 4006 exercet;
1975 3942 2139 3998 homo

556 4028 689 4068 vero
723 4029 924 4082 aerem,
961 4019 1229 4089 siquidem
1266 4023 1428 4078 homo
1479 4028 1716 4082 cmlestis
1766 4045 1830 4084 ac
1887 4032 2139 4088 sublimis

555 4116 812 4160 creatura
875 4118 960 4162 est
1017 4123 1239 4181 propter
1298 4117 1499 4171 mentis
1550 4120 1931 4176 subtilitatem.
1965 4123 2137 4179 Porro

555 4198 734 4265 aquila
794 4199 861 4252 ad
913 4214 1112 4270 aquam
1164 4205 1596 4276 designandum;
1653 4226 1718 4265 ex
1785 4215 1944 4283 aquis
1989 4217 2134 4272 enim

553 4299 729 4343 nacta:
753 4300 883 4345 sunt
915 4293 1165 4349 volucres
1202 4300 1637 4364 generationem.

627 4379 716 4446 IV,
749 4383 906 4436 8-H.
945 4383 1011 4436 Et
1039 4397 1268 4455 quatuor
1292 4392 1611 4445 animalium
1632 4394 1844 4465 singula
1872 4399 2131 4454 habebant

2261 1919 2404 1990 ἀρχῇ
2439 1917 2506 1990 ἦν
2548 1923 2576 1972 ὁ
2609 1925 2785 1992 Λόγος
2808 1942 2823 1957 ο
2867 1947 2884 1978 ι
2932 1928 3028 1981 τοῦ
3063 1930 3120 1983 δὲ
3166 1933 3390 2002 μόσχου,
3421 1937 3520 2004 τὴν
3561 1937 3847 1991 δικαιοσύ-

2261 2026 2382 2078 νην,
2418 2009 2515 2064 άτε
2555 2017 2666 2077 τοῖς
2707 2017 2934 2080 οἰκείοις
2983 2020 3327 2090 ἀρκουμένου
3377 2026 3586 2093 πόνοις,
3637 2031 3734 2082 καὶ
3781 2030 3844 2082 τδ

2260 2103 2400 2154 κατὰ
2427 2103 2642 2158 Λουκᾶν
2669 2107 3021 2175 Εὐαγγέλιον,
3053 2111 3128 2174 ὡς
3157 2114 3397 2182 νομικῶς
3419 2117 3514 2169 καὶ
3547 2119 3842 2188 ἱερατικῶς

2257 2193 2349 2245 τὸν
2393 2196 2630 2265 Χριστὸν
2684 2201 3192 2271 γενεαλογήσαντα’
3246 2206 3340 2258 τοῦ
3406 2207 3463 2260 δὲ
3524 2209 3686 2262 ἀετοῦ
3739 2211 3843 2281 τὴν

2262 2290 2646 2358 σωφροσύνην·
2689 2290 2882 2362 (ταύτῃ
2923 2294 3032 2363 γὰρ
3061 2300 3421 2367 μαρτυρεῖται
3465 2301 3524 2352 τὸ
3550 2301 3711 2370 ζῶον)
3745 2309 3841 2355 καὶ

2255 2376 2318 2429 τὸ
2349 2378 2490 2430 κατὰ
2525 2381 2752 2449 Μάρκον
2789 2383 3120 2451 Εὑαγγέλιον
3157 2386 3422 2458 σύντομον
3457 2389 3538 2453 ὃν,
3577 2392 3674 2444 καὶ
3722 2394 3837 2445 άπὸ

2254 2468 2348 2521 τοῦ
2379 2471 2719 2540 προφητικοῦ
2757 2474 3070 2543 ΙῙνεύματος
3110 2475 3452 2546 ἀρξάμενον
3496 2480 3592 2534 τοῦ
3636 2482 3696 2535 δὲ
3736 2485 3837 2535 άν-

2255 2561 2474 2631 θρώπου
2496 2564 2594 2633 τὴν
2633 2567 2916 2637 φρόνησιν,
2944 2569 3038 2622 καὶ
3069 2570 3132 2623 τὸ
3163 2572 3304 2624 κατὰ
3341 2573 3618 2626 Ματθαῖον
3651 2575 3836 2644 Εὐαγ-

2253 2655 2452 2722 γέλιον,
2483 2655 2560 2719 ὡς
2591 2659 2836 2725 φυσικῶς
2869 2661 2963 2712 καὶ
3015 2660 3076 2712 οὐ
3110 2661 3262 2732 νόμῳ
3289 2664 3533 2734 κηρύξας
3557 2666 3658 2735 τὴν
3697 2667 3837 2736 Χρι-

2254 2745 2381 2796 στοῦ
2412 2745 2688 2815 γέννησιν.
2727 2745 2884 2811 Ἴσως
2923 2749 2978 2801 δὲ
3008 2751 3102 2803 καὶ
3125 2752 3213 2805 διὰ
3252 2753 3457 2807 τούτων
3479 2757 3512 2824 ή
3543 2757 3836 2825 οἰκονομία

2251 2837 2490 2907 Χριστοῦ
2529 2837 2798 2908 δηλοῦται.
2849 2843 2948 2895 Διά
2998 2842 3092 2896 τοῦ
3127 2842 3376 2908 λέοντος,
3428 2848 3504 2909 ὡς
3547 2848 3830 2917 βασιλεύς.

2250 2927 2350 2981 Διὰ
2382 2929 2474 2981 τοῦ
2523 2929 2748 2999 μόσχου,
2785 2931 2861 2994 ὡς
2903 2933 3105 3003 ἱερεὺς,
3145 2936 3344 3004 μᾶλλον
3369 2937 3426 2990 δὲ
3471 2941 3564 2992 καὶ
3606 2942 3829 3010 ἱερεῖον.

2247 3020 2349 3073 Διά
2380 3020 2473 3073 τοῦ
2502 3021 2795 3092 ἀνθρώπου
2828 3025 2903 3087 ὡς
2949 3024 3017 3076 δι’
3064 3027 3211 3096 ἡμᾶς
3240 3029 3555 3100 ἀνδρωθείς.
3601 3033 3704 3086 Διά
3731 3033 3830 3087 τοῦ

2174 3160 2216 3219 c
2250 3113 2435 3177 ἀετοῦ,
2487 3114 2564 3177 ὡς
2608 3117 2844 3185 χορηγὸς
2895 3118 2988 3170 τοῦ
3045 3119 3310 3182 ζωοποιοῦ
3359 3123 3676 3193 Πνεύματος
3733 3129 3831 3179 καὶ

2251 3207 2348 3259 ἐπὶ
2379 3209 2590 3271 πάντας
2621 3209 3021 3274 καταπτάντος.
3058 3213 3127 3264 Ἢ
3151 3213 3233 3266 ὅτι
3267 3214 3354 3267 διὰ
3387 3217 3497 3268 τῶν
3542 3219 3830 3289 τεσσάρων

2250 3295 2458 3350 τούτων
2493 3297 2669 3364 ζώων,
2701 3299 2735 3369 ἢ
2758 3301 2824 3353 ὲκ
2853 3300 2964 3354 τῶν
2995 3303 3279 3374 τεσσάρων
3307 3306 3827 3378 στοιχείων,πυρὺς,

2251 3387 2459 3453 ὕδατος,
2485 3389 2610 3456 γῆς,
2635 3389 2819 3459 ἀέρος,
2837 3392 3141 3462 σύγκρατος
3160 3395 3335 3459 κτίσις
3356 3397 3454 3466 τῆς
3479 3399 3712 3468 ἐποψίας
3733 3401 3829 3454 τοῦ

2249 3478 2385 3532 Θεοῦ
2418 3481 2732 3550 τυγχάνειν,
2765 3481 2841 3546 ὼς
2874 3483 2938 3536 ὲκ
2966 3483 3174 3538 τούτων
3215 3487 3522 3555 ὁραθέντων
3559 3490 3719 3553 ζώων
3746 3495 3829 3556 εἰς

2249 3569 2600 3624 ὑποτύπωσιν
2621 3573 3044 3644 ἀναφερομένων
3073 3576 3180 3629 τῶν
3211 3579 3494 3648 κοσμικῶν
3517 3584 3822 3653 στοιχείων,

2247 3661 2460 3726 λέοντος
2497 3663 2618 3732 μὲν,
2639 3665 2729 3718 διά
2758 3665 2817 3718 τὸ
2846 3665 3078 3735 Θυμικὸν
3109 3668 3204 3721 καὶ⁵
3229 3668 3454 3739 θερμὸν,
3485 3675 3566 3736 εἰς
3595 3675 3657 3726 τὺ
3687 3675 3820 3746 πῦρ.

2246 3752 2465 3821 Μόσχου
2503 3752 2579 3815 δὲ,
2606 3753 2694 3806 διὰ
2723 3754 2790 3807 τά
2823 3757 2954 3824 περὶ
2982 3756 3080 3826 τὴν
3124 3758 3228 3826 γῆν
3255 3758 3395 3830 ἔργα
3431 3762 3511 3824 εἰς
3551 3763 3651 3834 τὴν
3693 3765 3822 3834 γῆν.

2259 3843 2577 3913 Ἀνθρώπου
2601 3845 2678 3907 δὲ,
2711 3846 2790 3910 εἰς
2818 3845 2910 3898 τὸν
2938 3847 3095 3917 ἀέρα.
3129 3849 3393 3919 Οὐράνιον
3422 3852 3532 3923 γὰρ
3559 3855 3652 3907 καὶ
3689 3874 3820 3925 μετ-

2249 3935 2442 4007 άρσιον
2476 3937 2645 4005 φυτὸν
2673 3936 2963 4008 ἄνθρωπος
2989 3938 3079 3992 διὰ
3109 3941 3209 4010 τὴν
3238 3941 3333 3994 τοῦ
3365 3943 3456 3996 νοῦ
3491 3946 3819 4016 λεπτότητα.

2258 4025 2444 4078 Ἀετοῦ
2475 4026 2534 4079 δὲ
2563 4028 2642 4090 εἰς
2681 4027 2743 4080 τὸ
2781 4027 2943 4098 ὕδωρ.
2989 4029 3078 4094 Ἐξ
3125 4031 3334 4086 ὑδάτων
3363 4032 3474 4104 γὰρ
3499 4036 3533 4106 ἡ
3563 4037 3821 4105 γέννησις

2243 4119 2354 4182 τοῖς
2381 4122 2622 4189 πτηνοῖς.

2314 4383 2423 4437 Kal
2467 4383 2735 4452 τέσσαρα
2759 4383 2872 4444 ζῶα
2904 4384 2976 4440 ἓν
2999 4388 3129 4443 καθ’
3156 4387 3246 4454 ἐν,
3269 4385 3442 4458 εἶχον
3465 4391 3586 4446 ἀνὰ
3608 4391 3822 4462 πτέρυ-

550 4472 671 4523 alas
703 4489 855 4525 senas
880 4474 936 4525 in
966 4475 1215 4537 circuitu,
1242 4488 1291 4530 et
1320 4477 1462 4534 intus
1490 4481 1643 4549 plena
1671 4495 1820 4537 erant
1849 4487 2038 4541 oculis.
2065 4486 2133 4540 Et

2249 4491 2350 4542 γας
2395 4473 2464 4537 ἓξ
2513 4476 2833 4529 κυκλόθεν.
2885 4475 2995 4528 Kal
3032 4477 3261 4531 ἔσωθεν
3296 4478 3553 4549 γέμοντα
3596 4482 3819 4549 ὀφθαλ-

550 4563 783 4629 requient
815 4580 915 4616 non
940 4564 1130 4618 habent
1159 4567 1242 4620 die
1276 4586 1339 4620 ac
1373 4581 1524 4624 nocte
1549 4572 1782 4627 dicentia
1811 4588 1830 4627 :
1877 4576 2132 4643 Sanctus,

549 4662 790 4718 sanctus,
808 4666 1050 4722 sanctus,
1077 4657 1336 4715 Dominus
1357 4661 1492 4715 Deus
1513 4667 1867 4733 omnipotens,
1887 4671 1977 4738 qui
1997 4680 2131 4738 erat,

548 4756 601 4797 et
623 4746 712 4813 qui
735 4755 836 4810 est,
861 4756 910 4800 et
941 4749 1030 4816 qui
1055 4751 1211 4805 venit.
1243 4750 1313 4804 Et
1328 4755 1744 4828 quandocunque
1765 4761 2001 4814 dederint
2035 4763 2134 4816 illa

551 4836 812 4889 animalia
875 4839 1103 4908 gloriam
1146 4851 1194 4895 et
1243 4844 1490 4898 honorem
1525 4848 1690 4918 692
1739 4859 1789 4904 et
1831 4855 2132 4922 gratiarum

549 4929 813 4982 actionem
844 4932 1044 4986 sedenti
1073 4934 1126 4986 in
1152 4934 1339 4989 throno
1369 4939 1460 5007 qui
1481 4940 1606 4994 vivit
1650 4943 1704 4995 in
1739 4946 1936 4998 sarcula
1965 4965 2134 5002 sa'cu-

550 5018 748 5085 lorum,
775 5023 1043 5089 prociderat
1065 5027 1249 5097 viginti
1269 5041 1494 5097 quatuor
1517 5033 1748 5087 seniores
1785 5049 1909 5090 ante
1947 5039 2131 5093 seden-

550 5122 654 5166 tem
680 5115 732 5166 in
763 5115 969 5181 throno,
1001 5129 1051 5173 et
1080 5120 1376 5175 adorabunt
1403 5125 1648 5180 viventem
1673 5129 1726 5180 in
1747 5132 1941 5185 sarcula
1963 5149 2132 5187 sarcu-

549 5202 748 5259 lorunt.
784 5205 853 5258 Et
882 5208 1130 5277 objicient
1163 5228 1383 5266 coronas
1430 5232 1552 5269 suas
1593 5229 1714 5272 ante
1749 5221 2015 5288 thronum,
2048 5225 2132 5277 di-

545 5306 722 5351 centes
754 5298 997 5369 :Dignus
1031 5318 1106 5366 es,
1157 5303 1380 5360 Domine
1420 5319 1468 5361 et
1518 5307 1655 5365 Deus
1697 5327 1872 5367 noster
1923 5326 2125 5379 sancte,

549 5389 785 5458 accipere
824 5391 1050 5461 gloriam
1081 5403 1131 5448 et
1167 5396 1412 5452 honorem
1438 5417 1500 5453 ac
1533 5405 1844 5470 potentiam,
1881 5408 2130 5476 quoniam

551 5489 613 5530 tu
641 5483 834 5535 creasti
870 5486 1070 5551 omnia,
1114 5496 1164 5541 et
1201 5502 1410 5559 propter
1443 5493 1768 5549 voluntatem
1811 5506 1954 5551 tuam
1981 5509 2130 5554 erant

553 5580 605 5624 et
631 5581 807 5626 creata
847 5585 990 5633 sunt.

2235 4563 2386 4633 μῶν,
2428 4564 2526 4617 καὶ
2583 4565 2935 4619 ἀνάπαυσιν
2967 4569 3079 4621 οὐκ
3137 4569 3395 4637 ἔχουσιν
3437 4571 3666 4640 ἡμέρας
3720 4574 3818 4627 real

2238 4656 2459 4721 νυκτὸς
2499 4657 2781 4726 λέγοντες
2817 4674 2829 4686 ·
2863 4660 3075 4728 Ἄγιος,
3098 4659 3284 4730 ἅγιος,
3330 4663 3518 4732 ἅγιος,
3540 4667 3760 4734 Κύριος
3788 4669 3819 4719 ό

2240 4749 2384 4814 Θεὸς
2422 4753 2454 4804 ό
2477 4751 2917 4818 παντοκράτωρ,
2950 4754 2982 4804 ὁ
3012 4749 3110 4821 ἦν,
3135 4754 3232 4806 real
3257 4755 3288 4807 ὁ
3319 4755 3426 4820 ὢν,
3459 4756 3560 4809 real
3582 4759 3616 4810 ό
3645 4756 3818 4824 ἐρχό·

2231 4857 2436 4910 μενος.
2463 4840 2567 4893 Kal
2600 4840 2684 4893 ὅτ’
2718 4839 2796 4894 ἂν
2831 4841 2980 4895 δῶσι
3011 4844 3084 4896 τὰ
3115 4842 3228 4904 ζῶα
3246 4845 3453 4917 δόξαν,
3482 4847 3581 4900 real
3609 4847 3814 4916 τιμὴν,

2236 4933 2332 4986 real
2374 4934 2766 5001 εὐχαριστίαν
2803 4933 2884 4999 τῷ
2921 4936 3238 5005 καθημένῳ
3292 4939 3392 4991 ἐπὶ
3433 4939 3541 4992 τοῦ
3571 4941 3812 5007 θρόνου,

2236 5024 2314 5089 τῷ
2353 5023 2520 5084 ζῶντι
2554 5027 2641 5090 εἰς
2672 5025 2814 5090 τοὺς
2841 5025 3061 5092 αἰῶνας
3092 5028 3211 5080 τῶν
3249 5027 3498 5093 αἰώνων,
3549 5030 3816 5083 πεσοῦν-

2232 5135 2326 5171 ται
2356 5120 2411 5171 ol
2455 5117 2940 5186 εἰκοσιτέσσαρες
2973 5121 3362 5188 πρεσϐύτεροι
3397 5119 3655 5173 ἐνώπιον
3705 5123 3812 5176 τοῦ

2233 5211 2572 5279 καθημένου
2605 5210 2704 5264 ἐπὶ
2741 5210 2846 5264 τοῦ
2894 5211 3136 5278 θρόνου,
3167 5212 3267 5265 real
3305 5213 3814 5281 προσκυνήσουσι

2234 5305 2312 5369 τῷ
2338 5304 2505 5363 ζῶντι
2529 5306 2617 5367 εἰς
2646 5303 2789 5370 τοὺς
2819 5303 3038 5369 αἰῶνας
3093 5302 3212 5356 τῶν
3255 5305 3504 5359 αἰώνων.
3540 5308 3649 5359 Kal
3695 5307 3812 5369 ,βα-

2231 5395 2414 5449 λοῦσι
2451 5395 2593 5460 τοὺς
2632 5395 2974 5464 στεφάνους
3007 5393 3208 5450 αὐτῶν
3243 5396 3499 5450 ἐνώπιον
3526 5397 3634 5450 τοῦ
3678 5399 3803 5463 θρό-

2233 5503 2365 5544 νου.
2401 5484 2714 5553 λέγοντες·
2756 5486 2958 5551 Ἀξιος
2990 5481 3063 5549 εἷ,
3123 5489 3157 5539 ὁ
3196 5486 3412 5553 Κύριος
3439 5486 3539 5539 real
3582 5490 3615 5541 ὁ
3665 5487 3809 5552 Θεὸς

2234 5577 2405 5645 ἡμῶν
2459 5579 2492 5629 ό
2519 5575 2706 5643 ἅγιος,
2737 5575 2945 5630 λαϐεῖν
2972 5574 3087 5643 τὴν
3118 5575 3299 5639 δόξαν
3343 5575 3443 5629 real
3472 5575 3585 5642 τὴν
3630 5576 3809 5643 τιμὴν

2236 5669 2335 5722 καὶ
2380 5666 2494 5735 τὴν
2541 5667 2819 5735 δύναμιν.
2851 5667 2980 5718 Ὅτι
3026 5665 3108 5718 σὺ
3148 5661 3397 5731 ἔκτισας
3440 5665 3659 5730 πάντα,
3710 5669 3800 5719 καὶ

2237 5757 2333 5813 διὰ
2360 5758 2424 5813 τὸ
2451 5757 2685 5827 θέλημὰ
2707 5771 2823 5810 σου
2852 5753 3014 5828 ἦσαν
3043 5756 3140 5810 real
3166 5755 3561 5826 ἐκτίσθησαν.
