4110 6406
245 403 358 468 573

1322 395 1713 457 COMMENT.
1755 394 1839 455 IN
1879 393 2412 456 APOCALYPSIN.

3423 401 3528 463 5⁸14

323 511 512 567 Εἰπὼν
550 511 620 566 τὰ
649 509 895 580 τέσσαρα
927 508 1042 573 ζῶα
1066 507 1135 561 τὰ
1161 509 1254 561 τὸν
1287 509 1477 578 θρόνον
1506 507 1834 572 κυκλούντα,

2013 508 2312 577 Postquam
2377 506 2516 560 dixit
2577 513 2818 576 quatuor
2862 503 3120 562 animalia
3177 509 3231 562 in
3294 510 3528 566 circuitu

241 605 348 659 κα.)⁵
389 605 450 658 τὸ
481 600 622 666 εἶδος
647 604 881 656 ἑκάστου
925 599 1233 665 διεξελθὼν,
1267 601 1296 653 ὃ
1327 601 1422 653 καὶ
1451 601 1611 670 ἡμεῖς
1639 599 1716 661 ὡς
1742 601 1838 668 ἐφ·-

243 695 404 748 ικτὸν
428 696 564 763 ἡμῖν
580 693 726 747 κατὰ
751 693 814 745 τὺ
830 693 952 745 κατ’
974 693 1133 757 ἀξίαν
1154 691 1306 744 δοθὲν
1325 691 1572 761 χάρισμα
1600 689 1839 760 παρεθέ-

247 787 418 854 μεθα,
446 786 529 837 ὅτι
561 784 624 837 τὺ
655 784 1014 855 προνοητικὸν
1041 783 1172 854 περὶ
1221 786 1402 836 πᾶσαν
1427 783 1526 848 τὴν
1559 783 1837 852 περίγειον

245 877 420 929 αὐτοῦ
444 877 623 930 κτίσιν
655 877 1032 947 παριστῶντός
1055 878 1172 928 ἐστι
1189 874 1284 927 τοῦ
1313 875 1470 940 Θεοῦ,
1496 875 1577 928 διδ
1594 875 1686 928 καὶ
1709 875 1836 926 τέσ-

247 985 398 1038 σαρα
438 967 552 1031 ζῶα
615 967 880 1038 ἰσάριθμα
917 970 983 1035 τῇ
1034 966 1332 1032 τετρακτύῖ
1367 964 1476 1016 τῶν
1513 965 1834 1034 ποιοτήτων,

245 1054 319 1108 δι’
347 1050 420 1107 ὧν
447 1055 515 1108 τὰ
547 1055 862 1124 στοιχειώδη
903 1055 1129 1122 σώματα
1173 1054 1380 1124 ὑπέστη
1417 1053 1569 1106 τοῦδε
1596 1053 1690 1105 τοῦ
1723 1053 1836 1105 ὑλι-

247 1145 350 1198 κοῢ
371 1146 598 1214 κόσμου,
624 1145 718 1198 νῦν
737 1146 905 1199 καὶτὸ
925 1147 1022 1215 τῆς
1037 1149 1094 1197 λε
1106 1163 1216 1197 ιτου
1225 1147 1384 1215 ργίας
1395 1147 1486 1211 ὀξύ
1495 1148 1696 1217 ρῤοπον
1721 1143 1834 1216 (20)

245 1238 432 1290 αὐτῶν
467 1238 822 1307 παρίστησιν,
870 1238 898 1290 ὂ
925 1239 1020 1290 καὶ
1051 1237 1214 1290 Δαυῖδ
1259 1239 1559 1307 παρίστησι
1603 1237 1691 1290 διὰ
1721 1237 1840 1302 τοῦ,

252 1345 274 1379 ι
313 1329 544 1382 Δυνατοὶ
603 1329 746 1398 ἰσχύϊ
793 1329 1080 1392 ποιοῦντες
1128 1329 1220 1382 τὸν
1277 1329 1436 1397 λόγον
1489 1329 1678 1392 αὑτοῦ,
1740 1327 1836 1380 τοῦ

242 1419 483 1472 ἀκοῦσαι
511 1421 612 1489 τῆς
647 1421 832 1492 φωνῆς
882 1423 991 1476 τῶν
1040 1423 1215 1491 λόγων
1270 1422 1458 1488 αὐτοῦ,
1491 1441 1510 1474 ι
1545 1423 1709 1474 οίονεὶ
1738 1424 1839 1474 οὐκ

243 1509 392 1580 Εςρθη
445 1511 508 1563 τὸ
542 1513 878 1581 πρόσταγμα
914 1515 1014 1585 τὴν
1066 1515 1377 1568 συντέλειαν
1425 1512 1519 1566 τοῦ
1578 1529 1840 1582 προτετα-

241 1603 478 1670 γμένον,
513 1603 624 1655 ἀλλ’
659 1605 720 1668 ἐξ
761 1607 930 1674 αὐτῆς
955 1608 1054 1676 τῆς
1105 1607 1326 1675 ἐντολῆς
1358 1606 1564 1677 ἠνύσθη
1608 1605 1666 1658 τὸ
1712 1605 1839 1675 βού-

241 1693 423 1764 λημα.
458 1695 531 1746 Τὸ
559 1695 722 1765 τάχος
749 1696 805 1748 δὲ
835 1697 922 1750 διὰ
964 1699 1074 1751 τῶν
1125 1698 1418 1768 πτερύγων
1453 1697 1513 1763 ἒξ
1573 1697 1840 1750 κατανύε-

248 1783 382 1838 σθαί
417 1801 582 1854 φησιν
615 1785 853 1856 ἑκάστῳ.
885 1787 1058 1842 Τοῦτο
1081 1789 1189 1857 γὰρ
1227 1789 1308 1850 τὸ,
1331 1787 1401 1842 ἓν
1436 1791 1564 1842 καθ’
1591 1788 1662 1841 ἒν
1696 1789 1834 1859 (21),

245 1874 623 1944 ἔνυποφαίνει,
669 1877 758 1930 ἵνα
805 1879 878 1949 μή
912 1897 995 1942 τις
1020 1881 1118 1944 τὰς
1152 1880 1212 1944 ἒξ
1259 1882 1538 1950 πτέρυγας
1576 1881 1834 1945 ἀκούσας,
1876 1867 1915 1921 Β

245 1970 408 2038 κοινῇ
441 1969 643 2033 ταύτας
681 1973 930 2040 προεῖναι
960 1972 1178 2042 νομίσῃ.
1221 1972 1295 2024 Τὸ
1336 1971 1392 2024 δὲ
1423 1973 1726 2025 κυκλόθεν
1777 1974 1837 2025 οὐ

245 2059 362 2112 τῶν
398 2061 707 2130 πτερύγων,
738 2062 876 2115 ἀλλὰ
907 2062 1014 2115 τῶν
1041 2062 1323 2133 τεσσάρων
1369 2064 1467 2134 τὴν
1501 2064 1694 2117 στάσιν
1740 2065 1840 2132 ἐμ-

247 2151 454 2218 φαίνει,
485 2151 564 2204 ὅτι
594 2150 670 2222 μὴ
695 2152 994 2223 στοιχηδὸν,
1028 2153 1166 2208 ἀλλὰ
1197 2154 1294 2208 καὶ
1317 2154 1574 2217 κυκλικὺς
1605 2151 1694 2224 ἦν.
1717 2155 1840 2210 Τῶν

245 2241 308 2295 δὲ
337 2244 623 2313 πτερύγων
648 2245 676 2296 ὁ
697 2243 933 2314 ἀριθμὸς
979 2246 1040 2299 τὸ
1076 2245 1232 2309 τέλος
1256 2245 1555 2299 αἰνίττεται
1600 2247 1706 2316 τῆς
1727 2247 1842 2300 λει-

243 2332 532 2400 τουργίας,
567 2333 742 2386 καὶτὸ
772 2333 910 2403 πρὸς
931 2333 960 2386 ὃ
985 2335 1018 2405 ἡ
1045 2333 1358 2404 λειτουργία
1381 2335 1557 2386 πέλει.
1587 2335 1697 2387 Καὶ
1729 2335 1838 2405 γὰρ

241 2421 276 2474 ὁ
309 2421 370 2485 ἓξ
386 2422 622 2491 ἀριθμὸς
672 2421 825 2491 παρὰ
847 2425 958 2485 τοῖς
981 2423 1048 2475 τὰ
1075 2423 1303 2477 τοιαῦτα
1323 2424 1556 2493 κομψοῖς
1577 2423 1838 2493 άνυμνεῖ-

243 2526 345 2565 ται
368 2527 386 2542 °
419 2511 576 2564 οὐδὲν
615 2511 672 2563 δὲ
707 2513 860 2580 παρὰ
881 2513 998 2575 τοῖς
1024 2511 1124 2581 τὴν
1152 2509 1406 2582 αἴσθησιν
1439 2512 1839 2577 ἀναδεσηκὸσιν

244 2609 460 2675 ἀτελὲς,
489 2609 610 2664 οὐδὲ
638 2609 736 2682 τὴν
768 2613 832 2664 ὲκ
865 2608 1228 2681 μεταμελείας
1270 2607 1664 2676 συμπλήρωσιν
1685 2605 1840 2657 ἐκδε-

245 2705 501 2775 χόμενον.
539 2705 634 2770 ’Ἐξ
661 2705 718 2758 δὲ
753 2705 1012 2775 πτέρυξιν
1042 2705 1071 2756 ὁ
1103 2702 1250 2764 θεῖος
1273 2699 1550 2763 Διονύσιος
1573 2699 1644 2751 τὰ
1671 2699 1840 2770 νοερὰ

245 2795 366 2861 ζῶα
399 2796 730 2867 διηρτῆσθαι
753 2813 908 2866 φησι,
929 2795 1050 2848 δυσὶ
1073 2794 1142 2847 τὰ
1163 2793 1438 2864 πρόσωπα
1467 2790 1836 2854 καλύπτοντα,

245 2891 367 2952 ταῖς
397 2889 455 2942 δὲ
487 2880 614 2941 δυσὶ
663 2889 789 2950 τοὺς
829 2887 1020 2952 πόδας,
1052 2887 1173 2949 ταῖς
1208 2884 1405 2954 μέσαις
1438 2884 1496 2936 δὲ
1538 2883 1835 2949 πετᾶσθαι,

247 2983 336 3034 ῐνα
375 2983 505 3050 περὶ
545 2981 614 3034 τά
663 2981 974 3050 ὑψηλότερα
1027 2981 1122 3032 καὶ
1179 2978 1454 3049 βαθύτερα
1495 2979 1596 3048 τῆς
1629 2977 1838 3039 οἰκείας

251 3070 610 3138 καταλήψεως
639 3074 782 3140 φανῇ
816 3070 996 3124 αὐτῶν
1025 3073 1058 3137 ἡ
1089 3070 1365 3131 εὐλάϐεια.
1405 3069 1472 3122 δι’
1504 3068 1570 3139 ἦν
1591 3073 1704 3132 τοῖς
1740 3067 1838 3138 μέ-

253 3179 367 3225 σοις
399 3164 839 3233 προστάσσεσθαι
873 3163 971 3224 τὰς
992 3163 1229 3232 ἀρχικὰς
1252 3164 1428 3231 αὐγὰς
1459 3162 1626 3224 θείοις
1651 3159 1837 3230 ζυγοῖς

1948 598 2149 660 throni,
2184 607 2238 650 et
2274 596 2546 666 cujusque
2595 597 2822 664 tiguram
2861 596 3066 662 retulit,
3121 597 3267 667 quod
3319 607 3374 654 et
3403 615 3529 660 nos.

1946 701 2208 756 quantum
2250 689 2510 757 possibile
2543 687 2644 742 fuit
2672 687 2830 756 juxta
2860 687 3051 742 datum
3103 689 3262 744 nobis
3296 691 3524 758 donum,

1944 783 2130 836 debito
2157 782 2318 834 modo
2347 780 2746 846 enarravimus,
2792 793 2986 848 nempe
3021 781 3166 848 quod
3219 781 3532 851 signiﬁcent

1947 872 2040 926 Dei
2087 872 2485 941 providentiam
2537 887 2700 939 quam
2755 871 2976 926 exhibet
3026 872 3174 928 circa
3217 875 3530 930 universam

1945 981 2100 1019 suam
2139 973 2410 1018 terrenam
2437 973 2744 1017 creaturam
2782 981 2795 1016 :
2848 973 3012 1032 atque
3055 965 3264 1019 idcirco
3293 979 3532 1035 quatuor

1946 1056 2205 1110 animalia
2238 1056 2432 1124 :equali
2468 1055 2762 1108 constituta
2805 1065 2933 1108 sunt
2971 1071 3200 1110 numero
3231 1074 3354 1112 cum
3383 1073 3532 1126 qua-

1945 1146 2196 1201 ternione
2247 1145 2594 1214 qualitatum,
2650 1145 2852 1213 quibus
2914 1147 3240 1202 elenteutata
3299 1165 3530 1219 corpora

1947 1236 2030 1299 (ut
2055 1235 2126 1288 ita
2161 1234 2472 1306 loquamur)
2496 1235 2660 1302 hujus
2680 1236 2978 1291 materialis
3017 1239 3204 1292 mundi
3230 1243 3530 1295 constituta
3595 1239 3606 1250 '

1946 1338 2074 1381 sunt
2109 1345 2122 1381 :
2165 1341 2311 1379 nunc
2337 1339 2529 1380 eorum
2577 1341 2800 1395 quoque
2841 1329 3183 1384 demonstrat
3255 1334 3320 1386 ad
3369 1333 3534 1388 obse-

1945 1422 2070 1489 quia
2102 1419 2466 1481 alacritatem,
2495 1419 2638 1486 quod
2695 1428 2750 1472 et
2781 1417 2950 1474 David
3003 1423 3243 1477 ostendit
3290 1425 3480 1479 dicens
3513 1443 3528 1479 :

1952 1529 1970 1563 ι
2009 1512 2262 1565 Potentes
2295 1511 2494 1564 virtute
2519 1510 2781 1565 facientes
2801 1511 3026 1565 verbum
3053 1513 3196 1568 illius
3220 1513 3284 1568 ad
3307 1516 3535 1572 audien-

1945 1605 2066 1657 dam
2092 1617 2278 1656 vocem
2303 1616 2620 1656 sermonum
2650 1601 2772 1669 ejus
2796 1603 2840 1633 ”
2872 1619 2884 1654 :
2932 1620 2950 1652 ι
2989 1601 3092 1656 hoc
3119 1613 3222 1668 est,
3250 1621 3358 1658 non
3399 1621 3536 1674 pra:-

1945 1697 2094 1749 venit
2121 1704 2450 1764 praeceptum
2477 1693 2898 1759 completionem
2931 1693 3053 1763 ejus
3081 1697 3227 1764 quod
3256 1699 3526 1764 praeordi-

1949 1799 2134 1842 ualum
2157 1795 2262 1850 est,
2297 1786 2388 1840 sed
2423 1785 2586 1838 simul
2633 1793 2690 1838 ut
2721 1785 2988 1853 praecipit,
3033 1786 3336 1855 perfectum
3373 1797 3456 1840 est
3483 1788 3534 1841 id

1947 1878 2093 1946 quod
2136 1878 2274 1930 vult.
2313 1877 2484 1930 Porro
2517 1876 2858 1929 velocitatem
2897 1891 2992 1945 per
3033 1891 3196 1932 senas
3231 1879 3348 1932 alas
3406 1879 3539 1932 dicit

1949 1971 2148 2039 cuique
2171 1970 2526 2038 contingere:
2554 1968 2655 2020 hoc
2677 1966 2822 2019 enim
2843 1967 3154 2020 subindical
3177 1981 3280 2020 vox
3301 1967 3536 2036 singula,

1949 2079 2016 2117 ne
2062 2063 2186 2130 quis
2235 2062 2466 2114 audiens
2519 2073 2682 2112 senas
2750 2058 2889 2122 alas,
2946 2057 3156 2127 vulgari
3223 2057 3386 2111 modo
3439 2059 3539 2113 has

1948 2157 2140 2211 adesse
2177 2154 2473 2208 existimet.
2515 2151 2671 2217 Quod
2704 2162 2886 2204 autem
2937 2151 3032 2215 ait,
3063 2150 3114 2202 in
3142 2151 3392 2213 circuitu,
3427 2167 3535 2204 non

1947 2253 2182 2313 alarum,
2218 2251 2310 2302 sed
2343 2257 2584 2316 quatuor
2643 2245 2966 2299 animalium
3005 2255 3205 2297 statum
3262 2244 3536 2312 designat,

1947 2345 2092 2410 quod
2124 2357 2232 2396 non
2269 2347 2425 2393 erant
2459 2353 2614 2393 more
2635 2338 3057 2399 elementorum,
3087 2335 3180 2388 sed
3223 2335 3276 2388 in
3317 2335 3536 2390 modum

1948 2433 2164 2491 circuli.
2219 2430 2494 2486 Numerus
2553 2443 2683 2483 vero
2736 2429 2948 2482 alarum
2997 2421 3394 2496 perfectionem
3440 2425 3538 2479 de-

1947 2528 2131 2595 signat
2151 2521 2466 2587 ministerii,
2498 2527 2552 2574 et
2575 2519 2628 2574 id
2659 2518 2804 2572 circa
2831 2518 2976 2588 quod
3006 2527 3255 2571 versatur
3289 2516 3542 2569 ministe-

1945 2617 2128 2672 rium:
2164 2613 2433 2684 siquidem
2467 2626 2734 2666 numerus
2764 2610 3016 2665 senarius
3047 2607 3190 2677 apud
3232 2623 3324 2662 eos
3360 2607 3452 2676 qui
3485 2608 3538 2660 in

1947 2707 2263 2777 hujusmodi
2287 2705 2454 2760 rebus
2483 2702 2672 2758 diserti
2700 2713 2850 2766 sunt,
2885 2715 2992 2754 non
3023 2701 3276 2754 laudatur
3303 2741 3317 2764 ,
3349 2713 3538 2751 verum

1946 2801 2089 2871 apud
2111 2815 2208 2854 eos
2239 2798 2334 2868 qui
2385 2811 2608 2852 sensum
2647 2792 3168 2864 supergrediuutur,
3215 2790 3351 2844 nihil
3381 2791 3544 2842 habet.

1946 2887 2162 2951 inutile,
2196 2902 2264 2940 ne
2295 2885 2348 2939 id
2381 2883 2600 2954 quidem
2624 2882 2770 2952 quod
2797 2881 3240 2950 supplementum
3278 2879 3544 2948 suscipiat

1945 2995 2009 3035 ex
2049 2977 2374 3050 ptenitentia
2407 2975 2756 3044 proveniens.
2803 2971 2978 3027 Porro
3037 2973 3185 3028 senis
3250 2973 3354 3026 alis
3391 2988 3544 3024 com-

1945 3071 2124 3140 posita
2167 3063 2341 3122 fuisse
2381 3064 2690 3135 spiritualia
2719 3062 2982 3118 animalia
3038 3062 3172 3116 dicit
3213 3061 3372 3116 divus
3411 3060 3540 3113 Dio-

1949 3162 2162 3232 nysius,
2197 3173 2429 3227 quarum
2472 3157 2686 3211 duabus
2739 3153 2909 3210 facies
2967 3153 3264 3224 aperirent,
3325 3152 3543 3207 duabus

243 3223 570 3310 ἀνατείνειν.
605 3257 676 3308 Τὸ
715 3257 773 3308 δὲ
809 3223 1130 3316 κυκλόθείιτ.
1180 3223 1268 3309 διὰ
1303 3223 1364 3308 τί)
1401 3223 1838 3309 παντεπίσκοπον

1950 3269 2077 3305 vero
2123 3249 2313 3319 pedes,
2345 3256 2401 3299 et
2433 3246 2649 3300 duabus
2679 3259 2802 3312 qua:
2830 3242 3022 3296 media:
3052 3249 3208 3295 erant
3241 3241 3492 3294 volarent
3523 3255 3540 3292 :

245 3348 644 3417 παρείληπται.
681 3348 754 3400 Τὸ
798 3347 852 3400 δὲ
880 3349 1130 3410 ἔσωθεν,
1163 3348 1244 3400 ὅτι
1277 3347 1429 3399 οὐδὲν
1457 3347 1525 3400 τὰ
1555 3347 1673 3399 θεῖα
1707 3347 1840 3398 λαν-

247 3437 442 3492 θάνειν
477 3439 718 3501 δύναται,
754 3439 876 3492 οὐδὲ
901 3439 1010 3492 τῶν
1045 3440 1104 3491 ὲν
1135 3439 1476 3509 παραϐύστῳ
1508 3440 1621 3492 τισὶ
1652 3439 1836 3491 τελου-

248 3529 456 3598 μένων.
477 3531 546 3583 Τὸ
564 3531 640 3583 δέ’
659 3550 676 3581 ι
701 3531 944 3584 Ἀνάπαυ
954 3547 1037 3583 σιν
1055 3531 1156 3583 οὐκ
1171 3531 1407 3600 ἔχουσιν,
1423 3549 1440 3582 ι
1462 3531 1560 3599 οὐχ
1579 3531 1660 3583 ὅτι
1683 3530 1844 3597 ἔγκο-

243 3621 348 3672 πὸν
378 3639 434 3674 τι
462 3621 802 3688 ὑφίστανται,
837 3625 902 3692 τῇ
934 3622 1200 3690 άνενδότῳ
1237 3621 1666 3693 λειτουργοῦντα
1704 3623 1842 3689 ὑμν-

241 3717 402 3786 ῳδίᾳ.
431 3718 570 3787 Περὶ
593 3717 692 3787 τὴν
729 3717 994 3791 αίσθητῂν
1021 3718 1130 3786 γὰρ
1157 3717 1336 3771 κτίσιν
1381 3719 1409 3769 ὁ
1459 3717 1628 3780 κόπος
1648 3733 1661 3746 ·
1707 3717 1842 3770 ἀκά-

247 3826 396 3878 ματα
416 3809 474 3862 δὲ
495 3809 673 3862 πάντα
706 3811 808 3862 ὅσα
839 3809 981 3879 ὑπὲρ
1003 3810 1104 3878 τὴν
1130 3809 1287 3878 ὓλην.
1316 3827 1334 3860 ι
1371 3810 1519 3862 Ἐκεῖ
1542 3809 1625 3870 δὲ,
1651 3827 1668 3858 ι
1698 3808 1841 3862 κατά

243 3901 340 3952 τὸν
367 3901 616 3966 εἰπόντα,
645 3919 664 3952 ι
691 3901 904 3971 ἀπέδρα
926 3901 1110 3972 ὀδύνη,
1146 3901 1314 3970 λύπη,
1345 3901 1440 3953 καὶ
1469 3899 1830 3969 στεναγμός.»

242 3992 322 4044 Ού
349 3991 414 4044 τὺ
449 3991 686 4060 έγκοπον
715 3989 808 4046 οὖν
842 3994 924 4047 τό·
957 4012 976 4045 ι
1028 3995 1366 4047 ’Λνάπαυσιν
1408 3993 1514 4044 οὐκ
1564 3991 1768 4061 ἔχουσι,
1813 4011 1833 4043 ι

243 4085 514 4154 παριστᾷ,
548 4083 684 4136 άλλὰ
729 4085 792 4138 τὸ
825 4085 958 4154 περὶ
989 4084 1088 4154 τὴν
1121 4083 1269 4136 θείαν
1292 4083 1570 4153 ὑμνῳδίαν
1618 4082 1837 4136 ἁνένδο-

241 4191 358 4236 τον,
402 4174 646 4244 ὡσπερεὶ
673 4175 1174 4246 κατεντρυφὼντων
1199 4177 1336 4246 πρὸς
1361 4175 1522 4242 δόξαν
1549 4177 1646 4229 καὶ
1679 4171 1834 4231 αἶνον

239 4264 340 4317 τοῦ
372 4264 518 4318 θείου
553 4267 648 4319 καὶ
684 4267 1144 4336 συντελουμένων.
1187 4267 1260 4320 Τὸ
1309 4267 1366 4320 δὲ
1400 4267 1836 4338 τρισυπόστατον

241 4357 326 4427 τῷ
363 4361 789 4430 τριπλασιασμῷ
817 4361 917 4430 τῆς
939 4359 1099 4429 δόξης
1131 4360 1230 4413 καὶ
1267 4359 1362 4414 τοῦ
1398 4360 1678 4429 ἁγιασμοῦ
1713 4360 1836 4432 ἐχο-

245 4465 352 4516 μεν
392 4467 478 4502 vos
486 4467 552 4502 ιν.

1952 3341 2172 3396 utcirca
2202 3337 2527 3392 sublimiora
2555 3349 2620 3389 ac
2665 3332 3026 3403 profundiora
3067 3346 3184 3386 sua:
3236 3330 3543 3398 apprehen-

1945 3434 2121 3490 sionis
2155 3430 2407 3484 videatur
2436 3431 2680 3498 ipsorum
2706 3441 2829 3482 esse
2856 3427 3058 3488 cultus,
3118 3432 3340 3492 propter
3370 3437 3537 3492 quem

1946 3527 2142 3580 mediis
2176 3525 2564 3593 praeciperetur
2589 3519 2821 3576 eximios
2859 3518 3184 3589 splendores
3217 3516 3420 3572 divinis
3445 3531 3538 3570 se-

1944 3617 2106 3671 dibus
2139 3616 2443 3670 concitare.
2494 3612 2651 3678 Quod
2699 3619 2882 3664 autem
2933 3611 3160 3665 additur
3197 3610 3250 3662 iu
3289 3609 3538 3672 circuitu,

1946 3719 2168 3780 propter
2203 3709 2588 3764 universomm
2636 3705 3038 3774 inspectionem
3100 3703 3360 3758 traditum
3393 3709 3478 3757 est
3523 3718 3539 3756 :

1944 3805 2086 3858 intus
2108 3811 2315 3864 autem,
2348 3800 2475 3869 quia
2511 3799 2644 3852 nihil
2673 3798 2844 3851 latere
2871 3805 3048 3866 potest
3078 3811 3140 3850 ea
3175 3811 3300 3866 quae
3352 3794 3542 3848 divina

1943 3905 2096 3956 sunt,
2135 3910 2202 3948 ne
2240 3908 2304 3947 ea
2339 3893 2564 3962 quidem
2597 3905 2720 3959 qua!
2756 3905 2788 3944 a
2811 3891 3092 3944 nonnullis
3119 3888 3282 3959 693
3319 3887 3458 3942 ﬁunt
3484 3887 3540 3940 in

1943 3987 2184 4044 occulto.
2213 3986 2484 4039 Caeterum
2519 3983 2760 4051 requiem
2791 3997 2900 4036 non
2939 3983 3146 4035 habent
3191 3998 3204 4032 :
3247 3995 3356 4033 non
3389 3979 3541 4046 quod

1943 4077 2284 4134 laboriosum
2317 4071 2526 4143 aliquid
2561 4072 2799 4126 subeant
2841 4071 3110 4124 continuo
3157 4077 3326 4123 cantu
3369 4067 3540 4120 mini-

1941 4173 2188 4230 strando.
2222 4170 2379 4224 Circa
2417 4167 2732 4222 sensibilem
2780 4167 2927 4220 enim
2973 4175 3285 4219 creaturam
3340 4162 3536 4218 estla-

1939 4265 2061 4327 bor,
2103 4260 2458 4328 infatigabilia
2491 4271 2670 4312 autem
2707 4265 2838 4310 sunt
2893 4269 3244 4325 qumcunque
3277 4253 3540 4308 dicuntur

1943 4354 2330 4412 immaterialia
2366 4369 2380 4406 :
2415 4370 2434 4402 ι
2467 4350 2534 4403 Et
2567 4351 2661 4416 ibi,
2705 4367 2725 4400 ι
2766 4359 2826 4402 ut
2873 4349 2951 4402 ait
2981 4348 3092 4412 ille,
3129 4365 3148 4398 ι
3187 4347 3330 4418 fugit
3357 4346 3536 4409 dolor,

1939 4448 2122 4504 luctus
2156 4461 2221 4499 ac
2245 4443 2482 4514 gemitus
2509 4441 2574 4496 ⁸³.
2607 4461 2626 4494 ι
2677 4437 2798 4493 Non
2839 4439 3007 4510 igitur
3047 4439 3388 4492 laboriosum
3435 4435 3538 4490 ali-

239 4542 374 4609 quid
401 4542 744 4611 signiticatur
779 4559 874 4610 per
903 4542 1006 4597 hoc
1029 4544 1176 4613 quod
1206 4543 1432 4606 dicitur,
1467 4543 1715 4614 liequiem
1736 4559 1838 4598 non
1875 4541 2088 4604 habent,
2152 4536 2250 4592 sed
2308 4535 2606 4590 continuus
2645 4541 2802 4586 tenor
2832 4529 2977 4584 circa
3007 4529 3248 4584 divinam
3299 4527 3539 4592 laudem,

239 4645 304 4689 ut
328 4639 474 4706 quod
505 4637 768 4691 deliciose
797 4647 1089 4692 versentur
1115 4653 1180 4693 ac
1201 4638 1440 4708 perfecta
1474 4637 1586 4692 sint
1622 4640 1688 4693 ad
1721 4637 1952 4706 gloriam
1979 4643 2034 4689 et
2105 4631 2326 4686 laudem
2353 4627 2472 4682 Dei.
2515 4625 2742 4681 Demum
2800 4623 3170 4694 triplicatione
3235 4623 3430 4693 gloria:
3477 4637 3544 4678 ac

239 4729 558 4784 sanctitatis
581 4729 884 4798 intelligere
909 4745 1208 4800 possumus
1241 4745 1602 4801 personarum
1653 4730 1983 4784 trinitatem.
2011 4755 2026 4764 -‹

311 4821 652 4874 Πεσοῦνται
686 4825 739 4875 oi
763 4823 1256 4892 εἰκοσιτέσσαρες
1280 4824 1693 4891 πρεσϐύτεροι.
1734 4821 1835 4874 Διὰ

1955 4831 1958 4834 ·
2012 4814 2298 4872 Procident
2321 4812 2506 4882 viginti
2533 4820 2764 4880 quatuor
2783 4809 3038 4862 seniores.
3073 4806 3180 4863 Per
3222 4807 3338 4862 lucc
3377 4807 3544 4863 nobis

235 4913 448 4966 τούτων
476 4913 738 4984 δηλοῦται
771 4914 868 4967 καὶ
917 4915 1046 4978 τοὺς
1075 4915 1368 4985 νοηθέντας
1422 4917 1550 4985 ἡμῖν
1586 4913 1830 4985 πρεσϐυ-

233 5006 295 5057 τέ
307 5021 432 5075 ρους
459 5007 755 5068 κοινωνοὺς
787 5001 930 5060 εἶναι
958 5006 1060 5074 τῆς
1087 5007 1364 5076 ὑμνῳδίας
1407 5006 1518 5059 τῶν
1560 5005 1831 5075 οὐρανίων

237 5095 546 5166 δυνάμεων,
602 5096 1004 5165 ὁμολογοῦντας
1059 5100 1124 5150 ἐκ
1169 5097 1306 5150 θεοῦ
1363 5098 1696 5166 κεκομίσθαι
1731 5098 1831 5166 τῆς

237 5188 348 5240 τῶν
387 5187 600 5259 νοητῶν
633 5188 846 5258 ἐχθρῶν
873 5189 1032 5257 νίκης
1062 5190 1160 5258 τὴν
1190 5189 1444 5260 δύναμιν.
1489 5192 1830 5259 Ἐπισκοπη--

241 5279 362 5332 τέον
395 5279 452 5332 δὲ
495 5281 596 5350 τὴν
629 5280 739 5334 τῶν
770 5281 1046 5352 χρονικῶν
1087 5281 1476 5352 διαστημάτων
1511 5285 1570 5335 ὲν
1611 5287 1680 5354 τῇ
1721 5283 1831 5350 ἀφ-

237 5371 344 5440 ηγή
353 5388 437 5422 σει
455 5373 766 5442 ἀκρίὸειαν.
794 5370 926 5425 Ἀπὸ
939 5373 1048 5443 γὰρ
1070 5375 1168 5443 τῆς
1189 5375 1299 5426 τῶν
1317 5374 1630 5429 ἐνεστώτων
1650 5375 1826 5439 ἐπαγ-

241 5461 453 5532 γελίας,
487 5464 582 5516 ἐπὶ
611 5465 680 5518 τὰ
710 5463 980 5535 μέλλοντα
1007 5467 1200 5534 χωρεῖ,
1231 5467 1332 5520 οὐκ
1381 5464 1646 5537 ἀσυνεσίᾳ
1671 5463 1830 5518 τοῦτο

313 5641 360 5677 ¹²
385 5640 534 5697 Psal.
566 5657 665 5708 cn,
693 5643 786 5700 20.
865 5643 910 5676 ”
941 5645 1046 5702 lsa.
1081 5661 1246 5711 xxxv,
1283 5643 1370 5699 l0.

305 5799 422 5871 (20)
459 5797 656 5853 Vocem
689 5796 989 5868 ὀξύρροπον
1025 5815 1128 5854 non
1157 5799 1316 5854 habet
1353 5799 1500 5868 vulg.
1533 5797 1666 5853 edit.

1940 4905 2285 4978 signiﬁcatur
2313 4902 2462 4970 ipsos
2489 4915 2712 4969 quoque
2755 4899 3008 4954 seniores
3055 4913 3196 4968 quos
3219 4898 3542 4954 considera-

1939 5001 2121 5053 vimus
2157 4995 2454 5067 participes
2485 5009 2610 5048 esse
2644 5002 2840 5048 cautus
2895 5007 2962 5046 ac
2989 4991 3172 5046 laudis
3229 4991 3541 5046 caelestium

1939 5095 2226 5150 virtutum.
2263 5104 2390 5145 cum
2423 5087 2536 5142 Deo
2569 5085 2818 5140 referunt
2849 5093 3130 5152 acceptam
3151 5085 3454 5152 potentiam
3475 5098 3543 5138 ac

1937 5189 2250 5247 victoriam,
2283 5181 2546 5254 quamde
2599 5178 2980 5246 spiritualibus
3023 5175 3278 5232 hostibus
3331 5175 3540 5230 retule—

1938 5287 2088 5333 runt.
2116 5273 2532 5332 Consideranda
2561 5281 2643 5325 est
2674 5277 2856 5323 autem
2915 5267 3200 5338 diligentia
3237 5266 3292 5319 in
3337 5279 3538 5318 narra-

1939 5371 2086 5425 tione
2111 5367 2526 5430 distinctionum
2559 5371 2902 5431 temporum:
2926 5359 3208 5428 siquidem
3237 5372 3268 5411 a
3301 5353 3535 5426 promis-

1938 5463 2094 5518 sione
2124 5457 2474 5531 praesentium
2533 5453 2780 5525 procedit
2833 5451 2900 5507 ad
2959 5449 3146 5506 futura
3203 5461 3360 5502 :noa
3413 5445 3538 5503 sine

2017 5792 2132 5864 (2|)
2161 5788 2352 5844 Eidem
2386 5787 2588 5844 desunt
2613 5799 2800 5855 voces,
2832 5784 2912 5850 τὸ,
2947 5781 3016 5840 ἓν
3042 5781 3170 5838 καθ’
3199 5781 3288 5838 ἐν.
