4110 6406
615 349 723 413 575

1418 353 1750 414 ΑΒΕΊἮᾹΞ
1787 354 2168 416 C/ESAREIE
2207 355 2697 420 CAPPADOCUE
2731 358 3083 423 EPISCOPI

3792 367 3913 432 576

615 461 908 534 prudentia
943 463 1047 516 hoc
1108 461 1340 525 faciens,
1391 465 1486 519 sed
1516 466 1815 521 ostendens
1850 468 1997 537 quod
2041 468 2206 523 etiam

2314 470 2508 533 ποιῶν,
2547 470 2961 540 ἐνδεικνύμενος
2991 471 3050 525 δὲ
3078 471 3155 535 ὡς
3187 473 3285 525 καὶ
3322 474 3422 545 τῆς
3452 473 3560 545 πρὸ
3594 476 3697 546 τῆς
3718 476 3913 529 τελευ-

616 566 746 611 ante
774 556 1132 611 novissimum
1168 556 1506 625 prteconium
1525 571 1719 611 eorum
1756 559 1850 628 qui
1894 566 2042 613 recte.
2072 576 2205 630 ope-

614 659 830 710 rantur.
873 647 946 702 sit
971 645 1155 715 aliqua
1187 646 1490 716 gratiarum
1544 648 1690 703 actio
1748 649 1833 704 his
1862 651 1957 720 qui
2005 652 2205 708 delun-

614 748 819 811 guntur
844 739 1099 809 praesenti
1135 738 1407 795 laborioso
1438 741 1640 805 stadio,
1671 744 2036 800 concedentes
2066 761 2203 816 pra:-

613 835 725 887 ﬁxo
765 834 1017 898 termino,
1053 848 1179 887 cum
1210 833 1509 903 unicuique
1535 834 1819 891 deﬁnitum
1863 838 1935 892 sit
1975 839 2025 893 id
2056 842 2201 909 quod

613 922 744 977 ntile
766 931 851 978 est
880 939 895 1002 _:
934 932 1120 993 utpote
1156 925 1470 993 recipiendo
1507 925 1675 980 etiam
1720 941 2200 988 commensuratas

609 1013 678 1067 ad
705 1012 949 1068 futurum
972 1023 1025 1068 et
1056 1015 1434 1073 indissolubile
1468 1018 1730 1074 sseculum
1763 1022 2151 1079 retributiones
2184 1041 2198 1079 :

608 1106 723 1162 sive
769 1107 842 1162 sit
892 1108 1286 1164 miraculorum
1341 1126 1623 1175 accessus,
1675 1113 1793 1168 sive
1833 1115 1941 1169 alia
1994 1116 2201 1186 quaevis

608 1198 896 1255 beneﬁcia.
927 1200 1043 1255 Non
1069 1202 1239 1272 igitur
1263 1203 1631 1275 conﬁguratio
1662 1220 1793 1278 erga
1816 1206 2005 1265 Jesum
2033 1209 2198 1267 Chri-

605 1301 752 1346 stum
787 1291 879 1347 Dei
915 1292 1115 1348 Filium
1144 1294 1519 1361 incarnatum,
1541 1312 1571 1350 a
1605 1297 2050 1357 ministrantibus
2073 1317 2200 1372 pro-

604 1383 807 1439 cedens
844 1385 1157 1455 spiritibus,
1194 1388 1514 1459 pariterque
1540 1406 1667 1447 eum
1702 1394 1888 1449 illiset
1918 1394 1989 1451 ab
2028 1397 2200 1452 homi-

605 1474 771 1528 nibus
801 1475 895 1543 qui
932 1491 1055 1531 sese
1096 1479 1472 1546 praestiterunt
1535 1482 1769 1537 eximios
1813 1485 2095 1554 cperibus,
2143 1498 2197 1542 et

603 1566 915 1622 benedictio
943 1583 1008 1622 ac
1032 1568 1298 1635 laudatio,
1327 1572 1523 1627 ultimo
1544 1573 1813 1630 duntaxat
1838 1577 1928 1632 die
1954 1579 2195 1647 reposita

602 1666 709 1724 cst,
741 1659 833 1713 sed
861 1660 1026 1713 etiam
1070 1661 1124 1715 in
1159 1664 1417 1731 prtesenti
1460 1682 1474 1719 :
1503 1667 1977 1734 quemadmodum
2009 1670 2057 1726 is
2098 1672 2193 1738 qui

602 1749 944 1818 conspicitur
992 1752 1264 1807 transitus
1295 1754 1715 1809 distinctionum
1753 1766 2062 1828 temporum
2099 1760 2193 1815 deo

602 1840 931 1894 monstravit
956 1842 1040 1897 his
1068 1842 1163 1911 qui
1196 1852 1358 1899 acute
1377 1855 1612 1913 poswnt
1648 1847 1983 1916 perspicere.

670 1929 1012 1999 Etabjicieut
1039 1949 1265 1986 coronas
1295 1951 1443 1989 suas.
1486 1935 1732 1992 Coronas
1763 1948 1892 1993 ante
1935 1939 2191 1994 thronum

599 2021 839 2090 abjicerc
870 2021 1158 2077 victoriam
1188 2024 1484 2093 signiﬁcat,
1518 2026 1680 2081 veluti
1717 2044 1864 2082 nunc
1894 2044 2114 2099 quoque
2139 2030 2191 2085 in

597 2114 684 2167 his
710 2113 893 2168 videre
917 2124 999 2169 est
1025 2116 1119 2185 qui
1147 2116 1375 2171 vincunt
1401 2117 1454 2170 in
1478 2120 1893 2175 certaminibus.
1935 2119 2193 2199 Thronus

595 2220 725 2259 vero
752 2206 1184 2262 dominationem
1215 2223 1280 2264 ac
1312 2212 1611 2279 potentiam
1644 2212 1914 2281 designat.
1944 2211 2040 2267 Est
2087 2229 2190 2267 au-

596 2307 703 2352 tem
738 2314 941 2354 corona
990 2301 1139 2371 regni
1173 2301 1408 2372 insigne.
1443 2302 1551 2369 Qui
1606 2305 1768 2371 igitur
1800 2320 2037 2361 coronas
2067 2316 2192 2361 ante

591 2391 853 2445 thronum
883 2392 1171 2461 abjiciunt,
1203 2394 1333 2462 quid
1366 2393 1513 2448 aliud
1548 2410 1714 2465 quam
1740 2404 1950 2449 certum
1983 2411 2049 2451 ac
2095 2412 2189 2452 ve-

597 2498 717 2535 rum
760 2499 987 2552 regnum
1016 2496 1066 2538 et
1097 2484 1384 2540 victoriam
1418 2486 1686 2540 adversus
1707 2502 1922 2552 omnes,
1953 2484 2062 2541 Deo
2095 2502 2191 2556 per

591 2574 775 2627 omnia
807 2575 1087 2629 referunt?
1112 2578 1358 2633 dicentes
1383 2597 1396 2632 :
1422 2577 1574 2644 Tibi,
1622 2577 1876 2643 Domine,
1910 2580 1979 2633 ab
2005 2579 2188 2633 omni-

596 2666 697 2718 bus
722 2664 954 2719 debetur
969 2667 1140 2735 gloria
1167 2677 1425 2738 tanquam
1448 2670 1723 2725 conditori
1756 2688 1821 2726 ac
1840 2671 2185 2742 plasmatori,

591 2766 645 2809 ιιι
673 2758 789 2827 qui,
820 2773 945 2813 cum
971 2776 1079 2814 non
1110 2770 1320 2829 essent,
1366 2764 1675 2833 produxisti
1712 2772 1770 2819 ut
1811 2774 2016 2831 essent,
2049 2780 2185 2821 con-

591 2864 778 2907 servas
811 2868 877 2909 ac
905 2856 1176 2913 contines.

1103 3057 1269 3130 695
1298 3059 1529 3116 CAPUT
1564 3061 1657 3116 XI.

2306 560 2465 623 ταίας
2492 560 2603 613 τῶν
2635 562 3055 632 κατορθοὺντων
3090 565 3470 637 ἀναρρήσεως,
3502 567 3624 621 ἔστι
3672 586 3759 633 τις
3784 573 3910 634 τοῖς

2306 651 2670 706 ἀπεκδὼουσι
2695 653 2756 706 τὺ
2783 655 2963 725 παρὸν
3000 657 3296 725 ἐναγώνιον
3321 660 3558 724 στάδιον,
3601 660 3685 731 τῷ
3715 662 3908 716 τεθει-

2309 740 2456 811 μένιρ
2514 742 2833 797 ὑπείκουσιν
2890 746 3023 817 ὅρῳ,
3073 747 3168 800 τοῦ
3231 751 3606 820 συμφέροντος
3677 753 3909 823 ἑκάστῳ

2304 829 2730 904 ὼροθετηκότος.
2768 837 3109 909 εὐχαριστίᾳ,
3146 838 3241 892 ἆτε
3268 840 3365 893 καὶ
3414 841 3906 913 ἀντιλαμϐάνουσι

2306 924 2656 994 συμμέτρους
2734 927 2871 997 πρὸς
2927 929 3021 983 τὸν
3087 930 3353 1000 μέλλοντα
3412 934 3509 988 καὶ
3554 936 3907 990 άκατάλυτον

2304 1013 2476 1066 αἰῶνα
2501 1014 2601 1078 τάς
2631 1014 2954 1085 ἀντιδόσεις,
2985 1019 3106 1089 ἦτοι
3157 1018 3456 1090 θαυμάτων
3485 1024 3839 1095 περιουσίαν,
3867 1025 3903 1095 ἢ

2302 1103 2398 1158 καί
2428 1122 2582 1169 τινας
2624 1106 2818 1177 ἐτέρας
2850 1108 3196 1179 εὐεργεσίας.
3231 1113 3348 1165 Οὐκ
3377 1108 3471 1167 οὖν
3529 1114 3624 1167 ἐπὶ
3650 1114 3750 1182 τῆς
3805 1131 3904 1167 τε-

2302 1193 2563 1259 λευταίας
2597 1197 2763 1268 μόνον
2814 1197 3247 1269 τεθησαύρισται
3284 1201 3526 1271 ἡμέρας,
3555 1204 3589 1273 ἠ
3641 1203 3753 1256 ἀπὸ
3784 1201 3904 1255 τῶν

2300 1287 2691 1359 λειτουργικῶν
2713 1291 3044 1358 πνευμάτων
3071 1294 3168 1346 καὶ
3187 1294 3299 1346 τῶν
3319 1295 3554 1357 ἐκείνοις
3580 1295 3903 1365 ἐναμίλλων

2301 1378 2604 1449 ἀνθρώπων
2630 1378 2928 1451 ἐξαιρέτως
2972 1380 3052 1451 τῷ
3092 1381 3240 1454 ἔργῳ
3268 1384 3592 1454 δειχθέντων
3622 1386 3765 1453 πρὸς
3801 1387 3900 1441 τὸν

2302 1470 2658 1541 σαρκωθέντα
2693 1470 2904 1542 Ἰησοῦν
2939 1472 3177 1543 Χριστὸν
3198 1474 3289 1527 τὸν
3323 1476 3449 1529 Υἱὺν
3473 1476 3570 1530 τοῦ
3601 1477 3739 1531 Θεοῦ
3765 1479 3901 1531 ὑπο-

2297 1560 2542 1624 τύπωσις
2572 1562 2665 1614 καὶ
2710 1561 2957 1631 εὐφημία
3006 1563 3100 1615 καὶ
3153 1559 3323 1630 αἶνος,
3356 1566 3472 1620 ἀλλ’
3508 1567 3610 1637 ἢδη
3655 1568 3753 1621 καὶ
3801 1568 3901 1620 ἐπὶ

2297 1650 2392 1703 τοῦ
2422 1649 2742 1714 ἐνεστῶτος,
2773 1651 2851 1713 ὡς
2884 1654 2916 1722 ή
2946 1652 3182 1706 δοκοῦσα
3216 1655 3325 1707 τῶν
3359 1658 3633 1726 χρονικῶν
3657 1658 3901 1728 διαστη-

2302 1737 2489 1807 μάτων
2532 1738 2849 1809 παράϐασις
2907 1743 3022 1804 τοῖς
3088 1740 3360 1807 ὀξυωπεῑν
3419 1746 3745 1817 δυναμένοις
3788 1748 3898 1800 ὐπ-

2297 1828 2545 1901 έστησεν.

2367 1924 2477 1978 Kal
2500 1923 2777 1988 ,ϐαλοῦσι
2806 1926 2949 1993 τοὺς
2984 1927 3329 1997 στεφάνους
3358 1929 3577 1986 αὐτῶν.
3602 1933 3678 1985 Τὸ
3707 1932 3898 2003 βαλεῖν

2296 2013 2425 2077 τοὺς
2473 2016 2773 2086 στεφάνους
2807 2016 3043 2071 ἐνώπιον
3088 2018 3184 2071 τοῦ
3222 2018 3440 2089 θρόνου,
3473 2021 3573 2092 τὴν
3604 2023 3770 2093 νίκην
3801 2024 3897 2095 δη-

2296 2110 2398 2171 λοῖ,
2438 2110 2514 2174 ὼς
2553 2112 2648 2165 καὶ
2675 2111 2769 2165 νῦν
2826 2113 2920 2167 ἐπὶ
2969 2114 3079 2167 τῶν
3130 2114 3408 2168 νικώντων
3467 2115 3691 2183 ἀγῶνας
3739 2116 3895 2169 ἔστιν

2300 2203 2464 2256 ίδεῖν·
2515 2204 2544 2256 ὁ
2603 2203 2793 2275 θρόνος
2854 2205 2912 2258 δέ
2957 2204 3057 2276 τὴν
3108 2207 3411 2277 κυριότητα
3470 2209 3564 2260 καὶ
3608 2207 3893 2273 ἐξουσίαν.

2300 2297 2453 2349 Ἐστι
2484 2298 2580 2351 καὶ
2608 2297 2887 2366 βασιλείας
2909 2299 2937 2350 ὁ
2965 2300 3231 2367 στέφανος
3270 2300 3561 2370 σύμϐολον.
3591 2301 3894 2363 Βάλλοντες

2294 2387 2389 2441 οὖν
2418 2388 2649 2442 ἐνώπιον
2683 2389 2810 2453 τοὺς
2844 2390 3146 2459 στεφάνους
3168 2392 3264 2445 τοῦ
3294 2390 3508 2463 θρόνου,
3540 2393 3595 2445 τί
3626 2394 3696 2447 ἂν
3729 2394 3891 2459 ἄλλο,

2293 2478 2459 2550 ἢτὴν
2485 2480 2655 2544 ὅντως
2706 2482 2801 2535 καὶ
2855 2482 3032 2552 ἀληθῆ
3082 2483 3379 2552 βασιλείαν,
3442 2484 3539 2537 καὶ
3593 2486 3699 2555 τὴν
3743 2487 3891 2540 κατὰ

2293 2572 2515 2625 πάντων
2584 2572 2763 2643 νίκην,
2804 2573 2884 2644 τῷ
2933 2574 3029 2628 ἐπὶ
3073 2577 3293 2629 πάντων
3356 2575 3676 2630 ἀνατιθέασι
3724 2578 3891 2647 Θεῷ;

2292 2663 2566 2731 λέγοντες·
2618 2665 2732 2725 Σοὶ.
2780 2666 3048 2731 Δέσποτα,
3082 2667 3238 2738 παρά
3269 2667 3500 2723 πάντων
3530 2669 3890 2737 ἐποφείλεται

2293 2753 2443 2821 δόξα,
2476 2754 2553 2817 ὡς
2582 2755 2776 2826 κτίστῃ
2798 2757 2894 2811 καὶ
2912 2757 3253 2827 δημιουργῷ,
3293 2758 3390 2812 καὶ
3420 2759 3486 2811 ἐκ
3506 2757 3601 2811 τοῦ
3632 2758 3710 2829 μὴ
3731 2760 3893 2823 ὖντος

2296 2847 2377 2907 εἰς
2406 2845 2468 2899 τὸ
2496 2842 2638 2901 εἶναι
2667 2851 3023 2919 προσαγωγεῖ
3061 2851 3158 2904 καὶ
3187 2852 3501 2921 συντηρητῇ
3556 2866 3605 2902 τε
3636 2852 3734 2904 καὶ
3761 2867 3893 2904 συν⁶

2293 2940 2434 3009 οχεῖ.

2889 3056 3146 3112 ΚΕΦΑΛ.
3187 3056 3290 3112 IA'.

589 3166 669 3221 De
700 3168 836 3251 libro
859 3171 1067 3241 signato
1096 3174 1289 3251 sigillis
1314 3186 1510 3245 septem
1532 3176 1625 3245 qui
1654 3186 1770 3229 erat
1802 3178 1856 3231 in
1880 3194 2040 3232 manu
2065 3177 2175 3235 Do-
2205 3191 2208 3222 ι

2291 3165 2423 3251 Περὶ
2452 3165 2565 3251 τῇς
2592 3166 2979 3251 ,βίϐξιου-τῆς
3009 3167 3504 3251 ᾆσφραχισέιένης
3536 3170 3891 3251 σφραγῖσι]-

694 3241 845 3307 mini,
877 3258 1029 3311 quem
1057 3241 1207 3297 nulla
1228 3241 1410 3299 creata
1433 3241 1626 3299 natura
1648 3252 1819 3315 potuit
1848 3252 2073 3319 aperire.

657 3416 721 3482 V.
750 3419 866 3475 1-5.
902 3419 971 3473 Et
1004 3422 1112 3476 vidi
1156 3423 1211 3477 in
1251 3422 1473 3477 dextera
1518 3424 1747 3479 sedentis
1785 3426 1843 3480 in
1884 3429 2073 3481 throno
2113 3428 2181 3482 li-

584 3514 737 3565 brum
756 3515 1009 3583 scriptum
1040 3515 1187 3570 intus
1203 3526 1253 3569 et
1276 3517 1430 3585 foris,
1452 3518 1722 3588 signatura
1746 3519 1939 3589 sigillis
1961 3530 2175 3591 septem.

585 3602 655 3655 Et
688 3604 794 3657 vidi
834 3605 1082 3673 angelum
1128 3607 1319 3675 fortem
1352 3609 1730 3676 praedicantem
1764 3626 1886 3664 voce
1932 3628 2129 3681 magna
2158 3628 2177 3666 :

582 3695 715 3757 Quis
740 3704 818 3749 est
849 3696 1042 3766 dignus
1077 3699 1283 3765 aperire
1333 3700 1532 3752 librum
1573 3711 1622 3753 et
1653 3700 1852 3754 solvere
1899 3704 2178 3771 signacula

581 3787 696 3850 eius
719 3788 744 3840 ?
775 3787 844 3840 Et
876 3804 1027 3842 nemo
1050 3800 1258 3858 poterat
1286 3805 1449 3860 neque
1479 3792 1536 3843 in
1582 3792 1709 3845 ccelo
1741 3808 1904 3863 neque
1946 3796 2000 3847 in
2036 3807 2178 3849 terra

583 3897 744 3951 neque
767 3881 946 3935 subter
972 3891 1168 3935 terram
1194 3884 1399 3950 aperire
1430 3885 1623 3937 librum
1657 3901 1822 3955 neque
1846 3888 2080 3955 aspicere
2108 3889 2179 3941 il-

583 3975 713 4027 lum.
752 3973 821 4029 Et
843 3989 937 4043 ego
956 3974 1148 4043 ﬂebant
1172 3975 1417 4041 multum,
1451 3978 1592 4046 quod
1635 3994 1784 4032 nemo
1824 3978 2014 4048 dignus
2041 3991 2175 4034 esset

578 4068 820 4120 inventus
843 4070 1053 4135 aperire
1072 4067 1265 4121 librum
1295 4086 1459 4140 neque
1480 4072 1716 4141 aspicere
1740 4072 1916 4127 illum.
1945 4072 2013 4126 Et
2039 4090 2176 4127 unus

577 4160 643 4212 de
674 4161 971 4215 senioribus
994 4162 1124 4216 dicit
1145 4163 1309 4218 mihi:
1336 4161 1419 4217 Ne
1448 4165 1678 4233 ﬂeveris.

647 4426 781 4495 Quae
838 4428 905 4481 ad
959 4427 1244 4483 dexteram
1282 4426 1377 4482 Dei
1440 4435 1574 4483 sunt
1621 4428 1919 4498 designant
1976 4429 2175 4485 animai

2366 3236 2517 3308 ἐπτᾲ
2548 3237 2661 3308 τῆς
2689 3238 2761 3290 ἐν
2785 3236 2857 3308 τῇ
2876 3237 3028 3305 χειρὶ
3054 3238 3163 3308 τοῦ
3188 3236 3359 3301 Θεοῦ,
3384 3236 3465 3307 ἣν
3485 3236 3688 3308 οὐδεὶς
3716 3236 3889 3297 ἀνοῖ-

2363 3306 2464 3370 ξαι
2488 3304 2737 3360 δύναται
2767 3306 2877 3376 τῆς
2909 3304 3162 3376 κτιστῆς
3189 3304 3452 3378 φύσεως.

2359 3415 2471 3471 Kal
2509 3413 2676 3472 εἶδον
2698 3417 2799 3471 ἐπὶ
2825 3418 2942 3487 τὴν
2983 3419 3195 3485 δεξιὰν
3238 3420 3347 3475 τοῦ
3395 3421 3742 3493 καθημένου
3783 3424 3888 3479 ἐπὶ

2289 3508 2399 3563 τοῦ
2470 3511 2692 3577 θρόνου
2743 3511 2991 3575 ,βιϐλίον
3039 3513 3454 3583 τετραμμένον
3508 3516 3744 3570 ἔσωθεν
3786 3519 3889 3572 καὶ

2286 3600 2534 3666 ἓξωθεν,
2559 3604 3172 3673 κατεσφραγισμένον
3200 3608 3538 3676 σφραγῖσιν
3564 3608 3739 3662 ἑπτά.
3770 3611 3887 3664 Kal

2286 3690 2451 3748 εἶδον
2503 3693 2768 3763 ἄγγελον
2818 3696 3081 3764 ἰσχυρὸν
3134 3699 3533 3765 κηρύσσοντα
3583 3700 3655 3753 ἐν
3708 3699 3890 3768 φωνῇ

2286 3784 2524 3854 μεγάλῃ
2543 3799 2558 3813 °
2605 3787 2703 3851 Τίς
2736 3786 2908 3853 ἄξιός
2940 3788 3115 3842 ἐστιν
3143 3789 3380 3853 ἀνοῖξαι
3409 3791 3477 3843 τὸ
3510 3791 3761 3855 βιϐλίον
3786 3792 3887 3845 καί

2285 3876 2474 3930 λῦσαι
2503 3876 2611 3941 τὰς
2640 3877 2983 3947 σφραγῖδας
3003 3879 3193 3933 αὐτοῦ
3217 3895 3238 3944 ;
3261 3880 3371 3934 Kal
3394 3879 3598 3946 οὐδεὶς
3622 3880 3887 3937 ἐδύνατο

2285 3969 2355 4023 ἐν
2388 3969 2471 4034 τῷ
2508 3969 2745 4039 οὐρανῷ
2787 3970 2929 4023 οὔτε
2973 3969 3075 4023 ἐπὶ
3102 3968 3214 4039 τῆς
3244 3970 3379 4042 γῆς,
3408 3972 3551 4025 οὔτε
3597 3972 3887 4027 ὑποκάτω

2284 4063 2396 4132 τῆς
2426 4064 2538 4134 τῆς
2580 4064 2819 4128 ἀνοῖξαι
2851 4063 2918 4117 τὸ
2943 4064 3211 4128 βιϐλίον,
3241 4064 3382 4117 οὔτε
3400 4063 3672 4128 βλέπειν
3708 4066 3882 4119 αὑτό.

2283 4157 2395 4212 Καὶ
2414 4157 2531 4228 ἐγὼ
2568 4158 2820 4212 ἔκλαιον
2862 4156 3046 4221 πολὺ,
3077 4157 3167 4211 ὅτι
3225 4157 3427 4223 οὐδεὶς
3463 4157 3633 4223 ἄξιος
3664 4160 3882 4225 εὐρέοη

2282 4249 2523 4314 ἀνοῖξαι
2553 4249 2621 4303 τὸ
2647 4250 2917 4315 βιϐλίον,
2946 4248 3091 4302 οὐδὲ
3132 4247 3399 4312 ,βλέπειν
3439 4250 3610 4303 αὑτό.
3643 4251 3757 4303 Kal
3793 4245 3885 4316 εἷς

2283 4342 2353 4395 ἐκ
2377 4340 2497 4395 τῶν
2521 4344 2944 4410 πρεσϐυτέρων
2961 4340 3126 4409 λέγει
3146 4357 3252 4409 μοι
3275 4356 3291 4370 ο
3328 4340 3430 4408 Μὴ
3465 4339 3663 4394 κλαῖε.

2356 4422 2447 4485 Τὰ’
2475 4433 2539 4483 ἐκ
2564 4430 2756 4495 δεξιῶν
2789 4430 2883 4482 τοῦ
2916 4429 3075 4492 Θεοῦ,
3106 4430 3174 4482 τὰ
3204 4428 3346 4483 κατά
3372 4429 3552 4500 ψυχὴν
3574 4430 3881 4484 αἰνίττεται

576 4519 745 4586 bona,
777 4536 901 4590 quae
922 4520 1090 4574 etiam
1119 4522 1506 4589 parmmiastes
1538 4520 1802 4577 Solomon
1830 4521 2079 4578 ostendit
2119 4524 2171 4577 in

2291 4522 2481 4591 ἱγαθὰ,
2524 4521 2670 4591 ἆπερ
2712 4520 2808 4574 καὶ
2866 4521 2895 4572 ὁ
2940 4519 3353 4591 παροιμιαστὴς
3394 4519 3649 4588 Σολομὼν
3701 4522 3761 4571 ἐν
3808 4522 3877 4589 τῇ

570 4615 799 4667 dextera
827 4613 1115 4681 sapientia}
1140 4615 1354 4683 reponi,
1386 4629 1483 4684 per
1523 4615 1692 4668 vitam
1733 4630 1799 4669 ea
1850 4614 2173 4685 signiﬁcans

2291 4617 2425 4685 ῑεξιᾷ
2451 4611 2778 4667 ἀποκεῖσθαι
2812 4611 2967 4677 δηλοῖ
3015 4614 3117 4680 τῆς
3151 4610 3375 4680 σοφίας,
3416 4609 3452 4663 ἃ
3479 4610 3571 4663 διὰ
3601 4610 3698 4680 τῆς
3732 4611 3880 4677 ζωῆς

572 4705 809 4759 dicendo
843 4721 859 4759 :
898 4724 916 4756 ι
959 4703 1018 4759 In
1050 4706 1279 4760 dextera
1313 4707 1489 4772 ipsius
1524 4706 1637 4759 vita
1670 4706 1735 4757 ⁸⁸.
1769 4726 1787 4759 ι
1825 4707 1957 4773 Quae
1980 4722 2111 4761 vero
2139 4722 2172 4761 a

573 4797 843 4860 sinistris,
876 4797 1021 4851 bona
1054 4798 1304 4866 corporis
1330 4807 1386 4851 et
1421 4798 1707 4852 mortalem
1757 4797 1902 4851 hanc
1947 4797 2112 4852 vitam
2153 4812 2169 4851 :

573 4905 699 4959 quin
730 4905 828 4960 per
855 4890 1085 4961 gloriam
1120 4904 1185 4945 ac
1213 4890 1434 4944 divitias
1460 4891 1640 4943 innuit
1663 4890 1855 4944 dicens
1892 4906 1907 4943 :
1953 4906 1973 4939 ι
2004 4885 2066 4941 1η
2092 4889 2175 4942 si-

576 4984 753 5038 nistra
779 4984 955 5054 ipsius
977 4982 1185 5038 divitize
1218 4993 1272 5037 et
1294 4984 1497 5053 gloria.
1538 5001 1556 5035 ι
1601 4981 1674 5037 De
1699 4983 1902 5037 throno
1930 4997 2062 5037 vero
2087 4982 2176 5036 di-

574 5086 724 5131 ctum
747 5085 832 5131 est
857 5076 1002 5147 quod
1028 5083 1358 5146 potestatem
1391 5090 1457 5130 ac
1497 5073 1855 5129 eminentiam
1905 5073 2177 5144 signiﬁcet

573 5170 695 5240 ejus
720 5170 812 5241 qui
845 5185 1010 5240 super
1051 5171 1233 5240 ipsum
1289 5170 1465 5224 sedet.
1522 5167 1669 5233 Quid
1696 5176 1782 5222 est
1815 5178 1998 5223 autem
2039 5168 2179 5222 liber

577 5264 683 5321 nisi
710 5262 1125 5334 sapientissima
1154 5273 1203 5317 et
1236 5259 1821 5332 incomprehensibilis
1846 5259 1941 5315 Dei
1965 5274 2177 5314 memo-

577 5358 698 5412 ria?
724 5373 889 5429 quam
911 5364 967 5411 et
984 5356 1247 5427 propheta
1273 5355 1444 5409 David
1466 5364 1521 5410 et
1539 5353 1718 5409 Moses
1737 5352 2138 5423 prwsignarunt
2161 5368 2176 5407 :

579 5453 671 5508 ille
721 5452 944 5522 quidem
976 5466 1102 5506 cum
1146 5449 1400 5504 diceret:
1449 5465 1469 5499 ι
1520 5446 1580 5502 ln
1643 5447 1787 5501 libro
1842 5456 1937 5499 tuo
1987 5460 2179 5501 omnes

580 5542 949 5601 scribentur“
986 5560 1000 5596 :
1037 5562 1054 5593 ι
1087 5543 1174 5596 hic
1206 5550 1388 5595 autem
1423 5556 1548 5594 cum
1574 5540 1690 5593 nit:
1728 5558 1746 5589 ι
1779 5540 1888 5592 Aut
1924 5538 2045 5591 dele
2095 5552 2182 5591 me

583 5636 649 5688 de
677 5636 817 5690 libro
844 5650 1010 5705 quem
1047 5634 1321 5703 scripsisti
1352 5635 1413 5687 ⁸⁸.
1462 5653 1481 5685 ι
1540 5629 1716 5686 Porro
1756 5632 1905 5686 intus
1937 5642 1992 5686 et
2046 5629 2183 5693 foris

2276 4707 2557 4779 ὐπὲφηνεν
2590 4703 2786 4758 εἰπών·
2812 4724 2829 4756 ι
2853 4704 2946 4758 Ἐν
2975 4706 3046 4774 τῇ
3070 4702 3225 4773 δεξιᾷ
3256 4704 3430 4774 αὐτῆς
3454 4702 3589 4773 ζωή“
3613 4721 3631 4754 ι
3658 4702 3728 4755 τὰ
3747 4703 3806 4755 δὲ
3824 4702 3881 4767 ἐξ

2278 4796 2611 4871 ἀριστερῶν,
2669 4796 2740 4850 τά
2771 4795 3106 4874 κατὰσῶμα
3136 4794 3233 4847 καὶ
3282 4792 3384 4863 τὴν
3432 4792 3635 4862 θνητὴν
3670 4791 3881 4862 ταύτην

2281 4891 2451 4960 ζωὴν,
2488 4891 2633 4961 ἅπερ
2662 4888 2752 4943 διὰ
2783 4890 2883 4959 τῆς
2936 4886 3093 4957 δόξης
3139 4887 3232 4939 καὶ
3266 4885 3361 4939 τοῦ
3393 4883 3628 4938 πλούτου
3659 4885 3880 4954 ᾐνίξατο

2280 4984 2495 5053 φήσαςο
2528 5000 2546 5034 ι
2588 4982 2677 5034 Ἐν
2699 4983 2767 5052 τῇ
2797 4980 3064 5051 ἀριστερᾷ
3099 4978 3332 5041 πλοῦτος
3365 4979 3459 5030 καὶ
3481 4977 3629 5040 δόξα.
3668 4996 3687 5027 ι
3736 4976 3798 5030 Ὀ
3826 4975 3882 5028 δὲ

2286 5073 2502 5145 θρόνος,
2543 5075 2628 5127 ὅτι
2657 5072 2758 5143 τὴν
2796 5070 3047 5134 ἐξουσίαν
3073 5072 3171 5123 καὶ
3199 5069 3260 5122 τὸ
3290 5067 3635 5138 ὑπερϐάλλον
3667 5064 3763 5118 τοῦ
3792 5063 3879 5117 ἐπ’

2282 5163 2448 5217 αὑτὸν
2470 5161 2671 5232 ὲπόχου
2715 5161 2997 5231 σημαίνει,
3032 5158 3275 5230 εἴρηται.
3327 5156 3393 5210 Τί
3426 5156 3483 5210 δὲ
3539 5156 3601 5208 τὸ
3635 5153 3876 5225 βιϐλίον;

2300 5258 2366 5310 Ἦ
2392 5257 2670 5326 πάνσοφος
2700 5256 2796 5309 τοῦ
2831 5254 2966 5307 Θεοῦ
2994 5253 3090 5307 καὶ
3115 5250 3489 5322 ἀνεπίληπτος
3524 5249 3740 5319 μνήμη.
3777 5248 3877 5299 Ἦν

2241 5396 2248 5403 .
2287 5354 2383 5407 καὶ
2426 5353 2456 5404 ὁ
2508 5349 2800 5420 προφήτης
2829 5346 2994 5401 Δαυῒδ
3046 5346 3144 5400 καὶ
3193 5344 3435 5413 Μωϋσῆς
3492 5342 3820 5414 παρεδήλου,
3849 5341 3877 5392 ὁ

2289 5446 2389 5515 μὲν
2431 5444 2520 5497 διὰ
2540 5442 2654 5495 τοῦ·
2687 5461 2706 5493 ι
2746 5441 2870 5495 Ἐπὶ
2894 5441 2955 5492 τὸ
2980 5439 3186 5508 βιϐλίον
3211 5455 3306 5490 σου
3336 5437 3540 5497 πάντες
3566 5435 3875 5505 γραφήσην·

2285 5553 2396 5591 ται⁶
2432 5556 2449 5588 ι
2480 5538 2507 5588 ὁ
2538 5536 2595 5587 δέ
2648 5534 2737 5587 διὰ
2759 5531 2876 5585 τοῦ·
2914 5550 2933 5583 ι
2973 5530 3134 5601 Κάμὲ
3165 5528 3449 5598 ἐξάλειψον
3485 5530 3550 5582 ἐκ
3572 5527 3669 5596 τῆς
3698 5524 3875 5594 βίϐλου

2286 5623 2354 5700 ἧς
2388 5626 2662 5698 ἔγραψας.
2707 5642 2725 5675 ι
2756 5623 2829 5678 Τὸ
2854 5622 2913 5677 δὲ
2948 5620 3154 5676 ἔσωθεν
3184 5618 3496 5697 γεγράκφθαι
3528 5618 3626 5672 καὶ
3656 5615 3869 5681 ἔξωθεν,

662 5793 704 5825 ι’·
759 5795 923 5849 Prov.
973 5810 1058 5857 ut,
1111 5795 1199 5851 16.
1284 5797 1325 5828 ³⁵
1360 5796 1505 5850 Psal.
1541 5809 1810 5860 cxxxmt,
1846 5793 1933 5848 16.
2015 5794 2058 5827 ⁸ο
2089 5790 2206 5847 Exo

2304 5806 2478 5856 χχχιι,
2523 5788 2614 5844 52.
