4110 6412
215 416 330 481 5'77

1303 407 1694 472 COMMENT.
1732 407 1816 470 IN
1857 407 2396 474 APOCALYPSIN.

3404 415 3512 480 578

215 531 320 587 καὶ
344 528 613 600 σφραγῖσι
656 519 1100 596 κατησφαλίσθαι
1143 521 1306 585 ἑπτὰ,
1340 521 1402 575 τὸ
1430 519 1634 574 έσωθεν
1680 520 1806 590 μὲν,

1933 522 2178 591 :criptum
2225 537 2348 577 esse
2409 529 2732 591 septemque
2790 520 2988 593 sigillis
3044 522 3345 594 signatum,
3409 531 3517 584 hoc

211 617 264 670 οί
289 618 369 681 ἐξ
412 614 753 684 ἰεοουσαλὴμ
776 613 843 668 ἂν
871 613 1066 683 εἴησαν
1089 609 1494 682 γεγραμμένοι,
1519 609 1596 674 ὡς
1623 609 1811 663 θεοσε-

212 708 344 771 ϐεῖς
367 711 435 779 τῇ
460 707 655 778 οδηγίᾳ
676 705 772 760 τοῦ
803 707 998 776 νόμου,
1047 705 1110 758 τὸ
1149 704 1354 769 ἔξωθεν
1376 703 1434 756 δὲ
1467 704 1563 757 καὶ
1601 705 1670 773 τῇ
1703 703 1816 773 χεί-

216 817 348 855 ρονι
373 815 451 868 μο
472 816 567 870 ρα.
600 799 651 852 οἱ
681 799 740 862 ἐξ
769 797 961 852 ἐθνῶν.
994 798 1060 850 Αἱ
1100 797 1160 849 δὲ
1189 796 1330 850 tm
1373 795 1696 866 σφραγῖδες,
1739 795 1817 867 τῷ

223 890 367 943 eme
419 887 640 959 ἀριθμῷ
677 889 740 941 τὸ
785 887 1060 958 ἐπίσημον
1097 888 1345 958 ἔχουσαι,
1391 887 1493 950 τὰς
1531 887 1674 942 κατά
1723 886 1818 940 τὸν

223 979 423 1048 θνητὸν
453 979 646 1032 τοῦτον
669 979 881 1049 κόσμον
913 978 1026 1032 τῶν
1053 979 1281 1049 ἡμερῶν
1306 978 1612 1048 μεταϐολάς
1645 997 1704 1033 τε
1725 980 1819 1034 καὶ

224 1072 477 1143 διαδοχάς
505 1069 873 1140 σημαίνουσαι
921 1069 975 1122 τί
997 1068 1066 1123 ἂν
1090 1070 1220 1123 ἄλλο
1245 1071 1483 1125 συνιέναι
1501 1071 1816 1142 παρέχοιεν,

223 1165 260 1226 ἦ
293 1165 355 1216 τὸ
385 1162 590 1234 μηδένα
619 1161 763 1231 πλὴν
815 1160 982 1231 μόνου
1019 1161 1159 1215 Θεοῦ
1191 1161 1260 1214 τὰ
1288 1161 1432 1216 κατά
1465 1163 1562 1234 τὴν
1583 1163 1820 1229 διέξοδον

222 1252 325 1306 τοῦ
355 1251 471 1322 βίου
500 1251 735 1304 ἑκάστου
767 1251 928 1320 ἡμῶν
970 1250 1302 1324 ἐξακριϐοῦν
1353 1252 1521 1323 ἔχειν,
1575 1254 1817 1318 είδέναι;

227 1342 305 1394 Ἦ
334 1336 427 1394 οὖν
457 1339 642 1393 τοῦτο·
673 1340 705 1410 ἢ
736 1340 798 1393 τὸ
831 1340 1151 1394 κεκλεῖσθαι
1182 1343 1244 1396 τὸ
1290 1343 1497 1413 βιϐλίον
1524 1345 1620 1398 καὶ
1661 1345 1823 1398 τοῦτο

224 1431 556 1502 βουλομένου
583 1433 862 1505 παριστᾷν
895 1435 1039 1500 ἐστι,
1070 1435 1131 1487 τὸ
1151 1435 1356 1505 μηδένα
1372 1437 1640 1506 ἠξιῶσθαι
1670 1437 1822 1501 θείας

221 1523 484 1592 ἐποψίας,
513 1523 656 1591 πλὴν
706 1523 1022 1590 ὀλιγίστων.
1058 1542 1077 1574 ι
1116 1525 1326 1589 Πάντες
1378 1527 1488 1597 γὰρ
1516 1526 1820 1592 ἐξέκλιναν,

223 1614 349 1684 ἅμα
371 1611 756 1684 ἡχρειὼθησαν
775 1633 794 1665 ›
823 1615 922 1686 τὴν
942 1614 1052 1668 ἀπὸ
1077 1616 1178 1684 τῆς
1209 1617 1484 1687 ἁμαρτίας
1519 1617 1614 1670 τοῦ
1652 1618 1825 1687 Ἀδὰμ

222 1705 549 1774 ἀχρείωσιν,
587 1707 683 1758 καὶ
733 1704 1121 1760 ἀπολωλέκασι
1161 1707 1262 1778 τὴν
1298 1708 1438 1779 πρὸς
1487 1710 1622 1763 Θεὸν
1678 1711 1824 1781 παρ-

227 1797 454 1868 ρησίαν.

302 1973 414 2028 Kal
438 1972 641 2040 οὐδεὶς
665 1973 947 2028 ἐδύνατο.
986 1975 1321 2047 Ἀνθρώπων
1358 1977 1454 2046 μὲν
1486 1977 1666 2040 οὐδεὶς
1695 1977 1825 2046 ἡδύ·-

226 2083 384 2121 νατο.
421 2066 495 2119 Τὸ
527 2065 586 2118 δὲ
614 2066 690 2128 ὡς
734 2066 923 2136 ἀρνίον
955 2067 1051 2119 καὶ
1107 2067 1278 2138 μάλα,
1323 2068 1401 2132 ὼς
1455 2069 1556 2140 ἤδη
1608 2069 1825 2140 εἴρηται

226 2158 330 2209 καὶ
362 2155 451 2208 διά
482 2153 578 2207 τοῦ
607 2155 773 2207 Δαυῖδ
817 2156 959 2209 κατά
989 2156 1052 2210 τό
1075 2173 1089 2188 ⁸
1129 2175 1148 2208 ι
1194 2156 1344 2228 Πρωῒ
1394 2158 1694 2229 είσακούσῃ
1725 2163 1826 2229 τῆς

228 2248 421 2316 φωνῆς
457 2264 581 2317 μου,
618 2265 635 2298 ι
664 2247 880 2318 πρωῖαν
943 2249 1044 2319 τὴν
1069 2247 1157 2301 διά
1180 2249 1382 2317 σαρκὸς
1409 2251 1704 2320 ἐπιδημίαν
1728 2251 1826 2303 τοῦ

225 2340 443 2408 Κυρίου
499 2339 774 2408 λέγοντος,
824 2341 894 2394 δι’
934 2336 1004 2408 ἧς
1053 2341 1354 2411 ἐπιδημίας
1398 2341 1680 2412 ἄνθρωποι
1733 2344 1829 2397 καὶ

227 2430 386 2493 θείας
433 2431 665 2500 ὲποψίας
701 2430 1020 2502 ἠξιώθημεν
1074 2435 1479 2501 παραστάντες,
1524 2434 1694 2504 ἤγουν
1725 2451 1830 2488 πα⁸

228 2524 504 2594 ραστῆναι
556 2525 884 2590 ἀξιωθέντες
923 2524 1080 2595 παρά
1131 2523 1228 2577 τοῦ
1289 2525 1360 2578 τὰ
1399 2529 1830 2597 κατερῤαγμένα

225 2616 620 2689 ἀνορθοῦντος,
673 2617 869 2670 καὶτὰ
917 2616 1366 2688 συντετριμμένα
1407 2618 1825 2685 συσφίγγοντος.

227 2713 314 2765 Δι’
357 2711 396 2766 ἃ
427 2713 522 2766 καὶ
548 2715 581 2782 ἠ
613 2712 753 2784 πρὸς
790 2714 942 2783 ἡμᾶς
995 2713 1164 2766 αὑτοῦ
1200 2713 1580 2783 εῠσπλαγχνος
1627 2713 1830 2784 ᾠκονο-

231 2804 386 2875 μήθη
436 2805 724 2876 ἐπιδημία.
766 2807 878 2859 Καὶ
911 2805 999 2860 διὰ
1040 2807 1247 2876 ταύτην
1295 2806 1404 2859 τῶν
1436 2806 1735 2878 προφητῶν
1774 2809 1828 2861 αἱ

227 2895 451 2965 δεήσεις
495 2896 959 2968 εἰσηκούσθησαν,
1010 2892 1086 2951 ὧν
1134 2900 1252 2952 ὲστι
1299 2901 1391 2953 καὶ⁸
1441 2901 1497 2971 ή,
1552 2919 1570 2952 ι
1634 2901 1828 2952 Κλῖνον

229 2987 364 3050 τοὺς
390 2989 657 3057 οὐρανοὺς
685 2989 780 3042 καὶ
814 2989 1114 3060 κατάϐηθι.
1153 3009 1171 3040 ι

309 3077 425 3132 Καὶ
442 3077 560 3147 ἐγὼ
585 3078 862 3142 ἔκλαιον,
894 3079 985 3133 ὅτι
1012 3079 1214 3146 οὐδεὶς
1236 3080 1408 3146 ἄξιος
1431 3081 1664 3149 εὑρέθη.
1692 3081 1830 3134 Οὐδὲ

233 3166 348 3237 γάρ
369 3168 628 3236 ἄγγελος,
683 3170 787 3223 οὐκ
813 3169 1104 3240 ἄνθρωπος
1129 3170 1306 3224 ταῦτα
1332 3171 1720 3244 κατώρθωσεν,
1754 3172 1828 3232 ὦς

231 3277 407 3329 φησιν
435 3261 686 3324 Ἡσαΐας,
714 3261 777 3314 οὑ
805 3262 1073 3333 πρέσϐυς,
1097 3263 1198 3315 οὐκ
1227 3264 1486 3331 ἄγγελος,
1511 3263 1630 3316 ἀλλ’
1661 3263 1828 3326 αὐτὸς

231 3351 448 3405 ἔσωσεν
471 3353 688 3418 αὐτούς.
717 3352 858 3407 Οὗτε
884 3352 978 3407 οὖν
1002 3355 1112 3408 τῶν
1143 3355 1405 3425 ἀσάρκων
1433 3371 1540 3418 τις,
1572 3352 1698 3407 οὗτε
1721 3353 1832 3408 τῶν

235 3446 305 3496 ὲν
325 3461 396 3497 σα
406 3447 496 3514 ρκὶ
506 3445 696 3510 ὅντων,
722 3445 849 3500 οὕτε
868 3447 980 3500 τῶν
997 3449 1062 3500 ὲκ
1083 3447 1288 3518 σαρκὸς
1305 3447 1540 3517 ἀποδεδη
1547 3464 1622 3517 μη
1631 3447 1828 3513 κότων,

230 3537 340 3607 τὴν
368 3538 572 3608 ἀκριϐῆ
600 3539 711 3591 τῶν
734 3538 896 3592 θείων
917 3540 1110 3608 εἴληφε
1146 3539 1370 3607 γνῶσιν.
1408 3539 1583 3592 Τοῦτο
1628 3539 1739 3608 γὰρ
1771 3539 1834 3592 τδ

234 3630 612 3698 συνεπτύχθαι
640 3630 792 3702 δηλοῖ
811 3630 873 3684 τὸ
910 3630 1136 3700 βιϐλίον,
1164 3631 1330 3684 οἱονεὶ
1366 3630 1428 3683 τὺ
1459 3631 1611 3703 πάσῃ
1637 3633 1831 3701 κτιστῇ

235 3721 404 3789 φύσει
462 3723 798 3791 ἀνεπινόητα
851 3719 995 3776 εἶναι
1066 3721 1138 3776 τὰ
1191 3723 1441 3793 κρίματα
1501 3723 1597 3774 τοῦ
1670 3721 1831 3778 Θεοῦ.

238 3814 451 3885 Κτιστῇ
483 3815 584 3882 μὲν
620 3813 713 3867 οὖν
748 3813 911 3882 φύσει
973 3814 1342 3867 συνέπτυκται
1383 3813 1442 3866 τὸ
1489 3813 1718 3883 βιϐλίον,
1743 3813 1836 3866 καὶ

235 3905 301 3958 οὐ
335 3904 499 3974 μόνον
528 3905 736 3968 ἀνοῖξαι
784 3921 870 3967 τις
901 3903 1036 3957 αὐτὸ
1070 3905 1355 3967 ἀδυνάτως
1390 3905 1525 3975 ἔχει,
1563 3904 1680 3957 ἀλλ’
1711 3905 1835 3958 οὐδὲ

239 3995 488 4066 βλέπειν,
531 3996 811 4049 τουτέστιν
857 3994 982 4048 οὐδὲ
1023 3995 1232 4059 ἀτενῶς
1293 3996 1432 4066 πρὸς
1460 3995 1528 4047 τά
1565 3995 1684 4048 θεία
1719 3995 1838 4066 κρι-

241 4105 394 4157 ματα
443 4089 672 4158 ἴσχυσεν
711 4089 870 4159 ὁρᾷν.
915 4088 1058 4142 Ἀλλ’
1098 4091 1150 4142 οἱ
1209 4089 1468 4143 τοσούτου
1518 4088 1839 4158 ἀναπεπλη-

243 4178 442 4250 σμένοι
462 4179 560 4234 τοῦ
589 4180 838 4246 ἀναξίου,
873 4180 1066 4252 ἐπειδὴ
1097 4181 1284 4245 αὐτοῖς
1311 4183 1344 4251 ὴ
1379 4181 1474 4234 τοῦ
1504 4181 1693 4252 ἀρνίου
1715 4181 1838 4234 επι-

241 4269 418 4340 δημία
445 4271 717 4340 παρέστη,
770 4272 840 4323 τά
871 4272 1004 4342 πρὶν
1060 4271 1265 4341 ἄπορα,
1324 4270 1536 4342 εὔπορα
1569 4272 1835 4342 κατέστη,

243 4359 432 4414 καὶτὰ
459 4359 721 4431 δυσχερῆ,
761 4360 920 4431 ρᾴδιά
947 4377 1006 4414 τε
1031 4361 1128 4414 καὶ
1150 4360 1379 4432 εὐχερῆ.

315 4633 429 4688 Kal
456 4627 546 4699 εἷς
581 4632 651 4686 ἐκ
680 4629 800 4685 τῶν
845 4631 1290 4702 πρεσϐυτέρων.
1328 4628 1424 4696 Εἷς
1446 4633 1555 4687 τῶν
1591 4635 1838 4704 πρεσϐυ-

240 4727 443 4797 τέρων,
469 4725 638 4796 ῆγουν
667 4723 776 4778 τῶν
800 4723 1434 4794 θειοτέρωνῂδυνάμεων.
1469 4725 1536 4778 Οἱ
1561 4726 1655 4779 καὶ
1683 4725 1842 4780 αὐτοὶ⁹

241 4822 312 4890 τῇ
344 4819 484 4888 πρὸς
506 4819 654 4889 ἡμᾶς
687 4817 872 4887 σχέσει
913 4818 1092 4888 χαρᾶς
1149 4817 1513 4889 πληροῦνται,
1547 4819 1623 4884 ὡς
1677 4822 1773 4874 καὶ
1810 4822 1838 4875 ὁ

244 4914 456 4983 Κύριές
489 4929 624 4982 φησι
647 4929 662 4944 ·
695 4931 716 4964 ι
749 4911 911 4982 Χαρά
938 4913 1155 4980 γίνεται
1192 4913 1252 4966 ὲν
1277 4913 1496 4985 οὐρανῷ
1524 4915 1616 4968 ἐπὶ
1659 4915 1839 4986 ἀμαρ-

239 5004 406 5076 τωλῷ
437 5003 811 5076 μετανοοῦντι.
840 5025 859 5057 ι
896 5005 960 5057 El
983 5004 1041 5057 δὲ
1063 5004 1156 5058 ἐπὶ
1191 5004 1274 5058 ἐνὶ
1306 5004 1625 5075 ἁμαρτωλῷ
1651 5005 1833 5071 τοῦτο,

243 5096 390 5164 πόση
421 5093 519 5147 καὶ
541 5093 624 5156 τίς
654 5095 686 5165 ἠ
719 5094 864 5164 χαρά
891 5093 1124 5164 συσταίη
1150 5095 1245 5147 ἐπὶ
1277 5095 1528 5161 πολλοῖς;
1557 5095 1626 5150 δι’
1651 5099 1718 5168 ἢν
1740 5099 1837 5151 καὶ

243 5190 280 5258 ὴ
305 5187 596 5258 παρρησία
617 5187 712 5241 τοῦ
755 5187 969 5258 ἀρνίου,
998 5187 1028 5240 ὃ
1073 5187 1252 5258 ἤνοιξε
1301 5187 1362 5242 τὺ
1393 5187 1600 5258 βιϐλίον
1654 5192 1736 5253 είς
1775 5189 1838 5242 τὸ

244 5277 458 5346 γνῶναι
487 5276 582 5330 τὸν
607 5278 701 5332 ἐπὶ
751 5277 998 5349 σωτηρίᾳ
1045 5277 1207 5348 ἡμῶν
1251 5279 1696 5348 παραγεγονότα.
1730 5280 1842 5334 Καὶ

240 5369 328 5423 ὅτι
384 5367 565 5434 τοῦτο,
617 5370 780 5435 αὐτὸς
826 5373 977 5441 ἡμᾶς
1029 5369 1276 5424 διδάσκει
1325 5371 1354 5422 ὁ
1399 5370 1604 5443 Κύριος
1633 5371 1838 5441 λέγων·

247 5481 269 5515 ι
304 5462 426 5516 Οὐκ
466 5457 631 5532 ἦλθον
695 5463 926 5518 καλέσαι
988 5463 1252 5531 δικαίους,
1304 5463 1443 5519 ἀλλά
1477 5465 1844 5537 ἁμαρτωλοὺς

239 5559 327 5619 εἰς
361 5556 677 5624 μετάνοιαν.
707 5574 727 5608 ι

1917 611 2042 674 erit,
2078 621 2136 668 ut
2163 613 2312 668 intus
2345 613 2566 682 quidem
2595 614 2786 683 scripti
2834 615 3092 669 dicantur
3133 617 3230 686 qui
3285 627 3417 673 sunt
3447 634 3517 673 ex

1919 703 2317 774 Hierosolymis
2349 711 2612 772 tanquam
2654 702 2748 758 Dei
2811 703 3056 760 cultores
3101 704 3238 775 legis
3259 707 3464 762 ducatu
3494 727 3513 760 -.

1919 795 2059 850 foris
2109 805 2294 850 autem
2342 796 2459 850 sive
2491 811 2520 848 a
2551 804 2707 866 tergo
2744 807 2795 850 et
2841 796 3098 852 deteriori
3127 809 3302 868 parte,
3327 801 3421 869 qui
3447 815 3516 855 ex

1921 888 2205 958 gentibus.
2243 887 2465 958 Septem
2503 902 2638 942 vero
2693 887 2872 960 sigilla
2934 889 3248 959 septenario
3291 905 3522 946 numero

1921 981 2138 1051 insigne
2171 981 2430 1036 habentia
2464 989 2518 1036 et
2554 981 2926 1051 signiﬁcantia
2972 983 3187 1038 dierum
3225 985 3520 1039 varietates

1923 1089 1988 1129 ac
2013 1074 2400 1130 successiones
2430 1089 2552 1145 qua:
2575 1075 2628 1128 in
2663 1075 2982 1130 transitoria
3013 1076 3121 1132 hoc
3156 1079 3364 1132 mundo
3386 1093 3520 1132 con-

1923 1164 2167 1234 tingunt,
2222 1165 2354 1233 quid
2411 1164 2557 1218 aliud
2619 1163 3038 1234 intelligendum
3092 1166 3339 1234 praebent
3411 1167 3519 1221 nisi

1922 1256 2070 1326 quod
2098 1270 2260 1312 nemo
2291 1264 2491 1325 praeter
2523 1255 2704 1310 solum
2731 1254 2899 1309 Deum
2929 1265 3121 1310 exacte
3162 1258 3303 1311 scire
3335 1257 3514 1326 possit

1923 1363 2047 1417 quae
2077 1347 2133 1400 in
2163 1346 2313 1401 exitu
2352 1346 2479 1400 vita:
2509 1345 2675 1418 695
2729 1347 3001 1416 cujusque
3057 1356 3310 1402 nostrum
3351 1364 3518 1418 expe-

1923 1435 2183 1491 ctentur?
2205 1435 2316 1488 Aut
2347 1435 2516 1504 igitur
2539 1435 2643 1489 hoc
2675 1434 2749 1488 ita
2774 1445 2888 1488 est:
2915 1444 3010 1488 aut
3028 1436 3274 1489 clausum
3307 1452 3428 1492 esse
3449 1438 3518 1492 li-

1924 1525 2111 1592 brum,
2151 1527 2257 1581 hoc
2291 1525 2676 1581 demonstrare
2706 1526 2943 1582 volentis
2973 1537 3078 1592 est,
3103 1528 3312 1581 nullum
3335 1528 3521 1583 divino

1926 1627 2148 1687 aspectu
2212 1619 2439 1690 dignum
2492 1620 2680 1675 haberi
2733 1630 2930 1690 prmter
2975 1622 3364 1691 paucissimos.
3435 1622 3524 1676 Si-

1925 1709 2150 1778 quidem
2192 1728 2211 1760 ι
2237 1725 2433 1764 omnes
2468 1709 2913 1777 declinaverunt,
2952 1712 3118 1767 simul
3144 1711 3364 1767 inutiles
3393 1712 3522 1766 facti

1930 1809 2080 1863 sunt,
2095 1818 2112 1850 ι
2127 1800 2426 1853 inutilitate
2445 1815 2567 1870 quae
2585 1815 2649 1854 ex
2673 1813 2898 1870 peccato
2917 1803 3087 1857 Adam
3107 1811 3390 1858 contracta
3406 1810 3489 1857 est
3507 1819 3524 1858 :

1855 1862 1910 1922 Β·
1929 1901 1985 1947 et
2010 1893 2365 1960 perdiderunt
2399 1892 2708 1947 libertatem
2741 1910 2865 1963 quae
2898 1905 2983 1950 est
3013 1910 3143 1964 erga
3183 1894 3374 1949 Deum.

2002 1983 2070 2038 Et
2103 2001 2254 2038 nemo
2288 1996 2518 2054 poterat.
2556 1985 2852 2041 llominum
2878 1989 3098 2057 quidem
3145 1988 3330 2042 nullus
3371 1997 3528 2057 pote-

1928 2084 2034 2141 rat,
2064 2077 2111 2130 is
2137 2085 2317 2130 autem
2351 2077 2445 2145 qui
2471 2078 2624 2147 Agno
2649 2079 2846 2133 similis
2879 2087 2998 2132 erat
3030 2078 3306 2133 maxime:
3336 2093 3519 2148 quem-

1928 2169 2228 2222 admodum
2302 2171 2468 2223 etiam
2545 2185 2646 2238 per
2718 2169 2888 2224 David
2945 2171 3060 2240 jam
3112 2172 3320 2225 dictum
3387 2180 3530 2240 erat,

1936 2278 1953 2310 ι
1995 2260 2152 2315 Mane
2176 2261 2440 2315 exaudies
2465 2277 2652 2315 vocem
2689 2277 2868 2315 meam
2911 2263 2978 2328 ",
3017 2281 3035 2314 ι
3086 2279 3244 2317 mane
3277 2264 3532 2318 vocando

1929 2351 2227 2404 adventum
2267 2351 2484 2406 Domini
2515 2368 2613 2422 per
2658 2368 2906 2420 carnem,
2960 2369 3056 2424 per
3084 2370 3252 2424 quam
3286 2370 3530 2426 praesen-

1931 2442 2065 2495 tiam
2097 2442 2183 2495 vel
2226 2443 2518 2497 adventum
2567 2446 2708 2498 nacti
2769 2454 2900 2500 sunt
2965 2446 3216 2500 homines
3283 2447 3530 2500 divinum

1930 2543 2240 2602 aspectum,
2271 2536 2388 2590 sive
2413 2545 2471 2590 ut
2494 2547 2623 2592 ante
2649 2537 2798 2591 illum
2819 2538 3148 2592 sisterentur
3170 2539 3317 2610 digni
3349 2539 3532 2594 εσσοιί

1931 2634 2085 2690 sunt,
2125 2626 2194 2680 ab
2229 2643 2295 2681 eo
2332 2629 2425 2697 qui
2475 2629 2716 2698 collapsa
2765 2629 2947 2699 erigit,
2983 2639 3038 2684 et
3083 2631 3320 2684 contrita
3372 2645 3535 2698 repa-

1933 2717 2106 2771 rando
2145 2720 2501 2789 constringit.
2543 2722 2780 2789 Propter
2827 2723 2942 2776 haec
3006 2722 3169 2775 etiam
3223 2721 3538 2777 misericors

1933 2807 2080 2861 illius
2115 2808 2182 2861 ad
2209 2824 2312 2863 nos
2337 2824 2595 2864 accessus
2617 2811 2909 2864 ordinatus
2937 2819 3041 2874 est,
3067 2821 3120 2864 et
3149 2819 3370 2879 propter
3392 2810 3537 2864 hunc

1932 2895 2320 2964 prophetarum
2349 2912 2538 2965 preces
2571 2899 2844 2953 exaudita:
2880 2909 3010 2954 sunt
3038 2915 3052 2952 :
3088 2898 3230 2953 inter
3281 2913 3423 2968 quas
3450 2909 3538 2955 est

1930 2994 1986 3037 et
2019 2984 2109 3038 illa
2140 3001 2154 3038 :
2197 3003 2216 3036 ι
2258 2985 2463 3040 lnclina
2495 2989 2668 3042 malos
2697 2997 2749 3042 et
2777 2988 3052 3043 descende
3084 2988 3148 3042 ¹⁸.

2005 3075 2074 3130 Ει
2105 3093 2200 3146 ego
2225 3078 2418 3145 ﬂebam
2461 3080 2600 3148 quod
2653 3097 2804 3134 nemo
2829 3081 3024 3150 dignus
3077 3093 3209 3135 esset
3259 3081 3532 3136 inventus.

1934 3167 2122 3239 Neque
2150 3171 2299 3224 enim
2328 3173 2577 3241 angelus,
2634 3188 2815 3242 neque
2873 3173 3040 3226 homo
3090 3173 3206 3228 haec
3247 3183 3539 3228 assecutus

1936 3269 2043 3322 est,
2075 3270 2134 3314 ut
2169 3260 2348 3330 inquit
2375 3262 2561 3325 Isaias,
2599 3278 2706 3316 non
2760 3263 2964 3328 senior,
2999 3279 3108 3318 non
3163 3266 3412 3334 angelus,
3440 3265 3534 3320 sed

1938 3351 2055 3418 ipse
2085 3351 2270 3404 salvos
2301 3367 2399 3406 eos
2436 3351 2584 3405 fecit.
2607 3351 2796 3422 Neque
2823 3353 2991 3422 igitur
3015 3355 3310 3423 quisquam
3343 3369 3536 3407 eorum

1936 3442 2030 3512 qui
2055 3458 2220 3497 carne
2247 3453 2459 3507 carent,
2495 3462 2674 3515 neque
2703 3461 2896 3500 eorum
2918 3447 3014 3517 qui
3037 3447 3089 3500 in
3115 3463 3280 3502 carne
3306 3447 3536 3518 degunt.

1937 3547 2116 3601 neque
2147 3549 2340 3586 eorum
2389 3534 2484 3605 qui
2547 3551 2768 3590 carnem
2815 3539 3117 3593 morientes
3167 3538 3536 3608 reliquerunt,

1939 3632 2187 3678 exactam
2218 3627 2431 3695 accepit
2477 3627 2786 3681 divinarum
2839 3643 3021 3682 rerum
3080 3629 3326 3684 notitiam
3363 3646 3378 3683 :
3409 3643 3536 3682 nam

1939 3715 2044 3770 hoc
2075 3715 2281 3770 indicat
2320 3718 2714 3786 complicatum
2756 3717 2930 3774 fuisse
2969 3719 3169 3774 librum
3219 3737 3234 3774 :
3292 3721 3394 3776 hoc
3453 3729 3543 3774 est

1943 3805 2219 3858 universae
2243 3818 2441 3861 creatae
2471 3819 2684 3864 natura:
2717 3809 2994 3880 incognita
3027 3826 3153 3866 esse
3179 3811 3273 3866 Dei
3300 3813 3537 3883 judicia.

1939 3895 2154 3951 Creatte
2185 3897 2373 3968 itaque
2421 3909 2634 3955 naturae
2689 3902 3056 3971 complicatus
3109 3904 3212 3958 l'uit
3246 3903 3405 3966 liber.
3439 3919 3542 3960 nec

1941 3990 2118 4045 solum
2151 3991 2495 4059 impossibile
2545 3993 2648 4048 fuit
2702 3995 2963 4065 cuiquam
3011 3996 3250 4063 aperire,
3311 3997 3405 4050 sed
3437 4012 3540 4050 nec

1940 4082 2188 4152 aspicere
2212 4083 2366 4137 illum
2398 4086 2601 4154 potuit,
2637 4085 2744 4141 hoc
2778 4097 2887 4153 est,
2908 4102 3090 4156 neque
3115 4087 3238 4141 lixis
3258 4087 3325 4140 ad
3350 4087 3538 4142 divina

1935 4174 2144 4245 judicia
2181 4175 2360 4230 oculis
2409 4186 2669 4245 poterant
2713 4180 3018 4248 respicere.
3055 4179 3163 4233 Sed
3223 4179 3314 4248 qui
3373 4189 3540 4235 tanta:

1939 4277 2099 4322 erant
2151 4267 2514 4336 indignitatis,
2569 4279 2864 4340 postquam
2907 4271 3240 4326 subsecutus
3290 4279 3376 4326 est
3409 4271 3538 4340 agni

1939 4358 2007 4412 ad
2029 4373 2126 4413 eos
2155 4359 2446 4423 adventus,
2491 4377 2615 4430 qua:
2655 4372 2817 4417 antea
2853 4363 3108 4434 perplexa
3139 4372 3195 4419 et
3242 4363 3542 4435 inexplica-

1942 4449 2074 4504 hilia
2106 4460 2287 4516 erant,
2344 4452 2506 4508 facile
2563 4455 2752 4522 pervia
2804 4455 2998 4510 effecta
3044 4466 3175 4512 sunt
3234 4475 3249 4513 :
3307 4466 3362 4513 et
3415 4473 3541 4529 quae

1869 4555 1920 4615 υ
1945 4542 2204 4608 diﬂicilia,
2239 4543 2418 4599 facilia
2449 4560 2514 4600 ac
2536 4556 2788 4618 prompta
2821 4547 2994 4604 fuere.

2013 4631 2084 4686 Et
2122 4651 2259 4687 unus
2285 4637 2350 4689 de
2378 4636 2695 4692 senioribus.
2746 4635 2901 4693 Unus
2927 4640 2994 4693 de
3035 4639 3374 4704 senioribus,
3423 4642 3542 4698 sive

1938 4723 2308 4780 diviniorihus
2340 4727 2662 4793 virtutibus,
2692 4743 2813 4799 quae
2846 4738 2900 4784 et
2931 4729 3062 4800 ipsae
3091 4746 3156 4786 ex
3189 4747 3378 4786 rerum
3422 4733 3542 4789 dis-

1939 4815 2216 4886 positione
2255 4833 2381 4888 qua:
2407 4819 2557 4875 circa
2607 4836 2710 4876 nos
2741 4821 3012 4892 contingit
3040 4823 3244 4893 gaudio
3300 4825 3541 4894 implen-

1939 4909 2050 4974 iur,
2084 4911 2552 4979 quemadmodum
2602 4915 2766 4969 etiam
2797 4915 2931 4970 dicit
2982 4914 3244 4971 Dominus
3279 4933 3292 4970 :
3334 4934 3354 4967 ι
3396 4915 3544 4971 ϐαιιο

1944 4999 2096 5054 dium
2129 4998 2268 5053 litin
2298 5001 2440 5056 caelo
2470 5003 2539 5056 ob
2596 5019 2768 5058 unum
2811 5013 3161 5074 peccatorem
3213 5006 3544 5076 resipiscen-

1945 5099 2056 5145 tem
2088 5092 2154 5144 η.
2191 5109 2210 5142 ι
2236 5091 2392 5157 Quod
2415 5091 2462 5147 si
2499 5093 2552 5147 id
2581 5094 2652 5148 ob
2679 5109 2849 5148 unum
2876 5104 3218 5165 peccatorem
3250 5097 3539 5166 contingit,

1943 5188 2212 5252 quantum
2243 5183 2370 5250 erit,
2415 5185 2670 5249 obsecro,
2721 5187 2982 5254 gaudium
3038 5196 3262 5256 propter
3301 5188 3543 5242 multos?

1948 5284 2177 5343 propter
2204 5276 2353 5344 quod
2376 5277 2543 5330 etiam
2587 5277 2843 5348 provenit
2881 5277 3005 5348 agni
3051 5279 3403 5343 conﬁdentia,
3445 5279 3540 5351 qui

1949 5367 2166 5435 aperuit
2223 5366 2428 5422 librum
2479 5377 2540 5423 ut
2583 5379 3016 5440 cognosceretur
3074 5370 3123 5426 is
3181 5371 3275 5441 qui
3319 5380 3544 5441 propter

1950 5469 2193 5512 nostram
2238 5460 2470 5514 salutem
2529 5461 2851 5517 advenerat.
2885 5461 3155 5533 Quodque
3207 5462 3312 5516 hoc
3368 5462 3443 5516 ita
3471 5462 3546 5516 sit

1947 5550 2138 5605 docuit
2172 5563 2276 5607 nos
2323 5552 2444 5623 ipse
2480 5551 2749 5608 Dominus
2799 5553 2992 5610 dicens
3042 5571 3056 5610 :
3096 5573 3115 5607 ι
3173 5553 3293 5610 Νοη
3326 5554 3449 5609 veni
3484 5562 3546 5611 ut

1948 5655 2140 5696 vocem
2166 5643 2376 5711 justos,
2407 5645 2503 5699 sed
2534 5655 2856 5715 peccatores
2883 5645 2951 5700 ad
2994 5646 3376 5718 ptenitentiam
3398 5645 3468 5703 ’⁸.
3519 5662 3540 5698 ι

320 5820 373 5857 ⁸⁷
402 5821 551 5879 Psal.
593 5838 644 5888 v,
670 5821 724 5877 ι.
805 5821 848 5855 ⁸⁸
880 5819 1025 5877 Psal.
1055 5834 1246 5884 omni,
1278 5818 1334 5874 5.
1417 5819 1458 5851 ¹⁹
1490 5817 1623 5874 Luc.
1661 5835 1749 5886 xv,
1783 5820 1829 5875 7.

1936 5821 1956 5852 °
1994 5821 2162 5878 Matth
2217 5837 2272 5875 ix
2334 5824 2420 5880 13.
