4110 6448
661 444 767 508 579
1484 440 1810 502 ARETH/E
1852 439 2234 501 CIESAREIE
2272 438 2759 501 CAPPADOCI/E
2799 439 3152 502 EPISCOPT
3864 455 3946 517 580

1153 553 1322 626 396
1364 553 1592 609 CAPUT
1637 555 1753 610 xu.
2281 562 2329 617 Α

1713 555 1753 610 I.
2281 562 2329 617 Α
2956 555 3203 606 ΚΕΦΛΛ.
3239 556 3334 609 IB'.

657 651 738 708 De
785 666 923 722 agno
981 647 1203 701 habente
1231 662 1432 700 cornua
1485 657 1706 723 septem,
1737 647 2002 717 quomodo
2045 637 2243 698 librum

2421 641 2562 712 Περὶ
2593 641 2701 696 τοῦ
2714 642 2959 723 ρρνίουι
2978 644 3092 723 τοῦ
3106 646 3197 723 .τᾲ
3224 645 3372 723 ἑπτὰ
3393 645 3669 723 ,κέρατα
3700 648 3943 723 ἔχοντας¹

1294 711 1584 785 aperuerit.
1693 711 1697 712 ν
1748 711 1759 717 ’
2703 712 2864 777 ὅπως
2900 729 2917 764 1

2703 712 2864 777 ὅπως
2900 711 3016 779 τὴν
3044 715 3269 777 βίϐλον
3297 711 3609 782 ἀνέῳξεν.

734 808 794 873 ν,
823 807 944 862 5-7.
969 805 1104 858 Ecce
1126 806 1248 859 vicit
1276 807 1353 858 leo
1377 807 1441 859 de
1467 806 1608 858 tribu
1630 803 1802 872 Juda,
1847 806 2009 859 radix
2044 805 2241 870 Darid,

2433 805 2590 860 Ἰδοὺ
2620 805 2907 872 ἐνίκησεν
2938 807 2973 859 ό
3002 805 3161 859 λέων
3185 810 3218 861 ό
3237 809 3306 862 ἐκ
3334 808 3451 877 τῆς
3477 810 3712 877 φυλῆς
3750 813 3944 878 Ἰούδα,

656 903 742 970 qui
781 900 948 968 aperit
981 898 1176 950 librum
1216 908 1264 949 et
1293 908 1490 966 septem
1527 897 1810 968 signacula
1853 897 1988 966 ejus.
2021 896 2090 948 Et
2138 898 2247 950 vidi

2351 898 2390 962 ή
2415 895 2550 964 ῥίζα
2574 895 2778 956 Δαυῒδ.
2815 899 2848 949 ὁ
2875 896 3136 964 ἀνοίγων
3154 897 3220 950 τὸ
3241 901 3506 962 ,βιϐλίον
3545 901 3658 954 καὶ
3681 903 3790 969 τὰς
3816 906 3940 964 ἑπτὰ

657 996 710 1044 in
739 993 908 1042 medio
958 990 1133 1042 throni
1156 999 1204 1043 et
1248 1003 1478 1058 quatuor
1528 989 1849 1043 animalium
1894 999 1943 1042 et
1982 991 2038 1043 in
2075 990 2246 1043 medio

2352 987 2691 1057 σφραγῖδας
2715 987 2924 1042 αὐτοῦ.
2967 989 3076 1041 Καὶ
3103 986 3268 1044 εἶδον
3297 991 3367 1044 ἐν
3392 992 3586 1061 μέσῳ
3609 994 3722 1047 τοῦ
3755 999 3942 1063 θρόνου

655 1086 921 1137 seniorum
938 1097 1132 1150 agnum
1155 1091 1382 1135 stantem
1408 1091 1661 1151 tanquam
1683 1081 1939 1144 occisum,
1969 1080 2246 1134 habentem

2351 1079 2452 1132 καὶ
2507 1079 2628 1131 τῶν
2675 1078 2996 1147 τεσσάρων
3021 1079 3198 1147 ζώων,
3239 1083 3431 1138 καὶέν
3463 1084 3658 1154 μέσῳ
3681 1087 3800 1140 τῶν
3823 1108 3938 1160 πρε.

655 1191 854 1228 cornua
896 1185 1091 1242 septem
1136 1183 1186 1227 et
1231 1174 1410 1227 oculos
1435 1186 1652 1244 septem.
1723 1189 1842 1243 qua:
1889 1184 2013 1227 sunt
2049 1185 2246 1242 septem

2352 1170 2660 1236 σϐυτέρων
2685 1171 2918 1238 ἀρνίον,
2944 1171 3194 1239 ἑστηκὸς
3238 1174 3320 1240 ὡς
3349 1175 3786 1244 ἐσφαγμένον,
3823 1183 3939 1248 ἔχον

655 1271 876 1341 spiritus
908 1269 1007 1322 Dei
1039 1271 1190 1322 missi
1228 1270 1279 1321 in
1309 1269 1612 1322 universam
1651 1280 1870 1322 terram.
1923 1268 1994 1322 Et
2036 1269 2174 1323 venit
2197 1279 2247 1323 et

2353 1259 2574 1326 κέρατα
2624 1260 2798 1323 ἑπτὰ,
2847 1262 2946 1314 καὶ
2988 1263 3340 1332 ὀφθαλμοὺς
3393 1267 3589 1329 ἑπτὰ,
3643 1268 3684 1321 ἂ
3732 1273 3842 1324 εἱσι
3885 1277 3936 1326 τὰ

654 1363 854 1432 accepit
877 1363 941 1415 de
971 1363 1159 1415 dextra
1188 1361 1417 1415 sedentis
1441 1362 1492 1415 in
1521 1362 1709 1416 throno
1733 1362 1951 1417 librum.

2352 1349 2503 1402 ἑπτὰ
2558 1351 2873 1419 πνεύματα
2925 1353 3032 1405 τοῦ
3088 1353 3239 1407 Θεοῦ
3295 1355 3828 1425 ἀποστελλόμενα
3868 1365 3932 1426 εὶς

2352 1438 2562 1493 πᾶσαν
2597 1441 2713 1510 τὴν
2740 1443 2878 1512 γῆν.
2926 1443 3036 1500 Kal
3082 1441 3232 1514 ἦλθε
3265 1447 3365 1499 καὶ
3413 1448 3700 1516 εἴληφεν
3756 1451 3818 1504 ἐκ
3847 1453 3932 1521 τῆς

2351 1530 2556 1598 δεξιᾶς
2585 1533 2686 1587 τοῦ
2707 1537 3049 1603 καθημένου
3079 1537 3180 1590 ἐπὶ
3204 1539 3311 1592 τοῦ
3336 1542 3573 1607 θρόνου
3604 1543 3675 1594 τὸ
3698 1544 3926 1606 βιϐλίον.

727 1625 871 1681 Vicit
903 1641 1028 1679 eum
1083 1623 1175 1693 qui
1227 1639 1329 1677 nos
1373 1622 1585 1676 vicerat
1636 1620 1937 1675 diabolum.
1986 1617 2122 1684 Quis
2165 1625 2249 1672 est

2437 1624 2689 1696 Ἐνίκησε
2727 1627 2818 1679 τὸν
2849 1629 3119 1697 ἡμέτερον
3151 1631 3380 1700 νικητὴν
3409 1632 3517 1684 τὸν
3542 1632 3819 1690 διάϐολον.
3855 1639 3928 1703 Τίς

653 1728 836 1772 autem
866 1720 958 1786 qui
1007 1717 1166 1770 vicit?
1210 1716 1256 1770 Is
1300 1715 1394 1784 qui
1437 1724 1696 1783 tanquam
1738 1712 1882 1766 Deus
1905 1710 2126 1779 quidem
2161 1717 2249 1764 est

2350 1715 2408 1770 δὲ
2444 1718 2474 1768 6
2500 1721 2770 1787 νικήσας;
2821 1718 2880 1773 '0
2908 1719 2984 1781 ὠς
3012 1720 3144 1784 Θεὸς
3177 1723 3276 1789 μὲν
3315 1723 3484 1785 λέων,
3533 1726 3674 1795 περὶ
3705 1719 3766 1778 οὗ
3803 1731 3925 1782 καὶὸ

653 1809 759 1871 leo,
786 1807 852 1860 de
886 1822 996 1876 quo
1044 1805 1356 1874 patriarcha
1409 1818 1630 1872 quoque
1677 1801 1852 1855 Jacob
1905 1801 2245 1855 decumbens

2351 1807 2702 1878 πατριάρχης
2757 1809 2952 1862 Ἰακὼϐ
2981 1813 3008 1864 6
3039 1811 3390 1875 κατακλιθεὶς
3432 1815 3925 1887 ἐχρησμοδὸτησεν·

651 1900 982 1952 vaticinatus
1035 1907 1120 1952 est
1152 1915 1165 1951 :
1211 1917 1228 1949 ι
1281 1895 1352 1950 Ut
1385 1897 1468 1950 leo
1501 1897 1571 1950 de
1603 1895 1744 1949 tribu
1786 1893 1923 1948 Juda
1951 1894 2020 1948 ²¹.
2051 1911 2070 1943 ι
2105 1891 2250 1946 Tan-

2300 1903 2323 1955 3
2360 1916 2378 1948 ι
2430 1899 2516 1962 Ὠς
2536 1899 2675 1953 λέων
2702 1900 2731 1952 6
2765 1901 2829 1952 ὲκ
2851 1903 2950 1971 τῆς
2980 1902 3153 1970 φυλῆς
3197 1902 3388 1957 Ἰούδα.
3431 1921 3454 1954 ›
3504 1903 3604 1966 Ὧς
3638 1905 3764 1973 ῥίζα
3784 1907 3836 1959 δὲ
3853 1910 3923 1961 τοῦ

651 2006 819 2060 quam
849 1990 1004 2044 radix
1041 1990 1171 2044 vero
1221 1990 1393 2058 ipsius
1429 1987 1621 2054 David,
1671 1988 1818 2042 sicut
1859 1995 2076 2039 creator
2113 2000 2244 2054 pro-

2349 1987 2532 2052 Δαυῒδ,
2564 1988 2642 2052 ὡς
2697 1989 2924 2058 κτίστης
2981 1990 3069 2043 διὰ
3110 1989 3211 2056 τὴν
3253 1989 3518 2060 θεότητα.
3573 1993 3675 2045 Ἐκ
3721 1993 3924 2064 ῥίζηςῶ

648 2095 771 2156 pter
806 2085 1148 2139 divinitatem
1189 2103 1203 2139 :
1261 2100 1329 2138 ex
1383 2085 1567 2138 radice
1619 2093 1803 2137 autem
1851 2081 2020 2135 David
2064 2080 2246 2136 dictus

2349 2077 2514 2132 Δαυτδ
2545 2079 2761 2150 εἴρηται
2782 2081 2870 2133 διὰ
2895 2081 2957 2133 τὸ
2983 2081 3237 2152 εἰρῆσθαι
3271 2083 3336 2134 ὲκ
3358 2082 3529 2154 ῥίζης
3570 2083 3740 2137 Δαυῒδ
3768 2087 3921 2142 ὁάϐδον

648 2184 817 2230 esteo
849 2175 996 2244 quod
1031 2175 1239 2229 dictum
1277 2174 1444 2230 fuerit
1482 2176 1550 2228 de
1578 2175 1762 2227 radice
1813 2173 1984 2227 David
2033 2174 2243 2241 virgam

1915 2173 1984 2227 rid
2033 2174 2243 2241 virgam
2349 2170 2509 2234 ἄνθος
2535 2171 2834 2241 ϐλαστῆσαι
2861 2172 2950 2226 διὰ
2978 2173 3075 2244 τὴν
3106 2173 3538 2246 ἀνθρωπότητα.

648 2266 976 2335 produxisse
1009 2265 1198 2320 ﬂorem
1235 2276 1458 2335 propter
1498 2265 1921 2319 hun'ianitatem.

721 2357 923 2426 Agnum
953 2367 1181 2412 stantem
1202 2367 1454 2426 tanquam
1491 2358 1748 2411 occisum.
1773 2357 1964 2425 Agnus
1987 2361 2071 2409 est
2094 2353 2247 2409 Citri-

2437 2345 2693 2413 Ἀρνίον,
2750 2347 3014 2414 ἑστηκὸς
3071 2350 3152 2415 ὡς
3201 2349 3629 2421 ἐσφαγμένον.
3692 2355 3921 2425 ’Ᾱρνίονὸ

655 2457 776 2503 stus
810 2449 905 2517 qui
935 2450 1102 2503 etiam
1135 2449 1592 2518 praeﬁgurabatur
1614 2463 1710 2518 per
1733 2462 1936 2518 agnum
1969 2447 2063 2516 qui
2091 2445 2246 2514 juxta

2351 2439 2605 2508 Χριστὸς,
2639 2440 2667 2490 ὃ
2703 2441 2799 2494 καὶ
2846 2441 2934 2494 διὰ
2995 2441 3090 2494 τοῦ
3137 2444 3282 2497 κατὰ
3326 2445 3420 2498 τοῦ
3474 2447 3714 2517 νομικοῦ
3765 2451 3914 2520 Πάσχα

649 2542 824 2612 legale
855 2542 1062 2612 pascha
1095 2541 1507 2606 immolabatur,
1538 2547 1592 2594 et
1623 2554 1721 2609 per
1759 2539 1957 2592 Isaiam
1985 2547 2247 2606 tanquam

2352 2529 2616 2598 Θυομένου
2659 2530 3035 2598 προετυποῦτο
3089 2533 3285 2604 ἀμνοῦ.
3316 2536 3426 2589 Καὶ
3484 2535 3580 2589 διὰ
3635 2538 3842 2591 Ἡσαΐου
3861 2542 3916 2601 ὡς

645 2647 713 2686 ex
749 2647 984 2702 persona
1018 2629 1226 2684 Chrisli
1253 2629 1389 2682 dicit
1423 2647 1436 2682 :
1469 2646 1487 2678 ι
1527 2627 1641 2697 Ego
1675 2637 1860 2681 autem
1895 2629 2039 2681 sicut
2061 2641 2242 2696 agnus

2353 2623 2418 2674 ὲκ
2473 2621 2769 2692 προσώπου
2822 2623 2959 2691 φησὶ
3023 2625 3120 2677 τοῦ
3159 2624 3448 2696 Χριστοῦ’
3507 2646 3527 2679 σ
3607 2627 3747 2696 Ἐγὼ
3782 2629 3911 2692 δὲὼς

648 2722 919 2778 i.mocens
937 2723 1027 2792 qui
1047 2720 1266 2776 ducitur
1282 2730 1342 2775 ut
1365 2720 1703 2785 immoletur,
1730 2735 1836 2774 non
1857 2719 2088 2788 cognovi
2111 2719 2193 2785 ²³;
2222 2735 2240 2768 ι

2351 2713 2538 2782 ἀρνίον
2593 2713 2801 2767 ἄκακον
2825 2716 3094 2785 ἀγόμενον
3130 2716 3226 2769 τοῦ
3263 2716 3520 2785 θύεσθαι,
3557 2720 3662 2773 οῦκ
3690 2720 3908 2788 ἔγνωνη

647 2824 703 2868 et
739 2813 916 2868 illud:
968 2833 986 2864 ι
1049 2812 1206 2867 Sicut
1262 2827 1436 2881 agnus
1489 2826 1676 2865 coram
1741 2811 2001 2865 tondente
2033 2825 2092 2865 se
2130 2811 2250 2865 sine

2352 2805 2447 2857 καὶ
2479 2805 2540 2858 τό
2575 2822 2587 2835 ·
2625 2825 2643 2856 ι
2694 2805 2783 2868 Ὠς
2829 2806 3002 2876 ἀμνὸς
3029 2807 3272 2861 ἐναντίον
3301 2809 3400 2862 τοῦ
3461 2809 3749 2880 κείραντος
3783 2811 3908 2864 αὐτὸν

649 2919 783 2959 voce
818 2905 904 2970 ¹³;
951 2923 968 2953 ι
1017 2911 1072 2958 et
1102 2905 1146 2958 si
1197 2903 1327 2973 quid
1364 2903 1490 2956 huic
1523 2901 1810 2956 sententiae
1852 2902 2136 2956 conforme
2165 2910 2250 2957 est

2351 2897 2587 2966 ἄφωνος,
2635 2916 2653 2948 ι
2697 2900 2792 2952 καὶ
2827 2899 2930 2952 είτι
2974 2899 3152 2970 τούτῳ
3184 2900 3311 2970 ἑξῆς
3349 2900 3429 2971 τῷ
3484 2899 3663 2973 ῥητῷ,
3692 2902 3751 2956 τδ
3774 2902 3908 2964 πάθος

646 2997 793 3067 quod
821 2995 1062 3050 hominis
1091 2993 1184 3048 Dei
1223 2995 1533 3064 passionem
1586 2994 1748 3048 nobis
1800 2992 2248 3048 manifestissime

2352 2990 2485 3058 ἡμῖν
2518 2989 2614 3042 τοῦ
2644 2990 3010 3059 Θεανθρὼπου
3044 2991 3156 3061 (22)
3189 2992 3580 3062 ἐναργέστατα
3625 2993 3901 3047 διατυποῦν.

649 3087 927 3157 ﬁguravit.
990 3087 1148 3152 Quod
1198 3094 1384 3139 autem
1443 3085 1661 3139 occisus
1705 3099 1818 3138 non
1877 3085 2113 3147 dicatur,
2147 3084 2245 3137 sed

2353 3079 2430 3131 Τὸ
2474 3079 2533 3131 δὲ
2589 3080 2665 3150 μὴ
2699 3081 3044 3150 ἐσφαγμένον
3077 3082 3350 3151 εἰρῆσθαι,
3409 3083 3533 3136 ἀλλ’
3568 3083 3646 3146 ὼς
3673 3086 3906 3153 ἐσφαγμέ-

651 3187 911 3245 tauquam
976 3176 1218 3239 occisus,
1263 3175 1629 3244 significantis
1669 3182 1754 3228 est
1786 3175 1934 3245 quod
1968 3175 2021 3228 in
2068 3183 2247 3229 morte

2283 3239 2313 3247 Δ
2353 3186 2464 3236 νον,
2492 3170 2554 3223 τὸ
2589 3172 2663 3242 μὴ
2700 3174 3057 3242 ὲναπομεῖναι
3091 3173 3379 3243 δηλοῦντος
3423 3177 3548 3228 ἐστι
3601 3173 3680 3247 τῷ
3713 3177 3901 3245 θανάτῳ.

649 3280 760 3319 non
792 3267 1156 3335 permanserit
1203 3283 1217 3320 :
1267 3267 1464 3320 revixit
1489 3267 1632 3319 enim
1654 3265 1907 3320 Christus
1934 3284 1948 3321 :
1976 3281 2102 3318 nam
2137 3265 2242 3320 hoc
2271 3262 2272 3279 ¹

2279 3239 2314 3298 c
2362 3239 2720 3335 Ἀνεϐίωγαρ
2757 3267 2786 3317 6
2815 3239 3075 3335 Χριστός.
3114 3239 3286 3320 Τοῦτο
3318 3269 3432 3338 γὰρ
3459 3269 3546 3334 τὸ,
3584 3239 3661 3340 μῆ
3679 3271 3764 3321 τὸν
3793 3239 3902 3321 ὅσιον

647 3366 733 3413 est
765 3358 910 3427 quod
942 3358 1148 3411 dicitur
1178 3373 1286 3412 non
1317 3358 1436 3411 dari
1487 3367 1736 3411 sanctum
1775 3367 1834 3412 ut
1863 3358 2095 3426 videret,
2126 3373 2238 3412 non

2347 3356 2482 3409 ἰδεῖν
2533 3358 2658 3428 ούχὶ
2698 3357 2945 3428 φθορὰν,
2998 3359 3132 3412 ἀλλὰ
3191 3360 3527 3430 διαφθορὰν,
3584 3361 3660 3423 ὡς
3707 3360 3797 3429 τῆς
3829 3361 3903 3428 μὲν

649 3450 954 3515 interitum,
984 3451 1076 3504 sed
1131 3452 1542 3519 corruptionem
1609 3469 1622 3504 :
1674 3460 1936 3520 tanquam
1983 3450 2239 3505 interitus

2345 3448 2554 3516 φθορᾶς
2608 3449 2707 3518 τὴν
2737 3449 3013 3514 διάζευξιν
3062 3452 3162 3517 τῆς
3208 3451 3384 3521 ψυχῆς
3438 3453 3543 3523 τὴν
3575 3452 3683 3505 ἀπὸ
3714 3449 3800 3503 τοῦ
3825 3449 3899 3500 σώ-

648 3540 868 3609 quidem
936 3541 1336 3608 separationem
1371 3540 1570 3595 animae
1619 3555 1649 3594 a
1684 3555 1921 3611 corpore
1949 3541 2237 3611 designet:

2348 3555 2518 3608 ματος
2557 3541 2850 3610 δηλούσης,
2886 3542 2914 3593 ὃ
2969 3544 3062 3594 καὶ
3112 3544 3445 3596 πεπονθέναι
3500 3543 3736 3612 Χριστὸν
3762 3541 3901 3601 οὐδεὶς

651 3633 801 3702 quod
839 3632 1006 3686 etiam
1042 3647 1170 3685 vere
1199 3631 1422 3686 Christo
1469 3632 1740 3686 accidisse
1791 3633 1976 3686 nullus
2023 3634 2240 3701 piorum

2343 3629 2451 3679 τῶν
2468 3629 2839 3683 εὐσεϐούντων
2858 3634 3000 3684 κατὰ
3017 3634 3277 3701 ἀλήθειαν
3299 3636 3390 3686 καὶ
3409 3635 3716 3703 ὑποστῆναι
3733 3632 3896 3710 ἀθειτεί¹

653 3724 926 3778 cultorum
983 3731 1202 3776 recusat
1252 3723 1568 3790 suscipere,
1648 3722 2056 3789 corruptionem
2112 3737 2242 3774 vero

2344 3719 2642 3788 διαφθορὰν
2673 3722 2752 3787 δὲ,
2792 3721 2876 3775 οὔ.
2910 3724 2984 3775 Οὐ
3030 3723 3138 3793 γὰρ
3186 3727 3254 3795 τῇ
3310 3726 3499 3796 τελείᾳ
3548 3725 3779 3778 διαλύσει
3815 3723 3897 3774 τῶν

655 3826 788 3865 ιιοη.
839 3809 1024 3879 Neque
1073 3810 1220 3863 enim
1256 3811 1513 3879 perfectae
1546 3811 1910 3864 humanorum
1966 3812 2242 3864 membro-

2346 3809 2704 3877 ἀνθρωπίνων
2758 3811 2945 3880 μερῶν
2977 3813 3282 3886 ὑπεϐλήθη,
3313 3816 3451 3868 ἀλλὰ
3482 3815 3609 3868 καθ’
3653 3814 3710 3866 ὃν
3733 3815 3891 3881 καιρὸν

655 3916 779 3953 rum
818 3899 1176 3953 dissolutioni
1233 3901 1514 3970 subjectus
1553 3901 1676 3965 fuit,
1701 3901 1795 3956 scd
1843 3916 1954 3970 quo
1999 3913 2245 3970 tempore

2347 3899 2444 3968 τὴν
2506 3900 2808 3971 διαφθορὰν
2873 3902 3180 3958 ὑπεισιέναι
3235 3905 3427 3976 ἐχρῆν,
3492 3905 3634 3958 κατὰ
3687 3901 3895 3966 τοῦτονή

656 3990 1064 4060 corruptionem
1109 3992 1428 4062 subingredi
1454 3992 1812 4061 oportuisset,
1841 3991 2005 4062 697
2045 4006 2112 4046 eo
2153 4007 2247 4044 su-

2347 3990 2644 4053 ἀνάστασις
2680 3993 3082 4064 ιὲνεργηθείσα,
3139 3999 3239 4066 τὴν
3303 3997 3613 4067 διαφθορὰν
3669 3993 3887 4064 ἧμϐλυνε.

658 4085 983 4152 perveniens
1035 4086 1368 4139 resurrectio
1428 4085 1799 4152 corruptionis
1859 4086 1968 4138 vim
2020 4083 2242 4139 retudit.

2349 4085 2441 4137 Διὸ
2479 4089 2572 4137 καὶ
2595 4088 2894 4156 τριήμερος
2921 4089 2953 4156 ὴ
2980 4091 3036 4139 ὲν
3067 4087 3144 4156 τῷ
3180 4090 3398 4158 Θανάτῳ
3443 4089 3540 4140 τοῦ
3575 4087 3770 4153 Κυρίου
3797 4083 3888 4134 δια-

659 4173 784 4228 ldco
815 4188 1032 4243 quoque
1074 4174 1328 4228 triduana
1385 4173 1485 4228 fuit
1515 4175 1719 4229 Christi
1749 4177 1800 4228 in
1842 4184 2016 4229 morte
2063 4189 2247 4229 remo-

2350 4179 2536 4249 τριϐὴ,
2571 4179 2686 4247 είγε
2711 4180 3012 4242 ἁπόδεκτος
3057 4182 3086 4231 6
3108 4179 3206 4248 τὴν
3238 4181 3480 4248 φυσικὴν
3507 4178 3742 4246 ἱστορίαν
3784 4172 3885 4242 γρά-

658 4265 818 4320 ratio.
852 4265 1133 4334 Siquidem
1169 4255 1437 4335 probatus
1483 4277 1566 4320 ρει
1606 4267 1652 4320 is
1697 4268 1791 4334 qui
1823 4266 2045 4335 scripsit
2083 4273 2246 4319 natu-

2350 4270 2480 4340 φας,
2512 4270 2582 4323 τὰ
2613 4270 2845 4339 σώματα
2874 4271 2985 4322 τῶν
3019 4269 3364 4340 θνησκόντων
3395 4273 3471 4342 μὴ
3513 4272 3621 4324 ὑπὸ
3641 4268 3794 4337 πυρὸς
3819 4267 3887 4316 ἁν-

657 4359 826 4412 ralem
857 4359 1170 4424 historiam,
1225 4360 1414 4414 dicens
1455 4375 1686 4428 corpora
1730 4361 2080 4416 morientium
2128 4375 2250 4429 quae

2352 4364 2695 4430 αλωθέντων,
2728 4366 2878 4433 τρεῖς
2923 4363 3140 4435 ἡμέρας
3192 4364 3580 4436 διακαρτερεῖν
3627 4363 3689 4430 τῇ
3721 4356 3881 4426 φυσικῇ

656 4453 726 4504 ah
759 4451 882 4520 igne
927 4464 1253 4521 consumpta
1299 4469 1406 4505 non
1436 4462 1586 4518 sunt,
1631 4462 1742 4507 tres
1786 4453 1904 4507 dies
1952 4453 2246 4516 sustinere,

2354 4455 2467 4528 ζωῇ
2493 4454 2882 4526 ἐνεργούμενα,
2914 4455 3010 4508 καὶ
3036 4454 3097 4507 τὸ
3143 4456 3250 4506 ἀπὸ
3275 4453 3428 4508 τοῦδε
3456 4457 3523 4524 τῇ
3566 4451 3750 4522 φθορᾷ,
3780 4441 3881 4514 μᾶλ-

659 4544 894 4597 naturali
943 4545 1049 4597 vita
1114 4546 1168 4596 in
1207 4545 1287 4598 cis
1327 4554 1546 4612 agente,
1615 4561 1680 4598 ac
1730 4545 1929 4600 deinde
1976 4545 2282 4606 interitui,‘

1730 4545 1929 4600 deinde
1976 4545 2244 4606 interimi.
2281 4577 2328 4635 υ
2355 4549 2444 4601 λον
2465 4549 2520 4600 δὲ
2551 4551 2617 4618 τῇ
2647 4548 2913 4618 διαφθορᾷ
2939 4547 3347 4617 παραδίδοσθαι.

661 4633 771 4687 imo
798 4638 979 4704 potius
1009 4636 1348 4703 corruptioni
1384 4635 1546 4689 tradi.

736 4725 1026 4779 [labentem
1053 4743 1254 4780 cornua
1283 4736 1498 4795 septem.
1529 4727 1746 4780 Cornua
1780 4728 2074 4796 potentiam
2102 4727 2248 4780 desio

2430 4731 2613 4798 ’Έχον
2655 4728 2871 4796 κέρατα
2912 4728 3082 4780 ἑπτά.
3129 4729 3352 4797 Κέρατα
3423 4727 3524 4797 τὴν
3565 4723 3774 4788 δύναμιν
3809 4731 3871 4781 ση-

661 4825 832 4885 gnant
865 4828 918 4869 et
959 4817 1212 4886 gloriam,
1243 4819 1704 4887 quemadmodum
1737 4820 1826 4872 ubi
1870 4820 1938 4872 de
1977 4827 2248 4887 potestate

2357 4823 2540 4890 μαίνει
2577 4821 2670 4874 καὶ
2704 4821 2802 4890 τὴν
2846 4820 3026 4883 δόξαν,
3066 4819 3140 4880 ὡς
3177 4821 3305 4871 ὅταν
3349 4819 3482 4888 περὶ
3514 4816 3611 4883 τῆς
3649 4809 3876 4876 δυνάμεως

660 4908 862 4962 dicitur
891 4926 903 4960 :
940 4927 956 4958 ε
987 4909 1181 4962 Omnia
1204 4925 1410 4962 cornua
1434 4913 1782 4978 peccatorum
1806 4909 2144 4977 confringant
2175 4927 2187 4961 :
2219 4928 2239 4960 ι

2353 4915 2521 4986 λέγῃ*
2572 4933 2590 4964 t
2645 4913 2830 4966 Πάντα
2877 4913 2946 4964 τὰ
2997 4911 3202 4980 κέρατα
3247 4910 3358 4962 τῶν
3410 4903 3733 4978 ἁμαρτωλῶν
3781 4913 3874 4986 συν,-

662 5004 729 5057 de
765 5003 936 5072 gloria
981 5017 1112 5057 vero
1145 5021 1158 5055 :
1206 5021 1223 5054 ι
1273 5002 1337 5056 Et
1370 5004 1700 5058 exaltabitur
1730 5020 1899 5058 cornu
1938 5005 2072 5074 justi
2110 5004 2176 5057 ³⁸.
2221 5021 2239 5054 ι

2353 4984 2554 5060 ολάάω·
2600 5026 2618 5058 ι
2663 5007 2792 5074 περὶ
2831 5006 2887 5056 δὲ
2929 5004 3031 5072 τῆς
3065 5003 3221 5073 δόξης
3247 5021 3258 5030 ·
3303 5022 3320 5052 ι
3355 5005 3464 5055 Καὶ
3497 4996 3809 5070 ὑψωθήσεται
3834 4984 3875 5035 τὸ

2350 5099 2520 5167 κέρας
2545 5097 2639 5148 τοῦ
2671 5097 2903 5150 δικαίου.
2942 5115 2958 5146 ι

721 5187 851 5252 Qua?
874 5197 994 5240 sunt
1027 5196 1217 5255 septem
1244 5187 1462 5255 spiritus
1487 5185 1599 5240 Dei.
1625 5186 1839 5255 Septem
1861 5186 2086 5254 spiritus
2119 5192 2247 5238 sunt

2246 5223 2247 5228 η
2419 5191 2480 5243 "A
2521 5192 2642 5243 εισι
2679 5192 2750 5242 τὰ
2789 5190 2939 5242 ἑπτὰ
2971 5189 3284 5256 πνεύματα
3315 5186 3421 5239 τοῦ
3467 5181 3627 5237 Θεοῦ.
3666 5174 3735 5227 Τὰ
3765 5171 3869 5222 ἑπτα

660 5291 868 5350 Septem
897 5281 1246 5349 operationes
1278 5279 1546 5347 Spiritus,
1581 5293 1775 5347 nempe
1797 5277 2085 5344 sapientim
2108 5315 2123 5337 ,
2157 5276 2243 5327 in-

2347 5283 2658 5351 πνεύματα,
2695 5282 2751 5334 αἱ
2785 5282 2880 5332 τοῦ
2915 5281 3236 5348 Πνεύματος
3269 5280 3560 5347 ἐνέργειαι,
3586 5271 3678 5336 τῆς
3700 5259 3866 5351 σοφίη

661 5374 931 5434 Μιθριυε,
966 5374 1228 5438 scientiae,
1262 5372 1500 5435 consilii,
1537 5370 1900 5431 fortitudinis,
1938 5369 2155 5437 pictatis
2189 5376 2243 5420 et

2241 5406 2243 5417 .
2345 5373 2444 5441 τῆς
2472 5372 2764 5435 συνέσεως,
2782 5371 2883 5440 τῆς
2912 5371 3185 5440 γνώσεως,
3231 5371 3330 5438 τῆς
3373 5347 3864 5452 βουλῆςντῆςίσὲύῗῂ

662 5465 876 5517 timoris
915 5463 1129 5516 Domini
1176 5481 1189 5516 :
1237 5479 1358 5532 quae
1405 5464 1756 5532 ttpcrationes
1802 5461 2096 5516 cllicaciam
2141 5461 2237 5514 ha-

2345 5465 2446 5532 τῆς
2467 5461 2772 5524 εὐσεϐείας,
2808 5465 2902 5514 καὶ
2927 5462 3021 5514 τοῦ
3055 5461 3221 5530 φόϐου
3252 5460 3346 5514 τοῦ
3380 5459 3533 5513 Θεοῦ.
3565 5453 3721 5516 Αἵπερ
3748 5443 3864 5532 ἐνέρ·

664 5557 899 5610 buerunt
933 5558 984 5609 in
1019 5559 1227 5610 sanctis
1258 5557 1348 5625 qui
1379 5566 1507 5610 sunt
1544 5557 1595 5608 in
1627 5557 1883 5611 universa
1919 5566 2085 5610 terra.

2348 5529 2498 5624 γειαι
2558 5555 2653 5607 ἐπὶ
2710 5554 2838 5616 τοὺς
2896 5555 2976 5616 είς
3033 5555 3215 5606 πᾶσαν
3259 5553 3356 5624 τὴν
3403 5555 3504 5623 γῆν
3534 5549 3677 5604 ὄντας
3714 5529 3857 5601 ἁγίους

2348 5647 2442 5715 ὲνή
2452 5663 2556 5716 ργη
2565 5662 2685 5699 σαν.

732 5738 772 5769 ¹¹
811 5738 948 5791 Gen.
1002 5753 1152 5801 xLix,
1187 5738 1240 5792 9.
1321 5738 1364 5768 ²²
1406 5735 1607 5791 Jcrem.
1662 5753 1736 5802 xl,
1776 5736 1862 5789 19.
1969 5738 2013 5767 ’³
2047 5737 2153 5790 lsa.
2193 5753 2347 5807 um,
2377 5741 2432 5794 7.
2617 5740 2661 5770 “
2689 5737 2833 5793 Psal.
2869 5753 3053 5803 Lxxlv,
3084 5738 3168 5791 H.

733 5846 846 5914 ςῖἓὶ
891 5848 1203 5918 Ἄνθρὼπου
1237 5854 1376 5919 vulg.
