4110 6416
235 445 352 511 581

1332 431 1720 494 COMMENT.
1769 431 1852 492 IN
1896 429 2431 497 APOCALYPSIN.

3431 437 3536 500 582

323 561 432 613 Kal
465 558 716 625 εἴληφεν
739 555 807 608 ἐκ
838 553 950 622 τῆς
985 551 1188 617 δεξιᾶς
1229 550 1336 604 τοῦ
1363 549 1708 617 καθημένου
1743 545 1834 598 ἐπὶ

2023 543 2092 597 Et
2142 548 2343 611 accepit
2384 547 2449 599 de
2490 548 2678 601 dextra
2725 547 2954 602 sedentis
2991 547 3046 600 in
3086 547 3272 600 throno
3319 547 3536 602 librum.

233 648 362 703 τοῦ
400 649 620 714 θρόνου
661 646 729 699 τὸ
773 645 1040 709 βιϐλίον.
1091 645 1166 696 Τὸ
1219 641 1506 712 εἰληφέναι
1555 639 1616 691 τὸ
1656 637 1846 707 ἀρνίον

235 741 318 792 ἐκ
343 739 443 808 τῆς
472 737 652 802 δεξιᾶς
679 736 776 789 τοῦ
821 735 1138 804 καθημένου
1181 734 1274 785 ἐπὶ
1299 731 1396 784 τοῦ
1439 731 1632 801 θρόνου
1663 729 1725 782 τὺ
1761 729 1846 798 βι-

237 830 436 890 ϐλίον,
503 829 644 880 κατὰ
687 827 751 880 τὸ
812 826 1160 896 ἀνθρώπινον
1225 823 1479 893 νοητέον,
1527 821 1720 889 ὥσπερ
1783 821 1844 873 τὸ

237 921 552 990 ὲσφάχθαι.
597 919 754 970 Κατὰ
789 919 900 986 γὰρ
933 919 994 971 τὸ
1037 918 1202 982 Θεῖον,
1240 916 1394 968 οὐδὲν
1441 913 1846 981 ὲξιδιαζόμενον

237 1015 374 1073 ταῖς
411 1012 588 1077 τρισὶν
639 1009 971 1060 ὑποστάσεσι
1011 1007 1119 1058 τῶν
1176 1005 1519 1074 θεοπρεπῶν,
1561 1003 1702 1072 πλὴν
1742 1003 1842 1070 τῆς

237 1103 348 1154 τοῦ
379 1103 580 1171 τρόπου
609 1102 944 1170 προαγωγῆς
973 1101 1066 1152 τοῦ
1099 1101 1162 1166 ἀγ
1175 1100 1400 1168 εννήτου
1429 1099 1524 1150 καὶ
1554 1097 1840 1164 γεννητοῦ,

242 1195 352 1246 καὶ
385 1195 522 1244 ὲκπο
531 1191 742 1260 pauco-3.

329 1285 440 1338 Καὶ
491 1285 590 1336 ὅτε
642 1284 822 1338 ἔλαϐε
869 1283 940 1337 τὸ
972 1285 1254 1349 βιϐλίον,
1291 1285 1363 1338 τὰ
1413 1283 1683 1350 τέσσαρα
1731 1281 1844 1344 ζῶα

239 1378 354 1430 καὶ
396 1379 449 1430 οί
487 1375 902 1440 εὶκοσιτέσσαί
916 1395 980 1442 ες
1031 1379 1422 1444 πρεσϐύτεροι
1481 1377 1708 1430 ἔπεσον
1741 1377 1839 1428 ὲν-

237 1469 444 1520 ώπιον
469 1468 574 1520 τοῦ
603 1467 846 1534 ἀρνίου,
874 1468 1122 1537 ἔχοντες
1149 1468 1412 1535 ἕκαστος
1451 1469 1702 1535 κιθάραν
1739 1469 1840 1522 καὶ

237 1559 480 1626 φιάλας
509 1558 746 1628 χρυσᾶς
787 1561 1092 1629 γεμούσας
1134 1561 1542 1630 θυμιαμάτων,
1577 1562 1640 1614 αἲ
1683 1565 1842 1615 εἶσιν

237 1656 311 1706 αἱ
345 1651 680 1720 προσευχαὶ
710 1652 832 1706 τῶν
855 1653 1062 1722 ἀποίων,
1099 1654 1197 1706 καὶ
1229 1653 1488 1719 ᾄδουσιν
1517 1653 1682 1720 ᾠδὴν
1715 1672 1841 1708 και-

237 1743 374 1808 νὴν
399 1743 682 1810 λέγοντες
705 1759 718 1772 °
755 1744 951 1809 Ἄξιος
977 1741 1035 1798 εἷ
1061 1744 1273 1798 λαϐεῖν
1307 1744 1374 1798 τὸ
1407 1745 1654 1808 ,βιϐλίον
1675 1787 1688 1809 ,
1739 1747 1836 1798 καὶ

235 1833 488 1897 ἀνοῖξαι
526 1835 634 1900 τὰς
667 1835 1002 1904 σφραγῖδας
1039 1836 1247 1902 αὐτοῦ,
1289 1837 1378 1890 ὅτι
1423 1835 1700 1904 ἐσφάγης
1740 1836 1838 1888 καὶ

237 1923 557 1991 ἠγόρασας
607 1923 688 1988 τῷ
738 1925 859 1988 Θεῷ
894 1923 1052 1991 ἡμᾶς
1081 1925 1150 1978 ἐν
1195 1925 1274 1990 τῷ
1317 1927 1522 1993 αἵματί
1567 1941 1704 1979 σου.
1765 1925 1836 1978 ἐκ

239 2015 458 2082 πάσης
508 2015 712 2085 φυλῆς
745 2017 844 2068 καὶ
881 2019 1169 2085 γλώσσης
1193 2056 1208 2080 ,
1260 2019 1358 2070 καὶ
1399 2017 1554 2070 λαοῦ
1600 2016 1700 2069 καί
1743 2017 1838 2071 ἕθ-

237 2124 420 2172 νους,
456 2109 554 2162 καὶ
583 2109 878 2176 ἐποίησας
907 2108 1068 2178 ἡμᾶς
1096 2109 1176 2173 τῷ
1208 2109 1328 2173 Θεῷ
1361 2109 1529 2177 ἡμῶν
1555 2111 1838 2177 βασιλεῖς

238 2200 346 2252 καὶ
373 2201 547 2267 ἱερεῖς
571 2218 586 2231 ·
626 2200 724 2254 καὶ
747 2201 1210 2269 ,ϐασιλεύσομεν
1239 2203 1338 2254 ἐπὶ
1372 2201 1477 2268 τῆς
1509 2201 1642 2272 γῆς.

322 2292 386 2342 υἱ
422 2291 521 2358 μὲν
561 2292 896 2362 ὑπεροχικὰς
926 2291 1078 2355 θείας
1109 2293 1450 2364 ἐξηγήσαντο
1486 2295 1745 2361 δυνάμεις
1775 2295 1837 2347 τὸ

239 2383 754 2453 παντοκρατορικον
805 2383 899 2436 τοῦ
939 2384 1075 2436 Θεοῦ
1123 2387 1252 2456 περὶ
1301 2385 1391 2438 τὸν
1439 2388 1502 2437 ὲκ
1553 2389 1836 2456 τεσσάρων

239 2473 534 2541 στοιχείων
591 2474 1072 2546 δημιουργηθέντα
1124 2478 1333 2546 κόσμον
1379 2479 1668 2547 ἐμφαίνειν
1717 2481 1836 2543 οἵας

235 2579 308 2614 τε
357 2563 562 2628 οὔσας⁸
599 2567 649 2618 οἱ
683 2568 738 2620 δὲ
786 2569 1049 2634 δυνάμεις
1093 2573 1224 2642 μὲν,
1261 2575 1490 2642 ἐφόρους
1534 2575 1590 2628 δὲ
1629 2577 1738 2628 τῶν
1778 2577 1836 2642 ἐξ

238 2648 324 2704 ὧν
349 2655 468 2706 τόδε
503 2655 564 2708 τὸ
597 2659 702 2710 πᾶν
745 2658 956 2732 ὑπέστη
992 2663 1294 2733 στοιχείων,
1321 2665 1382 2716 τὸ
1412 2665 1633 2734 διαρκὲς
1667 2666 1834 2720 αὑτοῦ

242 2743 518 2815 συντηρού
527 2763 644 2809 σας.

323 2918 862 2975 Ἐπεσονὲνώπιον
878 2924 982 2979 τοῦ
999 2925 1230 2993 ἀρνίου.
1249 2929 1500 2983 Λαϐόντα
1511 2931 1603 2984 τὸν
1623 2932 1706 2984 Κύ
1717 2951 1832 3003 ριον

242 3007 310 3059 τὸ
347 3009 551 3075 βιϐλίον
607 3015 1023 3086 προσεκύνησαν
1078 3021 1280 3084 πάντες
1321 3026 1733 3093 προεγνωκότες
1765 3027 1833 3098 ἢν

249 3098 434 3166 μέλλει
467 3105 744 3172 σωτηρίαν
777 3107 890 3168 τοῖς
920 3107 1234 3179 ἀνθρώποις
1271 3114 1561 3172 ἐπιτελεῖν.
1610 3119 1832 3171 κόλασιν

241 3189 304 3243 δὲ
341 3195 454 3256 τοίς
499 3195 832 3266 ἀκαθάρτοις
871 3199 1110 3270 δαίμοσι.
1147 3205 1218 3255 Τὸ
1247 3205 1303 3257 δὲ
1345 3207 1488 3276 ἔχειν
1529 3211 1829 3278 πρεσϐυτέ-

247 3299 378 3374 ρους
419 3285 650 3354 κιθάρας
698 3289 760 3340 τὸ
808 3293 1131 3360 ἐναρμόνιον
1181 3296 1333 3366 δηλοῖ
1366 3302 1458 3350 καὶ
1501 3301 1695 3372 εὔηχον
1733 3306 1830 3374 τῆς

243 3373 330 3434 είς
354 3373 485 3426 Θεὸν
509 3376 838 3447 δοξο).ογίας.
869 3383 935 3433 Ai
960 3383 1017 3436 δὲ
1049 3391 1249 3456 χρυσαῖ
1278 3391 1487 3455 φιάλαι,
1520 3393 1574 3445 αἱ
1599 3373 1830 3448 διάνοιαί

243 3468 358 3518 εἰσι
393 3467 501 3520 τῶν
541 3472 930 3542 ἐργαζομένων
971 3477 1040 3530 τὰ
1098 3477 1318 3549 θεοφιλῆ
1367 3482 1471 3550 (διὸ
1515 3486 1606 3536 καὶ
1645 3487 1831 3558 χρυσῷ

241 3559 716 3631 ὑπεσημάνθησαν
759 3565 866 3618 ἀπὸ
914 3565 1015 3635 τῆς
1061 3570 1191 3638 παρ’
1233 3573 1368 3640 ἡμῖν
1401 3575 1589 3641 τιμίας
1638 3575 1828 3646 ὕλης).

239 3649 326 3716 τῷ
367 3652 734 3724 ὲνδελεχισμῷ
770 3658 870 3724 τῆς
908 3659 1043 3728 πρὸς
1087 3661 1148 3712 τὺ
1193 3661 1336 3715 Οεῖον
1367 3666 1716 3732 ἀναστάσεως
1771 3673 1831 3724 τὸ

242 3742 390 3794 κατὰ
440 3745 724 3815 προκοπὴν
765 3749 945 3817 τίμιον
972 3753 1308 3820 εὑρηκότων.
1367 3756 1459 3810 Ἐκ
1503 3758 1708 3813 τούτων
1738 3765 1832 3815 καὶ

241 3833 314 3885 τὰ
351 3833 718 3904 ἐξατμίζοντα
743 3837 804 3890 τὸ
845 3839 979 3910 ἴαμα
1010 3843 1112 3911 τῆς
1143 3845 1268 3897 καθ’
1308 3849 1466 3916 ἡμῶν
1491 3849 1704 3915 δικαίας
1738 3853 1829 3906 τοῦ

241 3921 384 3975 Θεοῦ
413 3926 581 3994 όργῆς
615 3928 901 3998 ἐνάμιλλον
931 3931 1041 3984 τῶν
1073 3935 1322 4004 πονηρῶν
1356 3940 1826 4010 ἐπιτηδευμάτων,

241 4015 557 4105 ἀναδίδοται
611 4020 954 4090 θυμιάματα.
1007 4025 1096 4077 Διὸ
1139 4028 1234 4081 καὶ
1287 4031 1653 4100 θυμιάματα,
1711 4037 1830 4105 οὐχὶ

241 4103 519 4174 ἀρώματα
555 4109 790 4178 εἴρηται.
847 4131 864 4162 ι
923 4114 1088 4184 Ἴαμα
1137 4135 1154 4167 ι
1199 4117 1327 4189 γὰρ,
1376 4123 1512 4176 κατὰ
1551 4123 1642 4175 τὸν
1681 4103 1833 4195 είρη-

241 4195 402 4256 κότα,
434 4213 452 4243 ι
495 4198 853 4253 Καταπαύσει
902 4204 1179 4273 ἁμαρτίας
1229 4209 1490 4277 μεγάλας.
1537 4233 1552 4263 ι
1596 4217 1702 4268 Καὶ
1749 4217 1832 4269 ὅτι

239 4283 324 4344 είς
381 4285 557 4352 Θυμοῦ
614 4287 750 4356 ἴαμα
783 4291 840 4342 αἱ
875 4297 1178 4362 προσευχαὶ
1231 4297 1338 4348 τῶν
1369 4299 1540 4366 ἁγίων
1576 4303 1694 4374 Θεῷ
1741 4306 1832 4358 ἐν-

240 4375 615 4442 τυγχάνουσι,
657 4379 853 4449 δῆλον·
892 4403 910 4434 ι
943 4385 1008 4436 ἐκ
1064 4389 1161 4455 μὲν
1201 4390 1298 4457 τῆς
1359 4393 1598 4459 Παλαιᾶς
1631 4399 1698 4450 δι’
1759 4396 1832 4452 ὧν

241 4485 382 4536 φησι
401 4471 678 4542 Σαμουήλο
708 4492 726 4524 ι
753 4474 876 4528 Ἐὰν
901 4479 980 4539 εἰς
997 4477 1089 4532 τὸν
1117 4479 1248 4533 Θεὸν
1277 4483 1505 4557 ἁμάρτῃ
1523 4505 1628 4550 τις,
1653 4508 1825 4560 προσ-

241 4561 466 4625 εύξεται
521 4564 652 4633 περὶ
707 4567 874 4619 αὐτοῦ
903 4581 918 4595 ’
965 4572 1031 4622 ἐκ
1071 4573 1128 4624 δὲ
1174 4575 1276 4644 τῆς
1323 4577 1491 4642 Νέας,
1539 4581 1606 4634 δι’
1657 4577 1732 4636 ὧν
1778 4587 1826 4638 οἱ

241 4647 384 4744 θεῖοι
414 4651 522 4744 τοῦ
565 4655 772 4744 Κυρίου
810 4659 1052 4727 μαθηταὶ
1093 4663 1240 4715 λύειν
1277 4669 1372 4718 καὶ
1401 4669 1618 4740 δεσμεῖν
1652 4674 1833 4744 ἁμαρ-

238 4739 368 4802 τίας
409 4740 661 4806 ἐξουσίαν
694 4744 908 4801 ἔλαϐον.
943 4752 1016 4802 Τὸ
1047 4753 1102 4804 δὲ
1140 4757 1334 4828 καινὴν
1368 4739 1514 4829 ᾄδειν
1547 4739 1711 4834 ᾠδὴν,
1743 4739 1832 4819 διὰ

239 4831 306 4882 τὸ
330 4827 472 4886 εἶναι
511 4837 697 4889 καινὸν
733 4841 825 4892 καὶ
861 4842 923 4893 τὸ
959 4843 1272 4916 ἱλαστήριον
1307 4852 1400 4904 τοῦ
1425 4853 1598 4924 Θυμοῦ
1636 4857 1709 4920 ὡς
1735 4860 1832 4928 ἀρ-

243 4924 366 4976 νίου
391 4928 744 4996 ἐσφαγμένου
769 4933 1008 5002 Χριστοῦ
1037 4937 1116 4999 εἰς
1145 4939 1416 5012 κάθαρσιν
1443 4951 1534 4999 καὶ
1560 4951 1834 5020 σωτηρίαν

241 5018 344 5072 τοῦ
381 5021 588 5092 κόσμου
635 5026 858 5092 παντὸς,
890 5029 1029 5100 ὑπὲρ
1058 5025 1120 5086 οὗ
1153 5035 1250 5087 καὶ
1291 5037 1498 5103 ἀνοῖξαι
1532 5041 1593 5094 τὸ
1628 5018 1834 5111 βιϐλίον

242 5113 406 5184 ἐδόοη
439 5115 588 5186 αὑτῷ
636 5119 732 5170 καί⁵
763 5119 924 5173 λῦσαι
971 5125 1071 5187 τὰς
1116 5129 1450 5198 σφραγῖδας,
1495 5134 1570 5197 ὡς
1614 5137 1700 5190 διὰ
1734 5137 1830 5190 τοῦ

245 5207 482 5276 αἵματος
522 5209 688 5262 αὐτοῦ
728 5213 1062 5282 ἀγοράσαντι
1109 5220 1258 5288 ἡμᾶς
1291 5224 1356 5275 ἐκ
1395 5228 1594 5290 παντὸς
1642 5227 1830 5293 ἔθνους

245 5298 345 5392 καὶ
377 5297 626 5392 γλώσσης
669 5303 909 5374 ἁπάσης.
948 5307 1118 5361 Τοῦτο
1165 5313 1274 5384 γὰρ
1323 5317 1354 5384 ή
1389 5319 1546 5390 καινὴ
1580 5320 1710 5392 ᾠδὴ,
1755 5325 1824 5378 δι’

243 5390 317 5458 ῆν
355 5392 454 5459 τῆς
487 5390 851 5464 παλαιότητος
877 5397 970 5450 τοῦ
1006 5404 1260 5471 γραπτοῦ
1294 5407 1458 5476 νόμου
1488 5390 1832 5484 ἀπαλλαγέν-

243 5499 374 5548 τες,
403 5487 462 5536 ὲν
498 5488 780 5558 καινότητι
808 5490 863 5542 δὲ
900 5493 1046 5564 ζωῆς
1077 5501 1504 5567 περιπατοῦντες
1533 5507 1580 5557 οἱ
1626 5508 1690 5561 ὲκ
1727 5510 1832 5564 πά-

245 5592 350 5670 σης
384 5579 490 5670 Δτῆς
518 5579 619 5646 γῆς
651 5585 1154 5653 καταυγασθέντες,
1187 5591 1334 5661 ᾄδειν
1384 5601 1714 5670 χαριστήρια
1742 5602 1830 5657 διὰ

241 5668 340 5720 τοῦ
377 5667 523 5722 θείου
559 5672 872 5746 Πνεύματος
899 5679 1278 5756 ἐδιδάχθημεν.

320 5849 366 5879 ⁸⁸
395 5849 570 5908 Ecclc.
603 5871 657 5920 ι,
687 5858 740 5912 4.

1947 639 2162 706 Agnum
2201 641 2482 708 accepisse
2515 641 2583 694 de
2614 645 2838 696 dextera
2875 641 3117 696 sedentis
3153 641 3207 694 in
3245 641 3448 695 throno
3477 641 3540 694 li-

1947 735 2131 799 brum,
2155 735 2310 802 juxta
2336 737 2730 791 humanitatem
2762 737 3170 806 intelligendum
3201 746 3306 800 est,
3339 751 3538 805 quem-

1947 829 2242 881 admodum
2277 828 2523 882 occisum
2554 845 2676 884 esse
2706 847 2718 883 :
2747 829 2902 898 juxta
2931 830 3271 884 divinitatem
3303 843 3539 896 namque

1947 919 2086 971 nihil
2115 919 2394 986 proprium
2435 927 2520 973 est
2557 920 2733 974 tribus
2763 921 3014 990 personis
3051 937 3117 974 cx
3153 921 3237 974 his
3266 935 3388 989 quae
3426 919 3538 970 Deo

1947 1012 2299 1072 conveniunt,
2327 1021 2522 1080 praeter
2554 1014 2776 1066 modum
2806 1012 3183 1081 productionis
3217 1011 3444 1081 ingeniti
3480 1019 3537 1063 et

1945 1101 2110 1168 geniti
2145 1117 2210 1156 ac
2249 1104 2618 1170 procedentis.

2017 1277 2254 1346 Cumque
2292 1280 2574 1347 accepisset
2619 1280 2850 1344 librant,
2897 1291 3128 1351 quatuor
3177 1283 3441 1336 animalia
3483 1293 3534 1338 et

1943 1369 2139 1436 viginti
2167 1378 2400 1436 quatuor
2435 1369 2664 1422 seniores
2684 1371 3020 1435 prociderunt
3053 1389 3233 1424 coram
3263 1373 3412 1441 Agna
3439 1371 3538 1426 Ita-

1945 1461 2116 1514 bentes
2152 1461 2348 1529 singuli
2380 1461 2617 1514 citharas
2655 1472 2704 1514 et
2738 1462 2946 1531 phialas
2981 1480 3171 1517 aureas
3205 1465 3386 1532 plenas
3409 1467 3537 1519 odo-

1944 1561 2334 1616 ramenlorum,
2379 1571 2500 1623 qua:
2539 1564 2662 1608 sunt
2709 1557 3037 1623 precationes
3077 1567 3386 1612 sanctorum
3412 1575 3430 1612 :
3485 1569 3536 1614 et

1943 1653 2136 1696 canunt
2166 1647 2429 1699 canticum
2458 1663 2645 1699 novum
2672 1649 2902 1701 dicentes
2926 1664 2944 1701 :
2979 1649 3181 1718 Dignus
3211 1667 3265 1704 es
3300 1651 3536 1720 accipere

1942 1735 2134 1787 librum
2181 1746 2231 1788 et
2276 1738 2480 1801 aperire
2531 1739 2810 1807 signacula
2844 1739 2981 1810 ejus,
3025 1742 3276 1810 quoniam
3330 1744 3536 1796 occisus

1943 1827 2092 1894 fuisti
2141 1839 2186 1882 et
2223 1830 2490 1882 redemisti
2538 1847 2630 1883 nos
2671 1831 2781 1884 Deo
2816 1848 2908 1901 per
2936 1837 3250 1903 sanguinem
3275 1845 3426 1890 tuum
3469 1849 3536 1889 ex

1942 1921 2085 1970 omni
2112 1921 2250 1972 tribu
2289 1932 2336 1974 et
2371 1921 2552 1991 lingua
2577 1933 2626 1976 et
2669 1923 2862 1992 populo
2909 1935 2958 1977 et
2987 1926 3220 1990 natione,
3255 1936 3305 1980 et
3355 1927 3534 1996 fecisti

1941 2027 2034 2064 nos
2063 2009 2173 2064 Deo
2198 2022 2376 2065 nostro
2404 2029 2618 2082 regnum
2653 2023 2702 2066 et
2733 2013 3034 2069 sacerdotes
3061 2031 3080 2070 :
3109 2025 3159 2070 et
3193 2019 3532 2086 regnabimus

1939 2104 1992 2156 in
2024 2113 2186 2156 terra.

2011 2287 2241 2354 Quidam
2279 2304 2412 2342 sane
2465 2289 2790 2358 interpretati
2826 2299 2957 2346 sunt
2991 2290 3109 2346 haec
3135 2301 3376 2361 quatuor
3407 2293 3530 2347 aui-

1939 2381 2102 2434 malia
2165 2381 2496 2436 excellentes
2560 2381 2778 2436 divinas
2835 2383 3067 2436 virtutes
3117 2384 3530 2454 qualescunque

1941 2471 2045 2524 illa
2095 2473 2237 2535 sint,
2293 2487 2411 2538 quae
2465 2471 2554 2524 Dei
2613 2473 2914 2540 potentiam
2970 2473 3326 2542 designarent
3381 2475 3530 2528 circa

1937 2562 2202 2616 mundum
2253 2578 2316 2614 ex
2359 2571 2594 2631 quatuor
2625 2561 2916 2616 clementis
2967 2564 3332 2617 constitutum
3373 2583 3387 2619 :
3433 2564 3528 2618 alii

1937 2667 2068 2706 vero
2095 2655 2324 2707 virtutes
2354 2654 2602 2722 quidem,
2633 2654 2727 2708 scd
2760 2668 2882 2723 quae
2907 2654 3192 2708 elementis
3220 2654 3532 2723 praeficiun-

1939 2751 2044 2806 tur,
2073 2743 2216 2798 unde
2249 2744 2425 2813 ipsum
2459 2745 2706 2799 subsistit
2740 2745 3084 2809 universum,
3117 2753 3174 2800 et
3197 2761 3320 2814 qua:
3345 2745 3528 2816 ipsum

1936 2847 2266 2892 conservant
2295 2847 2350 2889 ιιι
2373 2848 2709 2906 permaneat.

2006 2928 2356 2982 Prociderunt
2395 2946 2576 2982 coram
2611 2946 2766 2998 agno.
2819 2929 3036 3000 Agnum
3067 2929 3160 3000 qui
3209 2931 3418 3001 accepit
3460 2931 3528 2985 li-

1935 3020 2095 3076 brum
2154 3021 2456 3075 adorarunt
2504 3036 2696 3075 omnes
2743 3020 2836 3090 qui
2869 3021 3229 3090 prmscicrunt
3285 3022 3526 3077 salutem

1936 3129 2100 3184 quam
2147 3114 2459 3168 hominibus
2510 3113 2680 3184 698
2723 3115 3044 3178 exhiberet,
3088 3123 3142 3167 ct
3197 3115 3528 3184 supplicium

1858 3213 1898 3268 c
1934 3207 2076 3273 quod
2111 3206 2340 3272 impuris
2367 3205 2710 3258 daemonibus
2752 3204 3039 3274 inﬂigeret.
3077 3203 3250 3258 Porro
3281 3206 3528 3260 seniores

1939 3298 2139 3350 habere
2181 3299 2448 3364 citharas,
2476 3298 2906 3361 concinuum,ac
2944 3313 3170 3352 suavem
3202 3314 3400 3352 sonum
3447 3300 3526 3354 si-

1936 3391 2158 3460 gniﬁcat
2207 3389 2622 3459 gluriticationis
2683 3405 2812 3460 erga
2873 3389 3044 3442 Deum
3098 3405 3112 3440 :
3159 3403 3341 3441 aureae
3395 3403 3526 3441 vero

1937 3483 2170 3551 pltittim,
2230 3491 2439 3534 menius
2488 3497 2610 3550 qua:
2654 3491 2808 3550 grata
2855 3479 2967 3533 Deo
3014 3495 3180 3547 opera
3237 3480 3528 3548 perﬁciunt

1937 3574 1954 3642 (
1981 3575 2097 3626 ideo
2127 3590 2342 3641 quoque
2371 3589 2466 3640 per
2507 3589 2702 3624 aurum
2734 3572 3029 3640 designata:
3054 3579 3201 3635 sunt,
3237 3574 3526 3625 materiam

1935 3665 2078 3733 apud
2119 3681 2217 3717 nos
2251 3665 2591 3733 pretiosum),
2626 3681 2748 3732 quae
2788 3680 2852 3716 cx
2886 3679 2952 3718 eo
2986 3665 3134 3732 quod
3165 3663 3388 3717 assidue
3419 3663 3529 3716 eri-

1936 3765 2139 3827 guntur
2181 3757 2247 3810 ad
2281 3757 2330 3812 id
2376 3759 2522 3824 quod
2573 3755 2819 3808 divinum
2866 3766 2984 3818 est,
3037 3754 3319 3823 praemium
3367 3753 3526 3822 juxta

1935 3864 2283 3918 progressum
2345 3847 2396 3902 in
2456 3848 2658 3902 virtute
2709 3848 3059 3900 invenerunt.
3109 3847 3186 3900 Ex
3227 3847 3311 3900 his
3359 3847 3528 3900 etiam

1937 3941 2244 4010 procedunt
2272 3941 2628 3993 otloramenta
2659 3939 3016 4008 evaporantia
3059 3939 3226 4007 justte
3277 3936 3372 3990 Dei
3427 3938 3528 3990 ad-

1937 4045 2155 4084 versum
2191 4047 2292 4084 nos
2339 4031 2432 4084 ira:
2470 4032 2814 4084 curationem
2855 4045 2977 4099 quae
3033 4043 3200 4098 prava
3247 4035 3532 4098 oppugnat

1936 4123 2114 4178 studia
2151 4140 2165 4175 :
2202 4123 2320 4176 ideo
2353 4123 2516 4174 etiam
2544 4122 2887 4174 odoramenta
2920 4121 3085 4186 dixit,
3117 4136 3225 4174 non
3252 4130 3524 4174 aromata.

1942 4232 1960 4266 ι
1992 4213 2216 4267 Curatio
2263 4234 2282 4264 ι
2318 4215 2486 4276 enim,
2536 4223 2593 4266 ut
2652 4213 2791 4266 dixit
2840 4211 2950 4275 ille,
3011 4230 3028 4262 ι
3083 4212 3313 4265 Ccssarc
3363 4209 3527 4264 faciet

1935 4317 2156 4378 peccata
2205 4323 2400 4376 magna
2428 4307 2496 4358 ³⁵.
2541 4324 2559 4356 ι
2598 4305 2756 4370 Quod
2803 4313 2988 4358 autem
3041 4303 3107 4358 ad
3159 4303 3328 4356 animi
3364 4317 3528 4356 cura-

1938 4398 2142 4453 tionem
2191 4410 2509 4452 sanctm-um
2577 4394 2924 4464 precatioaes
2975 4393 3325 4462 interpellent
3379 4391 3525 4460 apud

1937 4489 2143 4552 Deum,
2179 4499 2232 4541 ct
2269 4505 2334 4541 ex
2367 4487 2548 4541 Veteri
2601 4487 2956 4541 Testamento
3007 4484 3362 4538 manifestum
3403 4495 3522 4550 est,

1932 4599 2055 4638 cum
2093 4583 2170 4635 ait
2198 4580 2422 4634 Samuel
2459 4598 2472 4633 :
2511 4579 2570 4632 Si
2599 4579 2722 4648 quis
2751 4579 2801 4630 in
2840 4577 3009 4631 Deum
3041 4577 3371 4646 peccaverit,
3401 4592 3527 4646 pre-

1929 4675 2145 4730 cabitur
2163 4689 2260 4742 pro
2290 4687 2354 4724 eo
2382 4688 2394 4723 :
2425 4685 2490 4724 ex
2518 4669 2670 4723 Novo
2691 4677 2898 4730 autem,
2919 4683 3044 4722 cum
3064 4668 3240 4722 sancti
3269 4667 3526 4736 discipuli

1931 4765 2147 4820 Domini
2180 4769 2516 4832 acceperunt
2549 4766 2878 4830 potestatem
2908 4759 3158 4813 solvendi
3197 4768 3422 4829 peccata
3459 4774 3526 4812 ac

1935 4858 2156 4929 ligandi.
2191 4855 2362 4907 Porro
2395 4867 2594 4907 novum
2623 4851 2892 4905 canebant
2924 4853 3221 4906 canticum.
3261 4851 3388 4920 quia
3423 4867 3526 4904 no-

1934 4966 2056 5004 vum
2079 4957 2196 5002 erat
2221 4946 2365 5015 quod
2395 4945 2531 4998 iram
2557 4943 2818 5013 placaret,
2840 4943 2986 5012 quod
3011 4943 3234 4997 occisus
3261 4943 3332 4996 sit
3352 4957 3528 5011 agnus
3617 5011 3620 5016 λ

1931 5043 2189 5098 Christus
2237 5041 2302 5093 ad
2351 5037 2718 5106 expiationem
2762 5049 2826 5088 ac
2871 5035 3102 5089 salutem
3149 5035 3390 5088 universi
3431 5049 3525 5088 or-

1931 5138 2015 5193 bis
2045 5153 2060 5203 ;
2097 5136 2218 5190 idco
2257 5147 2478 5203 quoque
2507 5131 2668 5186 datus
2702 5137 2786 5184 est
2813 5129 2892 5183 illi
2939 5129 3077 5184 liber
3107 5137 3164 5181 ut
3198 5129 3434 5196 aperiret
3462 5143 3526 5182 ac

1928 5229 2164 5285 solveret
2219 5223 2529 5293 signacula,
2569 5231 2627 5276 ut
2675 5221 2768 5291 qui
2821 5237 2919 5290 per
2973 5220 3298 5289 sanguinem
3359 5235 3520 5273 suum

1924 5317 2217 5376 redemerit
2263 5333 2364 5370 nos
2406 5331 2472 5367 ex
2506 5314 2658 5367 utnni
2715 5314 2936 5367 natione
2991 5312 3254 5380 omnique
3289 5311 3518 5380 lingua:

1938 5427 2065 5467 nam
2113 5411 2215 5463 hoc
2248 5417 2332 5461 est
2371 5420 2572 5460 novum
2617 5404 2891 5458 canticum
2933 5421 2945 5458 :
2991 5411 3214 5471 prepter
3245 5401 3390 5470 quod
3428 5403 3521 5470 qtti

1939 5519 2003 5559 ex
2041 5499 2191 5554 omni
2234 5507 2376 5551 terra
2423 5497 2675 5551 illustrati
2711 5511 2924 5561 sumus,
2961 5495 3302 5550 discedentes
3334 5511 3396 5548 ex
3429 5510 3521 5548 re-

1941 5603 2144 5649 tuSIate
2171 5591 2306 5660 legis
2327 5587 2564 5658 scriptas,
2589 5597 2641 5642 et
2660 5587 3004 5642 ambulantes
3027 5587 3080 5640 in
3109 5587 3348 5640 novitate
3375 5586 3520 5652 vita},

1941 5683 2118 5738 edocti
2155 5695 2348 5737 sumus
2372 5693 2568 5735 canere
2594 5693 2822 5734 munera
2851 5693 2946 5749 per
2976 5675 3238 5748 Spiritum
3269 5687 3522 5732 sanctum

1943 5777 2167 5831 donata.
