4110 6426
655 399 762 466 583

1469 397 1803 458 ΑΗΕΤΗᾹΞ
1840 400 2219 462 ΟΕΞΑΒΕίΕ

2337 404 2740 466 .PPADOCUE
2778 406 2901 468 EPI
2912 408 3123 471 SCOPI
3811 420 3898 481 ΒΜ

725 514 811 569 Ea:
836 513 981 569 omni
1019 512 1159 566 tribu
1188 520 1238 567 et
1266 512 1467 582 lingua.
1501 513 1713 579 Dicere,
1743 532 1809 569 ea:
1837 520 1981 571 omni
2022 521 2165 574 tribu
2192 536 2229 575 et

2427 527 2531 578 Ἐκ
2562 524 2769 592 πάσης
2802 528 3009 596 φυλῆς
3038 531 3137 585 καί
3166 531 3473 600 γλώσσης.
3504 533 3601 597 Τὸ,
3625 534 3693 589 ἐκ
3720 537 3895 608 πάσης

653 607 835 676 lingua
856 645 872 667 ,
902 617 955 659 et
984 620 1115 667 non,
1183 605 1388 657 tribum
1434 614 1488 659 et
1521 606 1786 675 linguam,
1825 609 2235 666 distinctionem

653 699 811 751 docet
856 695 998 764 quod
1045 711 1151 748 non
1195 709 1409 757 omnes,
1472 696 1566 749 sed
1615 697 1838 765 quidam
1873 699 2022 768 digni
2067 701 2237 755 habiti

653 784 862 838 fuerint
891 784 982 853 qui
1011 799 1041 837 a
1071 784 1188 838 suis
1217 783 1500 838 laboribus
1526 786 1677 840 crede
1704 787 1831 857 agni
1856 798 1910 842 et
1939 804 2036 859 per
2066 790 2241 860 ipsius

651 878 971 946 sanguinem
1005 876 1432 931 redimerentur.

721 1065 789 1119 Et
842 1067 1011 1135 fecisti
1042 1082 1134 1118 nos
1186 1067 1291 1119 Deo
1330 1078 1511 1121 nostra
1557 1086 1773 1139 regnum
1815 1082 1865 1125 et
1916 1074 2235 1131 sacerdotes.

650 1156 778 1210 Ilaae
815 1158 981 1211 etiam
1009 1158 1165 1226 juxta
1197 1160 1433 1213 litteram
1472 1160 1581 1230 jam
1613 1165 1921 1217 sortiuntur
1962 1167 2236 1235 ell'ectnm,

647 1259 937 1318 propterea
969 1251 1116 1318 quod
1151 1258 1207 1305 et
1241 1266 1396 1321 reges
1421 1261 1476 1305 et
1502 1254 1838 1320 sacerdotes,
1874 1255 1967 1311 Dei
1998 1260 2238 1315 cultores

649 1355 713 1394 ac
752 1340 936 1406 ﬁdeles
966 1354 1339 1409 perseverant.
1373 1345 1562 1400 Potest
1612 1357 1794 1402 autem
1843 1348 2239 1410 et'suhlimius

648 1431 875 1500 intelligi
915 1441 974 1485 ut
1003 1448 1160 1502 reges
1199 1434 1420 1503 quidem
1472 1438 1584 1491 sint
1626 1442 1719 1508 qui
1754 1442 1959 1511 regiam
1994 1445 2239 1502 victoriae

647 1538 912 1577 coronam
939 1525 1203 1580 adversus
1229 1527 1459 1583 allectus
1487 1531 1651 1597 capiti
1676 1532 1878 1587 habent
1898 1535 2236 1607 impositam,

648 1618 961 1672 sacerdotes
983 1633 1109 1671 vero
1132 1620 1225 1687 qui
1249 1618 1481 1674 hostiam
1506 1623 1683 1676 vivam
1703 1623 1811 1678 Deo
1835 1631 2234 1698 acceptabilem

648 1708 861 1776 seipsos
889 1710 1277 1765 exhibuerunt.
1314 1712 1417 1776 Qui
1450 1714 1609 1781 juxta
1644 1715 1784 1770 hanc
1831 1718 2239 1790 interpretatio-

647 1812 773 1850 nem
841 1798 1007 1851 tradit
1079 1799 1268 1853 haberi
1337 1808 1561 1865 terram,
1636 1808 1944 1862 mansuetis
2033 1826 2064 1865 a
2129 1811 2241 1865 Do—

2342 617 2547 684 φυλῆς
2576 619 2677 672 καί
2712 623 3022 688 γλώσσης,
3068 624 3266 688 εἰπεῖν,
3302 625 3439 678 ἀλλὰ
3473 626 3573 695 μὴ,
3612 629 3786 682 πᾶσαν
3814 649 3899 700 «po.

2341 708 2440 778 λὴν
2495 710 2591 762 καὶ
2644 712 2936 779 γλῶσσαν,
2989 713 3278 786 διαστολὴν
3337 718 3638 787 εἰσηγεῖται
3694 720 3782 773 τοῦ
3834 725 3896 795 μὴ

2342 799 2573 863 πάντας,
2607 800 2745 855 ἀλλὰ
2770 803 2925 865 τινὰς
2954 803 3220 873 ἠξιῶσθαι
3259 806 3323 871 ἐξ
3359 808 3576 861 οἰκείων
3614 810 3783 862 πόνων
3814 812 3897 880 τῆς

2339 891 2449 943 ἀπὸ
2486 894 2581 946 τοῦ
2623 895 2812 963 ἀρνίου
2856 896 3075 965 σφαγῆς
3120 898 3198 967 τῷ
3250 899 3446 968 αἵματι
3485 901 3677 953 τούτου
3714 902 3896 974 ἁγορα-

2343 983 2556 1052 σθῆναι.

2412 1096 2523 1148 Kal
2585 1097 2883 1164 ἐποίησας
2938 1098 3098 1168 ἡμᾶς
3138 1099 3219 1165 τῷ
3272 1101 3394 1166 Θεῷ
3438 1102 3607 1170 ἡμῶν
3642 1106 3894 1175 βασιλεῖς

2341 1184 2440 1238 καί
2482 1186 2677 1253 ἱερεῖς.
2721 1188 2895 1241 Τοῦτο
2943 1190 3038 1244 καὶ
3081 1191 3177 1243 ἀπ’
3228 1191 3480 1245 ἐντεῦθεν
3526 1194 3630 1262 ήδη
3675 1198 3804 1249 κατὰ
3843 1201 3893 1251 τὸ

2342 1276 2580 1346 γράμμα
2609 1278 2949 1348 λαμϐάνουσι
2979 1282 3150 1349 τέλος,
3182 1284 3306 1337 καθ’
3327 1285 3408 1339 ὅτι
3433 1286 3527 1338 καὶ
3560 1286 3791 1355 βασιλεῖς
3816 1294 3891 1345 καὶ

2346 1367 2511 1437 ἱερεῖς
2572 1368 2904 1439 θεράποντες
2954 1372 3091 1424 Θεοῦ
3129 1378 3230 1444 τῆς
3276 1376 3515 1438 πίστεως
3566 1378 3889 1436 διατελοῦσιν.

2346 1459 2501 1511 Ἐστι
2530 1461 2588 1513 δὲ
2622 1462 2813 1529 νοῆσαι
2858 1467 2950 1516 καὶ
2983 1466 3484 1538 Θεωρητικὼτερον,
3520 1469 3756 1537 βασιλεῖς
3789 1473 3888 1541 μὲν,

2342 1552 2469 1614 τοὺς
2498 1553 2640 1605 κατὰ
2674 1554 2784 1607 τῶν
2815 1557 3002 1609 παθῶν
3054 1559 3155 1627 τῆς
3179 1560 3336 1629 νίκης
3366 1561 3460 1613 τὸν
3496 1561 3761 1630 βασίλειον
3796 1565 3893 1616 στέ-

2344 1660 2513 1712 φανον
2543 1646 2986 1715 ἀναδησαμένους
3013 1666 3027 1680 ·
3062 1652 3228 1721 ἰερεῖς
3253 1652 3333 1716 δὲ,
3366 1654 3493 1716 τοὺς
3519 1652 3710 1707 θυσίαν
3740 1653 3891 1717 ζῶσαν

2348 1737 2645 1806 εὐάρεστον
2670 1743 2749 1809 τῷ
2782 1742 2900 1811 Θεῷ
2932 1744 3157 1805 ἑαυτοὺς
3184 1745 3608 1815 κατηρτικότας.
3639 1747 3785 1799 Κατὰ
3809 1747 3889 1816 τὴν

2346 1827 2573 1897 ἐκδοχὴν
2598 1829 2824 1901 ταύτην,
2858 1832 2953 1884 καὶ
2980 1834 3008 1885 ὁ
3028 1834 3126 1902 τὴν
3148 1835 3251 1903 γῆν
3279 1835 3379 1905 τὴν
3407 1838 3520 1896 τοῖς
3559 1836 3782 1905 πραέσιν
3807 1836 3890 1887 ὑπὸ

647 1888 799 1941 mino
821 1887 948 1956 jure
977 1890 1325 1945 hereditario
1350 1894 1708 1962 promissam,
1756 1912 2104 1969 nequaquam
2146 1903 2229 1956 in-

2339 1887 2547 1984 Κυρίου
2579 1887 2998 1990 ἐπηγγελμένην
3026 1887 3631 1993 καταΙκληρονομείσΘαί
3670 1924 3887 1994 στοιχῶν,

646 1987 729 2030 ter
754 1993 850 2031 eos
875 1979 967 2046 qui
1003 1995 1032 2031 a
1064 1994 1230 2049 scopo
1270 1981 1530 2037 aberrant
1558 1987 1769 2040 censeri
1795 1997 1993 2057 potest.

718 2087 787 2140 Et
824 2092 1155 2159 regnabimus
1188 2094 1242 2147 in
1274 2102 1437 2152 terra.
1470 2097 1637 2168 699
1674 2099 1827 2165 Quod
1862 2102 2049 2158 dicunt
2080 2120 2094 2158 :
2131 2102 2239 2160 Re-

644 2181 935 2245 gnabimus
982 2181 1035 2234 in
1071 2191 1238 2249 terra,
1276 2186 1432 2255 juxta
1470 2193 1861 2260 promptiorem
1898 2194 2236 2251 intellectum

644 2278 701 2323 et
727 2271 822 2339 qui
856 2274 1044 2328 multis
1076 2276 1310 2343 videtur,
1349 2280 1572 2334 modum
1616 2282 1831 2338 vivendi
1874 2284 2031 2354 juxta
2064 2287 2236 2357 legem

640 2362 932 2433 designat,
990 2367 1081 2435 qui
1134 2370 1308 2438 magis
1357 2371 1762 2431 introductivus
1808 2387 1911 2438 est,
1965 2388 2022 2434 et
2069 2382 2235 2435 veluti

642 2456 866 2511 tradens
897 2459 1171 2513 elementa
1209 2462 1625 2529 perfectissima:
1665 2472 2106 2527 conversationis
2141 2490 2229 2528 se-

641 2548 885 2601 cundum
938 2550 1240 2617 Christum,
1288 2565 1561 2622 quatenus
1618 2559 1753 2612 nihil
1814 2560 1880 2614 ad
1933 2560 2233 2629 perlectum

643 2637 803 2691 duxit
832 2641 937 2693 lex.
970 2640 1134 2696 Juxta
1173 2658 1361 2699 verum
1402 2656 1585 2701 autem
1620 2650 1956 2706 intellectum
1987 2668 2106 2707 eam
2136 2653 2235 2709 de—

644 2727 827 2796 signat
860 2731 1023 2785 vitam
1057 2734 1273 2789 beatam
1314 2750 1747 2811 perpetuamque
1776 2759 1841 2797 ac
1881 2744 2237 2800 indissolubi-

643 2819 772 2883 lem,
802 2838 925 2891 quae
969 2824 1023 2878 in
1079 2824 1266 2881 futuro
1308 2830 1414 2884 erit
1457 2833 1702 2887 saeculo:
1752 2834 1985 2905 ideoque
2023 2836 2080 2890 in
2129 2836 2236 2891 line

644 2915 750 2968 hoc
776 2915 1109 2969 insinuatur.

729 3025 790 3091 V,
843 3026 1035 3081 ll-li.
1081 3028 1150 3081 Et
1192 3031 1300 3083 vidi
1324 3042 1374 3084 et
1414 3035 1594 3088 audiri
1627 3046 1877 3107 tanquam
1926 3057 2098 3093 vocem
2132 3058 2232 3093 an-

642 3116 881 3185 gelorum
922 3120 1211 3173 multorum
1250 3122 1306 3174 in
1346 3124 1571 3177 circuitu
1610 3128 1785 3181 throni
1823 3139 1871 3181 et
1912 3131 2231 3183 animalium

642 3218 692 3261 ct
726 3210 1014 3263 seniorum.
1043 3211 1113 3265 Et
1146 3223 1262 3266 erat
1302 3232 1551 3270 numerus
1595 3235 1775 3273 eorum
1821 3223 2084 3292 myriades
2116 3240 2228 3293 my-

2337 3242 2451 3297 τῶν
2480 3210 2918 3316 πρεσϐυτέρων.
2960 3210 3069 3305 Kal

640 3301 852 3353 riadum
883 3312 932 3355 et
961 3305 1131 3358 millia
1173 3307 1402 3359 millium
1435 3310 1663 3365 dicentia
1720 3330 1839 3367 voce
1871 3332 2061 3384 magna
2086 3333 2104 3369 :
2138 3316 2233 3369 Di-

636 3406 771 3461 gnus
802 3402 879 3447 est
910 3396 1091 3464 Agnus
1133 3402 1223 3467 qui
1259 3401 1462 3454 occisus
1483 3403 1583 3470 fuit
1606 3407 1837 3471 accipere
1869 3410 2159 3475 potentiam
2188 3420 2237 3462 et

638 3486 854 3539 divitias
872 3496 920 3539 et
950 3490 1284 3556 sapientiam,
1318 3502 1367 3544 et
1403 3493 1797 3563 fortitudinem,
1824 3500 2157 3565 ethonorem,
2185 3511 2235 3554 et

639 3576 886 3645 gloriam,
912 3588 962 3632 et
996 3581 1432 3637 benedictionem.
1460 3585 1527 3638 Et
1551 3604 1756 3641 omnem
1784 3602 2085 3644 creaturam
2118 3609 2236 3661 qua:

640 3678 755 3720 erat
780 3670 833 3721 in
863 3671 991 3723 coelo
1016 3681 1065 3724 et
1092 3674 1146 3726 in
1180 3683 1320 3727 terra
1351 3684 1399 3728 et
1437 3683 1616 3731 subter
1647 3689 1845 3733 terram
1878 3692 1926 3735 et
1966 3684 2022 3735 in
2068 3684 2225 3748 mari,

637 3769 687 3809 et
713 3776 831 3827 ᾳιιω
852 3761 907 3813 in
940 3763 1067 3828 ipsis
1098 3774 1243 3829 sunt,
1271 3781 1448 3821 omnes
1478 3770 1680 3835 audivi,
1708 3773 1937 3827 dicentes
1964 3788 1981 3827 :
2007 3773 2225 3829 Sedenti

637 3849 694 3903 in
728 3851 915 3904 throno
948 3861 999 3905 et
1044 3855 1192 3923 Agna
1241 3858 1532 3912 benedictio
1578 3870 1628 3915 et
1670 3863 1837 3916 honor
1882 3874 1933 3918 et
1970 3866 2143 3936 gloria
2178 3880 2227 3923 et

638 3942 914 4009 imperium
964 3948 1019 4000 in
1049 3949 1248 4003 stecula
1280 3952 1616 4017 saeculorum,
1658 3956 1843 4009 Amen.
1903 3957 1971 4011 Et
1999 3969 2229 4026 quatuor

637 4034 895 4088 animalia
917 4038 1146 4091 dicentia
1176 4054 1195 4092 :
1224 4042 1261 4092 Α
1275 4057 1412 4096 men.
1446 4041 1516 4097 Et
1542 4048 1774 4099 seniores
1797 4050 2136 4117 prociderunt
2161 4069 2223 4106 ac

640 4125 1018 4183 adoraverunt.

633 4235 780 4273 νων.
834 4221 1031 4291 Ἀμήν.
1082 4222 1194 4278 Kal
1238 4223 1313 4278 τὰ
1370 4226 1645 4296 τέσσαρα
1676 4227 1791 4290 ζῶα
1839 4232 2098 4303 λέγοντα
2146 4242 2249 4293 τὸο
2305 4221 2504 4316 Ἀμήνξ
2539 4221 2650 4308 Iial

632 4327 856 4380 νησαν.

710 4431 1082 4503 Spiritualiler
1110 4450 1213 4489 vox
1244 4446 1364 4492 erat
1388 4479 1403 4504 ,
1437 4448 1492 4493 at
1523 4456 1632 4494 non
1666 4444 2003 4501 sensibiliter
2047 4458 2100 4503 ct
2128 4465 2226 4520 per

635 4523 927 4592 strepitum
963 4525 1017 4578 in
1054 4540 1180 4581 aere
1220 4543 1490 4585 resonans
1522 4548 1535 4585 :
1573 4533 1695 4587 ideo
1725 4552 1946 4607 quoque
1980 4540 2225 4597 calculus

635 4612 897 4680 praeconii
924 4614 1051 4683 agni
1077 4617 1221 4683 quod
1254 4615 1440 4672 futuro
1462 4621 1568 4674 erit
1592 4631 1838 4693 tempore
1865 4628 2222 4699 describitur,

634 4715 746 4755 non
789 4703 935 4770 quod
984 4703 1098 4772 jam
1147 4708 1485 4776 completum
1522 4722 1608 4767 est
1654 4731 1667 4767 :
1718 4725 1994 4785 quatenus
2042 4724 2226 4779 omnis

634 4792 730 4864 qui
764 4793 872 4846 Deo
909 4795 1185 4865 adhaeret,
1239 4808 1294 4853 et
1348 4817 1524 4871 usque
1574 4805 1644 4859 ad
1684 4814 2220 4869 consummationem

634 4898 733 4952 per
764 4887 1087 4940 memoriam
1133 4889 1492 4959 benignarum
1526 4909 1625 4963 pro
1662 4898 1824 4953 nobis
1857 4902 1981 4970 agni
2009 4905 2223 4973 passio-

634 4993 764 5029 num
797 4980 1051 5046 prudenti
1094 4982 1369 5039 dementia
1404 4995 1654 5057 urgetur,
1706 4992 1772 5046 ad
1808 4991 2013 5050 domini
2062 5001 2225 5055 retri-

629 5068 951 5136 butionem,
983 5088 1300 5144 quanquam
1348 5092 1539 5134 servus
1576 5082 1676 5144 sit,
1714 5098 2010 5155 preperare
2056 5092 2219 5148 solet.

629 5158 767 5212 Nam
797 5160 863 5215 de
902 5165 1215 5233 aequalitate
1245 5167 1470 5225 honoris
1497 5173 1835 5241 superﬂuum
1865 5190 2011 5235 esset
2044 5182 2217 5253 loqui.

629 5251 771 5318 Quid
812 5256 956 5310 enim
988 5274 1249 5328 magnum
1282 5259 1476 5317 iecerit
1506 5281 1721 5334 servus,
1753 5269 1797 5323 si
1824 5272 2014 5327 eadem
2047 5251 2221 5343 patia-

631 5355 721 5399 tur
750 5364 871 5417 ane
900 5350 1197 5407 dominus?
1222 5352 1474 5419 Quodam
1504 5366 1687 5414 autem
1725 5363 1920 5418 ordine
1951 5377 2213 5435 separata

632 5452 755 5491 esse
788 5439 1031 5504 divitias,
1061 5445 1382 5511 potentiam,
1410 5448 1736 5516 sapientiam
1764 5453 1987 5524 aliaque
2018 5456 2217 5527 hujus-

633 5528 802 5593 modi,
826 5546 891 5583 ex
919 5531 1140 5587 decreto
1180 5550 1291 5604 quo
1323 5538 1413 5591 illa
1444 5554 1540 5607 per
1561 5542 1914 5599 eminentiam
1939 5548 2220 5618 accipian-

630 5620 758 5685 tur,
790 5637 915 5676 cum
948 5640 1035 5680 res
1067 5626 1141 5680 ita
1194 5643 1254 5683 se
1280 5645 1387 5684 non
1419 5632 1646 5700 habeat,
1689 5636 1931 5692 humana
1960 5640 2219 5709 opinione

637 5725 976 5783 assumptum
998 5728 1081 5774 est
1106 5737 1119 5773 :
1140 5720 1401 5779 divinitas
1420 5725 1566 5779 enim
1592 5727 1678 5784 his
1705 5745 1814 5783 non
1841 5740 1984 5801 eget,
2014 5742 2074 5787 ut
2096 5750 2219 5804 qua:

640 5815 855 5859 omnem
882 5810 1093 5864 excedit
1127 5813 1415 5884 honorem,
1444 5826 1498 5873 et
1526 5834 1650 5874 cum
1685 5823 1867 5878 omnia
1904 5840 2063 5881 suum
2097 5843 2219 5884 esse

2339 2009 2400 2059 οὐ
2432 2011 2543 2071 τοῖς
2569 2012 2819 2081 ἀστόχοις
2848 2015 3291 2086 προσλογισθείη.

2409 2124 2521 2177 Kal
2554 2126 3017 2196 βασιλεύσομεν
3047 2128 3144 2180 ἐπὶ
3174 2129 3285 2197 τῆς
3327 2130 3462 2200 γῆς.
3492 2130 3591 2196 Τὸ,
3630 2132 3735 2184 Καὶ
3761 2131 3887 2201 βασι-

2338 2214 2626 2271 λεύσουσιν
2677 2221 2770 2273 ἐπὶ
2807 2218 2909 2287 τῆς
2939 2222 3070 2289 γῆς,
3104 2223 3245 2276 κατὰ
3279 2223 3380 2293 μὲν
3408 2224 3469 2276 τὸ
3506 2225 3785 2294 πρόχειρον
3813 2225 3887 2277 καὶ

2340 2305 2617 2378 θεωρητὺν
2666 2314 2779 2373 τοῖς
2813 2313 3029 2375 πολλοῖς
3050 2353 3066 2377 ,
3094 2314 3197 2385 τὴν
3247 2315 3389 2368 κατά
3417 2316 3586 2384 νόμον
3623 2316 3885 2369 αἰνίττεται

2340 2399 2620 2453 πολιτείαν
2644 2444 2660 2469 ,
2709 2404 3226 2476 εἰσαγωγικωτέραν
3269 2408 3437 2461 οὖσαν
3467 2409 3566 2462 καὶ
3608 2407 3883 2479 στοιχειώδη

2337 2490 2432 2544 τοῦ
2463 2494 2600 2545 κατὰ
2646 2495 2880 2565 Χριστὸν
2929 2496 3264 2551 τελεωτάτου
3309 2500 3735 2571 πολιτεύματος,
3775 2503 3885 2573 παρ’

2337 2582 2462 2635 ὅσον
2515 2584 2667 2637 οὐδὲν
2709 2587 3026 2641 ἐτελείωσεν
3056 2592 3085 2642 ὁ
3130 2590 3329 2660 νόμος’
3379 2594 3525 2648 κατὰ
3568 2596 3623 2648 δὲ
3654 2597 3710 2648 τὸ
3745 2598 3882 2661 ὄντως

2337 2672 2417 2737 ὃν,
2453 2673 2550 2744 τὴν
2579 2676 2721 2729 κατὰ
2750 2678 2810 2729 τὸ
2846 2678 3038 2747 μέλλον
3071 2682 3347 2751 μακαρίαν
3388 2685 3576 2757 βιοτὴν
3611 2690 3815 2742 αίωνίαν
3834 2707 3880 2742 τε

2336 2759 2503 2816 οὖσαν
2552 2767 2647 2819 καὶ
2699 2767 3062 2824 ἀκατάλυτον.
3094 2774 3186 2827 Διὸ
3229 2776 3325 2827 καὶ
3367 2775 3447 2847 τῷ
3489 2778 3632 2832 τέλει
3660 2780 3880 2848 ἐγκολπί-

2337 2856 2509 2919 ζεται.

2406 3062 2513 3113 Kal
2564 3058 2729 3115 εἶδον
2782 3064 2881 3117 καὶ
2933 3065 3175 3134 ἤκουσα
3232 3070 3314 3137 ὠς
3381 3072 3599 3142 φωνήν
3650 3075 3881 3143 ἀγγέλων

2335 3152 2583 3205 πολλῶν
2631 3156 2834 3222 κύκλῳ
2872 3158 2979 3211 τοῦ
3032 3161 3254 3226 θρόνου
3300 3165 3397 3233 καί
3439 3165 3562 3219 τῶν
3615 3166 3760 3227 ζώων
3800 3170 3877 3222 καί

3106 3250 3185 3322 ἦν
3214 3257 3247 3308 ὁ
3280 3256 3531 3325 ἀριθμὸς
3558 3260 3746 3315 αὐτῶν
3788 3280 3877 3329 μυ-

2328 3334 2535 3402 ριάδες
2555 3338 2894 3406 μυριάδων,
2929 3343 3029 3397 καί
3059 3348 3331 3414 χιλιάδες
3361 3351 3670 3417 χιλιάδων,
3702 3352 3874 3421 λέγον·

2333 3443 2434 3493 τες
2488 3428 2659 3497 φωνῇ
2690 3433 2969 3501 μεγάλῃ’
3029 3437 3239 3501 Ἀξιόν
3287 3440 3420 3494 ἐστι
3477 3443 3545 3495 τὸ
3592 3446 3787 3512 ἀρνίον
3823 3445 3874 3495 τὸ

2332 3518 2735 3590 ἐσφαγμένον,
2768 3526 2978 3580 λαϐεῖν
3005 3527 3122 3595 τὴν
3160 3529 3418 3601 δύναμιν
3455 3535 3557 3587 καί
3588 3535 3688 3588 τὸν
3722 3535 3877 3588 πλοῦ-

2331 3627 2466 3674 τον,
2497 3613 2595 3665 καί
2638 3615 2881 3683 σοφίαν,
2914 3619 3012 3672 καὶ
3047 3621 3255 3689 ἰσχὺν,
3290 3624 3391 3677 καί
3435 3627 3638 3695 τιμὴν,
3674 3628 3762 3681 καί
3800 3627 3877 3680 δό-

2332 3699 2485 3766 ξαν,
2536 3704 2634 3757 καὶ
2670 3708 2979 3777 εὐλογίαν.
3033 3712 3143 3766 Kal
3197 3714 3323 3770 πᾶν
3382 3718 3610 3786 κτίσμα
3652 3718 3683 3771 ὃ
3715 3719 3778 3770 ἐν
3814 3716 3877 3781 τῷ

2334 3791 2568 3859 οὐρανῷ
2609 3796 2706 3849 καί
2745 3799 2839 3851 ἐπὶ
2884 3799 2995 3869 τῆς
3040 3803 3187 3872 γῆς,
3219 3806 3317 3859 καὶ
3348 3809 3631 3862 ὑποκάτω
3658 3809 3759 3875 τῆς
3784 3807 3875 3876 γῆς

2332 3882 2431 3934 καὶ
2469 3883 2570 3938 ἐπὶ
2620 3885 2730 3955 τῆς
2775 3891 3293 3961 θαλάσσηςιέστί,
3325 3899 3422 3951 καί
3469 3900 3543 3953 τὰ
3580 3900 3649 3953 ἐν
3682 3897 3873 3961 αὐτοῖς.

2331 3972 2563 4042 πάντας
2595 3978 2832 4047 ἤκουσα
2860 3984 3153 4054 ,λέγοντας
3174 4002 3188 4017 ⁸
3216 3989 3301 4053 Τῷ
3333 3992 3648 4060 καθημένῳ
3674 3991 3763 4044 ἐπὶ
3787 3988 3872 4041 τοῦ

2331 4066 2549 4132 θρόνου
2581 4072 2681 4125 καί
2711 4073 2791 4137 τῷ
2813 4076 3016 4145 ἀρνίῳ,
3055 4081 3094 4146 ἢ
3120 4083 3389 4150 εὐλογία,
3414 4084 3517 4137 καὶ
3555 4085 3592 4151 ὴ
3619 4082 3763 4150 τιμὴ,
3795 4080 3874 4133 καί

2329 4156 2369 4224 ἠ
2390 4157 2575 4226 δόξα,
2605 4164 2701 4217 καί
2730 4166 2797 4219 τὸ
2820 4168 3035 4237 κράτος
3074 4175 3161 4238 είς
3197 4174 3343 4240 τοὺς
3372 4175 3594 4240 αἰῶνας
3631 4176 3740 4229 τῶν
3761 4169 3874 4225 αἰώ-

2678 4259 2733 4310 οἰ
2763 4263 3154 4333 πρεσϐύτεροι
3185 4265 3416 4321 ἔπεσον
3479 4267 3581 4322 καί
3613 4262 3872 4337 προσεκύ-

2405 4460 2802 4535 Πνευματικῶς
2841 4470 2874 4539 ἡ
2909 4471 3083 4542 φωνὴ,
3118 4473 3236 4527 ἀλλ’
3265 4475 3364 4528 οὐκ
3394 4478 3667 4548 αἰσθητῶς
3694 4477 3778 4532 καὶ
3809 4476 3868 4544 τῷ

2331 4551 2454 4624 ἀέρι
2493 4557 2826 4627 διηχητικῶς
2869 4564 3248 4635 ἀπηχουμένη.
3284 4567 3375 4619 Διὸ
3424 4571 3565 4623 κατὰ
3601 4570 3661 4622 τὸ
3708 4567 3867 4637 μέλλον

2326 4646 2421 4699 τοῦ
2459 4649 2652 4717 χρόνου
2700 4652 2733 4721 ἡ
2784 4652 2962 4721 ψῆφος
3007 4655 3106 4724 τῆς
3156 4658 3513 4729 ἀναρρήσεως
3566 4661 3656 4714 τοῦ
3708 4657 3864 4730 ἀρνίου

2331 4737 2646 4809 ἱστορεῖται,
2684 4743 2745 4795 οὐ
2772 4744 2916 4798 κατά
2940 4745 3003 4799 τὸ
3059 4747 3159 4818 ἤδη
3199 4752 3711 4823 συντετελεσμένον,
3755 4753 3862 4818 παρ’

2325 4830 2448 4882 ὅσον
2474 4830 2620 4897 ἄπας
2654 4836 2683 4887 ὁ
2714 4835 2834 4905 Θεῷ
2865 4841 3399 4911 προσανατιθέμενος
3420 4883 3435 4908 ,
3479 4846 3571 4898 καὶ
3606 4845 3755 4915 μέχρι
3781 4842 3862 4909 τῆς

2328 4923 2637 4989 συντελείας
2659 4930 2723 4999 τῇ
2751 4932 2941 5001 μνήμη
2958 4931 3068 4983 τῶν
3094 4932 3236 5003 ὑπὲρ
3259 4934 3417 5004 ἡμῶν
3445 4936 3537 4991 τοῦ
3565 4937 3738 5008 ἀρνίου
3764 4933 3860 5002 φιλ-

2326 5012 2631 5084 ανθρώπων
2688 5019 2878 5074 παθῶν
2928 5023 3166 5091 σώφρονι
3209 5028 3379 5096 μανίᾳ
3420 5028 3858 5097 κατεπειγόμενος.

2326 5105 2464 5174 πρὸς
2496 5107 2764 5164 ἀντίδοσιν
2794 5112 2899 5167 κᾶν
2927 5115 3146 5185 οἰκέτης
3175 5117 3270 5170 τοῦ
3291 5118 3549 5172 δεσπότου
3585 5114 3859 5173 κατασπεῦ-

2327 5211 2416 5248 σαι
2453 5196 2634 5251 εἴωθε.
2665 5201 2739 5253 Τὸ
2781 5202 2891 5274 γὰρ
2921 5204 2982 5268 ὲξ
3006 5206 3295 5277 ὀμοτίμου,
3332 5211 3582 5281 περιττὸν
3608 5211 3695 5264 καὶ
3720 5209 3856 5277 ἐρεῖν.

2324 5286 2390 5338 Τί
2422 5286 2530 5357 γὰρ
2576 5291 2718 5358 μέγα
2751 5293 2924 5366 δούλῳ
2959 5298 3153 5349 παθεῖν
3186 5299 3257 5352 τὰ
3297 5302 3391 5355 τοῦ
3425 5303 3706 5368 δεσπότου;
3734 5300 3785 5351 τὸ
3810 5296 3857 5349 δὲ·

2322 5377 2412 5430 διὰ
2455 5378 2803 5452 ψηφίσματος
2848 5388 2908 5441 ὲν
2951 5388 3099 5453 τάξει
3129 5396 3237 5443 τινὶ
3279 5392 3505 5447 πλοῦτον
3536 5396 3624 5447 καὶ
3662 5393 3856 5458 δύναμιν

2322 5471 2418 5524 καὶ
2467 5474 2657 5541 σοφίαν
2697 5479 2792 5531 καὶ
2825 5480 2892 5534 τὰ
2931 5482 3156 5536 τοιαῦτα
3195 5488 3272 5548 ὡς
3319 5488 3439 5539 καθ’
3490 5486 3746 5556 ὑπεροχὴν
3775 5478 3851 5535 τοῧ

2321 5560 2693 5632 λαμϐάνοντος
2722 5570 3016 5643 ἀφορίσθαι
3056 5574 3133 5638 ὠς
3174 5578 3275 5630 οὐκ
3303 5577 3514 5649 ἔχοντος
3535 5618 3550 5644 ,
3575 5574 3850 5648 ἀνθρωπίνη

2322 5653 2588 5726 ὑπολήψει
2621 5662 3014 5734 παρείληπται.
3038 5668 3110 5720 Τὸ
3134 5670 3290 5722 θεῖον
3322 5672 3433 5743 γὰρ
3460 5670 3656 5725 τούτων
3675 5671 3847 5734 ἀπροσ-

2321 5740 2462 5805 δεὲς.
2493 5746 2568 5809 ὡς
2614 5750 2796 5818 πάσης
2824 5754 2990 5823 τιμῆς
3024 5756 3348 5828 ὑπέρτερον,
3401 5740 3491 5815 ναὶ
3524 5763 3595 5823 ὼς
3617 5758 3714 5812 τῶν
3734 5754 3843 5807 πάν-

2322 5850 2427 5887 των
2469 5834 2559 5890 ὑπ’
2614 5841 2776 5895 αὐτοῦ
2818 5844 2878 5897 τὸ
2928 5842 3068 5901 εἰναι
3098 5849 3374 5907 λαϐόντων
3407 5855 3496 5909 καί
3531 5853 3737 5906 κατόπιν
3767 5842 3845 5898 τοῦ
