4110 6416
367 412 475 475 5‘5

1431 407 1819 470 COMMENT.
1862 400 1943 465 IN
1990 402 2522 463 APOCALYPSIN.

3544 403 3650 465 586

372 531 510 599 πρὸς
553 527 710 593 ἀξίαν
771 527 936 599 τιμὴν
1008 528 1421 598 παραγαγόντος
1474 528 1645 593 αὐτὰ,
1708 527 1953 599 χωρούν-

2062 524 2129 577 ab
2158 536 2219 576 ea
2257 522 2590 590 acceperint,
2621 530 2673 575 et
2703 520 2958 591 deinceps
2991 520 3311 591 procedant,
3346 518 3651 576 deduceute

368 643 500 679 των.

438 716 547 771 Kal
580 716 703 771 πᾶν
734 718 975 786 κτίσμα,
1008 715 1102 768 καὶ
1124 716 1270 785 ἑξῆς.
1318 716 1411 769 Ἐκ
1437 717 1643 770 τούτων
1676 716 1952 779 ἁπάντων,

366 809 477 862 τῶν
506 808 735 879 νοητῶν,
784 808 950 879 φημὶ,
996 812 1089 861 καί⁸
1127 807 1426 879 αἰσθητῶν,
1466 808 1576 862 τῶν
1613 826 1673 862 τε
1710 808 1952 872 ζώντων,

366 901 481 953 τῶν
508 918 567 953 τε
610 900 799 963 ἁπλῶς
825 899 995 953 ὄντων
1045 902 1294 965 φυσικοῖς
1323 899 1503 968 λόγοις
1522 940 1536 963 ,
1576 903 1605 954 ό
1633 901 1766 977 Θεὸς
1803 900 1955 965 δοξά-
1986 896 1989 897 ν

364 995 523 1056 ζεται
563 993 639 1055 ὡς
667 994 887 1047 πάντων
917 994 1299 1063 γενεσιάρχης.
1340 995 1451 1047 Καὶ
1478 996 1506 1047 ό
1554 994 1745 1049 τούτου
1792 1011 1952 1063 μονο-

365 1084 532 1153 γενὴς
560 1086 689 1147 Υἱὸς
716 1085 811 1138 καὶ
836 1084 1122 1156 ὀμοούσιος
1139 1125 1156 1151 ,
1183 1086 1281 1139 καὶ
1314 1085 1374 1138 τὺ
1401 1086 1669 1155 πανάγιον
1701 1086 1796 1141 καὶ
1822 1087 1956 1150 ζωο-

365 1178 525 1230 ποιὸν
557 1175 803 1244 Πνεῦμα.

438 1351 550 1407 Καὶ
595 1354 664 1407 τὰ
714 1352 984 1421 τέσσαρα
1017 1349 1150 1415 ζ’ὧα.
1200 1356 1307 1408 Καὶ
1349 1354 1439 1408 διὰ
1479 1355 1637 1408 τοῦτο
1678 1355 1954 1409 δείκνυται

362 1447 470 1513 μία
506 1446 711 1515 ποίμνη
763 1447 1014 1513 ἀγγέλων
1048 1448 1143 1500 καὶ
1184 1446 1526 1517 ἀνθρώπων,
1576 1447 1662 1501 διὰ
1716 1449 1955 1518 Χριστοῦ

358 1536 710 1605 τελουμένη,
768 1540 864 1590 καὶ
914 1538 1007 1604 ὐφ’
1045 1538 1127 1590 ἑνὶ
1170 1539 1390 1606 ποιμένι
1435 1537 1668 1593 τελοῦσα
1698 1539 1953 1609 Χριστῷ·

363 1626 465 1680 καὶ
506 1626 606 1696 μία
665 1628 961 1697 Ἐκκλησία
992 1627 1081 1681 διὰ
1114 1628 1355 1698 Χριστοῦ
1394 1629 1488 1682 τοῦ
1534 1630 1593 1683 τὸ
1640 1631 1956 1701 μεσότοιχον

363 1717 461 1771 τοῦ
496 1719 752 1788 φραγμοῦ
786 1720 1067 1785 λύσαντος,
1097 1720 1126 1773 ὃ
1162 1722 1258 1775 καὶ
1290 1724 1322 1791 ἡ
1351 1722 1444 1775 τοῦ
1475 1723 1744 1792 γενάρχου
1784 1722 1956 1793 Ἀδὰμ

362 1811 625 1882 παρακοὴ
695 1813 1081 1883 περιετείχισε.
1142 1814 1216 1866 Τὸ
1272 1815 1365 1879 δὲ,
1436 1815 1647 1883 Ἀμὴν,
1695 1815 1804 1868 ἀπὸ
1855 1819 1954 1883 τῆς

2057 630 2118 667 ea
2143 612 2429 668 divinitate
2461 611 2527 665 ad
2564 611 2791 682 dignum
2825 612 2960 683 ipsis
2991 614 3274 666 honorem.

2050 754 2057 757 _
2134 704 2199 757 Et
2231 721 2437 759 omnem
2468 714 2790 767 creaturam,
2836 715 2941 759 etc.
2978 706 3060 758 Ab
3109 705 3196 759 his
3239 705 3499 760 oumibus
3541 713 3651 759 tant

2058 798 2518 852 iutellectualilms
2542 813 2704 866 quam
2739 814 2960 852 sensum
2997 798 3391 867 sequentibus,
3430 806 3540 852 tam
3576 799 3655 852 vi-

2061 893 2319 949 ventibus
2359 908 2523 961 quam
2557 892 2879 960 simpliciter
2909 907 3032 945 esse
3068 891 3397 945 habentibus
3428 908 3523 960 per
3554 907 3654 945 na-

2058 986 2270 1041 turales
2306 987 2571 1049 rationes,
2614 983 2753 1037 Deus
2793 984 3130 1052 gloriﬁcatur
3158 994 3417 1052 tanquam
3450 985 3654 1052 prinri-

2059 1080 2209 1148 pium
2237 1088 2289 1132 et
2314 1087 2511 1132 auctor
2542 1076 2788 1129 omnium
2812 1113 2828 1140 ,
2864 1085 2917 1128 et
2951 1075 3266 1143 unigenitus
3300 1090 3365 1129 ac
3416 1075 3656 1129 consub-

2060 1171 2337 1224 stantialis
2361 1169 2527 1237 hujus
2553 1167 2749 1234 Filius,
2779 1177 2833 1222 et
2857 1168 3246 1223 sanctissimus
3276 1183 3341 1222 ac
3370 1168 3655 1223 vivilicaus

2059 1262 2223 1333 700
2253 1261 2511 1331 Spiritus.

2139 1352 2208 1405 Et
2266 1363 2495 1421 quatuor
2566 1348 2846 1403 animalia.
2922 1346 3022 1401 His
3075 1362 3294 1416 quoque
3344 1350 3657 1403 ostenditur

2062 1457 2233 1497 unum
2268 1442 2411 1497 ovile
2453 1440 2774 1508 angelorum
2808 1445 2863 1488 et
2915 1437 3201 1489 hominum
3236 1451 3331 1504 per
3370 1436 3652 1492 Christum

2060 1534 2386 1603 perfectum,
2422 1532 2525 1585 sub
2557 1544 2664 1583 uno
2695 1538 2914 1598 pastore
2945 1527 3166 1582 Christo
3198 1543 3399 1597 agens,
3436 1546 3657 1598 unaque

2060 1623 2307 1679 Ecclesia
2338 1636 2432 1691 per
2463 1620 2746 1675 Christum
2780 1619 2872 1688 qui
2903 1618 3260 1673 interstitium
3294 1621 3544 1675 maceria:
3574 1624 3657 1676 di-

2060 1714 2193 1776 ruit,
2226 1713 2374 1781 quod
2422 1711 2585 1781 primi
2619 1710 2863 1779 parentis
2892 1709 3063 1763 Adam
3119 1710 3490 1765 inobedieutia
3520 1720 3656 1767 c'on—

2061 1814 2358 1861 struxerat.
2390 1808 2555 1859 Amen
2585 1818 2714 1859 vero
2748 1819 2813 1857 ex
2849 1803 3038 1872 lingua
3068 1802 3336 1858 llebraica
3377 1816 3655 1875 sumptum

372 1903 661 1974 Ἐὃραῖδος
686 1905 940 1974 εἴληπται
974 1906 1162 1975 φωνῆς
1185 1908 1278 1960 ἐπὶ
1315 1907 1510 1978 βεϐαίᾳ
1553 1907 1951 1975 συγκαταθέσει

2059 1909 2158 1965 est,
2200 1900 2266 1954 ad
2320 1899 2634 1952 ﬁrmitatem
2686 1896 3106 1966 approbatiouis
3151 1896 3473 1964 inductum,
3513 1914 3660 1952 cam-

361 1995 814 2065 προφερόμενον,
879 1997 1235 2068 ἰσοδυναμοῦν
1280 1998 1391 2069 τῷ,
1440 1998 1565 2063 ναὶ,
1616 2000 1815 2069 ἀληθὲς
1856 2000 1949 2053 καὶ

359 2090 807 2159 ἀμετακινήτως.

436 2179 547 2233 Kal
588 2183 641 2234 οί
679 2183 1089 2251 πρεσϐύτεροι.
1147 2185 1254 2237 Καὶ
1318 2186 1350 2256 ἡ
1395 2184 1505 2237 τῶν
1561 2186 1950 2257 πρεσὸυτέρων

362 2272 705 2336 ὐπόπτωσις,
756 2275 896 2343 μετὰ
933 2276 1041 2328 τῶν
1096 2277 1378 2347 τεσσάρων
1414 2276 1569 2341 ζώων
1612 2280 1792 2347 (ἅτινα
1835 2280 1949 2341 ζῶα

358 2361 527 2413 τίνων
562 2363 709 2414 ἐστὶν
744 2363 961 2431 εἴρηται
997 2367 1429 2435 ἀπεικάσματα),
1473 2368 1565 2420 καὶ
1594 2368 1643 2419 οί
1668 2386 1947 2438 χαρακτη-

363 2453 601 2519 ριστικοὶ
626 2452 718 2507 τοῦ
743 2454 855 2508 τῶν
880 2455 1204 2524 σωζομένων
1227 2457 1532 2527 ἀνθρώπων
1559 2459 1949 2529 πληρώματος,

358 2541 452 2593 διὰ
480 2542 580 2611 τῆς
610 2545 1034 2615 προσκυνήσεως
1065 2544 1277 2611 ἔδειξαν
1305 2548 1385 2600 ὅτι
1420 2547 1497 2618 τῷ
1524 2548 1717 2619 ’Δρνίῳ
1745 2551 1776 2621 ἡ
1804 2548 1953 2614 ἐξουι

364 2633 461 2686 σία
489 2634 630 2703 ὑπὲρ
667 2636 760 2688 τοῦ
807 2636 1079 2706 ὲσφάχθαι
1110 2637 1311 2692 δίδοται
1342 2638 1452 2693 τῶν
1486 2642 1825 2711 ἐπουρανίων
1860 2644 1953 2696 καὶ

355 2726 626 2793 ἐπιγείων
649 2728 744 2781 καὶ
775 2729 1167 2799 καταχθονίων,
1202 2732 1326 2785 ὅσον
1354 2732 1502 2785 ἔστιν
1524 2733 1690 2787 αὐτοῦ
1720 2734 1954 2789 ἀκοῦσαι

354 2819 477 2871 ἀπὸ
505 2820 601 2888 τῆς
630 2821 694 2873 ἐκ
722 2823 933 2892 νεκρῶν
959 2824 1312 2888 ἀναστάσεως
1332 2868 1347 2890 ,
1378 2826 1629 2895 λέγοντος
1648 2844 1662 2859 ·
1702 2846 1720 2880 ι
1766 2828 1953 2900 Ἐδόθη

360 2928 465 2980 μοι
502 2914 652 2965 πᾶσα
685 2913 903 2979 ἐξουσία
937 2918 996 2968 ὲν
1022 2916 1238 2988 οὐρανῷ
1268 2918 1361 2971 καὶ
1396 2919 1490 2972 ἐπὶ
1522 2920 1645 2989 γῆς.
1682 2939 1703 2974 i
1945 2938 1948 2940 '

971 3114 1217 3168 ΚΕΦΑΛ.
1262 3113 1359 3167 li".

2052 1991 2177 2046 dem
2217 1991 2426 2045 habens
2467 1989 2574 2042 vim
2622 2002 2788 2057 quam
2834 2001 2938 2051 nae,
2970 1985 3240 2055 profecto,
3277 1997 3425 2043 certe
3452 1999 3505 2043 et
3547 1990 3651 2043 im-

2053 2084 2411 2140 mutabiliter.

2138 2176 2208 2229 Et
2238 2177 2469 2230 seniores
2514 2172 2875 2243 prociderunt.
2912 2168 2979 2223 Et
3006 2171 3286 2223 seniorum
3328 2170 3651 2239 procubitus

2053 2269 2167 2321 sive
2194 2266 2460 2337 postratio
2488 2279 2593 2317 una
2625 2278 2750 2318 cum
2780 2270 3022 2332 quatuor
3042 2262 3375 2316 animalibus
3406 2264 3504 2334 (de
3531 2266 3655 2335 qui-

2055 2359 2158 2413 bus
2186 2357 2520 2412 animalibus
2546 2358 2753 2410 dictum
2794 2365 2879 2410 est
2919 2371 3156 2422 quorum
3198 2355 3385 2425 ﬁgura:
3420 2357 3570 2425 sint)
3602 2347 3657 2411 ιιι

2054 2451 2147 2519 qui
2190 2450 2481 2518 designant
2529 2449 2993 2517 complementum
3038 2448 3325 2500 hominum
3382 2448 3475 2517 qui
3512 2449 3651 2502 salvi

2060 2542 2215 2606 ﬁunt,
2279 2556 2375 2610 per
2424 2540 2803 2595 adoratiuuem
2876 2538 3244 2593 ostenderunt
3300 2542 3443 2608 quot
3491 2541 3652 2611 Agno

2058 2645 2345 2706 postquam
2390 2634 2611 2688 occisus
2655 2632 2757 2685 fuit
2793 2632 2955 2686 datur
3008 2638 3251 2700 potestas
3304 2622 3651 2695 caelestium,

2059 2728 2400 2783 terrestrium
2427 2734 2481 2779 et
2512 2725 2815 2781 inferorum
2847 2742 2859 2777 :
2887 2726 3354 2793 quemadmodum
3382 2734 3438 2779 et
3467 2725 3649 2795 ipsum

2058 2820 2248 2874 audire
2274 2833 2572 2888 possumus
2628 2819 2903 2871 dicentem
2944 2826 3233 2886 postquam
3282 2819 3587 2873 resurrexit
3623 2834 3658 2875 ι

2061 2917 2344 2970 mortuis:
2388 2934 2404 2963 ι
2450 2912 2582 2966 Data
2614 2919 2698 2967 est
2733 2912 2866 2966 mihi
2910 2911 3093 2965 omnis
3135 2922 3380 2981 potestas
3411 2911 3466 2965 in
3509 2913 3654 2969 cmlo

2060 3018 2115 3063 et
2144 3006 2197 3061 in
2230 3016 2378 3060 terra
2408 3005 2473 3057 ’⁸.
2512 3023 2530 3055 ›

2652 3115 2881 3171 CAPUT
2916 3116 3057 3169 ΧΙΙΙ.

359 3231 559 3294 Λύσις
593 3228 705 3296 τῆς
729 3229 967 3307 modith
1004 3229 1365 3307 σφραγῖδος,
1398 3229 1511 3295 τὴν
1536 3214 1953 3297 ἀτίσστολικὴν

2064 3234 2275 3291 Solutio
2315 3232 2478 3301 primi
2522 3230 2687 3301 sigilli
2740 3229 3025 3307 designans
3080 3228 3378 3282 doctrinam
3432 3244 3657 3300 aposto-

814 3299 1073 3368 διδαχὴν
1100 3300 1513 3368 σημαίνουσα.

443 3412 547 3466 Kal
577 3408 743 3465 εἶδον
774 3411 863 3464 ὅτι
909 3410 1121 3480 ἤνοιξε
1154 3411 1221 3465 τὸ
1276 3412 1502 3478 Ἃρνίον
1538 3414 1682 3481 μίαν
1721 3413 1790 3465 ἐκ
1836 3411 1955 3465 τῶν

358 3504 519 3559 ἑπτὰ
554 3504 902 3574 σφραγίδων
927 3522 943 3537 ·
992 3504 1090 3558 καί
1122 3505 1360 3573 ἥκουσα
1388 3504 1526 3569 ἐνὸς
1563 3505 1630 3557 ἐκ
1675 3505 1795 3557 τῶν
1822 3519 1954 3558 recr-

358 3594 572 3663 aa'pwr
599 3595 756 3655 ζώων
779 3596 1067 3665 λέγοντος
1096 3597 1176 3661 ὡς
1210 3597 1382 3665 φωνῇ
1411 3597 1666 3666 βροντῆς
1688 3616 1700 3626 ·
1731 3600 1953 3669 Ἔρχου

357 3689 465 3741 καί
507 3690 613 3743 ἴδε.
633 3690 742 3744 Kal
777 3688 1117 3760 ἰδοὺὲππος
1152 3691 1396 3757 λευκὸς,
1430 3692 1528 3744 καί
1557 3696 1588 3745 o'
1618 3693 1956 3761 καθήμενος

355 3783 458 3834 ἐπ’
491 3782 682 3835 αὐτὸν
714 3782 872 3851 ἔχων
910 3782 1111 3847 τόξον.
1162 3783 1269 3836 Kal
1314 3784 1495 3852 ἐδόθη
1531 3783 1693 3850 αὐτῷ
1734 3785 1952 3855 στέφα-

355 3892 495 3940 νος,
524 3874 621 3928 καί
650 3874 872 3941 ἐξῆλθε
895 3872 1099 3939 νικῶν,
1130 3875 1229 3929 καί
1260 3876 1359 3928 ἵνα
1389 3879 1634 3946 νικήσῃ.

441 3967 506 4019 El
539 3967 599 4019 τὸ
651 3967 1016 4035 ὲσφραγίσθαι
1063 3968 1123 4020 τὸ
1158 3966 1363 4037 βιϐλίον
1410 3970 1471 4021 τὸ
1504 3971 1954 4043 ἀπαρρησίαστον

354 4057 477 4109 τῶν
511 4059 567 4109 ὲν
598 4058 747 4128 αὐτῷ
782 4059 1191 4129 γεγραμμένων
1228 4060 1396 4130 δηλοῖ,
1428 4064 1521 4115 καὶ
1550 4064 1610 4116 τὸ
1641 4065 1953 4135 πεφράχθαι

359 4154 587 4208 πάντων
638 4155 696 4208 τὸ
748 4156 924 4224 στόμα
980 4156 1212 4209 ἐνώπιον
1251 4155 1345 4208 τοῦ
1394 4154 1532 4207 Θεοῦ
1590 4155 1723 4223 πρὸς
1774 4160 1955 4208 πᾶσαν

356 4247 737 4314 δικαιολογίαν
778 4247 919 4300 κατὰ
946 4247 1006 4300 τὺ
1037 4247 1331 4319 εἰρημένον
1365 4247 1422 4299 ὲν
1462 4249 1574 4310 τοῖς
1621 4246 1954 4316 ἔμπροσθεν,

358 4344 429 4392 το
462 4340 842 4410 προαιρεῖσθαι
876 4339 1016 4392 κατὰ
1052 4340 1245 4409 μικρὸν
1284 4338 1384 4401 τὰς
1418 4340 1748 4410 σψραγῖδας,
1781 4356 1953 4391 κατα-

363 4431 538 4501 μέρος
583 4430 928 4499 ἐπανάληψιν
986 4431 1307 4501 σημαίνοιεν
1357 4431 1424 4483 ἂν
1494 4430 1593 4499 τῆς
1641 4430 1776 4500 πρὸς
1822 4430 1955 4483 Θεὸν

360 4520 685 4590 παρρησίας
745 4521 841 4573 καὶ
897 4520 1266 4590 οἰκειότητος,
1305 4519 1372 4589 ἣν
1427 4516 1787 4589 προεξένησεν
1823 4521 1955 4589 ἡμῖν

2762 3302 2940 3352 licam.

2146 3419 2237 3481 Vi,
2282 3421 2333 3485 1,
2367 3418 2421 3473 Ξ.
2470 3417 2540 3471 Et
2584 3416 2693 3470 vidi
2724 3415 2864 3487 quod
2893 3416 3155 3482 aperuerit
3183 3415 3361 3484 Agnus
3394 3433 3557 3469 unum
3589 3433 3655 3471 ea:

2057 3524 2252 3582 septem
2280 3513 2493 3583 sigillis;
2521 3520 2569 3565 et
2593 3510 2778 3563 audivi
2808 3526 2971 3562 unum
3005 3526 3032 3563 e
3068 3518 3300 3579 quatuor
3329 3510 3655 3563 animalibus

2057 3607 2236 3659 dicens
2285 3614 2535 3673 tanquam
2588 3618 2709 3657 voce
2748 3601 2971 3654 tonitrui
2997 3617 3014 3652 :
3062 3599 3186 3652 Veni
3209 3611 3255 3653 et
3280 3601 3413 3653 ride.
3446 3599 3517 3653 Et
3538 3618 3655 3655 εει-ε

2057 3714 2219 3767 equus
2279 3696 2429 3749 albus
2452 3737 2466 3760 ,
2499 3706 2547 3749 et
2591 3695 2682 3765 qui
2722 3693 2933 3747 sedebat
2968 3709 3125 3762 super
3156 3709 3274 3745 eum
3306 3692 3527 3746 habebat
3559 3711 3650 3747 ar-

2059 3806 2201 3855 cum,
2236 3798 2285 3841 et
2318 3790 2445 3841 data
2476 3798 2551 3841 est
2590 3788 2639 3841 ei
2664 3802 2861 3841 corona
2889 3800 2907 3837 :
2943 3793 2991 3838 et
3034 3785 3193 3838 exivit
3242 3785 3471 3850 vincens,
3508 3795 3555 3838 et
3597 3795 3654 3838 ut

2060 3886 2303 3938 vinceret.

2138 3975 2195 4029 Si
2234 3975 2508 4043 signatum
2549 3987 2669 4028 esse
2722 3972 2925 4026 librum
2962 3970 3236 4041 signiﬁcat
3271 3985 3378 4026 non
3423 3985 3545 4025 esse
3592 3969 3655 4023 li-

2061 4068 2254 4122 berum
2289 4067 2473 4121 dicere
2503 4081 2625 4135 qua:
2660 4064 2714 4117 in
2759 4064 2880 4133 ipso
2932 4063 3139 4133 scripta
3180 4071 3329 4130 sunt;
3361 4071 3415 4115 et
3464 4062 3653 4117 clausa

2060 4175 2184 4214 esse
2223 4159 2470 4212 omnium
2505 4172 2600 4211 ora
2635 4171 2821 4211 coram
2866 4155 2999 4221 Deo,
3029 4165 3084 4207 et
3114 4154 3179 4208 ad
3216 4168 3436 4207 omnem
3469 4168 3654 4207 causae

2060 4249 2457 4313 defensionem,
2495 4247 2653 4312 juxta
2703 4262 2766 4299 ea
2821 4260 2944 4314 qua:
2985 4244 3039 4297 in
3090 4242 3470 4313 superioribus
3506 4243 3652 4297 dicta

2062 4346 2236 4391 sunt:
2273 4335 2537 4406 paulatim
2565 4344 2716 4389 certe
2754 4332 2954 4401 aperiri
2989 4333 3168 4401 sigilla
3206 4330 3517 4401 signiﬁcare
3553 4347 3655 4403 po-

2060 4438 2168 4484 test
2216 4428 2413 4482 fartam
2458 4428 2662 4482 sensim
2716 4424 3148 4481 sublevationem
3194 4425 3245 4478 in
3285 4424 3540 4479 libertate
3586 4440 3652 4479 ac

2064 4521 2434 4575 familiaritate
2472 4536 2601 4591 erga
2646 4518 2854 4584 Deum,
2915 4534 3081 4587 quam
3134 4517 3296 4573 nobis
3338 4519 3653 4573 conciliavit

359 4612 527 4664 ἐνανθ
537 4615 797 4683 ρωπήσας
820 4614 847 4663 ὁ
868 4613 1183 4683 Μονογενὴς
1204 4613 1314 4675 τοῖς
1330 4612 1551 4674 οἰκείοις
1572 4610 1953 4682 κατορθώμασι

2070 4612 2397 4684 Unigeuitus
2428 4613 2772 4675 incarnatus,
2800 4611 2917 4666 suis
2951 4610 3217 4680 operibus
3253 4619 3437 4664 nostra
3475 4611 3653 4666 corri-

358 4704 465 4766 τὰς
500 4704 775 4774 ἡμετέρας
819 4704 1227 4775 ὲπανωρθώσας
1265 4702 1666 4774 πλημμελείας.
1714 4705 1957 4759 Κάντεῦ-

362 4792 460 4844 θεν
495 4791 551 4844 δὲ
592 4794 625 4861 ὴ
675 4793 784 4847 τῶν
836 4793 895 4845 ὲν
929 4793 1179 4863 οὐρανοῖς
1212 4793 1436 4859 εὐταξία
1484 4793 1846 4863 σημαίνεται,
1893 4796 1956 4847 ἐκ

361 4884 479 4936 τῶν
514 4885 747 4955 πρώτων
777 4885 985 4949 τάξεων
1025 4888 1104 4948 εἰς
1138 4886 1204 4939 τὰ
1249 4886 1479 4955 δεύτερα
1530 4888 1954 4943 καταϐαίνουσα.

361 4976 458 5026 Διὸ
482 4976 546 5027 ἐκ
579 4975 689 5028 τῶν
724 4979 1008 5049 τεσσάρων
1038 4979 1191 5042 ζώων
1216 4978 1335 5043 ἐνὸς
1369 4979 1463 5033 τοῦ
1502 4978 1796 5048 προσώπου
1817 5022 1831 5045 ,
1865 4982 1957 5034 τοῦ

360 5068 582 5132 λέοντος
643 5070 887 5141 δηλαδὴ,
947 5070 1048 5141 τὴν
1102 5070 1329 5142 πρώτην
1383 5072 1715 5141 γεγενῆσθαι
1773 5075 1959 5143 φωνὴν

355 5164 617 5232 ἧκουσεν,
650 5165 1083 5236 ἐγκελευομένην
1117 5166 1197 5231 τὸ,
1233 5166 1477 5235 Ἔρχου.
1515 5168 1740 5237 Ἔρχου
1773 5168 1847 5231 δὲ,
1878 5168 1955 5237 τῷ

356 5256 461 5328 τὴν
489 5258 761 5312 ὀπτασίαν
806 5259 1103 5314 διατυποῦν
1133 5259 1503 5326 αἰνίττεσθαι,
1535 5260 1708 5323 οὓτως
1743 5260 1953 5331 Οεωμὲ-

357 5368 453 5403 νου
497 5350 595 5405 τοῦ
625 5351 928 5406 ἀποστόλου
976 5353 1074 5423 τὴν
1110 5354 1397 5417 ὀπτασίαν,
1429 5354 1748 5408 ἀναθετέον.
1790 5356 1863 5408 Τὸ
1893 5356 1949 5409 δὲ

359 5443 582 5514 πρῶτον
630 5443 770 5508 ζῶον
811 5446 839 5498 ὁ
880 5444 1019 5499 λέων
1055 5445 1343 5516 ἐμφαίνειν
1397 5463 1486 5516 μοι
1528 5446 1764 5500 δοκεῖτὸ
1794 5445 1945 5516 βασι-

354 5534 515 5587 λικὸν
549 5532 658 5588 τῶν
699 5536 1015 5589 ἀποστόλων
1061 5536 1319 5608 φρόνημα
1358 5538 1498 5591 κατὰ
1527 5536 1815 5607 δαιμόνων.
1857 5538 1948 5591 Διὸ

358 5627 599 5699 εἴρηται·
652 5649 671 5681 ι
728 5631 788 5681 ΟΞ
820 5629 1061 5699 βασιλεῖς
1104 5633 1203 5701 τῆς
1246 5630 1349 5700 γῆς
1380 5630 1757 5701 συνήχθησαν·
1796 5651 1815 5684 ι
1855 5632 1949 5684 καὶ

356 5718 418 5772 τό
442 5735 454 5748 ·
496 5737 513 5768 ι
563 5719 947 5789 Καταστήσεις
974 5720 1171 5783 αὐτοὺς
1196 5720 1465 5789 ἄρχοντας
1508 5722 1596 5772 ἐπὶ
1634 5724 1815 5775 πᾶσαν
1850 5721 1948 5791 τὴν

434 5879 481 5909 ³⁸
510 5875 702 5932 Matth.
745 5890 938 5940 xxviii,
971 5876 1054 5932 l8.
1145 5877 1188 5906 ’⁷
1229 5875 1372 5930 l’sal.
1406 5894 1574 5941 um,
1612 5880 1665 5933 7.

687 5969 960 6029 Parnm.
1007 5970 1120 6028 Gn.
1166 5968 1309 6030 (ZVI.

2056 4722 2189 4777 gens
2239 4707 2463 4761 delicta.
2510 4705 2782 4761 Prmtcrea
2834 4721 3057 4777 quoque
3108 4705 3456 4773 signiﬁcatur
3524 4706 3656 4761 hinc

2057 4800 2279 4854 debitus
2334 4800 2531 4853 modus
2584 4808 2836 4854 servatus
2885 4799 2937 4853 in
2976 4799 3320 4865 caelestibus,
3370 4814 3399 4852 a
3461 4800 3656 4869 primis

2060 4892 2351 4947 ordinibus
2386 4893 2450 4945 ad
2489 4893 2762 4947 secundos
2795 4892 3158 4947 descendens.
3206 4890 3414 4947 Idcirco
3447 4893 3515 4945 ab
3545 4908 3656 4947 uno

2059 4995 2295 5053 quatuor
2350 4986 2697 5048 animalium,
2737 4985 2877 5039 facie
2938 4985 3189 5040 \‘idt'iiCCl
3244 4984 3439 5049 leonis,
3492 4985 3651 5056 701

2061 5078 2296 5145 primam
2336 5091 2524 5131 vocem
2554 5078 2755 5131 editam
2788 5074 2961 5132 fuisse
3011 5077 3242 5138 audivit,
3281 5091 3388 5145 qua
3417 5076 3655 5144 jubeba-

2068 5180 2177 5234 tur,
2224 5171 2373 5225 Vem'.
2418 5169 2783 5225 Iit-ferendum
2838 5180 2920 5225 est
2976 5180 3157 5223 autem
3216 5167 3344 5222 Veni
3398 5168 3463 5221 ad
3520 5168 3656 5222 insi-

2064 5264 2347 5318 nuandum
2392 5262 2893 5334 prmﬁguralionem
2934 5260 3187 5325 visionis,
3230 5275 3357 5314 cum
3402 5260 3475 5313 ita
3520 5276 3653 5313 cou-

2060 5354 2302 5424 spexerit
2334 5351 2623 5423 apostolus
2662 5352 2955 5406 visionem.
2993 5348 3239 5403 Primum
3276 5364 3407 5403 vero
3446 5348 3650 5404 animal

2058 5445 2204 5515 quod
2285 5453 2369 5500 est
2415 5444 2501 5499 leo
2549 5444 2857 5516 signiﬁcare
2933 5442 3069 5497 mihi
3153 5440 3369 5496 videtur
3433 5441 3646 5511 regiam

2059 5538 2436 5609 apostolorum
2473 5538 2740 5593 adversus
2775 5539 3055 5591 daemones
3098 5534 3489 5591 constantiam.
3525 5533 3650 5589 Ide.

2060 5631 2267 5686 dictum
2296 5640 2374 5685 est
2402 5647 2416 5683 :
2444 5649 2462 5681 ι
2503 5629 2677 5701 Reges
2714 5638 2873 5684 terra!
2905 5627 3222 5700 congregati
3260 5638 3391 5682 sunt
3420 5626 3504 5689 "’;
3544 5644 3562 5678 ι
3598 5639 3655 5682 et

2064 5722 2191 5777 alibi
2218 5742 2228 5775 :
2260 5741 2276 5774 ι
2303 5722 2623 5778 Coustitues
2660 5738 2755 5777 eos
2785 5723 3063 5792 principes
3091 5734 3258 5789 super
3288 5732 3507 5775 omnem
3542 5726 3652 5773 lcr-

3180 5975 3255 6033 19
