  <div class='ocr_page' id='page_1' title='image "/cluster/home/n/w/nwhite01/storage/ocr_20150623/106/coo.31924054870104/305.png"; bbox 0 0 4110 6456; ppageno 0'>
   <div class='ocr_carea' id='block_1_1' title="bbox 459 412 566 478">
    <p class='ocr_par' dir='ltr' id='par_1_1' title="bbox 459 412 566 478">
     <span class='ocr_line' id='line_1_1' title="bbox 459 412 566 478; baseline -0.028 0"><span class='ocrx_word' id='word_1_1' title='bbox 459 412 566 478; x_wconf 73' lang='grc' dir='ltr'><strong>’ἶὸθί</strong></span> 
     </span>
    </p>
   </div>
   <div class='ocr_carea' id='block_1_2' title="bbox 1300 403 2924 468">
    <p class='ocr_par' dir='ltr' id='par_1_2' title="bbox 1300 403 2924 468">
     <span class='ocr_line' id='line_1_2' title="bbox 1300 403 2924 468; baseline -0.003 -1"><span class='ocrx_word' id='word_1_2' title='bbox 1300 407 1627 467; x_wconf 62' lang='lat' dir='ltr'><strong>ARETHEE</strong></span> <span class='ocrx_word' id='word_1_3' title='bbox 1660 407 2038 468; x_wconf 56' lang='lat' dir='ltr'><strong>C/ESAREEE</strong></span> <span class='ocrx_word' id='word_1_4' title='bbox 2072 405 2553 467; x_wconf 79' lang='lat' dir='ltr'><strong>CAPPADOC&#39;l/E</strong></span> <span class='ocrx_word' id='word_1_5' title='bbox 2588 403 2924 465; x_wconf 85' lang='lat' dir='ltr'><strong>EPISCOPI</strong></span> 
     </span>
    </p>
   </div>
   <div class='ocr_carea' id='block_1_3' title="bbox 3616 402 3729 466">
    <p class='ocr_par' dir='ltr' id='par_1_3' title="bbox 3616 402 3729 466">
     <span class='ocr_line' id='line_1_3' title="bbox 3616 402 3729 466; baseline 0 0"><span class='ocrx_word' id='word_1_6' title='bbox 3616 402 3729 466; x_wconf 72' lang='lat'><strong>592</strong></span> 
     </span>
    </p>
   </div>
   <div class='ocr_carea' id='block_1_4' title="bbox 473 502 2056 585">
    <p class='ocr_par' dir='ltr' id='par_1_4' title="bbox 473 513 2028 585">
     <span class='ocr_line' id='line_1_4' title="bbox 473 513 2028 585; baseline -0.005 -9"><span class='ocrx_word' id='word_1_7' title='bbox 473 524 602 585; x_wconf 88' lang='lat' dir='ltr'><strong>Deo,</strong></span> <span class='ocrx_word' id='word_1_8' title='bbox 625 518 902 574; x_wconf 75' lang='lat' dir='ltr'><strong>dicentes:</strong></span> <span class='ocrx_word' id='word_1_9' title='bbox 932 533 949 567; x_wconf 78' lang='grc' dir='ltr'><strong>ι</strong></span> <span class='ocrx_word' id='word_1_10' title='bbox 976 513 1176 571; x_wconf 80' lang='lat' dir='ltr'><strong>Fecisti</strong></span> <span class='ocrx_word' id='word_1_11' title='bbox 1206 513 1475 584; x_wconf 79' lang='lat' dir='ltr'><strong>judicium</strong></span> <span class='ocrx_word' id='word_1_12' title='bbox 1505 529 1686 569; x_wconf 87' lang='lat' dir='ltr'><strong>meum</strong></span> <span class='ocrx_word' id='word_1_13' title='bbox 1727 525 1777 569; x_wconf 92' lang='lat' dir='ltr'><strong>et</strong></span> <span class='ocrx_word' id='word_1_14' title='bbox 1808 530 2028 570; x_wconf 87' lang='lat' dir='ltr'><strong>causam</strong></span> 
     </span>
    </p>
   </div>
   <div class='ocr_carea' id='block_1_5' title="bbox 2131 502 3730 585">
    <p class='ocr_par' dir='ltr' id='par_1_5' title="bbox 2141 502 3730 584">
     <span class='ocr_line' id='line_1_5' title="bbox 2141 502 3730 584; baseline 0 -17"><span class='ocrx_word' id='word_1_15' title='bbox 2141 514 2379 578; x_wconf 82' lang='grc' dir='ltr'>σιᾶσθαι,</span> <span class='ocrx_word' id='word_1_16' title='bbox 2430 516 2488 567; x_wconf 87' lang='grc' dir='ltr'>ὲν</span> <span class='ocrx_word' id='word_1_17' title='bbox 2538 513 2615 583; x_wconf 81' lang='grc' dir='ltr'>τῷ</span> <span class='ocrx_word' id='word_1_18' title='bbox 2654 512 2913 580; x_wconf 82' lang='grc' dir='ltr'><strong>φάσκειν·</strong></span> <span class='ocrx_word' id='word_1_19' title='bbox 2969 527 2987 561; x_wconf 78' lang='grc' dir='ltr'><strong>ι</strong></span> <span class='ocrx_word' id='word_1_20' title='bbox 3025 502 3321 581; x_wconf 77' lang='grc' dir='ltr'>Ἑποίησας</span> <span class='ocrx_word' id='word_1_21' title='bbox 3374 512 3476 583; x_wconf 83' lang='grc' dir='ltr'>τὴν</span> <span class='ocrx_word' id='word_1_22' title='bbox 3533 514 3730 584; x_wconf 78' lang='grc' dir='ltr'><strong>κρίσιν</strong></span> 
     </span>
    </p>
   </div>
   <div class='ocr_carea' id='block_1_6' title="bbox 454 609 800 668">
    <p class='ocr_par' dir='ltr' id='par_1_6' title="bbox 454 609 800 668">
     <span class='ocr_line' id='line_1_6' title="bbox 454 609 800 668; baseline -0.009 -1"><span class='ocrx_word' id='word_1_23' title='bbox 454 626 647 668; x_wconf 85' lang='lat' dir='ltr'><strong>meam</strong></span> <span class='ocrx_word' id='word_1_24' title='bbox 673 609 743 664; x_wconf 84' lang='grc'><strong>³³.</strong></span> <span class='ocrx_word' id='word_1_25' title='bbox 781 626 800 661; x_wconf 74' lang='grc' dir='ltr'><strong>ι</strong></span> 
     </span>
    </p>
   </div>
   <div class='ocr_carea' id='block_1_7' title="bbox 538 695 2034 766">
    <p class='ocr_par' dir='ltr' id='par_1_7' title="bbox 538 695 2034 766">
     <span class='ocr_line' id='line_1_7' title="bbox 538 695 2034 766; baseline -0.003 -9"><span class='ocrx_word' id='word_1_26' title='bbox 538 700 756 757; x_wconf 73' lang='lat' dir='ltr'><strong>Chmnix</strong></span> <span class='ocrx_word' id='word_1_27' title='bbox 780 699 954 752; x_wconf 74' lang='lat' dir='ltr'><strong>lriciti</strong></span> <span class='ocrx_word' id='word_1_28' title='bbox 995 696 1232 751; x_wconf 72' lang='lat' dir='ltr'><strong>derrario.</strong></span> <span class='ocrx_word' id='word_1_29' title='bbox 1269 695 1531 750; x_wconf 85' lang='lat' dir='ltr'><strong>Triticum</strong></span> <span class='ocrx_word' id='word_1_30' title='bbox 1555 712 1760 766; x_wconf 82' lang='lat' dir='ltr'><strong>magno</strong></span> <span class='ocrx_word' id='word_1_31' title='bbox 1803 697 2034 754; x_wconf 87' lang='lat' dir='ltr'><strong>distrahi</strong></span> 
     </span>
    </p>
   </div>
   <div class='ocr_carea' id='block_1_8' title="bbox 456 789 2038 857">
    <p class='ocr_par' dir='ltr' id='par_1_8' title="bbox 456 789 2038 857">
     <span class='ocr_line' id='line_1_8' title="bbox 456 789 2038 857; baseline -0.003 -8"><span class='ocrx_word' id='word_1_32' title='bbox 456 795 667 849; x_wconf 69' lang='lat' dir='ltr'><strong>futura:</strong></span> <span class='ocrx_word' id='word_1_33' title='bbox 693 792 855 846; x_wconf 81' lang='lat' dir='ltr'><strong>famis</strong></span> <span class='ocrx_word' id='word_1_34' title='bbox 902 790 1119 857; x_wconf 87' lang='lat' dir='ltr'><strong>signum</strong></span> <span class='ocrx_word' id='word_1_35' title='bbox 1165 797 1269 851; x_wconf 84' lang='lat' dir='ltr'><strong>est,</strong></span> <span class='ocrx_word' id='word_1_36' title='bbox 1301 803 1423 857; x_wconf 73' lang='lat' dir='ltr'><strong>qua:</strong></span> <span class='ocrx_word' id='word_1_37' title='bbox 1452 789 1617 842; x_wconf 86' lang='lat' dir='ltr'><strong>etiam</strong></span> <span class='ocrx_word' id='word_1_38' title='bbox 1666 789 1808 843; x_wconf 78' lang='lat' dir='ltr'><strong>facta</strong></span> <span class='ocrx_word' id='word_1_39' title='bbox 1840 800 1944 852; x_wconf 88' lang='lat' dir='ltr'><strong>est,</strong></span> <span class='ocrx_word' id='word_1_40' title='bbox 1978 800 2038 845; x_wconf 87' lang='lat' dir='ltr'><strong>ut</strong></span> 
     </span>
    </p>
   </div>
   <div class='ocr_carea' id='block_1_9' title="bbox 462 876 2034 949">
    <p class='ocr_par' dir='ltr' id='par_1_9' title="bbox 462 876 2034 949">
     <span class='ocr_line' id='line_1_9' title="bbox 462 876 2034 949; baseline -0.005 -10"><span class='ocrx_word' id='word_1_41' title='bbox 462 886 521 938; x_wconf 89' lang='lat' dir='ltr'><strong>in</strong></span> <span class='ocrx_word' id='word_1_42' title='bbox 546 881 899 949; x_wconf 78' lang='lat' dir='ltr'><strong>sequentibus</strong></span> <span class='ocrx_word' id='word_1_43' title='bbox 922 879 1158 932; x_wconf 89' lang='lat' dir='ltr'><strong>dicetur.</strong></span> <span class='ocrx_word' id='word_1_44' title='bbox 1187 876 1349 947; x_wconf 70' lang='grc'><strong>704</strong></span> <span class='ocrx_word' id='word_1_45' title='bbox 1374 877 1556 933; x_wconf 83' lang='lat' dir='ltr'><strong>Potest</strong></span> <span class='ocrx_word' id='word_1_46' title='bbox 1582 887 1763 931; x_wconf 88' lang='lat' dir='ltr'><strong>autem</strong></span> <span class='ocrx_word' id='word_1_47' title='bbox 1794 881 2034 932; x_wconf 90' lang='lat' dir='ltr'><strong>triticum</strong></span> 
     </span>
    </p>
   </div>
   <div class='ocr_carea' id='block_1_10' title="bbox 465 970 2035 1040">
    <p class='ocr_par' dir='ltr' id='par_1_10' title="bbox 465 970 2035 1040">
     <span class='ocr_line' id='line_1_10' title="bbox 465 970 2035 1040; baseline -0.002 -12"><span class='ocrx_word' id='word_1_48' title='bbox 465 973 747 1029; x_wconf 92' lang='lat' dir='ltr'><strong>moraliter</strong></span> <span class='ocrx_word' id='word_1_49' title='bbox 778 986 874 1026; x_wconf 92' lang='lat' dir='ltr'><strong>eos</strong></span> <span class='ocrx_word' id='word_1_50' title='bbox 905 971 1196 1039; x_wconf 75' lang='lat' dir='ltr'><strong>designare</strong></span> <span class='ocrx_word' id='word_1_51' title='bbox 1227 970 1319 1037; x_wconf 92' lang='lat' dir='ltr'><strong>qui</strong></span> <span class='ocrx_word' id='word_1_52' title='bbox 1353 970 1593 1040; x_wconf 79' lang='lat' dir='ltr'><strong>legitime</strong></span> <span class='ocrx_word' id='word_1_53' title='bbox 1624 980 1844 1040; x_wconf 85' lang='lat' dir='ltr'><strong>propter</strong></span> <span class='ocrx_word' id='word_1_54' title='bbox 1872 971 2035 1025; x_wconf 87' lang='lat' dir='ltr'><strong>Chri-</strong></span> 
     </span>
    </p>
   </div>
   <div class='ocr_carea' id='block_1_11' title="bbox 468 1060 2035 1131">
    <p class='ocr_par' dir='ltr' id='par_1_11' title="bbox 468 1060 2035 1131">
     <span class='ocr_line' id='line_1_11' title="bbox 468 1060 2035 1131; baseline -0.003 -10"><span class='ocrx_word' id='word_1_55' title='bbox 468 1076 612 1121; x_wconf 86' lang='lat' dir='ltr'><strong>stum</strong></span> <span class='ocrx_word' id='word_1_56' title='bbox 653 1073 1021 1120; x_wconf 86' lang='lat' dir='ltr'><strong>certavcrunt,</strong></span> <span class='ocrx_word' id='word_1_57' title='bbox 1057 1060 1341 1130; x_wconf 86' lang='lat' dir='ltr'><strong>quietiam</strong></span> <span class='ocrx_word' id='word_1_58' title='bbox 1384 1061 1609 1115; x_wconf 86' lang='lat' dir='ltr'><strong>denario</strong></span> <span class='ocrx_word' id='word_1_59' title='bbox 1640 1062 1787 1131; x_wconf 81' lang='lat' dir='ltr'><strong>digni</strong></span> <span class='ocrx_word' id='word_1_60' title='bbox 1831 1062 2035 1117; x_wconf 81' lang='lat' dir='ltr'><strong>inventi</strong></span> 
     </span>
    </p>
   </div>
   <div class='ocr_carea' id='block_1_12' title="bbox 468 1151 2036 1224">
    <p class='ocr_par' dir='ltr' id='par_1_12' title="bbox 468 1151 2036 1224">
     <span class='ocr_line' id='line_1_12' title="bbox 468 1151 2036 1224; baseline -0.001 -13"><span class='ocrx_word' id='word_1_61' title='bbox 468 1162 617 1221; x_wconf 88' lang='lat' dir='ltr'><strong>sunt,</strong></span> <span class='ocrx_word' id='word_1_62' title='bbox 647 1162 838 1224; x_wconf 78' lang='lat' dir='ltr'><strong>utpote</strong></span> <span class='ocrx_word' id='word_1_63' title='bbox 886 1153 1028 1207; x_wconf 68' lang='lat' dir='ltr'><strong>data:</strong></span> <span class='ocrx_word' id='word_1_64' title='bbox 1064 1151 1167 1206; x_wconf 81' lang='lat' dir='ltr'><strong>sibi</strong></span> <span class='ocrx_word' id='word_1_65' title='bbox 1212 1152 1409 1206; x_wconf 71' lang='lat' dir='ltr'><strong>divinae</strong></span> <span class='ocrx_word' id='word_1_66' title='bbox 1448 1153 1700 1223; x_wconf 81' lang='lat' dir='ltr'><strong>imaginis</strong></span> <span class='ocrx_word' id='word_1_67' title='bbox 1748 1153 2036 1223; x_wconf 77' lang='lat' dir='ltr'><strong>diligentes</strong></span> 
     </span>
    </p>
   </div>
   <div class='ocr_carea' id='block_1_13' title="bbox 463 1241 2036 1302">
    <p class='ocr_par' dir='ltr' id='par_1_13' title="bbox 463 1241 2036 1302">
     <span class='ocr_line' id='line_1_13' title="bbox 463 1241 2036 1302; baseline -0.002 0"><span class='ocrx_word' id='word_1_68' title='bbox 463 1246 847 1302; x_wconf 83' lang='lat' dir='ltr'><strong>observatores</strong></span> <span class='ocrx_word' id='word_1_69' title='bbox 890 1242 1120 1298; x_wconf 80' lang='lat' dir='ltr'><strong>ostensi.</strong></span> <span class='ocrx_word' id='word_1_70' title='bbox 1159 1241 1296 1297; x_wconf 88' lang='lat' dir='ltr'><strong>Tres</strong></span> <span class='ocrx_word' id='word_1_71' title='bbox 1328 1258 1458 1297; x_wconf 79' lang='lat' dir='ltr'><strong>vero</strong></span> <span class='ocrx_word' id='word_1_72' title='bbox 1490 1245 1768 1299; x_wconf 79' lang='lat' dir='ltr'><strong>chamices</strong></span> <span class='ocrx_word' id='word_1_73' title='bbox 1803 1246 1917 1300; x_wconf 82' lang='lat' dir='ltr'><strong>sive</strong></span> <span class='ocrx_word' id='word_1_74' title='bbox 1949 1261 2036 1299; x_wconf 54' lang='lat' dir='ltr'><strong>se.</strong></span> 
     </span>
    </p>
   </div>
   <div class='ocr_carea' id='block_1_14' title="bbox 463 1336 2038 1405">
    <p class='ocr_par' dir='ltr' id='par_1_14' title="bbox 463 1336 2038 1405">
     <span class='ocr_line' id='line_1_14' title="bbox 463 1336 2038 1405; baseline -0.001 -13"><span class='ocrx_word' id='word_1_75' title='bbox 463 1337 726 1393; x_wconf 90' lang='lat' dir='ltr'><strong>mimodia</strong></span> <span class='ocrx_word' id='word_1_76' title='bbox 777 1336 966 1390; x_wconf 85' lang='lat' dir='ltr'><strong>hordei</strong></span> <span class='ocrx_word' id='word_1_77' title='bbox 1028 1350 1121 1388; x_wconf 90' lang='lat' dir='ltr'><strong>eos</strong></span> <span class='ocrx_word' id='word_1_78' title='bbox 1188 1337 1503 1404; x_wconf 84' lang='lat' dir='ltr'><strong>designant,</strong></span> <span class='ocrx_word' id='word_1_79' title='bbox 1559 1336 1653 1405; x_wconf 86' lang='lat' dir='ltr'><strong>qui</strong></span> <span class='ocrx_word' id='word_1_80' title='bbox 1705 1351 1827 1389; x_wconf 91' lang='lat' dir='ltr'><strong>cum</strong></span> <span class='ocrx_word' id='word_1_81' title='bbox 1887 1350 2038 1391; x_wconf 87' lang='lat' dir='ltr'><strong>more</strong></span> 
     </span>
    </p>
   </div>
   <div class='ocr_carea' id='block_1_15' title="bbox 461 1426 2036 1497">
    <p class='ocr_par' dir='ltr' id='par_1_15' title="bbox 461 1426 2036 1497">
     <span class='ocr_line' id='line_1_15' title="bbox 461 1426 2036 1497; baseline -0.003 -14"><span class='ocrx_word' id='word_1_82' title='bbox 461 1430 750 1483; x_wconf 89' lang='lat' dir='ltr'><strong>brutorum</strong></span> <span class='ocrx_word' id='word_1_83' title='bbox 779 1444 845 1481; x_wconf 80' lang='lat' dir='ltr'><strong>ex</strong></span> <span class='ocrx_word' id='word_1_84' title='bbox 872 1427 1043 1481; x_wconf 88' lang='lat' dir='ltr'><strong>animi</strong></span> <span class='ocrx_word' id='word_1_85' title='bbox 1079 1426 1534 1496; x_wconf 80' lang='lat' dir='ltr'><strong>pu~iltanimitate</strong></span> <span class='ocrx_word' id='word_1_86' title='bbox 1563 1437 1618 1481; x_wconf 87' lang='lat' dir='ltr'><strong>et</strong></span> <span class='ocrx_word' id='word_1_87' title='bbox 1646 1426 1861 1497; x_wconf 83' lang='lat' dir='ltr'><strong>ignavia</strong></span> <span class='ocrx_word' id='word_1_88' title='bbox 1889 1426 2036 1494; x_wconf 83' lang='lat' dir='ltr'><strong>judi-</strong></span> 
     </span>
    </p>
   </div>
   <div class='ocr_carea' id='block_1_16' title="bbox 457 1518 2035 1587">
    <p class='ocr_par' dir='ltr' id='par_1_16' title="bbox 457 1518 2035 1587">
     <span class='ocr_line' id='line_1_16' title="bbox 457 1518 2035 1587; baseline 0 -14"><span class='ocrx_word' id='word_1_89' title='bbox 457 1519 618 1574; x_wconf 84' lang='lat' dir='ltr'><strong>cibus</strong></span> <span class='ocrx_word' id='word_1_90' title='bbox 648 1519 1108 1581; x_wconf 81' lang='lat' dir='ltr'><strong>succubuissent,</strong></span> <span class='ocrx_word' id='word_1_91' title='bbox 1140 1519 1255 1586; x_wconf 89' lang='lat' dir='ltr'><strong>pari</strong></span> <span class='ocrx_word' id='word_1_92' title='bbox 1311 1518 1473 1571; x_wconf 91' lang='lat' dir='ltr'><strong>modo</strong></span> <span class='ocrx_word' id='word_1_93' title='bbox 1511 1519 1861 1587; x_wconf 83' lang='lat' dir='ltr'><strong>postmodum</strong></span> <span class='ocrx_word' id='word_1_94' title='bbox 1899 1519 2035 1574; x_wconf 79' lang='lat' dir='ltr'><strong>resi-</strong></span> 
     </span>
    </p>
   </div>
   <div class='ocr_carea' id='block_1_17' title="bbox 462 1608 2030 1679">
    <p class='ocr_par' dir='ltr' id='par_1_17' title="bbox 462 1608 2030 1679">
     <span class='ocr_line' id='line_1_17' title="bbox 462 1608 2030 1679; baseline -0.001 -17"><span class='ocrx_word' id='word_1_95' title='bbox 462 1611 754 1678; x_wconf 86' lang='lat' dir='ltr'><strong>piscenles,</strong></span> <span class='ocrx_word' id='word_1_96' title='bbox 808 1609 1086 1663; x_wconf 80' lang='lat' dir='ltr'><strong>sordidam</strong></span> <span class='ocrx_word' id='word_1_97' title='bbox 1124 1608 1363 1662; x_wconf 88' lang='lat' dir='ltr'><strong>animam</strong></span> <span class='ocrx_word' id='word_1_98' title='bbox 1412 1608 1668 1679; x_wconf 79' lang='lat' dir='ltr'><strong>lacrymis</strong></span> <span class='ocrx_word' id='word_1_99' title='bbox 1715 1611 2030 1663; x_wconf 89' lang='lat' dir='ltr'><strong>ahluerunt.</strong></span> 
     </span>
    </p>
   </div>
   <div class='ocr_carea' id='block_1_18' title="bbox 464 1700 2033 1771">
    <p class='ocr_par' dir='ltr' id='par_1_18' title="bbox 464 1700 2033 1771">
     <span class='ocr_line' id='line_1_18' title="bbox 464 1700 2033 1771; baseline 0 -17"><span class='ocrx_word' id='word_1_100' title='bbox 464 1700 634 1755; x_wconf 84' lang='lat' dir='ltr'><strong>Porro</strong></span> <span class='ocrx_word' id='word_1_101' title='bbox 689 1711 802 1755; x_wconf 91' lang='lat' dir='ltr'><strong>tres</strong></span> <span class='ocrx_word' id='word_1_102' title='bbox 852 1700 905 1754; x_wconf 89' lang='lat' dir='ltr'><strong>hi</strong></span> <span class='ocrx_word' id='word_1_103' title='bbox 953 1700 1234 1754; x_wconf 86' lang='lat' dir='ltr'><strong>choenices</strong></span> <span class='ocrx_word' id='word_1_104' title='bbox 1294 1701 1524 1754; x_wconf 87' lang='lat' dir='ltr'><strong>denario</strong></span> <span class='ocrx_word' id='word_1_105' title='bbox 1576 1716 1686 1754; x_wconf 93' lang='lat' dir='ltr'><strong>uno</strong></span> <span class='ocrx_word' id='word_1_106' title='bbox 1742 1701 2033 1771; x_wconf 86' lang='lat' dir='ltr'><strong>appretiati</strong></span> 
     </span>
    </p>
   </div>
   <div class='ocr_carea' id='block_1_19' title="bbox 462 1788 2030 1859">
    <p class='ocr_par' dir='ltr' id='par_1_19' title="bbox 462 1788 2030 1859">
     <span class='ocr_line' id='line_1_19' title="bbox 462 1788 2030 1859; baseline -0.001 -15"><span class='ocrx_word' id='word_1_107' title='bbox 462 1798 613 1852; x_wconf 88' lang='lat' dir='ltr'><strong>sunt,</strong></span> <span class='ocrx_word' id='word_1_108' title='bbox 646 1798 909 1859; x_wconf 88' lang='lat' dir='ltr'><strong>tanquam</strong></span> <span class='ocrx_word' id='word_1_109' title='bbox 964 1790 1128 1842; x_wconf 82' lang='lat' dir='ltr'><strong>unius</strong></span> <span class='ocrx_word' id='word_1_110' title='bbox 1176 1788 1378 1842; x_wconf 89' lang='lat' dir='ltr'><strong>Christi</strong></span> <span class='ocrx_word' id='word_1_111' title='bbox 1435 1789 1691 1843; x_wconf 89' lang='lat' dir='ltr'><strong>triduana</strong></span> <span class='ocrx_word' id='word_1_112' title='bbox 1749 1790 2030 1858; x_wconf 84' lang='lat' dir='ltr'><strong>sepultura</strong></span> 
     </span>
    </p>
   </div>
   <div class='ocr_carea' id='block_1_20' title="bbox 2142 604 2898 676">
    <p class='ocr_par' dir='ltr' id='par_1_20' title="bbox 2142 604 2898 676">
     <span class='ocr_line' id='line_1_20' title="bbox 2142 604 2898 676; baseline -0.005 -18"><span class='ocrx_word' id='word_1_113' title='bbox 2142 623 2242 676; x_wconf 90' lang='grc' dir='ltr'><strong>μου</strong></span> <span class='ocrx_word' id='word_1_114' title='bbox 2274 605 2364 658; x_wconf 75' lang='grc' dir='ltr'><strong>καὶ</strong></span> <span class='ocrx_word' id='word_1_115' title='bbox 2393 604 2488 674; x_wconf 82' lang='grc' dir='ltr'>τὴν</span> <span class='ocrx_word' id='word_1_116' title='bbox 2519 605 2675 673; x_wconf 89' lang='grc' dir='ltr'>δίκην</span> <span class='ocrx_word' id='word_1_117' title='bbox 2714 620 2839 673; x_wconf 89' lang='grc' dir='ltr'>μου.</span> <span class='ocrx_word' id='word_1_118' title='bbox 2879 621 2898 653; x_wconf 70' lang='grc' dir='ltr'><strong>ι</strong></span> 
     </span>
    </p>
   </div>
   <div class='ocr_carea' id='block_1_21' title="bbox 2207 693 3727 764">
    <p class='ocr_par' dir='ltr' id='par_1_21' title="bbox 2207 693 3727 764">
     <span class='ocr_line' id='line_1_21' title="bbox 2207 693 3727 764; baseline -0.003 -15"><span class='ocrx_word' id='word_1_119' title='bbox 2207 695 2408 759; x_wconf 79' lang='grc' dir='ltr'><strong>Χοῖνιξ</strong></span> <span class='ocrx_word' id='word_1_120' title='bbox 2444 696 2617 749; x_wconf 79' lang='grc' dir='ltr'>σίτου</span> <span class='ocrx_word' id='word_1_121' title='bbox 2648 694 2960 763; x_wconf 81' lang='grc' dir='ltr'>δηναρίου.</span> <span class='ocrx_word' id='word_1_122' title='bbox 3011 693 3082 746; x_wconf 83' lang='grc' dir='ltr'><strong>Τὸ</strong></span> <span class='ocrx_word' id='word_1_123' title='bbox 3124 694 3215 746; x_wconf 86' lang='grc' dir='ltr'>τὸν</span> <span class='ocrx_word' id='word_1_124' title='bbox 3260 696 3405 746; x_wconf 85' lang='grc' dir='ltr'>σῖτον</span> <span class='ocrx_word' id='word_1_125' title='bbox 3450 695 3727 764; x_wconf 76' lang='grc' dir='ltr'>τιμιουλο</span> 
     </span>
    </p>
   </div>
   <div class='ocr_carea' id='block_1_22' title="bbox 2138 785 3725 855">
    <p class='ocr_par' dir='ltr' id='par_1_22' title="bbox 2138 785 3725 855">
     <span class='ocr_line' id='line_1_22' title="bbox 2138 785 3725 855; baseline 0.001 -16"><span class='ocrx_word' id='word_1_126' title='bbox 2138 789 2370 850; x_wconf 80' lang='grc' dir='ltr'>κεῖσθαι,</span> <span class='ocrx_word' id='word_1_127' title='bbox 2401 786 2562 855; x_wconf 80' lang='grc' dir='ltr'><strong>λιμοῦ</strong></span> <span class='ocrx_word' id='word_1_128' title='bbox 2605 786 2825 855; x_wconf 84' lang='grc' dir='ltr'>δεῖγμα,</span> <span class='ocrx_word' id='word_1_129' title='bbox 2868 787 2928 841; x_wconf 86' lang='grc' dir='ltr'>ὂν</span> <span class='ocrx_word' id='word_1_130' title='bbox 2971 787 3064 840; x_wconf 78' lang='grc' dir='ltr'>καὶ</span> <span class='ocrx_word' id='word_1_131' title='bbox 3101 785 3449 854; x_wconf 80' lang='grc' dir='ltr'>γεγενῆσθαι,</span> <span class='ocrx_word' id='word_1_132' title='bbox 3488 786 3575 849; x_wconf 84' lang='grc' dir='ltr'>ὡς</span> <span class='ocrx_word' id='word_1_133' title='bbox 3624 789 3725 841; x_wconf 76' lang='grc' dir='ltr'><strong>καὶ</strong></span> 
     </span>
    </p>
   </div>
   <div class='ocr_carea' id='block_1_23' title="bbox 2136 866 3767 948">
    <p class='ocr_par' dir='ltr' id='par_1_23' title="bbox 2136 866 3767 948">
     <span class='ocr_line' id='line_1_23' title="bbox 2136 866 3767 948; baseline 0.001 -18"><span class='ocrx_word' id='word_1_134' title='bbox 2136 878 2195 931; x_wconf 84' lang='grc' dir='ltr'>ὲν</span> <span class='ocrx_word' id='word_1_135' title='bbox 2223 879 2334 940; x_wconf 86' lang='grc' dir='ltr'>τοῖς</span> <span class='ocrx_word' id='word_1_136' title='bbox 2386 878 2511 946; x_wconf 78' lang='grc' dir='ltr'><strong>ἑξῆς</strong></span> <span class='ocrx_word' id='word_1_137' title='bbox 2562 878 2883 948; x_wconf 80' lang='grc' dir='ltr'>ῥηθήσεται.</span> <span class='ocrx_word' id='word_1_138' title='bbox 2933 879 3089 931; x_wconf 84' lang='grc' dir='ltr'>Ἐστι</span> <span class='ocrx_word' id='word_1_139' title='bbox 3133 879 3190 930; x_wconf 86' lang='grc' dir='ltr'>δὲ</span> <span class='ocrx_word' id='word_1_140' title='bbox 3222 879 3505 945; x_wconf 83' lang='grc' dir='ltr'><strong>τροπικῶς</strong></span> <span class='ocrx_word' id='word_1_141' title='bbox 3574 866 3767 931; x_wconf 43' lang='grc' dir='ltr'>σῖτον</span> 
     </span>
    </p>
   </div>
   <div class='ocr_carea' id='block_1_24' title="bbox 2135 968 3727 1040">
    <p class='ocr_par' dir='ltr' id='par_1_24' title="bbox 2135 968 3727 1040">
     <span class='ocr_line' id='line_1_24' title="bbox 2135 968 3727 1040; baseline 0.003 -19"><span class='ocrx_word' id='word_1_142' title='bbox 2135 970 2261 1032; x_wconf 79' lang='grc' dir='ltr'>τοὺς</span> <span class='ocrx_word' id='word_1_143' title='bbox 2305 968 2548 1038; x_wconf 83' lang='grc' dir='ltr'><strong>νομίμως</strong></span> <span class='ocrx_word' id='word_1_144' title='bbox 2602 969 2941 1038; x_wconf 77' lang='grc' dir='ltr'>άθλήσαντας</span> <span class='ocrx_word' id='word_1_145' title='bbox 2981 968 3068 1022; x_wconf 74' lang='grc' dir='ltr'><strong>διὰ</strong></span> <span class='ocrx_word' id='word_1_146' title='bbox 3118 971 3353 1040; x_wconf 74' lang='grc' dir='ltr'>Χριστὸν</span> <span class='ocrx_word' id='word_1_147' title='bbox 3376 973 3625 1037; x_wconf 75' lang='grc' dir='ltr'>’ὲννοεῒν,</span> <span class='ocrx_word' id='word_1_148' title='bbox 3673 974 3727 1026; x_wconf 80' lang='grc' dir='ltr'>οἳ</span> 
     </span>
    </p>
   </div>
   <div class='ocr_carea' id='block_1_25' title="bbox 2140 1059 3725 1133">
    <p class='ocr_par' dir='ltr' id='par_1_25' title="bbox 2140 1059 3725 1133">
     <span class='ocr_line' id='line_1_25' title="bbox 2140 1059 3725 1133; baseline 0.001 -19"><span class='ocrx_word' id='word_1_149' title='bbox 2140 1062 2234 1114; x_wconf 74' lang='grc' dir='ltr'>καὶ</span> <span class='ocrx_word' id='word_1_150' title='bbox 2276 1060 2530 1131; x_wconf 82' lang='grc' dir='ltr'><strong>δηναρίου</strong></span> <span class='ocrx_word' id='word_1_151' title='bbox 2558 1059 2856 1130; x_wconf 76' lang='grc' dir='ltr'><strong>ἐκρίθησαν</strong></span> <span class='ocrx_word' id='word_1_152' title='bbox 2905 1059 3064 1125; x_wconf 79' lang='grc' dir='ltr'>ἄξιοι,</span> <span class='ocrx_word' id='word_1_153' title='bbox 3100 1061 3175 1125; x_wconf 82' lang='grc' dir='ltr'>ὡς</span> <span class='ocrx_word' id='word_1_154' title='bbox 3203 1062 3303 1133; x_wconf 86' lang='grc' dir='ltr'>τῆς</span> <span class='ocrx_word' id='word_1_155' title='bbox 3328 1063 3588 1133; x_wconf 74' lang='grc' dir='ltr'><strong>δοθείσης</strong></span> <span class='ocrx_word' id='word_1_156' title='bbox 3624 1066 3725 1116; x_wconf 80' lang='grc' dir='ltr'><strong>αὐ-</strong></span> 
     </span>
    </p>
   </div>
   <div class='ocr_carea' id='block_1_26' title="bbox 2135 1150 3726 1221">
    <p class='ocr_par' dir='ltr' id='par_1_26' title="bbox 2135 1150 3726 1221">
     <span class='ocr_line' id='line_1_26' title="bbox 2135 1150 3726 1221; baseline 0.003 -18"><span class='ocrx_word' id='word_1_157' title='bbox 2135 1154 2248 1213; x_wconf 79' lang='grc' dir='ltr'>τοῖς</span> <span class='ocrx_word' id='word_1_158' title='bbox 2281 1151 2430 1213; x_wconf 87' lang='grc' dir='ltr'>θείας</span> <span class='ocrx_word' id='word_1_159' title='bbox 2468 1151 2676 1215; x_wconf 85' lang='grc' dir='ltr'>εἰκόνος</span> <span class='ocrx_word' id='word_1_160' title='bbox 2718 1150 2962 1221; x_wconf 77' lang='grc' dir='ltr'>ἁκριόείς</span> <span class='ocrx_word' id='word_1_161' title='bbox 3014 1152 3252 1220; x_wconf 82' lang='grc' dir='ltr'>φύλακες</span> <span class='ocrx_word' id='word_1_162' title='bbox 3311 1155 3726 1217; x_wconf 73' lang='grc' dir='ltr'><strong>καταστάντες.</strong></span> 
     </span>
    </p>
   </div>
   <div class='ocr_carea' id='block_1_27' title="bbox 2137 1241 3727 1314">
    <p class='ocr_par' dir='ltr' id='par_1_27' title="bbox 2137 1241 3727 1314">
     <span class='ocr_line' id='line_1_27' title="bbox 2137 1241 3727 1314; baseline 0.002 -21"><span class='ocrx_word' id='word_1_163' title='bbox 2137 1241 2276 1304; x_wconf 81' lang='grc' dir='ltr'>Τοὺς</span> <span class='ocrx_word' id='word_1_164' title='bbox 2324 1241 2381 1294; x_wconf 87' lang='grc' dir='ltr'>δὲ</span> <span class='ocrx_word' id='word_1_165' title='bbox 2439 1243 2587 1311; x_wconf 80' lang='grc' dir='ltr'>τρεῖς</span> <span class='ocrx_word' id='word_1_166' title='bbox 2638 1242 2881 1310; x_wconf 81' lang='grc' dir='ltr'>χοίνικας</span> <span class='ocrx_word' id='word_1_167' title='bbox 2924 1241 3113 1314; x_wconf 78' lang='grc' dir='ltr'>[κατὰ]</span> <span class='ocrx_word' id='word_1_168' title='bbox 3162 1244 3260 1312; x_wconf 82' lang='grc' dir='ltr'>τῆς</span> <span class='ocrx_word' id='word_1_169' title='bbox 3306 1244 3531 1314; x_wconf 77' lang='grc' dir='ltr'>κριθῆς,</span> <span class='ocrx_word' id='word_1_170' title='bbox 3595 1247 3727 1307; x_wconf 55' lang='grc' dir='ltr'>τοὶς</span> 
     </span>
    </p>
   </div>
   <div class='ocr_carea' id='block_1_28' title="bbox 2136 1332 3723 1403">
    <p class='ocr_par' dir='ltr' id='par_1_28' title="bbox 2136 1332 3723 1403">
     <span class='ocr_line' id='line_1_28' title="bbox 2136 1332 3723 1403; baseline 0.002 -20"><span class='ocrx_word' id='word_1_171' title='bbox 2136 1332 2533 1401; x_wconf 85' lang='grc' dir='ltr'>κτηνοπρεπῶς</span> <span class='ocrx_word' id='word_1_172' title='bbox 2582 1336 2693 1394; x_wconf 85' lang='grc' dir='ltr'>τοῖς</span> <span class='ocrx_word' id='word_1_173' title='bbox 2737 1334 3019 1395; x_wconf 82' lang='grc' dir='ltr'>δικασταῖς</span> <span class='ocrx_word' id='word_1_174' title='bbox 3064 1334 3135 1386; x_wconf 74' lang='grc' dir='ltr'>δι’</span> <span class='ocrx_word' id='word_1_175' title='bbox 3180 1334 3504 1403; x_wconf 88' lang='grc' dir='ltr'>άνανδρείαν</span> <span class='ocrx_word' id='word_1_176' title='bbox 3534 1333 3723 1403; x_wconf 74' lang='grc' dir='ltr'>ψυχῆς</span> 
     </span>
    </p>
   </div>
   <div class='ocr_carea' id='block_1_29' title="bbox 2139 1422 3723 1495">
    <p class='ocr_par' dir='ltr' id='par_1_29' title="bbox 2139 1422 3723 1495">
     <span class='ocr_line' id='line_1_29' title="bbox 2139 1422 3723 1495; baseline 0.001 -19"><span class='ocrx_word' id='word_1_177' title='bbox 2139 1422 2522 1491; x_wconf 76' lang='grc' dir='ltr'>ὑποκύψαντας</span> <span class='ocrx_word' id='word_1_178' title='bbox 2556 1424 2647 1476; x_wconf 76' lang='grc' dir='ltr'>καὶ</span> <span class='ocrx_word' id='word_1_179' title='bbox 2685 1424 2961 1491; x_wconf 77' lang='grc' dir='ltr'><strong>ἀναλόγως</strong></span> <span class='ocrx_word' id='word_1_180' title='bbox 2994 1427 3430 1493; x_wconf 82' lang='grc' dir='ltr'>μετανοήσαντας</span> <span class='ocrx_word' id='word_1_181' title='bbox 3460 1425 3723 1495; x_wconf 76' lang='grc' dir='ltr'>ὕστερον,</span> 
     </span>
    </p>
   </div>
   <div class='ocr_carea' id='block_1_30' title="bbox 2137 1511 3721 1584">
    <p class='ocr_par' dir='ltr' id='par_1_30' title="bbox 2137 1511 3721 1584">
     <span class='ocr_line' id='line_1_30' title="bbox 2137 1511 3721 1584; baseline 0.003 -20"><span class='ocrx_word' id='word_1_182' title='bbox 2137 1513 2231 1565; x_wconf 75' lang='grc' dir='ltr'>καὶ</span> <span class='ocrx_word' id='word_1_183' title='bbox 2280 1512 2379 1582; x_wconf 78' lang='grc' dir='ltr'>τὴν</span> <span class='ocrx_word' id='word_1_184' title='bbox 2418 1511 2679 1582; x_wconf 79' lang='grc' dir='ltr'>ῥυπῶσαν</span> <span class='ocrx_word' id='word_1_185' title='bbox 2725 1514 2911 1566; x_wconf 82' lang='grc' dir='ltr'>εἰκόνα</span> <span class='ocrx_word' id='word_1_186' title='bbox 2953 1515 3215 1584; x_wconf 87' lang='grc' dir='ltr'>δάκρυσιν</span> <span class='ocrx_word' id='word_1_187' title='bbox 3266 1514 3721 1578; x_wconf 85' lang='grc' dir='ltr'>άποπλύναντας.</span> 
     </span>
    </p>
   </div>
   <div class='ocr_carea' id='block_1_31' title="bbox 2136 1597 3719 1673">
    <p class='ocr_par' dir='ltr' id='par_1_31' title="bbox 2136 1597 3719 1673">
     <span class='ocr_line' id='line_1_31' title="bbox 2136 1597 3719 1673; baseline -0.001 -18"><span class='ocrx_word' id='word_1_188' title='bbox 2136 1604 2298 1672; x_wconf 86' lang='grc' dir='ltr'>Τρεῖς</span> <span class='ocrx_word' id='word_1_189' title='bbox 2334 1602 2390 1654; x_wconf 84' lang='grc' dir='ltr'>δὲ</span> <span class='ocrx_word' id='word_1_190' title='bbox 2420 1601 2652 1671; x_wconf 84' lang='grc' dir='ltr'>χοίνικες</span> <span class='ocrx_word' id='word_1_191' title='bbox 2700 1597 2845 1655; x_wconf 77' lang='grc' dir='ltr'>οὗτοι</span> <span class='ocrx_word' id='word_1_192' title='bbox 2892 1603 3144 1672; x_wconf 77' lang='grc' dir='ltr'>δηναρίου</span> <span class='ocrx_word' id='word_1_193' title='bbox 3175 1604 3292 1667; x_wconf 81' lang='grc' dir='ltr'>ἐνὸς</span> <span class='ocrx_word' id='word_1_194' title='bbox 3342 1604 3719 1673; x_wconf 75' lang='grc' dir='ltr'>ἐτιμήθησαν,</span> 
     </span>
    </p>
   </div>
   <div class='ocr_carea' id='block_1_32' title="bbox 2136 1692 3720 1765">
    <p class='ocr_par' dir='ltr' id='par_1_32' title="bbox 2136 1692 3720 1765">
     <span class='ocr_line' id='line_1_32' title="bbox 2136 1692 3720 1765; baseline 0 -20"><span class='ocrx_word' id='word_1_195' title='bbox 2136 1694 2211 1757; x_wconf 87' lang='grc' dir='ltr'>ὡς</span> <span class='ocrx_word' id='word_1_196' title='bbox 2253 1692 2348 1745; x_wconf 81' lang='grc' dir='ltr'>τοῦ</span> <span class='ocrx_word' id='word_1_197' title='bbox 2389 1694 2505 1756; x_wconf 75' lang='grc' dir='ltr'>ἑνὸς</span> <span class='ocrx_word' id='word_1_198' title='bbox 2533 1693 2768 1763; x_wconf 82' lang='grc' dir='ltr'>Χριστοῦ</span> <span class='ocrx_word' id='word_1_199' title='bbox 2796 1697 2863 1763; x_wconf 83' lang='grc' dir='ltr'><strong>τῇ</strong></span> <span class='ocrx_word' id='word_1_200' title='bbox 2890 1696 3173 1763; x_wconf 86' lang='grc' dir='ltr'>τριημέ-ρῳ</span> <span class='ocrx_word' id='word_1_201' title='bbox 3201 1694 3365 1747; x_wconf 76' lang='grc' dir='ltr'>αὐτοῦ</span> <span class='ocrx_word' id='word_1_202' title='bbox 3393 1698 3543 1765; x_wconf 80' lang='grc' dir='ltr'>ταφῇ</span> <span class='ocrx_word' id='word_1_203' title='bbox 3581 1694 3720 1761; x_wconf 77' lang='grc' dir='ltr'><strong>ὑπὲρ</strong></span> 
     </span>
    </p>
   </div>
   <div class='ocr_carea' id='block_1_33' title="bbox 2135 1782 3724 1854">
    <p class='ocr_par' dir='ltr' id='par_1_33' title="bbox 2135 1782 3724 1854">
     <span class='ocr_line' id='line_1_33' title="bbox 2135 1782 3724 1854; baseline 0 -19"><span class='ocrx_word' id='word_1_204' title='bbox 2135 1782 2227 1835; x_wconf 87' lang='grc' dir='ltr'>τοῦ</span> <span class='ocrx_word' id='word_1_205' title='bbox 2259 1783 2463 1851; x_wconf 86' lang='grc' dir='ltr'>κόσμου</span> <span class='ocrx_word' id='word_1_206' title='bbox 2498 1784 2699 1846; x_wconf 80' lang='grc' dir='ltr'>παντὸς</span> <span class='ocrx_word' id='word_1_207' title='bbox 2745 1783 2839 1836; x_wconf 82' lang='grc' dir='ltr'>τοῦ</span> <span class='ocrx_word' id='word_1_208' title='bbox 2864 1783 2951 1836; x_wconf 74' lang='grc' dir='ltr'><strong>διὰ</strong></span> <span class='ocrx_word' id='word_1_209' title='bbox 2979 1784 3079 1851; x_wconf 83' lang='grc' dir='ltr'>τῆς</span> <span class='ocrx_word' id='word_1_210' title='bbox 3122 1784 3395 1853; x_wconf 83' lang='grc' dir='ltr'>ἁμαρτίας</span> <span class='ocrx_word' id='word_1_211' title='bbox 3427 1785 3534 1854; x_wconf 79' lang='grc' dir='ltr'>τὴν</span> <span class='ocrx_word' id='word_1_212' title='bbox 3567 1783 3724 1837; x_wconf 79' lang='grc' dir='ltr'>θείαν</span> 
     </span>
    </p>
   </div>
   <div class='ocr_carea' id='block_1_34' title="bbox 461 1870 2056 1949">
    <p class='ocr_par' dir='ltr' id='par_1_34' title="bbox 461 1879 2029 1949">
     <span class='ocr_line' id='line_1_34' title="bbox 461 1879 2029 1949; baseline -0.002 -14"><span class='ocrx_word' id='word_1_213' title='bbox 461 1881 642 1935; x_wconf 87' lang='lat' dir='ltr'><strong>oblata</strong></span> <span class='ocrx_word' id='word_1_214' title='bbox 674 1894 773 1949; x_wconf 94' lang='lat' dir='ltr'><strong>pro</strong></span> <span class='ocrx_word' id='word_1_215' title='bbox 812 1880 1071 1933; x_wconf 89' lang='lat' dir='ltr'><strong>universo</strong></span> <span class='ocrx_word' id='word_1_216' title='bbox 1125 1879 1351 1941; x_wconf 84' lang='lat' dir='ltr'><strong>mundo,</strong></span> <span class='ocrx_word' id='word_1_217' title='bbox 1385 1880 1478 1948; x_wconf 86' lang='lat' dir='ltr'><strong>qui</strong></span> <span class='ocrx_word' id='word_1_218' title='bbox 1527 1879 1709 1933; x_wconf 87' lang='lat' dir='ltr'><strong>datam</strong></span> <span class='ocrx_word' id='word_1_219' title='bbox 1749 1879 1852 1933; x_wconf 84' lang='lat' dir='ltr'><strong>sibi</strong></span> <span class='ocrx_word' id='word_1_220' title='bbox 1888 1879 2029 1932; x_wconf 77' lang='lat' dir='ltr'><strong>divi-</strong></span> 
     </span>
    </p>
   </div>
   <div class='ocr_carea' id='block_1_35' title="bbox 2131 1870 3717 1949">
    <p class='ocr_par' dir='ltr' id='par_1_35' title="bbox 2133 1870 3717 1943">
     <span class='ocr_line' id='line_1_35' title="bbox 2133 1870 3717 1943; baseline 0.002 -20"><span class='ocrx_word' id='word_1_221' title='bbox 2133 1871 2316 1923; x_wconf 85' lang='grc' dir='ltr'>εἰκόνα</span> <span class='ocrx_word' id='word_1_222' title='bbox 2353 1870 2598 1924; x_wconf 85' lang='grc' dir='ltr'>δοθεῖσαν</span> <span class='ocrx_word' id='word_1_223' title='bbox 2638 1872 2787 1941; x_wconf 85' lang='grc' dir='ltr'><strong>αὑτῷ</strong></span> <span class='ocrx_word' id='word_1_224' title='bbox 2825 1873 3193 1941; x_wconf 79' lang='grc' dir='ltr'>ρυπώσαντος.</span> <span class='ocrx_word' id='word_1_225' title='bbox 3241 1874 3411 1937; x_wconf 80' lang='grc' dir='ltr'>Αὐτὸς</span> <span class='ocrx_word' id='word_1_226' title='bbox 3449 1873 3558 1943; x_wconf 83' lang='grc' dir='ltr'>μὲν</span> <span class='ocrx_word' id='word_1_227' title='bbox 3610 1874 3717 1943; x_wconf 83' lang='grc' dir='ltr'><strong>γάρ</strong></span> 
     </span>
    </p>
   </div>
   <div class='ocr_carea' id='block_1_36' title="bbox 461 1969 2031 2039">
    <p class='ocr_par' dir='ltr' id='par_1_36' title="bbox 461 1969 2031 2039">
     <span class='ocr_line' id='line_1_36' title="bbox 461 1969 2031 2039; baseline 0.001 -16"><span class='ocrx_word' id='word_1_228' title='bbox 461 1986 587 2025; x_wconf 90' lang='lat' dir='ltr'><strong>nam</strong></span> <span class='ocrx_word' id='word_1_229' title='bbox 640 1970 929 2039; x_wconf 84' lang='lat' dir='ltr'><strong>imaginem</strong></span> <span class='ocrx_word' id='word_1_230' title='bbox 990 1985 1085 2039; x_wconf 90' lang='lat' dir='ltr'><strong>per</strong></span> <span class='ocrx_word' id='word_1_231' title='bbox 1124 1982 1404 2039; x_wconf 84' lang='lat' dir='ltr'><strong>peccatum</strong></span> <span class='ocrx_word' id='word_1_232' title='bbox 1467 1969 1856 2025; x_wconf 71' lang='lat' dir='ltr'><strong>del&#39;mdaverat.</strong></span> <span class='ocrx_word' id='word_1_233' title='bbox 1915 1970 2031 2039; x_wconf 89' lang='lat' dir='ltr'><strong>Ipse</strong></span> 
     </span>
    </p>
   </div>
   <div class='ocr_carea' id='block_1_37' title="bbox 460 2060 2032 2131">
    <p class='ocr_par' dir='ltr' id='par_1_37' title="bbox 460 2060 2032 2131">
     <span class='ocr_line' id='line_1_37' title="bbox 460 2060 2032 2131; baseline -0.001 -15"><span class='ocrx_word' id='word_1_234' title='bbox 460 2061 729 2131; x_wconf 89' lang='lat' dir='ltr'><strong>siquidem</strong></span> <span class='ocrx_word' id='word_1_235' title='bbox 777 2060 1032 2114; x_wconf 82' lang='lat' dir='ltr'><strong>Christus</strong></span> <span class='ocrx_word' id='word_1_236' title='bbox 1066 2061 1243 2128; x_wconf 90' lang='lat' dir='ltr'><strong>primo</strong></span> <span class='ocrx_word' id='word_1_237' title='bbox 1290 2061 1378 2115; x_wconf 89' lang='lat' dir='ltr'><strong>die</strong></span> <span class='ocrx_word' id='word_1_238' title='bbox 1420 2061 1563 2129; x_wconf 89' lang='lat' dir='ltr'><strong>apud</strong></span> <span class='ocrx_word' id='word_1_239' title='bbox 1614 2061 1822 2117; x_wconf 81' lang='lat' dir='ltr'><strong>inferos</strong></span> <span class='ocrx_word' id='word_1_240' title='bbox 1875 2062 2032 2116; x_wconf 75' lang='lat' dir='ltr'><strong>haesit</strong></span> 
     </span>
    </p>
   </div>
   <div class='ocr_carea' id='block_1_38' title="bbox 464 2150 2031 2221">
    <p class='ocr_par' dir='ltr' id='par_1_38' title="bbox 464 2150 2031 2221">
     <span class='ocr_line' id='line_1_38' title="bbox 464 2150 2031 2221; baseline 0.001 -15"><span class='ocrx_word' id='word_1_241' title='bbox 464 2167 566 2218; x_wconf 87' lang='lat' dir='ltr'><strong>pro</strong></span> <span class='ocrx_word' id='word_1_242' title='bbox 598 2152 682 2205; x_wconf 88' lang='lat' dir='ltr'><strong>his</strong></span> <span class='ocrx_word' id='word_1_243' title='bbox 714 2152 803 2221; x_wconf 88' lang='lat' dir='ltr'><strong>qui</strong></span> <span class='ocrx_word' id='word_1_244' title='bbox 837 2160 961 2206; x_wconf 86' lang='lat' dir='ltr'><strong>ante</strong></span> <span class='ocrx_word' id='word_1_245' title='bbox 996 2150 1130 2205; x_wconf 84' lang='lat' dir='ltr'><strong>Mosi</strong></span> <span class='ocrx_word' id='word_1_246' title='bbox 1173 2153 1342 2221; x_wconf 71' lang='lat' dir='ltr'><strong>legem</strong></span> <span class='ocrx_word' id='word_1_247' title='bbox 1373 2161 1754 2221; x_wconf 87' lang='lat' dir='ltr'><strong>peccaverant,</strong></span> <span class='ocrx_word' id='word_1_248' title='bbox 1790 2154 2031 2209; x_wconf 88' lang='lat' dir='ltr'><strong>secundo</strong></span> 
     </span>
    </p>
   </div>
   <div class='ocr_carea' id='block_1_39' title="bbox 461 2239 2032 2312">
    <p class='ocr_par' dir='ltr' id='par_1_39' title="bbox 461 2239 2032 2312">
     <span class='ocr_line' id='line_1_39' title="bbox 461 2239 2032 2312; baseline 0.003 -18"><span class='ocrx_word' id='word_1_249' title='bbox 461 2256 559 2310; x_wconf 92' lang='lat' dir='ltr'><strong>pro</strong></span> <span class='ocrx_word' id='word_1_250' title='bbox 610 2242 693 2295; x_wconf 85' lang='lat' dir='ltr'><strong>his</strong></span> <span class='ocrx_word' id='word_1_251' title='bbox 723 2241 812 2310; x_wconf 87' lang='lat' dir='ltr'><strong>qui</strong></span> <span class='ocrx_word' id='word_1_252' title='bbox 847 2243 899 2295; x_wconf 89' lang='lat' dir='ltr'><strong>in</strong></span> <span class='ocrx_word' id='word_1_253' title='bbox 951 2241 1087 2312; x_wconf 83' lang='lat' dir='ltr'><strong>lege.</strong></span> <span class='ocrx_word' id='word_1_254' title='bbox 1131 2239 1372 2298; x_wconf 81' lang='lat' dir='ltr'><strong>Tametsi</strong></span> <span class='ocrx_word' id='word_1_255' title='bbox 1410 2243 1553 2297; x_wconf 88' lang='lat' dir='ltr'><strong>enim</strong></span> <span class='ocrx_word' id='word_1_256' title='bbox 1596 2246 1843 2299; x_wconf 87' lang='lat' dir='ltr'><strong>nonnulli</strong></span> <span class='ocrx_word' id='word_1_257' title='bbox 1894 2247 2032 2300; x_wconf 89' lang='lat' dir='ltr'><strong>resi-</strong></span> 
     </span>
    </p>
   </div>
   <div class='ocr_carea' id='block_1_40' title="bbox 461 2334 2031 2407">
    <p class='ocr_par' dir='ltr' id='par_1_40' title="bbox 461 2334 2031 2407">
     <span class='ocr_line' id='line_1_40' title="bbox 461 2334 2031 2407; baseline 0.002 -20"><span class='ocrx_word' id='word_1_258' title='bbox 461 2334 781 2402; x_wconf 81' lang='lat' dir='ltr'><strong>piscentiarn</strong></span> <span class='ocrx_word' id='word_1_259' title='bbox 824 2334 1196 2388; x_wconf 89' lang='lat' dir='ltr'><strong>ostendissent</strong></span> <span class='ocrx_word' id='word_1_260' title='bbox 1233 2335 1304 2388; x_wconf 94' lang='lat' dir='ltr'><strong>ob</strong></span> <span class='ocrx_word' id='word_1_261' title='bbox 1348 2351 1512 2405; x_wconf 86' lang='lat' dir='ltr'><strong>prava</strong></span> <span class='ocrx_word' id='word_1_262' title='bbox 1549 2351 1714 2406; x_wconf 84' lang='lat' dir='ltr'><strong>opera</strong></span> <span class='ocrx_word' id='word_1_263' title='bbox 1746 2353 1775 2390; x_wconf 90' lang='lat' dir='ltr'><strong>a</strong></span> <span class='ocrx_word' id='word_1_264' title='bbox 1807 2353 1863 2392; x_wconf 91' lang='lat' dir='ltr'><strong>se</strong></span> <span class='ocrx_word' id='word_1_265' title='bbox 1902 2354 2031 2407; x_wconf 90' lang='lat' dir='ltr'><strong>per-</strong></span> 
     </span>
    </p>
   </div>
   <div class='ocr_carea' id='block_1_41' title="bbox 460 2426 2027 2496">
    <p class='ocr_par' dir='ltr' id='par_1_41' title="bbox 460 2426 2027 2496">
     <span class='ocr_line' id='line_1_41' title="bbox 460 2426 2027 2496; baseline 0.004 -18"><span class='ocrx_word' id='word_1_266' title='bbox 460 2435 667 2492; x_wconf 89' lang='lat' dir='ltr'><strong>petrata</strong></span> <span class='ocrx_word' id='word_1_267' title='bbox 694 2465 710 2489; x_wconf 93' lang='lat'><strong>,</strong></span> <span class='ocrx_word' id='word_1_268' title='bbox 768 2427 973 2495; x_wconf 89' lang='lat' dir='ltr'><strong>pariter</strong></span> <span class='ocrx_word' id='word_1_269' title='bbox 1034 2426 1176 2479; x_wconf 88' lang='lat' dir='ltr'><strong>hanc</strong></span> <span class='ocrx_word' id='word_1_270' title='bbox 1228 2427 1337 2481; x_wconf 83' lang='lat' dir='ltr'><strong>illis</strong></span> <span class='ocrx_word' id='word_1_271' title='bbox 1378 2439 1751 2496; x_wconf 86' lang='lat' dir='ltr'><strong>opponentes,</strong></span> <span class='ocrx_word' id='word_1_272' title='bbox 1785 2439 2027 2484; x_wconf 84' lang='lat' dir='ltr'><strong>attamen</strong></span> 
     </span>
    </p>
   </div>
   <div class='ocr_carea' id='block_1_42' title="bbox 459 2514 2032 2588">
    <p class='ocr_par' dir='ltr' id='par_1_42' title="bbox 459 2514 2032 2588">
     <span class='ocr_line' id='line_1_42' title="bbox 459 2514 2032 2588; baseline 0.004 -21"><span class='ocrx_word' id='word_1_273' title='bbox 459 2514 585 2568; x_wconf 79' lang='lat' dir='ltr'><strong>licet</strong></span> <span class='ocrx_word' id='word_1_274' title='bbox 616 2530 743 2569; x_wconf 88' lang='lat' dir='ltr'><strong>vere</strong></span> <span class='ocrx_word' id='word_1_275' title='bbox 773 2523 1088 2582; x_wconf 87' lang='lat' dir='ltr'><strong>sperassent</strong></span> <span class='ocrx_word' id='word_1_276' title='bbox 1109 2516 1349 2578; x_wconf 88' lang='lat' dir='ltr'><strong>veniam,</strong></span> <span class='ocrx_word' id='word_1_277' title='bbox 1377 2532 1498 2571; x_wconf 90' lang='lat' dir='ltr'><strong>cum</strong></span> <span class='ocrx_word' id='word_1_278' title='bbox 1530 2517 1575 2570; x_wconf 86' lang='lat' dir='ltr'><strong>is</strong></span> <span class='ocrx_word' id='word_1_279' title='bbox 1598 2520 1838 2571; x_wconf 89' lang='lat' dir='ltr'><strong>nondum</strong></span> <span class='ocrx_word' id='word_1_280' title='bbox 1867 2534 2032 2588; x_wconf 88' lang='lat' dir='ltr'><strong>appa-</strong></span> 
     </span>
    </p>
   </div>
   <div class='ocr_carea' id='block_1_43' title="bbox 457 2604 2031 2679">
    <p class='ocr_par' dir='ltr' id='par_1_43' title="bbox 457 2604 2031 2679">
     <span class='ocr_line' id='line_1_43' title="bbox 457 2604 2031 2679; baseline 0.005 -22"><span class='ocrx_word' id='word_1_281' title='bbox 457 2604 661 2658; x_wconf 84' lang='lat' dir='ltr'><strong>ruisset</strong></span> <span class='ocrx_word' id='word_1_282' title='bbox 691 2604 784 2675; x_wconf 90' lang='lat' dir='ltr'><strong>qui</strong></span> <span class='ocrx_word' id='word_1_283' title='bbox 814 2605 956 2660; x_wconf 88' lang='lat' dir='ltr'><strong>hanc</strong></span> <span class='ocrx_word' id='word_1_284' title='bbox 995 2604 1127 2660; x_wconf 88' lang='lat' dir='ltr'><strong>dare</strong></span> <span class='ocrx_word' id='word_1_285' title='bbox 1155 2615 1366 2676; x_wconf 80' lang='lat' dir='ltr'><strong>posset,</strong></span> <span class='ocrx_word' id='word_1_286' title='bbox 1400 2606 1642 2662; x_wconf 87' lang='lat' dir='ltr'><strong>nondum</strong></span> <span class='ocrx_word' id='word_1_287' title='bbox 1679 2610 1850 2679; x_wconf 58' lang='lat' dir='ltr'><strong>ipsam</strong></span> <span class='ocrx_word' id='word_1_288' title='bbox 1880 2626 2031 2667; x_wconf 83' lang='lat' dir='ltr'><strong>asse-</strong></span> 
     </span>
    </p>
   </div>
   <div class='ocr_carea' id='block_1_44' title="bbox 456 2696 2030 2772">
    <p class='ocr_par' dir='ltr' id='par_1_44' title="bbox 456 2696 2030 2772">
     <span class='ocr_line' id='line_1_44' title="bbox 456 2696 2030 2772; baseline 0.006 -24"><span class='ocrx_word' id='word_1_289' title='bbox 456 2696 568 2748; x_wconf 90' lang='lat' dir='ltr'><strong>cuti</strong></span> <span class='ocrx_word' id='word_1_290' title='bbox 626 2704 785 2749; x_wconf 87' lang='lat' dir='ltr'><strong>erant</strong></span> <span class='ocrx_word' id='word_1_291' title='bbox 816 2710 829 2747; x_wconf 88' lang='lat'><strong>:</strong></span> <span class='ocrx_word' id='word_1_292' title='bbox 866 2705 1152 2765; x_wconf 86' lang='lat' dir='ltr'><strong>propterea</strong></span> <span class='ocrx_word' id='word_1_293' title='bbox 1206 2713 1338 2752; x_wconf 89' lang='lat' dir='ltr'><strong>sane</strong></span> <span class='ocrx_word' id='word_1_294' title='bbox 1382 2707 1436 2752; x_wconf 74' lang='grc' dir='ltr'><strong>ιιι</strong></span> <span class='ocrx_word' id='word_1_295' title='bbox 1474 2701 1718 2754; x_wconf 88' lang='lat' dir='ltr'><strong>secundo</strong></span> <span class='ocrx_word' id='word_1_296' title='bbox 1757 2702 1843 2756; x_wconf 89' lang='lat' dir='ltr'><strong>die</strong></span> <span class='ocrx_word' id='word_1_297' title='bbox 1888 2702 2030 2772; x_wconf 85' lang='lat' dir='ltr'><strong>apud</strong></span> 
     </span>
    </p>
   </div>
   <div class='ocr_carea' id='block_1_45' title="bbox 463 2786 2031 2863">
    <p class='ocr_par' dir='ltr' id='par_1_45' title="bbox 463 2786 2031 2863">
     <span class='ocr_line' id='line_1_45' title="bbox 463 2786 2031 2863; baseline 0.008 -26"><span class='ocrx_word' id='word_1_298' title='bbox 463 2786 671 2839; x_wconf 81' lang='lat' dir='ltr'><strong>inferos</strong></span> <span class='ocrx_word' id='word_1_299' title='bbox 703 2789 1001 2853; x_wconf 82' lang='lat' dir='ltr'><strong>permansit</strong></span> <span class='ocrx_word' id='word_1_300' title='bbox 1037 2803 1051 2839; x_wconf 91' lang='lat'><strong>:</strong></span> <span class='ocrx_word' id='word_1_301' title='bbox 1084 2791 1241 2841; x_wconf 86' lang='lat' dir='ltr'><strong>tertia</strong></span> <span class='ocrx_word' id='word_1_302' title='bbox 1280 2805 1409 2843; x_wconf 83' lang='lat' dir='ltr'><strong>vero</strong></span> <span class='ocrx_word' id='word_1_303' title='bbox 1440 2806 1591 2845; x_wconf 90' lang='lat' dir='ltr'><strong>mora</strong></span> <span class='ocrx_word' id='word_1_304' title='bbox 1623 2791 1720 2846; x_wconf 82' lang='lat' dir='ltr'><strong>fuit</strong></span> <span class='ocrx_word' id='word_1_305' title='bbox 1750 2794 1804 2847; x_wconf 92' lang='lat' dir='ltr'><strong>in</strong></span> <span class='ocrx_word' id='word_1_306' title='bbox 1835 2809 1942 2863; x_wconf 88' lang='lat' dir='ltr'><strong>qua</strong></span> <span class='ocrx_word' id='word_1_307' title='bbox 1974 2803 2031 2849; x_wconf 91' lang='lat' dir='ltr'><strong>et</strong></span> 
     </span>
    </p>
   </div>
   <div class='ocr_carea' id='block_1_46' title="bbox 459 2877 2031 2952">
    <p class='ocr_par' dir='ltr' id='par_1_46' title="bbox 459 2877 2031 2952">
     <span class='ocr_line' id='line_1_46' title="bbox 459 2877 2031 2952; baseline 0.006 -24"><span class='ocrx_word' id='word_1_308' title='bbox 459 2877 785 2941; x_wconf 78' lang='lat' dir='ltr'><strong>resurrexit,</strong></span> <span class='ocrx_word' id='word_1_309' title='bbox 821 2879 1083 2946; x_wconf 89' lang='lat' dir='ltr'><strong>quoniam</strong></span> <span class='ocrx_word' id='word_1_310' title='bbox 1117 2878 1460 2947; x_wconf 88' lang='lat' dir='ltr'><strong>impossibile</strong></span> <span class='ocrx_word' id='word_1_311' title='bbox 1498 2880 1600 2935; x_wconf 84' lang='lat' dir='ltr'><strong>fuit</strong></span> <span class='ocrx_word' id='word_1_312' title='bbox 1628 2898 1723 2952; x_wconf 89' lang='lat' dir='ltr'><strong>per</strong></span> <span class='ocrx_word' id='word_1_313' title='bbox 1756 2900 1813 2938; x_wconf 90' lang='lat' dir='ltr'><strong>se</strong></span> <span class='ocrx_word' id='word_1_314' title='bbox 1843 2885 2031 2937; x_wconf 83' lang='lat' dir='ltr'><strong>viven-</strong></span> 
     </span>
    </p>
   </div>
   <div class='ocr_carea' id='block_1_47' title="bbox 456 2966 2029 3039">
    <p class='ocr_par' dir='ltr' id='par_1_47' title="bbox 456 2966 2029 3039">
     <span class='ocr_line' id='line_1_47' title="bbox 456 2966 2029 3039; baseline 0.006 -23"><span class='ocrx_word' id='word_1_315' title='bbox 456 2969 564 3017; x_wconf 86' lang='lat' dir='ltr'><strong>tem</strong></span> <span class='ocrx_word' id='word_1_316' title='bbox 616 2978 646 3018; x_wconf 90' lang='lat' dir='ltr'><strong>a</strong></span> <span class='ocrx_word' id='word_1_317' title='bbox 690 2966 1043 3035; x_wconf 89' lang='lat' dir='ltr'><strong>corruptione</strong></span> <span class='ocrx_word' id='word_1_318' title='bbox 1123 2968 1394 3039; x_wconf 86' lang='lat' dir='ltr'><strong>superari.</strong></span> <span class='ocrx_word' id='word_1_319' title='bbox 1452 2972 1720 3025; x_wconf 70' lang='lat' dir='ltr'><strong>Praeterea</strong></span> <span class='ocrx_word' id='word_1_320' title='bbox 1788 2974 2029 3026; x_wconf 88' lang='lat' dir='ltr'><strong>triticum</strong></span> 
     </span>
    </p>
   </div>
   <div class='ocr_carea' id='block_1_48' title="bbox 456 3055 2028 3133">
    <p class='ocr_par' dir='ltr' id='par_1_48' title="bbox 456 3055 2028 3133">
     <span class='ocr_line' id='line_1_48' title="bbox 456 3055 2028 3133; baseline 0.006 -25"><span class='ocrx_word' id='word_1_321' title='bbox 456 3055 675 3122; x_wconf 86' lang='lat' dir='ltr'><strong>quidem</strong></span> <span class='ocrx_word' id='word_1_322' title='bbox 708 3058 1058 3127; x_wconf 75' lang='lat' dir='ltr'><strong>evangelicus</strong></span> <span class='ocrx_word' id='word_1_323' title='bbox 1085 3074 1149 3113; x_wconf 87' lang='lat' dir='ltr'><strong>ac</strong></span> <span class='ocrx_word' id='word_1_324' title='bbox 1182 3060 1445 3116; x_wconf 86' lang='lat' dir='ltr'><strong>salutaris</strong></span> <span class='ocrx_word' id='word_1_325' title='bbox 1478 3077 1662 3117; x_wconf 86' lang='lat' dir='ltr'><strong>sermo</strong></span> <span class='ocrx_word' id='word_1_326' title='bbox 1692 3064 1799 3117; x_wconf 90' lang='lat' dir='ltr'><strong>dici</strong></span> <span class='ocrx_word' id='word_1_327' title='bbox 1829 3073 2028 3133; x_wconf 90' lang='lat' dir='ltr'><strong>potest,</strong></span> 
     </span>
    </p>
   </div>
   <div class='ocr_carea' id='block_1_49' title="bbox 455 3147 2029 3222">
    <p class='ocr_par' dir='ltr' id='par_1_49' title="bbox 455 3147 2029 3222">
     <span class='ocr_line' id='line_1_49' title="bbox 455 3147 2029 3222; baseline 0.008 -23"><span class='ocrx_word' id='word_1_328' title='bbox 455 3154 510 3199; x_wconf 92' lang='lat' dir='ltr'><strong>et</strong></span> <span class='ocrx_word' id='word_1_329' title='bbox 557 3147 651 3215; x_wconf 92' lang='lat' dir='ltr'><strong>qui</strong></span> <span class='ocrx_word' id='word_1_330' title='bbox 703 3148 974 3216; x_wconf 82' lang='lat' dir='ltr'><strong>perfectos</strong></span> <span class='ocrx_word' id='word_1_331' title='bbox 1020 3148 1176 3204; x_wconf 89' lang='lat' dir='ltr'><strong>decet</strong></span> <span class='ocrx_word' id='word_1_332' title='bbox 1223 3152 1373 3206; x_wconf 89' lang='lat' dir='ltr'><strong>viros</strong></span> <span class='ocrx_word' id='word_1_333' title='bbox 1422 3154 1514 3222; x_wconf 90' lang='lat' dir='ltr'><strong>qui</strong></span> <span class='ocrx_word' id='word_1_334' title='bbox 1569 3169 1770 3210; x_wconf 89' lang='lat' dir='ltr'><strong>sensus</strong></span> <span class='ocrx_word' id='word_1_335' title='bbox 1827 3155 2029 3211; x_wconf 89' lang='lat' dir='ltr'><strong>habent</strong></span> 
     </span>
    </p>
   </div>
   <div class='ocr_carea' id='block_1_50' title="bbox 2134 1961 3717 2034">
    <p class='ocr_par' dir='ltr' id='par_1_50' title="bbox 2134 1961 3717 2034">
     <span class='ocr_line' id='line_1_50' title="bbox 2134 1961 3717 2034; baseline 0.002 -21"><span class='ocrx_word' id='word_1_336' title='bbox 2134 1962 2191 2013; x_wconf 83' lang='grc' dir='ltr'>ὲν</span> <span class='ocrx_word' id='word_1_337' title='bbox 2219 1961 2346 2031; x_wconf 72' lang='grc' dir='ltr'>ᾅδου</span> <span class='ocrx_word' id='word_1_338' title='bbox 2389 1962 2696 2032; x_wconf 72' lang='grc' dir='ltr'>διατρίψας,</span> <span class='ocrx_word' id='word_1_339' title='bbox 2745 1964 2844 2034; x_wconf 78' lang='grc' dir='ltr'>τὴν</span> <span class='ocrx_word' id='word_1_340' title='bbox 2890 1962 3112 2032; x_wconf 80' lang='grc' dir='ltr'>πρώτην</span> <span class='ocrx_word' id='word_1_341' title='bbox 3146 1964 3286 2034; x_wconf 79' lang='grc' dir='ltr'>ὑπὲρ</span> <span class='ocrx_word' id='word_1_342' title='bbox 3321 1963 3431 2015; x_wconf 85' lang='grc' dir='ltr'>τῶν</span> <span class='ocrx_word' id='word_1_343' title='bbox 3460 1965 3577 2034; x_wconf 85' lang='grc' dir='ltr'><strong>πρὸ</strong></span> <span class='ocrx_word' id='word_1_344' title='bbox 3623 1965 3717 2016; x_wconf 82' lang='grc' dir='ltr'>τοῦ</span> 
     </span>
    </p>
   </div>
   <div class='ocr_carea' id='block_1_51' title="bbox 2132 2052 3718 2125">
    <p class='ocr_par' dir='ltr' id='par_1_51' title="bbox 2132 2052 3718 2125">
     <span class='ocr_line' id='line_1_51' title="bbox 2132 2052 3718 2125; baseline 0.001 -21"><span class='ocrx_word' id='word_1_345' title='bbox 2132 2052 2414 2114; x_wconf 81' lang='grc' dir='ltr'>Μωῡσέως</span> <span class='ocrx_word' id='word_1_346' title='bbox 2448 2054 2628 2121; x_wconf 85' lang='grc' dir='ltr'>νόμων</span> <span class='ocrx_word' id='word_1_347' title='bbox 2681 2053 3097 2124; x_wconf 82' lang='grc' dir='ltr'>ἡμαρτηκότων,</span> <span class='ocrx_word' id='word_1_348' title='bbox 3124 2053 3223 2121; x_wconf 85' lang='grc' dir='ltr'>τὴν</span> <span class='ocrx_word' id='word_1_349' title='bbox 3253 2052 3539 2125; x_wconf 80' lang='grc' dir='ltr'>δευτέραν,</span> <span class='ocrx_word' id='word_1_350' title='bbox 3575 2054 3718 2124; x_wconf 81' lang='grc' dir='ltr'><strong>ὑπὲρ</strong></span> 
     </span>
    </p>
   </div>
   <div class='ocr_carea' id='block_1_52' title="bbox 2131 2143 3716 2214">
    <p class='ocr_par' dir='ltr' id='par_1_52' title="bbox 2131 2143 3716 2214">
     <span class='ocr_line' id='line_1_52' title="bbox 2131 2143 3716 2214; baseline 0 -19"><span class='ocrx_word' id='word_1_351' title='bbox 2131 2144 2241 2196; x_wconf 84' lang='grc' dir='ltr'>τῶν</span> <span class='ocrx_word' id='word_1_352' title='bbox 2289 2145 2348 2195; x_wconf 84' lang='grc' dir='ltr'>ὲν</span> <span class='ocrx_word' id='word_1_353' title='bbox 2400 2143 2478 2214; x_wconf 85' lang='grc' dir='ltr'>τῷ</span> <span class='ocrx_word' id='word_1_354' title='bbox 2516 2144 2685 2214; x_wconf 85' lang='grc' dir='ltr'>νόμῳ.</span> <span class='ocrx_word' id='word_1_355' title='bbox 2742 2144 2853 2197; x_wconf 83' lang='grc' dir='ltr'><strong>Καὶ</strong></span> <span class='ocrx_word' id='word_1_356' title='bbox 2879 2143 2988 2213; x_wconf 86' lang='grc' dir='ltr'><strong>γὰρ</strong></span> <span class='ocrx_word' id='word_1_357' title='bbox 3022 2146 3071 2195; x_wconf 84' lang='grc' dir='ltr'>εἰ</span> <span class='ocrx_word' id='word_1_358' title='bbox 3111 2144 3205 2196; x_wconf 71' lang='grc' dir='ltr'>καὶ</span> <span class='ocrx_word' id='word_1_359' title='bbox 3247 2144 3541 2211; x_wconf 87' lang='grc' dir='ltr'>μετάνοιάν</span> <span class='ocrx_word' id='word_1_360' title='bbox 3567 2160 3716 2205; x_wconf 84' lang='grc' dir='ltr'>τινες</span> 
     </span>
    </p>
   </div>
   <div class='ocr_carea' id='block_1_53' title="bbox 2134 2232 3717 2303">
    <p class='ocr_par' dir='ltr' id='par_1_53' title="bbox 2134 2232 3717 2303">
     <span class='ocr_line' id='line_1_53' title="bbox 2134 2232 3717 2303; baseline 0 -18"><span class='ocrx_word' id='word_1_361' title='bbox 2134 2233 2480 2296; x_wconf 76' lang='grc' dir='ltr'>ὑπεδείξαντο</span> <span class='ocrx_word' id='word_1_362' title='bbox 2511 2233 2620 2286; x_wconf 81' lang='grc' dir='ltr'>τῶν</span> <span class='ocrx_word' id='word_1_363' title='bbox 2654 2233 2869 2286; x_wconf 84' lang='grc' dir='ltr'>ἀτόπων</span> <span class='ocrx_word' id='word_1_364' title='bbox 2900 2234 3082 2296; x_wconf 80' lang='grc' dir='ltr'>αὐτοῖς</span> <span class='ocrx_word' id='word_1_365' title='bbox 3115 2233 3473 2303; x_wconf 78' lang='grc' dir='ltr'>πραχθέντων</span> <span class='ocrx_word' id='word_1_366' title='bbox 3505 2232 3717 2303; x_wconf 78' lang='grc' dir='ltr'>ταύτην</span> 
     </span>
    </p>
   </div>
   <div class='ocr_carea' id='block_1_54' title="bbox 2133 2322 3711 2394">
    <p class='ocr_par' dir='ltr' id='par_1_54' title="bbox 2133 2322 3711 2394">
     <span class='ocr_line' id='line_1_54' title="bbox 2133 2322 3711 2394; baseline -0.001 -18"><span class='ocrx_word' id='word_1_367' title='bbox 2133 2324 2418 2394; x_wconf 78' lang='grc' dir='ltr'>ἐνάμιλλον</span> <span class='ocrx_word' id='word_1_368' title='bbox 2462 2324 2647 2387; x_wconf 82' lang='grc' dir='ltr'>αὐτοῖς</span> <span class='ocrx_word' id='word_1_369' title='bbox 2695 2325 3149 2393; x_wconf 82' lang='grc' dir='ltr'>άντιστήσαντες,</span> <span class='ocrx_word' id='word_1_370' title='bbox 3185 2322 3298 2376; x_wconf 82' lang='grc' dir='ltr'>ἀλλ’</span> <span class='ocrx_word' id='word_1_371' title='bbox 3351 2324 3505 2392; x_wconf 85' lang='grc' dir='ltr'>ὅμως</span> <span class='ocrx_word' id='word_1_372' title='bbox 3564 2324 3711 2391; x_wconf 80' lang='grc' dir='ltr'>σαφῆ</span> 
     </span>
    </p>
   </div>
   <div class='ocr_carea' id='block_1_55' title="bbox 2132 2412 3712 2486">
    <p class='ocr_par' dir='ltr' id='par_1_55' title="bbox 2132 2412 3712 2486">
     <span class='ocr_line' id='line_1_55' title="bbox 2132 2412 3712 2486; baseline 0.001 -21"><span class='ocrx_word' id='word_1_373' title='bbox 2132 2414 2229 2485; x_wconf 82' lang='grc' dir='ltr'>τὴν</span> <span class='ocrx_word' id='word_1_374' title='bbox 2278 2414 2626 2485; x_wconf 84' lang='grc' dir='ltr'>συγχώρησιν</span> <span class='ocrx_word' id='word_1_375' title='bbox 2664 2414 2979 2483; x_wconf 73' lang='grc' dir='ltr'>ἠλπικότες,</span> <span class='ocrx_word' id='word_1_376' title='bbox 3031 2414 3123 2466; x_wconf 82' lang='grc' dir='ltr'>τοῦ</span> <span class='ocrx_word' id='word_1_377' title='bbox 3157 2412 3461 2483; x_wconf 81' lang='grc' dir='ltr'>δυναμένου</span> <span class='ocrx_word' id='word_1_378' title='bbox 3500 2413 3712 2486; x_wconf 77' lang='grc' dir='ltr'>ταύτην</span> 
     </span>
    </p>
   </div>
   <div class='ocr_carea' id='block_1_56' title="bbox 2132 2508 3705 2584">
    <p class='ocr_par' dir='ltr' id='par_1_56' title="bbox 2132 2508 3705 2584">
     <span class='ocr_line' id='line_1_56' title="bbox 2132 2508 3705 2584; baseline 0.002 -23"><span class='ocrx_word' id='word_1_379' title='bbox 2132 2513 2436 2579; x_wconf 83' lang='grc' dir='ltr'>παρασχεῖν</span> <span class='ocrx_word' id='word_1_380' title='bbox 2476 2509 2572 2580; x_wconf 83' lang='grc' dir='ltr'>οὐχ</span> <span class='ocrx_word' id='word_1_381' title='bbox 2618 2510 2953 2581; x_wconf 69' lang='grc' dir='ltr'>ἑωραμένον,</span> <span class='ocrx_word' id='word_1_382' title='bbox 2999 2509 3151 2566; x_wconf 78' lang='grc' dir='ltr'>οὗπω</span> <span class='ocrx_word' id='word_1_383' title='bbox 3181 2508 3385 2584; x_wconf 81' lang='grc' dir='ltr'>ταύτης</span> <span class='ocrx_word' id='word_1_384' title='bbox 3416 2514 3705 2581; x_wconf 73' lang='grc' dir='ltr'>ἐπέτυχον.</span> 
     </span>
    </p>
   </div>
   <div class='ocr_carea' id='block_1_57' title="bbox 2130 2597 3709 2673">
    <p class='ocr_par' dir='ltr' id='par_1_57' title="bbox 2130 2597 3709 2673">
     <span class='ocr_line' id='line_1_57' title="bbox 2130 2597 3709 2673; baseline 0.002 -23"><span class='ocrx_word' id='word_1_385' title='bbox 2130 2600 2229 2651; x_wconf 77' lang='grc' dir='ltr'>Διὰ</span> <span class='ocrx_word' id='word_1_386' title='bbox 2263 2597 2420 2652; x_wconf 79' lang='grc' dir='ltr'><strong>τοῦτο</strong></span> <span class='ocrx_word' id='word_1_387' title='bbox 2466 2601 2564 2669; x_wconf 82' lang='grc' dir='ltr'>μὲν</span> <span class='ocrx_word' id='word_1_388' title='bbox 2594 2601 2688 2652; x_wconf 78' lang='grc' dir='ltr'>καὶ</span> <span class='ocrx_word' id='word_1_389' title='bbox 2737 2603 2770 2670; x_wconf 79' lang='grc' dir='ltr'><strong>ἡ</strong></span> <span class='ocrx_word' id='word_1_390' title='bbox 2813 2602 3041 2671; x_wconf 84' lang='grc' dir='ltr'>δευτέρα</span> <span class='ocrx_word' id='word_1_391' title='bbox 3074 2604 3132 2654; x_wconf 82' lang='grc' dir='ltr'>ὲν</span> <span class='ocrx_word' id='word_1_392' title='bbox 3164 2604 3293 2673; x_wconf 72' lang='grc' dir='ltr'>ᾅδου</span> <span class='ocrx_word' id='word_1_393' title='bbox 3320 2603 3600 2673; x_wconf 75' lang='grc' dir='ltr'>διατριϐή.</span> <span class='ocrx_word' id='word_1_394' title='bbox 3646 2601 3709 2653; x_wconf 82' lang='grc' dir='ltr'>Ἢ</span> 
     </span>
    </p>
   </div>
   <div class='ocr_carea' id='block_1_58' title="bbox 2130 2690 3708 2764">
    <p class='ocr_par' dir='ltr' id='par_1_58' title="bbox 2130 2690 3708 2764">
     <span class='ocr_line' id='line_1_58' title="bbox 2130 2690 3708 2764; baseline 0.002 -23"><span class='ocrx_word' id='word_1_395' title='bbox 2130 2691 2285 2760; x_wconf 85' lang='grc' dir='ltr'>τρίτη</span> <span class='ocrx_word' id='word_1_396' title='bbox 2313 2691 2391 2753; x_wconf 73' lang='grc' dir='ltr'>δὲ,</span> <span class='ocrx_word' id='word_1_397' title='bbox 2417 2690 2539 2743; x_wconf 83' lang='grc' dir='ltr'>καθ’</span> <span class='ocrx_word' id='word_1_398' title='bbox 2563 2693 2628 2759; x_wconf 83' lang='grc' dir='ltr'>ἣν</span> <span class='ocrx_word' id='word_1_399' title='bbox 2658 2692 2752 2743; x_wconf 74' lang='grc' dir='ltr'>καὶ</span> <span class='ocrx_word' id='word_1_400' title='bbox 2774 2692 2994 2760; x_wconf 83' lang='grc' dir='ltr'>ἀνέστη.</span> <span class='ocrx_word' id='word_1_401' title='bbox 3026 2693 3149 2745; x_wconf 87' lang='grc' dir='ltr'>’Ότι</span> <span class='ocrx_word' id='word_1_402' title='bbox 3181 2694 3315 2763; x_wconf 79' lang='grc' dir='ltr'>μηδὲ</span> <span class='ocrx_word' id='word_1_403' title='bbox 3341 2697 3408 2764; x_wconf 77' lang='grc' dir='ltr'><strong>τῇ</strong></span> <span class='ocrx_word' id='word_1_404' title='bbox 3435 2693 3708 2763; x_wconf 72' lang='grc' dir='ltr'>διαφθορᾷ</span> 
     </span>
    </p>
   </div>
   <div class='ocr_carea' id='block_1_59' title="bbox 2132 2776 3705 2854">
    <p class='ocr_par' dir='ltr' id='par_1_59' title="bbox 2132 2776 3705 2854">
     <span class='ocr_line' id='line_1_59' title="bbox 2132 2776 3705 2854; baseline 0 -20"><span class='ocrx_word' id='word_1_405' title='bbox 2132 2781 2476 2851; x_wconf 80' lang='grc' dir='ltr'>κρατηθῆναι</span> <span class='ocrx_word' id='word_1_406' title='bbox 2494 2776 2604 2835; x_wconf 79' lang='grc' dir='ltr'>οἷόν</span> <span class='ocrx_word' id='word_1_407' title='bbox 2617 2799 2676 2835; x_wconf 88' lang='grc' dir='ltr'><strong>τε</strong></span> <span class='ocrx_word' id='word_1_408' title='bbox 2693 2783 2792 2849; x_wconf 81' lang='grc' dir='ltr'>τὴν</span> <span class='ocrx_word' id='word_1_409' title='bbox 2811 2784 3087 2854; x_wconf 79' lang='grc' dir='ltr'>αὐτοζωήν</span> <span class='ocrx_word' id='word_1_410' title='bbox 3111 2786 3245 2854; x_wconf 74' lang='lat'><strong>(25).</strong></span> <span class='ocrx_word' id='word_1_411' title='bbox 3264 2785 3374 2837; x_wconf 74' lang='grc' dir='ltr'><strong>Καὶ</strong></span> <span class='ocrx_word' id='word_1_412' title='bbox 3391 2786 3431 2835; x_wconf 81' lang='grc' dir='ltr'>ό-</span> <span class='ocrx_word' id='word_1_413' title='bbox 3444 2784 3547 2853; x_wconf 85' lang='grc' dir='ltr'>μὲν</span> <span class='ocrx_word' id='word_1_414' title='bbox 3566 2786 3705 2845; x_wconf 80' lang='grc' dir='ltr'>σῖτος</span> 
     </span>
    </p>
   </div>
   <div class='ocr_carea' id='block_1_60' title="bbox 2130 2872 3706 2945">
    <p class='ocr_par' dir='ltr' id='par_1_60' title="bbox 2130 2872 3706 2945">
     <span class='ocr_line' id='line_1_60' title="bbox 2130 2872 3706 2945; baseline 0.001 -21"><span class='ocrx_word' id='word_1_415' title='bbox 2130 2874 2158 2924; x_wconf 85' lang='grc' dir='ltr'><strong>ό</strong></span> <span class='ocrx_word' id='word_1_416' title='bbox 2188 2872 2539 2940; x_wconf 78' lang='grc' dir='ltr'>εὐαγγελικὸς</span> <span class='ocrx_word' id='word_1_417' title='bbox 2578 2873 2643 2925; x_wconf 80' lang='grc' dir='ltr'>ἂν</span> <span class='ocrx_word' id='word_1_418' title='bbox 2684 2875 2769 2943; x_wconf 90' lang='grc' dir='ltr'>εῐη</span> <span class='ocrx_word' id='word_1_419' title='bbox 2812 2875 2905 2926; x_wconf 83' lang='grc' dir='ltr'>καὶ</span> <span class='ocrx_word' id='word_1_420' title='bbox 2944 2876 3205 2945; x_wconf 79' lang='grc' dir='ltr'>σωτήριος</span> <span class='ocrx_word' id='word_1_421' title='bbox 3235 2875 3413 2943; x_wconf 80' lang='grc' dir='ltr'>λόγος,</span> <span class='ocrx_word' id='word_1_422' title='bbox 3444 2875 3542 2927; x_wconf 74' lang='grc' dir='ltr'>καὶ</span> <span class='ocrx_word' id='word_1_423' title='bbox 3573 2875 3706 2942; x_wconf 79' lang='grc' dir='ltr'><strong>πρέ-</strong></span> 
     </span>
    </p>
   </div>
   <div class='ocr_carea' id='block_1_61' title="bbox 2133 2962 3705 3035">
    <p class='ocr_par' dir='ltr' id='par_1_61' title="bbox 2133 2962 3705 3035">
     <span class='ocr_line' id='line_1_61' title="bbox 2133 2962 3705 3035; baseline 0 -22"><span class='ocrx_word' id='word_1_424' title='bbox 2133 2980 2249 3015; x_wconf 84' lang='grc' dir='ltr'><strong>πων</strong></span> <span class='ocrx_word' id='word_1_425' title='bbox 2274 2963 2496 3033; x_wconf 85' lang='grc' dir='ltr'>ἀνδράσι</span> <span class='ocrx_word' id='word_1_426' title='bbox 2523 2962 2749 3025; x_wconf 86' lang='grc' dir='ltr'>τελείοις</span> <span class='ocrx_word' id='word_1_427' title='bbox 2777 2967 2888 3027; x_wconf 86' lang='grc' dir='ltr'>τοῖς</span> <span class='ocrx_word' id='word_1_428' title='bbox 2928 2964 2996 3017; x_wconf 79' lang='grc' dir='ltr'>τὰ</span> <span class='ocrx_word' id='word_1_429' title='bbox 3030 2965 3358 3035; x_wconf 80' lang='grc' dir='ltr'>αἰσθητήρια</span> <span class='ocrx_word' id='word_1_430' title='bbox 3388 2964 3580 3034; x_wconf 75' lang='grc' dir='ltr'>ἔχουσι</span> <span class='ocrx_word' id='word_1_431' title='bbox 3613 2980 3705 3031; x_wconf 84' lang='grc' dir='ltr'>γε-</span> 
     </span>
    </p>
   </div>
   <div class='ocr_carea' id='block_1_62' title="bbox 2129 3053 3703 3124">
    <p class='ocr_par' dir='ltr' id='par_1_62' title="bbox 2129 3053 3703 3124">
     <span class='ocr_line' id='line_1_62' title="bbox 2129 3053 3703 3124; baseline 0 -19"><span class='ocrx_word' id='word_1_432' title='bbox 2129 3053 2489 3123; x_wconf 82' lang='grc' dir='ltr'>γυμνασμένα</span> <span class='ocrx_word' id='word_1_433' title='bbox 2518 3054 2653 3124; x_wconf 81' lang='grc' dir='ltr'>πρὸς</span> <span class='ocrx_word' id='word_1_434' title='bbox 2681 3054 2950 3124; x_wconf 87' lang='grc' dir='ltr'>διάκρισιν</span> <span class='ocrx_word' id='word_1_435' title='bbox 2982 3054 3147 3108; x_wconf 82' lang='grc' dir='ltr'>καλοῦ</span> <span class='ocrx_word' id='word_1_436' title='bbox 3172 3059 3267 3108; x_wconf 73' lang='grc' dir='ltr'><strong>καὶ</strong></span> <span class='ocrx_word' id='word_1_437' title='bbox 3297 3054 3494 3107; x_wconf 77' lang='grc' dir='ltr'>κακοῦ.</span> <span class='ocrx_word' id='word_1_438' title='bbox 3527 3053 3703 3124; x_wconf 82' lang='grc' dir='ltr'>Κριθὴ</span> 
     </span>
    </p>
   </div>
   <div class='ocr_carea' id='block_1_63' title="bbox 2131 3145 3702 3217">
    <p class='ocr_par' dir='ltr' id='par_1_63' title="bbox 2131 3145 3702 3217">
     <span class='ocr_line' id='line_1_63' title="bbox 2131 3145 3702 3217; baseline -0.001 -20"><span class='ocrx_word' id='word_1_439' title='bbox 2131 3145 2187 3197; x_wconf 83' lang='grc' dir='ltr'>δὲ</span> <span class='ocrx_word' id='word_1_440' title='bbox 2216 3149 2247 3214; x_wconf 82' lang='grc' dir='ltr'>ἡ</span> <span class='ocrx_word' id='word_1_441' title='bbox 2298 3146 2574 3208; x_wconf 78' lang='grc' dir='ltr'>Μωῡσέως</span> <span class='ocrx_word' id='word_1_442' title='bbox 2606 3145 2917 3215; x_wconf 80' lang='grc' dir='ltr'>νομοθεσία,</span> <span class='ocrx_word' id='word_1_443' title='bbox 2945 3145 3132 3216; x_wconf 78' lang='grc' dir='ltr'>ὥσπερ</span> <span class='ocrx_word' id='word_1_444' title='bbox 3157 3148 3189 3217; x_wconf 83' lang='grc' dir='ltr'><strong>ή</strong></span> <span class='ocrx_word' id='word_1_445' title='bbox 3219 3145 3380 3217; x_wconf 82' lang='grc' dir='ltr'>κριθὴ</span> <span class='ocrx_word' id='word_1_446' title='bbox 3412 3146 3702 3216; x_wconf 81' lang='grc' dir='ltr'>προακμά-</span> 
     </span>
    </p>
   </div>
   <div class='ocr_carea' id='block_1_64' title="bbox 457 3205 2056 3307">
    <p class='ocr_par' dir='ltr' id='par_1_64' title="bbox 457 3231 2056 3301">
     <span class='ocr_line' id='line_1_64' title="bbox 457 3231 2056 3301; baseline 0.006 -10"><span class='ocrx_word' id='word_1_447' title='bbox 457 3239 785 3293; x_wconf 81' lang='lat' dir='ltr'><strong>exercitatos</strong></span> <span class='ocrx_word' id='word_1_448' title='bbox 808 3240 874 3293; x_wconf 91' lang='lat' dir='ltr'><strong>ad</strong></span> <span class='ocrx_word' id='word_1_449' title='bbox 896 3240 1283 3297; x_wconf 88' lang='lat' dir='ltr'><strong>discretionem</strong></span> <span class='ocrx_word' id='word_1_450' title='bbox 1324 3244 1448 3297; x_wconf 89' lang='lat' dir='ltr'><strong>boni</strong></span> <span class='ocrx_word' id='word_1_451' title='bbox 1483 3259 1547 3299; x_wconf 86' lang='lat' dir='ltr'><strong>ac</strong></span> <span class='ocrx_word' id='word_1_452' title='bbox 1571 3246 1697 3299; x_wconf 90' lang='lat' dir='ltr'><strong>mali</strong></span> <span class='ocrx_word' id='word_1_453' title='bbox 1723 3264 1735 3299; x_wconf 94' lang='lat'>:</span> <span class='ocrx_word' id='word_1_454' title='bbox 1762 3247 2024 3301; x_wconf 88' lang='lat' dir='ltr'><strong>hordeum</strong></span> <span class='ocrx_word' id='word_1_455' title='bbox 2054 3231 2056 3253; x_wconf 60' lang='grc'><em>⁴</em></span> 
     </span>
    </p>
   </div>
   <div class='ocr_carea' id='block_1_65' title="bbox 2131 3205 3701 3307">
    <p class='ocr_par' dir='ltr' id='par_1_65' title="bbox 2134 3234 3701 3307">
     <span class='ocr_line' id='line_1_65' title="bbox 2134 3234 3701 3307; baseline -0.001 -18"><span class='ocrx_word' id='word_1_456' title='bbox 2134 3253 2276 3289; x_wconf 90' lang='grc' dir='ltr'>σασα</span> <span class='ocrx_word' id='word_1_457' title='bbox 2313 3235 2407 3288; x_wconf 81' lang='grc' dir='ltr'><strong>τοῦ</strong></span> <span class='ocrx_word' id='word_1_458' title='bbox 2458 3236 2627 3302; x_wconf 80' lang='grc' dir='ltr'>σίτου,</span> <span class='ocrx_word' id='word_1_459' title='bbox 2674 3236 2817 3289; x_wconf 73' lang='grc' dir='ltr'>οὕτω</span> <span class='ocrx_word' id='word_1_460' title='bbox 2869 3237 2962 3289; x_wconf 76' lang='grc' dir='ltr'>καὶ</span> <span class='ocrx_word' id='word_1_461' title='bbox 3001 3238 3140 3307; x_wconf 81' lang='grc' dir='ltr'>αὑτὴ</span> <span class='ocrx_word' id='word_1_462' title='bbox 3195 3236 3289 3289; x_wconf 82' lang='grc' dir='ltr'>τοῦ</span> <span class='ocrx_word' id='word_1_463' title='bbox 3338 3234 3701 3304; x_wconf 79' lang='grc' dir='ltr'>εὐαγγελικοῦ</span> 
     </span>
    </p>
   </div>
   <div class='ocr_carea' id='block_1_66' title="bbox 456 3327 2056 3400">
    <p class='ocr_par' dir='ltr' id='par_1_66' title="bbox 456 3327 2028 3398">
     <span class='ocr_line' id='line_1_66' title="bbox 456 3327 2028 3398; baseline 0.003 -18"><span class='ocrx_word' id='word_1_464' title='bbox 456 3342 589 3381; x_wconf 86' lang='lat' dir='ltr'><strong>vero</strong></span> <span class='ocrx_word' id='word_1_465' title='bbox 618 3328 724 3383; x_wconf 87' lang='lat' dir='ltr'><strong>erit</strong></span> <span class='ocrx_word' id='word_1_466' title='bbox 752 3327 892 3383; x_wconf 82' lang='lat' dir='ltr'><strong>Mosi</strong></span> <span class='ocrx_word' id='word_1_467' title='bbox 939 3329 1231 3398; x_wconf 85' lang='lat' dir='ltr'><strong>legislatio.</strong></span> <span class='ocrx_word' id='word_1_468' title='bbox 1263 3328 1399 3384; x_wconf 85' lang='lat' dir='ltr'><strong>Nam</strong></span> <span class='ocrx_word' id='word_1_469' title='bbox 1433 3332 1577 3385; x_wconf 90' lang='lat' dir='ltr'><strong>sicut</strong></span> <span class='ocrx_word' id='word_1_470' title='bbox 1604 3331 1869 3387; x_wconf 86' lang='lat' dir='ltr'><strong>hordeum</strong></span> <span class='ocrx_word' id='word_1_471' title='bbox 1900 3341 2028 3386; x_wconf 88' lang='lat' dir='ltr'><strong>ante</strong></span> 
     </span>
    </p>
   </div>
   <div class='ocr_carea' id='block_1_67' title="bbox 2131 3327 3700 3400">
    <p class='ocr_par' dir='ltr' id='par_1_67' title="bbox 2131 3328 3700 3400">
     <span class='ocr_line' id='line_1_67' title="bbox 2131 3328 3700 3400; baseline -0.002 -18"><span class='ocrx_word' id='word_1_472' title='bbox 2131 3328 2501 3398; x_wconf 83' lang='grc' dir='ltr'>κηρύγματος,</span> <span class='ocrx_word' id='word_1_473' title='bbox 2528 3330 2621 3381; x_wconf 77' lang='grc' dir='ltr'>καὶ</span> <span class='ocrx_word' id='word_1_474' title='bbox 2643 3328 2913 3399; x_wconf 81' lang='grc' dir='ltr'>τρέφουσα</span> <span class='ocrx_word' id='word_1_475' title='bbox 2943 3328 3069 3390; x_wconf 73' lang='grc' dir='ltr'>τοὺς</span> <span class='ocrx_word' id='word_1_476' title='bbox 3101 3329 3572 3400; x_wconf 83' lang='grc' dir='ltr'>κτηνωδεστὲρους</span> <span class='ocrx_word' id='word_1_477' title='bbox 3607 3328 3700 3379; x_wconf 84' lang='grc' dir='ltr'><strong>ἀν-</strong></span> 
     </span>
    </p>
   </div>
   <div class='ocr_carea' id='block_1_68' title="bbox 455 3418 2056 3493">
    <p class='ocr_par' dir='ltr' id='par_1_68' title="bbox 455 3418 2024 3493">
     <span class='ocr_line' id='line_1_68' title="bbox 455 3418 2024 3493; baseline 0.002 -21"><span class='ocrx_word' id='word_1_478' title='bbox 455 3418 696 3473; x_wconf 81' lang='lat' dir='ltr'><strong>triticum</strong></span> <span class='ocrx_word' id='word_1_479' title='bbox 727 3420 1067 3483; x_wconf 87' lang='lat' dir='ltr'><strong>maturescit,</strong></span> <span class='ocrx_word' id='word_1_480' title='bbox 1101 3419 1175 3474; x_wconf 89' lang='lat' dir='ltr'><strong>ita</strong></span> <span class='ocrx_word' id='word_1_481' title='bbox 1208 3429 1262 3474; x_wconf 87' lang='lat' dir='ltr'><strong>et</strong></span> <span class='ocrx_word' id='word_1_482' title='bbox 1289 3420 1402 3476; x_wconf 75' lang='lat' dir='ltr'><strong>lucc</strong></span> <span class='ocrx_word' id='word_1_483' title='bbox 1427 3430 1552 3475; x_wconf 88' lang='lat' dir='ltr'><strong>ante</strong></span> <span class='ocrx_word' id='word_1_484' title='bbox 1583 3421 2024 3493; x_wconf 69' lang='lat' dir='ltr'><strong>prmdicationem</strong></span> 
     </span>
    </p>
   </div>
   <div class='ocr_carea' id='block_1_69' title="bbox 2131 3418 3699 3493">
    <p class='ocr_par' dir='ltr' id='par_1_69' title="bbox 2131 3419 3699 3492">
     <span class='ocr_line' id='line_1_69' title="bbox 2131 3419 3699 3492; baseline -0.001 -19"><span class='ocrx_word' id='word_1_485' title='bbox 2131 3419 2402 3491; x_wconf 82' lang='grc' dir='ltr'>θρώπους,</span> <span class='ocrx_word' id='word_1_486' title='bbox 2438 3421 2561 3482; x_wconf 83' lang='grc' dir='ltr'>τοὺς</span> <span class='ocrx_word' id='word_1_487' title='bbox 2599 3419 2977 3490; x_wconf 81' lang='grc' dir='ltr'>διακειμένους</span> <span class='ocrx_word' id='word_1_488' title='bbox 3005 3422 3133 3492; x_wconf 61' lang='grc' dir='ltr'><strong>’περί¹</strong></span> <span class='ocrx_word' id='word_1_489' title='bbox 3163 3421 3230 3474; x_wconf 77' lang='grc' dir='ltr'><strong>τὰ</strong></span> <span class='ocrx_word' id='word_1_490' title='bbox 3260 3420 3377 3473; x_wconf 88' lang='grc' dir='ltr'>θεῖα</span> <span class='ocrx_word' id='word_1_491' title='bbox 3429 3419 3699 3490; x_wconf 84' lang='grc' dir='ltr'>Ἰσραηλί-</span> 
     </span>
    </p>
   </div>
   <div class='ocr_carea' id='block_1_70' title="bbox 454 3508 2056 3583">
    <p class='ocr_par' dir='ltr' id='par_1_70' title="bbox 454 3509 2028 3582">
     <span class='ocr_line' id='line_1_70' title="bbox 454 3509 2028 3582; baseline 0.002 -19"><span class='ocrx_word' id='word_1_492' title='bbox 454 3511 848 3579; x_wconf 86' lang='lat' dir='ltr'><strong>evangelicam,</strong></span> <span class='ocrx_word' id='word_1_493' title='bbox 881 3510 1037 3565; x_wconf 86' lang='lat' dir='ltr'><strong>alens</strong></span> <span class='ocrx_word' id='word_1_494' title='bbox 1065 3509 1319 3565; x_wconf 82' lang='lat' dir='ltr'><strong>homines</strong></span> <span class='ocrx_word' id='word_1_495' title='bbox 1344 3513 1518 3582; x_wconf 89' lang='lat' dir='ltr'><strong>magis</strong></span> <span class='ocrx_word' id='word_1_496' title='bbox 1541 3512 1806 3575; x_wconf 86' lang='lat' dir='ltr'><strong>brutales,</strong></span> <span class='ocrx_word' id='word_1_497' title='bbox 1835 3527 2028 3582; x_wconf 86' lang='lat' dir='ltr'><strong>nempe</strong></span> 
     </span>
    </p>
   </div>
   <div class='ocr_carea' id='block_1_71' title="bbox 2131 3508 3702 3583">
    <p class='ocr_par' dir='ltr' id='par_1_71' title="bbox 2131 3508 3702 3583">
     <span class='ocr_line' id='line_1_71' title="bbox 2131 3508 3702 3583; baseline -0.001 -20"><span class='ocrx_word' id='word_1_498' title='bbox 2131 3528 2246 3573; x_wconf 91' lang='grc' dir='ltr'>τας,</span> <span class='ocrx_word' id='word_1_499' title='bbox 2276 3512 2444 3579; x_wconf 72' lang='grc' dir='ltr'>Φησὶν</span> <span class='ocrx_word' id='word_1_500' title='bbox 2468 3508 2561 3564; x_wconf 76' lang='grc' dir='ltr'>οὖν</span> <span class='ocrx_word' id='word_1_501' title='bbox 2587 3514 2614 3563; x_wconf 88' lang='grc' dir='ltr'><strong>ό</strong></span> <span class='ocrx_word' id='word_1_502' title='bbox 2646 3512 3004 3581; x_wconf 75' lang='grc' dir='ltr'>χρηματίζων</span> <span class='ocrx_word' id='word_1_503' title='bbox 3026 3512 3083 3564; x_wconf 81' lang='grc' dir='ltr'>ἐν</span> <span class='ocrx_word' id='word_1_504' title='bbox 3114 3513 3260 3583; x_wconf 83' lang='grc' dir='ltr'>μέσῳ</span> <span class='ocrx_word' id='word_1_505' title='bbox 3280 3512 3389 3564; x_wconf 80' lang='grc' dir='ltr'>τῶν</span> <span class='ocrx_word' id='word_1_506' title='bbox 3418 3511 3702 3581; x_wconf 87' lang='grc' dir='ltr'>τεσσάρων</span> 
     </span>
    </p>
   </div>
   <div class='ocr_carea' id='block_1_72' title="bbox 452 3598 2056 3674">
    <p class='ocr_par' dir='ltr' id='par_1_72' title="bbox 452 3598 2029 3674">
     <span class='ocr_line' id='line_1_72' title="bbox 452 3598 2029 3674; baseline 0.003 -21"><span class='ocrx_word' id='word_1_507' title='bbox 452 3598 729 3656; x_wconf 88' lang='lat' dir='ltr'><strong>lsraelitas</strong></span> <span class='ocrx_word' id='word_1_508' title='bbox 759 3601 835 3655; x_wconf 87' lang='lat' dir='ltr'><strong>ita</strong></span> <span class='ocrx_word' id='word_1_509' title='bbox 870 3616 1058 3657; x_wconf 86' lang='lat' dir='ltr'><strong>crasse</strong></span> <span class='ocrx_word' id='word_1_510' title='bbox 1098 3602 1325 3657; x_wconf 70' lang='lat' dir='ltr'><strong>allectos</strong></span> <span class='ocrx_word' id='word_1_511' title='bbox 1355 3606 1422 3657; x_wconf 89' lang='lat' dir='ltr'><strong>ad</strong></span> <span class='ocrx_word' id='word_1_512' title='bbox 1455 3604 1659 3658; x_wconf 86' lang='lat' dir='ltr'><strong>divina.</strong></span> <span class='ocrx_word' id='word_1_513' title='bbox 1692 3604 1782 3657; x_wconf 83' lang='lat' dir='ltr'><strong>Ait</strong></span> <span class='ocrx_word' id='word_1_514' title='bbox 1810 3619 1942 3674; x_wconf 87' lang='lat' dir='ltr'><strong>ergo</strong></span> <span class='ocrx_word' id='word_1_515' title='bbox 1981 3604 2029 3659; x_wconf 91' lang='lat' dir='ltr'><strong>is</strong></span> 
     </span>
    </p>
   </div>
   <div class='ocr_carea' id='block_1_73' title="bbox 2131 3598 3697 3674">
    <p class='ocr_par' dir='ltr' id='par_1_73' title="bbox 2131 3602 3697 3673">
     <span class='ocr_line' id='line_1_73' title="bbox 2131 3602 3697 3673; baseline -0.001 -18"><span class='ocrx_word' id='word_1_516' title='bbox 2131 3603 2303 3668; x_wconf 79' lang='grc' dir='ltr'>ζώων,</span> <span class='ocrx_word' id='word_1_517' title='bbox 2327 3602 2582 3673; x_wconf 86' lang='grc' dir='ltr'>δηναρίου</span> <span class='ocrx_word' id='word_1_518' title='bbox 2608 3604 2706 3673; x_wconf 84' lang='grc' dir='ltr'>μὲν</span> <span class='ocrx_word' id='word_1_519' title='bbox 2727 3603 3021 3656; x_wconf 86' lang='grc' dir='ltr'>ἀποδόσθαι</span> <span class='ocrx_word' id='word_1_520' title='bbox 3046 3603 3135 3656; x_wconf 84' lang='grc' dir='ltr'>τὸν</span> <span class='ocrx_word' id='word_1_521' title='bbox 3160 3604 3374 3672; x_wconf 90' lang='grc' dir='ltr'>χοίνικα</span> <span class='ocrx_word' id='word_1_522' title='bbox 3399 3602 3497 3655; x_wconf 79' lang='grc' dir='ltr'>τοῦ</span> <span class='ocrx_word' id='word_1_523' title='bbox 3532 3602 3697 3665; x_wconf 80' lang='grc' dir='ltr'>σίτου,</span> 
     </span>
    </p>
   </div>
   <div class='ocr_carea' id='block_1_74' title="bbox 453 3690 2056 3764">
    <p class='ocr_par' dir='ltr' id='par_1_74' title="bbox 453 3690 2029 3763">
     <span class='ocr_line' id='line_1_74' title="bbox 453 3690 2029 3763; baseline 0.003 -21"><span class='ocrx_word' id='word_1_524' title='bbox 453 3690 547 3757; x_wconf 91' lang='lat' dir='ltr'><strong>qui</strong></span> <span class='ocrx_word' id='word_1_525' title='bbox 580 3691 765 3746; x_wconf 86' lang='lat' dir='ltr'><strong>divina</strong></span> <span class='ocrx_word' id='word_1_526' title='bbox 810 3691 970 3746; x_wconf 87' lang='lat' dir='ltr'><strong>nobis</strong></span> <span class='ocrx_word' id='word_1_527' title='bbox 1016 3693 1110 3747; x_wconf 89' lang='lat' dir='ltr'><strong>dat</strong></span> <span class='ocrx_word' id='word_1_528' title='bbox 1167 3708 1428 3762; x_wconf 88' lang='lat' dir='ltr'><strong>responsa</strong></span> <span class='ocrx_word' id='word_1_529' title='bbox 1474 3694 1529 3747; x_wconf 92' lang='lat' dir='ltr'><strong>in</strong></span> <span class='ocrx_word' id='word_1_530' title='bbox 1562 3694 1740 3748; x_wconf 88' lang='lat' dir='ltr'><strong>medio</strong></span> <span class='ocrx_word' id='word_1_531' title='bbox 1791 3702 2029 3763; x_wconf 83' lang='lat' dir='ltr'><strong>quatuor</strong></span> 
     </span>
    </p>
   </div>
   <div class='ocr_carea' id='block_1_75' title="bbox 2131 3690 3699 3764">
    <p class='ocr_par' dir='ltr' id='par_1_75' title="bbox 2135 3693 3699 3764">
     <span class='ocr_line' id='line_1_75' title="bbox 2135 3693 3699 3764; baseline 0 -18"><span class='ocrx_word' id='word_1_532' title='bbox 2135 3696 2302 3764; x_wconf 69' lang='grc' dir='ltr'>τριείν</span> <span class='ocrx_word' id='word_1_533' title='bbox 2330 3693 2387 3747; x_wconf 79' lang='grc' dir='ltr'>δὲ</span> <span class='ocrx_word' id='word_1_534' title='bbox 2416 3695 2513 3764; x_wconf 83' lang='grc' dir='ltr'><strong>τῆς</strong></span> <span class='ocrx_word' id='word_1_535' title='bbox 2542 3694 2758 3764; x_wconf 79' lang='grc' dir='ltr'>κριθῆς,</span> <span class='ocrx_word' id='word_1_536' title='bbox 2791 3693 2864 3756; x_wconf 85' lang='grc' dir='ltr'>ὡς</span> <span class='ocrx_word' id='word_1_537' title='bbox 2894 3694 2987 3747; x_wconf 82' lang='grc' dir='ltr'>τοῦ</span> <span class='ocrx_word' id='word_1_538' title='bbox 3015 3694 3374 3763; x_wconf 80' lang='grc' dir='ltr'>εὐαγγελικοῦ</span> <span class='ocrx_word' id='word_1_539' title='bbox 3407 3693 3699 3764; x_wconf 83' lang='grc' dir='ltr'>κηρύγμα-</span> 
     </span>
    </p>
   </div>
   <div class='ocr_carea' id='block_1_76' title="bbox 455 3781 2056 3857">
    <p class='ocr_par' dir='ltr' id='par_1_76' title="bbox 455 3781 2027 3852">
     <span class='ocr_line' id='line_1_76' title="bbox 455 3781 2027 3852; baseline 0.004 -19"><span class='ocrx_word' id='word_1_540' title='bbox 455 3781 799 3847; x_wconf 83' lang='lat' dir='ltr'><strong>animalium,</strong></span> <span class='ocrx_word' id='word_1_541' title='bbox 846 3781 1013 3836; x_wconf 89' lang='lat' dir='ltr'><strong>tritici</strong></span> <span class='ocrx_word' id='word_1_542' title='bbox 1064 3783 1284 3852; x_wconf 88' lang='lat' dir='ltr'><strong>quidem</strong></span> <span class='ocrx_word' id='word_1_543' title='bbox 1324 3785 1629 3840; x_wconf 66' lang='lat' dir='ltr'><strong>chaeniccm</strong></span> <span class='ocrx_word' id='word_1_544' title='bbox 1660 3785 1820 3840; x_wconf 86' lang='lat' dir='ltr'><strong>vendi</strong></span> <span class='ocrx_word' id='word_1_545' title='bbox 1852 3784 2027 3839; x_wconf 88' lang='lat' dir='ltr'><strong>dena-</strong></span> 
     </span>
    </p>
   </div>
   <div class='ocr_carea' id='block_1_77' title="bbox 2131 3781 3612 3857">
    <p class='ocr_par' dir='ltr' id='par_1_77' title="bbox 2132 3786 3612 3857">
     <span class='ocr_line' id='line_1_77' title="bbox 2132 3786 3612 3857; baseline 0.003 -20"><span class='ocrx_word' id='word_1_546' title='bbox 2132 3802 2223 3849; x_wconf 90' lang='grc' dir='ltr'><strong>τος</strong></span> <span class='ocrx_word' id='word_1_547' title='bbox 2251 3786 2603 3857; x_wconf 84' lang='grc' dir='ltr'>ἁπορωτὲρου</span> <span class='ocrx_word' id='word_1_548' title='bbox 2633 3787 2782 3849; x_wconf 76' lang='grc' dir='ltr'>δντος</span> <span class='ocrx_word' id='word_1_549' title='bbox 2811 3787 2899 3840; x_wconf 80' lang='grc' dir='ltr'>διὰ</span> <span class='ocrx_word' id='word_1_550' title='bbox 2926 3786 2986 3840; x_wconf 52' lang='lat' dir='ltr'><strong>es</strong></span> <span class='ocrx_word' id='word_1_551' title='bbox 3013 3787 3105 3840; x_wconf 76' lang='grc' dir='ltr'>τοῦ</span> <span class='ocrx_word' id='word_1_552' title='bbox 3131 3786 3334 3857; x_wconf 75' lang='grc' dir='ltr'>βιϐλίου</span> <span class='ocrx_word' id='word_1_553' title='bbox 3362 3786 3612 3856; x_wconf 81' lang='grc' dir='ltr'>ἀκριϐές.</span> 
     </span>
    </p>
   </div>
   <div class='ocr_carea' id='block_1_78' title="bbox 454 3873 3694 3955">
    <p class='ocr_par' dir='ltr' id='par_1_78' title="bbox 454 3873 3694 3955">
     <span class='ocr_line' id='line_1_78' title="bbox 454 3873 3694 3955; baseline 0.002 -28"><span class='ocrx_word' id='word_1_554' title='bbox 454 3875 559 3939; x_wconf 89' lang='lat' dir='ltr'><strong>rio,</strong></span> <span class='ocrx_word' id='word_1_555' title='bbox 591 3873 784 3928; x_wconf 86' lang='lat' dir='ltr'><strong>hordei</strong></span> <span class='ocrx_word' id='word_1_556' title='bbox 813 3889 941 3930; x_wconf 82' lang='lat' dir='ltr'><strong>vero</strong></span> <span class='ocrx_word' id='word_1_557' title='bbox 988 3884 1098 3929; x_wconf 86' lang='lat' dir='ltr'><strong>tres</strong></span> <span class='ocrx_word' id='word_1_558' title='bbox 1129 3876 1405 3932; x_wconf 74' lang='lat' dir='ltr'><strong>chmnices</strong></span> <span class='ocrx_word' id='word_1_559' title='bbox 1438 3878 1601 3934; x_wconf 82' lang='lat' dir='ltr'><strong>etiam</strong></span> <span class='ocrx_word' id='word_1_560' title='bbox 1644 3880 1900 3947; x_wconf 88' lang='lat' dir='ltr'><strong>denario,</strong></span> <span class='ocrx_word' id='word_1_561' title='bbox 1945 3890 2203 3952; x_wconf 87' lang='lat' dir='ltr'><strong>tanquam</strong></span> <span class='ocrx_word' id='word_1_562' title='bbox 2246 3883 2424 3954; x_wconf 82' lang='lat' dir='ltr'><strong>major</strong></span> <span class='ocrx_word' id='word_1_563' title='bbox 2456 3883 2526 3939; x_wconf 90' lang='lat' dir='ltr'><strong>sit</strong></span> <span class='ocrx_word' id='word_1_564' title='bbox 2567 3883 2895 3955; x_wconf 75' lang='lat' dir='ltr'><strong>evangelicae</strong></span> <span class='ocrx_word' id='word_1_565' title='bbox 2956 3884 3357 3955; x_wconf 81' lang='lat' dir='ltr'><strong>praedicationis</strong></span> <span class='ocrx_word' id='word_1_566' title='bbox 3420 3882 3606 3954; x_wconf 85' lang='lat' dir='ltr'><strong>inopia</strong></span> <span class='ocrx_word' id='word_1_567' title='bbox 3627 3880 3694 3936; x_wconf 89' lang='lat' dir='ltr'><strong>ob</strong></span> 
     </span>
    </p>
   </div>
   <div class='ocr_carea' id='block_1_79' title="bbox 452 3962 1027 4035">
    <p class='ocr_par' dir='ltr' id='par_1_79' title="bbox 452 3962 1027 4035">
     <span class='ocr_line' id='line_1_79' title="bbox 452 3962 1027 4035; baseline 0.002 -16"><span class='ocrx_word' id='word_1_568' title='bbox 452 3964 578 4020; x_wconf 86' lang='lat' dir='ltr'><strong>libri</strong></span> <span class='ocrx_word' id='word_1_569' title='bbox 613 3962 1027 4035; x_wconf 83' lang='lat' dir='ltr'><strong>perfectionem.</strong></span> 
     </span>
    </p>
   </div>
   <div class='ocr_carea' id='block_1_80' title="bbox 1038 4075 1439 4135">
    <p class='ocr_par' dir='ltr' id='par_1_80' title="bbox 1038 4075 1439 4135">
     <span class='ocr_line' id='line_1_80' title="bbox 1038 4075 1439 4135; baseline 0.007 -3"><span class='ocrx_word' id='word_1_570' title='bbox 1038 4075 1269 4132; x_wconf 85' lang='lat' dir='ltr'><strong>CAPUT</strong></span> <span class='ocrx_word' id='word_1_571' title='bbox 1300 4077 1439 4135; x_wconf 78' lang='lat' dir='ltr'><strong>XVI.</strong></span> 
     </span>
    </p>
   </div>
   <div class='ocr_carea' id='block_1_81' title="bbox 451 4186 2029 4266">
    <p class='ocr_par' dir='ltr' id='par_1_81' title="bbox 451 4186 2029 4266">
     <span class='ocr_line' id='line_1_81' title="bbox 451 4186 2029 4266; baseline 0.006 -24"><span class='ocrx_word' id='word_1_572' title='bbox 451 4186 871 4266; x_wconf 68' lang='lat' dir='ltr'><strong>Solutio_quarti</strong></span> <span class='ocrx_word' id='word_1_573' title='bbox 906 4188 1070 4266; x_wconf 72' lang='lat' dir='ltr'><strong>sigilli</strong></span> <span class='ocrx_word' id='word_1_574' title='bbox 1108 4193 1458 4266; x_wconf 74' lang='lat' dir='ltr'><strong>manifestans</strong></span> <span class='ocrx_word' id='word_1_575' title='bbox 1494 4194 1714 4249; x_wconf 83' lang='lat' dir='ltr'><strong>inducta</strong></span> <span class='ocrx_word' id='word_1_576' title='bbox 1739 4197 2029 4266; x_wconf 81' lang='lat' dir='ltr'><strong>castigato-</strong></span> 
     </span>
    </p>
   </div>
   <div class='ocr_carea' id='block_1_82' title="bbox 524 4259 2025 4336">
    <p class='ocr_par' dir='ltr' id='par_1_82' title="bbox 524 4259 2025 4336">
     <span class='ocr_line' id='line_1_82' title="bbox 524 4259 2025 4336; baseline 0.007 -26"><span class='ocrx_word' id='word_1_577' title='bbox 524 4261 620 4336; x_wconf 85' lang='lat' dir='ltr'><strong>r_ia_</strong></span> <span class='ocrx_word' id='word_1_578' title='bbox 641 4259 859 4328; x_wconf 76' lang='lat' dir='ltr'><strong>ﬂagella</strong></span> <span class='ocrx_word' id='word_1_579' title='bbox 891 4259 966 4336; x_wconf 65' lang='lat' dir='ltr'><strong>in</strong></span> <span class='ocrx_word' id='word_1_580' title='bbox 1009 4276 1096 4336; x_wconf 75' lang='lat' dir='ltr'><strong>eos</strong></span> <span class='ocrx_word' id='word_1_581' title='bbox 1130 4265 1223 4332; x_wconf 88' lang='lat' dir='ltr'><strong>qui</strong></span> <span class='ocrx_word' id='word_1_582' title='bbox 1261 4259 1565 4317; x_wconf 77' lang='lat' dir='ltr'><strong>Dominum</strong></span> <span class='ocrx_word' id='word_1_583' title='bbox 1618 4259 1931 4336; x_wconf 63' lang='lat' dir='ltr'><strong>negaverunt</strong></span> <span class='ocrx_word' id='word_1_584' title='bbox 1963 4267 2025 4320; x_wconf 88' lang='lat' dir='ltr'><strong>ob</strong></span> 
     </span>
    </p>
   </div>
   <div class='ocr_carea' id='block_1_83' title="bbox 523 4330 1147 4400">
    <p class='ocr_par' dir='ltr' id='par_1_83' title="bbox 523 4330 1147 4400">
     <span class='ocr_line' id='line_1_83' title="bbox 523 4330 1147 4400; baseline 0.006 -19"><span class='ocrx_word' id='word_1_585' title='bbox 523 4330 789 4400; x_wconf 73' lang='lat' dir='ltr'><strong>defectum</strong></span> <span class='ocrx_word' id='word_1_586' title='bbox 824 4330 1147 4385; x_wconf 76' lang='lat' dir='ltr'><strong>tolerantiae.</strong></span> 
     </span>
    </p>
   </div>
   <div class='ocr_carea' id='block_1_84' title="bbox 520 4463 2018 4538">
    <p class='ocr_par' dir='ltr' id='par_1_84' title="bbox 520 4463 2018 4538">
     <span class='ocr_line' id='line_1_84' title="bbox 520 4463 2018 4538; baseline 0.005 -21"><span class='ocrx_word' id='word_1_587' title='bbox 520 4463 611 4519; x_wconf 80' lang='lat' dir='ltr'><strong>Vl.</strong></span> <span class='ocrx_word' id='word_1_588' title='bbox 645 4464 768 4527; x_wconf 87' lang='lat'><strong>7,8.</strong></span> <span class='ocrx_word' id='word_1_589' title='bbox 798 4464 864 4519; x_wconf 88' lang='lat' dir='ltr'><strong>Et</strong></span> <span class='ocrx_word' id='word_1_590' title='bbox 899 4481 1018 4519; x_wconf 88' lang='lat' dir='ltr'><strong>cum</strong></span> <span class='ocrx_word' id='word_1_591' title='bbox 1043 4468 1333 4535; x_wconf 83' lang='lat' dir='ltr'><strong>aperuisset</strong></span> <span class='ocrx_word' id='word_1_592' title='bbox 1365 4478 1611 4537; x_wconf 84' lang='lat' dir='ltr'><strong>quartum</strong></span> <span class='ocrx_word' id='word_1_593' title='bbox 1642 4469 1895 4538; x_wconf 85' lang='lat' dir='ltr'><strong>sigillum,</strong></span> <span class='ocrx_word' id='word_1_594' title='bbox 1918 4487 2018 4524; x_wconf 82' lang='lat' dir='ltr'><strong>au-</strong></span> 
     </span>
    </p>
   </div>
   <div class='ocr_carea' id='block_1_85' title="bbox 2706 4075 3111 4149">
    <p class='ocr_par' dir='ltr' id='par_1_85' title="bbox 2706 4075 3111 4149">
     <span class='ocr_line' id='line_1_85' title="bbox 2706 4075 3111 4149; baseline 0 -13"><span class='ocrx_word' id='word_1_595' title='bbox 2706 4082 2957 4137; x_wconf 77' lang='grc' dir='ltr'><strong>ΚΕΦΔΛ.</strong></span> <span class='ocrx_word' id='word_1_596' title='bbox 2994 4075 3111 4149; x_wconf 73' lang='grc' dir='ltr'>ις’.</span> 
     </span>
    </p>
   </div>
   <div class='ocr_carea' id='block_1_86' title="bbox 2126 4194 3688 4266">
    <p class='ocr_par' dir='ltr' id='par_1_86' title="bbox 2126 4194 3688 4266">
     <span class='ocr_line' id='line_1_86' title="bbox 2126 4194 3688 4266; baseline -0.001 -16"><span class='ocrx_word' id='word_1_597' title='bbox 2126 4198 2318 4262; x_wconf 87' lang='grc' dir='ltr'>Λύσις</span> <span class='ocrx_word' id='word_1_598' title='bbox 2338 4194 2448 4263; x_wconf 84' lang='grc' dir='ltr'>τῆς</span> <span class='ocrx_word' id='word_1_599' title='bbox 2477 4195 2760 4263; x_wconf 79' lang='grc' dir='ltr'>τετάρτης</span> <span class='ocrx_word' id='word_1_600' title='bbox 2793 4196 3143 4266; x_wconf 71' lang='grc' dir='ltr'>σφραγῖδος,</span> <span class='ocrx_word' id='word_1_601' title='bbox 3172 4196 3554 4266; x_wconf 76' lang='grc' dir='ltr'>ἐμφαίνουσα</span> <span class='ocrx_word' id='word_1_602' title='bbox 3587 4196 3688 4262; x_wconf 80' lang='grc' dir='ltr'>τὰς</span> 
     </span>
    </p>
   </div>
   <div class='ocr_carea' id='block_1_87' title="bbox 2192 4265 3687 4335">
    <p class='ocr_par' dir='ltr' id='par_1_87' title="bbox 2192 4265 3687 4335">
     <span class='ocr_line' id='line_1_87' title="bbox 2192 4265 3687 4335; baseline 0.001 -17"><span class='ocrx_word' id='word_1_603' title='bbox 2192 4266 2568 4335; x_wconf 70' lang='grc' dir='ltr'>ἐπαγομένας</span> <span class='ocrx_word' id='word_1_604' title='bbox 2591 4265 2976 4335; x_wconf 72' lang='grc' dir='ltr'>παιδευτικὰς</span> <span class='ocrx_word' id='word_1_605' title='bbox 2995 4265 3295 4335; x_wconf 58' lang='grc' dir='ltr'>μάστιγας</span> <span class='ocrx_word' id='word_1_606' title='bbox 3330 4267 3453 4334; x_wconf 83' lang='grc' dir='ltr'>τοῖς</span> <span class='ocrx_word' id='word_1_607' title='bbox 3491 4268 3566 4320; x_wconf 81' lang='grc' dir='ltr'><strong>δι’</strong></span> <span class='ocrx_word' id='word_1_608' title='bbox 3590 4268 3687 4321; x_wconf 84' lang='grc' dir='ltr'><strong>ἀν-</strong></span> 
     </span>
    </p>
   </div>
   <div class='ocr_carea' id='block_1_88' title="bbox 2196 4334 3579 4405">
    <p class='ocr_par' dir='ltr' id='par_1_88' title="bbox 2196 4334 3579 4405">
     <span class='ocr_line' id='line_1_88' title="bbox 2196 4334 3579 4405; baseline 0.004 -17"><span class='ocrx_word' id='word_1_609' title='bbox 2196 4334 2616 4404; x_wconf 77' lang='grc' dir='ltr'>υπομονησίας</span> <span class='ocrx_word' id='word_1_610' title='bbox 2645 4334 3090 4404; x_wconf 75' lang='grc' dir='ltr'>ἀρνησαμένοις</span> <span class='ocrx_word' id='word_1_611' title='bbox 3113 4334 3221 4390; x_wconf 81' lang='grc' dir='ltr'>τὸν</span> <span class='ocrx_word' id='word_1_612' title='bbox 3254 4338 3492 4405; x_wconf 79' lang='grc' dir='ltr'>Κύριον.</span> <span class='ocrx_word' id='word_1_613' title='bbox 3570 4388 3579 4395; x_wconf 85' lang='grc'><em>.</em></span> 
     </span>
    </p>
   </div>
   <div class='ocr_carea' id='block_1_89' title="bbox 2203 4468 3683 4541">
    <p class='ocr_par' dir='ltr' id='par_1_89' title="bbox 2203 4468 3683 4541">
     <span class='ocr_line' id='line_1_89' title="bbox 2203 4468 3683 4541; baseline 0.001 -18"><span class='ocrx_word' id='word_1_614' title='bbox 2203 4469 2311 4523; x_wconf 80' lang='lat' dir='ltr'><strong>Kal</strong></span> <span class='ocrx_word' id='word_1_615' title='bbox 2358 4468 2457 4522; x_wconf 85' lang='grc' dir='ltr'>ὅτε</span> <span class='ocrx_word' id='word_1_616' title='bbox 2497 4468 2705 4536; x_wconf 74' lang='grc' dir='ltr'>ἤνοιξε</span> <span class='ocrx_word' id='word_1_617' title='bbox 2753 4468 2867 4537; x_wconf 74' lang='grc' dir='ltr'>τὴν</span> <span class='ocrx_word' id='word_1_618' title='bbox 2917 4469 3215 4540; x_wconf 72' lang='grc' dir='ltr'>σφραγῖδα</span> <span class='ocrx_word' id='word_1_619' title='bbox 3236 4470 3351 4539; x_wconf 84' lang='grc' dir='ltr'>τὴν</span> <span class='ocrx_word' id='word_1_620' title='bbox 3384 4471 3683 4541; x_wconf 80' lang='grc' dir='ltr'>τετάρτην.</span> 
     </span>
    </p>
   </div>
   <div class='ocr_carea' id='block_1_90' title="bbox 451 4538 2056 4627">
    <p class='ocr_par' dir='ltr' id='par_1_90' title="bbox 451 4544 2056 4627">
     <span class='ocr_line' id='line_1_90' title="bbox 451 4544 2056 4627; baseline 0.004 -20"><span class='ocrx_word' id='word_1_621' title='bbox 451 4556 557 4609; x_wconf 84' lang='lat' dir='ltr'><strong>divi</strong></span> <span class='ocrx_word' id='word_1_622' title='bbox 583 4565 833 4625; x_wconf 85' lang='lat' dir='ltr'><strong>quartum</strong></span> <span class='ocrx_word' id='word_1_623' title='bbox 860 4556 1085 4620; x_wconf 83' lang='lat' dir='ltr'><strong>animal,</strong></span> <span class='ocrx_word' id='word_1_624' title='bbox 1114 4558 1291 4611; x_wconf 85' lang='lat' dir='ltr'><strong>dicens</strong></span> <span class='ocrx_word' id='word_1_625' title='bbox 1319 4572 1336 4609; x_wconf 91' lang='lat'><strong><em>:</em></strong></span> <span class='ocrx_word' id='word_1_626' title='bbox 1364 4557 1523 4627; x_wconf 82' lang='lat'><strong>705</strong></span> <span class='ocrx_word' id='word_1_627' title='bbox 1563 4558 1690 4611; x_wconf 84' lang='lat' dir='ltr'><strong>Veni</strong></span> <span class='ocrx_word' id='word_1_628' title='bbox 1717 4570 1764 4613; x_wconf 91' lang='lat' dir='ltr'><strong>et</strong></span> <span class='ocrx_word' id='word_1_629' title='bbox 1789 4561 1922 4619; x_wconf 80' lang='lat' dir='ltr'><strong>vide.</strong></span> <span class='ocrx_word' id='word_1_630' title='bbox 1954 4560 2023 4614; x_wconf 86' lang='lat' dir='ltr'><strong>Et</strong></span> <span class='ocrx_word' id='word_1_631' title='bbox 2055 4544 2056 4547; x_wconf 9' lang='grc' dir='ltr'><strong>η</strong></span> 
     </span>
    </p>
   </div>
   <div class='ocr_carea' id='block_1_91' title="bbox 2131 4538 3683 4627">
    <p class='ocr_par' dir='ltr' id='par_1_91' title="bbox 2131 4538 3683 4627">
     <span class='ocr_line' id='line_1_91' title="bbox 2131 4538 3683 4627; baseline 0 -16"><span class='ocrx_word' id='word_1_632' title='bbox 2131 4557 2363 4625; x_wconf 75' lang='grc' dir='ltr'>ἥκουσα</span> <span class='ocrx_word' id='word_1_633' title='bbox 2412 4558 2518 4612; x_wconf 87' lang='grc' dir='ltr'>τοῦ</span> <span class='ocrx_word' id='word_1_634' title='bbox 2572 4557 2854 4624; x_wconf 76' lang='grc' dir='ltr'>τετάρτου</span> <span class='ocrx_word' id='word_1_635' title='bbox 2914 4556 3059 4616; x_wconf 78' lang='grc' dir='ltr'>ζώου</span> <span class='ocrx_word' id='word_1_636' title='bbox 3090 4538 3431 4627; x_wconf 23' lang='grc' dir='ltr'>-.λέγοντος-ο</span> <span class='ocrx_word' id='word_1_637' title='bbox 3478 4538 3683 4627; x_wconf 63' lang='grc' dir='ltr'>Ἔρχου</span> 
     </span>
    </p>
   </div>
   <div class='ocr_carea' id='block_1_92' title="bbox 449 4647 2023 4719">
    <p class='ocr_par' dir='ltr' id='par_1_92' title="bbox 449 4647 2023 4719">
     <span class='ocr_line' id='line_1_92' title="bbox 449 4647 2023 4719; baseline 0.003 -20"><span class='ocrx_word' id='word_1_638' title='bbox 449 4662 564 4699; x_wconf 86' lang='lat' dir='ltr'><strong>ecce</strong></span> <span class='ocrx_word' id='word_1_639' title='bbox 611 4662 771 4715; x_wconf 85' lang='lat' dir='ltr'><strong>equus</strong></span> <span class='ocrx_word' id='word_1_640' title='bbox 826 4647 1077 4715; x_wconf 85' lang='lat' dir='ltr'><strong>pallidus,</strong></span> <span class='ocrx_word' id='word_1_641' title='bbox 1104 4655 1154 4700; x_wconf 88' lang='lat' dir='ltr'><strong>et</strong></span> <span class='ocrx_word' id='word_1_642' title='bbox 1183 4648 1384 4701; x_wconf 78' lang='lat' dir='ltr'><strong>sedenti</strong></span> <span class='ocrx_word' id='word_1_643' title='bbox 1430 4666 1587 4718; x_wconf 80' lang='lat' dir='ltr'><strong>super</strong></span> <span class='ocrx_word' id='word_1_644' title='bbox 1624 4650 1798 4719; x_wconf 84' lang='lat' dir='ltr'><strong>ipsum</strong></span> <span class='ocrx_word' id='word_1_645' title='bbox 1837 4668 2023 4705; x_wconf 83' lang='lat' dir='ltr'><strong>nomen</strong></span> 
     </span>
    </p>
   </div>
   <div class='ocr_carea' id='block_1_93' title="bbox 450 4735 2023 4805">
    <p class='ocr_par' dir='ltr' id='par_1_93' title="bbox 450 4735 2023 4805">
     <span class='ocr_line' id='line_1_93' title="bbox 450 4735 2023 4805; baseline 0.003 -17"><span class='ocrx_word' id='word_1_646' title='bbox 450 4746 561 4788; x_wconf 86' lang='lat' dir='ltr'><strong>erat</strong></span> <span class='ocrx_word' id='word_1_647' title='bbox 594 4751 757 4799; x_wconf 87' lang='lat' dir='ltr'><strong>mors,</strong></span> <span class='ocrx_word' id='word_1_648' title='bbox 785 4745 833 4788; x_wconf 90' lang='lat' dir='ltr'><strong>et</strong></span> <span class='ocrx_word' id='word_1_649' title='bbox 862 4736 1100 4804; x_wconf 81' lang='lat' dir='ltr'><strong>infernus</strong></span> <span class='ocrx_word' id='word_1_650' title='bbox 1137 4736 1446 4805; x_wconf 81' lang='lat' dir='ltr'><strong>sequebatur</strong></span> <span class='ocrx_word' id='word_1_651' title='bbox 1474 4738 1666 4805; x_wconf 80' lang='lat' dir='ltr'><strong>ipsam.</strong></span> <span class='ocrx_word' id='word_1_652' title='bbox 1700 4735 1769 4790; x_wconf 87' lang='lat' dir='ltr'><strong>Et</strong></span> <span class='ocrx_word' id='word_1_653' title='bbox 1797 4738 1925 4791; x_wconf 86' lang='lat' dir='ltr'><strong>data</strong></span> <span class='ocrx_word' id='word_1_654' title='bbox 1947 4748 2023 4792; x_wconf 82' lang='lat' dir='ltr'><strong>est</strong></span> 
     </span>
    </p>
   </div>
   <div class='ocr_carea' id='block_1_94' title="bbox 450 4826 2024 4897">
    <p class='ocr_par' dir='ltr' id='par_1_94' title="bbox 450 4826 2024 4897">
     <span class='ocr_line' id='line_1_94' title="bbox 450 4826 2024 4897; baseline 0.002 -19"><span class='ocrx_word' id='word_1_655' title='bbox 450 4826 561 4879; x_wconf 87' lang='lat' dir='ltr'><strong>illis</strong></span> <span class='ocrx_word' id='word_1_656' title='bbox 607 4834 837 4895; x_wconf 77' lang='lat' dir='ltr'><strong>potestas</strong></span> <span class='ocrx_word' id='word_1_657' title='bbox 887 4842 1047 4896; x_wconf 85' lang='lat' dir='ltr'><strong>super</strong></span> <span class='ocrx_word' id='word_1_658' title='bbox 1094 4836 1339 4897; x_wconf 84' lang='lat' dir='ltr'><strong>quartam</strong></span> <span class='ocrx_word' id='word_1_659' title='bbox 1396 4839 1600 4897; x_wconf 85' lang='lat' dir='ltr'><strong>partem</strong></span> <span class='ocrx_word' id='word_1_660' title='bbox 1639 4837 1811 4892; x_wconf 70' lang='lat' dir='ltr'><strong>terrae,</strong></span> <span class='ocrx_word' id='word_1_661' title='bbox 1853 4837 1907 4881; x_wconf 88' lang='lat' dir='ltr'><strong>ut</strong></span> <span class='ocrx_word' id='word_1_662' title='bbox 1939 4830 2024 4881; x_wconf 85' lang='lat' dir='ltr'><strong>iu-</strong></span> 
     </span>
    </p>
   </div>
   <div class='ocr_carea' id='block_1_95' title="bbox 451 4915 2020 4988">
    <p class='ocr_par' dir='ltr' id='par_1_95' title="bbox 451 4915 2020 4988">
     <span class='ocr_line' id='line_1_95' title="bbox 451 4915 2020 4988; baseline 0.003 -18"><span class='ocrx_word' id='word_1_663' title='bbox 451 4917 743 4985; x_wconf 80' lang='lat' dir='ltr'><strong>terﬁcerent</strong></span> <span class='ocrx_word' id='word_1_664' title='bbox 803 4915 1000 4987; x_wconf 84' lang='lat' dir='ltr'><strong>gladio,</strong></span> <span class='ocrx_word' id='word_1_665' title='bbox 1038 4927 1085 4971; x_wconf 81' lang='lat' dir='ltr'><strong>et</strong></span> <span class='ocrx_word' id='word_1_666' title='bbox 1133 4918 1295 4988; x_wconf 77' lang='lat' dir='ltr'><strong>fame,</strong></span> <span class='ocrx_word' id='word_1_667' title='bbox 1343 4929 1393 4973; x_wconf 87' lang='lat' dir='ltr'><strong>et</strong></span> <span class='ocrx_word' id='word_1_668' title='bbox 1442 4931 1627 4985; x_wconf 90' lang='lat' dir='ltr'><strong>morte,</strong></span> <span class='ocrx_word' id='word_1_669' title='bbox 1669 4931 1716 4974; x_wconf 89' lang='lat' dir='ltr'><strong>et</strong></span> <span class='ocrx_word' id='word_1_670' title='bbox 1758 4938 1790 4974; x_wconf 91' lang='lat' dir='ltr'><strong>a</strong></span> <span class='ocrx_word' id='word_1_671' title='bbox 1842 4923 2020 4976; x_wconf 83' lang='lat' dir='ltr'><strong>bestiis</strong></span> 
     </span>
    </p>
   </div>
   <div class='ocr_carea' id='block_1_96' title="bbox 450 5017 626 5061">
    <p class='ocr_par' dir='ltr' id='par_1_96' title="bbox 450 5017 626 5061">
     <span class='ocr_line' id='line_1_96' title="bbox 450 5017 626 5061; baseline 0 -1"><span class='ocrx_word' id='word_1_672' title='bbox 450 5017 626 5061; x_wconf 77' lang='lat' dir='ltr'><strong>teme.</strong></span> 
     </span>
    </p>
   </div>
   <div class='ocr_carea' id='block_1_97' title="bbox 517 5187 2017 5262">
    <p class='ocr_par' dir='ltr' id='par_1_97' title="bbox 517 5187 2017 5262">
     <span class='ocr_line' id='line_1_97' title="bbox 517 5187 2017 5262; baseline 0.004 -22"><span class='ocrx_word' id='word_1_673' title='bbox 517 5187 787 5252; x_wconf 84' lang='lat' dir='ltr'><strong>Quartum</strong></span> <span class='ocrx_word' id='word_1_674' title='bbox 837 5187 1064 5255; x_wconf 85' lang='lat' dir='ltr'><strong>animal,</strong></span> <span class='ocrx_word' id='word_1_675' title='bbox 1118 5205 1313 5260; x_wconf 88' lang='lat' dir='ltr'><strong>nempe</strong></span> <span class='ocrx_word' id='word_1_676' title='bbox 1347 5191 1574 5261; x_wconf 83' lang='lat' dir='ltr'><strong>aquila,</strong></span> <span class='ocrx_word' id='word_1_677' title='bbox 1632 5199 1819 5262; x_wconf 90' lang='lat' dir='ltr'><strong>utpote</strong></span> <span class='ocrx_word' id='word_1_678' title='bbox 1872 5191 2017 5246; x_wconf 88' lang='lat' dir='ltr'><strong>acuti</strong></span> 
     </span>
    </p>
   </div>
   <div class='ocr_carea' id='block_1_98' title="bbox 446 5280 2020 5353">
    <p class='ocr_par' dir='ltr' id='par_1_98' title="bbox 446 5280 2020 5353">
     <span class='ocr_line' id='line_1_98' title="bbox 446 5280 2020 5353; baseline 0.003 -19"><span class='ocrx_word' id='word_1_679' title='bbox 446 5289 703 5349; x_wconf 87' lang='lat' dir='ltr'><strong>aspectus</strong></span> <span class='ocrx_word' id='word_1_680' title='bbox 735 5291 788 5335; x_wconf 84' lang='lat' dir='ltr'><strong>et</strong></span> <span class='ocrx_word' id='word_1_681' title='bbox 823 5280 1096 5336; x_wconf 89' lang='lat' dir='ltr'><strong>velociter</strong></span> <span class='ocrx_word' id='word_1_682' title='bbox 1142 5285 1372 5337; x_wconf 89' lang='lat' dir='ltr'><strong>tendens</strong></span> <span class='ocrx_word' id='word_1_683' title='bbox 1408 5284 1475 5338; x_wconf 88' lang='lat' dir='ltr'><strong>ad</strong></span> <span class='ocrx_word' id='word_1_684' title='bbox 1517 5298 1735 5349; x_wconf 88' lang='lat' dir='ltr'><strong>escam,</strong></span> <span class='ocrx_word' id='word_1_685' title='bbox 1784 5298 2020 5353; x_wconf 85' lang='lat' dir='ltr'><strong>superne</strong></span> 
     </span>
    </p>
   </div>
   <div class='ocr_carea' id='block_1_99' title="bbox 444 5372 2014 5444">
    <p class='ocr_par' dir='ltr' id='par_1_99' title="bbox 444 5372 2014 5444">
     <span class='ocr_line' id='line_1_99' title="bbox 444 5372 2014 5444; baseline 0.003 -19"><span class='ocrx_word' id='word_1_686' title='bbox 444 5372 593 5425; x_wconf 85' lang='lat' dir='ltr'><strong>venit</strong></span> <span class='ocrx_word' id='word_1_687' title='bbox 617 5387 685 5427; x_wconf 84' lang='lat' dir='ltr'><strong>ex</strong></span> <span class='ocrx_word' id='word_1_688' title='bbox 717 5372 866 5427; x_wconf 89' lang='lat' dir='ltr'><strong>illata</strong></span> <span class='ocrx_word' id='word_1_689' title='bbox 899 5387 929 5427; x_wconf 87' lang='lat' dir='ltr'><strong>a</strong></span> <span class='ocrx_word' id='word_1_690' title='bbox 964 5372 1073 5427; x_wconf 88' lang='lat' dir='ltr'><strong>Deo</strong></span> <span class='ocrx_word' id='word_1_691' title='bbox 1104 5374 1205 5439; x_wconf 90' lang='lat' dir='ltr'><strong>ira,</strong></span> <span class='ocrx_word' id='word_1_692' title='bbox 1246 5374 1435 5444; x_wconf 83' lang='lat' dir='ltr'><strong>plagas</strong></span> <span class='ocrx_word' id='word_1_693' title='bbox 1476 5372 1718 5429; x_wconf 79' lang='lat' dir='ltr'><strong>inferens</strong></span> <span class='ocrx_word' id='word_1_694' title='bbox 1749 5374 1815 5429; x_wconf 88' lang='lat' dir='ltr'><strong>ad</strong></span> <span class='ocrx_word' id='word_1_695' title='bbox 1848 5373 2014 5429; x_wconf 87' lang='lat' dir='ltr'><strong>ultio-</strong></span> 
     </span>
    </p>
   </div>
   <div class='ocr_carea' id='block_1_100' title="bbox 450 5464 845 5534">
    <p class='ocr_par' dir='ltr' id='par_1_100' title="bbox 450 5464 845 5534">
     <span class='ocr_line' id='line_1_100' title="bbox 450 5464 845 5534; baseline 0.013 -19"><span class='ocrx_word' id='word_1_696' title='bbox 450 5478 572 5517; x_wconf 80' lang='lat' dir='ltr'><strong>nem</strong></span> <span class='ocrx_word' id='word_1_697' title='bbox 605 5464 845 5534; x_wconf 88' lang='lat' dir='ltr'><strong>piorum.</strong></span> 
     </span>
    </p>
   </div>
   <div class='ocr_carea' id='block_1_101' title="bbox 514 5624 923 5689">
    <p class='ocr_par' dir='ltr' id='par_1_101' title="bbox 514 5624 923 5689">
     <span class='ocr_line' id='line_1_101' title="bbox 514 5624 923 5689; baseline 0 -11"><span class='ocrx_word' id='word_1_698' title='bbox 514 5627 555 5657; x_wconf 84' lang='grc'><strong>³³</strong></span> <span class='ocrx_word' id='word_1_699' title='bbox 584 5624 729 5684; x_wconf 75' lang='lat' dir='ltr'><strong>Psnl.</strong></span> <span class='ocrx_word' id='word_1_700' title='bbox 759 5641 835 5689; x_wconf 78' lang='lat' dir='ltr'><strong>Ix,</strong></span> <span class='ocrx_word' id='word_1_701' title='bbox 867 5624 923 5680; x_wconf 72' lang='grc' dir='ltr'>ὕ.</span> 
     </span>
    </p>
   </div>
   <div class='ocr_carea' id='block_1_102' title="bbox 513 5776 1294 5847">
    <p class='ocr_par' dir='ltr' id='par_1_102' title="bbox 513 5776 1294 5847">
     <span class='ocr_line' id='line_1_102' title="bbox 513 5776 1294 5847; baseline 0.003 -20"><span class='ocrx_word' id='word_1_702' title='bbox 513 5776 625 5845; x_wconf 74' lang='lat'><strong>(23)</strong></span> <span class='ocrx_word' id='word_1_703' title='bbox 654 5776 762 5845; x_wconf 78' lang='grc' dir='ltr'>Τὴν</span> <span class='ocrx_word' id='word_1_704' title='bbox 789 5777 951 5829; x_wconf 72' lang='grc' dir='ltr'>αὐτοῦ</span> <span class='ocrx_word' id='word_1_705' title='bbox 980 5778 1123 5847; x_wconf 76' lang='grc' dir='ltr'>ζωὴν</span> <span class='ocrx_word' id='word_1_706' title='bbox 1150 5778 1294 5846; x_wconf 75' lang='lat' dir='ltr'><strong>vulg.</strong></span> 
     </span>
    </p>
   </div>
   <div class='ocr_carea' id='block_1_103' title="bbox 2122 4649 3682 4720">
    <p class='ocr_par' dir='ltr' id='par_1_103' title="bbox 2122 4649 3682 4720">
     <span class='ocr_line' id='line_1_103' title="bbox 2122 4649 3682 4720; baseline 0.001 -18"><span class='ocrx_word' id='word_1_707' title='bbox 2122 4649 2219 4702; x_wconf 77' lang='grc' dir='ltr'><strong>καί</strong></span> <span class='ocrx_word' id='word_1_708' title='bbox 2250 4649 2338 4703; x_wconf 85' lang='grc' dir='ltr'>ἴδε</span> <span class='ocrx_word' id='word_1_709' title='bbox 2356 4666 2369 4679; x_wconf 78' lang='grc' dir='ltr'><strong><em>ο</em></strong></span> <span class='ocrx_word' id='word_1_710' title='bbox 2400 4650 2509 4703; x_wconf 84' lang='grc' dir='ltr'><strong>Καὶ</strong></span> <span class='ocrx_word' id='word_1_711' title='bbox 2533 4649 2661 4703; x_wconf 75' lang='grc' dir='ltr'>ἰδοὺ</span> <span class='ocrx_word' id='word_1_712' title='bbox 2688 4651 2871 4714; x_wconf 76' lang='grc' dir='ltr'>ἵππος</span> <span class='ocrx_word' id='word_1_713' title='bbox 2885 4649 3135 4717; x_wconf 79' lang='grc' dir='ltr'>χλωρὸς,</span> <span class='ocrx_word' id='word_1_714' title='bbox 3167 4651 3265 4703; x_wconf 78' lang='grc' dir='ltr'>καὶ</span> <span class='ocrx_word' id='word_1_715' title='bbox 3296 4654 3329 4704; x_wconf 88' lang='lat' dir='ltr'><strong>d</strong></span> <span class='ocrx_word' id='word_1_716' title='bbox 3355 4651 3682 4720; x_wconf 77' lang='grc' dir='ltr'>καθήμενος</span> 
     </span>
    </p>
   </div>
   <div class='ocr_carea' id='block_1_104' title="bbox 2121 4739 3679 4808">
    <p class='ocr_par' dir='ltr' id='par_1_104' title="bbox 2121 4739 3679 4808">
     <span class='ocr_line' id='line_1_104' title="bbox 2121 4739 3679 4808; baseline 0.002 -16"><span class='ocrx_word' id='word_1_717' title='bbox 2121 4739 2319 4793; x_wconf 78' lang='grc' dir='ltr'>ἐπάνω</span> <span class='ocrx_word' id='word_1_718' title='bbox 2346 4740 2553 4803; x_wconf 85' lang='grc' dir='ltr'>αὑτοῦ,</span> <span class='ocrx_word' id='word_1_719' title='bbox 2586 4740 2774 4808; x_wconf 79' lang='grc' dir='ltr'>ὄνομα</span> <span class='ocrx_word' id='word_1_720' title='bbox 2805 4739 2963 4803; x_wconf 81' lang='grc' dir='ltr'>αὐτῷ</span> <span class='ocrx_word' id='word_1_721' title='bbox 2994 4743 3026 4793; x_wconf 84' lang='grc' dir='ltr'><strong>ό</strong></span> <span class='ocrx_word' id='word_1_722' title='bbox 3062 4740 3338 4807; x_wconf 81' lang='grc' dir='ltr'>θάνατος,</span> <span class='ocrx_word' id='word_1_723' title='bbox 3366 4741 3463 4795; x_wconf 78' lang='grc' dir='ltr'>καὶ</span> <span class='ocrx_word' id='word_1_724' title='bbox 3486 4745 3519 4796; x_wconf 85' lang='grc' dir='ltr'><strong>ό</strong></span> <span class='ocrx_word' id='word_1_725' title='bbox 3540 4741 3679 4807; x_wconf 79' lang='grc' dir='ltr'>ᾅδης</span> 
     </span>
    </p>
   </div>
   <div class='ocr_carea' id='block_1_105' title="bbox 2122 4830 3676 4898">
    <p class='ocr_par' dir='ltr' id='par_1_105' title="bbox 2122 4830 3676 4898">
     <span class='ocr_line' id='line_1_105' title="bbox 2122 4830 3676 4898; baseline -0.001 -14"><span class='ocrx_word' id='word_1_726' title='bbox 2122 4831 2440 4898; x_wconf 71' lang='grc' dir='ltr'>ἠκολούθει</span> <span class='ocrx_word' id='word_1_727' title='bbox 2482 4830 2662 4895; x_wconf 84' lang='grc' dir='ltr'>αὐτῷ.</span> <span class='ocrx_word' id='word_1_728' title='bbox 2692 4832 2800 4885; x_wconf 85' lang='lat' dir='ltr'><strong>Kal</strong></span> <span class='ocrx_word' id='word_1_729' title='bbox 2841 4830 3018 4898; x_wconf 81' lang='grc' dir='ltr'>ἐδόθη</span> <span class='ocrx_word' id='word_1_730' title='bbox 3063 4830 3268 4897; x_wconf 84' lang='grc' dir='ltr'>αὐτοῖς</span> <span class='ocrx_word' id='word_1_731' title='bbox 3308 4832 3557 4896; x_wconf 79' lang='grc' dir='ltr'>ἐξουσία</span> <span class='ocrx_word' id='word_1_732' title='bbox 3586 4831 3676 4883; x_wconf 76' lang='grc' dir='ltr'><strong>ἐπὶ</strong></span> 
     </span>
    </p>
   </div>
   <div class='ocr_carea' id='block_1_106' title="bbox 2123 4920 3676 4992">
    <p class='ocr_par' dir='ltr' id='par_1_106' title="bbox 2123 4920 3676 4992">
     <span class='ocr_line' id='line_1_106' title="bbox 2123 4920 3676 4992; baseline -0.001 -17"><span class='ocrx_word' id='word_1_733' title='bbox 2123 4922 2189 4975; x_wconf 83' lang='grc' dir='ltr'>τὸ</span> <span class='ocrx_word' id='word_1_734' title='bbox 2237 4921 2393 4989; x_wconf 54' lang='lat' dir='ltr'><strong>tera;</strong></span> <span class='ocrx_word' id='word_1_735' title='bbox 2415 4938 2520 4974; x_wconf 81' lang='grc' dir='ltr'><strong>τον</strong></span> <span class='ocrx_word' id='word_1_736' title='bbox 2572 4920 2681 4989; x_wconf 80' lang='grc' dir='ltr'>τῆς</span> <span class='ocrx_word' id='word_1_737' title='bbox 2730 4922 2861 4989; x_wconf 79' lang='grc' dir='ltr'>γῆς,</span> <span class='ocrx_word' id='word_1_738' title='bbox 2903 4922 3248 4977; x_wconf 79' lang='grc' dir='ltr'>ἀποκτεῖναι</span> <span class='ocrx_word' id='word_1_739' title='bbox 3291 4924 3362 4976; x_wconf 80' lang='grc' dir='ltr'>ἐν</span> <span class='ocrx_word' id='word_1_740' title='bbox 3389 4924 3676 4992; x_wconf 77' lang='grc' dir='ltr'>ῥομφαίᾳ,</span> 
     </span>
    </p>
   </div>
   <div class='ocr_carea' id='block_1_107' title="bbox 2128 5012 3677 5083">
    <p class='ocr_par' dir='ltr' id='par_1_107' title="bbox 2128 5012 3677 5083">
     <span class='ocr_line' id='line_1_107' title="bbox 2128 5012 3677 5083; baseline -0.003 -16"><span class='ocrx_word' id='word_1_741' title='bbox 2128 5013 2225 5067; x_wconf 79' lang='grc' dir='ltr'>καὶ</span> <span class='ocrx_word' id='word_1_742' title='bbox 2250 5014 2319 5067; x_wconf 79' lang='grc' dir='ltr'>ἑν</span> <span class='ocrx_word' id='word_1_743' title='bbox 2358 5012 2511 5083; x_wconf 76' lang='grc' dir='ltr'>λιμῷ</span> <span class='ocrx_word' id='word_1_744' title='bbox 2534 5013 2631 5067; x_wconf 81' lang='grc' dir='ltr'>καὶ</span> <span class='ocrx_word' id='word_1_745' title='bbox 2667 5014 2735 5065; x_wconf 84' lang='grc' dir='ltr'>ἐν</span> <span class='ocrx_word' id='word_1_746' title='bbox 2763 5012 3015 5080; x_wconf 83' lang='grc' dir='ltr'>θανάτῳ,</span> <span class='ocrx_word' id='word_1_747' title='bbox 3046 5014 3143 5067; x_wconf 82' lang='grc' dir='ltr'>καὶ</span> <span class='ocrx_word' id='word_1_748' title='bbox 3184 5015 3302 5067; x_wconf 82' lang='grc' dir='ltr'><strong>ὑπὸ</strong></span> <span class='ocrx_word' id='word_1_749' title='bbox 3332 5014 3449 5067; x_wconf 85' lang='grc' dir='ltr'>τῶν</span> <span class='ocrx_word' id='word_1_750' title='bbox 3474 5013 3677 5081; x_wconf 79' lang='grc' dir='ltr'>θηριων</span> 
     </span>
    </p>
   </div>
   <div class='ocr_carea' id='block_1_108' title="bbox 2120 5104 2389 5174">
    <p class='ocr_par' dir='ltr' id='par_1_108' title="bbox 2120 5104 2389 5174">
     <span class='ocr_line' id='line_1_108' title="bbox 2120 5104 2389 5174; baseline 0.007 -5"><span class='ocrx_word' id='word_1_751' title='bbox 2120 5104 2229 5170; x_wconf 79' lang='grc' dir='ltr'><strong>τῆς</strong></span> <span class='ocrx_word' id='word_1_752' title='bbox 2258 5104 2389 5174; x_wconf 69' lang='grc' dir='ltr'><strong>γῆς-</strong></span> 
     </span>
    </p>
   </div>
   <div class='ocr_carea' id='block_1_109' title="bbox 2194 5195 3671 5271">
    <p class='ocr_par' dir='ltr' id='par_1_109' title="bbox 2194 5195 3671 5271">
     <span class='ocr_line' id='line_1_109' title="bbox 2194 5195 3671 5271; baseline 0.004 -21"><span class='ocrx_word' id='word_1_753' title='bbox 2194 5198 2267 5251; x_wconf 81' lang='grc' dir='ltr'>Τὸ</span> <span class='ocrx_word' id='word_1_754' title='bbox 2298 5197 2555 5269; x_wconf 83' lang='grc' dir='ltr'>τέταρτον</span> <span class='ocrx_word' id='word_1_755' title='bbox 2598 5199 2757 5264; x_wconf 83' lang='grc' dir='ltr'>ζῶον,</span> <span class='ocrx_word' id='word_1_756' title='bbox 2808 5201 2836 5253; x_wconf 86' lang='grc' dir='ltr'><strong>ό</strong></span> <span class='ocrx_word' id='word_1_757' title='bbox 2879 5199 3033 5263; x_wconf 82' lang='grc' dir='ltr'>ἀετὸς</span> <span class='ocrx_word' id='word_1_758' title='bbox 3067 5200 3298 5271; x_wconf 81' lang='grc' dir='ltr'>δηλαδὴ,</span> <span class='ocrx_word' id='word_1_759' title='bbox 3335 5200 3409 5262; x_wconf 83' lang='grc' dir='ltr'>ὡς</span> <span class='ocrx_word' id='word_1_760' title='bbox 3438 5195 3671 5264; x_wconf 75' lang='grc' dir='ltr'><strong>ὀξυωπὴς</strong></span> 
     </span>
    </p>
   </div>
   <div class='ocr_carea' id='block_1_110' title="bbox 2122 5285 3670 5361">
    <p class='ocr_par' dir='ltr' id='par_1_110' title="bbox 2122 5285 3670 5361">
     <span class='ocr_line' id='line_1_110' title="bbox 2122 5285 3670 5361; baseline 0.003 -22"><span class='ocrx_word' id='word_1_761' title='bbox 2122 5288 2214 5340; x_wconf 72' lang='grc' dir='ltr'>καὶ</span> <span class='ocrx_word' id='word_1_762' title='bbox 2238 5288 2363 5352; x_wconf 78' lang='grc' dir='ltr'>ὀξὺς</span> <span class='ocrx_word' id='word_1_763' title='bbox 2388 5290 2521 5359; x_wconf 85' lang='grc' dir='ltr'>πρὸς</span> <span class='ocrx_word' id='word_1_764' title='bbox 2544 5290 2729 5361; x_wconf 81' lang='grc' dir='ltr'>βορὰν,</span> <span class='ocrx_word' id='word_1_765' title='bbox 2760 5289 2964 5345; x_wconf 77' lang='grc' dir='ltr'>ἄνωθεν</span> <span class='ocrx_word' id='word_1_766' title='bbox 2993 5291 3119 5361; x_wconf 79' lang='grc' dir='ltr'>ἥκει</span> <span class='ocrx_word' id='word_1_767' title='bbox 3146 5294 3207 5343; x_wconf 78' lang='grc' dir='ltr'>ἐκ</span> <span class='ocrx_word' id='word_1_768' title='bbox 3230 5291 3491 5359; x_wconf 67' lang='grc' dir='ltr'>θεηλάτου</span> <span class='ocrx_word' id='word_1_769' title='bbox 3516 5285 3670 5358; x_wconf 76' lang='grc' dir='ltr'>ὀργῆς</span> 
     </span>
    </p>
   </div>
   <div class='ocr_carea' id='block_1_111' title="bbox 2119 5373 3667 5452">
    <p class='ocr_par' dir='ltr' id='par_1_111' title="bbox 2119 5373 3667 5452">
     <span class='ocr_line' id='line_1_111' title="bbox 2119 5373 3667 5452; baseline -0.012 -9"><span class='ocrx_word' id='word_1_770' title='bbox 2119 5379 2217 5442; x_wconf 66' lang='grc' dir='ltr'><strong>τὰς</strong></span> <span class='ocrx_word' id='word_1_771' title='bbox 2254 5379 2468 5449; x_wconf 77' lang='grc' dir='ltr'>πληγὰς</span> <span class='ocrx_word' id='word_1_772' title='bbox 2507 5381 2784 5452; x_wconf 81' lang='grc' dir='ltr'>ἐπιφέρων</span> <span class='ocrx_word' id='word_1_773' title='bbox 2812 5381 2946 5451; x_wconf 83' lang='grc' dir='ltr'>πρὸς</span> <span class='ocrx_word' id='word_1_774' title='bbox 2982 5381 3262 5449; x_wconf 80' lang='grc' dir='ltr'>ἐκδίκησιν</span> <span class='ocrx_word' id='word_1_775' title='bbox 3292 5381 3396 5433; x_wconf 85' lang='grc' dir='ltr'>τῶν</span> <span class='ocrx_word' id='word_1_776' title='bbox 3426 5373 3667 5432; x_wconf 77' lang='grc' dir='ltr'>εὐσεϐῶν.</span> 
     </span>
    </p>
   </div>
  </div>
