4110 6420
427 415 536 483 593

1491 427 1880 491 COMMENT.
1928 430 2011 489 ΙΝ
2049 429 2581 493 APOCALYPSIN.

3594 433 3704 497 59-!

501 528 612 583 Kal
640 528 770 584 ἰδοὺ
803 529 988 598 ἵππος
1012 533 1263 602 χλωρός.
1306 533 1364 586 Ὀ
1389 535 1597 605 χλωρὸς
1623 538 1809 606 ἵππος,
1841 539 1996 611 ὀργῆς

2191 537 2259 594 Et
2285 556 2403 594 ecce
2431 556 2595 602 equus
2621 537 2882 608 pallidus.
2917 538 3105 610 Equus
3129 539 3358 612 χλωρὸς,
3380 541 3430 595 id
3461 551 3563 606 est,
3591 541 3705 612 pal-

424 623 697 694 σύμϐολον
716 641 728 655 ·
758 625 852 678 καὶ
873 625 1045 688 οὕτως
1067 629 1098 696 ἡ
1123 628 1252 698 χλόη
1277 630 1309 698 ἡ
1337 629 1443 683 ὑπὸ
1473 631 1672 702 ίατρῶν
1695 632 2008 704 καλουμένη

421 715 633 786 χλωρά.
670 715 729 770 ⁸0
757 716 814 770 δέ
838 733 900 785 γε
932 717 1162 782 θάνατος
1191 721 1286 772 καὶ
1310 723 1338 774 ὁ
1367 721 1500 792 ᾅδης
1537 723 2010 794 καταστρατεῦσαι

420 806 630 877 νοητῶς
661 807 897 878 ἔστησαν
943 807 1087 862 κατὰ
1117 808 1227 861 τῶν
1257 810 1554 881 ἀλιτηρίων
1585 813 1879 883 δαιμόνων,
1915 820 2010 869 καὶ

418 899 580 969 δίκην
624 900 1020 968 εἰσπράξασθαι
1068 902 1169 970 τῆς
1216 902 1324 955 τῶν
1355 904 1662 975 ἀνθρώπων
1706 907 2006 971 ἀπωλείας.

420 991 590 1045 Οὔπω
610 991 668 1044 δὲ
700 990 776 1060 τῷ
809 991 954 1062 λόγῳ
981 993 1014 1063 ἡ
1044 993 1225 1048 τελεία
1257 995 1580 1067 καθαίρεσις
1602 996 1712 1050 τῶν
1735 997 2008 1068 δαιμόνων

418 1084 758 1155 εἰσφέρεται,
788 1084 924 1138 ἀλλά
965 1086 1126 1153 μόνον
1150 1087 1410 1159 τετάρτου
1445 1089 1676 1160 μέρους,
1713 1089 1902 1162 ἐπειδὴ
1929 1091 2008 1160 τῷ

417 1173 564 1245 λόγῳ
596 1175 696 1243 τῆς
741 1175 880 1244 μετὰ
926 1177 1082 1246 χεῖρα
1111 1177 1399 1242 ὀπτασίας,
1441 1177 1594 1234 οὔπω
1626 1180 1766 1234 κατὰ
1797 1181 1860 1233 τὸ
1893 1180 2008 1251 τρί-

416 1283 513 1319 τον
557 1265 729 1329 πάθος
777 1267 1027 1338 ἐπράχθη
1091 1267 1350 1340 Χριστοῦ.
1403 1268 1516 1340 Τὴν
1570 1271 1629 1324 δὲ
1686 1273 2007 1344 καθαίρεσιν

414 1360 698 1428 τροπικῶς
755 1361 968 1430 σφαγὴν
1034 1362 1322 1432 ὀνομάζει,
1375 1365 1471 1418 καὶ
1501 1365 1658 1434 λιμὸν
1685 1366 1794 1419 τῶν
1837 1365 2005 1420 πάλαι

415 1451 874 1520 προσκυνούντων
901 1452 1086 1515 αὐτοῖς
1124 1453 1222 1523 τὴν
1248 1453 1514 1523 ἔκλειψιν,
1552 1455 1647 1509 καὶ
1677 1456 1767 1509 τὸν
1801 1459 2004 1526 ἀφανι-

416 1542 559 1612 σμὸν
605 1543 706 1612 τῆς
742 1544 1056 1612 τυραννίδος
1111 1545 1290 1598 αὐτῶν
1340 1547 1435 1600 καὶ
1485 1546 1592 1598 ὑπὸ
1641 1547 1752 1600 τῶν
1797 1547 2005 1618 θηρίων

411 1635 716 1707 διαφθορὰν
762 1638 966 1701 αὐτῶν,
1015 1637 1180 1709 θηρία
1212 1638 1400 1693 καλῶν
1443 1642 1576 1712 γῆς,
1604 1643 1704 1705 τὰς
1750 1643 1860 1696 τῶν
1887 1643 2005 1698 δαι-

415 1727 598 1794 μόνων
624 1725 748 1779 καθ’
787 1727 946 1797 ἡμῶν
976 1730 1056 1792 εἰς
1087 1729 1390 1802 φθοροποιὰ
1429 1733 1576 1804 πάθη
1628 1733 1880 1806 ὀχλήσεις
1911 1736 2006 1790 καὶ

411 1816 837 1881 ἐπαναστάσεις.

485 2086 714 2152 Ἄλλως
758 2087 829 2141 ἐκ
865 2085 985 2142 τῶν
1021 2087 1128 2142 τοῦ
1189 2088 1493 2158 Ἀνδρέου.
1552 2091 1812 2156 Εὐσέϐιος
1865 2093 1926 2146 δέ
1975 2095 2008 2146 δ’

407 2177 705 2247 Παμφίλου
757 2179 816 2231 ἐν
857 2177 935 2248 τῷ
959 2178 1134 2250 ὀγδόῳ
1180 2181 1462 2253 κεφαλαίῳ
1500 2183 1596 2237 τοῦ
1630 2182 1673 2237 θ’
1712 2184 1875 2253 λόγου
1902 2185 2003 2254 τῆς

419 2268 977 2338 Ἐκκλησιαστικῆς
1017 2273 1288 2340 ἱστορίας
1339 2275 1542 2345 γράφει
1596 2277 1723 2330 τάδε
1746 2293 1758 2307 ·
1808 2277 1896 2330 Ἐν
1933 2279 2000 2349 τῇ

405 2360 519 2413 τῶν
537 2359 795 2430 διωγμῶν
823 2361 976 2433 ἀκμῇ
1011 2362 1105 2416 ἐπὶ
1135 2362 1482 2438 Μαξιμιανοῦ
1528 2365 1816 2437 Ῥωμαίων
1847 2367 2002 2438 βασι-

404 2449 677 2517 λεύοντος,
716 2451 824 2525 ὑπὸ
861 2453 959 2524 μὲν
991 2453 1153 2525 λιμοῦ
1185 2456 1279 2509 καὶ
1318 2455 1511 2525 λοιμοῦ
1543 2457 2004 2528 κατασκήψαντος

408 2543 596 2606 αὐτοῖς
653 2545 752 2597 σὺν
797 2544 1008 2615 ἑτέροις
1065 2546 1496 2618 συμπτώμασιν,
1554 2549 1761 2619 ἄπειρα
1818 2550 2000 2623 πλήθη

405 2632 799 2703 διεφθείροντο,
829 2633 974 2688 ὥστε
999 2639 1147 2708 ταφῇ
1179 2635 1256 2706 μὴ
1285 2637 1547 2691 δύνασθαι
1582 2639 2000 2710 παραδίδοσθαι,

407 2726 617 2796 καίπερ
645 2726 989 2798 Χριστιανῶν
1015 2728 1136 2782 τότε
1162 2728 1463 2801 φιλοτίμως
1495 2731 1626 2802 περὶ
1647 2733 1746 2795 τὰς
1776 2733 2004 2802 κηδείας

403 2818 821 2890 ἠσχολημένων,
869 2819 964 2873 καὶ
1017 2821 1095 2891 τῷ
1137 2821 1508 2894 φιλανθρώπῳ
1537 2824 1664 2887 τοὺς
1714 2825 2001 2896 πεπλανη-

408 2911 605 2980 μένους
632 2912 936 2980 ἐναγόντων
969 2913 1105 2983 πρὸς
1129 2914 1227 2985 τὴν
1252 2915 1352 2985 τῆς
1381 2914 1644 2984 ἀληθείας
1675 2917 1997 2987 ἐπίγνωσιν.

418 3001 556 3054 Ὑπὸ
607 3003 666 3056 δέ
713 3005 1020 3076 Ἀρμενίων
1070 3007 1497 3061 ἐπαναστάντων
1563 3009 1860 3079 Ῥωμαίοις
1900 3013 2002 3067 οὐκ

404 3091 620 3161 ὀλίγους
659 3095 970 3166 ἀνῃρῆσθαι
1022 3097 1286 3170 ῥομφαίᾳ.
1343 3099 1453 3152 Καὶ
1535 3100 1641 3153 ὑπὸ
1696 3101 1876 3156 κυνῶν
1943 3101 2002 3156 δέ

404 3200 573 3253 φησιν
616 3184 931 3255 ἀνηλῶσθαι
981 3185 1052 3238 τὰ
1103 3186 1212 3241 τῶν
1265 3187 1539 3242 θανόντων
1601 3189 1864 3261 σώματα,
1924 3191 2002 3256 ὡς
2029 3235 2071 3295 C

401 3275 595 3330 λοιπὸν
621 3277 748 3341 τοὺς
789 3277 1151 3348 λειπομένους
1185 3280 1266 3343 εἰς
1304 3281 1662 3337 κυνοκτονίαν
1693 3283 1997 3353 τραπῆναι,

400 3367 646 3432 δεδιότας
665 3368 741 3441 μὴ
762 3370 858 3422 καὶ
874 3369 1028 3423 αὐτοὶ
1045 3370 1301 3436 θανόντες
1321 3373 1532 3436 ζῶντας
1550 3375 1776 3439 τούτους
1793 3377 1999 3447 τάφους

401 3461 738 3530 κτήσωνται.
786 3461 902 3514 Οὐκ
954 3462 1180 3526 ἀπεικὸς
1227 3463 1284 3516 δὲ
1331 3467 1448 3526 τοῖς
1503 3466 1634 3519 κυσὶ
1684 3465 1786 3535 τῆς
1825 3469 1998 3538 αὐτῆς

401 3551 587 3620 θοίνης
631 3552 725 3606 καὶ
775 3552 1001 3623 ἀγρίους
1050 3553 1222 3625 θῆρας
1272 3557 1641 3628 συμμετέχειν
1690 3560 1780 3614 διὰ
1810 3560 1998 3630 τὸτῆς

399 3642 610 3713 τροφῆς
639 3642 894 3712 ἄφθονον.
919 3644 1031 3698 Καὶ
1057 3647 1114 3699 ἐν
1143 3648 1208 3718 τῇ
1242 3648 1490 3721 ἡμετέρᾳ
1512 3648 1569 3703 δὲ
1595 3653 1761 3723 γενεᾷ
1784 3651 1996 3707 τούτων

398 3732 635 3786 ἕκαστον
668 3734 886 3804 συμόὰν
915 3735 1186 3809 ἔγνωμεν,
1219 3739 1285 3792 ἐκ
1316 3739 1426 3793 τῶν
1453 3742 1573 3798 νυνὶ
1620 3745 1990 3816 φαινομένων.

990 3918 1240 3975 ΚΕΦΑΛ.
1285 3925 1385 3978 lZ'.

395 4023 594 4112 Λύσις
618 4027 748 4106 ,τῆς
787 4041 1067 4112 πέμπτης
1107 4033 1441 4112 σφραγῖδος
1484 4038 1603 4104 τὴν
1636 4039 1757 4094 τῶν
1801 4043 1992 4112 ἁγίων

471 4097 690 4178 ψυχῶν
719 4097 1110 4180 σημαίνουσα
1332 4097 1555 4174 Κύριον
1588 4097 1986 4180 Δκαταϐόήσιν,

467 4167 624 4219 ὥστε
653 4167 934 4237 γενέσθαι
961 4167 1344 4230 συντέλειαν.

466 4281 576 4335 Kal
604 4282 705 4336 ὅτε
749 4283 958 4353 ἤνοιξε
1000 4286 1116 4356 τὴν
1144 4287 1424 4359 πέμπτην
1469 4293 1794 4363 σφραγῖδα,
1821 4291 1988 4352 εἶδον

390 4373 676 4428 ὑποκάτω
704 4375 810 4430 τοῦ
833 4379 1272 4448 θυσιαστηρίου
1298 4383 1407 4449 τὰς
1427 4385 1630 4454 ψυχὰς
1659 4385 1780 4441 τῶν
1799 4388 1987 4458 ἐσφα-

390 4464 626 4533 πιένων
647 4465 745 4520 διὰ
768 4467 874 4522 τὸν
889 4471 1079 4539 λόγον
1111 4473 1219 4527 τοῦ
1246 4475 1420 4538 Θεοῦ,
1446 4477 1546 4530 καὶ
1573 4477 1675 4532 διὰ
1698 4479 1815 4548 τὴν
1835 4498 1984 4550 μαρ-

2118 635 2262 690 lidus
2291 642 2386 688 aut
2414 632 2625 699 viridis,
2645 632 2786 700 gerit
2803 631 2898 687 ira:
2917 631 3231 704 symbolum
3264 649 3278 686 :
3306 633 3453 688 sicut
3472 641 3525 688 et
3546 634 3703 705 χλόη,

2120 727 2170 780 id
2221 734 2326 791 est,
2378 725 2547 781 herba
2597 741 2721 796 qua:
2762 741 2794 781 a
2845 725 3073 782 medicis
3125 725 3315 797 χλωρά
3371 726 3699 796 appellatur.

2115 816 2262 872 Mors
2297 826 2478 872 autem
2509 826 2565 872 et
2591 815 2842 872 infernus
2893 826 3192 882 steterunt,
3243 826 3304 872 ut
3332 819 3703 888 spiritualiter

2117 919 2423 979 pugnarent
2452 909 2719 964 adversus
2762 910 3026 965 scelestos
3078 910 3378 977 daemones,
3413 920 3469 966 et
3493 911 3704 980 suppli-

2115 1002 2260 1057 cium
2294 1002 2562 1056 inferrent
2595 1009 2820 1071 propter
2867 1001 3158 1055 hominum
3198 1001 3699 1071 interentptionem.

2113 1091 2365 1148 Nondum
2427 1103 2611 1148 tamen
2660 1094 2764 1148 hoc
2825 1107 3082 1148 sermone
3164 1093 3402 1148 infertur
3458 1092 3701 1163 perfecta

2113 1185 2424 1240 daemonum
2483 1185 2858 1256 interemptio,
2911 1186 3006 1241 sed
3060 1200 3126 1241 ex
3176 1196 3374 1256 quarta
3434 1185 3703 1240 duntaxat

2114 1283 2267 1345 parte
2291 1292 2306 1329 :
2331 1275 2592 1345 quoniam
2619 1275 2774 1345 juxta
2806 1285 3130 1346 praesentem
3156 1278 3428 1333 visionem
3456 1278 3700 1332 nondum

2115 1365 2358 1433 perfecta
2410 1375 2497 1420 est
2551 1365 2760 1421 Christi
2833 1369 3026 1437 passio
3071 1383 3138 1422 ex
3193 1369 3370 1423 tribus
3430 1368 3699 1438 partibus.

2112 1455 2285 1511 Porro
2327 1458 2688 1513 vastationem
2759 1460 2966 1529 tropice
3035 1461 3286 1515 nominat
3319 1461 3700 1516 occisionem:

2111 1558 2166 1604 et
2193 1548 2418 1614 famem,
2449 1551 2668 1606 illorum
2701 1550 3067 1608 defectionem
3098 1553 3191 1622 qui
3219 1552 3370 1622 ipsos
3401 1551 3531 1606 olim
3565 1551 3702 1606 atlo-

2112 1653 2421 1697 raverunt:
2453 1650 2509 1698 et
2557 1643 2842 1699 interitum
2901 1645 3207 1716 tyrannidis
3267 1645 3511 1713 ipsorum
3564 1643 3699 1699 dicit

2112 1732 2480 1788 vastationem
2538 1732 2622 1788 vel
2685 1733 3099 1804 corruptionem
3170 1747 3362 1789 eorum
3406 1731 3700 1788 abestiis:

2115 1839 2320 1880 vacans
2376 1824 2584 1881 bestias
2642 1834 2800 1881 terra:
2861 1825 3176 1882 daemonum
3245 1827 3540 1884 adversum
3602 1839 3704 1880 nos

2107 1914 2423 1971 vexationes
2453 1923 2509 1970 et
2539 1915 2780 1972 insultus
2798 1915 2865 1971 ad
2896 1916 3244 1983 aﬂlictiones,
3278 1933 3400 1986 qua:
3427 1915 3704 1970 adducant

2105 2006 2414 2060 interitum.

2179 2097 2298 2150 Alio
2345 2097 2500 2150 modo
2531 2112 2598 2151 ea:
2640 2096 2880 2151 Andrea.
2944 2095 3214 2152 Eusebius
3259 2111 3394 2153 vero
3427 2096 3712 2167 Pamphili

2107 2198 2304 2244 octavo
2355 2189 2535 2259 capite
2569 2188 2692 2243 libri
2743 2191 2872 2243 noni
2929 2187 3324 2244 Ecclesiastim
3366 2190 3606 2244 historice
3643 2189 3700 2245 in

2105 2282 2255 2336 hunc
2275 2282 2473 2336 scribit
2501 2281 2722 2336 modum
2748 2297 2762 2334 :
2797 2280 2852 2335 ln
2881 2280 3096 2337 fervore
3120 2283 3567 2352 persecutionum
3597 2281 3703 2338 sub

2106 2373 2447 2428 Maximiano
2475 2373 2569 2443 qui
2605 2373 2866 2428 Romanis
2903 2374 3232 2444 imperabat,
3287 2372 3430 2428 fame
3465 2385 3521 2430 et
3549 2383 3704 2444 peste

2107 2464 2251 2519 inter
2269 2464 2384 2519 haec
2411 2473 2609 2534 praeter
2626 2473 2856 2519 caeteros
2878 2479 3044 2519 casus
3064 2475 3370 2534 grassante,
3404 2465 3700 2520 innumera

2108 2555 2408 2610 multitudo
2439 2555 2801 2619 moriebatur,
2839 2555 2978 2610 adeo
3047 2563 3108 2610 ut
3139 2556 3242 2627 ipsi
3278 2556 3532 2626 sepulcro
3556 2557 3699 2612 tradi

2105 2666 2218 2706 non
2251 2661 2476 2720 possent
2507 2670 2519 2706 :
2551 2667 2871 2722 quanquam
2913 2651 3227 2708 Christiani
3283 2663 3416 2707 tunc
3440 2653 3603 2708 enixe
3635 2665 3702 2708 ac

2107 2743 2414 2800 liberaliter
2456 2745 2606 2800 circa
2653 2744 2860 2800 funera.
2889 2756 3321 2817 occuparentur,
3350 2756 3405 2800 et
3434 2748 3702 2802 seductos

2107 2835 2451 2891 humanitate
2487 2836 2814 2892 inducerent
2843 2838 2910 2892 ad
2939 2837 3187 2893 veritatis
3221 2837 3579 2909 agnitionem.
3612 2838 3699 2894 Ab

2105 2926 2384 2984 Armeniis
2406 2944 2558 2995 vero,
2583 2929 2677 3000 qui
2706 2929 2759 2983 in
2787 2929 3071 2986 Romanos
3107 2929 3550 2996 insurrexerunt,
3583 2946 3697 2985 non

2104 3035 2312 3090 paucos
2339 3020 2471 3076 dicit
2495 3022 2678 3092 gladio
2705 3024 2876 3078 fuisse
2904 3024 3233 3091 trucidatos,
3258 3033 3313 3078 et
3337 3024 3695 3079 morientium

2105 3126 2338 3182 corpora
2361 3129 2389 3169 a
2414 3115 2646 3172 canibus
2664 3115 2837 3172 fuisse
2858 3127 3188 3188 consumpta
3213 3137 3227 3172 :
3251 3119 3332 3174 sic
3365 3126 3422 3173 ut
3451 3127 3698 3188 postmo-

2105 3204 2236 3259 dum
2268 3206 2448 3261 caateri
2484 3208 2580 3277 qui
2637 3208 2816 3264 relicti
2866 3219 3048 3274 erant,
3077 3210 3144 3264 ad
3189 3225 3389 3265 canum
3431 3211 3698 3266 interem-

2104 3299 2347 3368 ptiouem
2372 3309 2848 3366 converterentur,
2878 3302 3049 3356 veriti'
3067 3318 3137 3358 ne
3157 3311 3212 3357 et
3237 3303 3341 3373 ipsi
3363 3304 3692 3371 morientes,

2100 3392 2223 3458 bos,
2275 3392 2321 3448 si
2374 3393 2660 3458 viverent,
2713 3395 2967 3464 sepulcra
3035 3395 3387 3450 sortirentur.
3439 3395 3557 3450 Non
3606 3405 3694 3452 est

2100 3490 2282 3538 autem
2319 3482 2622 3538 absurdum
2649 3493 2707 3538 ut
2739 3498 2909 3540 canes
2931 3484 2984 3537 in
3003 3482 3137 3554 ipsis
3162 3499 3384 3556 quoque
3410 3484 3693 3540 alimentis

2098 3575 2396 3646 participes
2421 3575 2632 3632 faciant
2658 3575 2787 3632 fera:
2808 3586 3074 3646 agrestes,
3099 3585 3326 3648 propter
3351 3592 3492 3633 escae
3515 3577 3693 3633 abun-

2097 3666 2366 3722 dantiam.
2396 3669 2561 3740 706
2589 3668 2646 3722 In
2675 3677 2863 3724 nostra
2898 3669 3064 3723 etiam
3097 3671 3322 3726 natione
3353 3669 3551 3725 borum
3579 3670 3692 3726 sin-

2097 3761 2224 3832 gula
2254 3761 2560 3834 contigisse
2588 3761 2954 3833 cognovimus
2983 3778 3048 3819 ex
3078 3764 3163 3819 his
3195 3779 3320 3834 quae
3349 3779 3494 3819 nunc
3523 3778 3693 3834 appa-

2097 3860 2242 3908 rent.

2661 3945 2894 4003 CAPUT
2947 3944 3115 4003 XVII.

2093 4056 2305 4112 Solatia
2349 4059 2522 4128 quinti
2572 4058 2738 4127 sigilli
2781 4060 3094 4130 signiﬁcans
3147 4062 3436 4117 clamorem
3467 4075 3690 4119 sancta-

2163 4144 2297 4211 rum.
2345 4130 2651 4182 animarum
2706 4130 2777 4183 ad
2822 4130 3147 4199 Dominum,
3186 4141 3243 4185 ut
3293 4133 3391 4202 ﬁat
3432 4149 3686 4190 consum-

2164 4207 2352 4253 matio.

2162 4308 2252 4374 Vl,
2285 4310 2377 4365 9-1
2394 4311 2440 4367 ι.
2462 4309 2531 4366 Ει
2555 4328 2673 4365 cum
2696 4313 2988 4383 aperuisset
3026 4314 3270 4385 quintum
3291 4315 3551 4388 sigillum,
3577 4319 3686 4373 uidi

2087 4403 2267 4458 subter
2301 4404 2471 4457 altare
2520 4404 2731 4459 animas
2771 4405 3173 4474 interfectorum
3209 4418 3425 4478 propter
3469 4411 3682 4465 uerbum

2084 4494 2204 4559 Dei,
2239 4507 2288 4550 et
2324 4506 2541 4566 propter
2566 4497 2927 4552 testimonium
2961 4499 3100 4569 Agni
3126 4500 3268 4570 quod
3301 4500 3606 4559 habebant:
3633 4514 3683 4559 et

389 4553 605 4662 τυρίρν
629 4555 738 4609 τοῦ
783 4557 1015 4626 Ἀρνίου
1045 4558 1126 4627 ἦν
1152 4557 1345 4631 εἶχον.
1376 4565 1489 4618 Kal
1514 4565 1785 4635 ἔκραξαν
1805 4571 1978 4641 φωνῇ

2099 4584 2442 4640 :lnmave-runt
2477 4603 2597 4642 voce
2649 4604 2867 4658 magna,
2903 4589 3137 4644 dicentes
3168 4606 3187 4645 :
3223 4589 3521 4662 Usqueqno,
3572 4594 3685 4649 Do-

381 4643 624 4713 μεγάλῃ
647 4646 964 4718 λέγοντες·
994 4652 1150 4719 ’Έως
1164 4657 1331 4719 πότε,
1359 4658 1392 4710 ό
1415 4659 1726 4727 Δεσπότης
1754 4664 1788 4715 ὁ
1815 4661 1984 4732 ἅγιος

386 4732 490 4785 καὶ
524 4734 812 4802 ἀληθινὸς
831 4775 847 4802 ,
897 4741 969 4793 οὐ
1023 4742 1250 4809 κρίνεις
1299 4744 1398 4798 καί
1444 4745 1704 4814 ἐκδικεῖς
1743 4751 1807 4803 τὸ
1839 4746 1982 4821 αἷμα

385 4821 557 4889 ἡμῶν
601 4826 672 4879 ἑκ
725 4827 844 4882 τῶν
887 4835 1332 4888 κατοικούντων·
1380 4837 1480 4891 ἐπὶ
1535 4837 1642 4906 τῆς
1684 4840 1838 4911 γῆς;
1869 4844 1979 4898 Καί

383 4913 567 4984 ἐδόοη
616 4917 823 4985 αὐτοῖς
863 4922 1061 4990 στολὴ
1095 4925 1311 4994 λευκὴ,
1347 4927 1446 4982 καὶ
1477 4929 1692 4999 ἐρρέθη
1732 4934 1939 5000 αὐτοῖς
1961 4975 1977 4999 ,

384 5006 488 5059 ἵνα
515 5007 984 5068 ἁναπαύσωνται
1004 5014 1094 5069 ἔτι
1119 5019 1365 5085 χρόνον,
1414 5020 1528 5086 ἕως
1551 5023 1982 5092 πληρώσονται

383 5099 487 5154 καὶ
512 5105 567 5156 ol
603 5103 938 5160 σύνδουλοι
969 5106 1192 5174 αὐτῶν,
1236 5111 1334 5165 καὶ
1367 5115 1422 5166 al
1459 5113 1714 5184 ἀδελφοὶ
1753 5116 1976 5186 αὐτῶν,

382 5189 485 5244 καί
515 5194 571 5246 ol
586 5193 923 5264 μέλλοντες
950 5197 1416 5257 ἀποκτείνεσθαι
1435 5204 1517 5271 ὡς
1542 5206 1640 5260 καί
1670 5208 1865 5263 αὐτοί.

455 5283 571 5354 Τῆς
611 5286 868 5360 πέμπτης
917 5292 1218 5362 σφραγῖδος
1266 5294 1365 5365 τὴν
1411 5294 1588 5363 λύσιν,
1649 5299 1699 5352 oi
1733 5301 1833 5374 τὴν
1865 5305 1985 5359 τῶν

381 5378 801 5449 προειρημένων
838 5383 1125 5454 τεσσάρων
1177 5387 1258 5450 εἰς
1300 5386 1368 5440 τὰ
1413 5389 1656 5460 Χριστοῦ
1687 5393 1834 5466 πάθη
1880 5398 1978 5452 καὶ

379 5465 454 5518 τά
493 5467 594 5535 τῆς
637 5470 908 5541 σωτηρίου
937 5473 1074 5542 ἡμῖν
1095 5473 1576 5546 [ἐνανθρωπήσεως
1617 5465 1978 5556 οἰκονομικῶς

379 5556 706 5613 τελεσθέντα
749 5563 1176 5634 προσνέμοντες,
1219 5569 1295 5632 ὡς
1331 5569 1432 5640 ήδη
1466 5572 1844 5645 παρεθέμεθα,
1881 5580 1977 5634 καὶ

379 5649 590 5722 ταύτην
617 5653 846 5720 εἰκότως
874 5657 972 5728 τὴν
1001 5659 1337 5732 καταϐόησιν
1356 5665 1469 5727 τοῖς
1501 5667 1976 5736 προτελειωθεϊσιν

381 5741 583 5812 ἀνάψει
630 5748 939 5820 προφήταις
992 5751 1086 5806 καὶ
1126 5753 1407 5824 θεοσόφοις
1446 5756 1675 5830 ἀνδράσι
1727 5764 1828 5834 τήν
1878 5764 1973 5818 τοῦ

383 5835 626 5903 Χριστοῦ
655 5839 951 5912 ἐπιδημίαν
983 5845 1208 5901 ποθοῦσι
1239 5852 1330 5905 καὶ
1370 5851 1468 5922 τὴν
1495 5853 1764 5926 ἀναϐολὴν
1804 5858 1972 5931 αὐτῆς

2084 4677 2243 4738 mine,
2276 4677 2364 4746 qui
2391 4694 2444 4732 es
2467 4677 2651 4746 justus
2689 4687 2738 4732 et
2768 4696 2948 4743 uerax,
2985 4697 3092 4734 non
3117 4681 3341 4750 jndicas
3365 4693 3414 4738 et
3440 4686 3680 4742 vindicas

2083 4768 2388 4837 sanguinem
2421 4779 2663 4823 nostrum
2695 4771 2759 4826 de
2789 4773 2872 4826 Itis
2899 4773 2990 4844 qui
3021 4775 3266 4829 habitant
3308 4777 3360 4831 in
3397 4788 3539 4834 terra
3560 4782 3586 4835 .7
3610 4776 3683 4836 Et

2081 4861 2214 4914 data
2245 4869 2321 4914 est
2357 4862 2488 4931 ipsis
2531 4865 2675 4918 stola
2725 4863 2872 4930 alba,
2929 4868 3236 4938 dictumque
3280 4880 3357 4923 est
3396 4873 3471 4925 eis
3502 4881 3559 4926 ut
3593 4890 3680 4927 re-

2081 4953 2410 5022 quiescerent
2459 4955 2633 5009 adhuc
2679 4957 2750 5010 ad
2794 4967 3024 5028 tempus,
3075 4959 3238 5014 donec
3292 4963 3681 5033 complerentur

2082 5047 2316 5098 conservi
2356 5061 2560 5113 eorum,
2607 5059 2656 5103 et
2701 5049 2902 5118 fratres
2952 5065 3162 5117 eorum,
3193 5061 3243 5107 et
3269 5054 3363 5123 qui
3401 5056 3679 5112 occidendi

2079 5145 2232 5192 erant
2266 5138 2404 5192 sicut
2430 5148 2481 5194 et
2509 5140 2634 5208 ipsi.
3681 5149 3684 5156 '

2149 5305 2340 5373 Quinti
2401 5303 2567 5378 sigilli
2629 5309 2995 5379 apertionem,
3039 5310 3098 5366 hi
3144 5313 3239 5383 qui
3280 5312 3672 5384 praedictorum

2078 5407 2320 5469 quatuor
2349 5399 2685 5457 solutionem
2708 5400 2916 5456 Christi
2953 5403 3308 5474 passionibus
3341 5406 3670 5471 attribuunt,

2078 5499 2136 5546 et
2162 5489 2249 5545 his
2278 5504 2402 5560 quae
2430 5489 2839 5561 dispensatorie
2871 5503 3093 5564 peracta
3123 5503 3253 5549 sunt
3279 5495 3427 5550 circa
3459 5496 3673 5552 saluta-

2080 5591 2195 5632 rem
2231 5577 2394 5635 uobis
2423 5577 2889 5649 incarnationem,
2925 5583 3088 5638 sicuti
3109 5584 3222 5653 jam
3247 5585 3666 5654 proposuimus,

2077 5669 2221 5726 hanc
2249 5672 2420 5744 etiam
2441 5673 2723 5743 querelam
2747 5684 2804 5730 et
2828 5676 3126 5731 clamorem
3159 5677 3358 5733 merito
3385 5677 3668 5749 prophetis

2077 5762 2330 5820 tribuunt
2386 5775 2546 5822 antea
2603 5769 2871 5828 mortuis.
2907 5777 2964 5824 et
3013 5768 3110 5824 Dei
3163 5770 3432 5841 sapientia
3487 5770 3668 5843 plenis

2079 5858 2237 5931 viris,
2272 5861 2477 5920 Christi
2516 5861 2813 5920 adventum
2839 5862 3254 5934 exoptantibus,
3282 5864 3514 5936 ejusque
3541 5879 3665 5921 mo-
