4110 6426
351 349 460 413 537

1419 353 1804 413 COMMENT.
1855 352 1932 410 ΙΝ
1981 353 2019 410 Α
2029 353 2210 413 POCA
2223 352 2488 412 LYPSIN
2498 399 2510 412 .

3515 351 3618 414 598

349 461 450 512 τού
493 457 737 529 φθαρτοῦ
804 458 1096 528 ἠνέσχοντο
1154 459 1500 530 καρτερικῶς
1554 459 1784 529 ἐκϐῆναι
1841 459 1932 512 κύ-

2061 461 2205 530 708
2257 461 2460 514 intnulo
2507 459 2856 522 excederent,
2893 457 2983 512 ubi
3043 473 3188 512 nunc
3232 459 3300 514 ad
3341 459 3508 513 vitam
3537 462 3652 524 inc.

353 567 518 616 σμου,
541 549 636 602 νῦν
663 549 926 619 ἀφθάρτῳ
945 549 1042 619 βίῳ
1067 551 1162 602 καὶ
1184 550 1410 622 ἀμόχθῳ
1436 551 1940 622 προσορμισθέντας

349 641 600 710 ὡσπερεὶ
661 641 823 709 κόρον
883 642 1073 694 τούτου
1138 643 1404 706 λαϐόντας
1469 643 1829 714 ἀνασείρασιν
1879 644 1942 695 ἐκ

351 737 518 805 κόρου
571 733 776 787 λαϐεῖν·
842 735 936 803 ἀφ’
989 727 1049 787 οὗ
1109 735 1270 806 καὶή
1313 735 1420 787 τῶν
1461 735 1707 804 ἀγγέλων
1747 737 1828 798 εἰς
1874 735 1945 788 τὰ

243 851 266 867 ε
353 828 553 882 αἰώνια
591 827 912 898 παράκυψις
961 827 1168 896 ἀγαθὰ,
1203 828 1310 881 τινὶ
1351 827 1461 881 τῶν
1499 829 1944 898 θεοφορουμὲνων

355 921 739 990 παρείληπται
783 919 850 972 δι’
883 918 1179 988 ἐπιθυμίας
1227 917 1386 986 εἶναι,
1417 920 1492 984 ὡς
1518 921 1606 974 διὰ
1633 920 1731 992 τῆς
1761 937 1944 991 παρα-

355 1013 572 1082 κύψεως
607 1013 660 1066 τι
697 1013 762 1067 ἂν
789 1013 918 1067 ἄλλο
959 1013 1291 1085 ζητήσαντος
1322 1013 1511 1075 αὐτοῦ,
1545 1013 1578 1084 ἢ
1612 1015 1706 1068 καὶ
1752 1013 1814 1067 τὸ
1849 1031 1942 1083 μισ

355 1107 494 1176 κρὰν
542 1105 720 1158 αὐτῶν
771 1105 970 1174 γνῶσιν
1023 1105 1212 1160 λαϐεῖν
1277 1108 1336 1160 ὲν
1375 1105 1706 1176 ἁδιαλείπτῳ
1759 1105 1946 1178 ἐφέσει

354 1195 546 1266 προσλι
559 1213 630 1248 7:1
638 1196 858 1268 ροῦνται
878 1214 894 1266 ;

945 1303 1198 1358 ΚΕΦΛΛ.
1258 1303 1366 1358 lll'.

349 1441 545 1508 Λύσις
574 1439 684 1507 τῆς
708 1441 891 1512 ἕκτης
913 1441 1266 1512 σφραγῖδος,
1293 1445 1400 1508 τὰς
1426 1444 1496 1497 ἐν
1520 1443 1594 1511 τῇ
1617 1443 1946 1510 συντελείᾳ

605 1513 984 1582 ἐπαγομένας
1007 1515 1244 1583 πληγὰς
1272 1516 1678 1583 σημαίνουσα.

429 1647 538 1700 Kal
567 1644 730 1702 εἶδον
760 1648 858 1732 ὅτε
888 1647 1096 1718 ἤνοιξε
1127 1647 1243 1714 τὴν
1269 1647 1572 1718 σφραγῖδα
1597 1648 1714 1716 τὴν
1736 1648 1940 1715 ἕκτην.

353 1739 469 1794 Kal
505 1741 759 1810 σεισμὸς
787 1741 976 1811 μέγας
1006 1741 1267 1811 ἐγένετο.
1300 1741 1410 1796 Kal
1444 1743 1476 1795 ὁ
1505 1741 1679 1809 ἣλιος
1706 1741 1944 1810 ἐγένετο

2052 552 2462 621 corruptibilem
2503 561 2556 605 et
2583 551 2770 606 labore
2800 559 3077 606 carentem
3111 551 3465 622 appulerunt,
3510 561 3635 604 tan-

2051 660 2216 714 quam
2247 655 2462 714 sumpta
2491 643 2652 712 hujus
2680 644 2954 705 satietate,
3001 643 3344 698 evulsionem
3369 657 3434 696 ex
3465 633 3635 696 satie-

2053 745 2162 789 tate
2205 736 2474 804 accipere.
2523 734 2674 790 Unde
2724 733 2891 788 etiam
2944 734 3264 804 angelorum
3313 733 3380 786 ad
3431 745 3636 786 aeterna

2053 825 2193 879 bona
2243 834 2584 896 prospectus,
2615 840 2644 878 a
2671 825 2910 894 quodam
2972 825 3152 878 amato
3183 823 3370 877 divino
3409 822 3636 876 numine

2053 926 2308 986 sumplus
2346 927 2430 970 est
2465 924 2686 986 propter
2720 916 2994 970 desideria
3031 933 3044 968 :
3075 927 3336 985 tanquam
3375 930 3470 986 per
3507 929 3636 983 pro-

2051 1019 2296 1080 spectum
2328 1009 2464 1063 nihil
2499 1009 2646 1062 aliud
2698 1009 2798 1078 ipsi
2833 1009 3190 1076 requisierint
3218 1023 3381 1078 quam
3409 1007 3494 1061 vel
3521 1021 3640 1062 mo-

2053 1104 2229 1158 dicam
2272 1103 2489 1156 illorum
2519 1103 2771 1173 accipere
2799 1102 3193 1172 cognitionem,
3241 1101 3464 1156 assiduo
3489 1099 3636 1156 desi—

2063 1197 2217 1252 derio
2244 1211 2461 1264 semper
2490 1193 2732 1251 aiiixam.

2616 1307 2846 1365 CAPUT
2875 1308 3063 1364 XVIII.

2055 1443 2261 1498 Salutio
2293 1445 2430 1498 sexti
2453 1444 2622 1512 sigilli
2658 1443 2967 1513 signiﬁcans
3007 1459 3094 1498 eas
3123 1459 3239 1514 qua:
3265 1443 3560 1512 inferantur
3585 1441 3637 1494 in

2496 1516 2949 1568 consummatione
2981 1516 3191 1584 plagas.

2131 1649 2218 1717 Vl,
2271 1652 2357 1713 ιε,
2435 1652 2518 1707 15.
2590 1650 2658 1706 Et
2712 1653 2818 1706 vidi
2873 1667 2993 1705 cum
3053 1651 3344 1719 aperuisset
3405 1647 3641 1720 sigillum

2053 1753 2263 1798 sextum
2299 1759 2314 1796 :
2346 1753 2394 1798 et
2447 1755 2779 1798 terra'motus
2832 1744 3009 1812 fartus
3060 1751 3136 1795 est
3170 1757 3417 1811 magnus,
3471 1749 3516 1794 et
3562 1739 3640 1792 sol

345 1833 570 1902 μέλας,
619 1835 699 1900 ὡς
733 1834 964 1901 σάκκος
1014 1833 1282 1903 τρίχινος
1304 1849 1316 1862 ·
1353 1835 1452 1888 καὶ
1497 1835 1535 1902 ἡ
1567 1833 1802 1902 σελήνη
1834 1834 1947 1900 ὅλη

2061 1839 2227 1906 factus
2250 1848 2326 1891 est
2348 1839 2762 1908 nigerlanquam
2781 1855 2967 1892 saccus
2999 1837 3270 1904 ciliciuus,
3299 1845 3349 1889 et
3381 1835 3510 1888 luna
3530 1843 3642 1886 tota

351 1927 597 1994 ἐγένετο
756 1921 922 1996 αἷμα,
977 1925 1076 1980 καὶ
1127 1929 1182 1980 οι
1229 1927 1485 1996 ἀστέρες
1537 1927 1646 1982 τοῦ
1681 1927 1945 1996 οὐρανοῦ

2053 1932 2194 1996 {acta
2223 1941 2299 1984 est
2331 1941 2584 2000 tanquam
2625 1931 2865 2000 sanguis.
2901 1939 2950 1982 et
2977 1930 3144 1983 s'ella:
3176 1929 3295 1982 εαξιὶ
3335 1927 3640 1980 ceciderimt

351 2020 589 2074 ἔπεσον
610 2022 698 2085 εἱς
726 2019 842 2084 τὴν
865 2018 1004 2089 γῆν,
1035 2021 1114 2086 ὡς
1148 2020 1313 2088 συκῆ
1342 2021 1566 2085 ,ϐάλλει
1599 2022 1740 2088 τοὺς
1768 2022 1947 2076 ὀλύν-

2061 2023 2104 2076 ῐιι
2140 2033 2358 2087 terram,
2408 2025 2547 2076 sicut
2595 2023 2728 2092 ﬁcus
2793 2019 2979 2090 objicit
3041 2037 3252 2091 grossae
3293 2036 3418 2074 suos
3457 2034 3581 2072 cum
3610 2035 3668 2090 ιι¹

353 2115 507 2177 θους
544 2112 759 2180 αὐτῆς,
794 2112 913 2167 ὑπὸ
943 2113 1170 2181 ἀνέμου
1201 2113 1472 2182 μεγάλου
1504 2115 1811 2184 σειομένη.

443 2203 508 2256 Ἢ
543 2203 680 2274 ἕκτη
723 2205 823 2274 τῆς
873 2205 1166 2273 σφραγῖδος
1240 2203 1394 2267 λύσις
1440 2204 1778 2274 τελεωτάτην
1816 2205 1949 2275 ήμῖν

353 2294 460 2368 τὴν
489 2294 766 2366 σωτηρίαν
809 2295 1122 2366 εἰργάσατο.
1155 2297 1314 2348 Κατᾶ
1370 2295 1574 2366 ταύτην
1607 2295 1714 2366 γὰρ
1749 2297 1778 2348 ὁ
1811 2297 1950 2366 Χρι-

355 2387 489 2451 στδς
517 2387 606 2440 τὸν
632 2387 859 2440 θάνατον
884 2387 1172 2452 κατέλυσε,
1198 2387 1294 2456 τὴν
1321 2387 1466 2458 ζωὴν
1488 2390 1828 2460 ἐπανήγαγε,
1859 2389 1951 2441 τὸν

357 2479 593 2550 νικητὴν
626 2479 735 2532 τῶν
756 2479 1060 2548 ἀνθρώπων
1092 2482 1520 2550 ἀπεστεφὰνωσε
1550 2481 1951 2552 θριαμϐεύσας.

359 2569 511 2623 κατὰ
554 2570 617 2622 τὸ
647 2570 1062 2640 γεγραμμένον·
1126 2589 1144 2622 ι
1194 2571 1418 2642 Ἀνέϐης
1454 2572 1533 2634 εἰς
1569 2569 1720 2639 ὕψος,
1770 2573 1954 2642 ᾐχμα-

358 2659 645 2724 λώτευσας
674 2659 1078 2730 αἰχμαλωσίαν.
1119 2680 1137 2712 ι
1175 2661 1272 2723 Τίς
1310 2661 1366 2714 δὲ
1400 2661 1433 2730 ή
1467 2659 1621 2724 λύσις
1659 2660 1759 2730 τῆς
1788 2661 1956 2730 ἕκτης

361 2752 700 2822 σφραγῖδοςς
761 2753 818 2806 Ὁ
865 2753 1097 2824 σταυρὸς
1127 2752 1222 2804 τοῦ
1273 2752 1480 2823 Κυρίου
1521 2752 1613 2804 καὶ
1644 2753 1671 2803 ὁ
1704 2752 1952 2817 θάνατος,

359 2839 450 2907 οἷς
490 2843 859 2914 ἠκολούθησεν
910 2847 944 2915 ή
1004 2843 1234 2898 εὐκταία
1285 2845 1418 2896 πᾶσι
1477 2847 1689 2906 πιστοῖς
1739 2861 1800 2896 τε
1861 2846 1956 2897 καὶ

361 2935 652 3006 αἰσθητοῖς
685 2934 1002 2997 ἀνάστασις.
1038 2933 1221 3004 Ἦπερ
1268 2935 1326 2986 ού
1363 2933 1522 2999 μόνον
1550 2933 1677 2995 τοὺς
1711 2931 1954 2996 ζῶντας,

367 3025 514 3080 ἀλλὰ
545 3027 642 3079 καὶ
671 3026 800 3088 τοὺς
831 3023 1382 3094 προκεκοιμημένους
1412 3022 1778 3093 εὐηργέτησε.

442 3117 550 3171 Kal
582 3117 837 3185 σεισμὸς
863 3115 1056 3185 μέγας
1087 3114 1344 3184 ἐγένετο.
1392 3114 1587 3182 Σαφῶς
1619 3115 1689 3166 τὰ
1738 3115 1832 3168 ἐπὶ
1877 3115 1956 3186 τῷ

2051 2129 2200 2172 vento
2241 2135 2430 2188 magno
2463 2128 2722 2172 movetur.

2103 2197 2274 2266 (Sexti
2310 2210 2474 2281 sigilli
2509 2211 2713 2266 solutio
2737 2209 3190 2282 perfectissimam
3223 2207 3383 2262 nobis
3407 2207 3640 2262 salutem

2053 2312 2276 2372 operata
2319 2313 2426 2359 est.
2457 2302 2535 2356 Ex
2569 2306 2670 2358 hac
2697 2305 2844 2358 enim
2885 2303 3142 2359 Christus
3176 2309 3406 2356 mortem
3442 2297 3644 2354 dissol-

2055 2393 2178 2460 vit,‘
2223 2396 2390 2449 vitam
2445 2395 2686 2463 reduxit,
2719 2395 2787 2451 ab
2820 2411 2885 2451 eo
2920 2395 3014 2464 qui
3064 2394 3315 2448 homines
3365 2393 3645 2447 devicerat

2056 2488 2476 2557 triumphando,
2543 2502 2811 2543 coronam
2870 2486 3102 2542 abstulit
3141 2485 3338 2555 :juxta
3397 2485 3450 2538 id
3497 2483 3644 2553 quod

2056 2579 2320 2648 scriptum
2351 2588 2470 2634 est:
2506 2598 2524 2630 ι
2563 2579 2872 2634 Ascendisti
2909 2579 2960 2632 in
3012 2579 3215 2639 altum.
3271 2575 3642 2646 captivitatem

2057 2669 2264 2724 duxisti
2293 2673 2568 2742 captivam
2602 2671 2668 2728 “.
2706 2691 2724 2725 ι
2771 2670 2904 2738 Qua:
2952 2681 3036 2726 cst
3076 2678 3257 2726 autem
3311 2667 3448 2724 sexti
3481 2667 3646 2737 sigilli

2058 2763 2294 2818 solutio?
2341 2763 2488 2818 Crux
2516 2772 2570 2818 et
2603 2779 2752 2819 mors
2803 2761 3064 2824 Domini,
3123 2761 3270 2814 unde
3318 2769 3508 2814 secuta
3560 2768 3646 2810 est

2059 2855 2294 2923 optanda
2320 2855 2538 2910 cunctis
2565 2862 2674 2908 tam
2702 2855 2954 2910 ﬁdelibus
2977 2869 3142 2924 quam
3175 2867 3398 2908 sensum
3419 2863 3650 2918 sequen-

2057 2947 2207 3004 tibus
2263 2947 2616 3011 resurrectio,
2670 2962 2791 3016 qua:
2831 2961 2940 2999 non
2974 2946 3129 3000 vivos
3169 2944 3346 3000 solum
3384 2937 3650 2996 beneﬁcio

2061 3040 2263 3100 all'ecit.
2300 3056 2488 3094 verum
2521 3040 2684 3094 etiam
2722 3040 2842 3093 illos
2869 3039 2964 3110 qui
3006 3047 3164 3092 antea
3200 3035 3568 3090 dormierant.

2134 3129 2202 3183 Et
2236 3140 2568 3184 terrazmotus
2609 3131 2783 3200 [actus
2836 3139 2914 3184 est
2945 3145 3190 3200 magnus.
3229 3125 3514 3182 Manifeste
3549 3124 3648 3180 de-

367 3207 593 3277 σταυρῷ
622 3206 964 3276 γεγενημένα
995 3207 1197 3274 σημεῖα
1246 3203 1280 3274 ἡ
1312 3201 1548 3256 ὀπτασια
1578 3203 1716 3272 ἡμῖν
1743 3202 1953 3267 ἀναζω-

2067 3217 2259 3272 scribit
2304 3217 2465 3272 nobis
2511 3217 2649 3272 visio
2701 3218 2856 3285 signa
2897 3233 3020 3289 quae
3057 3217 3108 3270 in
3137 3215 3342 3270 Christi
3393 3214 3651 3286 passione

363 3301 595 3368 γραφεῖ,
625 3297 716 3349 τὺν
747 3296 971 3366 σεισμὸν
1003 3297 1098 3349 καὶ
1134 3295 1224 3348 τὸν
1258 3294 1446 3348 κλόνον
1480 3295 1582 3365 τῆς
1613 3295 1737 3363 γῆς,
1772 3295 1833 3347 τὸ
1861 3294 1955 3347 τοῦ

363 3391 526 3460 ήλῐου
578 3390 772 3450 σκότος
817 3375 915 3441 ’καὶ
965 3387 1066 3457 τῆς
1119 3387 1348 3457 σελήνης
1395 3387 1526 3456 ὅλης
1559 3385 1656 3457 τὴν
1689 3389 1768 3450 εἰς
1818 3383 1959 3456 αἷμα

367 3479 700 3550 μεταϐολήν.
747 3479 896 3533 Πάνυ
935 3479 992 3533 δὲ
1038 3478 1282 3548 ἀκριϐῶς
1317 3479 1410 3530 ἐπὶ
1454 3477 1556 3544 τῆς
1605 3478 1837 3549 σελήνης
1875 3479 1956 3542 τὸ,

363 3571 510 3639 ὅλη,
561 3569 882 3640 δεδήλωται.
927 3569 1252 3640 Πλησιφαὴς
1301 3569 1410 3640 γὰρ
1444 3568 1600 3633 οὖσα,
1635 3568 1730 3621 ἅτε
1763 3585 1960 3622 τεσσα-

367 3663 832 3735 ρεσκαιδεκαταία
865 3661 924 3715 οὒ
937 3680 1022 3726 τα,
1054 3663 1150 3715 καὶ
1177 3662 1316 3715 κατὰ
1344 3661 1635 3732 διάμετρον
1665 3661 1959 3729 ἀφεστῶσα

363 3757 465 3809 τοῦ
497 3757 669 3828 ήλίου,
703 3755 821 3818 πῶς
847 3755 934 3809 οἵα
966 3773 1024 3808 τε
1053 3756 1141 3808 τὸν
1171 3755 1320 3826 ἥλιον
1353 3758 1420 3826 τῇ
1447 3755 1648 3825 ἑαυτῆς
1675 3755 1957 3828 ὑποδρομῇ

367 3849 660 3914 satoriam;
698 3848 857 3901 Οὕτω
887 3847 996 3918 γὰρ
1025 3847 1123 3917 τὴν
1147 3847 1379 3916 ἡλιακὴν
1405 3847 1650 3917 ἔκλειψίν
1698 3865 1831 3916 φασι
1885 3847 1962 3916 γί-

367 3939 562 3993 νεσθαι
607 3943 657 3993 οἱ
707 3939 910 4009 ταύτης
957 3939 1054 4010 τὴν
1091 3939 1289 4009 σχολὴν
1326 3938 1712 4008 πεποιημένοι.
1746 3939 1870 4004 Πῶς
1904 3941 1960 3994 δὲ

367 4030 538 4085 πάλιν
571 4029 797 4083 δυνατὸν
819 4033 920 4100 τὴν
951 4027 1179 4098 σελήνην
1213 4029 1269 4081 ὲν
1297 4029 1375 4098 τῷ
1404 4029 1652 4100 ἡμερινῷ
1679 4032 1959 4102 καταστή-

371 4139 511 4193 ματι
561 4121 818 4192 τοιαύτην
862 4121 1129 4192 φανῆναι;
1185 4119 1306 4190 Ἀφ’
1348 4113 1409 4174 οὗ
1463 4123 1558 4175 καὶ
1611 4121 1885 4187 Διονύσιος
1934 4127 1962 4177 ὁ

383 4215 790 4284 Ἀρεοπαγίτης
835 4216 916 4277 εἰς
968 4213 1300 4284 θεοσημεὲαν
1335 4213 1600 4286 ἀναφέρει
1639 4215 1699 4269 τδ
1729 4218 1822 4270 ἐπὶ
1865 4217 1960 4271 τοῦ

373 4305 614 4377 σταυροῦ
657 4306 872 4376 συμϐὰν
924 4305 1003 4373 τῷ
1048 4306 1220 4376 ἡλίῳ,
1269 4305 1369 4358 οὐκ
1427 4307 1509 4371 εἰς
1547 4307 1735 4371 εἰωθὸς
1789 4307 1962 4371 πάθος

368 4399 491 4459 τοῖς
536 4399 656 4448 κατ’
706 4395 938 4466 ούρανὺν
991 4396 1232 4468 σώμασι.
1275 4396 1432 4460 Τινὲς
1461 4397 1518 4450 δὲ
1542 4397 1711 4450 ταῦτα
1743 4401 1822 4461 εἰς
1863 4401 1962 4470 τὴν

373 4489 488 4543 ὑπὸ
533 4489 948 4543 Οὐεσπασιανοῦ
979 4489 1279 4559 γενομένην
1321 4487 1646 4560 πολιορκίαν
1680 4490 1960 4556 ἐξέλαϐον,

373 4583 556 4636 πάντα
584 4581 653 4633 τὰ
679 4580 946 4652 εἰρημένα
978 4581 1504 4651 τροπολογήσαντες.
1541 4580 1606 4634 οῐ
1631 4579 1688 4632 δὲ
1719 4581 1963 4634 πλεῖστοι

373 4675 488 4728 τῶν
532 4673 884 4745 ἑρμηνευτῶν
957 4674 1184 4743 σεισμὸν
1233 4673 1330 4744 τὴν
1386 4673 1685 4743 μετάϐασιν
1729 4671 1964 4727 ἐνταῦθα

375 4767 661 4836 εἰρήκασι,
692 4765 792 4833 τὴν
818 4762 926 4816 ἀπὸ
955 4761 1064 4816 τῶν
1095 4763 1152 4815 ὲν
1187 4765 1298 4826 τοῖς
1327 4763 1416 4816 διὰ
1447 4763 1680 4835 Χριστὸν
1707 4765 1966 4835 διωγμοῖς

369 4857 681 4928 γενομένην
716 4855 795 4916 εις
839 4854 930 4908 τδν
984 4853 1127 4908 κατᾶ
1171 4853 1265 4907 τοῦ
1327 4853 1702 4926 Ἀντιχρίστου
1751 4859 1966 4930 καιρὸν,

373 4948 606 5019 σεισμὸν
641 4947 896 5008 εἰωθυίας
925 4945 1023 5014 τῆς
1067 4946 1292 5017 Γραφῆς
1325 4947 1513 5001 καλεῖν
1541 4950 1640 5019 τὴν
1671 4951 1782 5003 τῶν
1827 4967 1972 5021 πρα-

371 5041 606 5110 γμάτων
635 5037 955 5109 μετάϐασιν,
984 5037 1172 5112 ὥσπερ
1207 5037 1288 5091 τό·
1331 5058 1350 5090 ι
1383 5039 1503 5093 Ἔτι
1540 5041 1690 5106 ἅπαξ
1717 5041 1902 5095 σείσω.
1941 5062 1959 5095 ι

373 5132 544 5202 Δηλοῖ
571 5132 680 5204 γὰρ
723 5131 820 5202 τὴν
849 5131 958 5184 τῶν
1016 5131 1394 5202 σαλευομένων
1443 5133 1757 5203 μετάθεσιν,
1815 5135 1892 5200 ὡς
1936 5139 1965 5190 ὁ

377 5223 530 5288 θεῖός
565 5239 698 5294 φησι
751 5221 981 5286 Παῦλος.
1033 5223 1144 5276 Καὶ
1172 5225 1230 5276 ὲν
1261 5211 1336 5293 τῇ
1366 5225 1578 5297 Παλαιᾷ
1607 5229 1640 5298 ή
1671 5227 1767 5280 ἀπ’
1792 5229 1964 5298 Αἰγύ-

381 5331 522 5367 πτου
549 5312 658 5366 τῶν
703 5311 1049 5382 Ἰσραηλιτῶν
1096 5311 1274 5376 ἔξοδος
1331 5315 1554 5385 σεισμὸς
1599 5316 1834 5389 εἴρηται,
1875 5335 1973 5372 κα-

383 5409 500 5473 θὼς
529 5411 622 5464 καὶ
655 5413 818 5467 Δαυϊδ
855 5431 1020 5485 φησι·
1061 5433 1078 5465 ι
1115 5415 1191 5485 Γῆ
1223 5413 1472 5488 ἐσείσθη·
1506 5417 1736 5488 καὶγὰρ
1773 5419 1823 5470 ol
1875 5417 1972 5472 οὒ-

387 5505 546 5571 ρανοὶ
589 5501 843 5569 έσταξαν,
895 5524 912 5555 ι
963 5504 1247 5569 Τοσαύτας
1299 5507 1410 5576 γὰρ
1453 5507 1667 5576 θλίψεις,
1719 5509 1974 5577 γενέσθαι

387 5595 581 5663 φασὶν,
625 5597 743 5660 οἵας
791 5597 1001 5651 οὐδέπω
1047 5600 1424 5670 γεγενημένας
1461 5599 1734 5672 ἔγνωμεν,
1793 5604 1976 5674 σοφῶς

469 5775 513 5806 ³⁵
545 5773 690 5832 Psal.
743 5793 908 5846 vau,
963 5780 1050 5834 19.
1129 5781 1173 5812 ³³
1215 5778 1378 5835 llcbr.
1411 5795 1508 5848 xu,
1536 5781 1608 5834 26

2063 3309 2206 3364 facta
2260 3320 2390 3364 sunt
2425 3328 2438 3363 :
2470 3318 2838 3364 terraemotum
2891 3319 2946 3364 et
2989 3309 3403 3380 quassationem
3465 3316 3646 3374 terrae,

2066 3403 2198 3458 solis
2250 3402 2526 3466 tenebras,
2563 3410 2616 3455 et
2651 3401 2820 3482 totius
2867 3405 3007 3455 lunae
3039 3401 3398 3454 mutationem
3433 3398 3486 3451 in
3519 3414 3650 3452 san-

2064 3499 2306 3568 guinem.
2343 3497 2418 3550 Ex
2449 3497 2684 3550 maxima
2728 3505 2915 3549 autem
2953 3495 3240 3566 diligentia
3272 3493 3643 3564 signiﬁcatum

2062 3597 2148 3642 est
2176 3587 2230 3640 in
2258 3587 2387 3642 luna
2432 3585 2578 3656 quod
2610 3597 2722 3641 tota
2757 3595 2964 3641 nuttata
3003 3585 3169 3640 fuerit
3208 3586 3262 3640 in
3299 3585 3646 3654 sanguinem.

2065 3675 2203 3733 Cum
2234 3678 2380 3732 enim
2409 3685 2554 3735 esset
2579 3677 2737 3748 pleno
2761 3677 2983 3740 lumine,
3013 3687 3199 3746 utpote
3231 3675 3651 3744 decimoquarto

2065 3769 2175 3832 die,
2203 3778 2257 3823 et
2282 3785 2348 3824 ex
2379 3767 2648 3823 diametro
2677 3765 2907 3822 distaret
2940 3783 2970 3820 a
3000 3765 3134 3830 sole,
3171 3765 3448 3834 quomodo
3475 3766 3655 3834 possi-

2065 3863 2176 3918 bile
2205 3861 2310 3917 fuit
2340 3871 2400 3915 ut
2427 3861 2596 3916 solem
2636 3859 2928 3931 repentino
2975 3873 3078 3914 suo
3118 3859 3351 3912 adventu
3384 3855 3652 3910 obscura-

2067 3955 2184 4010 ret?
2217 3955 2382 4026 709
2407 3953 2542 4009 Nam
2584 3953 2658 4009 ita
2700 3953 2938 4010 solarem
2987 3951 3237 4020 eclipsim
3293 3947 3408 4002 fieri
3461 3948 3654 4002 dicunt

2065 4049 2159 4118 qui
2200 4048 2346 4103 circa
2374 4061 2496 4102 eam
2535 4045 2970 4115 investigandam
3009 4059 3131 4099 sese
3163 4050 3454 4113 occupant.
3500 4041 3650 4095 Rur-

2067 4155 2188 4196 sum
2223 4139 2503 4210 quomodo
2553 4137 2820 4208 possibile
2867 4135 2970 4189 fuit
2999 4145 3056 4188 ut
3095 4135 3221 4189 luna
3257 4134 3312 4187 in
3355 4133 3534 4187 medio
3562 4131 3654 4187 die

2067 4233 2368 4288 constituta
2418 4231 2541 4286 talis
2587 4227 2914 4300 appareret?
2945 4225 3100 4281 Unde
3137 4226 3303 4280 etiam
3346 4223 3644 4296 Dionysius

2067 4324 2394 4394 Areopagita
2429 4323 2494 4378 ad
2522 4323 2765 4377 divinum
2795 4319 2963 4375 refert
2991 4317 3317 4373 miraculum
3349 4317 3492 4387 quod
3515 4325 3656 4371 tem--

2069 4433 2199 4486 pore
2217 4417 2490 4486 passionis
2515 4417 2569 4472 in
2595 4415 2708 4470 sole
2737 4414 2987 4485 contigit,
3013 4427 3120 4468 non
3141 4413 3299 4484 juxta
3332 4411 3654 4466 all'ecuoni-s

2069 4511 2124 4565 in
2163 4510 2491 4580 corporibus
2527 4509 2851 4564 coelestibus
2890 4509 3005 4564 lieri
3034 4507 3250 4562 solitas.
3286 4505 3520 4573 Quidam
3550 4520 3650 4559 au-

1999 4631 2040 4688 D
2073 4613 2180 4658 tem
2214 4603 2471 4674 pradicta
2497 4603 2682 4657 omnia
2713 4602 2992 4656 moraliter
3023 4599 3396 4670 intelligendo,
3422 4597 3488 4651 ad
3519 4595 3659 4651 civi-

2073 4693 2199 4748 tatis
2249 4693 2595 4748 obsidionem
2643 4709 2768 4763 qua:
2819 4693 2922 4748 sub
2969 4691 3314 4762 Vespasiano
3369 4689 3512 4744 facta
3550 4697 3655 4754 est,

2069 4785 2396 4839 retulerunt.
2431 4785 2664 4840 Plurimi
2694 4801 2823 4840 vero
2874 4785 3237 4856 interpretum
3278 4791 3653 4837 terra’motum

2072 4875 2175 4930 boc
2198 4877 2316 4931 loco
2336 4876 2596 4932 dixerunt
2627 4877 2918 4933 transitum
2943 4893 3008 4931 ex
3031 4875 3509 4948 persecutionibus
3537 4889 3661 4944 qua:

2074 4975 2296 5035 propter
2329 4965 2612 5021 Christum
2669 4967 2907 5021 inductae
2954 4973 3111 5030 sunt,
3146 4965 3214 5017 ad
3245 4973 3460 5032 tempus
3502 4963 3662 5017 Anti-

2075 5055 2270 5110 christi
2307 5074 2320 5110 :
2349 5070 2413 5110 ex
2442 5056 2840 5110 consuetudine
2869 5053 3168 5125 Scriptura:
3199 5053 3447 5108 dicentes
3475 5061 3662 5107 terrae-

2075 5159 2283 5204 motum
2311 5149 2492 5203 vocari
2526 5149 2883 5204 mutationem
2917 5163 3099 5202 rerum
3121 5190 3134 5210 ,
3188 5145 3654 5218 quemadmodum

2074 5243 2164 5298 ubi
2200 5241 2439 5298 dicitur:
2476 5261 2494 5294 ι
2526 5242 2719 5296 Adhuc
2751 5240 2939 5304 semel,
2974 5256 3074 5312 ego
3110 5243 3425 5295 concutiam
3461 5237 3526 5292 ³³.
3575 5235 3660 5291 Si-

2073 5335 2297 5406 gnificat
2324 5333 2470 5387 enim
2534 5331 2950 5387 translationem
3002 5347 3194 5386 eorum
3243 5345 3364 5401 quae
3403 5343 3656 5383 commo-

2074 5436 2293 5494 ventur,
2325 5423 2494 5480 veluti
2523 5413 2774 5480 declarat
2818 5421 2979 5479 divus
3027 5423 3254 5477 Paulus.
3289 5421 3355 5477 Et
3385 5421 3440 5474 in
3477 5417 3659 5474 Veteri

2079 5515 2434 5574 Testamento
2456 5533 2715 5589 egressus
2738 5515 3110 5574 lsraelitarum
3134 5530 3197 5571 ex
3224 5511 3460 5585 Egypto
3480 5511 3662 5566 dictus

2075 5617 2159 5665 est
2213 5617 2576 5678 terrmmotus,
2655 5605 3119 5680 quemadmodum
3205 5604 3284 5660 ait
3333 5612 3386 5659 et
3437 5599 3659 5655 David:
