4110 6410
531 364 635 427 539

1368 369 1697 431 ARETHrE
1736 368 2116 431 CIESAREE
2155 375 2641 442 CAPPADOCM!
2678 384 3024 451 EPISCOPI

3692 401 3785 463 60d

536 504 555 536 ι
592 482 762 539 Terra
812 494 959 542 mota
1010 496 1113 550 est,
1150 487 1353 541 ctenim
1391 488 1513 541 coeli
1546 487 1950 542 distillaverunt
1983 489 2047 543 ³⁸.
2088 509 2106 543 ι

2225 496 2375 551 τοῦτο
2403 503 2797 573 προειρηκότες
2824 504 2959 575 πρὸς
2981 506 3042 559 τὸ
3064 508 3606 579 προμεμελετηκέναι
3633 515 3785 570 ταῦτα

530 577 817 648 Siquidem
870 589 1051 635 tantas
1090 578 1417 635 alﬁictiones
1468 580 1583 634 fore
1624 579 1837 642 dicunt,
1876 592 2111 651 quantas

531 682 811 740 nunquam
839 679 997 725 antea
1024 671 1193 726 fuisse
1220 672 1603 741 cognorimus,
1638 672 1802 742 idque
1833 675 2111 743 ειιρὶριιιρι·

533 763 938 829 praedixerunt,
993 771 1051 815 ut
1115 762 1201 817 his
1265 765 1656 832 praemeditatis
1708 765 1960 819 homines
2005 781 2110 819 non

530 855 846 917 fatiscerent
896 857 961 909 ad
1015 856 1237 910 inducta
1273 856 1341 911 ab
1398 857 1740 912 AntichriSto
1815 857 2107 927 supplicia.

532 946 701 1000 Porro
750 949 879 1002 solis
933 948 1160 1017 nigredo
1196 958 1251 1003 et
1303 949 1443 1002 luna:
1489 950 1803 1004 obscuritas
1849 951 2111 1019 colorque

527 1039 863 1107 sanguineus
923 1040 1062 1094 lucis
1093 1042 1331 1096 ostendit
1356 1042 1658 1097 carentium
1690 1042 1741 1095 in
1778 1044 1860 1097 his
1883 1044 1976 1114 qui
2008 1044 2112 1098 sub

526 1132 712 1185 divina
753 1134 829 1186 ira
873 1132 1081 1186 fuerint
1115 1134 1457 1204 deprehensi.
1494 1136 1571 1189 lta
1599 1139 1745 1189 enim
1790 1152 1895 1189 non
1943 1138 2110 1191 semel

529 1225 724 1279 beatus
762 1224 1005 1296 Cyl-illus
1028 1229 1305 1297 exposuit.
1335 1228 1533 1282 Stellas
1563 1238 1745 1281 autem
1782 1227 1979 1282 cadere
2005 1240 2109 1288 est.

528 1331 622 1370 ens
653 1319 745 1385 qui
779 1319 1036 1373 videntur
1089 1321 1379 1375 luminaria
1410 1321 1462 1374 in
1494 1319 1721 1376 mundo.
1755 1322 1955 1376 cadere
1987 1330 2111 1375 tan-

528 1422 693 1470 quam
731 1408 1088 1465 labefactatus
1122 1411 1187 1464 ad
1228 1426 1288 1465 ea
1318 1426 1441 1481 quae
1480 1412 1851 1481 contigerint;
1882 1411 2113 1482 ideoque

529 1500 867 1569 imperfectis
893 1504 1160 1561 fructibus
1182 1506 1339 1571 ﬁcus,
1360 1521 1555 1575 nempe
1578 1507 1803 1574 grossis,
1824 1507 2110 1561 assimilati

530 1605 679 1649 sunt.

605 1686 695 1750 Vl,
722 1688 908 1743 H-l'l.
952 1689 1021 1744 Et
1053 1689 1238 1744 caelum
1270 1692 1481 1745 recessit
1515 1695 1649 1745 sicut
1689 1693 1820 1747 liber
1857 1694 1947 1763 qui
2002 1695 2109 1747 cir-

529 1780 875 1834 cumvolvitur
910 1796 928 1833 :
961 1793 1007 1834 et
1048 1783 1217 1836 omnis
1246 1799 1393 1835 mons
1415 1793 1460 1835 et
1492 1782 1666 1835 insula
1699 1783 1762 1835 de
1818 1782 1949 1835 locis
1998 1784 2108 1834 suis

2219 590 2348 653 τοὺς
2386 590 2707 662 ἀνθρώπους
2750 594 2844 647 τοῦ
2892 596 2967 666 μὴ
2991 598 3248 650 ἀπειπεῖν
3285 598 3425 669 πρὸς
3462 600 3559 664 τὰς
3603 603 3785 673 ἐπαγο-

2223 683 2392 749 μένας
2434 682 2527 736 τοῦ
2572 685 2945 756 Ἀντιχρίστου
2980 688 3253 753 κολάσεις.
3286 690 3362 743 Τὸ
3392 691 3450 745 δὲ
3500 691 3664 761 μέλαν
3701 697 3785 749 τοῦ

2221 771 2397 840 ἡλίου,
2429 775 2525 827 καὶ
2562 774 2662 843 τῆς
2691 776 2919 846 σελήνης
2951 778 3013 830 τὸ
3051 780 3294 848 ἀφεγγὲς
3342 781 3439 833 καὶ
3474 784 3784 851 αἱματῶδες,
3872 842 3884 856 ,

2220 864 2281 915 τὸ
2308 866 2422 926 τοῖς
2454 865 2895 933 καταλειφθεῖσιν
2936 867 3041 920 ὑπὸ
3069 868 3167 937 τῆς
3204 868 3353 931 θείας
3393 869 3565 940 ὀργῆς
3595 871 3783 939 ἀφώτι-

2223 972 2347 1009 στον
2386 958 2741 1015 ἐνδείκνυται.
2780 959 2982 1031 [Οὕτω
3011 962 3119 1032 γάρ
3144 963 3408 1026 πολλάκις
3447 964 3476 1016 6
3537 967 3786 1036 μακάριος

2222 1048 2489 1119 Κύριλλος
2533 1050 2782 1121 ἐξήλειψε
2821 1052 2997 1125 (25).]
3032 1055 3105 1107 Τὸ
3140 1054 3196 1108 δὲ
3251 1059 3443 1109 πεσεῖν
3487 1057 3611 1120 τοὺς
3645 1058 3786 1110 ἀστέ-

2224 1158 2351 1211 ρας,
2384 1143 2478 1193 καὶ
2509 1144 2636 1206 τοὺς
2672 1144 2964 1208 δοκοῦντας
3006 1141 3144 1199 εἶναι
3178 1147 3495 1229 φωστῆραςν
3515 1152 3572 1201 ὲν
3615 1149 3787 1221 κόσμῳ

2222 1234 2445 1287 πίπτειν
2479 1236 2553 1299 ὡς
2583 1240 2695 1300 τοῖς
2724 1237 3033 1305 γινομένοις
3055 1238 3412 1302 ὀκλάζοντας.
3447 1239 3539 1292 Διὸ
3571 1240 3785 1303 καὶτοῖς

2220 1324 2433 1378 ἀτελέσι
2478 1327 2577 1392 τῆς
2630 1329 2800 1398 συκῆς
2858 1331 3092 1398 καρποῖς
3131 1330 3245 1392 τοῖς
3294 1327 3544 1391 όλύνθοις
3603 1328 3786 1398 δηλαδὴ

2221 1415 2649 1483 ἀπεικάσθησαν.

2294 1686 2405 1737 Καὶ
2431 1689 2462 1739 ὀ
2496 1688 2753 1754 οὐρανός
2782 1690 3165 1756 ἀπεχωρίσθη
3195 1688 3275 1753 ὡς
3290 1688 3540 1753 βιϐλίον
3557 1687 3782 1741 ἑλισσό-

2216 1793 2420 1844 μενος.
2456 1778 2561 1832 Καὶ
2606 1778 2729 1834 πᾶν
2772 1779 2911 1846 ὄρος
2952 1780 3049 1832 καὶ
3090 1778 3285 1847 νῆσος
3333 1779 3403 1831 ἐκ
3441 1777 3557 1831 τῶν
3597 1780 3778 1832 τόπων

530 1882 673 1926 mota
713 1884 855 1926 sunt.
888 1872 955 1926 Et
994 1890 1136 1942 reges
1170 1885 1323 1927 terra:
1349 1884 1395 1926 et
1418 1874 1695 1937 primates,
1734 1883 1782 1926 et
1820 1874 2020 1927 tribuni
2059 1883 2107 1927 et

2225 1868 2414 1924 ru)th
2438 1871 2831 1937 ἐκινήθησαν.
2864 1872 2969 1924 Καὶ
3000 1875 3054 1926 οἱ
3098 1870 3390 1936 ,ϐασιλεῖς
3412 1870 3522 1936 τῆς
3547 1869 3669 1939 γῆς,
3698 1870 3783 1923 καί

527 1963 717 2017 divites
738 1980 801 2016 ac
844 1963 1027 2031 fortes,
1060 1975 1108 2016 et
1137 1965 1305 2017 omnis
1347 1980 1523 2016 servus
1551 1980 1611 2015 ac
1646 1963 1778 2016 liber
1816 1964 2103 2018 absconde-

526 2065 653 2109 nmt
687 2073 743 2110 se
783 2057 835 2110 in
861 2054 1125 2124 speluncis
1167 2066 1213 2108 et
1248 2057 1300 2108 in
1332 2057 1494 2123 petris
1530 2057 1807 2119 montium,
1840 2070 1889 2110 et
1931 2058 2115 2110 dicunt

524 2148 789 2201 montibus
828 2158 874 2203 et
922 2149 1082 2216 petris
1112 2164 1129 2201 :
1155 2147 1350 2203 Cudite
1402 2164 1560 2217 super
1614 2164 1730 2211 nos,
1768 2158 1814 2201 et
1856 2150 2114 2202 occultate

524 2254 619 2292 nos
653 2255 684 2290 a
708 2238 845 2307 {acie
883 2239 1116 2292 sedentis
1144 2255 1301 2307 super
1354 2238 1626 2303 thronum,
1658 2250 1705 2292 et
1734 2239 1799 2291 ab
1830 2239 1914 2292 ira
1949 2239 2109 2308 Agni,

522 2332 775 2397 quoniam
804 2330 939 2384 venit
965 2332 1077 2385 dies
1110 2346 1335 2400 magnus
1363 2330 1459 2383 ira:
1486 2329 1674 2397 ipsius,
1701 2340 1748 2384 et
1780 2330 1899 2399 quis
1922 2332 2111 2397 poterit

524 2422 700 2476 salvus
727 2422 844 2491 ﬁeri
863 2425 889 2478 2’

2217 1965 2271 2015 οὶ
2335 1963 2715 2032 μεγιστᾶνες,
2742 1966 2835 2017 καὶ
2880 1969 2933 2019 οἱ
2965 1966 3284 2034 χιλίαρχοι,
3349 1964 3449 2018 καὶ
3500 1966 3553 2015 ol
3606 1963 3780 2014 πλού-

2216 2072 2361 2122 σιοι,
2394 2056 2492 2109 καὶ
2531 2059 2869 2126 οιίσχυροὶ,
2898 2058 2995 2110 καί
3044 2056 3165 2123 πᾶς
3209 2056 3436 2121 δοῦλος
3483 2054 3579 2108 καὶ
3627 2053 3783 2106 £21m}-

2216 2151 2407 2215 θερος,
2433 2150 2712 2217 ἔκρυψαν
2733 2148 2987 2214 ἑαυτοὺς
3014 2150 3101 2213 εις
3149 2150 3220 2200 τὰ
3250 2146 3531 2212 σπήλαια
3583 2145 3673 2198 καί
3707 2145 3785 2207 είς

2215 2238 2320 2303 τὰς
2349 2239 2573 2309 πέτρας
2614 2240 2734 2293 τῶν
2788 2238 2992 2307 ὀρέων.
3020 2238 3129 2294 Καί
3158 2238 3417 2308 λέγουσι
3465 2236 3588 2302 τοῖς
3636 2234 3783 2304 ὄρεσι

2212 2332 2307 2384 καὶ
2337 2333 2467 2397 ταῖς
2487 2333 2727 2402 πέτραις
2754 2350 2766 2362 ·
2803 2335 3024 2387 Πέσετε
3064 2332 3157 2401 ἐφ’
3185 2331 3373 2399 ἡμᾶς,
3400 2331 3500 2384 καί
3524 2329 3777 2397 κρύψατε

2218 2424 2369 2491 ἡμᾶς
2391 2425 2510 2478 ἀπὸ
2522 2424 2849 2493 προσώπου
2878 2425 2982 2478 τοῦ
3004 2424 3348 2493 καθημένου
3370 2421 3471 2476 ἐπὶ
3490 2420 3568 2486 τῷ
3592 2420 3782 2487 θρόνῳ,

524 2516 621 2569 καὶ
673 2516 793 2569 ἀπὸ
839 2512 951 2583 τῆς
991 2512 1171 2586 ὀργῆς
1204 2512 1308 2568 τοῦ
1371 2512 1597 2582 Ἁρνίου
1628 2531 1641 2543 ·
1681 2515 1768 2567 ὅτι
1823 2510 2005 2582 ἦλθεν
2059 2516 2096 2580 ἡ
2138 2516 2321 2586 ἡμέρα
2378 2520 2416 2587 ἡ
2454 2520 2689 2590 μεγάλη
2732 2518 2836 2586 τῆς
2892 2516 3076 2587 ὀργῆς
3134 2517 3344 2578 αὑτοῦ,
3380 2516 3477 2569 καὶ
3511 2517 3595 2579 τίς
3624 2512 3784 2566 εὐνα-

526 2623 617 2659 ται
655 2602 922 2674 σωθῆναι
939 2620 958 2667 ;

596 2696 811 2753 (ἓιιεΙιιηι
858 2695 913 2749 in
965 2695 1187 2750 modum
1217 2695 1339 2750 libri
1370 2696 1622 2751 convolvi
1652 2706 1747 2750 aut
1781 2698 2106 2767 simpliciter

525 2792 779 2860 designat
816 2790 1121 2844 secundum
1166 2788 1369 2844 Christi
1403 2789 1568 2859 710
1598 2790 1894 2845 adventum
1924 2809 1937 2844 :
1974 2791 2111 2844 liber

529 2897 766 2949 namque
819 2881 939 2937 sine
985 2882 1216 2950 strepitu
1267 2897 1333 2936 ac
1388 2893 1610 2951 repente
1666 2883 1910 2952 aperitur
1956 2898 1971 2936 :

526 2974 673 3043 quod
699 2974 954 3029 ccelestes
1000 2988 1223 3043 quoque
1252 2973 1484 3027 virtutes
1513 2972 1599 3028 his
1631 2973 1929 3029 condolent
1955 2973 2048 3043 qui
2084 2988 2115 3026 a

528 3067 733 3123 Christi
764 3067 869 3122 ﬁde
909 3066 1231 3121 exciderunt
1260 3075 1519 3136 tanquam
1560 3065 2112 3120 circumvolutionem

2016 2893 2114 2937 aut
2214 2901 2307 2936 ται
2340 2898 2354 2913 °

2279 2699 2351 2750 Τὸ
2396 2698 2487 2749 τὸν
2537 2696 2762 2766 οὐρανὸν
2803 2695 3128 2748 εἱλίσσεσθαι
3184 2694 3258 2756 ὡς
3300 2692 3598 2764 βιϐλίον,ἢ
3636 2695 3690 2749 τὸ
3727 2696 3782 2748 ἀ·

2217 2790 2362 2855 πλῶς
2403 2788 2463 2841 τὸ
2505 2788 2602 2858 τῆς
2650 2787 2911 2859 δευτέρας
2952 2786 3192 2858 Χριστοῦ
3244 2787 3553 2855 παρουσίας
3578 2785 3784 2839 αἰνίττε-

2391 2881 2629 2953 ἀψοφητὶ
2682 2883 2792 2952 γάρ
2839 2884 2935 2936 καὶ
2972 2883 3031 2934 ἐν
3062 2882 3265 2951 ἀκαρεῖ
3295 2882 3328 2950 ἡ
3366 2880 3555 2950 βίϐλος
3586 2879 3779 2944 ἀνοίγε-

2222 2995 2313 3031 ται
2352 2994 2366 3007 ·
2404 2978 2437 3048 ἢ
2484 2977 2567 3029 ὅτι
2614 2975 2709 3028 καὶ
2762 2976 2818 3029 αἱ
2881 2973 3131 3045 οὐράνιαι
3178 2972 3441 3042 δυνάμεις
3486 2973 3598 3034 τοῖς
3640 2968 3779 3023 iam!-

2224 3087 2417 3124 πτουσι
2448 3069 2545 3139 τῆς
2576 3069 2810 3132 πίστεως
2847 3065 3225 3133 συναλγοῦσιν,
3251 3067 3415 3119 οἱονεὶ
3431 3063 3646 3135 ἐλιγμόν
3677 3079 3782 3114 τινα

530 3175 593 3216 ac
620 3160 941 3216 maestitiam
972 3159 1266 3214 habituris.
1290 3159 1390 3213 Per
1426 3160 1529 3213 hoc
1556 3166 1740 3213 autem
1772 3158 1936 3214 etiam
1963 3155 2112 3211 aliud

2225 3162 2316 3214 καὶ
2359 3159 2537 3228 λύπην
2572 3160 2774 3226 ἕξουσι.
2810 3159 2908 3212 Διά
2943 3158 3132 3213 τούτου
3174 3158 3231 3211 δὲ
3272 3156 3370 3211 κοιλ⁵
3412 3157 3595 3225 ἕτερον
3642 3156 3669 3207 6
3700 3152 3780 3206 τοῦ

532 3254 651 3309 libri
693 3253 1188 3309 circumvolutiono
1244 3251 1480 3320 intelligi
1535 3251 1887 3312 admonetur,
1920 3264 2118 3319 ueinpe

530 3348 674 3416 quod
706 3362 907 3416 corpus
926 3344 1147 3400 cmleste
1179 3360 1287 3398 non
1318 3344 1591 3400 sustineat
1614 3342 1913 3412 perfectam
1946 3341 2120 3394 aboli-

532 3441 757 3502 tionem,
790 3436 1256 3508 quemadmodum
1311 3435 1387 3489 ait
1446 3434 1685 3489 Iremeus
1734 3431 2120 3503 Lugdunensis

531 3534 723 3607 quinto
751 3529 1154 3601 redargutionis
1172 3529 1313 3583 libro
1336 3529 1602 3584 adversus
1633 3528 1955 3583 electionem
1980 3524 2119 3579 falso

534 3629 690 3683 dictae
711 3625 996 3695 sapientia:
1019 3642 1031 3676 :
1056 3623 1242 3692 Neque
1263 3623 1406 3677 enim
1423 3638 1679 3691 persona,
1694 3637 1867 3690 neque
1881 3621 2120 3674 essentia

536 3716 921 3771 nhscurabitur
951 3715 1004 3768 in
1037 3723 1290 3769 creatura
1324 3731 1342 3766 :
1368 3727 1533 3766 verus
1562 3719 1645 3766 est
1672 3711 1818 3765 enim
1850 3720 1903 3763 et
1931 3711 2122 3763 ﬁrmus

535 3810 630 3880 qui
665 3811 840 3879 ipsam
872 3806 1200 3862 constituit:
1241 3805 1334 3859 sed
1369 3803 1602 3859 formam
1655 3803 1877 3858 adducit
1933 3801 2121 3856 mundi

539 3904 725 3973 hujus,
758 3901 922 3956 etiam
978 3899 1071 3953 ubi
1109 3897 1473 3968 transgressio
1504 3896 1646 3951 facta
1697 3904 1802 3951 est.
1832 3894 1957 3950 ldco
1986 3910 2123 3963 quo-

537 4011 645 4065 que
680 3993 870 4059 David,
905 4013 921 4045 ι
986 3989 1314 4053 Renovabis,
1339 3988 1537 4057 inquit,
1568 3987 1762 4041 faciem
1806 3996 1962 4040 terra:
1986 3986 2052 4050 ³⁷,
2098 4002 2116 4035 ι

538 4105 642 4143 non
662 4099 840 4143 autem
860 4084 1204 4140 immutabis.
1240 4082 1597 4137 Arbitrantur
1628 4079 1796 4134 veteri
1821 4086 2121 4134 consuetu-

535 4184 662 4236 dine
696 4196 857 4236 usum
895 4178 1066 4234 fuisse
1107 4176 1440 4246 apostolum.
1480 4171 1749 4228 Hebraeus
1782 4170 1927 4226 enim
1977 4185 2040 4224 ea
2066 4185 2124 4224 re

535 4290 656 4345 quae
716 4270 1169 4327 circumvolvitur
1220 4284 1353 4323 usus
1394 4276 1499 4331 est,
1535 4265 1679 4319 sicut
1726 4264 1841 4318 ﬁeri
1890 4262 2027 4316 solet
2070 4260 2123 4314 in

538 4370 690 4425 libris
745 4366 840 4438 qui
891 4365 1035 4436 apud
1086 4379 1188 4419 nos
1240 4371 1393 4427 sunt,
1448 4375 1684 4429 quorum
1733 4356 1973 4412 evolutio
2014 4370 2121 4408 non

537 4458 1006 4522 obscuratiouem,
1033 4455 1129 4511 sed
1164 4470 1353 4510 eorum
1389 4469 1512 4523 qua:
1541 4453 1746 4523 scripta
1778 4458 1907 4505 sunt
1940 4449 2119 4503 maui-

540 4551 887 4607 t'estationcm
915 4548 1130 4602 elﬁcere
1155 4544 1317 4600 solet.

616 4643 683 4696 Et
714 4642 887 4696 omnis
921 4657 1069 4694 mons
1101 4648 1150 4693 et
1193 4639 1392 4694 insula.
1434 4637 1643 4693 Montes
1677 4646 1731 4690 et
1755 4635 1966 4689 insulas
1996 4634 2126 4688 dicit

544 4736 907 4806 superborum
942 4733 1253 4787 dannonum
1284 4739 1482 4793 canus,
1512 4731 1669 4798 juxta
1707 4728 1839 4782 illud
1868 4728 2013 4796 quod
2060 4727 2128 4781 dc

546 4828 682 4898 ipsis
710 4826 976 4895 scriptmn
1028 4834 1146 4878 est:
1183 4841 1201 4874 ι
1238 4823 1305 4877 Et
1356 4822 1757 4877 transferentur
1804 4828 2019 4874 montes
2073 4818 2126 4872 in

543 4937 640 4975 cor
657 4917 823 4973 maris
853 4916 931 4968 ³⁸ε
964 4936 981 4968 ι
1016 4932 1079 4970 ac
1108 4915 1151 4969 si
1177 4913 1321 4968 dicat
1354 4913 1504 4983 ipsos
1536 4912 1589 4965 in
1626 4912 1777 4966 falsis
1816 4911 1980 4981 hujus
2006 4912 2132 4964 vitae

542 5007 995 5070 distractionibus
1049 5006 1467 5077 circumagitare
1498 5005 1632 5058 istos
1658 5003 2033 5073 pusillanimes
2063 5001 2131 5055 ad

543 5104 839 5161 vehemens
857 5101 1107 5157 studium
1132 5099 1182 5153 in
1208 5099 1517 5152 animarum
1560 5110 1782 5152 suarum
1809 5094 2127 5164 perniciem.

546 5198 654 5255 llos
681 5212 904 5269 quoque
938 5194 1160 5251 eosdem
1197 5202 1359 5247 vocat
1397 5190 1629 5252 insulas,
1652 5198 1710 5242 ut
1744 5188 1837 5257 qui
1887 5188 1941 5241 in
1968 5186 2133 5241 dictis

545 5294 820 5349 variarum
857 5290 1219 5361 cupiditatum
1243 5285 1702 5342 inundationibus
1723 5281 1884 5338 nobis
1910 5279 2127 5335 molesti

545 5397 693 5443 sunt.
728 5383 867 5441 Num
924 5383 979 5437 hi
1030 5391 1158 5437 sunt
1211 5378 1392 5433 callidi
1432 5376 1671 5432 artiﬁces
1727 5374 1792 5429 ad
1859 5382 2127 5444 prt'estan~

549 5481 678 5534 dum
700 5475 1086 5548 impedimenta
1109 5475 1262 5527 bona:
1280 5472 1439 5526 famae
1460 5478 1661 5524 nostrae
1676 5469 1809 5539 qua:
1828 5464 2135 5524 secundum

556 5570 721 5626 Deum
746 5581 851 5628 est.

622 5708 667 5738 “
692 5707 835 5763 l’sal.
872 5720 1042 5767 van,
1079 5702 1131 5755 9.

629 5846 738 5916 (25$)
786 5845 953 5901 Uncis
988 5843 1197 5899 inclusa
1245 5845 1467 5898 deerant
1504 5841 1656 5911 vulg.

2153 4532 2206 4591 D

2228 3252 2433 3323 βιϐλίου
2460 3251 2681 3322 ὲλιγμδς
2709 3254 2848 3304 νοεῖν
2885 3248 3269 3313 ὑποϐάλλεται,
3292 3248 3371 3317 μὴ
3401 3244 3692 3315 ἀφανισμὸν
3710 3244 3784 3296 τὲ-

2224 3343 2345 3396 λεον
2372 3342 2432 3395 τὸ
2451 3343 2703 3413 οὐράνιον
2732 3341 2845 3411 (26)
2880 3340 3211 3410 ὑφίστασθαι
3245 3356 3429 3407 σῶμα,
3458 3337 3527 3399 ῶς
3554 3352 3677 3405 φησι
3701 3334 3780 3386 καὶ

2233 3433 2527 3506 Εἰρηναῖος
2547 3434 2575 3485 6
2602 3433 2958 3502 Λουγδούνου,
2991 3436 3048 3486 ὲν
3090 3433 3326 3503 πέμπτῳ
3362 3434 3507 3501 λόγῳ
3527 3429 3613 3482 τοῦ
3652 3427 3782 3493 ἐλέγ-

2230 3544 2325 3595 χου
2404 3527 2507 3596 τῆς
2562 3525 2919 3595 ψευδωνύμου
2972 3524 3228 3593 γνώσεως
3294 3525 3391 3575 ἐπὶ
3467 3522 3673 3586 λέξεως.
3718 3517 3779 3570 Οὐ

2229 3620 2337 3687 γὰρ
2363 3620 2396 3688 ὴ
2434 3617 2755 3681 ὑπόστασις,
2801 3616 2922 3668 οὐδὲ
2956 3616 2987 3684 ἡ
3021 3616 3179 3668 ουσία
3234 3614 3332 3684 τῆς
3398 3614 3619 3674 κτίσεως
3664 3612 3784 3676 ἀφα-

2225 3706 2540 3778 νισθήσεται
2569 3722 2582 3736 ⁸
2619 3705 2826 3775 ἀληθὴς
2895 3706 3002 3774 γὰρ
3061 3705 3152 3758 καὶ
3200 3703 3420 3774 βέϐαιος
3449 3706 3477 3756 6
3511 3702 3669 3770 αὐτὴν
3706 3716 3784 3749 συ-

2228 3797 2567 3868 στησάμενος
2608 3812 2622 3827 '
2650 3796 2788 3850 ἀλλά
2835 3794 2895 3848 τὸ
2926 3795 3114 3865 σχῆμα
3167 3795 3411 3866 παράγει
3454 3793 3547 3848 τοῦ
3601 3792 3780 3859 κόσμου

2226 3892 2416 3945 τούτου
2465 3890 2523 3942 ἐν
2574 3882 2657 3951 οἷς
2704 3888 2797 3941 καὶ
2832 3889 2865 3957 ὴ
2907 3886 3219 3955 παράϐασις
3263 3885 3501 3954 ἐγένετο.
3532 3884 3620 3936 Διὸ
3651 3880 3782 3932 καὶὸ

2233 3983 2426 4059 Δαυῗδς
2454 4003 2472 4035 ο
2497 3982 2858 4043 Ἀνακαινιεῖς
2872 3981 2930 4032 τὸ
2947 3979 3237 4051 πρόσωπον
3250 3978 3350 4048 τῆς
3372 3979 3495 4048 γῆς,
3532 3994 3550 4027 ι
3574 3973 3680 4027 ἀλλ’
3698 3971 3781 4024 οὐκ

2228 4075 2500 4141 ἀλλάξεις.
2557 4072 2873 4143 Ἥγούμεθα
2906 4071 2963 4124 δὲ
3014 4074 3077 4141 τῇ
3130 4070 3335 4141 ἀρχαίᾳ
3381 4067 3629 4137 συνηθείᾳ
3666 4064 3780 4132 χρή-

2230 4166 2425 4221 σασθαι
2460 4165 2551 4219 τὸν
2609 4164 2929 4219 ἀπόστολον.
2974 4162 3280 4233 Είλιτάριον
3338 4161 3449 4231 γάρ
3488 4160 3515 4211 6
3561 4156 3781 4224 Ἐϐραῖος

2228 4261 2351 4314 ἀντὶ
2383 4259 2495 4313 τῶν
2525 4259 2651 4327 παρ’
2687 4258 2819 4328 ἡμῖν
2866 4256 3087 4325 βιϐλίων
3134 4255 3425 4325 ἐκέχρητο,
3452 4246 3523 4305 ὧν
3551 4254 3581 4321 ἡ
3611 4246 3781 4302 ἀνείλε-

2232 4368 2314 4412 σις
2338 4350 2437 4403 οὐκ
2461 4348 2791 4416 ἀφανισμὸν,
2825 4346 2962 4400 ἀλλά
2995 4345 3103 4398 τῶν
3132 4344 3538 4415 γεγραμμένων
3558 4340 3779 4411 φανέρω-

2233 4460 2315 4495 σιν
2351 4440 2736 4511 ἀπειργάζετο.

2306 4623 2412 4677 Καὶ
2437 4620 2559 4676 πᾶν
2582 4621 2720 4689 ὄρος
2744 4618 2841 4672 καὶ
2862 4617 3076 4687 νῆσος.
3104 4618 3246 4686 Ὄρη
3270 4616 3364 4668 καὶ
3396 4617 3584 4683 νήσους
3616 4609 3678 4661 τὰ
3691 4605 3782 4659 τῶν

2235 4713 2622 4785 ὑψηλοφρόνων
2663 4708 2934 4778 δαιμόνων
2973 4707 3128 4760 καλεῖ
3180 4706 3523 4775 συστήματα,
3550 4690 3679 4754 κατά
3732 4694 3781 4746 τὸ

2235 4805 2620 4877 γεγραμμένον
2670 4802 2803 4871 περὶ
2844 4799 3048 4863 αὐτῶν,
3086 4800 3178 4852 καὶ
3209 4794 3591 4867 μετατίθεσθαι
3617 4791 3707 4861 ὅρη
3733 4788 3780 4837 ὲν

2238 4898 2487 4971 καρδίαις
2546 4893 2855 4958 θαλασσῶν,
2901 4892 3063 4945 οἱονεὶ
3113 4893 3171 4943 ὲν
3215 4894 3329 4953 τοῖς
3378 4885 3654 4944 ἐνεστῶτος
3681 4877 3779 4949 βίου

2237 4991 2503 5061 ἁλμυροῖς
2536 4987 2943 5057 περισπασμοίς
2987 4982 3210 5043 τούτους
3252 4975 3634 5049 περισοϐοὖντα
3675 4965 3781 5067 τοίίς

2236 5080 2591 5151 ὀλιγοψύχους
2612 5076 2747 5147 πρὸς
2776 5075 2838 5127 τὸ
2872 5074 3083 5128 ἑαυτῶν
3126 5069 3460 5140 ψυχόλεθρον
3510 5072 3778 5151 περισπου-

2237 5177 2439 5245 δασμα.
2472 5171 2581 5225 Καὶ
2614 5170 2811 5239 νήσους
2836 5167 2892 5221 δὲ
2915 5168 3042 5229 τοὺς
3092 5165 3289 5228 αὐτοὺς
3345 5165 3402 5216 ὲν
3434 5161 3545 5220 ταῖς
3579 5152 3669 5223 ἤδη
3714 5146 3781 5245 εξ·

2243 5267 2508 5340 ρημέναις
2541 5261 2896 5333 περικλύσεσι
2925 5259 3036 5312 τῶν
3072 5257 3342 5328 βιωτικῶν
3369 5246 3648 5340 συμφορῶν
3671 5236 3781 5340 ius“

2243 5362 2663 5434 ἐνοχλήσαντας.
2697 5351 2857 5410 Οὗτοι
2881 5354 2989 5423 γὰρ
3042 5348 3369 5424 δημιουργοὶ
3399 5346 3492 5409 τὰς
3525 5334 3651 5395 κατὰ
3670 5329 3780 5383 Θεὸν

2246 5461 2275 5525 ἡ
2287 5456 2401 5525 μῶν
2434 5452 2679 5513 εὐκλείας
2708 5448 3150 5518 ἐμποδοστατείν.

1214 5701 1256 5732 ³⁷
1283 5698 1423 5754 Psal.
1459 5714 1573 5763 cm,
1599 5695 1688 5751 50.
1767 5696 1809 5728 ³⁸
1859 5692 2000 5749 Psal.
2033 5708 2154 5757 XLV,
2189 5690 2239 5743 ὅ.

2313 5828 2423 5899 (20)
2446 5825 2516 5878 Τὸ
2547 5820 2775 5893 οὐρανὸν
2803 5834 2830 5873 v
2845 5816 2959 5886 ulg.
