4110 6410
299 373 406 439 601

1380 367 1592 427 COMM
1605 366 1770 426 ENT.
1819 365 1896 424 IN
1939 363 2473 426 APOCALYPSIN.

3467 360 3580 423 60?.

377 488 488 546 Kal
509 491 562 544 οι
591 483 876 551 βασιλεῖς
898 481 1009 551 τῆς
1027 480 1162 552 γῆς,
1199 480 1298 533 καὶ
1321 482 1374 534 ol
1390 477 1777 548 μεγιστᾶνες.
1800 479 1907 529 Βα-

2081 475 2150 529 Et
2174 491 2315 546 reges
2363 483 2518 528 teme
2545 480 2594 527 et
2640 471 2913 541 primates.
2947 469 3124 538 Reges
3165 475 3326 523 terrae
3378 475 3431 520 et
3482 469 3593 536 pri-

303 579 480 642 σιλείς
499 580 596 648 τῆς
623 576 728 645 γῆς
774 573 867 628 καὶ
901 573 1238 644 μεγιστᾶνας
1269 571 1364 622 καὶ
1393 569 1573 622 πᾶσαν
1599 569 1699 636 τὴν
1714 567 1901 620 τοιαύ-

303 690 408 743 την
432 668 725 740 τερθρείαν
748 667 875 730 τοὺς
888 663 1089 726 αὐτοὺς
1109 662 1200 715 καὶ
1227 661 1318 714 τὸν
1343 659 1692 728 κατάρχοντα
1719 656 1902 710 αὐτῶν

304 764 558 818 Σατανᾶν
606 761 842 829 νοήσεις,
880 755 1265 825 κατάρξαντας
1317 751 1430 806 τῶν
1485 749 1786 820 περιγείων
1830 748 1900 801 δι’

305 856 530 924 ἀπάτης
568 853 664 906 καὶ
705 853 858 904 δόλου
886 868 899 881 ·
927 849 1150 910 δούλους
1178 847 1236 900 δὲ
1270 846 1367 898 καὶ
1393 842 1738 913 ἐλευθέρους,
1775 843 1904 904 τοὺς

306 952 368 1003 ὲν
399 951 512 1012 τοῖς
541 946 763 1016 δαίμοσι
792 942 1131 1012 προῦχοντας
1161 924 1258 992 καὶ
1288 934 1788 1004 ὑποτεταγμένους.
1814 933 1906 985 Διὸ

309 1040 410 1094 καὶ
440 1040 498 1091 τὸ
529 1035 932 1092 κατατπεύδειν
980 1033 1047 1085 τὰ
1077 1031 1178 1102 δρη
1205 1029 1513 1096 ἐγκελεύειν
1549 1026 1610 1091 ἐξ
1637 1026 1906 1094 αἰτήσεως

312 1134 502 1184 πεσεῖν
532 1131 618 1183 ἐπ’
664 1129 886 1191 αὐτοὺς,
920 1124 1173 1195 κρύψεως
1218 1121 1401 1192 χάριν,
1438 1118 1719 1189 τροπικῶς
1745 1116 1904 1188 εἴρη-

312 1241 432 1277 ται.
477 1221 786 1276 Αίνίττεται
837 1217 948 1289 γὰρ
990 1214 1234 1285 φυγάδας
1277 1213 1472 1274 αὐτοὺς
1505 1210 1760 1280 γενέσθαι
1799 1209 1910 1263 άπὸ

312 1315 421 1386 τῆς
467 1312 924 1383 ἑπαχθησομένης
965 1309 1149 1370 αὐτοῖς
1173 1307 1278 1359 ὑπὸ
1300 1304 1539 1378 Χριστοῦ
1605 1302 1906 1364 κολάσεως.

323 1406 597 1478 Εὑρήσεις
627 1404 686 1458 δὲ
718 1403 815 1456 καὶ
849 1401 1025 1464 άλλως
1056 1397 1465 1470 ἐρμηνευθέντα
1506 1395 1682 1451 ταῦτα
1715 1396 1774 1448 ἐν
1801 1395 1912 1457 τοῖς

312 1500 495 1551 κάτω.

391 1587 614 1644 Πέσετε
639 1586 733 1656 ἐφ’
764 1583 944 1655 ἡμᾶς.
997 1583 1063 1637 Ἠ
1103 1582 1239 1654 πρὸς
1268 1581 1334 1634 τὰ
1367 1580 1468 1652 ὅρη
1491 1578 1678 1649 δέησις
1704 1577 1908 1642 τίνων;

313 1679 446 1731 Τῶν
476 1677 551 1748 μὴ
569 1673 1118 1744 ἑποικοδομησάντων
1142 1674 1211 1742 τῇ
1260 1670 1442 1722 πίστει
1474 1669 1537 1722 τὸ
1572 1667 1757 1738 τίμιον
1803 1667 1913 1720 τῶν

2006 580 2180 624 males
2242 582 2517 637 omneque
2570 564 2888 635 hujusmodi
2966 561 3302 631 praestigium
3367 561 3592 614 eosdem

2006 661 2278 732 intelligas
2321 676 2386 715 ac
2428 659 2731 730 principem
2779 672 2977 713 eorum
3027 654 3316 716 Satanam,
3356 654 3589 706 terrenis

2007 754 2354 808 dominantes
2401 765 2496 821 per
2540 751 2727 805 dolum
2778 763 2843 804 ac
2899 746 3196 801 fallaciam.
3227 745 3433 800 Servos
3461 757 3594 796 vero

2008 861 2072 900 ac
2097 846 2321 908 liberos,
2351 860 2449 898 eos
2479 843 2572 913 qui
2628 842 2770 895 inter
2811 840 3089 895 daemones
3123 847 3253 892 sunt
3287 845 3383 891 aut
3427 849 3596 904 supc-

2011 940 2184 993 riores
2231 945 2325 992 aut
2374 935 2649 1002 subiecti:
2682 934 2805 988 ideo
2855 946 3078 1002 quoque
3136 929 3345 999 tropice
3387 927 3595 982 dicunn

2009 1038 2092 1086 est
2131 1031 2275 1100 quod
2303 1029 2559 1083 studeant
2599 1027 2828 1081 incitare
2867 1033 3103 1089 montes,
3143 1031 3387 1089 petentes
3414 1029 3472 1074 ut
3501 1035 3599 1073 su-

2012 1136 2108 1190 per
2156 1134 2216 1174 se
2276 1118 2478 1172 cadant
2531 1130 2644 1186 quo
2703 1114 3101 1168 occultentur:
3144 1111 3397 1181 designat
3447 1110 3594 1163 enim

2011 1211 2156 1282 quod
2201 1208 2394 1279 fugere
2442 1207 2668 1276 cupiant
2698 1206 3035 1276 supplicium
3068 1204 3214 1272 quod
3251 1217 3419 1272 super
3452 1202 3600 1272 ipsos

2013 1303 2302 1356 inducetur
2349 1314 2381 1351 a
2409 1296 2656 1352 Christo.
2699 1295 2950 1350 Invenies
3006 1303 3184 1348 autem
3227 1302 3282 1348 et
3320 1296 3434 1348 haec
3491 1292 3601 1346 alio

2014 1394 2178 1450 modo
2205 1391 2482 1448 declarata
2508 1391 2562 1444 in
2605 1390 2692 1444 his
2720 1403 2843 1459 quae
2877 1397 3203 1455 sequentur.

2085 1570 2274 1627 Cadite
2305 1582 2461 1636 super
2485 1581 2600 1618 nos.
2634 1563 2882 1630 Quorum
2903 1570 2987 1616 est
3011 1561 3324 1631 deprecatio
3347 1559 3413 1614 ad
3447 1573 3604 1612 mon-

2017 1665 2142 1720 tes?
2174 1665 2376 1718 Eorum
2431 1659 2525 1728 qui
2559 1672 2668 1713 non
2699 1662 3024 1713 struxerunt
3064 1669 3230 1723 super
3255 1652 3416 1706 ﬁdem
3475 1666 3602 1721 pre-

315 1741 502 1843 ἐργων
537 1741 645 1824 ’καὶ
683 1741 994 1839 δογμάτων,
1025 1765 1162 1820 ἀλλὰ
1188 1741 1307 1817 καὶ
1343 1763 1478 1829 ξύλα
1520 1763 1612 1815 καὶ
1641 1761 1856 1831 χόρτον,
1877 1759 1914 1813 ἃ.

2025 1757 2217 1810 tiosum
2249 1751 2452 1822 aliquid
2476 1751 2528 1804 in
2563 1747 2826 1818 Operihus
2852 1755 2908 1800 et
2931 1743 3310 1815 dogmatibus,
3348 1741 3602 1810 sedligna

327 1824 469 1932 ῥέει
498 1860 671 1930 πυρὸς
704 1824 799 1912 τοῦ
847 1824 1106 1928 τυχόντος
1127 1853 1306 1924 ὀσμὴν
1335 1824 1425 1906 οἷά
1455 1869 1513 1904 τε
1566 1824 1909 1919 ὑπενεγκεῖν,

2025 1858 2072 1904 et
2117 1847 2348 1910 faenum,
2412 1857 2536 1912 quae
2601 1856 2671 1896 ne
2720 1839 2946 1894 odorem
2989 1837 3212 1906 quidem
3263 1833 3606 1890 occurrentis

323 1953 403 2024 μὴ
443 1953 525 2007 ὅτι
584 1950 759 2022 πυρὸς
799 1948 1052 2018 ἀπειλήν.
1114 1964 1134 1999 ι
1178 1946 1294 2018 Πῦρ
1347 1946 1476 2014 γὰρ,
1505 1942 1580 2006 ῶς
1625 1959 1810 2010 φασιν,
1884 1941 1914 1992 ὁ

316 2045 456 2108 θεός
476 2058 490 2074 ’
518 2062 537 2096 ι
570 2043 663 2096 καὶ
678 2041 894 2112 μάλισθ’
916 2041 992 2094 ὅτ’
1012 2039 1079 2094 ἂν
1097 2039 1160 2092 ὲκ
1179 2037 1281 2106 τῆς
1299 2034 1763 2105 καταφρονήσεως
1784 2034 1913 2086 ἁνα-

319 2137 593 2206 φλέγηται
620 2133 728 2186 τῶν
756 2133 923 2186 αὐτοῦ
950 2129 1411 2202 προσταγμάτων,
1443 2126 1540 2180 καὶ
1579 2129 1643 2180 ἐκ
1665 2123 1913 2193 παραλο-

316 2225 528 2296 γισμοῦ
583 2225 681 2292 τῆς
708 2223 803 2277 τοῦ
834 2220 968 2276 Υίοῦ
1004 2220 1172 2276 αὐτοῦ
1219 2217 1641 2290 ἀνυπερϐλήτου
1693 2229 1914 2284 συμπα-

317 2319 497 2382 θείας.

395 2411 519 2464 Ὀτι
542 2405 730 2480 ἦλθεν
761 2406 798 2475 ἠ
821 2403 1014 2474 ἡμέρα
1036 2404 1073 2472 ἡ
1085 2402 1323 2472 μεγάλη
1351 2401 1463 2471 τῆς
1493 2397 1680 2470 ὀργῆς
1705 2395 1913 2451 αὐτοῦ.

331 2503 460 2556 Ἐπὶ
509 2503 608 2572 τῆς
653 2498 966 2560 συντελείας
1013 2495 1133 2566 μεθ’
1171 2493 1490 2566 ὑπερϐολῆς
1519 2490 1908 2561 άνυπερθὲτως

315 2594 426 2648 οὐκ
454 2595 514 2646 ὲν
541 2593 720 2664 μέρει,
754 2589 870 2644 ἀλλ’
924 2592 982 2642 ὲν
1017 2589 1184 2641 παντὶ
1216 2585 1296 2657 τῷ
1333 2585 1526 2655 κόσμῳ
1569 2582 1918 2653 συμϐήσεται

319 2685 508 2756 θλίψις
558 2681 896 2755 ὑπερϐολικὴ
941 2683 1008 2752 τῇ
1056 2679 1151 2733 τοῦ
1203 2678 1575 2749 Ἀντιχρίστου
1623 2673 1916 2746 ἐπιδημίᾳ,

318 2779 382 2828 ὲν
412 2771 580 2847 ᾖτοϊς
604 2773 725 2828 κατ’
765 2771 958 2842 ἐξοχὴν
1012 2770 1122 2823 εἴτε
1160 2769 1436 2838 κοσμικῆς
1484 2765 1760 2830 ἐξουσίας,
1815 2761 1916 2823 οὒς

317 2867 416 2920 διὰ
441 2866 568 2928 τοὺς
593 2863 835 2934 βασιλεῖς
874 2861 1166 2933 ἐδήλωσεν,
1205 2858 1316 2912 είτε
1345 2854 1808 2926 ὲκκλησιαστικῆς
1830 2853 1919 2905 εύ-

318 2957 540 3023 ταξὶας,
573 2956 668 3021 οὓς
695 2955 796 3022 ὅρη
830 2954 924 3007 καὶ
949 2954 1146 3022 νήσους
1183 2949 1462 3023 τροπικῶς
1491 2947 1772 3017 ὠνόμασε,
1791 2943 1921 2997 τού-⁸

322 3065 464 3110 τοις,
497 3047 664 3117 φημὶ,
693 3045 898 3098 ἅπασιν
958 3042 1146 3110 ἐκείνη
1187 3043 1219 3109 ἡ
1264 3038 1472 3108 φοϐερὰ
1521 3035 1701 3105 θλίψις
1739 3037 1924 3087 ἐπενε-

2018 1942 2158 2011 ignis
2221 1938 2364 1992 ferre
2423 1943 2683 2006 possunt,
2748 1946 2926 2000 neque
2984 1930 3129 1997 ignis
3201 1929 3401 1982 minas.
3467 1923 3604 1978 Nam

2023 2055 2041 2084 ι
2081 2033 2249 2103 Ignis,
2291 2049 2311 2082 ι
2341 2039 2399 2082 ιιι
2425 2027 2501 2082 ait
2561 2026 2672 2090 ille,
2709 2042 2728 2075 ι
2786 2023 2926 2077 Deus
2971 2035 3304 2076 consumens
3341 2028 3426 2074 est
3477 2019 3543 2082 ³³,
3581 2035 3601 2066 ι

2017 2127 2175 2199 711
2211 2132 2268 2178 et
2292 2122 2530 2177 maxime
2577 2133 2704 2173 cum
2745 2116 3018 2171 exusserit
3057 2129 3154 2170 eos
3190 2111 3263 2167 ob
3294 2119 3606 2178 contempta
3697 2149 3700 2152 .

2018 2228 2282 2290 praecepta
2325 2231 2445 2279 sua,
2481 2221 2537 2266 et
2573 2212 2643 2266 oh
2673 2208 3082 2264 cavillationem
3105 2205 3371 2260 adversus
3396 2201 3609 2256 inaesti-

2020 2311 2272 2365 mabilem
2312 2303 2756 2376 compassionem
2784 2299 2904 2355 Filii
2937 2299 3044 2354 sui.

2092 2400 2358 2467 Quoniam
2416 2397 2555 2452 venit
2618 2393 2730 2448 dies
2794 2407 3020 2462 magnus
3076 2391 3174 2443 ira:
3238 2387 3425 2455 ipsius.
3488 2383 3607 2438 Suh

2020 2493 2210 2548 mundi
2239 2487 2773 2546 consummationem
2797 2483 3080 2540 excessive
3101 2490 3155 2534 et
3174 2495 3337 2546 supra
3363 2477 3609 2540 modum,

2021 2603 2130 2642 non
2165 2585 2218 2639 iu
2254 2591 2430 2653 parte,
2458 2579 2554 2634 sed
2588 2577 2644 2632 in
2677 2586 2794 2632 toto
2823 2575 3030 2630 mundo
3061 2572 3340 2640 continget
3366 2568 3609 2622 tnaxima

2022 2676 2244 2733 aﬂiictio
2274 2690 2372 2744 per
2427 2672 2724 2727 adventum
2751 2665 3102 2729 Antichristi,
3133 2664 3187 2718 in
3233 2675 3344 2732 quo
3380 2660 3488 2722 his,
3519 2659 3615 2727 qui

2024 2773 2076 2826 in
2104 2767 2410 2825 suhlilniori
2439 2771 2602 2819 erunt
2647 2761 2935 2832 dignitate,
3003 2758 3120 2814 sive
3155 2754 3431 2809 mundana
3477 2765 3619 2822 prte-

2025 2862 2125 2918 diti
2179 2861 2290 2917 sint
2341 2866 2634 2929 potestate,
2669 2869 2811 2925 quos
2861 2867 2960 2923 per
3023 2865 3178 2919 reges
3245 2844 3617 2916 signiﬁcavit;

2026 2954 2142 3010 sive
2173 2952 2226 3006 in
2250 2950 2623 3006 ecclesiastica
2649 2947 2762 3004 sint
2796 2943 3086 3014 disciplina
3120 2949 3175 2995 et
3225 2939 3440 3000 ordine,
3480 2950 3621 3006 quos

2031 3056 2248 3103 montes
2284 3053 2339 3099 et
2366 3043 2576 3098 insulas
2599 3039 2810 3110 tropice
2852 3035 3161 3091 nominavit
3201 3034 3322 3088 :his
3370 3031 3619 3099 inquam,

324 3142 612 3212 χθήσεται.
653 3139 797 3206 ’Ὀρη
832 3135 888 3188 δὲ
925 3135 1020 3188 καὶ
1046 3135 1242 3204 νήσους
1281 3130 1379 3199 οὐχ
1411 3128 1598 3190 ἁπλῶς
1650 3127 1776 3190 τοὺς
1811 3125 1920 3179 τῶν

2028 3139 2288 3195 omnibus
2337 3134 2626 3190 tremenda
2674 3132 2764 3185 illa
2810 3128 3033 3184 alllictio
3075 3125 3371 3180 inferetur.
3413 3122 3622 3176 Montes

337 3231 684 3304 Ἑκκλησιῶν
724 3227 1067 3300 προῦχοντας
1114 3223 1484 3293 ὑπελάϐομεν,
1509 3219 1624 3275 ἀλλ’
1651 3221 1788 3290 ὅπερ
1823 3217 1920 3271 xui.

324 3325 486 3396 πειτῄ
518 3323 597 3392 τῷ
632 3321 832 3390 Ἡσαΐᾳ
854 3317 1087 3389 εὓρηται
1121 3313 1494 3384 γραφόμενον,
1523 3311 1624 3374 τὰς
1674 3312 1925 3378 ὲγκαινι-

325 3418 564 3488 ζομένας
613 3416 833 3487 νήσους,
872 3411 929 3464 αἶ
981 3409 1047 3479 δὴ
1083 3408 1403 3478 φεύξονται,
1445 3407 1610 3458 τόπον
1655 3405 1720 3455 ὲκ
1758 3401 1925 3453 τόπου

324 3508 658 3578 ἀμείϐουσαι
690 3503 780 3557 διὰ
817 3503 909 3555 τὸν
936 3499 1361 3569 Ψευδὸχριστον.
1394 3496 1552 3558 Τίνες
1581 3494 1639 3546 δὲ
1679 3495 1728 3546 οἱ
1768 3492 1927 3564 βασι-

328 3603 448 3663 λεῖς
468 3601 566 3669 τῆς
595 3598 720 3668 γῆς,
755 3595 850 3649 καὶ
901 3595 950 3647 οἱ
1003 3589 1332 3663 μεγιστᾶνες
1388 3605 1447 3642 τε
1506 3588 1600 3641 καὶ
1631 3586 1926 3658 χιλίαρχοι,

328 3693 433 3748 καὶ
486 3693 594 3754 πᾶς
631 3687 818 3751 δοῦλός
872 3702 931 3738 τε
983 3682 1079 3737 καὶ⁸
1134 3681 1452 3753 ἐλεύθερος,
1504 3677 1678 3749 ἀλλ’ἢ
1722 3679 1771 3730 οἱ
1816 3676 1928 3730 τῶν

329 3785 544 3855 γηΐνων
591 3777 1108 3844 κατεξουσιάζοντες
1157 3774 1254 3828 καὶ
1304 3772 1472 3843 μηδὲν
1517 3768 1612 3824 τοῦ
1656 3772 1716 3823 ὲν
1757 3769 1930 3840 οὖρα-

328 3880 451 3940 νοῖς
492 3874 622 3946 (26⁵)
674 3869 1075 3940 πολιτεύματος
1124 3864 1586 3936 πεφροντικότες;
1614 3862 1802 3915 Δοῦλοι
1848 3861 1928 3927 δὲ,

329 3972 385 4023 oi.
415 3971 483 4038 τῇ
522 3964 846 4037 ματαιότητι
887 3960 984 4015 τοῦ
1023 3959 1292 4031 παρόντος
1326 3957 1534 4027 κόσμου
1591 3954 1931 4024 δεδουλωμέ-

329 4079 420 4113 νοι
442 4099 460 4122 ,
493 4059 686 4129 ὥσπερ
718 4057 811 4110 καὶ
855 4051 1132 4122 ἐλεύθεροι
1165 4052 1212 4104 οἱ
1247 4051 1349 4118 τῆς
1393 4046 1634 4118 Χριστοῦ
1695 4045 1936 4116 ἀφηνιά-

333 4169 529 4214 σαντες
551 4148 794 4211 δουλείας
819 4147 913 4200 καὶ
943 4145 1150 4206 ἁνέτως
1185 4141 1336 4213 βιοῦν
1350 4139 1785 4212 αίρετισάμενοι.

410 4243 517 4298 Καὶ
574 4241 726 4310 μετὰ
777 4239 955 4293 τοῦτο
1024 4232 1191 4290 altior
1267 4233 1577 4301 τέσσαρας
1638 4230 1935 4300 ἀγγέλους

331 4333 602 4400 ἑστῶτας
631 4333 731 4387 ἐπὶ
767 4332 872 4398 τὰς
897 4329 1203 4397 τέσσαρας
1240 4327 1457 4397 γωνίας
1489 4323 1599 4394 τῆς
1625 4323 1760 4393 γῆς,
1795 4341 1938 4391 κραο

334 4426 594 4492 τοῦντας
613 4425 758 4490 τοὺς
779 4423 1089 4488 τέσσαρας
1115 4421 1380 4488 ἀνέμους
1410 4415 1517 4485 τῆς
1543 4414 1681 4485 γῆς,
1714 4417 1816 4468 ἵνα
1845 4413 1934 4484 μὴ

334 4519 495 4587 πνέῃ
515 4490 738 4586 ἄνεμος
757 4514 856 4568 ἐπὶ
885 4511 998 4580 τῆς
1013 4511 1150 4581 γῆς.
1175 4511 1324 4578 μήτε
1336 4507 1433 4561 ἐπὶ
1454 4506 1564 4574 τῆς
1585 4504 1920 4572 θαλάσσης,

2040 4528 2201 4582 super
2261 4526 2429 4574 mare,
2473 4522 2638 4576 neque
2705 4517 2866 4572 super
2896 4498 3063 4552 ullam
3089 4497 3353 4549 arborem.
3392 4491 3456 4546 Et
3519 4490 3628 4544 vidi
3729 4523 3736 4530 ς

331 4615 492 4682 μήτε
517 4611 620 4664 ἐπι
643 4625 700 4661 τι
749 4603 1026 4673 δένδρον.
1067 4601 1176 4657 Καὶ
1233 4597 1400 4654 εἶδον
1434 4596 1698 4668 ἄγγελον
1721 4590 1934 4650 ἄλλον

333 4703 748 4758 ἀναϐαίνοντα
776 4696 896 4752 ἀπὸ
921 4693 1226 4762 ἀνατολῆς
1257 4692 1462 4760 ἡλίου,
1497 4690 1720 4758 ἔχοντα
1739 4702 1935 4758 σφρα-

334 4793 476 4864 γῖδα
515 4791 665 4846 Θεοῦ
699 4787 934 4852 ζῶντος,
968 4785 1069 4839 καὶ
1090 4786 1308 4853 supatis
1338 4778 1513 4852 φωνῇ
1537 4777 1776 4848 μεγάλῃ
1808 4777 1935 4843 τοῖς

334 4885 677 4952 τέσσαρσιν
726 4880 1008 4951 ἀγγέλοις
1042 4873 1137 4942 οἷς
1167 4877 1346 4942 ἐδόθη
1395 4871 1602 4937 αὐτοῖς
1645 4869 1936 4938 ἀδικῆσαι

334 4976 456 5044 τὴν
485 4974 603 5044 γῆν
628 4972 724 5027 καὶ
772 4973 889 5040 thr
936 4968 1286 5029 θάλασσαν,
1318 4963 1514 5034 λέγων
1541 4978 1557 4995 ο
1582 4965 1640 5016 Μ
1649 4961 1681 5030 ὴ
1723 4961 1937 5029 ἀδική..

331 5085 498 5137 σητε
553 5066 669 5132 τὴν
709 5064 850 5136 γῆν,
873 5060 1027 5132 μήτε
1072 5059 1190 5128 τὴν
1234 5057 1583 5121 θάλασσαν,
1650 5052 1798 5120 μήτε
1864 5052 1936 5106 τὰ

342 5160 594 5230 δένδρα,
617 5158 790 5226 ἄχρις
810 5152 882 5211 οὗ
916 5153 1351 5224 σφραγίσωμεν
1372 5149 1514 5215 τοὺς
1539 5145 1802 5212 δούλους
1826 5143 1935 5198 τοῦ

339 5252 497 5309 Θεοῦ
526 5249 698 5320 ἡμῶν
731 5249 832 5303 ἐπὶ
864 5247 982 5300 τῶν
1009 5243 1299 5315 μετώπων
1323 5240 1548 5295 αὐτῶν.

428 5343 712 5400 Ἐντεῦθεν
733 5342 920 5396 λοιπὸν
945 5341 1013 5394 τὰ
1035 5337 1381 5410 μεταστάντα
1410 5334 1598 5402 σαφῶς
1644 5331 1934 5396 Ἰουδαίους

339 5446 405 5495 ἐν
435 5438 514 5509 τῷ
544 5439 680 5508 πρὸς
716 5433 1023 5505 Ῥωμαίους
1048 5432 1294 5501 πολέμῳ,
1321 5424 1654 5498 ἀντάμειψις
1669 5425 1799 5479 ὄντα
1825 5425 1934 5478 τῶν

339 5535 443 5589 τοῦ
485 5533 691 5604 Κυρίου
743 5529 932 5584 παθῶν
988 5529 1266 5583 δείκνυται
1310 5524 1389 5595 τῷ
1433 5521 1822 5592 εὐαγγελιστῇ.
1868 5521 1931 5572 0i

422 5673 468 5706 ³⁹
511 5673 671 5727 llebr.
716 5687 817 5736 sn,
859 5671 950 5726 29.

425 5771 590 5884 (26").
616 5806 950 5880 Ἀνθρῶποις
979 5805 1125 5876 vulg.

2025 3247 2158 3288 vero
2191 3239 2248 3284 et
2276 3228 2490 3284 insulas
2533 3240 2641 3279 non
2673 3223 2998 3292 simpliciter
3049 3217 3353 3287 accipimus
3389 3229 3488 3269 eos
3525 3213 3622 3282 qui

2025 3330 2266 3394 prazsunt
2329 3317 2598 3381 ecclesiis,
2626 3317 2760 3377 sed,
2808 3312 2952 3383 quod
3003 3310 3168 3364 etiam
3223 3307 3366 3377 apud
3423 3304 3621 3360 Isaiam

2028 3417 2293 3485 scriptum
2339 3411 2636 3474 invenitur,
2695 3409 2989 3460 innovatas
3043 3401 3280 3466 insulas,
3321 3413 3445 3467 quae
3487 3411 3624 3450 sane

2030 3510 2260 3580 fugient,
2283 3506 2466 3561 locum
2502 3518 2534 3557 θ
2569 3503 2690 3556 loco
2733 3504 3144 3555 commntantes
3196 3505 3420 3562 promer
3467 3488 3627 3542 Anti-

2028 3601 2317 3658 christum.
2348 3597 2585 3664 Quinam
2617 3608 2747 3648 vero
2775 3598 2903 3646 sunt
2934 3604 3088 3660 reges
3123 3596 3304 3649 terrae,
3331 3593 3386 3638 et
3413 3583 3624 3652 prima-

2031 3708 2134 3760 tes,
2160 3703 2215 3748 et
2255 3691 2482 3757 tribuni,
2512 3696 2569 3745 et
2597 3700 2811 3750 ser-vus,
2844 3692 2899 3737 et
2948 3683 3104 3743 liber,
3142 3679 3246 3734 nisi
3279 3678 3317 3733 ii
3341 3676 3435 3746 qui
3463 3684 3621 3745 pote-

2037 3795 2236 3842 statem
2273 3791 2532 3838 exercent
2577 3780 2718 3834 inter
2763 3785 3010 3830 terrenos
3042 3771 3312 3834 homines,
3332 3783 3456 3822 cum
3490 3765 3625 3819 nihil

2035 3877 2144 3933 illis
2177 3891 2322 3930 cura:
2339 3873 2411 3928 sit
2429 3872 2498 3927 de
2530 3867 2927 3941 gubernatione
2950 3861 3204 3919 caelesti?
3226 3859 3384 3914 Servi
3407 3865 3622 3933 autem,

2035 3970 2129 4041 qui
2171 3967 2398 4023 vanitati
2443 3964 2610 4034 hujus
2655 3959 2846 4016 mundi
2892 3958 3225 4020 servierunt,
3263 3953 3626 4024 quemadmo-

2036 4062 2166 4117 dum
2191 4069 2240 4115 ct
2273 4058 2453 4119 liberi.
2482 4055 2577 4126 qui
2609 4070 2637 4107 a
2663 4051 2873 4108 Christi
2901 4051 3164 4106 servitute
3185 4063 3244 4102 se
3275 4052 3625 4114 separarunt,

2037 4162 2091 4208 et
2118 4151 2352 4206 remisso
2376 4147 2564 4202 animo
2602 4145 2784 4198 vivere
2817 4143 3123 4212 elegerunt.

2114 4239 2226 4304 Vll,
2267 4240 2383 4294 l-5.
2429 4236 2495 4290 Et
2516 4246 2630 4301 post
2662 4237 2773 4287 haec
2807 4233 2913 4286 vidi
2943 4239 3177 4300 quatuor
3221 4225 3434 4295 angelos
3483 4235 3634 4277 stan-

2041 4343 2117 4386 tes
2160 4345 2318 4397 super
2346 4336 2577 4397 quatuor
2626 4322 2852 4391 angulos
2899 4327 3077 4380 terra,
3109 4319 3340 4367 tenentes
3399 4320 3630 4379 quatuor

2045 4430 2227 4474 ventos
2255 4429 2432 4481 terrte,
2464 4430 2529 4468 ne
2558 4413 2712 4480 ﬂaret
2743 4422 2926 4462 ventus
2988 4421 3149 4473 super
3195 4415 3415 4464 terram,
3463 4413 3630 4465 neque

2032 4606 2199 4660 alium
2229 4601 2473 4674 angelum
2497 4596 2867 4653 ascendentem
2900 4590 2964 4645 ab
3008 4600 3127 4645 ortu
3153 4587 3307 4653 solis,
3347 4585 3629 4640 habentem

2034 4694 2272 4767 sigillum
2306 4693 2401 4747 Dei
2438 4691 2562 4754 vivi,
2586 4699 2634 4743 et
2686 4685 2937 4742 clamavit
2979 4698 3101 4736 voce
3151 4695 3343 4749 magna
3397 4687 3632 4748 quatuor

2038 4787 2243 4859 augetis
2284 4785 2476 4854 quibus
2507 4781 2695 4835 datum
2722 4790 2796 4834 est
2823 4788 2879 4831 ut
2911 4783 3159 4830 nocerent
3187 4784 3342 4827 ωτι-ω
3383 4778 3434 4824 et
3488 4767 3628 4820 mari

2035 4881 2249 4933 dicens:
2273 4875 2355 4930 Ne
2373 4872 2662 4929 nocueritis
2689 4881 2866 4935 term,
2891 4884 3055 4938 neque
3083 4865 3244 4928 mari,
3274 4876 3442 4932 neque
3473 4859 3632 4912 arbo-

2039 4971 2205 5036 ribus,
2236 4968 2576 5039 quoadusque
2599 4965 2866 5035 signemus
2881 4977 3057 5015 servos
3090 4957 3184 5013 Dei
3208 4954 3377 5010 nostri
3401 4953 3456 5006 in
3473 4951 3632 5019 [ron-

2038 5065 2176 5118 tibus
2219 5063 2356 5116 suis.

2118 5329 2255 5384 Hinc
2294 5329 2700 5395 consequenter
2729 5317 2833 5390 ipsi
2873 5315 3226 5386 evangelista:
3252 5309 3626 5367 ostenduntur

2044 5439 2167 5496 quae
2224 5429 2411 5492 aperte
2449 5415 2744 5472 manebant
2787 5409 3009 5466 Judazos
3044 5411 3099 5463 in
3164 5406 3308 5462 bello
3367 5403 3632 5458 adversus

2047 5494 2325 5573 Romanos
2360 5512 2413 5566 in
2440 5509 2702 5565 ultionem
2734 5500 3090 5559 alllictionum
3121 5498 3360 5555 Domini.
3383 5494 3632 5563 Quatuor
