4110 6460
511 355 616 416 6M

1353 357 1689 418 ΑΒΕΤΗΕ
1729 358 2108 418 (ΣΞΕΒΑΒΕΕ
2145 362 2629 423 (ΙΑΡΡΛΒΟΕΙίΕ
2669 365 3013 428 EPISCOPI

3687 377 3788 439 604

511 469 660 521 enim
697 468 873 537 angeli
895 468 1191 522 servabant
1222 469 1479 523 excubias
1530 485 1698 538 super
1736 482 1976 539 quatuor
2009 486 2110 524 an-
2139 521 2141 527 ,

2226 473 2477 539 τέσσαρες
2499 474 2724 544 ἀγγελοι
2772 477 2883 548 γὰρ
2909 477 3209 548 ἐφρούρουν
3247 479 3344 541 τὰς
3382 479 3659 553 τέσσαρας
3690 505 3790 554 γω.

514 561 672 628 gulos
721 570 881 615 terra:
929 559 1266 626 Judatorum,
1340 559 1480 630 luga:
1525 565 1778 618 timorem
1841 565 1946 619 illis
2002 566 2102 619 im-

519 652 816 712 minentes,
856 659 948 703 aut
999 651 1346 705 dillicultates
1389 653 1655 720 quasdam
1709 669 1762 708 et
1797 657 2098 721 molestias,

518 751 614 794 aut
647 744 1088 812 intempestivam
1128 745 1318 811 patria;
1361 743 1716 801 allliclionem
1749 764 1814 803 ac
1859 749 2104 804 dilectis-

489 834 780 885 simarum
815 850 1086 888 uxorum:
1115 835 1277 904 712
1318 853 1440 905 qum
1491 838 1702 907 tropice
1745 840 2103 908 designantur

522 924 801 978 imminere
821 923 1042 989 Judame,
1068 927 1161 980 sed
1195 937 1250 980 et
1272 940 1466 983 ventos
1493 931 1771 998 prohiberi
1811 934 2104 1002 nequando

519 1019 648 1073 ﬂent
712 1035 888 1088 neque
943 1035 1110 1088 super
1185 1031 1388 1076 terram
1467 1038 1643 1091 neque
1701 1039 1866 1092 super
1932 1040 2102 1081 mare.

520 1109 695 1178 Super
753 1120 953 1164 terram
1004 1112 1250 1180 quidem,
1292 1130 1358 1168 ne
1409 1113 1493 1168 vel
1559 1115 1613 1168 in
1669 1115 1898 1170 minimo
1947 1116 2108 1171 refri-

519 1205 731 1266 gerium
780 1204 1062 1260 inveniam
1109 1219 1353 1276 tempore
1402 1210 1530 1264 belli
1574 1208 1868 1262 adversum
1899 1207 2105 1262 Roma-

522 1312 622 1348 nos
655 1311 668 1347 :
704 1313 882 1365 neque
933 1299 1185 1368 agriColte
1231 1301 1544 1368 plantarum
1597 1302 1879 1371 diligentia
1917 1306 2107 1355 assur-

521 1397 673 1456 gaut,
705 1389 968 1458 quoniam
1029 1401 1083 1444 et
1138 1393 1366 1449 arbores
1401 1404 1689 1448 ventorum
1739 1394 2108 1448 connuotioue

519 1482 821 1547 gaudentes
879 1481 1255 1538 refocillantur
1304 1503 1315 1537 :
1389 1502 1568 1554 neque
1621 1485 1861 1556 pedestri
1926 1502 2106 1555 pugna

521 1583 817 1638 certantes,
860 1590 1038 1644 neque
1096 1578 1297 1641 navali,
1340 1579 1601 1646 quoniam
1651 1580 1829 1633 navali
1887 1595 2109 1650 quoque

526 1681 705 1733 pugna
744 1667 1164 1736 impetebantur,
1194 1669 1350 1738 juxta
1385 1669 1725 1739 Josephum;
1761 1687 1882 1723 nam
1924 1673 2107 1725 onitiia

526 1758 666 1812 mala
709 1759 1249 1828 comprehenderunt
1299 1760 1445 1815 illos.
1487 1759 1590 1815 Sed
1625 1776 1942 1830 quanquam
1997 1761 2110 1814 haec

2209 566 2329 628 νίας
2353 567 2450 636 τῆς
2492 568 2766 620 Ἰουδαίων
2816 571 2942 639 γῆς,
2983 570 3188 622 δειλίαν
3217 573 3402 634 αὐτοῖς
3425 572 3789 642 ἐμϐάλλοντες

2211 659 2462 730 φυγῆς,ῆ
2504 660 2825 730 δυσχερείας
2856 663 3083 730 τινὰς,ῆ
3121 662 3348 729 ἐξώριον
3374 665 3551 727 πὰθος
3596 670 3789 737 πατρί-

2208 750 2316 813 δος,
2351 753 2627 819 γυναικῶν
2651 770 2710 806 τε
2750 754 3048 821 φιλτάτων,
3087 756 3248 808 ἆτινα
3300 757 3580 825 τροπικῶς
3603 760 3788 829 διαση-

2215 842 2466 909 μαίνεται
2496 846 2814 914 κρατεῖσθαι
2857 846 2956 917 τῆς
3005 847 3285 911 Ἰουδαίας,
3318 849 3450 902 ἀλλά
3486 867 3550 914 γε
3593 850 3659 918 δὴ
3700 854 3791 904 ναὶ

2211 933 2579 1002 τοὺςάνέμους
2605 936 2943 989 κεκωλῦσθαι
2974 937 3061 1005 ἐφ’
3082 941 3170 992 ὅτε
3202 939 3276 1009 μὴ
3308 941 3494 992 πνέειν
3517 942 3630 1010 (27)
3658 945 3790 1012 μήτε

2213 1025 2306 1076 ἐπὶ
2367 1026 2470 1093 γῆς
2523 1029 2661 1096 μήτε
2714 1029 2808 1080 ἐπὶ
2853 1030 2952 1096 τῆς
2999 1030 3299 1100 Θαλάσσης.
3353 1033 3481 1086 Ἐπὶ
3541 1035 3667 1102 γῆς,
3721 1037 3792 1105 τῷ

2216 1117 2487 1186 μηδεμίαν
2543 1119 2741 1182 αὐτοὺς
2796 1121 3080 1192 ἀναψυχὴν
3126 1124 3384 1193 εὑρέσθαι
3435 1127 3497 1177 ὲν
3558 1125 3637 1194 τῷ
3665 1128 3790 1196 πρὸς

2223 1211 2522 1280 Ῥωμαίους
2590 1213 2809 1284 πολέμῳ
2839 1229 2854 1244 ·
2902 1216 3040 1284 μήτε
3107 1217 3235 1278 τοὺς
3312 1217 3602 1284 γεωργοὺς
3675 1221 3793 1282 τοὺς

2213 1301 2506 1372 ἐπιμελείᾳ
2553 1303 2738 1370 φυτῶν
2779 1305 3236 1374 προσανέχοντας,
3268 1306 3392 1357 ἐπεὶ
3421 1308 3516 1358 καὶ
3586 1307 3653 1359 τὰ
3686 1309 3793 1360 δέν-

2212 1395 2314 1464 δρα
2343 1394 2445 1463 τῆς
2495 1395 2605 1447 ἀπὸ
2658 1394 2767 1446 τῶν
2816 1395 3033 1464 ἀνέμων
3075 1397 3412 1459 ἀποσείσεως
3457 1397 3793 1451 ἀπολαύοντα

2215 1488 2549 1555 ἀναψύχεται
2574 1505 2585 1516 ·
2620 1487 2758 1556 μήτε
2786 1488 2914 1550 τοὺς
2945 1486 3396 1557 πεζομαχοῦντας
3443 1487 3462 1559 ἶ
3475 1491 3553 1558 μὴ
3586 1491 3712 1552 τοὺς
3741 1495 3794 1542 ἐν

2219 1579 2463 1647 Θαλάσσῃ
2490 1579 2905 1649 ναυμαχοῦντας
2921 1577 3074 1650 (28η,
3104 1581 3226 1632 ἐπεὶ
3250 1581 3344 1633 καὶ
3388 1581 3792 1650 ἐναυμάχησαν,

2218 1674 2359 1725 κατὰ
2388 1675 2480 1724 τὸν
2521 1671 2815 1742 Ἰὡσηπονο
2844 1674 3024 1726 πάντα
3072 1674 3180 1743 γάρ
3214 1674 3411 1735 αὐτοὺς
3441 1673 3706 1726 κατέλαϐε
3733 1677 3794 1728 τὰ

2219 1767 2386 1818 κακά.
2407 1764 2545 1816 Ἀλλ’
2577 1766 2627 1816 εἰ
2662 1765 2756 1816 καὶ
2785 1763 3141 1826 ταῦτα,οὖτω
3170 1763 3511 1834 δικαιότερον
3549 1763 3631 1828 ὂν,
3657 1765 3796 1833 ὅμως

521 1849 834 1916 iustissime
887 1853 962 1904 ita
1017 1853 1233 1916 tierent,
1261 1853 1504 1918 apertius
1561 1863 1742 1906 tamen
1796 1853 2141 1922 contingent

2226 1856 2637 1910 ἑπιτευκτικὼτε
2647 1873 2738 1926 ρον
2776 1855 2919 1910 κατά
2936 1856 3037 1924 τὴν
3055 1855 3150 1908 τοῦ
3182 1855 3560 1925 Ἀντιχρίστου
3586 1855 3796 1908 ἑπέλευ-

525 1943 676 1995 cirra
731 1943 1051 1997 Antichristi
1111 1945 1427 2007 adventum,
1466 1959 1576 1997 non
1636 1945 1689 1998 in
1737 1955 1890 2013 parte
1937 1954 2099 1998 terra:

525 2033 862 2098 Judzeorum,
895 2037 988 2090 sed
1017 2036 1070 2088 in
1103 2032 1359 2091 universo
1385 2037 1519 2091 orbe
1553 2054 1568 2090 :
1603 2053 1766 2106 quem
1792 2037 1955 2091 etiam
1992 2039 2113 2092 sbr-

527 2126 609 2178 Iiti
641 2137 800 2180 erant
834 2127 1221 2182 ministeriales
1251 2127 1504 2196 spiritus,
1537 2137 1798 2196 tanquam
1841 2143 1940 2182 sua
1965 2143 2118 2183 com-

529 2219 736 2286 pleutes
764 2219 1026 2286 obsequia
1051 2219 1353 2273 secundum
1397 2228 1638 2288 quatuor
1663 2229 1824 2274 terra:
1855 2220 2110 2288 angulos,

529 2326 726 2379 nempe
780 2311 1072 2371 orientem,
1129 2313 1612 2380 septentrionem,
1664 2311 2004 2365 occidentem
2063 2319 2120 2364 et

530 2401 837 2455 meridiem.
893 2401 1195 2456 Ventorum
1237 2412 1419 2456 autem
1477 2401 1773 2470 prohibitio
1830 2400 2120 2454 manifeste

528 2495 776 2563 designat
801 2493 969 2548 debiti
1004 2494 1218 2549 ordinis
1245 2496 1600 2554 solutionem.
1635 2503 1691 2549 et
1733 2494 2003 2548 malorum
2037 2495 2123 2546 in-

529 2586 968 2641 evitabilitatem.
1007 2585 1109 2640 Per
1145 2596 1343 2642 ventos
1372 2587 1518 2642 enim
1557 2595 1612 2640 et
1647 2601 1796 2640 mare
1827 2586 2115 2655 navigatur

529 2682 597 2733 azl
631 2680 959 2748 obsequium
995 2680 1280 2734 hominum
1313 2678 1387 2752 [et
1419 2679 1618 2749 plantae
1660 2688 1950 2733 ventorum
1989 2677 2119 2731 llatu

531 2767 955 2840 rel'ocillantur].

608 2863 866 2932 Angelum
899 2862 1067 2916 alium
1107 2862 1476 2916 ascendentem
1518 2863 1581 2915 ab
1628 2872 1747 2916 ortu
1779 2863 1930 2917 solis.
1974 2862 2126 2915 Divi-

535 2972 664 3009 num
705 2955 960 3024 angelum
1005 2955 1074 3008 ab
1127 2963 1250 3008 ortu
1284 2954 1419 3008 solis
1457 2962 1513 3009 et
1552 2971 1661 3008 non
1709 2953 1778 3008 ab
1839 2969 2039 3008 occasu
2073 2961 2130 3006 et

537 3049 770 3118 hespero
802 3049 1008 3114 venire,
1069 3047 1397 3115 praeclarum
1427 3045 1643 3102 facinus
1661 3045 1953 3116 designare
1987 3045 2134 3099 vide-

2217 1967 2302 2002 σιν
2324 1951 2634 2019 γενήσεται,
2675 1948 2776 1999 οὐκ
2797 1949 2855 1998 ὲν
2885 1947 3042 2016 μέρει
3076 1947 3174 2015 τῆς
3220 1946 3492 1999 Ἰουδαίων
3541 1948 3667 2015 γῆς,
3691 1948 3794 2000 ἀλλ’

2216 2044 2274 2094 ὲν
2327 2042 2478 2110 πάσῃ
2522 2043 2592 2110 τῇ
2638 2040 2957 2109 οἰκουμένῃ,
3012 2038 3080 2108 ἦν
3131 2039 3226 2090 καὶ
3270 2037 3466 2108 ἔλαχον
3515 2039 3658 2091 κατά
3706 2037 3797 2101 τὰς

2217 2134 2493 2203 τέσσαρας
2520 2132 2746 2200 γωνίας,
2779 2131 3065 2200 ἀνατολῆς,
3097 2131 3324 2200 ἄρκτου,
3350 2129 3560 2193 δύσεως
3590 2131 3683 2182 καὶ
3708 2146 3796 2198 με·

2221 2227 2520 2297 σημϐρίας,
2546 2227 2616 2278 τὰ
2636 2223 2998 2294 λειτουργικὰ
3035 2223 3328 2292 πνεύματα
3373 2225 3452 2285 ὡς
3501 2222 3797 2292 πληρούντα

2220 2322 2318 2384 τὰς
2345 2321 2642 2383 διακονίας.
2696 2319 2759 2371 Ἡ
2797 2319 2855 2372 δὲ
2893 2316 3002 2369 τῶν
3040 2318 3261 2384 ἀνέμων
3307 2315 3484 2384 ἐποχή
3529 2314 3796 2386 προδήλως

2226 2413 2383 2467 λύσιν
2418 2412 2698 2477 εὐταξίας,
2725 2409 2902 2462 καὶτὸ
2941 2408 3051 2460 τῶν
3080 2405 3270 2460 κακῶν
3320 2406 3682 2474 ἁδιάδραστον
3710 2406 3796 2472 ἑμ-

2225 2507 2427 2576 φαίνει.
2451 2503 2551 2557 Διά
2569 2504 2786 2572 ἀνέμων
2811 2502 2942 2570 γὰρ,
2968 2499 3214 2554 θάλασσα
3229 2515 3292 2551 τε
3324 2499 3540 2551 πλείται
3572 2495 3698 2566 πρὸς
3710 2495 3796 2564 τὴν

2225 2597 2530 2668 ἀνθρώπων
2569 2595 2816 2686 δουλείαν
2832 2593 2950 2666 [καὶ
2990 2592 3133 2662 φυτὰ
3159 2590 3663 2661 τρέφεταιξὰνέμοις
3683 2590 3798 2641 ἁνα-

2225 2689 2553 2761 ψυχόμεναλ.

2303 2865 2598 2934 Ἄγγελον
2646 2861 2841 2915 ἄλλον
2872 2860 3281 2914 ἀναϐαίνοντα
3333 2858 3456 2912 ἀπὸ
3509 2855 3798 2923 ἀνατολῆς

2231 2959 2432 3028 ἡλίου.
2474 2956 2546 3008 Τὸ
2597 2955 2696 3024 μὲν
2741 2954 2852 3007 ἀπὸ
2898 2954 2996 3022 τῆς
3037 2952 3304 3022 ἀνατολῆς
3346 2951 3522 3019 ἡλίου,
3563 2949 3694 3001 ἀλλὰ
3734 2948 3798 3018 μὴ

2231 3051 2340 3105 ἀπὸ
2372 3048 2590 3119 δυσμῶν
2623 3047 2830 3116 καὶτῆς
2855 3045 3094 3116 ἑσπέρας
3119 3044 3524 3115 παραγίνεσθαι
3557 3043 3644 3094 τὸν
3668 3041 3797 3094 θεῖον

537 3151 624 3193 tur
671 3155 734 3194 ac
796 3141 1140 3203 beneﬁcium,
1174 3139 1322 3207 quod
1376 3139 1758 3207 contemplans
1815 3139 1869 3190 in
1921 3138 2119 3206 spiritu

2233 3141 2488 3211 ἄγγελον,
2521 3136 2889 3207 ἀγαθοεργίαν
2938 3136 3276 3189 αἰνίττεσθαι
3303 3137 3399 3187 καὶ
3421 3134 3708 3203 σημαίνειν
3726 3131 3800 3184 δοο

539 3232 754 3286 Domini
790 3233 1126 3302 progenitor,
1159 3249 1176 3282 ι
1221 3232 1512 3300 Signatum
1553 3241 1659 3294 est,
1711 3230 1913 3298 inquit,
1958 3245 2125 3299 super

539 3343 639 3380 nos
689 3326 872 3380 lumen
908 3325 1214 3387 vultuslui,
1256 3323 1483 3377 Domine
1509 3321 1580 3376 ⁸ο.
1627 3342 1645 3374 ι
1684 3323 1852 3378 Recte
1903 3335 2125 3391 quoque

535 3415 710 3482 jubet,
747 3425 805 3468 ut
835 3415 966 3468 nulli
986 3414 1204 3467 interim
1235 3422 1498 3466 noceatur
1517 3426 1807 3480 quousque
1837 3411 2126 3481 signaren-

539 3516 631 3562 tur
655 3508 748 3576 qui
785 3523 815 3562 e
857 3505 1063 3561 Judmis
1111 3505 1464 3560 merebantur
1517 3505 1653 3558 salvi
1706 3503 1847 3563 ﬁeri.
1877 3519 1942 3557 ne
1989 3501 2126 3571 justi

539 3601 741 3654 similia
766 3606 1082 3669 paterentur
1119 3613 1247 3652 cum
1296 3598 1382 3653 his
1411 3597 1505 3666 qui
1539 3596 1729 3665 inique
1752 3595 2132 3650 extendissent

546 3709 740 3746 manus
785 3708 914 3746 suas
960 3692 1027 3745 ad
1089 3691 1431 3760 iniquitatem
1509 3689 1773 3744 adversus
1827 3685 2128 3741 Christum.

543 3785 700 3852 Quod
725 3785 772 3838 si
798 3785 915 3838 haec
946 3784 1018 3837 ita
1047 3794 1200 3848 sunt,
1219 3791 1390 3846 certe,
1414 3791 1472 3837 ut
1499 3781 1708 3836 dictum
1745 3791 1852 3844 est,
1886 3789 2133 3846 tempore

545 3879 811 3949 adventus
845 3876 1168 3930 Antichristi
1220 3876 1440 3945 signum
1495 3871 1961 3928 vivilicte'crucis
1999 3870 2136 3924 emi-

547 3968 830 4022 nentiores
864 3967 1274 4022 demonstrabit
1299 3982 1420 4032 eos,
1446 3968 1539 4036 qui
1571 3981 1736 4031 super
1768 3977 1828 4018 se
1879 3972 2134 4033 portave-

547 4071 676 4115 runt
707 4061 1119 4131 inscriptionem
1147 4061 1293 4115 sacri
1321 4059 1710 4129 baptismatis;
1737 4073 1864 4112 nam
1908 4056 1964 4110 hi
2008 4066 2140 4111 sunt

547 4154 752 4208 Christi
789 4154 1103 4208 hmrcditas.

623 4333 707 4390 Ne
728 4336 1032 4390 nocueritis.
1059 4335 1340 4389 Creatune
1362 4341 1550 4403 utpote
1585 4341 1804 4402 propter
1832 4345 1933 4385 nos
1961 4329 2141 4393 factae,

560 4444 687 4482 cum
728 4443 828 4483 nos
856 4429 1216 4498 castigamur,
1250 4444 1357 4481 una
1383 4426 1669 4482 nobiscum
1699 4425 1998 4494 participes
2015 4425 2144 4476 sunt

553 4520 892 4588 ﬂagellorum
947 4538 962 4572 :

555 4612 764 4666 sanctis
793 4611 958 4665 simul
993 4611 1358 4664 collatantur.
1397 4611 1473 4662 Ex
1517 4609 1623 4662 hoc
1653 4621 1837 4661 autem
1867 4605 2140 4660 discimus

555 4705 636 4758 ris
658 4705 752 4773 qui
789 4703 1090 4759 secundum
1138 4704 1400 4758 virtutem
1439 4702 1652 4763 vivunt,
1678 4701 1745 4753 ad
1791 4697 2142 4767 coeperatio-

557 4809 683 4847 nem
715 4808 854 4861 opus
883 4807 1007 4847 esse
1052 4794 1302 4864 angelico
1355 4793 1584 4856 auxilio,
1623 4800 1684 4844 ut
1727 4788 2051 4843 alllictiones
2080 4801 2146 4841 ac

563 4887 891 4943 tentatioues
933 4887 1078 4943 ferre
1104 4888 1338 4957 possint.

1034 5001 1198 5072 713
1231 4999 1464 5055 CAPUT
1515 4997 1665 5053 xor.

561 5113 636 5167 De
672 5113 751 5165 his
789 5116 876 5184 qui
923 5125 1204 5168 servantur
1253 5131 1285 5184 a
1326 5113 1486 5182 plaga
1541 5122 1773 5182 quatuor
1815 5108 2146 5184 angelorum,

677 5182 856 5254 uentpe
886 5197 1092 5238 centum
1121 5183 1478 5253 quadraginta
1510 5195 1744 5247 quatuor
1781 5182 2038 5234 millibus.

637 5301 748 5366 Vll,
773 5301 892 5356 4-8.
926 5300 994 5354 Et
1026 5300 1206 5354 audivi
1241 5315 1518 5353 numerant
1572 5299 1908 5369 signatorum
1941 5306 2153 5350 centum

562 5395 924 5464 quadraginta
965 5403 1194 5463 quatuor
1234 5391 1409 5446 millia
1452 5393 1651 5462 signati
1705 5407 1769 5444 ea:
1814 5391 1956 5444 omni
2007 5388 2149 5442 tribu

639 5575 682 5605 ‘°
705 5574 845 5628 l’sal.
881 5588 954 5640 tv,
973 5576 1023 5628 7.

653 5729 767 5791 (9.7)
784 5733 978 5784 Πεσεῖν
998 5733 1084 5785 ed.

2228 3235 2424 3306 κεῖ,ἣν
2473 3233 2502 3284 ὁ
2568 3232 2666 3302 μὲν
2722 3229 3024 3301 προπάτωρ
3047 3227 3141 3281 τοῦ
3190 3229 3394 3297 Κυρίου
3436 3227 3497 3279 ἐν
3550 3224 3800 3293 πνεύματι

2229 3326 2474 3396 θεωρῶν,
2521 3343 2539 3375 ‹
2589 3321 2939 3392 Ἐσημείωθη
2972 3321 3055 3389 ἐφ’
3088 3320 3235 3389 ἡμᾶς
3275 3319 3335 3370 τὸ
3374 3317 3496 3386 φῶς
3521 3316 3614 3369 τοῦ
3653 3329 3802 3383 προσ·

2229 3421 2381 3472 ὡπου
2429 3434 2546 3478 σου,
2582 3413 2782 3483 Κύριε,
2818 3432 2835 3464 ι
2870 3412 3048 3480 ἔλεγε.
3080 3411 3274 3473 Καλῶς
3307 3411 3363 3463 δὲ
3388 3411 3488 3463 καὶ
3529 3409 3588 3461 τὸ
3621 3407 3802 3477 μηδένα

2231 3512 2366 3573 τέως
2393 3507 2715 3578 ἀδικηθῆναι
2749 3503 2982 3567 κελεύει,
3017 3506 3178 3573 ἄχρις
3220 3497 3281 3555 οὗ
3325 3500 3732 3571 σφραγισθώσιν
3756 3497 3800 3547 οἱ

2232 3603 2325 3657 τοῦ
2371 3598 2704 3668 διασωθῆναι
2747 3596 2888 3662 ἄξιοι
2932 3596 3040 3647 τῶν
3081 3593 3372 3654 Ἰουδαίων,
3427 3592 3506 3654 ὡς
3550 3590 3614 3643 ἂν
3645 3588 3714 3658 μὴ
3760 3586 3803 3638 οἱ

2235 3697 2434 3749 δίκαιοι
2461 3693 2526 3746 τὰ
2564 3693 2729 3760 ὃμοια
2776 3687 3003 3741 πάθοιεν
3037 3689 3149 3750 τοῖς
3201 3686 3259 3738 ὲν
3307 3685 3511 3756 ἀνομίᾳ
3567 3685 3629 3752 τῇ
3681 3679 3803 3733 κατὰ

2236 3787 2488 3860 Χριστοῦ
2526 3783 2802 3838 ἐκτείνασι
2824 3781 2923 3844 τὰς
2948 3781 3142 3851 χεῖρας
3179 3779 3358 3832 αὐτῶν
3404 3778 3625 3838 ἀδίκως.
3657 3774 3712 3825 El
3755 3771 3802 3822 δὲ

2237 3881 2412 3935 ταῦτα
2449 3877 2643 3942 οὕτως,
2688 3875 2803 3928 ἀλλ’
2836 3870 2952 3937 οὖν,
3003 3872 3078 3935 ὡς
3130 3871 3371 3942 εἴρηται,
3421 3871 3481 3922 ὲν
3515 3869 3591 3937 τῷ
3645 3862 3802 3934 καιρῷ

2239 3977 2339 4044 τῆς
2387 3970 2734 4031 ὲπελεύσεως
2783 3965 2877 4020 τοῦ
2926 3964 3302 4035 ’Λντιχρίστου
3349 3963 3382 4033 ὴ
3437 3961 3672 4032 σφραγὶς
3720 3953 3801 4008 τοῦ

2242 4063 2512 4132 ζωοποιοῦ
2564 4059 2802 4130 σταυροῦ
2832 4058 3228 4128 ἐκδηλοτέρους
3273 4057 3548 4124 ἀποφανεῖ
3579 4052 3698 4113 τοὺς
3723 4045 3802 4100 τοῦ

2243 4159 2402 4227 ἁγίου
2443 4155 2819 4226 βαπτίσματος
2850 4149 3286 4220 ἐπιφερομένους
3348 4147 3664 4218 σημείωσιν.
3688 4142 3803 4212 Χρι-

2245 4250 2374 4305 στοῦ
2404 4251 2510 4321 γὰρ
2543 4248 2748 4317 κλῆρος
2771 4241 2939 4297 οὗτοι.

2317 4344 2413 4409 Μὴ
2461 4340 2812 4406 ἀδικήσητε.
2856 4335 2921 4388 Ἥ
2957 4333 3134 4394 κτίσις
3178 4331 3251 4396 ὡς
3293 4333 3364 4386 δι’
3393 4333 3545 4403 ἡμᾶς
3571 4340 3804 4396 γεγεννηο

2251 4436 2408 4506 μένη,
2425 4431 2836 4501 παιδευομένοις
2859 4430 2991 4499 ἡμῖν
3009 4428 3258 4480 κοινωνεῖ
3283 4426 3377 4478 ἐπὶ
3406 4427 3526 4488 ταῖς
3558 4416 3804 4492 μάστιξιν,

1027 4517 1498 4588 quemadmodum
1575 4517 1740 4570 etiam
1815 4511 2141 4585 gloriﬁcatis
2173 4545 2218 4599 υ
2248 4528 2437 4598 ὥσπερ
2489 4526 2582 4579 οὖν
2613 4523 2707 4578 καὶ
2757 4521 3142 4590 δοξαζομένοις
3191 4521 3304 4578 τοῖς
3356 4517 3533 4584 ἁγίοις
3587 4524 3804 4582 συμφαιο

2245 4620 2519 4686 δρύνεται.
2542 4618 2641 4670 Διά
2668 4615 2828 4668 τοῦτο
2855 4614 2913 4666 δὲ
2931 4613 3274 4681 μανθάνομεν
3303 4611 3539 4672 καὶτοὺς
3564 4606 3673 4659 κατ’
3695 4603 3804 4670 ἀρε·

2246 4713 2345 4780 τὴν
2389 4710 2642 4780 βιοῦντας
2669 4708 2807 4777 πρὸς
2841 4705 3136 4775 συνεργίαν
3171 4703 3381 4756 δεῖσθαι
3404 4703 3502 4771 τῆς
3532 4691 3802 4766 ἀγγελικῆς

2249 4804 2503 4876 βοηθείας
2526 4802 2664 4873 πρὸς
2698 4802 2798 4862 τὰς
2825 4798 2936 4851 τῶν
2965 4796 3297 4867 πειρασμῶν
3331 4792 3622 4864 ἐπιφοράς.

2845 5001 3099 5056 ΚΕΦΔΛ.
3148 4998 3251 5051 ΙΘ’.

2259 5113 2400 5183 Περὶ
2464 5112 2585 5166 τῶν
2631 5110 2984 5183 σωζομένων
3032 5110 3102 5163 ἐκ
3140 5105 3387 5183 παζῃγῆς
3441 5103 3559 5183 τῶν
3613 5091 3805 5154 τεσσά-

2612 5199 2736 5250 ρων
2759 5175 3033 5252 ἆγγέλων
3059 5175 3344 5248 χιλιάδων
3360 5175 3493 5246 ρμδ¹
3503 5215 3514 5224 .

2331 5295 2438 5350 Καὶ
2470 5293 2712 5363 ἥκουσα
2748 5292 2854 5346 τὸν
2901 5289 3152 5360 ἀριθμὸν
3174 5288 3292 5342 τῶν
3312 5277 3806 5356 ἐσφραγισμένων.

2262 5382 3240 5455 ἐκατοντεσσαρακοντατἐσσιιρες
3273 5377 3540 5452 χιλιάδες
3560 5375 3810 5442 ἐσφραγν

650 5784 764 5869 (28)’
821 5784 1280 5856 ιιιυιυειιίίοιυίιιὶι
1344 5802 1456 5866 cd.,
1529 5810 1588 5853 ut
1649 5800 1789 5854 inl'ra
1843 5799 2007 5855 verba
2065 5784 2160 5853 καὶ
2203 5793 2504 5865 crati,ch-
