4110 6402
235 356 340 414 605

1301 348 1688 409 ΟΟΜΜΕΝΤ.
1737 344 2389 417 ΙΝΪΑΡΟΟΑιΥΡΞΙΝ.

3390 372 3501 433 ϐ’ὶϐ

228 489 310 538 σμ
326 468 446 520 {rat
469 467 536 519 ἑιι
554 465 760 532 πάσης
779 463 986 532 φυλῆς
1007 461 1152 514 υἱῶν
1179 462 1451 530 Ἰσραήλ.
1483 465 1578 516 Ἐκ
1603 465 1810 534 φυλῆς

1934 471 2148 524 iliorum
2182 470 2377 527 Israel.
2411 472 2492 526 Ea:
2520 476 2660 528 tribu
2691 477 2858 542 Juda,
2888 481 3091 550 signati
3117 491 3270 535 erant
3305 487 3503 539 duode-

239 559 444 618 Ἰούδα,
511 555 740 609 δώδεκα
820 553 1090 624 χιλιάδες
1159 553 1633 622 ἐσφραγισμένοι
1672 569 1687 585 ο
1743 556 1812 608 ἐκ

224 650 425 720 φυλῆς
451 647 735 716 Ῥουσεὶμ,
755 645 987 699 δώδεκα
1023 645 1298 715 χιλιάδες
1321 647 1810 716 ἐσφραγισμένον

225 745 293 798 sic
319 740 521 812 φυλῆς
553 743 603 794 Γ
605 741 702 802 ὰδ,
731 739 964 793 δώδεκα
993 738 1264 807 χιλιάδες
1297 739 1769 808 ἐσφραγισμένοι
1796 754 1810 768 ⁸

225 839 293 890 ἐκ
308 834 509 905 φυλῆς
538 833 738 902 Ἀσὴρ,
755 832 986 886 δώδεκα
1008 830 1280 899 χιλιάδες
1309 831 1784 900 ἐσφραγισμένοι
1801 849 1814 862 ·

225 930 293 981 ex
346 923 545 996 φυλῆς
579 925 939 993 Νεφθαλείμ,
986 923 1220 976 δώδεκα
1289 923 1558 992 χιλιάδες
1598 925 1820 993 ἐσφρα-

231 1017 496 1086 γισμένοι
523 1032 535 1043 ·
563 1015 633 1068 ἐιι
677 1013 879 1083 φυλῆς
906 1013 1230 1082 Μανασσῆ,
1261 1013 1490 1069 δώδεκα
1537 1016 1812 1085 χιλιάδες

231 1104 649 1177 ἐφραγισμένοι
673 1123 688 1138 ο
719 1106 789 1158 ἐκ
812 1105 1017 1174 φυλῆς
1048 1107 1312 1176 Συμεὼν,
1344 1106 1575 1160 δώδεκα
1620 1107 1814 1176 χιλιά-

231 1201 332 1266 δες
371 1197 848 1268 ἐσφραγισμένοι
875 1213 888 1226 ⁸
925 1198 992 1251 ἐκ
1013 1199 1220 1268 φυλῆς
1249 1201 1412 1264 Λευῒ,
1455 1200 1694 1254 δώδεκα
1725 1219 1820 1270 χι-

227 1291 433 1356 λιάδες
463 1291 928 1360 ἐσφραγισμένοι
951 1306 962 1318 ·
988 1290 1056 1343 ἐκ
1073 1290 1280 1359 φυλῆς
1304 1291 1572 1360 Ἰσάχιιρ,
1593 1293 1822 1346 δώδεκα

230 1381 502 1448 χιλιάδες
529 1380 1002 1450 ἐσφραγισμένοι
1030 1397 1045 1413 ·
1095 1382 1164 1436 ἐκ
1192 1382 1399 1451 φυλῆς
1435 1383 1681 1453 Ἰωσὴφ,
1713 1383 1823 1436 δώ.

1916 563 2020 613 cim
2060 563 2231 616 nullia
2269 581 2286 617 :
2331 580 2396 616 e1:
2450 565 2593 618 tribu
2637 567 2840 633 Ruben,
2871 572 3150 625 duodecim
3206 576 3376 628 millia
3429 578 3505 628 si—

1917 655 2063 722 gnati
2098 673 2111 708 :
2147 655 2374 707 extribu
2417 655 2534 708 Gud
2577 658 2856 711 duodecim
2917 661 3089 714 millia
3131 664 3330 732 signati
3375 681 3394 718 :
3435 683 3501 719 ea:

1917 745 2058 795 tribu
2112 747 2264 806 Aser,
2305 745 2583 798 duodecim
2622 749 2791 801 millia
2843 752 3079 818 signati:
3109 769 3174 806 ex
3214 754 3360 807 tribu
3403 754 3506 810 Ne-

1919 832 2178 901 plu/talin:
2197 834 2476 889 duodecim
2508 837 2677 890 millia
2708 841 2948 908 signati:
2979 859 3044 895 ex
3070 846 3207 897 tribu
3231 845 3506 908 Manasse,

1922 925 2200 978 duodecim
2255 928 2424 980 millia
2471 929 2673 994 signati
2723 947 2742 984 :
2791 947 2856 984 ex
2896 936 3036 987 tribu
3083 935 3332 1002 Simeon,
3379 939 3512 992 duo-

1915 1019 2085 1070 decim
2105 1019 2278 1071 millia
2313 1022 2510 1088 signati
2537 1039 2555 1074 :
2583 1039 2648 1074 ex
2678 1023 2820 1076 tribu
2850 1023 2974 1078 Levi
3013 1028 3295 1080 duodecim
3339 1031 3508 1083 millia

1916 1109 2115 1177 signati
2148 1127 2167 1164 :
2206 1128 2272 1165 ea:
2295 1114 2433 1165 tribu
2466 1112 2712 1176 lsacltar,
2749 1117 3025 1171 duodecnu
3053 1121 3231 1175 milia
3267 1125 3508 1192 signati:

1921 1216 1985 1253 ex
2030 1201 2174 1254 tribu
2207 1201 2409 1272 Joseph
2449 1206 2726 1259 duodecim
2779 1207 2955 1261 millia
3007 1213 3205 1280 signati
3232 1229 3330 1266 :eJ:
3371 1217 3510 1266 tribu

1924 1290 2188 1356 Zabulon,
2215 1294 2491 1348 duodecim
2526 1297 2696 1349 millia
2723 1301 2917 1368 signati
2949 1318 2966 1354 :
3001 1317 3066 1354 ea:
3111 1304 3251 1355 tribu
3309 1303 3511 1373 Benja-

1925 1387 2059 1448 min,
2083 1385 2364 1437 duodecim
2385 1386 2558 1438 millia
2587 1388 2802 1457 signati.

225 1473 371 1526 δεκα
423 1473 694 1542 χιλιάδες
733 1474 1208 1542 ἐσφραγισμένοι
1240 1491 1253 1503 ·
1315 1475 1385 1528 ἐκ
1431 1475 1639 1544 φυλῆς
1710 1477 2070 1543 Ζαϐουλὼν,
2103 1477 2334 1532 δώδεκα
2391 1481 2664 1548 χιλιάδες
2726 1483 3246 1554 ἐσφραγισμένοι·
3297 1489 3366 1541 ἐκ
3402 1507 3516 1558 φυ-

223 1567 341 1636 λῆς
375 1567 681 1637 Βενιαμίν,
707 1567 941 1622 δώδεκα
1000 1567 1272 1636 χιλιάδες
1299 1569 1811 1638 ’ἐσφραγισμένοι.

293 1659 492 1713 Πολλοὶ
539 1661 647 1730 γὰρ
685 1654 824 1729 ἦσαν
868 1659 962 1711 καὶ
995 1658 1228 1730 ἀριθμὸν
1276 1659 1712 1729 ὑπερϐάλλοντες
1761 1661 1812 1712 oi

1995 1657 2148 1713 Multi
2184 1660 2456 1730 siquidem
2494 1674 2656 1718 erant
2703 1666 3056 1736 maximoque
3088 1683 3317 1722 numero
3344 1671 3438 1740 qui
3484 1688 3515 1727 c

224 1751 451 1821 Χριστῷ
481 1749 880 1813 πιστεύσαντες
914 1752 980 1802 ὲκ
1035 1749 1148 1803 τῶν
1196 1751 1494 1804 Ἰουδαίων.
1529 1753 1638 1804 Καὶ
1673 1752 1818 1820 μάρ-

1934 1750 2130 1806 ludaeis
2179 1754 2232 1808 in
2282 1753 2566 1810 Christum
2602 1759 2994 1812 crediderant:
3029 1761 3190 1828 cuius
3237 1763 3314 1816 rei
3349 1771 3516 1818 testes

221 1859 387 1912 τυρες
418 1844 467 1896 oi
505 1842 700 1913 Παύλῳ
725 1841 803 1912 τῷ
831 1841 962 1913 θείῳ
998 1845 1058 1896 ὲν
1107 1842 1470 1913 Ἰερουσαλὴμ
1522 1845 1806 1912 γενομένῳ

221 1936 480 2002 λέγοντες
501 1951 514 1966 ’
546 1954 564 1986 ι
588 1935 850 2005 Θεωρεῖς.
870 1935 1086 2004 ἀδελφὲ,
1116 1936 1284 1988 πόσαι
1305 1937 1567 2006 μυριάδες
1591 1938 1701 1989 εἰσὶ
1716 1937 1824 1988 τῶν

223 2030 678 2082 πεπιστευκότων
712 2031 1018 2096 Ἱουδαίων;
1048 2051 1066 2080 ι
1093 2029 1327 2093 Τούτους
1343 2031 1398 2083 δὲ
1417 2032 1491 2100 μὴ
1529 2034 1823 2101 μετασχεῖν

222 2123 316 2190 τῆς
341 2121 458 2174 ὑπὸ
515 2121 803 2190 Ῥωμαίων
871 2121 1270 2191 πανωλεθρίας,
1300 2124 1329 2176 ὁ
1360 2123 1717 2192 χρηματίζων
1748 2123 1827 2192 τῷ

223 2213 592 2284 εὐαγγελιστῇ
620 2231 807 2282 φησιν.
837 2212 1003 2266 Οὔπω
1053 2214 1160 2284 γὰρ
1183 2217 1217 2283 ἡ
1240 2215 1348 2267 ὑπὸ
1382 2215 1673 2285 Ῥωμαίων
1720 2218 1827 2269 ἀπ-

221 2303 400 2357 ώλεια.
440 2305 732 2369 Ἰουδαίους
765 2305 1112 2374 κατειλήφει,
1143 2307 1231 2358 ὅτε
1267 2307 1363 2360 καὶ
1388 2301 1544 2369 οὗτος
1571 2308 1600 2358 ό
1658 2306 1826 2374 εὐαγ-

228 2397 487 2467 γελιστης
518 2399 928 2468 ὲχρησμῳδείτο
948 2399 1148 2452 ταῦτα.
1181 2401 1288 2453 Καὶ
1334 2401 1434 2452 οὐκ
1465 2403 1523 2452 ὲν
1556 2401 1828 2470 Ἰερουσα-

224 2491 356 2560 λὴμ,
382 2491 502 2544 ἀλλ’
540 2493 598 2544 ὲν
646 2491 826 2560 Ἰωνία
857 2494 921 2562 τῇ
968 2490 1089 2545 κατ’
1122 2492 1377 2561 Ἔφεσον.
1415 2492 1573 2546 Μετὰ
1615 2495 1724 2563 γὰρ
1768 2494 1829 2545 τὸ

227 2579 406 2642 πάθος
427 2580 525 2633 τού
559 2581 766 2652 Κυρίου
793 2581 927 2636 δέκα
961 2585 1058 2636 καὶ
1090 2583 1335 2652 τέσσαρα
1365 2582 1504 2652 μόνα
1539 2582 1635 2652 ἔτη
1657 2600 1830 2651 προσ-

229 2673 494 2740 ήδρευσεν
525 2675 584 2725 ὲν
631 2674 1011 2744 Ἰερουσαλὴμ,
1074 2675 1179 2728 ὅσα
1207 2676 1302 2727 καὶ
1353 2675 1413 2727 τὸ
1446 2674 1704 2744 Θεῶόχον
1731 2675 1830 2740 τῆς

229 2764 319 2817 τοῦ
371 2765 582 2834 Κυρίου
608 2767 834 2836 Μητρὸς
863 2767 1064 2837 σκῆνος
1096 2769 1163 2837 τῇ
1211 2755 1458 2837 ἐγκαίρῳ
1483 2769 1656 2838 ταύτῃ
1716 2767 1828 2838 ζωῇ

230 2860 374 2928 μετὰ
404 2858 465 2912 τὸ
493 2857 666 2920 πάθος
695 2860 792 2912 καὶ
844 2858 944 2930 τὴν
996 2859 1297 2913 ἀνάστασιν
1335 2859 1431 2911 τοῦ
1466 2859 1708 2930 ἀφθόρου
1745 2859 1832 2910 τό-

231 2968 324 3002 κου
384 2950 554 3018 αὐτῆς
582 2949 882 3019 διετηρήθη
917 2965 932 2980 ·
1035 2952 1132 3001 καὶ
1173 2948 1478 3020 συμπαρῆν
1518 2949 1615 3003 ἅτε
1656 2952 1832 3020 μητρὶ

233 3042 337 3095 ὑπὸ
363 3042 462 3095 τοῦ
497 3042 706 3113 Κυρίου
741 3040 894 3112 αὐτῷ
919 3041 1360 3112 παραδεδομένῃ.
1401 3041 1561 3094 Μετὰ
1591 3043 1700 3112 γὰρ
1723 3042 1825 3113 τὴν

234 3135 540 3189 ἀποσίωσιν
574 3108 798 3205 ταύτης.
823 3108 926 3186 ούκ
955 3108 1035 3186 ἔτι
1060 3135 1128 3204 τῇ
1184 3108 1416 3202 Ἰουδαίᾳ
1445 3108 1826 3204 ἐμφιλοχωρῆο
1851 3108 1894 3164 C

233 3243 342 3288 σαι,
404 3226 543 3280 ἀλλὰ
596 3226 734 3296 πρὸς
794 3223 1030 3292 Ἔφεσον
1071 3225 1408 3292 μεταστῆναι
1439 3224 1606 3277 αὑτὸν
1634 3224 1820 3291 λόγος.

233 3319 374 3370 Καθ’
413 3318 500 3388 ἢν,
529 3317 602 3380 ὡς
637 3317 873 3386 εἴρηται,
900 3317 996 3369 καὶ
1023 3317 1090 3367 τὰ
1121 3316 1220 3384 τῆς
1249 3315 1624 3385 προκειμένης
1667 3315 1828 3368 Ἀπο·

230 3411 528 3479 καλύψεως
589 3409 978 3479 ὲνεργηθῆναι,
1006 3407 1115 3460 τῶν
1169 3406 1474 3475 μελλόντων
1527 3406 1697 3460 οὖσαν
1733 3407 1829 3476 δή·

231 3507 430 3566 λωσιν,
468 3502 586 3556 καθ’
653 3504 735 3556 ὃτι
793 3501 934 3570 μετὰ
961 3502 1026 3553 τὸ
1075 3499 1519 3571 τεσσαρακοστὸν
1571 3497 1692 3560 ἔτος
1729 3499 1829 3567 τῆς

230 3596 562 3666 ἀναλήψεως
590 3595 686 3648 τοῦ
719 3593 924 3662 Κυρίου
952 3591 1095 3644 κατὰ
1118 3591 1226 3643 τῶν
1283 3590 1553 3660 Ἐϐραίων
1585 3592 1618 3660 ἡ
1650 3589 1828 3658 θλίψις

233 3689 569 3760 συνηνέχθη.
607 3687 731 3740 Ὅτι
747 3686 806 3739 δὲ
825 3685 920 3738 καὶ
945 3681 1190 3752 ἀριθμοῦ
1215 3681 1526 3752 κρείττονες
1559 3683 1610 3734 οἱ
1637 3681 1828 3736 διασω-

234 3783 434 3844 θέντες
457 3780 636 3850 δῆλον.
665 3779 740 3832 Ού
770 3778 932 3847 μόνον
963 3775 1074 3846 γὰρ
1101 3775 1151 3827 οἱ
1208 3776 1391 3827 πιστοὶ
1436 3773 1697 3842 διέφυγον
1739 3776 1831 3828 τὸν

231 3875 470 3945 ὄλεθρον
507 3873 597 3925 τὸν
620 3872 726 3924 ὑπὸ
781 3869 1094 3940 Ῥωμαίων,
1130 3867 1268 3922 ἀλλὰ
1305 3869 1400 3920 καὶ
1437 3868 1487 3920 oi
1536 3869 1594 3918 ἐν
1638 3868 1834 3940 ιξιγνοίιι⁵

231 3967 314 4036 τῷ
347 3964 576 4036 σταυρῷ
613 3963 706 4017 τοῦ
745 3962 951 4030 Κυρίου
1012 3959 1441 4030 συνηργηκότες.
1495 3959 1558 4012 Ἠ
1578 3961 1833 4030 ἁκρίὸεια

233 4058 339 4124 τῆς
379 4055 444 4119 ἐξ
472 4055 706 4124 ἑκάστης
737 4052 914 4123 φυλῆς
953 4051 1201 4119 ἰσότητος
1246 4051 1536 4120 ἐμφαίνειν
1571 4051 1719 4104 δοκεῖ
1741 4054 1834 4106 τὸν

236 4143 730 4213 πολυπλασιασμὸν
776 4140 871 4194 τοῦ
923 4139 1287 4195 ἀποστολικοῦ
1330 4141 1534 4210 σπόρου
1597 4143 1835 4197 δωδεκά-

235 4255 328 4298 κις
397 4233 1046 4302 δωδεκαπλασιαζομένου
1087 4231 1181 4283 ἐπὶ
1230 4232 1321 4285 τὸν
1371 4233 1578 4286 τέλειον
1607 4233 1715 4287 τῶν
1749 4254 1833 4306 χι-

235 4329 447 4382 λιάδων
485 4327 735 4397 ἀριθμὸν,
773 4326 868 4378 καί
908 4323 1083 4386 οὕτως
1112 4323 1213 4386 τὰς
1270 4323 1532 4394 ῥηθείσας
1585 4325 1834 4396 χιλιάδας

237 4419 634 4474 ἀποτελοῦντα.
667 4415 1101 4488 Ἐπισημαντέον
1127 4415 1185 4467 δὲ
1207 4417 1365 4469 τοῦτο
1401 4415 1475 4479 ὡς
1508 4419 1540 4487 ή
1573 4420 1715 4488 φυλὴ
1736 4419 1831 4472 τοῦ
1867 4449 1911 4505 Ι)

239 4514 355 4564 Δὶτν
403 4510 490 4564 διὰ
547 4511 610 4564 τὸ
662 4511 724 4574 ἐξ
765 4511 935 4580 αὐτῆς
966 4511 1058 4564 τὸν
1118 4512 1489 4582 Ἀντίχριστον
1527 4509 1834 4571 τίκτεσθαι,

238 4607 370 4667 ταῖς
397 4603 612 4664 λοιπαῖς
646 4603 707 4655 ού
742 4604 1122 4670 συντέτακται,
1171 4604 1284 4658 ἀλλ’
1319 4605 1437 4657 ἀντ’
1467 4603 1638 4672 αὐτῆς
1677 4605 1710 4673 ἡ
1744 4601 1838 4654 τοῦ

240 4695 383 4750 Ᾱευτ
411 4735 426 4757 ι
463 4696 540 4758 ὡς
595 4697 852 4767 ἱερατικὴ
897 4698 977 4760 εἰς
1039 4697 1308 4769 μερισμὸν
1333 4699 1588 4768 ἐχομένη.
1623 4699 1727 4750 Τὸν
1781 4696 1840 4750 δὲ

256 4789 465 4856 Ἰωσὴφ
490 4790 613 4842 ἀντὶ
646 4787 740 4840 τοῦ
785 4788 1025 4858 Ἑφραῒμ
1044 4789 1139 4843 τοῦ
1167 4788 1286 4842 υίοῦ
1308 4789 1472 4842 αὑτοῦ
1500 4789 1735 4853 τέθεικε,
1769 4788 1846 4854 ὠς

243 4881 353 4932 οὐκ
376 4881 606 4949 ἄκαιρον
635 4880 945 4951 μνησθῆναι
979 4882 1074 4933 καὶ
1144 4881 1252 4932 τῶν
1294 4881 1577 4944 ὀνομάτων
1611 4881 1844 4933 ἑκάστου

244 4972 364 5024 τῶν
393 4971 706 5041 φυλάρχων.
740 4973 948 5026 Αὐτίκα
994 4973 1104 5043 γὰρ
1129 4973 1228 5042 τὴν
1257 4973 1320 5038 ἐξ
1377 4973 1554 5027 Ἰούδα.
1584 4972 1760 5042 φυλὴν
1788 4971 1847 5035 ὃς

247 5061 698 5131 ἐξομολόγησις
712 5061 1100 5132 ἑρμηνεύεται,
1114 5064 1452 5116 αἰνίττεσθαι
1466 5064 1699 5134 λέγομεν
1721 5063 1848 5126 τοὺς

248 5155 346 5210 διὰ
381 5158 669 5223 μετανοίας
721 5159 817 5210 καὶ
847 5157 1068 5227 ἀγάπης
1100 5158 1200 5228 τῆς
1250 5157 1385 5228 πρὸς
1430 5159 1522 5211 τὸν
1571 5157 1632 5221 ἐξ
1683 5155 1850 5210 αὑτοῦ

254 5248 642 5318 βλαστήσαντα
667 5251 902 5320 Χριστὸν
929 5250 1293 5321 σωζομένους.
1325 5249 1438 5316 Τὴν
1462 5251 1520 5302 δὲ
1557 5249 1654 5302 τοῦ
1700 5249 1851 5302 Ῥου-

255 5341 398 5408 ϐεὶμ
450 5342 543 5395 τοῦ
603 5342 919 5412 δηλοῦντος,
979 5344 1058 5410 ὡς
1115 5343 1376 5412 ὁρῶντος
1422 5341 1580 5406 viai),
1631 5342 1663 5411 ἢ
1716 5341 1850 5395 υἱοῦ

257 5431 552 5498 ὁράσεως.
584 5436 710 5498 τοὺς
743 5419 1115 5507 καθαροὺςτῇ
1139 5435 1336 5506 καρδίᾳ
1374 5435 1470 5488 καὶ
1505 5433 1748 5504 ὁρῶντας
1774 5433 1852 5501 τις)

257 5524 560 5594 πνεύματι.
589 5527 699 5597 Τὴν
723 5528 781 5581 δὲ
818 5528 924 5581 Γὰδ
948 5529 977 5581 ὃ
1019 5528 1170 5599 δηλοῖ
1193 5530 1530 5598 πειρασμὸν
1561 5528 1592 5597 ἦ
1645 5541 1851 5596 πειρα-

260 5615 496 5685 τήριον,
530 5620 655 5684 τοὺς
677 5619 765 5673 διὰ
794 5620 1030 5690 θλίψεων
1055 5622 1149 5675 καὶ
1171 5621 1500 5692 πειρασμῶν
1539 5619 1615 5684 ὡς
1643 5617 1850 5690 χρυσὸν

345 5775 386 5804 ³¹
409 5778 768 5840 Art.xzu.‘:‘.0.

1927 1849 2081 1892 erant
2133 1840 2226 1908 qui
2280 1842 2408 1894 divo
2464 1841 2654 1905 Paulo,
2701 1861 2826 1898 cum
2860 1846 3240 1922 Hierosolyma
3278 1853 3519 1908 venisset

1927 1932 2200 1992 dicebant.
2239 1953 2256 1984 ι
2294 1932 2481 2000 Vides,
2513 1935 2855 2007 l‘rater,quot
2892 1941 3167 2011 myriades
3195 1943 3515 1998 sinteorum

1927 2025 2019 2092 qui
2050 2027 2402 2080 crediderunt
2439 2026 2751 2083 Judzeorum
2782 2032 2866 2084 ⁸ίῖ
2900 2050 2921 2083 ι
2965 2032 3074 2087 llos
3108 2046 3289 2088 autem
3325 2037 3374 2089 is
3424 2037 3516 2105 qui

1928 2119 2242 2187 cvanglistte
2262 2121 2355 2174 dat
2382 2123 2627 2185 oracula,
2655 2124 2731 2177 ait
2789 2139 2897 2177 non
2931 2126 3052 2180 lore
3097 2127 3394 2196 participes
3428 2131 3511 2181 iu-

1931 2211 2260 2265 terneciouis
2304 2213 2625 2268 inducendae
2676 2232 2707 2270 a
2745 2215 3008 2270 lionnanis
3041 2237 3055 2272 :
3088 2219 3333 2272 nomium
3369 2221 3516 2273 enim

1929 2301 2148 2358 Judaeos
2209 2306 2698 2374 comprehenderat
2749 2309 2983 2364 vastatio
3031 2326 3060 2364 a
3107 2311 3372 2366 Romanis
3425 2315 3522 2365 ad-

1931 2394 2118 2456 ducta,
2157 2413 2282 2450 cum
2336 2399 2669 2467 evangelista
2725 2400 2839 2454 hzec
2889 2405 3194 2471 susciperet
3243 2405 3516 2460 oracula:

1934 2501 2033 2539 nec
2059 2486 2110 2538 id
2145 2484 2564 2557 Hierosolymis,
2623 2490 2718 2541 sed
2781 2490 2832 2540 in
2871 2488 3019 2541 lonia
3069 2507 3192 2558 qum
3238 2500 3323 2544 est
3364 2491 3521 2559 juxta

1934 2576 2232 2646 Ephesum.
2266 2579 2550 2648 Siquidem
2581 2581 3000 2649 quatuordecim
3049 2583 3317 2636 duntaxat
3356 2585 3520 2637 annis

1932 2685 1962 2723 a
2014 2669 2236 2724 Christo
2291 2685 2455 2739 passo
2506 2671 2810 2740 permansit
2860 2671 3283 2743 Hierosolymis,
3321 2673 3524 2742 quibus

1943 2761 2550 2816 ctiamtaheruaculum
2584 2761 2776 2816 Matris
2813 2762 3027 2816 Domini
3072 2765 3216 2833 quod
3256 2763 3424 2818 Deum
3467 2765 3522 2818 itt

1934 2868 1994 2906 se
2020 2855 2443 2922 susceperat,iu
2503 2854 2607 2908 hac
2659 2856 2950 2924 temporali
3003 2857 3111 2910 vita
3145 2865 3269 2924 post
3299 2858 3514 2927 passioo

1937 2960 2060 2998 nom
2089 2963 2153 2999 ac
2202 2947 2656 3001 resurrectionem
2709 2949 2793 3003 sui
2836 2950 3139 3020 incorrupti
3169 2962 3363 3020 partus
3407 2966 3525 3006 ser-

1935 3055 2120 3092 vatum
2157 3049 2242 3092 est
2279 3056 2293 3093 :
2331 3055 2456 3094 cum
2515 3056 2624 3110 qua
2675 3042 2763 3094 hic
2806 3057 3024 3112 semper
3060 3047 3268 3107 aderat,
3321 3053 3380 3098 ut
3433 3045 3523 3097 cui

1929 3141 2102 3185 mater
2137 3133 2329 3185 tradita
2378 3132 2556 3186 fuerat
2601 3147 2631 3186 ο
2685 3132 2940 3186 Domino.
2968 3133 3094 3188 Post
3144 3135 3310 3201 hujus
3353 3151 3518 3188 nam-

1931 3238 2040 3291 que
2075 3223 2356 3276 inte-ritum
2410 3223 2584 3278 fertur
2627 3241 2734 3278 non
2771 3226 3006 3294 amplius
3045 3229 3418 3295 permansisse
3467 3229 3522 3280 in

1929 3312 2140 3377 Judtea,
2172 3313 2337 3385 714
2383 3315 2476 3369 sed
2531 3316 2795 3370 transisse
2835 3316 2888 3370 in
2932 3316 3205 3385 Ephesum
3248 3335 3263 3372 :
3309 3319 3361 3371 in
3414 3335 3524 3386 qua

1931 3407 2120 3469 etiam,
2147 3419 2205 3458 ut
2254 3409 2464 3459 dictum
2496 3418 2602 3472 est,
2640 3409 2952 3477 conscripta
2994 3423 3122 3463 sunt
3155 3427 3278 3479 qua:
3311 3412 3365 3464 in
3406 3413 3510 3468 hac

1935 3499 2205 3552 habentur
2244 3499 2592 3569 Apocalypsi,
2627 3516 2751 3569 qnze
2791 3511 2874 3554 est
2931 3501 3262 3567 signiﬁcatio
3299 3502 3517 3557 futuro-

1931 3603 2056 3646 rum
2093 3608 2106 3644 :
2136 3607 2202 3643 eo
2241 3592 2386 3660 quod
2417 3602 2540 3660 post
2565 3593 3050 3662 quadragesimum
3080 3608 3285 3646 annum
3327 3595 3396 3648 ab
3428 3611 3522 3650 as-

1935 3691 2156 3750 sumpto
2179 3681 2409 3736 Domino
2429 3685 2704 3738 successit
2724 3684 2944 3746 afﬂictio
2960 3686 3224 3739 adversus
3250 3685 3529 3741 Hebraeos.

1935 3775 2092 3842 Quod
2119 3785 2300 3828 autem
2331 3776 2637 3829 vehementi
2668 3792 2894 3830 numero
2917 3778 3117 3832 servati
3148 3777 3372 3843 fuerint,
3397 3793 3524 3833 ma-

1936 3866 2194 3920 nifestum
2248 3875 2352 3919 est.
2391 3863 2580 3934 Neque
2615 3865 2762 3919 enim
2809 3866 2913 3920 soli
2979 3866 3170 3920 ﬁdeles
3221 3866 3532 3935 eﬁttgerant

1937 3959 2218 4012 interitum
2251 3972 2282 4010 a
2326 3956 2592 4012 Romanis
2650 3957 3080 4025 provenieutem,
3118 3958 3211 4011 sed
3247 3969 3299 4011 et
3337 3959 3390 4011 hi
3435 3959 3532 4028 qui

1937 4052 2255 4121 iguoranter
2277 4050 2342 4104 ad
2377 4050 2591 4102 Domini
2624 4049 2936 4118 passionem
2969 4052 3249 4119 ςοορυιοῑὶ
3288 4051 3530 4109 fixerant.

1939 4141 2227 4211 IEqualetn
2288 4151 2468 4194 autem
2526 4151 2717 4195 exacte
2778 4142 3011 4210 positum
3071 4158 3191 4196 esse
3243 4157 3533 4196 numerum

1938 4234 1993 4287 in
2043 4233 2276 4302 singulis
2325 4233 2580 4286 tribubus
2624 4232 2916 4287 ostendere
2945 4232 3159 4286 videtur
3215 4233 3519 4300 plurimum

1939 4327 2360 4394 multiplicatum
2417 4341 2542 4380 esse
2592 4341 2777 4378 semen
2830 4326 3220 4394 apostolicum,
3274 4327 3418 4378 adeo
3471 4335 3533 4378 ut

1939 4418 2235 4472 duodecies
2281 4418 2486 4471 factum
2529 4420 2601 4472 sit
2640 4417 3046 4486 duodeeuplum
3103 4423 3168 4472 ad
3226 4417 3532 4484 perfectura

1941 4526 2234 4565 uulnerum
2297 4509 2690 4571 millenarium,
2753 4509 2847 4578 qui
2919 4510 2995 4563 ita
3061 4511 3307 4578 perﬁciat
3355 4511 3536 4564 dictas

1943 4602 2237 4658 chiliades.
2290 4602 2851 4656 Animadvertendum
2906 4611 2984 4656 est
3065 4613 3248 4656 autem
3327 4603 3532 4656 tribum

1945 4695 2058 4750 Dan
2087 4695 2302 4748 cat-teris
2335 4709 2443 4747 non
2478 4709 2605 4748 esse
2632 4704 3080 4757 annumeratam,
3123 4711 3190 4750 co
3230 4695 3374 4764 quod
3408 4712 3540 4764 pro-

1946 4789 2236 4842 ducendus
2263 4787 2334 4841 sit
2360 4803 2428 4840 ex
2457 4786 2574 4856 ipsa
2609 4787 3006 4854 Antichristus,
3041 4789 3136 4842 sed
3177 4803 3274 4856 pro
3319 4803 3381 4841 ea
3410 4804 3542 4854 snp-

1949 4881 2124 4950 pOsita
2154 4890 2238 4935 est
2282 4881 2458 4934 tribus
2507 4879 2657 4943 Levi,
2701 4881 2860 4949 quasi
2895 4881 3256 4935 sacerdotalis
3287 4881 3354 4933 ad
3391 4881 3539 4934 divi-

1950 4974 2162 5026 sionem
2227 4972 2520 5040 pcrtiugat.
2579 4969 2752 5025 Porro
2794 4968 2997 5039 Joseph
3079 4984 3178 5038 pro
3248 4971 3360 5023 ﬁlio
3437 4986 3542 5026 suo

1954 5063 2217 5133 Ephraim
2262 5063 2474 5133 positus
2527 5073 2632 5126 est,
2691 5063 2764 5116 ita
2807 5073 2867 5116 ut
2923 5065 3370 5132 intempestivum
3428 5079 3540 5117 non

1957 5155 2120 5208 fuerit
2151 5154 2486 5208 mentionem
2508 5151 2688 5206 facere
2713 5152 2997 5206 nominum
3020 5153 3289 5223 cujusque
3308 5149 3542 5222 patriar-

1949 5250 2068 5302 clue
2116 5247 2312 5299 harum
2355 5246 2620 5298 tribuum.
2655 5245 2854 5299 Statim
2885 5245 3034 5300 enim
3072 5247 3248 5300 tribus
3275 5262 3340 5300 es
3371 5243 3539 5308 Juda,

1951 5341 2044 5410 qui
2087 5339 2476 5407 interpretatur
2520 5337 2802 5406 confessio,
2836 5338 3089 5408 designat
3151 5353 3249 5391 eos
3300 5338 3393 5406 qui
3445 5352 3542 5406 per

1954 5431 2327 5501 pwnitentiam
2361 5438 2416 5482 et
2445 5445 2688 5483 amorem
2747 5446 2874 5500 erga
2907 5430 3192 5484 Christum
3235 5430 3329 5498 qui
3373 5429 3444 5482 ab
3475 5444 3542 5482 eo

1955 5510 2244 5592 processit,
2293 5520 2432 5575 salvi
2493 5521 2649 5574 ﬁunt.
2685 5513 2889 5575 Tribus
2953 5530 3134 5574 autem
3199 5521 3412 5582 Ruben,
3444 5520 3538 5589 qui

1953 5614 2230 5684 signiﬁcat
2286 5623 2549 5681 tanquam
2585 5613 2765 5666 ridens
2805 5613 2950 5683 ﬁlius
2983 5619 3078 5666 aut
3124 5613 3254 5666 risio
3285 5611 3408 5682 filii,
3445 5624 3540 5664 os-
