4110 6444
570 376 678 440 607

1418 381 1752 443 ARETHE
1792 384 2169 447 CESAREB
2205 386 2689 451 ΟΑΡΡΛΟΟΕΙᾹΞ
2729 392 3075 454 EPISCOPI

3765 403 3862 465 £08

572 495 743 551 tendit
780 511 947 567 puros
984 495 1149 551 corde
1172 496 1266 565 qui
1305 505 1537 550 cernunt
1587 512 1684 566 per
1713 498 1989 567 spiritum.
2029 500 2151 555 Tri-
2182 556 2187 567 ,

2269 506 2690 577 πεπυρωμένους
2713 505 2792 577 τῷ
2820 507 3028 579 δοκίμῳ
3084 508 3184 578 τῆς
3231 507 3488 575 πίστεως.
3518 511 3640 583 τὴν
3668 512 3724 567 δὲ
3775 520 3860 573 τοῦ

572 591 677 645 bus
703 606 828 645 vero
862 590 1000 653 Gad,
1032 590 1127 659 qui
1179 590 1451 659 signiﬁcat
1483 591 1828 643 tentationem
1859 601 1954 645 aut
1980 593 2155 646 locum

574 684 903 745 tentationis,
935 698 1030 735 eos
1062 682 1245 734 innuit
1276 681 1367 750 qui
1410 696 1508 750 per
1533 681 1855 737 alﬂictiones
1887 699 1952 737 ac
1977 693 2157 739 tenta-

574 775 749 829 tiones
779 784 1037 841 tanquam
1075 789 1271 827 aurum
1301 774 1425 843 igne
1457 774 1756 827 examinati
1793 786 1921 829 sunt
1956 778 2157 846 proba-

574 868 718 920 tione
744 867 887 920 ﬁdei.
922 866 1088 919 Porro
1109 866 1286 920 tribus
1312 866 1468 927 Aser,
1496 882 1592 934 per
1619 882 1781 935 quem
1807 867 2156 938 signiﬁcatur

570 959 860 1019 beatitudo,
888 974 983 1012 eos
1006 959 1255 1028 designat
1290 959 1381 1026 qui
1413 961 1796 1013 observatione
1827 962 2153 1018 traditarum

570 1067 597 1102 a
645 1049 753 1101 Deo
790 1051 1211 1114 beatitudinum,
1241 1053 1381 1104 nacti
1414 1062 1547 1105 sunt
1582 1052 1974 1109 beatitudinem
2014 1072 2157 1111 nun-

568 1157 730 1207 quam
785 1143 1109 1197 desituram.
1148 1144 1418 1197 Caeterum
1480 1146 1655 1199 tribus
1704 1144 2013 1215 Nepthalitn
2064 1149 2159 1219 qui

571 1234 960 1304 interpretatur
975 1236 1290 1307 intelligens.
1312 1248 1407 1291 aut
1430 1256 1578 1291 ramo
1597 1242 1679 1294 vel
1694 1242 1850 1309 stirpi
1868 1258 2151 1311 appensus,

568 1338 666 1377 eos
695 1324 948 1393 designat
982 1327 1075 1394 qni
1105 1343 1229 1380 cum
1260 1343 1412 1380 ramo
1447 1328 1531 1380 vel
1559 1337 1755 1383 trunco
1779 1330 1872 1397 qui
1913 1340 1996 1382 est
2022 1345 2158 1383 crux

568 1414 775 1471 Christi
817 1420 1165 1475 contendunt
1213 1428 1268 1473 et
1318 1419 1679 1490 intelligentia
1729 1421 1975 1475 coronati
2008 1428 2159 1482 sunt.

569 1526 637 1565 ac
659 1512 933 1565 daemones
965 1528 1061 1581 per
1093 1512 1227 1567 illud
1258 1514 1421 1567 veluti
1455 1529 1624 1569 cornu
1661 1521 1873 1584 petunt.
1914 1512 2157 1568 Rursum

571 1601 747 1655 tribus
788 1605 1053 1668 Manasse,
1088 1603 1180 1673 qui
1211 1606 1277 1658 ab
1333 1605 1591 1659 oblivione
1641 1606 2161 1673 sumitinterpreta-

571 1693 800 1757 tionem,
834 1709 928 1748 eos
958 1695 1135 1749 innuit
1159 1697 1251 1765 qui
1275 1698 1454 1764 gentis
1481 1706 1574 1752 aut
1603 1696 1821 1751 familia:
1851 1712 1965 1751 δυο»
2009 1695 2162 1749 obliti

575 1794 704 1839 sunt
750 1796 971 1855 propter
1014 1786 1319 1851 Christum,
1348 1788 1500 1857 juxta
1543 1789 1711 1843 illud:
1752 1808 1770 1841 ι
1821 1788 2163 1844 Obliviscere

570 1853 765 1947 populi
792 1853 868 1932 tui
902 1889 956 1933 et
993 1880 1189 1934 domus
1221 1853 1391 1949 patris
1465 1882 1540 1936 tui
1578 1882 1649 1937 “.
1694 1900 1711 1933 ι
1746 1881 1948 1935 Tribus
1976 1889 2159 1935 autem
2192 1853 2237 1911 Β

571 1967 816 2031 Simeon,
870 1968 963 2038 qui
999 1969 1355 2023 obedientiam
1381 1971 1674 2039 signiﬁcat,
1705 1970 1903 2026 divinis
1943 1971 2156 2025 ohtcm-

571 2068 827 2129 perantes
874 2062 1159 2130 praeceptis
1214 2078 1308 2131 per
1368 2063 1539 2116 bonas
1581 2078 1647 2116 ac
1695 2077 1861 2133 puras
1913 2063 2160 2117 actiones

571 2149 844 2219 designat.
880 2150 1081 2211 Tribus
1122 2167 1252 2205 vero
1288 2151 1439 2214 Levi,
1475 2153 1568 2220 qui
1604 2152 1878 2221 signiﬁcat
1919 2168 2161 2221 pra'ven-

576 2248 712 2303 tum,
747 2239 908 2310 715
969 2256 1065 2296 eos
1095 2242 1187 2311 qni
1224 2257 1253 2295 a
1285 2241 1394 2296 Deo
1434 2245 1692 2313 praeventi
1743 2254 1873 2298 sunt
1935 2244 2001 2296 ad
2048 2244 2160 2297 ele-

571 2331 811 2385 ctionem
862 2332 1137 2402 designat,
1196 2333 1353 2402 jttttta
1399 2336 1723 2403 psalmicum
1765 2336 2078 2397 oraculum,
2108 2342 2162 2388 et

570 2423 662 2491 qui
702 2423 1060 2477 inltabitaturi
1090 2434 1218 2478 sunt
1250 2426 1300 2478 in
1330 2426 1534 2480 divinis
1569 2427 1954 2480 tabernaculis.
1992 2425 2162 2479 Porro

571 2513 753 2568 tribus
787 2513 1032 2577 lsacltar,
1061 2514 1206 2583 quod
1257 2523 1343 2569 est
1392 2531 1609 2581 merces,
1643 2517 1892 2585 designat
1939 2532 2033 2570 eos
2068 2515 2162 2586 qui

570 2603 803 2658 virtutes
827 2603 1233 2658 constituerunt
1257 2604 1309 2658 in
1339 2607 1661 2674 acceptione
1687 2606 1998 2661 futurorum
2024 2622 2163 2676 pra:-

573 2693 810 2746 miorum
847 2707 945 2761 pro
976 2693 1249 2749 mercede.
1282 2692 1485 2749 Tribus
1503 2706 1681 2749 autem
1712 2695 1981 2760 Zabulon,
2012 2697 2161 2767 quod

574 2786 972 2854 interpretatur
1030 2797 1401 2855 praeoccupato
1471 2787 1863 2852 liberatio,eos
1908 2789 2163 2859 designat

574 2875 670 2945 qui
702 2875 923 2930 divitias
966 2877 1301 2946 pauperibus
1333 2876 1605 2941 dividunt,
1641 2886 1694 2931 et
1746 2892 1774 2932 a
1812 2877 2032 2933 Christo
2078 2894 2164 2933 ac-

577 2966 811 3036 cipiunt.
840 2964 1040 3022 Tribus
1063 2982 1194 3022 vero
1215 2966 1446 3037 Joseph,
1485 2968 1633 3037 quod
1662 2978 1746 3023 est
1776 2968 2032 3023 bonorum
2055 2970 2159 3022 ad-

574 3058 735 3121 ditio,
763 3072 859 3114 eos
890 3059 1255 3129 designatqui
1278 3058 1346 3114 ad
1374 3075 1598 3129 regnum
1627 3061 1896 3115 caelorum
1928 3064 1981 3116 in
2006 3072 2162 3133 parte

2271 598 2461 669 Ἀσὴρ,
2498 598 2566 650 δι’
2596 593 2657 650 οὗ
2701 600 3080 669 μακαρισμὸς
3131 601 3456 670 σημαίνεται
3491 603 3631 667 τοὺς
3672 609 3738 676 τῇ
3770 625 3859 678 τη-

2266 690 2423 763 ρήσει
2484 690 2596 744 τῶν
2628 690 2988 744 θεοδιδάκτων
3044 693 3413 763 μακαρισμῶν
3459 696 3569 764 τῆς
3632 682 3861 767 ἀλῆκτου

2254 778 2615 848 τευξομένους
2673 782 3100 852 μακαριότητος.
3152 782 3265 852 Τὴν
3338 783 3397 835 δὲ
3470 783 3577 837 τοῦ
3646 786 3859 854 Negaba-

2258 874 2404 943 λεὶμ,
2432 874 2871 944 ἐρμηνευομένου
2901 875 3184 940 συνετοῦ,
3210 876 3602 945 ἢστελέχους
3619 878 3865 948 ἐξημμέ³

2259 982 2392 1027 νου,
2426 966 2553 1027 τοὺς
2577 965 3037 1035 ὲπερειδομένους
3082 966 3254 1034 αὐτῷ,
3283 968 3341 1029 ὃς
3371 971 3524 1020 ἐστιν
3562 969 3592 1020 ὁ
3635 972 3859 1039 σταυρὸς

2260 1057 2355 1109 τοῦ
2373 1056 2631 1127 Χριστοῦ,
2653 1059 2744 1109 καὶ
2768 1057 3256 1126 ἐστεφανωμένους
3283 1059 3420 1127 μετὰ
3450 1059 3755 1122 συνέσεως.
3774 1064 3860 1115 καὶ

2264 1152 2321 1203 ὲν
2342 1151 2534 1219 ἐκείνῳ
2557 1152 2680 1211 τοὺς
2701 1149 2961 1219 δαίμονας
2982 1150 3390 1218 κερατίζοντας.
3410 1150 3527 1221 Τὴν
3558 1151 3617 1201 δὲ
3643 1151 3733 1203 τοῦ
3750 1153 3858 1205 Μα-

2263 1242 2459 1309 νασσῆ,
2480 1240 2539 1303 ὃς
2564 1240 2681 1293 ἀπὸ
2707 1239 2897 1306 λήθης
2932 1239 3319 1309 ἑρμηνεύεται,
3346 1240 3473 1304 τοὺς
3496 1241 3852 1294 ἐπιλανθανο-

2267 1331 2462 1400 μένους
2498 1330 2607 1382 τῶν
2643 1330 2891 1401 πατριῶν
2919 1330 3005 1382 διὰ
3037 1331 3298 1399 Χριστδν,
3335 1330 3487 1383 κατὰ
3541 1332 3628 1391 τὸ,
3668 1351 3685 1381 ι
3726 1334 3855 1385 Ἑπιο

2263 1422 2429 1475 λάθου
2452 1423 2547 1475 τοῦ
2571 1423 2702 1475 λαοῦ
2738 1438 2833 1474 σου
2887 1422 2981 1473 καὶ
3012 1420 3107 1474 τοῦ
3139 1422 3291 1475 οἴκου
3326 1422 3420 1475 τοῦ
3467 1425 3686 1491 πατρὸς
3710 1439 3818 1476 σου.
3839 1444 3854 1475 ι

2264 1513 2378 1583 Τὴν
2410 1513 2465 1566 δὲ
2490 1511 2584 1565 τοῦ
2621 1512 2868 1581 Συμεὼν,
2919 1514 3057 1580 ὅπερ
3102 1512 3504 1581 ἐπακουσμὸν
3534 1512 3714 1581 δηλοῖ,
3741 1517 3858 1579 τοὺς

2264 1605 2374 1657 τῶν
2405 1604 2566 1656 Θείων
2587 1603 2819 1656 ἐντολῶν
2850 1602 3232 1664 ὑπακούοντας
3256 1603 3326 1655 δι’
3356 1602 3592 1671 ἀγαθῶν
3640 1606 3731 1657 καὶ
3762 1624 3848 1657 και

2267 1696 2451 1767 Θαρῶν
2480 1694 2754 1765 πράξεων.
2776 1694 2892 1764 Τὴν
2927 1694 2983 1747 δὲ
3007 1693 3103 1746 τοῦ
3130 1693 3264 1748 Λευῖ
3297 1695 3355 1758 ὃς
3377 1695 3856 1763 προειλημμένον

2268 1784 2552 1856 σημαίνει,
2582 1786 2711 1847 τοὺς
2758 1785 2865 1837 ὑπὸ
2897 1784 3033 1837 Θεοῦ
3068 1786 3557 1855 προειλημμένους
3602 1788 3684 1848 εἰς
3712 1786 3850 1837 ἐκλο-

2267 1878 2395 1948 γὴν,
2431 1876 2574 1930 κατὰ
2611 1878 2674 1929 τὸ
2703 1877 2979 1947 ψαλμικδν
3025 1876 3228 1945 λόγιον,
3263 1878 3359 1929 καὶ
3420 1878 3479 1928 ὲν
3543 1879 3671 1939 ταῖς
3698 1876 3853 1941 Θείαις

2264 1968 2715 2038 ὲγκατασκηνοῦν
2740 1968 3035 2037 μέλλοντας
3062 1969 3276 2030 αὐλαῖς.
3320 1968 3433 2038 Τὴν
3467 1968 3527 2020 δὲ
3594 1967 3693 2020 τοῦ
3732 1969 3856 2019 Ἰσά-

2263 2078 2392 2131 χαρ,
2421 2062 2559 2131 ὅπερ
2582 2060 2699 2112 ἐστὶ
2725 2060 2966 2127 μισθὸς,
3001 2060 3129 2121 τοὺς
3175 2058 3275 2121 τὰς
3311 2058 3523 2129 ἀρετὰς
3580 2058 3719 2128 πρὸς
3749 2057 3846 2110 τῶν

2270 2151 2579 2221 μελλόντων
2606 2150 2859 2203 ἐπάθλων
2893 2153 2990 2217 τῆς
3041 2148 3259 2217 λήψεως
3288 2151 3369 2210 εἰς
3430 2148 3629 2217 μισθὸν
3682 2146 3847 2216 ὁριζο-

2268 2242 2485 2311 μένους.
2534 2240 2645 2309 Τὴν
2684 2239 2740 2291 δὲ
2796 2239 2891 2292 τοῦ
2952 2240 3264 2302 Ζαϐουλὼν,
3308 2241 3449 2308 ὅπερ
3490 2237 3850 2309 ἑρμηνεύεται

2261 2333 2439 2400 ῥύσις
2479 2329 2948 2400 προειλημμένη,
2986 2332 3112 2392 τοὺς
3141 2332 3233 2383 τὸν
3280 2330 3513 2383 πλοῦτον
3544 2331 3660 2391 τοῖς
3712 2345 3845 2380 πτω-

2265 2427 2378 2493 χοῖς
2426 2422 2824 2491 ἀπονέμοντας,
2854 2424 2949 2475 καὶ
2983 2423 3088 2475 ὑπὸ
3136 2420 3374 2492 Χριστοῦ
3430 2419 3844 2490 προσλαμϐανο-

2269 2516 2485 2587 μένους.
2521 2514 2631 2585 Τὴν
2658 2514 2715 2567 δὲ
2773 2512 2870 2566 τοῦ
2953 2514 3175 2583 Ἰωσὴφ,
3212 2516 3348 2584 ὅπερ
3408 2514 3589 2578 ὲστιν,
3626 2508 3849 2578 ἀγαθῶν

2266 2604 2605 2674 προσθήκη,
2635 2606 2760 2666 τοὺς
2805 2606 2863 2657 ὲν
2892 2607 3208 2674 προσθήκης
3236 2606 3390 2674 μέρει
3424 2606 3568 2673 πρδς
3629 2603 3724 2671 τὴν
3756 2601 3843 2671 βα-

2267 2696 2475 2749 σιλείαν
2505 2696 2613 2749 τῶν
2645 2694 2894 2766 οὐρανῶν
2915 2695 3349 2765 ἀναληφθέντας,
3383 2696 3479 2749 καὶ
3514 2695 3586 2748 τὰ
3627 2691 3842 2763 χρειώδη

2264 2788 2360 2842 τοῦ
2413 2788 2529 2859 βίου
2558 2789 2711 2858 παρὰ
2744 2787 2839 2840 τοῦ
2865 2787 3133 2857 ἀψευδοῦς
3155 2789 3427 2841 Δεσπότου
3444 2785 3837 2856 λαμϐάνοντας.

2273 2882 2388 2952 Τὴν
2431 2882 2487 2934 δὲ
2518 2879 2613 2933 τοῦ
2660 2880 2943 2950 Βενιαμὶν,
2991 2880 3130 2949 ὅπερ
3189 2880 3323 2946 υἱὸς
3367 2879 3605 2944 ὀδύνης
3647 2876 3678 2945 ἢ
3728 2874 3846 2939 υἱὸς

2268 2973 2496 3042 ἡμέρας
2531 2970 2918 3045 ἑρμηνεύεται,
2942 2972 3071 3034 τοὺς
3132 2972 3221 3025 διὰ
3270 2971 3331 3024 τὸ
3382 2969 3595 3039 πλῆθος
3650 2967 3753 3020 τῶν
3796 2967 3846 3015 ἐν

2266 3062 2465 3134 καρδία
2508 3061 2713 3115 ὀδυνῶν
2744 3100 2759 3125 ,
2817 3060 2895 3123 ὡς
2941 3060 3108 3113 Δασὶδ
3194 3057 3476 3129 μελῳδεῖ,
3546 3051 3845 3123 ἐναμίλλους

574 3150 1044 3220 αυεηιεηιὶζευιιι,
1076 3158 1132 3205 et
1159 3151 1284 3204 vitae
1333 3151 1647 3206 necessaria
1676 3153 1747 3206 ab
1799 3166 1865 3206 eo
1895 3152 1990 3221 qui
2052 3167 2159 3207 non

2270 3154 2369 3215 τὰς
2424 3152 2575 3214 θείας
2607 3151 2985 3221 παρακλήσεις
3031 3150 3143 3221 (29)
3188 3138 3840 3247 dvrtladevoweg..'l'oEi

582 3243 847 3295 mentitur
872 3242 1174 3311 accipiunt.
1197 3241 1428 3295 Demum
1487 3242 1661 3297 tribus
1694 3242 1979 3311 Beniamin
2014 3244 2163 3313 quod

2269 3245 2326 3298 δὲ
2370 3243 2478 3296 Δὰν
2522 3244 2622 3313 τὴν
2647 3242 2967 3313 ὀνομασίαν,
3000 3241 3179 3294 καίτοι
3235 3240 3522 3310 φυλάρχου
3548 3236 3644 3289 καὶ
3689 3234 3839 3287 αὐτοῦ

582 3331 975 3401 interpretatur
1032 3332 1178 3400 [ilius
1242 3332 1447 3385 doloris
1529 3342 1621 3387 aut
1673 3332 1819 3401 [ilius
1872 3333 2015 3398 diei,
2067 3347 2168 3387 eos

578 3424 808 3477 denatat
835 3424 931 3493 qui
990 3424 1059 3477 ad
1096 3424 1397 3477 curandam
1463 3423 1869 3478 multitudinem
1912 3424 2166 3477 dolorum

574 3515 669 3584 qui
695 3515 749 3569 in
776 3518 943 3569 corde
970 3524 1119 3581 sunt,
1156 3525 1216 3569 ut
1245 3517 1393 3570 canit
1426 3516 1613 3579 David,
1643 3517 1861 3571 divinas
1892 3532 1922 3571 e
1946 3516 2165 3571 diverso

2271 3337 2630 3407 ὑπάρχοντος,
2654 3336 2715 3388 οὐ
2752 3333 3011 3399 συνέταξε
3036 3336 3159 3397 ταῖς
3184 3334 3423 3395 λοιπαῖς,
3453 3332 3549 3383 διὰ
3577 3328 3637 3380 τὸ
3682 3325 3737 3388 ἐξ
3760 3326 3839 3391 ἁρ-

2277 3427 2383 3498 Χῆς
2443 3426 2737 3496 εἰρημένον
2768 3424 2829 3477 τδ
2886 3426 2951 3477 ἐκ
3014 3423 3186 3494 φυλῆς
3209 3421 3374 3477 αὐτοῦ
3401 3418 3657 3490 γενέσθαι
3686 3411 3845 3481 σαφῶς

2279 3518 2375 3569 τὸν
2419 3516 2814 3587 Ἀντίχριστον.

576 3614 854 3684 accipiunt
898 3615 1328 3672 consolationes.
1385 3615 1557 3673 Porro
1616 3619 2158 3687 cognominationem
2214 3620 2352 3687 Dan,
2400 3637 2715 3692 quanquam
2749 3630 2805 3676 et
2848 3620 2967 3690 ipse
2997 3617 3067 3673 sit
3118 3614 3376 3687 princeps
3423 3609 3625 3670 tribus,
3651 3599 3839 3658 caeteris

579 3724 688 3764 non
727 3710 1035 3779 conjunxit,
1070 3711 1142 3767 ob
1191 3711 1245 3766 id
1292 3712 1437 3781 quod
1489 3714 1557 3768 ab
1603 3713 1763 3769 initio
1816 3715 2023 3769 dictum
2071 3724 2177 3782 est,
2210 3731 2405 3786 nempe
2434 3716 2581 3788 quod
2622 3711 2914 3770 manifeste
2973 3725 3040 3765 ex
3064 3723 3129 3763 ea
3185 3705 3331 3761 tribu
3356 3702 3608 3757 oriturus
3636 3695 3706 3750 sit
3730 3692 3829 3744 An-

580 3799 892 3857 ticltristus.

1194 3918 1426 3975 CAPUT
1459 3919 1579 3974 XX.

582 4048 661 4103 De
682 4048 1053 4106 innumerabili
1082 4052 1238 4125 turba
1256 4069 1437 4108 eorum
1463 4055 1552 4125 qui
1574 4070 1639 4109 ex
1660 4052 1900 4125 gentibus
1928 4070 2034 4108 una
2056 4070 2176 4108 cum

1099 4121 1310 4176 Christo
1346 4121 1657 4194 regnabant.

654 4276 763 4342 VII,
796 4278 947 4334 9—12.
998 4278 1124 4333 Post
1159 4279 1271 4335 hiet:
1301 4280 1441 4348 vidi,
1485 4288 1535 4334 et
1576 4298 1691 4337 ecce
1741 4283 1894 4337 turba
1948 4300 2174 4354 magna,

578 4386 737 4439 quant
766 4371 1104 4427 dinumerare
1137 4390 1285 4427 nemo
1312 4383 1540 4442 poterat,
1571 4390 1635 4429 ea:
1656 4377 1798 4428 onmi
1828 4368 1977 4444 gente
1998 4386 2045 4429 et
2079 4376 2172 4428 tri-

582 4461 748 4514 bubus
771 4472 820 4514 et
852 4463 1060 4532 populis
1103 4474 1150 4517 et
1182 4465 1402 4535 linguis,
1442 4474 1641 4520 stantes
1683 4476 1804 4519 ante
1839 4467 2085 4519 thronum
2120 4476 2170 4520 et

2886 3909 3139 3965 ΚΕΦΑΛ.
3182 3907 3269 3960 κ’.

2285 4053 2423 4123 Περὶ
2452 4050 2563 4107 τοῦ
2594 4044 3006 4126 ἀναριθμήτου
3033 4044 3222 4126 ὄχξου
3256 4039 3376 4126 τῶν
3421 4038 3491 4102 ἐξ
3524 4034 3709 4093 ἐθνῶν
3730 4034 3842 4101 Χρι-

2673 4117 2798 4182 στῷ
2840 4117 3485 4186 συμϐασιλευσάντων.

2357 4280 2519 4336 Μετὰ
2547 4278 2736 4333 ταῦτα
2773 4271 2975 4336 εἶδον,
3011 4270 3108 4324 καὶ
3151 4267 3279 4323 ιδοὺ
3320 4267 3509 4335 ὄχλος
3543 4260 3755 4325 πολὺς,
3784 4253 3842 4308 ὃν

2277 4370 2604 4442 ἀριθμῆσαι
2630 4367 2831 4431 οὐδεὶς
2862 4362 3139 4422 ἐδύνατο,
3167 4358 3236 4412 ἐκ
3275 4356 3505 4420 παντὸς
3536 4355 3739 4442 ἔθνους
3757 4342 3836 4397 καὶ

2278 4440 2491 4537 ςέυλῶν
2520 4463 2615 4517 καὶ
2644 4458 2812 4515 λαῶν
2846 4459 2941 4511 καὶ
2974 4450 3297 4524 γλωσσῶν,
3323 4448 3590 4511 ἑστῶτας

582 4567 702 4608 ante
733 4555 961 4624 Agnum,
993 4557 1216 4610 amictos
1249 4559 1398 4611 stolis
1430 4559 1586 4623 albis,
1618 4568 1665 4612 et
1695 4560 1885 4629 palma:
1912 4561 1965 4613 in
1996 4560 2167 4612 mani-

2273 4531 2378 4613 τοῦ
2422 4556 2660 4625 θρόνου,
2686 4551 2784 4605 καὶ
2817 4548 3072 4604 ἐνώπιον
3099 4544 3205 4599 τοῦ
3234 4542 3486 4611 Ἀρνίου,
3521 4531 3837 4629 περιόεόλη-

584 4645 675 4699 bus
715 4662 919 4709 eorum,
947 4661 993 4702 et
1023 4648 1329 4702 clamabant
1358 4667 1476 4704 vare
1513 4668 1706 4720 magna
1726 4692 1737 4713 ,
1768 4652 1995 4705 dicentes
2018 4668 2037 4705 :
2070 4649 2173 4704 Sa-

582 4736 664 4788 lus
700 4736 807 4790 Deo
838 4747 1017 4792 nostro
1040 4740 1132 4808 qui
1169 4741 1311 4794 sedet
1338 4756 1494 4810 super
1532 4742 1779 4795 thronum
1827 4751 1875 4795 et
1907 4740 2073 4811 Agna.
2109 4740 2175 4793 Et

583 4844 761 4882 omnes
798 4830 970 4899 angeli
1006 4832 1221 4885 stabant
1262 4833 1319 4886 in
1354 4833 1580 4885 circuitu
1618 4833 1795 4885 throni
1823 4844 1870 4886 et
1911 4832 2179 4884 seniorum

583 4930 634 4972 et
672 4929 902 4988 quatuor
926 4923 1267 4989 animalium,
1301 4934 1350 4978 et
1378 4925 1767 4994 procubuerunt
1791 4935 1912 4978 ante
1933 4924 2182 4977 thronum

582 5011 730 5065 illius
765 5014 818 5065 in
841 5013 1008 5082 facies
1040 5032 1165 5069 suas
1210 5027 1303 5071 :et
1346 5018 1699 5071 adoraverunt
1735 5018 1926 5083 Deum,
1950 5018 2179 5072 dicentes

582 5104 748 5158 Amen
784 5119 801 5158 :
833 5104 1139 5161 Benedictio
1165 5120 1212 5163 et
1249 5110 1420 5179 gloria
1446 5121 1493 5164 et
1522 5111 1785 5179 sapientia
1806 5120 1855 5164 et
1882 5112 2180 5181 gratiarum

581 5200 743 5261 actio,
778 5197 1048 5270 honorque
1076 5210 1125 5255 et
1162 5202 1329 5257 virtus
1364 5219 1425 5257 ac
1468 5204 1731 5274 fortitudo
1766 5203 1871 5259 Deo
1914 5214 2093 5259 nostro
2126 5204 2179 5257 in

580 5291 776 5351 sarcula
802 5293 1139 5347 saeculorum.
1167 5294 1353 5350 Amen.

2269 4649 2489 4720 μένους
2524 4642 2753 4708 στολὰς
2773 4640 3023 4704 λευκὰς,
3052 4637 3152 4690 καὶ
3179 4636 3449 4704 φοίνικες
3487 4631 3558 4684 ἐν
3582 4624 3704 4720 ταῖς
3734 4633 3838 4688 κερ·

2276 4718 2383 4796 σὶν
2401 4736 2619 4794 αὐτῶνθ
2646 4736 2743 4789 καὶ
2775 4731 3089 4801 κράζοντες
3117 4722 3541 4817 φωνῇ-μεγάλῃ
3560 4718 3835 4817 λέξοντες

2292 4835 2354 4887 Ἡ
2385 4832 2652 4898 σωτηρία
2686 4825 2764 4891 τῷ
2797 4822 2919 4888 Θεῷ
2964 4820 3134 4890 ἡμῶν
3168 4817 3248 4883 τῷ
3293 4813 3605 4884 καθημένῳ
3647 4808 3737 4898 ἐπὶ
3774 4812 3838 4898 ξφ

2282 4924 2473 4991 θρόνῳ
2534 4891 2632 4973 ἷιαὶ
2687 4914 2767 4981 τῷ
2824 4912 3050 4982 Ἀρνίῳ.
3092 4908 3202 4964 Καὶ
3254 4906 3481 4969 πάντες
3534 4903 3588 4955 οι
3629 4891 3837 4991 sine?“

2282 4982 2673 5083 elocrinsw'ar
2702 5009 2909 5070 κύκλῳ
2935 5004 3040 5058 τοῦ
3076 5002 3296 5070 θρόνου
3332 4997 3430 5052 καὶ
3464 4994 3579 5049 τῶν
3609 4982 3837 5083 πρεσόςυ·

2283 5108 2469 5177 τέρων
2506 5103 2605 5157 καὶ
2655 5099 2774 5154 τῶν
2802 5095 3120 5163 τεσσάρων
3165 5090 3344 5154 ζώων,
3385 5088 3482 5185 καὶ
3522 5088 3733 5185 ἕπεσθον

2281 5174 2470 5253 (baton
2498 5194 2606 5249 τοῦ
2641 5193 2858 5260 θρόνου
2882 5185 3070 5242 αὑτοῦ
3096 5185 3195 5238 ἐπὶ
3221 5181 3293 5236 τὰ
3326 5179 3614 5248 πρόσωπα
3646 5174 3833 5267 aluta):

2283 5244 2890 5360 :cilwapoo'exdwzoar
2928 5275 3009 5342 τῷ
3041 5274 3166 5341 Θεῷ
3192 5244 3477 5341 λέγοντες
3502 5285 3516 5298 ⁶
3553 5244 3836 5360 imi";

580 5346 850 5454 ὲὺλογια,
876 5386 976 5439 καὶ
1006 5346 1366 5455 ἠδόεᾶᾖᾷξᾷιί
1390 5392 1427 5460 ή
1456 5392 1665 5463 σοφία,
1692 5391 1791 5446 καὶ
1822 5393 1860 5460 ἡ
1884 5391 2258 5461 εὐχαριστία,
2286 5346 2385 5444 tat
2417 5346 2658 5454 τίτιμὴ,
2692 5346 2790 5433 κάλ
2828 5375 2867 5444 ἠ
2902 5374 3193 5443 δύναμις,
3224 5366 3325 5422 και
3355 5365 3395 5435 ή
3428 5358 3603 5431 ισχύς
3633 5349 3705 5418 τῷ
3734 5346 3832 5403 Θεφ

583 5476 756 5547 ἡμῶν
779 5480 868 5544 εἰς
906 5479 1053 5547 τοὺς
1082 5482 1306 5552 αἰῶνας
1327 5484 1446 5541 τῶν
1483 5485 1734 5542 αἰώνων.
1776 5470 2009 5557 Ἀμήνῖ

645 5662 692 5696 ’⁵⁸
715 5665 857 5720 Psal.
879 5680 1027 5729 κων,
1063 5664 1149 5721 ll.

675 5819 785 5889 (9.9)
823 5822 1175 5893 Περιχρὶσεις
1214 5823 1303 5879 cd.
