4110 6430
197 405 302 468 60]

1259 401 1652 468 COMMENT.
1693 405 1774 467 ΙΝ
1817 405 2349 486 APOCALYPSIN.

3369 417 3477 480 610

267 511 464 566 Σκόπει
496 509 614 574 πῶς
651 510 984 582 παρίστησιν
1017 513 1096 576 ὡς
1123 513 1186 566 τὸ
1219 515 1595 586 ἀναρίθμητον
1624 527 1762 570 τοῦτα

1964 517 2128 588 716
2175 519 2472 575 Considera
2525 523 2730 592 quibus
2781 523 2966 581 verbis
3017 527 3276 584 ostendat
3331 535 3482 601 quod

193 605 286 660 καὶ
307 602 580 672 παγγενὲς
607 603 834 674 πλῆθος,
859 604 960 674 τὴν
977 603 1074 658 τοῦ
1091 605 1306 676 ’Δρνίου
1329 606 1523 674 δηλοῦν
1545 610 1782 682 σφαγὴν,

193 695 386 764 ἐκείνῳ
409 696 504 748 καὶ.
527 694 718 764 ἐτύθη.

257 785 368 842 Kal.
397 785 712 854 κράζοντες
746 783 920 854 φωνῇ
948 785 1208 856 μεγάλη.
1243 785 1520 858 Ἐκραζον
1543 830 1558 854 ,
1593 789 1780 858 φησὶν,

191 881 270 941 εἰς
314 878 374 930 τὸ
416 875 806 946 δυναμωθῇναι
854 879 1006 948 ἡμᾶς
1041 878 1148 931 ὑπὸ
1197 877 1291 932 τοῦ
1330 879 1546 949 Ἀρνίου
1602 883 1682 943 είς
1721 881 1782 934 τὺ

192 973 410 1041 νικῆσαι
453 973 546 1024 τὸν
593 973 836 1041 ἄρχοντα
878 973 972 1025 τοῦ
1019 974 1247 1036 σκότους
1289 978 1484 1028 τούτου
1517 976 1614 1028 καὶ
1655 977 1784 1040 τοὺς

191 1065 283 1116 ὑπ’
311 1062 474 1116 αὑτοῦ
511 1064 942 1132 ἑνεργουμένους
987 1065 1382 1135 εἰδωλολάτρας
1431 1066 1777 1137 ἀνθρώπους.

261 1155 366 1210 Καὶ
405 1153 628 1220 πάντες
657 1156 712 1208 oi
743 1155 988 1224 ἄγγελοι
1013 1156 1404 1224 εἰστήκεισαν
1435 1159 1640 1225 κύκλῳ
1671 1159 1778 1215 τοῦ

189 1248 404 1313 θρόνου
445 1247 546 1300 καὶ
586 1245 706 1299 τῶν
731 1248 1160 1316 πρεσϐυτέρων
1181 1248 1281 1303 καὶ
1311 1249 1432 1303 τῶν
1463 1252 1780 1319 τεσσάρων

185 1337 361 1398 ζώων.
408 1338 540 1391 Ἰδοὺ
583 1339 682 1408 μία
727 1339 998 1409 ἐκκλησία
1039 1342 1288 1410 ἀγγέλων
1317 1342 1417 1396 καὶ
1445 1343 1774 1414 ἀνθρώπων.

183 1431 254 1483 Τὸ
301 1431 362 1483 δὲ
419 1433 678 1500 συστῆναι
724 1431 992 1500 ἀγγέλους
1047 1435 1396 1506 ἀνθρώποις,
1437 1435 1491 1489 τί
1542 1438 1610 1490 ἂν
1649 1435 1778 1490 ἄλλο

179 1521 476 1586 δείκνυσιν,
525 1523 557 1592 ῆ
607 1524 668 1576 τὸ
715 1524 1162 1596 ὑπερανεστηκὺς
1205 1529 1288 1590 είς
1339 1526 1506 1598 τιμὴν
1538 1527 1635 1598 τῆς
1677 1530 1776 1582 ἀν-

179 1612 368 1682 θρωπε
377 1614 463 1676 ίας
489 1614 706 1681 φύσεως
731 1632 747 1680 ς

243 1707 360 1758 Καὶ
403 1709 882 1774 προσεκύνησαν
923 1707 1003 1774 τῷ
1035 1709 1159 1776 Θεῷ
1195 1711 1516 1781 λέγοντεςο
1561 1713 1770 1783 Ἀμήν.

177 1797 256 1850 Τὰ
304 1800 370 1850 ἐν
426 1797 738 1870 ἀνθρώποις
787 1801 1136 1874 λειτουργικὰ
1187 1805 1476 1874 πνεύματα
1527 1805 1624 1859 σὺν
1661 1809 1772 1870 τοῖς

175 1891 579 1962 πρεσϐυτέροις
607 1895 928 1964 ὑπήκουσαν
947 1896 1031 1962 τὸ,
1059 1897 1256 1968 Ἀμήν.
1303 1898 1427 1950 Ἐπὶ
1455 1897 1517 1950 τὺ
1542 1899 1772 1968 ἕϐδομον

173 1984 227 2036 δὲ
258 1983 358 2036 τοῦ
392 1983 630 2056 ἀριθμοῦ
659 1987 1051 2059 προεχώρησεν
1081 1991 1268 2053 αὐτοῖς
1299 1992 1332 2062 ή
1364 1990 1500 2062 πρὸς
1527 1991 1588 2044 τὸ
1615 1992 1772 2045 Θεῖον

173 2072 454 2143 σεϐασμία
505 2076 681 2146 τιμὴ,
735 2077 798 2129 οὑ
841 2079 1000 2148 μόνον
1033 2079 1116 2132 ὅτι
1173 2080 1454 2150 σύστοιχος
1483 2077 1658 2147 οὗτος,
1693 2082 1770 2146 ὡς

170 2167 270 2236 ήδη
307 2167 694 2238 παρεθέμεθα,
731 2171 760 2222 ὁ
793 2170 1028 2242 ἀριθμὸς
1056 2170 1136 2243 τῷ
1163 2174 1392 2243 παρόντι
1426 2173 1618 2236 αἰῶνι,
1650 2175 1770 2230 ἀλλ’

169 2259 246 2311 ὃτι
269 2259 374 2312 καὶ
397 2257 590 2330 ὥσπερ
621 2255 780 2324 οὗτος
795 2264 824 2312 ὁ
847 2263 1082 2332 ἀριθμὸς
1107 2265 1210 2316 οὐκ
1232 2265 1291 2328 ἐξ
1317 2265 1504 2334 ἐτέρου
1531 2265 1766 2336 ἀριθμοῦ

164 2349 272 2402 τῶν
315 2352 478 2414 ἐντὸς
519 2353 622 2422 τῆς
657 2353 880 2418 δεκάδος
929 2356 1319 2421 ἀποτίκτεται,
1365 2357 1540 2420 οὓτως
1586 2361 1680 2412 καὶ
1723 2353 1768 2427 ᾧ

165 2443 464 2497 ἐπιϐοᾶται
495 2444 669 2498 ταῦτα
697 2444 862 2510 Θεὸς,
883 2449 982 2500 οὐκ
1017 2448 1075 2514 ἐξ
1106 2447 1298 2518 ἑτέρου
1335 2449 1404 2502 τὰ
1437 2449 1556 2502 θεῖα
1593 2449 1766 2504 ταῦτα

163 2535 514 2605 ἀποφέρεται
545 2536 1022 2608 πλεονεκτήματα.

229 2625 347 2678 Καὶ
396 2625 688 2694 ἀπεκρίθη
732 2621 819 2693 εἷς
855 2627 926 2682 ἐκ
955 2626 1075 2680 τῶν
1117 2627 1540 2696 πρεσϐυτέρων
1569 2629 1767 2698 λέγων

155 2733 278 2784 μοι’
341 2713 524 2772 Οὗτοι
573 2722 627 2773 οὶ
677 2719 1166 2789 περιϐεϐλημένοι
1218 2721 1327 2786 τὰς
1376 2720 1608 2786 στολὰς
1655 2724 1764 2788 τὰς

161 2813 401 2876 λευκὰς
425 2851 438 2875 ,
471 2811 634 2876 τίνες
661 2811 782 2865 εισι
801 2851 816 2876 ,
849 2811 948 2865 καὶ
979 2813 1166 2866 πόθεν
1193 2809 1384 2883 ἦλθον
1401 2830 1420 2878 ;
1453 2813 1560 2867 Kal
1589 2808 1764 2868 εἷπον

161 2901 346 2968 αὐτῷ·
385 2903 566 2973 Κύριέ
587 2921 743 2973 μου.
778 2905 860 2960 σὺ
889 2901 1076 2972 οἶδας.
1109 2907 1220 2960 Kal
1244 2903 1378 2960 εἶπέ
1399 2922 1503 2974 μοι
1524 2921 1540 2940 ·
1581 2901 1764 2960 Οὗτοι

163 2995 320 3048 εἰσιν
352 2997 412 3047 οὶ
441 2995 751 3064 ἐρχόμενοι
787 2995 856 3050 ἐκ
889 2995 1002 3064 τῆς
1027 2998 1292 3066 θλίψεως
1313 2995 1425 3065 τῆς
1463 2996 1758 3065 μεγάληςο

163 3086 262 3138 και
301 3086 588 3141 ἔπλυναν
627 3088 734 3154 τὰς
761 3089 994 3156 στολὰς
1030 3089 1232 3143 αὐτῶν
1274 3091 1374 3143 καὶ
1417 3091 1761 3144 ἐλεύκαναν

163 3177 233 3231 ἐν
257 3177 344 3243 τῷ
375 3179 580 3248 αἵματι
617 3179 724 3234 τοῦ
775 3181 1014 3262 Ἀρνίου
1039 3197 1054 3214 ·
1087 3181 1186 3235 διὰ
1223 3183 1402 3237 τοῦτο
1451 3183 1614 3236 εἰσιν
1658 3183 1756 3237 ἐν-
1785 3207 1828 3264 C

161 3269 356 3324 ὠπιον
409 3272 516 3326 τοῦ
557 3276 778 3342 θρόνου
819 3275 931 3330 τοῦ
983 3275 1134 3330 Θεοῦ
1156 3317 1170 3341 ,
1225 3275 1324 3328 καὶ
1361 3277 1766 3343 λατρεύουσιν

161 3360 322 3426 αὐτῷ
365 3361 594 3431 ἡμέρας
623 3363 720 3417 καὶ
749 3363 975 3430 νυκτὸς
1005 3365 1076 3418 ἐν
1112 3362 1194 3428 τῷ
1221 3362 1345 3428 ναῷ
1367 3363 1574 3417 αὐτοῦ’
1607 3363 1706 3416 καὶ
1733 3363 1765 3416 ὀ

161 3454 510 3524 καθήμενος
543 3455 642 3507 ἐπὶ
687 3455 766 3521 τῷ
805 3458 998 3524 θρόνῳ
1030 3458 1337 3523 σκηνώσει
1377 3456 1472 3508 ἐπ’
1518 3457 1764 3520 αὐτούς.

162 3548 244 3599 οὺ
281 3545 696 3600 πεινάσουσιν
731 3546 840 3612 ἔτι,
875 3547 1020 3601 οὐδὲ
1064 3545 1444 3616 διψήσουσιν
1471 3546 1560 3600 ἔτι
1586 3563 1599 3577 ·
1633 3546 1764 3600 οὐδ’

153 3640 229 3693 οὐ
252 3639 344 3708 μὴ
374 3637 538 3707 πέσῃ
557 3639 652 3693 ἐπ’
683 3640 910 3707 αὐτοὺς
931 3644 964 3694 ό
993 3641 1187 3709 ἣλιος,
1216 3640 1362 3694 οὐδὲ
1389 3640 1514 3696 πᾶν
1540 3639 1762 3708 καῦμα·

1892 609 2312 668 innumerabilis
2363 613 2477 670 haec
2515 625 2570 670 et
2614 617 2903 686 omnigena
2955 620 3252 700 multitudo
3299 625 3481 680 mani.

1885 698 2094 755 testans
2113 703 2252 772 Λειιὶ
2285 707 2513 772 caedem,
2547 707 2648 777 ipsi
2673 723 2896 779 quoque
2930 698 3213 768 immolata
3239 716 3336 770 sit.

1956 790 2028 846 Et
2059 795 2362 850 clamabant
2399 815 2516 853 race
2549 817 2764 872 magna.
2797 801 3152 868 Clamabunt,
3180 807 3394 878 inquit,
3421 819 3483 866 ut

1883 898 1990 938 nos
2021 885 2091 940 ab
2115 887 2270 956 Agno
2311 889 2776 946 contirmaremur
2803 895 2868 948 ad
2910 896 3242 952 vincendqu
3269 901 3480 970 princi-

1881 987 2004 1042 pem
2036 976 2408 1045 tenebrarum,
2443 979 2809 1052 hominesque
2831 984 3154 1044 idololatras
3183 992 3276 1058 qui
3309 993 3380 1046 ab
3411 1007 3480 1048 eo

1882 1063 2229 1122 obsidentur.

1953 1156 2024 1210 Et
2051 1175 2230 1214 omnes
2257 1163 2431 1232 angeli
2458 1163 2672 1218 stabant
2698 1165 2752 1218 in
2773 1168 2998 1222 circuitu
3025 1171 3204 1226 throni
3229 1183 3280 1228 et
3303 1175 3478 1230 senio-

1879 1263 1998 1301 rum
2025 1259 2074 1303 et
2101 1261 2331 1320 quatuor
2361 1255 2694 1310 animalium.
2735 1257 2874 1314 Ecce
2911 1276 3020 1316 una
3047 1264 3277 1321 ecclesia
3309 1282 3476 1340 ange-

1879 1339 2056 1394 lorum
2094 1351 2149 1396 et
2179 1343 2485 1399 hominum.
2525 1348 2684 1402 Stare
2710 1365 2841 1404 vero
2874 1353 3102 1422 angelos
3139 1357 3304 1412 simul
3343 1339 3472 1416 cum

1879 1431 2198 1489 hominibus
2232 1438 2364 1505 quid
2396 1438 2544 1492 aliud
2590 1441 2832 1496 ostendit
2873 1459 3039 1513 quam
3089 1450 3472 1507 excellentium

1877 1524 2135 1581 humana:
2165 1538 2380 1584 naturae
2407 1531 2458 1584 in
2484 1531 2730 1588 honore?

1949 1701 2018 1756 Et
2059 1705 2414 1762 adoraverunt
2459 1707 2648 1774 Deum,
2695 1709 2926 1766 dicentes
2955 1727 2976 1766 .'
3013 1713 3200 1769 Amen.
3235 1714 3473 1786 Spiritus

1877 1793 2256 1850 ministrantes
2311 1797 2454 1850 inter
2509 1799 2759 1853 homines
2809 1815 2918 1855 una
2977 1815 3102 1856 cum
3155 1805 3472 1862 senioribus

1873 1885 2276 1950 obaudierunt,
2307 1888 2504 1942 Amen.
2541 1890 2622 1944 Ad
2659 1893 3030 1960 septenarium
3067 1906 3252 1950 autem
3281 1914 3474 1954 nurne-

1874 1993 1996 2032 rum
2029 1980 2100 2032 ah
2127 1980 2262 2048 ipsis
2284 1995 2606 2050 processum
2631 1993 2716 2038 est
2749 1984 2802 2038 in
2837 1985 3090 2055 religiosa
3119 1991 3472 2047 veneratione

1872 2068 2042 2124 divini
2076 2069 2364 2135 Numinis,
2397 2089 2505 2128 non
2533 2074 2712 2130 solum
2747 2077 2892 2145 quod
2921 2078 3100 2134 aﬂinis
3141 2081 3213 2136 sit
3241 2081 3332 2136 hic
3365 2099 3470 2138 nu-

1871 2177 2080 2226 merus,
2101 2171 2160 2216 ut
2182 2162 2294 2231 jam
2314 2166 2724 2234 proposuimus,
2741 2169 2944 2224 saeculo
2962 2171 3214 2238 praesenti
3238 2189 3254 2226 :
3277 2187 3466 2227 verum

1870 2254 2036 2310 etiam
2085 2256 2256 2324 quod,
2281 2259 2748 2325 quemadmodum
2786 2260 2878 2316 hic
2922 2277 3190 2318 munerus
3229 2279 3338 2318 non
3389 2266 3470 2336 3i-

1869 2347 2055 2415 gnitur
2089 2363 2154 2402 ex
2197 2349 2306 2404 alio
2343 2365 2574 2405 numero
2616 2365 2806 2406 eorum
2853 2352 2948 2422 qui
2995 2353 3140 2408 intra
3173 2355 3464 2411 denarium

1869 2440 2247 2506 continentur,
2279 2443 2349 2494 ita
2383 2457 2560 2512 neque
2601 2441 2743 2497 Deus
2778 2446 2864 2498 cui
2905 2444 3019 2499 huic
3060 2447 3462 2513 acclamautur,

1867 2529 2090 2584 aliunde
2118 2532 2321 2600 accipit
2356 2533 2455 2610 has
2489 2534 2706 2590 divinas
2738 2536 3121 2590 excellentius.

1939 2619 2050 2684 VII,
2093 2622 2276 2676 15-17.
2336 2623 2403 2676 Et
2451 2627 2721 2693 respondit
2769 2643 2903 2680 unus
2950 2627 3014 2682 de
3065 2630 3358 2684 senioribus
3413 2640 3464 2688 et

1865 2707 2001 2764 dixit
2040 2713 2166 2764 mihi
2201 2727 2219 2764 :
2251 2711 2320 2766 Hi
2345 2713 2436 2782 qui
2457 2715 2646 2768 amicti
2678 2725 2800 2770 sunt
2834 2718 2988 2772 stolis
3021 2719 3193 2788 albis,
3217 2740 3306 2794 qui
3337 2735 3462 2778 sunt

1863 2814 1912 2858 et
1937 2806 2076 2858 unde
2101 2809 2392 2861 venerunt?
2416 2807 2487 2862 Et
2511 2809 2628 2863 dixi
2659 2811 2743 2865 illi
2775 2827 2794 2865 :
2831 2811 3054 2869 Domine
3085 2807 3186 2880 mi,
3206 2829 3262 2871 tn
3295 2820 3458 2875 nosti.

1865 2896 1936 2950 Et
1971 2899 2108 2952 dixit
2161 2899 2290 2952 mihi
2331 2915 2353 2954 :
2401 2899 2474 2954 Hi
2518 2913 2640 2956 sunt
2683 2906 2775 2975 qui
2807 2909 3024 2962 veniunt
3069 2926 3136 2964 ea:
3175 2911 3461 2981 aﬂlictione

1862 3007 2056 3060 magna
2089 3003 2139 3046 et
2184 2993 2425 3048 laverunt
2473 2995 2644 3050 stolas
2673 3013 2798 3052 suas
2822 3038 2838 3062 ,
2866 3008 2916 3052 et
2947 3000 3324 3058 dealbaeerunt
3367 3021 3462 3074 per

1861 3087 2172 3154 sanguinem
2217 3088 2354 3156 Agni
2387 3104 2406 3140 :
2443 3088 2562 3142 ideo
2610 3101 2732 3144 sunt
2781 3103 2903 3146 ante
2949 3093 3198 3148 thronum
3250 3095 3378 3163 Dei,
3407 3107 3462 3152 et

1861 3177 2089 3230 serviunt
2125 3178 2173 3230 ei
2197 3180 2282 3231 die
2315 3195 2378 3232 ac
2403 3190 2556 3234 nocte
2585 3181 2640 3233 in
2671 3183 2866 3252 templo
2893 3185 3084 3252 ipsius,
3111 3195 3161 3239 et
3191 3189 3282 3256 qui
3311 3191 3456 3244 sedet

1863 3283 2018 3334 super
2045 3269 2292 3320 thronum
2314 3267 2576 3323 habitabit
2605 3287 2765 3340 super
2785 3272 2928 3326 illos.
2963 3273 3084 3327 Non
3111 3277 3350 3332 esurient
3371 3296 3459 3332 ne-

1862 3375 1962 3428 que
1987 3360 2164 3413 sitient
2192 3360 2444 3429 amplius,
2479 3379 2641 3431 neque
2670 3364 2822 3417 cadet
2850 3381 3008 3434 super
3037 3366 3158 3421 illos
3183 3368 3264 3422 sol
3293 3385 3457 3439 neque

1861 3450 2005 3503 ullus
2027 3463 2184 3504 wstns
2219 3453 2508 3520 :quoniam
2531 3453 2712 3522 Agnus
2743 3455 2831 3522 qui
2858 3455 2912 3508 in
2945 3456 3116 3510 medio
3149 3457 3326 3512 throni
3351 3469 3454 3527 cst,

1861 3552 2038 3610 pascet
2071 3542 2194 3596 illos
2217 3583 2230 3604 ,
2261 3553 2310 3596 et
2337 3543 2556 3596 deducet
2591 3560 2678 3598 eos
2708 3545 2778 3596 ad
2810 3543 2982 3614 fontes
3010 3562 3269 3614 aquarum
3310 3548 3451 3603 vita'.

1863 3633 1934 3688 Et
1959 3634 2218 3704 absterget
2252 3633 2390 3688 Deus
2412 3651 2618 3688 omnem
2643 3635 2940 3706 lacrymam
2967 3637 3034 3690 ab
3063 3637 3230 3692 oculis
3247 3655 3452 3694 eorum.

154 3729 244 3787 ὅτι
277 3737 352 3788 τὸ
393 3737 624 3804 Ἀρνιον
665 3735 732 3788 τὸ
773 3735 1088 3804 ἀνομέσον
1115 3735 1224 3790 τοῦ
1271 3735 1496 3804 θρόνου
1525 3731 1809 3804 ποιμανεῖ
1858 3729 2084 3796 αὐτοὺς
2105 3769 2122 3794 ,
2167 3729 2262 3784 καὶ
2323 3729 2614 3799 ὁδηγήσει
2660 3731 2885 3798 αὐτοὺς
2929 3731 3030 3786 ἐπὶ
3071 3732 3220 3804 ζωῆς
3257 3735 3457 3807 πηγὰς

153 3829 424 3886 ὑδάτων.
461 3831 568 3884 Kal
607 3831 918 3899 ἐξαλείψει
964 3833 1000 3884 ό
1043 3831 1188 3896 Θεὸς
1221 3829 1347 3888 πᾶν
1390 3830 1658 3898 δάκρυον
1694 3829 1764 3883 ἐκ
1793 3825 1910 3882 τῶν
1937 3823 2264 3894 ὀφθαλμῶν
2284 3822 2504 3879 αὐτῶν.

221 3924 375 3986 Τοὺς
416 3923 696 3995 μάρτυράς
735 3940 908 3994 φησι,
961 3922 1058 3976 τοῦ
1095 3923 1334 3994 Χριστοῦ
1381 3923 1474 3976 τὸν
1524 3921 1760 3991 σταυρὸν

149 4015 516 4086 ἀραμένους,
567 4017 662 4068 καὶ
714 4015 806 4068 τὸν
858 4014 1028 4068 αὐτοῦ
1078 4015 1310 4070 θάνατον
1365 4015 1758 4085 μιμουμένους.

148 4107 330 4161 Τοῦτο
367 4107 482 4180 γάρ
507 4108 623 4160 ἐστι
650 4104 1104 4171 τδ,.Ἐπλυναν,
1135 4107 1233 4177 οὐχ
1267 4105 1497 4177 ἑτέρωθι
1523 4106 1556 4176 ἧ
1587 4105 1658 4160 ἐν
1679 4106 1761 4171 τῷ

145 4201 356 4270 αἵματι
395 4199 502 4254 τοῦ
531 4201 795 4267 Ἀννίου.

219 4291 336 4346 Kal
379 4293 776 4357 λατρεύουσιν
805 4293 966 4358 αὐτῷ
1003 4291 1228 4361 ἡμέρας
1259 4292 1356 4346 καὶ
1391 4291 1632 4354 νυκτός.
1682 4289 1752 4342 Ἢ

145 4385 206 4437 es
241 4383 630 4437 ἀδιάπαυστον
657 4383 850 4455 δηλοῦν
887 4385 1136 4453 βούλεται
1158 4425 1172 4446 .
1209 4384 1240 4455 ἢ
1281 4384 1342 4437 τὸ
1379 4383 1488 4436 τῶν
1523 4381 1628 4434 ὑπὸ
1655 4380 1749 4433 τοῦ

1931 3917 2202 3983 Martyres
2245 3916 2339 3971 Dei
2368 3917 2502 3972 dicit
2534 3917 2626 3987 qui
2658 3932 2878 3974 crucem
2917 3919 3124 3976 Christi
3169 3921 3411 3979 tulerunt
3433 3937 3452 3967 ν

1858 4021 1914 4066 et
1949 4021 2180 4066 mortem
2210 4011 2386 4080 ipsius
2430 4011 2628 4065 imitati
2667 4021 2816 4066 sunt.
2851 4011 2987 4068 Nam
3035 4015 3140 4069 hoc
3179 4025 3268 4070 est
3305 4018 3450 4087 quod

1859 4103 2102 4158 laverunt
2151 4104 2316 4159 stolas
2367 4121 2524 4169 snas,
2555 4121 2664 4160 non
2719 4105 2848 4160 alibi
2893 4121 3058 4176 quam
3099 4109 3154 4160 in
3193 4111 3453 4177 sanguine

1861 4197 2020 4267 Agni.

1935 4285 2002 4340 Et
2023 4287 2253 4343 serviunt
2281 4290 2330 4343 ei
2351 4289 2438 4344 die
2463 4305 2528 4343 ac
2553 4298 2722 4346 nocte.
2755 4288 3242 4345 incessabilitatem
3272 4293 3448 4364 signi-

1859 4381 2024 4435 lieare
2073 4380 2188 4434 vult
2219 4390 2315 4435 aut
2346 4381 2736 4435 certitudiuem
2772 4381 3070 4450 gratiarum
3105 4383 3341 4440 actionis
3389 4387 3445 4440 in

143 4476 286 4530 Θεοῦ
343 4477 740 4546 διοικουμένων
817 4479 1174 4533 ἁνενδύαστον
1223 4479 1322 4548 τῆς
1367 4473 1748 4546 εὐχαριστίας,

1862 4471 1942 4527 his
1973 4471 2066 4541 qui
2099 4488 2126 4526 a
2159 4473 2320 4542 717
2355 4471 2467 4526 Deo
2508 4472 2890 4542 gubernantur
2937 4490 2952 4526 :
2997 4474 3114 4530 sive
3157 4476 3446 4533 manifeste

141 4567 210 4621 ἄν
247 4583 310 4619 τε
363 4567 659 4636 πρόδηλοι,
689 4569 754 4622 ἄν
798 4585 858 4620 τε
891 4571 1032 4622 κατὰ
1079 4569 1141 4622 τὸ
1184 4566 1604 4637 ἀνεξερεύνητον
1649 4567 1750 4634 τῆς

143 4660 350 4728 σοφίας
389 4659 556 4713 αὐτοῦ
594 4660 759 4730 βάθος
785 4662 1183 4730 διεξαγόμενοι.
1226 4661 1342 4725 Νὺξ
1367 4660 1478 4732 γὰρ
1506 4661 1624 4711 ἐκεῖ
1649 4658 1750 4710 οὐκ

141 4751 324 4812 ἔστιν.
377 4752 492 4805 ἀλλ’
529 4753 719 4824 ήμέρα
763 4753 881 4824 μία,
923 4753 999 4824 τῷ
1029 4755 1126 4824 τῆς
1173 4753 1522 4819 δικαιοσύνης
1579 4751 1750 4819 Ἡλίῳ

139 4845 777 4916 καταλαμπρυνομένων
804 4847 1082 4900 ἁπάντων.
1121 4845 1281 4910 Ἴσως
1324 4845 1380 4898 δὲ
1412 4846 1508 4911 νὺξ
1547 4845 1747 4896 νοεῖται

137 4937 209 4988 τὰ
251 4937 562 5006 ἀπόκρυφα
620 4939 714 4991 καὶ
756 4937 924 5007 βαθέα
979 4939 1080 5008 τῆς
1131 4937 1388 5004 γνώσεως
1447 4937 1742 5007 μυστήρια,

135 5022 336 5090 ἡμέρα.
371 5022 427 5074 δὲ
464 5025 532 5078 τὰ
584 5023 733 5095 σαφῆ
783 5041 838 5078 τε
889 5026 984 5080 καὶ
1029 5025 1300 5096 εὔληπτα.
1344 5027 1490 5088 Ναὸς
1541 5025 1599 5080 δὲ
1649 5025 1742 5079 τοῦ

137 5113 284 5164 Θεοῦ
319 5113 476 5166 πᾶσα
513 5115 612 5184 μὲν
647 5117 680 5186 ἠ
726 5118 1188 5187 ἀνακαινιζομὲνη
1221 5119 1310 5170 ὑπ’
1352 5116 1522 5171 αὑτοῦ
1569 5117 1745 5181 κτίσις

135 5204 228 5256 διὰ
261 5205 370 5258 τοῦ
398 5206 734 5277 Πνεύματος,
772 5211 1008 5280 μάλιστα
1038 5209 1092 5264 δὲ
1137 5211 1184 5263 oi
1208 5211 1301 5263 τὸν
1322 5211 1618 5282 ἀρραϐῶνα
1647 5209 1742 5263 τοῦ

135 5295 288 5347 Πνεύ
299 5311 476 5364 ματος
505 5295 771 5352 ἄσϐεστον
818 5300 1250 5372 διατηρήσαντες
1271 5341 1285 5363 ,
1315 5297 1396 5364 οἷς
1437 5302 1744 5372 ἐνοικήσειν

133 5389 236 5442 καὶ
266 5390 758 5460 ἐμπεριπατήσειν
788 5391 1153 5462 ἐπήγγελται.

210 5481 306 5534 οὐ
351 5481 754 5537 πεινάσουσιν
783 5483 891 5539 ἔτι.
959 5483 1046 5551 Ἐξ
1093 5484 1282 5554 ἐτέρου
1318 5483 1416 5553 μὲν
1457 5481 1565 5556 γὰρ
1605 5484 1744 5554 πρὸς

129 5574 344 5643 ἕτερον
380 5567 542 5643 ἦλθον
579 5577 886 5647 πειρασμὸν
918 5579 968 5631 οἱ
1007 5577 1152 5646 ἆγιοι
1182 5577 1508 5642 διαπαντὸς,
1538 5575 1738 5648 μᾶλλον

131 5666 190 5718 δὲ
224 5667 280 5718 οἱ
313 5665 386 5730 ἐξ
417 5667 584 5722 ἐθνῶν
613 5670 708 5724 ἐπὶ
739 5673 838 5743 τῆς
875 5671 1182 5742 παρουσίας
1211 5669 1307 5724 τοῦ
1348 5671 1742 5741 ’Λντιχρίστου.

129 5758 304 5812 Μετὰ
329 5757 396 5810 δὲ
419 5759 506 5813 τον
525 5761 765 5817 τοιοῦτον
789 5764 978 5836 καιρὸν
991 5763 1360 5827 ἃδιαλείπτως
1385 5763 1742 5834 κορεσθήσον-

125 5863 226 5900 ται
263 5847 391 5900 τῶν
431 5851 724 5924 ἀμυθήτων
752 5854 974 5923 ἀγαθῶν
995 5897 1008 5920 ,
1057 5855 1218 5925 ἄρτον
1249 5855 1350 5925 μὲν
1385 5853 1601 5925 ἔχοντες
1647 5855 1739 5908 τὸν

1855 4563 1958 4618 hoc
2007 4561 2118 4626 ttat.
2171 4565 2288 4618 sive
2337 4563 2492 4631 juxta
2545 4563 2962 4640 inscrutabilem
3011 4581 3126 4621 suae
3162 4568 3445 4636 sapientiae

1849 4655 2280 4726 profunditatem
2328 4656 2637 4723 dirigantur
2673 4675 2688 4711 :
2733 4673 2839 4711 non
2883 4667 2970 4712 est
3012 4659 3158 4713 enim
3191 4659 3264 4714 ibi
3312 4675 3440 4728 nox,

1849 4750 1945 4804 sed
1983 4750 2102 4805 dies
2133 4765 2240 4803 una
2263 4789 2278 4813 ,
2315 4765 2443 4804 cum
2477 4764 2670 4804 omnes
2723 4765 2754 4804 a
2789 4749 2918 4806 Sole
2959 4752 3190 4821 iustitia:
3237 4753 3442 4810 illumi-

1850 4850 2071 4896 nentur.
2105 4841 2382 4898 Fortassis
2431 4852 2614 4897 autem
2659 4857 2756 4913 per
2803 4853 3018 4899 noctem
3065 4846 3442 4919 intelliguntur

1847 4935 2061 4990 occulta
2089 4950 2154 4990 ac
2193 4934 2462 5004 profunda
2505 4934 2784 5003 sapientia:
2821 4937 3104 5007 mysteria,
3141 4953 3238 5008 per
3291 4939 3438 4994 diem

1848 5039 1980 5079 vero
2024 5023 2312 5080 manifesta
2355 5023 2624 5094 facileque
2677 5027 3220 5096 comprehensibilis.
3265 5028 3440 5086 Porro

1847 5116 1942 5170 Dei
1983 5115 2242 5184 templum
2273 5125 2356 5170 est
2384 5117 2568 5172 omnis
2597 5126 2851 5172 creatura
2879 5135 3002 5190 qua:
3033 5119 3102 5174 ab
3136 5121 3256 5189 ipso
3280 5137 3440 5176 reuo-

1847 5217 2008 5261 vatur
2033 5221 2130 5276 per
2159 5207 2423 5275 Spiritum
2455 5223 2469 5261 :
2505 5209 2744 5262 maxime
2781 5223 2914 5262 vero
2941 5211 3034 5279 qui
3067 5212 3436 5265 arrhabonem

1849 5299 2114 5368 Spiritum
2149 5305 2539 5363 servaverunt,
2575 5299 2627 5352 in
2671 5299 2872 5368 quibus
2903 5313 2964 5356 se
2997 5300 3436 5356 inhabitaturum

1845 5399 1901 5446 ct
1928 5389 2396 5443 iuambulaturum
2435 5389 2710 5458 pollicitus
2737 5399 2844 5445 est.

1917 5485 2040 5539 Non
2103 5485 2358 5539 esurient.
2419 5483 2648 5555 Semper
2701 5485 2922 5557 quidem
2975 5487 3150 5544 sancti
3209 5503 3274 5542 ex
3331 5489 3436 5544 alia

1850 5577 2148 5632 aﬂlictione
2176 5588 2571 5648 processerunt
2596 5579 2662 5634 ad
2705 5579 2890 5644 aliam,
2925 5581 3099 5650 magis
3129 5591 3310 5636 tamen
3340 5581 3436 5652 qui

1846 5688 1910 5727 es
1950 5671 2208 5742 gentibus
2256 5671 2480 5727 fuerunt
2515 5673 2570 5728 in
2607 5674 2844 5728 adventu
2891 5673 3213 5729 Antichristi
3247 5691 3261 5726 :
3312 5685 3438 5742 post

1843 5765 1975 5818 illud
2009 5773 2192 5818 autem
2230 5773 2449 5835 tempus
2478 5766 2597 5820 sine
2644 5765 3058 5821 intermissione
3088 5766 3439 5822 satiabuntur

1845 5855 2308 5911 inenarrabilihus
2335 5857 2492 5912 bouis
2525 5874 2538 5910 :
2565 5871 2759 5928 panem
2787 5855 3006 5926 quidem
3036 5855 3300 5914 habentes
3328 5873 3440 5914 cm-
