4110 6458
303 441 414 504 C13

1377 438 1772 500 COMMENT.
1823 439 1900 498 IN
1943 439 2469 500 APOCALYPSIN.

3482 447 3595 508 6M

303 551 482 619 γέλων
499 545 679 618 ἡμῶν,
706 548 762 601 αἳ
787 547 947 616 φύσει
973 545 1076 616 μὲν
1109 547 1246 598 εἰσὶν
1269 546 1515 610 εὐώδεις,
1541 547 1896 616 εὖωδέστεροι

2007 547 2162 601 nobis
2217 557 2476 616 praesunt,
2527 546 2693 617 719
2741 555 3000 618 tanquam
3043 551 3294 618 pretiosa:
3343 556 3595 622 primitia:

303 643 364 694 δὲ
397 641 641 709 γίνονται
670 641 738 710 τῇ
777 637 874 690 τοῦ
918 637 1391 708 μεταχειρίζοντος
1437 639 1640 700 ταύτας
1667 638 1902 704 ἀγγέλου

307 731 596 802 συνεργία.
645 729 904 801 ᾘτοῦντο
955 730 1012 782 δὲ
1060 730 1147 782 διὰ
1180 731 1278 798 τῆς
1328 730 1676 798 παγκοσμίου
1717 724 1904 782 συντε-

305 823 481 884 λείας,
507 824 630 884 ταῖς
657 821 754 890 μὲν
774 823 1180 890 τιμωρητικαίς
1214 821 1438 890 μάστιξι
1469 823 1590 882 ταῖς
1623 821 1765 874 κατὰ
1795 821 1903 873 τῶν

305 917 586 970 δυςιτεϐὦν
609 919 701 969 καὶ
727 916 1062 986 παρανόμων
1079 915 1242 979 ἀξῗως
1267 914 1721 984 ἡτοιμασμέναις,
1752 911 1903 979 λῆξιν

307 1009 376 1078 τῇ
407 1005 672 1076 συντομία
697 1005 798 1072 τῆς
828 1007 1100 1074 ἐπιφορᾶς
1140 1005 1238 1072 τῆς
1267 1004 1566 1066 κακώσεως
1596 1019 1901 1072 πρυτανευ-

309 1098 488 1167 θῆναι.
515 1097 695 1149 καὶτὸ
728 1097 805 1166 μὴ
838 1097 973 1167 πρὸς
1003 1096 1258 1159 πλείονας
1295 1095 1620 1164 ἀνθρώπους
1656 1094 1904 1163 διαδοθῆ-

309 1201 422 1240 ναι·
453 1189 662 1250 ἑαυτοῖς
688 1187 746 1240 δὲ
771 1187 866 1239 τὸν
895 1186 982 1240 διὰ
1025 1187 1126 1256 τῆς
1154 1187 1459 1256 παρουσίας
1491 1187 1584 1239 τοῦ
1620 1185 1904 1250 άξιονίκως

307 1278 379 1329 τὰ
413 1278 622 1330 ἔπαθλα
649 1279 928 1347 διανέμειν
961 1279 1164 1341 εἰδότος
1193 1282 1308 1342 τοῖς
1337 1280 1396 1332 ὲν
1428 1277 1506 1347 τῷ
1533 1278 1760 1347 παρόντι
1804 1277 1904 1346 βίῳ

309 1371 451 1439 ὑπὲρ
480 1371 682 1441 ἀρετῆς
709 1373 1187 1440 παγκρατιασταῖς
1219 1371 1432 1441 μισθὸν,
1457 1371 1655 1432 οἵτινες
1683 1371 1784 1421 οὐκ
1808 1369 1903 1423 ἄλ-

305 1462 412 1526 λοι,
455 1463 486 1531 ἢ
532 1456 678 1514 οὗτοι
707 1462 756 1514 οί
793 1463 885 1516 τὸν
925 1461 1223 1534 ἀθλοθέτην
1259 1465 1316 1515 ἐν
1351 1465 1464 1525 τοῖς
1501 1463 1712 1520 ἑαυτῶν
1743 1465 1902 1530 δοξά-

309 1569 506 1618 σαντες
541 1551 771 1622 σώμασι.

379 1740 492 1794 Καὶ
522 1739 710 1805 ἄλλος
755 1740 1012 1808 ἅγγελος
1054 1736 1225 1809 ἦλθε,
1259 1741 1357 1794 καὶ
1399 1739 1626 1805 ἐστάθη
1669 1739 1769 1796 ἐπὶ
1795 1739 1903 1793 τοῦ

303 1833 786 1899 θυσιαστηρίου,
845 1832 1004 1899 ἔχων
1058 1832 1392 1886 λιϐανωτὸν
1443 1831 1750 1899 χρυσοῦν,
1804 1831 1900 1884 καὶ

2005 635 2120 690 sive
2147 636 2370 706 fruges:
2409 653 2532 705 qua:
2570 647 2764 706 suapte
2803 639 3028 708 quidem
3065 653 3260 695 natura
3304 655 3431 699 sunt
3461 646 3597 699 odu-

2005 725 2221 792 riferm,
2259 730 2436 799 magis
2485 741 2666 783 tamen
2699 729 3008 800 fragrantes
3061 735 3367 789 redduntur
3421 739 3600 806 angill

2004 819 2098 886 qui
2125 834 2221 872 eas
2253 827 2448 872 tractat
2477 820 2703 872 auxilio.
2743 819 3007 874 Petebant
3037 833 3220 876 autem
3257 834 3315 876 ut
3345 843 3438 892 per
3471 829 3599 880 uni-

2003 910 2274 962 versalem
2303 911 2490 963 mundi
2521 914 3082 976 consummationem,
3121 917 3381 984 pnnitivis
3407 919 3594 986 ﬂagel-

2006 1001 2074 1056 lis
2112 1001 2376 1056 adversus
2409 1003 2607 1071 impios
2645 1013 2700 1056 et
2745 1011 3186 1072 transgressores
3231 1009 3427 1062 merito
3465 1027 3602 1080 pia:—

2004 1094 2250 1160 paratis,
2333 1091 2459 1147 ﬁnis
2526 1095 2890 1148 adduceretur
2949 1097 3362 1152 abhreviatioue
3438 1101 3599 1154 illane

2005 1183 2344 1248 afﬂictionis,
2373 1201 2550 1254 neque
2577 1188 2641 1238 ad
2675 1187 2858 1255 plures
2879 1186 3133 1240 homines
3159 1193 3552 1258 pet-transirent
3583 1211 3597 1245 :

2006 1276 2254 1345 sibiipsis
2289 1289 2470 1330 autem
2515 1279 2820 1330 mercedem
2855 1279 3208 1347 postulabant
3257 1297 3352 1348 per
3391 1285 3602 1337 adven-

2007 1377 2120 1421 tum
2156 1369 2332 1432 illius,
2367 1369 2460 1438 qui
2497 1370 2636 1422 solet
2680 1371 3029 1426 certantibus
3083 1374 3135 1424 in
3195 1377 3448 1440 prmsenti
3487 1379 3596 1431 vita

2005 1474 2103 1527 pro
2133 1460 2338 1514 virtute
2365 1460 2590 1528 praemia
2618 1459 2776 1527 juxta
2825 1459 3064 1514 victoria:
3104 1461 3426 1530 dignitatem
3459 1465 3602 1518 uixi—

2005 1551 2135 1604 dere
2162 1571 2173 1605 :
2206 1565 2376 1620 porro
2399 1551 2672 1604 luctantes
2702 1567 2811 1603 nun
2841 1551 2931 1604 alii
2952 1561 3260 1620 suntquam
3293 1555 3328 1607 ii
3357 1557 3448 1623 qui
3469 1572 3601 1624 ago-

2005 1642 2268 1696 notheten
2299 1641 2416 1698 suis
2446 1641 2827 1710 gloriﬁcarnnt
2856 1644 3210 1711 corporibus.

2083 1730 2217 1795 VIII,
2265 1733 2388 1786 5-6.
2439 1731 2510 1785 Et
2543 1735 2686 1786 alius
2721 1733 2940 1804 angelus
2977 1735 3115 1787 venit
3170 1743 3222 1788 et
3260 1738 3607 1789 stetitsnoer

1991 1825 2182 1879 altare
2210 1824 2406 1879 habens
2449 1827 2779 1879 thuribulnm
2811 1843 3032 1880 aureum
3065 1843 3084 1879 :
3112 1837 3160 1879 et
3192 1827 3321 1880 data
3357 1837 3478 1881 sunt
3524 1828 3606 1881 illi

303 1919 486 1985 ἐδόθη
540 1919 700 1984 αὐτῷ
751 1919 1088 1990 θυμιάματα
1141 1921 1378 1988 πολλὰ,
1425 1923 1524 1975 ἵνα
1567 1921 1736 1990 δώσιι
1769 1922 1900 1986 ταῖς

2007 1921 2222 1972 incensa
2253 1918 2444 1978 multa,
2490 1927 2550 1971 ut
2593 1919 2742 1971 daret
2768 1919 3102 1970 orationibus
3144 1929 3452 1972 sanctorum
3492 1935 3610 1972 ont-

306 2011 682 2079 προσευχαῖς
713 2010 832 2066 τῶν
862 2013 1048 2081 ἁγίων
1075 2011 1319 2066 πάντων
1346 2012 1444 2068 ἐπὶ
1477 2015 1542 2066 τὸ
1576 2013 1906 2078 θυσιαστή-

299 2121 440 2172 ριον
489 2103 556 2156 τὸ
607 2105 882 2173 χρυσοῦν
927 2106 992 2158 τὸ
1033 2105 1290 2159 ἐνώπιον
1337 2107 1444 2160 τοῦ
1493 2107 1732 2174 θρόνου.
1789 2107 1904 2162 Καὶ

305 2193 492 2262 ἀνέϐη
513 2199 548 2250 d
567 2197 800 2263 καπνὸς
827 2196 946 2251 τῶν
965 2201 1350 2268 θυμιαμάτων
1371 2197 1502 2264 ταῖς
1527 2199 1900 2268 προσευχαῖς

306 2285 430 2340 τῶν
452 2289 658 2357 ἁγίων,
695 2290 764 2343 ὲκ
807 2291 1004 2360 χειρὸς
1035 2291 1142 2344 τοῦ
1192 2291 1453 2360 ἀγγέλου
1494 2291 1751 2346 ἐνώπιον
1791 2291 1900 2346 τοῦ

2011 2014 2179 2075 nium,
2205 2029 2364 2080 super
2381 2011 2555 2064 altare
2579 2029 2797 2064 aurcunt
2825 2053 2838 2074 ,
2862 2013 3002 2080 quod
3033 2022 3148 2064 erat
3179 2023 3301 2066 ante
3336 2015 3605 2066 thronum.

2009 2101 2080 2154 Et
2109 2103 2344 2155 ascendit
2372 2103 2548 2171 fumus
2578 2103 2910 2156 incensurum
2955 2119 3072 2156 cum
3116 2105 3360 2172 precibus
3390 2115 3604 2159 sancto-

2007 2209 2146 2254 rum,
2181 2193 2244 2246 de
2270 2209 2432 2246 manu
2461 2194 2635 2262 angeli
2669 2209 2850 2246 coram
2884 2193 3014 2247 Dea.
3057 2193 3122 2247 Et
3155 2197 3356 2264 accepit
3388 2195 3606 2265 angulus

2005 2285 2332 2339 thuribulan
2370 2301 2388 2339 :
2418 2295 2466 2338 et
2493 2285 2726 2355 implevit
2757 2285 2894 2339 illud
2919 2287 2982 2339 de
3011 2287 3132 2355 igne
3160 2287 3373 2351 altaris,
3405 2297 3454 2342 et
3483 2305 3606 2358 pro-

308 2376 479 2432 Θεοῦ.
520 2377 630 2432 Καὶ
659 2379 912 2448 εἴληφεν
953 2385 986 2433 ὀ
1009 2379 1264 2448 ἅγγελος
1286 2381 1394 2432 τὸν
1419 2379 1774 2444 λιϐανωτὸν,
1793 2378 1896 2432 καί

2007 2377 2124 2441 iecit
2159 2379 2212 2429 in
2242 2387 2438 2430 terram
2473 2393 2491 2430 .'
2523 2378 2771 2447 factaque
2822 2387 2944 2432 sunt
2997 2379 3236 2432 tonitrua
3281 2391 3330 2433 et
3366 2380 3606 2449 fulgura.

303 2468 589 2535 ἐγέμισεν
613 2470 802 2524 αὐτὸν
823 2469 892 2523 ἐκ
925 2469 1030 2523 τοῦ
1065 2472 1258 2537 πυρὸς
1288 2469 1395 2524 τοῦ
1425 2469 1898 2536 θυσιαστηρίου,

305 2557 408 2610 καί
456 2558 674 2612 ἔϐαλεν
705 2561 795 2624 εις
826 2560 944 2628 τὴν
969 2559 1118 2628 γῆν,
1165 2561 1263 2614 xal
1325 2559 1606 2628 ἐγένοντο
1649 2559 1906 2627 ,ϐρονταὶ

2009 2469 2076 2522 Et
2112 2477 2306 2538 septem
2344 2469 2518 2538 angeli
2551 2470 2797 2522 habentes
2847 2479 3041 2538 septem
3088 2472 3242 2524 tubas
3274 2489 3608 2541 pra'p'trave-

2011 2568 2134 2611 rnnt
2161 2575 2215 2611 se
2239 2567 2294 2609 ut
2331 2559 2456 2611 tuba
2481 2567 2749 2612 canerent.

305 2651 406 2704 καὶ
435 2653 756 2721 ἀστραπαί.
783 2656 888 2709 Καὶ
915 2658 970 2709 οἱ
996 2655 1147 2710 ἑπτὰ
1170 2655 1414 2724 ἄγγελοι
1445 2659 1500 2710 ot
1527 2657 1775 2724 ἔχοντες
1822 2654 1931 2720 τὰς
1969 2653 2124 2707 ἑπτὰ
2172 2651 2522 2721 σάλπιγγας
2551 2692 2566 2717 ,
2600 2653 2942 2721 ἡτοίμασαν
3005 2653 3261 2720 ἑαυτοὺς
3293 2655 3394 2707 ἵνα
3443 2658 3564 2708 σαλ
3583 2685 3608 2694 -

305 2746 558 2802 almum.

383 2839 456 2892 Τὸ
509 2839 894 2909 θυσιαστήριον
945 2841 1104 2894 τοῦτο
1145 2842 1172 2893 ὁ
1207 2843 1448 2912 Χριστός
1510 2844 1695 2908 ἐστιν,
1745 2843 1804 2895 ἐν
1856 2834 1902 2909 ᾧ

309 2933 465 3000 πᾶσα
495 2933 846 3002 λειτουργικὴ
883 2936 978 2987 καὶ
1009 2935 1144 3001 ἁγία
1186 2936 1487 3004 συνέστηκε
1519 2936 1758 3001 σύνοδος,
1808 2937 1904 2989 καὶ

315 3023 657 3093 μαρτυρικαὶ
705 3022 888 3076 θυσίαι
923 3025 1328 3094 προσάγονται,
1385 3019 1445 3079 οὗ
1502 3021 1572 3096 ἦν
1626 3025 1798 3089 τύπος
1841 3026 1902 3080 τὸ

311 3115 526 3184 δειχθὲν
578 3117 636 3168 ἐν
674 3117 742 3186 τῇ
799 3118 974 3186 σκηνῇ
1025 3115 1415 3186 θυσιαστήριον
1453 3119 1511 3170 ὲν
1547 3119 1627 3189 τῷ
1663 3117 1780 3186 ὄρει
1822 3119 1900 3189 τῷ

311 3205 546 3275 litabat}.
580 3205 660 3258 Τὰ
681 3204 739 3257 δὲ
769 3205 1113 3274 θυμιάματα,
1138 3208 1194 3259 αἱ
1223 3209 1530 3277 προσευχαὶ
1563 3207 1673 3260 τῶν
1704 3209 1899 3275 ἁγίων,

309 3286 396 3354 οἷς
427 3293 682 3346 εὐκταῖον
711 3295 762 3347 εἰ
797 3311 852 3347 τι
885 3293 981 3348 καὶ
1022 3294 1152 3348 ἄλλο
1183 3295 1262 3364 τῷ
1295 3297 1418 3364 Θεῷ
1453 3296 1814 3366 προσαχθείη,
1845 3299 1904 3348 ὲν

315 3384 488 3454 μοίρᾳ
521 3384 882 3454 θυμιαμάτων
914 3386 1068 3455 αὐτῷ
1107 3387 1464 3457 λογισθῆναι,
1497 3389 1592 3440 τοῦ
1627 3389 1903 3459 μοχθηροῦ

311 3474 506 3528 τούτου
540 3477 634 3528 καὶ
669 3474 939 3539 δυσώδους
985 3476 1102 3546 βίου
1153 3478 1230 3547 τῷ
1277 3480 1410 3549 πυρὶ
1457 3479 1560 3547 τῆς
1611 3481 1692 3542 εἰς
1741 3481 1906 3533 αὐτὸν

311 3567 537 3636 ἀγάπης
593 3567 1034 3636 ἐξατμισθέντος.
1090 3570 1339 3639 Τοσαύτη
1387 3571 1497 3639 γάρ
1549 3574 1580 3641 ὴ
1635 3573 1765 3639 περὶ
1813 3572 1904 3623 τὸν

311 3657 554 3726 Χριστὸν
577 3659 764 3728 ἀγάπη
793 3659 856 3711 τὸ
889 3658 1010 3722 ζέον
1036 3655 1150 3728 εἶχε
1179 3660 1276 3714 καὶ
1303 3661 1586 3731 διάπυρον,
1615 3662 1692 3724 ὡς
1727 3663 1904 3716 πάντα

313 3747 632 3816 ἡγήσασθαι
653 3749 722 3802 τὰ
738 3750 832 3802 τοῦ
855 3751 1124 3817 παρόντος
1153 3751 1348 3814 αἰῶνος
1372 3753 1604 3822 τερπνὰ,
1635 3754 1901 3816 σκύϐαλα,

317 3840 484 3910 μόνον
515 3840 600 3891 ἵνα
629 3841 851 3910 Χριστῷ
881 3841 956 3910 τῷ
987 3841 1108 3910 Θεῴ
1137 3843 1445 3896 άποδοθῶσι
1493 3847 1748 3898 συνεῖναι.
1785 3847 1900 3896 Καρ

315 3929 454 3980 πνὸν
476 3930 532 3982 δὲ
553 3931 822 4001 ἀναϐῆναι
847 3934 956 3985 ἀπὸ
980 3933 1080 4001 τῆς
1103 3933 1213 3986 τῶν
1241 3934 1604 4003 θυμιαμάτων
1629 3937 1903 4004 ἐντυχίας,

313 4022 400 4074 ὅτι
426 4023 648 4085 καπνὸς,
671 4024 842 4094 ὀργῆς
871 4027 1199 4097 τεκμήριον,
1225 4026 1300 4089 ὡς
1325 4028 1420 4080 καὶ
1439 4029 1498 4080 ἐν
1525 4027 1622 4098 τῷ,
1650 4047 1668 4079 ι
1711 4029 1904 4098 ’Λνέὅη

313 4112 530 4173 καπνὸς
559 4115 618 4166 ὲν
653 4113 794 4183 ὀργῇ
824 4113 1012 4168 αὐτοῦ.
1053 4133 1073 4166 ι
1111 4115 1281 4170 Τοῦτο
1302 4113 1395 4170 οὖν
1419 4117 1480 4171 οὐ
1513 4118 1581 4171 δι’
1608 4119 1738 4172 ἄλλο
1767 4136 1905 4188 συμ-

315 4203 482 4273 ϐῆναι
529 4199 965 4275 ἐσχημάτισται,
1011 4208 1045 4277 ἢ
1099 4209 1194 4262 τοῦ
1255 4209 1534 4280 δειχθῆναι
1587 4211 1748 4282 χάριν
1809 4212 1906 4264 καὶ

317 4297 708 4365 ῳανερωθῆναι
739 4299 799 4350 τὸ
825 4303 922 4369 τῆς
953 4301 1176 4372 ἀγάπης
1205 4303 1472 4372 διάπυρον
1504 4304 1613 4356 τῶν
1645 4306 1817 4372 ἁγίων
1844 4306 1906 4358 τὸ

315 4386 452 4455 περὶ
493 4386 584 4438 τὸν
617 4388 853 4455 Χριστὸν
886 4391 960 4452 ὡς
989 4391 1102 4461 πῦρ
1143 4392 1177 4462 ἢ
1211 4393 1302 4446 τὸν
1341 4394 1534 4465 θυμὸν,
1574 4395 1649 4456 ὡς
1697 4399 1905 4450 καπνὸν

308 4478 362 4528 ὼ
373 4496 390 4538 ς
424 4479 518 4530 καὶ
541 4478 721 4532 αὐτῶν
749 4481 846 4550 τῆς
864 4483 1033 4552 αὐτῆς
1055 4487 1168 4544 τοῖς
1197 4487 1452 4554 ἀγγέλοις
1474 4488 1691 4553 φύσεως
1713 4491 1905 4560 λαχόν-

2083 2838 2270 2891 Altare
2309 2839 2414 2893 hoc
2453 2837 2709 2895 Christus
2761 2851 2842 2895 est
2893 2841 2948 2895 in
2998 2857 3110 2912 quo
3157 2843 3262 2897 sita
3300 2851 3384 2897 est
3425 2845 3608 2898 omnis

2009 2941 2197 2985 sancta
2233 2945 2298 2984 ac
2344 2931 2728 2986 ministerialis
2775 2933 3024 3003 synodus
3048 2973 3063 2998 ,
3100 2945 3154 2987 et
3183 2935 3248 2987 ad
3283 2935 3430 3004 quod
3460 2953 3610 2989 mar-

2009 3029 2190 3090 tyrum
2228 3023 2468 3077 victimae
2497 3024 2871 3090 adducuntur,
2907 3025 3070 3094 cujus
3096 3037 3253 3094 tvpus
3272 3037 3390 3080 erat
3421 3037 3610 3082 osten-

2007 3127 2132 3166 sum
2167 3111 2304 3166 Mosi
2341 3115 2397 3168 in
2425 3123 2612 3168 monte
2639 3115 2810 3168 altare
2829 3115 2974 3182 quod
2999 3123 3118 3168 erat
3143 3114 3196 3167 in
3224 3116 3604 3170 tabernaculo.

2007 3203 2179 3258 Porro
2241 3204 2466 3260 incensa
2531 3207 2647 3260 sive
2705 3207 3062 3276 thymiamata
3131 3215 3262 3261 sunt
3325 3209 3606 3263 orationes

2007 3307 2349 3361 sanctorum,
2381 3299 2586 3367 quibus
2617 3299 2669 3352 in
2709 3299 2852 3353 votis
2885 3307 2968 3352 est
3004 3299 3050 3353 si
3081 3299 3211 3368 quid
3259 3300 3424 3354 etiam
3456 3301 3606 3356 aliud

2009 3389 2081 3441 sit
2125 3390 2271 3457 quod
2323 3389 2431 3444 Deo
2467 3391 2652 3444 olIcrri
2689 3392 2885 3460 possit,
2939 3393 2994 3444 in
3047 3403 3204 3461 parte
3254 3393 3602 3446 incensorqu

2007 3477 2112 3547 ipsi
2163 3495 2449 3534 recensere
2501 3499 2514 3534 :
2564 3481 2834 3551 ﬂagitiosa
2884 3482 2985 3535 hac
3017 3491 3073 3536 et
3117 3482 3451 3551 graveoleuti
3495 3485 3602 3537 vita

2009 3565 2132 3634 igne
2182 3569 2388 3621 amoris
2444 3584 2572 3639 erga
2627 3572 2806 3639 ipsum
2860 3583 3158 3642 evaporala
3205 3581 3412 3626 :tanla
3453 3575 3601 3626 enim

2007 3657 2230 3710 dilectio
2257 3674 2386 3727 erga
2416 3659 2698 3714 Christntn
2727 3661 2918 3716 habuit
2943 3661 3218 3715 fervorem
3245 3672 3297 3715 et
3321 3663 3602 3726 ardorem,

2007 3751 2145 3804 adeo
2199 3759 2260 3803 ut
2297 3751 2584 3805 universas
2635 3753 2926 3820 praesentis
2957 3753 3086 3805 vitae
3121 3753 3353 3807 delicias
3397 3755 3600 3808 rudera

2006 3859 2128 3897 esse
2157 3843 2445 3906 lIllCt‘l‘t‘llI,
2479 3843 2658 3895 solum
2697 3859 2804 3911 ιπηι-
2829 3859 2893 3896 eo
2919 3853 2976 3895 ul.
3010 3844 3089 3897 eis
3118 3845 3461 3912 contingeret
3495 3859 3604 3896 Una

2005 3949 2130 3986 cum
2163 3931 2386 3986 Christo
2421 3933 2530 3988 Deo
2556 3933 2720 3987 vitam
2753 3949 2930 4002 agerc.
2957 3933 3168 3987 Fulnns
3200 3943 3380 3987 autem
3415 3951 3606 3988 ascen-

2007 4024 2150 4077 dita
2179 4025 2580 4094 supplicatione
2625 4026 3016 4091 incensurum,
3063 4027 3194 4095 quia
3241 4024 3426 4080 fumus
3463 4028 3602 4079 iram

2005 4119 2288 4188 designat.
2321 4119 2462 4172 sicut
2503 4119 2555 4172 in
2601 4134 2667 4171 eo
2697 4119 2817 4173 loco
2857 4119 2946 4172 ubi
3005 4119 3240 4172 dicitur:
3283 4138 3302 4168 ι
3345 4120 3604 4172 Ascendit

2008 4208 2196 4262 fumus
2243 4211 2298 4262 in
2351 4209 2428 4262 ira
2483 4211 2602 4277 eius
2629 4210 2696 4263 "'.
2743 4229 2762 4261 ι
2801 4209 2914 4264 Hoc
2955 4211 3122 4279 igitur
3175 4227 3282 4264 non
3327 4215 3395 4263 ob
3451 4213 3601 4265 aliud

2006 4301 2305 4368 centigisse
2345 4300 2638 4368 ﬁguratum
2678 4310 2787 4363 est,
2826 4301 2930 4354 nisi
2963 4313 3021 4354 ut
3051 4303 3434 4356 ostenderetur
3474 4319 3604 4370 gra-

2010 4391 2106 4456 tia,
2141 4401 2194 4445 et
2226 4393 2672 4445 Inanil'estaretur
2729 4391 2896 4445 ardor
2936 4393 3252 4447 dilectionis
3279 4405 3600 4448 sanctorum

2007 4480 2062 4534 in
2097 4482 2318 4536 modum
2348 4481 2490 4550 ignis
2519 4497 2647 4553 erga
2673 4482 2978 4546 Christum,
3013 4484 3176 4553 720
3207 4493 3302 4538 aut
3331 4485 3478 4553 quod
3515 4488 3596 4540 ira

307 4589 450 4636 των,
479 4573 540 4624 οὐ
568 4574 704 4644 πρὸς
729 4574 924 4642 ὁμοίαν
953 4575 1012 4626 δὲ
1039 4576 1252 4640 τούτοις
1291 4580 1656 4650 εὐαρέστησιν
1683 4581 1780 4635 τοῦ
1811 4599 1902 4634 πε-

2012 4589 2202 4628 eorum
2251 4586 2511 4643 tauquam
2559 4575 2743 4630 lutnus
2769 4577 3031 4630 ascendat
3065 4594 3077 4629 :
3111 4577 3268 4646 quasi
3303 4579 3441 4647 ipsi,
3475 4595 3600 4632 rum

309 4665 606 4734 ποιηκότος
631 4668 1168 4725 κατεσπουδακότων.

401 4931 500 4984 Ἐκ
551 4933 750 5002 χειρὸς
791 4933 896 4988 τοῦ
939 4935 1222 5006 ἀγγέλου.
1285 4940 1451 5012 ὐρᾷς
1489 4943 1570 4997 ὃτι
1608 4945 1762 5016 παρὰ
1807 4949 1901 5004 τοῦ

307 5024 784 5096 ἀγγέλουέὺπῆρξε
808 5027 869 5080 τὸ
891 5029 1262 5102 εὐωδεστέρας
1285 5034 1382 5096 τὰς
1405 5036 1572 5105 εὐχὰς
1596 5039 1706 5092 τῶν
1729 5041 1904 5108 ἁγίων

307 5115 596 5182 γενέσθαι,
630 5117 725 5170 καὶ
750 5117 907 5182 ἀξίας
936 5119 1031 5172 τοῦ
1065 5123 1532 5192 προσκομίζεσθαι
1551 5128 1784 5186 ἐνώπιον
1804 5131 1901 5186 τοῦ

305 5207 452 5262 Θεοῦ
481 5225 496 5274 ;

386 5299 498 5354 Καί
551 5300 805 5367 εἴληφεν
851 5303 884 5354 ό
938 5301 1196 5370 ἅγγελος
1239 5307 1346 5359 τόν
1391 5310 1742 5366 λιϐανωτόν.
1801 5313 1905 5366 Τὸν

301 5391 612 5443 λιϐανωτιν
651 5391 736 5443 ὅτι
787 5392 1145 5465 θυμιατήριον
1183 5396 1433 5466 βούλεται
1463 5400 1677 5470 δηλοῦν,
1711 5407 1805 5456 καὶ
1843 5405 1904 5458 τὸ

305 5484 703 5552 θυσιαστήριον
721 5484 812 5538 τὸν
837 5485 1095 5556 Χριστὸν,
1122 5489 1218 5541 καὶ
1236 5491 1326 5543 τὸν
1348 5493 1576 5559 καπνὸν,
1599 5498 1690 5548 τὸν
1709 5495 1899 5568 θυμὸν,

307 5578 409 5630 καὶ
435 5576 497 5628 τὸ
530 5575 642 5646 πῦρ
670 5575 732 5627 τὸ
757 5577 866 5630 ἀπὸ
893 5577 989 5632 τοῦ
1020 5577 1430 5652 θυσιαστηρίου,
1464 5585 1523 5638 τὸ
1551 5585 1816 5655 διάπυρον
1845 5589 1904 5640 τὸ

306 5669 448 5740 περὶ
489 5665 582 5719 τὸν
613 5665 746 5721 Θεὸν
787 5668 898 5722 τῶν
937 5668 1108 5739 ἁγίων
1157 5671 1590 5742 προεξετασθὲν,
1625 5677 1902 5746 ἐχομένως

388 5847 437 5880 ³⁵
481 5845 625 5900 Psal.
662 5865 792 5915 xvn,
827 5854 876 5905 υ.

2012 4669 2260 4722 eamdem
2289 4685 2412 4721 eum
2445 4669 2654 4738 angelis
2681 4670 2862 4724 sortiti
2898 4670 3012 4723 sint
3055 4680 3340 4733 naturam,
3371 4685 3476 4722 non
3503 4687 3602 4723 eo-

2015 4760 2128 4812 nati
2161 4761 2270 4814 sint
2305 4771 2568 4830 prmstare
2603 4763 2852 4816 eamdem
2887 4778 3010 4816 cum
3043 4763 3130 4818 bis
3159 4764 3329 4816 animi
3361 4763 3602 4831 placabi-

2010 4852 2238 4906 litatetn.

2085 4944 2163 4999 De
2193 4961 2352 4998 manu
2383 4947 2578 5016 angeli.
2605 4945 2768 5002 Vides
2791 4948 2934 5017 quod
2959 4947 3028 5002 ab
3057 4948 3252 5019 angelo
3278 4948 3604 5018 proveniant

2013 5049 2073 5092 ut
2112 5040 2383 5092 suavioris
2421 5041 2532 5094 sint
2562 5041 2876 5110 fragrantia:
2909 5055 3098 5109 preces
3149 5051 3502 5105 sanctorum,
3535 5057 3602 5096 ac

2011 5131 2190 5202 digna:
2217 5133 2328 5186 sint
2363 5143 2423 5186 ut
2453 5133 2774 5187 deferantur
2806 5149 2990 5186 coram
3027 5131 3174 5186 Deo?

2085 5311 2154 5364 Et
2179 5313 2378 5378 accepit
2403 5309 2618 5380 angelus
2649 5307 3119 5366 tlturibulutn.Per
3147 5309 3444 5363 λιϐανωτὸν
3470 5325 3595 5363 eum

2013 5420 2114 5474 pro
2141 5404 2420 5460 thuribulo
2441 5411 2710 5472 capiatur,
2743 5413 2796 5456 et
2820 5404 2947 5458 item
2982 5418 3076 5471 per
3099 5403 3270 5456 altare
3295 5403 3594 5472 signiﬁcari

2011 5497 2293 5552 Christum
2329 5515 2343 5548 :
2377 5512 2474 5566 per
2491 5496 2704 5550 humum
2734 5511 2862 5549 vero
2895 5495 3052 5554 iram.
3085 5509 3180 5564 per
3209 5497 3386 5566 ignem
3414 5505 3594 5550 autem

2013 5590 2106 5658 qui
2151 5592 2222 5644 ab
2251 5587 2410 5643 altari
2439 5589 2700 5650 sumitur,
2733 5587 2986 5642 ardorem
3031 5587 3126 5656 qui
3167 5597 3254 5641 est
3299 5587 3352 5640 in
3385 5593 3596 5643 sanctis

2013 5697 2140 5752 erga
2175 5680 2368 5745 Deum,
2403 5680 2566 5750 paulo
2601 5693 2726 5736 autc
2757 5679 3086 5750 inquirendo
3117 5681 3458 5749 proltositnm
3489 5691 3593 5736 est.
