4110 6416
588 403 694 468 615

1434 397 1765 459 ARETH/E
1799 392 2178 457 CAESARE/‘8
2218 388 2705 451 CAPPADOCUE
2744 390 3085 452 EPISCOPI
3766 394 3859 460 (illi

592 514 763 569 Porro
791 511 937 582 quod
980 508 1256 580 proiectus
1291 509 1362 563 sit
1402 509 1454 562 in
1497 518 1701 563 terram
1755 507 1824 562 ah
1858 505 2053 576 angelo
2086 502 2179 573 qui

2296 500 2702 569 παρατέθειται.
2736 500 2811 553 Τὸ
2838 500 2895 553 δὲ
2921 501 3014 554 ἐπὶ
3045 500 3145 571 τὴν
3172 498 3274 570 γῆν
3290 498 3600 570 οὲκχεθῆναι
3636 504 3740 571 πρὸ
3776 508 3860 561 τοῦ

592 603 847 672 supplicii
895 601 1142 655 minister
1194 609 1312 654 erat
1360 598 1582 653 divinus
1619 599 1707 652 hic
1760 597 1934 666 ignis,
1984 594 2182 649 similis

592 702 816 763 apparet
842 691 952 758 igni
987 688 1288 743 Ezechielis
1322 690 1524 763 sumpti
1551 688 1619 742 de
1650 702 1817 741 manu
1859 683 2181 747 Cherubim,

593 762 685 853 qui
722 793 982 852 acoeptus
1004 781 1223 851 quidem
1258 780 1360 834 fuit
1393 762 1462 833 ah
1494 780 1677 844 altari,
1708 779 1801 833 sed
1824 778 1985 831 datus
2015 791 2183 843 ange-

597 879 662 930 lis
692 875 910 928 emissis
953 874 1019 926 ad
1057 874 1318 926 ultionem
1355 873 1647 941 impiorum
1687 871 2057 924 habitatorum
2095 866 2182 922 Je-

594 966 853 1019 rusalem.
893 964 1029 1018 lluic
1076 966 1271 1033 angelo
1313 966 1560 1018 Andreas
1603 964 1695 1033 qui
1735 972 1861 1016 ante
1905 976 1992 1015 me
2023 961 2185 1029 digne

594 1058 823 1110 sortitus
862 1064 946 1108 est
976 1054 1351 1124 episcopatum
1387 1057 1646 1109 Caesareae
1677 1054 2059 1123 Cappadociae,
2093 1067 2184 1105 as-

595 1148 801 1203 similat
853 1162 1303 1217 unumquemque
1344 1147 1632 1216 praesulem
1680 1148 1798 1201 sive
1839 1144 2182 1215 praefectust].

1172 1342 1401 1397 CAPUT
1437 1342 1607 1398 XXII.

596 1458 675 1513 De
695 1471 891 1529 septem
915 1456 1136 1527 angelis,
1161 1473 1383 1526 quorum
1403 1458 1571 1523 primo
1596 1457 1960 1529 tubagcanente
1982 1454 2185 1525 grando

806 1540 855 1582 et
888 1530 1025 1597 ignis
1062 1544 1124 1581 ac
1147 1528 1361 1597 sanguis
1388 1529 1441 1580 in
1474 1541 1670 1581 terram
1707 1527 1972 1596 feruntur.

668 1696 808 1759 νιιι,
836 1698 886 1750 7.
913 1696 977 1749 Et
1003 1698 1205 1765 primus
1234 1698 1361 1752 tuba
1388 1700 1577 1753 cecinit
1601 1714 1619 1752 :
1647 1708 1696 1753 et
1718 1700 1865 1768 facta
1888 1708 1962 1752 est
1983 1700 2187 1769 grando

2287 593 2663 657 διακονοῦντος
2708 593 3087 664 τιμωρητικοῦ
3144 593 3415 661 ἀγγέλου,
3459 594 3552 648 διὰ
3594 596 3692 649 τοῦ
3727 598 3861 653 θείου

2289 686 2481 751 πυρὸς,
2515 687 2704 756 ὅμοιον
2734 684 2812 753 τῷ
2843 685 2935 737 τοῦ
2980 685 3263 755 Ἰεζεκιὴλ,
3316 685 3543 754 Ἐφάνη
3576 687 3647 741 ἐκ
3680 692 3865 758 χειρός

2290 778 2395 831 τοῦ
2430 778 2741 846 Χερουϐὶμ,
2774 776 3036 847 ληφθέντι
3064 779 3162 846 μὲν
3184 777 3291 829 ἀπὸ
3317 776 3412 829 τοῦ
3444 778 3826 848 θυσιαστηρίου
3847 824 3860 845 ,

2286 873 2495 925 δοθέντι
2525 874 2581 926 δὲ
2606 875 2719 935 τοῖς
2748 872 3005 940 ἀγγέλοις
3035 874 3148 935 τοῖς
3180 871 3509 941 πεμφθεῖσιν
3543 873 3628 935 εἰς
3654 874 3748 944 τὴν
3767 877 3863 931 τῶν

2286 963 2565 1018 δυσσεϐὦν
2618 965 2923 1035 οἰκητόρων
2993 966 3267 1033 τιμωρίαν
3327 964 3427 1029 τῆς
3494 965 3860 1037 Ἰερουσαλήμ.

2288 1058 2481 1129 Τούτῳ
2530 1059 2607 1130 τῷ
2636 1059 2877 1129 ἀγγέλῳ,
2922 1058 3184 1128 Ἀνδρέας
3205 1059 3234 1109 ὁ
3261 1058 3360 1125 τῆς
3384 1057 3509 1110 κατ’
3534 1058 3635 1127 ἐμὲ
3670 1060 3863 1112 Καισα-

2293 1151 2444 1221 ρείας
2476 1151 2579 1220 τῆς
2613 1150 3013 1211 Καππαδοκίας
3044 1149 3212 1212 ἀξίως
3240 1148 3343 1218 τὴν
3380 1148 3638 1218 ἐφορείαν
3664 1148 3863 1219 λαχὼν,

2288 1242 2523 1295 ἕκαστον
2555 1243 2820 1313 ἱεράρχην
2855 1239 3208 1309 παρεικάζει.

2879 1352 3129 1405 ΚΕΦΛΛ.
3167 1349 3297 1403 KB’.

2292 1469 2431 1539 Περὶ
2460 1468 2577 1523 τῶν
2611 1467 2762 1543 ἐπτᾲ
2788 1466 3062 1543 ἁμγγέλων
3083 1459 3210 1543 χῶν
3244 1462 3350 1543 τοῦ
3382 1461 3630 1543 πρῶτοι)
3663 1463 3862 1543 quia!

2362 1529 2611 1664 ἱγὲιντος,
2641 1529 2890 1608 χάλαζα,
2917 1536 3016 1589 καὶ
3045 1534 3184 1603 πῦρ,
3212 1534 3311 1587 καὶ
3338 1529 3480 1602 αἷμα
3514 1533 3616 1585 ἐπὶ
3645 1531 3745 1600 τῆς
3768 1533 3866 1603 τῆς

2362 1630 2405 1680 φ
2436 1626 2625 1679 ρεται.

2292 1729 2311 1753 '
2362 1723 2473 1778 Kal
2517 1724 2549 1775 ό
2582 1718 2815 1789 πρῶτος
2862 1717 3197 1773 ἐσάλπισε·
3243 1715 3341 1769 καί
3380 1714 3622 1785 ἐγένετο
3664 1714 3863 1785 χάλαζα

596 1799 647 1843 et
679 1790 816 1859 ignis
844 1790 1003 1843 mistu
1038 1792 1315 1859 sanguine,
1343 1799 1392 1842 et
1428 1793 1591 1843 missa
1612 1800 1735 1844 sunt
1768 1792 1823 1843 in
1870 1799 2088 1854 terram,
2137 1798 2186 1843 et

605 1883 760 1908 ιιι-εἰ..
799 1898 920 1908 κη..-
967 1892 1117 1908 ιιι-..ι-
1163 1890 1347 1908 an“-.-
1381 1892 1452 1908 Α-.
1531 1890 1574 1908 -1
1602 1883 1757 1908 .--σει-
1789 1888 2031 1908 ..-Δ-ηηι...
2063 1897 2153 1908 ΔΛ.-

2296 1815 2390 1870 καὶ
2418 1814 2539 1882 πῦρ
2560 1811 2891 1883 μεμιγμένα
2919 1812 2989 1863 ἐν
3013 1810 3236 1877 αἵματι,
3271 1808 3370 1862 καὶ
3397 1808 3628 1873 ἐϐλήθη
3660 1810 3744 1872 εὶς
3770 1808 3866 1874 τὴν

602 1883 760 1934 tertia
797 1898 920 1949 pars
962 1892 1117 1933 terra:
1158 1890 1347 1934 exusta
1377 1892 1493 1944 est,
1526 1890 1574 1934 et
1600 1883 1757 1934 tertia
1785 1888 2033 1934 arborum
2058 1897 2186 1933 con-

602 1984 835 2027 cremata
878 1984 955 2028 est
981 2015 995 2040 ,
1021 1984 1069 2027 et
1100 1990 1251 2027 omne
1290 1975 1487 2043 [certum
1521 1974 1685 2028 viride
1715 1974 2047 2029 combustum
2085 1982 2184 2027 est.

672 2146 836 2201 Varia
865 2156 994 2202 sunt
1032 2147 1297 2217 supplicia
1328 2147 1394 2201 ab
1427 2148 1699 2204 effusione
1725 2149 1865 2219 ignis
1894 2150 2099 2219 sumpti
2122 2151 2189 2205 de

600 2239 755 2292 altari
791 2257 803 2291 :
841 2241 1103 2309 quoniam
1139 2240 1301 2294 γει-ἰαὶ
1326 2256 1546 2311 quoque
1573 2257 1638 2295 ac
1667 2242 1851 2295 multa!
1876 2250 2005 2295 sunt
2036 2256 2190 2295 man-

601 2333 782 2387 siones
814 2348 1004 2387 eorum
1045 2333 1136 2401 qui
1166 2332 1337 2386 Deum
1371 2344 1577 2398 amant,
1617 2334 1748 2402 ipsis
1780 2335 1845 2388 ad
1875 2334 2191 2389 retributio-

600 2438 725 2478 nem
759 2425 1010 2494 repositae
1045 2441 1058 2477 :
1106 2425 1229 2479 ideo
1259 2441 1477 2495 quoque
1506 2426 1584 2479 ait
1614 2426 1877 2481 Dominus
1911 2443 1926 2481 :
1964 2444 1982 2477 ι
2030 2425 2188 2496 Apud

604 2518 824 2572 Patrem
862 2532 1042 2570 meum
1073 2518 1389 2572 mansiones
1422 2518 1609 2572 multa:
1638 2528 1769 2573 sunt
1799 2519 1865 2573 ⁸⁸.
1901 2536 1919 2570 ι

680 2608 744 2661 Et
770 2611 915 2678 facta
936 2620 1011 2662 est
1037 2609 1241 2678 grando
1269 2619 1319 2663 et
1352 2611 1486 2680 ignis
1516 2612 1673 2665 mixta
1711 2612 1985 2681 sanguine.
2021 2611 2193 2666 Mani-

604 2699 804 2755 festum
828 2712 909 2753 est
934 2703 1079 2770 quod
1113 2716 1207 2769 per
1234 2701 1348 2755 hac
1378 2702 1662 2770 grandinis
1687 2718 1750 2757 ac
1770 2703 1909 2773 ignis
1928 2708 2194 2773 sanguine

606 2793 755 2846 misti
804 2793 1107 2861 supplicia,
1169 2808 1278 2848 non
1334 2794 1586 2864 designet
1638 2811 1881 2865 praesens
1932 2797 2193 2851 revelatio

606 2884 868 2938 ultionem
900 2900 1021 2953 quae
1072 2888 1121 2939 in
1154 2887 1455 2939 novissimo
1493 2886 1583 2940 die
1614 2886 1992 2956 peccatoribus
2021 2903 2193 2956 expo-

607 2975 713 3030 sita
743 2986 846 3038 est.
883 2976 1040 3045 721
1088 2978 1181 3030 sed
1228 2993 1348 3032 eam
1392 2994 1514 3046 quae
1543 2989 1667 3033 ante
1706 2990 2009 3034 extremum
2049 2981 2193 3034 diem

608 3081 703 3134 per
734 3064 1055 3120 amictiones
1082 3067 1192 3132 fiet,
1229 3078 1287 3120 ut
1320 3069 1642 3137 praedictum
1674 3080 1757 3125 est
1789 3090 1801 3124 :
1839 3086 2017 3141 neque
2045 3071 2194 3126 cnim

2288 1907 2428 1976 γῆν,
2460 1906 2557 1959 καὶ
2595 1906 2660 1959 τὸ
2686 1904 2888 1971 τρίτον
2925 1900 3033 1969 τῆς
3072 1901 3184 1971 γῆς
3210 1900 3498 1969 κατεκάη,
3540 1900 3637 1953 καί
3670 1900 3733 1954 τὸ
3756 1903 3837 1967 τρί’

2288 2017 2397 2053 τον
2424 1997 2544 2050 τῶν
2576 1995 2844 2065 δένδρων
2867 1993 3151 2061 κατεκάη,
3188 1994 3289 2046 καὶ
3326 1992 3454 2063 πᾶς,
3486 1991 3717 2061 χλωρὸς
3744 1993 3857 2060 κόρα

2288 2107 2393 2154 τος
2422 2088 2704 2153 κατεκάη.

2361 2181 2619 2251 Διάφοροι
2649 2180 2698 2231 οι
2729 2179 2837 2231 ἀπὺ
2864 2178 2965 2248 τῆς
2993 2177 3268 2247 ὲκχύσεως
3308 2175 3402 2230 τοῦ
3435 2175 3614 2244 πυρὸς
3648 2174 3737 2228 τοῦ
3779 2174 3863 2228 θυ-

2295 2272 2614 2342 σιαστηρίου
2654 2272 2709 2323 αἱ
2738 2270 3025 2341 τιμωρίαι.
3075 2268 3297 2339 Ἐπειδὴ
3343 2268 3439 2321 καὶ
3479 2266 3593 2319 τῶν
3628 2265 3861 2334 φιλοθέων

2292 2364 2347 2414 αἱ
2377 2363 2537 2434 μοναὶ
2562 2363 2643 2425 εἰς
2686 2361 3046 2415 ἀνταπόδοσιν
3076 2360 3330 2429 κείμεναι
3369 2356 3617 2418 τούτοις,
3644 2356 3861 2423 διάφοροι

2293 2452 2387 2504 καὶ
2424 2450 2638 2504 πολλαί.
2684 2451 2777 2503 Διὸ
2802 2450 2896 2503 καὶ
2930 2452 2959 2503 ὁ
2991 2448 3197 2518 Κύριός
3228 2464 3383 2517 φησι*
3425 2468 3443 2499 ι
3488 2447 3647 2518 Παρὰ
3675 2445 3747 2515 τῷ
3770 2447 3860 2498 Πα-

2293 2542 2382 2614 τρί
2419 2560 2521 2613 μου
2577 2542 2738 2612 μοναὶ
2770 2540 2961 2593 πολλαί
2987 2542 3144 2592 εἰσιν.
3190 2558 3208 2591 ι

2365 2634 2476 2688 Kal
2520 2632 2759 2702 ἐγένετο
2789 2630 3017 2702 χάλαζα
3048 2632 3145 2685 καὶ
3176 2630 3295 2697 πῦρ
3323 2627 3655 2699 μεμιγμένα
3689 2627 3754 2681 ἐν
3782 2628 3857 2681 al-

2295 2743 2452 2793 ματι.
2496 2725 2619 2777 Ὅτι
2676 2725 2753 2795 μὴ
2794 2725 2937 2778 κατὰ
2978 2724 3080 2794 τὴν
3123 2724 3361 2793 ἐσχάτην
3408 2720 3625 2792 ἡμέραν
3676 2720 3764 2789 τὴν
3794 2722 3850 2779 εἰ,

2297 2816 2520 2870 κόλασιν
2561 2814 2942 2884 ἀποκειμένην
2979 2818 3094 2877 τοῖς
3139 2812 3494 2883 ἁμαρτωλοῖς
3524 2814 3579 2865 al
3630 2812 3857 2883 τιμωρίαι

2297 2902 2458 2960 αὗται
2488 2906 2587 2974 τῆς
2618 2905 2865 2975 χαλάζης
2896 2904 2992 2957 καὶ
3024 2904 3117 2956 τοῦ
3160 2903 3473 2973 συγκράτου
3503 2901 3690 2970 αἵματι
3716 2900 3857 2968 πυρὸς

2298 3001 2331 3069 ἡ
2364 2998 2701 3068 προκειμένη
2746 2996 3121 3064 ’Δποκάλυψις
3156 2994 3426 3063 ἀφορίζει,
3459 2993 3598 3046 ἀλλὰ
3624 2995 3735 3054 ταῖς
3764 2991 3858 3044 Oli.

2304 3090 2435 3160 ψεσι
2466 3092 2586 3152 ταῖς
2616 3090 2720 3159 πρὸ
2758 3089 2855 3158 τῆς
2887 3088 3127 3158 ἐσχάτης
3163 3086 3397 3156 ἡμέρας,
3427 3084 3508 3147 ὡς
3547 3084 3853 3153 προείρηται,

607 3157 769 3212 tertia
819 3173 945 3226 pars
1000 3169 1348 3227 peccatorum
1371 3200 1385 3226 ,
1422 3163 1515 3217 sed
1564 3179 1757 3218 omnes
1795 3164 1958 3219 simul
1991 3165 2194 3235 absque

2301 3157 2479 3253 δῆλον.
2538 3182 2614 3234 υύ
2658 3157 2766 3251 χὰρ
2813 3157 2876 3233 τὸ
2917 3157 3102 3250 τρίτον
3152 3178 3317 3249 μέρος
3365 3176 3477 3229 τῶν
3531 3174 3853 3244 ἁμαρτωλῶν,

610 3249 723 3303 υΙΙο
773 3250 1032 3304 remedio-
1073 3252 1420 3319 abjicientur.
1490 3253 1625 3308 Nam
1672 3256 1801 3325 quid
1872 3256 1939 3311 de
1992 3258 2076 3312 his
2121 3258 2198 3311 ait

608 3344 766 3397 divus
803 3345 1173 3414 evangelista?
1209 3365 1225 3396 ι
1281 3344 1348 3399 Et
1398 3347 1628 3402 abibunt
1666 3349 1719 3403 hi
1763 3350 1815 3405 in
1865 3351 2197 3420 supplicium

592 3447 901 3507 _a.-ternum,
929 3436 1066 3507 justi
1096 3447 1279 3493 autem
1311 3438 1365 3493 in
1390 3439 1558 3493 vitam
1588 3449 1849 3495 aeternam
1879 3441 1947 3497 ".
1986 3460 2004 3493 ι

682 3615 751 3670 Et
794 3618 953 3671 tertia
981 3634 1107 3686 pars
1141 3620 1393 3673 arborum
1421 3634 1758 3676 concremata
1800 3634 1900 3676 est.
1932 3623 2034 3689 Qui
2087 3626 2201 3681 haec

610 3713 677 3763 ad
703 3720 1043 3779 postremum
1070 3711 1215 3766 diem
1244 3713 1575 3782 rejeceruut,
1626 3714 1832 3769 frenum
1871 3725 1925 3769 et
1975 3716 2201 3771 arhores

610 3802 1000 3856 intellexerunt
1018 3790 1364 3872 peccatores,
1388 3806 1540 3873 iuxta
1571 3807 1755 3860 divum
1783 3807 2009 3861 Paulum
2068 3824 2200 3876 apo-

594 3892 853 3965 stolum,
885 3894 978 3963 qui
1009 3895 1337 3969 vaticinatur
1372 3894 1630 3971 diemhin
1670 3897 1792 3968 igne
1820 3898 2192 3952 revelandum.

611 3981 716 4047 Qui
751 3998 879 4036 vero
912 4001 1017 4037 non
1052 3984 1147 4047 ita.
1178 3968 1269 4040 sed
1305 3986 1372 4041 ad
1398 3968 1746 4046 alliictiotteni
1784 4004 1905 4057 qua:
1939 3990 2204 4058 praecedet

613 4072 757 4126 diem
791 4083 1100 4128 extremum
1131 4080 1459 4143 retulerunt,
1496 4078 1549 4131 hi
1582 4088 1637 4133 et
1664 4079 1923 4153 incendia
1944 4091 1997 4135 et
2024 4081 2201 4136 caedes

610 4164 972 4219 ostenderunt
1001 4182 1123 4235 quae
1156 4183 1251 4237 per
1276 4184 1473 4225 manus
1509 4167 1875 4224 Barbarorum
1904 4170 2093 4227 multis
2118 4173 2203 4226 in-

610 4256 901 4310 ducentur.

1155 4348 1387 4406 CAPUT
1414 4350 1604 4406 XXIII.

612 4462 690 4516 De
718 4461 947 4517 secundo
975 4465 1183 4534 angelo,
1224 4467 1476 4548 qua'tulta
1490 4478 1723 4588 bcanente
1754 4479 1971 4536 pereunt
2005 4487 2121 4540 qua:
2148 4473 2200 4526 in

1213 4552 1348 4587 mart
1380 4553 1485 4588 vtve
1522 4547 1639 4588 ant.

1213 4552 1348 4587 mart
1380 4547 1639 4590 vivebant.

687 4672 827 4735 VIII,
847 4672 901 4737 8,
926 4673 980 4727 9.
1013 4670 1082 4725 Et
1114 4674 1374 4726 secundus
1431 4674 1649 4744 angelus
1704 4676 1833 4730 tuba
1888 4677 2077 4730 cecinit
2109 4693 2127 4729 :
2158 4686 2210 4731 et

2301 3275 2437 3329 ἀλλὰ
2461 3273 2522 3326 τὸ
2555 3274 2661 3326 πᾶν
2697 3272 3033 3341 ὑποόληθείη
3063 3270 3479 3340 ἀπαραιτήτως.
3504 3268 3569 3319 Τί
3594 3267 3697 3335 γάρ
3721 3281 3856 3332 φησιν

2302 3366 2331 3418 ὁ
2366 3364 2506 3425 θεῖος
2531 3360 2923 3431 εὐαγγελιστὴς
2955 3361 3083 3428 περὶ
3107 3358 3339 3422 τούτους
3370 3376 3388 3407 ι
3421 3356 3538 3409 Καὶ
3565 3352 3852 3408 ἀπελεύσοι·

2302 3472 2394 3510 ται
2416 3449 2561 3509 οὗτοι
2592 3455 2673 3516 εἰς
2703 3451 2926 3506 κόλασιν
2959 3450 3200 3516 αἰώνιον,
3226 3450 3276 3502 οἱ
3299 3448 3357 3503 δὲ
3386 3446 3612 3511 δίκαιοι,
3638 3446 3711 3507 είς
3737 3444 3855 3509 ζωὴν

2304 3547 2542 3603 αἰώνιον.
2582 3565 2598 3597 ι

2370 3614 2491 3691 ‘Kal
2536 3635 2602 3689 τὸ
2664 3636 2865 3703 τρίτον
2895 3634 3015 3689 τῶν
3059 3632 3325 3700 δένδρων
3380 3628 3658 3696 κατεκάη.
3703 3623 3855 3679 Ταῦτα

2304 3731 2352 3782 οἱ
2389 3730 2486 3799 μὲν
2519 3730 2599 3792 εἰς
2628 3729 2731 3797 τὴν
2762 3728 2999 3797 ἐσχάτην
3032 3725 3402 3796 ἀφορίσαντες
3430 3723 3669 3793 ἡμέραν,
3696 3718 3855 3788 χόρτον

2306 3820 2410 3874 καὶ
2428 3820 2627 3891 δένδρα
2647 3820 2773 3882 τοὺς
2800 3819 3160 3889 ἁμαρτωλοὺς
3190 3818 3312 3886 ὲνόη
3323 3832 3442 3877 σαν,
3475 3813 3618 3867 κατὰ
3633 3811 3717 3863 τδν
3737 3808 3853 3861 θεῖον

2307 3912 2610 3967 ἀπόστολον
2653 3911 2893 3975 Παῦλον,
2949 3910 3041 3963 τὸν
3085 3910 3143 3961 ὲν
3177 3908 3311 3978 πυρὶ
3338 3907 3435 3977 τὴν
3474 3905 3695 3977 ἡμέραν
3738 3901 3852 3952 ἀποο

2307 4002 2684 4056 καλύπτεσθαι
2709 4001 3122 4071 χρηματίζοντα
3155 4011 3169 4027 ⁸
3197 4000 3245 4051 οἱ
3271 3999 3328 4051 δὲ
3349 3998 3423 4068 μὴ
3449 3996 3643 4060 οὕτως,
3661 3992 3765 4048 ἀλλ’
3790 3990 3853 4049 εἰς

2307 4095 2407 4161 τὴν
2439 4091 2545 4162 πρὸ
2575 4091 2674 4161 τῆς
2697 4092 2933 4161 ἐσχάτης
2960 4091 3176 4159 ἡμέρας
3208 4086 3408 4156 θλίψιν,
3448 4088 3550 4148 τὰς
3585 4086 3646 4137 ὲκ
3679 4079 3852 4151 paph-

2310 4180 2482 4253 ρικῶν
2512 4182 2712 4252 χειρῶν
2755 4180 3126 4250 πυρπολήσεις
3156 4196 3213 4231 τε
3246 4180 3341 4232 καὶ
3360 4178 3576 4246 σφαγάς
3612 4178 3719 4237 τοῖς
3743 4170 3849 4224 πολ-

2311 4272 2422 4335 λοῖς
2458 4273 2806 4343 ἐπαγομένας
2851 4272 3077 4337 ἔδειξαν,

2883 4363 3137 4417 ΚΕΦΑΛ.
3203 4361 3330 4417 Kl".

2322 4476 2462 4545 Περὶ
2509 4475 2616 4529 τοῦ
2661 4474 2946 4541 δευτέρου
2998 4467 3400 4545 ὰηοέλουηοῆ
3452 4469 3849 4545 σαλπίσαντος,

2389 4542 2506 4600 τῶν
2534 4546 2604 4599 ἐν
2632 4545 2916 4612 θαλάσσῃ
2946 4544 3237 4614 ἐμψύχων
3277 4542 3543 4595 ἀπώλεια
3574 4542 3794 4609 γίνεται.

2383 4659 2493 4713 Kal
2522 4660 2554 4711 ό
2584 4657 2861 4724 δεύτερος
2877 4655 3131 4725 ἄγγελος
3159 4654 3461 4708 ἐσά.1πισε
3484 4670 3497 4683 ·
3535 4652 3629 4707 καὶ
3654 4652 3725 4716 ὠς
3742 4649 3850 4715 ὄρος

617 4775 870 4832 tanquam
905 4780 1052 4817 mons
1080 4780 1300 4834 magnus
1332 4766 1447 4833 igne
1474 4766 1662 4819 ardens
1720 4767 1985 4835 projectus
2028 4776 2104 4819 est
2154 4769 2194 4821 ir

2304 4751 2461 4821 μέγα
2492 4750 2814 4818 καιόμενον
2855 4748 3079 4814 ἐϐλήθη
3124 4750 3211 4811 εις
3242 4746 3355 4813 τὴν
3393 4747 3723 4801 θάλασσαν.
3766 4736 3847 4792 Καὶ

616 4868 782 4917 mare,
817 4862 864 4905 et
890 4853 1035 4921 facta
1053 4864 1127 4905 est
1153 4855 1311 4906 tertia
1334 4870 1459 4923 pars
1484 4857 1648 4908 maris
1672 4857 1888 4924 sanguis
1920 4869 1937 4907 :
1968 4865 2015 4907 et
2061 4872 2206 4908 mor-

615 4952 711 4995 tua
738 4953 815 4997 est
848 4943 1003 4995 tertia
1032 4958 1157 5011 pars
1180 4954 1551 4996 creaturarum
1567 4959 1683 5011 quae
1704 4944 1758 4995 in
1780 4944 1918 4995 mari
1936 4942 2205 4995 vivebant:

616 5045 663 5087 et
697 5036 854 5088 tertia
878 5051 1003 5102 pars
1039 5035 1367 5103 navigiorum
1407 5035 1630 5088 interiit.

690 5213 847 5269 Mons
887 5229 1119 5285 magnus
1148 5214 1387 5268 divinam
1421 5213 1849 5282 designatiram.
1873 5212 2199 5284 Quanquam

615 5308 762 5361 enim
787 5307 1029 5360 divinum
1064 5304 1275 5361 Numen
1332 5307 1623 5376 benignum
1677 5308 1826 5361 sitae
1878 5307 2199 5373 humanum,

616 5409 700 5453 est
725 5407 903 5451 tamen
923 5397 1209 5465 etjustum
1243 5398 1385 5466 quod
1422 5410 1555 5451 tunc
1603 5398 1937 5463 ostenditur,
1984 5402 2206 5468 quando

623 5482 926 5553 neglectum
955 5483 1165 5551 justam
1190 5484 1387 5537 merito
1419 5481 1582 5537 infert
1624 5482 1763 5537 iram
1808 5498 1991 5538 suam.
2038 5483 2207 5539 Porro

625 5571 846 5641 iujectio
872 5572 1044 5642 ipslus
1071 5572 1124 5627 in
1152 5588 1325 5639 mare,
1375 5572 1626 5642 designat
1666 5572 1998 5629 instahiliter
2046 5574 2210 5629 imm-

627 5664 844 5720 dantem
879 5665 1164 5734 praesentis
1202 5665 1326 5719 vitae
1363 5665 1850 5734 compositionem,
1878 5679 2001 5735 qua:
2020 5664 2092 5720 ob
2114 5680 2208 5719 va-

703 5820 745 5853 “
774 5819 934 5874 Joan.
971 5836 1079 5885 ιμ’,
1110 5822 1162 5877 9.
1244 5822 1283 5851 ⁸⁷
1311 5820 1499 5875 Matth.
1529 5836 1656 5889 xxv,
1683 5821 1773 5875 ιδ.

2309 4841 2548 4911 ἐγένετο
2592 4842 2659 4893 τὸ
2698 4841 2897 4909 τρίτον
2926 4838 3035 4906 τῆς
3092 4837 3414 4905 θαλάσσης
3439 4833 3608 4907 αἷμα·
3632 4833 3720 4888 καί
3764 4831 3849 4882 ἀπ-

2308 4933 2485 4988 έθανε
2503 4932 2569 4985 τὸ
2590 4932 2791 5001 τρίτον
2817 4930 2934 4984 τῶν
2961 4929 3301 4998 κτισμάτων
3324 4930 3395 4983 ὲν
3422 4928 3496 4996 τῇ
3526 4926 3782 4987 θαῑάσσῃ
3796 4918 3849 4971 τὰ

2310 5024 2536 5090 ἔχοντα
2582 5024 2690 5089 τὰς
2735 5021 2942 5091 ψυχάς
2967 5039 2981 5053 ·
3018 5021 3118 5075 καὶ
3159 5022 3225 5075 τὸ
3263 5022 3463 5091 τρίτον
3491 5018 3606 5073 τῶν
3660 5013 3850 5068 πλοίων

2307 5116 2617 5185 διεφθάρη.

2388 5210 2554 5279 Ὄροἶ
2608 5208 2751 5278 μέγα
2790 5208 2888 5275 τὴν
2965 5206 3117 5260 θείαν
3172 5206 3344 5277 ὀργὴν
3400 5190 3846 5274 ύπεμφαίνει.1(ἆν

2308 5300 2420 5371 γὰρ
2464 5300 2843 5372 φιλάνθρωπον
2879 5299 2940 5351 τὸ
2987 5300 3161 5363 Θεῖον,
3193 5298 3331 5352 ἀλλὰ
3376 5297 3465 5351 καὶ
3519 5279 3845 5372 δίκαιονιάφΪ

2308 5387 2482 5462 οὗπερ
2528 5391 2641 5444 ἐσθ’
2674 5393 2762 5444 ὅτε
2797 5390 3336 5462 κατολιγωρούμενον
3366 5390 3464 5459 τὴν
3490 5384 3690 5439 δικαίαν
3715 5378 3845 5462 αὐτόν

2310 5461 2477 5545 (iam:
2512 5483 2763 5552 ἐπιφέρει
2784 5483 2977 5553 ὀργήν.
3020 5483 3081 5535 Ἦ
3115 5482 3171 5535 δὲ
3222 5482 3357 5552 πρὸς
3402 5479 3662 5534 θάλασσαν
3711 5461 3843 5521 αὖτἰὖ

2312 5573 2522 5645 ἐμϐολὴ
2558 5613 2574 5639 ,
2611 5574 2673 5627 τὸ
2723 5575 2970 5638 ἀστάτως
3027 5574 3429 5644 κυμαινόμενον
3488 5568 3577 5623 τοῦ
3626 5560 3842 5631 παρὸντσς

2323 5666 2444 5735 βίου
2486 5666 2765 5736 σύστημα,
2800 5668 2894 5720 καὶ
2929 5668 3127 5736 μᾶλλον
3181 5667 3455 5735 θαλάσσης
3485 5664 3601 5723 ταῖς
3626 5646 3842 5731 περιστάζ
