4110 6442
319 395 434 459 611

1405 391 1798 452 COMMENT.
1844 388 1928 448 ΙΝ
1967 389 2500 452 APOCALYPSIN.

3491 393 3595 456 618

315 523 474 562 οεσιν
499 505 788 578 ἀγριαῖνον
823 501 1148 578 παραδηλοῖ.
1184 503 1259 558 Th
1291 476 1354 558 δὲ
1380 503 1564 574 τρίτον
1585 505 1685 574 τῆς
1713 503 1914 557 θαλάσ-

2032 503 2132 558 rios
2165 517 2330 559 casus
2355 503 2493 558 mari
2529 501 2764 558 ferocior
2792 501 3046 558 efficitur.
3077 502 3347 558 Caeterum
3379 506 3592 559 tertiam

317 615 448 667 σης,
487 591 630 668 αἷμα
663 597 944 666 γενέσθαι,
973 597 1083 650 τῶν
1116 597 1207 651 διὰ
1238 596 1543 668 μαρτυρίου
1575 594 1912 659 τελειώσεως

287 689 757 760 .ὲρυθρωεάντων
813 691 914 758 τὴν
975 689 1258 760 περίγειον
1320 691 1520 744 κτίσιν.
1588 689 1740 744 Ἐπεὶ
1783 689 1842 742 δὲ
1886 691 1914 743 ὁ

317 779 452 850 τρία
484 780 718 850 ἀριθμὸς
744 781 888 852 ἀρχὴ
918 781 1162 852 πλήθους
1215 783 1364 834 ἐστὶν
1388 781 1464 844 ὡς
1513 783 1546 852 ή
1576 780 1914 854 ἀριθμητικὴ

323 870 578 934 βούλεται
618 871 866 941 μέθοδος,
896 873 958 925 τὸ
1005 872 1172 926 πλέον
1205 872 1313 925 τῶν
1340 872 1730 944 ἀπολλυμένων
1759 871 1820 926 οὐ
1853 872 1916 924 τὸ

323 965 458 1026 πᾶν,
493 962 568 1026 ὡς
599 964 694 1016 καὶ
723 965 830 1032 πρδ
861 964 1060 1033 μικροῦ
1091 963 1470 1035 παρεθέμεθα,
1492 964 1582 1018 διὰ
1604 967 1700 1018 τοῦ
1727 963 1912 1034 τρίτου

325 1054 622 1126 εδήλωσεν.

403 1234 591 1291 Καὶτὸ
625 1235 828 1304 τρίτον
858 1234 978 1290 τῶν
1008 1237 1242 1290 πλοίων
1283 1235 1594 1306 διεφθάρη.
1617 1236 1788 1290 Πλοῖα
1815 1234 1914 1298 τὰς

319 1330 435 1383 τῶν
463 1329 636 1398 ἁγίων
667 1328 846 1400 ψυχὰς
901 1329 1180 1400 τροπικῶς
1211 1327 1470 1399 ὀνομάζει
1503 1343 1520 1360 ·
1542 1326 1579 1382 ἃ.
1604 1327 1702 1381 καὶ
1749 1345 1918 1381 κατα-

321 1422 515 1488 παίξει
549 1421 677 1485 τοὺς
699 1421 760 1474 ὲν
787 1423 854 1493 τῇ
883 1419 1128 1492 θαλάσσῃ
1165 1422 1488 1490 δράκοντας,
1507 1420 1582 1484 ὡς
1607 1421 1666 1472 ὲν
1687 1418 1764 1490 τῷ
1787 1421 1918 1473 ἐκα-

318 1515 502 1585 τοστῷ
527 1513 695 1585 τρίτῳ
721 1513 922 1584 ψαλμῷ
969 1511 1353 1586 ἅλληγορικῶς
1393 1512 1756 1584 τεθεώρηται.
1799 1512 1920 1564 Ἐν-

319 1604 504 1660 ταῦθα
537 1605 594 1658 δὲ
647 1605 884 1677 μάλιστα
940 1605 1116 1669 οὕτως
1175 1605 1492 1676 ἐκδέχεσθαι
1537 1605 1617 1656 δεῖ
1672 1602 1919 1674 σύμϐολα

322 1697 680 1769 πράγματος,
707 1697 809 1750 οὐκ
863 1695 1150 1766 ἐνέργειαν
1197 1697 1299 1766 τῆς
1354 1693 1729 1768 προκειμένης
1785 1694 1922 1747 ἀπο-

325 1789 622 1860 καλύψεως
666 1789 1047 1860 παριστὼσης.
1085 1790 1239 1842 Ἐπεὶ
1274 1789 1491 1843 οὖνκαὶ
1530 1788 1638 1842 ἀπὸ
1671 1787 1781 1839 τῶν
1824 1786 1923 1856 τῆς

2015 595 2185 649 maris
2212 603 2420 665 partem
2452 595 2568 650 ﬁeri
2587 596 2908 667 sanguinem
2935 595 3115 650 innuit
3145 605 3416 651 terrenam
3441 613 3598 652 crea-

2016 693 2196 740 turam
2231 685 2540 756 expletione
2569 685 2814 757 martyrii
2861 687 3148 741 rubricnri.
3197 686 3468 754 Quoniam
3497 703 3598 742 au-

2017 787 2124 832 tem
2174 794 2439 834 numerus
2492 779 2765 834 tertiarius
2800 780 3014 834 initium
3065 789 3150 834 cst
3205 779 3598 846 multitudinis,

2017 871 2180 924 veluti
2209 871 2372 925 tradit
2401 871 2746 927 arithmetica
2772 873 3082 943 disciplina,
3115 888 3210 940 per
3237 873 3450 928 tertiam
3471 889 3599 944 par-

2019 972 2126 1016 tem
2160 962 2488 1034 signiﬁcavit
2537 966 2836 1018 maximum
2896 981 3017 1019 esse
3051 979 3337 1020 numerum
3404 981 3596 1021 eorum

2017 1055 2109 1123 qui
2133 1064 2385 1124 pereunt,
2421 1071 2530 1109 non
2567 1066 2746 1110 tamen
2782 1056 3094 1122 universos,
3129 1058 3594 1126 quemadmodum

2021 1147 2185 1216 paulo
2225 1158 2352 1202 ante
2377 1149 2787 1217 proposuimus.

2093 1237 2161 1296 Et
2193 1239 2350 1292 tertia
2373 1255 2497 1308 pars
2521 1240 2850 1310 navigiorum
2877 1241 3098 1294 interiit.
3127 1239 3450 1296 Sanctorum
3481 1243 3604 1296 ani-

2023 1345 2141 1384 mus
2166 1331 2372 1400 tropice
2399 1331 2610 1398 navigia
2630 1331 2884 1402 appellat,
2913 1348 3034 1402 quae
3056 1333 3220 1386 etiam
3251 1334 3518 1390 dracones
3545 1335 3600 1389 in

2023 1421 2161 1475 mari
2198 1421 2360 1492 722
2394 1433 2675 1478 versantes
2712 1423 2969 1486 illudunt,
2999 1423 3164 1478 veluti
3214 1425 3424 1494 psalmo
3476 1442 3607 1482 cen-

2025 1511 2222 1567 tesimo
2252 1513 2409 1567 tertio
2441 1512 2734 1582 allegorice
2794 1513 2953 1568 datur
3002 1513 3226 1568 intueri.
3257 1512 3370 1570 Hoc
3421 1525 3606 1570 autem

2023 1605 2146 1660 loco
2183 1605 2256 1660 ita
2283 1607 2633 1676 potissimum
2661 1606 2941 1678 suscipere
2963 1616 3179 1677 oportet
3203 1607 3358 1677 signa
3397 1623 3606 1674 rerum,

2023 1709 2077 1753 et
2105 1715 2210 1754 non
2233 1699 2684 1771 ell‘ectumipsum
2739 1700 2994 1772 praesenti
3037 1701 3374 1758 revelatione
3435 1705 3609 1758 addu-

2025 1799 2196 1847 ctum.
2231 1789 2499 1857 Quoniam
2527 1792 2694 1862 igitur
2723 1793 3022 1848 verisimile
3077 1803 3194 1849 erat
3223 1797 3488 1864 quosdam
3527 1809 3614 1850 se-

325 1883 613 1954 σωτηρίας
656 1879 974 1952 δεξαμένων
1012 1879 1354 1952 πλανηθῆναί
1383 1897 1535 1943 τινας
1568 1877 1734 1945 είκδς,
1771 1877 1922 1948 φόϐῳ

2032 1883 2150 1938 duci
2174 1899 2240 1938 ex
2267 1885 2352 1938 his
2382 1885 2476 1956 qui
2501 1887 2566 1940 ad
2592 1887 2823 1941 salutem
2843 1888 3111 1956 assumpti
3130 1863 3278 1952 sunt,
3312 1901 3409 1956 per
3445 1885 3609 1942 timo-

324 1972 428 2026 τοῦ
449 1973 526 2044 μὴ
540 1973 700 2027 τοῦτο
726 1973 922 2026 παθεῖν
945 1972 1136 2043 ἄρδην,
1157 1975 1222 2044 τῇ
1247 1971 1344 2026 τοῦ
1377 1972 1562 2042 τρίτου
1585 1971 1924 2041 προαγγελίᾳ

324 2064 432 2136 τὴν
457 2065 870 2120 παντοπάοειαν
903 2065 1266 2136 ἠσφαλίσατο.

923 2199 1174 2253 ΚΕΦΛΛ.
1203 2200 1326 2253 ΚΔ’.

341 2337 412 2392 ’0
437 2337 636 2406 τρίτος
675 2334 934 2407 ἅγγελος
977 2339 1084 2422 rei“
1111 2333 1232 2390 τῶν
1282 2339 1568 2407 ποταμῶν
1626 2336 1922 2404 πικραίνει

1009 2407 1226 2461 ὕδατα.

407 2539 514 2596 Kal
537 2539 572 2594 ὁ
599 2539 796 2608 τρίτος
823 2536 1079 2608 ἄγγελος
1103 2537 1426 2604 ἐσάλπισε,
1457 2537 1555 2592 καί
1593 2537 1818 2592 ἔπεσεν-
1853 2538 1921 2592 ἐκ

327 2630 445 2685 τοῦ
473 2627 734 2698 οὐρανοῦ
755 2627 955 2697 ἀστὴρ
983 2627 1169 2698 μέγας
1203 2630 1521 2696 καιόμενος
1541 2626 1621 2693 ὠς
1636 2625 1882 2697 λαμπάς
1903 2641 1920 2658 ⁶

331 2721 440 2777 καί
481 2721 706 2776 ἕπεο-εν
759 2721 860 2774 ἐπὶ
919 2723 990 2773 τὸ
1048 2721 1252 2788 τρίτον
1300 2717 1421 2774 τῶν
1463 2719 1776 2790 ποταμῶν,
1823 2721 1921 2776 καί

329 2816 438 2870 ἐπι
473 2816 580 2882 τὰς
621 2812 821 2884 πηγὰς
867 2810 990 2868 τῶν
1020 2811 1276 2868 ὑδάτων.
1297 2813 1408 2867 Kal
1457 2812 1521 2866 τὸ
1575 2811 1764 2882 ὄνομα
1814 2813 1922 2868 τοῦ

331 2906 594 2976 ἀστέρος
645 2905 887 2982 λέγεται
951 2908 984 2959 ό
1033 2904 1314 2972 ἅψινθος.
1377 2904 1490 2958 Καὶ
1537 2903 1777 2974 ἐγένετο
1853 2907 1921 2960 τὸ

333 3001 542 3067 τρίτον
567 2998 687 3054 τῶν
713 2997 950 3054 ὑδάτων
986 2999 1072 3063 εὶς
1101 2997 1408 3064 deria-mor,
1429 2997 1528 3050 καί
1555 2998 1778 3052 πολλοὶ
1805 2996 1927 3050 τῶν

334 3090 666 3159 ἀνθρώπων
717 3089 1027 3146 ἀπέθανον
1082 3089 1152 3142 ἐκ
1205 3089 1326 3142 τῶν
1367 3087 1627 3156 ὑδάτων,
1654 3089 1746 3143 ὅτι
1797 3090 1926 3143 ἑπι-

335 3184 714 3255 σφὼ-θησαν.

415 3275 496 3347 Τῇ
527 3275 780 3330 σαλπίσει
805 3274 900 3328 τοῦ
925 3273 1132 3345 ,τρίτου
1159 3273 1396 3342 ἀγγέλου
1423 3273 1513 3327 τὸν
1545 3275 1754 3345 ἀστέρα
1787 3279 1921 3346 φησὶ
1963 3259 2002 3276 υ

335 3370 530 3424 πεσεῖν
559 3367 652 3422 τὸν
679 3366 858 3438 μέγαν
887 3365 964 3428 ὡς
993 3365 1257 3434 λαμπάδα
1311 3365 1624 3435 καιόμενον,
1653 3367 1842 3420 τοῦτον
1867 3369 1924 3422 δὲ

335 3463 552 3516 ἐκεῖνον
589 3455 731 3514 εἶναι
769 3460 864 3512 τὸν
903 3458 1152 3512 διάϐολον
1203 3457 1506 3528 ἡγούμεθα.
1545 3459 1832 3530 Ποταμοὺς
1867 3461 1926 3514 δὲ

333 3556 413 3607 τὰ
475 3555 602 3624 ἔθνη
647 3552 924 3625 τροπικῶς
967 3552 1223 3622 ὀνομάζει
1250 3567 1264 3581 '
1325 3554 1508 3623 πηγὰς
1557 3553 1635 3619 δὲ,
1660 3553 1760 3617 τὰς
1809 3555 1930 3609 τού·

335 3663 456 3702 των
484 3646 720 3716 φατρίας
752 3661 765 3674 ·
797 3647 830 3715 ή
861 3644 1067 3706 πτῶσις
1105 3645 1164 3697 δὲ
1191 3645 1386 3698 τούτου
1415 3645 1513 3716 τὴν
1559 3647 1653 3699 ἐπὶ
1678 3650 1794 3711 τοῖς
1835 3649 1927 3702 ὑπ’

339 3739 514 3794 αὑτοῦ
551 3739 984 3808 πλανησομένοις
1019 3737 1326 3807 παραδηλοῖ
1355 3737 1648 3807 ἐπιφορὰν,
1686 3739 1808 3808 μεθ’
1851 3733 1929 3795 ὧν

337 3831 424 3902 τῷ
447 3830 672 3901 γεέννης
693 3829 1030 3900 παραδοθείη
1061 3829 1194 3900 πυρὶ
1231 3831 1308 3893 εἰς
1344 3829 1540 3884 καῦσιν
1565 3831 1786 3886 αίώνιον
1833 3835 1929 3888 καὶ⁵

341 3923 728 3993 ἀτελεύτητον.

418 4013 527 4069 Kal
551 4014 620 4067 τὸ
653 4012 841 4083 ὄνομα
869 4012 978 4067 τοῦ
1011 4013 1269 4080 ἀστέρος
1301 4012 1540 4083 λέγεται
1573 4016 1608 4068 ό
1647 4013 1928 4084 ﬁgi-trace.

343 4106 552 4179 Πικρδν
579 4107 678 4178 μὲν
705 4107 766 4160 τὸ
793 4105 1044 4176 ἁψίνθιον
1073 4107 1108 4178 ή
1141 4106 1364 4176 βοτάνη.
1411 4107 1718 4173 Ὀξυωπίαν
1741 4109 1798 4162 δὲ
1831 4111 1928 4164 αὐ-

337 4201 446 4270 τὴν
467 4199 728 4271 παρέχειν
749 4201 860 4262 τοῖς
885 4198 1160 4254 ἐσθίουσιν
1187 4198 1394 4269 ἰατρῶν
1425 4201 1614 4264 παῖδες
1645 4202 1930 4258 διδάσκου-

342 4311 456 4348 σιν.
494 4293 922 4356 Ἐπιτευκτικῶς
965 4289 1058 4346 οὖν
1089 4291 1302 4346 καὶτὸν
1340 4292 1681 4364 παντολμίαν
1721 4297 1928 4368 ἀστέρα

340 4389 487 4456 ἄγαν
527 4387 778 4458 ἁψίνθιον
811 4387 1062 4440 ἐκάλεσε.
1105 4385 1336 4455 Πικρίαν
1363 4386 1474 4457 γὰρ
1501 4388 1568 4441 δι’
1607 4388 1801 4460 ἡδονῆς
1830 4405 1929 4444 πο-

339 4478 512 4541 τίζων
539 4477 664 4541 τοὺς
710 4475 1033 4546 ἀνθρώπους
1059 4476 1154 4530 καὶ
1192 4478 1506 4548 ἀνατροπὴν
1548 4477 1800 4549 θολερὰν,
1831 4482 1928 4534 καὶ

2025 1991 2140 2030 rem
2179 1993 2250 2031 ne
2281 1993 2509 2047 prorsus
2538 1981 2642 2033 hoc
2670 1979 2965 2048 patiantur,
2990 1981 3134 2035 tertii
3153 1981 3328 2052 angeli
3359 1996 3610 2051 praznun-

2029 2067 2254 2122 tiatione
2275 2071 2343 2123 ah
2365 2069 2682 2125 omnimoda
2712 2071 3002 2126 alllictione
3023 2073 3394 2143 praemunivit.

2549 2204 2782 2262 CAPUT
2812 2204 3004 2262 XXIV.

2031 2329 2240 2387 Tertius
2271 2335 2488 2406 angelus
2521 2353 2686 2406 aqnas
2718 2337 3004 2406 ﬂuminum
3033 2343 3204 2396 reddit
3233 2359 3468 2399 amaras.

2100 2529 2348 2599 Vlll,lO,
2375 2533 2462 2588 ll.
2500 2531 2568 2586 Et
2597 2537 2784 2590 tertius
2819 2538 3036 2608 angelus
3095 2540 3222 2594 tuba
3271 2543 3459 2598 cecinit
3509 2559 3528 2600 :
3563 2558 3612 2600 et

2027 2624 2216 2676 cecidit
2237 2623 2301 2678 de
2325 2624 2452 2678 cazlo
2475 2626 2629 2681 stella
2659 2644 2856 2699 magna
2883 2630 3076 2684 ardens
3107 2643 3360 2704 tanquam
3387 2636 3570 2704 [acula
3595 2654 3613 2691 :

2026 2727 2074 2770 et
2107 2717 2296 2770 cecidit
2351 2719 2406 2772 in
2435 2724 2648 2772 tertiam
2701 2731 2902 2790 partem
2947 2721 3228 2791 ﬂuminum
3271 2727 3404 2781 etin
3443 2729 3614 2799 fontes

2027 2821 2308 2875 aquarum.
2363 2805 2432 2860 Et
2466 2825 2656 2863 nomen
2677 2810 2845 2865 stella:
2902 2812 3103 2866 dicitur
3163 2815 3507 2872 absinthium.
3543 2819 3615 2873 Et

2029 2913 2174 2950 terra
2201 2907 2278 2951 est
2313 2899 2470 2952 tertia
2499 2915 2623 2969 pars
2643 2917 2906 2970 aquarum
2928 2903 2984 2956 in
3007 2902 3358 2972 absinthium,
3386 2917 3436 2961 et
3460 2909 3616 2963 multi

2029 2987 2301 3042 hominum
2341 2995 2542 3044 mortui
2575 3003 2782 3046 suntex
2813 2995 2986 3062 aquis,
3039 2995 3166 3063 quia
3197 3013 3398 3052 amara:
3457 2999 3618 3068 facta:

2031 3091 2206 3134 erant.

2109 3267 2278 3326 Trrtii
2311 3273 2486 3342 angeli
2519 3271 2905 3327 buccinatione
2951 3274 3166 3330 stellam
3224 3279 3490 3336 cecidisse
3545 3284 3624 3339 ait

2035 3378 2288 3432 magnam
2325 3373 2585 3434 tanquam
2619 3365 2854 3420 faculam
2891 3367 3170 3422 ardentem
3209 3387 3222 3424 :
3257 3371 3400 3426 hanc
3435 3383 3618 3430 autem

2037 3455 2215 3525 ipsum
2269 3469 2392 3510 esse
2431 3456 2708 3512 diabolum
2749 3455 3106 3513 arbitramur.
3147 3458 3400 3518 Flumina
3455 3479 3587 3520 vero

2037 3547 2249 3618 tropice
2297 3547 2538 3619 appellat
2576 3558 2810 3620 gentes:
2877 3550 3055 3609 fontes
3117 3565 3320 3623 autem,
3373 3557 3616 3628 ipsarum

2036 3640 2296 3697 familias.
2339 3641 2512 3696 Porro
2560 3641 2722 3711 hujus
2761 3658 2924 3699 casus
2977 3645 3238 3716 impetum
3303 3652 3620 3708 inanitestat

2035 3733 2301 3788 adversus
2335 3749 2430 3789 eos
2453 3734 2545 3808 qui
2577 3735 2646 3790 ab
2679 3735 2774 3790 illo
2807 3735 3104 3792 seducendi
3141 3746 3293 3816 sum,
3334 3756 3458 3796 cum
3491 3744 3618 3813 qui-

2038 3827 2142 3882 bus
2174 3827 2228 3880 in
2265 3827 2444 3895 ignem
2471 3830 2732 3900 gehennae
2765 3829 3028 3896 tradatur,
3084 3830 3152 3886 ad
3211 3847 3502 3902 perennem
3565 3847 3620 3890 et

2039 3933 2316 3990 nunquam
2337 3921 2624 3976 liuiendam
2653 3921 3015 3977 exustioncm.

2112 4009 2182 4065 Et
2215 4028 2403 4066 nomen
2425 4012 2589 4067 stella:
2633 4014 2834 4068 dicitur
2891 4013 3239 4070 absinthium.
3269 4017 3619 4072 Absinthium

2037 4105 2204 4159 herba
2243 4121 2428 4160 amara
2452 4115 2536 4161 est
2573 4121 2588 4159 :
2620 4121 2783 4174 porro
2830 4107 3118 4163 edentibus
3170 4111 3350 4165 visum
3417 4127 3616 4166 acuere

2041 4196 2262 4250 tradunt
2296 4197 2511 4252 medici.
2549 4195 2948 4252 Convenienter
2999 4199 3168 4267 igitur
3225 4199 3436 4256 Stellam
3494 4217 3619 4271 quae

2038 4305 2255 4344 onmem
2307 4290 2525 4344 adducit
2561 4289 2922 4359 perditionem
2981 4291 3196 4345 vocavit
3233 4293 3565 4348 absinthium
3598 4309 3614 4347 :

2039 4399 2167 4437 nam
2197 4399 2290 4453 per
2313 4382 2645 4452 voluptatem
2671 4383 2764 4438 dat
2791 4383 3108 4439 hominibus
3143 4385 3439 4455 potandam
3465 4403 3618 4440 aina-

2039 4473 2330 4528 ritudinem
2365 4489 2431 4528 ac
2457 4473 2704 4529 dolosam
2729 4473 3146 4530 subversionem
3185 4493 3198 4528 :
3233 4485 3286 4530 et
3309 4477 3377 4531 ob
3399 4477 3450 4532 id
3479 4495 3615 4547 prm-

339 4572 436 4624 διὰ
485 4570 644 4625 τοῦτο
683 4571 1156 4642 συγχωρούμενος,
1185 4573 1286 4636 τὰς
1315 4575 1696 4644 τιμωρητικὰς
1743 4576 1927 4641 αὐτοῖς

2039 4564 2275 4620 mittitur
2310 4564 2401 4619 hic
2450 4579 2639 4620 severa
2705 4563 2914 4634 ﬂagella
2955 4565 3007 4619 in
3063 4581 3159 4620 eos
3218 4565 3476 4622 inducere
3511 4589 3524 4623 :
3555 4582 3612 4625 ut

343 4665 544 4732 ἐπάγει
579 4664 814 4720 ἐνταῦθα
868 4665 1163 4735 μάστιγας,
1190 4665 1266 4729 ὡς
1291 4666 1359 4720 ἂν
1385 4667 1437 4719 οἱ
1481 4666 1774 4738 δυνάμενοι
1811 4669 1928 4724 δια-

344 4757 566 4826 βλέψαι,
621 4757 690 4810 δι’
749 4757 1027 4826 ὑπομονῆς
1077 4759 1172 4810 καὶ
1219 4758 1518 4828 καρτερίας
1573 4763 1931 4832 χαριστήριον

342 4851 666 4920 ἀναφέρωσι
709 4848 788 4920 τῷ
823 4850 1211 4920 συμφερόντως
1248 4853 1368 4912 ταῖς
1427 4850 1638 4919 θλίψεσι
1670 4869 1932 4925 παραχω-

345 4943 538 5013 ροῦντι
558 4940 968 5012 δοκιμάζεσθαι.
1003 4941 1066 4994 Ol
1101 4939 1276 5003 οὕτως
1300 4939 1394 4994 οὖν
1421 4940 1692 5008 ὀξυωπείν
1715 4946 1932 5015 ἔχοντες

343 5038 416 5103 τῇ
449 5033 640 5103 ,ἀδοξία
673 5032 784 5084 τῶν
813 5031 1070 5101 θλίψεων,
1109 5031 1199 5084 διὰ
1229 5031 1448 5097 ἀδοξίας
1493 5034 1590 5086 καὶ
1617 5034 1934 5106 δυσφημίας

345 5130 416 5182 ἐκ
447 5125 557 5178 τῶν
582 5123 881 5178 δοκούντων
910 5124 1202 5194 ζημιωδῶν
1245 5125 1445 5195 μᾶλλον
1491 5127 1802 5198 ἐκέρδαινον
1847 5129 1934 5182 δό-

343 5219 448 5286 ξαν
471 5217 568 5270 καὶ
595 5215 898 5284 εὐφημίαν,
927 5217 1022 5269 καὶ
1052 5215 1145 5270 ἐπὶ
1171 5215 1350 5286 τούτῳ
1393 5215 1492 5285 τὴν
1523 5218 1743 5270 αἰώνιον
1779 5219 1934 5288 βασι-

343 5310 522 5372 λείαν,
545 5307 612 5364 δι’
656 5309 725 5378 ἣν
771 5309 864 5362 καὶ
889 5307 994 5362 ὑπὸ
1021 5307 1116 5362 τοῦ
1145 5307 1484 5375 ἀγωνοθέτου
1537 5309 1934 5382 δοκιμασθῆναι

344 5402 855 5472 παρεχωρήθησαν.

421 5493 536 5548 Καὶ
555 5492 792 5562 ἐγένετο
823 5493 886 5546 τὸ
908 5496 1109 5560 τρίτον
1124 5492 1244 5546 τῶν
1265 5493 1502 5548 ὑδάτων
1516 5495 1602 5561 είς
1628 5495 1934 5564 ἀψίνθιον.

345 5587 462 5642 Τυῦ
495 5585 792 5658 πειραστοῦ
822 5587 922 5656 τῆς
969 5585 1265 5650 διαθέσεως
1307 5587 1718 5656 μεταλαμϐάνει
1749 5590 1843 5642 καὶ
1871 5589 1942 5642 τὰ

351 5680 835 5752 περιστατούμενά
857 5697 916 5734 τε
957 5681 1052 5733 καὶ
1083 5677 1476 5750 πειραζόμενα.
1513 5680 1938 5751 Μεταλαμϐάνει

347 5773 436 5840 ἑὲ,
464 5773 525 5825 οὐ
558 5772 700 5826 κατὰ
727 5772 789 5824 τὸ
817 5771 1148 5842 πικραίνειν,
1181 5771 1318 5825 ἀλλὰ
1336 5771 1428 5824 τοῦ
1459 5772 1548 5826 διὰ
1577 5774 1676 5843 τῆς
1713 5776 1938 5844 πικρίας

347 5866 418 5919 τὺ
451 5865 677 5918 ὀπτικὸν
713 5863 1013 5936 ρωννύντος
1045 5865 1258 5926 ἑαυτοῖς
1304 5865 1610 5936 σωτηρίως.
1648 5861 1782 5920 Εἶτα
1821 5868 1945 5920 ἐπι-

606 5958 894 6036 Pn'non.
911 5958 1028 6019 Gn.
1065 5955 1222 6020 ενι.

2038 4658 2130 4728 qui
2158 4657 2467 4728 perspicere
2509 4666 2760 4728 possunt,
2793 4673 2888 4727 per
2920 4658 3238 4727 patientiam
3283 4675 3346 4713 ac
3383 4662 3617 4716 toleran-

2038 4751 2165 4806 tiam
2208 4751 2412 4822 gratias
2442 4750 2519 4804 illi
2545 4761 2708 4822 agant
2763 4751 2856 4820 qui
2915 4752 2982 4805 ad
3023 4751 3266 4820 ipsorum
3327 4753 3614 4808 utilitatem

2037 4843 2286 4913 permisit
2306 4853 2365 4898 ut
2385 4843 2772 4899 alllictionibus
2803 4843 3184 4914 probarentur.
3208 4845 3398 4915 itaque
3413 4847 3504 4916 qni
3525 4861 3620 4915 per

2037 4935 2391 4992 alllictionum
2419 4935 2774 5006 ignominiam
2803 4938 2938 4990 adeo
2955 4947 3114 4992 acute
3145 4935 3330 4991 ridere
3361 4951 3616 5007 possunt,

2040 5031 2090 5085 hi
2125 5045 2218 5100 per
2256 5039 2629 5100 contemptum
2664 5039 2719 5084 et
2753 5029 3038 5083 infamiam
3073 5031 3216 5086 umle
3245 5031 3506 5086 damnum
3531 5047 3618 5086 rec

2039 5122 2186 5176 ferre
2213 5121 2558 5186 videbantur,
2579 5121 2740 5190 723
2777 5121 2947 5190 magis
2979 5121 3362 5176 lucril'ecerunt
3389 5123 3618 5190 gloriam

2039 5224 2095 5271 et
2131 5215 2330 5270 bonam
2391 5212 2616 5276 famam,
2667 5213 2892 5282 insuper
2943 5223 2998 5266 et
3043 5229 3266 5284 regnum
3327 5223 3616 5280 atternum,

2040 5317 2260 5379 pI‘OpltEll'
2285 5307 2435 5377 quod
2467 5306 2632 5360 etiam
2664 5304 2736 5360 ab
2761 5307 3092 5376 agonotlaeta
3129 5306 3346 5376 probari
3367 5307 3620 5376 permissi

2041 5413 2192 5460 δωιιι.

2119 5494 2186 5550 Ει
2230 5509 2378 5548 versa
2409 5500 2486 5548 est
2531 5491 2688 5546 tertia
2719 5508 2846 5562 pars
2875 5507 3134 5561 aquarum
3167 5491 3224 5544 in
3273 5489 3618 5544 absinthium.

2043 5591 2360 5645 Commutat
2386 5601 2450 5640 ea
2479 5600 2604 5654 qum
2625 5599 2692 5639 ex
2723 5585 2918 5640 allecto
2941 5585 3232 5640 tentatoris
3261 5585 3506 5654 allligunt
3559 5601 3624 5640 ar.

2048 5691 2258 5738 tentant
2288 5697 2300 5734 :
2331 5685 2672 5732 transmutat
2699 5687 2880 5732 autem
2913 5693 3018 5732 non
3055 5678 3108 5730 in
3157 5693 3224 5732 eo
3253 5677 3398 5747 quod
3437 5693 3624 5732 amara

2049 5775 2182 5840 sint,
2211 5773 2304 5828 sed
2331 5772 2384 5826 in
2422 5786 2488 5825 eo
2517 5771 2662 5842 quod
2715 5771 2936 5826 salutari
2971 5774 3130 5838 modo
3157 5785 3252 5840 per
3304 5773 3626 5826 amaritudi-

2051 5879 2172 5921 nem
2205 5861 2380 5919 visum
2413 5860 2514 5916 sibi
2548 5861 2922 5918 corroborent.
2951 5861 3154 5918 Deinde
3175 5861 3454 5933 subiungit
3475 5863 3622 5932 quod

2227 6129 2248 6156 ὓ
