4110 6410
513 366 620 428 61’)

1333 369 1669 430 ARETlL-‘E
1704 369 2088 429 C/ESABEJE
2123 370 2615 435 CAPPADOCIE
2657 376 2999 439 EPISCOPI

3687 377 3795 442 620

513 478 668 533 multi
688 491 752 532 ex
789 477 949 548 aquis
973 478 1168 532 mortui
1205 477 1334 534 sint.
1360 479 1596 546 Quinam
1617 490 1800 535 autem
1830 492 1961 536 Sunt.
2009 481 2104 534 hi?

2211 484 2364 552 φέρει
2395 485 2479 538 ὅτι
2507 487 2696 541 πολλοὶ
2745 489 2810 541 ἐκ
2837 489 2947 542 τῶν
2983 489 3195 545 ὑδάτων
3230 492 3521 546 ἀπέθανον.
3548 493 3708 557 Τίνες
3741 496 3793 548 δὲ

508 572 612 639 Qui
647 575 886 627 humano
916 586 1066 625 more
1095 570 1415 628 afﬂictiones
1450 573 1833 628 sustinuerunt
1863 573 1916 628 in
1940 587 2095 627 ama-

511 666 754 721 ritudine
798 664 1079 718 absinthii.

1075 795 1307 851 CAPUT
1335 796 1476 851 XXV

510 941 743 1004 Quartus
768 936 984 1007 angelus
1018 936 1230 988 tertiam
1273 935 1490 989 luminis
1530 937 1723 990 solaris
1767 954 1828 989 ac
1885 937 2098 992 lunaris

1005 1017 1209 1074 partem
1236 1007 1504 1061 obscurat.

577 1167 887 1238 thuurtus
917 1167 1134 1237 angelus
1158 1167 1283 1220 tuba
1313 1166 1522 1232 cecinit,
1543 1168 1865 1235 etpercussit
1887 1169 2100 1221 tertiam

505 1271 711 1330 partem
736 1261 865 1315 solis
893 1277 954 1313 ac
989 1260 1200 1314 tertium
1242 1259 1608 1328 partemlunw
1628 1269 1678 1312 et
1703 1259 1915 1312 tertiam
1976 1275 2102 1328 par-

509 1369 611 1411 tem
645 1355 944 1417 stellarum,
978 1355 1056 1407 ita
1079 1365 1134 1406 ut
1156 1352 1532 1407 obscuraretur
1557 1352 1716 1406 tertia
1737 1367 1861 1420 pars
1882 1367 2098 1405 earum:

508 1457 557 1502 et
585 1448 691 1500 diei
726 1463 831 1500 non
863 1445 1058 1500 luceret
1087 1461 1213 1514 pars
1286 1445 1464 1511 tertia,
1501 1454 1549 1498 et
1607 1445 1855 1498 similiter
1907 1444 2099 1498 uectis.

508 1539 579 1592 Et
613 1540 721 1592 vidi
750 1547 798 1592 et
827 1539 1006 1592 audiui
1026 1554 1186 1592 uuam
1215 1537 1450 1608 aquilam
1476 1537 1737 1591 volantem
1754 1552 1846 1605 per
1871 1537 2102 1590 medium

509 1633 650 1698 ca'li,
673 1633 930 1686 dicentem
957 1648 1076 1686 voce
1105 1647 1297 1701 magna
1325 1646 1342 1684 .'
1402 1629 1508 1695 Vw,
1538 1646 1634 1694 rat,
1653 1647 1748 1691 vce,
1808 1629 2100 1682 habitanti-

510 1729 604 1780 bus
640 1730 853 1780 interra
877 1742 906 1778 a
930 1726 1130 1778 ca'teris
1157 1726 1403 1777 tubarum
1441 1722 1650 1778 vocibus
1673 1724 1834 1776 trium
1886 1723 2069 1792 angelo
2089 1753 2100 1760 -

509 1839 626 1876 rum
660 1824 749 1891 qui
769 1831 887 1873 sunt
907 1822 1027 1873 tuba
1050 1819 1303 1872 cmtituri.
1711 1867 1757 1911 ε

577 2109 961 2167 Animadverte
979 2107 1122 2179 quod
1141 2107 1376 2163 dicendo
1408 2107 1624 2162 tertiam
1653 2116 1862 2176 partem
1915 2105 2097 2160 stella-

507 2204 582 2258 ris
621 2202 1018 2272 dispositionis,
1050 2217 1158 2256 non
1191 2200 1340 2270 ipsas
1376 2199 1570 2257 stellas
1601 2200 1740 2253 dixit
1781 2197 2094 2262 obscurari,

507 2295 599 2349 sed
625 2292 678 2348 id
713 2293 857 2364 qttod
898 2294 966 2347 ab
1003 2292 1085 2348 eis
1141 2291 1472 2355 illustratur,
1529 2291 1675 2361 quod
1733 2300 1819 2344 est.
1881 2297 2096 2342 terrena

503 2398 755 2442 creatura
786 2403 800 2440 :
832 2387 952 2441 ideo
977 2400 1197 2456 quoque
1229 2384 1512 2454 subiungit
1548 2397 1562 2435 :
1592 2381 1662 2436 Et
1685 2383 1790 2434 diei
1811 2397 1913 2434 non
1953 2379 2099 2432 luce-

504 2489 581 2533 ret
607 2494 733 2548 pars
767 2479 946 2544 tertia,
997 2478 1102 2531 hoc
1139 2485 1242 2540 est,
1309 2484 1368 2530 ut
1418 2483 1631 2529 terrena
1685 2481 1938 2526 creatura
1989 2485 2095 2524 non

506 2574 907 2627 illuminaretur
929 2571 1139 2625 coalesti
1168 2569 1382 2630 ordine,
1437 2583 1501 2622 ex
1544 2581 1656 2636 quo
1687 2574 1739 2619 et
1771 2565 2004 2619 diurnus
2045 2570 2101 2616 et

505 2675 811 2718 Il')Clll|‘nllS
839 2672 1015 2718 status
1043 2662 1344 2732 perﬁcitur.

579 2771 648 2825 Et
674 2771 781 2826 vidi
802 2781 848 2826 et
871 2771 1050 2825 audivi
1085 2785 1248 2823 unam
1283 2769 1518 2839 aquilam
1545 2768 1826 2826 volantem.
1868 2765 2004 2833 Quis
2021 2764 2103 2820 di-

507 2864 651 2917 ('ilttt‘
683 2865 784 2918 hoc
817 2864 936 2918 loco
960 2863 1158 2932 aquilae
1189 2862 1434 2916 volatus?
1469 2860 1826 2930 Angelorum,
1888 2866 1949 2912 ut
1993 2856 2105 2927 opi-

507 2971 626 3019 nor,
651 2953 744 3024 qui
767 2955 988 3008 interim
1020 2952 1210 3008 emissi
1235 2962 1364 3006 sunt
1400 2964 1455 3005 ut
1479 2951 1745 3022 supplicia
1775 2950 2101 3006 ministran-

508 3057 588 3100 tcs
624 3045 911 3108 inferrent,
948 3047 1213 3099 adversus
1245 3059 1341 3098 eos
1387 3044 1478 3114 qui
1515 3059 1614 3114 per
1669 3043 2101 3099 inobedientiam

505 3148 559 3192 ιιι
589 3137 993 3208 improbitatem
1028 3145 1462 3201 contemnerent,
1491 3134 1620 3188 dum
1664 3135 1945 3190 moderate
1987 3133 2104 3204 qui-

2206 570 2388 644 οὐτοι;
2426 580 2490 633 Oi
2521 580 2880 649 ἀνθρωπίνως
2914 585 3036 648 ταῖς
3092 583 3305 654 θλίψεσι
3338 585 3790 656 προσανέχοντες,

2202 675 2270 743 τῇ
2289 675 2486 746 πικρίᾳ
2515 675 2611 729 τοῦ
2630 675 2904 745 ἀψινθίου.

2777 814 3031 869 ΚΕΦΑΛ.
3083 815 3213 871 κε’.

2221 946 2273 997 '0
2308 945 2587 1017 τέταρτος
2612 948 2869 1018 ἅγγελος
2897 949 2966 1002 τὸ
2989 950 3190 1018 τρίτον
3225 949 3334 1003 τοῦ
3385 951 3650 1018 ἡλιακοῦ
3692 952 3793 1008 καὶ

2558 1020 2929 1088 σεληνιακοῦ
2945 1021 3142 1089 φωτὸς
3156 1018 3437 1081 σκοτίζει.

2277 1176 2385 1230 Kal
2415 1179 2448 1230 ό
2487 1175 2765 1244 τέταρτος
2793 1174 3049 1246 ἅγγελος
3074 1177 3398 1241 ἐσάλπισε,
3431 1177 3527 1232 καὶ
3555 1177 3792 1247 ἐπλήγη

2206 1269 2272 1323 τὸ
2292 1271 2493 1336 τρίτον
2521 1269 2631 1324 τοῦ
2659 1271 2866 1338 ἡλίου,
2907 1269 3005 1324 καὶ
3028 1270 3095 1324 τὸ
3123 1271 3327 1339 τρίτον
3351 1270 3463 1340 τῆς
3492 1273 3792 1341 σελήνης,

2205 1365 2305 1419 καὶ
2346 1365 2412 1417 τὸ
2462 1366 2668 1433 τρίτον
2718 1365 2840 1418 τῶν
2879 1365 3171 1434 ἀστέρων,
3198 1366 3306 1420 Ira
3374 1366 3676 1435 σκοτισθῇ
3727 1369 3793 1420 τὸ

2208 1456 2408 1523 τρίτον
2434 1455 2655 1519 αὐτῶν,
2689 1455 2788 1510 καὶ
2833 1457 2870 1525 ἡ
2909 1455 3097 1525 ἡμέρα
3123 1455 3208 1525 μὴ
3245 1457 3436 1524 φαίνῃ
3468 1457 3534 1510 τὸ
3583 1458 3794 1525 τρίτον

2205 1547 2416 1614 αὐτῆς,
2440 1547 2538 1601 καὶ
2582 1547 2619 1613 ἡ
2649 1547 2766 1611 νὺε
2793 1549 3028 1617 ὁμοίως.
3067 1547 3177 1601 Καὶ
3209 1545 3377 1602 εἶδον
3407 1549 3505 1601 καὶ
3553 1548 3797 1616 ἥκουσα

2204 1640 2342 1706 ἐνὸς
2364 1639 2543 1695 ἀετοῦ
2576 1640 2928 1710 πετομένου,
2953 1641 3023 1694 ἐν
3045 1643 3560 1712 μεσουρανήματι,
3585 1640 3798 1710 λέγον-

2206 1750 2307 1799 τος
2333 1731 2504 1802 φωνῇ
2533 1733 2770 1802 μεγάλῃ
2799 1748 2812 1761 °
2860 1733 3031 1797 Οὐαί,
3066 1734 3235 1798 οὐαὶ,
3267 1735 3401 1787 οὐαὶ
3446 1733 3571 1800 τοῖς
3597 1752 3797 1788 scatat-

2205 1824 2424 1879 κοῦσιν
2465 1824 2566 1878 ἐπὶ
2611 1824 2724 1894 τῆς
2761 1822 2872 1895 γῆς
2897 1826 2963 1879 ὲκ
3011 1825 3128 1880 τῶν
3163 1825 3396 1880 λοιπῶν
3423 1824 3641 1896 φωνῶν
3685 1825 3798 1891 τῆς

2205 1916 2551 1986 σάλπιγγος
2573 1915 2694 1971 τῶν
2750 1915 2928 1985 τριῶν
2970 1917 3244 1989 ἀγγέλων
3292 1918 3413 1971 τῶν
3445 1918 3800 1989 μελλόντων

2203 2010 2541 2071 σαλπίζειν.

2277 2125 2474 2178 Σκόπει
2517 2126 2594 2188 ὡς
2619 2126 2679 2178 τὸ
2717 2125 2903 2196 τρίτον
2948 2123 3119 2178 εἰπὼν
3167 2124 3265 2194 τῆς
3297 2123 3550 2196 ἀστρῲας
3609 2124 3797 2179 διακο-

2205 2219 2485 2288 σμήσεως,
2516 2218 2618 2270 οὐκ
2643 2218 2844 2282 αὐτοὺς
2873 2213 2994 2271 εἷπε
3029 2217 3406 2288 σκοτισθῆναι,
3436 2217 3577 2270 ἀλλὰ
3604 2216 3667 2269 τὸ
3705 2217 3798 2269 ὑπ’

2203 2309 2386 2363 αὐτῶν
2412 2309 2929 2380 καταλαμπόμενον,
2957 2309 2984 2363 ὃ
3021 2311 3054 2381 ἡ
3098 2309 3372 2379 περίγειος
3415 2308 3594 2372 κτίσις
3626 2308 3797 2362 ιστίν.

2205 2401 2297 2454 Διδ
2334 2402 2428 2454 καὶ
2455 2402 2708 2473 ἐπιφέρει
2738 2417 2750 2430 ·
2783 2403 2890 2456 Kal
2926 2401 2996 2455 τὸ
3018 2401 3221 2470 τρίτον
3242 2399 3433 2469 αὐτῆς
3451 2399 3538 2470 μὴ
3585 2400 3798 2469 φαίνῃ.

2205 2489 2518 2557 Τουτέστιν,
2554 2490 2642 2544 ἵνα
2694 2490 2770 2561 μὴ
2809 2493 2876 2561 τῇ
2920 2489 3160 2561 οὐρανίῳ
3208 2489 3572 2559 διακοσμήσει
3627 2503 3801 2540 κατα-

2204 2583 2428 2656 λαμφθῇ
2464 2583 2525 2638 τὸ
2555 2585 2856 2656 περίγειον,
2887 2583 2981 2652 ἀφ’
3009 2577 3085 2636 ὧν
3109 2583 3170 2636 τὸ
3199 2582 3460 2654 ἡμερινὸν
3492 2599 3552 2635 τε
3576 2582 3670 2635 καὶ
3708 2598 3800 2633 νυ-

2205 2677 2457 2749 κτερινὸν
2486 2677 2830 2730 ἀποτελεῖται
2853 2677 3206 2748 κατάστημα.

2277 2789 2384 2845 Καὶ
2405 2789 2571 2844 εἶδον
2608 2790 2706 2844 καὶ
2736 2790 2976 2859 ἤκουσα
3008 2789 3148 2857 ἐνὸς
3196 2789 3380 2845 ἀετοῦ
3433 2788 3792 2858 πετομένου.

2207 2882 2304 2945 Τίς
2334 2883 2369 2952 ἡ
2391 2881 2486 2936 τοῦ
2518 2882 2678 2935 ἀετοῦ
2715 2882 2954 2938 ἐνταῦθα
2977 2885 3212 2954 πτῆσι;;
3239 2881 3359 2936 Τῶν
3392 2881 3526 2943 τέως
3555 2882 3799 2950 ὐποὸλη·

2208 2975 2411 3030 θέντων
2459 2975 2710 3043 ἀγγέλων
2741 2977 2841 3039 τὰς
2886 2976 3158 3046 τιμωρίας
3187 2977 3459 3029 διακονεῖν
3501 2991 3799 3044 παρεωρα-

2213 3069 2415 3139 μένων,
2443 3063 2624 3138 οἶμαι,
2654 3068 2742 3121 διὰ
2775 3069 2837 3121 τὸ
2857 3068 3088 3132 ’ἀπειθὲς
3121 3069 3217 3121 καὶ
3249 3067 3660 3135 ἀσωφρονιστον
3687 3065 3796 3116 τῶν

2207 3161 2276 3213 δι’
2301 3160 2451 3222 ἕλεος
2483 3163 2724 3231 μετρίως
2761 3161 2855 3214 καὶ
2888 3160 3026 3230 πρὸς
3069 3162 3412 3231 ἐπιστροφὴν
3450 3161 3576 3218 ταῖς
3625 3174 3798 3227 τιμω-

505 3234 625 3286 dem
664 3240 719 3284 et
743 3245 810 3285 ex
857 3229 1238 3284 misericordia
1266 3240 1320 3283 et
1341 3230 1407 3282 ad
1460 3229 1875 3284 conversionem
1929 3227 2105 3298 pmuis

2216 3253 2359 3322 ρίαις
2414 3251 2877 3323 ὑποϐαλλομένων
2933 3253 3058 3324 μὲν,
3087 3251 3298 3306 ἑαυτῶν
3346 3251 3404 3304 δὲ
3461 3252 3540 3314 εἰς
3590 3250 3800 3320 βέλτιον

505 3324 896 3395 subjiciuntur,
928 3339 1082 3378 suam
1119 3331 1299 3376 autem
1338 3323 1542 3376 nullam
1581 3321 2012 3386 habentcuram,
2041 3329 2098 3374 ut

505 3418 765 3472 accedant
791 3416 856 3470 ad
889 3415 939 3470 id
967 3415 1116 3486 quod
1161 3415 1355 3470 melius
1378 3423 1480 3470 est.
1522 3413 1688 3486 724
1725 3413 1802 3468 Ad
1833 3413 1932 3468 hos
1966 3427 2098 3481 ergo

507 3512 600 3583 qui
635 3528 742 3566 non
794 3511 1145 3581 rcsipiscunt,
1191 3519 1250 3563 ut
1282 3510 1521 3562 divinam
1582 3507 1896 3562 tuanifestet
1935 3506 2096 3572 iram,

507 3616 560 3659 et
593 3605 741 3658 volat
773 3613 828 3658 et
857 3602 1059 3656 clamat
1081 3601 1287 3671 aquila,
1320 3611 1379 3655 ut
1409 3599 1491 3654 vel
1518 3599 1682 3669 hujus
1712 3600 1908 3653 timore
1965 3598 2098 3651 fiant

507 3712 622 3751 suae
655 3696 853 3750 salutis
891 3708 1182 3748 memores.
1229 3693 1332 3747 Per
1376 3691 1613 3746 medium
1669 3691 1794 3745 cmli
1835 3690 2097 3760 loqueba-

509 3804 621 3856 tur,
653 3791 782 3860 quia
805 3803 977 3858 neque
1009 3789 1149 3840 ultra
1184 3787 1286 3840 hoc
1310 3784 1608 3856 procedere
1638 3791 1889 3853 possunt,
1924 3796 2100 3852 neque

510 3898 632 3938 esse
657 3883 865 3951 absque
891 3881 994 3935 hoc
1026 3881 1224 3934 throno
1246 3893 1309 3933 ae
1331 3886 1568 3933 vectore.
1595 3877 1792 3948 Aquila
1819 3891 1948 3931 vero
1980 3883 2095 3930 erat

509 3993 576 4033 ex
604 3975 712 4030 illis
755 3974 1107 4041 animalibus,
1139 3987 1262 4043 qua:
1300 3969 1696 4042 quadriformia
1729 3978 1888 4025 erant
1919 3986 1932 4023 :
1976 3982 2075 4022 nec

509 4072 656 4127 aliud
696 4070 840 4125 inter
864 4082 928 4123 ca
985 4082 1108 4136 qua:
1163 4064 1514 4119 manifestata
1559 4071 1688 4118 sunt
1724 4060 1897 4117 fuisse
1951 4059 2096 4120 circa

509 4171 791 4228 thronum,
837 4177 902 4216 eo
931 4160 1077 4230 quod
1118 4159 1327 4213 nullum
1368 4157 1602 4212 aliorum
1648 4156 1831 4211 volare
1861 4157 2095 4211 dicatur.

511 4259 667 4315 Unde
692 4258 854 4313 etiam
890 4256 1014 4309 huic
1045 4253 1202 4308 facile
1224 4252 1328 4306 fuit
1358 4252 1598 4307 medium
1627 4251 1752 4308 coeli
1783 4267 2095 4321 occupare:

509 4364 568 4410 et
605 4351 859 4407 similiter
891 4363 956 4404 e0
1001 4347 1146 4418 quod
1172 4354 1336 4401 acuto
1385 4355 1609 4415 aspectu
1661 4345 1841 4416 (quod
1899 4345 2097 4416 aquilis

511 4437 760 4494 naturale
792 4439 910 4507 est)
941 4436 1117 4489 futura
1148 4437 1397 4490 videatur
1430 4451 1536 4489 non
1568 4435 1848 4503 ignorare,
1891 4444 2072 4505 potest

512 4547 574 4586 ea
593 4540 814 4600 propter
847 4543 966 4595 qua:
997 4526 1331 4580 vociferatur
1358 4526 1554 4581 sistere
1571 4535 1695 4580 ante
1717 4541 1813 4581 eos
1845 4530 1940 4596 qui
1966 4527 2099 4581 obe-

2201 3345 2453 3415 οὐδαμῶς
2509 3345 3076 3416 ἐπιφροντισαμένωνο
3108 3344 3320 3407 τούτοις
3352 3339 3449 3397 οὖν
3487 3344 3601 3402 τοῖς
3648 3343 3792 3411 ἀμε-

2202 3440 2485 3507 τανοήτοις
2519 3438 2617 3507 τῆς
2651 3437 2804 3500 Θείας
2851 3437 3022 3506 ὀργῆς
3061 3437 3141 3498 είς
3173 3435 3410 3507 δήλωσιν
3440 3434 3670 3486 πέτεται
3701 3433 3800 3486 καὶ

2207 3529 2404 3599 κράζει
2433 3530 2461 3581 ὁ
2486 3528 2666 3595 ἀετὸς,
2692 3527 2769 3591 ὡς
2817 3528 2885 3582 ἂν
2915 3532 2992 3598 τῷ
3026 3527 3180 3599 φόϐῳ
3209 3527 3435 3594 ταύτης,
3459 3526 3560 3596 τῆς
3589 3524 3801 3578 ἑαυτῶν

2204 3621 2475 3689 γένωνται
2527 3619 2826 3689 σωτηρίας.
2865 3619 2964 3673 Ἐκ
3007 3617 3494 3690 μεσουρανήματος
3552 3616 3681 3686 μὲν,
3715 3615 3800 3667 ὅτι

2209 3710 2344 3782 μηδὲ
2371 3709 2545 3780 πέραν
2569 3708 2765 3762 τούτου
2797 3709 2930 3782 ἄτερ
2963 3711 3058 3762 τοῦ
3107 3708 3300 3780 θρόνου
3330 3709 3530 3778 χωρεῖν
3561 3708 3658 3760 καὶ
3700 3709 3802 3757 ἐπ-

2210 3804 2336 3873 όχου
2359 3805 2548 3856 τούτου
2581 3797 2684 3855 οἷοί
2742 3801 2804 3854 τέ
2833 3803 2994 3857 εἰσιν.
3037 3803 3222 3866 Ἀετὸς
3245 3802 3323 3867 δὲ,
3356 3801 3465 3856 τῶν
3489 3800 3799 3872 τετραμόρ-

2205 3914 2342 3965 φων,
2379 3895 2472 3949 καὶ
2497 3896 2596 3948 οὐκ
2618 3895 2746 3950 ἄλλο
2776 3895 2882 3948 τῶν
2916 3895 3044 3966 περὶ
3075 3893 3168 3948 τὸν
3201 3893 3395 3966 θρόνον
3421 3893 3796 3964 δηλωθέντων,

2205 3988 2300 4041 ἆτε
2329 3989 2533 4040 τοᾶτων
2555 3987 2770 4051 οὐδενὸς
2799 3987 2860 4040 τὸ
2886 3987 3167 4042 ἵπτασθαι.
3205 3987 3296 4053 Ἐξ
3325 3981 3388 4041 οὗ
3425 3987 3520 4039 καὶ
3553 3987 3612 4038 τὸ
3654 4002 3793 4054 μεσο

2205 4085 2408 4157 ουράνη
2420 4103 2494 4156 μα
2535 4084 2868 4139 καταλαϐεῖν
2899 4080 2968 4156 ἦν
2999 4083 3267 4146 εὐπετῶς,
3305 4083 3400 4136 καὶ
3431 4082 3547 4151 ἅμα
3574 4082 3647 4142 ὡς
3679 4079 3802 4149 ἔχον

2204 4181 2271 4249 τῇ
2299 4178 2545 4250 ὀξυωπίᾳ
2574 4177 2624 4248 (ὃ
2659 4177 2943 4249 σύμφυτον
2967 4178 3170 4244 ἀετοῖς)
3210 4176 3271 4229 τὸ
3315 4175 3610 4245 ἀλάθητον,
3643 4189 3801 4242 περι-

2207 4270 2366 4341 σταίη
2406 4273 2520 4334 τοίς
2555 4272 2849 4341 κατηκόοις
2885 4271 2955 4325 τὰ
2983 4271 3069 4339 ἐφ’
3093 4264 3173 4333 οἷς
3212 4269 3402 4339 ἐκϐοᾷ.
3453 4268 3796 4339 Τριπλασιτ-

2205 4357 2429 4423 ζεταιδὲ
2459 4360 2540 4426 τὸ,
2567 4361 2726 4427 οὐαὶ,
2767 4362 2828 4414 οὐ
2879 4361 3040 4430 μόνον
3061 4361 3142 4424 εἰς
3164 4358 3406 4432 ὀδυρμοῦ
3441 4358 3643 4427 γνῶσιν
3693 4374 3798 4408 πε-

2213 4451 2476 4521 ριουσίας,
2501 4453 2616 4505 ἀλλ’
2652 4453 2738 4506 ἵνα
2766 4454 2859 4507 καὶ
2902 4455 3000 4522 τὴν
3041 4451 3428 4521 ἀγανάκτησιν
3483 4449 3577 4503 τοῦ
3633 4449 3802 4518 Τριτ-

2210 4543 2370 4612 αγίου
2407 4545 2722 4618 ὑπογράφῃ,
2753 4546 3070 4618 συμπαθείᾳ.
3112 4563 3172 4598 τε
3199 4545 3307 4597 τῶν
3343 4543 3615 4614 οὐρανίων
3663 4543 3805 4612 πρὸς

511 4622 689 4675 diunt.
713 4619 1240 4686 Triplicaturautem
1274 4633 1371 4683 vae,
1402 4632 1513 4670 non
1543 4617 1720 4671 solum
1741 4618 1809 4672 ad
1833 4618 2099 4688 cognitio-

2259 4596 2272 4612 .
2415 4596 2722 4618 παπ-νη..
2760 4596 3067 4618 “rw—Vw,
3127 4596 3165 4598 η
3216 4596 3220 4597 ν
3357 4596 3362 4597 ν
3412 4596 3464 4614 .-
3711 4596 3722 4612 .
3785 4596 3802 4603 -

2212 4638 2384 4708 ἡμᾶς,
2409 4637 2477 4691 δι’
2500 4639 2568 4708 ἢν
2602 4639 2836 4710 μάλιστα
2858 4640 2952 4693 καὶ
2985 4640 3046 4694 τὸ
3067 4641 3203 4692 οὐαὶ
3235 4638 3446 4702 τούτοις
3470 4637 3806 4708 τριπλασιὰ-

511 4727 636 4778 nem
664 4709 952 4765 afﬂuentia:
973 4710 1224 4764 dolorum
1239 4724 1444 4773 ,verum
1468 4709 1634 4763 etiam
1655 4720 1714 4764 ut
1735 4711 2099 4766 sanctissimae

513 4805 808 4860 Trinitatis
842 4804 1280 4873 indignationem
1304 4801 1602 4868 describat,
1646 4813 1700 4857 et
1740 4814 1962 4876 propter
1990 4821 2106 4860 cte-

517 4897 739 4953 leStium
777 4913 904 4966 erga
934 4911 1034 4950 nos
1055 4895 1482 4960 condolentiam,
1507 4905 1729 4966 propter
1755 4913 1918 4968 quam
1943 4901 2108 4956 etiam

2210 4726 2382 4792 ζεται,
2423 4729 2520 4798 τῆς
2549 4729 3003 4799 ὑπερϐαλλούσης
3036 4731 3332 4800 ἐμφάσεως
3355 4729 3454 4799 τῆς
3488 4729 3629 4798 ὑπὲρ
3649 4728 3806 4798 ἡμῶν

2210 4818 2514 4891 θρηνῳδίας
2550 4822 2851 4876 συνδούλων
2879 4823 3062 4885 αὐτοῖς
3086 4822 3280 4876 ὄντων.
3319 4821 3409 4874 Διὸ
3439 4819 3534 4873 καὶ
3553 4821 3616 4872 τὸ
3633 4820 3798 4887 ἀλγύ-

2213 4912 2405 4965 νεσθαι
2435 4914 2655 4977 αὐτοὶς,
2692 4915 2772 4978 είς
2795 4915 3112 4986 περιουσίαν
3148 4913 3413 4983 ὑπῆρξεν.

519 4995 862 5064 potissimum
892 5008 970 5047 vtc
999 4993 1134 5063 ipsis
1163 4992 1470 5059 triplicatur
1515 5011 1526 5043 :
1567 4995 1635 5048 ad
1678 4993 2100 5063 significandum
2140 5003 2592 5062 lamentationem
2671 5010 2963 5064 maximam
2991 5023 3156 5079 quam
3193 5006 3365 5063 nostri
3423 5005 3598 5076 gratia
3619 5009 3803 5060 susci-

515 5091 694 5162 piunt,
727 5098 985 5156 tanquam
1021 5087 1090 5140 ob
1136 5100 1269 5141 suos
1320 5099 1620 5159 conservos
1657 5102 1669 5138 :
1709 5086 1943 5158 ideoque
1971 5093 2247 5167 contingit
2272 5107 2332 5154 ut
2362 5098 2438 5153 illi
2473 5100 2714 5155 afﬂuenti
2753 5100 2972 5156 tristitia
3005 5099 3332 5155 adiciantur.

579 5207 618 5262 Α
673 5206 875 5262 cwteris
915 5202 1146 5258 uocibus.
1193 5199 1350 5257 Unde
1380 5201 1674 5257 declaravit
1738 5204 1923 5274 aquila
1975 5221 2099 5262 esse

508 5319 584 5358 ea:
609 5303 635 5356 Σ)
658 5300 876 5364 Avoce,
907 5297 1111 5368 inquit,
1149 5297 1314 5361 tubae,
1345 5311 1453 5351 non
1493 5296 1640 5366 quod
1688 5297 1806 5368 ipsa
1843 5313 1946 5354 vox
2004 5314 2098 5355 su-

505 5394 788 5465 perveniat
822 5405 944 5462 qnae
995 5389 1180 5444 futura
1213 5388 1352 5443 mala
1377 5387 1592 5456 elliciat,
1621 5389 1712 5444 sed
1739 5389 2003 5460 quoniam
2029 5407 2100 5446 ex

510 5485 930 5558 praecedentium
998 5481 1321 5553 angelorum
1384 5480 1773 5537 buccinatioue
1848 5484 2100 5539 animum

511 5598 617 5635 ttou
672 5581 1004 5649 appulerunt
1036 5577 1104 5632 ad
1164 5576 1624 5646 resipiscentiam,
1690 5577 1767 5631 nil
1821 5577 1971 5633 aliud
2013 5593 2101 5632 re-

510 5683 620 5725 stat
686 5672 787 5725 nisi
849 5680 910 5726 ut
959 5666 1089 5723 tuba
1159 5683 1392 5730 rursum
1447 5669 1762 5724 excitentur
1833 5679 2097 5741 tanquam

513 5777 730 5829 somno,
770 5775 828 5817 ut
874 5764 954 5820 vel
1021 5766 1102 5823 sic
1149 5771 1447 5832 operentur
1497 5778 1621 5834 qua:
1684 5763 1788 5819 sibi
1829 5764 2095 5820 salutaria

511 5864 662 5910 sunt.

2293 5213 2393 5268 Ἐλι
2411 5213 2528 5267 τῶν
2543 5215 2774 5268 λοιπῶν
2789 5212 3024 5285 φωνῶν.
3045 5215 3216 5268 Πόθεν
3242 5214 3303 5268 τὸ
3323 5211 3456 5267 οὺαὶ
3469 5210 3804 5281 διεσάφησεν

2210 5308 2238 5359 ὁ
2261 5307 2418 5372 ἀετός
2443 5324 2457 5373 ;
2497 5307 2632 5361 Ἀπὸ
2658 5309 2756 5377 τῆς
2785 5309 2969 5378 φωνῆς
2996 5309 3175 5378 φήσας
3205 5307 3302 5378 τῆς
3331 5306 3633 5372 σάλπιγγος
3657 5319 3670 5332 '
3700 5304 3800 5372 οὐχ

2210 5399 2292 5452 ὅτι
2325 5400 2464 5470 αὐτὴ
2494 5402 2528 5472 ἡ
2565 5401 2716 5471 φωνὴ
2745 5402 3077 5472 δημιουργὸς
3107 5400 3216 5453 τῶν
3271 5397 3576 5470 μελλόντων
3613 5396 3803 5450 κακῶν

2210 5491 2562 5562 ἐπέρχεσθαι,
2595 5493 2710 5546 ἀλλ’
2762 5493 2883 5545 ἐπεὶ
2926 5491 3114 5565 μὴτῷ
3155 5489 3449 5560 σαλπισμῷ
3508 5489 3620 5541 τῶν
3666 5505 3803 5558 προ-

2208 5586 2535 5654 ηχησάντων
2570 5585 2820 5653 ἀγγέλων
2855 5585 2994 5656 πρὸς
3026 5586 3316 5655 μετάνοιαν
3368 5581 3614 5643 ἁπεῖδον,
3645 5582 3699 5634 τί
3735 5580 3800 5633 ἂν

2207 5677 2562 5731 ὑπολείπεται
2618 5678 2826 5750 ἀλλο,ἢ
2881 5679 2942 5732 τὸ
2980 5677 3140 5731 πάλιν
3180 5680 3246 5748 τῇ
3296 5676 3562 5743 σάλπιγγι
3607 5673 3684 5733 ὡς
3739 5671 3798 5735 ἐξ

2207 5767 2378 5821 ὕπνου
2407 5769 2765 5841 διαναστῆναι
2812 5771 2949 5842 πρὸς
2998 5769 3097 5840 τὴν
3130 5769 3240 5823 τῶν
3287 5766 3570 5838 σωτηρίων
3613 5765 3795 5824 αὐτοῖς

2187 5863 2471 5934 -ὲργασίαν
2499 5881 2512 5932 ;
