4110 6486
335 470 439 534 621
1411 469 1798 531 COMMENT.
1837 469 1918 531 IN
1959 469 2192 530 APOCA
2202 469 2491 531 LYPSIN.
2767 457 2772 462 ’
3495 470 3602 534 6'22

903 574 1152 628 ΚΕΦΔΛ.
1211 576 1345 628 κη’.
1573 583 1576 586 ·
1943 588 1990 642 Α

1573 583 1576 586 ·
1943 588 1990 642 Α
2526 560 2758 631 (ΣᾹῙῖΠΤ
2789 577 3035 633 xxvm.
3075 565 3081 568 ’

331 689 478 761 Περί
505 687 628 761 ,τοῦ
698 687 974 761 πέμπτου
1007 686 1284 761 ’ἀγγέλου
1307 727 1322 751 ,
1351 688 1468 761 ’καί
1509 689 1630 761 τῶν
1694 690 1762 742 ἐκ
1803 688 1917 761 γῆς

2024 690 2098 742 De
2123 693 2306 759 quinto
2333 691 2519 760 angelo
2542 703 2589 744 et
2616 693 2985 761 spiritualibtts
3034 693 3248 746 locustis
3272 692 3605 746 ascendenti-

404 760 682 836 ἀϐύσσου
709 756 1148 836 ,ἀνερχῇομένων
1166 757 1423 836 fancies:
1455 760 1717 827 ἀκρίδων
1745 799 1760 823 ,
1813 756 1916 811 καί

2093 756 2188 814 bus
2225 777 2290 814 ea;
2315 756 2502 832 abysso
2537 756 2712 829 terra,
2762 764 2925 833 deque
2975 765 3124 816 varia
3145 764 3312 832 specie
3346 763 3601 830 ipsarum.

409 829 515 882 τοῦ
554 829 835 880 ποικίλου
854 828 964 894 τῆς
987 828 1228 894 μορφῆς
1265 828 1488 883 αὐτῶν.

407 937 514 992 Καὶ
553 940 586 992 ὁ
639 936 906 1007 πέμπτος
965 937 1222 1008 ἅγγελος
1243 939 1547 994 ἐσάλπισε
1572 957 1586 972 ·
1626 941 1722 994 καί
1753 935 1920 994 εἶδον

2109 935 2174 990 Ει
2206 939 2422 1009 quintus
2449 939 2664 1009 angelus
2707 939 2834 993 tuba
2889 939 3160 1005 cecinit,et
3181 939 3288 993 uidi
3307 939 3516 992 stellam
3547 941 3607 991 de

330 1030 558 1098 ἀστέρα
579 1029 648 1082 ἐκ
673 1029 780 1084 τοῦ
817 1030 1078 1097 οὐρανοῦ
1107 1032 1462 1086 πεπτωκότα
1486 1034 1573 1098 είς
1602 1033 1718 1098 τὴν
1757 1032 1876 1100 γῆν
1903 1047 1916 1062 ο

2023 1029 2150 1084 cazlo
2179 1031 2429 1084 cecidisse
2452 1032 2503 1084 in
2525 1041 2722 1085 terram
2750 1047 2769 1084 :
2800 1041 2850 1086 et
2873 1033 3006 1084 data
3039 1041 3118 1086 est
3177 1032 3281 1100 ipsi
3303 1032 3464 1085 clavis
3513 1047 3610 1098 pu-

339 1123 436 1176 καὶ
466 1121 645 1188 ἐδόθη
676 1119 838 1185 αὐτῷ
866 1121 904 1188 ἠ
937 1121 1110 1187 κλεὶς
1152 1121 1259 1175 τοῦ
1283 1121 1536 1191 φρέατος
1570 1122 1684 1192 τῆς
1725 1125 1918 1178 ἀϐύσ-

2026 1124 2095 1175 tei
2117 1123 2316 1192 abyssi,
2336 1133 2386 1176 et
2426 1124 2634 1188 aperuit
2672 1133 2886 1192 puteum
2909 1123 3085 1193 abyssi
3108 1133 3194 1178 :et
3233 1123 3468 1178 ascendit
3520 1131 3607 1192 jn-

337 1230 458 1267 σου
489 1231 504 1244 ·
527 1212 628 1266 καί
659 1213 844 1278 ἀνέϐη
885 1212 1116 1278 καπνὸς
1153 1213 1222 1266 ἐκ
1253 1213 1361 1267 τοῦ
1389 1213 1667 1283 φρέατος,
1691 1215 1772 1278 ὠς
1815 1230 1920 1266 κα-

2025 1228 2140 1264 mus
2157 1216 2220 1265 de
2239 1221 2417 1280 puteo,
2449 1215 2584 1267 sicut
2613 1215 2791 1282 fumus
2812 1214 3049 1282 fornacis
3076 1213 3333 1279 ardentis,
3352 1225 3400 1268 et
3419 1213 3607 1268 obscu-

335 1306 493 1371 πνὸς
519 1305 775 1372 καμίνου
808 1304 1130 1373 καιομένης
1160 1322 1173 1336 ·
1218 1305 1315 1360 καὶ
1345 1305 1670 1372 ἐσκοτίσθη
1691 1307 1725 1358 ὁ
1747 1306 1923 1372 ἣλιος

2027 1317 2176 1358 ratus
2191 1315 2268 1358 est
2287 1305 2367 1358 sol
2395 1315 2445 1358 et
2468 1323 2559 1359 aer
2582 1324 2614 1359 a
2635 1308 2781 1375 fumo
2814 1309 2960 1376 putei
2983 1323 3000 1360 :
3030 1316 3078 1360 et
3108 1307 3172 1360 tle
3201 1308 3346 1376 fumo
3369 1309 3636 1362 exierunt.

335 1397 438 1448 καὶ
465 1399 499 1448 ὁ
527 1395 643 1464 ἀὴρ
671 1395 739 1447 ἐκ
757 1393 866 1448 τοῦ
894 1395 1128 1449 καπνοῦ
1152 1395 1258 1450 τοῦ
1280 1397 1538 1464 φρέατος
1567 1413 1583 1427 ·
1605 1397 1704 1450 καί
1730 1396 1798 1448 ἐκ
1816 1396 1923 1450 τοῦ

2027 1396 2244 1450 locusta:
2261 1398 2316 1450 in
2336 1405 2556 1460 terram,
2569 1408 2617 1451 et
2633 1398 2763 1451 data
2784 1409 2860 1452 est
2877 1400 3005 1468 ipsis
3021 1409 3248 1468 potestas
3265 1401 3399 1454 sicut
3420 1401 3613 1454 habent

335 1486 579 1539 καπνοῦ
616 1485 881 1554 ἐξῆλθον
917 1487 1158 1557 ἀκρίδες
1185 1489 1271 1554 είς
1313 1489 1427 1556 τὴν
1449 1487 1585 1558 γῆν,
1617 1489 1714 1542 καὶ
1746 1487 1923 1555 ἐδόθη

1242 1508 1271 1554 ς
1313 1489 1427 1556 τὴν
1449 1487 1585 1558 γῆν,
1617 1489 1714 1542 καί
1746 1487 1923 1555 ἐδόθη
2025 1499 2332 1558 potestatem
2357 1491 2654 1558 scorpiones
2693 1500 2865 1546 teri-te.

331 1577 550 1643 αὑταῖς
572 1577 823 1642 ἐξουσία
855 1577 934 1645 ὡς
955 1578 1216 1646 ἔχουσιν
1239 1579 1534 1644 ἐξουσίαν
1564 1583 1618 1634 ot
1643 1581 1926 1648 σκορπίοι

331 1670 453 1738 τῆς
493 1668 624 1740 γῆς·
1323 1739 1326 1742 .

424 1764 522 1817 Ἐκ
573 1763 671 1817 τοῦ
726 1762 965 1833 ούρανοῦ
1016 1762 1200 1816 πεσὼν
1240 1764 1442 1834 ἀστὴρ,
1475 1762 1785 1826 ὁδιὰϐολός
1832 1763 1926 1816 ὲσ-

2101 1757 2264 1830 ’125
2283 1758 2607 1828 Stella,quae
2621 1773 2651 1814 e
2669 1758 2807 1814 coelo
2825 1759 3042 1823 cecidit,
3056 1768 3140 1814 est
3159 1759 3431 1828 diabolus;
3446 1760 3613 1816 clavis

335 1873 428 1908 τιν
450 1870 466 1886 ⁸
513 1858 548 1926 ή
577 1855 725 1918 κλεὶς
762 1855 820 1908 δὲ
850 1855 942 1907 τοῦ
971 1855 1226 1928 φρέατος,
1252 1857 1284 1925 ή
1317 1856 1532 1910 δοθεῖσα
1579 1855 1728 1926 αὐτῷ
1753 1855 1927 1926 τούτῳ

1986 1920 1997 1928 _
2031 1861 2212 1906 autem
2235 1850 2403 1919 putei,
2418 1866 2540 1920 quae
2555 1850 2682 1905 huic
2703 1850 2806 1920 ipsi
2832 1851 2955 1905 data
2970 1859 3073 1916 est,
3097 1851 3300 1904 dicitur
3314 1849 3609 1906 certitudo:

337 1948 610 2017 ἀσφάλεια
643 1965 658 1979 ·
715 1947 1120 2016 ἀνεκφεύκτους
1155 1943 1296 2001 εἶναι
1353 1948 1478 2009 τοὺς
1509 1949 1924 2017 κατεχομένους,

1988 1921 2178 2014 ι(ιιιοιί
2239 1943 2316 1997 illi
2357 1919 2465 1998 non
2521 1919 2781 2012 effugient
2835 1947 2928 2013 qui
2959 1944 3026 1998 ab
3066 1943 3186 2011 ipso
3245 1943 3611 2013 possidentur,

342 2039 582 2108 μάλιστα
620 2040 667 2091 εί
700 2039 1018 2108 ἁμαρτωλοὶ
1065 2034 1177 2092 εἷεν
1207 2055 1222 2069 ·
1258 2039 1438 2110 φρέαρ
1488 2039 1566 2104 δὲ,
1600 2040 1660 2092 τὸ
1717 2042 1774 2090 ὲν
1809 2043 1880 2110 γῇ
1911 2053 1924 2066 ³

2030 2037 2266 2089 maxime
2287 2036 2331 2090 si
2351 2044 2664 2104 peccatores
2691 2035 2834 2100 sint;
2869 2043 3062 2104 puteus
3086 2049 3215 2088 vero
3243 2033 3298 2087 in
3331 2042 3472 2088 terra
3495 2043 3617 2089 est:

337 2131 406 2183 οὐ
437 2130 548 2200 γὰρ
581 2129 756 2192 ἄλλως
786 2131 848 2184 τὸ
877 2131 1288 2200 ἀναποδραστον
1317 2131 1348 2200 ἢ
1383 2131 1468 2185 διὰ
1499 2130 1732 2201 φρέατος
1762 2130 1930 2200 δηλω-

2032 2141 2212 2197 neque
2237 2128 2384 2181 enim
2417 2127 2525 2181 alio
2553 2125 2716 2180 modo
2741 2125 3148 2195 signiﬁcaretur
3201 2125 3611 2189 inevitabilitas,

339 2221 488 2292 θείη.
520 2222 792 2286 Ἀὄυσσος
821 2223 878 2275 δὲ
907 2223 1001 2276 καὶ
1033 2225 1092 2276 ὲν
1121 2227 1192 2293 γῇ
1229 2237 1244 2252 ·
1275 2223 1368 2276 ἐπὶ
1400 2222 1508 2292 γῆς
1539 2223 1705 2294 γάρή
1749 2240 1926 2292 τιμω-

2033 2219 2137 2272 nisi
2172 2233 2270 2287 per
2298 2225 2522 2285 puteum
2553 2233 2567 2270 :
2601 2217 2836 2285 abyssus
2865 2231 3084 2286 quoque
3113 2217 3165 2270 iu
3193 2225 3336 2271 terra
3368 2231 3491 2272 esse
3534 2217 3613 2270 di-

341 2315 442 2384 ρὶα
471 2315 566 2368 καὶ
599 2315 655 2366 ἐν
693 2314 916 2385 ἀϐύσσῳ
978 2315 1196 2385 φρέατι.
1238 2316 1514 2368 Ἀϐυσσον
1545 2317 1656 2385 γὰρ
1703 2315 1930 2368 καλοῦσι

2031 2311 2174 2366 citur
2207 2326 2374 2365 :nam
2419 2310 2474 2364 in
2515 2319 2659 2364 terra
2709 2319 2793 2365 est
2830 2312 3153 2380 supplicium
3209 2321 3260 2365 et
3315 2312 3369 2366 in
3419 2314 3617 2384 abysso

339 2403 408 2455 τὸ
438 2403 572 2458 πολὺ
606 2403 772 2474 βάθος
795 2405 890 2458 τοῦ
922 2405 1140 2474 πρώτου
1179 2405 1468 2477 στοιχείου,
1497 2405 1530 2476 ἢ
1557 2405 1702 2458 κατά
1731 2408 1930 2476 στέρη-

2033 2412 2220 2473 puteo.
2247 2401 2528 2472 Siquidem
2557 2402 2813 2471 abyssum
2867 2413 3066 2458 vocant
3090 2403 3467 2459 vehementem
3509 2403 3617 2474 pri-

343 2511 434 2546 σιν
493 2493 586 2546 τοῦ
641 2493 904 2564 βεϐύσθαι
950 2495 1010 2548 τὸ
1069 2495 1322 2566 ἀειχανὲς
1374 2494 1922 2566 ὑποϐαλλομένου,ἢ

2034 2493 2108 2546 mi
2143 2493 2401 2548 elementi
2428 2492 2876 2562 profunditatem,
2907 2501 3004 2546 aut
3030 2507 3126 2561 per
3143 2493 3502 2562 privationem
3520 2491 3614 2546 τοῦ

345 2585 495 2638 κατά
544 2585 798 2639 ἐπίτασιν
855 2585 918 2639 τὸ
963 2585 1269 2650 πολυὸαθὲς
1325 2586 1767 2657 παριστάνοντος.
1809 2588 1932 2641 Ὀτι

2035 2583 2316 2655 βεϐύσθαι,
2341 2583 2398 2637 id
2438 2593 2526 2640 est
2549 2583 2957 2650 occultationis,
2999 2585 3147 2654 quod
3173 2600 3390 2655 semper
3413 2585 3619 2641 hiando

342 2676 406 2728 δὲ
437 2678 494 2729 ὲν
522 2679 594 2748 γῇ
616 2680 650 2747 ή
677 2676 882 2748 κρίσις,
907 2677 1018 2731 τῶν
1049 2678 1222 2746 ἀγίων
1252 2695 1338 2740 τις
1385 2679 1682 2748 προφητῶν
1710 2678 1798 2732 διά
1833 2681 1934 2746 τῆς

2035 2691 2146 2732 non
2179 2677 2416 2731 oceultet
2453 2677 2504 2731 id
2541 2677 2684 2746 quod
2715 2677 3058 2747 suppositum
3093 2687 3188 2733 aut
3227 2678 3486 2748 injectum
3511 2691 3615 2746 est,

343 2769 596 2833 κοιλάδος
623 2769 846 2841 ᾐνίξατο
873 2770 968 2824 τοῦ
1003 2770 1294 2839 Ἰωσαφὰτ,
1319 2773 1378 2824 ὲν
1470 2770 1816 2824 καθεδεῖσθαι
1843 2772 1934 2824 τὸν

2036 2781 2128 2826 aut
2164 2787 2258 2841 per
2311 2771 2674 2827 intensionem
2711 2772 2868 2844 (nam
2897 2791 2931 2825 α
2979 2779 3034 2828 et
3059 2773 3422 2843 privationem
3447 2773 3621 2844 signi-

345 2860 484 2914 Θεὸν
529 2864 610 2923 εἰς
659 2862 844 2934 κρίσιν
887 2862 1388 2933 ὲχρησμοδότησεν,
1416 2861 1496 2931 τῷ
1546 2861 1776 2925 πολλοὺς
1817 2861 1936 2914 ἐκεῖ

2037 2863 2161 2916 ticat
2191 2867 2245 2916 et
2275 2860 2686 2931 intensionem)
2732 2865 2878 2932 quod
2927 2862 3309 2917 vehementem
3371 2865 3621 2919 ostendat

347 2954 621 3023 πολέμους
674 2957 974 3024 συμπεσεῖν
1015 2955 1112 3008 καὶ
1156 2954 1558 3026 συγχωσθῆναι.
1606 2953 1828 3007 Καπνὸν
1876 2953 1936 3007 δὲ

2038 2955 2484 3025 profunditatem.
2515 2954 2670 3020 Quod
2696 2967 2876 3010 autem
2910 2955 2964 3010 in
2993 2963 3136 3010 terra
3164 2954 3412 3010 futurum
3439 2956 3619 3025 sitju-

347 3049 683 3118 ἀναδοθῆναι
709 3050 818 3104 ἀπὸ
839 3049 936 3105 τοῦ
973 3050 1231 3120 φρέατος,
1259 3050 1359 3119 τῆς
1397 3049 1508 3102 τῶν
1535 3051 1652 3102 ἐκεῖ
1689 3065 1934 3119 περιειρ-

2037 3048 2264 3112 dicium,
2297 3047 2519 3116 quidam
2545 3054 2862 3101 sanctorum
2889 3047 3279 3116 prophetarum
3306 3063 3401 3118 per
3425 3049 3617 3102 vallem

348 3160 386 3210 γ
394 3141 572 3210 μένων
589 3140 804 3196 ἀσεϐῶν
831 3143 1050 3213 μνήμης
1065 3159 1124 3194 τε
1143 3143 1238 3196 καὶ
1263 3142 1579 3210 ὲκφάνσεως
1595 3140 1938 3210 ὀργιλώτατα

2037 3137 2300 3207 Josaphat
2334 3137 2655 3202 insinuavit,
2690 3137 2745 3191 in
2776 3153 2885 3208 qua
2940 3153 3221 3193 sessurum
3278 3153 3401 3194 esse
3451 3137 3621 3194 Deum

355 3233 820 3303 παραστησάσης,
865 3235 960 3286 καὶ
993 3232 1287 3303 τοσαύτην,
1318 3233 1452 3302 ὅσην
1498 3232 1646 3296 εἰκὸς
1681 3233 1776 3286 καὶ
1830 3231 1978 3307 ἀπὸ(

2001 3255 2008 3306 ι
2040 3227 2108 3282 ad
2135 3227 2406 3297 judicium
2437 3227 2769 3281 vaticinatus
2800 3235 2922 3280 est:
2975 3227 3122 3296 quod
3159 3227 3327 3281 multa
3359 3227 3433 3281 ibi
3483 3227 3624 3284 bella

347 3325 588 3395 καμίνου
623 3325 992 3380 ἀναδίδοσθαι.
1024 3323 1136 3378 Καὶ
1167 3323 1360 3395 ὥσπερ
1407 3326 1612 3387 ἐκεῖνος
1642 3325 1670 3376 ὁ
1723 3323 1930 3386 καπνὸς

2037 3319 2384 3389 contigerint,
2427 3317 2696 3387 multique
2727 3318 3006 3372 exercitus
3040 3318 3148 3373 fusi
3190 3320 3323 3374 sint.
3383 3317 3620 3376 Fumum

349 3417 518 3488 ἀχλύῖ
573 3418 668 3471 καὶ
731 3418 910 3489 σκότῳ
965 3418 1026 3472 τὸ
1078 3416 1337 3488 περιέχον
1387 3415 1822 3486 ἀναμπιμπλὼν,
1875 3413 1936 3466 τὸ

2038 3421 2274 3466 autema
2319 3417 2484 3480 puteo
2533 3409 2759 3478 produci
2795 3409 3022 3473 dicitur,
3069 3411 3213 3478 quod
3262 3413 3526 3465 memoria
3561 3427 3625 3466 ac

349 3509 582 3580 ἡλιακὸν
627 3507 744 3576 φῶς
792 3509 1073 3578 ἀμαυροῖ⁶
1117 3507 1210 3559 τὸν
1270 3505 1431 3558 αὑτὸν
1485 3505 1686 3576 τρόπον
1755 3503 1850 3556 καὶ
1902 3504 1936 3572 ή

2040 3502 2286 3558 narratio
2329 3501 2398 3556 de
2447 3501 2632 3570 impiis
2685 3502 2777 3571 qui
2831 3502 2902 3556 ibi
2935 3502 3269 3564 detinentur,
3295 3503 3534 3572 proferat
3559 3517 3623 3557 ea

351 3599 468 3652 τῶν
497 3597 708 3652 ἀσεϐῶν
742 3597 932 3668 μνήμη
963 3596 1434 3656 ἀνακαινισθεῖσα,
1471 3595 1602 3657 πᾶν,
1647 3592 1751 3645 εἴτι
1792 3611 1935 3663 συμ-

2038 3611 2163 3664 qua:
2197 3593 2495 3646 tuaximam
2536 3593 2819 3647 continent
2869 3593 3032 3658 iram,
3089 3601 3140 3647 et
3176 3601 3388 3648 tantum
3443 3593 3627 3650 luctus

351 3691 590 3752 παθείας
635 3689 772 3757 φῶς,
803 3690 1066 3744 ἐσϐέσθαι
1093 3689 1384 3760 ἐνεποίησε
1410 3687 1488 3758 τῷ
1521 3685 1798 3756 μεγαλείῳ
1825 3685 1931 3740 τῶν

2041 3695 2308 3756 quantum
2339 3684 2476 3738 fumi
2503 3685 2801 3739 verisimile
2835 3694 2919 3740 est
2948 3701 2978 3739 a
3007 3685 3226 3740 camino
3255 3687 3505 3755 produci.
3563 3688 3627 3743 Et

349 3777 450 3832 τολ
459 3776 738 3847 μηοέντων
773 3779 982 3841 αὐτοῖς.

2040 3779 2504 3848 quemadmodum
2569 3779 2660 3832 ille
2689 3777 2872 3833 fumus
2897 3778 3130 3850 caligine
3165 3793 3230 3832 ac
3261 3781 3501 3836 tenebris
3529 3795 3621 3836 re-

357 3872 514 3942 plens
545 3871 768 3942 quiquid
802 3871 1256 3942 circumadjacet,
1329 3871 1510 3927 solare
1544 3871 1728 3926 lumen
1777 3875 2086 3930 obscurat:
2141 3876 2206 3930 ad
2241 3875 2494 3930 eumdem
2559 3889 2780 3944 quoque
2832 3877 3054 3930 modum
3107 3889 3374 3934 renovata
3430 3876 3630 3946 impio-

356 3979 482 4018 rum
522 3967 804 4028 memoria,
865 3965 910 4018 si
955 3967 1102 4033 quod
1141 3972 1225 4018 est
1284 3963 1680 4032 compassionis
1725 3964 1931 4031 lumen,
1972 3981 2134 4021 onmc
2167 3965 2298 4021 illud
2360 3964 2633 4036 exstingui
2655 3967 2831 4036 coegit
2859 3967 2931 4020 ob
2959 3981 3148 4023 eorum
3185 3967 3621 4042 magnitudinem

351 4077 484 4131 quae
513 4062 614 4130 ipsi
641 4071 856 4129 patrare
881 4063 1000 4118 ausi
1034 4073 1180 4116 sunt.

430 4156 539 4210 Kal
565 4155 632 4209 ἐκ
661 4156 769 4209 τοῦ
802 4157 1038 4210 καπνοῦ
1062 4155 1328 4224 ἐξῆλθον·
1353 4153 1614 4223 ἀκρίδες.
1669 4153 1730 4209 ἸΙ
1761 4157 1947 4226 μνήμη

2127 4157 2196 4210 Et
2226 4157 2290 4212 de
2313 4158 2459 4226 [uino
2488 4159 2730 4212 exierunt
2777 4157 3017 4213 locusta'.
3049 4157 3251 4213 Mentio
3289 4158 3348 4213 lit
3387 4159 3628 4220 locusta.

353 4247 470 4305 τῶν
523 4246 801 4318 ἀκρίδων,
863 4246 1260 4316 ὑποσημαίνειν
1319 4245 1498 4298 ἔοικεν
1565 4247 1947 4316 ἁπηνεστέραν

2053 4265 2174 4304 rum
2205 4249 2272 4303 ad
2309 4248 2700 4319 designandum
2755 4249 3204 4303 violentissimam
3282 4261 3627 4318 peccatorum

348 4342 458 4409 τὴν
495 4340 714 4412 μνήμην
739 4339 836 4409 τῆς
872 4339 983 4392 τῶν
1019 4337 1362 4410 ἁμαρτωλῶν
1401 4340 1458 4392 ὲν
1493 4340 1560 4408 τῇ
1624 4339 1946 4410 προσκαίρῳ

2051 4342 2522 4397 conversationem
2565 4342 2618 4394 in
2653 4343 2752 4395 hac
2781 4341 3064 4409 temporali
3096 4341 3227 4407 vita,
3261 4343 3339 4398 sic
3365 4352 3625 4400 uteorum

353 4431 528 4486 αὐτοῦ
574 4431 685 4504 ζωῇ
717 4434 1104 4501 ὲκτοπωτάτης
1133 4432 1434 4502 διαγωγῆς.
1483 4430 1574 4486 Διὸ
1615 4431 1709 4484 καὶ
1748 4432 1814 4484 ἐκ
1846 4432 1942 4484 τοῦ

2053 4447 2274 4502 quoque
2303 4431 2569 4486 memoria
2597 4432 2670 4487 sit
2707 4431 3032 4500 gravissima
3070 4448 3084 4485 :
3126 4432 3247 4488 ideo
3293 4449 3513 4506 quoque
3553 4441 3632 4492 ait

357 4523 574 4579 καπνοῦ
600 4525 697 4596 τὴν
733 4525 951 4594 γένεσίν
998 4541 1165 4596 φησιν
1217 4523 1546 4594 ἐσχηκέναι,
1580 4523 1810 4592 ἐπείπερ
1847 4523 1944 4576 καὶ

2051 4539 2118 4580 ex
2146 4523 2294 4578 fumo
2321 4537 2418 4578 eas
2439 4531 2622 4578 ortum
2643 4524 2925 4587 habuisse,
2963 4525 3408 4596 (ptandequidem
3430 4537 3484 4584 et
3507 4545 3632 4584 cor-

349 4617 471 4668 τῶν
513 4616 790 4687 αἰσθητῶν
851 4616 1088 4686 ἀκρίδων
1148 4617 1182 4686 ή
1235 4617 1450 4683 γένεσις
1502 4616 1569 4668 ἐκ
1615 4613 1944 4686 φθοροποιοῦ

2010 4639 2024 4688 ι
2053 4620 2326 4690 poralium
2361 4620 2699 4674 locustarum
2733 4620 3018 4689 generatio
3072 4621 3418 4677 occasionem
3463 4629 3633 4680 sumit

353 4707 708 4777 περιέχοντος
755 4707 1026 4777 λαμϐάνει
1055 4708 1155 4778 τὴν
1208 4707 1492 4776 ἀφορμήν.
1539 4704 1701 4758 Ἀλλά
1746 4705 1842 4762 καὶ
1884 4705 1945 4758 τὸ

2049 4728 2116 4768 ex
2154 4719 2540 4779 corrumpeute
2579 4712 2763 4781 aliqua
2813 4711 3312 4781 circumadjaccnte
3377 4717 3629 4772 materia.

351 4799 604 4866 ἀκρίδες
628 4799 823 4868 ὄνομα,
864 4801 966 4852 οὐκ
989 4799 1094 4864 ἔξω
1137 4798 1232 4852 τοῦ
1282 4798 1404 4851 κατ’
1440 4799 1614 4868 ἄκρας
1653 4798 1751 4861 τὰς
1775 4815 1948 4867 τιμω-

2050 4803 2227 4858 Sedet
2254 4817 2449 4856 nomen
2479 4801 2740 4872 ἀκρίδων,
2761 4801 2816 4855 id
2835 4810 2919 4856 est
2941 4801 3300 4866 locustarum,
3321 4818 3428 4856 non
3451 4803 3550 4858 abs
3578 4821 3635 4860 rc

357 4890 486 4959 ρίας
520 4889 828 4960 ἐπαχθῆναι
859 4891 996 4961 πρὸς
1039 4889 1276 4960 δήλωσιν
1307 4889 1654 4961 παρελήφθη.
1685 4887 1946 4942 Δεθόσθαι

2052 4904 2396 4963 assumptum
2420 4902 2522 4958 est,
2550 4891 2646 4948 sed
2675 4891 2740 4946 ad
2773 4891 3188 4964 signiﬁcandum
3232 4896 3496 4964 supplicia
3547 4895 3632 4950 iu-

355 4983 420 5035 ὃὲ
459 4983 709 5046 ἐξουσίαν
735 4983 810 5046 ὡς
846 4984 942 5036 ἐπὶ
969 4983 1230 5053 ἐμψύχων
1262 4983 1454 5044 αὑταῖς
1485 4980 1848 5049 διεσκευάσθη
1875 4981 1942 5050 τῇ

2049 4987 2171 5042 duci
2195 4985 2314 5042 κατ’
2335 4985 2510 5056 ἄκρας
2534 4985 2586 5038 id
2605 4993 2689 5038 est
2717 4985 2768 5038 in
2795 4999 3012 5040 summo
3031 4986 3146 5040 sive
3162 4985 3312 5054 juxta
3331 4999 3631 5043 extremam

359 5076 808 5146 προσωποποιίᾳ,
855 5075 934 5144 τῷ
985 5073 1368 5135 ἀνυποστόλως
1421 5072 1517 5125 καὶ
1563 5070 1947 5140 ἀπαρεμποδί-

2050 5079 2424 5132 acerbitatem.
2487 5076 2659 5130 Porro
2713 5077 2893 5130 datam
2935 5076 3068 5146 ipsis
3121 5093 3243 5133 esse
3301 5087 3629 5147 potestatem

363 5185 509 5231 στως
541 5167 642 5230 τὰς
679 5168 951 5238 τιμωρίας
1002 5166 1262 5220 ἀνύεσθαι
1287 5182 1301 5197 ο
1327 5165 1444 5217 ἀλλ’
1497 5165 1586 5216 ἵνα
1630 5163 1703 5233 μή
1754 5179 1838 5226 τις
1881 5161 1948 5214 τὰ

2051 5179 2308 5241 tanquam
2333 5169 2470 5222 vivis
2492 5167 2844 5230 animalibus,
2867 5182 2962 5236 per
2989 5169 3426 5236 prosopOptBiam
3447 5169 3633 5238 ἀίδρυ-

355 5263 477 5314 τῶν
525 5260 764 5332 ἀκρίδων
805 5261 1063 5331 δήγματα
1100 5257 1254 5322 εἰδὼς
1299 5258 1360 5310 οὐ
1419 5254 1690 5325 τοσαύτην
1755 5253 1948 5322 ὀδύνην

2052 5263 2216 5318 situm
2271 5273 2378 5326 est,
2451 5261 2593 5330 quod
2670 5259 2826 5312 nullo
2878 5267 3021 5313 metu
3081 5261 3338 5330 nulloque
3402 5263 3632 5330 impedi-

363 5355 706 5425 παρέχοντα,
742 5353 986 5423 φορητὴν
1010 5351 1274 5405 ὑπολάϐοι
1299 5350 1400 5420 τὴν
1433 5345 1726 5417 ἀλγηδόνα,
1752 5345 1812 5398 τὸ
1841 5345 1950 5395 τῶν

2056 5365 2236 5408 mento
2261 5351 2526 5421 supplicia
2556 5359 2912 5420 exsequatur.
2939 5349 3043 5404 Sed
3068 5351 3269 5420 nequis
3293 5351 3474 5406 sciens
3497 5369 3633 5420 qua-

363 5449 650 5518 σκορπίων
715 5447 970 5514 ἐπιφέρει
1033 5445 1360 5513 ὑπόδειγμα,
1412 5439 1794 5508 ἀλγεινοτέραν
1850 5439 1949 5502 τὴν

2055 5445 2133 5498 les
2171 5445 2280 5498 sint
2311 5444 2646 5498 locustarum
2685 5457 2924 5508 morsus,
2971 5453 3030 5495 ut
3062 5442 3150 5512 qui
3199 5458 3310 5498 non
3372 5458 3631 5513 magnum

365 5541 624 5608 αίσθησιν
653 5543 718 5611 τῇ
749 5541 978 5610 κέντρου
1009 5537 1307 5610 ἐγχρίμψει
1336 5539 1702 5606 παρεχόντων.
1729 5530 1822 5583 Διὸ
1856 5531 1952 5583 καὶ⁸

2054 5535 2281 5592 aﬂ'erant
2316 5536 2640 5600 cruciatum,
2685 5533 3016 5590 tolerabilem
3045 5534 3353 5603 suspicetur
3369 5535 3631 5604 dolorem,

361 5635 572 5706 ὲρῤἑοη
600 5635 660 5686 ού
715 5636 826 5697 τοῖς
870 5636 1126 5703 καρποῖς,
1159 5631 1295 5684 ἀλλά
1327 5631 1445 5691 ταῖς
1477 5627 1689 5696 ἀκρίσι,
1720 5629 1784 5695 τῇ
1820 5641 1951 5693 προ-

2054 5627 2402 5694 scorpionum
2470 5624 2752 5694 subjungit
2826 5624 3158 5694 exemplum,
3211 5624 3304 5694 qui
3375 5625 3631 5694 majorem

367 5727 679 5778 σωποποιία
727 5725 1004 5795 ἐπιμένων
1044 5723 1344 5784 κὰνταῦοα,
1373 5723 1460 5774 ἵνα
1504 5719 1579 5790 μὴ
1621 5718 1952 5784 ἀδικήσωσιν

2055 5716 2260 5784 praebet
2299 5715 2472 5770 aculei
2507 5714 2803 5783 punctioue
2835 5712 3150 5766 sensibilem
3183 5713 3452 5768 dolorem.
3510 5713 3633 5770 Ideo

363 5818 430 5871 ού
453 5820 580 5879 τοὺς
613 5817 954 5888 ἀνθρώπους,
987 5816 1124 5870 ἀλλὰ
1150 5817 1217 5868 τὰ
1249 5815 1356 5868 ἀπὸ
1377 5815 1478 5882 γῆς
1512 5811 1773 5880 φυόμενα.
1797 5807 1958 5868 Τινὲς

2055 5823 2272 5876 quoque
2321 5807 2526 5861 dictum
2573 5817 2655 5860 est
2718 5821 2825 5859 non
2882 5805 3172 5870 fructibus,
3235 5805 3327 5861 sed
3387 5807 3635 5876 locustis,

369 5910 430 5962 δὲ
467 5911 574 5964 τῶν
597 5911 856 5986 Πστέρων
873 5911 972 5976 τὰς
1011 5909 1238 5980 ἀκρίδας
1265 5909 1344 5972 εἰς
1391 5905 1680 5976 σκώληκας
1731 5901 1955 5973 μετέλα-

2058 5900 2222 5956 etiam
2255 5899 2344 5956 hic
2367 5899 2422 5954 in
2485 5899 2866 5972 prosopopoeia
2908 5899 3198 5968 manendo,
3233 5913 3300 5956 ne
3351 5912 3634 5973 nocerent,
