4110 6408
547 415 653 477 ιῖ23

1372 418 1700 479 ΛΗΕΤΠᾸί
1740 418 2119 476 ΟᾹΞΞΛΠΕᾹΞ
2162 416 2651 479 ΟΛΡΡΛΒΟΕΙᾹΞ
2688 419 3030 481 EPISCOI‘I

3709 417 3812 483 ('25

536 540 640 578 non
671 527 891 596 quidem
928 528 1265 592 hominibus,
1295 529 1459 598 726
1489 529 1581 582 sed
1614 530 1697 583 his
1727 546 1850 599 qua:
1873 545 1937 582 ex
1979 538 2125 583 terra
2158 581 2163 593 ς

2246 529 2346 595 30v,
2376 525 2509 603 ἶνιαῇ
2538 531 2832 599 σύμφωνος
2860 530 3000 597 αὕτη
3029 534 3061 601 ἡ
3088 531 3313 602 έκληψις
3336 532 3434 603 τῆς
3453 531 3543 585 τοῦ
3588 533 3811 585 Ἡσαΐου

534 617 931 682 producuntur.
958 618 1191 683 Quidam
1226 634 1357 669 vero
1392 618 1615 671 Patrum
1647 618 1889 674 locustas
1920 621 1972 673 in
1996 635 2115 673 ver-

2224 623 2607 690 ἁποφάνσεως,
2643 624 2726 674 ὅτι
2756 641 2773 673 ι
2809 623 2867 675 Ὀ
2891 624 3109 694 σκώληξ
3132 626 3311 677 αὐτῶν
3340 626 3401 677 οὗ
3428 625 3764 693 τελευτήσει.
3790 644 3806 673 ι

536 726 652 764 nues
689 720 1141 773 transmutarunt,
1172 717 1233 763 ut
1278 709 1349 764 sit
1389 709 1695 765 conformis
1726 711 1845 781 base
1914 711 2219 781 assumptio
2288 730 2417 768 cum
2464 713 2618 768 lsaiw
2656 715 2939 784 prophetis
2981 717 3275 782 sententia,
3329 732 3435 786 qna
3487 716 3623 771 dicit
3678 714 3818 785 quod

538 824 563 856 ί
606 802 817 859 Vermis
845 818 1037 858 eorum
1068 818 1176 857 non
1205 804 1472 857 morietur
1495 805 1562 856 ⁵⁸.
1607 821 1625 853 ι

604 919 701 983 ΙΧ,
746 918 865 973 4-6.
893 917 958 971 Et
1009 918 1210 972 dictum
1233 929 1312 973 est
1343 920 1492 987 ipsis,
1551 934 1613 971 ne
1656 918 1904 971 lwderent
1948 917 2126 987 fenum

530 1019 712 1073 terrm,
744 1025 906 1079 neque
935 1026 1086 1063 onme
1114 1010 1303 1074 viride,
1330 1027 1494 1079 neque
1529 1027 1735 1063 onmem
1760 1012 2021 1074 arborem,
2040 1010 2129 1062 sed

534 1102 767 1155 homines
800 1112 1005 1153 tantum
1028 1102 1119 1171 qui
1154 1118 1254 1153 non
1281 1101 1468 1153 habent
1492 1102 1703 1170 signum
1746 1100 1841 1153 Dei
1873 1102 1926 1153 in
1980 1100 2131 1167 fron-

534 1198 675 1249 tibus
706 1196 835 1248 suis.
878 1194 941 1246 Et
961 1196 1149 1248 datum
1172 1205 1245 1247 est
1279 1194 1388 1247 illis
1423 1210 1485 1248 ne.
1545 1196 1838 1247 occiderent
1876 1209 1984 1255 eos,
2043 1194 2132 1245 sed

536 1300 591 1340 ut
629 1288 998 1339 cruciarentur
1028 1287 1291 1338 mensibus
1316 1287 1563 1354 quinque.
1622 1283 1689 1337 Et
1748 1285 2022 1336 cruciatus
2055 1299 2137 1335 ea-

535 1396 653 1431 rum
682 1388 739 1431 ut
767 1380 1036 1430 cruciatus
1058 1379 1280 1445 scorpii,
1328 1391 1445 1428 eum
1494 1377 1805 1444 percusserit
1853 1376 2136 1428 hominem.

540 1471 606 1524 Et
634 1473 687 1524 in
712 1472 895 1524 diebus
927 1471 1037 1523 illis
1090 1482 1321 1539 qtttBrent
1375 1470 1614 1522 homines
1660 1477 1902 1533 mortem,
1934 1480 1981 1521 et
2034 1483 2137 1520 non

536 1566 800 1618 invenient
834 1566 1001 1631 ipsum
1031 1574 1117 1617 :et
1146 1563 1518 1617 desiderabant
1542 1564 1696 1627 mori,
1726 1573 1773 1615 ct
1808 1580 1947 1614 mors
1976 1562 2140 1630 fugiet

539 1659 604 1712 ab
632 1661 727 1712 eis.

2306 912 2417 967 Καὶ
2441 911 2650 980 ἐρῤἐθη
2682 910 2892 977 αὑταῖς
2916 912 3015 964 ἵνα
3045 912 3134 981 μὴ
3160 912 3497 979 ἀδικήσωσι
3538 917 3649 967 τὸν
3688 922 3775 985 χι]
3798 950 3819 959 -

2233 1025 2341 1060 τον
2389 1005 2497 1073 τῆς
2533 1005 2665 1075 γῆς,
2714 1004 2858 1057 οὐδὲ
2909 1003 3033 1058 πᾶν
3075 1006 3496 1074 χ.ίωρὸν,οὐδὲ
3528 1007 3656 1063 πᾶν
3696 1010 3823 1063 δέν-

2234 1102 2380 1168 δρον
2409 1116 2422 1129 ’
2447 1102 2500 1152 εὶ
2528 1100 2613 1165 μὴ
2645 1098 2788 1163 τοὺς
2813 1097 3171 1163 ἀνθρώπους
3197 1099 3420 1163 οἵτινες
3454 1103 3565 1151 οὐκ
3605 1101 3819 1169 ἔχουσι

2236 1194 2352 1261 τὴν
2371 1190 2673 1261 σφραγῖδα
2702 1191 2808 1244 τοῦ
2843 1191 2994 1245 Θεοῦ
3021 1192 3118 1244 ἐπὶ
3143 1190 3259 1244 τῶν
3282 1192 3578 1259 μετώπων
3609 1196 3755 1247 af.er
3768 1215 3820 1249 ν.

2240 1286 2345 1341 Καὶ
2371 1286 2551 1352 ἐδόθη
2594 1284 2805 1348 αὑταῖς
2827 1285 2927 1336 ἵνα
2955 1284 3041 1353 μὴ
3089 1283 3532 1338 ἀποκτείνωσιν
3578 1288 3817 1353 αὐτοὺς,

2238 1378 2374 1432 ἀλλ’
2443 1378 2546 1429 ἵνα
2608 1374 3035 1440 βασανισθώσι
3088 1376 3293 1445 μῆνας
3356 1380 3557 1432 πέντε.
3633 1380 3737 1432 Καὶ
3796 1386 3824 1434 ό

2236 1470 2630 1539 ,ϐασανισμὸς
2691 1469 2912 1535 αὐτῶν,
2944 1471 3025 1536 ὡς
3051 1472 3450 1541 ,βασανισμὸς
3495 1476 3814 1543 σκορπίου.

2241 1563 2388 1616 ὅταν
2437 1564 2632 1629 παίσῃ
2696 1561 3034 1629 ἄνθρωπον.
3075 1565 3182 1618 Καὶ
3234 1565 3304 1617 ἐν
3374 1564 3503 1629 ταῖς
3580 1566 3818 1633 ἡμέρωι,-

2240 1654 2503 1719 ἐκείναις
2565 1652 2941 1720 ζητήσουσιν
2979 1656 3032 1705 οἱ
3077 1653 3380 1722 ἅνθρωποι
3406 1658 3513 1707 τὸν
3538 1655 3822 1715 θάνατον,

538 1755 636 1808 καὶ
658 1756 731 1807 οὐ
765 1754 851 1823 μὴ
886 1753 1261 1821 εὑρήσουσιν
1283 1752 1491 1805 αὐτόν.
1534 1750 1641 1805 Καὶ
1672 1749 2168 1819 ἐπιθυμήσουσιν
2184 1749 2535 1812 ἀποθανεῖν,
2570 1750 2667 1803 καί
2697 1749 2979 1819 φεύξεται
2994 1748 3095 1803 ἀπ’
3124 1750 3326 1803 αὐτῶν
3354 1754 3387 1804 ὀ
3411 1750 3693 1816 θάνατος.

600 1882 655 1933 Si
684 1883 840 1951 juxta
869 1884 1182 1953 praedictam
1220 1883 1570 1955 allegoricam
1606 1885 1982 1953 acceptiouem
2011 1884 2133 1940 velit

538 1977 663 2045 quis
694 1976 951 2031 ordinare
979 1994 1101 2047 qmc
1130 1986 1389 2046 tanquam
1423 1976 1609 2031 divina
1671 1978 2011 2047 aenigmatista
2072 1994 2137 2032 ac

539 2064 765 2136 mystice
799 2065 1121 2130 cﬂ‘eruntur,
1164 2076 1378 2136 Oportet
1411 2068 1657 2138 accipere
1732 2070 1915 2123 fenum
1980 2080 2138 2125 terra:

536 2172 591 2212 et
616 2159 761 2228 quod
798 2159 969 2212 viride
996 2160 1244 2213 exoritur
1270 2169 1324 2213 et
1352 2176 1571 2213 omnem
1598 2160 1873 2227 arborem,
1905 2171 1966 2215 ut
1997 2162 2139 2216 refe-

538 2260 730 2304 rantur
760 2254 827 2305 ad
854 2252 1127 2317 homines,
1161 2253 1254 2322 qui
1289 2263 1554 2321 tanquam
1597 2253 1771 2323 paleis
1827 2254 2041 2308 similes
2084 2263 2139 2309 et

538 2344 705 2399 veluti
734 2344 964 2400 arbores
994 2346 1416 2402 irrationalitate
1445 2347 1872 2417 degenerarunt,
1899 2357 1954 2403 et
1974 2349 2139 2417 quasi

539 2436 920 2492 adarborcam
982 2439 1283 2507 quamdam
1344 2439 1826 2494 insensibilitatem
1884 2454 2138 2495 accesse-

539 2541 672 2586 runt
715 2546 900 2601 :quos
934 2532 1221 2585 hominum
1257 2538 1473 2585 amator
1546 2528 1691 2587 Deus
1732 2534 1893 2587 venia
1942 2534 2141 2603 dignos

542 2623 775 2689 habens,
800 2622 1049 2693 praacipit
1075 2638 1141 2676 ne
1158 2623 1348 2677 eadem
1376 2623 1687 2679 sustineant
1711 2624 1982 2694 supplicia
2012 2642 2139 2680 cum

556 2720 627 2775 iis
699 2719 1029 2774 iacinorosis
1089 2717 1183 2787 qui
1240 2717 1496 2771 consulto
1528 2728 1583 2771 et
1624 2733 1689 2771 ex
1751 2718 2146 2775 deliberatione

545 2820 870 2881 pecearunt,
922 2809 991 2864 de
1044 2808 1247 2879 quibus
1294 2808 1410 2878 jam
1469 2810 1793 2864 conclusum
1849 2818 1935 2867 est
1997 2813 2145 2881 quod

545 2905 690 2959 hanc
722 2903 1060 2973 repulerunt.
1085 2898 1243 2967 Quod
1265 2901 1313 2956 si
1336 2902 1463 2971 quis
1502 2912 1731 2955 conetur
1763 2902 1919 2972 juxta
1965 2905 2141 2974 ipsam

545 2996 783 3049 litteram
814 2994 1138 3063 intelligere,
1180 3001 1233 3046 ct
1257 2990 1441 3046 fenum
1469 3007 1535 3047 ac
1558 3006 1683 3047 vere
1704 2994 1930 3047 arbores
1954 2994 2144 3049 vatici-

547 3089 638 3142 nio
658 3087 955 3158 signiticari
988 3094 1159 3156 putet,
1193 3082 1360 3139 David
1386 3083 1611 3139 citaudo
1658 3094 1852 3139 testem
1891 3087 1985 3155 qui
2005 3084 2083 3140 ait
2128 3102 2142 3140 :

552 3199 571 3231 ι
610 3177 921 3233 Renovabis
948 3177 1144 3232 taeiem
1203 3176 1426 3231 terra!“
1460 3194 1473 3230 :
1515 3193 1535 3229 ι
1572 3184 1725 3231 certe
1779 3187 1967 3247 posset
2020 3176 2148 3246 quis

548 3273 689 3326 ferre
721 3271 1081 3337 intellectum,
1116 3269 1220 3324 nisi
1244 3268 1332 3321 ille
1386 3268 1801 3322 reuovationem
1847 3269 2151 3338 accepisset

547 3378 647 3433 pro
679 3362 783 3416 vita
815 3360 1154 3415 renovationi
1194 3367 1461 3414 creatura:
1486 3358 1857 3414 convenienti.
1898 3359 2086 3429 Itaque
2106 3358 2153 3413 si

551 3466 607 3510 et
674 3454 1051 3523 jumentorum
1123 3453 1464 3506 renovationi
1549 3451 1828 3505 intendere
1905 3460 2153 3521 oportet,

554 3549 676 3601 ﬁeri
745 3546 948 3617 poterit
1006 3555 1065 3601 ut
1119 3554 1174 3599 et
1240 3544 1426 3600 iemun
1479 3552 1533 3599 et
1583 3544 1813 3598 arbores
1864 3544 2155 3600 arteruitati

550 3640 924 3708 respondeant
989 3654 1002 3690 :
1068 3638 1217 3709 quod
1278 3639 1323 3691 si
1375 3638 1572 3690 borum
1632 3636 1773 3690 nihil
1836 3647 1962 3703 est,
2004 3637 2152 3691 litte-

551 3732 683 3786 ralis
722 3731 1029 3785 intellectus
1055 3730 1119 3784 de
1144 3740 1289 3784 terra
1364 3730 1503 3783 facie
1556 3738 1816 3783 renovata
1870 3729 2155 3785 habendus

549 3833 633 3877 est
666 3839 765 3893 pro
800 3823 1206 3878 inconsiderata
1231 3838 1295 3876 ac
1346 3821 1643 3877 temeraria
1702 3822 2043 3891 acceptione,
2101 3833 2155 3877 rt

552 3917 661 3972 illis
691 3915 958 3971 conformi
996 3916 1088 3982 qui
1129 3925 1254 3988 post
1281 3917 1407 3971 vita:
1431 3917 1727 3971 decursum
1764 3916 1818 3970 in
1866 3917 2014 3971 mille
2049 3932 2151 3970 an-

552 4025 749 4064 norum
783 4009 994 4064 Christi
1037 4024 1227 4078 regno,
1257 4009 1313 4063 in
1337 4008 1610 4064 conviviis
1644 4023 1707 4063 ac
1726 4008 1939 4063 deliciis
1966 4009 2152 4064 hilari-

557 4113 638 4158 ter
676 4119 735 4157 se
768 4103 1015 4158 victuros
1042 4105 1365 4173 opinantur.

620 4194 725 4251 Sed
745 4195 978 4250 homines
1007 4196 1324 4251 tantumJ-lx
1351 4195 1457 4249 hoc
1490 4193 1848 4250 manifestum
1873 4204 1983 4259 est,
2005 4197 2149 4265 quod

551 4306 658 4345 non
689 4292 755 4346 de
784 4290 910 4346 feno
966 4300 1021 4344 et
1061 4290 1361 4344 arboribus
1395 4291 1467 4343 sit
1524 4288 1789 4343 cobibitio
1817 4304 1846 4342 a
1908 4288 2149 4353 laesione,

550 4385 692 4440 sicut
741 4399 948 4440 sonare
994 4384 1209 4438 videtur
1260 4390 1619 4453 prarceptum,
1662 4382 1759 4438 sed
1804 4382 1873 4438 de
1915 4383 2003 4438 his
2054 4384 2150 4453 qui

554 4479 679 4533 leno
717 4486 1126 4548 comparantur,
1157 4492 1223 4533 eo
1248 4477 1395 4546 quod
1438 4476 1507 4530 ad
1545 4477 1803 4531 virtutem
1828 4491 1938 4530 nou
1993 4491 2151 4531 act-e-

553 4572 706 4624 dant.

2310 1886 2373 1939 Ei
2405 1886 2504 1956 μὲν
2532 1885 2672 1939 κατὰ
2694 1885 2798 1955 τὴν
2831 1884 3251 1956 προειρημένην
3278 1885 3657 1957 ἀλληγορικὴν
3676 1886 3822 1955 Exim,-

2244 1978 2339 2049 ψιν
2366 1979 2508 2031 θέλει
2540 1994 2625 2041 τις
2662 1981 2915 2046 στοιχεῖν,
2944 1976 3013 2029 τὰ
3067 1976 3416 2047 συμϐολικῶς
3456 1978 3556 2031 ἅτε
3591 1978 3710 2032 θεῖα
3744 1981 3827 2030 καὶ

2242 2070 2518 2141 μυστικῶς
2540 2069 2891 2139 ἐκφερόμενα
2915 2070 3111 2140 χόρτον
3142 2068 3242 2139 τῆς
3264 2070 3368 2139 γῆς
3389 2070 3485 2123 καὶ
3507 2069 3736 2140 χλοερὰν
3751 2072 3806 2123 ἐκ

2242 2181 2427 2232 φυσιν,
2451 2162 2547 2216 καὶ
2582 2164 2690 2215 πᾶν
2725 2162 2965 2232 δένδρον,
2995 2163 3075 2225 είς
3102 2163 3232 2225 τοὺς
3276 2162 3590 2232 ἀχυρώδεις
3622 2164 3827 2232 ἀνθρὼ-

2241 2272 2400 2319 πους,
2454 2254 2549 2305 καὶ
2610 2252 2707 2305 ἇτε
2765 2252 3003 2322 δένδρα,
3060 2251 3255 2323 ἀλογίᾳ
3307 2252 3824 2320 ἀποδενδρωοέντας,

2240 2348 2405 2400 οἱονεὶ
2437 2348 2517 2409 είς
2555 2342 2829 2413 δενδρώδη
2857 2345 2979 2397 τινὰ
3014 2343 3333 2413 ἠλιθιότητα
3369 2342 3709 2413 προσάντας,
3745 2345 3826 2395 θε-

2242 2440 2382 2493 τέον.
2418 2438 2576 2508 Οὒςή
2602 2437 2988 2507 φιλάνθρωπος
3029 2436 3263 2505 Θειότης
3292 2436 3509 2504 φειδοῦς
3533 2436 3719 2501 ἀξίους
3750 2436 3826 2489 θε-

2247 2534 2406 2603 μένη,
2434 2533 2497 2584 οὐ
2519 2532 2618 2601 τὴν
2640 2531 2812 2601 αὐτὴν
2836 2532 3037 2593 αὐτοὺς
3069 2535 3341 2601 τιμωρίαν
3369 2532 3600 2600 ὑπέχειν
3626 2537 3735 2595 τοῖς
3766 2536 3821 2585 ἐκ

2244 2624 2503 2693 προνοίας
2536 2624 2631 2676 καὶ
2674 2623 2921 2691 σκέψεως
2967 2623 3304 2693 κακούργοις
3336 2624 3413 2693 τῷ
3464 2624 3825 2693 ἐσφραγίσθαι

2242 2716 2449 2786 ταύτην
2495 2717 2919 2785 ἀπωσαμένους,
2952 2716 3284 2771 ἐντέλλεται.
3319 2716 3380 2769 Et
3430 2716 3490 2768 δὲ
3528 2715 3621 2768 ἐπ’
3674 2718 3824 2770 αὐτοῦ

2243 2810 2339 2863 τοῦ
2378 2810 2706 2880 γράμματος
2747 2809 2825 2880 τῷ
2861 2812 3004 2862 νοεῖν
3047 2808 3483 2879 ἀπασχοληθείη,
3520 2811 3619 2866 καὶ
3654 2813 3827 2883 χόρτιν

2246 2902 2324 2972 τῷ
2359 2902 2475 2956 δντι
2529 2902 2627 2956 καὶ
2674 2900 2868 2971 δένδρα
2915 2900 2996 2971 τῷ
3054 2902 3433 2973 χρηματισμῷ
3490 2906 3823 2976 ἐκφερόμενα

2245 2996 2479 3068 οἰηθείη,
2511 2995 2605 3049 τὸν
2634 2994 2797 3049 Δαυῒδ
2819 2995 2958 3064 ἔχων
2980 2994 3295 3065 συνίστορα,
3324 3013 3345 3047 ι
3385 2995 3768 3060 ’Δνακαινιείς,
3805 3019 3818 3045 ι

2248 3089 2548 3157 φάσκοντα,
2585 3106 2605 3139 ι
2643 3088 2704 3141 τὸ
2723 3087 3016 3158 πρόσωπον
3046 3086 3148 3156 τῆς
3187 3085 3315 3156 γῆς,
3354 3105 3373 3138 ι
3409 3088 3653 3158 ὑπέσχεν
3674 3090 3737 3143 ἄν
3754 3106 3827 3151 τις

2245 3182 2349 3253 τὴν
2366 3180 2637 3251 ὑπακοὴν,
2667 3181 2714 3233 εί
2749 3180 2823 3251 μὴ
2844 3180 2938 3233 τὸν
2960 3179 3369 3250 ἀνακαινισμδν
3391 3181 3476 3243 είς
3506 3181 3826 3252 κατάλληλον

2252 3274 2333 3346 τῷ
2375 3272 2759 3343 ἁνακαινισμῷ
2800 3273 2903 3342 τῆς
2953 3273 3187 3335 κτίσεως
3234 3272 3379 3342 ζωὴν
3435 3273 3824 3345 ὑπελάμϐανεν.

2258 3362 2321 3413 Εἰ
2346 3362 2442 3430 μὲν
2466 3360 2558 3413 οὖν
2583 3363 2679 3415 καὶ
2704 3364 2871 3434 κτήνη
2894 3361 2973 3432 τῷ
3010 3363 3394 3434 ἀνακαινισμῷ
3421 3364 3819 3436 ὲνθεωρηθῆναι

2258 3453 2385 3524 χρὴ,
2416 3453 2476 3506 εὖ
2510 3454 2577 3506 ἂν
2599 3455 2713 3525 ἔχοι
2748 3457 2844 3509 καὶ
2869 3459 3067 3529 χόρτον
3100 3457 3195 3511 καὶ
3228 3457 3421 3527 δένδρα
3445 3462 3515 3530 τῇ
3573 3460 3821 3529 ἀῖδιὸτητι

2258 3544 2673 3616 ὑπολειφθῆναι.
2696 3548 2757 3601 Εἰ
2780 3548 2836 3601 δὲ
2858 3548 3065 3602 τούτων
3083 3550 3258 3616 οὐδὲν,
3290 3554 3357 3622 τῇ
3379 3553 3826 3625 ἀνακαινιζομένῃ

2256 3636 2317 3688 τὸ
2352 3639 2644 3707 πρόσωπον
2677 3643 2747 3710 γῇ
2778 3642 2857 3703 είς
2887 3641 3230 3713 ἀπρονόητον
3258 3643 3493 3714 ἔκληψιν
3523 3647 3583 3700 τι)
3622 3648 3750 3715 πρὸς
3773 3650 3826 3699 τὸ

2258 3730 2496 3801 γράμμα
2526 3731 2730 3797 θετέον,
2764 3736 2859 3787 καὶ
2882 3735 3177 3803 σύμφωνον
3211 3738 3325 3800 τοῖς
3341 3737 3440 3808 τὴν
3470 3740 3680 3809 χιλιετῆ
3710 3742 3825 3810 Χρι-

2258 3821 2388 3875 στοῦ
2438 3822 2721 3892 βασιλείαν
2773 3825 2915 3894 μετὰ
2944 3827 3046 3895 τὴν
3076 3827 3232 3880 τοῦδε
3263 3827 3358 3881 τοῦ
3420 3830 3544 3899 βίου
3575 3834 3826 3905 παραδρο·

2259 3913 2369 3985 μὴν
2396 3914 2583 3979 πότοις
2613 3915 2707 3969 καὶ
2736 3916 2988 3971 ἁνέσεσιν
3019 3919 3531 3993 ἐνευθηνουμένοις.

2321 4209 2390 4259 El
2418 4207 2504 4277 μὴ
2531 4207 2674 4274 τοὺς
2703 4208 3079 4277 ἀνθρώπους.
3123 4210 3219 4263 Ἐκ
3250 4210 3444 4265 τούτου
3474 4214 3641 4282 σαφὲς
3677 4213 3745 4274 ὡς
3770 4214 3818 4264 οὐ

2256 4300 2384 4370 περὶ
2412 4300 2609 4371 χόρτου
2633 4301 2729 4355 καὶ
2767 4301 3002 4373 δένδρων
3032 4304 3066 4373 ἠ
3105 4303 3381 4375 ὑποστολὴ
3415 4305 3513 4360 τοῦ
3568 4306 3813 4375 ἀδικηθῆ-

2254 4412 2365 4455 ναι,
2388 4393 2463 4456 ὡς
2488 4397 2516 4447 ὁ
2537 4395 2903 4465 προστάσσων
2926 4398 3113 4468 φησὶν,
3146 4398 3284 4451 ἀλλὰ
3312 4400 3440 4463 τοὺς
3467 4400 3646 4471 χόρτῳ
3664 4418 3818 4470 παρα-

2253 4485 2641 4557 ϐαλλομένους,
2677 4487 2767 4540 διὰ
2794 4488 2855 4541 τὸ
2882 4489 2959 4559 μὴ
2993 4488 3093 4560 τὴν
3130 4490 3334 4562 ἀρετὴν
3368 4494 3639 4562 μετιέναι.

623 4709 786 4780 727
827 4706 895 4762 Ut
944 4724 1045 4761 non
1078 4707 1401 4761 oceciderent
1429 4720 1539 4768 eos,
1568 4705 1662 4758 sed
1692 4714 1748 4759 ut
1782 4704 2146 4757 cruciarentur

2328 4712 2439 4767 Kal
2465 4712 2641 4781 ἐδόθη
2673 4714 2882 4780 αὐταῖς
2903 4714 3003 4767 ἵνα
3019 4715 3104 4785 μὴ
3122 4716 3571 4773 ἀποκτείνωσιν
3590 4719 3817 4783 αὐτοὺς,

556 4802 822 4857 mensibus
871 4802 1122 4871 quinque.
1174 4800 1311 4854 Illud
1366 4815 1472 4853 non
1512 4797 1765 4852 occidere
1805 4796 2149 4852 demonstrat

547 4898 635 4951 eis
674 4896 767 4966 qui
806 4895 1144 4966 experientia
1184 4906 1519 4963 cognoscere
1550 4898 1786 4961 possunt
1831 4889 2147 4945 intolerabi-

556 4990 765 5043 litatem
822 4996 1244 5052 tormentorum,
1295 4984 1443 5056 quod
1492 4983 1562 5038 ad
1600 4992 1832 5038 mortem
1870 4983 2015 5036 viam
2050 4996 2149 5052 pa-

550 5098 683 5137 rare
709 5082 926 5137 soleant
961 5099 975 5137 :
1009 5082 1077 5135 ab
1103 5081 1207 5137 hac
1239 5079 1407 5150 igitur
1434 5093 1597 5150 pazna
1629 5075 1983 5139 intolerabili,
2012 5090 2150 5145 prae-

551 5186 803 5247 ceptum,
842 5175 985 5246 quod
1020 5176 1086 5230 ad
1115 5174 1321 5230 bonum
1354 5172 1547 5237 tendit,
1579 5170 1737 5241 jubet
1759 5169 2012 5240 supplicii
2046 5168 2151 5223 mi-

561 5272 768 5325 nistros
825 5268 1122 5323 abstinere.
1186 5266 1358 5321 Porro
1398 5264 1681 5319 Iliensibus
1732 5263 1977 5333 quinque
2043 5261 2148 5315 hoc

550 5360 697 5424 ﬁeri,
731 5358 994 5428 quoniam
1018 5365 1073 5412 et
1098 5369 1317 5410 menses
1344 5354 1625 5409 sensibilis
1654 5353 1843 5407 mundi
1876 5366 2148 5407 mensurae

545 5460 709 5517 sunt,
735 5451 883 5506 unde
922 5460 975 5506 et
1010 5464 1209 5506 sensus
1236 5448 1335 5517 ipsi
1370 5456 1705 5516 acceperunt
1730 5457 1781 5500 ut
1821 5445 2147 5499 exhiberem

555 5542 721 5613 lmjus
773 5543 1170 5612 cognitionem,
1228 5539 1425 5593 merito
1479 5540 1731 5608 designat
1778 5553 2005 5608 peccare
2050 5553 2146 5607 per

544 5634 949 5689 exhibitione“:
985 5634 1037 5685 in
1062 5631 1260 5703 aequali
1290 5644 1521 5684 numero
1548 5647 1561 5683 :
1596 5630 1661 5684 ad
1693 5630 2010 5683 memoriam
2046 5629 2143 5682 ho-

554 5724 799 5779 minibus
826 5725 1166 5781 inferendam
1198 5739 1388 5779 eorum
1428 5738 1522 5792 per
1552 5738 1675 5792 qua:
1704 5722 1966 5778 deberent
1996 5722 2145 5793 judi-

627 5902 676 5935 δ’
705 5904 812 5959 lsa.
841 5919 987 5970 sui,
1011 5908 1105 5960 Si.
1215 5905 1259 5937 δ’
1295 5903 1439 5959 Psal.
1466 5919 1580 5969 cui,
1614 5904 1705 5958 50.

2256 4808 2513 4862 ἀλλ’ἵνα
2538 4807 2972 4871 ,ϐασανισθῶσι
3007 4807 3210 4878 μῆνας
3247 4809 3449 4864 πέντε.
3491 4813 3566 4865 Τὸ
3597 4812 3671 4883 μὴ
3702 4813 3819 4864 ἀπο-

2255 4902 2467 4953 κτεῖναι
2484 4900 2662 4951 ἐκεῖνο
2685 4901 2929 4971 παριστᾷ
2948 4902 3058 4963 τοῖς
3078 4900 3167 4955 διὰ
3190 4902 3384 4971 πείρας
3403 4902 3620 4973 ἔχουσιν
3642 4902 3817 4956 εἰδέναι

2254 4993 2314 5045 τὸ
2345 4989 2453 5044 τῶν
2486 4990 2736 5060 βασάνων
2766 4992 3044 5062 ἀφόρητον
3068 4995 3151 5045 ὅτι
3181 4995 3261 5056 εἰς
3299 4994 3531 5048 θάνατον
3576 4995 3819 5049 ὁδοποιεῖν

2252 5083 2432 5136 εἴωθε.
2463 5082 2667 5136 Τούτου
2690 5078 2785 5136 οὖν
2812 5083 2906 5136 τοῦ
2945 5085 3226 5155 ἀφορήτου
3254 5086 3556 5155 ἀπέχεσθαι
3581 5086 3703 5148 τοὺς
3730 5085 3815 5154 βα-

2254 5173 2567 5245 σανιστὰςὴ
2604 5173 2907 5244 φιλάγαθος
2945 5176 3135 5246 ἐντολὴ
3172 5177 3626 5248 παρακελεύεται.
3674 5178 3738 5229 Τὸ
3765 5175 3812 5226 δὲ

2252 5271 2566 5338 πεμπταῖον
2611 5267 2719 5322 τῶν
2749 5267 2955 5338 μηνῶν,
2982 5270 3106 5323 ἐπεὶ
3135 5271 3230 5323 καὶ
3257 5272 3305 5324 oi
3339 5271 3506 5341 μῆνες
3532 5269 3624 5323 τοῦ
3652 5266 3815 5333 αἰσθη-

2252 5356 2346 5409 τοῦ
2381 5356 2590 5427 κόσμου
2627 5357 2824 5427 μέτρα,
2851 5356 2971 5409 ὅθεν
3002 5359 3094 5411 καὶ
3126 5360 3193 5412 τὰ
3218 5362 3529 5430 γνωστήρια
3558 5359 3736 5411 τούτου
3762 5356 3808 5406 αἱ

2250 5447 2533 5519 αἰσθήσεις
2588 5448 2647 5501 τὸ
2700 5450 2949 5518 ἐνεργεῖν
3003 5450 3219 5518 ἔλαϐον,
3278 5453 3502 5513 εἰκότως
3564 5449 3809 5521 ἰσαρίθμῳ

2250 5539 2599 5605 παραστάσει
2632 5538 2692 5590 τὸ
2725 5539 3068 5609 ἁμαρτάνειν
3119 5541 3441 5605 αἰνίττεται,
3497 5543 3574 5603 εἰς
3607 5542 3665 5592 τὸ
3694 5538 3806 5608 μνή-

2253 5647 2361 5700 μην
2409 5629 2720 5701 ἀνθρώποις
2770 5633 3021 5702 ἐμποιεῖν
3060 5626 3168 5685 τῶν
3202 5633 3271 5687 δι’
3315 5628 3389 5687 ὧν
3422 5635 3575 5704 ἔσχον
3620 5634 3676 5685 τὸ
3722 5628 3804 5681 τῖεν

2250 5725 2432 5794 κρίσιν
2462 5723 2778 5794 ἀνέχεσθαι.
2825 5725 2922 5778 Ἐκ
2949 5724 3158 5780 τούτων
3186 5727 3295 5797 γὰρ
3327 5726 3422 5780 καὶ
3463 5727 3588 5795 περὶ
3617 5722 3803 5778 τούτων
