4110 6414
421 407 534 472 625

1489 427 1878 490 COMMENT.
1923 432 2002 492 1N
2043 433 2572 520 APOCALYPSIN.

3607 445 3718 508 0‘26

423 530 458 594 ὴ
485 526 865 594 ἀνταπόδοσις.
901 533 1170 604 Σκορπίου
1200 536 1256 588 δὲ
1298 539 1542 606 τύμματι
1599 543 1879 612 παρέϐαλε
1918 545 2009 614 τὴν

2115 547 2262 602 cium
2291 549 2568 606 sustinere
2601 567 2614 604 ι
2655 567 2722 606 ex
2759 551 2846 608 liis
2876 555 3023 608 enim
3051 563 3105 610 et
3133 554 3202 611 de
3235 557 3319 612 liis
3347 569 3431 614 est
3475 563 3714 617 retribu-

419 619 638 691 ὀδύνην,
667 623 792 678 ἐπεὶ
823 627 920 680 καὶ
941 627 1108 698 αὕτη,
1141 628 1216 692 ὡς
1243 629 1473 698 ἐπίπαν,
1507 631 1826 704 θανάσιμος.

493 803 882 870 Ζητήσουσιν
911 810 968 862 οἱ
1015 811 1314 880 ἄνθρωποι
1345 814 1456 868 τόν
1502 815 1786 872 θάνατον.
1827 818 1892 871 Ἦ
1919 819 2018 872 τοῦ

419 894 660 950 Θανάτου
696 899 1024 972 ἐπιζήτησις
1057 905 1212 958 οὐδὲν
1235 907 1384 973 ἄλλο,
1409 908 1442 979 ἢ
1471 909 1530 962 τὸ
1563 909 1891 966 ἀνύποιστον
1917 913 2012 965 τοῦ

417 986 624 1054 ἄλγους
669 993 890 1059 νοεῖται,
920 995 996 1056 ὡς
1027 995 1122 1048 τοῦ
1171 997 1406 1052 Θανάτου
1443 1001 1552 1054 πᾶν
1581 1001 1830 1068 ἀλγεινὸν
1879 1003 2018 1055 ἀπο-

421 1079 756 1148 πέμποντος,
783 1084 864 1136 διὸ
907 1085 1004 1139 καὶ
1033 1087 1251 1158 εἴρηται
1295 1088 1371 1158 τῷ
1413 1091 1630 1162 Θανάτῳ
1678 1093 2014 1156 ἀνάπαυσις.

433 1173 590 1228 Ἐπεὶ
634 1171 729 1229 οὖν
761 1179 822 1232 ὲν
859 1179 1128 1252 ἀφθάρτῳ
1181 1183 1292 1254 ζωῇ
1328 1184 1358 1236 ὁ
1387 1184 1621 1248 Θάνατος
1670 1186 2014 1256 ἀπελήλαται

419 1267 569 1337 πρὸς
609 1271 690 1341 τῷ
722 1271 798 1342 μὴ
828 1275 1130 1344 εὑρίσκειν,
1171 1279 1422 1350 ἐπήγαγε
1446 1279 1530 1344 τὸ,
1561 1282 1868 1350 φεύξεται.
1917 1285 2014 1336 Σε-

417 1365 875 1434 σωματοποίηται
905 1367 962 1420 δὲ
992 1369 1074 1431 εἰς
1113 1372 1353 1442 ἔμφασιν
1393 1373 1617 1428 πλείονα
1648 1375 1758 1430 τῶν
1792 1376 1882 1430 διά
1912 1378 2014 1449 τῆς

419 1455 750 1525 ὑφηγήσεως
778 1459 1260 1528 ὲμφανιζομένων.

495 1549 604 1604 Kal
637 1550 710 1606 τὰ
745 1553 1082 1622 ὁμοιώματα
1119 1558 1239 1610 τῶν
1277 1561 1541 1628 ἀκρίδων
1570 1563 1748 1632 ὅμοια
1796 1565 2010 1630 ἵπποις

416 1639 881 1710 ἡτοιμασμένοις
908 1651 994 1714 εἰς
1035 1649 1304 1718 πόλεμον
1327 1669 1342 1683 ο
1385 1653 1483 1706 καὶ
1521 1654 1624 1707 ἐπὶ
1677 1655 1785 1720 τὰς
1819 1674 2006 1726 κείρα-

413 1728 538 1794 nec
561 1731 788 1799 αὐτῶν,
837 1735 917 1802 ὡς
967 1738 1260 1807 στέφανοι
1299 1743 1556 1809 χρυσοῖ·
1585 1745 1784 1798 καὶτὰ
1815 1748 2008 1814 πρόσ-

412 1834 549 1874 ωπα
600 1822 822 1890 αὐτῶν,
853 1825 933 1892 ὠς
957 1829 1252 1894 πρόσωπα
1301 1831 1651 1896 ἀνθρώπων.
1701 1835 1812 1890 Kal
1833 1833 2008 1906 εἶχον

413 1913 646 1980 τρίχας,
677 1915 758 1980 ὠς
787 1917 997 1984 τρίχας
1021 1920 1361 1986 γυναικῶν·
1397 1923 1496 1976 καὶ
1541 1926 1596 1976 οὶ
1627 1925 1873 1993 ὀδόντες
1897 1930 2006 1984 αὑ-
2043 1915 2083 1967 η

413 2003 538 2056 τῶν
563 2005 646 2072 ὠς
692 2009 960 2062 λεόντων
995 2006 1181 2080 ἦσαν.
1227 2013 1336 2068 Καὶ
1383 2009 1553 2084 εἶχον
1595 2017 1889 2085 θώρακας.
1929 2019 2008 2085 ὠς

413 2096 689 2165 θώρακας
718 2099 1014 2168 σιδηροῦς
1036 2118 1050 2132 ⁸
1109 2103 1211 2158 καί
1249 2106 1288 2174 ἡ
1318 2105 1492 2174 φωνὴ
1523 2109 1644 2164 τῶν
1699 2111 2012 2184 πτερύγων

411 2189 638 2255 αὐτῶν,
686 2193 766 2260 ὡς
790 2195 960 2263 φωνὴ
991 2197 1270 2266 ἁρμάτων
1323 2200 1526 2254 ἳππων
1568 2203 1821 2256 πολλῶν
1884 2221 2012 2271 τρε-

411 2277 650 2348 χόντων
681 2285 770 2348 εἰς
797 2285 1088 2354 πόλεμον.
1141 2288 1252 2342 Kal
1282 2289 1544 2358 ἔχουσιν
1589 2293 1774 2360 οὐρὰς
1801 2295 2012 2362 ὁμοίας

413 2373 733 2440 ι·κορπιόις
773 2373 874 2426 καί
903 2377 1126 2442 κέντρα
1145 2395 1160 2410 ·
1185 2379 1284 2434 καὶ
1315 2381 1388 2434 ὲν
1415 2381 1546 2450 ταῖς
1568 2383 1776 2452 οὐραῖς
1809 2386 2012 2440 αὐτῶν

408 2461 708 2525 ἐξουσίαν
731 2465 992 2533 ἔχουσιν
1019 2467 1309 2537 ἀδικῆσαι
1333 2472 1477 2536 τοὺς
1509 2473 1866 2542 ἀνθρώπους
1891 2476 2008 2544 μῆ-

411 2568 525 2617 νας
563 2553 766 2620 πέντε,
806 2557 1060 2624 ἔχουσαι
1085 2559 1360 2622 βασιλέα
1385 2559 1478 2612 ἐπ’
1505 2563 1706 2616 αὐτῶν
1751 2563 2011 2632 ἄγγελον

409 2642 524 2712 τῆς
553 2645 836 2700 ἀϐύσσου
858 2665 872 2680 ·
903 2648 1094 2717 ὄνομα
1132 2650 1294 2716 αὐτῷ
1341 2651 1646 2722 Ἑϐραῖστί
1682 2657 2006 2710 Ἀϐΰαδών·

409 2735 484 2790 ἐν
515 2737 586 2792 δὲ
623 2739 700 2808 τῇ
746 2741 1082 2812 Ἑλληνικῇ
1103 2743 1294 2814 ὄνομα
1331 2744 1460 2814 ἔχει
1497 2749 1872 2804 Ἀπολλύων.

489 2830 708 2894 Ἵπποις
721 2833 1114 2901 ἀφωμοίωνται
1127 2835 1186 2888 αι
1201 2835 1446 2906 ἀκρίδες,
1476 2837 1572 2892 καὶ
1582 2838 1684 2892 οὐκ
1696 2839 1842 2914 ἄλλῳ
1858 2841 2006 2912 ζὼῳ,
2021 2891 2034 2902 ,

409 2921 586 2974 διὰτὸ
636 2923 954 2995 ὀξυκίνητον
983 2927 1083 2996 τῆς
1130 2927 1323 2996 ἐφόδου
1382 2930 1478 2982 καὶ
1519 2931 1582 2984 τὸ
1629 2929 1864 3000 Θυμικον
1909 2934 2006 2987 τοῦ

405 3015 605 3081 ῐππου,
637 3017 874 3087 μάλιστα
917 3020 978 3072 τὸ
1018 3021 1163 3075 κατά
1198 3022 1490 3092 πολέμους,
1523 3025 1551 3078 ὃ
1575 3026 1671 3079 καὶ
1703 3028 1836 3079 αὐτὸ
1863 3046 2006 3100 παρ-

405 3107 733 3181 εδήλωσενή
777 3111 1114 3184 ὑποκειμένη
1164 3116 1535 3188 ἀποκάλυψις,
1584 3119 1779 3188 ὁμοίαν
1812 3120 2005 3186 ἵπποις

407 3201 612 3266 λέξασα
661 3203 762 3276 τὴν
810 3206 1137 3277 ὲτοιμασίαν
1184 3209 1368 3266 αὐτῶν
1429 3207 1574 3266 εἶναι
1604 3213 1844 3280 πόλεμον
1875 3213 2004 3268 ὼδι-

405 3293 632 3350 νόντων.
1997 3341 2004 3350 -

478 3387 591 3445 Kul
610 3389 708 3442 ἐπὶ
730 3389 838 3456 τὰς
869 3392 1142 3459 κεφαλὰς
1161 3391 1387 3459 αὐτῶν,
1429 3395 1511 3460 ὡς
1543 3395 1834 3466 στέφανοι
1863 3417 2008 3467 χρυ-

407 3479 534 3535 σοῖ.
586 3481 652 3534 'll
678 3480 755 3544 ὠς
781 3487 960 3552 χρυσῆ
999 3487 1268 3554 στεφάνη,
1311 3487 1414 3558 τὴν
1449 3485 1608 3558 νίκην
1658 3488 1804 3542 ἔοικε
1849 3507 1998 3560 παρά

410 3573 590 3644 ιπᾷν.
617 3573 684 3644 ῆν
725 3575 870 3628 κατὰ
893 3575 1002 3628 τῶν
1020 3577 1348 3647 ἡττημένων
1377 3578 1581 3632 ἀθλίων
1618 3581 1998 3650 ἀπηνέγκατο.

420 3665 514 3730 Ὠς
539 3668 714 3736 χρυσῆ
739 3667 795 3719 δὲ
827 3667 992 3736 αὕτη,
1037 3667 1152 3720 ἀλλ’
1177 3670 1237 3721 οὐ
1274 3673 1474 3741 χρυσῆ.
1518 3672 1593 3725 Οὐ
1627 3673 1735 3743 γὰρ
1761 3673 1841 3742 τῷ
1887 3673 2003 3725 ὄντι

406 3759 441 3828 ὴ
475 3757 565 3810 ἐπ’
587 3756 840 3829 ἀπωλείᾳ
883 3757 980 3811 τοῦ
1017 3757 1162 3812 θείου
1199 3760 1522 3830 πλάσματος
1549 3763 1798 3834 τιμωρία
1839 3764 1900 3815 τὸ
1925 3763 2004 3818 τί-

411 3850 540 3920 μιόν
569 3851 716 3903 ἐστιν
743 3851 1155 3922 ἀποφερομένη.
1189 3853 1301 3906 Καὶ
1327 3853 1646 3920 προσώποις
1675 3854 1732 3907 δὲ
1777 3855 1994 3926 ἀνθρὼ-

409 3959 532 3996 πων
565 3943 1004 4013 ἀπεικαζόμεναι
1023 3943 1122 4008 τὰς
1148 3943 1322 4013 ὄψεις,
1350 3945 1428 4015 τῷ
1447 3946 1692 4016 ὁμοειδεῖ
1716 3949 1844 4010 τοὺς
1867 3949 2004 4002 ἀπα-

407 4035 690 4102 τωμένους
755 4035 1124 4102 παράγουσιν,
1175 4035 1270 4099 οὓς
1334 4036 1425 4090 διά
1491 4037 1551 4090 τ³>
1609 4040 1890 4108 ἀπατῆσαι
1947 4041 2003 4094 αἱ

407 4127 676 4196 τιμωρίαι
729 4119 896 4180 αὗται
947 4127 1224 4180 ὑπέλαϐον
1275 4129 1374 4197 τῆς
1413 4131 1766 4201 ἀπατητικῆς
1794 4132 2004 4204 ταύτης

411 4215 774 4286 κακουργίας.
816 4217 928 4272 Καὶ
959 4219 1016 4270 αἱ
1055 4223 1366 4287 γυναικεῖαι
1398 4219 1509 4272 τῶν
1559 4222 1765 4292 τριχῶν
1795 4222 2002 4291 ἐμπλο-

413 4310 508 4362 καὶ
541 4309 616 4372 ὡς
660 4309 1007 4376 πυκάζουσαι
1045 4313 1176 4373 τοὺς
1209 4312 1559 4377 ἀπατεῶνας.
1595 4312 1858 4370 Τοιαῦται
1895 4316 2004 4386 γὰρ

411 4403 508 4454 καὶ
539 4403 597 4456 αι
629 4404 895 4473 σαρκικαὶ
924 4404 1130 4473 ἡδοναὶ.
1157 4405 1362 4470 αἵτινες
1381 4406 1458 4476 τῷ
1478 4408 1792 4476 φαινομένῳ
1819 4407 2004 4461 αὐτῶν

411 4492 752 4565 ὲπιτέρπειν,
773 4495 849 4563 τῷ
873 4495 1086 4547 ἑαυτῶν
1112 4495 1439 4565 ὁλισΟήματι
1468 4497 1594 4556 τοὺς
1616 4496 2004 4561 δελεασθέντας

413 4584 808 4654 κατασύρουσι.
840 4589 932 4640 Διὸ
959 4589 1052 4641 καὶ
1075 4590 1102 4642 ὁ
1134 4591 1548 4660 παροιμιαστής
1577 4607 1709 4660 φησι
1746 4589 2001 4660 ὧλομὼν
2029 4615 2080 4674 D

409 4681 542 4744 τοὺς
570 4679 673 4746 τῆς
721 4681 993 4751 πορνάδος
1031 4680 1226 4749 λόγους
1259 4681 1397 4752 πρὸς
1451 4683 1646 4753 καιρὸν
1685 4682 1786 4753 μὲν
1819 4683 2004 4736 λιπαί-

410 4787 528 4827 νειν
551 4773 644 4826 τὸν
669 4773 952 4844 φάρυγγα,
993 4772 1224 4841 ὕστερον
1257 4775 1312 4826 δὲ
1343 4775 1670 4846 πικρότερον
1701 4775 1862 4846 χολῆς
1901 4777 2002 4847 τὴν

412 4867 670 4934 αἴσθησιν
691 4868 968 4936 ἐμποιεῖν.
1015 4869 1113 4922 Ἐκ
1139 4867 1295 4922 τοῦδε
1327 4869 1422 4921 καὶ
1454 4871 1487 4940 ἡ
1523 4868 1818 4939 πρόχειρος
1861 4868 2001 4938 αὕτη

413 4961 614 5022 πλάσις
651 4962 792 5030 μετά
816 4962 916 5024 τὰς
942 4961 1263 5030 γυναικείας
1293 4963 1505 5032 τρίχας,
1554 4965 1646 5016 καὶ
1679 4963 1806 5027 τοὺς
1853 4963 2003 5016 λεόν-

411 5069 525 5106 των
558 5052 776 5115 ὀδόντας
811 5053 1080 5120 ἐπάγεται
1114 5055 1414 5124 τιμωροὺς,
1445 5055 1539 5107 καὶ
1565 5055 1693 5118 τοὺς
1714 5055 1791 5118 ὡς
1821 5055 2002 5125 Θώρα-

411 5163 518 5208 κας
547 5144 826 5215 σιδηροῦς,
855 5145 964 5199 τῶν
995 5145 1096 5216 μὲν
1125 5147 1356 5200 ὀδόντων
1383 5147 1670 5200 λεοντείων
1705 5149 1768 5202 τὸ
1795 5148 2004 5219 ἀπηνὲς

413 5239 694 5310 παριστᾷν
751 5237 1118 5307 βουλομένων,
1153 5239 1266 5316 τῶν
1318 5239 1562 5310 σιδηρῶν
1599 5240 1658 5293 δὲ
1711 5239 2004 5311 Θωράκων,

410 5327 477 5380 τὺ
519 5328 738 5400 στερεὸν
773 5328 830 5380 τὸ
863 5329 1000 5398 πρὸς
1037 5331 1314 5396 ἀντένεξιν
1346 5330 1454 5382 τῶν
1487 5333 1606 5394 ταῖς
1637 5331 1810 5400 βολίσι
1833 5351 2007 5402 προσ-

415 5420 770 5492 μαχομένων,
794 5422 855 5474 οὑ
881 5421 1022 5474 κατά
1050 5422 1111 5475 τὸ
1135 5423 1316 5492 ῥᾴδιον
1343 5425 1759 5494 ἐπιφερομένων
1793 5425 1852 5478 τὸ
1877 5426 2002 5480 ἐπι·

413 5515 774 5584 τεταγμένον.
819 5515 972 5568 Ἐπεὶ
1007 5515 1066 5568 δὲ
1115 5515 1209 5568 καὶ
1255 5520 1452 5586 πτῆσις
1492 5518 1676 5580 αὐτοῖς
1722 5519 2008 5590 ἑνοεωρείο

413 5622 514 5660 ται
538 5605 636 5660 iit:
679 5607 902 5678 ἀκρίσιν
935 5609 1419 5679 ἀφομοιουμὲνοις,
1467 5612 1500 5680 ὴ
1552 5611 1756 5682 πτῆσις
1800 5615 1899 5681 μὲν
1945 5613 2008 5664 τὸ

413 5701 518 5768 τῆς
557 5700 896 5763 ὲπξλεύσεως
957 5701 1152 5754 Odit-cev
1191 5703 1514 5768 αἰνίττεται,
1571 5705 1663 5756 καὶ
1696 5703 1756 5758 τὸ
1795 5705 2009 5758 ἄνωοεν

419 5789 653 5843 ἐπιέναι.
689 5791 876 5854 ditavit;
934 5791 992 5844 δὲ
1045 5792 1156 5844 τῶν
1215 5793 1508 5861 πτερύγων
1538 5795 1638 5863 τὴν
1689 5794 2006 5864 ἐφόρμησιν

423 5881 605 5937 αὐτῶν
637 5883 784 5952 λέγει
818 5885 950 5956 πρὸς
981 5885 1078 5956 τὴν
1105 5885 1407 5957 π’λλεμεκὴν
1432 5887 1613 5942 αὐτῶν
1647 5889 2000 5958 συμπλοκὴνο

2029 3257 2076 3315 C

2125 641 2224 694 tio.
2265 641 2583 698 Cruciatnm
2613 659 2746 700 vero
2791 649 3134 716 comparavit
3182 651 3528 718 percussioni
3560 669 3712 710 scor-

2122 732 2326 801 pionis,
2359 735 2620 802 (incuriam
2653 743 2708 790 et
2739 736 2828 791 hic
2853 737 3012 792 dolor
3053 740 3278 795 omnino
3303 743 3556 800 mortalis
3597 756 3704 801 est.

2195 821 2446 886 Quarrent
2476 825 2710 880 homines
2736 837 2976 882 mortem.
3005 827 3266 895 Qna’rere‘
3299 841 3528 888 mortem
3567 835 3706 890 nihil

2121 914 2266 968 aliud
2305 915 2398 971 dat
2435 917 2760 989 intelligere,
2799 921 2902 975 nisi
2946 921 3451 980 intolerabilitalem
3487 930 3707 983 crucia-

2119 1020 2230 1077 tus,
2263 1020 2522 1084 tanquam
2563 1031 2712 1070 mors
2754 1031 2974 1072 onmem
3027 1020 3246 1090 ableget
3280 1022 3550 1084 dolorem,
3584 1023 3710 1076 ideo

2118 1117 2336 1172 quoque
2371 1120 2520 1160 mors
2565 1105 2714 1162 dicta
2747 1117 2834 1163 est
2871 1109 3112 1180 requies.
3147 1110 3422 1177 Quoniam
3455 1113 3622 1184 igitur
3653 1115 3706 1166 in

2119 1194 2516 1266 incorruptibili
2547 1197 2660 1252 vita
2693 1214 2844 1254 mors
2869 1201 3096 1270 expulsa
3130 1205 3255 1268 erit,
3286 1206 3367 1260 sic
3395 1215 3454 1259 ut
3481 1220 3590 1260 non
3619 1205 3704 1258 in—

2117 1285 2388 1354 veniatur,
2418 1288 2700 1360 sulrjnngit
2739 1293 2884 1360 quod
2912 1293 3102 1363 fugiet.
3131 1295 3382 1350 Aﬂictum
3409 1307 3494 1352 est
3519 1307 3702 1352 autem

2115 1380 2278 1434 morti
2323 1395 2550 1451 corpus,
2585 1385 2652 1438 ad
2694 1384 2958 1452 majorem
2989 1388 3294 1458 emphasim
3347 1404 3538 1444 eorum
3585 1405 3710 1459 qum

2113 1483 2212 1537 per
2235 1473 2640 1528 enarrationem
2665 1473 3038 1530 declarantur.

2183 1556 2276 1620 IX,
2309 1560 2460 1614 7—H.
2493 1560 2561 1614 Et
2581 1563 2959 1617 similitudines
2983 1564 3310 1618 locustarum
3333 1566 3534 1621 similes
3555 1571 3702 1637 equis

2109 1648 2314 1714 paratis
2341 1650 2412 1702 ad
2444 1651 2690 1714 pra-lium
2723 1669 2742 1706 :
2772 1663 2822 1704 et
2852 1669 3010 1722 super
3031 1657 3214 1724 capita
3239 1672 3424 1708 earum
3453 1667 3708 1726 tanquam

2109 1757 2322 1797 corona:
2372 1759 2573 1808 aurem,
2618 1755 2667 1800 et
2692 1746 2856 1815 facies
2899 1764 3085 1802 earum
3132 1750 3272 1802 sicut
3323 1751 3488 1818 [acies
3538 1751 3709 1804 horni-

2113 1851 2264 1898 num,
2318 1845 2368 1889 et
2399 1836 2658 1890 habebant
2705 1839 2927 1908 capillos
2955 1842 3092 1896 sicut
3127 1841 3352 1910 capillos
3389 1841 3668 1896 mulierum
3691 1883 3706 1902 ,

2111 1936 2160 1980 et
2217 1928 2396 1981 dentes
2441 1945 2624 1982 earum
2653 1931 2809 2000 quasi
2863 1931 3074 1986 leonum
3117 1943 3293 1999 erant,
3347 1944 3396 1987 et
3449 1933 3709 1987 habebant

2113 2019 2309 2073 loricas
2337 2021 2494 2090 quasi
2519 2021 2714 2076 loricas
2749 2023 2971 2092 ferreas,
3011 2033 3062 2078 et
3091 2041 3190 2078 eoa:
3217 2027 3427 2079 alarum
3461 2027 3705 2096 ipsarum

2109 2113 2250 2166 sicut
2289 2129 2388 2168 uox
2417 2130 2673 2168 curruum
2721 2131 2974 2186 equorum
3032 2117 3320 2171 multorum
3375 2119 3706 2173 currentium

2111 2209 2180 2258 ad
2233 2207 2478 2276 prazlium
2512 2223 2531 2260 :
2560 2217 2610 2261 et
2647 2209 2840 2263 habent
2875 2211 3076 2263 caudas
3123 2210 3322 2264 similes
3369 2213 3704 2278 scorpionum

2109 2306 2159 2350 et
2189 2297 2400 2352 aculeos
2423 2343 2436 2364 ,
2472 2309 2522 2353 et
2565 2302 2620 2353 in
2651 2302 2836 2355 caudis
2863 2303 2973 2354 suis
3019 2301 3210 2355 habent
3256 2311 3570 2370 potestatem
3607 2301 3704 2354 la:-

2110 2391 2270 2444 dendi
2297 2391 2536 2446 homines
2566 2393 2834 2446 mensibus
2868 2395 3096 2462 quinque
3115 2435 3130 2456 ,
3180 2395 3425 2447 habentes
3472 2409 3628 2462 super
3651 2410 3708 2447 se

2111 2499 2284 2551 regem
2313 2485 2554 2553 angelum
2578 2485 2775 2555 abyssi,
2805 2489 2890 2539 cui
2921 2503 3109 2538 nomen
3137 2485 3396 2541 Hebraice
3425 2486 3702 2550 Abbadon,

2113 2575 2291 2630 Gra'ce
2325 2593 2442 2630 vero
2469 2593 2656 2631 nomen
2692 2577 2845 2631 habet
2875 2577 3158 2646 Apollgon.

2181 2831 2352 2901 Equis
2393 2833 2717 2890 assimilatze
2773 2839 2908 2888 sunt
2947 2832 3196 2898 locustae,
3229 2841 3285 2886 et
3319 2849 3430 2888 non
3461 2834 3552 2890 alii
3585 2835 3708 2890 ani-

2111 2927 2265 2992 mali,
2309 2937 2533 2998 propter
2573 2929 2818 2986 velocem
2855 2938 3066 2984 motum
3097 2927 3360 2998 impetus,
3399 2939 3446 2982 et
3484 2932 3704 2986 animo-

2109 3013 2327 3068 sitatem
2381 3015 2536 3086 equi,
2571 3017 2811 3072 maxime
2859 3033 2987 3072 cum
3029 3019 3201 3072 instat
3225 3019 3474 3088 pra-lium
3509 3038 3525 3074 :
3555 3022 3702 3090 quod

2109 3105 2292 3177 ipsum
2327 3109 2494 3164 etiam
2527 3125 2772 3179 praesens
2813 3111 3077 3166 revelatio
3107 3112 3438 3182 designavit,
3475 3130 3600 3170 cum
3625 3117 3706 3170 ait

2109 3199 2346 3255 similem
2381 3217 2504 3256 esse
2554 3203 3010 3272 praeparationem
3062 3218 3260 3258 eorum
3291 3220 3416 3274 qum
3447 3206 3696 3262 dolorem

2108 3289 2396 3356 inferrent,
2429 3293 2588 3363 equis
2609 3293 2704 3361 qui
2736 3294 2801 3348 ad
2831 3294 3078 3362 prielium
3115 3295 3286 3362 parati
3315 3304 3464 3350 sunt.

2179 3380 2250 3434 Et
2298 3399 2458 3451 super
2501 3385 2682 3452 capita
2735 3399 2924 3437 earum
2965 3393 3222 3452 tanquam
3264 3401 3472 3438 corona:
3503 3401 3696 3440 aurem.

2107 3469 2274 3540 728
2305 3470 2522 3526 Corona
2569 3473 2736 3530 veluti
2781 3488 2950 3528 aurea
2993 3472 3284 3528 victoriam
3321 3473 3702 3528 demonstrare

2106 3563 2264 3628 solet,
2301 3579 2426 3632 qua:
2469 3563 2641 3618 relata
2680 3571 2766 3620 est
2795 3563 3065 3618 adversus
3099 3566 3332 3620 miseros
3373 3567 3466 3636 qui
3501 3568 3701 3622 devicti

2105 3662 2236 3708 sunt
2269 3670 2283 3707 :
2319 3654 2434 3708 haec
2482 3663 2666 3710 autem
2727 3665 2988 3724 tanquam
3043 3671 3240 3710 aurum
3288 3665 3392 3720 est,
3443 3659 3536 3712 sed
3588 3675 3698 3714 non

2105 3761 2302 3800 aurum
2335 3762 2348 3799 :
2381 3761 2490 3802 non
2539 3746 2686 3802 enim
2747 3747 3076 3816 supplicium
3135 3763 3265 3803 vere
3299 3751 3584 3818 praemium
3616 3763 3702 3806 est

2105 3839 2254 3908 quod
2321 3838 2556 3898 refertur
2615 3843 2686 3896 ob
2743 3841 3106 3910 perditionem
3163 3843 3336 3896 divini
3387 3845 3698 3913 plasmatis.

2106 3930 2265 3994 Quod
2296 3945 2426 3984 vero
2469 3941 2696 4002 aspectu
2731 3949 2952 4004 quoque
2989 3935 3368 3990 assimilentur
3393 3937 3554 3992 faciei
3599 3940 3700 3996 lio-

2108 4025 2342 4090 miuum,
2379 4027 2430 4080 id
2465 4037 2571 4092 est,
2603 4029 2752 4098 quod
2799 4030 3168 4086 similitudine
3199 4034 3399 4102 speciei
3431 4049 3530 4088 eos
3561 4038 3704 4092 refe-

2107 4129 2236 4173 runt
2283 4119 2376 4190 qui
2431 4122 2792 4184 scdueuntur,
2847 4139 2986 4192 quos
3038 4133 3262 4193 propter
3321 4127 3700 4184 scductionem

2105 4221 2444 4282 exceperunt
2471 4213 2603 4282 ipsa
2625 4215 2864 4269 ultiones
2889 4215 3052 4284 hujus
3077 4217 3411 4270 frandulenti
3443 4228 3696 4275 conatus.

2107 4303 2250 4358 Sunt
2293 4313 2348 4358 et
2403 4306 2700 4360 tnnliebres
2751 4307 3076 4376 capillorum
3127 4308 3384 4362 czesaries
3434 4319 3697 4379 tanquam

2105 4407 2462 4468 contegemus
2511 4399 2852 4454 seductor-es.
2903 4399 3066 4456 Tales
3119 4401 3268 4454 enim
3315 4410 3446 4456 sunt
3478 4411 3532 4456 et
3577 4419 3700 4456 car-

2106 4490 2258 4544 nales
2291 4491 2631 4560 voluptates,
2665 4507 2788 4560 qua:
2819 4492 2998 4562 primo
3029 4508 3134 4546 suo
3163 4501 3388 4562 aspectu
3421 4493 3700 4548 delectare

2106 4583 2382 4648 videntur,
2425 4585 2516 4638 sed
2545 4585 2614 4640 ad
2662 4584 2748 4638 sui
2798 4585 3020 4638 ruinatn
3061 4585 3336 4640 inescatos
3373 4585 3694 4640 detrahunt.

2107 4676 2238 4732 Ideo
2281 4693 2500 4748 quoque
2531 4678 2916 4748 paramiiastes
2964 4676 3230 4732 Solomon
3263 4679 3342 4732 ait
3371 4679 3532 4732 verba
3582 4693 3695 4734 me-

2107 4769 2326 4826 retricis
2349 4771 2414 4824 ad
2452 4779 2668 4839 tempus
2696 4770 2920 4840 quidem
2947 4770 3180 4825 delinire
3207 4779 3420 4840 guttur,
3455 4781 3700 4840 postmo-

2107 4860 2234 4915 dum
2263 4877 2392 4918 vcro
2425 4863 2508 4918 sui
2533 4869 2754 4932 gustum
2789 4863 2892 4918 bile
2913 4863 3246 4918 atttariorem
3269 4863 3588 4919 immittere.
3621 4863 3698 4922 lix

2107 4955 2212 5010 hoc
2241 4967 2420 5010 autem
2453 4973 2696 5025 praesens
2727 4957 2924 5011 eilictio
2957 4965 3080 5026 post
3115 4957 3412 5012 muliebres
3444 4957 3698 5026 capillos,

2106 5051 2538 5105 ctiam-leonum
2593 5051 2786 5106 dentes
2841 5051 2994 5105 addit
3039 5052 3335 5112 ultoribus,
3389 5059 3446 5105 et
3494 5051 3697 5104 loricas

2109 5152 2372 5214 tanquam
2429 5145 2690 5200 ferreas:
2740 5145 2900 5214 quasi
2961 5145 3156 5202 dentes
3213 5145 3437 5213 quidem
3493 5143 3696 5196 lronini

2110 5235 2372 5290 saevitiam
2407 5235 2574 5289 velint
2599 5236 2892 5290 ostendere
2926 5251 2942 5288 :
2975 5233 3168 5289 ferreae
3203 5251 3331 5288 vero
3361 5233 3546 5287 loricae
3605 5236 3700 5284 tir-

2111 5329 2354 5384 mitatem
2386 5328 2454 5382 ad
2485 5327 2854 5382 resistendum
2878 5329 3080 5398 jaeulis
3117 5326 3478 5398 pugnantium
3507 5325 3700 5378 adver-

2110 5437 2202 5475 sus
2239 5421 2405 5489 ipsas,
2440 5421 2585 5491 quod
2621 5435 2728 5474 non
2764 5421 2923 5480 facile
2967 5421 3040 5476 sit
3072 5421 3188 5474 lieri
3226 5429 3418 5474 contra
3469 5417 3519 5470 id
3546 5418 3695 5488 quod

2111 5515 2278 5567 semel
2315 5513 2533 5581 jussum
2563 5523 2666 5568 est.
2705 5513 2976 5580 Quoniam
3019 5521 3202 5566 autem
3236 5521 3290 5565 ct
3341 5511 3582 5564 volatum
3639 5511 3694 5564 in

2113 5607 2247 5676 ipsis
2276 5613 2361 5662 est
2393 5606 2592 5660 intueri
2619 5649 2634 5673 ,
2671 5615 2730 5660 ut
2764 5623 2886 5676 quae
2927 5605 3158 5660 lucustis
3191 5605 3510 5658 assimilata:
3544 5613 3696 5668 sunt,

2113 5700 2327 5753 volatus
2368 5697 2622 5768 designat
2661 5698 2808 5768 quod
2869 5699 3130 5753 velociter
3177 5697 3590 5766 superveniunt.
3647 5707 3702 5748 et.

2112 5793 2258 5862 quod
2310 5807 2544 5860 superne
2583 5791 2870 5846 accedant.
2925 5790 3100 5845 Vorcs
3153 5805 3284 5842 vero
3339 5789 3456 5842 sive
3497 5805 3696 5844 suun...

2115 5887 2324 5941 alarum
2361 5885 2495 5940 dicit
2531 5885 2793 5954 impetum
2832 5885 3078 5954 ipsarum
3117 5883 3182 5937 ad
3229 5881 3482 5936 bellicum
3519 5877 3698 5936 assul-
