4110 6412
489 411 594 477 627
1309 411 1644 473 ΑΒΕΤΗΕ
1682 411 2063 473 CAESARE/1!

2182 409 2593 474 tPPADOCl/E
2635 408 2981 474 EPISCOPI
3662 413 3770 477 6ἓέ

491 540 634 598 tum,
667 529 812 602 quod
846 544 956 585 non
989 529 1042 582 in
1075 527 1294 583 silentio
1325 528 1436 592 ﬁat,
1472 529 1600 598 quia
1630 545 1810 599 neque
1838 534 1891 585 in
1925 541 2076 587 certo

2182 532 2238 584 οὐ
2301 530 2424 585 καθ’
2487 530 2721 600 ἡσυχίαν
2773 526 3196 597 ἐκτελουμένην,
3246 525 3328 579 ὅτι
3381 526 3516 597 μηδέ
3546 527 3605 580 ἐν
3663 547 3768 582 τινι

493 623 680 692 aliquo
713 623 854 686 loco,
895 620 988 675 sed
1027 619 1081 673 in
1117 619 1374 674 universo
1420 621 1627 674 mundo
1666 623 1980 678 conﬁcitur.
2019 623 2078 678 Et

2185 625 2356 694 τόπῳ,
2390 622 2506 676 ἀλλ’
2531 624 2591 674 ἐν
2617 619 2784 674 παντὶ
2813 620 2893 689 τῷ
2945 623 3139 688 κόσμῳ
3186 619 3594 691 συντελουμένη
3639 637 3770 690 τυγ-

497 713 626 766 hinc
640 711 881 781 estquod
899 725 1009 765 non
1029 710 1082 764 in
1099 725 1290 765 omnes
1307 711 1591 766 hominum
1613 728 1794 768 mores
1819 725 2078 784 tanquam

2185 718 2358 786 χάνει,
2410 714 2504 783 ἀφ’
2537 708 2600 769 οὗ
2657 715 2752 767 καὶ
2799 713 2874 784 μὴ
2912 713 3081 765 πᾶσιν
3132 712 3440 782 ἀνθρώπων
3480 713 3670 784 ἤθεσιν
3692 713 3769 778 ὡς

493 803 550 857 in
573 803 831 859 socordes
856 803 1107 873 regiones
1137 803 1398 857 insultmn
1430 804 1660 866 faciunt.
1692 806 1784 859 sed
1815 806 2084 860 duntaxat

495 898 550 950 in
603 896 893 965 quosdam,
944 910 1140 964 nempe
1188 895 1246 950 in
1303 911 1404 952 eos
1451 897 1545 966 qui
1594 898 1908 954 ﬁrmitatem
1969 915 2078 954 non

493 989 722 1043 omnino
772 988 1017 1058 praebent
1061 989 1194 1045 eis:
1251 1000 1348 1044 aut
1398 991 1643 1060 praebent
1686 991 1930 1062 quidem,
1985 994 2079 1048 sed

493 1081 703 1135 ﬁrmior
727 1090 812 1135 est
837 1096 932 1150 per
963 1081 1224 1151 impetum
1259 1096 1275 1135 :
1314 1087 1458 1138 unde
1490 1085 1653 1138 etiam
1683 1101 1790 1139 vox
1824 1085 1940 1140 sive
1968 1085 2079 1139 fra-

492 1188 592 1242 gor
643 1173 999 1229 constituitur
1051 1186 1307 1244 tanquam
1361 1183 1605 1230 rotarum
1669 1193 1934 1232 curruum
1985 1193 2082 1247 per

494 1265 850 1320 mutationum
883 1281 948 1322 ac
980 1267 1340 1322 recidentiam
1374 1269 1676 1323 radiorum.

565 1357 632 1410 Et
665 1358 923 1413 habebant
946 1360 1148 1416 caudas
1171 1361 1369 1416 similes
1397 1362 1738 1431 scorpionum
1767 1372 1817 1417 et
1842 1361 2076 1416 aculeos.

493 1447 854 1518 Scorpiouum
901 1452 1091 1507 caudis
1137 1461 1193 1507 et
1237 1453 1445 1508 aculeis
1480 1453 1769 1508 assimilati
1813 1463 1942 1508 sunt
1975 1455 2082 1508 dae-

493 1558 720 1596 monum
777 1544 1014 1598 insultus
1067 1544 1334 1600 adversus
1395 1546 1667 1610 homines,
1713 1547 1974 1613 quoniam
2027 1555 2082 1600 et

493 1633 774 1690 dannones
805 1650 912 1690 non
944 1637 1126 1691 statim
1157 1646 1217 1691 ut
1249 1637 1553 1706 loquuntur
1576 1636 1938 1692 manifestam
1978 1653 2080 1691 no-

493 1739 833 1793 cumentum,
862 1730 1005 1784 sicut
1030 1745 1206 1800 neque
1225 1731 1480 1800 scorpius
1503 1730 1766 1786 forﬁculis
1790 1731 1841 1784 in
1868 1746 2076 1784 morem

493 1823 680 1876 cancri
721 1822 1095 1889 denticulatis,
1141 1825 1234 1879 sed
1281 1838 1312 1877 a
1363 1833 1514 1893 tergo
1569 1823 1745 1878 cauda
1797 1824 1943 1878 hedit
1985 1839 2082 1893 per

2184 807 2399 870 ὑπτίοις
2425 807 2651 878 χωρίοις
2682 804 3143 876 προσϐάλλουσιν,
3181 803 3321 856 ἀλλά
3343 816 3475 868 τισι,
3503 807 3622 868 τοῖς
3646 806 3770 876 μηδ’

2182 899 2321 963 ὅλως
2343 899 2405 952 τὸ
2446 898 2683 968 βεϐηκὸς
2732 897 2926 960 αὑταῖς
2987 896 3413 965 παρέχουσιν,ἢ
3466 895 3770 966 παρέχουσι

2186 991 2306 1060 μὲν,
2361 991 2663 1062 βιαιότερον
2692 989 2805 1060 (31)
2853 989 2910 1041 δὲ
2954 990 3020 1059 τῇ
3075 987 3248 1058 ῥύμῃ.
3310 986 3429 1054 Ἀφ’
3455 981 3518 1041 οὗ
3562 989 3657 1041 καὶ
3695 988 3771 1052 ὡς

2182 1085 2280 1139 ἀπ’
2305 1085 2614 1155 ἀμαξιαίων
2665 1083 2900 1155 τροχῶν,
2958 1085 3025 1153 τῇ
3063 1080 3415 1153 μεταπτώσει
3454 1099 3514 1134 τε
3547 1082 3642 1136 καὶ
3673 1083 3768 1134 ἀνο

2181 1178 2446 1232 τιπτώσει
2485 1179 2594 1232 τῶν
2625 1179 2884 1243 σκώλων,
2911 1176 3096 1247 φωνὴ,
3149 1175 3319 1246 ἠγουν
3367 1174 3578 1239 κτύπος
3640 1191 3769 1229 συν-

2187 1271 2425 1326 ισταται.

2255 1364 2362 1420 Καὶ
2392 1365 2648 1432 ἔχουσιν
2684 1365 2869 1433 οὐρὰς
2900 1365 3109 1434 ὁμοίας
3150 1367 3468 1434 σκορπίοις
3505 1363 3603 1418 καὶ
3628 1363 3765 1417 κέν-

2182 1473 2312 1524 τρα,
2350 1455 2636 1525 Σκορπίων
2657 1456 2848 1527 οὐραῖς
2878 1457 2971 1508 καὶ
3003 1456 3253 1527 κέντροις
3280 1458 3336 1509 αἱ
3363 1456 3472 1509 τῶν
3499 1456 3768 1527 δαιμόνων

2182 1547 2599 1618 ἀπεικάσθησαν
2627 1547 2926 1618 προσϐολαὶ
2953 1550 3008 1601 αἱ
3033 1547 3172 1619 πρὸς
3205 1547 3554 1619 ἀνθρώπους,
3580 1548 3768 1618 ἐπειδὴ

2183 1642 2282 1694 καὶ
2309 1641 2360 1694 οἱ
2399 1640 2656 1710 δαίμονες
2685 1639 2808 1710 οὐχὶ
2849 1639 2966 1708 ἅμα
3012 1639 3092 1709 τῷ
3131 1640 3515 1710 χρηματίσαι,
3550 1641 3613 1693 τὺ
3643 1641 3772 1710 βλαε

2183 1733 2378 1787 πτικδν
2400 1733 2816 1802 ἀποφαίνουσιν,
2855 1733 2938 1786 ὅτι
2969 1733 3104 1804 μηδὲ
3135 1732 3395 1804 σκορπίος
3422 1734 3542 1798 ταῖς
3571 1751 3767 1805 καρκι-

2184 1830 2378 1884 νὼδεσι
2423 1831 2639 1901 χηλαῖς,
2674 1829 2810 1884 άλλά
2859 1829 2938 1898 τῷ
2966 1829 3252 1894 ἐξόπισθεν
3294 1811 3501 1901 ούραίῳ
3548 1829 3634 1884 διὰ
3676 1829 3769 1883 τοῦ

493 1911 769 1965 aculeum.
818 1913 1035 1966 Interim
1086 1927 1306 1982 quoque
1355 1912 1603 1966 exitiales
1634 1914 1911 1967 daemones
1951 1929 2077 1966 eum

2186 1899 2438 1995 κέντρου.
2482 1899 2650 1986 νΤέως
2693 1923 2749 1976 δὲ
2792 1923 2884 1976 καὶ
2906 1924 2956 1976 οἱ
2986 1923 3256 1993 ἀλιτήριοι
3287 1899 3544 1994 δαίμονες
3566 1920 3662 1986 οὓς
3701 1923 3767 1974 ἂν

493 2003 710 2072 aliquos
742 2003 1052 2057 insidiando
1079 2003 1346 2072 ceperint,
1383 2020 1493 2058 non
1523 2006 1706 2058 statim
1739 2005 1943 2058 habent
1973 2005 2079 2058 im-

494 2094 724 2148 missum
780 2094 1108 2164 supplicium
1146 2104 1366 2165 propter
1400 2095 1566 2166 729
1617 2097 1860 2166 ipsorum
1923 2097 2081 2151 dece-

494 2185 764 2251 ptionem,
807 2187 899 2239 sed
951 2186 1097 2240 ﬁnali
1131 2187 1239 2256 igni
1287 2189 1487 2242 servati
1529 2203 1652 2242 cum
1693 2188 1778 2243 his
1816 2203 1954 2255 quos
1989 2203 2078 2244 se-

491 2277 790 2343 duxerunt,
822 2278 985 2348 digna
1016 2289 1427 2349 consequentur
1451 2281 1694 2350 praemia.
1738 2282 1909 2337 Porro
1947 2281 2078 2352 quid

491 2369 594 2424 sibi
625 2370 754 2426 velit
794 2373 942 2441 quod
983 2371 1050 2426 ad
1078 2372 1333 2442 quintum
1363 2373 1631 2426 duntaxat
1675 2386 1917 2426 mensem
1956 2388 2082 2442 pro-

493 2461 752 2516 tendatur
783 2471 1025 2530 potestas
1066 2463 1335 2517 inferendi
1364 2463 1666 2528 cruciatus,
1711 2463 1828 2534 jam
1855 2463 1886 2518 ἐι
1922 2465 2080 2519 nobis

493 2555 697 2608 dictum
723 2562 826 2609 est.
861 2552 994 2618 Quis
1037 2554 1182 2607 enim
1225 2555 1406 2624 ignem
1460 2563 1810 2623 peccatorum
1859 2553 2080 2608 auferre

491 2656 670 2714 potest
703 2648 836 2716 quin
874 2657 1137 2716 perpetuo
1163 2647 1340 2710 duret,
1371 2657 1466 2702 aut
1522 2647 1665 2701 aliud
1714 2647 1860 2716 quod
1889 2647 1960 2700 ihi
2008 2647 2082 2702 sit

491 2737 786 2792 sensibile?
829 2737 934 2792 Sed
969 2740 1434 2808 quemadmodum
1484 2755 1660 2809 neque
1684 2739 1880 2793 oculos
1920 2749 2081 2807 aptus

490 2841 576 2884 est
613 2831 680 2885 ad
708 2831 999 2886 videndum
1025 2831 1166 2886 bona
1186 2871 1201 2894 ,
1228 2846 1408 2902 neque
1433 2833 1583 2886 auris
1613 2833 1679 2885 ad
1719 2831 2076 2896 audiendum,

492 2940 669 2996 neque.
695 2925 748 2978 in
779 2939 876 2980 cor
923 2925 1167 2980 hominis
1197 2925 1386 2992 subice
1420 2935 1652 2995 possunt
1687 2941 1700 2978 :
1741 2925 1818 2979 sic
1850 2941 1952 2980 nec
1986 2926 2078 2981 illa

490 3033 614 3088 quae
639 3017 907 3088 amigunt,
941 3017 1116 3072 donec
1145 3016 1520 3086 experimento
1551 3018 1872 3086 probentur.

553 3105 818 3161 Habentes
859 3122 1016 3174 super
1047 3123 1102 3160 se
1126 3123 1296 3177 regem
1325 3109 1570 3178 angelum
1604 3108 1802 3177 abyssi.
1835 3108 2076 3179 Angelus

494 3200 581 3254 hic
615 3201 741 3254 licet
785 3200 1116 3270 quibusdam
1143 3202 1300 3257 visus
1333 3201 1405 3256 sit
1445 3210 1572 3256 esSe
1602 3216 1804 3271 pravus
1835 3201 2073 3264 daemon,

491 3301 731 3346 attamen
761 3307 869 3346 non
907 3300 1076 3346 recte.
1108 3291 1230 3358 Quo
1259 3292 1406 3347 enim
1437 3301 1618 3362 pacto,
1650 3307 1776 3348 cum
1815 3293 2079 3348 Dominus

490 3385 818 3440 sententiam
866 3385 1052 3439 tulerit
1097 3384 1495 3440 retrudendum
1538 3401 1660 3441 csse
1717 3385 1994 3440 diabolum
2028 3395 2083 3440 ct

488 3477 714 3546 angelos
742 3477 916 3546 ipsius
942 3477 997 3530 in
1028 3477 1172 3548 ignis
1194 3477 1548 3547 supplicium,
1580 3477 1854 3548 quispiam
1887 3493 2078 3532 eorum

487 3571 582 3639 qui
619 3570 686 3624 ad
732 3570 1063 3639 supplicium
1106 3569 1381 3640 designati
1417 3580 1564 3636 sunt,
1614 3573 1758 3641 regia
1811 3580 2082 3641 potestate

487 3662 688 3730 dignus
723 3662 1052 3716 haberetur?
1098 3660 1217 3717 Non
1267 3679 1398 3734 ergo
1428 3664 1576 3718 malo
1610 3665 1800 3735 angelo
1836 3673 2080 3734 potestas

488 3753 790 3807 constituta
819 3761 921 3817 est,
963 3754 1057 3809 sed
1101 3755 1153 3809 ei
1197 3756 1284 3810 cui
1333 3756 1692 3810 commissum
1721 3766 1806 3811 est
1835 3755 2076 3811 debitum

489 3859 552 3898 ac
592 3846 928 3901 conveniens
981 3846 1378 3904 ministerium.
1433 3847 1622 3918 Neque
1675 3849 1822 3902 enim
1884 3866 2079 3906 omnes

491 3938 876 3992 ministratorii
914 3939 1142 4007 spiritus
1177 3940 1472 3996 mittuntur
1505 3942 1570 3996 ad
1603 3942 1795 3998 salutis
1831 3943 2078 3998 ministe-

489 4031 656 4094 rium,
679 4030 836 4100 juxta
860 4031 1045 4085 divum
1075 4032 1304 4087 Paulum
1335 4034 1427 4104 qui
1459 4033 1563 4089 hoc
1595 4035 1756 4099 dixit,
1791 4035 1883 4089 sed
1910 4034 2076 4090 etiam

489 4123 554 4177 ad
593 4123 935 4179 inferendum
971 4125 1304 4195 supplicium
1340 4145 1353 4181 :
1387 4127 1851 4196 quemadmodum
1886 4129 1932 4182 is
1982 4129 2074 4199 qui

487 4218 838 4288 Assyriorum
883 4222 1185 4274 exercitum
1235 4231 1623 4292 congregatum
1688 4237 1812 4276 cum
1868 4222 2078 4276 Senna-

485 4311 678 4366 eherih
722 4327 889 4382 super
935 4311 1241 4369 Jerusalem
1285 4315 1506 4378 delevit,
1544 4324 1599 4371 et
1645 4317 1737 4385 qui
1775 4331 1940 4385 super
1975 4315 2077 4369 So-

455 4405 645 4457 'doma
673 4405 906 4474 ignitum
958 4405 1188 4462 immisit
1244 4407 1550 4463 interitum.
1582 4408 1740 4475 Quod
1779 4418 1962 4462 autem
2019 4409 2072 4462 in

2182 2018 2423 2072 λάϐωσιν
2453 2016 2510 2083 ἐξ
2539 2015 2774 2086 ἀπάτης,
2813 2016 2915 2069 οὐκ
2935 2015 3098 2079 εὐθὺς
3123 2015 3306 2086 ἔχουσι
3353 2014 3448 2068 καὶ
3479 2014 3580 2085 τὴν
3629 2014 3769 2084 ὑπὲρ

2186 2108 2291 2178 τῆς
2323 2107 2532 2161 τούτων
2555 2107 2776 2174 ἀπάτης
2803 2105 3078 2178 τιμωρίαν
3103 2107 3286 2169 αὐτοῖς
3311 2105 3769 2176 ἐπιϐαλλομένην.

2184 2200 2534 2273 Τηρηθέντες
2555 2198 2613 2252 δὲ
2643 2199 2721 2270 τῷ
2740 2199 3036 2269 τελευταίῳ
3055 2199 3192 2270 πυρὶ
3219 2198 3338 2268 μεθ’
3365 2193 3440 2252 ὧν
3454 2199 3766 2270 ἠπάτησαν,

2181 2292 2293 2346 τῶν
2326 2292 2493 2357 ἀξίων
2518 2291 2701 2364 γερῶν
2736 2289 3036 2355 τεύξονται.
3073 2291 3148 2344 Τὸ
3180 2291 3238 2344 δέ
3265 2291 3362 2361 τὴν
3393 2291 3646 2358 ἐξουσίαν
3670 2291 3766 2361 τῆς

2183 2387 2457 2459 τιμωρίας
2509 2383 2807 2454 πεμπταίῳ
2865 2385 3027 2455 μόνον
3087 2385 3220 2455 μηνὶ
3261 2385 3690 2456 παρατεινεσθαι
3715 2384 3768 2438 τί

2185 2478 2460 2548 βούλεται,
2490 2478 2706 2548 εἴρηται
2733 2478 2868 2547 ἡμῖν
2891 2476 3016 2546 ἤδη.
3042 2475 3142 2539 Τίς
3179 2476 3289 2546 γὰρ
3320 2478 3347 2529 ό
3369 2478 3429 2529 τὸ
3458 2476 3766 2541 διαιωνίζον

2184 2569 2628 2640 παραιρούμενος
2655 2569 2765 2622 τῶν
2799 2567 3145 2638 ἁμαρτωλῶν
3173 2568 3305 2639 πῦρ,
3343 2569 3471 2640 μήτ’
3498 2569 3626 2622 ἄλλο
3651 2571 3767 2622 ἐκεῖ

2182 2663 2481 2734 αἱσθητόν;
2531 2663 2622 2724 Ὦς
2671 2662 2780 2734 γὰρ
2821 2663 2889 2714 τὰ
2945 2661 3129 2729 ἀγαθά
3165 2662 3266 2715 οὐκ
3305 2662 3584 2732 ὀφθαλμὸς
3637 2662 3765 2715 ἰδεῖν

2181 2755 2439 2824 αἰσθητὸς
2465 2753 2668 2816 ἱκανὸς,
2699 2751 2819 2806 ούδέ
2841 2747 2935 2815 οῦς
2969 2751 3222 2818 ἀκοῦσαι,
3259 2753 3381 2806 οὐδὲ
3404 2753 3498 2805 ἐπὶ
3535 2752 3764 2821 καρδίαν

2182 2848 2469 2918 ἀνθρώπου
2531 2846 2823 2918 ἀναϐῆναι,
2877 2846 3054 2910 οὕτως
3114 2844 3236 2899 οὐδὲ
3289 2846 3358 2900 τά
3413 2845 3766 2917 τιμωροῦντα

2183 2940 2310 3010 ἄχρι
2349 2937 2450 3010 τῆς
2477 2938 2696 3010 πείρας.

2257 3120 2554 3191 Ἕχουσαι
2603 3119 2875 3186 ,ϐασιλέα
2941 3119 3036 3174 ἐπ’
3096 3117 3298 3174 αὐτῶν
3333 3117 3596 3188 ἄγγελον
3657 3115 3770 3184 τῆς

2183 3214 2485 3269 ἀϐύσσου.
2519 3214 2579 3267 ’0
2614 3213 2847 3283 ἄγγελος
2869 3206 3046 3276 οὗτος,
3079 3211 3127 3263 εί
3160 3210 3252 3264 καί
3291 3227 3435 3262 τισιν
3475 3207 3622 3274 ἔδοξε
3673 3225 3770 3260 πο-

2186 3308 2350 3380 νηρὸς
2378 3307 2590 3379 δαίμων
2624 3301 2795 3371 εἶναι,
2838 3305 2957 3360 ἀλλ’
2988 3305 3138 3375 ὅμως
3160 3303 3220 3358 ού
3249 3302 3451 3366 καλῶς.
3494 3302 3622 3366 Πῶς
3659 3302 3768 3372 γὰρ

2182 3397 2277 3452 τοῦ
2308 3398 2519 3470 Κυρίου
2545 3397 2644 3470 τὴν
2671 3397 2898 3451 κόλασιν
2925 3395 3020 3449 τοῦ
3052 3395 3228 3466 πυρδς
3255 3393 3334 3465 τῷ
3363 3392 3599 3463 διαϐόλῳ
3625 3393 3763 3446 ἀπο-

2183 3488 2503 3560 φηναμένου
2536 3489 2634 3543 καὶ
2671 3491 2784 3552 τοῖς
2817 3485 3078 3556 ἀγγέλοις
3106 3483 3294 3548 αὐτοῦ,
3342 3485 3406 3536 ἐκ
3437 3483 3645 3537 τούτων
3684 3499 3770 3544 τις

2181 3581 2292 3635 τῶν
2326 3583 2408 3644 είς
2446 3582 2671 3636 κόλασιν
2697 3578 3128 3650 ἀφωρισμένων,
3167 3574 3462 3646 βασιλικῆς
3499 3572 3762 3640 ἀξιωθείη

2181 3673 2470 3742 ἐξουσίαςς
2509 3675 2624 3729 Οὐκ
2653 3670 2747 3726 οὖν
2799 3669 3026 3741 πονηρῷ
3054 3669 3274 3739 ἀγγέλῳ
3304 3669 3336 3740 ή
3370 3667 3594 3734 ἐξουσία
3628 3665 3763 3736 βρα-

2181 3765 2444 3834 ϐευθειη,
2479 3765 2768 3840 ὲκείνῳδὲ
2823 3764 2902 3834 τῷ
2953 3761 3293 3830 κατάλληλον
3343 3761 3444 3829 τὴν
3489 3757 3767 3814 διακονίαν

2183 3853 2713 3927 μεταχειριζομένῳ.
2763 3853 2838 3906 Ού
2876 3852 2987 3922 γάρ
3035 3851 3240 3913 πάντες
3289 3851 3370 3912 εἰς
3416 3847 3768 3918 λειτουργικὰ

2180 3948 2474 4018 πνεύματα
2505 3949 2586 4010 εἰς
2637 3947 2915 4000 διακονίαν
2969 3945 3238 4014 σωτήριον
3281 3940 3764 4011 ἀποστελλόμενοι,

2179 4039 2322 4094 κατὰ
2351 4038 2442 4094 τὸν
2481 4037 2745 4110 εἰρηκότα
2777 4038 2920 4091 θεῖον
2949 4035 3183 4101 Παῦλον,
3217 4033 3357 4088 ἀλλά
3389 4033 3486 4088 καὶ
3522 4032 3661 4102 πρὸς
3689 4048 3768 4083 τι-

2183 4133 2423 4205 μωρίαν,
2448 4132 2523 4196 ὡς
2550 4133 2577 4186 ό
2601 4131 2692 4184 τὸν
2733 4129 3024 4201 Ἀσσύριον
3079 4128 3316 4200 στρατὸν
3349 4127 3489 4198 μετά
3517 4128 3761 4196 Σεναχη-

2184 4226 2311 4295 ρεὶμ
2358 4224 2452 4277 ἐπὶ
2521 4221 2880 4294 Ἰερουσαλὴμ
2924 4219 3286 4290 ἀθροισθέντα
3340 4217 3638 4289 ἀφανίσας,
3672 4213 3767 4268 καὶ

2178 4318 2287 4370 τῶν
2305 4317 2557 4387 Σοδόμων
2578 4316 2670 4368 τὸν
2696 4314 2962 4386 διάπυρον
2986 4313 3208 4385 ὄλεθρον
3233 4313 3560 4382 ἐπιστήσας.
3591 4310 3768 4378 Ὅπερ

2177 4409 2236 4463 δὲ
2269 4410 2362 4461 καὶ
2395 4405 2762 4479 προλαϐόντες
2779 4404 3283 4476 ἁπεσημηνάμεθα,
3317 4404 3413 4457 καὶ
3441 4404 3537 4455 νῦν
3565 4417 3767 4472 φαμεν,

486 4499 926 4565 ιιι-ωοοιίοηιὶιιυε
955 4500 1414 4571 signiﬁcavimus,
1452 4503 1616 4555 etiam
1661 4517 1806 4556 nunc
1837 4502 2077 4557 dicimus

2182 4499 2255 4562 ὡς
2289 4497 2464 4552 ταῦτα
2515 4499 2564 4550 εἰ
2618 4496 2714 4550 καὶ
2752 4495 3142 4566 παρῳχημένῳ
3192 4492 3608 4561 ἐξαγγέλλεται,
3653 4488 3769 4542 ἀλλ’

483 4590 634 4659 quod
693 4592 811 4646 hzec
857 4608 1174 4662 quanquam
1213 4594 1266 4646 in
1320 4594 1600 4663 praaterito
1650 4595 2070 4659 annuntientur,

2182 4591 2272 4646 οῦν
2311 4591 2573 4660 μέλλοντα
2600 4588 2888 4645 .νοεῖσθαι.
2949 4585 3109 4640 Ἀλλά
3162 4585 3310 4638 δυοῖν
3362 4585 3524 4654 χάριν
3587 4580 3768 4643 τοῦτο,

484 4693 724 4738 attamen
760 4685 827 4740 de
862 4685 1048 4741 futuro
1087 4685 1467 4758 intelliguntur
1504 4705 1518 4742 :
1557 4701 1746 4741 verum
1801 4686 1853 4740 id
1901 4686 2076 4754 dupli-

2182 4686 2304 4756 ἦτοι
2341 4685 2416 4748 ὼς
2450 4684 2670 4746 πάντως
2703 4679 3208 4752 ἀπαρεμποδίστως
3254 4678 3555 4749 ἐσομένων,
3596 4676 3630 4747 ἦ
3676 4673 3770 4728 καὶ

484 4793 600 4831 cem
634 4778 705 4832 ob
737 4794 961 4834 causam
1000 4780 1078 4844 lit,
1121 4780 1236 4835 sive
1269 4780 1413 4851 quod
1472 4779 1783 4834 certissimo
1821 4778 2064 4834 futurum

2182 4779 2279 4832 τοῦ
2307 4779 2750 4851 χρηματίζοντος
2798 4776 2880 4847 τῷ
2913 4773 3281 4844 εύαγγελιστῇ
3310 4773 3380 4825 τὰ
3423 4770 3772 4843 προκείμενα

484 4871 646 4923 situt
701 4871 864 4937 ﬁant,
905 4873 1050 4927 nulla
1101 4888 1159 4926 re
1216 4872 1670 4943 impedimentum
1727 4879 2070 4941 praestante:

2185 4874 2328 4927 κατά
2360 4873 2424 4926 τὸ
2455 4872 2555 4941 τῆς
2595 4870 2936 4942 προφητείας
2965 4867 3187 4937 ἀξίωμα
3222 4865 3678 4938 περιπατοῦντος.

485 4975 580 5020 aut
610 4965 774 5020 etiam
810 4965 954 5036 quod
991 4967 1035 5021 is
1065 4966 1156 5033 qui
1191 4966 1542 5024 evangelistre
1593 4980 1656 5019 ea
1712 4964 1964 5019 tradebat
2019 4967 2244 5022 oracula
2286 4963 2355 5020 de
2426 4965 2630 5035 quibus
2686 4979 2835 5018 nunc
2885 4973 3226 5027 tractamus,
3268 4959 3425 5030 juxta
3491 4956 3770 5028 propheta'

482 5058 802 5129 dignitatem
833 5060 1114 5130 procedat.

555 5149 657 5206 Cui
682 5164 869 5202 nomen
920 5148 1177 5204 llebraice
1209 5148 1486 5203 Abbadon.
1529 5146 1738 5202 Nomen
1793 5146 2072 5202 liehraiea‘.

482 5244 680 5312 lingua:
710 5241 780 5297 ab
817 5242 966 5298 exitu
995 5251 1272 5312 sumptum
1307 5255 1411 5307 est,
1449 5242 1595 5298 sicut
1631 5257 1696 5296 ex
1731 5242 1922 5297 Grreeo
1957 5257 2072 5294 ma-

480 5337 744 5390 nifestum
777 5347 883 5388 est.
927 5334 1067 5400 Quid
1100 5337 1247 5388 enim
1284 5335 1430 5388 aliud
1459 5334 1732 5395 signiﬁcat
1778 5333 2069 5403 Apollyon,

479 5443 644 5495 quam
677 5426 912 5496 perdens
945 5427 1028 5480 vel
1057 5425 1460 5496 corrumpens?

943 5519 1107 5589 730
1128 5518 1358 5574 CAPUT
1394 5519 1606 5574 xxvn.

485 5612 557 5666 De
595 5624 740 5668 sexto
795 5613 979 5683 angelo
1021 5629 1040 5667 :
1078 5619 1129 5666 et
1181 5614 1374 5666 solutio
1422 5615 1732 5683 angelorum
1783 5613 1874 5682 qui
1915 5629 2072 5682 super

890 5684 1216 5747 Euphraten:
1247 5685 1459 5754 alligati
1488 5697 1660 5738 ermtt.

553 5770 644 5835 IX,
683 5773 871 5826 lQ-IG.
925 5772 1013 5828 Va:
1046 5791 1211 5828 unum
1241 5773 1392 5840 abiit,
1424 5784 1472 5829 et
1513 5792 1626 5830 ecce
1654 5775 1866 5831 veniunt
1897 5775 2069 5830 adhuc

556 5907 666 5978 (3|)
710 5908 952 5978 βεϐιιότε
964 5927 1074 5980 ρον,
1103 5913 1188 5965 cd.

2255 5147 2476 5214 Ὅνομα
2509 5143 2672 5210 αὐτῷ
2736 5143 3035 5212 Ἐϐραϊστὶ
3089 5141 3408 5196 Ἀὄϐαδών.
3463 5140 3537 5193 Τὸ
3597 5141 3768 5210 δνομσ

2179 5240 2276 5294 τοῦ
2319 5239 2612 5311 Ἐϐραῖκοῦ
2663 5239 2774 5292 ἀπὸ
2833 5239 2931 5307 τῆς
2974 5236 3260 5300 ἐκϐάσεως
3312 5235 3648 5298 πέπλασται,
3695 5236 3769 5299 ὡς

2181 5333 2344 5402 δῆλον
2375 5332 2484 5385 ἀπὸ
2510 5331 2606 5384 τοῦ
2643 5330 2982 5402 Ἑλληνικοῦ.
3039 5327 3354 5382 ’Λπολλύων
3407 5326 3537 5399 γὰρ,
3565 5327 3619 5380 τί
3651 5327 3766 5380 ἓτε-

2185 5442 2277 5496 ρον
2313 5423 2345 5493 ἢ
2381 5424 2440 5478 τὸ
2463 5423 2778 5494 διαφθεῖρον
2805 5421 3066 5490 σημαίνει
3092 5439 3106 5485 ;

2771 5515 3027 5570 ΚΕΦΛΛ.
3061 5512 3189 5568 ΚΖ’.

2180 5611 2319 5680 Περὶ
2351 5609 2456 5664 τοῦ
2479 5609 2658 5663 ἕκτου
2677 5607 3087 5680 ἀγγέλουηκαί
3109 5606 3227 5680 τῶν
3250 5606 3350 5659 ἐπί
3379 5605 3458 5671 τῷ
3490 5606 3770 5674 Εὐφράτῃ

2497 5678 2812 5748 λυομένων
2842 5677 3114 5748 ἀγγέλων
3145 5679 3450 5742 ἐπίλυσις.

2263 5775 2324 5833 Ἡ
2357 5775 2488 5830 οὐαὶ
2520 5775 2557 5844 ἡ
2579 5774 2688 5844 μία
2713 5770 2992 5838 ἀπῆλθεν
3015 5787 3028 5802 ο
3071 5770 3202 5824 ἰδοὺ
3238 5769 3516 5839 ἔρχονται
3541 5771 3628 5827 ἔτι
3658 5769 3766 5824 δύο
