4110 6432
377 409 488 474 629

1445 399 1834 464 COMMEN'I‘.
1877 396 1962 458 ΙΝ
2003 392 2541 492 APOCAliYPSIN.

3545 393 3650 458 630

376 522 516 576 auat
542 517 693 588 μετὰ
711 517 918 572 ταῦτα.
947 513 1052 572 Kal
1089 517 1121 569 ὁ
1149 513 1324 581 ἕκτος
1350 514 1606 584 ἅγγελος
1631 511 1954 570 ἐσάλπισε,

2079 505 2164 558 luo
2213 520 2288 558 va:
2317 511 2434 572 post
2469 503 2598 556 hwc.
2666 499 2728 553 Et
2777 507 2958 554 sextus
2999 499 3219 572 angelus
3263 499 3392 555 tuba
3447 509 3654 560 cecinit.

377 611 480 664 καί
511 609 754 680 ἤκουσα
780 608 992 679 φωνὴν
1025 607 1174 678 μίαν
1202 607 1272 662 ὲκ
1297 605 1416 660 τῶν
1443 603 1760 672 τεσσάρων
1796 599 1966 669 κερά-

375 721 500 758 των
521 703 630 758 τοῦ
679 703 1120 772 θυσιαστηρίου
1151 702 1260 756 τοῦ
1295 699 1533 771 χρυσοῦ
1571 697 1678 752 τοῦ
1705 695 1968 750 ἐνώπιον

377 799 488 852 τοῦ
509 799 679 860 Θεοῦ,
710 799 1000 867 λέγοντος
1023 797 1106 864 τῷ
1131 797 1284 864 ἕκτῳ
1309 795 1565 866 ἀγγέλῳ,
1598 795 1667 860 ὃς
1700 790 1828 862 εἶχε
1849 791 1968 858 τὴν

377 890 721 960 addam-ra-
747 892 956 946 Λῦσον
987 889 1130 957 τοὺς
1161 889 1468 958 τέσσαρας
1492 887 1793 958 ἀγγέλους
1821 885 1966 952 τοὺς

377 984 744 1054 δεδεμένους
775 985 874 1038 ἐπὶ
905 985 984 1049 τῷ
1013 983 1260 1052 ποταμῷ
1287 981 1368 1049 τῷ
1387 981 1632 1053 μεγάλῳ
1655 981 1961 1054 Εὐφράτῃ.

383 1080 492 1132 Kal
541 1079 856 1144 ἐλύθησαν
890 1080 944 1130 ol
979 1078 1276 1146 τέσσαρες
1314 1077 1558 1146 ἄγγελοι
1610 1077 1668 1129 ot
1720 1075 1966 1143 ἡτοιμα-

381 1169 595 1236 σμέγοι
619 1170 706 1233 είς
725 1167 840 1235 τὴν
859 1166 1020 1235 ὤραν
1036 1167 1132 1222 καὶ
1159 1171 1246 1234 είς
1272 1168 1389 1236 τὴν
1409 1167 1659 1237 ἡμέραν,
1683 1166 1780 1220 καί
1799 1165 1968 1235 μῆνα

381 1263 482 1313 καὶ
521 1260 824 1324 ἐνιαυτὸν,
891 1263 990 1314 ἵνα
1039 1262 1442 1316 ἀποκτείνωσι
1493 1260 1560 1314 τὸ
1601 1261 1806 1330 τρίτον
1845 1259 1966 1313 τῶν

377 1351 726 1420 ἀνθρώπων.
755 1352 864 1406 Kal
893 1356 926 1406 ὁ
949 1352 1196 1420 ἀριθμὸς
1229 1351 1348 1405 τῶν
1371 1350 1836 1420 στρατευμάτων
1859 1349 1966 1404 τοῦ

379 1443 654 1508 ἱππικοῦ,
711 1442 821 1497 δύο
874 1442 1162 1513 μυριάδες
1205 1442 1540 1514 μυριάδων·
1583 1442 1680 1497 καί
1727 1441 1968 1510 ἤκουσα

377 1532 494 1585 τὸν
513 1533 763 1602 ἀριθμὸν
791 1532 1014 1588 αὐτῶν.

457 1624 532 1676 Τὸ
561 1623 696 1678 οὐαὶ
717 1623 1007 1696 ὲπίρῤημά
1037 1625 1154 1678 ἐστι
1182 1623 1592 1694 σχετλιαστικόν
1613 1639 1626 1653 ⁸
1665 1623 1864 1695 σχέτλη
1909 1625 1964 1678 δὲ

378 1719 444 1769 τὸ
475 1718 669 1787 ὀδύνην
721 1717 982 1788 ὲπιφέρον
1018 1717 1288 1772 καλεῖται.
1355 1717 1624 1790 Ἀπῆλθεν
1673 1715 1767 1772 οὖν
1813 1721 1876 1772 οὐ
1906 1719 1968 1772 τὸ

376 1813 690 1882 ἐπίρρημα.
719 1811 842 1874 Πῶς
863 1811 974 1883 γὰρ
993 1813 1052 1866 τὸ
1087 1811 1232 1866 κατά
1251 1812 1621 1885 συμϐεϐηκὸς,
1647 1813 1740 1866 καὶ
1760 1815 1819 1867 οὐ
1844 1813 1966 1867 καθ’

2071 596 2140 650 Et
2173 597 2352 650 audivi
2387 611 2559 650 vocem
2593 611 2752 648 uuam
2801 609 2866 647 ea:
2901 601 3131 664 quatuor
3177 595 3424 650 cornibus
3465 597 3656 650 altaris

2069 691 2237 754 aurei,
2267 688 2406 758 quod
2436 699 2550 742 erat
2592 697 2714 740 ante
2752 686 2939 748 Deum,
2963 686 3220 739 dicentem
3265 697 3416 741 sexto
3465 691 3656 756 angelo

2068 781 2160 850 qui
2201 781 2426 834 habebat
2464 777 2688 831 tubam:
2725 775 2881 832 Solve
2932 783 3162 845 quatuor
3213 780 3428 847 angelos
3469 780 3558 848 qui
3589 779 3658 831 li-

2067 875 2181 945 gati
2207 884 2328 929 sunt
2361 890 2520 943 super
2565 873 2762 942 ﬂumen
2791 887 3040 940 magnum
3069 871 3414 942 Euphratem.
3458 872 3525 926 Et
3567 891 3658 928 so-

2037 977 2040 980 '
2070 967 2168 1021 luti
2210 977 2330 1021 sunt
2364 977 2594 1036 quatuor
2635 965 2828 1034 angeli,
2858 965 2950 1035 qui
2983 965 3161 1034 parati
3194 973 3344 1018 erant
3383 966 3436 1018 in
3468 965 3658 1016 harant

2067 1071 2116 1114 et
2145 1061 2284 1115 diem
2332 1071 2381 1115 et
2423 1077 2650 1114 mensem
2681 1069 2729 1113 et
2771 1075 2992 1118 annum.
3027 1069 3080 1112 ut
3114 1059 3410 1112 occiderent
3448 1058 3657 1111 tertiam

2068 1163 2272 1222 partem
2332 1153 2623 1207 hominum.
2679 1150 2748 1205 Et
2797 1167 3045 1205 numerus
3093 1152 3348 1222 equestris
3395 1151 3658 1206 exercitus

2069 1246 2226 1300 vicies
2277 1244 2465 1300 millies
2517 1245 2692 1298 decem
2757 1243 2929 1297 millia
2972 1253 3072 1298 :et
3135 1245 3316 1298 audivi
3379 1258 3658 1298 numerum

2067 1354 2126 1391 εο
2133 1353 2192 1389 ru
2200 1355 2245 1390 ιη
2255 1378 2269 1391 ο

2153 1604 2242 1660 Va:
2265 1606 2584 1662 adverbium
2615 1615 2700 1662 est
2729 1606 2965 1662 miseriae
3011 1605 3397 1672 indicativum,
3437 1605 3662 1660 miseria

2072 1708 2254 1752 autem
2311 1709 2546 1754 vocatur
2595 1699 2740 1768 quod
2797 1697 2956 1754 affert
3017 1698 3284 1762 dolorem.
3359 1696 3478 1753 Non
3530 1711 3663 1766 ergo

2072 1789 2391 1846 adverbium
2425 1791 2562 1846 abiit
2603 1809 2614 1845 :
2655 1792 2932 1860 quomodo
2961 1793 3110 1846 enim
3161 1792 3306 1862 quod
3344 1790 3666 1860 contingen-

377 1871 682 1957 ὑπόστασιν
735 1871 1003 1976 ὑπάρχον,
1049 1904 1164 1958 ἀλλ’
1196 1871 1413 1976 ἆμαπῇ
1447 1871 1662 1974 γενέσει
1704 1905 1967 1972 ἀφανιζό-

2079 1895 2156 1940 ter
2185 1885 2406 1950 accidit,
2455 1893 2510 1940 et
2559 1900 2667 1938 non
2719 1885 2884 1939 habet
2931 1883 3322 1950 substantiam,
3365 1883 3462 1938 sed
3498 1881 3664 1937 simul

383 2013 568 2064 μενον,
606 1995 834 2067 πρόοδον
881 1997 1074 2066 σχοίη;
1119 1996 1260 2050 Ἀλλ’
1298 1996 1528 2050 ἐκείνων
1581 1995 1967 2067 παρελθόντων

377 2085 492 2137 τῶν
524 2085 800 2156 ὀδυνηρῶν
836 2085 906 2139 δι’
945 2085 982 2140 ἀ
1030 2085 1124 2139 καὶ
1181 2089 1243 2141 τὸ
1299 2087 1542 2141 τοιοῦτον
1584 2085 1968 2158 προσφώνημα

375 2181 614 2248 γίνεται,
650 2181 744 2234 καὶ
763 2180 826 2234 τὸ
857 2179 994 2235 οὐαὶ
1017 2181 1244 2246 εἰκότως
1278 2180 1472 2252 ἐλέχθη
1507 2179 1788 2236 ἀπελθεῖν.

457 2353 560 2406 Kal
625 2352 872 2422 ἤκουσα
921 2354 1132 2423 φωνὴν
1172 2355 1320 2424 μίαν
1358 2355 1427 2409 ἐκ
1483 2355 1603 2409 τῶν
1653 2357 1970 2425 τεσσάρων

379 2447 672 2514 κεράτων.
715 2446 814 2500 Ἐκ
835 2446 946 2501 τῶν
975 2448 1264 2518 τεσσάρων
1297 2449 1546 2518 κεράτων
1576 2451 1610 2520 ή
1637 2451 1814 2519 φωνὴ,
1859 2451 1969 2503 τῶν

377 2537 618 2604 ἑχόντων
651 2537 712 2590 τὸ
743 2537 1158 2610 θυσιαστήριον,
1189 2537 1226 2590 ἃ
1259 2539 1470 2608 κέρατα
1521 2539 1620 2602 τὰς
1643 2539 1972 2608 περιϐεϐλη-

381 2631 556 2698 μένας
609 2629 758 2693 θείας
803 2631 1062 2700 δυνάμεις
1101 2631 1415 2685 ἀκουστέον.
1453 2633 1611 2686 Ἤτοι
1638 2632 1734 2686 τοῦ
1777 2633 1966 2686 θυσια-

381 2722 614 2792 στηρίου
661 2722 1126 2794 ἀπαρτιζομένου,
1166 2727 1225 2776 ἐν
1263 2718 1307 2792 ᾧ
1358 2725 1426 2776 τὰ
1468 2723 1690 2794 θύματα
1721 2727 1861 2796 πυρὶ⁸
1893 2727 1971 2796 τῷ

377 2816 506 2886 Θεῷ
553 2815 898 2885 καθήπτετο,
943 2817 1292 2886 καθεκάστην
1356 2817 1562 2886 γωνίαν
1621 2818 1971 2890 κερατοειδὴς

375 2908 546 2980 ἐξοχὴ
600 2911 1019 2982 συνεστήρικται
1059 2911 1358 2977 συνέξουσα
1409 2911 1510 2974 τὰς
1563 2912 1776 2983 σχίζας,
1810 2909 1899 2976 αἷς
1941 2916 1970 2966 ό

379 3005 572 3072 βωμὸς
603 3004 982 3074 ἀναπτόμενος
1025 3006 1140 3069 τοῖς
1193 3003 1425 3074 θύμασι,
1461 3004 1522 3057 τὺ
1557 3005 1971 3078 καλλιερεῖσθαι

379 3098 676 3166 παρεῖχεν,
725 3095 783 3162 ἐξ
823 3088 884 3150 οὗ
935 3095 1031 3148 καὶ
1092 3095 1172 3166 τῷ
1230 3095 1340 3149 ἄνω
1403 3095 1803 3170 θυσιαστηρίῳ,
1853 3100 1973 3154 κατ’

377 3189 594 3250 εἰκόνα,
629 3187 692 3241 τὸ
743 3188 900 3240 κάτω
937 3187 1030 3240 καὶ
1059 3185 1164 3240 ὑπὸ
1203 3187 1448 3251 Μωσέως
1500 3189 1558 3241 ὲν
1606 3189 1684 3258 τῷ
1727 3189 1856 3261 Σινᾷ
1896 3189 1974 3244 διο
1998 3215 2044 3278 C

379 3279 780 3333 ετάττετο.Διὸ
813 3280 909 3331 καὶ
939 3280 968 3332 ό
991 3279 1352 3350 χρηματίζων
1375 3279 1542 3350 αὐτῷ,
1571 3300 1590 3333 ι
1622 3281 1791 3353 ’Ὀρα,
1815 3285 1973 3354 φησὶ,

379 3375 636 3446 ποιήσεις
666 3373 850 3427 πάντα
887 3374 1030 3426 κατὰ
1055 3371 1148 3425 τὸν
1175 3371 1350 3425 τύπον
1371 3373 1466 3426 τὸν
1494 3375 1776 3446 δειχθέντα
1801 3395 1885 3430 σοι
1915 3379 1974 3432 ὲν

375 3463 466 3536 τῷ
490 3463 626 3534 ὄρει.
669 3482 691 3517 ι
719 3463 832 3527 Τὰς
862 3462 1055 3534 ἐξοχὰς
1100 3463 1166 3535 δὴ
1203 3462 1430 3528 ταύτας,
1463 3464 1531 3528 ἀς
1587 3467 1781 3538 νοεράς
1816 3467 1976 3524 δυνά-

383 3573 516 3628 μεις
543 3557 874 3628 εἰρήκαμεν,
925 3558 1178 3626 συνέχειν
1215 3556 1368 3620 εἰκὸς
1395 3557 1458 3610 τὸ
1501 3558 1833 3628 ὑπερούσιον
1881 3563 1976 3616 καὶ

378 3651 707 3721 ἀνθρωπίνῃ
733 3649 894 3718 φύσει
919 3647 1220 3720 ἀπρόσιτον
1263 3649 1483 3722 μύημα,
1537 3651 1634 3704 τοῦ
1669 3655 1808 3724 μήτε
1846 3671 1978 3725 προ-

377 3743 590 3814 χείρως
635 3745 748 3806 τοῖς
805 3741 924 3813 μετ’
966 3744 1145 3796 ἐκεῖνο
1197 3744 1300 3815 τὴν
1351 3745 1516 3814 φύσιν
1567 3741 1710 3800 εἶναι
1745 3747 1974 3818 ληπτὸν,

385 3832 536 3900 μήτε
573 3831 672 3893 τὰς
697 3831 922 3900 λογικὰς
953 3831 1144 3896 θυσίας
1181 3835 1604 3906 προσαγομένας
1632 3837 1782 3910 αὑτῴ
1805 3839 1880 3904 ὡς
1911 3839 1976 3895 ἂν

379 3923 546 3992 τύχοι
581 3923 1054 3994 διαρῤυϊσκεσθαι.
1089 3928 1450 3998 Τετράγωνον
1481 3929 1538 3982 δὲ
1565 3931 1628 3983 τὸ
1654 3933 1844 4003 σχῆμα
1881 3933 1976 3987 τοῦ

383 4017 804 4089 θυσιαστηρίου,
843 4019 1228 4090 ίσοσχημάτως
1259 4020 1338 4091 τῷ
1377 4023 1752 4095 τετραστοίχῳ
1785 4027 1978 4098 κόσμῳ

379 4107 590 4176 τούτῳ,
619 4107 714 4176 ἀφ’
744 4101 808 4163 οἵ)
843 4109 940 4163 καὶ
971 4111 1038 4164 ἐκ
1067 4111 1272 4174 παντὸς
1297 4111 1463 4166 αὐτοῦ
1499 4115 1703 4185 μέρους
1729 4117 1786 4171 al
1827 4117 1981 4188 λογι-

383 4200 492 4254 καὶ
544 4199 728 4255 θυσίαι
779 4201 1052 4274 καθαραὶ,
1097 4203 1242 4258 κατά
1297 4204 1390 4258 τὸν
1440 4209 1752 4280 προφήτην,
1805 4227 1977 4281 προσ-

387 4291 622 4360 άγονται
633 4333 646 4346 .

469 4473 678 4529 Λῦσον
729 4474 874 4540 τοὺς
918 4475 1222 4544 τέσσαρας
1261 4476 1579 4546 ἀγγέλους.
1637 4479 1876 4544 Τούτους
1929 4484 1980 4535 οἱ

2071 1997 2196 2036 cum
2239 1997 2341 2036 suo
2396 1990 2520 2036 ortu
2579 1981 2976 2049 corrumpitur,
3044 1995 3394 2052 progressum
3459 1979 3664 2034 habere

2073 2075 2294 2143 posset?
2325 2074 2430 2129 Sed
2457 2061 2884 2150 transeuntibus
2903 2073 3010 2128 illis
3032 2089 3156 2142 qua:
3179 2073 3370 2126 dolore
3399 2071 3662 2128 afﬁciunt.

2072 2176 2292 2238 propter
2320 2183 2442 2238 qua:
2471 2167 2597 2222 data
2628 2145 2727 2221 est.
2752 2145 3068 2236 bujusmodi
3105 2165 3424 2236 appellatio,
3463 2164 3663 2218 merito

2072 2277 2291 2331 quoque
2317 2277 2396 2316 vae
2423 2261 2632 2316 dictum
2667 2270 2752 2315 est
2781 2259 3068 2315 transisse.

2149 2353 2214 2409 Et
2244 2355 2423 2408 audivi
2453 2371 2624 2408 vocem
2659 2369 2822 2406 unam
2869 2354 2933 2408 tle
2963 2359 3194 2422 quatuor
3223 2350 3492 2407 cornibus.
3529 2351 3666 2404 Pro-

2075 2446 2302 2502 cedebat
2351 2461 2452 2500 vox
2497 2447 2564 2501 de
2624 2455 2864 2516 quatuor
2913 2444 3178 2500 cornibus
3210 2461 3333 2514 qua:
3385 2443 3666 2498 habebant

2073 2540 2244 2593 altare
2277 2554 2289 2590 :
2318 2555 2439 2608 qua:
2481 2554 2688 2593 cornua
2741 2537 3092 2606 intelligenda
3129 2546 3260 2592 sunt
3309 2551 3434 2590 esse
3467 2535 3666 2589 divina:

2073 2631 2304 2686 virtutes
2329 2631 2596 2700 stipantes
2625 2648 2639 2684 :
2673 2639 2768 2684 aut
2801 2630 2944 2700 quod
2989 2629 3229 2698 perfecto
3259 2629 3420 2682 altari
3453 2629 3506 2682 in
3557 2643 3670 2698 quo

2074 2723 2306 2778 victimm
2353 2721 2464 2778 Deo
2510 2724 2636 2794 igne
2684 2721 3149 2790 accendebantur,
3187 2722 3254 2776 ad
3283 2720 3532 2791 singulos
3580 2737 3672 2772 utt-

2075 2816 2232 2887 gulos
2291 2831 2417 2887 pars
2461 2817 2713 2870 eminens
2759 2815 2814 2868 in
2863 2815 3102 2884 speciem
3150 2829 3322 2868 cornu
3370 2813 3669 2866 constituta

2075 2918 2228 2974 erat,
2279 2925 2400 2979 qua:
2449 2909 2683 2965 lissuras
2735 2908 3077 2974 contineret,
3138 2907 3344 2976 quibus
3405 2905 3673 2975 praeberet

2075 3004 2247 3057 altare
2297 3013 2355 3058 ut
2397 3002 2652 3058 accensis
2687 3001 2933 3056 victimis
2995 3015 3164 3070 super
3215 2999 3348 3052 illud
3399 2998 3670 3050 litaretur.

2077 3093 2232 3150 Unde
2266 3095 2435 3166 Moysi
2458 3109 2680 3166 quoque
2710 3104 3040 3164 prteceptum
3077 3093 3182 3148 fuit
3209 3093 3262 3146 in
3298 3100 3482 3144 monte
3514 3089 3669 3151 Sina,

2076 3197 2138 3243 ut
2170 3186 2400 3242 inferius
2431 3187 2638 3240 laceret
2681 3187 2748 3240 ad
2795 3184 3216 3240 similitudinem
3255 3182 3562 3252 superioris
3593 3183 3674 3236 al-

2087 3279 2238 3334 taris.
2283 3279 2375 3333 Ait
2421 3281 2566 3333 cnim
2603 3279 2698 3350 qui
2727 3277 2829 3348 ipsi
2859 3278 3026 3333 dabat
3061 3277 3280 3333 oracula
3320 3293 3334 3330 :
3373 3293 3391 3327 ι
3436 3274 3570 3329 Vide
3616 3282 3675 3328 ut

2084 3372 2268 3426 omnia
2307 3372 2475 3428 facias
2515 3373 2668 3442 juxta
2707 3379 2894 3442 typum
2935 3369 3028 3442 qui
3063 3371 3158 3426 tibi
3203 3379 3546 3425 monstratus
3586 3377 3673 3424 est

2084 3466 2137 3520 in
2171 3475 2354 3521 monte
2377 3467 2444 3520 ".
2486 3485 2504 3519 ι
2543 3463 2652 3520 llas
2704 3479 2835 3519 sane
2869 3465 3174 3519 eminentes
3211 3472 3392 3532 partes
3422 3477 3562 3532 quas
3592 3461 3672 3514 in-

2085 3556 2418 3612 tellectuales
2451 3556 2681 3610 virtutes
2705 3569 2828 3610 esse
2858 3554 3122 3620 diximus,
3165 3554 3325 3624 731
3367 3551 3670 3607 verisimile

2084 3658 2170 3704 est
2191 3648 2474 3703 continere
2523 3647 3110 3718 supersubstantialem
3166 3658 3216 3700 et
3282 3647 3534 3699 humanm
3569 3661 3671 3698 na-

2085 3753 2222 3797 tura:
2262 3741 2604 3796 inacccssmn
2637 3741 2958 3812 mysterium
2998 3758 3011 3794 :
3043 3741 3124 3794 sic
3169 3749 3228 3794 ut
3280 3753 3460 3807 neque
3513 3736 3676 3792 facile

2085 3834 2330 3903 sitjuxta
2365 3843 2616 3888 naturam
2649 3833 3145 3903 compreltensibile
3173 3832 3242 3887 ab
3291 3831 3376 3886 bis
3415 3831 3508 3900 qui
3541 3830 3672 3886 illud

2086 3931 2414 3994 sequuntur,
2443 3937 2619 3992 neque
2649 3923 2946 3977 rationales
2974 3922 3185 3977 hostias
3215 3922 3269 3976 in
3299 3921 3418 3990 ipso
3452 3921 3672 3976 oblatas

2087 4013 2579 4068 temeredillluere.
2613 4013 2712 4068 Est
2743 4025 2924 4068 autem
2961 4015 3153 4068 altaris
3182 4013 3354 4084 ﬁgura
3389 4014 3672 4082 quadran-

2087 4106 2328 4176 gularis,
2365 4105 2562 4175 aequali
2617 4105 2786 4174 ﬁgura
2847 4121 2974 4160 cum
3013 4105 3120 4160 hoc
3174 4105 3380 4159 Inundo
3432 4113 3676 4175 quatuor

2087 4198 2310 4253 ordines
2343 4197 2596 4252 habente.
2635 4195 2791 4254 Unde
2820 4196 2985 4252 etiam
3034 4211 3098 4251 ex
3138 4197 3291 4251 omni
3321 4196 3493 4265 ipsius
3519 4205 3674 4265 parte

2087 4291 2382 4346 rationales
2455 4291 2650 4346 hostias
2710 4305 2862 4360 pura}
2923 4289 3078 4360 juxta
3146 4290 3471 4360 prophetam
3535 4287 3672 4343 olfe-

2085 4393 2304 4437 runtur.

2161 4475 2314 4530 Solve
2359 4487 2585 4545 quatuor
2629 4475 2864 4544 angelos.
2901 4476 3013 4532 Hos
3060 4476 3286 4546 angelos
3345 4490 3510 4544 super
3553 4491 3674 4528 ma-

395 4567 504 4639 μὲν
534 4566 712 4629 θείους
741 4567 1052 4637 παρέθεντο
1092 4568 1174 4640 τῷ
1225 4569 1458 4640 ποταμῷ
1485 4572 1564 4642 τῷ
1599 4573 1821 4644 μεγάλῳ
1874 4575 1978 4628 Εὑ-

2084 4585 2250 4640 gnum
2283 4568 2486 4622 ﬂumen
2517 4569 2772 4639 alligatos
2808 4569 3027 4639 quidam
3057 4569 3275 4624 divinos
3302 4582 3428 4622 esse
3458 4569 3670 4631 dicunt,

391 4662 580 4732 φράτῃ
637 4661 978 4731 δεδεμένους,
1022 4663 1186 4716 οἱονεὶ
1227 4647 1738 4736 προσλιπαρδῦντας
1785 4669 1879 4722 καὶ
1910 4672 1978 4740 τῇ

393 4753 530 4822 περὶ
591 4751 756 4804 αὑτὸν
815 4753 1320 4824 ὲνασχολουμένους
1371 4754 1468 4808 καὶ
1514 4757 1981 4829 εὐφραινομένους

393 4845 564 4914 νοητῇ
609 4842 849 4914 θεωρίᾳ·
893 4839 1034 4898 εἶναι
1095 4845 1208 4916 γὰρ
1275 4845 1468 4899 τοῦτον
1508 4847 1676 4902 Θεόνο
1723 4851 1855 4922 περὶ
1919 4847 1982 4908 οὖ

407 4937 642 4998 Ἡσαΐας
671 4937 774 5006 μὲν
811 4936 1010 5006 φάσκει
1037 4936 1116 5000 ὡς
1147 4937 1208 5002 ἐξ
1231 4937 1402 4991 αὑτοῦ
1425 4939 1522 4993 τοῦ
1552 4941 1690 4996 Θεοῦ
1719 4959 1734 4977 ·
1779 4963 1798 4996 ι
1845 4945 1982 5001 Ἰδοὺ

393 5027 514 5094 ἐγὼ
543 5026 780 5080 ὲκκλίνω
834 5029 914 5091 εἰς
943 5029 1146 5092 αὐτοὺς
1177 5029 1254 5092 ὡς
1305 5031 1555 5100 ποταμὸς
1593 5034 1842 5108 είρήνης,
1885 5037 1984 5092 καὶ

393 5119 476 5182 ὡς
501 5120 842 5190 χειμάρρους
859 5118 1174 5182 ἐπικλύζων
1187 5119 1346 5184 δόξαν
1367 5121 1540 5176 ἐθνῶν
1565 5139 1579 5152 ·
1618 5143 1638 5175 ›
1672 5125 1770 5178 καὶ
1793 5125 1980 5191 Δαυῒδ,

403 5233 424 5264 ι
465 5211 573 5265 Τοῦ
609 5213 852 5288 ποταμοῦ
877 5214 946 5268 τὰ
970 5214 1278 5285 όρμήματα
1303 5215 1664 5285 εὐφραίνουσι
1700 5218 1802 5286 τὴν
1825 5220 1982 5274 πόλιν

395 5305 498 5358 τοῦ
537 5304 697 5358 Θεοῦ.
741 5322 760 5355 ι
807 5302 961 5358 Εἶναι
1013 5306 1072 5358 δὲ
1115 5305 1244 5369 τοὺς
1275 5307 1552 5376 τέσσαρας
1595 5309 1868 5377 ἀγγέλους
1893 5312 1986 5365 τὸν

399 5396 560 5466 παρὰ
585 5395 677 5448 τὸν
705 5396 930 5467 Δανιὴλ,
963 5397 1210 5468 Μιχαὴλ,
1235 5397 1480 5468 Γαϐριὴλ
1511 5400 1664 5468 παρά
1711 5399 1789 5470 τῷ
1833 5401 1988 5455 Ματ-

399 5489 566 5559 θαίῳ,
610 5486 858 5557 Ῥαφαὴλ
873 5489 1026 5558 παρά
1043 5487 1124 5558 τῷ
1151 5489 1504 5559 Μαρδοχαίῳ,
1527 5491 1622 5542 καὶ
1645 5489 1738 5544 τὸν
1755 5492 1828 5545 Οὐ
1839 5491 1984 5562 ριήλ.

415 5578 785 5650 Ἀπολυθῆναι
815 5580 873 5634 δὲ
923 5581 1122 5644 αὐτοὺς
1154 5581 1258 5650 τῆς
1309 5581 1572 5652 τοιαύτης
1621 5583 1778 5647 θείας
1819 5587 1986 5656 ἀσχο-

400 5673 527 5738 λίας
587 5675 667 5736 εἰς
719 5671 821 5726 οὐκ
880 5673 1200 5744 ἀπᾴδουσαν
1248 5672 1596 5745 λειτουργίαν
1647 5675 1747 5746 τῆς
1780 5693 1842 5729 τε
1891 5677 1986 5730 τοῦ

2083 4671 2345 4730 tanquam
2377 4661 2597 4716 assidue
2637 4663 2708 4716 ibi
2737 4661 3018 4732 degentes,
3055 4669 3107 4716 et
3139 4661 3413 4731 spirituali
3437 4671 3678 4716 contem-

2085 4753 2327 4824 platione
2375 4754 2522 4808 circa
2576 4754 2708 4810 illud
2742 4763 3044 4824 occupatos
3067 4763 3121 4808 et
3155 4754 3461 4808 delectatos
3505 4771 3519 4807 :
3549 4767 3674 4806 nam

2085 4848 2218 4902 illud
2251 4847 2422 4902 Deum
2451 4863 2574 4904 esse
2597 4847 2793 4903 dicunt
2827 4865 2840 4902 :
2866 4849 2932 4903 de
2960 4863 3072 4918 quo
3095 4847 3264 4903 Isaias
3291 4847 3514 4917 quidem
3543 4845 3674 4899 dicit

2085 4951 2344 5010 tanquam
2365 4955 2430 4995 ex
2459 4955 2694 5011 persona
2725 4941 2900 5012 ipsius
2929 4939 3024 4995 Dei
3060 4957 3072 4992 :
3106 4958 3124 4991 ι
3167 4939 3306 4995 Ecce
3331 4953 3434 5009 ego
3458 4937 3676 4992 decline

2087 5035 2154 5090 ad
2181 5035 2333 5106 ipsos
2363 5043 2622 5104 tanquam
2645 5033 2846 5090 ﬂuvius
2881 5033 3054 5104 pacis.
3083 5041 3136 5087 et
3167 5043 3426 5101 tanquam
3459 5039 3675 5084 torrens

2089 5127 2364 5181 inundans
2393 5125 2624 5198 gloriam
2665 5126 2910 5196 gentium
2929 5125 2974 5156 ⁸¹
3017 5143 3038 5178 ι
3069 5133 3122 5179 et
3161 5123 3368 5179 David:
3407 5141 3426 5173 ι
3465 5121 3675 5175 Flumi-

2091 5218 2176 5272 nis
2220 5219 2458 5288 impetus
2511 5217 2791 5272 laatiticant
2833 5217 3111 5272 civitatem
3169 5216 3262 5271 Dei
3294 5217 3362 5271 ⁵⁸.
3411 5233 3428 5264 ι
3476 5213 3674 5266 Dicunt

2090 5319 2270 5366 autem
2303 5311 2401 5365 bos
2435 5319 2670 5380 quatuor
2699 5311 2924 5380 angelos
2945 5325 3069 5366 esse
3097 5309 3439 5371 Michaelem,
3470 5305 3539 5360 de
3567 5322 3676 5374 (μω

2092 5401 2234 5471 apud
2269 5399 2545 5456 Danielem
2569 5444 2583 5468 ,
2641 5401 2952 5457 Gabrielem
2987 5403 3132 5472 apud
3181 5399 3517 5464 Manlianum,
3551 5397 3674 5453 Ra—

2091 5494 2336 5564 pbaelem
2363 5493 2503 5563 apud
2539 5493 2964 5560 Mardocbaeum,
2993 5503 3044 5549 et
3065 5492 3298 5548 Urielem
3327 5510 3340 5545 :
3371 5491 3520 5560 ipsos
3549 5505 3677 5544 veno

2093 5587 2303 5641 solutos
2349 5601 2471 5640 esse
2527 5586 2596 5641 ab
2649 5587 2964 5657 huiusmodi
2995 5587 3175 5642 divina
3212 5583 3574 5653 occupatione
3607 5583 3672 5634 ad

2099 5693 2206 5732 non
2243 5675 2515 5748 ingratum
2549 5679 2939 5746 ministerium,
2975 5689 3088 5734 tum
3129 5677 3454 5734 t'edditionis
3479 5675 3678 5732 divinae

477 5851 526 5882 ³ο
563 5847 734 5906 Exod.
771 5865 896 5916 xxv,
933 5850 1021 5906 40.
1097 5851 1144 5883 ⁸¹
1179 5849 1284 5906 lsa.
1323 5867 1468 5918 vat,
1495 5853 1599 5908 12.
1675 5858 1718 5888 ⁵³
1755 5853 1900 5912 Psal.
1943 5873 2030 5924 LV,
