4110 6436
477 347 574 410 631

1293 354 1625 415 ARETH/E
1665 354 2049 413 CAESAREE.
2084 356 2573 417 CAPPADOCLE
2617 356 2965 420 EPISCOPI

3645 358 3757 424 63³2.

471 464 721 530 iustitiae,
752 473 863 520 tum
906 466 1129 537 gloriosi
1176 467 1441 522 adventus
1475 467 1742 536 ipsorum.
1776 468 1880 521 Alii
1931 483 2062 523 vero
2096 485 2110 533 ε

2198 471 2326 523 ιείου
2353 470 2722 533 δικαιοδοσίας
2748 472 2845 525 καὶ
2878 473 2981 543 τῆς
3017 472 3204 527 αὐτῶν
3227 473 3586 543 μεγαλοδόξου
3612 491 3757 545 παρ-

479 572 589 612 non
621 558 875 629 angelos,
918 560 1011 613 sed
1052 573 1247 627 pravos
1297 559 1574 612 daemones
1612 574 1735 613 esse
1771 569 2062 625 astruunt,

480 649 732 719 alligatos
777 650 995 720 quidem
1044 651 1096 703 in
1128 652 1361 704 adventu
1397 649 1598 706 Christi
1628 652 1783 720 juxta
1817 653 2062 707 divinum

484 750 834 809 prmeeptum,
887 757 1051 808 porro
1099 756 1351 808 egressos
1388 758 1417 795 a
1450 744 1858 810 superbnmano
1910 746 2067 798 altari

482 834 619 886 solvi
655 850 683 886 a
718 833 902 885 divino
942 834 1138 902 angelo
1185 843 1243 887 ut
1277 834 1465 888 liceret
1501 836 1719 889 turbare
1746 846 1933 906 gentes
1968 857 1980 892 ι
2015 848 2071 892 et

483 941 547 977 ex
585 924 688 976 hac
722 923 1031 977 turbatione
1088 924 1437 980 manifestum
1483 926 1595 980 ﬁeri
1632 927 1761 998 quid
1806 930 1877 982 sit
1932 930 2072 983 triti-

483 1032 640 1071 ceum
695 1017 747 1070 in
802 1016 1087 1085 fidelibus,
1142 1020 1287 1088 quod
1340 1021 1393 1073 in
1434 1022 1690 1075 horreum
1728 1020 1934 1077 Christi
1981 1039 2070 1077 re-

483 1109 755 1163 condatur
803 1129 815 1163 :
863 1122 918 1163 ot
974 1110 1103 1179 quid
1164 1112 1479 1181 paleaceum
1543 1114 1594 1167 in
1650 1116 2070 1184 peccatoribus,

484 1202 629 1271 quod
666 1212 913 1272 paratum
946 1214 1028 1258 est
1062 1204 1127 1259 ad
1156 1209 1503 1260 exustionem
1538 1208 2068 1275 inexstinguibiletn.

488 1292 674 1363 Neque
707 1294 1063 1363 improbabile
1094 1306 1177 1349 est
1208 1297 1391 1350 dicere
1423 1298 1698 1352 dremones
1724 1299 1920 1366 ligatos
1953 1315 2075 1354 esse

485 1390 552 1439 ad
598 1386 927 1456 Euphratem
964 1404 977 1443 :
1016 1405 1141 1442 cum
1180 1389 1303 1443 imle
1359 1392 1507 1444 brevi
1558 1403 1821 1445 venturus
1858 1393 1927 1445 sit
1960 1393 2073 1446 An-

490 1478 795 1543 tichristus,
823 1494 852 1533 a
888 1479 1096 1535 Jndtris
1127 1480 1217 1549 qui
1252 1479 1605 1552 Jerosolymis
1628 1485 1827 1537 servati
1858 1482 2078 1537 fuerant

487 1569 709 1638 captivi,
740 1579 794 1624 et
830 1570 885 1624 in
922 1571 1057 1625 locis
1088 1572 1196 1627 illis
1227 1584 1662 1628 commorantur.

563 1746 633 1801 Et
668 1764 916 1801 numerus
961 1750 1215 1819 equestris
1258 1751 1539 1805 exercitus.
1574 1751 1709 1806 Cum
1747 1754 1813 1806 de
1864 1755 2071 1808 exerci-

491 1846 641 1900 tibus
692 1846 827 1900 nihil
885 1848 1230 1915 prrcmiserit,
1293 1848 1459 1917 hujus
1521 1864 1809 1901 numermn
1882 1849 2076 1903 reddit.

494 1938 845 1993 Manifestum
900 1948 984 1995 est
1024 1941 1191 2011 igitur
1243 1942 1386 2010 quod
1424 1941 1515 2009 qui
1548 1950 1789 2010 quatuor
1826 1942 2080 1997 ordinum

491 2031 749 2086 ductores
776 2042 1123 2102 acceperunt,
1160 2030 1480 2088 Michaelem
1507 2074 1522 2099 ,
1554 2033 1886 2098 Gabrielem,
1926 2033 2083 2089 Urie-

494 2126 620 2189 tum,
652 2125 1005 2193 Rapbaelem,
1038 2140 1144 2178 non
1180 2126 1298 2179 sine
1330 2141 1494 2181 causa
1527 2126 1747 2180 adducti
1782 2134 1910 2180 sunt
1942 2145 1955 2180 :
1989 2142 2080 2179 cu-

495 2220 575 2287 pit
615 2219 760 2273 enim
797 2218 1204 2288 quodammodo
1251 2226 1433 2273 turma
1485 2218 1640 2288 sequi
1677 2218 1932 2271 ordinum
1982 2217 2087 2272 du-

492 2321 699 2366 rtores.
732 2311 906 2366 Porro
939 2310 1087 2365 mille
1134 2311 1302 2365 millia
1329 2318 1384 2365 et
1431 2310 1617 2365 decies
1649 2310 1851 2363 millies
1897 2311 2085 2364 decem

496 2402 667 2457 millia
711 2403 1144 2458 ministrantium
1193 2402 1408 2457 discere
1436 2401 1562 2456 licet
1590 2401 1731 2469 apud
1783 2400 2084 2454 Danielcm.

495 2494 651 2549 Nunc
703 2506 885 2549 autem
936 2495 1270 2563 duplicatam
1326 2493 1380 2547 in
1441 2508 1729 2547 numerum
1780 2493 2085 2564 myriadum

495 2596 682 2640 narrat
714 2603 771 2641 se
805 2587 1007 2641 vidisse
1039 2585 1444 2640 multitudinem
1472 2601 1593 2655 quae
1621 2585 1782 2656 732
1811 2587 2088 2639 exercitus

497 2681 668 2733 duces
708 2679 1063 2749 sequebitur;
1095 2694 1161 2733 eo
1183 2677 1329 2749 quod
1363 2678 1589 2734 liberius
1612 2687 1666 2734 et
1698 2680 1906 2747 absque
1943 2688 2085 2733 metu

502 2779 624 2839 post
656 2771 870 2825 Domini
903 2771 1337 2826 incarnationem
1362 2780 1646 2825 versentur
1669 2770 1921 2826 homines
1962 2785 2086 2824 cum

502 2864 714 2936 angelis
753 2882 766 2919 :
805 2863 929 2919 ideo
959 2879 1181 2935 quoque
1230 2863 1439 2919 dictum
1475 2873 1558 2919 est
1602 2866 1747 2936 quod
1792 2866 1967 2920 visuri
2000 2882 2086 2921 es-

503 2967 627 3013 sent
651 2957 874 3027 angelos
910 2957 1268 3012 ascendentes
1297 2972 1463 3026 super
1496 2954 1692 3011 Filium
1728 2957 1992 3014 hominis.

575 3049 667 3116 IX,
696 3049 883 3103 l7-l9.
920 3048 987 3103 Et
1015 3049 1092 3103 ita
1120 3048 1226 3102 vidi
1257 3066 1413 3118 equos
1442 3050 1496 3102 in
1525 3050 1743 3115 visione,
1778 3060 1826 3103 et
1857 3050 2092 3104 sedentes

2168 564 2379 625 ουσίας.
2413 564 2569 626 Τινὲς
2590 563 2645 615 δὲ
2676 563 2775 616 οὐκ
2810 566 3098 632 ἀγγέλους,
3130 565 3266 620 ἀλλά
3293 565 3556 635 δαίμονας
3580 584 3757 637 πονη-

2174 658 2320 726 ροὺς,
2347 655 2599 717 δεθέντας
2634 656 2732 725 μὲν
2753 658 2810 709 ὲν
2831 660 2897 727 τῇ
2927 656 3021 710 τοῦ
3046 658 3286 728 Χριστοῦ
3312 659 3589 729 παρουσίᾳ
3612 659 3758 711 κατὰ

2170 752 2230 801 τὸ
2257 748 2399 801 θεῖον
2428 748 2777 818 πρόσταγμα,
2810 751 2874 801 ἐκ
2906 751 3001 802 τοῦ
3035 750 3521 820 ὑπερανθρωπίνου
3556 751 3615 804 δὲ
3666 749 3762 803 θυ-

2174 840 2494 909 σιαστηρίου
2523 839 2840 904 ἐξελθόντας
2871 841 3097 894 λύεσθαι
3124 842 3230 894 ὑπὸ
3269 841 3366 895 τοῦ
3416 841 3565 895 θείου
3593 841 3766 909 ἀγγέ-

2172 932 2285 997 λου,
2327 932 2401 995 ὡς
2463 933 2580 985 ἐστι
2620 931 2853 1003 ταράξαι
2883 932 3036 1003 ἔθνη,
3086 935 3182 986 καὶ
3234 936 3299 1004 τῇ
3333 935 3545 1002 ταραχῇ
3581 932 3763 1003 ταύτῃ

2172 1026 2420 1096 διάδηλον
2461 1025 2717 1095 γενέσθαι
2780 1027 2890 1079 τῶν
2926 1044 2985 1080 τε
3038 1027 3251 1079 πιστῶν
3288 1026 3349 1080 τὸ
3382 1026 3611 1087 σιτῶδες
3668 1026 3765 1077 καὶ

2174 1119 2313 1190 πρὸς
2347 1120 2639 1189 ἀποθήκας
2692 1119 2872 1172 αὐτῶν
2916 1121 3307 1190 ταμιεύσιμον,
3336 1120 3448 1173 τῶν
3475 1137 3533 1171 τε
3584 1120 3765 1189 ἀμαρ-

2174 1211 2363 1263 τωλῶν
2395 1209 2455 1263 τὸ
2496 1210 2779 1280 ἀχυρῶδες
2828 1211 2924 1263 καὶ
2966 1211 3102 1281 πρὸς
3160 1212 3358 1265 καῦσιν
3398 1210 3618 1281 ἕτοιμον
3668 1212 3765 1264 καὶ

2175 1306 2472 1375 ἄχρηστον.
2501 1306 2617 1356 Οὐκ
2663 1302 2924 1372 ἀδόκιμον
2949 1303 3007 1357 δέ
3054 1307 3170 1357 ἐστι
3194 1304 3256 1356 τὸ
3285 1304 3522 1372 φάσκειν
3561 1305 3646 1367 εἰς
3671 1303 3767 1357 τὸν

2181 1396 2474 1466 Εὐφράτην
2529 1394 2777 1448 δεδέσθαι
2831 1396 2956 1459 τοὺς
3002 1396 3286 1464 δαίμονας,
3350 1395 3494 1464 τάχα
3556 1394 3767 1447 ἐκεῖθεν

2176 1487 2273 1540 τοῦ
2314 1485 2683 1557 Ἀντιχρίστου
2710 1484 3130 1554 ἑξελευσομένου
3164 1486 3273 1538 ἀπὺ
3311 1486 3423 1538 τῶν
3468 1484 3765 1537 διασωθέν-

2177 1597 2287 1631 των
2310 1579 2368 1630 ὲν
2400 1580 2464 1648 τῇ
2536 1575 2899 1646 Ἰερουσαλὴμ.
2943 1576 3305 1646 αἰχμαλώτων
3367 1575 3638 1647 Ἐϐραίων
3668 1575 3766 1629 καί

2178 1674 2290 1735 τοῖς
2323 1672 2440 1725 ἐκεῖ
2475 1670 2665 1732 τόποις
2703 1671 3205 1738 ἐναπομεινάντων.

2254 1764 2363 1818 Καὶ
2394 1766 2427 1817 ὁ
2459 1762 2706 1830 ἀριθμὸς
2730 1762 2850 1814 τῶν
2870 1761 3334 1831 στρατευμάτων
3361 1761 3469 1816 τοῦ
3494 1762 3768 1816 ἱππικοῦ.

2189 1858 2280 1926 Μὴ
2303 1853 2585 1926 προειπὼν
2606 1854 3016 1924 στρατεύματα,
3040 1854 3273 1924 ἀριθμὸν
3298 1853 3488 1907 τούτου
3508 1855 3769 1908 ποιεῖται.

2189 1950 2358 2017 Δῆλον
2387 1944 2481 2000 οὖν
2505 1946 2587 2009 ’ὡς
2617 1948 2667 2000 οἱ
2692 1947 2993 2016 ταξιάρχας
3007 1947 3134 2009 τοὺς
3160 1945 3432 2015 τέσσαρας
3463 1944 3771 2015 ἐπιλαϐόμε-

2188 2058 2290 2104 νοι,
2333 2041 2576 2111 Μιχαὴλ,
2628 2039 2893 2110 Γαϐριὴλ,
2929 2038 3159 2109 υὺριὴλ,
3210 2036 3479 2107 Ῥαφαὴλ,
3524 2038 3624 2091 οὐκ
3654 2038 3775 2091 ἀιδο-

2188 2135 2369 2204 κίμως
2421 2133 2752 2205 ἠνέχθησαν.
2782 2131 2932 2184 Φιλεῖ
2978 2132 3087 2201 γάρ
3121 2147 3239 2193 πως
3289 2130 3368 2200 τῷ
3394 2130 3668 2202 ταξιάρχῃ
3715 2129 3774 2182 τὸ

2192 2230 2378 2296 στῖφος
2406 2225 2660 2280 ἕπεσθαι.
2695 2224 2891 2288 Χιλίας
2920 2224 2976 2277 δὲ
3009 2223 3258 2294 χιλιάδας
3289 2227 3386 2275 καί¹
3425 2224 3627 2293 μυρίας
3676 2239 3777 2293 μυ-

2193 2317 2383 2389 ριάδας
2417 2316 2525 2369 τῶν
2548 2315 3017 2387 λειτουργούντων
3056 2317 3116 2368 ὲν
3139 2314 3217 2384 τῷ
3256 2313 3457 2382 Δανιὴλ
3508 2311 3776 2382 μάθοιμεν

2191 2411 2279 2465 ἄν.
2328 2407 2739 2462 Ἐπιδιπλάσιον
2766 2407 2824 2461 δὲ
2851 2406 2945 2460 νῦν
2974 2406 3070 2460 τοῦ
3103 2404 3401 2477 μυριοστοῦ
3440 2402 3678 2474 ἀριθμοῦ
3709 2404 3772 2456 τὸ

2192 2502 2397 2572 πλῆθος
2413 2501 2479 2555 τὸ
2502 2501 2774 2571 ἑπόμενον
2803 2501 2917 2562 τοῖς
2933 2499 3255 2570 ταξιάρχαις
3277 2498 3533 2564 διέξεισιν
3552 2499 3581 2551 ὁ
3606 2496 3771 2568 ὁρῶν,

2191 2593 2269 2664 τῷ
2297 2592 2683 2656 ἀνυποστόλως
2741 2591 2882 2662 μετά
2914 2592 3014 2662 τὴν
3047 2590 3470 2663 ὲνανθρώπησιν
3527 2590 3621 2643 τοῦ
3663 2592 3778 2643 Κυ-

2194 2687 2336 2758 ρίου,
2368 2685 2636 2754 ἀγγέλους
2667 2682 2984 2749 ἀνθρώποις
3027 2682 3425 2736 ἐνδιαιτᾶσθαι.
3455 2682 3549 2735 Διὸ
3580 2680 3673 2734 καὶ
3720 2680 3780 2733 τι

2194 2778 2589 2842 ἀναϐαίνοντας
2616 2777 2712 2831 καὶ
2760 2776 3200 2840 καταϐαίνοντας
3224 2775 3484 2846 εἰρῆσθαι
3536 2775 3632 2830 ἐπὶ
3686 2773 3781 2828 τὸν

2198 2872 2327 2927 Υἱδν
2345 2872 2441 2926 τοῦ
2471 2872 2786 2943 ἀνθρώπου.

2269 3049 2379 3104 Kal
2433 3048 2624 3116 οὕτως
2658 3044 2826 3102 εἶδον
2890 3046 3034 3115 τοὺς
3089 3045 3408 3113 ἵππουςὲν
3448 3043 3527 3114 τῇ
3556 3044 3784 3113 δράσει,

503 3161 660 3210 super
680 3160 767 3197 eos
800 3142 1047 3197 habentes
1094 3142 1332 3195 thoraces
1363 3142 1539 3211 igneos
1564 3153 1611 3196 et
1644 3142 2017 3212 hyacinthinos
2045 3152 2092 3195 et

2199 3140 2455 3208 καὶτοὺς
2480 3140 2856 3211 καθημένους
2878 3139 2972 3194 ἐπ’
2988 3139 3207 3203 αὐτῶν,
3237 3139 3491 3208 ἔχοντας
3514 3135 3783 3205 θώρακας

509 3235 821 3305 sulphureos
871 3249 889 3287 :
936 3242 986 3286 et
1057 3234 1231 3302 capita
1292 3249 1543 3303 equorum
1601 3246 1855 3305 tanquam
1914 3235 2093 3303 capita

505 3329 734 3394 leonum,
780 3337 831 3381 et
878 3343 944 3382 ea:
992 3344 1080 3380 ore
1114 3344 1296 3381 eorum
1338 3327 1702 3397 egrediebatur
1730 3328 1888 3397 ignis,
1921 3336 1969 3380 et
2009 3326 2097 3397 fu-

509 3438 648 3489 mus,
676 3431 722 3475 et
750 3420 990 3489 sulphur.
1025 3420 1099 3473 .zlb
1131 3421 1208 3473 his
1244 3420 1410 3473 tribus
1438 3421 1611 3490 plagis
1635 3421 1808 3474 occisa
1831 3433 1907 3475 est
1942 3420 2097 3474 tertia

507 3531 630 3582 pars
679 3514 971 3579 hominum,
1002 3530 1182 3583 nempe
1210 3514 1271 3566 ab
1298 3515 1415 3583 igne
1461 3524 1510 3567 et
1539 3515 1685 3582 [unto
1727 3530 1788 3567 ac
1816 3514 2096 3583 sulphure,

509 3621 625 3675 qua:
669 3604 1069 3675 egrediebantur
1122 3618 1186 3657 ea:
1219 3620 1309 3657 ore
1359 3604 1613 3671 ipsorum.
1675 3605 1914 3657 Potestas
1960 3604 2098 3655 enim

509 3712 760 3768 equorum
782 3698 839 3752 in
866 3713 954 3751 ore
984 3698 1219 3765 ipsorum
1242 3706 1335 3761 est,
1363 3707 1408 3749 et
1435 3698 1487 3750 in
1519 3696 1702 3749 caudis
1721 3712 1918 3749 eorum.
1958 3693 2101 3747 Nam

514 3788 702 3841 cauda:
736 3788 971 3856 ipsorum
1024 3788 1224 3840 similes
1270 3799 1421 3841 erant
1459 3790 1806 3855 serpentibus,
1856 3787 2101 3841 habentes

515 3882 715 3949 capita,
747 3890 796 3935 et
820 3896 910 3946 per
943 3880 1051 3933 hazc
1080 3890 1286 3933 nocent.

2203 3234 2519 3303 πυρίνους,
2572 3232 2671 3287 καὶ
2701 3232 3096 3298 ὑακινθίνους
3139 3232 3237 3285 καὶ
3272 3229 3568 3296 θειώδεις·
3598 3228 3701 3282 καὶ
3729 3229 3788 3282 al

2205 3324 2463 3395 κεφαλαὶ
2483 3323 2604 3378 τῶν
2630 3324 2950 3390 ἵππων,ώς
2981 3322 3240 3393 κεφαλαί
3268 3323 3565 3377 λεόντωνο
3600 3319 3699 3375 καί
3721 3320 3790 3373 ἐκ

2204 3419 2326 3474 τῶν
2385 3417 2706 3489 στομάτων
2767 3416 2970 3472 αὐτῶν
3033 3416 3422 3485 ἐκπορεύεται
3485 3414 3609 3482 πῦρ
3632 3454 3647 3480 ,
3693 3410 3790 3468 καὶ

2208 3511 2462 3577 καπνὸς,
2495 3512 2595 3566 καί
2637 3510 2800 3565 θεῖον
2822 3524 2837 3540 ⁸
2870 3510 2991 3565 ἀπὸ
3029 3509 3150 3564 τῶν
3176 3507 3355 3578 τριῶν
3382 3505 3636 3576 πληγῶν
3658 3505 3793 3559 τού-

2208 3620 2327 3657 των
2370 3603 2840 3671 ἀπεκτάνθησαν
2881 3602 2951 3656 τὸ
3011 3602 3214 3670 τρίτον
3268 3598 3390 3653 τῶν
3441 3597 3788 3667 ἀνθρώπων,

2210 3696 2329 3751 ἀπὸ
2361 3696 2466 3750 τοῦ
2517 3696 2731 3766 πυρὸς,
2778 3696 2877 3749 καὶ
2913 3696 3021 3751 τοῦ
3046 3693 3302 3759 καπνοῦ,
3345 3692 3443 3748 καὶ
3470 3692 3575 3745 τοῦ
3605 3690 3789 3744 θείου.

2210 3788 2317 3843 τοῦ
2355 3788 2833 3859 ἐκπορευομένου
2873 3788 2941 3842 ἐκ
2970 3786 3088 3841 τῶν
3117 3786 3438 3855 στομάτων
3461 3782 3682 3840 αὐτῶν.
3725 3782 3793 3834 Ἠ

2212 3880 2321 3951 γὰρ
2350 3881 2605 3945 ἐξουσία
2640 3880 2761 3935 τῶν
2804 3880 3006 3933 ἵππων
3064 3880 3135 3931 ὲν
3185 3877 3265 3945 τῷ
3317 3878 3570 3946 στόματι
3596 3870 3793 3928 αὐτῶν

514 3981 666 4042 ἐστι,
710 3980 805 4033 καὶ
850 3978 921 4032 ἐν
964 3978 1091 4045 ταῖς
1125 3978 1331 4047 οὐραῖς
1375 3978 1594 4034 αὐτῶν,
1626 3981 1697 4035 Αἰ
1763 3980 1872 4049 γὰρ
1931 3978 2105 4048 οὐραὶ
2161 3978 2364 4034 αὐτῶν
2421 3979 2618 4049 ὅμοιαι
2685 3976 2903 4047 ὄφεων,
2950 3976 3207 4045 ἔχουσαι
3262 3971 3557 4043 κεφαλὰς,
3590 3969 3689 4032 καὶ
3724 3968 3793 4022 ἐν

516 4075 726 4142 αὑταῖς
758 4074 1062 4131 ἀδικοῦσι.

588 4174 869 4245 Equorum
904 4188 1227 4229 aseensores
1266 4182 1360 4228 aut
1386 4174 1717 4243 accipiendae
1747 4182 1876 4229 sunt
1907 4173 2106 4229 divinae

519 4268 748 4323 virtutes
773 4282 895 4337 quas
926 4266 1133 4322 sortita:
1157 4275 1287 4321 sunt
1320 4265 1429 4319 vim
1461 4266 1774 4336 corrigendi
1822 4282 2003 4320 mores
2052 4273 2106 4320 et

518 4360 771 4426 allectus,
811 4370 865 4415 et
896 4361 963 4415 ad
999 4362 1194 4415 melius
1224 4359 1491 4431 dirigendi
1519 4378 1532 4415 :
1557 4361 1629 4414 ita
1670 4362 1816 4415 enim
1845 4371 1901 4414 et
1931 4374 2103 4429 equo-

524 4470 641 4509 rum
677 4452 977 4508 domitores
1029 4453 1462 4509 ronscendentes
1491 4469 1682 4523 equos,
1718 4454 1964 4522 dirigunt
2010 4468 2106 4507 eos

521 4561 677 4600 «atrio
707 4553 761 4599 et
801 4543 957 4599 freno
994 4562 1006 4598 :
1040 4555 1135 4599 aut
1170 4545 1356 4601 divina
1387 4546 1566 4617 jussa,
1600 4548 1670 4601 ob
1701 4562 1890 4601 eorum
1929 4545 2106 4600 zelum

523 4636 617 4705 qui
660 4643 911 4705 pereunt,
966 4634 1268 4690 assimilata
1323 4637 1493 4707 igneae
1525 4647 1578 4691 et
1629 4637 2000 4708 hyaeintbinae
2044 4651 2110 4691 ac

523 4727 834 4797 sulphurea:
863 4737 1178 4782 at'malurm.
1215 4728 1369 4784 Unde
1413 4739 1466 4784 et
1513 4730 1682 4785 David
1720 4730 1946 4792 (divino
1978 4744 2110 4785 sane

527 4815 682 4885 zelo)
737 4815 942 4870 indicat
975 4818 1121 4886 quod
1163 4836 1180 4869 ι
1213 4820 1474 4874 Ascendit
1522 4819 1706 4876 fumus
1754 4821 1810 4875 in
1853 4822 1933 4875 ira
1968 4820 2109 4890 ejus,

528 4919 581 4964 et
606 4910 748 4981 ignis
786 4928 812 4963 a
860 4909 1000 4965 facie
1040 4911 1161 4980 ejus
1188 4914 1415 4979 exarsit,
1466 4924 1521 4968 et
1550 4916 1816 4971 carbones
1861 4914 2113 4970 succensi

529 5011 659 5055 sunt
680 5001 745 5054 ".
788 5021 807 5054 ι
849 5002 925 5055 Ad
966 5004 1238 5059 utrumvis
1287 5004 1480 5058 bonum
1517 5021 1777 5061 sensuum
1808 5009 2008 5076 cuique
2048 5006 2115 5059 li-

528 5094 672 5148 cebit
709 5094 967 5149 accedere
1000 5114 1014 5151 :
1050 5096 1179 5150 mihi
1218 5103 1391 5169 magis
1426 5099 1632 5154 arridet
1665 5100 1972 5155 similitudo
2007 5115 2115 5169 qua

527 5202 655 5255 erga
692 5202 889 5256 pravos
919 5199 1205 5244 exercetur
1235 5192 1504 5247 correctio
1534 5203 1586 5247 et
1616 5192 1864 5248 directio.

599 5373 670 5427 Et
721 5376 899 5443 capita
940 5393 1193 5445 equorum
1229 5384 1481 5447 tanquam
1513 5379 1690 5447 capita
1724 5377 1953 5432 leonum.
1990 5375 2114 5431 Sive

528 5469 655 5538 quis
710 5469 1020 5524 divinorum
1082 5468 1414 5538 jndiciorum
1468 5470 1633 5525 veluti
1687 5469 1998 5525 vehiculum
2047 5467 2113 5521 ad

530 5561 843 5625 spirituales
890 5573 944 5617 et
993 5562 1252 5632 angelica:
1303 5563 1427 5617 vitae
1486 5562 1738 5618 homines
1798 5560 2110 5625 transferat,

531 5651 645 5706 sive
672 5652 836 5705 etiam
870 5653 936 5708 ad
976 5669 1156 5709 mores
1192 5663 1246 5709 ct
1281 5653 1529 5721 aﬂecms,
1572 5655 1707 5710 nihil
1742 5654 2030 5712 dissidehit
2062 5654 2113 5708 in

604 5832 649 5863 ⁵³
682 5831 823 5886 Psal.
867 5847 1000 5889 xvn.
1027 5832 1081 5885 9.

2289 4168 2431 4231 Τοὺς
2458 4164 2718 4237 ἐφέδρους
2763 4163 2875 4218 τῶν
2924 4163 3133 4226 ἵππων,
3168 4162 3281 4215 εἴτε
3324 4159 3589 4230 δυνάμεις
3644 4158 3791 4222 θείας

2216 4260 2580 4331 ὑποληπτέον,
2612 4257 2734 4310 κατ’
2762 4256 2909 4327 ἠθῶν
2940 4256 3035 4310 καὶ
3060 4254 3250 4309 παθῶν
3277 4252 3715 4323 κληρωσαμένας
3737 4252 3797 4304 τὸ

2216 4352 2481 4421 ἁγκτικόν
2509 4368 2568 4404 τε
2596 4349 2847 4420 καὶπρὸς
2872 4349 2933 4402 τὸ
2960 4349 3208 4419 κρεῖττον
3250 4343 3607 4418 ρυθμιστικδν
3630 4343 3793 4413 (οὔτω

2216 4448 2326 4517 γὰρ
2360 4444 2459 4499 καὶ
2506 4443 2635 4506 τοὺς
2694 4442 2897 4506 ἵππους
2942 4441 2992 4494 οἱ
3036 4438 3390 4508 πωλοδάμναι
3442 4436 3797 4506 ῥυθμίζουσιν

2217 4544 2605 4605 ἀναϐαίνοντες
2643 4537 2812 4610 κημῷ
2841 4551 2903 4589 τε
2943 4534 3039 4588 καὶ
3068 4530 3330 4603 χαλινοῖς)
3356 4546 3370 4561 ⁸
3403 4530 3515 4583 εἴτε
3544 4529 3639 4581 καὶ
3678 4528 3797 4581 θεῖα

2217 4622 2644 4709 προστάγματοῖ,
2680 4633 2829 4703 ζήλῳ
2863 4630 2973 4684 τῶν
3024 4626 3418 4695 ἀπολλυμένων
3442 4626 3523 4687 είς
3565 4622 3800 4693 πυρίνην

2217 4731 2629 4786 ἁπεικασθέντα
2656 4726 2756 4780 καὶ
2803 4721 3123 4791 ὑακινθίνην
3174 4718 3271 4772 καὶ
3310 4715 3505 4784 θειώδη
3561 4731 3798 4768 παντευ-

2216 4826 2362 4896 χίαν.
2408 4823 2528 4892 Ἀφ’
2558 4815 2620 4876 οὗ
2651 4818 2747 4873 καὶ
2774 4816 2936 4871 Δαυῖδ
2967 4814 3081 4886 (τοῦ
3106 4812 3273 4877 θείου,
3307 4809 3471 4879 φημὶ,
3505 4808 3694 4878 ζήλου)
3720 4808 3799 4863 τὸ.

2223 4938 2241 4969 ι
2268 4917 2459 4985 Ἀνέϐη
2479 4913 2686 4976 καπνὸς
2712 4913 2772 4965 ἐν
2804 4910 2943 4980 ὀργῇ
2974 4904 3198 4971 aii-:05,»
3240 4905 3479 4974 μινύρει,
3514 4919 3531 4952 ι
3567 4901 3665 4953 καὶ
3691 4899 3801 4968 πῦρ

2220 5011 2330 5065 ἀπὸ
2366 5006 2667 5079 προσώπου
2714 5002 2880 5057 αὐτοῦ
2915 4997 3328 5068 καταφλεγῆναι
3367 4994 3461 5047 καὶ
3522 4992 3801 5060 ἄνθρακας

2219 5103 2548 5173 ἀναφθῆναι.
2583 5118 2601 5152 ι
2648 5096 2933 5164 Ὀποτὲρῳ
2955 5092 3165 5146 τούτων
3191 5086 3483 5159 πρόσθοιτό
3516 5102 3624 5148 τις,
3664 5085 3801 5155 p.51-

2224 5197 2316 5248 λον
2375 5191 2500 5246 καθ’
2560 5190 2756 5260 ἡδονήν
2822 5203 2913 5256 μοι
2964 5184 3147 5248 ἔσται,
3195 5179 3292 5234 τοῦ
3337 5181 3475 5249 πρὸς
3529 5177 3802 5247 πονηροὺς

2220 5285 2620 5344 ἀπευθύνοντος
2648 5279 2709 5334 τὸ
2742 5278 2993 5345 ἴνδαλμα.

2293 5379 2399 5434 Καὶ
2423 5380 2481 5431 αἱ
2508 5371 2761 5443 κεφαλαὶ
2798 5369 2921 5423 τῶν
2957 5369 3178 5429 ἵππων,
3214 5364 3296 5428 ὠς
3325 5358 3585 5430 κεφαλαὶ
3632 5359 3805 5413 λεόν-

2221 5487 2360 5525 των.
2423 5467 2496 5520 Τὸ
2540 5466 2727 5535 ὄχημα
2775 5460 2887 5513 τῶν
2927 5459 3090 5512 θείων
3141 5455 3450 5527 κριμάτων,
3501 5451 3613 5504 εἶτε
3667 5448 3802 5519 πρὸς

2222 5558 2629 5630 πνευματικοὺς
2665 5554 2761 5608 καὶ
2801 5551 3128 5620 ἀγγελικους
3175 5547 3268 5600 τὸν
3319 5544 3435 5615 βίον
3479 5538 3803 5630 ἀνθρώπους

2226 5628 2637 5723 μεταλαμϐάνει
2673 5661 2782 5711 τις,
2813 5642 2846 5714 ἢ
2887 5640 2980 5697 καὶ
3014 5638 3151 5711 πρὸς
3192 5635 3297 5707 ἤθη
3329 5632 3425 5689 καὶ
3454 5629 3627 5701 πάθη,
3651 5628 3802 5684 οὐδὲν
