4110 6442
351 413 462 476 6:33

1419 415 1808 477 COMMENT.
1857 417 1938 477 IN
1984 420 2518 487 APOCALYPSIN.

3510 427 3615 487 634

351 525 540 580 διοίσει
582 521 662 594 τῷ
696 522 772 594 μὴ
805 520 1084 591 φιλαῦτως
1129 523 1208 594 τῷ
1253 525 1491 596 ὁράματι
1525 531 1826 600 προσκειμέ
1841 549 1924 599 λῳ.

2037 546 2098 585 ea
2130 549 2252 600 quae
2281 535 2436 588 nobis
2467 535 2786 603 proponitur
2813 535 3039 600 visione,
3070 538 3211 604 apud
3243 551 3364 590 eum
3399 537 3490 602 qui
3524 540 3607 590 sui

355 617 636 685 Κεφαλαῖς
669 615 726 669 δὲ
759 615 990 668 λεόντεον
1026 617 1448 688 ἀπεικάσοησαν
1492 621 1574 683 είς
1601 621 1820 691 δεῖγμα,
1848 621 1930 674 ὅτι

349 706 577 769 τούτους
605 707 731 768 τοὺς
752 707 1210 778 διακονουμένους
1236 711 1348 773 τοῖς
1381 711 1548 773 Θείοις
1589 713 1690 765 οὐκ
1737 705 1933 766 ἀναῦε-

351 797 640 868 ὀλημὲνως
663 797 762 868 τὴν
795 797 1140 867 λειτουργίαν
1159 800 1264 870 χρὴ
1308 805 1576 871 μετιέναι.
1611 824 1628 856 ι
1663 805 1780 858 Ζῶν
1823 807 1934 873 γὰρ

351 896 384 946 ὀ
411 893 570 960 λόγος
591 891 684 946 τοῦ
715 892 852 945 Θεοῦ
883 893 978 946 καὶ
1012 893 1192 964 πάσης
1223 894 1540 966 τομώτερος
1576 897 1874 966 μαχαίρας.
1911 915 1929 947 s

354 985 559 1054 Διόπερ
613 984 688 1046 ὡς
733 983 1143 1054 ἑκατοντάρχης
1193 985 1254 1038 τὸ
1289 986 1590 1054 κεφάλαιον
1642 989 1934 1056 ἐμφανίζει

357 1077 460 1149 τὴν
489 1078 866 1146 ἀγανάκτησιν
903 1076 1044 1145 μετα
1091 1077 1392 1132 λεοντιαίου
1440 1079 1824 1149 σφοδρότητος,
1859 1080 1936 1142 ὡς

351 1172 458 1224 οὐκ
495 1170 560 1224 ἂν
593 1169 788 1232 ἄλλως.
815 1169 848 1238 ἥ
878 1168 1052 1232 οὕτως
1086 1170 1232 1234 ἕξειν
1253 1171 1344 1224 τὸν
1379 1172 1656 1243 ἀκροατὴν
1694 1174 1773 1234 εἰς
1807 1187 1938 1239 συγ-

351 1261 652 1314 κατάθεσιν
701 1259 1048 1330 ἕμπρακτον.
1097 1263 1210 1315 Οὐκ
1253 1261 1484 1333 ἄμοιρος
1518 1263 1576 1315 δὲ
1627 1263 1791 1333 τῆσδε
1841 1263 1936 1317 καὶ

353 1351 570 1416 Παῦλος
595 1353 696 1420 τῆς
730 1353 1032 1421 περινοίας.
1087 1353 1250 1407 ὁπότε
1299 1355 1612 1426 Κορινθίοις
1653 1355 1753 1423 τὴν
1799 1354 1938 1425 μετά

355 1443 556 1514 ῥάϐδου
587 1445 770 1507 αὐτοῖς
799 1445 1098 1515 ἐπιδημίαν
1127 1446 1324 1500 ἑαυτοῦ
1351 1446 1586 1501 ἀπειλεῖ.
1617 1447 1794 1500 Τοῦτο
1838 1447 1936 1517 μὲν

346 1534 450 1591 οὗν
484 1521 542 1591 ei
571 1537 810 1605 κεφαλαὶ
841 1537 1240 1594 ὑπαινίττοντο.
1275 1540 1356 1592 Τά
1381 1541 1626 1608 στόματα
1654 1539 1712 1592 δὲ
1746 1539 1806 1594 τὸ
1828 1537 1938 1592 ἀπὸ

347 1628 458 1698 τῆς
484 1629 784 1698 ὲγγύτητος
818 1628 1064 1700 ὀλέθριον
1084 1625 1294 1700 ἆσθμα,
1340 1631 1402 1684 οὗ
1445 1633 1938 1704 πόῤῥωθενδιορά-

349 1737 496 1784 σεως
529 1719 920 1788 ἐλπιζόμενον,
951 1721 1068 1774 ἀλλ’
1111 1723 1400 1794 ἀγχοτάτω
1446 1728 1512 1798 τῇ
1567 1727 1936 1797 προσπελάσει

349 1811 418 1863 τὸ
481 1810 896 1880 ἀναπόδραστον
951 1813 1402 1884 ὲμπεδούμενον,
1463 1819 1642 1888 πυρὸς
1713 1819 1813 1888 μὲν
1875 1821 1937 1872 τὸ

347 1901 736 1968 ἀφανιστικὸν.
804 1903 1014 1956 καπνοῦ
1057 1904 1116 1958 τὺ
1169 1905 1288 1975 μετ’
1326 1906 1497 1977 ὀργῆς
1547 1909 1778 1978 (Ἀνέϐη
1828 1911 1936 1982 γὰρ

347 1993 589 2058 καπνὸς
617 1993 688 2045 ἐν
715 1992 863 2064 ὀργῇ
897 1994 1133 2064 αὑτοῦ),
1171 1996 1318 2050 θείου
1337 1998 1394 2051 δὲ
1425 1999 1486 2053 τὸ
1517 2001 1624 2055 ἀπὸ
1658 2002 1806 2066 θείας
1835 2006 1935 2075 μή·

345 2082 498 2147 νιδος
531 2084 912 2154 ἐμφαίνοντος,
965 2087 998 2158 ἢ
1043 2088 1140 2142 καὶ
1191 2089 1254 2143 τὸ
1300 2090 1615 2162 θεαρέστως
1655 2100 1769 2158 τοῖς
1803 2097 1935 2151 ἀκο-

344 2176 575 2238 λάστοις
627 2177 994 2248 ἐπενεχθῆναι
1027 2178 1222 2236 ταῦτα.
1264 2183 1389 2236 Ὀτι
1441 2183 1498 2237 δὲ
1544 2186 1780 2256 ὀχήματι
1823 2189 1934 2242 τῶν

345 2267 548 2321 ἑαυτοῦ
589 2270 878 2338 χριμάτων
907 2272 999 2324 καὶ
1039 2273 1362 2344 μυστηρίων
1397 2275 1556 2330 εἴωθε
1601 2279 1840 2348 χρῆσθαι
1872 2281 1934 2337 τδ

343 2358 507 2412 Θετον
525 2361 636 2422 τοῖς
673 2361 976 2428 ίσαγγέλως
1003 2361 1237 2432 βιοῦσιν,
1265 2366 1468 2431 ἱκανῶς
1503 2369 1564 2422 τὸ
1591 2372 1726 2441 παρ’
1767 2373 1932 2428 αὑτοῦ

344 2451 493 2538 πρὸς
515 2451 768 2506 Ἀνανίαν
786 2457 1162 2525 χρηματισθὲν
1187 2463 1314 2530 περὶ
1330 2461 1544 2515 Παύλου
1565 2470 1933 2538 παραστήσει,

343 2543 420 2596 δι’
447 2535 522 2596 ὧν
551 2559 686 2612 φησι
719 2543 930 2596 Παῦλον
959 2545 1155 2609 σκεῦος
1179 2547 1414 2618 ἐκλογῆς
1443 2545 1604 2614 εἶναι,
1629 2535 1932 2622 ἀκαμάτως

345 2633 641 2704 βαστάζειν
695 2634 890 2705 ἔχοντα
944 2638 1014 2691 τά
1051 2637 1335 2711 θεοπρεπῆ
1372 2641 1646 2712 δόγματα,
1678 2645 1822 2714 άπερ
1847 2645 1936 2698 διὰ

344 2727 448 2780 τοῦ
500 2727 766 2796 ὀνόματος
819 2729 1230 2801 παρεδήλωσεν,
1279 2734 1500 2788 ἐπειδάν
1549 2735 1694 2806 ἔφη’
1747 2756 1765 2788 ι
1825 2737 1933 2790 Τοῦ

347 2819 622 2888 βαστάσαι
653 2820 714 2873 τὸ
736 2820 910 2888 ὄνομά
946 2838 1048 2890 μου
1072 2838 1087 2853 ·
1126 2841 1144 2874 ι
1179 2822 1354 2894 δνομα
1385 2826 1508 2878 ἀντὶ
1527 2826 1622 2878 τοῦ
1649 2827 1746 2898 τὴν
1775 2828 1935 2893 δόξαν

346 2909 522 2962 εἰπὼν
573 2911 666 2964 καὶ
698 2911 1117 2981 μεγαλειότητα,
1170 2915 1266 2967 καὶ
1303 2915 1412 2968 πᾶν
1461 2916 1524 2969 τὸ
1559 2917 1700 2987 ὑπὲρ
1749 2917 1931 2986 λόγον,

344 3001 520 3071 ἠγουν
547 3003 899 3073 κατανόησιν,
925 3003 986 3056 οὗ
1024 3003 1188 3075 μόνον
1221 3006 1444 3077 θνητὴν,
1473 3007 1612 3062 ἀλλὰ
1645 3011 1740 3064 καὶ
1765 3011 1932 3079 ἀγγε-

342 3092 529 3164 λικήν.

436 3272 504 3328 Ἦ
557 3271 668 3343 γὰρ
711 3273 970 3340 ἐξουσία
1027 3275 1145 3332 τῶν
1188 3281 1392 3334 ἵππων
1462 3279 1532 3334 ἐν
1570 3277 1650 3346 τῷ
1687 3281 1936 3350 στόματι

343 3364 554 3421 αὐτῶν
581 3367 736 3424 ἐστι.
768 3369 834 3421 Τί
860 3371 1056 3438 τοῦτο;
1088 3371 1148 3424 τὸ
1200 3375 1302 3442 τὴν
1341 3371 1591 3437 ἐξουσίαν
1622 3375 1934 3428 ἀνατιθέναι

343 3457 434 3526 τῷ
453 3457 724 3527 ,στόματπ
765 3461 858 3514 καὶ
889 3461 1054 3516 οἱονεὶ
1093 3464 1194 3531 τὴν
1236 3463 1413 3518 αἰτίαν
1449 3465 1542 3517 τοῦ
1597 3465 1934 3521 ἀπεστάλθαι

344 3547 480 3612 τοὺς
509 3547 746 3614 ἵππους;
777 3550 812 3622 ἢ
836 3551 897 3604 τὸ
926 3552 1034 3605 ἀπὸ
1062 3553 1169 3605 τῶν
1211 3555 1497 3622 στομάτων
1532 3555 1712 3608 αὐτῶν
1740 3556 1940 3626 ἐμφαί-

345 3655 436 3692 νει
459 3639 712 3708 ἀπειλάς,
744 3643 1123 3710 ἐκφοϐούντων
1145 3643 1470 3716 ἀνθρώπους
1507 3647 1602 3699 τοῦ
1631 3647 1934 3717 ἀπέχεσθαι

343 3728 462 3783 τῶν
503 3731 756 3802 πονηρῶν
810 3733 1286 3804 ἐπιτηδευμάτων,
1321 3735 1414 3790 τοῦ
1450 3737 1525 3807 μὴ
1571 3741 1692 3800 ταῖς
1745 3737 1933 3808 οὐραῖς

341 3823 532 3878 αὐτῶν
565 3825 888 3897 ἐκδοθῆναι;
933 3828 1027 3892 Ei;
1076 3830 1248 3899 οὐράς
1294 3832 1404 3902 γάρ
1437 3833 1508 3887 τά
1531 3833 1662 3903 τέλη
1709 3834 1804 3888 καὶ
1831 3834 1932 3904 τὴν

344 3917 582 3973 ἔκϐασιν
625 3920 736 3974 τῶν
762 3921 1155 3992 ἀπολλυμένων
1189 3923 1488 3992 διατυπών,
1521 3928 1618 3980 καὶ
1651 3927 1716 3998 δή
1743 3943 1807 3995 γε
1837 3929 1936 3982 καὶ

347 4009 526 4080 αὐτὴν
573 4010 673 4082 τὴν
727 4011 957 4066 ἔκϐασιν
1011 4013 1350 4088 διαμορφῶν,
1401 4017 1592 4085 ὄφεσιν
1643 4019 1934 4084 ἀπεικάζει

346 4102 549 4171 ὁμοίας
579 4103 764 4173 ἔχουσι
806 4104 1072 4173 κεφαλὰς,
1106 4106 1166 4170 ἐξ
1200 4108 1367 4176 αὐτῆς
1397 4107 1598 4179 δηλαδὴ
1621 4109 1719 4179 τῆς
1743 4109 1936 4176 ἐφόδου

345 4191 414 4246 τὸ
437 4193 678 4264 ὀλέθριον
710 4196 1122 4264 ἐμφανιζούσας
1160 4198 1256 4251 καὶ¹
1289 4200 1718 4267 ἀναπόδραστον,
1753 4201 1845 4254 καὶ
1874 4201 1936 4254 τὸ

345 4284 619 4355 ἀμελλητὶ
668 4287 770 4358 τὴν
817 4288 1062 4342 κάκωσιν
1131 4290 1436 4363 ἐπιφέρειν,
1489 4292 1590 4346 οὐκ
1637 4290 1803 4363 οὔσης
1853 4294 1936 4346 ἔτι

345 4379 636 4447 περ.νοίας
664 4380 766 4450 τὴν
793 4381 1040 4434 κάκωσιν
1068 4382 1490 4454 διαδιδράσκειν.

423 4471 533 4527 Καί
560 4475 613 4527 οἱ
649 4473 850 4528 ,λοιποί
876 4472 996 4527 τῶν
1039 4475 1369 4542 ἀνθρώπων
1397 4474 1454 4528 οἳ
1485 4476 1597 4528 οὐκ
1633 4473 1934 4530 ἀπεκτείν-

343 4566 552 4630 θησαν
580 4563 650 4617 ἐν
683 4563 814 4628 ταῖς
852 4563 1114 4633 πληγαῖς
1140 4565 1414 4632 ταύταις,
1455 4567 1527 4618 οὺ
1549 4566 1930 4634 μετενόησαν

342 4659 418 4711 ἐκ
439 4656 558 4710 τῶν
586 4656 776 4726 ἔργων
798 4656 918 4710 τῶν
943 4655 1159 4725 χειρῶν
1186 4657 1406 4721 αὐτῶν,
1431 4659 1534 4712 ἵνα
1553 4643 1642 4727 ἳιὴ
1669 4673 1934 4726 προσκυο

343 4748 588 4814 νήσωσι
619 4749 692 4804 τὰ
731 4748 1028 4818 δαιμόνια,
1085 4749 1184 4802 καί
1242 4749 1312 4804 τὰ
1337 4750 1560 4804 εἴδωλα
1609 4751 1679 4804 τὰ
1729 4748 1932 4819 χρυσᾶ

345 4837 554 4892 καὶτὰ
597 4836 828 4907 ἀργυρᾶ
855 4838 954 4892 καὶ
999 4839 1072 4892 τὰ
1111 4841 1316 4894 λίθινα
1365 4841 1464 4896 καὶ
1505 4841 1580 4895 τὰ
1625 4841 1862 4904 ξύλινα.
1893 4839 1934 4894 ἃ

343 4929 490 4984 οὔτε
511 4929 770 4993 βλέπειν
820 4931 1090 4996 δύναται,
1121 4933 1262 4986 οὔτε
1293 4933 1562 4998 ἀκούειν,
1591 4933 1732 4988 οὔτε
1767 4949 1934 5000 περι-

347 5019 566 5074 πατεῖν
585 5035 600 5051 ⁶
625 5021 724 5074 καί
751 5022 824 5074 οὺ
839 5022 1220 5089 μετενόησαν
1245 5021 1316 5076 ἐκ
1336 5021 1454 5077 τῶν
1480 5025 1684 5093 φόνων
1707 5024 1928 5089 αὐτῶν,

344 5110 490 5164 οὔτε
522 5111 590 5164 ἐκ
627 5108 745 5162 τῶν
769 5110 1096 5180 φαρμάκων
1121 5111 1346 5180 αὐτῶν,
1371 5114 1511 5168 οὔτε
1538 5117 1608 5168 ἐκ
1637 5115 1748 5183 τῆς
1786 5133 1932 5184 πορ-

343 5201 518 5266 νείας
553 5198 776 5265 αὐτῶν,
799 5201 938 5256 οὔτε
966 5202 1035 5256 ἐκ
1060 5201 1180 5280 τῶν
1201 5204 1556 5272 κλεμμάτων
1583 5205 1802 5260 αὐτῶν.

429 5290 769 5361 ’Υπερόολὴν
806 5293 1168 5364 ἀναισθησίας
1190 5297 1218 5348 ὀ
1245 5295 1403 5364 λόγος
1445 5297 1726 5367 σημαίνει,
1765 5298 1936 5367 ἤγουν

345 5379 686 5450 ἀναλγησίας
719 5381 813 5433 καὶ
847 5381 1166 5449 ἀκολασίας,
1199 5383 1291 5435 τὸν
1334 5384 1432 5450 τῆς
1484 5385 1571 5437 ἐπ’
1599 5385 1795 5448 αὐτοὺς
1842 5385 1932 5438 διὰ

345 5471 768 5542 φιλανθρωπίαν
797 5472 1014 5542 φειδοῦς
1046 5473 1181 5536 τέως
1204 5474 1632 5546 ὑπερτιθέμενον
1657 5477 1931 5548 σωτηρίας

346 5566 545 5634 καιρὸν
576 5565 655 5627 εἰς
715 5565 895 5634 μάτην
945 5565 1378 5630 ἀναλωσάντων,
1436 5568 1532 5620 καὶ
1583 5569 1662 5632 είς
1716 5569 1778 5622 τὸ
1828 5570 1928 5640 τὴν

345 5657 475 5710 κατ’
505 5655 664 5721 ἀξῐαν
699 5660 796 5728 τῆς
847 5655 1126 5728 ῥᾳθυμίας
1155 5657 1336 5710 αὐτῶν
1383 5659 1744 5714 ἀνταπόδοσιν
1782 5661 1924 5714 ἁπο-

421 5813 469 5848 ⁶⁵
502 5811 663 5870 llebr.
699 5831 774 5881 tv,
819 5813 901 5871 l2.
979 5815 1023 5848 ⁵⁵
1059 5816 1182 5872 Act.
1239 5833 1316 5882 tx,
1355 5819 1440 5872 l5.

2041 637 2146 676 non
2181 633 2264 676 est
2286 635 2516 678 amator.
2545 625 2826 694 Capitibus
2849 636 3028 682 autem
3065 627 3278 681 leonum
3311 627 3610 681 assitnilata

2038 723 2188 777 sunt,
2231 717 2296 769 ad
2328 718 2748 782 ostendendum,
2783 719 2929 788 quod
2959 734 3052 774 eos
3089 719 3180 788 qui
3211 717 3412 772 divinis
3447 719 3613 772 rebus

2039 808 2374 873 inserviunt,
2439 825 2548 863 non
2606 821 2820 880 oportet
2871 812 2938 864 ad
2978 811 3344 865 ministerium
3402 809 3614 876 dejecto

2039 901 2224 954 animo
2268 903 2552 957 accedere.
2611 923 2628 956 ι
2673 903 2837 958 Vivus
2873 913 2956 957 est
2998 905 3141 958 enim
3193 917 3372 958 sermo
3405 900 3519 966 Dei,
3560 909 3615 952 et

2038 993 2232 1061 quovis
2261 995 2441 1063 gladio
2477 997 2649 1066 magis
2677 1013 2869 1052 secans
2893 997 2958 1049 ".
2990 1016 3008 1048 ι
3034 995 3159 1051 ldeo
3183 1005 3441 1062 tanquam
3483 1010 3615 1048 cen-

2041 1086 2184 1139 turio
2213 1097 2374 1156 caput.
2407 1088 2741 1152 manifestat,
2785 1103 2982 1157 nempe
3025 1087 3452 1157 indignatidnem
3488 1102 3612 1140 cum

2037 1177 2382 1230 vehementia
2445 1179 2656 1232 leonina
2694 1198 2707 1233 :
2741 1179 2898 1248 quasi
2953 1195 3059 1234 non
3123 1179 3231 1233 alio
3282 1195 3445 1248 quam
3510 1179 3615 1232 hoc

2039 1267 2204 1321 modo
2245 1267 2531 1322 habiturus
2555 1269 2627 1324 sit
2653 1270 2954 1324 auditorem
2987 1279 3295 1340 promptum
3321 1271 3386 1324 ad
3421 1285 3616 1324 assen-

2041 1357 2305 1411 tiendum.
2337 1355 2525 1426 Neque
2562 1359 2630 1412 ab
2679 1360 2779 1413 hac
2831 1360 3180 1428 intelligentia
3217 1361 3447 1414 dissidet
3479 1360 3614 1413 Pau-

2039 1448 2146 1511 lus,
2177 1448 2398 1516 quando
2422 1449 2722 1504 Corintltiis
2757 1451 2995 1504 minatur
3031 1467 3087 1503 se
3117 1466 3238 1505 eum
3273 1451 3432 1521 733
3465 1451 3614 1519 virga

2039 1541 2104 1592 ad
2137 1543 2284 1609 ipsos
2320 1549 2634 1595 venturum.
2669 1539 2782 1595 Hoc
2829 1541 3012 1610 itaque
3058 1543 3375 1610 designabat
3416 1544 3612 1610 capita.

2039 1629 2146 1686 Ora
2198 1647 2326 1686 vero
2379 1632 2746 1701 perniciosam
2799 1631 3128 1686 anxietatem
3185 1648 3216 1686 e
3265 1633 3536 1701 proximo,
3567 1639 3621 1685 rt

2040 1733 2146 1770 non
2197 1718 2385 1787 procul
2432 1733 2462 1772 a
2501 1719 2713 1773 visione
2765 1729 3169 1788 exspectatam,
3216 1727 3270 1774 et
3309 1719 3618 1774 inevitabile

2043 1810 2316 1862 vinculum
2342 1811 2802 1880 propinquissime
2826 1812 3064 1866 vicinum
3091 1830 3105 1866 :
3139 1821 3197 1867 ut
3225 1811 3368 1882 ignis
3395 1812 3613 1882 quidem

1967 1899 2010 1953 B
2039 1901 2091 1954 id
2137 1901 2386 1970 designet
2421 1903 2566 1971 quod
2598 1903 2754 1956 alIert
2786 1903 3090 1969 interitum,
3137 1906 3317 1962 fumus
3363 1905 3416 1960 id
3467 1907 3614 1976 quod

2036 2007 2162 2046 cum
2195 1993 2274 2046 ira
2309 1995 2460 2047 venit
2491 2011 2505 2049 :
2539 1995 2702 2064 (nam
2731 1995 2976 2050 Ascendit
3017 1997 3200 2065 {unius
3233 1998 3289 2050 in
3317 1997 3400 2050 ira
3427 1999 3540 2067 ejus
3564 1999 3621 2068 :)

2035 2084 2268 2153 sulphur
2297 2094 2480 2140 autem
2528 2086 2581 2140 id
2619 2087 2765 2156 quod
2795 2087 2960 2141 etiam
3004 2103 3036 2142 a
3067 2087 3248 2142 divina
3281 2097 3364 2143 est
3387 2087 3490 2153 ira,
3523 2089 3618 2142 sed

2035 2175 2476 2242 permanentiore
2517 2191 2532 2228 :
2575 2185 2672 2229 aut
2727 2177 2872 2246 quod
2933 2178 3050 2232 inec
3097 2177 3377 2232 voluntate
3431 2177 3616 2231 divina

2037 2269 2258 2324 lascivis
2303 2279 2360 2324 et
2405 2269 2874 2326 incontinentibus
2901 2272 3052 2325 illata
3089 2271 3218 2326 sint.
3253 2271 3409 2336 Quod
3437 2281 3618 2325 autem

2038 2361 2124 2416 his
2155 2362 2328 2418 soleat
2367 2363 2445 2418 uti
2481 2362 2755 2418 Divinitas
2787 2363 2878 2432 qui
2938 2365 3102 2417 vitam
3148 2363 3358 2418 ducunt
3411 2363 3619 2431 angeli-

2035 2467 2180 2514 cam,
2214 2462 2474 2522 tanquam
2507 2469 2733 2507 suorum
2756 2453 3090 2521 judiciorum
3131 2467 3196 2507 ac
3229 2455 3616 2522 mysteriorum

2037 2543 2314 2606 vehiculo.
2345 2545 2478 2599 satis
2502 2545 2844 2598 demonstrat
2868 2544 2919 2598 id
2947 2543 3092 2614 quod
3121 2542 3234 2612 ipse
3263 2543 3524 2599 Dominus
3553 2543 3622 2598 de

2037 2634 2208 2690 Paulo
2237 2637 2374 2692 dixit
2419 2638 2485 2690 ad
2528 2635 2819 2699 Ananiam,
2867 2635 2958 2689 ubi
2989 2635 3065 2689 ait
3097 2633 3326 2688 Paulum
3361 2649 3455 2688 vas
3503 2635 3614 2688 ele-

2037 2727 2236 2782 ctionis
2281 2743 2432 2794 esse,
2466 2737 2526 2781 ut
2559 2727 2831 2782 indefesso
2859 2726 3002 2781 ferre
3053 2735 3236 2794 posset
3287 2727 3469 2780 divina
3517 2727 3616 2780 do-

2037 2827 2242 2888 gmata,
2276 2833 2398 2888 quae
2429 2833 2526 2889 per
2555 2833 2754 2874 nomen
2795 2833 2954 2873 suum
2991 2817 3338 2888 signiﬁcavit,
3389 2818 3576 2872 dicens
3601 2834 3620 2872 ι

2043 2930 2062 2964 ι
2101 2910 2172 2966 Ut
2203 2920 2384 2982 portet
2412 2926 2610 2966 nomen
2647 2927 2830 2966 meum
2850 2912 2898 2945 ⁵⁵
2931 2929 2944 2965 ι
2975 2929 2994 2963 ι
3041 2925 3238 2966 nomen
3268 2925 3472 2965 vocans
3505 2911 3625 2980 ειυς

2039 3002 2176 3056 riam
2208 3011 2264 3056 et
2303 3002 2679 3072 maiestatem,
2713 3017 2988 3074 omneque
3039 3003 3092 3058 id
3129 3004 3272 3072 quod
3306 3016 3618 3058 sermOnem

2037 3094 2249 3149 excedit
2298 3094 2414 3150 sive
2453 3095 2816 3160 intellectum,
2867 3113 2984 3151 non
3039 3105 3251 3150 tantum
3303 3098 3616 3162 mortalem,

1961 3161 2002 3218 (ἶ
2041 3201 2228 3238 verum
2259 3186 2422 3240 etiam
2457 3186 2788 3256 angelicum.

2111 3275 2354 3330 Potestas
2384 3278 2522 3331 enim
2551 3295 2805 3346 equarum
2851 3279 2906 3332 in
2947 3294 3035 3334 ore
3071 3277 3307 3349 ipsorum
3341 3291 3439 3335 est.
3476 3279 3620 3346 Quid

2039 3369 2180 3423 hoc?
2227 3385 2296 3424 an
2353 3379 2678 3439 potestatem
2728 3372 2810 3423 ori
2857 3369 3138 3436 attribuit,
3193 3371 3356 3424 Veluti
3392 3385 3616 3426 causam

2037 3463 2224 3517 dicens
2257 3477 2352 3516 cur
2385 3461 2540 3517 missi
2596 3463 2706 3518 sint
2746 3462 2911 3530 equi?
2955 3477 3024 3516 an
3066 3462 3210 3532 quod
3239 3461 3318 3516 ait
3359 3479 3374 3516 :
3423 3462 3492 3515 ab
3523 3477 3620 3517 ore

2039 3553 2322 3622 ipsorum,
2368 3554 2550 3608 minas
2593 3555 2832 3610 ostendit
2875 3571 3065 3610 earum
3113 3569 3295 3608 rerum
3343 3570 3468 3622 qua:
3517 3553 3620 3608 bo-

2039 3647 2214 3700 mines
2240 3655 2540 3712 exterrent,
2575 3655 2632 3700 Ill.
2669 3663 2700 3701 a
2732 3647 2916 3716 pravis
2955 3646 3262 3702 abstineant
3300 3645 3518 3710 studiis,
3552 3661 3622 3699 ne

2038 3739 2226 3794 caudis
2281 3738 2500 3792 illorum
2538 3738 2868 3793 tradantur?
2899 3737 3006 3792 Per
3047 3737 3197 3806 ipsas
3227 3736 3374 3790 enim
3415 3736 3622 3791 caudas

2039 3831 2199 3886 linem
2251 3846 2316 3885 ae
2360 3842 2614 3885 eventum
2647 3830 2940 3898 designans
2971 3844 3162 3884 eorum
3205 3829 3298 3898 qui
3336 3835 3567 3898 pereunt
3600 3845 3618 3884 :

2039 3931 2093 3976 et
2117 3923 2230 3992 jam
2267 3922 2442 3990 ipsum
2492 3937 2711 3992 quoque
2743 3934 3000 3976 eventum
3043 3921 3308 3990 elligians,
3346 3919 3622 3990 serpenti-

2038 4015 2142 4069 bus
2171 4021 2474 4082 comparat,
2503 4013 2598 4084 qui
2639 4013 2842 4068 similia
2877 4013 3114 4067 habeant
3143 4011 3320 4081 capita
3351 4028 3366 4065 :
3398 4026 3464 4064 ex
3499 4009 3620 4078 ipso

2036 4106 2292 4160 videlicet
2325 4106 2530 4174 impetu
2565 4113 2619 4160 et
2652 4120 2880 4158 accessu
2925 4104 3224 4158 ostendens
3261 4101 3462 4156 afferre
3498 4100 3618 4154 exi-

2040 4179 2174 4249 tium
2218 4195 2554 4262 inevitabile,
2586 4203 2636 4250 ct
2678 4203 3003 4265 praesentem
3034 4193 3206 4262 magis
3251 4207 3416 4260 quam
3461 4189 3619 4245 futu-

2039 4305 2154 4341 ram
2197 4287 2579 4351 alllietionem,
2617 4303 2740 4342 cum
2792 4287 2940 4340 nulla
2971 4286 3082 4355 jam
3135 4284 3356 4338 solertia
3405 4283 3620 4337 valeant

2039 4379 2382 4434 alllietiouem
2411 4377 2672 4447 effugere.

2109 4469 2215 4535 IX,
2249 4470 2354 4536 20,
2400 4470 2489 4527 2|.
2526 4469 2591 4530 Et
2632 4471 2810 4526 centeri
2848 4471 3086 4526 homines
3111 4473 3202 4542 qui
3239 4489 3340 4526 non
3371 4477 3492 4526 sunt
3525 4485 3620 4524 oo:

2039 4563 2136 4616 cisi
2191 4563 2274 4616 Itis
2317 4561 2526 4630 plagis,
2577 4579 2679 4616 non
2721 4563 3051 4631 resipueru'ut
3108 4565 3172 4618 ab
3217 4563 3458 4632 operibus
3507 4563 3622 4630 suis

2039 4656 2240 4724 pravis,
2291 4667 2344 4708 ut
2377 4673 2480 4710 non
2529 4655 2814 4716 adorarent
2857 4657 3120 4712 daemonia
3151 4667 3198 4710 et
3251 4656 3424 4717 idolo,
3457 4671 3620 4708 aurea

2039 4755 2088 4798 et
2127 4754 2376 4815 argentea
2423 4753 2472 4804 et
2515 4745 2726 4813 lapidea
2753 4755 2802 4798 et
2839 4745 3050 4816 lignea,
3089 4763 3206 4816 qua:
3237 4763 3400 4816 neque
3447 4743 3622 4798 videre

2037 4846 2293 4904 possunt,
2335 4853 2498 4906 neque
2557 4838 2778 4900 audire,
2833 4855 2994 4908 neque
3047 4839 3322 4892 ambulare
3363 4854 3385 4890 :
3417 4847 3468 4890 et
3517 4851 3624 4895 nou

2040 4936 2256 4997 egerunt
2313 4930 2674 4996 paenitentiam
2720 4929 2784 4982 de
2829 4929 3130 4984 homicidiis
3175 4931 3322 4992 suis,
3355 4943 3515 4998 neque
3557 4929 3624 4980 de

2030 5023 2290 5089 veneﬁciis
2343 5023 2474 5087 suis,
2513 5039 2672 5092 neque
2704 5025 2768 5076 de
2817 5024 3138 5078 scortatione
3189 5037 3313 5085 sua,
3353 5036 3516 5090 neque
3555 5019 3620 5073 de

2033 5115 2192 5184 furtis
2225 5115 2348 5168 suis.

2106 5290 2414 5346 Maximam’
2460 5290 2710 5361 designat
2760 5289 2850 5344 hic
2899 5305 3080 5345 sermo
3141 5287 3616 5350 insensibilitatcnt

2037 5385 2154 5438 sive
2195 5385 2554 5438 indolentiam
2601 5399 2666 5438 ac
2713 5383 2998 5438 lasciviam
3043 5382 3205 5454 734
3242 5396 3432 5437 eorum
3459 5417 3474 5442 ,
3524 5380 3648 5448 qui

2041 5486 2256 5544 tempus
2289 5475 2433 5541 quod
2477 5475 2696 5530 interim
2737 5474 2880 5528 Deus
2909 5473 3144 5544 benigne
3174 5471 3446 5540 parcendo
3479 5485 3616 5525 con-

2039 5576 2286 5622 cesserat
2333 5567 2467 5635 ipsis
2508 5566 2573 5620 ad
2623 5565 2896 5632 salutem,
2942 5581 3080 5618 vane
3129 5571 3618 5632 contempserunt,

2037 5671 2098 5716 ut
2151 5659 2392 5716 referant
2449 5660 2864 5718 retributionem
2914 5674 3036 5732 qua:
3071 5657 3234 5730 digna
3273 5657 3346 5716 sit
3387 5655 3620 5728 segnitie
