4110 6414
538 388 651 456 635

1356 395 1688 456 ARETILE
1729 397 2112 460 CESAREAE
2151 401 2644 465 CAPPADOCI/E
2684 405 3027 471 EPISCOPI

3714 415 3822 477 636

559 515 819 570 ipsorum.
884 500 1049 571 Atqui
1106 503 1465 558 exercebatur
1525 507 1689 560 etiam
1761 517 1887 563 ante
1941 511 2129 567 oculos

2233 513 2443 584 φέρειν,
2493 516 2668 570 καίτοι
2707 533 2772 586 γε
2818 519 2916 574 καὶ
2963 519 3070 590 πρὸ
3117 518 3383 591 ὀμμάτων
3415 521 3824 594 ἐνεργουμένης

551 594 813 648 malorum
848 595 1169 662 retributio,
1203 596 1257 650 bi
1284 605 1462 652 tamen
1497 609 1706 654 tantum
1740 603 1896 658 abest
1928 611 1986 657 ut
2012 612 2123 659 ter-

546 687 784 740 ribilium
824 703 944 756 quae
979 687 1086 743 sibi
1123 697 1311 757 parata
1344 702 1504 744 erant
1525 703 1749 761 aspectu
1782 695 1979 766 seipsis
2017 713 2132 752 me-

543 778 710 834 liores
774 778 1156 845 etlicerentur,
1217 792 1278 836 ut
1339 783 1503 837 etiam
1579 785 1790 855 pejores
1846 787 2131 860 magisque

543 871 782 939 pereatis
816 871 1060 925 immersi
1085 911 1099 935 ,
1138 889 1361 928 cursum
1395 892 1553 930 suum
1588 891 2059 937 consumtnarent.

616 959 736 1013 Non
783 962 1116 1029 resipueruut
1174 963 1238 1015 ab
1295 967 1536 1032 operibus
1593 968 1703 1022 suis
1757 971 1954 1036 pravis.
2010 970 2128 1026 Non

544 1053 679 1116 bne,
728 1054 843 1117 ait,
895 1053 1040 1123 quod
1094 1070 1202 1108 non
1247 1057 1580 1125 resipuerint
1632 1060 1685 1112 in
1721 1058 1907 1116 futura
1957 1062 2067 1116 vita
2112 1085 2126 1120 :

540 1147 824 1213 qtltlmOtio
863 1146 1008 1199 enim
1047 1156 1142 1201 aut
1187 1164 1310 1217 qua:
1347 1160 1532 1218 posset
1561 1167 1683 1206 esse
1741 1153 2129 1223 resipiscentia

539 1236 595 1289 in
634 1237 959 1292 immutabili
989 1238 1137 1293 vita?
1169 1240 1262 1293 Sed
1289 1242 1430 1310 quod
1470 1244 1650 1298 adhuc
1673 1246 1952 1313 viventes,
1980 1254 2036 1302 et
2063 1263 2130 1303 ex

539 1330 729 1383 auditu
761 1341 814 1384 et
843 1340 1065 1399 aspectu
1099 1347 1290 1387 eorum
1325 1348 1449 1402 qua!
1485 1345 1615 1391 tunc
1645 1338 1826 1393 futura
1863 1351 1990 1394 sunt
2019 1358 2129 1397 non

542 1418 928 1487 resipiscentes
957 1421 1026 1474 ab
1051 1421 1312 1490 operibus
1340 1439 1462 1491 qua:
1491 1424 1747 1480 videbant
1782 1443 1906 1483 esse
1939 1445 2128 1499 prava,

540 1509 874 1566 addiderunt
915 1511 982 1566 ad
1023 1513 1219 1582 prima,
1255 1522 1382 1583 puta
1415 1516 1480 1569 ad
1531 1515 1777 1571 insanam
1818 1518 2128 1576 daemonum

541 1619 608 1658 ac
663 1605 932 1659 idolorum
990 1606 1305 1670 culturam,
1360 1609 1526 1663 etiam
1579 1625 1640 1665 ea
1677 1628 1798 1678 qua:
1843 1613 2031 1669 odium
2076 1625 2132 1672 et

543 1697 805 1752 invidiam
837 1714 944 1752 una
985 1715 1109 1752 cum
1139 1699 1460 1754 adoratione
1493 1701 1759 1758 aﬂ'errent
1793 1722 1806 1759 :
1839 1720 1946 1759 non
1982 1707 2129 1776 quod

542 1790 1022 1845 insensibilitatem
1059 1793 1238 1846 solum
1277 1793 1524 1864 designet
1562 1810 1754 1850 eorum
1802 1814 1926 1867 qua:
1960 1816 2125 1855 manu

2233 603 2335 675 τῆς
2375 606 2486 658 τῶν
2515 610 2770 679 πονηρῶν
2799 611 3170 682 ἀντιμισθίας.
3221 613 3285 666 Oi
3332 614 3389 668 δὲ
3427 615 3524 686 οὐχ
3569 617 3720 679 ὅπως
3752 621 3818 687 τῇ

2236 697 2336 770 θέᾳ
2369 698 2479 752 τῶν
2509 701 2759 772 φοδερῶν
2785 703 2895 757 τῶν
2924 704 3111 768 αὐτοῖς
3149 705 3403 777 ἑτοίμων,
3451 707 3693 777 βελτίους
3722 725 3820 776 γε-

2235 789 2460 857 γόνασιν
2491 793 2723 859 ἑαυτῶν,
2750 795 2799 846 εί
2835 794 2910 866 μὴ
2929 797 3025 849 καὶ
3045 798 3266 870 χείρους
3293 801 3389 854 καὶ
3416 804 3528 864 τοῖς
3555 802 3819 871 ἁμαρτω·-

2235 878 2478 951 λοτέροις
2513 881 2966 953 ὲνδολιχεύοντες.

2308 974 2391 1025 Οὐ
2422 974 2808 1040 μετενόησαν
2843 977 2913 1030 ἐκ
2940 977 3061 1030 τῶν
3093 977 3285 1048 ἔργων
3317 979 3438 1034 τῶν
3468 983 3685 1050 χειρῶν
3715 987 3822 1040 αὐ-

2233 1061 2372 1115 τῶν.
2407 1063 2483 1116 Οὐ
2513 1066 2671 1119 τοῦτό
2711 1083 2900 1137 φησιν,
2937 1069 3020 1122 ὄτι
3060 1070 3109 1123 οἱ
3162 1070 3237 1141 μὴ
3294 1075 3727 1144 μετανοήσαντες
3761 1079 3818 1130 ἐν

2233 1153 2311 1224 τῷ
2349 1156 2529 1208 ἐκεῖσε
2562 1157 2662 1228 βίῳ
2731 1158 2880 1228 (πῶς
2899 1162 3008 1232 γὰρ
3033 1165 3128 1215 καὶ
3172 1165 3255 1226 τίς
3287 1166 3320 1235 ἡ
3372 1169 3711 1236 μετάγνωσις
3761 1173 3818 1223 ἐν

2234 1243 2312 1313 τῷ
2335 1243 2682 1316 ἀναλλοιὼτῳ
2713 1246 2870 1319 βίῳ),
2903 1250 3018 1302 ἀλλ’
3049 1251 3130 1303 ὄτι
3179 1253 3228 1305 oi
3269 1253 3471 1317 ζῶντες
3503 1257 3582 1308 ἔτι
3615 1259 3708 1310 καὶ
3743 1259 3816 1326 μὴ

2234 1338 2300 1389 ὲκ
2330 1337 2431 1405 τῆς
2471 1339 2642 1408 ἀκοῆς
2679 1342 2775 1395 καὶ
2817 1341 2948 1406 θέας
2990 1343 3101 1398 τῶν
3155 1345 3278 1399 τότε
3327 1348 3603 1418 ἐσομένων
3653 1367 3819 1419 μετα-

2234 1429 2526 1498 νοήσαντες
2567 1432 2677 1484 ἀπδ
2723 1433 2832 1486 τῶν
2867 1434 3044 1504 ἔργων
3074 1431 3150 1491 ὧν
3195 1439 3476 1504 κατεῖδον,
3518 1441 3818 1512 παρέθεντο

2237 1519 2372 1590 πρὸς
2388 1521 2456 1573 τά
2474 1521 2664 1593 πρῶτα
2680 1523 2778 1591 τῆς
2800 1524 2886 1576 δαι
2893 1542 3022 1594 μονο
3029 1527 3227 1595 μανίας
3240 1530 3335 1581 καὶ
3350 1531 3636 1583 εἰδωλολατ
3645 1549 3699 1601 ρε
3710 1532 3814 1598 ίας,

2237 1609 2332 1662 καὶ
2361 1611 2429 1663 τά
2459 1612 2596 1679 πρὸς
2623 1611 2684 1664 τὺ
2717 1612 2882 1676 σέϐας
2906 1613 3006 1685 τὴν
3029 1615 3360 1686 δυσμένειαν
3386 1617 3641 1688 φέροντα,
3672 1621 3731 1672 οὐ
3759 1623 3818 1673 τὸ

2234 1702 2562 1774 ἀναίσθητον
2601 1705 2955 1777 ὑπειδόμενος
2985 1708 3093 1762 τῶν
3118 1712 3524 1780 χειροκμήτων,
3573 1712 3690 1765 ἀλλ’
3733 1715 3815 1766 ὅτι

2235 1794 2325 1848 ἐπ’
2380 1796 2582 1866 ἀνομίᾳ
2629 1797 2864 1868 ἀνομίαν
2921 1799 3278 1868 προσέθεσαν.
3329 1803 3530 1871 Διόπερ
3579 1805 3674 1857 καὶ
3717 1807 3816 1872 τῆς

542 1881 687 1936 facta
721 1892 869 1948 sunt,
913 1884 1004 1937 sed
1045 1883 1191 1952 quod
1243 1887 1480 1953 peccatis
1511 1887 1840 1943 addiderunt
1883 1905 2128 1959 peccata.

2233 1890 2470 1960 ἀληθοῦς
2517 1892 2960 1964 ἀπεκλείσθησαν
3013 1896 3382 1966 δικαιοσύνης.
3437 1899 3536 1963 Τίς
3583 1901 3692 1970 γάρ
3741 1901 3816 1953 διο

544 1974 669 2029 ldeo
698 1990 916 2046 quoque
959 1991 989 2030 a
1019 1991 1146 2030 vera
1191 1976 1405 2046 justitia
1446 1979 1654 2034 exclusi
1695 1991 1842 2035 sunt.
1885 1984 2019 2048 Qua:
2045 1993 2131 2040 est

537 2066 686 2119 enim
711 2066 927 2136 justitia
962 2066 1016 2120 in
1047 2083 1113 2121 eo
1139 2069 1231 2138 qui
1267 2070 1434 2123 alium
1483 2070 1567 2124 sui
1599 2073 1814 2141 generis
1841 2075 2126 2143 interimit,

539 2166 636 2211 aut
682 2157 846 2228 gladii
891 2159 1122 2227 impetu,
1167 2171 1264 2214 aut
1297 2177 1634 2218 venenorum
1664 2167 1916 2223 insidiis?
1962 2169 2131 2228 Porro

538 2251 662 2318 (ptis
691 2266 816 2305 eum
864 2266 972 2304 non
1010 2253 1225 2319 oderit,
1257 2257 1350 2324 qui
1387 2273 1454 2311 uc
1499 2258 1604 2312 sibi
1655 2261 1876 2328 quidem
1917 2264 2130 2332 parcit,

538 2357 640 2396 nec
699 2343 908 2397 tardior
957 2353 1046 2398 est
1095 2356 1154 2399 ut
1207 2348 1482 2417 exc03itet
1535 2352 1800 2408 adversus
1846 2356 2128 2425 seipsum,

536 2446 805 2504 quantum
837 2437 1042 2492 faceret
1077 2441 1337 2498 inimicus
1363 2444 1455 2512 qui
1499 2445 1758 2503 insidiose
1782 2465 1910 2520 erga
1950 2453 2127 2522 ipsum

538 2527 770 2584 allectus
797 2532 986 2586 esset?
1011 2534 1117 2588 Aut
1153 2536 1278 2604 quis
1317 2553 1426 2592 non
1476 2544 1869 2597 exsecrandam
1904 2556 1958 2600 et
1996 2550 2130 2602 abo-

541 2620 856 2675 minandam
889 2623 1116 2678 duceret
1153 2629 1510 2683 scortationis
1554 2635 1873 2700 spurcitiam
1906 2647 1959 2690 et
1987 2640 2131 2693 assi-

537 2709 831 2776 duitatem,
871 2730 975 2784 qua
1008 2716 1250 2786 seipsum
1296 2721 1422 2790 quis
1463 2723 1640 2793 privat
1671 2743 1738 2780 ne
1774 2728 2018 2785 divinum
2059 2731 2130 2788 sit

542 2801 948 2872 habitaculum,
980 2807 1026 2862 si
1061 2809 1185 2864 divo
1217 2810 1386 2866 Paulo
1430 2815 1749 2871 credimus?
1781 2817 2007 2874 Demum
2030 2862 2044 2886 ,
2083 2823 2130 2878 is

537 2896 634 2961 qui
669 2894 722 2950 in
773 2895 936 2953 furtis
967 2913 1284 2968 perseverat
1322 2907 1568 2972 assidue,
1616 2910 1746 2964 illud
1781 2912 1885 2965 sibi
1937 2914 2130 2969 vendi-

537 2987 710 3051 cavit,
745 2997 802 3044 ut
831 2991 935 3046 sibi
975 2993 1078 3063 ipsi
1110 2993 1292 3053 factus
1325 2998 1398 3053 sit
1428 2999 1831 3058 incommodus.

1085 3129 1316 3189 CAPUT
1355 3134 1596 3193 XXVIII.

2232 1983 2492 2053 καιοσύνη
2522 1986 2753 2054 φονῶντι
2783 1986 2876 2040 τὸν
2903 1986 3175 2056 ὁμόφυλον
3205 1989 3237 2060 ἢ
3280 1989 3369 2043 διὰ
3401 1990 3589 2058 ξίφους
3621 1994 3816 2060 ἐπιφο-

2235 2074 2357 2142 ρᾶς,
2393 2077 2426 2146 ἢ
2458 2076 2546 2128 διὰ
2572 2077 2886 2149 φαρμάκων
2913 2077 3244 2148 ἔπιδουλῆςς
3277 2079 3361 2144 τίς
3387 2080 3442 2132 δὲ
3471 2082 3816 2150 τὺνξάφειδῶς

2231 2164 2413 2235 ἐαυτῷ
2456 2166 2742 2237 χρώμενον
2800 2168 2862 2220 οὐ
2909 2171 3168 2239 μισήσει;
3205 2172 3302 2225 καὶ
3337 2171 3439 2225 ὅσα
3475 2174 3568 2225 καὶ
3623 2175 3815 2244 ἐχθρὸς

2233 2256 2541 2320 ἐπιϐούλως
2567 2259 2913 2329 διακείμενος
2945 2261 3115 2331 αὐτῷ,
3160 2264 3508 2332 μηχανᾶσθαι
3545 2267 3627 2328 είς
3654 2267 3816 2318 αὐτὸν

2230 2349 2292 2402 οὐ
2324 2353 2695 2421 κατοκνήσει;
2732 2353 2831 2416 Τίς
2877 2353 2988 2425 γὰρ
3011 2353 3070 2406 τὸ
3099 2355 3188 2407 διὰ
3235 2356 3492 2424 πορνείας
3544 2359 3814 2428 μυσαρέαν

2232 2440 2328 2492 καὶ
2377 2442 2737 2513 προσεδρείαν
2786 2441 2882 2496 τοῦ
2924 2443 3067 2496 θεῖον
3119 2440 3260 2498 εἶναι
3327 2447 3591 2516 σκήνωμα
3626 2447 3813 2500 ἑαυτὸν

2232 2531 2560 2603 ἀποστερεῖν
2587 2535 2725 2601 (εἴγε
2759 2534 2837 2604 τῷ
2863 2535 2996 2604 θείῳ
3045 2535 3246 2607 Παύλῳ
3301 2539 3572 2607 πειστέον)
3601 2540 3663 2591 οὑ
3697 2539 3814 2608 βδε-

2231 2621 2472 2692 λυγμίαν
2515 2625 2672 2694 σχοίη
2711 2626 2806 2678 καὶ
2859 2626 3267 2696 ἀποτρόπαιον;
3321 2627 3381 2681 ’0
3437 2627 3495 2679 δὲ
3533 2627 3812 2697 κλέμμασι

2233 2714 2628 2787 προσλιπαρῶν
2660 2717 2837 2770 ἐκεῖνο
2865 2716 2929 2770 ἂν
2953 2716 3296 2788 ᾠκειώσατο,
3329 2717 3405 2782 ὡς
3429 2719 3526 2774 καὶ
3556 2719 3735 2792 ἑαυτῷ
3751 2722 3812 2774 τὺ

2232 2805 2550 2878 ἀσύμφορον
2572 2805 3004 2876 ἐμνηστεύσατο.

2813 3121 3064 3175 suam.
3101 3121 3252 3190 Kuh;

540 3237 614 3293 De
645 3242 831 3310 angelo
862 3243 1207 3324 circumdato
1223 3249 1356 3302 nube
1395 3267 1457 3303 ac
1486 3251 1624 3307 iride
1644 3296 1656 3315 .
1685 3253 1776 3324 qui
1803 3272 2129 3315 communem

2235 3233 2376 3304 Περὶ
2408 3233 2671 3324 ἀγγέλου
2701 3237 3212 3324 περῆϐεϐξημένου
3244 3238 3514 3324 νεφέλην
3539 3239 3639 3295 καί
3671 3233 3810 3311 iper,

889 3316 1126 3368 omnium
1168 3319 1325 3385 ﬁnem
1356 3316 1764 3389 pronuntiabat.

607 3468 675 3535 Χ,
711 3468 829 3525 1-5.
867 3468 936 3524 Et
964 3472 1073 3527 vidi
1105 3474 1272 3528 alium
1316 3478 1559 3547 angelum
1593 3480 1784 3550 fortem
1815 3487 2130 3540 descenden-

537 3571 639 3615 tem
679 3562 744 3616 de
779 3563 907 3617 coelo
936 3566 1193 3620 amictum
1225 3568 1382 3634 nube,
1412 3580 1464 3623 et
1495 3571 1591 3625 iris
1618 3573 1669 3626 in
1709 3577 1880 3644 capite
1909 3578 2044 3644 eius,
2079 3587 2128 3632 et

537 3655 701 3720 facies
734 3672 851 3724 ejus
882 3657 1020 3710 sicut
1041 3658 1141 3722 sol,
1175 3668 1225 3713 et
1252 3662 1405 3730 pedes
1437 3663 1552 3732 ejus
1587 3673 1842 3734 tauquam
1870 3669 2130 3725 columna:

538 3748 674 3815 ignis
723 3763 742 3801 .'
787 3759 836 3802 et
866 3749 1089 3804 habebat
1138 3753 1194 3805 in
1235 3771 1396 3806 manu
1438 3772 1538 3809 sua
1580 3757 1818 3812 libellum
1851 3771 2126 3829 apertum,

539 3838 702 3908 735
754 3850 803 3894 et
837 3843 1014 3908 posuit
1058 3845 1240 3910 pedem
1281 3862 1436 3900 suum
1478 3847 1722 3904 dextrum
1753 3868 1908 3919 super
1943 3870 2127 3922 mare,

540 3930 822 3985 sinistrum
873 3950 995 3988 vero
1041 3951 1198 4004 super
1252 3946 1470 4003 terram,
1509 3949 1558 3994 et
1584 3940 1834 3997 clamavit
1863 3961 1984 4000 voce
2011 3964 2128 4002 ma-

537 4037 663 4090 gna,
704 4026 1153 4093 quemadmodum
1192 4027 1272 4081 leo
1310 4031 1479 4100 mugit
1516 4047 1535 4086 :
1574 4049 1794 4104 cumque
1821 4036 2125 4105 clamasset,

535 4111 713 4168 locuta
737 4124 858 4168 sunt
885 4127 1082 4183 septem
1114 4120 1352 4174 tonitrua
1379 4136 1526 4177 voces
1560 4139 1706 4179 suas.

607 4381 796 4437 Nubes
852 4384 1072 4454 quidem
1128 4386 1180 4440 id
1234 4387 1595 4450 demonstrat,
1632 4390 1779 4459 quod
1832 4407 1935 4446 nec
1977 4401 2126 4448 tactu

535 4474 746 4541 percipi
787 4476 965 4543 possit
997 4493 1098 4531 nec
1133 4477 1276 4533 visu.
1308 4477 1481 4534 Porro
1539 4479 1634 4536 iris
1669 4482 1720 4535 in
1755 4483 1931 4553 capite
1977 4501 2128 4538 sum-

2447 3305 2545 3359 καὶ
2577 3306 2644 3360 τὸ
2675 3308 2885 3361 κοινὸν
2916 3306 3090 3374 τέλος
3121 3305 3602 3378 προμηνύοντος.
3659 3362 3664 3367 ,

2303 3463 2414 3519 Καὶ
2459 3459 2628 3519 εῒδον
2666 3465 2864 3521 ἄλλον
2920 3467 3182 3538 ἄγγελον
3232 3469 3486 3538 ῑσχυρὸν
3542 3472 3817 3528 καταϐαί-

2231 3575 2420 3614 νοντα
2448 3560 2518 3613 ἐκ
2539 3559 2648 3615 τοῦ
2680 3560 2963 3629 οὐρανοῦ,
2991 3561 3499 3630 περιϐεϐλημένον
3527 3562 3813 3632 νεφέλην,

2232 3650 2330 3705 καὶ
2357 3650 2396 3718 ἡ
2431 3647 2547 3720 ἶρις
2584 3651 2682 3706 ἐπὶ
2710 3652 2822 3720 τῆς
2848 3651 3120 3721 κεφαλῆς
3149 3654 3360 3719 αὑτοῦ,
3396 3654 3497 3708 καὶ
3523 3655 3590 3709 τὸ
3630 3658 3816 3726 πρόσ-

2230 3757 2396 3796 ωπον
2424 3743 2613 3798 αὐτοῦ
2638 3744 2719 3810 ὡς
2750 3746 2783 3799 ό
2820 3744 3016 3812 ἣλιος,
3047 3744 3146 3798 καὶ
3193 3747 3248 3799 οἱ
3290 3745 3480 3810 πόδες
3510 3747 3701 3801 αὐτοῦ
3739 3748 3817 3814 ὡς

2230 3834 2450 3888 στύλοι
2484 3834 2708 3903 πυρός’
2757 3834 2858 3888 καί
2885 3830 3053 3904 εἶχεν
3093 3835 3162 3888 ὲν
3198 3834 3273 3902 τῇ
3322 3835 3473 3904 χειρί
3511 3837 3702 3891 αὑτοῦ
3728 3839 3818 3902 ,ϐι-

2231 3924 2541 3995 ϐλαρίδιον
2578 3925 2988 3996 ἀνεῳγμένον·
3034 3927 3135 3981 καὶ
3172 3927 3354 3992 ἔθηκε
3386 3927 3494 3982 τὸν
3527 3929 3688 3984 πόδα
3713 3931 3817 3984 αὑ-

2229 4019 2339 4074 τοῦ
2376 4021 2484 4072 τὸν
2504 4017 2710 4082 δεξιὸν
2733 4018 2833 4072 ἐπὶ
2859 4018 2967 4086 τῆς
2996 4019 3338 4087 θαλάσσης,
3376 4020 3486 4075 τὸν
3505 4021 3574 4074 δὲ
3600 4022 3818 4076 εὐώνυ-

2225 4127 2346 4180 μον
2396 4111 2497 4164 ἐπὶ
2549 4109 2662 4178 τῆς
2704 4110 2852 4181 γῆς·
2898 4112 2998 4165 καί
3057 4111 3279 4196 ἔκραξεν
3339 4112 3514 4182 φωνῇ
3553 4114 3814 4183 μεγάλῃ,

2229 4201 2434 4270 ὥσπερ
2454 4200 2615 4255 λέων
2637 4201 2926 4270 μυκᾶται,
2960 4201 3060 4255 καὶ
3079 4203 3178 4256 ὅτε
3197 4202 3475 4271 ἔκραξεν,
3501 4203 3818 4272 ἐλάλησαν

2229 4297 2291 4348 al
2313 4293 2466 4347 ἑπτὰ
2486 4293 2741 4364 βρονταὶ
2769 4294 2878 4360 τὰς
2907 4293 3138 4349 ἑαυτῶν
3169 4295 3390 4364 φωνάς.

2313 4385 2376 4438 Ἦ
2433 4384 2534 4454 μὲν
2567 4383 2767 4454 νεφέλη
2806 4383 2870 4436 τὸ
2920 4384 3125 4452 ἀφανὲς
3159 4384 3254 4437 καὶ
3288 4384 3518 4454 ἀόρατον
3551 4388 3814 4456 παριστᾷ.

2241 4479 2307 4532 Ἠ
2337 4479 2393 4532 δὲ
2422 4479 2516 4531 ἐπὶ
2542 4478 2642 4548 τῆς
2667 4477 2912 4547 κεφαλῆς
2931 4472 3043 4546 ἶρις
3091 4478 3152 4530 τὸ
3183 4478 3478 4547 κεφάλαιον
3509 4480 3820 4550 ὑπογράφει

540 4581 685 4617 mam
733 4567 1004 4620 describit
1061 4569 1294 4637 angelici
1340 4571 1591 4636 ordinis,
1643 4573 1736 4642 qui
1776 4589 1841 4629 ex
1883 4575 2126 4631 fabrica-

2233 4570 2330 4640 τῆς
2371 4567 2760 4652 ἀγγελιὼτιδος
2793 4569 2998 4632 τάξεως
3031 4569 3130 4638 τῆς
3162 4568 3223 4633 ἐξ
3251 4569 3464 4639 ἀρετῶν
3486 4569 3598 4622 τῶν
3628 4570 3818 4641 θεαρέ-

541 4653 690 4708 tione
732 4654 998 4709 virtutum
1051 4657 1163 4712 Deo
1215 4659 1589 4729 placentium,
1635 4673 1690 4718 et
1747 4679 1814 4719 ex
1868 4667 2129 4722 varietate

536 4747 686 4800 circa
727 4749 1173 4805 amaudatiouem
1229 4756 1546 4820 niaguiiicat
1599 4772 1757 4811 suam
1813 4759 2132 4826 proximita-

537 4831 647 4893 ten't
695 4854 760 4894 ac
793 4842 1108 4898 stationem.
1144 4843 1474 4914 llujusmodi
1525 4864 1761 4919 namque
1807 4860 1893 4904 est
1926 4851 2027 4906 iris
2075 4853 2128 4906 in

537 4931 802 4998 nubibus,
837 4948 902 4988 ex
929 4933 1242 5003 objectione
1264 4938 1404 4994 radii
1439 4940 1636 4996 solaris
1669 4941 1832 4995 variis
1855 4943 2131 4998 coloribus

534 5036 826 5091 apparens.
878 5024 1049 5080 Porro
1079 5025 1238 5082 faciei
1283 5029 1348 5081 ad
1382 5029 1554 5083 solem
1604 5031 1956 5094 assimilalio,
2001 5033 2129 5101 quid

534 5117 684 5171 aliud
729 5117 1005 5188 signiﬁcat
1051 5134 1218 5189 quam
1255 5123 1552 5177 candorem
1593 5122 1646 5177 in
1704 5123 1924 5177 modum
1960 5125 2129 5191 solis,

535 5217 593 5265 et
621 5209 766 5280 quod
803 5213 1119 5284 ubicunque
1165 5213 1368 5268 iuerint
1402 5214 1496 5285 qui
1539 5216 1941 5270 ordinationem
1976 5217 2131 5270 diur-

537 5320 732 5358 norum
765 5321 990 5376 cperam
1029 5308 1280 5367 fecerint.
1317 5309 1385 5361 ab
1415 5309 1696 5364 inaccessa
1735 5320 1789 5363 et
1824 5310 2131 5378 supersub-

535 5397 776 5450 stautiali
808 5399 927 5452 luce
962 5399 1434 5454 illustralmutur?

611 5485 679 5538 Et
727 5489 880 5556 pedes
933 5489 1047 5558 ejus
1116 5499 1365 5558 tanquam
1420 5491 1678 5546 columine
1731 5493 1886 5561 ignis.
1948 5489 2122 5545 Pedes

537 5577 867 5634 descensum
921 5582 1234 5652 designant,
1288 5583 1380 5652 qui
1421 5599 1528 5637 noa
1579 5585 1807 5638 alterius
1853 5583 2026 5653 gratia
2075 5584 2132 5636 lit

543 5685 708 5739 quam
750 5672 818 5726 ad
856 5675 1166 5742 puniendos
1217 5675 1414 5745 impios
1465 5694 1478 5730 :
1519 5677 1641 5731 ideo
1678 5677 1842 5731 etiam
1877 5686 2132 5744 tanquam

542 5760 792 5812 columna
839 5764 995 5830 ignis.
1049 5763 1338 5820 Columnis
1395 5776 1576 5821 autem
1644 5767 1784 5835 ignis
1843 5765 2131 5841 aSsimilati

547 5852 702 5912 sunt,
749 5863 856 5900 non
887 5850 959 5904 ob
989 5851 1470 5920 illuminationem,
1513 5855 1606 5909 sed
1641 5857 1708 5909 ob
1758 5855 2125 5910 exustionem'.

2233 4676 2376 4713 στων
2409 4659 2509 4729 τῆς
2559 4657 2827 4722 κτίσεως,
2892 4658 2986 4711 καὶ
3027 4658 3121 4712 τοῦ
3179 4659 3308 4728 περὶ
3360 4658 3458 4729 τὴν
3511 4659 3820 4728 ἀποστολὴν

2235 4752 2507 4816 ποικίλου,
2537 4751 2636 4823 τὴν
2694 4749 2980 4820 ἐγγύτητα
3025 4750 3134 4804 καν
3161 4751 3350 4803 στάσιν
3383 4751 3822 4821 κατειιμεγεθοὺ⁴

2235 4862 2358 4914 σης.
2395 4841 2655 4897 Τοιοῦτον
2698 4843 2809 4912 γὰρ
2846 4844 2878 4912 ἡ
2928 4845 2987 4894 ὲν
3020 4841 3239 4910 νέφεσιν
3284 4839 3415 4913 ἶρις,
3468 4841 3528 4908 ἐξ
3585 4841 3823 4911 ἡλιακῆς

2234 4935 2618 4997 ἀκτινοϐολίας
2661 4935 2931 4997 ποικίλοις
2957 4933 3248 5004 χρώμασιν
3277 4934 3649 5004 ἰνδαλλομένη.
3682 4935 3822 4987 Ἡδὲ

2235 5029 2373 5099 πρὸς
2403 5028 2554 5098 ἥλιον
2582 5027 2680 5079 τοῦ
2738 5025 3032 5098 προσώπου
3072 5027 3355 5095 ὁμοίωσις,
3387 5026 3440 5079 τί
3486 5025 3553 5080 ἂν
3593 5027 3747 5090 ἄλλο,
3787 5027 3820 5097 ἢ

2234 5121 2298 5174 τὸ
2323 5119 2551 5190 ἡλιῶδες
2593 5117 2870 5188 σημαίνοι,
2913 5118 3008 5171 καὶ
3047 5119 3131 5171 ὅτι
3161 5119 3282 5171 ὅποι
3313 5117 3378 5172 ἂν
3423 5119 3519 5170 καὶ
3570 5118 3824 5188 παρῶσιν

2235 5212 2515 5283 ἡμερινῶν
2578 5211 2756 5282 ἔργων
2812 5210 3058 5278 διάταξιν
3112 5210 3462 5272 ἐκτελοῦντες
3523 5210 3631 5264 ὑπὸ
3681 5229 3823 5278 φωτί

2237 5304 2520 5375 ἀπροσίτῳ
2555 5304 2646 5356 καὶ
2677 5302 2991 5373 ὑπερουσίῳ
3028 5303 3524 5373 καταλαμπόμενοι
3560 5301 3821 5366 ἕσονταις

2308 5481 2416 5537 Καὶ
2438 5483 2493 5534 oi
2527 5481 2710 5547 πόδες
2737 5480 2946 5543 αὐτοῦ,
2975 5479 3056 5546 ὡς
3079 5479 3298 5533 στύλοι
3326 5480 3539 5546 πυρός.
3567 5479 3634 5532 Οἱ
3668 5480 3827 5542 πόδες

2238 5574 2336 5643 τὴν
2377 5572 2679 5627 κατάϐασιν
2716 5571 3147 5638 ὑπαινίττονται,
3176 5572 3298 5641 ἥτις
3348 5571 3448 5624 οὐκ
3480 5571 3642 5624 ἄλλου
3679 5573 3825 5632 τινος

2237 5664 2446 5728 ἕνεκεν,
2499 5664 2653 5736 ἢτοῦ
2724 5663 3150 5733 τιμωρήσασθαι
3191 5662 3407 5725 ἀσεϐεῖς
3459 5663 3693 5730 γίνεται.
3736 5663 3826 5715 an

2239 5759 2354 5820 καὶ,
2393 5757 2476 5824 ὡς
2500 5757 2716 5812 στύλοι
2763 5757 2974 5823 πιιρός.
3012 5755 3236 5819 Στύλοις
3269 5755 3327 5808 δὲ
3355 5758 3528 5824 πυρ>ς
3586 5757 3822 5809 ἀπεικά-

2246 5849 2472 5920 σθησαν,
2499 5850 2560 5904 οὐ
2592 5849 2683 5903 τοῦ
2713 5846 3069 5918 φωτιστικοῦ,
3104 5845 3238 5902 ἀλλὰ
3267 5845 3362 5900 τοῦ
3396 5849 3714 5903 καυστικοῦ.
3750 5846 3822 5898 Τὸ
