4110 6412
323 386 434 451 637

1397 398 1790 467 COMMENT.
1833 403 1916 467 ΙΝ
1957 409 2500 482 APOCALYPSIN.

3508 433 3615 504 633

318 508 380 560 δὲ
413 509 474 561 ἐν
501 510 568 580 τῇ
607 507 754 580 χειρὶ
777 509 944 564 αὑτοῦ
981 511 1186 582 βιϐλίον
1215 515 1588 588 ἀνεῳγμένον,
1621 521 1675 574 τί
1697 520 1764 574 ἂν
1789 522 1886 591 βού

2019 526 2191 587 Porro
2217 535 2364 604 quod
2409 537 2461 592 in
2497 555 2660 595 manu
2694 557 2792 598 sua
2829 543 3072 601 libellum
3109 547 3307 604 habeat
3336 551 3612 621 apertum-

319 599 504 668 λοιτο;
544 603 716 656 Τοῦτο
748 603 809 656 τὸ
853 605 1216 677 ἀνεῳγμένον
1255 609 1460 679 βιϐλίον
1507 614 1604 666 καὶ
1649 615 1802 684 παρὰ
1841 621 1887 670 τί

2237 599 2250 604 _
2881 599 2894 601 -
3110 599 3306 604 --ὴ-η-
3337 599 3584 621 _,-_-_-_.-

2022 627 2287 694 quidnam
2334 629 2438 684 sibi
2493 633 2650 687 vult?
2681 633 2924 693 Libellus
2973 637 3062 694 hic
3109 653 3334 710 apertus
3375 642 3538 696 etiam
3579 660 3612 698 a

317 697 526 767 Δανιὴλ
578 695 816 768 εἴρηται,
847 699 936 752 ὅτε
983 703 1268 774 κριτήριον
1317 707 1450 775 παρ’
1477 708 1627 778 αὑτῷ
1661 709 1916 780 κάθηται,

319 787 422 840 καὶ
455 787 630 856 βίϐλοι
683 789 994 856 ἀνοίγονται
1025 793 1387 864 περιέχουσαι
1431 798 1655 852 πάντων
1683 801 1792 852 τῶν
1821 800 1916 853 ἀπ’

315 879 521 944 αἰῶνος
557 880 849 952 ζησάντων
899 881 1000 946 τὰς
1053 885 1286 953 πράξεις
1319 889 1415 940 καὶ
1445 890 1516 942 τὰ
1543 890 1805 960 ὀνόματα.
1853 893 1914 946 Εἰ

314 972 376 1026 δὲ
432 973 492 1025 ὲν
531 973 612 1042 τῷ
667 973 870 1044 Δανιὴλ
922 976 1024 1045 μὲν
1079 978 1274 1047 βίϐλοι,
1324 981 1562 1036 ἐνταῦθα
1605 984 1660 1037 δὲ
1709 985 1915 1054 βιϐλίον

318 1064 578 1133 ἐμφαίνει
611 1065 640 1116 ὁ
670 1065 836 1136 ὁρῶν,
865 1067 1022 1121 οὐδὲν
1055 1069 1350 1138 διάφωνον.
1381 1072 1539 1143 Παρὰ
1573 1077 1673 1142 μὲν
1705 1077 1814 1144 γάρ
1837 1076 1914 1146 τῷ

313 1157 540 1225 Δανιὴλ,
573 1157 745 1226 βίϐλοι
769 1160 868 1228 τῆς
899 1161 1250 1232 παγκοσμίου
1281 1163 1516 1235 κρίσεως
1543 1167 1912 1236 ἐμφαίνουσαι

311 1251 544 1304 δικαίων
571 1252 664 1304 καὶ
691 1251 896 1306 ἀδίκων
922 1253 1022 1324 τὴν
1041 1255 1359 1323 διάγνωσιν,
1391 1258 1630 1312 ἐνταῦθα
1659 1260 1716 1313 δὲ
1751 1262 1911 1330 μόνον

308 1340 428 1395 τῶν
459 1341 739 1411 ἀθεμίτοις
779 1343 966 1414 ἔργοις
1001 1347 1416 1416 ἐμϐιωσάντων.
1449 1343 1550 1404 Ὧν
1585 1354 1678 1405 καὶ
1708 1353 1910 1424 ἐξῃρη-

311 1433 498 1500 μένως
533 1435 591 1488 at!
619 1435 852 1506 πράξεις
878 1437 980 1490 οὑκ
1012 1439 1070 1492 ὲν
1101 1438 1316 1512 βιϐλίῳ,
1341 1443 1459 1496 ἀλλ’
1485 1445 1542 1496 ὲν
1569 1444 1908 1518 βιϐλιδαρίῳ,

305 1523 724 1596 ὑποκοριστικῷ
752 1526 984 1597 ὀνόματι
1019 1527 1120 1599 τὴν
1163 1531 1456 1602 ὀλιγότητα
1504 1535 1614 1588 τῶν
1646 1537 1909 1607 ἐγκειμέ-

302 1631 440 1680 νων,
473 1617 918 1688 παραδηλοῦντος
951 1621 1046 1675 τοῦ
1081 1621 1409 1678 Ἀποστόλου
1433 1627 1528 1678 ἐπὶ
1553 1629 1620 1698 τῇ
1640 1628 1904 1700 καθολικῇ

301 1706 410 1776 τῆς
437 1709 674 1780 κρίσεως
701 1711 1030 1780 ἀποφάνσει,
1051 1714 1234 1768 καὶτὰ
1251 1715 1456 1788 ταύτην
1480 1720 1908 1793 συμπληροῦντα

301 1799 667 1872 ὲξανυόμενα.

375 1982 484 2038 Καὶ
513 1981 698 2052 ἔθηκε
731 1984 842 2038 τὸν
863 1985 1022 2040 πόδα
1059 1987 1246 2042 αὐτοῦ
1281 1989 1390 2042 τὸν
1417 1989 1622 2056 δεξιὸν
1653 1991 1752 2045 ἐπὶ
1787 1992 1898 2061 τῆς

299 2075 654 2143 θαλάσσης.
682 2077 756 2130 Τὸ
782 2079 875 2132 τὸν
896 2079 995 2150 μὲν
1019 2080 1130 2135 τῶν
1159 2081 1339 2135 ποδῶν
1361 2087 1425 2153 τῇ
1447 2085 1590 2154 ὑγρᾷ
1613 2085 1896 2156 ὲπερεῖσαι

301 2173 622 2240 συναγωγῇ,
663 2173 756 2225 τὸν
783 2171 842 2224 δὲ
871 2175 940 2243 τῇ
972 2173 1134 2246 ξηρᾷ,
1170 2175 1232 2229 τὸ
1257 2177 1486 2246 μέγεθος
1517 2179 1896 2248 ὑπεμφαίνον-

295 2263 394 2325 τός
439 2266 560 2316 ἐστι
607 2265 702 2318 τοῦ
752 2265 1172 2336 κατειληφότος.
1227 2269 1302 2321 Τὸ
1357 2270 1414 2322 δὲ
1463 2270 1557 2324 τὸν
1611 2271 1785 2337 δεξιὸν
1825 2275 1892 2344 τῇ

295 2356 469 2426 ὑγρᾷ,
503 2355 596 2410 τὸν
624 2358 916 2430 ἀριστερὸν
953 2360 1009 2413 δὲ
1043 2363 1108 2430 τῇ
1147 2361 1310 2432 ξηρᾷ,
1339 2364 1441 2416 οὐκ
1483 2363 1680 2429 ἄλλως,
1713 2359 1890 2434 οἶμαι,

293 2451 330 2519 ἢ
379 2453 446 2520 τῇ
486 2450 634 2505 θέσει
685 2453 852 2505 τῶνδε
887 2455 994 2506 τῶν
1055 2456 1336 2525 στοιχείων
1393 2457 1681 2528 ἑπόμενος.
1745 2460 1893 2531 Ἀἐρι

297 2542 414 2613 γὰρ
435 2543 770 2615 λεπτομερεῖ
787 2547 888 2615 τὴν
925 2547 1226 2600 ὑπόστασιν
1252 2549 1389 2613 ὄντι,
1415 2550 1476 2602 τὸ
1497 2551 1896 2624 ἁδρομερέστε-

294 2653 396 2703 ρον
439 2637 584 2706 ὕδωρ
622 2639 937 2702 ὑπόκειται,
979 2638 1168 2710 ὥσπερ
1215 2640 1292 2711 τῷ
1319 2641 1472 2695 ὕδατι
1518 2644 1744 2715 ἡξηρά.
1775 2646 1891 2698 Οὑκ

289 2725 473 2789 ἄλλως
507 2723 624 2792 οὖν,
656 2725 832 2799 οἶμαι,
868 2729 900 2800 ἢ
943 2731 1026 2783 ὅτι
1058 2731 1126 2784 τά
1161 2732 1311 2796 δεξιά
1357 2733 1444 2786 ἀεὶ
1475 2733 1892 2807 δυναμικώτερα

289 2821 410 2873 τῶν
443 2822 772 2892 ἀριστερῶν,
823 2824 1086 2878 πλειόνων
1121 2825 1322 2896 δηλαδὴ
1368 2827 1540 2882 ὄντων
1591 2829 1701 2884 τῶν
1745 2831 1888 2885 κατὰ

289 2913 574 2968 θάλασσαν
613 2916 1008 2987 ἀνοσιουργῶν,
1055 2920 1355 2987 πειρατῶν,
1387 2921 1552 2990 λέγω,
1593 2922 1690 2974 καὶ¹
1714 2940 1888 2977 κατα-

289 3007 602 3060 ποντιστῶν
653 3009 718 3060 ἐκ
769 3010 1086 3081 ναυμαχίας
1119 3011 1152 3081 ἥ
1183 3029 1327 3077 τινος
1363 3013 1533 3082 ἄλλης
1569 3014 1883 3084 ἐπιϐουλῆς,

288 3100 394 3167 τῆς
421 3099 594 3170 ὑγρᾶς
641 3101 996 3166 ὑποστάσεως
1056 3104 1436 3175 ἁμοχθοτέραν
1484 3109 1598 3169 τοῖς
1643 3106 1886 3178 κακούρ-

2021 717 2246 775 Dauiele
2297 721 2478 778 dictus
2524 735 2629 792 est,
2661 730 2886 795 quando
2931 730 3200 800 judicium
3247 733 3392 804 apud
3429 733 3607 804 ipsum

2003 812 2191 879 sedet,
2227 823 2282 869 et
2317 817 2642 884 aperiuntur
2675 819 2798 874 libri
2831 823 3180 879 continentes
3223 828 3471 881 omnium
3513 829 3610 896 qui

2018 905 2088 960 ab
2121 907 2278 961 initio
2313 911 2496 964 δεξιουιί
2525 911 2782 966 vixerunt
2829 924 2948 968 acta
2982 926 3035 970 et
3065 917 3313 972 nomina.
3359 919 3514 984 Quod
3558 921 3618 974 si

2017 997 2160 1066 apud
2198 997 2471 1054 Danielum
2509 1001 2632 1056 libri
2671 1013 2822 1070 sunt,
2857 1003 2948 1060 hic
2987 1015 3170 1062 autem
3224 1008 3468 1062 libellqu
3518 1024 3606 1063 os-

2018 1089 2192 1143 tendit
2235 1105 2295 1145 se
2322 1092 2527 1156 videre,
2563 1094 2698 1154 nihil
2742 1095 2796 1150 in
2829 1096 2934 1151 hoc
2973 1098 3330 1155 dissonantia:
3365 1110 3468 1156 est.
3511 1099 3602 1156 Si-

2015 1180 2234 1250 quidem
2269 1185 2410 1250 apud
2453 1183 2729 1240 Danielem
2791 1187 2914 1242 libri
2965 1199 3095 1245 sunt
3141 1190 3412 1246 universa:
3446 1207 3604 1246 crea-

2015 1279 2173 1338 tur-ar,
2205 1275 2562 1331 ostendentes
2590 1280 2958 1348 cognitionem
2983 1282 3262 1350 justorum
3294 1293 3348 1339 et
3380 1285 3602 1355 iniquo-

2015 1378 2160 1426 rum,
2198 1364 2284 1418 ltic
2313 1375 2494 1418 autem
2541 1366 2814 1422 duntaxat
2851 1371 2945 1439 qui
2995 1371 3049 1424 in
3085 1372 3309 1427 nefariis
3343 1374 3602 1442 operibus

2015 1454 2271 1508 vixerunt
2306 1471 2582 1525 :quorum
2615 1460 2779 1514 etiam
2829 1461 3174 1530 potissimum
3213 1463 3456 1518 actiones
3489 1480 3596 1518 non

2013 1547 2066 1600 in
2101 1547 2262 1613 libro,
2283 1549 2376 1604 sed
2415 1551 2466 1605 iu
2499 1552 2684 1608 libello
2713 1555 2932 1624 scriptae
2955 1565 3104 1621 sunt,
3137 1557 3480 1626 signiﬁcante
3503 1573 3599 1624 per
3645 1545 3650 1548 ’

2013 1642 2116 1697 hoc
2145 1645 2394 1708 apostolo
2427 1645 2482 1699 in
2528 1646 2753 1702 nomine
2793 1647 3123 1701 diminutive
3158 1657 3210 1702 et
3253 1663 3442 1702 eorum
3475 1663 3598 1718 qua:

2011 1732 2304 1787 inunim-nt
2347 1737 2710 1806 parvitatem,
2767 1738 2811 1794 si
2878 1738 2943 1792 ad
2987 1739 3352 1794 universalem
3401 1739 3598 1809 judicii

2009 1827 2336 1879 sententiam
2391 1828 2783 1895 conferantur,
2833 1837 2889 1882 et
2947 1844 3010 1883 ea
3057 1844 3182 1899 qua:
3223 1829 3396 1899 ipsam
3445 1843 3596 1884 com-

1932 1901 1973 1956 Β
2003 1917 2201 1986 plen-lo
2235 1919 2614 1987 perficiuntur.

2075 2009 2144 2062 Et
2170 2012 2344 2078 posuit
2365 2013 2546 2077 pedem
2571 2029 2720 2066 suum
2746 2013 2994 2067 dextrum
3021 2031 3360 2084 supermure.
3386 2014 3593 2070 Pedum

2000 2102 2174 2156 altero
2223 2103 2448 2173 quidem
2485 2104 2646 2159 inniti
2697 2107 2937 2161 humida!
2975 2123 3244 2178 aquarum
3296 2123 3598 2178 congrega-

1999 2193 2159 2260 tioni,
2190 2197 2364 2251 altero
2393 2213 2524 2252 vero
2574 2209 2732 2253 terra:
2753 2239 2768 2263 ,
2801 2199 3057 2270 designat
3088 2199 3210 2270 ejus
3257 2199 3591 2269 magnitudi-

1997 2301 2122 2340 nem
2162 2287 2256 2358 qui
2317 2299 2608 2358 utrumque
2664 2291 3152 2360 complectebatur.
3213 2291 3368 2357 Quod
3405 2301 3588 2344 autem

1998 2379 2250 2434 dextrum
2279 2397 2446 2450 super
2485 2397 2658 2448 mare,
2701 2383 2987 2437 sinistrqu
3023 2399 3154 2438 vero
3191 2399 3356 2452 super
3386 2391 3586 2436 terram

1996 2472 2261 2541 posuerit,
2293 2489 2403 2528 non
2435 2475 2506 2528 ob
2533 2473 2682 2528 aliud
2719 2473 2929 2530 dictum
2958 2475 3179 2544 opinor,
3227 2489 3390 2542 quam
3437 2473 3586 2543 quod

1995 2566 2194 2622 borum
2221 2568 2617 2623 elementorum
2650 2567 2900 2623 ordinem
2945 2577 3231 2638 sequatur.
3263 2568 3388 2622 Acri
3425 2583 3586 2621 nam-

1993 2678 2102 2731 que
2131 2662 2222 2732 qui
2255 2661 2476 2716 subtilis
2512 2670 2596 2716 est
2625 2662 2969 2726 substantiae,
3003 2663 3248 2717 crassior
3281 2675 3424 2729 aqua
3451 2659 3588 2713 sub-

1987 2752 2157 2821 iacet,
2187 2753 2652 2823 quemadmodum
2684 2769 2841 2822 aqua-
2877 2761 3060 2807 terra:
3095 2753 3259 2823 736
3289 2767 3396 2806 non
3421 2749 3588 2820 igitur

1992 2845 2102 2899 alio
2154 2848 2317 2901 modo
2353 2846 2405 2900 id
2461 2846 2670 2900 dictum
2731 2847 2926 2914 Opinor
2972 2863 3136 2914 quam
3189 2847 3336 2917 quod
3393 2846 3584 2900 dextra

1991 2953 2209 3008 seraper
2267 2939 2552 2994 robustior
2598 2947 2682 2993 est
2728 2939 2993 3002 sinistra,
3034 2939 3288 3008 pluribus
3333 2936 3587 2990 videlicet

1992 3031 2046 3085 in
2084 3031 2222 3085 mari
2267 3031 2435 3101 impie
2469 3031 2759 3101 agentibus
2793 3051 2807 3086 :
2859 3032 3068 3101 piratas
3110 3031 3236 3085 dico
3266 3039 3320 3084 et
3360 3044 3456 3083 eos
3489 3027 3586 3096 qui

1991 3122 2169 3176 navali
2205 3123 2391 3190 praelio
2437 3133 2664 3178 cmtcros
2697 3124 2752 3177 in
2785 3139 2936 3178 mare
2965 3123 3316 3193 demergunt,
3354 3129 3451 3175 aut
3485 3121 3587 3174 alia

289 3209 436 3259 γοις,
496 3193 618 3246 καθ’
659 3191 735 3248 ῶν
787 3196 1089 3261 ἐπιϐούλως
1148 3197 1483 3258 διάκεινται,
1549 3198 1650 3268 τὴν
1705 3198 1884 3263 ἔξοδον

1992 3234 2101 3289 quo
2135 3219 2244 3272 alio
2283 3219 2443 3272 modo
2479 3219 2616 3287 ipsis
2652 3218 2988 3273 insidiantur
3021 3235 3034 3272 :
3078 3218 3224 3288 quod
3251 3215 3420 3270 maris
3453 3215 3586 3269 sub-

289 3289 699 3358 παρεχομένης.
754 3291 912 3343 Ἐπεὶ
944 3287 1038 3343 οὖν
1069 3289 1264 3358 ταῦτα,
1315 3293 1788 3362 ἐπιτετευγμένως
1820 3292 1881 3346 τὸ

287 3379 744 3452 δυναμικώτερον
795 3385 909 3446 τοῖς
957 3383 1290 3454 κακούργοις
1324 3383 1715 3453 προσνέμεται.
1768 3383 1882 3438 Καὶ

283 3471 374 3522 ὅτι
432 3472 612 3534 τοῦτο,
647 3475 676 3526 ὁ
724 3474 1024 3546 Θεοπάτωρ
1070 3476 1334 3545 ἐχέγγυος
1388 3459 1786 3542 πιστώσασθαι,
1818 3477 1878 3529 ὲν

281 3560 370 3627 οἷς
401 3564 502 3634 τὴν
536 3565 662 3618 καθ’
718 3566 877 3636 ἡμῶν
905 3567 1014 3620 τῶν
1067 3568 1372 3638 ἐπιϐούλων
1424 3570 1556 3638 ἡμῖν
1605 3568 1880 3639 δαιμόνων

289 3655 624 3728 προσϐολὴν,
670 3658 895 3729 βοηθείᾳ
927 3659 1085 3730 ἡμῶν
1134 3661 1437 3732 χρωμένων
1486 3665 1554 3733 τῇ
1589 3661 1685 3716 τοῦ
1723 3661 1880 3732 Ὑψί-

283 3763 440 3814 στου,
474 3750 540 3803 ὲκ
581 3751 683 3821 μὲν
743 3751 838 3804 τοῦ
879 3754 1175 3824 ἀριστεροῦ
1230 3755 1450 3819 κλίτους
1494 3755 1878 3827 χιλιοπλασίαν

281 3841 390 3906 τὴν
416 3841 625 3896 πτῶσιν
645 3845 754 3898 τῶν
771 3846 832 3898 ἐν
859 3847 1044 3899 σκότει
1069 3847 1545 3919 διαπορευομένων
1573 3849 1878 3905 ἐπιϐούλων

281 3934 424 4004 ἡμῖν
459 3935 820 4006 ὑπογράφων,
869 3939 930 3992 τὸ
969 3939 1338 3996 δεκαπλάσιον
1369 3943 1447 4014 τῷ
1475 3943 1634 4014 δεξιῷ
1664 3943 1878 4014 ἀφωρί-

283 4042 443 4082 σατο.
469 4028 578 4080 Καὶ
604 4031 734 4102 περὶ
765 4032 863 4100 μὲν
893 4033 993 4104 τῆς
1017 4033 1254 4104 ἐμϐολῆς
1285 4034 1392 4088 τῶν
1425 4035 1604 4089 ποδῶν
1629 4036 1874 4090 τοιαῦτα.

279 4117 360 4169 Τὸ
384 4117 442 4170 δὲ
471 4119 672 4189 κράξαι
703 4125 856 4192 φωνῇ
891 4123 1102 4196 μεγάλῃ
1135 4128 1230 4177 καὶ
1261 4125 1544 4199 λεοντιαίῳ
1565 4130 1874 4201 ἀπηχήσει,

278 4209 389 4278 τῆς
426 4209 597 4282 ὀργῆς
641 4215 760 4267 ἐστι
815 4215 1108 4284 σύμϐολον.
1142 4218 1234 4271 Διὸ
1279 4219 1374 4272 καὶ
1407 4222 1686 4293 μυκηθμῷ
1735 4241 1876 4294 παρ-

277 4300 511 4371 εϐλήθη.
552 4303 872 4372 Ἐπομένως
915 4305 974 4359 δὲ
1018 4310 1084 4377 τῇ
1127 4312 1345 4380 κραυγῇ
1391 4311 1450 4364 αἱ
1481 4313 1620 4366 ἑπτὰ
1653 4315 1876 4385 βροντού¹

279 4395 580 4466 ἐλάλησαν.
635 4397 851 4460 Ταύτας
896 4399 955 4451 δὲ
984 4400 1086 4461 τὰς
1137 4402 1281 4454 ἑπτά
1343 4405 1596 4474 βροντὰς.
1647 4408 1680 4476 ἢ
1733 4410 1875 4463 ἑπτά

278 4485 472 4553 φωνὰς
505 4489 565 4552 ἐξ
617 4487 738 4552 ἐνὸς
776 4489 871 4543 τοῦ
917 4491 1083 4544 αὑτοῦ
1129 4491 1570 4566 διαρθρουμένας
1623 4499 1875 4571 φοϐερῶς

1985 3312 2192 3367 stantia
2223 3311 2410 3366 minus
2456 3311 2794 3366 laboriosum
2827 3310 3070 3380 praebeat
3109 3308 3437 3364 facinorosis
3467 3307 3586 3360 exi-

1987 3413 2100 3461 tum
2159 3405 2426 3460 adversus
2475 3419 2570 3459 eos
2623 3404 2827 3473 quibus
2881 3403 3231 3457 insidiantur.
3276 3400 3414 3456 Cum
3465 3399 3582 3453 haec

1984 3499 2152 3570 igitur
2183 3499 2258 3552 ita
2291 3499 2441 3562 sint,
2477 3499 2676 3551 merito
2709 3511 2775 3552 ac
2811 3495 3165 3552 consecutive
3215 3493 3268 3550 id
3299 3491 3446 3562 quod
3483 3507 3581 3562 po-

1985 3592 2188 3646 lentius
2219 3601 2304 3645 est
2345 3589 2629 3646 sceleratis
2658 3590 2932 3644 attribuit.
2971 3587 3034 3644 Et
3065 3589 3274 3643 idcirco
3304 3585 3399 3640 Dei
3453 3599 3580 3654 pro-

1983 3686 2200 3756 genitor
2246 3684 2352 3739 ﬁde
2379 3683 2581 3754 dignus
2610 3685 2703 3754 qui
2738 3699 2852 3739 rem
2889 3682 3198 3744 continuet,
3246 3695 3370 3733 cum
3404 3679 3578 3746 impe—

1984 3786 2100 3833 tum
2156 3776 2540 3832 iusidiantiutn
2566 3777 2832 3830 adversus
2883 3790 2989 3830 nos
3024 3776 3337 3828 dannonum
3365 3811 3380 3836 ,
3420 3771 3581 3824 nobis

1980 3869 2248 3925 Altissimi
2296 3867 2913 3938 adjutorio‘utentibus,
2969 3865 3343 3930 describeret,
3396 3879 3464 3917 ex
3499 3863 3578 3916 si-

1982 3961 2156 4016 nistra
2219 3959 2441 4030 quidem
2507 3959 2848 4013 declinantes
2926 3957 3302 4026 millecuplnm
3384 3969 3576 4010 casum

1981 4067 2170 4106 eorum
2195 4067 2429 4121 ponens,
2460 4050 2553 4121 qui
2581 4051 2634 4104 in
2669 4049 2913 4106 tenebris
2945 4049 3392 4119 perambulantes
3419 4045 3578 4100 nobis

1982 4145 2340 4210 insidiantur,
2379 4145 2585 4199 dextrae
2614 4143 2757 4212 parti
2783 4143 3021 4208 decuplo
3071 4141 3340 4211 majorem
3375 4153 3578 4192 nume-

1981 4253 2102 4290 rum
2139 4236 2448 4291 constituit.
2481 4233 2544 4290 Et
2574 4237 2692 4290 bazc
2722 4235 2788 4290 de
2823 4234 3024 4305 pedum
3057 4247 3286 4286 accessu
3317 4242 3373 4284 et
3394 4229 3574 4297 dispo-

1979 4331 2198 4385 sitione.
2265 4329 2420 4396 Quod
2471 4337 2657 4383 autem
2709 4342 2848 4382 voce
2893 4341 3092 4394 magna
3144 4320 3466 4378 clamaverit
3510 4333 3576 4372 ac

1979 4419 2201 4475 leonino
2233 4435 2393 4487 sono,
2430 4419 2826 4489 indignationis
2861 4428 2946 4473 est
2984 4417 3225 4486 signum,
3275 4415 3398 4469 ideo
3431 4427 3575 4483 quo-

1977 4527 2086 4579 que
2117 4511 2324 4582 rugitui
2369 4521 2725 4581 comparatus
2761 4519 2846 4564 est
2876 4525 3070 4565 sonus.
3103 4507 3233 4561 Post
3273 4506 3574 4562 clamorem

277 4581 518 4648 ἀγγέλου
551 4582 650 4645 τὰς
701 4575 1005 4652 ἀγγελικὰς
1053 4585 1314 4656 δυνάμεις
1361 4585 1503 4644 εἶναι
1539 4592 1873 4666 ¹νομίζομεν,

1992 4618 2112 4656 vero
2135 4604 2485 4658 eonseeutive
2511 4603 2696 4658 locuta
2724 4611 2854 4658 sunt
2874 4603 3140 4655 tonitrua.
3167 4597 3340 4654 Porro
3363 4607 3572 4668 septem

274 4673 362 4726 διὸ
393 4675 487 4727 καὶ
525 4674 599 4738 ὡς
637 4674 890 4750 βρονταῖς
939 4678 1394 4748 ἀπεικάσθησανο
1429 4681 1461 4752 ἢ
1496 4681 1563 4736 τὰ
1608 4701 1874 4756 προειρη-

281 4765 424 4836 μένα
453 4768 512 4819 ἐν
547 4771 665 4832 τοῖς
689 4768 1004 4840 ἔμπροσθεν
1038 4771 1180 4826 ἑπτὰ
1219 4773 1536 4842 πνεύματα.

1983 4697 2099 4750 bare
2150 4697 2394 4751 tonitrua
2431 4707 2526 4750 aut
2565 4705 2773 4766 septem
2829 4711 2992 4752 voces
3036 4695 3106 4749 ab
3147 4709 3258 4749 uno
3289 4700 3344 4748 et
3379 4691 3574 4748 eodem

1979 4791 2173 4860 angelo
2229 4789 2546 4845 terribiliter
2578 4806 2911 4862 expressas,
2958 4789 3349 4845 existimamus
3404 4801 3574 4855 ange-

277 4860 415 4917 licas
441 4876 564 4916 esse
601 4869 920 4931 potestates,
947 4863 1070 4919 ideo
1101 4880 1323 4936 queque
1385 4869 1643 4925 Iouitruis
1695 4871 2016 4934 assimilatm
2077 4891 2256 4936 sunt:
2307 4893 2404 4938 aut
2467 4860 2674 4954 septem
2707 4883 2934 4954 spiritus
2978 4883 3047 4938 de
3095 4881 3297 4954 quibus
3361 4877 3572 4935 dictum

275 4961 366 5006 est
397 4951 448 5005 in
487 4953 946 5023 prter-edentibus.

356 5044 586 5112 Ὥσπερ
613 5044 773 5098 λέων
789 5043 1074 5113 μυκᾶται.
1108 5045 1184 5098 Οὑ
1211 5048 1507 5115 προσφυῶς
1537 5051 1631 5103 ἐπὶ
1654 5051 1872 5119 λέοντος

277 5138 314 5207 ἠ
346 5137 436 5190 διὰ
461 5135 558 5188 τοῦ
590 5134 868 5205 μυκᾶσθαι
902 5136 1056 5206 φωνή
1083 5153 1096 5168 ·
1145 5137 1237 5189 ἐπὶ
1287 5137 1427 5207 βοῶν
1463 5142 1572 5211 γὰρ
1627 5143 1830 5212 μᾶλλον
1853 5163 1868 5177 .

275 5231 462 5284 λέουσι
487 5229 546 5282 δὲ
579 5227 642 5280 τὸ
693 5227 918 5298 βρύκειν
953 5228 1282 5300 ἀφώρισται.
1325 5231 1449 5285 Ὅτι
1489 5233 1554 5302 μέ
1569 5251 1672 5287 non
1712 5237 1872 5290 τοῦτο

273 5320 340 5374 οὑ
367 5319 665 5390 παρέργως
701 5317 939 5387 ἐπῆλθεν
997 5320 1143 5389 ἐρεῖν
1172 5319 1342 5390 αὐτῷ,
1380 5323 1409 5372 ὁ
1441 5323 1616 5378 ταῦτα
1658 5324 1872 5390 διεξιὼν

275 5411 574 5475 συνετίζει,
622 5409 697 5481 μὴ
749 5411 1040 5476 ἐπιμείνας
1075 5415 1138 5481 τῇ
1173 5413 1264 5464 τοῦ
1317 5415 1598 5483 μυκᾶσθαι
1655 5419 1868 5490 χρήσει,

273 5502 418 5558 ἀλλὰ
441 5503 582 5573 πρὸς
607 5502 669 5556 τὺ
697 5503 916 5572 ἐκραξε
949 5505 1210 5574 μεταϐὰς.
1241 5506 1380 5577 Περὶ
1403 5507 1504 5576 μὲν
1525 5505 1620 5562 οὖν
1639 5510 1872 5566 λεόντων

275 5595 413 5666 βοῆς
445 5595 1001 5666 ἀκριϐολογουμένοις
1040 5597 1235 5653 ταῦτα.
1272 5598 1396 5651 Ἐπὶ
1439 5600 1498 5671 δὲ
1527 5603 1872 5672 ἁμαρτωλῶν

272 5689 716 5758 τιμωρουμένων
741 5689 1013 5761 ὀδυνηρᾶς
1044 5690 1292 5760 φθογγῆς
1321 5693 1375 5746 τί
1403 5692 1466 5746 τὸ
1497 5695 1698 5766 μᾶλλον
1738 5717 1871 5752 κατ-

274 5783 533 5852 άλληλον,
568 5783 600 5854 ἦ
634 5783 696 5836 τὸ
723 5783 971 5853 βρύκειν,
998 5785 1092 5854 ἀφ’
1126 5780 1187 5838 οὑ
1233 5787 1510 5858 βρυγμός;
1559 5789 1784 5861 βρύκειν
1811 5793 1868 5846 δὲ

269 5875 598 5948 ὠνομάσθη,
651 5877 759 5932 άπὸ
813 5878 906 5931 τοῦ
961 5878 1164 5950 βρώσει
1223 5882 1479 5948 ἐοικέναι,
1528 5883 1604 5948 ὼς
1637 5885 1730 5940 ἐπὶ
1771 5887 1866 5940 τοῦ

2053 5059 2512 5125 Quemadmodum
2567 5063 2645 5118 (eo
2703 5066 2891 5136 mugit.
2933 5065 3051 5120 Non
3108 5076 3194 5121 est
3244 5078 3569 5125 consumtum

1984 5161 2042 5205 ut
2077 5153 2131 5206 in
2183 5157 2339 5210 leone
2381 5173 2486 5211 vox
2522 5157 2870 5226 exprimatur
2919 5173 3015 5227 per
3050 5159 3350 5228 μυκᾶσθαι,
3391 5161 3442 5214 id
3483 5173 3570 5217 est

1983 5242 2214 5310 mugire,
2251 5259 2374 5297 nam
2409 5245 2514 5299 hoc
2569 5245 2734 5299 boum
2779 5248 2952 5316 magis
2993 5257 3113 5315 est,
3153 5249 3404 5306 leonibus
3436 5268 3568 5306 vero

1977 5331 2226 5404 βρύκειν,
2267 5335 2318 5391 id
2350 5345 2436 5391 est
2459 5339 2643 5408 rugire
2670 5339 2786 5395 sive
2825 5339 3060 5395 stridere
3098 5341 3423 5397 attributum
3457 5355 3564 5400 est.

1981 5428 2092 5484 Iloc
2121 5445 2253 5485 sane
2288 5432 2380 5500 qui
2413 5432 2516 5488 ista
2551 5436 2984 5490 transcurrendo
3016 5437 3278 5501 declarat,
3313 5453 3424 5491 non
3465 5453 3564 5494 ne-

1975 5523 2240 5593 gligentior
2264 5523 2333 5579 ab
2366 5523 2487 5592 ipso
2525 5525 2633 5581 dici
2661 5540 3094 5584 commemorat:
3133 5531 3276 5599 quod
3311 5529 3564 5587 videlicet

1975 5627 2082 5666 non
2121 5614 2341 5668 haeserit
2371 5615 2424 5668 iu
2461 5633 2563 5671 usu
2604 5617 2750 5672 verbi
2787 5621 3089 5688 μυκᾶσθαι,
3131 5622 3180 5676 id
3211 5631 3295 5676 est
3327 5623 3558 5694 mugire,

1973 5703 2066 5758 sed
2107 5705 2392 5761 transierit
2420 5708 2487 5762 ad
2521 5709 2746 5764 verbum
2776 5710 3000 5782 ἕκραξε,
3033 5713 3084 5768 id
3115 5723 3224 5778 est,
3270 5714 3556 5772 clamavit.

1975 5797 2038 5850 lit
2075 5798 2188 5854 lure
2227 5799 2447 5870 quidem
2487 5801 2554 5856 de
2588 5803 2831 5857 clamore
2861 5803 3082 5859 leonum
3121 5805 3206 5862 bis
3241 5806 3388 5861 dicta
3424 5807 3555 5872 sint,

1971 5891 2064 5960 qui
2103 5891 2318 5964 singula
2355 5905 2544 5950 exacte
2577 5895 2902 5953 discutiunt.
2943 5897 3118 5956 Porro
3152 5901 3204 5958 in
3237 5917 3372 5958 voce
3402 5903 3557 5958 dolo-
