4110 6408
584 409 692 470 639

1399 405 1731 464 amarius
1771 403 2150 464 cassantra;
2191 393 2674 466 cirranocnu
2715 406 3058 466 EPISCOPI

585 539 709 581 rasa
776 532 1117 594 peccatorum
1172 520 1266 588 qui
1323 518 1601 574 sustinent.
1657 519 1958 587 supplicia,
2025 519 2191 586 quid‘

2272 520 2465 572 ἐσθίειν
2531 519 2781 591 ἀλλήλοις

3739 403 3843 466 6ίο

2863 521 2973 571 τῶν
3051 519 3280 571 ὀδόντων
3367 517 3843 588 συγκρουομένων.

585 616 758 684 magis
805 623 1230 670 consentaneum
1276 621 1400 674 est,
1456 626 1621 680 quam
1664 609 1921 679 βρύκειν,
1973 609 2022 661 id
2070 620 2152 662 est
2183 612 2435 678 stridere,
2471 612 2616 666 unde
2678 621 2734 666 et
2796 609 3064 683 βρυγμὸς,
3095 611 3148 664 id
3181 618 3266 664 est
3299 609 3506 664 stridor
3561 607 3856 662 dentium?

585 707 870 776 Sumptum
922 715 1006 758 est
1073 714 1251 759 autem
1315 704 1540 757 verbum
1609 702 1958 772 βρύκειν,θο
2007 702 2154 771 quod

2277 705 2405 759 mile
2461 704 2533 759 sit
2588 703 2810 775 βρώσει,
2858 703 2908 757 id
2968 711 3053 757 cst
3095 703 3249 769 cibo,
3300 702 3445 771 quod
3493 712 3755 772 tanquam
3796 701 3851 754 in

581 799 790 852 edendo
821 799 1010 850 dentes
1043 799 1184 850 inter
1219 813 1277 850 se
1306 795 1694 849 concutiuntur
1724 803 1780 848 et
1808 795 2160 848 collidantur.

656 894 732 957 Χ,
761 894 874 948 4-7.
935 892 1000 945 Et
1038 910 1153 945 cum
1190 893 1367 946 locuta
1408 891 1632 959 fuissent
1673 905 1866 959 septem
1905 893 2166 953 tonitrua,

580 1000 672 1053 ego
709 983 1006 1050 scripturus
1032 999 1200 1041 erant,
1231 992 1282 1035 et
1321 983 1498 1034 audiri
1537 998 1708 1034 vocem
1742 981 1805 1032 de
1833 981 1959 1033 cazlo
1992 981 2171 1032 dicen-

580 1086 681 1130 tem
717 1089 735 1127 :
771 1073 1005 1141 Obsigna
1035 1091 1096 1127 ea
1127 1091 1246 1143 qua:
1282 1074 1459 1127 locuta
1498 1083 1620 1126 sunt
1660 1083 1856 1141 septem
1905 1073 2166 1135 tonitrua,

579 1177 627 1218 et
673 1181 734 1218 ne
765 1164 1040 1233 scripseris
1077 1182 1158 1217 ea.
1219 1162 1288 1217 Et
1344 1164 1560 1232 angelus
1597 1179 1748 1232 quem
1802 1163 1910 1216 vidi
1944 1173 2169 1216 stantem

580 1273 736 1326 super
777 1273 921 1310 mare
965 1267 1013 1310 et
1059 1272 1214 1324 super
1248 1266 1475 1321 terram,
1527 1255 1712 1308 levavit
1751 1270 1967 1307 manum
2005 1253 2166 1323 737

578 1365 734 1400 suam
779 1347 1024 1400 dextram
1091 1348 1138 1400 in
1172 1348 1359 1400 emtum
1390 1361 1408 1398 :
1473 1355 1521 1399 et
1542 1346 1745 1414 juravit
1783 1347 1840 1398 in
1875 1363 1932 1398 eo
1975 1348 2065 1413 qui
2093 1347 2170 1398 vi-

583 1441 652 1492 vit
697 1441 750 1492 in
801 1443 1001 1492 swcula
1043 1439 1399 1502 stcculorum,
1443 1439 1534 1505 qui
1572 1437 1763 1490 creavit
1797 1435 1984 1490 uelum
2011 1446 2060 1488 et
2105 1453 2168 1488 ea

578 1549 700 1600 qua:
735 1533 791 1586 in
823 1533 914 1585 illo
948 1541 1069 1585 sunt
1096 1573 1109 1593 ,
1137 1541 1185 1585 et
1218 1541 1415 1584 terrant
1459 1541 1506 1583 et
1557 1546 1618 1583 ea
1652 1547 1769 1599 qua:
1802 1531 1858 1582 iu
1893 1529 1991 1583 illa
2023 1539 2166 1595 sunt,

579 1633 629 1676 et
661 1639 806 1676 mare
842 1633 891 1675 et
937 1638 1001 1676 ea
1035 1639 1152 1692 qua:
1185 1624 1235 1674 in
1282 1623 1393 1688 ipso
1421 1631 1542 1674 sunt
1585 1637 1603 1673 :
1638 1621 1775 1689 quod
1807 1631 2008 1688 tempus
2065 1637 2168 1673 non

581 1715 683 1767 erit
735 1714 996 1783 amplius,
1049 1713 1147 1768 sed
1199 1715 1254 1766 in
1311 1714 1493 1767 diebus
1546 1714 1686 1767 vocis
1747 1715 1958 1783 septimi
1994 1713 2168 1782 angeli

2348 883 2456 938 Καὶ
2487 884 2586 936 ὅτε
2628 881 2947 948 ἐλάλησαν
2993 883 3053 934 αἱ
3095 880 3244 934 ἑπτὰ
3284 881 3562 947 βρονται,
3591 885 3855 952 ἔμελλον

2274 975 2554 1046 γράφειν,
2604 972 2704 1026 καὶ
2741 971 2982 1039 ἤκουσα
3033 971 3244 1040 φωνὴν
3297 975 3367 1027 ἐκ
3419 974 3527 1027 τοῦ
3587 978 3853 1044 οὐρανοῦ

2272 1067 2584 1136 ⁸ιέγουσαν
2601 1081 2616 1096 ο
2650 1063 2994 1132 Σφράγισον
3019 1061 3057 1116 ἃ
3076 1062 3395 1130 ἐλάλησαν
3409 1068 3470 1118 αἱ
3503 1066 3658 1119 ἑπτὰ
3676 1069 3857 1136 ,ϐρον-

2274 1159 2392 1221 fui.
2429 1157 2527 1211 καὶ
2579 1155 2666 1224 μὴ
2715 1155 2870 1208 αὐτὰ
2902 1153 3164 1221 τράψιις-
3225 1156 3332 1209 Καὶ
3386 1158 3418 1209 ό
3484 1158 3745 1226 ἄγγελος
3783 1161 3855 1213 ὃν

2272 1244 2436 1301 εἶδον
2457 1243 2689 1299 ἑστῶτα
2720 1242 2816 1296 ἐπὶ
2840 1242 2953 1310 τῆς
2979 1244 3305 1309 θαλάσσης
3336 1243 3434 1297 καί
3457 1245 3556 1296 ἐπὶ
3583 1244 3696 1312 τῆς
3718 1245 3851 1314 τῆς,

2272 1339 2379 1412 ἦρε
2396 1339 2515 1407 τὴν
2543 1339 2712 1408 χεῖρα
2731 1336 2922 1392 αὐτοῦ
2944 1337 3060 1402 τὴν
3083 1336 3294 1399 δεξιὰν
3314 1339 3402 1400 εἷς
3422 1337 3532 1390 τὸν
3557 1339 3820 1404 οὐρανόν
3836 1355 3849 1366 ·

2272 1434 2371 1488 καί
2416 1432 2657 1501 ὤμοσεν
2685 1431 2756 1483 ἐν
2801 1428 2881 1494 τῷ
2926 1429 3094 1489 ζῶντι
3143 1431 3226 1492 εις
3274 1428 3418 1493 τοὺς
3466 1427 3691 1494 αἰῶνας
3737 1430 3855 1482 τῶν

2271 1524 2524 1586 αίώνων,
2555 1523 2624 1586 ὃς
2647 1523 2851 1576 ἔκτισε
2873 1519 2985 1574 τόν
3017 1520 3288 1587 οὐρανὸν
3327 1520 3426 1572 καὶ
3470 1523 3544 1573 τὰ
3575 1520 3646 1572 ἐν
3673 1520 3854 1584 αὐτῷ,

2273 1616 2369 1668 καί
2404 1615 2516 1681 τὴν
2542 1613 2660 1682 γῆν
2693 1613 2792 1668 καί
2833 1612 2907 1666 τὰ
2931 1612 3000 1664 ἐν
3029 1609 3206 1678 αὐτῇ,
3242 1612 3339 1664 καὶ
3385 1613 3501 1678 τὴν
3533 1611 3856 1664 θάλασσαν

2276 1710 2371 1761 καί
2400 1709 2470 1762 τὰ
2504 1707 2574 1760 ἐν
2597 1705 2775 1774 αὐτῇ,
2813 1705 2902 1758 ὅτι
2945 1708 3166 1774 χρόνος
3212 1707 3324 1758 οὐκ
3351 1703 3441 1756 ἔτι
3487 1705 3685 1767 ἔσται,
3721 1705 3855 1758 ἀλλ’

582 1806 795 1876 quando
851 1806 974 1858 tuba
1034 1807 1310 1859 caniturus
1366 1816 1482 1869 est,
1557 1806 2036 1858 consummandum
2089 1816 2164 1858 est

2273 1801 2343 1853 ὲν
2364 1799 2492 1864 ταῖς
2525 1797 2774 1866 ἡμέραις
2799 1795 2912 1861 τῆς
2934 1795 3142 1864 φωνῆς
3161 1795 3266 1850 τοῦ
3287 1795 3543 1864 ἑϐδόμου
3565 1795 3853 1865 ἀγγέλου,

585 1902 892 1968 mysterium
945 1899 1075 1963 Dei,
1117 1900 1254 1953 sicut
1295 1899 1629 1952 annuntiavit
1680 1899 1843 1952 servis
1891 1899 2004 1953 suis
2041 1915 2168 1968 pro-

581 1991 771 2059 plactis.

651 2165 1098 2223 Ilanil'estissime
1135 2167 1222 2222 hic
1261 2168 1424 2222 datur
1459 2167 1710 2238 intelligi,
1743 2169 1888 2238 quod
1923 2172 2164 2226 tonitrua

579 2257 694 2312 sint
739 2259 1002 2328 angelica:
1055 2267 1405 2329 potestates:
1453 2261 1761 2316 substantia
1815 2276 2052 2332 namque
2083 2273 2168 2316 cst

578 2367 703 2420 quae
738 2350 1006 2421 loquitur,
1040 2367 1148 2406 non
1183 2353 1412 2418 tonitru,
1441 2352 1588 2421 quod
1632 2353 1809 2407 solum
1843 2363 1928 2408 est
1974 2369 2164 2421 sonus,

579 2441 878 2512 statimque
916 2451 976 2496 ut
1009 2441 1200 2512 incipit
1237 2458 1381 2507 esse,
1413 2442 1620 2496 tollitur
1653 2460 1684 2497 e
1713 2444 1914 2498 medio.

650 2535 845 2590 Audivi
900 2552 1075 2589 rocem
1125 2537 1190 2589 de
1237 2535 1365 2588 coelo
1403 2537 1683 2590 dicentem.
1725 2535 2044 2590 Prohibitus
2082 2547 2168 2593 est

581 2626 848 2690 scribere,
881 2625 997 2680 sive
1031 2642 1128 2696 per
1162 2626 1496 2696 scripturam
1529 2627 1844 2683 hominibus
1877 2627 2166 2684 manifesta

583 2716 765 2771 facere
803 2732 922 2786 quae
959 2717 1302 2783 videbantur,
1337 2717 1457 2781 sed,
1494 2715 1760 2787 Obsigna,
1819 2721 2020 2788 inquit,
2063 2720 2167 2775 hoc

583 2819 669 2862 est
718 2810 874 2864 ﬁrma
929 2809 1233 2864 retentione
1269 2811 1323 2863 in
1369 2820 1550 2866 mente
1605 2821 1697 2865 tua
1755 2817 2164 2878 conserva,scd

584 2917 935 2971 nequaquam
993 2917 1090 2971 per
1153 2902 1484 2974 scripturam
1535 2903 1782 2974 divulges
1835 2922 1849 2958 τ
1913 2904 2166 2960 fortassis

581 2993 730 3062 quod
754 2994 889 3048 nihil
921 2995 1206 3064 prodesset
1239 2993 1591 3050 manifestare
1618 2995 1710 3050 illa
1735 3007 1863 3050 ante
1889 3005 2164 3066 postrema

583 3085 854 3141 adventus
891 3086 1094 3141 Christi
1126 3093 1394 3156 tempora,
1419 3087 1862 3157 quandoquidem
1896 3097 1952 3144 et
1979 3089 2165 3144 Daniel

581 3177 884 3232 docebatur
911 3187 968 3231 ut
988 3178 1305 3248 obsignaret
1340 3179 1654 3249 huiusmodi
1677 3197 1985 3240 sermones.
2012 3181 2167 3248 Quod

585 3281 770 3326 autem
811 3273 986 3342 prosit
1017 3289 1082 3327 ea
1137 3274 1533 3340 reconditioni,
1585 3276 1900 3345 conjectura
1956 3275 2171 3332 discere

580 3360 766 3414 licebit
803 3376 926 3416 esse
974 3363 1374 3417 vehementiam
1410 3363 1831 3419 constitutorum
1878 3366 2173 3436 supplicio-

581 3467 724 3514 rum.
771 3468 898 3508 cum
930 3454 1246 3510 misericors
1287 3455 1430 3510 Deus
1457 3473 1557 3511 sua
1609 3457 1950 3528 benignitate
2007 3461 2170 3513 retri-

581 3540 862 3596 butionem
916 3545 1165 3614 supplicii
1226 3563 1332 3600 non
1391 3547 1617 3602 inducat
1671 3549 1872 3618 aequali
1930 3549 2171 3618 pondere

580 3644 706 3684 cum
738 3633 997 3700 peccatis.
1034 3635 1188 3690 Unde
1216 3636 1379 3689 ctiam
1411 3637 1490 3691 ait
1509 3639 1992 3710 psalmographus,
2020 3642 2170 3709 quod

584 3737 692 3776 non
727 3723 881 3791 juxta
926 3725 1246 3793 iniquitates
1281 3739 1520 3794 nostras,
1555 3730 1911 3800 nequeiuxta
1946 3746 2170 3805 peccata

585 3812 916 3870 admetiatur
945 3817 1103 3872 nobis
1134 3819 1574 3874 retributionem.

657 3905 791 3970 Quae
813 3905 991 3961 locuta
1025 3919 1149 3962 sunt
1185 3920 1381 3979 septem
1426 3913 1685 3967 tonitrua.
1732 3913 2171 3974 Existimandunt

584 4004 670 4050 est
721 4005 904 4052 autem
958 4002 1194 4055 tonitrua
1246 4017 1370 4056 esse
1417 4003 1647 4058 virtutes
1700 4007 2009 4075 angelicas,
2051 4025 2172 4078 qua:

587 4089 846 4146 tonitruis
896 4094 1271 4149 assimilantur
1328 4096 1397 4150 ob
1439 4097 1725 4151 horrorem
1766 4100 1859 4164 qui
1911 4099 2173 4155 incutitur

589 4196 684 4248 per
712 4197 775 4236 ea
815 4200 938 4253 quae.
976 4185 1045 4238 ab
1085 4185 1222 4254 ipsis
1253 4186 1533 4242 dicuntur.
1570 4188 1896 4259 Huiusmodi
1935 4207 2173 4263 namque

584 4284 714 4329 sunt
767 4275 1198 4346 incorporalium
1238 4290 1556 4336 sanctorum
1613 4284 1932 4352 angelorum
1988 4301 2170 4352 voces,

583 4379 707 4433 tina:
751 4366 819 4421 ab
877 4367 993 4436 ipsa
1047 4370 1494 4426 manifestationc
1530 4372 1817 4428 horrorem
1860 4391 2047 4430 secum
2091 4374 2174 4430 fe-

586 4463 712 4510 rant
754 4473 769 4510 :
815 4460 1281 4528 quemadmodum
1318 4463 1670 4518 manifestum
1703 4477 1882 4521 estex
1924 4481 1992 4522 eo
2022 4467 2170 4538 quod

2275 1888 2422 1940 ὅταν
2440 1887 2641 1954 μέλλῃ
2674 1883 3010 1948 σαλπίζειν,
3055 1882 3494 1952 τελεσθήσεται
3533 1883 3598 1935 τὸ
3623 1885 3857 1951 μυστήο

2265 1997 2404 2047 ριον
2431 1980 2538 2032 τοῦ
2567 1979 2740 2043 Θεοῦ,
2767 1979 2850 2044 ὡς
2867 1977 3228 2047 εὐηγγέλισε
3257 1975 3384 2042 τοῖς
3401 1975 3649 2040 δούλοις
3673 1976 3858 2029 αὑτοῦ

2272 2072 2399 2138 τοῖς
2433 2072 2788 2140 προφήταις.

2357 2161 2640 2216 Ἐντεῦθεν
2672 2161 2942 2230 ἀριδήλως
2974 2161 3033 2213 αί
3080 2160 3326 2232 βρονταὶ,
3371 2157 3668 2228 ἀγγελικαὶ
3695 2159 3858 2212 δυνά-

2275 2273 2400 2326 μεις
2428 2253 2812 2326 γνωρίζονται.
2842 2253 3010 2306 Λαλιί
3037 2253 3147 2324 γὰρ
3182 2252 3216 2322 ἡ
3239 2251 3420 2316 οὐσία,
3446 2251 3545 2322 οὐχ
3576 2252 3610 2320 ὴ
3636 2249 3858 2320 βροντὴ,

2272 2352 2554 2420 ἀπήχησις
2603 2345 2762 2414 οὖσα,
2800 2350 2866 2418 τῇ
2917 2346 3127 2416 γενέσει
3178 2345 3276 2400 καί⁸
3335 2344 3416 2415 τῷ
3477 2340 3622 2398 εἶναι
3693 2345 3856 2412 ἀφαι-

2278 2460 2372 2513 ρου
2381 2443 2539 2512 μένη.

2348 2537 2625 2588 Ἤκουσα
2677 2530 2891 2602 φωνὴν
2922 2529 2993 2584 ἐκ
3055 2529 3165 2584 τοῦ
3217 2528 3480 2597 οὐρανοῦ
3523 2530 3849 2598 λέγουσαν.

2281 2625 2388 2679 Τοῦ
2415 2625 2675 2694 γράφειν,
2706 2624 2827 2694 ἢτοι
2883 2620 3128 2692 πρόδηλα
3194 2622 3369 2674 ποιεῖν
3415 2620 3724 2690 ἀνθρώποις
3767 2619 3854 2670 διὰ

2276 2718 2498 2790 γραφῆς
2519 2718 2587 2770 τὰ
2618 2715 2896 2786 ὁρώμενα,
2947 2711 3221 2782 ἐκωλύθη.
3269 2712 3531 2781 Σφραγῖδι
3580 2711 3636 2763 δὲ
3693 2711 3852 2763 οἱονεὶ

2274 2810 2508 2878 ἀσφαλεῖ
2538 2812 2742 2879 κατοχῇ
2780 2810 2838 2861 ὲν
2863 2809 2930 2878 τῇ
2975 2805 3186 2876 διανοίᾳ
3215 2821 3309 2858 σου
3351 2804 3630 2874 ωντήρει,
3667 2803 3850 2871 φησιν,

2274 2902 2508 2973 ἔκφορον
2538 2901 2596 2953 δὲ
2623 2900 2711 2954 διὰ
2761 2899 2982 2970 γραφῆς
3015 2896 3140 2968 μηδ’
3195 2897 3333 2959 ὅλως
3363 2894 3542 2957 ποιοῦ,
3594 2895 3726 2955 ἴσως
3771 2894 3854 2945 ὅτι

2278 2996 2354 3066 μὴ
2403 2993 2673 3047 λυσιτελεῖ
2705 2993 2812 3063 πρὸ
2867 2994 2969 3062 τῆς
3019 2988 3327 3060 παρουσίας
3372 2987 3483 3040 τῶν
3530 2984 3856 3038 τελευταίων

2278 3084 2486 3152 καιρῶν
2510 3081 2932 3154 ἐμφανίζεσθαι,
2978 3081 3102 3134 ἐπεὶ
3130 3081 3223 3133 καὶ
3251 3077 3447 3147 Δανιὴλ
3481 3075 3856 3146 ἐσφραγισμέ-

2197 3193 2241 3252 c
2277 3194 2404 3240 νους
2431 3176 2558 3239 τοὺς
2595 3175 2706 3228 τῶν
2742 3174 3001 3228 τοιούτων
3035 3172 3232 3239 λόγους
3269 3169 3604 3232 ἑδιδάσκετο,
3641 3167 3855 3218 λυσιτε-

2274 3271 2384 3336 λεῖν
2411 3269 2469 3322 δὲ
2497 3268 2559 3321 τὸ
2587 3268 2981 3338 ταμιεύεσθαι,
3010 3262 3344 3326 είκαστικῶς
3371 3261 3622 3330 εἴποιμεν
3650 3257 3717 3311 ἂν
3745 3257 3858 3310 τῶν

2271 3360 2685 3428 διαταξαμένων
2739 3358 3015 3412 κολάσεων
3059 3357 3120 3409 τὸ
3173 3353 3426 3423 σφοδρὸν,
3475 3349 3859 3420 φιλανθρωπίᾳ

2273 3451 2368 3507 τοῦ
2413 3453 2707 3522 ἐλεήμονας
2754 3447 2893 3502 Θεοῦ
2929 3448 3008 3519 μὴ
3057 3447 3385 3516 ἰσόσταθμον
3417 3444 3718 3510 ἐπάγοντος
3760 3440 3859 3509 τὴν

2273 3542 2606 3597 ἀντέκτισιν.
2650 3539 2742 3605 Ἐξ
2790 3531 2854 3592 οὗ
2903 3541 2999 3592 καὶ
3033 3538 3115 3599 τι,
3157 3537 3250 3607 Μὴ
3297 3533 3438 3590 κατὰ
3486 3534 3587 3596 τὰς
3625 3531 3860 3600 ἀνομίας

2273 3632 2454 3704 ἡμῶν,
2503 3633 2598 3687 καὶ
2632 3633 2712 3696 τὸ,
2744 3632 2886 3687 κατὰ
2928 3631 3028 3694 τὰς
3082 3629 3362 3700 ἁμαρτίας
3419 3624 3797 3694 ἀνταπόδομα,
3831 3625 3860 3674 ὁ

2285 3725 2672 3796 ’Υμνογράφος
2697 3725 2862 3794 φησιν
2891 3721 3315 3794 ἐπιμετρείσθαι
3354 3720 3507 3791 ἡμῖν.

2357 3911 2709 3980 Ἐλὰλησαν
2737 3913 2798 3966 αί
2827 3909 2980 3964 ἑπτὰ
3003 3908 3278 3978 βρονταί.
3314 3907 3425 3970 Τὰς
3484 3903 3717 3976 βροντὰς
3765 3903 3859 3956 δυ-

2275 4005 2470 4076 νάμεις
2498 3990 2799 4074 ἆγγελικὰς
2841 4002 2983 4060 εἶναι
3011 4005 3244 4074 οἰητέον,
3278 4004 3529 4073 βρονταῖς
3561 3999 3860 4063 ἀπεικαζο-

2277 4097 2446 4168 μένας
2478 4097 2566 4150 διὰ
2604 4097 2666 4150 τὸ
2692 4097 3136 4168 καταπληκτικὸν
3173 4097 3282 4148 τῶν
3326 4094 3417 4148 ὑπ’
3453 4093 3640 4148 αὐτῶν
3678 4094 3858 4160 turpe»

2275 4190 2577 4259 νουμένων.
2608 4191 2869 4244 Τοιαῦται
2917 4190 3027 4260 γὰρ
3081 4191 3136 4241 αἱ
3191 4188 3300 4240 τῶν
3343 4187 3653 4255 ἀσωμάτων
3688 4185 3861 4251 ἁγίων

2275 4281 2527 4349 ἀγγέλων
2573 4283 2772 4350 φωναὶ,
2829 4280 2923 4336 καὶ
2977 4281 3073 4332 ἀπ’
3113 4280 3282 4348 αὐτῆς
3317 4278 3414 4347 τῆς
3445 4275 3750 4346 ἐμφανείας
3796 4275 3860 4327 τὸ

2277 4375 2726 4445 καταπληκτικὸν
2748 4374 2988 4444 ἔχουσαι.
3007 4374 3082 4436 ὡς
3115 4372 3274 4441 δῆλον
3302 4371 3410 4424 ἀπὸ
3433 4369 3525 4422 τοῦ
3547 4368 3640 4420 τὸν
3663 4366 3861 4436 Δανιὴλ

2281 4464 2419 4533 μηδὲ
2458 4465 2702 4535 προσηνῆ
2748 4463 2877 4516 θέαν
2923 4461 3184 4530 ἀγγέλου,
3242 4460 3443 4530 μήτιγε
3499 4454 3862 4526 ἀπειλητικὴν

586 4548 777 4604 Daniel
840 4567 908 4606 ne
967 4553 1145 4606 lenem
1195 4555 1417 4624 quidem
1473 4559 1652 4626 angeli
1709 4559 1981 4614 visionem
2037 4561 2172 4615 nihil

2280 4559 2545 4626 ἐνεγκεῖν.
2580 4556 2890 4627 Σφραγίσαι
2917 4556 2976 4608 δὲ
2999 4554 3099 4617 τὰς
3127 4553 3235 4605 τῶν
3263 4552 3402 4605 ἐπτᾶ
3436 4549 3674 4621 βροντῶν
3696 4549 3861 4616 ἀγγε-

586 4638 880 4694 habentcm
908 4643 1356 4700 comminationis
1387 4645 1530 4702 ferre
1561 4651 1820 4716 potuerit.
1856 4650 2055 4704 Datum
2086 4659 2174 4706 est

583 4739 771 4800 mitem
820 4745 1147 4803 praeceptum
1205 4745 1266 4791 ut
1321 4739 1750 4808 obsignarentur
1793 4757 1917 4810 quae
1967 4752 2173 4811 septem

585 4824 832 4890 tonitrua
880 4827 1289 4895 nuntiaverant,
1335 4831 1438 4886 hoc
1478 4840 1584 4896 est,
1625 4842 1836 4888 secreta
1883 4849 2176 4887 servaren-

587 4923 718 4977 tur:
751 4915 895 4984 quod
941 4916 1178 4985 perfecta
1221 4919 1415 4974 borum
1460 4923 1824 4991 apprehensio
1884 4935 2176 4995 apertaque

585 5006 834 5072 cognitio
859 5010 1122 5064 extremis
1152 5013 1500 5081 temporibus
1525 5014 1730 5069 utiliter
1760 5025 2076 5085 reponatur.

656 5094 868 5152 Levavit
900 5117 1112 5153 manum
1151 5120 1308 5158 suam
1335 5105 1579 5162 dextram
1610 5107 1666 5160 in
1709 5109 1916 5162 caelum.
1960 5107 2172 5164 Dextra:

587 5205 786 5245 manus
838 5191 1073 5248 elevatio
1127 5195 1319 5250 cllicax
1377 5213 1444 5251 ac
1503 5198 1712 5254 firmius
1760 5199 2010 5270 designat
2053 5215 2174 5254 esse

589 5278 793 5334 factum
822 5283 940 5352 rius
972 5285 1065 5353 qui
1095 5284 1324 5354 iuravit.
1365 5285 1491 5342 Ideo
1524 5305 1745 5360 quoque
1784 5291 1990 5346 dictum
2028 5297 2114 5347 est
2153 5308 2168 5345 :

596 5391 614 5422 ι
653 5372 881 5435 Dextera
921 5375 1134 5430 Domini
1173 5379 1299 5433 fecit
1331 5382 1582 5435 virtutem
1616 5384 1682 5438 ⁸⁸.
1723 5401 1742 5435 ι

665 5463 731 5518 In
774 5483 833 5520 eo
868 5470 959 5535 qui
1014 5471 1133 5523 vivit
1161 5473 1214 5524 in
1245 5472 1462 5526 alecula.
1510 5473 1773 5530 Videntur
1807 5475 2026 5545 quidem
2060 5477 2175 5530 haec

595 5557 835 5612 lira-cam
869 5576 976 5614 non
1029 5564 1228 5618 habere
1263 5565 1504 5633 phrasin]
1540 5584 1552 5620 :
1587 5568 1752 5636 738
1779 5568 1981 5622 dicitur
2027 5568 2172 5620 cnim

589 5647 776 5713 iurare
809 5667 904 5720 per
951 5653 1188 5724 aliquem
1237 5666 1294 5712 et
1342 5674 1446 5714 non
1500 5660 1553 5715 iu
1587 5662 1790 5730 aliquo.
1836 5660 1946 5716 Ncc
1993 5671 2187 5716 tamen.

669 5802 715 5832 “
765 5803 907 5859 Psal.
963 5825 1141 5876 cxvn,
1185 5811 1264 5866 lb.

2273 4651 2395 4713 λίας
2425 4651 2457 4720 ἡ
2491 4649 2681 4718 ἐντολὴ
2711 4648 3088 4718 παραδίδοται,
3119 4645 3422 4708 τουτέστιν,
3455 4646 3513 4694 ὲν
3558 4641 3862 4712 ἀπορρήτῳ

2271 4739 2547 4808 κατέχειν,
2587 4738 2664 4802 ὼς
2704 4741 2802 4808 τῆς
2836 4736 3198 4808 περὶτούτων
3230 4734 3442 4796 τελείας
3493 4732 3860 4802 καταλήψεως

2272 4833 2370 4885 καὶ
2395 4832 2729 4902 τρανοτέρας
2776 4830 3058 4900 εἰδήσεως,
3107 4831 3220 4892 τοῖς
3272 4825 3604 4889 τελευταίοις
3646 4825 3862 4895 χρόνοις

2274 4924 2648 4994 ἀποκειμένης
2682 4921 3094 4991 συμφερόντως.

2347 5099 2496 5170 Ἦρε
2539 5101 2654 5168 τὴν
2689 5101 2859 5169 χεῖρα
2887 5097 3074 5154 αὐτοῦ
3119 5096 3236 5162 τὴν
3269 5093 3477 5159 δεξιὰν
3507 5095 3593 5155 είς
3625 5091 3735 5144 τὸν
3762 5094 3865 5144 oi;-

2267 5196 2485 5263 ραν-όν.
2523 5193 2586 5246 'll
2639 5195 2738 5263 τῆς
2771 5191 2952 5258 δεξιᾶς
3002 5191 3236 5262 ἔπαρσις
3289 5191 3350 5243 τὸ
3397 5189 3717 5259 ἔμπρακτον
3768 5186 3862 5238 τοῦ

2281 5286 2573 5356 ὀμνύοντος
2605 5283 2986 5338 ὑπαινίττεται
3015 5282 3112 5336 καὶ
3143 5281 3608 5352 δυναμικώτερα).
3643 5279 3736 5331 Διὸ
3771 5279 3865 5330 καί

2282 5381 2524 5450 εἴρηταν
2561 5397 2578 5430 ι
2613 5375 2772 5442 Δεξνὰ
2810 5375 3017 5444 Κυρίου
3051 5374 3275 5444 ἐποίησε
3303 5373 3553 5440 δύναμιν.
3603 5391 3622 5416 ι

2354 5473 2427 5526 Τὸ
2443 5473 2519 5538 δὲ,
2540 5473 2609 5526 ἐν
2625 5471 2704 5536 τῷ
2721 5472 2887 5532 (ζῶντι
2903 5473 2952 5523 εί
2959 5491 2990 5535 ς
3007 5469 3148 5534 τοὺς
3161 5469 3402 5535 αἰῶνας.
3422 5471 3572 5522 δοκεῖ
3589 5468 3690 5536 μὲν
3705 5465 3858 5518 ἀνελ-

2284 5567 2535 5636 λήνιστον
2551 5558 2713 5620 εἶναι.
2731 5561 2981 5631 Ὀμνύειν
2995 5562 3102 5630 γὰρ
3117 5561 3332 5628 λέγεται
3349 5560 3488 5613 κατά
3503 5577 3671 5622 τινος.
3689 5560 3788 5612 οὐκ
3805 5557 3829 5610 ἓ
3838 5577 3864 5609 ν

2286 5677 2415 5716 τινι,
2445 5656 2587 5726 Πλὴν
2609 5657 2709 5709 ούκ
2739 5655 2996 5708 ἀπαίσιον
3034 5650 3101 5724 ἦν
3127 5653 3198 5706 τὰ
3221 5655 3279 5708 ὲν
3304 5653 3381 5722 τῷ
3404 5652 3568 5717 ζῶντι
3605 5651 3859 5720 ὀμνύναι,
