4110 6402
252 416 358 478 Cll

1341 407 1733 470 COMMENT.
1781 408 1862 468 ΙΝ
1904 400 2437 472 APOCALYPSIN.

3439 390 3549 452 642

251 532 342 601 τῷ
401 525 541 581 κατά
574 525 830 596 βούλησιν
872 523 1146 594 παριστᾷν
1204 520 1300 574 τοῦ
1341 522 1463 574 καθ’
1497 515 1560 574 οὗ
1610 522 1639 572 ὁ
1695 520 1854 588 ὅρκος

1982 531 2320 584 nentlgt‘utttlt
2354 513 2457 566 fuit
2499 509 2688 578 jurare
2735 507 2790 560 in
2836 518 2903 559 eo
2933 503 3028 574 qui
3074 499 3228 567 vivit,
3257 498 3324 555 ad
3364 510 3554 556 osteu~

255 623 666 695 παρείληπται.
694 621 827 682 Θεὸς
862 619 963 686 μὲν
995 618 1120 670 ἐπεὶ
1159 617 1282 670 κατ’
1317 614 1530 678 οὐδενὸς
1561 611 1674 684 εἶχε
1734 613 1858 682 μεί-

256 720 422 783 ζονος
448 715 668 784 ὀμόσαι,
703 715 839 780 ὅπερ
893 712 961 763 δι’
992 709 1115 773 ἔθος
1158 711 1272 771 τοῖς
1315 706 1630 776 ὀμνύουσιν,
1667 703 1860 776 ὀμνύει

261 811 396 864 καθ’
428 806 647 862 ἑαυτοῦ.
675 808 806 868 Καὶ,
846 825 863 855 ι
900 806 1034 858 Κατ’
1065 801 1305 874 ἐμαυτοῦ
1331 797 1673 870 γὰρῶμοσα,
1707 799 1859 866 λέγει

264 903 498 973 Κύριος.
541 921 560 953 ν
593 899 850 966 Ἀγγελοι
891 897 946 949 δὲ
974 895 1047 958 ὡς
1087 895 1296 963 κτίσμα
1331 892 1474 946 κατά
1493 891 1589 945 τοῦ
1623 892 1858 945 Κτίστου

267 996 558 1066 ὀμνύουσι,
589 993 691 1062 τὴν
723 990 1007 1060 ἡμετέραν
1039 987 1302 1040 ἀπιστίαν
1330 985 1418 1038 διὰ
1461 984 1555 1036 τοῦ
1585 983 1742 1035 Θείου
1764 985 1861 1052 τῆς

273 1089 648 1162 παραλήψεως
677 1083 1049 1152 πιστούμενοι.
1079 1082 1284 1148 Ὠμοσε
1310 1079 1418 1150 γὰρ
1439 1077 1633 1147 χρόνον
1663 1075 1860 1146 μηκέτι

274 1182 440 1246 εἶναι,
478 1181 661 1241 καλῶς
707 1177 804 1230 καὶ
835 1175 1076 1245 ἀληθῶς,
1122 1172 1210 1225 ὅτι
1267 1172 1487 1241 χρόνος
1533 1171 1645 1223 οὐκ
1689 1169 1862 1221 ἔσται

269 1279 390 1329 ἔτι.
424 1276 498 1326 Τὸ
527 1273 636 1342 γὰρ
661 1272 779 1324 τότε
815 1266 1247 1335 διαστηματικὸν
1279 1265 1457 1335 ῥεῦμα
1479 1263 1577 1332 τῆς
1607 1263 1864 1332 χρονικῆς

271 1369 657 1430 ὑποστάσεως,
693 1361 997 1431 ἁνέσπερόν
1025 1377 1084 1410 τε
1114 1357 1266 1410 ἔσται
1293 1356 1384 1408 καὶ
1414 1355 1733 1415 ἁδιάκοπον,
1767 1354 1863 1406 καὶ

266 1463 362 1514 διὰ
408 1460 570 1512 τοῦτο
610 1457 669 1509 οὐ
698 1455 911 1526 χρόνος.
945 1453 1041 1514 Τίς
1076 1452 1186 1519 γὰρ
1236 1446 1464 1518 ἡλιακοῦ
1495 1447 1673 1516 φωτὸς
1704 1445 1862 1515 χρεία

265 1557 374 1626 τῆς
402 1551 668 1619 συστολῆς
701 1547 826 1600 καθ’
857 1546 926 1617 ἢν
956 1546 1267 1604 ἀνάπαυσις
1317 1541 1425 1594 τῶν
1451 1541 1560 1593 ἀπὸ
1584 1539 1685 1607 τῆς
1729 1538 1866 1608 ἡμέ-

274 1666 380 1720 ρας
410 1646 595 1700 κόπων
620 1643 733 1702 τοῖς
757 1639 918 1702 ζώοις
938 1637 1248 1704 ἐγγίνεται;
1279 1635 1461 1704 Χωρὶς
1493 1634 1604 1701 γὰρ
1636 1630 1862 1691 τούτων,

267 1739 360 1800 τίς
389 1732 617 1806 ἡλιακοῦ
650 1729 829 1799 φωτὸς
860 1728 1047 1799 χρείας
1085 1725 1276 1788 ’Ἤλιος
1311 1725 1409 1794 μὲν
1439 1723 1532 1776 οὖν
1579 1723 1755 1781 ἔσται,
1785 1723 1866 1774 ὅτι

276 1831 411 1903 μηδ’
445 1832 525 1892 εἰς
552 1823 898 1894 ἀνυπαρξίαν
931 1822 1160 1892 χωρήσῃ
1187 1823 1215 1872 ὁ
1255 1820 1350 1872 νῦν
1379 1818 1610 1887 κόσμος,
1641 1816 1756 1869 ἀλλ’
1788 1817 1867 1876 εἰς

272 1921 696 1990 ἀνακαινισμόν.
738 1922 950 1990 Ὠσπερ
982 1921 1038 1972 δὲ
1062 1919 1158 1971 νῦν
1195 1919 1370 1988 ἄστρα
1403 1919 1505 1987 μὲν
1531 1916 1648 1968 ἐστι
1679 1915 1775 1968 καὶ
1805 1916 1862 1965 ἐν

271 2016 389 2088 ήμὲ
401 2032 489 2086 pa,
517 2015 578 2066 οὐ
603 2013 708 2083 μὴν
729 2012 1033 2080 καθορᾶται
1061 2012 1161 2066 ύπε
1173 2010 1484 2081 ρνικὼντων
1512 2010 1610 2078 τὴν
1636 2007 1866 2060 ἐκείνων

269 2108 604 2178 λαμπηδόνα
638 2105 732 2158 τοῦ
763 2104 913 2174 ἡλίου
944 2106 1054 2157 τῶν
1102 2102 1504 2174 μαρμαρυγῶν,
1539 2101 1637 2154 καὶ
1669 2099 1863 2166 οὕτως,

270 2200 421 2254 ὥστε
452 2202 530 2253 ὅτι
563 2201 702 2252 εἰσὶν
732 2201 791 2251 ὲν
817 2197 1033 2268 οὐρανῷ
1062 2197 1398 2266 ἀγνοεῖσθαι,
1423 2195 1568 2248 οὕτω
1600 2200 1693 2247 καὶ
1719 2194 1864 2249 τότε.

269 2295 356 2347 Τὸ
382 2295 492 2364 γὰρ
536 2294 617 2345 ὅτι
647 2291 774 2344 οὐδὲ
812 2291 912 2360 μία
951 2291 1100 2347 αἰτία
1141 2289 1237 2342 τοῦ
1275 2290 1353 2352 είς
1383 2287 1726 2358 ἀνυπαρξίαν
1753 2305 1865 2356 χω-

273 2389 449 2460 ρῆσαι
485 2382 722 2452 παντελῆ
755 2381 834 2451 τῷ
885 2380 981 2434 νῦν
1016 2379 1204 2450 κόσμῳ
1233 2379 1367 2442 τέως
1418 2378 1655 2447 ἀγνοεῖν,
1700 2377 1799 2446 οὐχ
1833 2376 1866 2445 ἡ

270 2475 522 2550 τυχοῦσα
555 2475 771 2543 ἄγνοια.

354 2747 478 2798 Ὅτι
536 2747 757 2814 χρόνος
807 2743 920 2796 οὐκ
961 2743 1049 2796 ἔτι
1099 2743 1297 2796 ἔσται.
1350 2739 1558 2810 Χρόνον
1601 2736 1676 2809 μὴ
1729 2731 1870 2788 εἶναι

1964 609 2206 664 deudum
2263 621 2384 659 esse
2413 603 2786 673 jnramentum
2834 598 2992 667 juxta
3032 594 3373 650 voluntatem
3433 592 3557 664 ejus

1966 720 2064 773 per
2097 717 2258 772 quem
2296 706 2642 766 assumptum
2690 701 2791 748 est.
2831 690 2899 745 Et
2930 691 3073 745 Deus
3124 687 3346 758 quidem
3368 726 3385 750 ,
3415 703 3555 758 qun-

1971 795 2114 850 niam
2148 809 2243 864 per
2272 793 2481 846 nullum
2515 788 2778 857 majorem
2807 785 2983 856 potuit
3007 785 3194 853 jurare
3216 822 3230 844 ,
3265 781 3410 850 quod
3439 794 3556 833 mo-

1971 889 2047 943 ris
2069 897 2153 942 est
2177 884 2522 955 jnrantilms,
2548 882 2695 950 jurat
2721 894 2817 948 per
2853 877 3116 947 seipsum.
3153 873 3216 928 Et
3243 872 3318 926 ait
3352 891 3366 927 :
3401 891 3418 924 ι
3456 871 3558 926 Per

1967 981 2354 1049 memetipsnm
2406 975 2628 1045 juravi,
2681 973 2816 1026 dicit
2861 970 3125 1024 Dominus
3169 967 3254 1032 ⁸⁷;
3297 985 3316 1018 ι
3379 964 3557 1034 angeli

1967 1089 2100 1128 vero
2129 1081 2392 1140 tanquam
2424 1075 2694 1122 creatura:
2729 1079 2823 1130 per
2852 1060 3168 1114 Creatorem
3211 1057 3430 1126 jurant,
3467 1069 3559 1124 per

1968 1161 2137 1217 divini
2189 1159 2447 1212 Numinis
2494 1152 2927 1220 assumptionem
2979 1145 3372 1200 continuantes
3454 1157 3560 1197 no-

1980 1264 2149 1309 stram
2205 1247 2578 1303 dillidrntiam.
2644 1243 2858 1296 Juravit
2891 1253 3129 1308 namque
3157 1238 3416 1305 deinceps
3449 1251 3558 1289 non

1972 1345 2088 1400 fore
2137 1355 2384 1411 tempus,
2435 1345 2584 1392 recte
2628 1351 2693 1390 ac
2733 1349 2878 1394 vere,
2923 1330 3061 1401 quod
3097 1341 3298 1399 (culpas
3328 1345 3433 1382 non
3459 1329 3560 1381 erit

1973 1436 2233 1504 amplius.
2312 1431 2562 1501 Spatium
2625 1427 2773 1482 enim
2845 1421 3161 1491 temporalis
3240 1418 3563 1474 substantia:

1972 1528 2116 1598 quod
2151 1537 2282 1580 tunc
2309 1523 2462 1586 ﬂuet,
2495 1521 2615 1576 sine
2643 1533 2871 1586 vespera
2901 1531 2964 1570 ac
2994 1511 3413 1582 iuterpolatione
3435 1511 3562 1574 erit,

1973 1632 2026 1676 et
2064 1621 2133 1674 ita
2189 1634 2298 1672 non
2352 1618 2458 1671 erit
2492 1626 2732 1680 tempus.
2780 1609 2917 1676 Quis
2957 1607 3102 1661 enim
3166 1620 3302 1659 usus
3338 1604 3564 1657 luminis

1973 1713 2192 1774 solaris,
2243 1724 2370 1763 eum
2407 1705 2664 1760 animalia
2709 1701 3064 1771 requiescunt
3098 1714 3127 1752 a
3161 1695 3372 1751 diurnis
3412 1696 3565 1748 labo-

1976 1804 2168 1858 ribus?
2189 1801 2326 1856 Nam
2354 1799 2474 1854 sine
2505 1799 2595 1852 llis
2626 1813 2750 1866 qua:
2773 1804 2858 1852 est
2887 1792 3088 1849 solaris
3117 1791 3344 1847 luminis
3377 1805 3568 1848 neces-

1897 1873 1942 1930 Β
1971 1897 2107 1950 sitas
2147 1895 2231 1948 vel
2261 1895 2426 1948 etiam
2469 1891 2650 1946 usus?
2687 1889 2779 1942 Sol
2817 1887 3038 1958 quidem
3072 1887 3198 1948 erit,
3227 1885 3356 1954 quia
3389 1898 3566 1952 neque

1971 1990 2038 2043 ad
2067 1988 2350 2042 interitum
2384 1984 2570 2038 tendet
2600 1997 2841 2051 prarseus
2875 1979 3134 2043 mundus,
3161 1977 3258 2032 sed
3293 1976 3363 2030 ad
3401 1977 3564 2029 inno-

1969 2083 2272 2136 vationem.
2315 2075 2789 2143 Quemadmodum
2848 2087 2978 2126 vera
3039 2085 3188 2124 nunc
3238 2078 3386 2122 astra
3438 2078 3568 2122 sunt

1971 2174 2192 2244 quidem
2219 2172 2383 2226 etiam
2417 2171 2472 2222 in
2501 2170 2614 2233 die,
2645 2183 2753 2220 non
2784 2176 2966 2218 tamen
2997 2162 3420 2233 t-ouspiciuntur
3451 2162 3567 2212 rin-

1971 2275 2130 2322 eente
2186 2263 2536 2333 splendorem
2588 2259 2807 2313 illarqu
2860 2257 2994 2310 selis
3035 2255 3272 2322 fulgore,
3323 2253 3566 2333 adeo-nt

1972 2363 2291 2418 nesciautur
2347 2373 2471 2412 esse
2518 2357 2571 2409 in
2605 2354 2746 2409 cmlo
2789 2370 2803 2406 :
2858 2353 2932 2405 ita
2967 2357 3022 2403 et
3075 2357 3229 2402 tunc.
3277 2324 3564 2415 Siquidem

1974 2457 2231 2526 ignorare
2276 2451 2423 2520 quod
2459 2449 2609 2502 nulla
2652 2446 2724 2502 sit
2754 2459 2922 2502 causa
2972 2457 3073 2496 cur
3105 2455 3350 2510 prazsens
3405 2456 3568 2493 umn-

1971 2549 2075 2603 dus
2109 2545 2354 2600 tenderet
2390 2543 2456 2595 ad
2493 2540 2799 2611 perfectqu
2834 2535 3140 2598 interitum,
3172 2548 3282 2586 non
3325 2531 3569 2600 vulgaris

1973 2649 2120 2695 esset
2150 2637 2484 2707 ignorantia.
2545 2635 2547 2638 ⁴
2923 2627 2928 2632 ’

2046 2733 2199 2798 Quod
2234 2741 2439 2799 tempus
2471 2744 2574 2782 non
2613 2727 2714 2780 erit
2745 2724 2996 2792 amplius.
3031 2720 3272 2789 Tempus
3303 2733 3410 2772 non
3454 2714 3574 2772 fore

275 2837 521 2910 ὤμοσεν,
571 2837 633 2889 οὐ
679 2836 791 2888 τῶν
829 2834 1158 2904 τηνικαῦτα,
1210 2834 1346 2888 ἀλλά
1397 2833 1507 2885 τῶν
1552 2833 1641 2885 ὅτε
1683 2830 1869 2900 μέλλει

1975 2825 2217 2896 iuravit,
2255 2837 2364 2877 non
2415 2820 2486 2874 ab
2531 2833 2599 2873 eo
2640 2829 2886 2885 tempore
2923 2827 3034 2882 quo
3069 2812 3184 2865 haec
3215 2809 3569 2878 loquebatur,

279 2929 575 2994 σαλπίζειν
617 2931 646 2982 ό
691 2928 924 2998 ἕϐδομος
957 2927 1207 2996 ἄγγελος.
1238 2926 1329 2979 Διὸ
1358 2925 1455 2980 καὶ
1480 2923 1660 2988 οὕτως
1701 2927 1870 2979 ἀκουο

280 3027 444 3080 στέον
501 3023 641 3095 μετὰ
684 3022 1046 3093 προσθήκης,
1084 3023 1170 3073 ὃτι
1216 3021 1407 3090 χρόνος
1439 3019 1542 3071 οὐκ
1589 3017 1671 3070 ἔτι
1715 3016 1872 3068 ἔσται

276 3117 397 3171 ἀπὸ
426 3116 520 3170 τοῦ
552 3115 674 3170 νῦν.
707 3114 783 3167 Οὐ
814 3114 926 3182 γὰρ
967 3109 1064 3165 οὖν
1095 3112 1238 3166 κατὰ
1270 3111 1430 3163 τοῦτο
1462 3113 1490 3164 ό
1532 3111 1717 3182 ὅρκος,
1753 3106 1868 3160 ἀλλ’

1977 2917 2072 2974 sed
2132 2930 2243 2984 quo
2297 2914 2568 2984 septimus
2619 2909 2850 2977 angelus
2884 2906 3012 2960 tuba
3061 2903 3350 2958 caniturus
3401 2909 3570 2956 esset.

1976 3007 2102 3062 Ideo
2128 3022 2350 3077 quoque
2402 3006 2474 3058 ita
2523 2999 2938 3070 intelligendum
2968 3006 3088 3060 est,
3127 3011 3254 3050 cum
3287 2993 3574 3049 additioue

1975 3102 2122 3171 quod
2161 3112 2378 3168 tempus
2407 3096 2670 3165 deinceps
2692 3093 2765 3147 ab
2793 3107 2862 3146 eo
2889 3090 3114 3146 instanti
3153 3104 3262 3142 non
3293 3087 3420 3142 erit.
3462 3085 3574 3142 Ne-

278 3212 368 3264 ὅτι
396 3211 453 3262 ὲν
476 3209 595 3270 ταῖς
622 3179 862 3277 ἡμέραις
892 3179 994 3274 τῆς
1011 3203 1198 3274 φωνῆς
1226 3201 1323 3256 τοῦ
1348 3179 1580 3272 ἑϐδόμου
1611 3201 1867 3270 ἀγγέλου.

1976 3209 2081 3264 que
2113 3194 2260 3248 enim
2297 3192 2365 3245 de
2393 3188 2648 3259 praesenti
2681 3187 2889 3240 factum
2923 3194 3010 3239 est
3031 3183 3408 3253 iur-amentum
3434 3217 3450 3244 ,
3475 3179 3574 3235 sed

277 3302 446 3357 Κατά
481 3301 668 3371 σχῆμα
707 3298 763 3350 δὲ
814 3296 1106 3367 ἐλλείψεως
1136 3296 1372 3368 εἴρηται.
1435 3294 1705 3350 Ἐλλείπει
1761 3295 1872 3364 γὰρ

275 3396 365 3457 τὸ,
394 3393 516 3446 τότε
553 3391 710 3444 ἔσται
733 3389 832 3443 τοῦ
865 3391 1064 3460 χρόνου
1105 3391 1139 3459 ἢ
1168 3389 1430 3453 ἀπουσία,
1472 3387 1568 3441 τοῦ
1601 3387 1692 3440 τὸν
1719 3387 1871 3457 ἥλιον

282 3487 364 3558 μὴ
407 3486 627 3557 μετρεῖν
657 3484 725 3536 τὰ
757 3483 989 3553 χρονικὰ
1036 3483 1407 3552 διαστήματα.
1438 3481 1569 3534 Ὅτε
1600 3480 1709 3551 γὰρ
1745 3479 1874 3550 μέλε

275 3580 366 3632 λει
391 3576 676 3640 σαλπίζειν
699 3577 726 3627 ό
755 3575 983 3644 ἕϐδομος
1007 3572 1260 3642 ἄγγελος,
1285 3573 1406 3626 τότε
1428 3572 1521 3625 καὶ
1552 3572 1618 3626 τὰ
1644 3571 1873 3640 χρονικά

278 3672 634 3740 διαστήματα
683 3668 944 3736 ἐλλείψει,
977 3668 1074 3720 καὶ
1113 3668 1263 3720 πᾶσα
1297 3668 1331 3735 ἡ
1360 3666 1469 3718 τῶν
1505 3665 1720 3718 ἀσεϐῶν
1753 3666 1876 3720 ἐπι·

282 3763 554 3832 στήσεται
605 3758 852 3821 κόλασις,
923 3757 1204 3828 διαφόροις
1255 3756 1524 3819 ὲκδικίαις
1579 3755 1871 3808 συντελουο

284 3855 452 3926 μένῃ.
487 3851 681 3924 Καιρῷ
706 3849 1003 3921 τοιγαροῦν
1030 3850 1108 3919 τῷ
1132 3855 1467 3920 προσήκοντι
1491 3848 1870 3912 σαλπίζοντος,

279 3948 444 4002 ἔσται
479 3945 792 4009 συντέλεια,
826 3945 888 3997 οὐ
921 3942 1017 3996 νῦν
1048 3942 1137 3994 ὅτε
1162 3943 1220 3993 ἐν
1253 3943 1318 4012 τῇ
1346 3939 1550 4012 θεωρίᾳ
1581 3939 1644 3993 τὸ
1685 3939 1876 3994 σαλπί-

283 4056 406 4094 σαι.
435 4039 594 4093 Κατὰ
630 4038 692 4092 δὲ
736 4038 829 4090 τὸν
856 4038 1204 4103 προσήκοντα
1237 4035 1432 4104 καιρδν
1460 4033 1557 4085 καὶ
1582 4033 1650 4086 τὰ
1687 4033 1876 4087 σαλπί-

283 4134 454 4198 ζοντα
510 4130 664 4192 τέλος
714 4129 982 4198 λήψεται,
1034 4127 1189 4196 φησὶ,
1241 4127 1335 4178 καὶ
1405 4126 1466 4177 τὸ
1521 4124 1876 4195 μυστήριονὸ

280 4224 613 4296 εύηγγέλισε
636 4221 767 4285 Θεὸς
795 4223 906 4284 τοῖς
931 4219 1128 4272 ἑαυτοῦ
1158 4217 1366 4280 δούλοις
1390 4219 1502 4280 τοῖς
1543 4219 1870 4286 προφήταις.

288 4316 462 4386 Ἄχρι
491 4316 599 4384 γὰρ
625 4314 727 4381 τῆς
765 4311 1001 4382 κρίσεως
1031 4311 1126 4363 καὶ
1158 4310 1255 4380 τῆς
1291 4309 1402 4361 τῶν
1430 4310 1647 4378 ἑκάστῳ
1684 4307 1876 4377 βεϐιω-

288 4409 472 4478 μένων
527 4405 874 4467 ἀντιδόσεως,
913 4403 1332 4472 προεφήτευσαν
1363 4402 1412 4453 οἱ
1465 4399 1766 4471 προφῆται.
1810 4401 1876 4450 Ὀ

283 4500 387 4554 καὶ
421 4497 624 4565 Παύλῳ
666 4496 746 4566 τῷ
785 4494 919 4565 θείῳ
951 4496 1120 4555 δοκεῖ,
1167 4493 1422 4561 γλώσσας
1452 4509 1512 4543 τε
1561 4491 1875 4545 παύσεσθαι

1976 3284 2030 3338 in
2064 3284 2283 3343 diebus,
2333 3279 2538 3350 inquit,
2570 3277 2724 3331 vocis
2765 3274 2980 3344 septimi
3011 3271 3212 3341 angeli.
3241 3267 3457 3324 Dictum
3486 3275 3577 3322 est

1977 3385 2160 3430 autem
2206 3389 2304 3442 per
2331 3374 2560 3440 ligurum
2588 3368 2822 3437 ellipsis,
2852 3367 2902 3420 id
2935 3376 3024 3420 est
3071 3362 3318 3418 delectus
3351 3360 3578 3415 :detleit
3667 3435 3674 3440 ἢ

1976 3468 2145 3522 enim.
2177 3463 2334 3518 Tuue
2362 3463 2469 3517 erit
2497 3461 2766 3532 temporis
2798 3458 2922 3512 tiuis
2957 3457 3036 3510 vel
3066 3453 3318 3509 absentia
3338 3492 3354 3516 ,
3395 3459 3457 3505 ut
3489 3451 3575 3505 sol

1977 3574 2085 3613 nou
2133 3558 2451 3612 dimetiatur
2518 3551 2844 3623 temporalia
2902 3546 3209 3604 intervalla.
3288 3543 3575 3613 Siquidem

1979 3652 2070 3705 ubi
2121 3649 2406 3704 caniturus
2445 3658 2530 3701 est
2589 3646 2857 3716 septimus
2907 3640 3169 3711 angelus,
3222 3647 3356 3692 tunc
3406 3634 3576 3689 etiam

1977 3741 2299 3813 temporalia
2332 3741 2505 3809 spatia
2536 3754 2633 3794 seu
2686 3735 2971 3790 intervalla
3004 3732 3260 3788 deﬁcient
3299 3748 3313 3784 :
3360 3735 3418 3786 et
3447 3728 3573 3782 uni-

1979 3851 2137 3891 versa
2199 3834 2497 3904 impiorum
2553 3831 2769 3901 punitio
2834 3825 3176 3890 imminebit,
3239 3839 3366 3894 quae
3407 3822 3579 3876 rariis

1981 3929 2162 3999 plenis
2215 3928 2549 3997 perﬁciatur.
2605 3924 2746 3980 Cum
2806 3922 2976 3992 igitur
3029 3934 3276 3988 congruo
3333 3927 3580 3985 tempore

1983 4021 2272 4075 caniturus
2311 4029 2414 4082 est,
2445 4018 2556 4070 erit
2581 4013 3013 4076 consummatio,
3039 4025 3150 4065 non
3182 4024 3328 4065 nunc
3353 4009 3580 4078 quando

1983 4109 2036 4163 in
2085 4108 2546 4176 contemplatione
2600 4106 2728 4159 tuba
2767 4103 2940 4157 canit.
2981 4100 3343 4156 Convenieuti
3391 4108 3577 4155 autem

1985 4211 2234 4272 tempore
2269 4201 2432 4254 linem
2465 4213 2685 4269 quoque
2734 4196 3008 4265 accipient
3041 4211 3163 4264 quae
3198 4193 3326 4248 tu-ba
3368 4207 3578 4246 canuno

1984 4305 2094 4358 tur,
2140 4295 2336 4362 inquit,
2391 4302 2446 4347 et
2493 4290 2813 4362 mysterium
2845 4288 2990 4358 quod
3026 4285 3377 4340 annuntiavit
3434 4284 3578 4339 Dens

1983 4386 2160 4441 servis
2197 4385 2314 4440 suis
2365 4383 2665 4455 prophetis.
2700 4380 2836 4435 Nam
2895 4395 3072 4449 usque
3117 4379 3184 4432 ad
3215 4378 3484 4448 judicium
3524 4390 3579 4434 et

1983 4495 2174 4534 eorum
2229 4479 2606 4546 repcusiouem
2663 4491 2784 4546 quae
2823 4475 3058 4544 quisque
3102 4473 3154 4526 in
3199 4474 3305 4526 vita
3346 4473 3576 4542 peregit,

283 4590 413 4645 κατ’
447 4591 625 4644 ὲκείνο
659 4587 879 4659 καιροῦ,
927 4588 1024 4640 καὶ¹
1063 4586 1404 4657 προφητείας
1449 4584 1869 4655 καταργηθήσε-

1985 4572 2269 4627 vaticinati
2299 4579 2428 4624 sunt
2459 4569 2736 4638 pr0pltet:e
2767 4585 2779 4623 :
2807 4567 2952 4636 (μιοιι
2989 4575 3042 4622 et
3073 4566 3199 4618 divo
3231 4563 3403 4636 Paulo
3434 4565 3576 4618 vidu-

288 4684 440 4736 σθαι.
475 4680 893 4751 Εὑαγγελισμὸν
923 4679 980 4733 δὲ
1025 4680 1126 4750 τὴν
1172 4679 1378 4731 τούτων
1423 4677 1652 4730 ἔκϐασιν
1690 4676 1874 4741 καλεῖ,

279 4771 377 4827 διὰ
403 4772 504 4846 τὴν
535 4771 951 4845 ἡτοιμασμένην
983 4773 1096 4833 τοῖς
1119 4769 1300 4836 ἁγίοις
1324 4770 1656 4826 ἀνάπαυσιν.

360 5038 473 5093 Καὶ
517 5037 556 5104 ἡ
581 5035 752 5105 φωνὴ
784 5035 864 5104 ἢν
900 5034 1140 5105 ἤκουσα
1162 5036 1230 5089 ἐκ
1261 5034 1367 5090 τοῦ
1396 5035 1659 5103 οὐρανοῦ
1690 5035 1879 5088 πάλιν

283 5130 570 5186 λαλοῦσα
619 5133 748 5198 μετ’
807 5130 955 5198 ἐμοῦ
997 5130 1096 5183 καὶ
1137 5127 1410 5196 λέγουσα
1437 5147 1451 5161 ο
1507 5130 1742 5198 ’Ὕπαγε
1775 5128 1876 5180 καὶ

280 5223 436 5278 λάϐε
483 5223 549 5276 τὸ
591 5221 970 5290 ,ϐιϐλιδάριον
997 5225 1062 5275 τὸ
1094 5221 1476 5292 ἀνεῳγμένον
1511 5222 1581 5274 ἐν
1605 5221 1680 5290 τῇ
1724 5221 1878 5290 χειρὶ

281 5315 396 5369 τοῦ
425 5313 687 5384 ἀγγέλου
711 5314 816 5368 τοῦ
845 5314 1105 5381 ἑστῶτος
1130 5314 1229 5368 ἐπὶ
1269 5312 1379 5382 τῆς
1405 5314 1728 5381 θαλάσσης
1777 5314 1874 5368 καὶ

280 5407 390 5459 ἐπὶ
439 5405 553 5475 τῆς
594 5406 729 5476 γῆς.
774 5407 888 5460 Καὶ
936 5405 1222 5474 ἀπῆλθον
1259 5407 1414 5474 πρὸς
1462 5408 1570 5460 τὸν
1607 5405 1876 5474 ἄγγελον

281 5499 486 5568 λέγων
516 5497 694 5568 αὐτῷ,
715 5499 929 5554 δοῦναι
954 5517 1055 5568 μοι
1087 5501 1151 5553 τὸ
1172 5499 1574 5568 βιϐλιδάριον,
1593 5500 1688 5553 καὶ
1719 5501 1884 5569 λέγει

281 5605 392 5657 μοι
415 5606 428 5618 ·
460 5589 618 5644 Λάϐε
648 5590 745 5644 καί
779 5589 1089 5659 κατάφαγε
1117 5591 1288 5655 αὐτὸ,
1320 5591 1418 5653 καὶ
1461 5589 1740 5657 πικρανεῖ
1765 5606 1883 5644 σου

1984 4675 2096 4729 tur,
2138 4680 2334 4734 nempe
2393 4664 2603 4731 linguas
2656 4676 2721 4716 eo
2769 4670 3014 4728 tempore
3065 4669 3378 4713 cessaturas
3431 4674 3575 4722 esse,

1984 4759 2149 4831 739
2171 4768 2223 4812 et
2254 4756 2568 4827 proplwlius
2601 4755 2924 4809 altoleudas.
2960 4752 3166 4806 llorunt
3194 4762 3378 4806 autem
3405 4766 3575 4805 even-

1985 4862 2102 4908 tum
2134 4861 2292 4907 vocat
2320 4848 2746 4919 εὐαγγελισμὸν,
2781 4849 2834 4903 id
2868 4855 2954 4901 est
2985 4847 3164 4902 laetam
3196 4845 3578 4900 annuntiatio-

1989 4961 2134 5006 nem,
2177 4955 2398 5014 propter
2438 4956 2682 5013 paratam
2719 4943 2926 4997 sanctis
2963 4942 3233 5009 requiem.

2062 5035 2125 5090 ιχ
2141 5075 2156 5100 ,
2176 5039 2230 5101 8,
2246 5036 2304 5090 9.
2332 5035 2398 5088 Et
2426 5051 2525 5089 rem
2539 5052 2697 5103 quam
2715 5035 2890 5086 rmdivi
2908 5036 2970 5085 de
2988 5035 3114 5086 caelo
3137 5049 3346 5086 rursum
3361 5031 3575 5100 loquens

1988 5147 2208 5194 merum,
2246 5140 2294 5184 el
2319 5131 2496 5182 (licens
2522 5145 2540 5183 :
2571 5129 2691 5190 Abi,
2719 5136 2768 5181 et
2808 5129 2982 5194 arripe
3006 5127 3238 5181 libellum
3257 5135 3492 5192 apertum
3514 5127 3576 5175 de

1989 5242 2149 5280 manu
2194 5223 2370 5292 angeli
2403 5223 2593 5274 stantis
2623 5235 2777 5287 super
2818 5234 2962 5271 mare
2991 5230 3036 5271 et
3064 5233 3220 5284 super
3253 5229 3471 5270 terram.
3506 5213 3574 5267 Et

1989 5317 2100 5370 abii
2123 5316 2192 5369 ad
2225 5314 2491 5382 angelum,
2531 5314 2746 5382 dixique
2775 5313 2853 5366 illi
2885 5324 2939 5364 at
2970 5313 3118 5364 dare!
3150 5312 3279 5365 milii
3315 5309 3574 5374 libellum,

1983 5419 2032 5462 et
2061 5409 2135 5462 ait
2164 5407 2292 5459 mihi
2319 5423 2338 5460 :
2366 5406 2575 5473 Acripe,
2605 5415 2654 5460 et
2699 5405 2889 5460 devora
2924 5403 3100 5456 illum:
3127 5414 3171 5455 ei
3217 5402 3375 5468 faciet
3422 5417 3572 5454 ama-

1984 5501 2149 5553 ricari
2172 5511 2398 5552 ventrem
2427 5508 2598 5564 tuum,
2636 5498 2724 5551 sed
2761 5498 2813 5549 in
2844 5513 2934 5549 ore
2967 5509 3055 5550 luo
3105 5497 3201 5550 erit
3238 5495 3411 5548 dulcis
3453 5506 3575 5548 tan-

1982 5609 2143 5662 quam
2177 5591 2294 5646 mel.

288 5684 410 5754 τὴν
433 5687 690 5748 κοιλίαν,
712 5687 851 5740 ἀλλ’
873 5687 944 5740 ἐν
972 5683 1052 5751 τῷ
1081 5686 1334 5756 στόματὶ
1355 5703 1472 5742 σου
1493 5685 1662 5739 ἔσται
1690 5685 1884 5752 γλυκὺ
1915 5686 2002 5753 ὡς
2019 5686 2178 5757 μέλι.

363 5845 412 5880 ⁸⁷
467 5842 604 5900 Gen.
640 5860 776 5906 xxu.
811 5843 901 5900 16.
