4110 6410
560 418 669 485 643

1393 416 1720 477 ΔΒΕΤΠΕ
1755 416 2131 476 C/ESAIiE/E
2172 414 2655 475 CAPPADOCl/E
2693 413 3035 475 EPISCOPI

3710 410 3821 478 644

632 534 857 603 Oportet
906 531 970 586 ad
1011 530 1303 599 pleniorem
1340 543 1526 583 eorum
1572 544 1696 595 quae
1744 527 2002 581 dicuntur
2057 528 2142 580 in-

2324 530 2415 580 Δεί
2441 527 2576 597 πρὸς
2605 526 2990 598 ἐντελεστέραν
3010 526 3120 579 τῶν
3154 526 3464 595 λεγομένων
3510 527 3713 594 γνῶσιν
3746 528 3825 597 τῷ

560 624 930 692 ti-lligentiam,
980 632 1074 675 aut
1122 622 1391 691 praedicta:
1434 621 1718 675 sententia:
1775 627 1963 689 aptare
2013 635 2137 672 ver-

561 720 689 770 bum
715 715 1140 775 substantivum,
1162 724 1221 767 ut
1248 715 1318 768 sit
1343 728 1577 768 sensus:
1607 714 1671 765 lit
1707 727 1807 765 vox
1843 727 2005 780 quam
2039 727 2131 765 auo

560 811 668 861 divi
699 809 767 861 de
800 813 956 870 emlu,
992 821 1210 860 rursum
1250 818 1368 860 erat
1423 806 1654 873 loquens
1701 820 1912 858 mecum
1948 815 2003 857 et
2053 805 2140 858 di-

557 912 687 949 cens
724 914 735 949 :
775 904 888 957 aut,
930 894 1085 949 llanc
1135 911 1321 949 vocem
1360 896 1542 949 audivi
1602 910 1822 949 rursum
1868 894 2137 948 dicentem

561 986 689 1039 milii
729 1004 741 1038 :
774 988 875 1040 hoc
917 996 1098 1039 autem
1131 997 1234 1052 est,
1268 1006 1287 1038 ι
1319 986 1513 1041 Audivi
1569 1002 1787 1041 rursum
1821 987 2090 1040 dicentem
2118 1001 2131 1038 :

556 1079 752 1141 Abi,et
783 1079 967 1146 accipe
988 1079 1493 1149 libellnmapertum
1516 1082 1580 1131 de
1602 1095 1765 1132 manu
1798 1080 1971 1149 angeli
1995 1090 2138 1133 stan-

558 1174 624 1225 tis
649 1186 815 1240 super
834 1186 982 1225 mare
1007 1180 1059 1224 et
1084 1185 1244 1242 super
1279 1173 1612 1226 terranmEt
1644 1173 1731 1225 bic
1752 1173 1855 1225 alia
1884 1173 2135 1241 qmedam

519 1257 882 1318 Eeininentior
940 1264 1183 1332 angelica
1246 1273 1487 1333 potestas
1564 1264 1776 1317 videtur
1843 1264 2139 1332 praecipere

518 1352 922 1427 {evangelista
988 1363 1047 1408 ut
1077 1370 1172 1423 per
1235 1355 1435 1409 librum
1491 1354 1862 1423 cognitionem
1907 1355 2139 1422 accipiat

505 1429 533 1548 β
559 1462 750 1501 corum
771 1463 894 1516 qua:
922 1448 1146 1502 oraculo
1168 1449 1537 1503 tradebantur.
1574 1448 1714 1514 Quid
1742 1459 1924 1503 autem
1952 1451 2138 1517 loque-

557 1539 717 1592 liatur
744 1537 768 1590 ?
799 1538 867 1593 Ut
900 1550 1119 1608 caperet
1145 1541 1342 1594 librum
1376 1542 1444 1594 ab
1471 1542 1685 1609 angelo.

626 1721 816 1791 Accipe
847 1734 895 1776 et
914 1723 1106 1776 devora
1127 1723 1299 1786 illum,
1333 1733 1440 1778 etc.
1467 1723 1627 1778 Juxta
1663 1725 1807 1793 quod
1833 1725 1962 1778 milii
1996 1740 2135 1793 pra:-

554 1822 768 1881 cu-ptum
810 1822 948 1877 erat,
986 1814 1182 1883 inquit,
1218 1814 1324 1868 abii
1355 1816 1420 1869 ad
1452 1816 1704 1885 angelum
1758 1828 1952 1885 petens
1978 1817 2133 1870 libel-

2242 621 2591 689 προκειμένῳ
2621 619 2865 691 ρητῷ,ἥ
2917 619 2980 671 τὸ
3028 618 3367 687 ὑπαρκτικὸν
3409 619 3558 689 ῥῆμα
3592 620 3829 688 προσνέ-

2245 727 2389 779 μειν,
2413 712 2489 771 ὡς
2519 704 2657 761 εἷναι
2688 707 2859 769 οὕτως
2884 724 2899 739 ο
2938 709 3049 761 Καὶ
3069 710 3102 777 ἡ
3135 709 3287 778 φωνὴ
3314 712 3381 777 ἣν
3413 710 3622 778 ἤκουσα
3644 711 3710 761 ἐκ
3731 708 3829 762 τοῦ

2240 799 2494 871 ούρανοῦ,
2528 796 2597 870 ἦν
2633 799 2796 850 πάλιν
2824 798 3064 852 λαλοῦσα
3089 799 3204 868 μετ’
3235 798 3371 867 ἐμοῦ
3415 801 3507 851 καὶ
3544 798 3783 868 λέγουσα

2243 893 2301 963 ἢ,
2364 892 2579 961 Ταύτην
2601 892 2699 961 τὴν
2733 891 2917 961 φωνὴν
2968 892 3178 961 ἤκουσα
3207 891 3369 944 πάλιν
3408 891 3670 959 λέγουσαν
3704 892 3829 961 μετ’

2242 981 2399 1053 ἐμοῦ.
2437 982 2610 1036 Τοῦτο
2638 982 2694 1035 δέ
2723 984 2839 1034 ἐστι
2882 981 2966 1044 τὸ,
2999 1000 3018 1031 (
3058 982 3304 1033 Ἤκοισα
3339 981 3502 1033 πάλιν
3535 980 3825 1048 λέγουσαν*

2243 1076 2461 1143 ’Ύπαγε
2511 1075 2605 1128 καὶ
2654 1074 2785 1130 λάϐε
2820 1072 2881 1125 τὸ
2911 1072 3244 1143 βιῶιδάριον
3277 1073 3340 1125 τὸ
3385 1075 3733 1144 ἀνεῳγμένον
3768 1075 3828 1125 ὲν

2239 1171 2305 1236 τῇ
2342 1168 2487 1236 χειρὶ
2522 1166 2616 1219 τοῦ
2640 1164 2875 1233 ἀγγέλου
2897 1163 2991 1218 τοῦ
3024 1166 3258 1228 ἑστῶτος
3298 1165 3393 1217 ἐπὶ
3418 1168 3516 1234 τῆς
3546 1165 3825 1235 θαλάσσης

2241 1261 2335 1314 καὶ
2358 1260 2450 1311 ἐπὶ
2501 1258 2602 1327 τῆς
2659 1258 2783 1327 γῆς.
2823 1277 2842 1309 ι
2877 1257 3172 1311 Κάνταῦθα
3226 1258 3361 1329 ἄλλη
3418 1275 3503 1321 τις
3550 1258 3825 1328 ἀγγελικὴ

2242 1350 2519 1421 ύπερτέρα
2569 1350 2797 1419 δύναμις
2864 1348 2941 1418 τῷ
3002 1350 3368 1418 εὐαγγελιστῇ
3428 1349 3821 1416 ἐγκελεύεσθαι

2240 1442 2487 1509 φαίνεται
2510 1441 2597 1493 διὰ
2620 1440 2712 1493 τοῦ
2750 1440 2954 1509 βιϐλίου
2985 1442 3084 1511 τὴν
3122 1440 3326 1508 γνῶσιν
3359 1441 3467 1494 τῶν
3494 1442 3826 1512 χρησμῳδη-

2240 1533 2445 1586 Θὲντων
2480 1533 2867 1597 ὐποδέξασθαι.
2909 1534 2974 1585 Τί
3034 1532 3091 1585 δὲ
3146 1533 3362 1599 ὲλάλεις
3401 1535 3603 1587 Λαϐεἰν
3641 1535 3702 1587 τὸ
3741 1533 3825 1603 βι-

2239 1624 2387 1676 ϐλίον
2421 1626 2485 1677 ἐκ
2514 1624 2609 1677 τοῦ
2640 1625 2898 1693 ἀγγέλου.
3780 1692 3783 1693 ν

2309 1717 2463 1771 Λάϐε
2516 1716 2616 1769 καὶ
2664 1716 2970 1786 κατάφαγε
3022 1717 3207 1781 αὐτὸ,
3241 1717 3337 1770 καὶ
3374 1716 3520 1785 ἑξῆς.
3567 1718 3727 1771 Κατὰ
3764 1719 3825 1768 τὸ

2244 1806 2590 1877 προσταχθέν
2623 1823 2735 1875 μοι,
2771 1806 2960 1875 φησὶν,
2996 1804 3237 1874 ἀπῆλθον
3282 1803 3421 1874 πρὸς
3467 1802 3561 1855 τὸν
3586 1801 3822 1870 ἄγγελον

557 1904 691 1966 Ιιιιιι,
728 1915 781 1957 et
818 1917 1097 1973 acceptum
1139 1907 1349 1960 comedi
1390 1907 1544 1974 juxta
1578 1906 1723 1961 illius
1778 1918 2130 1977 praeceptum,

2240 1899 2407 1954 αἰτῶν
2438 1899 2499 1951 τὸ
2558 1898 2913 1969 βιϐλιδάριον,
2976 1896 3068 1949 καὶ
3116 1895 3299 1949 λαϐὼν
3348 1895 3553 1962 ἔφαγον
3589 1895 3734 1948 κατὰ
3762 1895 3825 1945 τὸ

554 1994 671 2061 qui,
716 2006 773 2047 ut
812 1996 859 2047 ei
885 2010 1103 2063 quoque
1127 1995 1302 2049 visum
1336 1998 1509 2051 fuerat
1537 1998 1629 2066 qui
1662 1996 1906 2063 dederat,
1942 2000 1995 2051 in
2028 1999 2134 2051 ini-

556 2086 632 2138 tio
657 2088 833 2141 dulcis
852 2098 965 2141 erat
998 2098 1218 2158 propter
1239 2089 1552 2144 futurorum
1575 2091 1942 2160 cognitionem
1973 2110 1986 2145 :
2009 2108 2133 2146 nam

555 2179 659 2233 hoc
686 2181 938 2249 designat
980 2196 1075 2248 per
1104 2198 1187 2246 us,
1218 2182 1345 2251 quia
1375 2198 1470 2250 per
1495 2182 1671 2250 ipsum
1702 2182 1759 2236 fit
1789 2183 2002 2237 initium
2037 2199 2133 2237 co-

554 2271 869 2325 inestionis:
905 2288 1071 2341 porro
1100 2289 1322 2329 amarus
1364 2284 1482 2328 erat
1510 2276 1563 2328 in
1615 2286 1825 2339 ventre,
1889 2288 2131 2330 ventrem

558 2363 749 2417 dicens
782 2364 952 2417 animi
986 2366 1466 2434 recogitationem,
1507 2366 1623 2422 sive
1653 2381 2004 2436 prOgrcssum
2040 2383 2133 2422 ra-

554 2456 839 2508 tionalium
874 2458 1279 2511 alimentorum.
1316 2459 1585 2524 Quoniam
1605 2460 1751 2513 enim
1783 2470 2008 2514 noverat
2032 2462 2135 2514 im-

554 2545 767 2610 piorum
805 2546 1093 2613 supplicia,
1125 2563 1247 2615 qua:
1274 2547 1344 2601 ab
1375 2563 1566 2602 eorum
1608 2564 1731 2618 quae
1764 2565 1795 2603 a
1825 2549 1935 2605 Deo
1972 2566 2135 2619 sepa-

555 2636 655 2688 rati
702 2645 862 2689 erant
924 2638 1185 2706 operibus
1241 2642 1649 2708 procedebant:
1704 2650 1931 2696 noverat
1970 2647 2135 2699 etiam

552 2727 698 2794 quod
727 2726 842 2781 lia-c
872 2730 1088 2790 n0titia,
1126 2745 1320 2799 nempe
1345 2732 1487 2798 quod
1525 2732 1775 2788 homines
1799 2734 1885 2789 sui
1918 2736 2135 2805 generis

556 2815 667 2870 Deo
702 2817 1052 2874 abominandi
1087 2832 1293 2887 essent,
1328 2832 1384 2876 et
1416 2822 1488 2876 ob
1515 2823 1568 2877 id
1600 2826 1796 2880 merito
1825 2826 1879 2880 in
1919 2828 2133 2897 suppli-
2172 2882 2175 2885 λ

554 2907 635 2959 (:ia
685 2908 1000 2976 alnjieiendi,
1045 2927 1210 2965 causa
1242 2912 1380 2967 foret
1411 2915 1796 2971 amaritudinis
1837 2917 1890 2970 in
1938 2932 2005 2973 eo
2036 2919 2130 2988 qui

550 2999 1014 3069 contemplatione
1036 3003 1239 3071 dignus
1262 3005 1574 3073 haberetur,
1604 3007 1674 3061 ob
1695 3009 2129 3078 compassionem

551 3102 679 3157 erga
720 3090 844 3144 illos
868 3092 961 3159 qui
997 3094 1077 3146 sui
1114 3096 1331 3163 generis
1356 3106 1560 3151 essent.
1595 3097 1783 3154 Potest
1817 3099 1918 3155 hoc
1951 3101 2117 3155 etiam

2241 1990 2451 2054 ἐκείνου
2493 1989 2847 2059 πρόσταγμα,
2881 1989 2909 2041 ὁ
2942 1991 3035 2041 καὶ
3067 1983 3167 2058 ἦν,
3199 1989 3271 2048 ῶς
3295 1987 3468 2039 ἐδόκει
3503 1986 3595 2040 καὶ
3628 1986 3706 2053 τῷ
3735 1986 3826 2038 δε-

2235 2082 2454 2148 δωκότι,
2508 2082 2682 2150 γλυκὺ
2726 2082 2825 2152 μὲν
2874 2080 2993 2133 κατ’
3026 2080 3225 2150 ἀρχὰς,
3262 2078 3349 2132 διὰ
3398 2079 3498 2149 τὴν
3548 2078 3659 2131 τῶν
3696 2077 3825 2146 μελ-

2235 2175 2438 2229 λόντων
2467 2175 2669 2243 γνῶσιν
2692 2190 2707 2205 ·
2759 2175 2920 2227 τοῦτο
2949 2174 3056 2243 γὰρ
3086 2173 3390 2226 αἰνίττεται
3425 2172 3511 2224 διὰ
3547 2171 3641 2223 τοῦ
3698 2172 3793 2222 στὸ

2239 2282 2432 2335 ματος,
2476 2266 2558 2318 ὅτι
2581 2265 2649 2316 δι’
2678 2262 2844 2317 αὐτοῦ
2877 2266 2909 2333 ἡ
2943 2263 3036 2316 τοῦ
3088 2263 3290 2315 ἐσθίειν
3328 2262 3469 2331 ἀρχή
3494 2278 3506 2289 ·
3540 2261 3739 2332 τιικρίιν
3765 2261 3822 2314 δὲ

2236 2359 2293 2410 ὲν
2315 2357 2517 2427 κοιλίᾳ,
2546 2355 2753 2411 κοιλίαν
2781 2356 2842 2410 τὺ
2875 2355 3216 2425 διανοητικὸν
3240 2354 3413 2422 λέγων
3449 2353 3481 2423 ἢ
3516 2354 3823 2423 χωρητικὸν

2233 2447 2342 2501 τῶν
2375 2447 2606 2515 λογικῶν
2634 2446 2870 2517 τροφῶν.
2913 2445 3068 2499 Ἐπεὶ
3094 2444 3203 2511 γὰρ
3236 2443 3377 2511 ἔγνω
3412 2444 3509 2507 τὰς
3540 2443 3650 2496 τῶν
3686 2445 3813 2498 ἀσε-

2234 2539 2345 2590 ϐῶν
2404 2538 2653 2602 κολάσεις
2709 2538 2768 2605 ἐξ
2832 2536 3010 2607 ἔργων
3065 2535 3367 2607 ἐσχηκυίας
3419 2535 3517 2605 τὴν
3585 2534 3821 2605 ὓπαρξιν

2233 2627 2342 2680 τῶν
2369 2629 2741 2699 ἁπηχημένων
2774 2627 2913 2697 Θεῷ,
2945 2627 3087 2695 ἔγνω
3113 2629 3209 2680 καὶ
3235 2626 3311 2689 ὡς
3338 2625 3415 2695 τῷ
3445 2627 3543 2694 τῆς
3583 2626 3818 2696 θεωρίχς

2233 2719 2522 2791 ἡξιωμένῳ
2568 2721 2655 2773 διὰ
2699 2719 3044 2790 συμπάθειαν
3103 2718 3198 2772 τοῦ
3249 2717 3543 2786 ὁμογενοῦς
3586 2718 3815 2786 πικρίας

2233 2813 2522 2884 παραίτιον
2564 2815 2853 2883 γενήσεται
2892 2814 2926 2884 ἡ
2957 2812 3159 2881 γνῶσις
3198 2810 3291 2867 τοῦ
3348 2810 3641 2880 ὁμογενοῦς
3672 2809 3823 2865 ἐϐδε-

2232 2905 2506 2974 λυγμένου
2532 2904 2672 2975 Θεῷ,
2707 2906 2802 2959 καὶ
2827 2905 2915 2959 διὰ
2942 2905 3101 2958 τοῦτο
3152 2904 3440 2961 κολάσεσιν
3469 2904 3634 2968 ἀξίως
3684 2904 3817 2958 ὑπος

2233 2998 2663 3069 ϐληοησομένου.
2701 3000 2857 3050 Ἔστι
2886 2998 2980 3050 καὶ
3006 2997 3183 3059 οὕτως
3215 2997 3346 3066 περὶ
3372 2995 3577 3049 τούτων
3600 2998 3777 3051 εἰπεῖν
3804 3014 3816 3024 ·

2234 3091 2345 3144 Kal.
2376 3089 2564 3160 ἐπειδὴ
2598 3091 2656 3142 ἐν
2690 3089 2767 3159 τῷ
2799 3089 2991 3160 βιϐλίῳ
3030 3088 3206 3158 τούτῳ
3255 3089 3409 3141 πᾶσα
3435 3087 3819 3157 ὲναπόγραφος

552 3181 716 3235 modo
741 3181 807 3235 de
834 3182 920 3237 bis
949 3184 1054 3239 dici
1086 3202 1100 3239 :
1130 3186 1401 3251 Quoniam
1438 3188 1492 3243 in
1529 3189 1633 3245 hoc
1679 3192 1816 3245 libro
1848 3192 2124 3263 descripta

2236 3185 2265 3253 ἡ
2317 3182 2426 3237 τῶν
2474 3184 2531 3235 ὲν
2576 3180 2710 3253 τῷδε
2764 3182 2843 3251 τῷ
2872 3181 2973 3251 βίῳ
3021 3179 3577 3250 ὲμπεπολιτευμένων
3608 3179 3821 3246 ἀγωγὴ,

550 3281 706 3325 erant
732 3273 984 3328 universa
1024 3277 1201 3330 studia
1231 3292 1421 3332 eorum
1451 3280 1545 3349 qui
1578 3280 1633 3333 in
1658 3281 1761 3336 hac
1787 3282 1895 3336 vita
1931 3286 2130 3338 versati

2239 3274 2463 3337 εἰκότως
2496 3275 2618 3327 κατ’
2646 3275 2824 3344 ἀρχὰς
2860 3278 2958 3343 μὲν
2988 3274 3045 3326 ὲν
3074 3276 3141 3343 τῇ
3167 3272 3277 3325 τῶν
3304 3272 3689 3340 άγαθουργιῶν
3737 3272 3823 3326 εὺ-

554 3360 767 3416 fuerant
809 3365 1004 3419 merito
1035 3366 1191 3435 juxta
1217 3367 1370 3423 initia
1408 3371 1628 3438 quidem
1670 3372 1721 3424 in
1764 3371 1905 3427 felici
1960 3374 2133 3429 bono-

551 3469 672 3506 rum
708 3468 937 3524 operum
970 3472 1230 3512 successu
1258 3460 1579 3538 dulcescere'
1600 3463 1896 3537 videbatur
1921 3481 1935 3519 :
1963 3480 2131 3534 porro

558 3542 649 3597 ubi
687 3543 908 3615 longius
954 3550 1337 3616 processisset,
1391 3552 1539 3620 quod
1589 3554 1792 3607 indicat
1837 3554 2133 3609 devorandi

549 3647 677 3696 vox,
713 3643 767 3687 et
819 3636 872 3688 in
909 3652 1203 3705 pravorum
1240 3640 1676 3697 abominationes
1716 3645 2012 3711 perductus
2046 3661 2137 3699 es-

550 3732 655 3786 set,
686 3724 848 3794 740
875 3729 1120 3782 cruciatu
1152 3736 1200 3783 el
1236 3732 1601 3786 amaritudine
1628 3734 1938 3802 replebatur
1964 3753 1977 3788 :
2007 3750 2134 3790 cru-

552 3814 694 3867 ciatu
720 3818 962 3883 quidem,
993 3829 1214 3888 propter
1244 3821 1512 3890 eiulatum
1546 3835 1891 3892 peccatorum
1921 3841 1987 3880 ex
2014 3834 2129 3881 tor-

554 3907 793 3965 mentis:
842 3909 1209 3965 amaritudine
1239 3926 1389 3977 vero,
1420 3913 1547 3984 quia
1588 3924 1779 3969 contra
1808 3917 1883 3971 illi
1914 3918 2007 3986 qui
2042 3917 2129 3973 sui

549 3999 764 4063 generis
794 4011 972 4067 erant,
1005 4017 1074 4057 ne
1104 4019 1197 4058 eos
1227 4005 1445 4074 quidem
1500 4007 1738 4061 tulerant
1768 4009 1861 4078 qui
1913 4010 2129 4080 egregia
2151 4071 2167 4090 .

2237 3366 2400 3436 τυχίᾳ⁸
2429 3366 2801 3435 γλυκανθῆναι
2823 3366 3094 3435 ἐφαίνετο.
3130 3366 3255 3418 Ἐπὶ
3285 3363 3420 3417 πολὺ
3451 3364 3507 3416 δὲ
3531 3362 3821 3432 προϐάντι,

2236 3460 2375 3529 ὅπερ
2405 3460 2439 3529 ἡ
2472 3460 2776 3523 κατάποσις
2808 3460 3138 3529 είσηγείται,
3163 3458 3259 3513 καὶ
3288 3460 3407 3520 ταῖς
3440 3454 3549 3509 τῶν
3579 3456 3821 3524 κοιιιιούρ⁶

2239 3569 2354 3620 γων
2389 3552 2791 3623 περιενεχθέντι
2811 3552 3134 3623 βδελυρίαις,
3175 3550 3366 3620 ὀδύνης
3402 3548 3822 3619 ἀναπλησθῆναι

2242 3644 2339 3698 καὶ
2398 3644 2624 3714 πικρίας
2655 3660 2668 3674 ⁸
2725 3644 2939 3714 ὀδύνης,
2978 3643 3067 3697 διὰ
3094 3645 3186 3699 τὸν
3217 3645 3280 3695 ἐκ
3303 3643 3410 3696 τῶν
3436 3641 3688 3711 βασάνων
3714 3640 3823 3692 τῶν

2241 3736 2583 3806 ἁμαρτωλῶν
2632 3736 2928 3805 ὀλολυγμὸν
2950 3752 2963 3769 ο
3000 3736 3227 3804 πικρίας
3252 3772 3267 3797 ,
3298 3734 3380 3787 ὃτι
3412 3733 3486 3803 μὴ
3533 3729 3823 3800 ἐνάμιλλοι

2240 3827 2335 3893 καὶ
2355 3828 2509 3881 αὐτοὶ
2539 3829 2818 3896 ὁμογενεῖς
2836 3828 2986 3890 ὄντες
3013 3830 3125 3889 τοῖς
3150 3824 3568 3894 κατωρθωκόσιν
3592 3822 3821 3893 ἠνέχθη-

2240 3919 2443 3973 σαν.Ἧ
2470 3918 2585 3981 πῶς
2616 3919 2681 3972 ἂν
2698 3919 2759 3971 τὸ
2781 3919 2959 3987 λόγιον
2988 3918 3256 3971 ἐκτελεῖτο
3282 3917 3363 3980 τὸ,
3384 3934 3403 3967 ι
3428 3914 3654 3985 Χαίρειν
3685 3914 3824 3984 μετὰ

2238 4012 2566 4083 χαιρόντων,
2600 4013 2693 4065 καὶ
2721 4013 2926 4065 κλαίειν
2958 4012 3100 4081 μετὰ
3136 4011 3471 4077 κλαιόντων;
3503 4026 3522 4061 ι

548 4084 791 4143 facinora
824 4092 1212 4158 praestiterant.
1240 4094 1456 4167 Alioqui
1474 4099 1748 4166 quomodo
1777 4084 2166 4171 compleretur'
2186 4103 2495 4168 oraculum,
2533 4122 2551 4154 ι
2582 4102 2825 4159 Gaudete
2876 4119 2998 4158 cum
3030 4103 3398 4175 gaudentibus
3421 4111 3473 4156 et
3526 4098 3651 4157 [lete
3694 4113 3819 4155 cum

548 4180 805 4237 ﬂentibus
825 4184 907 4237 '3?
936 4202 956 4238 ι

1112 4295 1343 4351 CAPUT
1376 4295 1542 4351 XXIX

550 4402 703 4468 Quod
756 4403 994 4459 libellum
1048 4407 1113 4461 de
1176 4410 1563 4491 manu-angeli
1602 4414 1923 4484 evangelista
1975 4433 2127 4471 acce-

1252 4491 1409 4547 perit.

630 4589 727 4655 IX,
755 4590 842 4654 10,
872 4590 961 4644 il.
995 4590 1061 4644 Et
1087 4594 1264 4661 occepi
1299 4594 1534 4649 libellum
1564 4598 1627 4651 de
1656 4617 1818 4652 manu
1851 4602 2044 4670 angeli,
2075 4612 2123 4656 et

550 4680 793 4732 devoravi
822 4682 999 4746 illum,
1021 4684 1308 4750 eratqueiu
1336 4702 1423 4738 ore
1454 4703 1568 4740 meo
1599 4699 1850 4758 tanquam
1876 4691 1977 4743 mel
2007 4691 2127 4744 dul-

549 4772 647 4830 c‘s,
679 4780 726 4822 ct
765 4786 885 4822 cum
934 4772 1264 4827 devorassem
1298 4777 1473 4841 illum,
1507 4784 1831 4835 amaricatus
1856 4792 1931 4835 est
1957 4795 2129 4837 venter

548 4876 692 4912 meus
719 4876 737 4913 :
765 4870 813 4915 et
845 4862 1025 4916 dicunt
1059 4867 1225 4919 mihi:
1254 4866 1471 4937 Oportet
1498 4880 1545 4924 te
1574 4888 1784 4924 rursum
1817 4874 2128 4943 prophetare

548 4951 605 5004 in
648 4954 877 5022 populis,
909 4965 955 5008 et
988 4959 1243 5027 gentibus,
1269 4971 1314 5014 et
1351 4961 1567 5031 linguis,
1593 4973 1642 5016 et
1676 4965 1883 5035 regibus
1921 4967 2124 5021 multis.

620 5125 807 5182 Potest
836 5140 891 5184 et
919 5132 1024 5185 alio
1072 5134 1234 5189 modo
1264 5136 1331 5190 de
1358 5138 1722 5194 amaritudine
1747 5155 1810 5193 ac
1836 5141 2129 5196 dulcedine

549 5214 739 5272 haberi
779 5222 1187 5291 contemplatio.
1244 5225 1512 5290 Quoniam
1560 5230 1704 5283 enim
1765 5242 1989 5286 sanctus
2032 5234 2125 5300 qui

548 5309 662 5363 lnuc
691 5311 1004 5367 intuebatur
1037 5331 1233 5384 expers
1260 5329 1378 5372 erat
1412 5318 1726 5388 huiusmodi
1761 5324 2126 5394 impietatum,

545 5399 769 5469 jubetur
803 5420 896 5472 per
924 5404 1045 5459 libri
1076 5410 1504 5473 devoratiunem,
1538 5413 1589 5466 in
1615 5430 1724 5483 quo
1748 5425 1801 5469 et
1830 5419 2052 5470 nomina
2077 5427 2130 5473 et

556 5494 807 5549 actiones
834 5495 1124 5564 iii-piorum
1169 5500 1611 5568 continebantur,
1649 5508 2005 5577 omniumque
2030 5522 2132 5577 pu-

551 5584 809 5651 nitiones,
857 5587 1101 5655 jubctur,
1138 5591 1400 5661 inquam,
1435 5611 1541 5648 non
1598 5596 1921 5666 simpliciter
1944 5597 2127 5665 edere,

548 5671 716 5737 (nam
749 5676 854 5730 hoc
906 5679 1181 5747 vulgarem
1233 5690 1286 5735 et
1347 5685 1784 5759 qualemcunque
1835 5689 2123 5759 experien-

617 5820 667 5857 ⁸⁸
722 5824 882 5879 Rom.
920 5846 1014 5897 xu,
1072 5833 1158 5890 13.

2160 4523 2204 4577 D

2804 4300 3053 4353 ΚΕΦΑΛ.
3088 4298 3215 4354 ΚΘ’.

2240 4413 2443 4478 Ὅπως
2466 4410 2533 4465 τὸ
2560 4411 2944 4480 ,βιϐλιδάριον
2974 4414 3041 4464 ἐκ
3086 4411 3286 4480 χειρὸς
3339 4412 3446 4465 τοῦ
3485 4411 3750 4481 ἀγγέλου
3790 4419 3822 4470 ό

2656 4482 3095 4552 εὐαγγελιστὴς
3118 4484 3389 4550 εἴληφεν.

2310 4595 2419 4650 Kal
2449 4595 2672 4650 ἔλαϐον
2694 4596 2761 4648 τὸ
2789 4596 3038 4659 ,βιϐλίον
3061 4596 3128 4647 ἐκ
3154 4594 3265 4663 τῆς
3291 4597 3490 4663 χειρὸς
3505 4598 3615 4652 τοῦ
3647 4599 3821 4669 ἀγγέ-

2200 4692 2343 4742 λου
2362 4732 2375 4754 ,
2416 4688 2517 4740 καὶ
2551 4687 2891 4756 κατέφαγον
2914 4689 3082 4742 αὑτό.
3117 4690 3222 4742 Καὶ
3255 4685 3333 4758 ἦν
3357 4690 3427 4742 ἐν
3458 4689 3538 4755 τῷ
3565 4695 3822 4761 στόματί

2223 4797 2365 4847 μου,
2399 4779 2479 4844 ὡς
2502 4779 2650 4846 μέλι
2680 4779 2897 4846 γλυκύ.
2931 4779 3039 4832 Kal
3070 4779 3174 4832 ὅτε
3214 4782 3447 4849 ἔφαγον
3487 4784 3657 4847 αὐτὸ,
3696 4786 3823 4837 ἐπι-

2230 4872 2457 4939 γριίνθη
2486 4872 2524 4938 ἡ
2552 4871 2751 4922 κοιλία
2794 4887 2914 4938 μου
2937 4910 2953 4935 ,
3016 4871 3116 4925 καὶ
3141 4870 3398 4939 λέγουσι
3435 4891 3572 4942 μοι·
3609 4875 3708 4928 Δεῖ
3746 4894 3821 4930 σε

2231 4962 2420 5015 πάλιν
2476 4962 2899 5031 προφητεῦσαι
2951 4963 3049 5016 ἐπὶ
3078 4964 3281 5031 λαοῖς,
3321 4965 3422 5018 καὶ
3455 4967 3555 5021 ἐπὶ
3589 4967 3818 5034 ἔθνεσι,

2231 5051 2329 5104 καὶ
2371 5051 2704 5120 γλώσσαις,
2735 5052 2834 5106 καὶ
2861 5054 3197 5117 ,ϐασιλεῦσι
3216 5056 3490 5121 πολλοῖς.

2308 5146 2468 5197 Ἔστι
2497 5145 2596 5197 καὶ
2634 5145 2809 5208 ἄλλως
2845 5146 2974 5216 περὶ
3018 5145 3113 5198 τοῦ
3172 5147 3373 5218 πικροῦ
3416 5148 3692 5219 θεωρῆσαι
3724 5152 3821 5203 καὶ

2231 5233 2325 5285 τοῦ
2359 5234 2625 5301 γλυκέως.
2670 5234 2823 5286 Ἐπεὶ
2873 5235 2982 5306 γὰρ
3024 5237 3051 5288 ὁ
3078 5235 3251 5289 ταῦτα
3276 5237 3416 5306 ὀρῶν
3450 5237 3624 5304 ἅγιος,
3659 5240 3818 5291 ἁπεί·

2239 5338 2402 5391 pato;
2428 5322 2690 5375 τοιούτων
2718 5324 3111 5393 ἀνοσιουργιῶν
3139 5327 3372 5397 ὑπῆρχε,
3405 5326 3688 5383 κελεύεται
3729 5329 3820 5381 διὰ

2232 5415 2331 5483 τῆς
2359 5416 2719 5479 καταπόσεως
2744 5416 2837 5469 τοῦ
2860 5416 3092 5486 βιϐλίου,
3123 5410 3167 5485 ᾧ
3198 5418 3334 5471 αἵτε
3368 5418 3702 5489 ὁνομάστραι
3724 5421 3820 5473 xal.

2232 5508 2288 5560 al
2324 5508 2552 5577 πράξεις
2580 5509 2689 5562 τῶν
2714 5509 2928 5563 ἀσεϐῶν
2942 5511 3262 5579 ὲνεφέροντο
3283 5513 3377 5564 καὶ
3404 5513 3459 5564 al
3489 5512 3578 5564 διὰ
3604 5514 3815 5574 πάντας

2232 5599 2505 5665 κολάσεις,
2542 5602 2701 5655 τοῦτο
2758 5607 2857 5673 οὐχ
2911 5603 3099 5668 ἁπλῶς
3146 5609 3339 5674 φαγεῖν
3368 5603 3546 5675 (τοῦτο
3581 5605 3688 5677 γὰρ
3719 5608 3816 5670 τὴν
3862 5634 3865 5637 η

2232 5692 2309 5757 ὡς
2343 5692 2499 5765 ἔτυχε
2558 5698 2755 5766 πεῖραν
2788 5696 3215 5767 ὑποϐάλλεται),
3265 5698 3404 5752 ἀλλὰ
3436 5702 3805 5769 καταφαγεῖν,
