4110 6468
279 409 384 478 615

1369 409 1760 474 COMMENT.
1805 409 1890 470 ΙΝ
1929 407 2380 472 APOCALYPSI
2393 411 2466 472 N.

3455 409 3564 475 646

278 529 582 597 τουτέστιν,
601 528 662 582 ἐν
697 526 866 600 πείρᾳ
889 526 985 582 τοῦ
1010 526 1340 598 πράγματος
1361 527 1638 594 γενέσθαι,
1678 527 1771 580 καὶ
1799 525 1874 590 ὡς

1982 527 2112 580 tiam
2153 525 2472 596 designat),
2509 527 2603 581 sed
2637 527 2924 596 devorare,
2961 527 3064 582 hoc
3113 521 3198 584 est
3231 525 3444 596 plenam
3484 529 3564 584 rei

281 621 588 694 αὐτουργὸν
615 623 974 692 κομισθῆναι,
1024 621 1098 686 ὡς
1145 621 1235 676 διὰ.
1271 620 1372 690 τῆς
1423 620 1628 690 πολλῆς
1675 621 1872 692 πείρας

281 713 614 784 ἐληλακότος
642 713 737 766 τοῦ
781 714 1051 768 τοιούτου.
1093 713 1175 767 Δι’
1227 713 1366 782 ὅπερ
1423 705 1707 782 καταρχὰς
1775 712 1876 782 μὲν

280 806 367 860 διὰ
396 807 500 878 τὴν
553 807 764 874 γνῶσιν
787 847 803 873 ,
845 807 973 878 ἥτις
1005 806 1095 860 ἀεὶ
1145 806 1618 877 περισπούδαστος
1657 803 1873 876 ἀνθρώςί

282 915 424 964 ποις,
459 898 797 970 γλυκύτητος
849 899 1090 970 ἔμφασιν
1123 902 1428 971 παρασχεῖν
1459 901 1732 968 φαίνεται,
1783 917 1876 953 πιο

284 989 444 1062 κρίας
491 991 570 1054 δὲ,
603 992 692 1045 διὰ
743 992 845 1063 τὴν
893 991 1340 1062 ἀπαραλόγιστον
1374 993 1580 1062 γνῶσιν
1629 993 1742 1048 τῶν
1801 993 1871 1064 τῇ

289 1083 490 1156 ἀμοιϐῇ
518 1083 625 1136 τῶν
659 1085 1060 1156 ἅνοσιουργιῶν
1093 1085 1560 1156 ύποκεισομένων.

351 1346 454 1400 Δεῖ
480 1360 557 1400 σε
579 1344 766 1400 πάλιν
799 1346 1236 1416 προφητεῦσαι.
1287 1348 1390 1402 Διὰ
1422 1348 1628 1404 τούτων
1657 1349 1870 1404 δείκνυ-

283 1455 372 1491 ται
399 1438 476 1510 μὴ
503 1439 702 1492 αὐτίκα
731 1439 872 1508 μετὰ
886 1438 983 1510 τὴν
1010 1439 1201 1510 ὅρασιν
1223 1439 1324 1510 τῆς
1349 1441 1749 1510 ἀποκαλύψεως
1771 1442 1871 1510 τὴν

285 1530 514 1582 ἔκϐασιν
542 1530 652 1583 τῶν
681 1530 994 1602 όραθέντων
1024 1532 1438 1597 ἐπακολουθεῖν,
1469 1533 1605 1587 ἀλλὰ
1633 1533 1746 1587 δεῖν
1776 1533 1870 1588 τὸν

285 1624 562 1693 μακάριον
599 1623 790 1677 τοῦτον
815 1625 1012 1678 πολλοῦ
1044 1625 1140 1678 τοῦ
1182 1625 1378 1696 χρόνου
1406 1627 1870 1698 παρατεινομένου

289 1711 458 1782 μέχρι
511 1711 612 1782 τῆς
663 1713 972 1777 συντελείας
1017 1714 1111 1768 τοῦ
1147 1715 1342 1785 θνητοῦ
1383 1715 1594 1786 κόσμου
1651 1715 1868 1784 τούτου,

282 1801 422 1854 καθὸ
452 1802 626 1856 ταῦτα
663 1802 762 1874 τὴν
819 1803 1100 1875 πλήρωσιν
1151 1805 1347 1872 λάϐοι,
1380 1806 1596 1870 πολλοῖς
1655 1825 1870 1880 προφη-

1980 620 2372 688 experientiam
2425 635 2664 684 sumere,
2705 630 2760 675 et
2785 622 2944 691 quasi
2987 621 3062 674 rei
3109 630 3306 676 auctor
3361 623 3564 691 depor-

1983 713 2112 776 tari,
2157 722 2416 781 tanquam
2459 714 2628 768 multa
2655 713 2988 784 experientia
3026 713 3094 768 ad
3131 713 3234 768 hoc
3267 713 3562 782 pervenis-

1977 814 2060 858 sct
2091 822 2106 862 :
2137 815 2360 875 propter
2389 805 2535 876 quod
2577 807 2630 859 in
2656 806 2812 860 initio
2840 805 3085 876 quidem,
3115 815 3336 874 propter
3361 805 3556 875 cogni-

1977 895 2178 950 tionem
2215 912 2336 966 qua:
2381 911 2596 967 semper
2629 897 2700 951 ab
2754 897 3075 952 hominibus
3122 913 3324 968 magno
3377 897 3568 952 studio

1975 989 2302 1054 atl‘ectatur,
2373 990 2677 1044 dulcedinis
2747 989 3276 1044 demonstrationem
3333 1003 3445 1059 pne
3505 1003 3566 1043 se

1974 1080 2121 1136 ferre
2149 1081 2406 1137 videtur:
2451 1082 2871 1138 amarieationis
2915 1097 3047 1137 vero
3085 1092 3312 1152 propter
3362 1081 3566 1137 infalli-

1973 1171 2138 1227 bilem
2173 1173 2549 1244 cognitionem
2585 1189 2776 1228 eorum
2811 1189 2933 1244 qua!
2963 1175 3207 1244 reposita
3236 1181 3368 1228 sunt
3397 1173 3452 1228 in
3484 1187 3564 1228 re-

1973 1265 2334 1319 tributionem
2363 1263 2732 1334 impietatum.

2047 1357 2266 1424 Oportet
2299 1367 2346 1412 te
2385 1373 2596 1410 rursum
2619 1357 2950 1426 prophetare.
2988 1356 3092 1411 Per
3119 1357 3235 1412 haec
3257 1357 3566 1414 ostenditur

1973 1448 2118 1519 quod
2153 1465 2261 1503 non
2291 1449 2474 1503 statim
2506 1457 2630 1519 post
2659 1450 2925 1503 visionem
2973 1448 3330 1504 revelationis
3365 1463 3565 1517 seque-

1973 1550 2126 1595 retur
2141 1555 2332 1596 eorum
2357 1551 2584 1596 eventus
2605 1557 2728 1610 qua:
2757 1540 2874 1595 visa
2893 1549 3073 1603 erant,
3099 1539 3192 1602 sed
3224 1539 3370 1609 quod
3395 1555 3566 1609 Opor—

1975 1641 2114 1687 teret
2141 1635 2288 1688 hunc
2307 1636 2526 1689 beatum
2557 1635 2736 1687 virum
2765 1633 2940 1687 Inulto
2968 1644 3233 1702 tempore,
3265 1632 3408 1702 quod
3437 1646 3568 1700 pro-

1975 1728 2292 1783 tenderetur
2313 1743 2490 1799 usque
2511 1728 2579 1782 ad
2609 1727 2988 1797 corruptibilis
3021 1725 3186 1795 hujus
3221 1724 3412 1778 mundi
3437 1739 3560 1778 con-

1973 1821 2424 1886 summationem,
2457 1820 2586 1874 dum
2609 1820 2727 1874 haec
2747 1819 3211 1889 complementum
3231 1817 3566 1886 accipereut,

281 1892 520 1958 τεύσειν,
567 1895 678 1948 εἴτε
733 1895 822 1948 διὰ.
879 1898 1136 1964 γνώσεως
1185 1898 1280 1950 τοῦ
1327 1898 1660 1969 Εύαγγελίου
1707 1902 1874 1954 αὐτοῦ

1982 1912 2170 1966 multis
2197 1913 2558 1982 prophetare:
2591 1913 2706 1968 sive
2737 1929 2834 1984 per
2861 1911 3236 1979 cognitionem
3269 1911 3354 1966 sui
3383 1909 3568 1963 Evan-

284 1987 344 2034 ἐν
395 1977 440 2051 ᾧ
487 1985 614 2039 τινὰ
653 1985 763 2038 τῶν
797 1985 1102 2055 μελλόντων
1158 1987 1504 2058 ἐμφέρεται,
1559 1989 1592 2060 ἢ
1643 1989 1740 2042 καὶ
1781 1989 1872 2044 διὰ

281 2075 384 2144 τῆς
439 2077 810 2147 προκειμένης
876 2078 1322 2149 Ἀποκαλύψεως,
1375 2080 1448 2143 ὡς
1481 2080 1584 2151 ιἤδη
1627 2081 1868 2151 εἴρηται.

281 2169 402 2221 Οᾷκ
449 2169 666 2238 ἀγνοεῖν
704 2169 762 2223 δὲ
810 2171 891 2224 δεῖ
928 2171 1005 2235 ὡς
1061 2172 1170 2225 ἀπὸ
1211 2172 1400 2226 τούτου
1425 2173 1520 2226 τοῦ
1553 2173 1720 2244 ῥητοῦ
1753 2174 1870 2239 τοῦ,

279 2259 388 2314 Δεῖ
451 2274 528 2314 σε
587 2261 778 2315 πάλιν
847 2263 1305 2333 προφητεῦσαι,
1365 2265 1552 2336 ἔχουσι
1602 2265 1764 2330 δόξαν
1820 2269 1872 2320 ot

277 2353 474 2406 πολλοὶ
502 2353 580 2417 ὡς
610 2355 778 2427 μέχρι
831 2357 932 2426 τῆς
984 2357 1300 2422 συντελείας
1345 2360 1374 2412 ὁ
1410 2359 1680 2431 μακάριος
1711 2353 1870 2424 οὗτος

283 2445 384 2514 ζῇ,
413 2445 509 2498 καὶ
563 2445 686 2516 ἥξει
740 2447 884 2501 κατὰ
938 2448 1130 2519 καιρὸν
1175 2449 1272 2503 τοῦ
1327 2450 1698 2521 Ἀντιχρίστου
1733 2451 1912 2520 μετὰ’

291 2537 472 2608 Ἑνὼχ
509 2541 606 2594 καὶ
665 2539 850 2594 Ἠλιοῦ
885 2542 1002 2612 ἅμα
1039 2541 1226 2605 αὐτοῖς
1250 2543 1724 2614 ἐπανορθούμενος
1749 2546 1876 2608 τοὺς

275 2629 588 2700 τηνικαῦτα
635 2631 982 2703 ἀνθρώπους,
1017 2634 1115 2686 καὶ
1169 2634 1276 2688 ὑπὸ
1339 2635 1434 2690 τοῦ
1500 2637 1874 2708 Ἀντιχρίστου

274 2719 784 2792 άποκτανθήσεται.

351 2813 466 2866 Καὶ
492 2813 670 2884 ἐδόθη
689 2832 792 2883 μοι
827 2816 1098 2887 κάλαμος
1143 2820 1348 2888 ὅμοιος
1386 2819 1614 2886 ῥάϐδῳ,
1650 2819 1874 2890 λέγων·

279 2906 574 2974 Ἕτειραι,
595 2907 696 2963 καί
719 2907 1029 2978 μέτρησον
1047 2913 1155 2965 τὸν
1176 2911 1332 2966 ναὸν
1357 2912 1464 2967 τοῦ
1483 2911 1654 2978 Θεοῦ,
1685 2911 1782 2966 καὶ
1809 2911 1876 2967 τὸ

277 2999 746 3068 θυσιαστήριον,
771 3001 869 3055 καὶ
899 3002 1046 3070 τοὺς
1065 3004 1572 3071 προσκυνοῦντας
1591 3007 1661 3058 ἐν
1690 3003 1874 3070 αὐτῷ,

277 3087 387 3142 καὶ
405 3089 520 3157 τὴν
535 3091 739 3158 αὐλὴν
760 3091 1110 3160 τὴνὲξωθεν
1145 3094 1250 3148 τοῦ
1291 3095 1445 3148 ναοῦ
1483 3095 1704 3150 ἔκϐαλε
1737 3095 1878 3160 ἔξω,

276 3181 384 3234 καὶ
411 3180 491 3248 μὴ
523 3179 719 3250 αὐτὴν
751 3185 1082 3252 μετρήσῃς,
1126 3184 1216 3238 ὅτι
1258 3186 1438 3254 ἐδόθη
1484 3186 1610 3254 τοῖς
1649 3185 1876 3251 ἔθνεσι,

277 3273 386 3328 καὶ
419 3274 535 3342 τὴν
550 3277 732 3330 πόλιν
750 3282 865 3346 τὴν
880 3278 1060 3344 ἁγίαν
1075 3280 1424 3346 πατήσουσι
1434 3279 1637 3351 μῆνας
1661 3298 1878 3336 τεσσα-

268 3368 674 3436 pascor-triaue.

350 3460 464 3512 Τὸν
495 3461 742 3531 κάλαμον
798 3463 858 3516 ὃν
897 3463 1144 3518 δεδόσθαι
1177 3465 1326 3533 αὐτῷ
1386 3467 1414 3517 ὁ
1465 3466 1868 3536 εύαγγελιστής

277 3559 478 3624 φησιν,
518 3556 568 3608 εἰ
598 3555 800 3624 γνῶσίν
835 3574 908 3619 τις
944 3557 1117 3610 ἐθέλοι
1149 3557 1336 3610 καλεῖν
1373 3558 1576 3629 νοερῶν
1603 3561 1870 3629 πραγμά-

277 3631 420 3709 των,
454 3645 592 3698 καθὸ
623 3648 719 3700 καὶ
747 3647 912 3700 Δαυῒδ
936 3649 1184 3718 κάλαμον
1211 3649 1524 3720 ὀξυγράφου
1561 3651 1870 3720 κεκτῆσθαι

277 3741 386 3808 τὴν
424 3739 618 3792 ἐαυτοῦ
649 3739 902 3808 γλῶσσαν
937 3742 1114 3812 αὐχεῖ,
1160 3743 1262 3796 οὐκ
1289 3743 1354 3797 ἂν
1391 3745 1648 3812 ἁμάρτοι.
1685 3743 1880 3796 Ἰὀίνυν

277 3833 386 3884 καὶ
446 3834 474 3885 ὁ
528 3834 930 3902 εὐαγγελιστὴς
959 3837 1058 3904 τὴν
1091 3836 1295 3903 γνῶσιν
1331 3835 1432 3908 τὴν
1477 3838 1678 3907 νιερώς
1725 3836 1878 3906 αὐτῷ

276 3930 673 4000 ὲγγινομένην,
713 3931 800 3985 διὰ
835 3930 1082 4002 καλάμου
1110 3930 1314 3994 δόσεως
1344 3949 1479 4004 φησι
1514 3931 1876 4002 χρηματίσαι,

276 4024 338 4088 ὃς
367 4023 470 4076 καὶ
497 4024 677 4096 ῥάδδῳ
734 4027 800 4096 τῇ
853 4026 1120 4096 ὁμοιώσει
1181 4024 1506 4087 ἁπείκαστο,
1546 4025 1648 4093 τῆς
1680 4024 1878 4094 ῥάϐδου

275 4119 458 4172 πάλιν
474 4118 535 4170 τὸ
561 4119 941 4189 ύπερειστικὺν
966 4119 1366 4189 αἰνιττομένης.
1403 4118 1517 4187 Τὴν
1544 4117 1654 4169 τῶν
1676 4117 1880 4188 νοερῶν

278 4213 473 4264 τοξνυν
496 4211 695 4276 γνῶσιν
724 4210 1002 4266 κάνταῦθα
1033 4211 1120 4264 διὰ
1145 4212 1242 4279 τὴς
1270 4211 1364 4264 τοῦ
1407 4209 1656 4280 καλάμου
1681 4209 1882 4274 δόσεως

280 4303 612 4357 ὑποδιδόντα
649 4302 740 4355 τὸν
773 4304 1179 4374 χρηματισμον,
1207 4302 1280 4366 ὼς
1312 4301 1400 4356 διὰ
1423 4302 1598 4356 ἄλλων
1631 4301 1878 4373 ἀψύχων,

279 4399 384 4452 τοῦ
415 4395 804 4466 θυσιαστηρίου
831 4396 975 4464 λέγω
1006 4396 1102 4451 καὶ
1131 4395 1322 4467 θρόνου
1355 4395 1448 4449 καὶ
1469 4395 1577 4448 τῶν
1600 4395 1878 4460 τοιούτων,

279 4499 390 4549 οὐκ
417 4495 646 4558 ἀπεικὸς
675 4494 984 4549 ὑπολαϐεῖν.
1024 4495 1097 4547 Ού
1135 4495 1246 4565 γὰρ
1301 4491 1674 4563 ἄψυχαταῦτα
1715 4494 1877 4556 νοεῖν,

281 4583 404 4635 ob?
436 4581 512 4646 ὡς
540 4584 758 4654 ὁρᾶται,
793 4585 932 4636 κατὰ
981 4585 1044 4636 τὸ
1093 4587 1340 4655 κρεῖττον
1361 4583 1417 4637 δὲ
1463 4583 1561 4652 τῆς
1595 4582 1881 4652 ὑπάρξεως

281 4677 388 4728 καὶ
422 4675 630 4745 νοερὸν,
667 4675 833 4745 ἦγουν
858 4674 958 4746 τὴν
987 4675 1333 4746 διακριτικὴν
1359 4675 1560 4744 γνῶσιν
1600 4673 1711 4726 τῶν
1743 4677 1884 4744 ὁρω-

286 4767 480 4837 μένων
503 4807 516 4832 ,
553 4769 630 4830 είς
673 4767 819 4821 δόσιν
850 4769 914 4822 ἄν
954 4785 1039 4831 τις
1087 4767 1400 4837 ἀλληγοροῖ.
1441 4767 1564 4831 Πῶς
1587 4767 1698 4838 γάρ
1731 4768 1758 4820 ό
1789 4767 1882 4820 κά-

283 4861 467 4930 λαμος
502 4859 708 4930 ἄψυχος
745 4857 819 4912 ὢν
853 4859 1038 4930 ἔλεγεν
1060 4876 1072 4890 ·
1114 4861 1378 4930 Ἔγειραι
1427 4859 1526 4913 καὶ
1578 4858 1888 4929 μέτρησον

285 4957 406 5008 τὸν
431 4955 586 5007 ναὸν
613 4954 718 5008 τοῦ
746 4954 932 5017 Θεοῦ;
984 4953 1078 5006 Ἐκ
1105 4953 1294 5007 τούτου
1320 4953 1412 5006 οὖν
1429 4953 1702 5007 δείκνυται
1723 4953 1889 5020 ἀγγε-

287 5049 422 5118 λικῇ
457 5047 672 5100 συνέσει
703 5047 1025 5118 μετρεῖσθαι
1054 5049 1146 5100 τὸν
1175 5046 1270 5099 τοῦ
1304 5045 1440 5099 Θεοῦ
1478 5049 1625 5101 ναόν.
1670 5045 1888 5115 Ἐπειδὴ

285 5141 351 5193 δέ
384 5157 530 5204 τινες
563 5141 765 5209 ἑτέρως
802 5141 930 5212 περὶ
960 5140 1166 5194 τούτων
1219 5139 1494 5211 διαφόρως
1545 5138 1886 5208 ⁴ἠνέχθησαν,

285 5234 444 5302 λέγω
474 5235 562 5303 δὴ,
596 5233 690 5287 τοῦ
727 5234 855 5287 ναοῦ
885 5235 979 5287 καὶ
1006 5232 1100 5287 τοῦ
1133 5233 1522 5305 θυσιαστηρίου
1547 5271 1564 5296 ,
1592 5231 1628 5285 ἂ
1661 5231 1757 5284 καὶ
1790 5247 1884 5301 με·

285 5325 570 5397 τρηθῆνσιι
617 5326 680 5378 τὸ
725 5327 1076 5396 πρόσταγμα,
1117 5326 1210 5379 καὶ
1251 5325 1379 5388 τοὺς
1441 5323 1889 5393 προσκυνοῦντας

288 5421 356 5471 ἐν
390 5417 562 5488 αὐτῷ,
599 5419 728 5472 ναὶν
760 5418 896 5472 Θεοῦ
943 5419 1038 5472 καὶ
1073 5417 1461 5490 θυσιαστήριον
1509 5417 1608 5487 τὴν
1646 5414 1889 5468 Παλαιὰν

287 5509 582 5582 Διαθὴκην
634 5512 1090 5583 ἀποφηνάμενοι,
1150 5511 1321 5581 αὐλὴν
1363 5511 1418 5563 δὲ
1475 5511 1574 5582 τὴν
1628 5510 1775 5562 Νέαν
1827 5509 1889 5560 ού

289 5607 446 5660 κατᾶ
482 5605 692 5659 σκοποῦ
726 5605 1014 5676 βάλλοντεε
1035 5603 1203 5676 (οὕτω
1247 5605 1358 5675 γὰρ
1385 5603 1452 5657 ἂν
1477 5605 1670 5672 εἴησαν
1699 5619 1892 5672 μυστι-

289 5699 522 5769 κώτερά
551 5717 608 5754 τε
633 5703 729 5754 καὶ
779 5699 1048 5772 ἱερώτερα
1084 5701 1270 5752 ἐκεῖνα
1326 5699 1425 5768 τῆς
1459 5698 1600 5750 κατὰ
1654 5695 1891 5766 Χριστὸν

293 5791 658 5864 ἐνδιαθῆκης,
690 5795 804 5864 εῐγε
832 5793 926 5848 καὶ
960 5796 988 5847 ὁ
1013 5793 1140 5856 ναὸς
1170 5791 1266 5846 καὶ
1289 5792 1350 5845 τὸ
1381 5789 1772 5860 θυσιαστήριον
1789 5787 1891 5858 τῆς

293 5883 480 5954 αὐλῆς
514 5888 864 5960 τιμιώτερα),
919 5887 1015 5960 οὐχ
1048 5886 1221 5951 οὕτως
1246 5887 1307 5941 τὸ
1338 5883 1768 5955 ἐπιτεταγμένον
1799 5880 1894 5936 τοῦ

1973 2005 2103 2075 gelii
2154 2005 2208 2058 in
2255 2019 2366 2073 quo
2395 2005 2580 2058 futura
2611 2005 2876 2059 nonnulla
2907 2001 3244 2066 inferuntur,
3281 2011 3376 2056 aut
3397 2002 3564 2054 etiam

1974 2111 2070 2166 per
2103 2107 2426 2166 praesentem
2455 2097 2865 2164 revelationem,
2903 2095 3060 2167 74],
3101 2105 3163 2149 ιιι
3207 2094 3322 2164 jam
3353 2091 3562 2146 dictum

1973 2199 2080 2245 est.
2117 2189 2232 2242 Non
2269 2201 2354 2244 est
2382 2200 2562 2244 autem
2586 2190 2951 2260 ignorandum
2993 2188 3138 2258 quod
3163 2203 3229 2242 ex
3265 2187 3370 2241 hoc
3391 2186 3562 2249 dicto,

1979 2279 2198 2348 Oportet
2229 2292 2275 2334 te
2298 2297 2510 2335 rursum
2547 2281 2878 2349 prephetare,
2906 2281 3202 2350 opinantur
3238 2276 3395 2332 multi
3436 2275 3568 2330 bea-

1977 2381 2088 2426 tum
2147 2373 2296 2426 hunc
2341 2372 2529 2426 virum
2577 2387 2751 2442 usque
2797 2371 2864 2426 ad
2897 2370 3083 2426 saeculi
3127 2370 3562 2425 consummatio-

1977 2479 2100 2518 nem
2141 2465 2346 2530 vivere,
2377 2479 2442 2518 ac
2467 2474 2757 2519 venturum
2787 2479 2910 2518 esse
2933 2463 3082 2518 circa
3129 2472 3378 2531 tempora
3405 2459 3564 2512 Anti-

1977 2553 2170 2610 christi
2202 2569 2328 2608 cum
2361 2554 2548 2608 Enoch
2573 2563 2628 2607 et
2654 2552 2794 2616 Elia,
2831 2559 2892 2607 ut
2932 2567 3038 2606 una
3079 2567 3206 2606 cum
3249 2550 3358 2605 illis
3385 2547 3568 2602 corri-

1978 2651 2070 2716 gat
2099 2659 2194 2698 eos
2227 2643 2323 2713 qui
2353 2653 2483 2699 tunc
2509 2643 2696 2698 vivent
2723 2643 2995 2708 homines,
3025 2651 3082 2696 et
3105 2641 3252 2712 quod
3278 2637 3384 2695 sub
3407 2638 3570 2692 Anti-

1979 2734 2188 2790 Christo
2217 2733 2622 2790 interimeudus
2651 2734 2740 2789 sit.

2051 2825 2152 2894 XI,
2175 2826 2232 2895 1,
2257 2826 2316 2880 2.
2359 2825 2432 2879 Et
2457 2826 2617 2880 datus
2653 2836 2730 2879 est
2750 2826 2878 2878 mihi
2905 2824 3148 2878 calamus
3179 2823 3370 2876 similis
3399 2824 3564 2890 virga!

1979 2910 2160 2972 dicens
2193 2933 2214 2972 :
2245 2915 2440 2988 Surge,
2469 2934 2532 2971 ac
2561 2919 2748 2972 metire
2779 2916 3030 2985 templum
3057 2915 3174 2976 Dei,
3207 2927 3255 2969 et
3288 2917 3480 2979 altare,
3503 2928 3570 2965 uc

1983 3011 2270 3068 adorantes
2307 3011 2362 3065 in
2382 3028 2442 3066 eo
2471 3027 2489 3065 .'
2529 3019 2580 3065 et
2613 3013 2810 3064 atrium
2840 3009 2980 3079 quod
3009 3019 3164 3062 extra
3207 3007 3454 3074 templum
3492 3014 3572 3059 est

1979 3105 2111 3174 ejice
2140 3105 2310 3174 foras,
2339 3113 2389 3157 et
2416 3120 2478 3158 ne
2517 3103 2760 3158 metiaris
2793 3103 2950 3166 illud,
2981 3103 3108 3172 quia
3133 3102 3317 3152 datum
3345 3109 3420 3152 est
3444 3113 3572 3168 geu-

1983 3199 2122 3251 tibus
2152 3213 2170 3250 :
2191 3209 2236 3250 et
2267 3198 2534 3251 civitatem
2556 3209 2796 3250 sanctam
2827 3195 3110 3248 calcabuut
3147 3194 3412 3246 mensibus
3437 3208 3574 3262 qua-

1983 3291 2235 3362 draginta
2265 3291 2488 3344 duobus.

2055 3468 2111 3524 Si
2137 3469 2264 3540 quis
2291 3469 2562 3524 calamum
2587 3482 2747 3537 quem
2771 3467 2874 3520 sibi
2903 3466 3092 3521 datum
3114 3465 3191 3519 ait
3207 3463 3568 3535 evangelista,

1983 3564 2352 3632 roguitionem
2401 3561 2677 3632 appellare
2725 3561 2853 3615 velit
2885 3575 3068 3615 rerum
3118 3557 3570 3628 intelligibilium,

1980 3655 2134 3724 juxta
2165 3656 2214 3710 id
2247 3655 2392 3725 quod
2442 3665 2496 3710 et
2522 3654 2689 3709 David
2725 3654 2992 3724 gluriatur
3021 3653 3262 3720 linguam
3285 3665 3442 3706 suam
3475 3665 3578 3704 na-

1982 3761 2130 3804 czam
2164 3765 2288 3805 esse
2317 3750 2590 3804 calamum
2627 3749 2820 3804 scriba:
2861 3747 3088 3812 velocis,
3109 3761 3455 3816 nequaquam
3481 3759 3576 3798 er-

1987 3843 2150 3896 rabit.
2181 3841 2422 3897 Proinde
2453 3841 2785 3913 evangelista
2809 3856 3029 3911 quoque
3053 3840 3424 3910 cognitionem
3451 3853 3577 3908 qute

1984 3936 2344 4002 Spirilualitct‘
2373 3935 2479 3989 sibi
2513 3936 2745 4006 conligit
2791 3935 3053 4005 appellari
3089 3933 3225 3988 dicit
3253 3949 3352 4003 per
3375 3933 3592 3988 calami-

1983 4029 2285 4096 datiouem,
2309 4029 2406 4098 qui
2441 4029 2606 4083 etiam
2639 4029 2694 4082 in
2729 4028 2895 4098 virgae
2917 4028 3334 4084 similitudinem
3355 4024 3576 4095 efﬁgia-

1986 4131 2074 4176 tus
2123 4131 2228 4186 est,
2269 4121 2422 4190 virga
2463 4119 2580 4175 sive
2617 4119 2812 4174 baculo
2859 4134 3078 4173 rursum
3101 4119 3424 4189 designante
3464 4117 3575 4171 ful-

1985 4214 2308 4268 cimentum.
2335 4211 2456 4268 Non
2485 4211 2647 4268 fuerit
2681 4213 2865 4282 itaque
2900 4213 3167 4280 ineptum,
3195 4221 3256 4264 ut
3275 4211 3380 4264 hoc
3403 4209 3572 4264 etiam

1985 4305 2040 4360 in
2075 4305 2193 4360 loco
2217 4305 2263 4360 is
2297 4305 2388 4376 qui
2419 4305 2802 4360 subministrat
2827 4304 3110 4358 oraculum
3135 4318 3232 4373 per
3247 4303 3444 4357 calami
3471 4302 3572 4356 da-

1983 4399 2186 4452 tionem
2207 4398 2470 4468 intelligat
2490 4396 2855 4466 spiritualium
2875 4396 3244 4467 cognitionem
3266 4433 3282 4461 ,
3305 4393 3573 4464 quemad-

1986 4491 2209 4546 modum
2239 4507 2333 4559 per
2356 4492 2460 4544 alia
2501 4490 2828 4556 inanimata,
2857 4490 3029 4544 altare
3052 4489 3176 4543 dico
3202 4497 3258 4543 ct
3288 4487 3572 4548 thronum.

1919 4606 1960 4660 ι)
1989 4587 2208 4654 aliaque
2251 4583 2586 4653 hujusmodi.
2611 4582 2800 4656 Neque
2823 4583 2966 4637 enim
2997 4581 3347 4638 commodum
3375 4589 3462 4636 est
3487 4580 3573 4636 in-

1989 4677 2232 4730 animata
2256 4677 2372 4730 hmc
2397 4676 2624 4745 intelligi
2657 4677 2822 4730 veluti
2853 4691 2962 4745 prae
2986 4690 3044 4729 se
3062 4672 3266 4737 ferunt,
3297 4672 3392 4729 sed
3418 4672 3576 4742 juxta

1989 4769 2269 4824 meliorem
2299 4769 2604 4824 exsistendi
2654 4767 2879 4822 modum
2909 4777 2965 4822 et
2995 4766 3342 4835 Spiritualem
3379 4764 3580 4835 poterit

1991 4861 2266 4930 quispiam
2297 4845 2588 4932 allegdrice
2617 4859 2846 4926 referre,
2892 4875 3088 4930 nempe
3119 4868 3177 4915 ut
3205 4857 3580 4914 deturnotitia

1989 4954 2337 5009 discernendi
2372 4969 2436 5008 ea
2467 4969 2588 5024 quae
2619 4954 2894 5008 videntur.
2925 4951 3215 5018 Quomodo
3244 4949 3389 5004 enim
3430 4950 3582 5004 dicc-

1993 5047 2429 5104 retinanimatus
2456 5049 2701 5103 calamus
2736 5065 2750 5101 :
2785 5046 2952 5118 Surge
3004 5059 3053 5102 et
3095 5047 3278 5102 metire
3329 5043 3582 5113 templum

1999 5141 2143 5197 Dei?
2169 5140 2246 5196 Ex
2265 5143 2368 5197 hoc
2387 5141 2552 5212 igitur
2577 5139 2903 5210 intelligitur
2925 5153 3020 5208 per
3035 5139 3340 5208 angelicum
3373 5139 3586 5194 intelle-

1998 5242 2148 5286 ctum
2193 5239 2574 5286 meusuratum
2602 5244 2726 5283 esse
2759 5227 3023 5297 templum
3053 5228 3171 5282 Del.
3209 5225 3408 5281 Verum
3439 5243 3584 5296 quo-

1997 5325 2143 5379 niam
2175 5323 2426 5378 nonnulli
2449 5323 2518 5378 de
2548 5321 2634 5377 his
2664 5321 2772 5376 alio
2796 5321 2958 5376 modo
2975 5329 3030 5374 et
3052 5319 3408 5375 multifariam
3451 5337 3584 5389 pro-

1998 5417 2266 5479 tulerunt,
2315 5414 2441 5484 dico
2467 5429 2600 5470 sane
2626 5412 2695 5468 de
2725 5413 2930 5482 templo
2955 5423 3008 5467 et
3059 5412 3218 5467 altari
3255 5427 3378 5482 quae
3421 5413 3584 5466 etiam

1998 5509 2305 5566 mensurari
2331 5507 2746 5579 praecipiuntur,
2780 5517 2834 5561 et
2859 5507 2928 5560 de
2951 5505 3313 5562 ador-antibus
3343 5508 3400 5560 in
3435 5505 3578 5574 ipso:

1997 5603 2264 5672 templum
2285 5603 2378 5656 Dei
2405 5609 2460 5656 et
2481 5600 2654 5656 altare
2681 5599 2852 5656 Vetus
2868 5599 3280 5656 Testamentum
3301 5599 3590 5654 declaran-

1999 5709 2106 5763 tes,
2124 5696 2326 5751 atrium
2351 5709 2502 5760 vero,
2529 5691 2746 5750 Novum
2783 5709 2928 5748 :non
2961 5693 3292 5762 attingentes
3325 5707 3588 5761 scopum:

2008 5787 2269 5841 namhoc
2309 5783 2475 5840 modo
2511 5784 2882 5855 spiritualiora
2922 5801 2986 5841 ac
3013 5783 3313 5840 sacratiora
3357 5785 3594 5846 fuissem

2007 5880 2122 5947 illa,
2147 5893 2314 5950 quam
2358 5885 2742 5934 testamentum
2773 5877 2918 5948 quod
2952 5877 3173 5933 tradidit
3196 5877 3448 5937 Christus
3477 5883 3598 5938 τοί-
