4110 6434
565 373 669 440 ίῖηίἾ

1389 368 1717 430 ARETIUE
1757 368 2138 428 CESAREE
2177 369 2669 432 CAPPADOCL‘E
2705 371 3051 434 EPISCOPI

3734 375 3843 436 648

564 487 1080 558 quidem'templum
1109 498 1174 539 ac
1207 482 1381 537 altare
1405 481 1757 534 honoratiora
1791 490 1921 534 sunt
1957 481 2100 534 atrio
2135 497 2147 533 :

2263 484 2626 555 ἐξηγουμένου
2667 484 2990 554 προϐαίνειν
3015 484 3186 547 είκος.
3226 482 3370 538 Ἀλλ’
3403 486 3452 537 εί
3478 481 3576 554 μὲν
3598 483 3680 536 ὃτι
3703 500 3847 538 στοι-

565 600 677 637 non
711 586 784 638 ita
819 583 1111 636 verisimile
1128 587 1210 632 est
1229 576 1524 647 procedere
1539 575 1684 645 quod
1709 575 1982 630 narrando
2009 591 2151 645 prae-

564 684 781 743 ceptum
813 681 916 726 est.
949 671 1112 742 742
1143 669 1198 723 Si
1228 678 1410 722 tamen
1443 683 1507 720 eo
1546 666 1731 721 tendat
1763 666 1907 734 quod
1941 667 2032 721 illa
2059 682 2152 718 es-

569 777 692 820 sent
717 765 933 820 rudiora
963 765 1233 818 elementa
1253 763 1318 816 ad
1345 759 1556 814 Novum
1575 759 2012 824 Testamentum,
2035 762 2150 829 pri-

564 871 764 925 maque
804 857 870 910 ad
915 855 1010 909 Dei
1065 856 1271 908 cultum
1324 852 1504 918 initia,
1539 869 1663 907 cum
1704 852 1869 907 etiam
1927 867 2151 907 mensu-

567 959 753 1000 rentur
772 948 865 1015 qui
883 948 1038 1016 juxta
1065 947 1198 1000 illud
1220 945 1441 1017 praemia
1467 946 1794 1008 retulerunt,
1817 945 2030 1000 ratione
2047 963 2152 1000 non

568 1050 719 1094 caret
750 1040 1063 1094 intellectus
1111 1039 1222 1094 ille.
1259 1040 1314 1093 Si
1351 1053 1478 1094 vero
1501 1039 1567 1094 ad
1607 1039 1849 1093 divinam
1890 1039 2157 1108 respiciat

566 1129 929 1184 humanorum
957 1145 1175 1184 morum
1222 1130 1699 1190 instaurationem.
1727 1138 1892 1198 utque
1913 1129 2157 1199 apertius

564 1220 1212 1290 dicam,conditoriserga
1232 1236 1332 1275 nos
1350 1235 1594 1274 amorem
1618 1235 1729 1290 quo
1753 1235 1851 1273 nos
1865 1221 2155 1288 gubernat,

564 1312 802 1366 conferri
839 1329 944 1366 non
976 1321 1154 1381 potest
1193 1312 1298 1367 hoc
1336 1313 1500 1367 modo
1545 1312 1716 1380 legale
1764 1320 2157 1365 testamentum

563 1403 718 1459 Novo
735 1403 1109 1460 Testamento.
1143 1404 1328 1460 Porest
1351 1405 1534 1472 itaque
1563 1404 1763 1458 atrium
1791 1420 1915 1458 esse
1935 1404 2025 1457 Dei
2059 1405 2158 1456 Ee-

569 1496 756 1558 clesia,
781 1496 925 1564 quod
950 1497 1330 1551 circumscribi
1355 1513 1461 1550 non
1487 1496 1804 1565 possit,tunt
1836 1506 2056 1565 propter
2077 1495 2161 1548 lo-

570 1604 719 1653 cum,
751 1599 865 1642 tum
893 1598 1113 1658 propter
1140 1589 1566 1643 innumerabiles
1595 1596 1784 1658 gentes
1807 1604 1929 1657 quae
1965 1588 2017 1641 in
2044 1589 2163 1657 ejus

571 1682 692 1736 loco
723 1691 1095 1736 continentur.
1124 1680 1244 1736 Non
1282 1683 1519 1736 turberis
1557 1692 1739 1735 autem
1773 1680 1922 1750 quod
1954 1697 2162 1752 praece-

571 1781 726 1845 ptum
771 1774 999 1844 jusserit
1037 1788 1190 1830 extra
1239 1776 1500 1845 templum
1553 1775 1685 1828 illud
1722 1775 1971 1843 ejicere:
2026 1776 2162 1829 nihil

2258 577 2620 648 χειωδέστερα
2647 578 2747 646 τῆς
2775 576 2923 640 Νέας
2955 579 3160 638 ἐκεῖνα,
3207 580 3301 631 καὶ
3344 579 3485 649 πρὸς
3531 577 3842 632 θεοσέϐειαν

2257 667 2610 739 ἁρχαῖξοντα,
2673 665 2734 731 ἐξ
2780 660 2842 720 οὗ
2892 665 2987 718 καὶ
3024 669 3286 738 μετρητοὶ
3322 669 3374 719 oi
3427 667 3550 718 κατ’
3586 665 3755 734 αὐτὴν
3784 667 3845 716 τε)

2258 761 2531 830 ἀριστεῖον
2564 757 3025 827 ἁπενεγκὰμενοι.
3046 757 3160 828 ἔχει
3183 757 3305 811 τινὰ
3329 758 3486 822 λόγον
3519 759 3550 827 ἡ
3588 756 3836 826 ἔκληψις.

2261 854 2321 906 ΕΞ
2349 854 2407 906 δὲ
2437 854 2575 924 πρὸς
2604 853 2971 922 θεοπρέπειαν
3017 855 3112 905 καὶ
3151 853 3498 923 ἀνθρωπίνου
3530 850 3696 922 ἤθους
3743 868 3841 903 κα-

2259 947 2540 1008 τάστασιν,
2578 947 2693 1010 καὶ,
2729 946 2818 1000 ἵνα
2849 946 3178 1018 τρανότερον
3203 947 3310 1014 φῶ,
3343 945 3444 1016 τὴν
3470 945 3564 998 τοῦ
3601 944 3842 996 [Dictus

2262 1039 2399 1110 πρὸς
2424 1042 2573 1108 ἡμᾶς
2605 1038 2974 1109 κηδεμονικὴν
3001 1038 3414 1108 φιλοστοργίαν,
3457 1036 3842 1109 ἁπαράϐλτδτος

2260 1135 2326 1203 τῇ
2360 1134 2475 1204 Νέᾳ
2500 1133 2742 1204 Διαθήκῃ
2771 1135 2804 1203 ἡ
2864 1133 3007 1186 κατὰ
3038 1132 3222 1202 νόμον.
3259 1131 3363 1202 Είη
3399 1131 3467 1184 ἂν
3508 1130 3601 1184 οῦν
3635 1131 3773 1200 αύλὴ
3808 1133 3839 1200 ἡ

2259 1225 2353 1279 τοῦ
2404 1223 2539 1278 Θεοῦ
2591 1224 2911 1293 Ἐκκλησία,
2963 1224 3350 1294 ἁπεριόριστος
3388 1218 3524 1276 οὖσα
3558 1223 3653 1276 καὶ
3695 1223 3842 1294 τόπῳ

2263 1318 2490 1379 καὶτοῖς
2549 1315 2670 1368 κατ’
2707 1315 2877 1384 αὐτὴν
2929 1313 3338 1383 τοποχωροῦσιν
3375 1312 3585 1366 ἔθνεσιν
3629 1314 3845 1368 ἀνεικὰ-

2266 1426 2432 1472 στοις.
2470 1409 2562 1479 Μὴ
2613 1407 2912 1476 θορυϐείτω
2941 1405 2997 1459 δὲ
3051 1408 3114 1458 τὸ
3163 1408 3496 1477 πρόσταγμα
3541 1405 3601 1458 τὸ
3649 1405 3843 1469 ἔξωθεν

2262 1501 2357 1554 τοῦ
2390 1501 2518 1554 ναοῦ
2554 1499 2837 1553 ἐκϐάλλειν
2885 1498 3074 1567 αὐτὴν.
3111 1499 3185 1550 Οὐ
3219 1497 3329 1567 γὰρ
3377 1515 3432 1548 τι
3467 1497 3618 1563 ᾰλὲο,
3671 1497 3705 1566 ἦ
3749 1498 3845 1565 τῆς

2264 1597 2496 1664 νομικῆς
2533 1590 2898 1661 στενοχωρίας
2955 1590 3065 1642 τῶν
3112 1589 3568 1659 ἁκριϐασμὰτων,
3629 1605 3846 1657 περιτο·

2268 1687 2397 1756 μῆς,
2429 1683 2836 1753 σαϐϐατισμῶν,
2891 1683 2986 1735 καὶ
3036 1681 3145 1733 τῶν
3176 1681 3352 1735 ἄλλων
3389 1680 3662 1748 περιττῶν
3694 1682 3845 1749 ἁγνι-

2269 1781 2490 1849 σμάτων
2519 1775 2816 1846 ἐλευθέραν
2844 1775 3244 1843 ἁποφαίνοντὸς
3278 1775 3447 1828 ἐστιν.
3483 1771 3636 1826 Εἶναι
3673 1777 3729 1828 δὲ
3763 1775 3848 1826 τὸν

569 1867 718 1922 enim
746 1868 890 1921 aliud
921 1868 1025 1922 hoc
1051 1877 1135 1921 cst
1155 1884 1320 1936 quam
1345 1868 1490 1937 quod
1525 1867 1778 1922 ostendat
1800 1867 2026 1923 liberam
2045 1883 2166 1922 esse

2272 1871 2428 1937 λόγον
2457 1870 2548 1921 καὶ
2581 1867 2639 1921 τὸ
2694 1867 2904 1931 αίτιον,
2941 1867 3025 1919 ὅτι
3058 1867 3492 1935 ἁπαρατήρητον
3525 1868 3640 1930 τοῖς
3673 1865 3847 1918 ἔθνεσι

575 1959 876 2014 Ecclesiatn
898 1960 964 2014 ab
983 1961 1234 2030 angustia
1256 1961 1650 2029 exquisitarum
1667 1961 2164 2026 examinationum,

565 2052 1006 2108 circumcisionis
1034 2089 1050 2115 ,
1082 2050 1448 2106 Sabbatorum
1481 2054 1825 2124 aliarumque
1859 2054 2168 2124 superllna-

568 2160 690 2206 rum
716 2146 1131 2215 purgationum.
1150 2143 1248 2200 Est
1272 2154 1454 2200 autem
1476 2147 1618 2201 ratio
1639 2161 1693 2202 ct
1709 2162 1896 2211 causa,
1923 2147 2050 2217 quia
2065 2149 2164 2201 dn-

566 2248 681 2290 tum
713 2244 798 2290 est
824 2237 1033 2306 absque
1054 2237 1163 2292 ulla
1183 2238 1569 2292 observatione
1589 2240 1792 2293 atrium
1823 2239 1955 2293 illud
1986 2239 2166 2309 genti-

566 2327 669 2380 bus
700 2343 822 2396 quae
865 2329 1169 2382 secundum
1208 2327 1490 2383 Christum
1520 2329 1701 2383 viVere
1741 2331 1952 2383 volunt.
1987 2327 2161 2382 Porro

565 2417 842 2471 civitatem
910 2426 1158 2472 sanctam
1215 2419 1416 2474 calcari
1465 2421 1751 2476 mensibus
1797 2420 2162 2491 quadraginta

563 2510 803 2576 duobus,
825 2511 1097 2566 civitatem
1123 2527 1224 2567 san
1241 2521 1372 2568 :tam
1393 2515 1603 2568 vocavit
1627 2514 1952 2580 Ecclesiam,
1973 2529 2142 2585 quam

567 2617 600 2655 a
641 2601 898 2672 gentibus
928 2602 1128 2657 calcari
1155 2604 1434 2670 novimus,
1457 2606 1661 2674 quibus
1693 2605 1944 2660 videlicet
1969 2606 2160 2660 datum

566 2703 734 2749 estut
758 2693 812 2746 in
839 2709 904 2748 ea
937 2705 1418 2757 conversarentur,
1444 2696 1744 2752 Christiani
1771 2697 1992 2768 quidem
2050 2697 2161 2766 pic,

565 2784 833 2841 increduli
847 2801 975 2842 vero
987 2791 1412 2858 contemptimLet
1434 2790 1500 2844 ad
1517 2789 1874 2860 perdendum.
1889 2788 2160 2857 Quoniam

567 2884 748 2930 autem
782 2877 1026 2932 nonnulli
1050 2877 1286 2946 ejectum
1326 2894 1450 2935 esse
1468 2880 1694 2944 atrium,
1724 2889 2060 2950 acceperunt
2086 2881 2157 2934 de

2264 1964 2374 2024 τοῖς
2404 1961 2546 2014 κατὰ
2567 1959 2804 2029 Χριστὸν
2827 1957 2975 2028 βιοῦν
3011 1957 3292 2011 ἐθέλουσιν
3325 1957 3507 2029 ἐδόθη.
3541 1956 3632 2028 Τῷ
3663 1958 3719 2010 δὲ
3756 1957 3847 2029 τὴν

2267 2055 2423 2107 πόλιν
2449 2053 2546 2123 τὴν
2572 2052 2740 2119 ἁγίαν
2768 2050 3082 2121 πατηθῆναι
3109 2050 3288 2121 μῆνας
3318 2051 3846 2121 τεσσαρακονταδύο,

2266 2146 2424 2198 πόλιν
2483 2145 2646 2212 ἁγίαν
2702 2145 2803 2210 τὴν
2871 2143 3210 2212 Ἐκκλησίαν
3259 2143 3645 2213 ὲκὰλεσεν,ῆν
3691 2142 3850 2211 ἴσμεν

2267 2233 2566 2288 πατεῖσθαι
2597 2233 2703 2286 ὑπὸ
2721 2231 2913 2298 ὲθνῶν,
2955 2226 3036 2296 οἷς
3057 2232 3214 2304 ἐδόθη
3247 2232 3414 2285 οἱονεὶ
3441 2235 3499 2286 ὲν
3534 2233 3671 2303 αὐτῇ
3721 2233 3850 2285 ἁνα-

2271 2328 2624 2398 στρέφεσθαι,
2658 2327 2764 2379 ὑπὸ
2805 2325 2904 2396 μὲν
2950 2326 3295 2396 Χριστιανῶν
3327 2324 3624 2393 θεοφιλῶς,
3659 2325 3764 2377 ὑπὸ
3800 2324 3851 2376 δὲ

2271 2417 2516 2472 ἀπίστων
2565 2417 3060 2487 καταφρονητικῶς
3104 2415 3200 2467 καὶ
3265 2413 3549 2485 ὀλεθρίως.
3593 2413 3748 2466 Ἐπεὶ
3798 2411 3853 2468 δέ

2269 2524 2415 2570 τινες
2441 2507 2503 2559 τὸ
2532 2505 2901 2576 ἐκϐεϐλῆσθαι
2948 2505 3048 2578 τὴν
3091 2505 3263 2576 αύλην
3306 2504 3407 2576 τὴν
3441 2506 3554 2558 τῶν
3606 2504 3852 2559 ἀπίστων

2272 2595 2443 2648 ἐθνῶν
2466 2611 2524 2648 τε
2542 2597 2640 2649 καὶ
2680 2596 2953 2648 Ἰουδαίων
3003 2596 3332 2667 συναγωγὴν
3390 2593 3726 2662 ἐξεδέξαντο,
3755 2593 3849 2656 οὓς

2270 2690 2365 2743 καὶ
2399 2688 2748 2759 ἐφυϐρίστως
2785 2690 2844 2740 ὲν
2880 2688 3018 2760 αὐτῇ
3069 2688 3378 2743 custom
3419 2688 3554 2757 φασὶ
3599 2689 3732 2751 τοὺς
3765 2703 3853 2740 πι-

2271 2780 2453 2843 στοὺς,
2492 2779 2728 2848 μάλιστα
2765 2777 2909 2835 κατὰ
2935 2778 3027 2831 τὸν
3066 2779 3163 2834 τοῦ
3230 2779 3608 2849 Ἀντιχρίστου
3636 2777 3850 2849 καιρὸν,

2269 2872 2411 2928 κατὰ
2439 2871 2549 2925 τῶν
2576 2872 2924 2943 Χριστιανῶν
2946 2873 3112 2927 τοῦτο
3143 2872 3485 2944 ὲξειλήφασι.

575 2982 850 3040 synagoga
882 2968 1186 3026 infidelium
1237 2975 1478 3044 gentium
1505 2991 1571 3031 ac
1617 2974 1958 3043 Judaeorutn,
2013 2977 2107 3046 qui
2149 2984 2209 3028 ut
2261 2973 2416 3026 aiunt
2449 2969 2618 3022 etiam
2651 2969 3052 3024 contumeliose
3111 2969 3165 3023 in
3221 2984 3288 3024 eo
3321 2965 3857 3024 insectaridiruntur

569 3060 776 3126 lideles,
839 3061 998 3130 idque
1025 3064 1263 3118 maxime
1291 3073 1534 3133 tempore
1558 3064 1908 3132 Antichristi,
1951 3065 2218 3121 adversus
2245 3060 2588 3116 Christianos
2620 3059 2725 3114 hoc
2755 3059 3158 3114 intellexerunt.

637 3153 708 3206 Et
733 3153 998 3206 civitatem
1029 3165 1270 3208 sanctam
1319 3155 1602 3210 calcabunt
1634 3157 1897 3211 mensibus
1934 3159 2168 3228 quadra-

2349 3153 2455 3206 Καὶ
2501 3151 2619 3220 τὴν
2651 3153 2838 3206 πόλιν
2880 3152 2995 3218 τὴν
3039 3153 3221 3221 ἁγίαν
3256 3151 3606 3218 πατήσουσι
3658 3149 3854 3222 μῆνας

567 3247 952 3318 ginta'duobus.
979 3245 1223 3316 Tempus
1245 3248 1610 3320 quadraginta
1631 3250 1865 3306 duorum
1884 3249 2155 3305 tncnsium

566 3342 863 3412 opinamur
892 3341 1322 3411 signiﬁcativum
1367 3357 1491 3397 esse
1539 3343 1942 3398 contractionis
1989 3359 2158 3399 morae

566 3434 712 3488 circa
734 3433 1030 3488 adventum
1059 3432 1389 3489 Antichristi
1417 3450 1435 3491 :
1463 3442 1684 3506 propter
1703 3450 1871 3506 quam
1902 3435 2157 3492 alﬂictio-

566 3541 692 3582 nem
719 3525 813 3581 Dei
841 3525 1148 3582 cultoribus
1192 3526 1562 3593 inferendam,
1601 3543 1765 3584 verus
1800 3527 1946 3583 Deus
1993 3529 2157 3584 Chri-

575 3627 698 3673 stus
729 3617 1064 3672 breviandos
1088 3631 1211 3674 esse
1231 3617 1306 3675 ait
1329 3618 1447 3674 dies
1475 3619 1618 3674 illos.
1652 3619 1794 3673 Sunt
1810 3631 1996 3675 autem
2014 3636 2157 3692 qua-

569 3708 823 3778 draginta
853 3709 964 3763 duo
994 3723 1209 3763 menses
1261 3720 1372 3764 tres
1405 3711 1534 3764 anni
1557 3721 1611 3765 et
1639 3710 1924 3778 dimidius,
1950 3713 2004 3766 in
2034 3714 2160 3784 qui-

566 3796 674 3856 bus
702 3797 981 3868 continget
1015 3796 1200 3854 ﬁdeles
1223 3812 1289 3853 ac
1318 3799 1577 3869 probatos
1593 3799 1908 3857 conculcari
1935 3817 1999 3859 ac
2031 3819 2159 3875 per-

567 3888 908 3948 secutionem
941 3891 1072 3962 pati.

1030 4006 1191 4078 743
1229 4007 1458 4063 CAPUT
1486 4009 1657 4066 xxx.

637 4116 715 4174 De
737 4116 921 4175 Enoch
961 4129 1009 4173 et
1049 4119 1200 4186 Elin,
1235 4124 1324 4191 qui
1357 4124 1741 4182 Antichristum
1770 4138 2080 4200 coarguant.

635 4285 712 4342 XI
730 4328 744 4353 ,
773 4289 901 4343 5-6.
926 4287 995 4342 Et
1021 4291 1159 4344 dabo
1184 4294 1389 4348 duobus
1407 4299 1630 4352 testibus
1671 4301 1826 4364 meis,
1851 4311 1898 4354 et
1934 4301 2156 4370 prophe-

567 4381 752 4436 tabnnt
788 4383 970 4435 diebus
995 4384 1140 4436 mille
1175 4386 1416 4442 ducentis
1433 4393 1728 4461 sexaginta,
1761 4395 1941 4447 amicti
1963 4397 2152 4448 saccis.

567 4474 638 4530 lli
668 4485 796 4527 sunt
828 4476 948 4526 dua:
980 4475 1134 4528 oliva:
1187 4487 1235 4530 et
1269 4479 1376 4534 duo
1420 4483 1737 4537 randelabra
1769 4487 1821 4538 in
1877 4496 2154 4555 conspectu

565 4565 780 4622 Domini
806 4578 960 4622 terra:
980 4574 1200 4624 stantia.
1233 4572 1298 4626 Et
1327 4575 1371 4627 si
1393 4577 1508 4644 quis
1532 4577 1672 4644 ipsos
1707 4579 1923 4632 voluerit
1945 4579 2152 4643 (ardere,

569 4661 707 4728 ignis
734 4665 1030 4733 egredietur
1051 4669 1112 4720 de
1145 4683 1233 4719 ore
1261 4684 1464 4732 eorum,
1508 4679 1558 4722 et
1592 4670 1863 4724 devorabit
1913 4674 2153 4725 inimicos

569 4757 825 4820 ipsorum.
853 4757 919 4812 Et
941 4763 987 4813 si
1013 4763 1130 4831 quis
1162 4761 1383 4815 voluerit
1416 4763 1556 4832 ipsos
1592 4764 1800 4824 lwdere,
1840 4765 1918 4817 ita
1952 4776 2153 4835 oportet

571 4862 687 4901 eum
720 4852 912 4904 oetidi.
954 4851 1028 4906 1Ιὶ
1055 4863 1364 4920 potestatem
1411 4855 1599 4907 habent
1640 4857 1920 4910 claudendi
1969 4859 2153 4911 rwlmn

573 4953 635 4993 tte
661 4941 810 5005 pluat
841 4955 1066 5011 tempore
1089 4948 1374 5014 prophetia:
1403 4949 1636 5017 ipsorum
1675 4964 1693 5002 :
1736 4959 1783 5002 et
1839 4960 2151 5017 potestatem

573 5030 762 5084 habent
792 5051 948 5098 super
979 5053 1148 5106 aquas
1193 5041 1522 5093 ronmrtrndi
1551 5057 1638 5094 eas
1667 5043 1717 5094 in
1751 5045 2078 5113 sanguinem,
2109 5058 2155 5098 et

567 5126 886 5192 percutiendi
948 5138 1141 5182 terram
1202 5133 1610 5202 quotiescunque
1668 5134 1921 5188 voluerint
1988 5136 2132 5189 omni

569 5215 748 5286 pingo.

643 5482 918 5550 Quoniam
951 5487 1005 5540 in
1038 5487 1250 5542 visione
1289 5499 1679 5559 repraesentata
1724 5499 1854 5545 sunt
1878 5491 2156 5561 evangeli-

575 5584 674 5629 sta:
735 5592 859 5644 quae
941 5578 1238 5633 Dominiem
1299 5584 1700 5637 incarnationis
1751 5585 2156 5637 concernebant

575 5667 1065 5736 dispensationem,
1087 5689 1283 5741 nempe
1308 5678 1586 5737 nativitas,
1627 5677 1977 5739 tentationes,
2016 5693 2151 5745 pra:-

579 5755 801 5818 tlicalio.
831 5773 987 5823 crux,
1023 5773 1077 5814 et
1114 5777 1308 5832 praeter
1343 5766 1457 5820 lnec
1508 5767 1672 5820 etiam
1710 5767 2046 5820 resurrectio
2091 5785 2153 5822 ac

578 5848 856 5903 secundus
883 5852 1150 5908 adventus
1179 5874 1190 5910 :
1233 5857 1298 5910 ad
1339 5859 1452 5913 hate
1485 5869 1800 5914 sanctorum
1846 5873 2066 5928 quoque
2092 5879 2154 5916 ac

2267 3243 2856 3312 τεσσαρακονταδύο.
2917 3244 3040 3297 Τῶν
3095 3244 3606 3316 τεσσαρακονταδύο
3669 3245 3853 3316 μηνῶν

2266 3334 2360 3386 τὸν
2394 3333 2590 3404 χρόνον
2648 3335 2943 3404 συντομίας
2975 3331 3116 3391 εἶναι
3146 3336 3442 3406 δηλωτικὸν
3471 3337 3854 3407 ὑπειλήφαμεν

2266 3425 2411 3479 κατὰ
2447 3425 2546 3494 τὴν
2575 3425 2880 3496 παρουσίαν
2919 3425 3013 3479 τοῦ
3057 3427 3450 3500 ’Δντιχρίστου,
3482 3427 3552 3481 δι’
3578 3429 3645 3500 ἢν
3679 3427 3856 3482 θλιϐε-

2273 3520 2376 3590 ραν
2408 3515 2580 3572 οὖσαν
2609 3521 2722 3581 τοῖς
2775 3519 3071 3588 φιλοθέοις,
3100 3521 3128 3574 ὁ
3153 3520 3361 3592 ἀληθὴς
3393 3521 3526 3584 Θεὸς
3563 3523 3591 3574 ὀ
3621 3521 3854 3591 Χριστὸς

2267 3608 2628 3664 κολοϐοῦσθαι
2693 3611 2868 3674 αὐτὰς
2920 3611 3018 3674 τὰς
3077 3613 3291 3685 ἡμέρας
3319 3613 3490 3681 λέγει.
3530 3613 3648 3666 Εἰσὶ
3706 3614 3762 3666 δὲ
3804 3615 3852 3666 οἱ

2266 3701 2772 3772 τεσσαρακονταδύο
2801 3705 2990 3774 μῆνες,
3019 3703 3146 3773 τρία
3174 3705 3347 3774 ἥμισυ
3372 3703 3485 3774 ἐτη,
3517 3705 3575 3756 ὲν
3597 3700 3678 3767 οἷς
3711 3720 3849 3773 συμ-

2268 3792 2496 3862 ϐήσεται
2553 3795 2680 3856 τοὺς
2719 3797 2946 3860 πιστοὺς
2983 3798 3078 3850 καὶ
3126 3795 3384 3866 δοκίμους
3438 3797 3730 3852 πατεῖσθαι
3759 3796 3854 3850 καὶ

2267 3882 2582 3938 διώκεσθαι.

2867 4001 3122 4055 ΚΕΦΛΛ.
3165 4000 3246 4058 Λ¹.

2269 4111 2407 4181 Περὶ
2453 4112 2639 4183 Ἑνὼχ
2669 4115 2769 4168 καὶ
2803 4115 2965 4188 Ἠλία
3002 4116 3336 4188 διελέγχειν
3353 4119 3709 4188 μελλόντων
3747 4117 3857 4171 τὸν

2848 4187 2894 4239 Ἀ
2904 4189 3268 4254 ντίχριστον.

2335 4295 2446 4349 Kal
2479 4295 2650 4350 δώσω
2676 4297 2801 4363 τοῖς
2838 4298 2980 4352 δυσὶ
2998 4299 3266 4368 μάρτυσι
3291 4319 3414 4370 μου
3434 4341 3450 4367 ,
3491 4302 3588 4356 καὶ
3619 4319 3854 4371 προφη-

2265 4392 2598 4443 τεύσουσιν
2637 4391 2862 4459 ἡμέρας
2901 4395 3103 4462 χιλίας
3153 4394 3468 4461 διακοσίας
3526 4395 3851 4462 ἐξήκοντα,

2268 4483 2764 4551 περιϐεϐλημένοι
2834 4485 3132 4550 σάκκους.
3196 4483 3374 4543 Οὗτοί
3421 4491 3583 4541 είσιν
3638 4491 3698 4542 al
3742 4491 3853 4542 δύο

2264 4576 2460 4628 ἐλαῖαι
2510 4576 2608 4628 καὶ
2666 4579 2726 4628 al
2777 4575 2888 4629 δύο
2917 4580 3164 4646 ,λυχνίαι
3202 4579 3462 4632 ἐνώπιον
3495 4580 3602 4633 τοῦ
3631 4582 3853 4650 Κυρίου

2263 4666 2374 4735 τῆς
2398 4667 2514 4736 γῆς
2562 4667 2843 4722 ἑστῶσαι.
2872 4669 2979 4723 Καὶ
3013 4671 3070 4724 εἷ
3093 4689 3190 4738 τις
3215 4672 3438 4737 αὐτοὺς
3457 4672 3613 4727 θέλει
3642 4674 3852 4742 ἀδικῆ-

2263 4775 2388 4821 σαι,
2417 4759 2538 4830 πῦρ
2561 4760 2943 4826 ἐκπορεύεται
2965 4761 3033 4814 ἐκ
3053 4763 3157 4815 τοῦ
3198 4764 3495 4831 στόματος
3525 4762 3726 4816 αὐτῶν
3748 4767 3848 4817 καί

2263 4853 2562 4908 κατεσθίει
2619 4853 2762 4917 τοὺς
2794 4853 3046 4920 ἐχθροὺς
3079 4854 3295 4909 αὐτῶν.
3339 4856 3449 4908 Καὶ
3475 4857 3531 4908 ετ
3565 4875 3654 4922 τις
3690 4858 3850 4910 θέλει

2263 4943 2484 5008 αὐτοὺς
2513 4943 2822 5010 ἀδικῆσαι,
2852 4945 3006 4998 οὕτω
3026 4945 3122 4999 δεῖ
3145 4947 3333 5001 αὑτὸν
3371 4949 3850 5017 ἀποκτανθῆναι.

2265 5030 2443 5090 Οὗτοι
2473 5035 2687 5106 ἔχουσι
2717 5040 2823 5089 τὸν
2853 5039 3116 5106 οὐρανὸν
3136 5040 3429 5104 ἐξουσίαν
3461 5041 3723 5106 κλεῖσαι,
3751 5044 3856 5097 ἵνα

2258 5125 2341 5194 μὴ
2364 5127 2538 5192 ὑετὸς
2567 5128 2763 5198 βρέχῃ
2805 5129 2913 5194 τὰς
2952 5131 3177 5200 ἡμέρας
3216 5131 3328 5202 τῆς
3347 5137 3716 5203 προφητείας
3749 5137 3856 5188 atii-

2191 5207 2200 5226 ’
2264 5217 2397 5270 τῶν.
2451 5219 2561 5272 Καὶ
2616 5219 2910 5283 ἐξουσίαν
2953 5223 3208 5290 ἔχουσιν
3266 5223 3525 5278 ἐπὶτῶν
3585 5226 3852 5288 ὑδάτων,

2259 5313 2546 5380 στρέφειν
2575 5313 2728 5366 αὐτὰ
2761 5317 2847 5380 εἰς
2877 5311 3020 5383 αἷμα
3043 5357 3055 5380 ,
3110 5317 3204 5368 καί
3244 5316 3503 5379 πατάξαι
3549 5317 3664 5383 τὴν
3706 5318 3850 5388 γῆν,

2256 5403 2474 5470 ὁσάκις
2493 5406 2603 5460 ἐὰν
2628 5409 2995 5476 θελήσωσιν,
3028 5411 3098 5463 ἐν
3115 5411 3284 5479 πάσῃ
3321 5411 3547 5480 πληγῇ.

2346 5498 2569 5568 Ἐπειδὴ
2608 5500 2788 5553 πάντα
2817 5503 2874 5553 ὲν
2905 5505 2969 5572 τῇ
3017 5503 3252 5573 ὀπτασίᾳ
3287 5504 3583 5575 διεπλὰσθη
3640 5505 3720 5576 τῷ
3758 5507 3854 5558 εὐ·

2261 5591 2585 5662 αγγελιστῇ.
2613 5592 2681 5644 τὰ
2710 5593 2851 5646 κατὰ
2889 5594 2988 5666 τὴν
3028 5595 3292 5667 ἐνσαρκον
3317 5599 3409 5651 τοῦ
3454 5600 3662 5669 Κυρίου
3704 5604 3856 5654 οἰκο-

2261 5681 2476 5748 νομίαν,
2511 5685 2846 5754 ἠγέννησις,
2873 5687 2922 5737 οἱ
2957 5693 3274 5756 πειρασμοὶ,
3303 5691 3358 5742 αἱ
3411 5690 3774 5754 διδασκαλίαι,
3823 5695 3851 5744 ὁ

2263 5773 2517 5841 σταυρὸς,
2548 5776 2642 5826 ἐπὶ
2673 5776 2882 5840 τούτοις
2909 5777 3004 5830 καὶ
3037 5780 3068 5847 ἡ
3095 5781 3412 5845 ἀνάστασις,
3454 5782 3486 5851 ἡ
3527 5781 3754 5851 δευτέρα
3784 5803 3846 5836 τε

2259 5868 2572 5934 παρουσία,
2626 5870 2719 5922 καὶ
2781 5869 2915 5937 πρὸς
2965 5871 3196 5935 τούτοις,
3245 5875 3276 5942 ἡ
3318 5872 3425 5927 τῶν
3453 5872 3623 5941 ἁγίων
3653 5891 3713 5927 τε
3748 5875 3851 5927 καὶ
