4110 6406
267 352 372 415 649

1344 337 1734 407 COMMENT.
1781 343 1860 404 ΙΝ
1903 333 2444 403 APOCALYPSIN.

3434 335 3540 396 650
3549 395 3575 416 1.,

273 461 616 534 ἁμαρτωλῶν
663 461 948 524 ἀντίδοσις,
984 421 1121 531 μόνά
1168 459 1220 511 δέ
1275 457 1614 528 παρελείφθη
1640 457 1708 510 τά
1755 456 1853 525 τῆς

1982 463 2310 510 tcccatorum
2353 450 2643 506 retributio
2679 468 2690 504 :
2729 450 2844 506 Sola
2871 457 3052 504 autem
3077 462 3140 504 ea
3175 447 3542 518 prmtermissa

271 555 528 626 δευτέρας
561 557 890 626 παρουσίας,
933 553 994 616 ἐξ
1046 550 1397 622 ὑποστροφῆς
1450 549 1546 604 νῦν
1604 551 1675 602 τὰ
1726 549 1856 618 περὶ

1982 555 2116 600 :rant
2143 560 2263 615 qua:
2279 543 2584 599 secundum
2619 541 3340 598 concernebantadventnm
3373 557 3386 592 :
3416 539 3542 608 jure

273 648 479 702 τούτων
509 647 844 702 διδάσκεται.
880 645 992 700 Καὶ
1020 645 1103 698 ὅτι
1129 643 1230 715 μὲν
1278 642 1464 706 Ἠλίας
1501 643 1622 712 ἣξει
1658 644 1686 695 ὁ
1719 658 1858 710 προ-

278 742 454 811 φήτης
511 738 698 808 δῆλον,
769 737 1266 809 προαγορευσάσης
1327 735 1428 806 τῆς
1476 735 1701 806 Γραφῆς
1761 735 1850 790 διὰ

239 835 242 838 ⁴
277 827 559 898 Μαλαχίου
599 827 1087 898 χρησμῳδοῦντος·
1140 846 1158 880 ι
1209 827 1342 882 Ἰδοὺ
1393 827 1506 896 ἐγὼ
1541 827 1860 883 ἀποστέλλω

281 922 406 988 ὑμῖν
449 917 637 974 Ἠλίαν
668 921 760 972 τὸν
799 919 1067 990 Θεσϐίτην
1111 920 1242 990 πρὶν
1285 921 1462 976 ἐλθεῖν
1501 921 1600 991 τὴν
1643 921 1860 992 ἡμέραν

284 1009 478 1080 Κυρίου
506 1011 604 1080 τὴν
637 1009 880 1080 μεγάλην
909 1011 1006 1063 καὶ
1034 1012 1294 1082 ἐπιφανῆ-
1333 1013 1393 1076 ὃς
1414 1013 1861 1082 ἀποκαταστήσει

288 1102 506 1172 καρδίαν
531 1102 740 1172 πατρὸς
796 1101 934 1172 πρὸς
980 1105 1134 1170 υἱον,
1172 1105 1282 1178 καὶ.⁵
1302 1103 1533 1176 καρδίαν
1565 1105 1858 1177 ἀνθρώπου

285 1195 416 1264 πρὸς
439 1193 528 1248 τὸν
551 1195 779 1263 πλησίον
802 1193 993 1248 αὐτοῦ.
1025 1215 1043 1248 ι
1070 1198 1210 1266 Περὶ
1235 1196 1294 1250 δὲ
1321 1196 1416 1250 τοῦ
1454 1197 1624 1267 Ἑνὼχ
1654 1215 1882 1266 μαρτυ-¹

288 1285 406 1353 ρίαν
447 1284 544 1354 μὲν
572 1285 696 1338 ὅσον
725 1285 864 1357 πρὸς
897 1285 995 1356 τὴν
1025 1287 1332 1358 παρουσίαν
1361 1288 1472 1342 ἀπδ
1507 1287 1606 1357 τῆς
1637 1289 1863 1358 Γραφῆς

282 1379 380 1429 οὐκ
407 1376 624 1446 ἔχομεν,
663 1377 803 1446 πλὴν
850 1379 945 1431 τοῦ
989 1378 1080 1432 διά
1116 1379 1464 1448 μεταθέσεως
1519 1380 1864 1434 ἀπαθανατι-

285 1465 496 1536 σθῆναι.
530 1467 705 1536 Λόγος
739 1469 797 1521 δὲ
825 1469 1052 1537 φέρεται
1080 1471 1145 1522 ἐκ
1180 1471 1531 1540 παραδόσεως
1565 1471 1766 1542 φοιτῶν
1796 1476 1864 1543 τῇ

297 1557 593 1630 Ἐκκλησία
630 1561 1075 1630 ἀπαρατρέπτως
1133 1573 1229 1616 καί
1295 1564 1458 1617 αὑτὸν
1513 1563 1667 1633 ἥξειν
1726 1566 1866 1635 μετά

295 1650 478 1704 Ἠλιοῦ
511 1651 604 1704 τοῦ
644 1653 908 1706 Θεσϐίτου
941 1654 1154 1725 (ἥξουσι
1181 1655 1290 1728 γὰρ
1328 1656 1495 1725 ἄμφω
1525 1657 1864 1728 προδιαμαρ-

281 1743 564 1814 τύρασθαιί
609 1747 722 1808 τοῖς
761 1744 883 1798 οῦσι
934 1747 1080 1810 τότε,
1135 1748 1211 1818 μὴ
1262 1743 1374 1812 τοῖς
1415 1749 1717 1819 ἀπατηλοῖς
1767 1749 1864 1804 τοῦ

1961 629 2287 708 postliminii
2335 653 2483 692 nunc
2514 638 2700 694 dehis
2752 639 3035 692 edocetur.
3077 634 3146 690 Et
3194 645 3340 691 certe
3395 634 3542 703 quod

1964 730 2113 785 Elias
2137 730 2404 800 propheta
2437 739 2700 786 venturus
2732 731 2805 785 sit
2858 728 3214 784 manifestum
3262 737 3364 793 est,
3415 743 3542 782 cum

1963 819 2244 892 Scriptura
2280 821 2383 875 hoc
2418 821 2749 890 praedixerit,
2771 835 2892 890 quae
2923 835 3020 890 per
3075 819 3397 874 Malacbiam
3445 833 3550 874 νεά

1966 913 2226 968 ticinatur
2267 932 2280 968 :
2313 931 2331 964 ι
2361 911 2501 968 Ecce
2534 928 2636 983 ego
2663 912 2873 966 mittam
2907 911 3061 966 vobis
3096 897 3272 965 Eliam
3323 895 3550 966 Thesbi-

1966 1013 2074 1058 tem
2127 1005 2448 1074 priusquam
2508 1004 2696 1058 veniat
2749 1003 2867 1058 dies
2924 993 3142 1056 Domini
3197 1016 3430 1072 magnus
3496 1010 3552 1056 ct

1967 1094 2316 1162 manifestus,
2375 1096 2470 1164 qui
2547 1103 2830 1150 convertet
2877 1108 2972 1148 cor
3026 1093 3204 1172 patris
3244 1093 3311 1170 ad
3370 1092 3544 1146 lilium

1965 1195 2019 1240 et
2048 1203 2143 1240 cor
2194 1173 2434 1242 hominis
2461 1187 2526 1241 ad
2560 1187 2868 1256 proximum
2897 1201 3058 1240 suum
3091 1185 3158 1239 ⁸³.
3189 1203 3208 1236 ι
3246 1184 3338 1262 De
3361 1183 3550 1240 Enoch

1968 1294 2098 1333 vero
2128 1279 2502 1334 testimonium
2536 1279 2756 1349 quidem
2807 1279 2952 1349 quod
2997 1279 3062 1334 ad
3098 1279 3387 1354 adventum
3423 1295 3553 1350 spe-

1968 1381 2080 1425 ctat
2129 1387 2196 1426 ex
2232 1357 2516 1441 Scriptura
2570 1387 2678 1427 non
2717 1371 3004 1436 habemus,
3057 1381 3253 1442 praeter
3297 1385 3552 1442 transpo-

1970 1461 2226 1516 sitionem
2269 1476 2336 1515 ne
2393 1468 2642 1530 gustaret
2701 1470 2957 1516 mortem.
3019 1458 3214 1515 Fertur
3267 1470 3448 1516 autem
3481 1477 3553 1516 ex

1970 1555 2264 1608 traditione
2297 1569 2610 1622 prieconum
2639 1553 2844 1608 Christi
2875 1552 3019 1623 quod
3053 1553 3446 1609 invariabiliter
3496 1555 3554 1609 in

1971 1645 2216 1722 Ecclesia
2265 1645 2548 1722 recipitur,
2581 1643 2760 1712 ipsum
2809 1658 3032 1713 quoque
3082 1652 3371 1698 venturum
3424 1660 3552 1699 cum

1972 1735 2123 1792 Helia
2156 1723 2436 1792 Thesbite.
2469 1735 2702 1792 Venient
2729 1737 2876 1791 enim
2901 1736 3062 1790 ambo
3095 1745 3154 1790 ut
3184 1745 3558 1806 protestantur

295 1809 670 1908 Ἀντιχρίστου
722 1839 1069 1910 παράγεσθαι
1119 1809 1434 1913 σημείοις),
1485 1809 1601 1895 καὶ.
1629 1809 1712 1912 τῇ.
1755 1839 1864 1912 ἰδία

1982 1830 2059 1885 his
2089 1831 2181 1892 qui
2215 1838 2346 1884 tunc
2383 1837 2566 1895 erunt,
2601 1844 2673 1883 ne
2711 1809 3002 1883 fallacibus
3027 1827 3352 1882 Antichristi
3382 1827 3556 1898 signis

287 1931 566 2001 μαρτυρίᾳ
589 1932 768 2002 ταύτῃ
800 1932 1056 2002 τριϐἧναι
1090 1934 1284 2003 χρόνον
1325 1933 1569 2004 τριετίας
1597 1933 1694 1988 καὶ
1738 1933 1868 2004 ἡμί-

287 2039 443 2086 σεως.
473 2022 644 2076 Τοῦτο
668 2023 778 2094 γὰρ
802 2025 1046 2094 αίχίλιαι
1093 2025 1372 2079 διακόσιαι
1427 2025 1700 2096 ἐξήκοντα
1731 2025 1867 2096 ήμέ-

287 2130 382 2184 ραι
409 2116 658 2184 χρονικὺν
707 2116 1030 2170 ἀποτελοῦσι
1058 2117 1352 2188 διάστημα.
1391 2117 1456 2170 Ἥ
1487 2117 1544 2170 δὲ
1575 2117 1684 2169 τῶν
1739 2116 1870 2170 σάκ-

285 2223 400 2259 κων
467 2207 733 2278 περιϐολὴ
798 2209 859 2261 τὸ
916 2208 1056 2279 μετά
1113 2208 1393 2270 εὐτελείας
1459 2209 1736 2279 προϐῆναι
1779 2211 1870 2261 καὶ

286 2297 522 2362 πένθους
545 2301 642 2353 καὶ
683 2301 1144 2373 σκυθρωπότητος
1202 2303 1444 2372 παριστᾷ
1472 2301 1696 2364 τούτους
1744 2304 1868 2362 τοὶς

285 2389 406 2456 δύο,
445 2388 540 2453 οὓς
578 2391 791 2455 ἐλαίαις
835 2392 1112 2462 Ζαχαρίας
1167 2394 1196 2446 ὁ
1240 2394 1530 2462 προφήτης
1554 2389 1868 2455 ἀπεικάζει,

289 2480 388 2532 καὶ
447 2480 692 2549 λυχνίαις
735 2481 910 2548 δυσὶν,
958 2481 1192 2547 ἐλαίαις,
1241 2481 1330 2536 διὰ
1358 2481 1438 2546 τὸ,
1467 2482 1530 2534 τὸ
1567 2481 1744 2534 ἔλαιον
1772 2482 1872 2548 τὴν

286 2567 498 2637 τροφὴν
528 2567 620 2620 τοῦ
659 2567 836 2637 φωτὸς
863 2569 1155 2640 πηγάζειν,
1179 2569 1425 2641 λυχνίαις
1457 2569 1534 2636 δὲ,
1557 2570 1640 2624 ὅτι
1687 2569 1870 2639 ὄχημα

287 2660 392 2730 τῆς
447 2660 704 2731 ἀληθείας
754 2662 1068 2730 γεγόνασιν,
1129 2663 1251 2734 ἥτις
1316 2679 1376 2715 τε
1423 2661 1492 2716 δι’
1545 2661 1758 2732 ἀρετῶν
1813 2661 1873 2714 τὺ

285 2751 544 2823 ἀληθινὸν
575 2752 691 2822 φῶς
721 2751 1124 2825 ὀνομαζόμενον
1154 2754 1466 2818 ὑποδύεται,
1501 2756 1595 2809 καὶ
1621 2771 1874 2824 φρυκτω-

291 2846 382 2914 ρεῖ
405 2845 528 2909 τοὺς
557 2846 916 2912 πελάζοντας,
950 2847 979 2900 ὃ
1001 2849 1094 2901 καὶ
1128 2848 1314 2908 αὐτοῖς
1347 2848 1694 2920 περιγίνεται
1740 2850 1876 2918 παῤ-

288 2938 638 3010 ῥησιάζουσι.
661 2941 740 2992 Τὸ
774 2941 832 2994 δὲ
866 2943 1099 2995 ἐνώπιον
1139 2943 1364 2995 ἐστᾶναι
1406 2941 1616 3012 Κυρίου
1645 2941 1744 3012 τῆς
1771 2940 1874 3010 γῆς

286 3031 340 3083 τί
399 3030 464 3084 ἂν
517 3032 644 3086 ἄλλο
687 3033 968 3103 σημαίνει,
1017 3034 1049 3104 ἦ
1101 3034 1164 3087 τὸ
1212 3033 1500 3102 ἀγχοτάτω
1541 3031 1635 3085 τοῦ
1682 3031 1873 3101 κριτοῦ

287 3121 516 3184 ζώντων
556 3124 648 3176 καὶ
683 3124 892 3195 νεκρῶν
921 3125 1020 3196 τῆς
1053 3123 1234 3177 αὐτῶν
1281 3122 1584 3194 παρουσίας
1626 3121 1727 3194 τὴν
1780 3121 1876 3190 ἐφ’
1904 3159 1948 3218 0

288 3215 416 3267 οδον
439 3215 718 3284 γίνεσθαις

365 3307 494 3375 Πῦρ
519 3308 908 3376 ἐκπορεύεται
933 3307 1006 3361 ἐκ
1027 3307 1135 3362 τοῦ
1171 3303 1467 3378 στόματος
1512 3307 1730 3362 αὐτῶν.
1769 3301 1875 3374 Ση-

291 3399 498 3470 μείοις,
533 3402 689 3468 φησὶ,
717 3402 1014 3472 χρήσονται
1045 3400 1142 3454 καὶ
1169 3401 1326 3454 αὐτοὶ
1355 3401 1602 3462 δυνατοῖς
1627 3439 1642 3464 ,
1661 3400 1750 3453 διά
1779 3397 1876 3452 τοῦ

289 3489 555 3559 ἀληθινοῦ
604 3491 815 3544 ἑαυτῶν
877 3491 948 3542 τά
1015 3489 1159 3542 κατὰ
1231 3489 1444 3558 πλάνην
1507 3488 1604 3540 καὶ
1661 3489 1880 3556 ἀπάτην

290 3583 636 3654 ἐλέγχοντες,
689 3585 783 3636 καὶ
820 3585 948 3645 τοὺς
976 3581 1224 3652 ὁρῶντας
1269 3582 1348 3644 είς
1380 3580 1568 3632 πίστιν
1619 3579 1714 3632 καὶ
1750 3595 1878 3648 συγ-

289 3675 594 3730 κατάθεσιν
640 3675 910 3738 ἐλκοντες.
965 3674 1140 3728 Βαϐαὶ
1183 3675 1282 3740 τῆς
1331 3673 1484 3735 θείας
1539 3670 1879 3741 ἀγαθότητος

289 3767 627 3839 ἀντίρροπον
655 3771 722 3840 τῇ
761 3768 940 3838 πλάνῃ
964 3767 1062 3837 τὴν
1096 3764 1354 3836 ἀλήθειαν
1391 3763 1786 3835 ἀντιταξάσηςί
1820 3766 1878 3816 ἐν

291 3861 529 3933 δυνάμει
555 3863 662 3935 γὰρ
723 3861 997 3933 ἀληθινῶν
1037 3860 1284 3930 σημείων
1335 3861 1431 3913 καὶ
1474 3859 1721 3930 τεράτων
1753 3858 1880 3918 τοὺς

295 3953 494 4021 ἁγίους
541 3953 767 4016 τούτους
821 3951 1199 4014 καθοπλίσας,
1249 3949 1434 4018 λόγοις
1479 3948 1882 4010 διδασκαλικοίς

291 4045 766 4114 ἐπιστρέφοντας,
825 4043 920 4096 καὶ
990 4041 1126 4112 πρὸς
1184 4039 1397 4103 τούτοις
1457 4039 1551 4092 καὶ
1604 4039 1877 4108 μάστιξιν,

293 4135 633 4205 ἀνομϐρίας,
661 4135 824 4202 λέγω,
857 4135 952 4187 καὶ
977 4134 1170 4199 πυρὸς,
1193 4131 1288 4184 καὶ
1317 4133 1436 4193 ταῖς
1467 4129 1577 4181 τῶν
1601 4131 1881 4198 στοιχείων

297 4224 722 4295 μεταπτώσεσιν
767 4225 861 4278 ἐπὶ
898 4223 960 4276 τὸ
995 4223 1294 4294 βλαπτικὸν
1319 4221 1738 4291 προχωρούσαις
1769 4223 1883 4284 τοῖς
1916 4297 1920 4301 _

293 4319 716 4389 ἀνεπιστρόφως
730 4317 1118 4388 διακειμένοις,
1137 4315 1260 4378 τοὺς
1273 4313 1549 4376 ἐναντίους
1564 4313 1730 4366 αὑτοῦ
1749 4331 1883 4366 κατ-

294 4411 552 4478 αισχυνεῖ
565 4407 704 4480 μετὰ
719 4408 826 4460 τῶν
853 4407 1096 4476 τεράτων
1117 4404 1223 4458 τῶν
1261 4402 1498 4472 ἀληθῶνο
1519 4403 1614 4456 καὶ
1626 4401 1770 4456 οὕτω
1785 4403 1884 4472 μὲν

1976 1922 2134 1978 tidem
2183 1923 2598 1977 adhibeant:et
2625 1923 2679 1976 in
2739 1922 2842 1976 hoc
2889 1937 2992 1977 suo
3046 1921 3362 1976 testimonio
3393 1922 3558 1994 7M

1973 2023 2134 2084 agent
2161 2015 2230 2069 ad
2275 2025 2492 2086 tempus
2547 2017 2714 2070 trium
2745 2027 3016 2068 annorum
3051 2021 3108 2067 et
3137 2013 3350 2068 dimidii
3381 2031 3395 2068 :
3425 2029 3556 2068 nam

1978 2106 2129 2162 mille
2165 2107 2386 2162 ducenti
2418 2107 2700 2176 sexaginta
2759 2105 2877 2160 dies
2907 2117 3118 2159 tantum
3171 2105 3392 2174 explent
3424 2113 3560 2160 temd

1975 2199 2124 2268 poris
2140 2199 2394 2267 spatium.
2417 2198 2715 2254 Sat-corum
2739 2206 2921 2252 autem
2947 2199 3187 2252 amictus
3213 2197 3562 2252 demonstrat

1975 2290 2078 2342 hos
2105 2288 2245 2342 duos
2291 2288 2598 2356 praecedere
2620 2303 2748 2342 cum
2805 2286 3114 2356 abjectione
3163 2287 3346 2342 luctus
3394 2299 3561 2358 atque

1977 2381 2273 2445 maestitiae,
2310 2393 2450 2449 quos
2481 2377 2778 2433 Zacharias
2809 2378 3073 2447 propheta
3107 2379 3264 2436 olivis
3293 2379 3564 2435 assimilat

1976 2479 2030 2524 et
2049 2469 2266 2524 duobus
2283 2467 2688 2536 candelabris“?
2720 2487 2733 2521 :
2773 2467 2956 2534 olivis,
2987 2483 3052 2524 eo
3081 2469 3227 2539 quod
3253 2469 3566 2539 producant.

1978 2562 2158 2616 oleum
2200 2545 2340 2618 lucis
2385 2564 2784 2616 nutrimentum
2817 2580 2830 2615 :
2873 2561 3216 2619 candelabris
3249 2577 3398 2629 vero,
3432 2564 3566 2634 quia

1979 2653 2291 2710 vehiculum
2319 2655 2447 2708 facti
2479 2664 2606 2710 sunt
2637 2653 2910 2719 veritatis,
2947 2669 3072 2723 qua:
3100 2663 3157 2710 et
3185 2669 3284 2724 per
3327 2655 3566 2711 virtutes

1978 2762 2172 2802 nomen
2204 2761 2344 2802 vera:
2365 2746 2503 2801 lucis
2537 2746 2781 2816 suscipit,
2817 2757 2872 2802 et
2899 2747 3156 2818 praslucet
3175 2747 3262 2802 his
3291 2749 3382 2819 qui
3407 2764 3566 2804 acceé

1977 2839 2134 2906 dunt,
2158 2843 2302 2910 quod
2340 2840 2504 2894 etiam
2537 2839 2624 2894 his
2660 2839 2925 2910 contingit
2972 2840 3064 2910 qui
3095 2839 3264 2898 libere
3305 2851 3359 2896 et
3407 2843 3566 2912 ingca

1981 2946 2090 2987 nue
2175 2933 2499 2998 loquuntur.
2563 2931 2832 2986 Cancrum
2893 2933 2948 2986 in
3004 2942 3300 3002 conspectu
3350 2933 3568 2988 Domini

1981 3035 2140 3080 terrai
2164 3033 2332 3090 stare,
2360 3025 2493 3096 quid
2511 3023 2658 3079 aliud
2683 3023 2996 3094 signiﬁcare
3007 3033 3206 3095 potest,-
3233 3041 3396 3095 quam
3420 3029 3570 3098 quod

1982 3132 2240 3175 accessus
2267 3117 2459 3173 horum
2484 3117 2983 3188 propinquissimus
3007 3117 3109 3175 erit
3141 3119 3394 3176 adventui
3420 3119 3570 3190 indi-

1984 3212 2065 3268 cis
2095 3211 2344 3266 vivorum
2368 3225 2433 3265 ac
2467 3220 2807 3266 mortuorum
2831 3210 2855 3266 ί
3401 3259 3404 3262 ,
3581 3265 3583 3268 ,

2059 3306 2206 3375 Ignis
2224 3307 2517 3376 egredietur
2537 3305 2602 3358 de
2623 3320 2712 3358 ore
2736 3319 2941 3357 eorum.
2971 3301 3172 3373 Signis,
3191 3304 3389 3374 inquit,
3412 3316 3572 3362 utens

1987 3406 2076 3454 tur
2099 3407 2154 3453 et
2171 3398 2274 3467 ipsi
2305 3395 2639 3467 potentibus,
2676 3393 2906 3450 veritate
2937 3395 3156 3450 illorum
3208 3407 3570 3467 coarguentes

1986 3501 2050 3540 ea
2073 3465 2274 3556 quae—in
2307 3465 2502 3540 errore
2523 3498 2588 3540 ac
2612 3483 2931 3539 seductione
2963 3485 3115 3550 ﬁent,-
3148 3495 3203 3540 et
3227 3501 3326 3542 eos
3348 3465 3452 3558 ‘qni
3485 3465 3594 3542 vi-'

1987 3574 2170 3630 derint
2189 3574 2256 3630 ad
2282 3573 2442 3630 ﬁdem
2465 3583 2520 3630 et
2537 3589 2824 3631 assensum
2845 3577 3202 3634 attrahentes.
3231 3577 3275 3635 Ο
3293 3581 3572 3637 admiran-

1987 3668 2114 3724 dam
2135 3667 2374 3722 divinam
2397 3667 2702 3723 bonitatem
2729 3683 2850 3738 quae
2885 3685 2952 3723 ex
2983 3671 3220 3727 adverso
3251 3675 3458 3730 erroris
3476 3691 3572 3730 or—

1990 3757 2200 3812 dinavit
2221 3757 2526 3812 remedium
2555 3758 2835 3814 veritatis!
2867 3775 2992 3814 nam
3025 3775 3121 3828 per
3134 3771 3458 3832 potestatem
3477 3783 3570 3822 re-

1990 3865 2182 3906 rorum
2219 3850 2500 3919 signornm
2541 3859 2594 3906 et
2633 3851 3009 3924 prodigiorum
3052 3865 3276 3912 sanctos
3306 3857 3444 3914 istos
3474 3863 3608 3926 ob-_

1989 3957 2234 4009 armans,
2259 3953 2321 4000 ut
2365 3943 2630 4000 doctrina:
2662 3947 3014 4004 sermonibus
3049 3950 3297 4006 homines
3344 3961 3578 4008 conver-

1991 4045 2147 4091 tant:
2189 4046 2450 4105 prteterea
2485 4037 2648 4092 etiam
2698 4037 2944 4109 ﬂagellis,
2989 4056 3187 4110 nempe
3233 4042 3434 4111 pluvia:
3475 4061 3574 4100 ca-

1993 4131 2168 4186 rentia
2195 4140 2250 4187 et
2283 4131 2614 4202 igne,variis
2637 4131 2802 4185 etiam
2835 4132 3230 4187 elementorum
3261 4137 3578 4192 mutationi‘

1993 4223 2118 4287 bus,
2139 4223 2206 4276 ad
2241 4224 2346 4278 hoc
2371 4222 2742 4287 tendentibus,
2785 4231 2844 4276 ut
2867 4221 2934 4276 iis
2955 4233 3148 4278 noceat
3175 4226 3268 4294 qui
3301 4227 3372 4280 ita
3395 4229 3575 4282 allecti

1995 4323 2124 4373 sunt
2151 4324 2214 4369 ut
2242 4315 2487 4369 converti
2523 4321 2824 4382 nequeant,
2868 4329 2999 4370 suos
3048 4315 3394 4372 adversarios
3427 4322 3575 4374 veris

1995 4405 2164 4476 signis
2191 4403 2486 4476 pudefacit.
2519 4404 2586 4458 Et
2615 4405 2690 4458 ita
2721 4405 2940 4474 quidem
2963 4414 3268 4462 tractantur
3309 4421 3574 4468 amentes.

294 4501 352 4554 οἱ
385 4499 660 4553 ἀσύνετοι.
681 4499 818 4553 Οίδέ
853 4497 1096 4568 βελτίους
1129 4497 1224 4550 κει)⁸
1261 4496 1398 4566 πρὸς
1423 4493 1757 4565 ἐπιστροφὴν
1775 4495 1878 4548 ἀπ-

1995 4497 2168 4553 Porro
2198 4497 2448 4552 saniores
2477 4505 2532 4552 et
2553 4497 2646 4566 qui
2686 4497 2754 4552 ad
2787 4499 3200 4554 conversionem
3249 4502 3573 4570 respiciunt,

303 4593 516 4656 ιδόντες
540 4593 702 4663 (κατά
726 4593 810 4656 τὸ,
839 4610 858 4643 ι
880 4591 944 4643 Ἠ
965 4589 1183 4642 παιδεία
1213 4587 1419 4654 Κυρίου
1445 4586 1654 4654 ἀνοίγει
1683 4603 1788 4656 μου
1817 4586 1885 4640 τὰ

297 4680 423 4738 ὦτα
450 4700 496 4736 ι’
527 4685 620 4738 καὶ¹
648 4683 730 4749 τὸ,
755 4704 772 4736 ι
791 4685 888 4737 Ὃν
906 4682 1096 4752 ἀγαπᾷ
1129 4679 1330 4749 Κύριος
1356 4679 1690 4748 παιδεύει,›)
1721 4681 1883 4750 ἐκέρ-

297 4777 496 4841 δαναν,
539 4777 588 4828 εί
620 4776 716 4830 καὶ
747 4775 964 4842 βιαίως,
997 4773 1113 4827 ἀλλ’
1153 4767 1246 4824 οῦν
1269 4771 1330 4824 τὸ
1377 4771 1669 4840 σωτήριονζ
1699 4772 1883 4834 αὐτοῖς

297 4866 702 4940 ἐπιδραὸευθὲν
730 4869 884 4936 παρὰ
902 4866 997 4918 τοῦ
1035 4865 1110 4936 μὴ
1154 4861 1482 4934 ἀμαρτωλοῦ
1514 4863 1608 4916 τὸν
1652 4862 1884 4916 θάνατον

297 4961 574 5025 θέλοντος,
605 4959 741 5012 ἀλλά
767 4961 867 5028 τὴν
900 4959 1214 5028 μετάνοιαν.

373 5054 486 5110 Καὶ
532 5054 790 5118 πατάξαι
827 5053 942 5121 τὴν
979 5051 1118 5122 γῆν.
1159 5051 1529 5122 Ἀντιρῥὸπως
1568 5050 1710 5104 κατά
1733 5049 1884 5102 θείαν

299 5147 656 5218 χρηστότητα
671 5149 736 5218 τῇ
759 5147 944 5216 πληγῇ
963 5145 1286 5217 ἐπιφέρεται
1308 5143 1406 5197 καὶ
1428 5146 1459 5211 ή
1479 5145 1645 5206 ἴασις.
1666 5142 1888 5212 Ἐπειδὴ

297 5243 418 5313 γὰρ
452 5243 510 5295 ἐν
552 5243 686 5296 πᾶσι
721 5227 980 5311 ,σημείοις
1021 5239 1116 5293 καὶ
1158 5239 1354 5310 τέρασι
1387 5237 1638 5306 ψεύδους,
1673 5235 1891 5288 πάντων

303 5334 621 5404 φαρμάκων
646 5332 801 5386 ἐσται
821 5330 1282 5402 περιφανέστερος
1316 5328 1438 5383 κατ’
1473 5328 1760 5400 ἐνέργειαν
1792 5326 1888 5380 τοῦ

299 5427 543 5491 Σατανᾶ,
563 5426 592 5477 δ
605 5423 808 5492 ἀγαθὸς
825 5423 958 5486 Θεὸς
974 5405 1096 5484 τοὺς
1113 5421 1302 5489 ἁγίους
1323 5419 1545 5482 τούτους
1571 5417 1864 5472 καθοπλίσε
1875 5436 1892 5471 ι

297 5518 368 5572 ἐν
378 5515 606 5586 δυνάμει
618 5516 859 5587 σημείων
871 5514 1160 5584 ἀληθινῶν,
1179 5513 1240 5566 τὸ
1255 5511 1450 5582 ψεῦδος
1465 5510 1888 5579 ἀπελέγξοντας,

302 5609 556 5672 καὶτοὺς
599 5609 698 5680 μὲν
737 5608 1190 5678 πεπλανημένους
1221 5606 1674 5678 ἐπιστρέφοντας.
1700 5603 1792 5657 τὸν
1831 5605 1888 5657 δὲ

379 5769 428 5800 ⁵³
476 5767 664 5824 Malae.
720 5785 796 5834 Iv,
847 5769 900 5823 6.
974 5769 1019 5800 ⁶⁰
1077 5766 1244 5822 Zach.
1295 5781 1370 5834 ιν,
1410 5765 1494 5820 ll.
1537 5765 1580 5795 ⁶¹
1621 5763 1783 5819 Prov.
1823 5761 1904 5832 ut,
1941 5767 1988 5820 ί.

631 5867 900 5926 ΡΑΤιιοι..
947 5866 1066 5924 (in.
1097 5865 1256 5925 CVI.

1991 4589 2292 4659 iuxtaillud
2318 4605 2364 4643 ιι
2389 4587 2680 4658 Disciplina
2701 4589 2912 4644 Domini
2931 4592 3106 4659 aperit
3127 4607 3290 4648 aures
3307 4595 3538 4652 meas“:
3553 4615 3572 4648 ι

1996 4690 2050 4735 et
2079 4680 2212 4736 illud
2247 4699 2262 4735 :
2296 4698 2315 4732 ι
2350 4679 2524 4747 Quem
2553 4681 2732 4752 diligit
2795 4679 3062 4740 Dominus
3086 4685 3403 4755 castigat",
3435 4705 3454 4738 ι
3488 4705 3581 4743 sa-

1997 4771 2164 4824 lutem
2213 4768 2633 4837 lucrifecerunt,
2672 4787 2982 4841 quanquam
3037 4773 3296 4840 violente,
3341 4785 3582 4834 attamen

1997 4861 2102 4914 sibi
2131 4861 2472 4932 designatam
2507 4862 2576 4916 ab
2607 4877 2673 4917 eo
2707 4864 2800 4932 qui
2839 4878 2950 4918 non
2981 4865 3097 4920 vult
3117 4875 3350 4922 mortem
3379 4885 3580 4939 pecca-

1995 4957 2152 5023 toris,
2183 4959 2277 5012 sed
2305 4958 2760 5028 resipiscentiam.

2073 5049 2139 5104 Et
2171 5051 2499 5118 percutiendi
2548 5061 2764 5107 terram.
2801 5050 2967 5108 Juxta
3007 5053 3248 5110 divinam
3276 5056 3580 5116 bonitatem

1999 5145 2456 5215 correspondenti
2498 5145 2663 5200 modo
2692 5143 2758 5198 ad
2789 5133 3004 5216 plagam
3037 5145 3204 5200 etiam
3232 5151 3584 5220 subjungitttl'

1999 5238 2239 5292 sanatio.
2299 5235 2594 5308 Postquam
2631 5234 2778 5290 enim
2815 5236 3195 5294 Antichristus
3243 5255 3339 5308 per
3393 5245 3580 5298 omnia

2002 5333 2160 5402 signa
2207 5337 2264 5386 et
2312 5328 2562 5398 prodigia
2606 5327 2894 5384 mendacia
2936 5331 3155 5385 ctmctis
3201 5331 3380 5388 factus
3415 5331 3584 5390 fuerit

2003 5419 2276 5475 illustrior
2297 5417 2604 5473 secundum
2639 5420 3016 5488 operationem
3037 5419 3274 5486 Satame,
3313 5424 3584 5492 benignus

2001 5513 2148 5568 Deus
2184 5523 2411 5570 sanctos
2441 5527 2576 5568 suos
2603 5511 2914 5570 obarmabit
2951 5530 3049 5586 per
3079 5516 3380 5586 potentiam
3427 5533 3584 5574 νεῖον

1999 5621 2120 5659 rum
2174 5605 2458 5676 signorum
2501 5623 2514 5660 :
2551 5615 2609 5662 ut
2661 5607 3008 5664 mendacium
3048 5619 3373 5681 coarguant,
3406 5620 3458 5666 et
3491 5625 3586 5666 eoa

2069 5763 2229 5820 Ilcbr.
2269 5781 2363 5833 xu,
2397 5765 2450 5820 6.
3157 5843 3162 5846 _

3107 5857 3184 5930 9t
