4110 6414
550 343 655 413 651

1388 356 1720 416 ARETlI/E
1760 358 2138 421 CAESARE/Ii
2172 363 2656 427 CAPPADOCI/E
2696 366 3040 429 EPISCOPI

3714 376 3820 439 652

547 461 642 530 qui
690 457 900 517 fuerint
928 461 1137 519 seducti
1179 472 1526 532 convertant,
1564 483 1629 522 ac
1662 470 2004 525 seductorem
2047 487 2141 541 pa-

2248 476 2455 532 πλάνον
2501 477 3112 547 παραδειγματίσοντας
3154 478 3250 532 καὶ
3282 479 3451 551 μηδὲν
3477 482 3829 553 πεισομένους

546 556 655 611 lam
714 558 1028 622 traducant,
1079 556 1328 627 nihilque
1351 559 1569 616 adversi
1627 562 1698 616 ab
1750 578 1817 617 eo
1862 564 2140 634 patiantur

548 664 728 718 usque
762 650 829 703 ad
865 649 1165 703 terminum
1210 665 1324 704 suae
1353 651 1679 720 prOphetize.

617 738 706 804 XI,
740 739 888 793 7-10.
925 739 1159 809 Cumque
1207 742 1527 810 expleverint
1575 746 1931 800 testimonium
1961 764 2136 816 suum,

549 828 709 901 745
743 831 914 882 bestia
944 846 1062 899 qua:
1096 832 1334 887 ascendit
1361 834 1427 887 de
1454 835 1649 904 abysso
1675 840 1964 894 committet
1999 857 2137 910 pra:-

547 923 677 975 ltum
710 921 963 975 adversus
999 922 1169 993 ipsos,
1199 932 1246 977 et
1287 925 1454 979 vincet
1498 942 1604 993 eos,
1646 946 1709 982 ac
1737 931 1938 985 occidet
1974 934 2135 1002 ipsas,

543 1024 591 1067 ct
618 1016 875 1067 cadavera
897 1015 1355 1083 eorumjacebunt
1380 1019 1435 1072 in
1459 1019 1637 1088 platea
1663 1022 1893 1077 civitatis
1908 1040 2134 1096 magnae,

543 1123 659 1177 qua,
693 1117 913 1160 vocatur
946 1109 1306 1177 spiritualiter
1354 1111 1588 1168 Sodoma
1633 1124 1682 1169 et
1723 1116 2013 1188 nEgyptus,
2050 1121 2138 1174 ubi

541 1209 589 1252 et
644 1200 898 1254 Dominus
936 1218 1118 1255 eorum
1161 1205 1451 1272 cruciﬁxus
1504 1216 1602 1260 est.
1657 1207 1725 1261 Et
1787 1209 2033 1264 videbunt
2073 1212 2136 1265 de

541 1291 750 1360 papulis
791 1299 838 1345 et
878 1293 1119 1345 tribubus
1168 1303 1218 1347 et
1264 1294 1458 1364 linguis
1505 1305 1553 1350 et
1595 1297 1834 1367 gentibus
1869 1299 1939 1353 ad
1968 1301 2134 1354 cada-

542 1400 661 1436 vera
699 1398 881 1435 eorum
937 1385 1103 1435 tribus
1138 1382 1324 1436 diebus
1377 1394 1426 1437 et
1479 1384 1724 1452 dimidio,
1778 1396 1826 1441 et
1878 1386 2135 1441 cadavera

540 1492 725 1529 eorum
759 1492 861 1529 non
894 1477 1199 1545 permittant
1230 1477 1355 1545 poni
1384 1478 1441 1531 in
1480 1491 1875 1533 monumentum
1905 1494 1924 1533 :
1958 1489 2007 1533 et
2051 1481 2134 1533 in-

541 1568 847 1621 habitantes
900 1578 1099 1621 terram
1140 1570 1441 1637 gaudebunt
1492 1586 1651 1639 super
1686 1570 1819 1636 illis,
1875 1580 1925 1625 et
1980 1572 2132 1626 ltela-

542 1662 743 1713 buntur
778 1676 840 1712 ac
882 1676 1105 1713 munera
1134 1659 1337 1713 dabunt
1362 1660 1587 1713 invicem
1618 1676 1635 1713 :
1664 1662 1916 1731 quoniam
1949 1661 2003 1714 hi
2029 1663 2131 1714 duo

541 1750 807 1820 prop/tcta:
844 1752 1208 1805 cruciaverant
1234 1751 1537 1806 habitantes
1566 1752 1621 1807 in
1647 1763 1810 1807 terra.

625 2012 859 2083 Cumque
946 2013 1263 2082 expleverint
1346 2016 1729 2071 testimonium.
1814 2018 2134 2084 Quodnam?

542 2106 694 2171 Quod
715 2106 762 2162 is
801 2106 897 2176 qui
950 2115 1081 2160 tunc
1125 2122 1367 2177 praesens
1414 2109 1520 2163 erit
1579 2124 1688 2163 non
1737 2109 1805 2165 sit
1853 2110 2132 2174 Christus,

540 2198 639 2253 sed
683 2198 953 2268 impostor
993 2213 1057 2253 ac
1102 2200 1452 2270 perniciosus
1497 2201 1757 2255 seductor
1794 2219 1807 2255 :
1844 2202 1936 2258 sed
1971 2202 2135 2271 paulo

537 2298 659 2360 post
694 2299 959 2344 venturus
1001 2289 1073 2344 sit
1111 2289 1206 2344 Dei
1240 2288 1435 2356 Filius,
1461 2291 1549 2346 cui
1602 2290 1767 2345 etiam
1798 2290 2134 2345 credendum

535 2380 609 2434 sit
636 2389 897 2449 tanquam
928 2377 1204 2434 Salvatori
1241 2397 1254 2434 :
1293 2380 1387 2449 qui
1424 2380 1491 2434 ad
1536 2379 1983 2435 benefaciendum
2030 2380 2133 2435 ho-

537 2472 781 2527 minibus
821 2472 936 2543 jam
964 2471 1096 2527 olim
1146 2471 1450 2537 advenerit,
1497 2480 1552 2527 et
1600 2487 1748 2528 nunc
1806 2488 2026 2529 rursum
2064 2472 2138 2529 sit

535 2572 825 2621 venturus.

609 2656 790 2711 Bestia
820 2670 939 2726 qua:
961 2654 1199 2710 ascendit
1221 2656 1286 2709 de
1318 2656 1529 2727 abysso.
1561 2655 1796 2712 Bestiam
1822 2657 1955 2713 dicit
1974 2658 2135 2713 Anti-

536 2749 831 2813 cbristum,
863 2756 1089 2818 propter
1137 2747 1519 2803 crudelitatem
1547 2758 1602 2805 et
1654 2749 2132 2818 inbumanitatem,

534 2856 603 2897 ac
646 2840 875 2896 humani
933 2840 1223 2910 sanguinis
1278 2841 1645 2897 aviditatem:
1702 2844 1961 2914 abyssum
2006 2861 2136 2900 vero

534 2934 704 2989 vitam
739 2933 1047 2996 hominum,
1087 2948 1331 2987 amaram
1387 2943 1613 3003 propter
1648 2944 1893 3004 peccata,
1931 2946 1986 2992 et
2035 2938 2134 2992 tri-

535 3037 673 3080 stem
704 3040 768 3080 ac
802 3024 1115 3079 instabilem
1151 3023 1223 3078 ob
1264 3023 1530 3079 adversos
1575 3024 1821 3095 undique
1867 3025 2031 3081 ﬂatus
2071 3041 2136 3081 ae

2248 570 2340 623 ὑπ’
2377 569 2591 623 ἐκείνου
2617 570 2863 641 λυπηρὸν
2887 569 3018 641 ἄχρι
3039 571 3298 642 περάτων
3328 574 3427 644 τῆς
3465 572 3675 628 ἑαυτῶν
3703 592 3825 647 προ-

2248 661 2497 731 φητείας.

2319 750 2429 803 Kal
2491 751 2636 804 ὅταν
2678 751 2977 806 τελέσωσι
3039 753 3156 818 τὴν
3213 757 3549 823 μαρτυρίαν
3596 757 3827 824 αὐτῶν,

2245 841 2313 894 τὸ
2341 844 2551 911 θηρίον
2579 843 2643 896 τὸ
2656 843 2985 897 ἀναϐαῖνον
3010 844 3079 898 ἐκ
3102 843 3214 911 τῆς
3250 845 3552 911 ἀϐύσσου,
3585 848 3830 915 ποιήσει

2237 929 2365 1000 μετ’
2393 931 2594 985 αὐτῶν
2648 933 2939 1002 πόλεμον,
2990 932 3089 987 καί
3143 933 3386 1001 νικήσει
3430 935 3676 1001 αὐτοὺς,
3732 939 3832 991 καί

2242 1022 2564 1076 ἀποκτενεῖ
2593 1024 2839 1090 αὐτοὺς,
2872 1024 3060 1078 καὶτὸ
3100 1025 3311 1094 πτῶμα
3347 1025 3549 1081 αὐτῶν
3580 1026 3681 1081 ἐπὶ
3721 1029 3835 1096 τῆς

2242 1116 2536 1183 πλατείας
2565 1115 2677 1182 τῆς
2698 1118 2928 1184 πόλεως
2963 1116 3074 1184 τῆς
3086 1118 3378 1187 μεγάλης,
3403 1118 3537 1185 ἣτις
3565 1119 3833 1173 καλεῖται

2239 1208 2656 1277 πνευματικῶς
2685 1207 2921 1277 Σόδομα
2960 1206 3059 1261 καί
3090 1208 3410 1278 Αἴγυπτος.
3441 1208 3636 1263 ’Ὅπου
3669 1209 3764 1263 καί
3800 1212 3835 1262 ὁ

2238 1300 2455 1366 Κύριος
2483 1298 2683 1353 αὐτῶν
2714 1297 3083 1368 ἐσταυρώθη,
3109 1300 3207 1353 καί
3229 1300 3580 1363 ,βλέπουσιν
3614 1300 3682 1355 ἐκ
3710 1300 3830 1353 τῶν

2236 1391 2404 1445 λαῶν
2449 1389 2547 1444 καὶ
2601 1390 2818 1460 φυλῶν
2859 1390 2958 1445 καί
3014 1390 3340 1461 γλωσσῶν,
3380 1392 3477 1445 καί
3528 1392 3720 1446 ἐθνῶν
3764 1393 3831 1445 τὸ

2237 1483 2449 1554 πτῶμα
2482 1483 2682 1539 αὐτῶν
2699 1483 2923 1554 ἡμέρας
2962 1486 3121 1553 τρεῖς
3158 1485 3370 1553 ἣμισυ.
3425 1485 3534 1539 Kal
3574 1485 3647 1539 τὰ
3676 1484 3831 1538 πτώ-

2230 1595 2390 1648 ματα
2410 1578 2609 1632 αὐτῶν
2637 1580 2749 1633 οὐκ
2773 1578 3083 1647 ἀφήσουσι
3102 1579 3346 1647 τεθῆναι
3361 1580 3447 1644 είς
3462 1577 3694 1647 μνῆμα,
3730 1580 3831 1631 καὶ

2234 1677 2288 1727 οὶ
2316 1671 2738 1738 κατοικοῦντες
2762 1670 2864 1725 ἐπὶ
2914 1669 3025 1739 τῆς
3055 1670 3169 1740 γῆς
3190 1670 3567 1740 χαρήσονται
3583 1670 3676 1723 ἐπ’
3725 1675 3834 1724 αὑ-

2236 1764 2361 1831 τοῖς
2383 1805 2396 1829 ,
2442 1763 2541 1817 καὶ
2596 1763 3149 1833 εὐφρανθήσονται,
3183 1761 3282 1817 καὶ
3316 1762 3475 1830 δῶρα
3513 1762 3833 1818 δώσουσιν

2164 1822 2207 1879 Β
2236 1822 2555 1921 ἀλληλοις,
2586 1822 2685 1907 ὅτι*
2704 1822 2870 1909 οὗτοι
2891 1822 2947 1907 οὶ
2975 1852 3085 1906 δύο
3115 1822 3417 1922 προφῆται
3450 1852 3832 1907 ἐϐασάνισαν

2237 1945 2381 2012 τοὺς
2411 1944 2840 2010 κατοικοῦντας
2871 1944 2971 1998 ἐπὶ
3007 1943 3117 2012 τῆς
3150 1942 3281 2012 γῆς.

2308 2038 2417 2091 Kal
2471 2037 2617 2090 ὅταν
2675 2035 2973 2090 τελέσωσι
3037 2036 3155 2103 τὴν
3206 2037 3565 2105 μαρτυρίαν.
3628 2036 3828 2102 lloiaw;

2240 2134 2362 2186 Ὅτι
2391 2124 2546 2193 οὗτος
2576 2132 2604 2184 ὁ
2655 2129 2847 2200 παρὼν
2878 2130 2978 2183 οὐκ
3021 2129 3168 2183 ἔστιν
3207 2130 3235 2182 ὁ
3265 2128 3521 2199 Χριστὸς,
3571 2128 3833 2182 ἀπατεὼν

2236 2226 2294 2279 δὲ
2322 2225 2417 2278 καὶ
2443 2223 2686 2295 ὀλέθριος
2718 2222 2941 2285 πλάνος.
2987 2219 3148 2285 Ἥξει
3189 2220 3247 2274 δὲ
3285 2220 3409 2274 ὅσον
3462 2219 3615 2273 οὔπω
3652 2222 3681 2273 ὁ
3732 2219 3830 2273 τοῦ

2237 2318 2372 2371 Θεοῦ
2422 2318 2582 2381 Υἱὸς,
2619 2309 2662 2383 ᾧ
2716 2315 2809 2368 καὶ
2852 2315 3173 2367 πιστευτέον
3222 2312 3299 2377 ὡς
3339 2313 3555 2384 Σωτῆρι
3596 2314 3691 2365 καὶ
3736 2312 3831 2366 ἐπὶ

2239 2409 2531 2481 εὐεργεσίᾳ
2560 2407 2668 2462 τῶν
2700 2406 3007 2477 ἀνθρώπων
3039 2405 3135 2458 καὶ⁵
3181 2403 3351 2460 πάλαι
3389 2404 3829 2474 παραγεγονότι,

2238 2501 2335 2555 καὶ
2364 2500 2460 2555 νῦν
2488 2499 2937 2571 παραγινομένῳ.

2316 2679 2384 2734 Τὸ
2418 2679 2628 2748 θηρίον
2664 2678 2730 2732 τὸ
2765 2675 3092 2732 ἀναϐαῖνον
3117 2676 3188 2729 ἐκ
3233 2674 3342 2744 τῆς
3381 2676 3685 2732 ἀϐύσσου.
3720 2676 3833 2747 Θη-

2242 2776 2358 2846 ρίον
2386 2773 2479 2826 τὸν
2526 2771 2898 2841 Ἀντίχριστον
2924 2768 3095 2837 λέγει,
3127 2768 3216 2821 διὰ
3240 2768 3302 2821 τὸ
3333 2768 3484 2839 ὠμὸν
3520 2770 3616 2823 καὶ
3648 2769 3832 2822 ἀπάν-

2240 2867 2459 2937 θρωπον
2483 2865 2576 2919 καὶ
2626 2862 2924 2934 αἱμοϐόρον
2959 2877 2974 2892 ο
2997 2861 3232 2915 ἄὸυσσον
3260 2861 3317 2915 δὲ
3347 2864 3437 2915 τὸν
3464 2861 3572 2915 τῶν
3608 2860 3830 2933 ἀνθρώ-

2241 2978 2359 3014 πων
2404 2959 2541 3030 βίον,
2580 2958 2673 3011 τὸν
2719 2956 2920 3027 πικρὸν
2961 2956 3083 3018 ταῖς
3114 2954 3412 3025 ἁμαρτίαις
3445 2955 3537 3007 καὶ
3579 2954 3831 3023 λυπηρὸν

2240 3054 2334 3107 καὶ
2368 3050 2708 3107 ἀπατοῦντα
2759 3050 2881 3111 ταῖς
2918 3047 3323 3117 περιφυσήσεσι
3358 3048 3453 3099 καὶ
3484 3045 3827 3107 ἀντιπνοίαις

535 3118 736 3174 sibilos
767 3117 1135 3188 malignorum
1169 3115 1488 3187 spirituum.
1519 3116 1709 3187 Neque
1746 3117 1895 3172 enim
1928 3133 1995 3172 ex
2026 3118 2129 3173 alia

2237 3145 2346 3199 τῶν
2383 3142 2636 3214 πονηρῶν
2670 3115 3018 3210 πνευμάτων..
3057 3139 3134 3191 Οὐ
3169 3115 3276 3208 γὰρ
3319 3136 3377 3201 ἐξ
3415 3137 3579 3204 ἄλλης
3607 3136 3826 3204 φύσεος

534 3222 731 3266 natura
763 3220 1022 3280 exsurget
1044 3210 1346 3265 sceleratus
1370 3209 1482 3273 ille,
1505 3210 1599 3264 sed
1631 3223 1696 3263 ex
1724 3218 1911 3265 nostra
1939 3220 1992 3265 et
2022 3211 2127 3266 hu-

532 3319 695 3359 mana
730 3304 1040 3358 substantia
1078 3319 1091 3357 :
1134 3316 1258 3356 nam
1306 3302 1474 3356 homo
1502 3301 1607 3357 erit
1637 3302 1945 3358 secundum
1999 3319 2129 3373 ope-

530 3397 804 3452 rationem
836 3394 1077 3459 Satanae,
1114 3402 1175 3448 ut
1214 3392 1328 3463 jam
1377 3392 1589 3447 dictum
1637 3403 1742 3449 est.
1800 3391 1928 3447 Hch
1963 3393 2129 3464 igitur

529 3488 729 3553 bestia,
768 3488 969 3557 inquit,
1003 3485 1269 3557 pugnabit
1302 3484 1569 3541 adversus
1609 3486 1711 3541 hos
1742 3496 1963 3541 sanctos
1995 3500 2128 3557 pro-

529 3584 745 3653 phetas,
796 3589 850 3635 et
880 3580 1098 3636 occidet
1145 3593 1264 3644 eos,
1303 3589 1358 3633 et
1396 3592 1629 3649 corpora
1695 3578 1943 3648 ipsorum
1980 3580 2127 3634 insc-

530 3673 676 3745 pulta
719 3672 970 3742 projiciet
1018 3671 1072 3725 in
1113 3670 1307 3740 plateis
1355 3669 1665 3727 Jerusalem
1705 3672 1808 3726 :in
1858 3687 1921 3726 ea
1978 3673 2125 3727 enim

528 3764 801 3835 regnabit,
840 3772 1103 3834 tanquam
1137 3778 1233 3818 rex
1259 3760 1575 3818 Judzeorum
1607 3778 1747 3836 quos
1796 3764 2039 3830 seducet,
2074 3774 2129 3819 et

529 3854 585 3911 in
620 3855 881 3911 omnibus
911 3855 1134 3910 habebit
1168 3856 1454 3912 ministros
1498 3858 1717 3929 sibique
1742 3860 2127 3929 obtemperan-

529 3954 636 4003 tes.
666 3946 730 4003 Et
768 3946 1036 4021 Dominus
1055 3948 1197 4018 apud
1223 3947 1517 4017 Joannem,
1555 3967 1573 4002 ι
1610 3948 1724 4021 Ego
1749 3951 1892 4018 veni,
1921 3950 2122 4022 inquit,

529 4038 586 4095 in
621 4040 846 4095 nomine
875 4038 1058 4096 Patris
1087 4040 1217 4107 mei,
1255 4047 1311 4095 et
1341 4054 1449 4095 non
1476 4041 1720 4111 recipitis
1754 4057 1878 4109 me;
1920 4042 1965 4097 si
1985 4042 2126 4098 alius

528 4134 740 4189 venerit
804 4134 1029 4188 nomine
1080 4134 1327 4203 proprio,
1377 4134 1531 4189 illum
1564 4134 1839 4205 recipietis
1863 4135 1930 4189 ⁸³.
1964 4153 1984 4187 ι
2025 4134 2125 4190 So-

527 4227 688 4283 doma
717 4242 849 4282 vcro
875 4236 930 4283 et
950 4226 1250 4299 Atlgyptum
1282 4227 1420 4283 dicit
1451 4230 1634 4284 vocari
1672 4229 1980 4285 Jerusalem
2008 4230 2124 4300 spi-

525 4318 822 4385 ritualiter,
863 4320 969 4374 hoc
989 4319 1253 4388 estjuxta
1282 4319 1604 4392 allegoriam
1648 4339 1660 4373 :
1701 4319 1961 4388 Sodoma,
1999 4337 2125 4391 pro-

527 4417 647 4479 pter
665 4409 1065 4480 impudicitiam
1085 4417 1139 4465 et
1159 4410 1436 4480 hospitum
1456 4412 1829 4477 amictionem,
1854 4428 1975 4481 quae
1993 4425 2123 4467 tunc

2236 3235 2598 3307 ἐγερθήσεται
2627 3236 2655 3287 ὁ
2684 3233 2962 3302 ἀλιτήριος
2993 3222 3169 3295 οὗτος,
3198 3229 3311 3284 ἀλλ’
3333 3231 3397 3281 ἐκ
3422 3229 3521 3299 τῆς
3545 3227 3822 3299 ἡμετέρας

2237 3328 2333 3382 καὶ
2364 3325 2714 3397 ἀνθρωπίνης
2753 3323 2965 3387 οὐσίας.
3002 3321 3325 3392 Ἀνθρωπος
3357 3320 3463 3391 γὰρ
3505 3318 3660 3373 ἕσται
3700 3316 3827 3372 κατ’

2234 3420 2519 3492 ἐνέργειαν
2556 3415 2649 3471 τοῦ
2698 3416 2936 3477 Σατανᾶ,
2959 3414 3034 3476 ὡς
3065 3413 3164 3484 ἤδη
3214 3413 3453 3482 εἴρηται.
3493 3410 3668 3464 Τοῦτο
3701 3410 3824 3480 οὖν,

2237 3511 2395 3581 φησὶ,
2431 3508 2493 3561 τὸ
2538 3506 2727 3578 θηρίον
2763 3505 3063 3576 πολεμήσει
3089 3505 3201 3567 τοῖς
3231 3505 3405 3572 ἁγίοις
3430 3502 3641 3565 τούτοις
3686 3519 3834 3576 προο.

2236 3602 2471 3670 φήταις,
2531 3599 2628 3652 καὶ
2682 3598 2977 3651 ἀποκτενεῖ
3033 3594 3265 3658 αὐτοὺς,
3317 3594 3412 3647 καὶ
3468 3594 3537 3647 τὰ
3591 3593 3824 3663 σώματα

2236 3692 2419 3748 αὐτῶν
2456 3692 2641 3760 ἄταφα
2673 3688 2822 3761 ῥίψει
2859 3689 2918 3741 ὲν
2950 3689 3067 3751 ταῖς
3102 3686 3385 3749 πλατείαις
3413 3685 3511 3756 τῆς
3551 3685 3825 3755 Ἰερουσα-

2233 3785 2366 3855 λήμ.
2410 3782 2501 3837 Ἑν
2542 3782 2679 3853 αὐτῇ
2725 3779 2835 3851 γὰρ
2872 3777 3183 3850 βασιλεύσει
3230 3778 3303 3841 ὡς
3357 3777 3624 3831 Ἰουδαίων
3664 3776 3823 3847 βασι-

2232 3875 2395 3939 λεὺς,
2430 3874 2525 3938 οὒς
2567 3874 2843 3942 ἀπατήσει
2901 3873 2995 3926 καὶ
3044 3872 3155 3938 ἕξει
3203 3871 3344 3941 πρὸς
3385 3871 3564 3923 πάντα
3611 3870 3824 3941 ὑπουρ-

2231 3965 2465 4037 γοῦντας
2531 3965 2626 4020 καὶ
2696 3964 3077 4034 πειθομένους.
3141 3963 3251 4017 Καὶ
3304 3964 3333 4015 ὁ
3394 3962 3597 4034 Κύριος
3665 3962 3824 4030 παρά

2246 4059 2466 4130 Ἰωάννῃ
2484 4074 2498 4088 ·
2534 4076 2555 4110 ι
2604 4056 2746 4125 Ἐγὼ
2774 4054 3011 4126 ἐλήλυθα
3038 4056 3097 4107 ὲν
3124 4053 3202 4124 τῷ
3228 4052 3453 4123 ὀνόματι
3478 4050 3574 4104 τοῦ
3601 4051 3823 4120 Πατρός

2236 4166 2358 4219 μου,
2391 4149 2486 4202 καὶ
2530 4148 2592 4200 οὺ
2622 4145 2931 4218 λαμϐάνετέ
2965 4163 3053 4215 με.
3111 4146 3238 4198 Ἐὰν
3263 4144 3422 4207 ἄλλος
3468 4142 3599 4216 ἔλθῃ
3633 4144 3690 4195 ὲν
3738 4142 3821 4212 τῷ

2229 4240 2455 4308 ὀνόματι
2486 4237 2564 4307 τῷ
2597 4237 2733 4307 ίδίῳ,
2781 4237 2990 4289 ἐκεῖνον
3018 4234 3276 4306 λήψεσθε.
3314 4250 3332 4284 ι
3386 4232 3593 4303 Σόδομα
3630 4232 3686 4285 δὲ
3716 4232 3820 4299 τὴν

2245 4331 2605 4402 Ἰερουσαλὴμ
2645 4329 2740 4383 καὶ
2791 4329 3069 4397 Αἴγυπτον
3114 4326 3505 4397 πνευματικῶς
3533 4343 3667 4397 φησι
3711 4343 3818 4378 κα·-

2232 4424 2463 4489 λεῖσθαι,
2513 4422 2677 4475 οἱονεὶ
2723 4420 2867 4474 κατὰ
2909 4420 3277 4489 ἀλληγορίαν·
3327 4418 3558 4488 Σόδομα,
3589 4417 3678 4470 διὰ
3714 4418 3818 4487 τὴν

524 4503 768 4557 eruntin
803 4500 1009 4558 Judacis
1063 4503 1238 4573 ipsam
1284 4503 1761 4560 inhabitantibus:
1819 4504 2116 4577 Egyptqu

2232 4518 2348 4571 τότε
2403 4515 2695 4581 ἀσέλγειαν
2747 4516 2806 4567 ὲν
2855 4512 2994 4583 αὐτῇ
3051 4512 3329 4581 ἐσομένων
3396 4510 3669 4564 Ἰουδαίων
3719 4510 3817 4562 καὶ

526 4604 734 4661 autem,
760 4605 1022 4665 tanquam
1071 4594 1125 4648 in
1155 4596 1476 4651 servitutem
1511 4597 1846 4667 redigentem
1884 4612 1950 4653 ac
1980 4598 2123 4665 inju-

527 4688 640 4743 rias
665 4687 989 4743 inferentem
1021 4686 1228 4744 Christi
1276 4691 1471 4757 servis,
1507 4691 1970 4760 quemadmodum
2026 4691 2117 4746 illa

525 4780 808 4836 lsraelitis.

590 4871 692 4928 Ubi
757 4882 807 4927 et
865 4873 1126 4933 Dominus
1192 4892 1375 4932 eorum
1438 4880 1725 4948 cruciﬁxus
1783 4893 1882 4937 est.
1951 4881 2117 4955 746

521 4965 749 5034 Eorum,
788 4982 984 5039 nempe
1012 4968 1211 5025 horum
1244 4972 1476 5028 duorum
1512 4976 1758 5030 testium.

594 5062 661 5117 Et
690 5062 937 5118 videbunt
976 5065 1042 5118 de
1097 5066 1326 5137 papulis.
1390 5064 1652 5125 Videntes
1704 5067 1877 5124 Judmi
1921 5072 2014 5140 qui
2047 5086 2111 5126 ex

518 5157 667 5212 omni
693 5157 836 5213 tribu
870 5157 939 5213 ab
963 5158 1304 5214 Antichristo
1338 5159 1547 5216 seducti
1596 5158 1824 5225 fuerint,
1881 5161 2114 5215 occisio-

518 5267 642 5305 nem
675 5250 912 5306 duorum
965 5260 1265 5323 martyrum
1328 5252 1442 5307 sive
1487 5252 1729 5316 testium,
1778 5252 2113 5322 gaudebunt,

517 5357 711 5412 nempe
741 5343 888 5414 quod
922 5359 1016 5397 rex
1049 5359 1184 5398 suus
1216 5342 1406 5399 vicerit
1438 5359 1451 5396 :
1510 5360 1574 5399 ac
1607 5344 1766 5399 donis
1803 5344 2108 5414 gratulato-

516 5431 611 5485 riis
638 5431 873 5504 benigne
904 5432 1139 5487 invicem
1172 5432 1446 5503 excipient
1473 5472 1487 5498 ,
1527 5444 1579 5490 et
1629 5449 1861 5505 corpora
1914 5450 2106 5490 eorum

517 5523 788 5595 insepulta
817 5540 1037 5579 manere
1065 5524 1289 5594 facient,
1321 5525 1372 5582 id
1398 5525 1450 5580 in
1485 5540 1706 5598 poenam
1745 5528 2107 5599 rependentes

518 5614 730 5670 duobus
759 5618 1057 5686 prophetis.

629 5770 673 5799 ⁸³
700 5769 860 5823 Joan.
886 5787 937 5835 γ,
956 5773 1044 5825 43.

2223 4607 2576 4674 κακοξενίαν’
2650 4605 2946 4673 Αἴγυπτον,
3018 4603 3094 4667 ὼς
3152 4602 3659 4672 καταδουλουμένην
3717 4602 3817 4656 καὶ

2220 4699 2514 4753 ἀδικοῦσαν
2575 4699 2702 4762 τοὺς
2769 4696 3008 4769 Χριστοῦ
3045 4696 3289 4762 δούλους,
3343 4697 3419 4762 ὡς
3477 4697 3659 4766 ἐκείνη
3719 4696 3813 4748 τὶν

2228 4790 2467 4860 Ἰσραήλ.
3837 4824 3844 4864 :

2289 4878 2473 4934 Ὅπου
2504 4878 2603 4933 καί
2636 4883 2667 4933 ό
2701 4879 2916 4948 Κύριος
2949 4879 3150 4934 αὐτῶν
3177 4878 3548 4947 ἐστατφώθη.
3579 4877 3807 4949 Κύριος,

2219 4973 2328 5025 τῶν
2358 4972 2452 5025 δύο
2476 4971 2771 5042 μαρτύρων
2801 4971 3060 5039 δηλονότι.
3835 4962 3841 4997 ⁵

2289 5063 2399 5119 Kal
2446 5064 2800 5127 ,βλέπουσιν
2842 5063 2912 5116 ἐκ
2954 5063 3073 5117 τῶν
3108 5061 3293 5117 λαῶν.
3351 5061 3616 5135 Ὀρῶντες
3664 5063 3721 5116 δὲ
3758 5064 3806 5114 οἱ

2217 5155 2295 5227 τῷ
2373 5155 2731 5227 Ἀντιχρίστῳ
2787 5156 2853 5207 ἐκ
2923 5155 3105 5224 πάσης
3166 5154 3342 5225 φυλῆς
3400 5153 3807 5223 ἐξηπατημένοι

2230 5248 2474 5302 Ἰουδαῖοι
2522 5247 2623 5318 τὴν
2676 5245 2959 5317 ἀναίρεσιν
3003 5245 3112 5298 τῶν
3147 5244 3242 5298 δύο
3287 5244 3600 5315 μαρτύρων,
3631 5244 3803 5313 χαρή-

2221 5358 2407 5394 σονται
2438 5341 2513 5405 ὡς
2542 5338 2637 5393 τοῦ
2680 5338 2832 5408 σφῶν
2859 5336 3123 5408 βασιλέως
3166 5336 3532 5406 νενικηκότος,
3571 5337 3668 5389 καὶ
3700 5335 3803 5388 δώ·

2223 5451 2337 5502 ροις
2387 5432 2765 5505 χαριστηρίοις
2816 5431 3163 5496 δεξιώσονται
3228 5430 3513 5501 ἀλλήλους.
3578 5428 3692 5482 Καὶ
3739 5428 3804 5481 τὰ

2220 5530 2451 5598 σώματα
2497 5527 2679 5580 αὐτῶν
2726 5525 2912 5595 ἄταφα
2964 5528 3253 5597 ποιήσουσι
3319 5526 3520 5596 μεῖναι,
3566 5521 3805 5594 ἀμοιΰὴν

2216 5619 2375 5672 τοῦτο
2407 5619 2739 5691 παρέχοντες
2768 5618 2883 5682 τοῖς
2911 5617 3005 5672 δύο
3032 5618 3364 5691 προφήταις.
