4110 6440
397 5373 410 5433 i

449 394 564 457 653

1033 521 1281 577 ΚΕΦΔΛ.
1324 522 1442 577 AA'.

445 624 655 706 Ὅπως
701 631 1116 706 ἀναιρεθέντες
1143 637 1260 691 ὑπὸ
1301 637 1406 690 τοῦ
1447 638 1849 706 Ἀντιχρίστου
1889 638 2031 691 ἀνα-

526 701 860 776 στήσονται
898 704 1084 776 Ἑνὼχ
1111 707 1208 758 καὶ
1247 708 1472 772 Ἠλίας,
1509 701 1776 774 καΓτοὺς
1801 709 2026 776 ἠπατη-

519 769 744 840 μένους
775 769 1214 839 ε’)ιπλήξοὺσιν.

525 880 633 935 Καὶ
661 883 807 948 μετὰ
841 884 943 949 τὰς
987 884 1145 953 τρεῖς
1175 886 1400 954 ἡμέρας
1439 887 1540 939 καὶ
1571 887 1760 956 ἥμισυ
1795 887 2032 955 πνεῦμα

449 971 603 1040 (diﬁc-
629 972 698 1025 ἐκ
721 974 827 1026 τοῦ
854 975 1001 1028 Θεοῦ
1026 975 1316 1045 δίο-ἦλθεν
1342 979 1428 1042 είς
1453 978 1694 1044 αὐτοὺς,
1725 977 1825 1031 καὶ
1852 978 2032 1046 ἕστη-

448 1079 576 1116 σαν
621 1064 718 1116 ἐπί
759 1064 900 1130 τοὺς
947 1065 1137 1132 πόδας
1189 1068 1410 1133 αὐτῶν,
1466 1068 1564 1121 καὶ
1615 1069 1800 1136 φόϐος
1843 1068 2032 1136 μέγας

449 1154 674 1207 ἔπεσεν
694 1154 791 1208 ἐπὶ
823 1160 966 1220 τοὺς
992 1157 1358 1226 θεωροῦντας
1378 1160 1621 1223 αὐτούς.
1655 1159 1761 1212 Καὶ
1791 1157 2031 1226 ἤκουσα

449 1246 665 1314 φωνὴν
705 1246 982 1314 μεγάλην
1021 1248 1091 1301 ὲκ
1125 1249 1233 1302 τοῦ
1263 1250 1528 1317 οὐρανοῦ
1565 1249 1884 1319 λέγουσαν
1924 1251 2031 1304 αὐ-

450 1337 609 1402 τοῖς’
681 1337 968 1406 Ἀνάϐητε
1035 1335 1171 1395 ὧδε.
1228 1342 1338 1394 Καὶ
1399 1341 1713 1409 ἀνέϐησαν
1777 1344 1866 1407 εὶς
1925 1341 2033 1395 τὸν

449 1429 712 1497 οὐρανόν
740 1431 810 1482 ἐν
837 1430 912 1498 τῇ
942 1432 1188 1505 νεφέλῃ,
1222 1434 1321 1486 καί
1352 1433 1695 1502 ἐθεώρησαν
1720 1433 1943 1499 αὐτοὺς
1977 1437 2030 1489 οὶ

447 1516 650 1584 ἐχθροί
680 1518 899 1572 αὐτῶν.
943 1521 1044 1574 Ἐν
1068 1520 1272 1590 ἐκείνῃ
1306 1519 1382 1590 τῇ
1419 1522 1611 1591 ἡμέρᾳ
1644 1520 1880 1592 ἐγένετο
1909 1539 2032 1577 σει-

448 1609 606 1676 σμός
625 1610 836 1679 μέγας,
871 1612 968 1666 καὶ
998 1613 1064 1665 τὸ
1090 1612 1348 1667 δέκατον
1387 1613 1499 1683 τῆς
1529 1616 1760 1680 πόλεως
1785 1615 2029 1670 ἔπεσεν.

449 1701 560 1752 Καὶ
597 1702 1066 1769 ἀπεκτάνθησαν
1114 1704 1184 1756 ἐν
1225 1703 1304 1768 τῷ
1341 1705 1574 1774 σεισμῷ
1617 1707 1879 1774 ὀνόματα
1926 1707 2033 1760 ἀν-

450 1791 697 1857 θρώπων
733 1792 1006 1860 χιλιάδες
1051 1795 1220 1858 ἑπτὰ,
1273 1795 1372 1849 καὶ
1427 1799 1481 1850 οί
1526 1797 1730 1850 λοιποὶ
1784 1799 2032 1866 ἔμφοϐοι

1522 403 1903 464 COMMENT.
1947 403 2030 464 IN
2069 403 2599 464 APOCALYPSIN.

2055 529 2106 584 Δ

3609 411 3716 478 654

2705 524 2932 580 CAPUT
2963 524 3151 579 XXXI.

2144 635 2298 701 Quod
2322 639 2479 691 occisi
2503 639 2566 692 ab
2597 639 2922 693 Antichrislo
2957 636 3137 690 Enoclt
3163 647 3212 691 et
3246 637 3397 693 Elius
3427 649 3717 709 resurgent,

2211 717 2259 760 et
2286 725 2371 761 eos
2395 712 2484 778 qui
2513 712 2714 763 seducti
2753 716 2964 778 [nerant
2998 717 3196 762 terrore
3217 710 3649 764 consteritabunt.

2213 885 2303 950 XI,
2340 886 2526 940 11-14.
2574 887 2637 939 Ει
2671 896 2788 955 post
2822 898 2926 940 tres
2954 887 3063 940 dies
3092 902 3156 939 ac
3183 885 3462 940 dimidium
3497 885 3718 954 spiritus

2140 975 2260 1028 vita:
2291 976 2380 1044 qui
2407 987 2481 1028 est
2499 991 2566 1030 ex
2597 976 2705 1030 Deo
2743 977 2962 1029 intravit
3001 979 3054 1029 in
3093 974 3235 1038 it'ios,
3257 985 3307 1029 et
3341 984 3596 1030 steterunt
3624 993 3723 1030 stt-

2137 1079 2230 1133 ρει·
2256 1066 2408 1134 pedes
2434 1082 2559 1120 suos
2590 1082 2610 1120 .'
2642 1076 2692 1120 et
2745 1067 2903 1119 timor
2950 1083 3172 1136 magnus
3220 1068 3404 1120 cecidit
3454 1083 3610 1134 super
3633 1084 3722 1122 eos

2137 1158 2228 1225 qui
2259 1157 2501 1210 viderunt
2532 1159 2693 1226 ipsos.
2734 1157 2800 1210 Et
2823 1159 3003 1212 audivi
3035 1175 3204 1212 vocem
3229 1176 3474 1228 magnam
3496 1161 3559 1212 de
3592 1159 3720 1212 caelo

2139 1249 2396 1303 dicentem
2449 1251 2622 1318 ipsis:
2665 1251 2946 1304 Ascendite
2985 1251 3105 1304 huc.
3163 1250 3231 1302 Et
3283 1250 3630 1304 ascenderunt
3664 1251 3721 1302 in

2139 1341 2328 1395 cazlunz
2364 1343 2418 1394 in
2464 1342 2579 1410 ipsa
2613 1343 2764 1406 nube,
2807 1354 2855 1396 et
2887 1343 3130 1396 viderunt
3160 1359 3246 1396 eos
3276 1343 3480 1395 inimici
3513 1357 3718 1397 eorum.

2140 1431 2209 1485 Et
2239 1433 2293 1486 in
2324 1432 2417 1486 illo
2443 1433 2529 1486 die
2559 1433 2734 1502 factus
2775 1443 2852 1486 est
2888 1442 3215 1486 terrwmotus
3251 1449 3492 1501 magnus,
3536 1441 3585 1486 et
3627 1432 3725 1484 de-

2137 1527 2276 1578 cima
2304 1542 2429 1594 pars
2463 1527 2690 1580 civitatis
2717 1527 2926 1580 cecidit.
2960 1525 3026 1578 Et
3059 1526 3229 1578 occisa
3266 1535 3388 1579 sunt
3439 1525 3493 1578 in
3543 1533 3726 1579 terrm-

2139 1627 2283 1670 motu
2313 1619 2527 1672 nomina
2558 1618 2829 1671 hominum
2864 1627 3057 1686 septem
3086 1617 3260 1669 millia
3284 1656 3298 1679 ,
3327 1624 3376 1668 et
3405 1615 3592 1684 reliqui
3623 1623 3724 1667 ter—

2140 1709 2236 1762 riti
2263 1719 2384 1762 sunt
2415 1720 2463 1762 et
2493 1692 2990 1778 dederuntgloriam
3019 1710 3125 1763 [leo
3149 1709 3285 1763 cali.
3327 1706 3414 1760 γω
3438 1705 3725 1760 secundum

2142 1799 2294 1862 abiit,
2327 1809 2375 1852 et
2403 1815 2516 1853 ecce
2551 1803 2758 1853 tertium
2793 1817 2866 1854 vo:
2904 1801 3007 1854 cito
3040 1803 3200 1854 venit.

447 1883 758 1953 ἐγένοντο,
795 1885 896 1937 καὶ
960 1885 1194 1940 ἔδωκαν
1225 1886 1416 1951 δόξαν
1483 1888 1564 1954 τῷ
1615 1887 1737 1953 Θεῷ
1765 1888 1883 1958 ,τοῦ
1954 1889 2240 1955 οὐρανοῦ.
2295 1890 2357 1947 Ἠ
2391 1877 2544 1944 οὐαί
2591 1891 2629 1959 ἡ
2678 1889 2930 1960 δευτέρα
2991 1891 3288 1959 ἀπῆλθεν.
3355 1889 3428 1946 Ἠ
3503 1887 3639 1943 οὐαί
3682 1886 3722 1954 ἠ

449 1976 638 2044 τρίτη,
670 1976 798 2030 ἰδοὺ
833 1977 1068 2046 ἔρχεται
1096 1981 1270 2048 ταχύ.

535 2068 879 2139 ’ἰσαρίθμους
927 2072 1139 2142 ἡμέρας
1183 2075 1297 2136 τοῖς
1351 2071 1496 2126 ἔτεσι
1550 2071 1651 2140 τῆς
1694 2065 2033 2143 προφητείας

2209 2069 2311 2125 Ubi
2339 2070 2534 2139 aequali
2567 2070 2780 2139 dierum
2825 2084 3057 2123 numero
3102 2069 3304 2124 mortui
3338 2069 3545 2124 fuerint
3592 2087 3717 2126 cum

450 2161 826 2229 νεκρωθέντας
855 2163 1185 2233 ἀναστήσειν
1213 2166 1398 2235 φησὶν,
1435 2163 1494 2228 ἐξ
1529 2164 1610 2218 ἔτι
1647 2164 1744 2232 τῆς
1773 2165 2032 2234 χρονικῆς

453 2251 905 2322 παλινδηλώσεως
951 2255 1062 2308 ἀπὸ
1109 2256 1412 2325 μελλούσης
1446 2256 1755 2318 συντελείας
1784 2257 1863 2318 είς
1899 2273 2035 2326 παρ-

451 2345 745 2416 ῳχημένην
786 2348 1237 2416 μετακρουσθεὶς,
1275 2347 1552 2402 κάνταῦθα
1579 2347 1640 2401 τὸ
1678 2347 2034 2416 ἀπαράϐατον

452 2436 562 2488 τῶν
594 2436 942 2506 δηλουμένων
973 2439 1154 2508 σοφῶς
1188 2456 1306 2504 πως
1332 2441 1575 2511 ἐμφανὲς
1603 2441 1742 2510 μετὰ
1775 2441 1875 2509 τῆς
1903 2457 2036 2509 πρε-

453 2526 662 2596 πούσης
689 2526 965 2581 καθιστῶν
991 2528 1300 2600 ἀκριϐείας.

525 2707 634 2760 Καὶ
659 2709 846 2776 φόϐος
880 2708 1071 2778 μέγας
1107 2709 1351 2765 ἔπεσεν.
1393 2711 1562 2776 Φόϐος
1601 2712 1775 2781 μέγας
1818 2714 2034 2783 εἴρηται

454 2798 575 2869 ἦτοι
616 2801 711 2852 καὶ
739 2799 1017 2870 αἰσθητῶς
1049 2801 1364 2870 συμϐαίνων
1390 2803 1535 2869 τότε,
1575 2804 1780 2856 τούτων
1812 2805 2035 2874 μελλόν-

453 2905 584 2953 των,
615 2889 648 2962 ἢ
683 2891 778 2942 καὶ
799 2936 802 2938 ν
822 2890 1046 2960 ἑτέρως.
1088 2893 1361 2962 Παρουδὲν
1388 2893 1444 2946 δὲ
1475 2894 1603 2964 περὶ
1635 2894 1842 2947 τούτων
1868 2898 2034 2966 ἀσχο-

456 2978 668 3033 λεῖσθαι
697 2981 824 3052 χρὴ,
853 2979 946 3050 ἀφ’
975 2982 1239 3053 ἐκατέρου
1269 2985 1336 3054 τῇ
1360 2983 1506 3054 ψυχῇ
1538 2985 1649 3038 τῶν
1674 2987 2035 3056 ἐγρηγορέναι

456 3071 788 3142 φιλούντων,
841 3073 936 3127 τοῦ
981 3076 1249 3145 σωτηρίου
1299 3076 1607 3147 θεαρέστως
1647 3078 2032 3147 ποριζομένου.

524 3255 634 3309 Καὶ
650 3254 1059 3322 ἀνέϐησανεις
1081 3257 1190 3310 τὸν
1212 3256 1475 3324 οὐρανόν
1485 3257 1640 3325 ἐντῇ
1653 3259 1900 3326 νεφέλη.
1925 3259 2036 3312 Νε-

457 3345 592 3415 φέλη
611 3345 698 3398 ἀεὶ
727 3345 836 3398 τῶν
859 3345 1018 3398 θείων
1040 3347 1384 3416 πραγμάτων
1405 3347 1702 3416 ὑπουργὸς,
1719 3348 1837 3416 ἦτοι
1877 3365 1941 3399 πε
1949 3364 2034 3418 ρι-

2137 2164 2299 2217 annis
2339 2161 2636 2231 propincum
2664 2165 2934 2230 ipsorum,
2984 2161 3062 2214 ait
3119 2176 3214 2214 eos
3260 2170 3669 2217 resurrecturos
3702 2181 3720 2218 ι

2137 2269 2356 2308 rursum
2383 2254 2564 2306 adhuc
2593 2269 2657 2306 ex
2689 2253 2973 2321 temporali
3016 2253 3414 2322 significatione
3452 2268 3481 2306 a
3532 2253 3716 2308 futura

2139 2346 2216 2399 rei
2251 2345 2729 2400 consummatione
2766 2345 2830 2397 ad
2868 2344 3198 2412 praneritam
3242 2344 3609 2414 lranspulsus,
3663 2353 3722 2400 et

2139 2437 2195 2489 in
2247 2436 2350 2489 hoc
2394 2435 2903 2488 incommutabilem
2948 2449 3138 2489 eorum
3192 2450 3315 2503 qua:
3345 2425 3719 2505 signiﬁcantur

2138 2528 2632 2581 manifestationem
2666 2526 2898 2595 sapienti
2924 2526 3160 2596 quodam
3187 2527 3348 2581 modo
3370 2542 3495 2582 cum
3538 2528 3719 2582 debita

2137 2618 2415 2686 diligentia
2445 2618 2760 2673 ostendens.

2210 2709 2280 2764 Et
2306 2713 2466 2764 timor
2510 2727 2732 2780 magnus
2778 2711 2987 2764 cecidit.
3031 2709 3221 2764 Timor
3261 2724 3492 2780 tnagnus
3539 2710 3721 2764 dictus

2139 2809 2244 2866 est,
2275 2801 2390 2856 sive
2419 2801 2512 2871 qui
2543 2801 2704 2854 etiam
2736 2800 3071 2855 sensibiliter
3117 2809 3248 2854 tunc
3284 2800 3567 2870 continget
3594 2815 3720 2853 eum

2139 2893 2258 2946 hmc
2300 2891 2466 2944 (ient:
2504 2899 2600 2944 aut
2631 2891 2797 2943 etiam
2826 2890 2934 2942 alio
2959 2887 3126 2942 modo
3155 2905 3169 2943 :
3205 2889 3299 2943 sed
3347 2903 3541 2957 parum
3574 2892 3722 2944 circa

2143 2983 2257 3036 ba-c
2301 2980 2558 3049 occupari
2597 2989 2836 3050 oportet,
2885 2995 3010 3036 cum
3056 2989 3352 3049 utrumque
3389 2981 3545 3048 juxta
3585 2980 3722 3033 divi-

2143 3088 2273 3128 num
2322 3073 2720 3143 beneplacitum
2777 3073 3016 3143 praebeat
3061 3072 3115 3126 id
3178 3072 3325 3142 quod
3376 3070 3721 3127 salutiferam

2141 3177 2226 3222 est
2255 3168 2442 3220 animo
2481 3181 2675 3221 eorum
2706 3169 2798 3236 qui
2834 3168 3063 3238 vigilare
3091 3167 3339 3235 cupiunt.

2214 3256 2374 3328 747
2388 3255 2458 3308 Et
2473 3258 2822 3311 ascenderunt
2842 3257 2896 3308 in
2919 3256 3103 3310 calum
3119 3258 3172 3310 in
3188 3259 3302 3324 ipsa
3324 3255 3479 3309 nube.
3496 3253 3722 3323 Semper

2143 3350 2320 3404 nubes
2342 3349 2595 3403 ministra
2611 3358 2695 3402 est
2714 3349 2766 3400 in
2779 3347 2978 3402 divinis
2995 3347 3180 3411 rebus,
3197 3346 3411 3416 illisque
3434 3345 3723 3399 familiaris

454 3437 718 3500 πολοῦσα,
747 3438 822 3500 ὡς
845 3439 905 3490 ὲν
935 3435 1034 3508 τῷ,
1063 3456 1081 3489 ι
1105 3438 1322 3507 Νεφέλη
1359 3437 1456 3492 καὶ
1485 3437 1686 3506 γνόφος
1713 3438 1903 3507 κύκλῳ
1931 3437 2033 3490 αὑ-

2140 3440 2417 3510 est,juxta
2437 3440 2568 3494 illud
2596 3458 2611 3494 :
2642 3459 2659 3490 ι
2684 3437 2868 3493 Nubes
2890 3447 2946 3492 ct
2967 3438 3144 3507 caligo
3174 3438 3228 3492 in
3257 3438 3490 3491 circuitu
3523 3435 3665 3504 ejus.
3692 3453 3712 3486 ι

453 3527 575 3582 τοῦ.
608 3547 628 3580 i
673 3529 735 3581 Ἠ
763 3531 872 3600 γὰρ
901 3528 1101 3598 νεφέλη
1143 3530 1360 3598 εἴρηται
1391 3528 1503 3581 ἀπὸ
1535 3527 1747 3597 νεφῶν,
1793 3528 1855 3581 τὸ
1884 3528 2032 3599 παχὺ

455 3620 549 3672 καὶ
575 3619 844 3683 ὑδατῶδες
867 3618 1273 3684 ἀποϐαλόντων,
1304 3617 1341 3672 ἃ
1366 3619 1501 3688 νέφη
1527 3618 1588 3682 ἐξ
1617 3618 2034 3688 ἀναθυμιάσεως

453 3711 556 3782 τῆς
584 3712 756 3781 ὑγρᾶς
785 3711 976 3774 οὐσίας
1017 3711 1230 3779 πέφυκε
1267 3711 1368 3780 τὴν
1404 3711 1703 3764 ὑπόστασιν
1735 3709 2036 3780 λαμϐάνειν

453 3806 523 3875 τῇ
554 3804 856 3874 ὲξατμίσει.
897 3802 1202 3872 Τοιγαροῦν
1231 3803 1342 3855 τῶν
1373 3803 1551 3871 νεφῶν
1578 3802 1679 3873 τῆς
1705 3801 1936 3872 νεφέλης
1973 3802 2037 3855 τὸ

455 3895 599 3952 εἶναι
627 3896 1048 3967 οἰκειουμένων,
1081 3897 1432 3964 ἑνθεωρεῖται
1458 3898 1518 3949 ὲν
1542 3896 1682 3966 αὑτῇ
1724 3894 1919 3962 ὰδηλία
1952 3911 2038 3958 τις

455 3989 598 4059 μετά
654 4004 799 4051 τινος
847 3987 1080 4056 αἴγλης,
1137 3986 1258 4056 ἥτις
1293 3986 1354 4050 ἐξ
1406 3985 1759 4048 ἀνακλάσεως
1803 3985 2039 4055 ἡλιακῆς

454 4083 673 4142 ἀκτῖνος
720 4080 840 4133 κατ’
877 4079 1162 4148 ἔμπτωσιν
1207 4077 1532 4132 ὲκτελείται.
1569 4077 1770 4147 Διόπερ
1821 4079 1917 4131 καὶ
1949 4077 2040 4130 ἀεὶ

454 4176 570 4237 τοῖς
599 4173 762 4236 θείοις
797 4170 1083 4242 δηλώμασι
1114 4173 1606 4241 συμπαρομαρτεῖ,
1652 4171 1828 4223 ἐκεῖνο
1863 4170 2040 4222 αἰνιτ-

455 4265 682 4335 τομένη,
735 4263 813 4326 ὡς
862 4263 931 4316 τὰ
971 4262 1092 4316 θεῖα
1125 4262 1250 4316 οὔτε
1282 4263 1464 4334 ’πάντη
1511 4262 1685 4333 ἄδηλα
1712 4263 1867 4331 ἡμῖν,
1913 4259 2037 4314 οὔτε

457 4358 676 4420 πάντως
730 4350 973 4426 ἐκδήλως
1022 4356 1378 4427 παρεχόμενα
1398 4396 1414 4422 ,
1461 4353 1579 4408 ἀλλ’
1625 4349 1738 4408 οἷον
1794 4354 2038 4422 ἀκράτου

457 4451 636 4520 φωτὸς
687 4449 957 4519 ἑλλαμψις
1014 4451 1082 4520 τῇ
1138 4447 1465 4520 κρυφιότητι
1523 4444 2036 4514 ὑπογυμναζομένη.

455 4545 596 4597 ἶ(οιτ’
627 4545 758 4598 αὑτὸ
781 4544 845 4614 δὴ
883 4542 1042 4596 τοῦτο
1066 4543 1162 4596 καὶ
1193 4541 1290 4594 νῦν
1315 4541 1350 4611 ἡ
1375 4539 1576 4608 νεφέλη
1603 4541 1669 4609 τῇ
1701 4538 1836 4608 πρὸς
1873 4539 2038 4608 οὐρα-

456 4638 550 4691 νὺν
598 4637 772 4706 ἀνόδῳ
807 4635 921 4688 τῶν
965 4633 1266 4706 προφητῶν
1320 4634 1604 4703 ὑπηρετεῖ.
1656 4631 1749 4684 Διὸ
1789 4632 1914 4695 καὶ,
1964 4630 2039 4693 ὡς

457 4731 601 4795 ἔθος,
637 4729 706 4783 τὰ
731 4729 958 4783 τοιαῦτα
989 4729 1127 4798 μετὰ
1158 4727 1253 4780 τοῦ
1283 4726 1488 4798 ἄρθρου
1510 4725 1904 4795 παρείληπται.
1949 4724 2038 4777 Ἐν

2140 3532 2357 3603 Νεφέλη
2389 3532 2556 3597 enim,
2595 3531 2648 3586 id
2680 3539 2765 3586 est
2812 3529 3006 3592 nubes,
3036 3529 3180 3582 dicta
3214 3537 3297 3582 est
3343 3528 3456 3581 ἀπὸ
3484 3528 3594 3581 τῶν
3625 3546 3716 3581 νε-

2142 3625 2281 3695 φῶν,
2306 3624 2357 3679 id
2383 3632 2470 3680 est
2494 3640 2526 3679 a
2544 3622 2779 3687 nebulis,
2807 3622 2901 3676 ubi
2932 3620 3256 3676 densitatem
3280 3628 3336 3675 et
3355 3621 3720 3690 aquositatem

2138 3715 2457 3782 abjecerunt
2487 3731 2501 3766 :
2537 3727 2660 3782 qua:
2693 3711 2908 3766 nebula:
2960 3725 3026 3765 ex
3075 3710 3426 3764 exlutlatione
3481 3709 3720 3765 ltumidze

2138 3805 2460 3862 substantiae
2487 3815 2629 3860 natae
2659 3817 2789 3859 sunt
2831 3820 2927 3873 per
2976 3804 3419 3873 evaporationem
3476 3805 3723 3875 accipere

2138 3898 2576 3954 subsistentiam.
2607 3895 2776 3967 Igitur
2809 3911 2935 3951 cum
2973 3897 3186 3950 nebula:
3221 3897 3333 3952 sint
3359 3899 3724 3966 appropriatze

2140 3991 2208 4045 ad
2239 4005 2360 4046 esse
2387 3990 2569 4055 nubis,
2607 3989 2947 4058 conspicitur
2971 3989 3024 4042 in
3072 3989 3186 4056 ipsa
3231 3989 3482 4058 quaedam
3516 3990 3722 4043 obscu-

2139 4079 2278 4135 ritas
2304 4093 2430 4133 cum
2477 4079 2664 4148 aliquo
2691 4077 3010 4148 splendore,
3033 4079 3160 4146 quia
3201 4077 3530 4132 retractione
3580 4079 3720 4131 radii

2141 4171 2341 4226 solaris
2385 4185 2451 4226 ex
2493 4169 2788 4227 incidentia
2845 4169 3172 4239 perﬁcitur,
3223 4169 3460 4238 ideoque
3503 4185 3724 4239 semper

2140 4265 2344 4319 divinis
2379 4262 2918 4318 maniiestationibus
2951 4261 3259 4316 attestando
3290 4263 3719 4317 commiscetur:

2141 4358 2274 4412 illud
2305 4355 2783 4428 designaus,quod
2803 4354 2987 4408 divina
3017 4367 3196 4422 neque
3221 4355 3450 4406 omnino
3463 4352 3722 4407 nobisin-

2141 4459 2300 4503 certa'
2347 4457 2496 4512 stmt,
2545 4461 2723 4516 neque
2764 4447 2992 4499 omnino
3034 4443 3327 4499 manifeste
3361 4443 3718 4513 praebentur:

2139 4541 2236 4596 sed
2270 4541 2437 4596 veluti
2474 4554 2626 4609 pura:
2673 4539 2810 4593 lucis
2861 4537 3156 4592 illustratio
3201 4551 3298 4606 per
3325 4536 3720 4592 obscuritatem

2142 4631 2550 4688 manifestatur.
2607 4630 2769 4687 Juxta
2844 4631 2994 4685 hunc
3062 4629 3240 4699 ipsum
3297 4644 3431 4684 sane
3494 4627 3721 4684 modum

2143 4725 2308 4780 etiam
2369 4739 2517 4780 nunc
2560 4724 2812 4779 ministra
2863 4723 2925 4776 tit
2967 4723 3147 4776 nubes
3199 4721 3452 4776 ascensui
3482 4727 3722 4791 prophe-

456 4825 524 4892 τῇ
559 4822 759 4894 νεφέλῃ
798 4821 909 4891 γὰρ
946 4819 1213 4891 ἀναϐῆναί
1242 4834 1431 4887 φησιν,
1460 4816 1604 4870 οὓτω
1637 4819 1736 4888 τῆς
1784 4818 2035 4886 μυήσεως

2145 4825 2326 4872 tarum
2377 4816 2433 4870 in
2469 4814 2693 4882 ctelum,
2743 4828 2910 4884 atque
2941 4813 3013 4868 ob
3054 4813 3132 4878 id,
3190 4822 3251 4868 ut
3298 4813 3472 4868 moris
3518 4823 3604 4868 est
3666 4815 3720 4866 iu

457 4914 868 4983 ἐντελλομένης,
897 4913 1006 4964 τῶν
1036 4912 1278 4982 ἄρθρων,
1316 4912 1392 4975 ὡς
1424 4910 1532 4981 πρὸ
1563 4908 1762 4981 μικροῦ
1789 4910 2040 4980 ὑπεμνή-

459 5021 669 5074 σαμεν,
711 5002 1164 5073 προεγνωσμένου
1216 5001 1361 5064 τινὸς
1405 4999 1737 5070 ἀναπόλησιν
1785 5001 2040 5069 εἰσηγου-

461 5099 661 5168 μένων.
705 5096 815 5150 Καὶ
849 5099 980 5167 περὶ
1010 5097 1109 5167 μὲν
1162 5095 1394 5164 νεφέλης
1432 5093 1603 5163 ταύτῃ
1641 5091 2039 5170 τεθεωρείσθω,

455 5193 600 5262 ἥτις,
630 5191 772 5242 κατὰ
794 5189 854 5242 τὸ
883 5189 1103 5258 ἕτοιμον
1121 5187 1219 5256 τῆς
1245 5183 1465 5248 λέξεως,
1485 5183 1684 5251 νεφέλη
1710 5182 1927 5252 εἴρηται
1953 5181 2042 5234 διὰ

453 5285 518 5336 τὸ
545 5285 654 5336 ἀπὸ
693 5283 890 5350 νέφους
929 5279 1028 5350 τὴν
1079 5280 1376 5332 ὑπόστασιν
1430 5274 1724 5345 ἐσχηκέναι
1773 5274 2033 5325 ἀποτινα-

456 5375 680 5447 χθέντος
701 5375 809 5428 πᾶν
832 5373 893 5426 τὸ
910 5373 1056 5442 παχὺ
1081 5371 1177 5425 καὶ
1197 5368 1484 5430 ὑδατῶδες.
1503 5363 1895 5434 Ἀναθυμίασις
1925 5363 2034 5434 γὰρ

456 5470 604 5542 ὑγρά
656 5469 724 5522 τὰ
770 5469 910 5538 νέφη
949 5465 1300 5535 συνίστησιν,
1334 5456 1403 5532 ἦς
1448 5455 1907 5526 ἀποτιναχθείσης
1957 5455 2037 5517 εις

457 5562 634 5628 ὑετὸν,
655 5562 750 5615 καὶ
779 5559 942 5614 οἱονεὶ
969 5557 1186 5626 πέψεως
1207 5555 1320 5625 (52)
1349 5550 1669 5621 γενομένης,
1699 5549 1762 5601 τὸ
1795 5546 2037 5601 ἄπεπτον

457 5653 676 5721 τούτου,
710 5655 790 5717 είς
819 5651 1055 5722 νεφέλης
1075 5649 1249 5720 χωρεῖ
1267 5645 1546 5716 γέννησιν,
1566 5635 1712 5717 ᾗτινι
1739 5639 1828 5694 διὰ
1844 5639 2036 5692 λεπτός

532 5815 644 5890 (5‘2)
688 5813 972 5887 πέμψεως,
996 5810 1294 5878 emissione,
1325 5807 1413 5865 ed.

2141 4909 2496 4980 hujusmodi,
2553 4922 2680 4964 eum
2728 4907 2963 4962 articulo
3028 4915 3309 4976 assumpta
3350 4914 3436 4962 est
3482 4923 3499 4960 :
3551 4907 3725 4975 siqui-

2140 5003 2264 5057 dem
2299 5002 2354 5056 in
2385 5002 2500 5071 ipsa
2535 5001 2680 5056 nube
2709 5016 2806 5057 eos
2833 5000 3150 5056 ascendisse
3179 5000 3334 5066 dicit,
3367 5000 3440 5054 ita
3474 4999 3724 5054 tradente

2141 5094 2494 5149 articulorum
2516 5092 2820 5148 initiatione
2846 5106 2969 5161 quae
2998 5091 3076 5145 rei
3110 5091 3344 5160 alicujus
3375 5089 3724 5160 praecognita:

2141 5185 2533 5254 espansionem
2563 5183 2840 5246 admonet,
2874 5182 3037 5236 veluti
3083 5181 3246 5250 paulo
3275 5189 3402 5234 ante
3440 5177 3722 5248 suggessi-
3756 5239 3760 5244 _

2144 5292 2288 5334 mus.
2318 5277 2384 5331 Et
2400 5277 2468 5330 de
2490 5277 2638 5332 nube
2659 5277 2880 5347 quidem
2909 5277 3177 5330 hactenus
3196 5273 3602 5328 consideratam
3629 5271 3720 5330 sit.
3759 5257 3762 5262 ’

2144 5371 2291 5442 quod
2337 5367 2559 5440 νεφέλη,
2598 5370 2651 5425 id
2683 5378 2770 5425 est
2821 5369 3015 5433 nubes,
3049 5375 3316 5437 quantum
3365 5364 3431 5418 ad
3479 5371 3721 5433 etytuum

2147 5470 2356 5532 spectat
2383 5461 2666 5526 dictionis,
2689 5475 2755 5516 ex
2785 5475 2851 5517 co
2890 5460 3039 5516 dicta
3069 5460 3143 5514 sit
3175 5457 3321 5528 quod
3359 5453 3722 5512 substantiam

2148 5553 2344 5607 habeat
2371 5553 2480 5606 ἀπὸ
2514 5553 2731 5622 νέφους,
2774 5553 2827 5607 id
2855 5561 2938 5607 est
2987 5567 3019 5606 a
3079 5550 3301 5615 nebula,
3332 5563 3456 5619 quas
3505 5557 3725 5601 omnem

2146 5645 2452 5701 crassiticm
2476 5656 2528 5701 et
2555 5644 2922 5716 aquositalem
2941 5643 3208 5713 excussit,
3232 5641 3456 5698 humida
3489 5650 3729 5707 namque
