4110 6408
499 357 604 424 655

1338 351 1662 413 ARETHXE
1697 351 2074 412 CxESARE/E
2113 354 2597 414 CAPPADOCIE
2637 355 2980 417 EPISCOPI

3654 357 3768 422 656

499 469 772 526 exhalatio
824 469 1052 525 nebulas
1095 467 1419 530 constituit,
1479 481 1586 535 qua
1625 463 1973 520 exhalatione
2023 465 2077 518 in

2184 483 2323 537 τητα
2362 469 2458 521 καὶ
2513 468 2580 522 δι’
2633 469 2898 537 ἀφάνειαν
2933 469 3030 522 καὶ
3056 467 3188 540 ἕλη,
3235 469 3355 538 ἤτοι
3389 469 3502 538 φῶς
3533 469 3768 540 ἡλιακὸν

503 563 743 632 pluviam
769 561 1038 625 discussa,
1077 567 1130 614 et
1162 558 1307 614 velut
1330 557 1691 612 concoctione
1727 556 1898 617 facta,
1927 558 2074 626 quod

502 669 570 708 ex
598 667 661 708 ea
685 661 866 708 manet
902 651 1256 720 indigestum,
1291 649 1359 703 ad
1399 649 1562 703 nubis
1590 649 1734 704 cedit
1764 651 2076 718 generatio-

2185 559 2593 629 ἐμφιλοχωρεί,
2628 560 2704 624 ὡς
2739 557 2880 613 εἶναι
2919 561 3084 614 οἱονεὶ
3109 559 3293 631 ¹νέφος
3346 561 3765 632 πεφωτισμένον

2185 651 2280 703 καὶ
2305 650 2548 719 διαυγές.

502 762 626 802 nem
675 747 771 801 :in
800 760 908 815 qua
937 752 1160 814 propter
1189 745 1469 798 raritatem
1522 753 1578 800 et
1633 745 1929 814 quamdam
1987 746 2675 812 obscuritatem,caliditas
2708 749 2871 803 etiam
2927 749 3042 804 sive
3067 748 3260 804 ‘solare
3293 747 3477 804 lumen
3532 750 3769 806 libenter
3835 733 3840 736 ’

501 841 849 899 immoratur,
870 844 929 890 ut
953 836 1027 890 sit
1051 836 1218 892 veluti
1247 837 1441 892 nebula
1477 837 1784 892 illuminata
1816 851 1880 890 ac
1910 837 2200 905 pellucida.

493 981 502 996 ,
569 929 638 983 Et
665 930 834 984 occisa
870 940 994 984 sunt
1026 931 1081 983 in
1136 941 1440 985 terrcemotu
1473 930 1710 984 nomina.
1761 928 2084 998 Specialiori

2261 935 2368 988 Kal
2428 933 2902 1000 ἀπεκτάνθησαν
2954 933 3024 986 ἐν
3073 931 3154 997 τῷ
3190 932 3421 1002 σεισμῷ
3481 934 3763 1003 ὀνόματα.

497 1038 632 1079 usus
657 1031 741 1078 est
761 1021 1226 1092 promulgatione.
1261 1021 1450 1092 Neque
1483 1021 1631 1077 enim
1652 1021 1873 1076 nomina
1902 1021 2086 1076 occisa

2197 1019 2534 1091 Ἰδικώτερον
2592 1020 2858 1091 κέχρηται
2906 1023 2973 1091 τῇ
3029 1021 3352 1091 ἐπαγγελίᾳ.
3409 1022 3486 1074 Οὐ
3536 1027 3647 1094 γὰρ
3696 1027 3767 1079 τὰ

496 1125 667 1171 sunt:
701 1113 980 1185 quomodo
1027 1116 1173 1169 enim
1214 1113 1332 1169 ﬁeri
1368 1121 1557 1182 posset
1607 1123 1668 1168 ut
1725 1113 1779 1167 in
1827 1113 2079 1168 ordinem

2183 1113 2423 1182 ὀνόματα
2453 1112 2771 1182 ἀπεκτάνθη
2797 1128 2810 1143 ·
2863 1112 2981 1174 πῶς
3012 1112 3120 1182 γὰρ
3147 1112 3216 1164 τά
3261 1113 3320 1164 ἐν
3360 1113 3512 1176 τάξει
3559 1114 3767 1182 συμϐεο

497 1208 614 1264 sive
647 1208 822 1263 aciem
854 1210 1258 1278 redigerentur,
1303 1222 1426 1278 qua:
1461 1208 1671 1276 absque
1704 1205 1966 1275 subjecta:
2009 1207 2085 1260 rei

2187 1203 2434 1272 δηκότων
2486 1203 2755 1273 κείμενα,
2805 1203 2843 1256 ἃ
2892 1203 3061 1272 χωρὶς
3110 1202 3212 1272 τῆς
3255 1202 3350 1256 τοῦ
3400 1204 3766 1273 ὑποκειμένου

494 1298 856 1369 productione
893 1309 948 1354 et
971 1299 1348 1369 producuntur
1377 1307 1431 1354 et
1456 1312 1578 1354 esse
1597 1297 1881 1361 desinunt,
1915 1296 2081 1351 veluti

2190 1299 2397 1368 φθορᾶς
2435 1298 2646 1366 γίνεται
2680 1297 2773 1351 καὶ
2823 1297 3169 1364 ἀπογίνεται,
3216 1297 3292 1360 ὡς
3332 1298 3382 1349 οἱ
3433 1299 3564 1364 περὶ
3596 1297 3767 1351 ταῦτα

493 1389 776 1445 declarant
799 1391 902 1444 viri
928 1392 982 1445 in
1021 1390 1106 1446 his
1141 1392 1302 1446 rebus
1346 1388 1587 1446 eruditi?
1631 1389 2084 1458 Sed'intelligen-

494 1481 738 1538 dumest
753 1481 960 1537 dictum
997 1483 1121 1548 hoc,
1151 1483 1299 1553 quod
1331 1482 1409 1537 illi
1460 1482 1572 1538 sint
1621 1479 1788 1537 occisi
1821 1480 2084 1535 adversus

495 1587 635 1641 quos
661 1574 881 1628 nomina
915 1580 1041 1628 sunt
1071 1573 1272 1642 posita.

957 1707 1124 1779 71.3
1161 1706 1390 1764 CAPUT
1430 1705 1646 1761 χχχιι.

2187 1390 2350 1443 δεινοὶ
2407 1388 2837 1459 ἐμφανίζουσιν;
2905 1388 3018 1442 ἀλλ’
3080 1388 3305 1442 ἐκείνων
3366 1390 3770 1458 ἀναιρεθέντων

2184 1481 2293 1533 τῶν
2347 1480 2469 1534 καθ’
2518 1474 2593 1534 ὧν
2645 1480 2714 1535 τὰ
2759 1480 3000 1550 ὀνόματα
3056 1480 3332 1544 τέθειται,
3365 1480 3426 1534 τὸ
3476 1481 3770 1552 λεγόμενον

2185 1571 2422 1641 νοητέον.

2773 1705 3025 1759 ΚΕΦΑΛ.
3068 1705 3184 1760 ΛΒ’.

496 1816 574 1874 De
604 1821 828 1891 septima
873 1820 999 1874 tuba
1046 1830 1095 1874 et
1147 1822 1348 1875 sanctis
1391 1821 1562 1874 Deum
1605 1815 1950 1875 laudantibus
2013 1819 2076 1872 ob

2183 1815 2322 1882 Περὶ
2367 1814 2474 1891 τῆς
2507 1816 2773 1891 ιζζὶἲδ-όμηςΔ
2809 1817 3174 1891 σάλπιγγος,
3211 1817 3307 1870 καὶ
3348 1816 3467 1891 τῶν
3506 1819 3768 1886 ὑμνούν-

1033 1891 1273 1959 futurum
1327 1892 1610 1958 iudicium.

566 2021 663 2088 XI,
695 2021 883 2076 4548.
912 2021 980 2075 Et
1038 2023 1292 2091 septimus
1324 2024 1543 2096 angelus
1587 2027 1713 2082 tuba
1774 2026 1986 2093 cecinit,
2019 2034 2071 2080 et'

492 2115 651 2184 facta
674 2124 798 2168 sunt
839 2131 982 2169 voces
1023 2130 1230 2186 magna:
1259 2117 1311 2170 in
1365 2117 1513 2184 caelo,
1546 2118 1776 2173 dicentes
1799 2131 1819 2170 :
1851 2116 2083 2171 Factum

491 2212 569 2260 est
592 2222 819 2276 regnum
855 2206 1012 2276 hujus
1045 2208 1230 2262 mundi
1263 2209 1478 2264 Domini
1508 2211 1677 2265 nostri
1705 2210 1832 2265 Iesu
1853 2209 2079 2274 Christi,

489 2305 540 2351 et
562 2296 796 2366 regnabit
832 2297 887 2350 in
926 2297 1124 2352 sarcula
1161 2302 1502 2355 saeculorum.
1527 2299 1596 2354 Et
1637 2301 1821 2370 uiginti
1852 2309 2082 2370 quatuor

490 2388 722 2443 seniores
755 2388 845 2458 qui
872 2398 994 2443 sunt
1021 2390 1076 2442 in
1107 2400 1392 2459 conspectu
1419 2392 1597 2446 throni
1631 2391 1750 2457 Dei,
1787 2392 1878 2461 qui
1901 2391 2080 2446 sedent

491 2494 649 2548 super
669 2479 816 2533 sedes
847 2495 995 2543 suas,
1028 2481 1326 2536 ceciderunt
1354 2483 1410 2536 in
1435 2482 1599 2551 facies
1622 2499 1772 2546 suas,
1808 2491 1858 2535 et
1887 2481 2082 2534 adora-

492 2582 675 2627 verunt
699 2571 890 2640 Deum,
918 2574 1149 2627 dicentes
1175 2589 1192 2627 :
1215 2573 1432 2628 Gratias
1455 2575 1661 2644 agimus
1689 2573 1818 2637 tibi,
1852 2571 2080 2626 Domine

486 2660 632 2717 Deus
660 2664 1011 2733 omnipotens,
1033 2665 1122 2734 qui
1151 2680 1205 2720 es
1233 2673 1283 2718 et
1333 2665 1426 2735 qui
1455 2681 1596 2729 eras,
1632 2664 1885 2733 quoniam
1929 2677 2080 2716 acce-

482 2752 618 2818 pisti
639 2753 929 2820 potentiam
959 2762 1105 2807 tuam
1145 2771 1418 2826 magnam,
1447 2764 1495 2810 et
1519 2755 1776 2825 regnasti,
1825 2765 1874 2807 et
1906 2761 2082 2822 gentes

486 2843 786 2912 indignata:
805 2853 946 2898 sunt.
980 2843 1049 2896 Et
1073 2847 1208 2899 venit
1235 2847 1318 2899 ira
1339 2856 1430 2900 tua
1455 2855 1504 2900 et
1527 2856 1728 2914 tempus
1752 2853 2082 2899 mortuorum

487 2945 552 2987 ut
561 2933 896 3002 judicentur,
945 2943 996 2988 et
1049 2935 1242 2990 reddas
1284 2938 1574 2991 mercedem
1606 2937 1770 2991 servis
1824 2936 1930 2989 tuis
1960 2950 2083 3004 pro-

489 3024 659 3093 phetis
674 3034 724 3079 et
745 3029 965 3092 sanctis,
990 3035 1041 3081 et
1065 3027 1132 3082 iis
1164 3029 1256 3098 qui
1287 3031 1475 3084 timent
1497 3045 1684 3083 nomen
1711 3040 1881 3091 tuum,
1910 3024 2082 3096 pusil-

492 3116 560 3176 lis
580 3125 631 3171 et
650 3119 879 3187 magnis,
905 3129 956 3173 et
977 3127 1166 3188 perdas
1193 3136 1278 3174 eos
1307 3121 1395 3188 qui
1427 3121 1652 3190 perdunt
1681 3129 1902 3175 terram.

2253 1902 2373 1938 των
2403 1885 2482 1950 τῷ
2513 1886 2635 1950 Θεῴ
2675 1887 2858 1954 ἁγίων
2887 1886 2985 1939 ἐπὶ
3031 1886 3105 1955 τῇ
3138 1889 3458 1956 μελλούσῃ
3489 1885 3701 1956 κρίσει.

2255 2015 2365 2070 Kal
2395 2019 2427 2069 ὀ
2451 2015 2699 2086 ἕϐδομος
2726 2017 2984 2086 ἄγγελος
3014 2017 3336 2086 ἐσάλπισε,
3363 2019 3462 2074 καὶ
3489 2019 3772 2089 ἐγένοντο

2183 2110 2374 2178 φωναί
2401 2110 2658 2179 μεγάλαι
2706 2109 2776 2162 ἐν
2806 2109 2886 2176 τῷ
2936 2111 3191 2179 οὐρανῷ,
3233 2113 3528 2180 λέγουσαι
3554 2129 3567 2142 ⁸
3619 2115 3770 2182 Ἐγέ-

2183 2220 2321 2258 νετο
2359 2205 2399 2272 η
2443 2203 2736 2268 ,βασιλειά
2775 2203 2882 2256 τοῦ
2927 2203 3194 2271 κόσμου,
3242 2203 3339 2256 καὶ
3391 2203 3499 2257 τοῦ
3547 2206 3769 2273 Κιφίου

2184 2293 2354 2364 ἡμῶν
2413 2294 2618 2362 Ἰησοῦ
2660 2294 2940 2364 Χριστοῦ,
2985 2297 3080 2348 καὶ
3105 2296 3473 2359 βασιλεύσει
3503 2299 3590 2362 είς
3626 2297 3769 2363 τοὺς

2184 2385 2404 2453 αἰῶνας
2443 2384 2564 2440 τῶν
2593 2385 2842 2440 αἰώνων.
2873 2386 2984 2440 Καὶ
3025 2389 3080 2440 οί
3113 2387 3600 2455 εικοσιτέσσαρες
3627 2403 3769 2457 xpe-

2184 2479 2484 2546 σόὐτεροι,
2535 2480 2589 2531 οὶ
2636 2476 2895 2530 ἐνώπιον
2935 2477 3042 2532 τοῦ
3088 2479 3307 2546 θρόνου
3340 2478 3447 2532 τοῦ
3494 2479 3677 2544 Θεοῦ,
3713 2479 3770 2533 οἳ

2183 2569 2474 2636 κάθηνται
2519 2568 2618 2623 ἐπὶ
2649 2569 2792 2636 τοὺς
2834 2570 3088 2636 θρόνους
3135 2567 3360 2633 αὐτῶν,
3405 2569 3632 2625 ἔπεσον
3669 2570 3770 2624 ἐπὶ

2184 2661 2257 2714 τὰ
2284 2661 2839 2728 πρόσωπαιαύτῶν,
2884 2659 2983 2714 καὶ
3013 2663 3485 2739 προσεκύνησαν
3511 2660 3588 2726 τῷ
3622 2661 3767 2727 Θεῷ,

2183 2751 2499 2822 λέγοντες·
2542 2751 3039 2821 Εὑχαριστοῦμέν
3091 2767 3226 2813 σοι,
3276 2753 3452 2819 Κύριε
3481 2755 3514 2805 ὀ
3547 2753 3692 2818 Θεὸς
3738 2757 3771 2806 ὁ

2185 2843 2631 2912 παντοκράτωρ,
2675 2846 2709 2897 ό
2738 2842 2824 2896 ὢν
2863 2843 2964 2898 καί
2993 2847 3026 2898 ὀ
3070 2844 3172 2912 ἦν,
3233 2843 3322 2896 ὅτι
3369 2844 3626 2912 εῑληφας
3655 2843 3773 2909 τὴν

2184 2931 2445 3000 δύναμιν
2485 2945 2604 2985 σου
2651 2928 2768 2998 τὴν
2808 2932 3116 3000 μεγάλην,
3177 2931 3276 2985 καὶ
3325 2933 3766 3000 ἐϐασίλευσας,

2185 3025 2285 3078 καὶ
2317 3025 2388 3078 τὰ
2413 3023 2556 3092 ἔθνη
2601 3021 3008 3093 ὠργίσθησαν.
3038 3025 3150 3078 Kal
3187 3021 3374 3094 ἦλθεν
3398 3025 3435 3092 ἠ
3481 3025 3626 3094 ὀργή
3652 3043 3772 3081 σου

2185 3115 2286 3170 καὶ
2332 3118 2364 3169 ὁ
2415 3117 2622 3184 καιρὸς
2664 3114 2783 3169 τῶν
2814 3116 3045 3184 νεκρῶν
3084 3117 3357 3185 κριθῆναι
3403 3117 3503 3170 ναι
3559 3118 3772 3172 δοῦναι

489 3210 600 3264 τὸν
626 3210 850 3280 μισθὸν
879 3211 1004 3278 τοῖς
1031 3212 1276 3280 δούλοις
1310 3231 1428 3269 σου
1452 3217 1577 3282 τοῖς
1606 3214 1942 3284 προφήταις
1974 3213 2074 3267 καὶ
2105 3211 2230 3277 τοῖς
2267 3213 2458 3281 ἁγίοις
2480 3253 2494 3277 ,
2524 3211 2622 3264 καί
2675 3211 2800 3278 τοῖς
2856 3214 3251 3282 φοϐουμένοις
3288 3214 3354 3267 τὸ
3415 3214 3601 3283 ὄνομά
3631 3231 3772 3276 σου,

489 3296 617 3364 τοῖς
653 3299 886 3368 μικροῖς
925 3301 1025 3355 καί
1057 3303 1179 3370 τοῖς
1219 3304 1505 3373 μεγάλοις
1527 3346 1542 3369 ,
1589 3305 1691 3358 καὶ
1731 3303 2065 3373 διαφθεῖραι
2093 3303 2237 3369 τοὺς
2267 3303 2719 3373 διαφθείροντας
2746 3303 2860 3370 τὴν
2887 3301 3026 3372 γῆν.
3269 3322 3272 3325 ·

566 3390 881 3448 Buccinatio
911 3395 1128 3464 septimi
1159 3396 1336 3465 angeli
1361 3397 1604 3452 ostendit
1628 3411 1751 3466 quae
1779 3404 1910 3452 sunt
1956 3405 2068 3450 ter-
2097 3406 2107 3455 4

2247 3395 2328 3448 Τὰ
2356 3395 2456 3465 τῆς
2485 3394 2678 3465 τρίτης
2721 3395 2843 3448 οὐαὶ
2903 3395 2936 3464 ἡ
2965 3393 3057 3447 τοῦ
3096 3395 3323 3466 ἑϐδόμου
3375 3396 3610 3464 ἀγγέλου
3644 3398 3773 3450 σάλ-

491 3481 556 3539 tii
593 3481 701 3550 Ve,
733 3499 932 3555 nempe
971 3500 1138 3542 voces
1171 3503 1397 3558 magnas
1430 3489 1486 3542 in
1539 3488 1682 3544 caelo
1732 3499 2076 3554 resonantes,

487 3572 775 3630 decretum
805 3591 872 3631 ac
920 3577 1252 3634 sententiam
1287 3579 1632 3644 inducentes,
1666 3595 1791 3635 nam
1843 3581 1948 3634 hoc
1975 3579 2078 3634 sibi

484 3665 612 3722 vult
635 3681 828 3721 earum
855 3667 1060 3722 dicere.
1089 3668 1228 3735 Quid
1247 3681 1330 3725 est
1359 3670 1526 3740 igitur
1555 3672 1705 3741 quod
1751 3680 1944 3726 notum
1989 3673 2082 3726 lit?

485 3752 723 3810 Factum
754 3764 832 3810 est
877 3773 1116 3828 regnum.
1165 3757 1391 3830 Semper
1425 3763 1646 3832 quidem
1695 3761 1838 3818 Deus
1869 3773 2076 3834 regnat,

481 3861 672 3916 neque
711 3847 936 3917 incepit,
991 3865 1168 3918 neque
1213 3849 1445 3916 desinet,
1477 3854 1594 3908 sive
1644 3854 1830 3910 omnia
1877 3855 2080 3910 intelli-

492 3944 715 4008 gantur,
739 3939 854 3994 sive
877 3939 1150 3996 intellectu
1177 3957 1286 3996 non
1317 3945 1660 4015 attingantur
1693 3964 1706 3999 :
1734 3963 1911 4017 neque
1930 3949 2078 4003 enim

492 4039 689 4087 cuncta
721 4031 1106 4102 complectitur
1129 4034 1372 4090 humana
1405 4037 1785 4108 intelligentia,
1818 4039 1931 4094 imo
1959 4041 2080 4096 sine

492 4119 651 4176 initio
666 4131 720 4176 et
740 4121 859 4176 sine
889 4123 996 4176 (ine
1026 4123 1409 4180 universorum
1436 4125 1701 4184 Dominus
1722 4139 1808 4185 est
1824 4131 2078 4186 domina-

494 4223 597 4270 tor.
631 4213 902 4280 Quoniam
937 4224 1118 4271 autem
1154 4221 1469 4276 mundanus
1513 4222 1855 4292 principatus
1884 4238 1949 4277 ac
1987 4239 2079 4280 re—

491 4318 658 4373 gnum
677 4303 1005 4374 quandoque
1026 4304 1128 4374 ipsi
1155 4308 1464 4363 ostenditur
1487 4324 1595 4365 non
1613 4311 1941 4383 subjectum,
1961 4313 2078 4367 suis

486 4395 866 4466 intumescens
882 4397 1219 4453 vanitatibus
1244 4417 1257 4453 :
1281 4399 1409 4454 hinc
1445 4410 1628 4456 autem
1656 4404 1866 4458 accedit
1886 4419 2078 4458 corru-

493 4486 669 4556 ptibili
690 4486 819 4542 huic
843 4487 1049 4542 mundo
1072 4489 1234 4545 veluti
1259 4506 1354 4561 per
1371 4493 1646 4547 somnium
1662 4494 1834 4564 gloria
1861 4496 1928 4550 ad
1953 4511 2076 4565 per-

493 4578 784 4644 ditionem,
804 4579 941 4633 dum
972 4581 1299 4649 quatiuntur
1333 4597 1399 4637 ac
1431 4596 1864 4653 compescuntur
1899 4589 1953 4642 hi
1980 4589 2072 4657 qui

495 4685 664 4741 super
710 4679 914 4725 terram
956 4682 1190 4742 regnant
1237 4689 1302 4730 ac
1348 4676 1694 4744 tyrannidem
1738 4688 1929 4748 agunt,
1964 4694 2073 4734 non

495 4770 678 4818 tamen
701 4778 850 4826 vere,
869 4765 962 4820 sed
987 4764 1154 4820 veluti
1178 4781 1274 4834 per
1291 4768 1662 4837 speculum'ac
1685 4771 2074 4826 simulacrum:

494 4856 648 4912 solus
693 4855 740 4910 is
773 4858 870 4926 qui
907 4873 1034 4913 vere
1069 4856 1214 4914 Deus
1261 4873 1326 4916 ac
1371 4875 1467 4914 rex
1497 4871 1582 4916 est
1620 4871 1883 4932 perpetuo
1923 4865 2072 4933 prin-

493 4948 678 5017 cipatu
728 4963 793 5002 ac
827 4953 1100 5018 potentia,
1139 4949 1303 5022 749
1336 4952 1518 5008 dictus
1583 4961 1668 5009 est
1703 4954 2072 5025 principatum

495 5047 685 5092 tenere
736 5053 802 5092 ac
840 5054 1068 5109 regnare
1117 5041 1170 5094 in
1208 5043 1428 5098 saecula.

562 5129 877 5184 Ceciderunt
923 5133 977 5184 in
1008 5132 1171 5201 facies
1215 5151 1359 5188 suas.
1400 5135 1669 5201 Quoniam
1715 5153 1878 5192 casus
1905 5139 2069 5193 etiam

2185 3504 2340 3549 πισις
2370 3489 2616 3558 παριστᾷ
2639 3525 2655 3550 ,
2687 3488 2872 3556 φωνάς
2924 3488 3168 3557 μεγάλας
3198 3491 3256 3541 ἐν
3289 3488 3507 3558 οὐρανῷ
3551 3490 3771 3560 ὲξηχου·

2187 3581 2356 3650 μένας
2375 3621 2388 3644 ,
2419 3579 2656 3648 δήλωσιν
2687 3579 3042 3649 ἐμποιούσας.
3088 3577 3259 3632 Τοῦτο
3286 3579 3395 3650 γὰρ
3427 3579 3676 3649 βούλεται
3709 3582 3772 3634 τὸ

2183 3673 2386 3741 λέγειν.
2427 3675 2493 3726 Τί
2521 3670 2614 3727 οὖν
2653 3674 2713 3726 τὸ
2746 3669 3768 3743 δηλούμενον;Ἐγένετοή,8ασιλεία.

2197 3767 2309 3820 Ἀεὶ
2360 3766 2460 3837 μὲν
2505 3769 2534 3820 ὁ
2585 3767 2717 3832 Θεὸς
2749 3767 3058 3839 βασιλεύει,
3105 3765 3230 3819 οὔτε
3264 3764 3609 3835 ἀρξάμενος,
3640 3763 3769 3818 οὔτε

2184 3859 2560 3930 παυσάμενος,
2599 3859 2908 3930 νοουμένων
2953 3875 3013 3912 τε
3051 3858 3270 3914 πάντων
3308 3857 3404 3908 καὶ
3430 3857 3772 3925 ἀνεννοήτων

2185 3949 2289 4016 (δτι
2327 3950 2462 4020 μηδέ
2495 3950 2712 4004 πάντων
2744 3954 2776 4020 ἡ
2824 3950 3143 4019 ἀνθρωπίνη
3191 3948 3611 4018 περιδράττεται
3641 3949 3767 4019 νόη-

2189 4043 2331 4109 σις),
2364 4040 2500 4095 ἀλλά
2530 4042 2627 4094 καὶ
2655 4043 2910 4112 ἀνάρχως
2938 4044 3032 4095 καὶ
3059 4041 3437 4109 ἀτελευτήτως
3469 4042 3584 4094 ἐστὶ
3626 4043 3769 4095 πάν-

2182 4148 2290 4184 των
2317 4131 2518 4200 Κύριος
2548 4135 2576 4185 ὁ
2605 4133 2904 4202 Δεσπότης.
2945 4131 3162 4201 Ἐπειδὴ
3193 4131 3250 4184 δὲ
3281 4132 3314 4200 ἡ
3349 4131 3592 4201 κοσμικὴ
3622 4133 3767 4203 ἁρχὴ

2185 4223 2278 4276 καὶ
2315 4223 2562 4292 βασιλεία
2611 4223 2726 4276 ἔσθ’
2771 4225 2860 4278 ὅτε
2913 4223 2976 4276 τὸ
3029 4224 3408 4276 ἀνυπότακτον
3450 4223 3768 4288 ἐπεδείξατο

2183 4314 2610 4384 αὑτῷηοίκείαις
2657 4315 2987 4386 ματαιότησι
3031 4313 3443 4386 κορυφουμένη,
3485 4309 3588 4386 ἧκε
3626 4315 3681 4368 δὲ
3706 4317 3768 4370 τὸ

2180 4406 2288 4459 ἀπὸ
2338 4405 2530 4458 τούτου
2588 4404 3164 4480 ὀνειρώττουσα-δόξα
3221 4404 3299 4474 τῷ
3355 4405 3537 4476 θνητῷ
3590 4405 3766 4476 τούτῳ

2181 4498 2371 4568 κόσμῳ
2403 4498 2538 4568 πρὸς
2570 4497 2799 4566 φθορὰν,
2827 4497 3098 4558 λυθέντων
3131 4499 3226 4560 καὶ
3257 4501 3632 4569 παυσαμένων,
3657 4500 3765 4551 τῶν

2180 4591 2272 4642 ἐπὶ
2303 4591 2408 4660 γῆς
2453 4591 2846 4660 βασιλευόντων
2889 4591 2986 4643 καὶ
3017 4591 3429 4659 τυραννούντων
3474 4591 3574 4644 οὐκ
3622 4590 3792 4661 ἄλη-ε

2184 4681 2293 4744 θῶς
2322 4682 2460 4752 ('53),
2509 4681 2624 4734 ἀλλ’
2667 4684 2724 4734 ἐν
2753 4681 3006 4750 ἐσόπτρῳ
3035 4698 3093 4734 τε
3129 4681 3224 4734 καὶ⁸
3257 4681 3558 4750 ἱνδάλματι,
3606 4683 3766 4748 μόνος

2184 4771 2213 4822 ὁ
2237 4769 2315 4837 τῷ
2343 4771 2457 4822 ὄντι
2499 4771 2629 4832 Θεὸς
2661 4771 2756 4823 καὶ
2787 4769 3040 4840 βασιλεὺς
3073 4773 3297 4835 κρατεῖν
3332 4772 3424 4824 καὶ
3459 4757 3785 4839 βασιλεύεινῘ

2182 4863 2264 4924 εἰς
2310 4862 2435 4924 τοὺς
2487 4861 2691 4924 αἰῶνας
2743 4861 3014 4931 ἀδιαδόχῳ
3049 4861 3240 4933 κράτει
3276 4863 3370 4915 καὶ
3419 4861 3637 4933 ἐξουσίᾳ
3687 4844 3782 4962 ιιι-ἐ

2185 4969 2364 5023 ρηταμ

2260 5139 2530 5191 Ἔπεσον
2559 5137 2656 5191 ἐπὶ
2707 5139 2779 5192 τὰ
2825 5139 3117 5206 πρόσωπα
3172 5134 3392 5190 αὐτῶν.
3460 5132 3680 5201 Ἐπειδὴ
3725 5132 3759 5200 ἡ

491 5217 764 5289 signitlcat
800 5219 1075 5292 vulgarem
1106 5224 1352 5293 corporis
1381 5225 1796 5295 dispositionem
1819 5267 1835 5292 ,
1867 5243 1935 5281 ne
1968 5229 2072 5282 hoc

2183 5229 2385 5291 πτῶσις
2437 5232 2532 5281 καὶ
2588 5229 2688 5298 τὴν
2743 5227 3190 5295 ἀπλῶςνόιθεξιν
3247 5224 3525 5296 σημαίνει,
3562 5223 3648 5276 ῑνα
3687 5225 3762 5291 μὴ

487 5311 873 5381 suspicareris,
908 5313 1194 5383 subiunxit
1231 5333 1244 5369 :
1289 5317 1343 5370 in
1378 5317 1541 5386 facies
1571 5335 1696 5373 suas
1722 5334 1741 5372 :
1767 5319 1861 5388 qui
1899 5320 2071 5373 honor

2183 5320 2336 5372 τοῦτο
2397 5321 2774 5391 ὑποληφθείη,
2840 5322 3158 5390 ἐπήγαγεν,
3211 5317 3312 5371 ἐπὶ
3357 5316 3429 5370 τὰ
3471 5315 3764 5383 πρόσωπα

489 5401 646 5457 debet
679 5403 826 5458 heris
860 5405 1026 5481 tribui
1067 5405 1136 5460 ab
1168 5405 1252 5461 his
1287 5408 1378 5476 qui
1419 5409 1632 5462 minimi
1687 5420 1815 5464 sunt
1837 5426 1900 5464 ac
1933 5409 2070 5464 infc-

491 5493 661 5550 riores
689 5496 744 5550 in
777 5497 1005 5552 honore.

2173 5411 2426 5481 ἑαυτῶν,
2474 5415 2612 5482 ὅπερ
2643 5416 2709 5482 τῇ
2745 5415 3052 5482 Δεσποτικῇ
3087 5410 3431 5479 ἐποφείλεται
3465 5405 3618 5476 παρά
3650 5402 3763 5458 τῶν

2183 5505 2588 5576 ὑποδεεστέρων
2616 5509 2770 5577 τιμῇ.

562 5675 674 5760 (δῦ)
865 5678 1091 5749 φθορὰν,
1122 5679 1262 5733 κατὰ
1292 5681 1398 5734 τῶν
1415 5681 1784 5738 σα>.ευθέντων
1817 5692 1908 5738 και
1945 5687 2318 5757 παυσαμένων
2361 5689 2468 5742 τῶν
2511 5692 2602 5743 ἐπὶ
2660 5689 2764 5760 γῆς
2802 5687 3199 5759 βασιλευόντων
3229 5685 3322 5741 καὶ
3354 5682 3764 5755 τυραννούντων

494 5743 592 5795 οὐκ
615 5744 846 5812 ἀληθῶς.
