4110 6440
421 411 528 476 (557

1501 421 1885 480 COMMENT.
1929 419 2012 480 IN
2049 419 2576 482 APOCALYPSIN.

3573 419 3680 483 658

507 523 610 581 Καὶ
643 521 832 597 ἦλθεν
865 532 903 597 ἡ
941 530 1088 598 ὀργή
1119 545 1258 585 σου.
1289 531 1488 596 Πολλά,
1531 532 1688 601 φησι,
1737 530 2008 601 μακροθυ-

2183 528 2250 584 Et
2269 533 2404 584 venit
2422 533 2503 585 ira
2536 539 2649 585 tua.
2684 531 2820 586 Cum
2857 531 3124 587 hactenus
3159 547 3282 586 cum
3313 532 3399 587 his
3426 532 3518 602 qui
3551 533 3682 586 olim

435 620 612 686 μήσας
660 619 740 670 ἔτι
771 622 882 682 τοῖς
933 622 1126 687 πάλαι’,
1179 623 1301 676 ἐπεὶ
1357 623 1524 693 μηδὲν
1577 623 1863 676 ἅπώναντο
1912 625 2008 692 τῆς

433 708 801 777 χρηστότητός
851 727 968 778 σου,
1022 712 1118 766 νῦν
1155 714 1298 767 κατὰ
1341 713 1533 784 καιρὸν
1577 710 1764 785 ἦλθες.
1801 713 2008 784 Καιρὸν

431 799 486 851 δὲ
517 798 622 850 τῶν
647 800 857 870 νεκρῶν
895 803 988 856 τὸν
1030 804 1130 874 τῆς
1171 805 1517 875 παγκοσμίου
1553 805 1717 875 φησιν
1772 805 2008 860 ἀναστά-

436 904 593 952 σεως,
629 889 686 941 ὲν
716 883 760 957 ᾧ
806 892 1022 963 ἑκάστῳ
1069 896 1426 965 καταλλήλως
1458 895 1746 966 δοθήσεται
1775 896 1846 948 τά
1886 896 2008 949 ἐπί-

433 995 612 1048 χειρα.
668 981 768 1034 Διὰ
812 981 872 1034 δὲ
901 983 1012 1037 τῶν
1043 986 1363 1055 προφητῶν,
1411 987 1505 1040 καὶ
1543 985 1652 1039 τῶν
1680 985 1882 1054 ἁγίων,
1915 985 2012 1038 καὶ

436 1069 544 1122 τῶν
573 1073 948 1142 ’φοϐουμένων
979 1075 1070 1130 τὸν
1099 1077 1253 1144 Θεὸν,
1294 1079 1361 1133 τά
1387 1078 1514 1150 τρία
1545 1079 1802 1150 τάγματα
1827 1077 1936 1130 τῶν
1965 1076 2010 1148 ρ’

437 1161 531 1212 καὶ
576 1159 641 1224 ξ’,
693 1162 790 1216 καὶ
835 1166 1119 1236 τεσσάρων
1161 1167 1655 1239 καρποφορούντων
1704 1167 1861 1236 φησὶ,
1910 1167 2011 1236 τῆς

437 1252 663 1323 πρώτης
714 1255 922 1325 λήξεως
979 1259 1087 1312 τῶν
1142 1261 1458 1313 ἀποστόλων
1502 1259 1860 1330 ἀξιουμένων,
1919 1257 2013 1312 καὶ

437 1343 534 1410 τῆς
595 1345 686 1397 ἐπὶ
729 1345 938 1400 δώδεκα
986 1349 1194 1419 θρόνων
1247 1349 1527 1420 ἱδρύσεως.
1596 1349 1873 1412 Ὡσαύτως
1918 1349 2014 1401 καὶ

439 1435 565 1498 τοὺς
619 1438 908 1506 προφήτας
955 1441 1192 1509 μάλιστα
1242 1442 1370 1505 τοὺς
1426 1443 1840 1507 ὑπολυσσώσανς
1871 1445 2013 1496 ’κατ’

440 1529 618 1582 αὐτῶν
661 1531 928 1602 βασιλέων
967 1537 1260 1607 τιμωρίαις
1299 1537 1723 1608 ὑποϐληθέντας.
1767 1537 2014 1608 Μικροίθς

440 1617 497 1670 δὲ
529 1621 624 1674 καὶ
671 1623 960 1690 μεγάλους.
991 1628 1261 1698 ιὶίικροὺς,
1301 1629 1430 1692 τοὺς
1469 1625 1634 1702 ἦττον
1664 1630 1872 1698 ἁγίους,
1917 1647 2015 1700 με·

443 1709 662 1777 γάλους,
703 1715 830 1778 τοὺς
884 1717 1084 1786 μᾶλλον
1137 1719 1506 1791 ὑπερέχοντας
1534 1721 1803 1790 ἁγιότητι.
1861 1721 2018 1775 Ἐπεὶ

441 1799 498 1852 δὲ
523 1799 698 1866 διττὸς
736 1804 765 1855 ό
815 1805 1000 1872 φόϐος,
1051 1809 1078 1859 ὁ
1111 1808 1211 1878 μὲν
1238 1810 1735 1880 προκαταρκτλιδς,
1783 1811 1812 1861 ὁ
1837 1809 1894 1862 δὲ
1933 1827 2018 1862 τε-

2113 621 2338 676 fuerunt
2371 622 2667 691 plurimum
2697 631 3005 680 remoratus
3030 624 3200 679 fueris
3227 642 3240 678 :
3281 625 3334 678 in
3357 624 3506 679 nullo
3535 625 3680 678 enim

2109 722 2204 768 tua
2246 713 2396 769 fruiti
2425 723 2555 770 sunt
2593 715 2834 770 bonitate
2863 732 2876 768 :
2905 730 3051 770 nunc
3098 725 3408 786 opportune
3463 716 3680 770 venisti.

2113 802 2353 874 Tempus
2386 813 2566 858 autem
2600 812 2939 859 mortuorum
2959 805 3093 860 dicit
3121 813 3336 874 tempus
3362 804 3686 858 universalis

2111 895 2566 960 resurrectionis,
2609 895 2662 948 in
2711 911 2820 965 quo
2851 896 3146 966 unicuique
3175 895 3554 951 cOuvenientia
3591 897 3688 948 da-

2113 983 2318 1039 buntur
2344 987 2586 1054 praemia.
2612 985 2714 1040 Per
2741 985 3034 1056 prephetas
3060 995 3239 1040 autem
3285 995 3340 1040 ct
3370 995 3590 1040 sanctos
3623 999 3690 1039 ac

2111 1075 2371 1130 timentes
2405 1075 2596 1140 Deum,
2629 1075 2882 1146 intelligit
2910 1083 3023 1131 tres
3063 1077 3284 1133 ordines
3315 1077 3534 1130 illorum
3558 1091 3692 1130 cen-

2116 1175 2230 1220 tum
2260 1165 2534 1237 octoginta
2578 1175 2816 1234 quatuor
2865 1167 3096 1221 millium
3150 1169 3243 1236 qui
3287 1169 3398 1223 Deo
3447 1167 3688 1222 fructum

2115 1259 2352 1314 aﬂ‘erunt
2384 1278 2396 1312 :
2424 1274 2617 1328 nempe
2672 1257 3043 1328 apostolontm
3087 1259 3180 1329 qui
3235 1258 3384 1330 digni
3421 1259 3692 1314 habentur

2113 1353 2290 1422 prima
2338 1360 2486 1406 sorte
2507 1394 2522 1418 ,
2573 1359 2626 1405 et
2657 1360 2714 1406 ut
2744 1352 3155 1405 constituantur
3189 1365 3354 1420 super
3399 1349 3691 1404 duodecim

2117 1446 2295 1500 sedes.
2326 1443 2588 1499 Similiter
2635 1453 2687 1499 et
2739 1443 3030 1513 prophetas
3067 1442 3411 1512 potissimum
3435 1441 3569 1496 dicit
3596 1455 3692 1496 eos

2117 1539 2210 1609 qui
2231 1539 2491 1593 immania
2526 1539 2906 1593 sustinuerunt
2925 1553 3113 1606 regum
3145 1538 3406 1591 adversus
3445 1552 3504 1592 se
3535 1551 3695 1590 exas-

2118 1638 2434 1700 peraturum
2473 1628 2760 1698 supplicia.
2811 1627 3051 1684 Pusillus
3094 1641 3226 1680 vero
3277 1625 3411 1680 dicit
3452 1625 3696 1679 minores

2120 1731 2364 1786 sanctos,
2397 1736 2628 1790 magnos
2665 1728 2846 1774 autem
2899 1719 2992 1788 qui
3039 1717 3233 1787 majori
3281 1715 3698 1786 pratcclluerunt

2124 1809 2434 1869 Sanctitate.
2499 1810 2696 1866 Verum
2749 1813 2876 1879 quia
2933 1809 3132 1878 duplex
3190 1815 3274 1862 est
3312 1806 3498 1872 timor,
3553 1819 3699 1858 unus

444 1891 744 1958 λειωτικδς,
783 1897 998 1950 καὶτοῦ
1032 1901 1132 1968 μὲν
1179 1902 1659 1973 προκαταρκτικοιῖ
1719 1905 1830 1964 τοῖς
1864 1901 2018 1954 οὔπω

2130 1903 2345 1973 quidem
2381 1900 2610 1955 initialis
2643 1907 2698 1955 et
2743 1900 2878 1954 alter
2912 1897 3381 1953 consummativus
3415 1913 3428 1948 :
3471 1893 3700 1950 initialis

445 1983 542 2052 τὴν
573 1985 822 2040 ἀθώωσιν
856 1989 1102 2059 εἰληφόσι
1133 1991 1403 2056 συνόντος,
1460 1993 1555 2046 τοῦ
1586 1993 1932 2046 τελειωτικοῦ
1962 1993 2018 2046 δὲ

443 2077 555 2136 τοῖς
593 2077 698 2146 ήδη
743 2079 849 2131 ὑπὸ
897 2079 1032 2134 Θεοῦ
1091 2083 1534 2154 ἀνειλημμένοις,
1570 2080 1650 2147 οἷς
1678 2086 1773 2142 καὶ
1801 2085 1891 2138 διὰ
1923 2086 2021 2154 φό-

447 2165 542 2218 ϐου
575 2167 664 2220 ἀεὶ
695 2170 754 2221 τὸ
785 2171 859 2242 μή
894 2189 947 2225 τι
977 2173 1162 2236 αὐτοῖς
1197 2175 1360 2239 ἐνδεῖ,
1390 2176 1450 2229 ὃν
1483 2177 1626 2240 εἰκὸς
1655 2177 1871 2230 ὑπεῖναι
1911 2181 2022 2241 τοῖς

450 2259 654 2330 σφόδρα
677 2262 984 2329 ἀγαπῶσιν·
1016 2267 1116 2318 οὑκ
1146 2267 1482 2338 ἀποϐλητέον
1507 2265 1662 2337 οἶμαι
1688 2269 1887 2340 τδ-ἀπὺ
1915 2270 2025 2322 τῶν

451 2349 618 2416 ἁγίων
653 2353 1025 2425 ὑποσταλῆναι
1065 2359 1190 2419 τοὺς
1230 2359 1623 2428 φοϐουμένους,
1657 2359 1733 2422 ὡς
1763 2361 1872 2413 τῶν
1927 2361 2025 2430 μὲν

451 2441 664 2511 μικρῶν
694 2445 771 2514 τῷ
818 2446 932 2499 ὄντι
963 2449 1116 2519 φόϐῳ
1154 2451 1512 2520 ἐνεχομένων,
1543 2451 1652 2504 τῶν
1681 2451 1738 2504 δὲ
1773 2451 2025 2522 μεγάλων

449 2531 501 2582 οἳ
523 2531 708 2602 ἔχουσι
733 2536 794 2589 τὺ
819 2537 1073 2608 θαρρεῖν,
1108 2540 1296 2610 ὥσπερ
1331 2541 1566 2611 εἴρηται,
1604 2544 1699 2595 καὶ
1727 2541 1804 2611 τῷ
1834 2542 2026 2614 θάρρει

452 2625 541 2677 τὸν
571 2627 736 2694 φόϐον
784 2635 1182 2702 παρομαρτεῖν.
1235 2633 1552 2704 Ἐκατέροις
1581 2635 1759 2688 τοίνυν
1788 2637 1817 2688 ὁ
1864 2635 2026 2704 φόϐος

449 2715 536 2770 διὰ
565 2719 664 2788 τὴν
697 2721 982 2776 ἀντίδοσινῖ
1007 2724 1110 2795 τὴν
1165 2725 1300 2796 πρὸς
1333 2721 1488 2790 ἀξίαν
1533 2726 1641 2780 τῶν
1677 2727 2027 2796 βεϐιωμένων

453 2809 548 2860 καὶ
578 2809 677 2879 τὴν
703 2811 1071 2883 ἀντιμισθίαν,
1107 2818 1219 2878 τοῖς
1263 2817 1364 2883 μὲν
1397 2817 1676 2886 μεγάλοις,
1709 2817 1839 2870 αὐτὸ
1869 2818 2029 2871 τοῦτο

458 2899 532 2972 μὴ
561 2903 894 2958 πεποιθέναι-τ
911 2907 1122 2972 ἑαυτοῖς
1154 2911 1450 2980 προσεῖναι
1469 2909 1849 2975 rea/sume;
1870 2952 1885 2977 ,
1914 2912 2028 2976 τοῖς

457 2996 674 3063 μικροῖς
699 2995 763 3060 δὲ,
781 2997 1173 3064 άνενδοιάστως
1204 3001 1580 3072 ὲλπιζομένοις
1617 3003 1906 3070 σώζεσθαι,
1935 3007 2032 3060 καὶ

451 3084 542 3136 ὅτε
568 3087 694 3149 τοὺς
715 3086 807 3139 τοῦ
834 3087 969 3142 Θεοῦ
997 3091 1217 3156 δούλους
1235 3093 1536 3148 ὑπέϐαλλον
1562 3095 1794 3163 άπηνέσι
1817 3097 2026 3160 κακοῖς,

2124 2005 2210 2052 est
2237 2009 2432 2051 eorum
2459 1993 2554 2063 qui
2591 1993 2832 2047 nondum
2872 2001 3199 2060 acceperunt
3251 1999 3310 2044 ut
3345 1989 3572 2058 impune
3602 2001 3698 2040 au-

2127 2087 2319 2142 derent
2349 2086 2612 2140 accedere
2643 2101 2657 2138 :
2703 2082 2977 2153 perfectus
3009 2097 3142 2136 vero
3183 2095 3376 2136 eorum
3406 2079 3499 2148 qui
3526 2079 3640 2148 jam
3668 2093 3698 2132 a

2127 2179 2240 2232 Deo
2269 2177 2538 2246 assumpti
2569 2184 2724 2241 sunt,
2765 2174 2860 2244 qui
2901 2175 3068 2232 etiam
3102 2187 3315 2243 semper
3340 2181 3602 2226 verentur
3633 2183 3704 2223 ne

2128 2271 2260 2340 quid
2284 2269 2386 2325 sibi
2419 2268 2562 2324 desit
2575 2283 2765 2323 eorum
2790 2282 2912 2337 qua:
2933 2267 3089 2322 decet
3111 2281 3230 2321 esse
3269 2265 3322 2318 in
3373 2263 3460 2318 his
3489 2261 3583 2332 qui
3611 2275 3702 2316 vct-

2127 2363 2412 2422 hementer
2435 2369 2642 2420 amant.
2669 2359 2786 2414 Non
2809 2359 3004 2428 opinor
3027 2356 3383 2426 rejiciendum
3407 2370 3529 2410 esse
3554 2353 3702 2422 quod

2129 2465 2159 2506 a
2192 2449 2398 2506 sanctis
2443 2450 2678 2518 separati
2745 2448 2859 2502 sint
2907 2447 2945 2501 ii
2999 2447 3093 2516 qui
3136 2446 3375 2499 timent:
3407 2443 3564 2514 quasi
3605 2459 3704 2513 pu-

2129 2539 2237 2595 silli
2262 2539 2373 2594 sint
2395 2538 2489 2607 qui
2520 2553 2648 2592 vero
2681 2537 2878 2590 timore
2910 2543 3168 2589 tenentur
3190 2575 3203 2598 ,
3248 2534 3430 2602 magni
3452 2547 3582 2587 vero
3607 2532 3702 2602 qui

2131 2627 2672 2698 possunt;conﬁdere
2713 2625 2856 2680 sicut
2881 2625 3090 2678 dictum
3124 2633 3238 2689 cst,
3275 2637 3339 2678 ac
3374 2623 3704 2679 ccutidentia

2133 2721 2386 2774 timorem
2423 2717 2701 2772 comitari.
2731 2716 2992 2785 Utrisque
3037 2716 3202 2784 igitur
3232 2716 3488 2770 convenit
3542 2715 3710 2772 timor

2131 2811 2201 2864 ob
2230 2810 2643 2865 retributionem
2671 2825 2794 2879 quae
2828 2809 2887 2862 lit
2929 2807 3085 2878 juxta
3121 2808 3342 2881 dignam
3368 2825 3559 2865 eorum
3587 2823 3710 2880 quae

2133 2901 2325 2956 inrita
2384 2909 2605 2973 peracta
2677 2909 2809 2954 sunt
2871 2904 3365 2958 remunerationem
3421 2919 3434 2953 :
3495 2897 3710 2968 magnis

2132 2995 2378 3066 quidem,
2408 2991 2554 3064 quod
2582 3006 2688 3049 non
2733 2991 2868 3050 satis
2898 2993 3066 3049 lidant
3092 2995 3196 3048 hoc
3223 2996 3402 3063 ipsum
3439 2991 3544 3048 sibi
3578 3004 3712 3044 con-

2135 3089 2344 3158 tingere
2391 3089 2598 3156 absque
2631 3085 2846 3142 defectu
2878 3105 2891 3142 :
2919 3087 3134 3157 pusillis
3159 3101 3325 3150 vero,
3363 3085 3512 3156 quod
3559 3091 3712 3139 certo

455 3176 550 3274 καὶ
580 3171 670 3274 οἷς.
697 3177 880 3241 ἄλλοις
919 3182 1146 3246 ἀτόποις
1201 3183 1382 3238 αὐτῶν
1418 3184 1599 3256 ἔργοις
1651 3186 1882 3256 ἐμίαναν
1929 3187 2026 3248 τὴν

2136 3186 2359 3248 sperent
2377 3192 2436 3232 se
2454 3178 2746 3233 salvandos
2769 3178 2931 3232 etiam
2964 3177 3096 3231 dum
3121 3191 3313 3231 servos
3345 3175 3437 3229 Dei
3456 3175 3712 3246 gravibus

452 3265 558 3336 γῆν
585 3267 680 3322 καὶ
705 3267 1040 3341 διέφθειραν.

1040 3474 1288 3528 ΚΕΦΛΛ.
1330 3473 1448 3530 ΛΓ.

457 3602 596 3656 Περὶ
640 3603 758 3656 τῶν
796 3604 1068 3683 ὃιωτμιῖῃ·
1105 3605 1216 3683 τῇς
1261 3609 1625 3683 Ἐκκᾷησίας
1650 3611 1790 3683 Δτῶν·
1827 3613 2033 3683 προτέ-

649 3691 799 3742 ρων,
842 3675 940 3729 καὶ
971 3676 1088 3730 τῶν
1122 3677 1222 3730 ἐπὶ
1255 3677 1360 3732 τοῦ
1407 3679 1834 3749 Ἀντιχρίστου.

527 3808 636 3862 Καὶ
681 3809 934 3880 ἠνοίχθη
978 3812 1012 3864 ό
1037 3811 1182 3878 ναὸς
1213 3811 1284 3865 ἐν
1321 3811 1402 3877 τῷ
1429 3813 1683 3882 οὐρανῷ,
1733 3815 1830 3870 καὶ
1865 3817 2030 3886 ὤφθη

457 3900 498 3966 ἡ
531 3901 772 3967 κιϐωτὸς
815 3902 925 3970 τῆς
957 3903 1246 3970 διαθήκης
1287 3904 1394 3958 τοῦ
1423 3907 1645 3973 Kvplov
1680 3909 1751 3960 ἐν
1789 3908 1870 3973 τῷ
1909 3909 2033 3974 ναῷ

455 3992 664 4047 αὐτοῦ.
713 3993 820 4048 Kal
871 3993 1148 4063 ἐγένοντο
1200 3995 1502 4063 ἀστραπαὶ
1557 3999 1653 4054 καὶ
1696 3999 1886 4066 φωναὶ
1931 4001 2032 4054 καὶ

449 4085 727 4151 βρονταὶ,
757 4085 854 4139 καὶ
880 4085 1105 4154 χάλαζα
1127 4087 1383 4154 μεγάλη.

531 4177 688 4231 Μετὰ
723 4179 820 4245 τήν
873 4177 1296 4250 εύχαριστήριον
1324 4179 1484 4243 δόξαν
1513 4179 1622 4234 τῶν
1662 4181 1908 4249 ἀγγέλων
1941 4181 2037 4235 καὶ

459 4267 568 4320 τῶν
601 4269 898 4337 ίσαγγέλως
924 4270 1225 4342 ζησάντων,
1255 4271 1501 4341 ήνοῖχθαι
1527 4271 1621 4326 τὸν
1645 4274 1874 4342 οὐρανόν
1901 4293 2034 4344 φησι

459 4359 558 4410 καὶ
581 4359 814 4428 ὀφθῆναι
844 4360 940 4430 τήν
972 4361 1204 4415 κιϐωτὸν
1231 4363 1334 4432 τῆς
1362 4363 1650 4436 διαθήκης,
1682 4367 1910 4436 οὐρανὸν
1936 4367 2035 4439 τὴν

461 4447 896 4519 ὑπεράνθρωπον
935 4451 1112 4519 λέγων
1145 4451 1370 4517 γνῶσιν,
1401 4455 1458 4506 έν
1491 4448 1536 4522 ᾧ
1586 4457 1678 4509 καὶ
1706 4457 2034 4530 τεθησαύρι-

2136 3269 2448 3328 alliixerunt
2517 3269 2712 3336 malis,
2797 3271 3014 3339 aliaque
3071 3269 3308 3322 absurda
3359 3273 3712 3334 patraverunt

2134 3378 2328 3442 opera,
2345 3363 2995 3436 quibusconspurcarunt
3020 3377 3086 3415 ac
3097 3369 3462 3431 corruperunt
3480 3369 3706 3415 terram.

2559 3477 2725 3547 750
2769 3475 3000 3538 CAPUT
3034 3475 3281 3534 xxxul.

2139 3616 2213 3670 De
2240 3613 2504 3685 prioribus
2555 3611 2802 3685 Ecclesia:
2845 3610 3317 3685 persecutionibus,
3358 3621 3408 3665 et
3461 3609 3526 3663 iis
3595 3625 3713 3679 quat

2609 3683 2704 3735 sub
2755 3681 3077 3734 Autichristo
3107 3681 3255 3749 ﬁent.

2207 3819 2298 3884 XI,
2342 3819 2425 3872 1-9.
2459 3815 2524 3880 Et
2559 3825 2795 3882 apertum
2823 3821 2899 3865 est
2958 3811 3206 3880 templum
3240 3810 3334 3864 Dei
3383 3811 3439 3864 in
3490 3809 3638 3874 coelo,
3663 3817 3714 3862 et

2137 3912 2382 3983 apparuit
2409 3925 2536 3962 arca
2569 3905 2869 3961 testamenti
2928 3901 3138 3956 Domini
3173 3903 3227 3955 in
3277 3901 3466 3970 templo
3493 3917 3606 3955 suo.
3649 3899 3714 3952 Et

2137 4007 2284 4075 facta
2327 4011 2448 4056 sunt
2487 3999 2701 4069 fulgura
2757 4005 2806 4050 et
2849 4009 2992 4048 voces
3024 4009 3086 4046 ac
3137 3993 3372 4046 tonitrua
3429 4001 3478 4045 et
3512 3993 3714 4062 grando

2135 4113 2349 4167 magna.

2207 4189 2337 4243 Post
2366 4187 2666 4257 gratiarum
2696 4187 2966 4239 actionem
3025 4191 3078 4238 et
3121 4177 3350 4249 gloriam
3414 4174 3596 4228 datam
3645 4173 3713 4225 ab

2138 4281 2348 4350 angelis
2381 4290 2435 4334 et
2475 4279 2542 4332 iis
2571 4278 2664 4347 qui
2696 4278 2860 4330 vitam
2881 4276 3158 4328 duxerunt
3189 4267 3514 4338 angelicam,
3549 4279 3710 4331 aper-

2139 4385 2251 4431 tum
2295 4373 2464 4428 fuisse
2522 4371 2720 4425 coelum
2767 4368 2935 4432 dicit,
2967 4365 3252 4432 visamque
3302 4359 3475 4414 fuisse
3524 4369 3710 4410 arcam

2139 4463 2475 4527 testamenti,
2512 4461 2708 4516 cmlum
2742 4473 2944 4518 vocans
2978 4455 3346 4524 cognitionem
3392 4449 3516 4519 plus
3546 4459 3712 4516 quam

463 4555 588 4592 σται
622 4558 643 4590 ι
687 4540 724 4593 ά
763 4541 1037 4612 ὀφθαλμὸς
1072 4544 1172 4596 οὑκ
1219 4539 1350 4610 εἶδε,
1399 4546 1494 4598 καὶ
1527 4545 1622 4610 οὓς
1663 4549 1764 4601 οὑκ
1814 4549 2026 4618 ἢκουσε,

2145 4555 2482 4618 humanam,
2537 4549 2588 4602 in
2657 4563 2766 4617 quo
2807 4546 2970 4601 etiam
3026 4541 3310 4598 recondita
3361 4548 3490 4594 sunt
3531 4555 3549 4586 ι
3591 4549 3715 4604 quae

463 4631 558 4685 καὶ
606 4634 698 4686 ἐπὶ
727 4635 956 4704 καρδίαν
987 4635 1274 4706 άνθρὼπου
1309 4639 1408 4691 οὑκ
1441 4639 1630 4709 ἀνέϐη,
1670 4639 1705 4694 ἃ
1743 4643 2040 4713 ἡτοίμασεν

461 4725 492 4773 ὁ
529 4722 662 4786 Θεὸς
693 4727 802 4787 τοῖς
835 4725 1122 4793 ἀγαπῶσιν
1154 4729 1336 4782 αὐτόν.
1395 4747 1414 4780 ι
1476 4730 1564 4783 Ἐν
1608 4731 1784 4802 τούτῳ
1829 4733 1906 4804 τῷ
1939 4735 2039 4804 τῆς

462 4812 718 4879 γνώσεως
746 4815 962 4886 οὐρανῷ
1026 4817 1119 4871 καὶ
1168 4820 1202 4889 ή
1237 4819 1468 4882 κιϐωτὸς
1505 4819 1664 4890 ὤφθη
1699 4823 1798 4893 τῆς
1846 4823 2034 4896 διαθή-

461 4920 587 4972 κης.
617 4905 681 4958 Τί
709 4905 764 4958 δὲ
787 4907 855 4960 δι’
882 4907 1054 4978 αὐτῆς
1074 4908 1268 4979 δηλοῦν
1293 4909 1582 4978 ἐθελούσης
1607 4913 1704 4980 τῆς
1733 4913 1996 4976 ὀπτασίας
2022 4931 2036 4982 ;

464 4995 538 5047 Τὸ
564 4996 666 5061 ὅτι,
697 4997 886 5069 ὥσπερ
915 5001 972 5052 έν
997 4999 1192 5069 ἐκείνῳ
1217 4999 1394 5070 καιρῷ
1419 5001 1633 5072 εἴρηται
1652 5005 1881 5074 Μωὺσῇ,
1901 5023 2041 5076 συμ-

464 5087 658 5140 ϐολικά
709 5089 880 5142 ταῦτα
936 5089 1008 5143 τά
1065 5092 1526 5164 παραταττόμενα
1571 5093 1740 5164 αὐτῷ,
1795 5097 1909 5148 ἀλλ’
1941 5097 2042 5152 οὑκ

463 5181 742 5250 ἐνεργείας
800 5183 1034 5253 ἐχόμενα
1081 5183 1138 5251 (ι
1178 5184 1321 5253 Ὅρα
1368 5187 1512 5256 γὰρ,
1567 5189 1736 5258 φησι,
1792 5189 2042 5260 ποιήσεις

463 5273 644 5328 πάντα
666 5274 807 5330 κατὰ
821 5276 913 5327 τὸν
933 5275 1104 5330 τύπον
1127 5276 1218 5329 τὸν
1239 5275 1518 5347 δειχθέντα
1542 5295 1624 5331 σοι
1650 5281 1708 5333 ἐν
1729 5279 1805 5350 τῷ
1828 5279 1943 5350 ὄρει
1971 5283 2037 5354 ι)-

459 5363 604 5418 οὑτω
633 5365 726 5418 καὶ
758 5364 854 5418 νῦν
883 5365 1060 5420 ταῦτα
1087 5367 1411 5434 εἰσηγεῖται,
1443 5367 1552 5420 τῶν
1581 5370 1877 5440 ὁρωμένων
1907 5389 2042 5425 κατ-

457 5443 704 5524 αλλήλως
731 5455 812 5526 τῷ
839 5456 1077 5528 οὐρανίῳ
1116 5457 1242 5529 ὕψει
1298 5449 1646 5529 μετεωρίζων
1687 5461 1786 5530 τὴν
1815 5461 2040 5528 γνῶσιν.

462 5547 578 5600 Καὶ
621 5547 808 5620 ἐπειδὴ
857 5552 925 5620 τῇ
971 5535 1242 5618 ὑποδείξει
1285 5552 1494 5622 Μωῦσῇ
1529 5551 1630 5620 τῆς
1659 5551 1896 5606 κιϐωτοῦ
1941 5553 2042 5624 τῆς

459 5638 730 5710 διαθήκης
773 5641 1064 5712 προτέλεια
1091 5644 1150 5696 ai
1203 5643 1486 5714 ἀστραπαὶ
1511 5643 1606 5698 καὶ
1635 5643 1858 5716 βρονταὶ
1901 5644 2040 5700 κατὰ

535 5821 581 5854 ⁸³
613 5821 630 5878 1
659 5822 787 5880 Cor.
825 5837 888 5890 ιι,
921 5821 974 5878 9.
1051 5823 1094 5857 ⁸⁸
1125 5821 1296 5880 Exod.
1331 5840 1466 5892 xxv,
1517 5825 1605 5881 40.

2142 4646 2334 4701 oculus
2364 4659 2469 4697 non
2500 4641 2654 4704 vidit,
2686 4654 2786 4694 nec
2813 4637 2964 4692 auris
2994 4635 3231 4698 audivit,
3267 4647 3366 4686 nec
3407 4630 3462 4684 in
3493 4643 3590 4682 cur
3617 4627 3720 4680 ho-

2143 4735 2304 4790 minis
2337 4731 2732 4791 ascenderunt,
2767 4743 2891 4798 qua:
2919 4723 3248 4796 praeparavit
3301 4721 3446 4776 Deus
3487 4719 3722 4788 diligent-

2143 4827 2288 4882 tibus
2315 4841 2374 4881 se
2399 4825 2466 4878 εδ.
2508 4843 2526 4876 ι
2556 4824 2614 4877 ln
2649 4823 2752 4875 hoc
2795 4817 3126 4890 cognitionis
3161 4815 3299 4871 coelo
3338 4828 3462 4868 arca
3499 4829 3722 4882 quoque

2145 4915 2454 4972 testamenti
2494 4915 2610 4969 visa
2638 4921 2723 4968 est
2754 4929 2768 4965 :
2799 4911 2930 4981 quid
2959 4919 3142 4964 autem
3165 4906 3336 4962 voluit
3369 4920 3464 4974 per
3489 4905 3591 4958 hoc
3635 4904 3684 4955 vi
3705 4931 3721 4942 -

2144 5008 2228 5063 sio
2249 5007 2363 5077 ipsa
2390 5005 2698 5076 signiﬁcare
2720 5005 2744 5056 ?
2770 5001 2946 5068 Quod,
2965 4996 3428 5069 quemadmodum
3465 4995 3559 5050 illo
3583 5003 3720 5048 tem-

2144 5115 2278 5170 pore
2310 5099 2443 5156 Mosi
2471 5099 2676 5154 dictum
2717 5105 2833 5158 est,
2867 5109 2930 5147 ea
2955 5107 3077 5161 quae
3129 5091 3230 5160 ipsi
3270 5089 3610 5158 jubebantur
3641 5085 3720 5140 si-

2144 5192 2452 5262 gnilicativa
2506 5204 2648 5253 esse,
2697 5201 2800 5240 nec
2840 5182 3088 5238 veritatis
3133 5179 3432 5235 efficaciam
3487 5177 3715 5230 habere:

2151 5303 2170 5336 ι
2212 5281 2369 5346 Vide,
2402 5281 2606 5349 inquit,
2645 5277 2828 5333 omnia
2867 5275 3036 5330 facias
3065 5272 3222 5341 juxta
3271 5279 3460 5339 typum
3494 5268 3586 5338 qui
3619 5265 3716 5319 tibi

2141 5379 2398 5427 ostensus
2437 5377 2522 5424 est
2557 5369 2612 5421 in
2648 5365 2891 5420 monte"
2925 5381 2938 5416 :
2983 5381 3000 5414 ι
3038 5361 3113 5415 ita
3163 5373 3310 5412 nunc
3344 5371 3568 5426 quoque
3603 5357 3717 5408 haec

2141 5469 2507 5522 enarrantur,
2556 5453 2902 5512 convcnienti
2953 5450 3118 5506 modo
3173 5447 3473 5503 attollendo
3533 5445 3721 5515 mgni-

2141 5553 2346 5608 tionem
2372 5565 2562 5606 eorum
2613 5561 2734 5618 qua}
2766 5546 3020 5601 videntur
3046 5541 3113 5597 ad
3159 5541 3436 5597 caelestem
3470 5536 3722 5593 sublimi-

2142 5653 2334 5702 tatem.
2366 5642 2432 5699 Et
2459 5641 2722 5713 quoniam
2754 5638 2883 5694 dum
2919 5649 3047 5693 arca
3093 5629 3406 5692 testamenti
3451 5629 3590 5687 Mosi
3628 5627 3722 5685 de-
