4110 6414
543 366 654 430 659

1386 363 1716 424 ARETH/E
1751 363 2134 424 CxESARE/E
2173 361 2663 424 CAPPADOCIIE
2703 361 3048 422 EPISCOPI

3707 359 3810 424 660

545 488 854 538 monstrata
887 488 1004 545 est,
1036 483 1408 549 apparuerunt
1437 471 1794 544 prarparativa
1829 471 2040 542 fulgura
2066 487 2130 525 ac

2230 472 2290 526 τὸ
2323 471 2449 540 ὄρος
2479 473 2536 524 ἐν
2563 464 2609 539 ᾧ
2645 469 2820 524 ταῦτα
2864 467 3312 541 χρηματισθὴναι
3359 468 3641 541 εὐδόκητο,
3673 470 3814 539 amp

544 570 789 624 tonitrua
815 569 962 623 circa
1004 576 1244 622 montem
1268 564 1322 619 in
1355 578 1466 634 quo
1515 560 1628 617 Deo
1670 563 1875 629 placuit
1915 570 1976 617 ut
2011 563 2128 618 haec

546 659 769 716 oracula
818 659 1114 724 darentur,
1179 671 1302 728 quae
1346 654 1760 710 irrationalibus
1819 669 1885 710 ac
1937 654 2131 711 ferinis

546 753 948 807 tradebantur:
990 751 1064 802 ita
1109 749 1273 803 etiam
1321 748 1410 802 hic
1453 747 1519 801 ad
1573 747 1946 802 ostensionem
1986 762 2130 802 areae

545 847 960 910 consequuntur
1001 853 1064 894 ea
1095 853 1218 908 qua:
1237 837 1366 893 huic
1404 840 1742 892 conveniunt
1763 837 1988 893 visioni.

615 931 686 984 Et
708 932 852 1000 facta
877 939 1002 985 sunt
1039 931 1277 1001 fulgura.
1322 929 1438 985 Hoc
1467 940 1551 986 est
1599 929 1821 986 tertium
1855 928 1950 985 Vcs
1982 930 2128 1001 quod

541 1021 927 1090 peccatoribus
1007 1031 1378 1091 praeparatum
1448 1031 1581 1084 est,
1661 1020 2128 1090 quemadmodum

543 1120 797 1181 aspectus
827 1113 1100 1168 bonorum
1135 1129 1254 1183 qua:
1288 1122 1582 1169 servantur
1608 1113 1837 1178 sanctis,
1860 1113 1955 1183 qui
1986 1113 2128 1168 inte-

539 1203 647 1258 rim
682 1203 921 1260 discerni
955 1221 1062 1259 non
1121 1213 1354 1274 possunt
1382 1205 1524 1259 inter
1568 1205 1819 1260 homines
1841 1245 1857 1268 ,
1893 1204 1989 1260 sed
2033 1219 2133 1274 per

541 1295 882 1366 apertionem
913 1297 1100 1366 templi
1121 1297 1214 1351 Dei
1241 1298 1294 1352 in
1316 1298 1458 1352 cmlu
1481 1299 1802 1368 pervcnitur
1833 1297 1900 1351 ad
1938 1311 2130 1352 eorum

543 1383 1116 1454 cegnitionem.Tunc
1154 1386 1302 1439 enim
1341 1386 1433 1455 qui
1475 1388 1648 1456 probe
1693 1385 1858 1440 vitam
1911 1402 2134 1456 perege-

539 1484 692 1541 runt,
711 1477 1184 1546 regenerationem
1209 1478 1378 1540 nacti,
1406 1477 1547 1532 bona
1573 1488 1986 1548 consequentur
2011 1494 2134 1549 quae

540 1567 779 1638 reposita
811 1578 940 1624 sunt
977 1569 1030 1624 in
1061 1585 1228 1638 regno
1261 1570 1466 1626 Patris.

614 1659 772 1728 751
814 1658 928 1727 X’ll,
964 1663 1016 1726 l,
1047 1661 1103 1716 2.
1144 1661 1210 1714 Et
1245 1663 1456 1734 signum
1505 1679 1756 1734 magnum
1792 1665 2040 1732 apparuit
2076 1663 2134 1716 in

543 1751 674 1803 caelo
702 1767 720 1804 :
753 1753 945 1806 mulier
978 1755 1179 1820 stipata
1211 1759 1343 1820 sole,
1371 1765 1420 1810 et
1456 1756 1585 1809 luna
1615 1757 1710 1809 sub
1734 1757 1956 1824 pedibus
1990 1757 2130 1826 ejus,

2231 567 2346 628 τοῖς
2374 563 2591 631 ἀλόγοις
2619 563 2713 616 καὶ
2743 562 3065 634 θηριώδεσιν
3097 561 3518 632 ἀπειργάζοντο-
3548 559 3692 614 οὕτω
3717 564 3808 614 καὶ

2232 653 2470 709 ἐνταῦθα
2518 657 2584 725 τῇ
2633 651 2904 718 exossis“
2958 653 3060 722 τῆς
3093 651 3331 705 κιϐωτοῦ
3361 691 3378 718 ,
3427 652 3522 705 καὶ
3568 652 3637 705 τὰ
3683 654 3814 705 καθ-

2234 746 2440 818 ήκοντα
2467 745 2648 818 ταύτῃ
2680 747 2747 816 τῇ
2777 743 3019 816 ὀπτασίᾳ
3049 743 3435 816 ἐπηκολούθει.

2302 927 2412 983 Kal
2440 926 2719 996 ἐγένοντο
2739 924 3064 992 ἀστραπαί.
3087 923 3234 995 Αὕτη
3262 924 3409 977 ἐστὶν
3429 925 3464 994 ἡ
3487 925 3646 995 τρίτη
3673 926 3813 979 οὐαί

2231 1021 2355 1089 ἥτις
2398 1021 2510 1082 τοῖς
2559 1017 2907 1088 ἁμαρτωλοῖς
2939 1014 3273 1084 ἡτοιμάσθη,
3319 1014 3508 1086 ὥσπερ
3545 1018 3578 1088 ἠ
3613 1018 3812 1088 ὲποψία

2232 1111 2343 1166 τῶν
2369 1109 2745 1179 ὑποκειμένων
2773 1107 2997 1176 ἀγαθῶν
3027 1109 3139 1170 τοῖς
3171 1106 3349 1174 ἁγίοις
3383 1107 3518 1170 τέως
3547 1108 3814 1175 ἀδιαγνὼ-

2235 1218 2384 1264 στοις
2430 1197 2764 1270 ἀνθρώποις,
2798 1198 2888 1252 διὰ
2922 1198 2979 1251 δὲ
3009 1197 3110 1266 τῆς
3146 1197 3406 1260 ἀνοίξεως
3438 1199 3534 1249 τοῦ
3566 1197 3696 1252 ναοῦ
3727 1199 3815 1252 τοῦ

2233 1291 2373 1346 Θεοῦ
2427 1291 2524 1345 τοῦ
2564 1293 2623 1344 ὲν
2657 1289 2737 1358 τῷ
2761 1288 3002 1360 οὐρανῷ,
3057 1291 3138 1353 εἰς
3185 1288 3391 1357 γνῶσιν
3445 1289 3814 1360 ἀφικομένοις.

2234 1385 2368 1439 Τότε
2399 1383 2508 1454 γὰρ
2531 1383 2586 1436 oi
2611 1381 2793 1445 καλῶς
2823 1380 3118 1451 βιώσαντες
3146 1382 3246 1450 τῆς
3283 1379 3620 1446 παλινζωῒας
3654 1383 3814 1453 ὴξιω.

2240 1478 2392 1549 μένοι
2413 1515 2428 1541 ,
2480 1477 2591 1530 τῶν
2641 1474 3024 1545 ἀποκειμένων
3060 1473 3280 1542 ἀγαθῶν
3306 1476 3421 1537 τοῖς
3455 1475 3626 1540 ὁσίοις
3666 1477 3724 1530 ὲν
3748 1481 3810 1549 τῇ

2239 1569 2490 1641 βασιλείᾳ
2515 1568 2609 1622 τοῦ
2641 1567 2855 1638 Πατρὸς
2883 1568 3188 1633 τεύξονται.

2308 1661 2419 1713 Kal
2455 1658 2708 1728 σημεῖον
2743 1657 2897 1728 μέγα
2944 1658 3110 1728 ὤφθη
3149 1661 3218 1715 ἐν
3254 1662 3334 1728 τῷ
3366 1662 3631 1731 οὐρανῷ·
3668 1662 3816 1733 γυνὴ

2239 1749 2716 1819 περιϐεϐλημένη
2771 1751 2878 1804 τὸν
2929 1749 3128 1817 ἥλιον,
3182 1755 3282 1806 καὶ
3318 1755 3356 1822 ἠ
3384 1754 3617 1822 σελήνη
3673 1757 3817 1809 ὐπο-

540 1852 592 1896 et
642 1844 692 1895 iu
742 1845 914 1912 capite
962 1846 1077 1914 ejus
1129 1862 1324 1900 corona
1373 1847 1652 1900 stellarum
1702 1847 1999 1902 duodecim.
2057 1848 2128 1903 Et

2235 1842 2394 1896 κάτω
2446 1840 2566 1894 τῶν
2614 1838 2817 1894 ποδῶν
2853 1841 3068 1909 αὐτῆς.
3109 1843 3208 1896 καί
3251 1844 3350 1896 ἐπὶ
3392 1844 3503 1911 τῆς
3550 1843 3819 1913 κεφαλῆς

540 1951 822 2004 praegnans
858 1935 1053 1991 clamat
1077 1938 1385 2007 parturiens
1418 1954 1437 1993 :
1466 1948 1517 1993 et
1548 1941 1818 1992 cruciatur
1843 1948 1898 1992 ut
1926 1939 2126 2007 pariat.

607 2195 890 2254 Mulierem
936 2199 1078 2255 hanc
1129 2201 1375 2256 nonnulli
1424 2201 1684 2258 dixerunt
1735 2219 1860 2260 esse
1906 2204 2127 2266 Domini

536 2287 790 2344 Matrem.
827 2289 965 2345 Cum
1014 2293 1162 2347 enim
1205 2294 1370 2363 paulo
1416 2304 1543 2349 ante
1575 2298 1879 2351 narraverit
1908 2312 1971 2351 ea
2007 2312 2130 2366 quae

534 2379 940 2436 Aatichristum
984 2382 1414 2450 eoncernebant,
1456 2395 1748 2455 postquam
1812 2386 2130 2448 benedixit

536 2470 768 2537 instare,
793 2473 1051 2544 quodque
1071 2474 1194 2544 ejus
1213 2491 1504 2532 sermones
1525 2491 1556 2530 a
1577 2475 1786 2531 Satana
1818 2476 2124 2549 deprompti

537 2564 670 2627 sint,
706 2565 852 2633 quod
889 2565 1124 2622 Satanas
1159 2567 1409 2623 studiose
1453 2583 1518 2622 ac
1568 2568 1946 2623 fraudulenter
1977 2569 2125 2624 nita-

536 2667 631 2710 tur
679 2657 1031 2726 persuadere,
1075 2667 1135 2712 ut
1177 2659 1270 2728 qui
1315 2659 1538 2714 Christo
1567 2660 1682 2730 jam
1729 2659 1930 2714 addicti
1974 2668 2123 2726 sunt,

537 2763 636 2818 per
679 2747 1042 2819 impesturam
1084 2750 1150 2804 ad
1183 2766 1242 2806 sc
1279 2750 1688 2820 transfugiant:
1716 2753 2001 2821 quietiam
2029 2767 2126 2809 eos

534 2840 628 2910 qni
667 2839 890 2896 l‘ucrunt
940 2843 1008 2897 ab
1039 2843 1202 2898 initio
1235 2843 1637 2898 incarnationis
1675 2843 1974 2900 Dominicze
2007 2862 2125 2900 ma-

531 2931 716 2988 litiose
750 2935 1096 3004 aggrediens,
1151 2952 1217 2990 ex
1265 2936 1464 2992 horum
1515 2937 1877 2993 similitudine
1923 2937 2125 3009 decep-

533 3024 740 3080 tionem
776 3027 1064 3095 proposuit
1098 3026 1389 3082 instituere
1425 3043 1439 3080 :
1479 3036 1533 3082 et
1566 3027 1805 3083 maxime
1842 3027 2122 3093 Hebraeos,

533 3115 628 3188 qui
656 3118 907 3189 preprias
949 3119 1016 3174 de
1059 3118 1283 3174 Christo
1331 3120 1651 3191 prophetias
1697 3122 1871 3192 magis
1898 3121 1999 3190 ipsi
2036 3129 2124 3175 at-

531 3207 785 3263 tribuunt
825 3225 987 3280 quam
1035 3209 1262 3266 Christo
1292 3225 1306 3265 :
1342 3211 1448 3265 hoc
1479 3227 1614 3266 sane
1660 3213 1825 3266 modo
1855 3212 2122 3282 disposita

531 3297 749 3367 fraude,
774 3301 1032 3372 preponit
1055 3318 1204 3356 nunc
1221 3302 1439 3356 Domini
1474 3303 1938 3372 dispensationem
1967 3319 2126 3374 prop-

530 3402 617 3447 ter
663 3407 765 3448 nos
819 3394 1048 3459 lactant,
1106 3393 1513 3464 tanquamjam
1563 3393 1881 3464 perfectam,
1936 3394 2009 3448 ita
2064 3403 2124 3450 ut

529 3484 683 3538 nulla
727 3483 912 3540 futura
943 3485 1016 3540 sit
1059 3500 1181 3554 quae
1217 3485 1293 3539 illi
1333 3498 1395 3539 se
1431 3487 1609 3555 possit
1638 3484 1956 3556 adjungere.
1995 3483 2124 3540 Ideo

530 3586 767 3632 matrem
814 3577 1037 3647 quidem
1070 3576 1239 3630 veluti
1285 3591 1480 3645 puram
1532 3585 1588 3630 et
1627 3590 1657 3630 a
1690 3577 1927 3632 terrenis
1957 3577 2123 3633 rebus

532 3672 846 3735 separatam
895 3665 951 3718 in
985 3665 1127 3720 cutio
1167 3681 1288 3720 esse
1320 3665 1532 3731 scribit,
1561 3675 1616 3719 et
1651 3680 1758 3720 non
1800 3673 1972 3732 terra,
2003 3678 2126 3721 tan-

530 3769 698 3822 quam
728 3754 937 3827 angelis
963 3756 1253 3824 azqualcm.
1279 3756 1454 3811 Porro
1477 3759 1622 3826 quod
1655 3757 1772 3811 sole
1796 3757 1994 3828 stipata
2029 3757 2121 3824 sit,

529 3853 586 3900 et
621 3845 808 3900 lunam
847 3846 1044 3900 habeat
1075 3847 1372 3902 scabellum
1420 3847 1642 3917 pedum,
1675 3848 1971 3903 Habbacue
2001 3848 2124 3904 ido-

537 3950 683 3991 neus
711 3945 794 3991 est
826 3936 892 3990 ad
925 3937 1391 4006 persuadendum,
1442 3951 1567 3992 cum
1613 3938 1690 3992 ait
1722 3954 1736 3991 :
1770 3956 1788 3989 ι
1829 3938 2121 3994 Exaltatus

528 4038 612 4085 est
653 4029 760 4093 sol,
808 4039 862 4084 et
909 4031 1038 4083 luna
1092 4030 1244 4085 stetit
1292 4029 1346 4084 in
1392 4029 1587 4084 ordine
1629 4045 1728 4085 suo
1763 4031 1808 4063 ⁸⁸
1849 4050 1868 4082 ι
1904 4050 1916 4084 :
1946 4032 2117 4086 solent

528 4122 717 4176 dicens
741 4122 968 4191 justitia:
995 4121 1335 4177 Salvatorem
1364 4121 1670 4186 Christum,
1693 4138 1760 4178 eo
1783 4125 1929 4194 quod
1963 4141 2121 4180 evan-

528 4213 702 4284 gelica
725 4214 1119 4282 praedicatione
1145 4214 1313 4269 veluti
1344 4216 1618 4271 exaltatus
1642 4218 1714 4272 sit
1739 4224 1794 4272 et
1828 4217 2120 4272 sublimior

526 4305 755 4360 eli‘ectus
792 4323 806 4360 :
851 4306 980 4360 luna
1028 4323 1182 4371 vero,
1227 4307 1278 4360 id
1309 4317 1414 4372 est,
1462 4305 1778 4364 Iudaeorum
1827 4308 2117 4380 Synagoga

527 4397 763 4466 amplius
805 4412 912 4451 non
953 4399 1260 4468 susceperit
1299 4409 1654 4468 augmentum
1694 4418 1706 4453 :
1745 4415 1924 4470 neque
1967 4401 2115 4454 enim

2233 1929 2426 1998 αὐτῆς
2450 1929 2743 1998 στέφανοι
2775 1929 3047 1996 ἀστέρων
3077 1931 3308 1986 δώδεκα
3332 1951 3348 1966 ·
3378 1935 3479 1986 καὶ
3507 1934 3578 1986 ἐν
3611 1935 3816 2002 γαστρὶ

2232 2021 2490 2089 ἔχουσα,
2532 2019 2778 2089 ἔκραζεν
2827 2019 3162 2086 ὠδίνουσα,
3219 2024 3318 2102 καὶ
3367 2024 3814 2094 βασανιζὶιμένη

2232 2113 2454 2168 τεκεῖν.
2500 2103 2512 2113 ’

2305 2207 2416 2276 Τὴν
2450 2209 2688 2274 γυναῖκα
2710 2208 2919 2278 ταύτην
2964 2209 3064 2279 τὴν
3086 2209 3179 2264 τοῦ
3209 2211 3417 2282 Κυρίου
3444 2210 3656 2282 ἓφησάν
3682 2226 3818 2272 τινες

2233 2292 2374 2352 εἴναι
2425 2299 2680 2369 Μητέρα.
2719 2301 2801 2354 Τὰ
2831 2301 2940 2372 γὰρ
2975 2300 3120 2355 κατά
3160 2302 3255 2355 τὸν
3301 2303 3678 2374 Ἀντίχριστον
3718 2301 3817 2370 πρὸ

2234 2388 2484 2460 βραχέως
2510 2390 2820 2456 διεξελθὼν,
2848 2391 3038 2462 ἐπειδὴ
3065 2392 3160 2447 τοῦ
3187 2394 3477 2464 ἐπιστῆναι
3508 2392 3700 2447 τοῦτον
3728 2393 3817 2446 καὶ

2233 2481 2339 2534 ὑπὸ
2387 2481 2482 2534 τοῦ
2524 2482 2741 2535 Σατανᾶ
2795 2485 3250 2554 προχειρισθῆναι
3288 2486 3336 2538 oi
3370 2485 3518 2552 λόγοι
3553 2484 3813 2554 εἴρηνται,

2233 2572 2439 2643 σπουδῇ
2475 2572 2570 2626 τοῦ
2607 2573 2824 2628 Σατανᾶ
2865 2575 3076 2628 πείθειν
3115 2575 3174 2640 ἐξ
3225 2576 3442 2643 ἀπάτης
3497 2574 3814 2644 βουλομένου

2229 2665 2357 2727 τοὺς
2405 2663 2506 2736 ἢδη
2569 2665 3052 2736 προσνεμηθέντας
3099 2665 3320 2735 Χριστῷ
3369 2666 3426 2731 ἐξ
3474 2666 3815 2736 ὑποστροφῆς

2232 2754 2371 2823 πρὸς
2417 2755 2582 2807 αὑτὸν
2611 2756 3005 2827 αὐτομολῆσαι,
3036 2757 3094 2820 ὃς
3122 2757 3218 2809 καὶ
3244 2758 3358 2820 τοῖς
3386 2757 3478 2810 ἀπ’
3509 2756 3687 2826 ἀρχῆς
3721 2756 3814 2823 τῆς

2230 2846 2706 2917 ὲνανθρωπήσεως
2745 2847 2841 2900 τοῦ
2903 2849 3111 2918 Κυρίου
3169 2848 3497 2918 κακούργως
3545 2845 3813 2900 ἐπιϐαλὼν

2230 2939 2290 3004 ἐξ
2331 2938 2646 3009 ὁμοιώσεως
2679 2940 2887 2995 τούτων
2928 2942 3028 3010 τὴν
3067 2942 3287 3010 ἀπάτην
3313 2940 3582 3010 προέθετο
3631 2938 3811 3010 ἐνστή-

2233 3029 2461 3093 σασθαι,
2509 3031 2605 3083 καὶ
2661 3031 2898 3100 μάλιστα
2947 3030 3222 3101 Ἑϐραίοις
3264 3029 3363 3094 τὰς
3412 3035 3541 3100 περὶ
3584 3027 3810 3101 Χριστοῦ

2230 3122 2571 3192 προφητείας
2633 3123 2830 3192 ἐκείνῳ
2898 3122 3098 3192 μᾶλλον
3151 3121 3597 3192 προσοικειοῦσιν
3654 3122 3686 3192 ἢ
3738 3119 3810 3189 τῷ

2231 3213 2478 3283 Χριστῷ,
2531 3213 2706 3284 ταύτῃ
2740 3231 2822 3266 τοι
2869 3214 2967 3284 τὴν
3017 3213 3232 3284 ἀπάτην
3272 3213 3688 3284 διορθουμένην,
3718 3214 3810 3283 τὴν

2227 3303 2322 3357 τοῦ
2373 3305 2581 3374 Κυρίου
2628 3306 2696 3357 δι’
2747 3305 2897 3374 ἡμᾶς
2947 3305 3314 3374 προϐάλλεται
3351 3305 3688 3375 οἰκονομίαν,
3741 3302 3809 3364 ὡς

2227 3399 2329 3469 ἤδη
2373 3396 2741 3462 τελεσθεῖσαν,
2774 3398 2869 3451 καὶ
2905 3397 2980 3466 μὴ
3025 3397 3092 3451 ἂν
3134 3397 3304 3466 ἄλλης
3349 3399 3487 3468 αὐτῇ
3523 3395 3806 3466 ὲναμίλλου

2229 3489 2451 3543 ἔσεσθαι
2491 3491 2821 3560 δυναμένης.
2883 3489 2974 3542 Διὸ
3017 3489 3146 3560 περὶ
3193 3491 3293 3559 μὲν
3316 3491 3415 3560 τῆς
3443 3490 3672 3560 μητρὸς,
3715 3489 3804 3542 ἅτε

2229 3581 2479 3650 καθαρᾶς
2507 3583 2600 3634 καὶ
2633 3581 2742 3634 τῶν
2770 3581 2975 3650 γηΐνων
3018 3580 3468 3650 ἀπηλλαγμένης,
3507 3581 3567 3632 ὲν
3600 3575 3803 3647 οὐρανῷ

2227 3672 2432 3740 ταύτην
2460 3674 2688 3743 γράφει,
2716 3673 2812 3726 καὶ
2852 3672 2952 3725 οὐκ
2992 3674 3050 3724 ὲν
3075 3674 3167 3742 γῇ,
3201 3672 3277 3735 ὡς
3312 3673 3620 3740 ίσὰγγελον.
3657 3669 3727 3724 Τὸ
3754 3668 3805 3721 δὲ

2229 3763 2662 3834 περιϐεϐλῆσθαι
2713 3763 2884 3834 αὐτὴν
2935 3763 3029 3815 τὸν
3065 3762 3238 3832 ἥλιον,
3294 3764 3388 3816 καὶ
3443 3763 3545 3832 τὴν
3586 3761 3805 3828 σελήνην

2228 3849 2374 3920 ἔχειν
2414 3851 2737 3916 ὑποπόδιον,
2787 3852 2816 3904 ὁ
2863 3851 3176 3921 Ἀϐϐακοὺμ
3227 3851 3411 3914 ἱκανὸς
3461 3853 3803 3923 παραστῆσαι

2225 3941 2292 3994 δι’
2325 3935 2400 3994 ὧν
2427 3959 2620 4011 φησιν’
2662 3961 2679 3994 ι
2705 3943 2952 4014 Ἐπήρθη
2981 3945 3009 3996 ὁ
3035 3943 3206 4012 ἥλιος,
3242 3945 3338 3998 καὶ
3366 3945 3400 4014 ἡ
3433 3943 3634 4013 σελήνη
3681 3941 3801 4008 ἔστη

2225 4033 2284 4085 ὲν
2314 4035 2379 4103 τῇ
2420 4033 2574 4099 τάξει
2603 4033 2797 4102 αὐτῆς,
2843 4052 2861 4084 ι
2912 4033 3064 4102 ἥλιον
3103 4033 3276 4100 λέγων
3315 4035 3414 4103 τῆς
3463 4032 3803 4097 δικαιοσύνης

2224 4123 2316 4177 τὸν
2343 4125 2571 4193 Σωτῆρα
2597 4124 2856 4194 Χριστὸν,
2889 4124 2985 4179 ἆτε
3016 4125 3181 4179 αὑτοῦ
3211 4124 3286 4194 τῷ
3325 4123 3667 4193 εύαγγελικῷ
3710 4139 3790 4191 κη·

2228 4215 2468 4287 ρύγματι
2513 4216 2825 4286 ὑψωθέντος
2865 4217 2957 4270 καὶ
2992 4218 3473 4288 μετεωρισθέντος,
3509 4218 3608 4285 τῆς
3634 4216 3687 4269 δὲ
3717 4231 3800 4266 σε-

2224 4308 2416 4378 λήνης,
2450 4308 2701 4361 τουτέστι
2739 4307 2842 4376 τῆς
2869 4308 2980 4361 τῶν
3025 4308 3294 4361 Ἰουδαίων
3330 4308 3686 4375 Συναγωγῆς,
3707 4305 3800 4358 οὐκ

2226 4398 2307 4451 ἔτι
2339 4398 2662 4469 προσθήκην
2703 4397 3027 4469 δεξαμένης.
3061 4400 3135 4452 Οὐ
3179 4399 3288 4469 γὰρ
3315 4400 3396 4451 ἔτι
3427 4399 3566 4468 μετὰ
3597 4397 3693 4467 τὴν
3717 4393 3801 4447 τοῦ

527 4497 655 4558 post
691 4489 898 4547 Christi
938 4492 1336 4559 apparitionem
1373 4492 1632 4562 deinceps
1671 4509 1772 4562 per
1807 4495 2117 4564 proselytos

2228 4491 2465 4562 Χριστοῦ
2502 4491 2826 4558 ἐπιφάνειαν
2861 4491 3184 4561 προσθήκην
3224 4490 3384 4543 ἔλαϐε
3419 4491 3508 4543 διὰ
3541 4485 3802 4560 προσηλύ-

528 4585 744 4653 accopit
777 4583 1162 4652 augmentum,
1215 4585 1327 4638 imo
1377 4584 1711 4640 diminnitnr
1755 4588 1939 4657 potius
1985 4588 2116 4642 dum

528 4673 699 4730 Judaei
731 4676 798 4730 ad
830 4675 1179 4732 Christianos
1222 4677 1510 4732 accedunt.
1556 4678 1663 4733 Sed
1707 4687 1762 4732 et
1797 4681 1912 4734 sole
1949 4682 2119 4750 stipa-

485 4779 640 4852 ,tam
690 4766 863 4822 fuisse
908 4782 1206 4834 possumus
1258 4768 1527 4838 accipere,
1577 4770 1722 4840 quod
1762 4771 1918 4826 beata
1953 4769 2118 4843 Virgo

484 4852 494 4869 ⁹
527 4858 646 4913 sole
687 4857 963 4926 spirituali
1001 4858 1118 4912 sive
1161 4858 1384 4913 Christo
1412 4870 1602 4930 operta
1649 4859 1856 4916 fuerit:
1896 4864 2116 4933 etquod

521 4953 651 5006 luna
681 4953 889 5007 cultum
916 4951 1214 5020 designans
1255 4951 1507 5020 legalem,
1542 4952 1710 5008 veluti
1742 4953 2011 5008 diminuta
2043 4954 2118 5010 sit

519 5058 586 5097 ae
628 5043 812 5111 seipsa
849 5025 1032 5096 minor
1067 5042 1276 5106 ell'ecta,
1321 5058 1416 5112 per
1448 5044 1702 5112 spiritum
1731 5045 2110 5114 evangelicum

517 5136 642 5191 loco
677 5144 844 5190 mola.
877 5135 1152 5192 Fortassis
1194 5145 1376 5191 autem
1415 5137 1482 5191 ad
1509 5137 1560 5192 id
1591 5137 1734 5207 quod
1769 5136 2112 5209 significatur

516 5228 696 5298 magis
725 5242 1074 5300 consequens
1099 5227 1292 5283 luisset
1337 5228 1540 5294 dicere,
1571 5244 1680 5283 non
1731 5229 1878 5300 quod
1910 5230 2111 5286 mulier

517 5317 713 5373 fuisset
743 5299 1083 5373 circumdata
1138 5319 1277 5383 sole,
1323 5319 1418 5374 sed
1460 5319 1610 5388 quod
1650 5299 2109 5377 circumdedisset

516 5411 702 5482 petitis
750 5411 920 5466 solem
977 5410 1032 5465 in
1073 5419 1231 5466 utero
1273 5411 1572 5468 inclusum.
1596 5412 1700 5467 Sed
1757 5423 1818 5468 ut
1856 5415 2112 5470 ostendat

518 5505 664 5572 quod
687 5503 854 5556 etiam
895 5504 940 5559 is
961 5504 1055 5574 qui
1088 5513 1245 5559 utero
1269 5505 1590 5574 gestabalur
1615 5506 1900 5573 Dominus,
1936 5517 2106 5563 ctsua

518 5602 694 5648 matre
746 5603 801 5648 et
845 5595 1042 5664 quavis
1088 5605 1345 5652 creatura
1391 5596 1724 5653 eminentior
1770 5609 1908 5666 erat,
1941 5598 2104 5672 752

592 5765 638 5799 “
666 5766 872 5825 llabae.
899 5785 981 5837 ιιι,
1016 5772 1102 5829 Η.

2220 4597 2366 4636 των’
2420 4582 2624 4652 μᾶλλον
2667 4583 2766 4653 μὲν
2813 4579 2906 4636 οὖν
2968 4583 3063 4636 καὶ
3115 4582 3410 4649 ὠλίγωται,
3463 4580 3800 4654 Χριστιανοίς

2221 4674 2690 4745 προσχωρούντων
2731 4673 3022 4728 Ἰουδαίων.
3069 4673 3231 4726 Ἀλλὰ
3259 4675 3354 4726 καὶ
3386 4673 3447 4726 τὸ
3481 4671 3800 4742 περιϐεϐλῆ-

2223 4767 2345 4821 σθαι
2390 4767 2482 4820 τὸν
2526 4767 2698 4837 ἥλιον,
2732 4767 2792 4820 τὸ
2823 4767 3164 4821 ὲσκεπᾶσθαι
3203 4766 3301 4837 τὴν
3333 4767 3496 4834 ἁγίαν
3535 4765 3798 4835 Παρθένον

2219 4859 2297 4930 τῷ
2328 4860 2464 4930 ἡλίῳ
2495 4859 2574 4929 τῷ
2606 4859 2800 4930 νοητῷ,
2835 4861 2955 4930 ἦτοι
2988 4860 3065 4930 τῷ
3093 4860 3335 4930 Χριστῷ,
3367 4859 3647 4929 δυνάμεθα
3674 4859 3798 4909 ὑπο-

2223 4949 2434 5014 λαϐεῖν,
2480 4951 2574 5003 καὶ
2604 4949 2701 5020 τὴν
2753 4951 3004 5021 σελήνην,
3037 4950 3133 5022 τὴν
3169 4951 3310 5004 κατὰ
3339 4951 3504 5020 νόμον
3535 4948 3796 5019 λατρείαν,

2224 5043 2320 5096 ἅτε
2365 5042 2825 5096 ὑποϐιϐασθεῖσαν
2871 5043 2965 5096 καὶ
3003 5042 3155 5112 παρά
3196 5043 3331 5095 πολὺ
3383 5042 3572 5112 μείονα
3608 5037 3796 5106 ἑαυτῆς

2224 5134 2523 5206 γενομένην
2579 5135 2659 5205 τῷ
2721 5135 3063 5203 εὐαγγελικῷ
3130 5135 3448 5202 κινηθεῖσαν
3507 5131 3788 5200 πνεύματι.

2226 5227 2268 5280 Ἴ
2280 5245 2386 5290 σω;
2411 5227 2467 5281 δὲ
2491 5228 2629 5299 πρὸς
2645 5227 2704 5281 τὺ
2723 5227 3053 5298 δηλούμενον
3075 5227 3496 5296 ἀκολουθότερον
3517 5220 3587 5295 ἦν
3607 5222 3790 5282 εἰπεῖν,

2221 5319 2299 5390 τῷ
2329 5321 2466 5389 ἡλίῳ
2523 5319 3077 5391 μὴ,περι6ε6λῆσθαι
3113 5320 3214 5390 τὴν
3259 5320 3513 5387 γυναῖκα,
3575 5313 3790 5385 περιὸεσ

2217 5411 2479 5480 ϐληκὲναι
2505 5412 2562 5466 δὲ
2592 5413 2684 5465 τὸν
2711 5415 2770 5465 ἐν
2799 5412 3000 5481 γαστρὶ
3027 5411 3284 5482 ἐχόμενον
3318 5411 3492 5481 ἣλιον.
3537 5408 3675 5462 Ἀλλ’
3710 5405 3791 5457 ἵνα

2215 5504 2364 5574 δείξῃ
2395 5505 2476 5558 ὄτι
2511 5506 2606 5558 καὶ
2648 5505 3088 5576 κυοφορούμενος
3122 5507 3151 5558 ὁ
3195 5503 3422 5574 Κύριος,
3456 5503 3548 5557 καὶ
3594 5502 3691 5569 τῆς
3716 5497 3788 5550 οῖ·

2215 5596 2370 5661 κείας
2417 5597 2642 5668 Μητρὸς
2697 5598 2793 5652 καὶ
2849 5597 3030 5664 πάσης
3081 5597 3183 5664 τῆς
3235 5597 3466 5660 κτίσεως
3517 5591 3783 5662 ὑπερεῖχεν
