4110 6490
318 395 418 474 661
1381 398 1770 462 COMMENT.
1813 400 1898 462 IN
1933 397 2468 463 APOCALYPSIN.
3489 395 3597 461 C62

320 517 494 592 σκέπῃ
525 513 684 572 αὐτὸν
717 513 824 586 ἔφη
850 512 1308 588 περιϐεϐληκέναι
1339 515 1438 588 τήν
1471 516 1709 588 μητέρα.
1741 517 1904 572 Ἕτε-
1927 545 1943 578 λ

1976 565 1983 576 .
2007 518 2347 587 ρτοιεειίοηε
2371 516 2664 587 ait'ipsum
2691 514 3133 571 circumdedisse
3161 522 3416 568 matrem.
3449 515 3599 569 Rur-

321 628 402 682 ροι
427 609 484 662 δὲ
533 607 695 664 πάλιν
744 607 950 678 ταύτην
1005 607 1104 680 τὴν
1139 609 1374 676 γυναῖκα
1422 609 1524 681 τὴν
1571 609 1902 678 Ἐκκλησίαν

2009 623 2130 666 sum
2159 623 2294 664 vero
2327 607 2421 662 alii
2458 608 2596 662 hanc
2629 607 2918 662 mulierem
2967 607 3225 662 dixerunt
3255 619 3379 661 esse
3409 603 3603 659 Eccle-

319 700 528 768 ἔφασαν
573 695 736 764 εἶναι,
769 697 892 768 ἥτις
936 696 1030 751 τὸν
1077 698 1176 769 τῆς
1203 697 1554 770 δικαιοσύνης
1581 699 1734 770 ἥλιον
1763 699 1901 769 Χρι-

2009 705 2172 770 siam,
2230 719 2354 774 quae
2411 704 2529 759 sole
2568 701 2800 774 iustitiae
2847 700 3072 756 Christo
3129 699 3332 770 stipata
3382 708 3467 754 est
3500 713 3514 750 :
3551 707 3603 752 ct

322 790 444 842 στὸν
481 787 894 859 περιϐέϐληται,
923 787 1019 842 καὶ
1047 787 1148 858 τὴν
1180 788 1412 862 σελήνην
1439 789 1539 862 τὴν
1569 790 1904 862 Συναγωγὴν

2010 797 2226 861 lunam,
2275 795 2328 850 id
2361 805 2448 850 est
2498 795 2844 866 Synagogam
2889 793 2992 848 sub
3025 791 3257 862 pedibus
3303 791 3446 860 ejus,
3479 799 3605 844 tan-

325 879 581 934 ὑποκάτω
610 878 721 932 τῶν
768 879 970 948 ποδῶν,
1000 879 1076 945 ὡς
1107 880 1208 952 ἥδη
1238 879 1668 948 παλαιωθεϊσαν,
1717 881 1906 954 ἔθηκε.

2011 903 2176 958 quam
2219 890 2330 959 jam
2383 889 2742 944 retustiorem
2783 885 3056 950 eliectam,
3107 885 3346 955 posuit:
3381 893 3436 938 et
3483 897 3607 954 qua:

327 973 436 1026 Kal.
466 971 535 1026 τὰ
565 971 692 1042 ἐξῆς
715 971 894 1026 πάντα
909 972 1208 1044 ἁρμοδίως,
1240 973 1314 1038 ὡς
1351 973 1607 1046 Ἀνδρέας
1635 975 1730 1028 καὶ
1759 974 1908 1029 Μεθ-

2013 989 2328 1052 sequuntur
2369 983 2555 1037 omnia
2605 993 2848 1052 congruo
2903 977 3067 1033 modo
3122 977 3484 1048 adaptarunt,
3545 983 3607 1030 ut

326 1063 488 1126 όδιος.

2015 1075 2268 1130 Andreas
2299 1083 2354 1129 et
2384 1073 2714 1129 Methodius.

396 1155 507 1212 Kal
552 1155 651 1210 ἐπὶ
695 1155 808 1224 τῆς
844 1156 1119 1226 κεφαλῆς
1145 1157 1339 1228 αὐτῆς
1370 1158 1680 1229 στέφανοι.
1730 1159 1788 1214 '0
1817 1159 1913 1214 ἐπὶ

2087 1166 2158 1221 Et
2188 1168 2242 1221 in
2265 1168 2438 1236 capite
2467 1167 2583 1236 ejus
2601 1181 2816 1219 corona.
2845 1163 3062 1220 Corona
3085 1163 3138 1218 in
3159 1162 3338 1232 capite
3365 1159 3610 1216 mulieris

322 1250 426 1318 τῆς
458 1249 698 1320 κεφαλῆς
727 1249 826 1320 τῆς
851 1249 1111 1319 γυναικὸς
1142 1249 1202 1314 ἐξ
1249 1251 1496 1324 ἀστέρων
1527 1250 1737 1306 δώδεκα
1789 1269 1914 1306 συν-

2014 1273 2082 1314 ex
2103 1257 2388 1312 duodecim
2419 1255 2592 1312 stellis
2615 1255 2936 1322 constituta,
2970 1255 3148 1310 sancti
3190 1263 3320 1308 sunt
3353 1253 3609 1324 apostoli.

328 1339 622 1410 ιστάμενος
664 1340 954 1409 στέφανος,
989 1341 1038 1394 οἱ
1074 1341 1221 1410 ἆγιοί
1248 1341 1387 1394 εἰσιν
1413 1342 1726 1398 ἀπόστολοι.
1761 1343 1836 1395 Τὸ
1857 1343 1916 1398 δὲ

2017 1350 2188 1406 Porro
2205 1350 2350 1420 quod
2371 1362 2656 1418 praegnans
2669 1347 2867 1408 clamet
2883 1361 3006 1400 cum
3025 1345 3267 1400 cruciatu
3287 1345 3353 1399 ad
3375 1355 3611 1415 partum,

323 1432 428 1503 τὴν
475 1433 532 1486 ἐν
578 1433 780 1504 γαστρὶ⁹
825 1432 1057 1505 ἔχουσαν
1103 1433 1333 1505 κράζειν
1367 1434 1804 1506 βασανιζομένην
1836 1435 1917 1506 τῷ

2019 1443 2174 1498 aiunt
2203 1441 2398 1496 Isaiam
2425 1440 2594 1494 tilium
2627 1439 2795 1495 Amos
2817 1437 3157 1502 dissolvisse,
3181 1453 3306 1492 cum
3335 1438 3410 1492 ait
3439 1436 3617 1506 prius-

325 1524 492 1594 τόκῳ,
517 1524 606 1576 τὸν
635 1524 730 1578 τοῦ
773 1523 958 1596 Ἀμώς
996 1542 1161 1593 φασιν
1200 1527 1426 1582 Ἡσαΐαν
1452 1529 1830 1584 ἀπολύσασθαι
1851 1529 1918 1583 δι’

2019 1549 2184 1605 quam
2201 1532 2410 1602 parturi
2420 1543 2498 1587 ret
2519 1531 2798 1600 peperisse
2818 1531 2884 1596 ⁸⁷,
2922 1539 2976 1584 ει
2995 1530 3316 1600 priusquam
3336 1529 3620 1584 accederet

326 1609 408 1669 ὧν
442 1616 678 1686 φάσκει·
721 1634 742 1664 ι
779 1617 916 1689 Πρὶν
949 1617 1047 1690 τὴν
1073 1619 1373 1674 ὠδίνουσαν
1418 1624 1622 1688 τεκεῖν,
1656 1623 1753 1677 καὶ
1789 1623 1922 1693 πρὶν

2023 1627 2181 1682 labor
2199 1624 2450 1696 pariendi
2477 1623 2738 1694 ell'ugisse
2757 1631 2808 1676 et
2836 1623 3112 1692 peperisse
3127 1621 3455 1677 masculum.
3482 1618 3618 1673 Nam

326 1707 509 1761 ἐλθεῖν
558 1707 649 1762 τὸν
701 1709 863 1764 πόνον
905 1709 1016 1764 τῶν
1063 1710 1292 1778 ὠδίνων,
1339 1711 1573 1782 ἐξέφυγε
1617 1715 1712 1767 καὶ¹
1735 1714 1924 1767 ἔτεκεν

2025 1727 2328 1788 utrumque
2371 1716 2610 1789 contigit
2643 1715 2878 1787 Virgini.
2923 1713 3142 1769 Etenim
3178 1713 3438 1769 clamavit
3469 1721 3522 1766 ct
3569 1713 3619 1765 in

326 1800 536 1870 ἄρρεν·
563 1818 582 1852 ι
628 1800 915 1871 ἀμφότερα
947 1801 1005 1855 δὲ
1044 1803 1243 1874 συνέϐη
1263 1807 1330 1875 τῇ
1364 1805 1648 1877 Παρθένῳ.
1681 1807 1790 1860 Καὶ
1817 1805 1924 1875 γὰρ

2038 1811 2284 1882 angustia
2335 1819 2474 1872 erat,
2529 1809 2705 1864 verita
2755 1823 2824 1862 ne
2873 1822 3113 1876 sponsus
3165 1806 3342 1876 ipsam
3399 1803 3661 1874 crimini.

328 1891 537 1962 ἕκραζε
567 1891 662 1944 καὶ
706 1894 764 1946 ἐν
803 1893 1014 1965 ἀθυμία
1045 1889 1136 1966 ἦν,
1163 1895 1255 1949 τὸν
1288 1897 1580 1967 μνηστῆρα
1619 1895 1926 1951 ὑπονοοῦσα

2035 1899 2288 1957 adulterii
2319 1898 2616 1954 obnoxiam
2647 1898 2872 1953 duceret
2905 1916 2918 1952 :
2957 1895 3104 1967 quod
3138 1896 3304 1950 etiam
3331 1893 3408 1948 ait
3447 1892 3627 1946 Evan-

331 1979 588 2051 μοιχείας
627 1980 796 2052 αὐτὴν
823 1983 1133 2055 ἐγκλήματι
1181 1986 1438 2040 ὑπόδικον
1481 1987 1870 2058 καταστήσειν,
1897 1986 1928 2040 ὃ

2035 1993 2261 2064 gelium,
2293 2007 2420 2046 cum
2449 1991 2664 2047 occulte
2689 1991 2854 2046 vellet
2887 1991 3164 2045 dimittere
3183 2003 3325 2044 eam.
3355 1987 3627 2054 Quoniam

331 2076 435 2128 καὶ
463 2075 524 2128 τὸ
553 2076 887 2145 Εὐαγγέλιόν
920 2095 1050 2149 φησι
1077 2078 1166 2134 διὰ
1205 2079 1300 2133 τοῦ
1326 2080 1503 2152 λάθρα
1533 2079 1802 2134 ἀπολῦσαι
1821 2079 1924 2134 αὑ-

2037 2095 2220 2142 autem
2270 2087 2539 2140 successit
2585 2083 2750 2150 huius
2797 2083 3133 2153 suspicionis
3179 2081 3628 2144 liberatio,con-

329 2166 438 2235 τὴν
459 2165 833 2236 βουλεύεσθαι.
875 2168 1028 2221 Ἐπεὶ
1050 2167 1108 2220 δὲ
1130 2168 1347 2240 ἀγγέλῳ
1375 2169 1506 2240 οείῳ
1531 2171 1630 2238 τῆς
1670 2169 1930 2233 ὑπονοίας

2040 2179 2294 2232 ﬁrmante
2323 2175 2517 2244 angelo
2555 2174 2724 2228 fetum
2760 2189 2884 2230 esse
2921 2190 2986 2229 ex
3016 2173 3224 2243 Spiritu
3257 2183 3472 2236 sancto,
3502 2178 3633 2225 tunc

330 2255 544 2326 ταύτης
566 2255 856 2327 ἀπηλλάγη
879 2255 943 2310 ἐκ
973 2255 1290 2326 Πνεῦματος
1317 2257 1474 2326 ἁγίου
1504 2257 1604 2329 τὴν
1631 2256 1932 2326 κυοφορίαν

2039 2281 2093 2324 ει
2125 2270 2242 2338 ipsa
2269 2266 2458 2336 cti‘ugit
2484 2279 2704 2320 omnem
2746 2281 2868 2335 qua:
2899 2280 2958 2321 se
2987 2264 3274 2321 cruciabat
3301 2259 3629 2318 molestiam.

333 2349 482 2405 εἷναι
504 2343 892 2422 ἐμπεδοῦντος,
912 2346 1033 2398 τότε
1059 2345 1156 2398 καὶ
1185 2344 1326 2416 αὑτὴ
1353 2345 1586 2416 ἐξέφυγε
1620 2347 1806 2400 πᾶσαν
1835 2345 1935 2415 τὴν

332 2444 642 2497 ὠδίνουσαν
661 2443 836 2513 αὐτὴν
859 2437 1271 2512 πραγματείαν.

421 2535 526 2588 Καὶ
565 2534 732 2604 ὤφθη
773 2534 930 2588 ἄλλο
984 2533 1241 2603 σημεῖον
1296 2533 1367 2587 ἐν
1405 2527 1486 2599 τῷ
1535 2529 1792 2602 οὐρανῷ.
1830 2530 1936 2586 Καὶ

2120 2535 2238 2604 ΧΗ,
2269 2539 2323 2600 ὅ.
2364 2537 2410 2594 ί.
2459 2536 2522 2594 Et
2555 2537 2730 2594 visam.
2757 2546 2830 2592 cst
2861 2534 3010 2590 aliud
3041 2535 3249 2610 signant
3282 2537 3336 2591 in
3365 2531 3493 2592 cazlu
3533 2549 3552 2591 .'
3587 2542 3636 2591 et

337 2625 481 2680 ιδοὺ
525 2624 763 2694 δράκων
804 2627 1033 2694 πιιρῤὀς
1057 2623 1268 2696 μέγας,
1303 2624 1460 2694 ἔχων
1493 2625 1762 2694 κεφαλὰς
1791 2623 1941 2678 ἑπτὰ

2049 2649 2166 2687 ecce
2206 2633 2371 2686 draco
2415 2633 2566 2699 rufus
2609 2649 2832 2701 magnus
2877 2631 3074 2685 habens
3125 2633 3304 2698 capita
3355 2637 3548 2698 septem
3588 2636 3639 2682 ct

340 2718 450 2769 καί
486 2717 703 2785 κέρατα
750 2717 927 2770 δέκα·
975 2717 1070 2769 καί
1129 2717 1228 2769 ἐπὶ
1277 2716 1386 2782 τὰς
1429 2717 1700 2784 κεφαλὰς
1752 2717 1941 2772 αὑτοῦ

2053 2743 2252 2782 cornua
2290 2727 2488 2786 decem.
2522 2738 2570 2779 et
2598 2741 2755 2794 super
2781 2741 2982 2778 cornua
3013 2724 3184 2794 ipsius
3225 2731 3420 2792 septem
3453 2721 3641 2775 diade-

341 2809 504 2864 ἑπτὰ
531 2809 890 2880 διαδήματα,
923 2810 1020 2864 καὶ
1054 2811 1092 2874 ἡ
1128 2810 1280 2879 οὐρὰ
1307 2810 1492 2864 αὐτοῦ
1523 2811 1696 2877 σύρει
1728 2811 1794 2865 τὸ
1827 2811 1944 2879 τρί-

2054 2828 2219 2882 muta,
2256 2827 2304 2872 et
2345 2819 2518 2871 cauda
2577 2817 2742 2887 ipsius
2795 2815 2959 2870 trahit
3001 2815 3214 2869 tertiam
3267 2823 3475 2885 partem
3509 2811 3643 2868 stel-

343 2920 464 2957 zr=r
503 2899 621 2956 τῶν
657 2901 927 2970 ἀστέρων
969 2903 1075 2956 τοῦ
1129 2901 1414 2970 οὐρανοῦ,
1444 2903 1542 2955 καὶ
1577 2903 1799 2957 ἔϐαλεν
1835 2906 1946 2958 αὑ-

1525 2903 1542 2955 ὶ
1577 2903 1799 2957 ἔϐαλεν
1835 2906 1946 2958 αὑ-
2057 2911 2232 2965 larum
2263 2911 2401 2976 cwli,
2439 2923 2487 2965 et
2525 2911 2668 2964 misit
2701 2926 2792 2964 eas
2827 2913 2883 2962 in
2927 2919 3148 2963 terram.

345 2995 500 3062 τοὺς
527 2996 616 3062 εἰς
639 2994 754 3063 τὴν

431 3089 712 3160 Δράκοντα
755 3088 847 3142 τὸν
906 3089 1150 3144 Σατανᾶν
1193 3091 1372 3156 καλεῖ,
1444 3089 1534 3143 διὰ
1581 3089 1644 3143 τὸ
1696 3089 1946 3145 σκολιόν·

2135 3089 2439 3142 Draconem
2495 3097 2656 3141 vocat
2707 3085 2989 3146 Satanam,
3038 3099 3104 3138 eo
3167 3080 3315 3152 quod
3364 3089 3647 3136 tortuosus

355 3183 572 3257 πυρρὸν
603 3182 682 3246 δὲ,
733 3181 822 3236 διὰ
854 3182 914 3236 τὸ
947 3182 1242 3254 αἱμοϐόρον
1287 3184 1384 3237 καὶ
1411 3183 1649 3254 ὀργίλον.
1686 3183 1869 3254 Οὐρὰν
1894 3184 1952 3236 δὲ

2094 3179 2135 3233 it
2173 3198 2186 3232 :
2223 3177 2408 3232 rufum
2464 3187 2671 3240 autem,
2723 3177 2852 3245 quia
2903 3184 3171 3229 cruentus
3223 3182 3277 3227 et
3327 3171 3646 3226 iracundus.
3713 3229 3717 3234 η

356 3273 596 3330 ἐνταῦθα
628 3273 719 3326 τὸν
764 3271 903 3343 ἀέρα
955 3273 1184 3342 φάσκει,
1218 3272 1293 3336 ὠς
1326 3273 1386 3340 ἐξ
1432 3271 1598 3326 αὑτοῦ
1633 3271 1708 3344 μὴ
1739 3289 1958 3326 πεπτω-

2059 3271 2304 3326 Caudam
2339 3285 2468 3324 vero
2513 3269 2650 3324 dicit
2701 3270 2804 3322 hoc
2843 3269 2966 3322 loco
3015 3281 3220 3331 aerem,
3253 3265 3400 3334 quod
3437 3263 3506 3317 ab
3557 3261 3650 3317 illo

357 3367 524 3432 κότος
562 3365 655 3420 τοῦ
699 3363 972 3420 διαϐόλου.
1025 3363 1150 3427 Πῶς
1180 3363 1290 3435 γάρ
1319 3365 1650 3418 ὲκπέπτωκε
1681 3364 1898 3430 τούτου,
1931 3367 1960 3419 ό

2063 3379 2172 3419 non
2203 3361 2463 3417 ceciderit
2493 3360 2748 3414 diabolus
2782 3377 2796 3414 :
2844 3374 2970 3413 nam
3003 3372 3114 3428 quo
3160 3357 3324 3410 modo
3363 3355 3432 3408 ab
3465 3367 3532 3407 co
3555 3369 3651 3409 ce-

358 3459 467 3530 τὴν
500 3458 772 3523 ἐξουσίαν,
825 3456 966 3510 κατὰ
1005 3455 1239 3522 Παῦλον,
1267 3454 1406 3526 ἔχων
1437 3457 1494 3509 ἐν
1521 3455 1702 3527 αὐτῷ,
1741 3476 1760 3508 ι
1803 3456 1962 3512 Κατὰ

2062 3456 2218 3523 cidit,
2252 3457 2342 3526 qui
2374 3455 2532 3525 juxta
2583 3454 2812 3508 Paulum
2845 3453 3011 3507 liabet
3049 3451 3102 3504 in
3145 3450 3266 3520 ipso
3300 3455 3649 3519 potestatem,

361 3551 462 3604 τὸν
495 3550 754 3620 ἄρχοντα,
795 3567 814 3602 ι
859 3547 1120 3616 λέγοντα,
1175 3564 1195 3598 ι
1232 3545 1327 3600 τοῦ
1383 3546 1612 3610 σκότους
1657 3546 1753 3600 τοῦ
1797 3547 1962 3617 ἀέρος

2063 3549 2196 3604 dum
2245 3551 2323 3604 ait
2369 3567 2382 3602 :
2429 3567 2446 3599 ι
2496 3546 2662 3602 Juxta
2715 3545 3016 3618 principem
3059 3542 3347 3615 potestatis
3382 3540 3526 3595 aeris
3553 3539 3655 3594 liu-

361 3643 586 3710 τούτου;
621 3661 640 3694 ›
676 3640 936 3711 Κεφαλὰς
961 3640 1020 3694 δὲ
1046 3639 1234 3704 αὐτοῦ,
1269 3639 1368 3704 τὰς
1395 3639 1767 3710 πονηροτέρας
1795 3639 1962 3693 αὑτοῦ

2062 3643 2155 3712 jus
2207 3642 2272 3694 ⁸⁸.
2320 3659 2338 3693 ι
2377 3640 2572 3710 Capita
2623 3649 2808 3694 autem
2853 3637 3029 3708 ipsius
3085 3635 3220 3691 dicit
3273 3633 3654 3689 sceleratiores

364 3733 632 3803 δυνάμεις
685 3731 784 3785 καὶ
833 3733 954 3794 ταῖς
1001 3731 1406 3800 πνευματικαῖς
1447 3729 1758 3800 ἐνεργείαις
1815 3730 1965 3782 ἀντι-

2067 3730 2189 3800 ejus
2235 3737 2558 3800 potestates,
2610 3737 2666 3784 ct
2721 3725 3102 3797 Spiritualibus
3149 3723 3413 3794 operibus
3463 3721 3657 3776 adver-

368 3826 586 3890 οέτους,
619 3824 653 3895 ἢ
685 3823 784 3888 τὰς
827 3821 968 3876 ἑπτὰ
995 3822 1193 3888 κακίας
1222 3820 1288 3888 ἃς
1328 3824 1358 3876 ό
1386 3820 1640 3893 Σολομὼν
1673 3824 1730 3876 ἐν
1769 3821 1968 3897 καρδίᾳ

2069 3832 2256 3880 sautes
2292 3839 2306 3876 :
2343 3830 2441 3876 aut
2470 3830 2677 3891 septem
2721 3819 3002 3891 nequitias
3043 3833 3182 3888 quas
3228 3814 3492 3871 Solomon
3525 3813 3661 3868 dicit

369 3914 520 3971 εἶναί
555 3935 690 3988 φησι
719 3915 814 3969 τοῦ
841 3914 1062 3986 ἐχθροῦ.

2069 3933 2192 3975 esse
2221 3918 2274 3972 in
2305 3916 2470 3973 corde
2503 3915 2733 3971 inimici.

447 4010 560 4064 Καὶ
629 4007 848 4077 κέρατα
903 4007 1068 4062 δέκα.
1130 4007 1204 4060 Τὸ
1291 4007 1463 4078 κέρας
1542 4007 1824 4076 δυνάμεως
1875 4009 1972 4063 καὶ⁸

2149 4011 2216 4064 Et
2259 4027 2462 4064 cornua
2501 4009 2698 4063 decem.
2731 4007 2914 4061 Cornu
2948 4005 3206 4074 potentiae
3256 4019 3320 4056 ac
3368 4001 3556 4072 gloria:
3587 3999 3663 4056 si-

372 4101 538 4173 δόξης
589 4099 924 4172 σημαντικόν
977 4101 1148 4154 ἐστιν.
1195 4099 1337 4152 Δέκα
1377 4099 1439 4152 δέ
1473 4100 1541 4152 τὰ
1573 4099 1806 4170 κέρατα,
1840 4100 1870 4171 ἢ
1902 4099 1971 4154 τὰ

2075 4101 2449 4174 gnilicativum
2495 4109 2600 4155 est.
2647 4100 2846 4153 Decem
2873 4112 3004 4150 vero
3047 4109 3280 4157 cornua,
3320 4103 3407 4147 aut
3437 4097 3663 4161 peccata

375 4193 928 4264 ἀντιδιαστελλόμενα
981 4195 1102 4256 ταῖς
1158 4191 1292 4246 δέκα
1347 4191 1590 4256 ἐντολαῖς
1647 4193 1743 4245 τοῦ
1801 4193 1970 4263 νόμου

2098 4213 2196 4267 [uae
2221 4196 2410 4250 decem
2459 4189 2746 4260 praeceptis
2779 4189 2912 4258 legis
2947 4195 3330 4256 opponuntur,
3364 4191 3418 4236 ct
3449 4179 3664 4252 perfec-
3715 4240 3721 4248 ,

379 4285 838 4357 πλημμελήματα
896 4283 993 4338 καὶ
1037 4282 1106 4338 τὰ
1158 4283 1482 4338 τελειωτικὰ
1531 4283 1632 4353 τῆς
1677 4283 1974 4354 σατανικῆς

2078 4301 2166 4344 tos
2221 4293 2458 4341 conatus
2508 4281 2772 4337 satanicae
2821 4277 3163 4347 apostasize':
3201 4283 3298 4330 aut
3335 4273 3486 4343 regni
3521 4273 3666 4326 divi-

379 4378 726 4442 ἁποστασίας
755 4377 1158 4447 ἐγχειρήματα,
1184 4376 1216 4445 ἣ
1240 4375 1338 4440 τὰς
1368 4374 1663 4449 διαιρέσεις
1687 4377 1788 4447 τῆς
1817 4377 1974 4448 βασι-

2081 4381 2266 4436 siones
2301 4391 2424 4448 quae
2461 4373 2728 4428 mundum
2767 4371 2834 4424 ad
2869 4370 3048 4439 ipsum
3080 4365 3288 4429 ferunt,
3325 4374 3382 4418 ut
3413 4363 3502 4433 qui
3527 4377 3666 4432 gau—

383 4469 540 4534 λείας
574 4467 780 4540 κόσμον
811 4467 1085 4538 φερούσας
1121 4466 1296 4538 αὐτῷ,
1325 4469 1400 4531 ὡς
1431 4470 1550 4532 ταῖς
1599 4467 1976 4540 διχοστασίαις

2081 4473 2173 4527 det
2196 4485 2414 4539 semper
2441 4465 2702 4522 dissidiis.
2721 4463 2895 4518 Porro
2919 4469 3124 4529 septem
3151 4457 3482 4518 diademata,
3507 4451 3667 4524 753

385 4563 655 4634 χαίροντι.
699 4561 872 4616 Ἑπτὰ
912 4559 972 4614 δὲ
1020 4560 1330 4630 διαδήματα
1383 4561 1452 4614 τὰ
1485 4563 1578 4616 ἐπὶ
1604 4561 1704 4626 τὰς
1735 4562 1978 4632 κεφαλὰς

2047 4575 2207 4634 tqua:
2235 4576 2401 4631 super
2441 4558 2620 4625 capita
2677 4555 2854 4625 ipsius
2904 4551 3160 4622 imposita
3203 4557 3351 4612 sunt,
3381 4557 3670 4618 {aquantur

388 4651 579 4718 αὑτοῦ,
614 4651 878 4723 ἰσάριθμα
908 4652 1028 4714 ταῖς
1053 4649 1340 4720 κεφαλαῖς,
1368 4649 1505 4703 διότι
1546 4652 1595 4704 οί
1623 4651 1681 4704 ἐν
1705 4653 1825 4715 ταῖς
1859 4651 1979 4706 δαι-

2081 4655 2360 4724 capitibus
2401 4664 2671 4706 numero:
2702 4648 2796 4718 qui
2828 4645 2976 4700 enim
3021 4645 3076 4698 in
3107 4641 3464 4698 daemoniacis
3493 4640 3673 4706 operi-

391 4745 648 4815 μονικαῖς
690 4741 997 4813 ἐνεργείαις
1041 4741 1322 4806 νικῶντες,
1373 4741 1739 4824 ἐκεῖθενοτοῦς
1776 4744 1980 4814 στεφά-

2083 4752 2190 4807 bus
2221 4748 2470 4810 vincunt,
2505 4745 2630 4799 inde
2655 4757 2892 4798 coronas
2933 4745 3172 4810 gestant,
3207 4735 3352 4791 unde
3385 4733 3673 4790 laboribus

391 4854 518 4901 νους
551 4834 894 4907 κομίζονται,
941 4835 1066 4891 ὅθεν
1105 4834 1290 4900 πόνοις
1332 4835 1426 4891 καὶ
1462 4834 1650 4908 ἱδρῶσι
1689 4837 1790 4908 τὴν
1821 4837 1982 4910 νίκην

1556 4834 1650 4890 ὦσι
1689 4837 1790 4908 τὴν
1821 4837 1982 4910 νίκην
2087 4861 2154 4902 ac
2189 4841 2488 4901 sudoribus
2521 4838 2811 4894 victoriam
2849 4834 3179 4892 retulerunt.

395 4931 430 5002 ἦ
439 4946 622 5000 paveo.

467 5019 579 5077 Καὶ
607 5021 644 5088 ή
675 5019 824 5090 οὐρὰ
855 5019 1065 5086 αὐτοῦ,
1094 5019 1268 5088 σύρει
1298 5021 1365 5074 τὸ
1396 5021 1598 5091 τρίτον
1647 5021 1768 5076 τῶν
1795 5023 1979 5078 ἀστέ-

2163 5021 2232 5076 Ει
2271 5018 2448 5074 cauda
2488 5015 2656 5086 ipsius
2697 5013 2862 5068 trahit
2897 5009 3116 5065 tertiam
3144 5015 3346 5077 partem
3372 5001 3676 5058 stellarum.

389 5132 536 5185 ρων.
569 5113 768 5185 Τρίτον
799 5113 966 5186 μέρος
990 5112 1099 5168 τῶν
1130 5113 1378 5184 ἀστέρων
1433 5114 1748 5185 ἐκλήθησαν
1779 5117 1828 5169 oi
1853 5116 1985 5188 περὶ

2085 5113 2272 5172 Tertia
2300 5125 2431 5182 pars
2469 5107 2754 5162 stellarum
2785 5101 2919 5156 dicti
2951 5109 3084 5157 sunt
3127 5099 3184 5153 bi
3220 5097 3316 5168 qui
3350 5111 3520 5150 unum
3559 5092 3681 5147 Tri-

399 5207 499 5260 ἕνα
523 5205 619 5258 τοῦ
656 5205 768 5276 (54)
796 5185 1036 5276 ἀριθμοῦ
1076 5204 1176 5274 τῆς
1211 5203 1446 5275 Τριάδος
1478 5205 1878 5276 διεσταλμένοι,
1909 5185 1988 5271 ὧς

2089 5207 2280 5262 uitatis
2317 5213 2610 5256 numerum
2641 5212 2748 5252 non
2779 5194 3095 5257 admittunt,
3140 5189 3308 5244 veluti
3349 5195 3478 5242 sunt
3511 5185 3679 5238 Arius

406 5299 624 5369 Ἀρειος
645 5275 742 5352 καὶ⁹
755 5275 1106 5362 Μακεδόνιος.
1147 5296 1210 5349 Ἦ
1237 5295 1443 5367 ἕρημος
1461 5296 1538 5362 δὲ,
1562 5297 1642 5361 εἰς
1664 5275 1730 5369 ἢν
1757 5297 1991 5353 ἐλθοῦσα

2091 5309 2147 5355 ct
2201 5291 2577 5351 Macedonius.
2627 5288 2916 5343 Desertum
2961 5297 3092 5338 vero
3138 5281 3204 5336 ad
3257 5279 3405 5348 quod
3449 5275 3680 5331 veniens

403 5367 662 5461 τρέφεται
693 5389 726 5460 ἡ
761 5387 1082 5458 Ἐκκλησία,
1133 5389 1168 5459 ἡ
1207 5389 1396 5442 κακῶν
1428 5389 1634 5460 ἐρήμη,
1674 5367 1768 5442 καὶ
1801 5393 1994 5463 στεῖρα

2093 5389 2342 5446 nutritur
2384 5383 2626 5439 Ecclesia
2665 5390 2770 5446 est,
2806 5375 2951 5449 quod
2987 5375 3206 5431 deserta
3237 5371 3310 5428 sit
3339 5386 3368 5425 a
3402 5367 3586 5433 malis,
3627 5375 3683 5422 et

406 5459 640 5552 φθορᾶς.
663 5459 738 5534 Τδ
769 5479 826 5534 δὲ
856 5479 954 5552 τὴν
983 5477 1152 5552 οὐρὰν
1181 5477 1362 5536 ἕλκειν
1389 5459 1658 5553 τδγτρίτον
1690 5480 1801 5538 τῶν
1834 5459 1995 5537 ἀστέ-

2098 5481 2304 5540 stcrilis
2335 5494 2364 5534 a
2398 5475 2774 5546 corruptione.
2811 5471 3084 5528 Cancrum
3118 5464 3267 5536 quod
3297 5461 3475 5521 cauda
3503 5459 3686 5516 trahat

482 5658 530 5691 ⁸⁷
563 5655 668 5716 lsa.
697 5674 846 5726 ωινι,
881 5659 934 5716 7.
1016 5659 1061 5692 ⁸⁸
1090 5659 1291 5732 Ephes.
1317 5673 1378 5724 ιι,
1412 5659 1462 5714 5.

489 5813 602 5886 (54)
642 5814 892 5871 Ἐννάτου
926 5817 1015 5872 ed.
