4110 6406
569 354 678 416 663

1415 362 1744 422 ARETHIE
1785 363 2163 425 C/ESAREzE
2202 367 2689 431 CAPPADOCI/‘E
2730 371 3073 434 EPISCOPI

3723 384 3819 449 6ὔὶ

569 470 789 530 tertiam
823 478 1032 541 partem
1067 471 1372 534 stellarum,
1401 471 1505 525 hoc
1543 471 1708 526 etiam
1748 471 1915 527 modo
1954 475 2154 530 consi—

2261 493 2390 548 ρων,
2435 477 2533 531 καὶ
2582 477 2725 532 οὕτω
2759 479 3083 551 θεωρητέον.
3129 479 3234 534 Δύο
3267 481 3388 536 τινὰ
3416 481 3704 555 νομίζομεν
3734 491 3821 562 δη-

570 563 755 622 derari
795 572 996 634 potest,
1034 574 1090 618 ut
1133 563 1244 618 duo
1273 564 1521 633 quaedam
1557 579 1652 634 per
1695 566 1811 622 haec
1852 566 2151 638 signiﬁcari

571 653 992 718 existimemus;
1034 662 1129 707 aut
1161 654 1402 722 primum
1438 654 1614 725 ipsius
1656 655 1723 710 de
1763 657 1902 711 caalo
1937 673 2153 725 casum,

573 761 696 804 enim
728 745 936 812 angelis
961 747 1053 814 qui
1090 762 1198 812 una
1226 762 1353 806 cum
1384 749 1502 816 ipso
1532 765 1591 805 se
1627 765 1655 802 a
1695 749 1803 802 Deo
1827 761 2155 821 separarunt

570 852 667 904 per
688 846 992 893 extremum
1025 839 1241 895 invidia:
1264 849 1470 896 motum
1497 859 1511 896 :
1537 857 1662 897 nam
1689 844 1805 898 haec
1831 853 1912 900 est
1938 845 2112 900 cauda
2137 863 2151 900 :

570 927 815 998 Primum
849 930 996 985 enim
1021 932 1187 987 elatio
1213 947 1336 1001 qua:
1363 934 1540 1002 ipsum
1575 935 1761 1000 traxit,
1791 936 1858 991 ad
1892 937 2152 992 invidiam

570 1020 899 1089 obarmavit,
931 1032 986 1078 et
1034 1023 1134 1080 hos
1165 1024 1220 1079 in
1265 1039 1463 1080 terram
1506 1027 1743 1082 detraxit
1777 1046 1791 1083 :
1825 1037 1917 1082 aut
1946 1028 2155 1083 inimici

571 1115 870 1170 tactionem
903 1132 1000 1177 seu
1038 1133 1229 1175 casum
1274 1120 1340 1174 de
1369 1120 1511 1179 casio
1556 1131 1680 1190 post
1723 1121 2152 1177 confractionem

570 1209 656 1268 sui
686 1208 904 1279 capitis,
933 1224 1102 1279 quam
1129 1225 1160 1273 ιι
1186 1209 1473 1281 discipulis
1499 1210 1712 1266 Domini
1742 1212 2025 1278 sustinuit,
2059 1214 2152 1282 qui

569 1300 638 1366 ab
679 1300 797 1370 ipso
836 1310 1158 1370 potestatem
1191 1313 1520 1372 acceperunt
1553 1303 1800 1359 calt-andi
1831 1319 1994 1374 supra
2033 1319 2154 1359 ser-

569 1404 762 1466 pentes
821 1403 878 1449 et
937 1394 1261 1465 scorpiones
1324 1405 1379 1451 et
1427 1411 1592 1466 super
1623 1411 1842 1452 onmem
1897 1397 2153 1453 virtutem

567 1482 794 1547 malam.
831 1483 960 1540 Sive
990 1493 1326 1555 postremum
1375 1495 1583 1542 motum
1635 1487 1787 1550 dicit,
1819 1501 1926 1557 quo
1961 1487 2156 1556 deiecit

568 1591 666 1642 eos
693 1577 788 1647 qui
817 1577 958 1632 ﬁrmi
989 1595 1100 1638 non
1141 1589 1298 1635 erant
1335 1595 1365 1635 a
1400 1580 1612 1636 eaalesﬁ
1648 1579 2032 1651 intelligentia,
2060 1582 2152 1651 qui

569 1666 781 1736 tropice
831 1667 964 1724 dicti
1019 1678 1151 1728 sunt
1201 1671 1372 1726 stella:
1425 1679 1649 1741 propter
1692 1671 2040 1741 splendorem
2094 1671 2149 1725 in

571 1757 900 1826 baptismate
919 1766 1262 1828 susceptum.

2257 570 2480 624 λοῦσθαι
2507 570 2595 624 διά
2625 571 2830 625 τούτων
2852 589 2866 603 ·
2898 573 2932 642 ἦ
2971 572 3069 644 τὴν
3111 573 3384 643 προτέραν
3441 574 3605 628 αὑτοῦ
3654 577 3711 642 ἐξ
3736 580 3821 632 ού-

2261 662 2424 733 ρανοῦ
2457 663 2666 718 πτῶσιν
2698 665 2838 734 μετά
2865 664 2975 718 τῶν
3007 666 3435 719 συναποστατῶν
3477 667 3716 736 ἀγγέλων
3743 671 3825 727 διὰ

2257 755 2350 808 τοῦ
2395 755 2627 825 ἐσχάτου
2677 757 2974 826 κινήματος
3013 756 3108 811 τοῦ
3148 757 3343 826 φθόνου
3390 758 3583 830 (τοῦτο
3651 761 3755 832 γὰρ
3792 767 3823 834 ἡ

2257 847 2422 918 οὗρά’
2457 848 2674 918 πρῶτον
2695 848 2806 921 γὰρ
2831 852 2863 918 ή
2897 849 3128 918 ἔπαρσις
3153 851 3186 920 ἡ
3222 850 3435 918 σύρασα
3467 853 3670 906 ἐκεῖνον
3694 855 3825 925 πρὸς

2259 939 2454 1008 φθόνον
2505 940 2803 1009 ἐφώπλισε,
2839 941 2936 994 καὶ
2988 942 3214 1006 τούτους
3250 944 3332 1006 είς
3377 943 3479 1015 τὴν
3509 944 3610 1014 γῆν
3639 949 3828 1018 κατέρ-

2262 1030 2486 1102 ραξεν)·
2526 1032 2560 1102 ἢ
2607 1032 2700 1085 τοῦ
2751 1031 2950 1104 ἐχθροῦ
2999 1034 3140 1102 μετά
3186 1035 3285 1107 τὴν
3314 1033 3503 1090 θλάσιν
3531 1035 3693 1090 αὑτοῦ
3735 1039 3828 1106 τῆς

2260 1123 2525 1194 κεφαλῆς,
2558 1126 2625 1194 ἢν
2668 1124 2772 1178 ύπὸ
2814 1124 2927 1178 τῶν
2965 1125 3058 1178 τοῦ
3087 1126 3294 1202 Κυρίου
3326 1127 3533 1199 ὑπέστη
3585 1129 3829 1201 μαθητῶν

2258 1205 2533 1268 λαϐόντων
2579 1216 2672 1269 ὑπ’
2720 1216 2887 1270 αὐτοῦ
2939 1217 3189 1282 ἐξουσίαν
3219 1221 3414 1272 πατεῖν
3444 1221 3631 1281 ἐπάνω
3663 1221 3828 1290 ὄφεων

2258 1308 2351 1362 καὶ
2401 1308 2682 1380 σκορπίων
2726 1311 2820 1362 καὶ
2867 1309 2960 1362 ἐπὶ
3006 1311 3187 1364 πᾶσαν
3216 1310 3316 1382 τὴν
3344 1310 3577 1380 δύναμιν
3614 1311 3708 1384 τὴν
3741 1331 3832 1367 κα-

2259 1402 2382 1474 κὴν,
2433 1401 2533 1472 τὴν
2589 1402 2730 1472 μετά
2771 1401 2865 1462 τοῦ
2906 1402 3138 1473 ούρανοῦ
3193 1386 3432 1474 κίνησιν.
3491 1402 3696 1472 Ἤγουν
3741 1405 3830 1473 τὴν

2259 1495 2496 1566 ἐσχάτην
2519 1494 2648 1558 τοὺς
2672 1494 3038 1566 ἀστηρίκτους
3075 1495 3519 1563 κατενεγκοῦσαν
3543 1497 3607 1549 ἐκ
3635 1495 3724 1558 τοῦ
3751 1498 3834 1548 ού-

2241 1589 2446 1665 ρανίου
2487 1587 2836 1658 φρονήματος
2878 1586 3116 1658 ἀστέρας
3143 1587 3419 1657 τροπικῶς
3444 1585 3833 1656 ὀνομασθέντας

2257 1677 2344 1732 διὰ
2373 1676 2471 1750 τὴν
2505 1678 2570 1732 ἐκ
2602 1677 2697 1731 τοῦ
2733 1677 3110 1748 βαπτίσματος
3140 1677 3528 1748 λαμπρότητα.

644 1849 712 1910 Et
754 1851 896 1904 misit
939 1868 1029 1919 eas
1071 1853 1128 1905 in
1169 1860 1389 1908 terram.
1431 1850 1552 1906 Una
1591 1851 1737 1908 enim
1771 1865 1960 1907 secum
2002 1851 2151 1922 deje-

2329 1859 2440 1912 Kul
2483 1859 2702 1912 ἔϐαλεν
2745 1856 2965 1922 αὐτοὺς
3017 1859 3105 1922 εις
3148 1854 3262 1924 τὴν
3289 1853 3422 1923 γῆν.
3463 1855 3834 1922 Συγκατέόαλε

569 1944 646 2006 ,cit
697 1943 994 1999 maximam
1048 1944 1371 2015 angelorum
1425 1953 1668 2013 partem,
1711 1945 2048 2014 persuadens
2094 1951 2153 1998 ut

564 2031 773 2107 pariter
825 2047 854 2086 a
904 2031 1016 2088 Deo
1055 2033 1429 2099 discederent,
1469 2049 1536 2089 ac
1576 2044 1827 2090 terrenos
1874 2033 2006 2089 fecit
2057 2049 2153 2090 eos

565 2122 659 2192 qui
698 2121 915 2178 fuerant
959 2125 1235 2191 ctelestes,
1269 2135 1326 2182 et
1364 2125 1622 2182 tenebras
1663 2125 1788 2182 illos
1833 2125 1927 2196 qui
1971 2125 2151 2195 splen-

564 2214 676 2284 didi
715 2215 936 2271 fuerant
969 2217 1022 2271 in
1052 2217 1274 2272 modum
1312 2218 1620 2280 stellarum,

634 2305 753 2373 ΧΠ,
784 2307 838 2375 4,
875 2307 929 2363 5.
971 2308 1043 2362 Et
1074 2309 1235 2364 draco
1269 2310 1415 2364 stetit
1440 2319 1564 2365 ante
1601 2309 1873 2392 mulierem
1909 2325 2028 2379 qua:
2053 2324 2152 2378 pa-

565 2401 740 2454 ritura
769 2410 904 2466 erat,
926 2409 982 2456 ut
1003 2418 1122 2457 cum
1134 2404 1432 2472 peperisset,
1447 2402 1622 2472 ﬁlium
1634 2403 1749 2471 ejus
1769 2402 2064 2457 devoraret.
2085 2401 2153 2455 Et

563 2491 764 2570 peperit
807 2492 981 2561 ﬁlium
1028 2493 1327 2547 masculum
1375 2495 1467 2562 qui
1519 2502 1761 2547 recturus
1811 2501 1928 2546 erat
1973 2508 2154 2546 omnes

2255 1951 2365 2020 γὰρ
2403 1952 2571 2020 ἑαυτῇ
2608 1947 2880 2002 πλείστων
2925 1947 3176 2016 ἀγγέλων
3211 1948 3405 2016 μοῖραν
3432 1945 3837 2014 συναποστατῆ-

2257 2059 2349 2097 σαι
2394 2041 2632 2095 πείσασα
2677 2039 2786 2095 ἀπὸ
2812 2037 2971 2105 Θεοῦ,
2998 2040 3093 2093 καὶ
3136 2037 3408 2109 πεποίηκε
3433 2035 3682 2107 χθονῖους
3717 2037 3836 2102 τοὺς

2255 2135 2557 2205 οὐρανίους,
2589 2133 2683 2187 καὶ
2705 2131 2894 2196 σκότος
2915 2132 3042 2195 τοὺς
3061 2131 3352 2202 λαμπροὺς
3379 2129 3456 2194 ὡς
3485 2130 3740 2201 ἀστέρας.

2327 2313 2440 2367 Καὶ
2477 2315 2510 2366 d
2554 2311 2791 2380 δράκων
2827 2310 3090 2377 ἔστηκεν
3130 2306 3390 2361 ἐνώπιον
3424 2306 3536 2374 τῆς
3563 2304 3832 2378 γυναικὸς

2256 2401 2366 2471 τῆς
2385 2403 2740 2471 μελλούσης
2767 2399 2984 2464 τεκεῖν,
3027 2399 3133 2452 ἵνα
3166 2397 3315 2451 ὅταν
3339 2396 3502 2465 τέκῃ.
3533 2394 3602 2449 τὸ
3629 2395 3837 2448 τέκνον

2256 2495 2450 2564 αὐτῆς
2497 2492 2834 2563 καταφάγῃ.
2889 2491 2998 2547 Kal
3052 2492 3264 2545 ἔτεκεν
3315 2489 3450 2544 υἱὸν
3493 2488 3736 2557 ἄρρενα,
3774 2486 3838 2557 ὃς

566 2592 743 2658 gentes
777 2583 832 2636 in
864 2584 1014 2654 virga
1048 2584 1241 2654 ferrea,
1273 2582 1339 2636 Et
1377 2596 1563 2654 raptus
1595 2593 1672 2640 est
1706 2584 1850 2652 [ilius
1879 2585 2048 2654 ipsius
2083 2583 2154 2637 ad

2261 2587 2468 2657 μέλλει
2503 2586 2844 2655 ποιμαίνειν
2899 2583 3099 2638 πάντα
3135 2582 3208 2637 τὰ
3241 2581 3386 2648 ἔθνη
3429 2581 3497 2634 ἐν
3516 2578 3722 2649 ῥάϐδῳ
3747 2595 3834 2633 σι-

568 2674 737 2746 peum
771 2685 818 2729 et
855 2674 925 2740 ad
967 2677 1209 2742 thronum
1237 2676 1352 2744 ejus
1385 2691 1402 2730 :
1440 2685 1488 2729 et
1515 2676 1707 2735 mulier
1734 2675 1870 2746 fugit
1900 2675 1956 2729 in
1979 2676 2155 2729 deser-

569 2775 702 2840 tum,
727 2767 817 2819 ubi
844 2766 997 2834 habet
1029 2768 1197 2830 locum
1230 2767 1301 2822 ibi
1348 2779 1596 2837 paratum
1632 2784 1665 2820 a
1708 2766 1839 2832 Deo,
1871 2778 1927 2820 ut
1960 2767 2031 2820 ibi
2061 2781 2157 2834 pa-

566 2867 719 2934 scant
749 2875 865 2914 eam
891 2859 1077 2915 diebus
1110 2861 1252 2923 mille
1283 2861 1526 2920 ducentis
1561 2861 1859 2930 sexaginta,

640 3135 801 3203 Quod
848 3135 1062 3192 steterit
1111 3136 1280 3192 draco
1329 3135 1562 3191 insidias
1617 3135 1846 3192 moliens
1887 3134 2154 3192 adversus

2256 2677 2431 2746 δηρᾷ.
2471 2676 2581 2732 Kal
2609 2676 2894 2746 ἡρπάσθη
2942 2673 3009 2728 τό
3059 2673 3278 2727 τέκνον
3305 2671 3498 2742 αὐτῆς
3550 2671 3700 2740 πρὸς
3739 2672 3838 2723 τὸν

2260 2769 2412 2824 Θεὸν
2459 2767 2556 2822 καὶ
2603 2767 2754 2837 πρὸς
2795 2766 2904 2821 τόν
2959 2767 3178 2836 θρόνον
3219 2763 3442 2819 αὐτοῦ’
3471 2763 3577 2817 καί
3610 2765 3648 2832 ἡ
3686 2761 3835 2832 γυνὴ

2258 2863 2485 2933 ἔφυγεν
2522 2864 2610 2928 εις
2647 2861 2763 2929 τὴν
2814 2861 3061 2928 ἔρημον,
3119 2857 3276 2913 ὅπου
3320 2858 3448 2927 ἔχει
3497 2855 3632 2911 ἐκεῖ
3661 2857 3839 2910 τόπον

2260 2953 2707 3025 ’ἡτοιμασμένον
2728 2951 2847 3009 ὑπὸ
2871 2951 2978 3006 τοῦ
3005 2950 3178 3016 Θεοῦ,
3202 2951 3304 3004 ἵνα
3324 2949 3448 3003 ἐκεῖ
3477 2947 3838 3018 ἐπιτρέψωσιν

2262 3047 2458 3116 αὐτὴν
2493 3047 2718 3117 ἡμέρας
2747 3045 2948 3116 χιλίας
2973 3043 3293 3109 διακοσίας
3316 3041 3640 3111 ἐξήκοντα.

2335 3142 2409 3194 Τὸ
2460 3141 2518 3193 δέ
2564 3138 2859 3210 ἐστηκέναι
2902 3137 2996 3190 τὸν
3044 3135 3318 3207 δράκοντα
3360 3133 3666 3196 ἐπιϐούλως
3707 3129 3837 3187 κατᾶ

566 3241 810 3300 partum,
851 3227 956 3283 hoc
987 3225 1264 3298 signiﬁcat
1292 3225 1440 3298 quod
1477 3225 1702 3280 multam
1733 3213 1993 3282 adhibeat
2024 3225 2150 3281 dili-

2261 3234 2352 3289 τοῦ
2386 3233 2548 3287 τόκου
2600 3230 3088 3301 ἐνσκευαζόμενον,
3138 3228 3298 3282 τοῦτο
3335 3227 3488 3300 δηλοῖ
3535 3228 3619 3281 ὅτι
3651 3224 3840 3296 πολλὴν

567 3322 807 3393 gentiam
840 3319 935 3375 ubi
963 3319 1171 3390 aliquid
1201 3319 1529 3389 productum
1561 3327 1664 3384 est,
1700 3333 1810 3388 quo
1843 3318 2152 3374 molestiam

565 3414 759 3489 afferat
795 3430 809 3467 :
845 3423 901 3469 et
929 3428 1184 3484 quaenam
1217 3413 1301 3468 liae
1333 3412 1466 3480 sint,
1499 3411 1610 3482 jam
1640 3412 1849 3467 dictum
1889 3419 1998 3468 est.

641 3503 709 3558 Et
736 3515 920 3574 raptus
946 3513 1022 3560 est
1051 3504 1194 3570 ﬁlius
1219 3504 1387 3573 ipsius
1419 3504 1488 3556 ad
1516 3502 1703 3558 Deum.
1726 3501 1958 3560 Pestifer
1987 3503 2156 3559 draco

567 3597 859 3668 insidiatus
891 3605 997 3664 est,
1021 3605 1073 3658 et
1107 3594 1379 3652 Herodem
1414 3594 1794 3651 exstimulavit
1827 3604 1887 3650 nt
1917 3595 2156 3652 infantes

565 3691 624 3744 in
685 3688 1002 3743 Betltleltem
1058 3688 1358 3750 occideret,
1411 3686 1573 3756 quasi
1624 3686 1768 3740 inter
1817 3687 1944 3742 illos
1987 3686 2156 3742 etiam

567 3779 852 3854 Qhristum
889 3779 1320 3849 interempturus
1363 3787 1511 3836 esset
1549 3795 1562 3832 :
1599 3794 1734 3848 puer
1771 3786 1954 3833 autem
1994 3778 2160 3851 754

567 3874 804 3931 insidias
853 3873 1045 3946 cffugit
1082 3875 1170 3930 Dei
1211 3873 1388 3930 Patris
1425 3873 1791 3943 providentia,
1827 3875 1922 3944 qui
1952 3873 2155 3944 Joseph

570 3965 798 4033 oraculo
827 3966 1116 4030 admonuit
1155 3975 1215 4024 ut
1239 3981 1303 4021 eo
1335 3965 1622 4036 ipsiusque
1656 3973 1830 4020 matre
1858 3966 2158 4036 assumptis

571 4060 785 4131 fugeret
833 4060 887 4115 in
932 4058 1252 4132 Aﬁgyptum.
1304 4058 1546 4114 Salutem
1597 4059 1785 4128 itaque
1838 4059 1892 4114 in
1940 4068 2157 4129 raptum

570 4152 959 4221 commutavit,
1015 4153 1205 4207 dicens
1240 4168 1253 4204 :
1289 4151 1490 4220 Raptus
1552 4163 1628 4206 est
1676 4151 1746 4206 ad
1780 4151 1948 4206 Deum
1987 4161 2037 4206 et
2089 4151 2159 4206 ad

573 4245 819 4310 thromim
863 4245 1010 4315 ejus;
1056 4244 1161 4300 hoc
1213 4253 1318 4306 est,
1372 4261 1438 4299 ex
1492 4245 1675 4300 divina
1727 4229 2072 4314 providentia
2108 4253 2162 4298 et

571 4339 955 4394 dominatione
996 4353 1164 4409 puero
1193 4338 1259 4394 ad
1293 4339 1526 4413 salutem
1551 4337 1821 4409 disposita
1851 4354 1866 4393 :
1897 4353 2022 4391 nam
2057 4337 2161 4392 hoc

573 4430 888 4501 signiﬁcare
916 4431 1032 4486 vult
1063 4430 1316 4486 thronus.

647 4521 716 4575 Et
753 4522 944 4581 mulier
969 4523 1104 4591 fugit
1130 4523 1187 4580 in
1211 4523 1497 4580 desertum.
1519 4521 1777 4616 AMulieris
1805 4521 1930 4593 fuga
1959 4522 2029 4576 ad
2061 4521 2158 4576 de-
2187 4555 2242 4616 Β

572 4624 781 4679 sertum
824 4614 1102 4687 significat
1155 4614 1456 4668 electorum
1514 4611 1718 4684 fugam,
1754 4629 1863 4683 qua
1893 4614 1946 4668 in
1991 4613 2158 4668 Anti-

573 4704 772 4774 christi
836 4705 1076 4759 adventu
1131 4703 1277 4758 facto
1339 4719 1437 4774 per
1489 4706 1861 4774 operationem
1921 4703 2157 4771 Satanae,

574 4793 789 4865 fugient
823 4793 1084 4866 praecipui
1134 4795 1383 4850 omnium
1413 4795 1507 4866 qui
1557 4795 1611 4850 in
1643 4795 1892 4851 Ecclesia
1927 4795 2156 4860 fuerint,

530 4894 536 4932 ’ἲ
571 4907 603 4961 a
634 4889 890 4962 civilibus
914 4889 1326 4947 turbationibus
1347 4891 1753 4962 muntlauisque
1785 4891 2160 4960 voluptatibus

571 4982 848 5054 fugientes
899 4998 1076 5040 annos
1128 4991 1240 5039 tres
1282 4992 1336 5039 et
1361 4983 1647 5039 dimidium
1692 5001 1706 5037 :
1757 4993 1966 5038 tantum
2007 4983 2155 5039 enim

573 5078 878 5148 temporale
906 5077 1124 5148 explent
1156 5077 1396 5149 spatium
1439 5076 1589 5160 mille
1621 5077 1840 5160 ducenti
1877 5076 2156 5147 sexaginta

569 5171 708 5233 dies.
2024 5177 2026 5180 '

1112 5283 1345 5341 CAPUT
1384 5284 1626 5340 XXXIV.

574 5380 650 5437 De
672 5381 955 5436 commisso
983 5378 1169 5448 praelia
1209 5363 1348 5431 inter
1383 5391 1595 5433 sanctos
1625 5381 1839 5446 angelos
1882 5388 1931 5432 et
1963 5395 2156 5448 pravas

890 5459 1198 5520 potestates,
1227 5459 1274 5502 et
1303 5449 1366 5501 de
1401 5465 1528 5501 casu
1566 5451 1843 5511 draconis;
2007 5449 2010 5453 ’
2110 5454 2114 5461 ’

641 5624 759 5691 XII.
803 5627 925 5681 7-9.
969 5629 1038 5680 Et
1079 5627 1283 5696 factum
1317 5637 1392 5680 est
1442 5629 1687 5708 praelium
1745 5631 1798 5682 in
1842 5631 2014 5684 cwlo:
2052 5630 2156 5684 Mi-

575 5708 800 5767 chael-et
849 5716 1024 5784 angeli
1073 5718 1186 5794 ejus
1218 5707 1456 5786 pra‘liali
1490 5707 1613 5773 sunt
1653 5736 1773 5775 cum
1815 5726 2065 5784 dracone,
2107 5733 2156 5776 et

578 5803 740 5871 draco
761 5806 1003 5874 pugnavit
1027 5816 1075 5860 et
1104 5808 1276 5878 angeli
1305 5808 1439 5877 ejus,
1466 5818 1514 5864 et
1548 5825 1648 5863 non
1675 5811 1970 5882 valuerunt,
1995 5831 2157 5885 neque

2259 3326 2580 3398 ἐπιμέλειαν
2608 3327 2904 3394 πεποίηται
2932 3322 3011 3393 τῷ
3031 3321 3278 3394 τεχθέντι
3305 3319 3590 3392 ἐξαρτίσαι
3629 3319 3697 3372 τὰ
3717 3317 3834 3372 δυσ-

2259 3437 2321 3491 χε
2330 3421 2396 3491 ρῆ
2413 3436 2426 3450 ·
2458 3417 2555 3473 καὶ
2575 3417 2699 3473 τίνα
2719 3415 2916 3479 ταῦτα,
2939 3415 3179 3486 εἴρηται.

2332 3511 2440 3567 Kal
2471 3508 2760 3580 ἡρπάσθη
2790 3509 2857 3563 τὸ
2883 3508 3104 3562 τέκνον
3147 3504 3335 3574 αὐτῆς
3363 3505 3515 3575 πρὸς
3545 3505 3652 3560 τὸν
3676 3505 3835 3559 Θεόν.

2274 3605 2332 3659 Ὀ
2381 3604 2479 3673 μέν
2529 3602 2734 3666 ίοὸόλος
2784 3601 3003 3672 δράκων
3051 3599 3346 3670 ἐνήδρευσε
3389 3598 3486 3650 καὶ
3539 3592 3841 3669 παρέθηξεν

2273 3695 2523 3767 Ἡρώδην
2547 3693 2760 3748 ἀνελεῖν
2800 3691 2869 3746 τά
2911 3693 2969 3744 ἐν
2996 3689 3245 3761 Βηθλεέμ
3283 3689 3481 3760 βρέφη,
3513 3689 3591 3753 ὼς
3624 3689 3682 3740 ἐν
3708 3684 3842 3747 ἐκεί-

2263 3805 2376 3852 νοις
2424 3787 2521 3841 καὶ
2570 3784 2804 3856 Χριστὸν
2852 3783 3198 3854 ἀναιρήσων·
3263 3781 3324 3834 τὸ
3356 3780 3413 3833 δέ
3447 3780 3664 3836 παιδίον
3710 3775 3837 3831 Θεοῦ

2263 3879 2494 3950 προνοίᾳ
2539 3877 2633 3932 τοῦ
2689 3876 2900 3947 Πατρδς
2980 3873 3420 3947 χρηματίσαντος
3471 3871 3552 3943 τῷ
3616 3871 3840 3940 Ἰωσὴφ,

2266 3967 2653 4039 παραλαϐόντα
2682 3966 2815 4021 αύτό
2843 3966 2938 4018 καὶ
2960 3964 3057 4036 τὴν
3083 3963 3297 4035 μητέρα
3324 3961 3490 4015 αὑτοῦ
3525 3960 3746 4032 φεύγειν
3767 3958 3839 4021 εἰς

2264 4059 2561 4126 Αἴγυπτον,
2585 4055 2808 4124 διέφυγε
2831 4053 2930 4125 τὴν
2953 4053 3266 4123 ἐπιϐουλήν.
3302 4052 3415 4121 Τὴν
3440 4050 3718 4122 σωτηρίαν
3739 4045 3842 4102 τοί-

2264 4169 2360 4206 νυν
2393 4153 2471 4214 είς
2497 4148 2756 4221 ἁρπαγὴν
2784 4146 2963 4213 ἔταξε,
2999 4147 3154 4214 Πρός
3183 4143 3291 4198 τὸν
3320 4143 3488 4209 Θεὸν,
3519 4143 3720 4212 λέγων,
3747 4137 3841 4193 καί

2266 4244 2417 4311 πρὸς
2447 4243 2555 4296 τόν
2586 4244 2804 4311 θρόνον
2849 4241 3060 4306 αὐτοῦ,
3092 4239 3256 4294 οἱονεὶ
3301 4241 3366 4293 ἐκ
3402 4239 3501 4308 τῆς
3533 4237 3685 4300 θείας
3717 4249 3842 4305 προ-

2267 4335 2414 4398 νοίας
2448 4335 2541 4389 καὶ
2577 4333 2896 4396 δεσποτείας
2932 4332 3287 4402 διακειμένης
3319 4331 3420 4401 τῆς
3463 4329 3738 4401 σωτηρίας
3769 4324 3840 4395 τῷ

2270 4427 2468 4497 παι-δίῳ
2487 4441 2501 4457 ·
2533 4425 2692 4479 τοῦτο
2718 4425 2827 4497 γὰρ
2849 4427 2877 4478 ό
2914 4424 3102 4495 θρόνος
3131 4422 3382 4493 βούλεται
3412 4421 3630 4496 δηλοῦν.

2340 4517 2452 4571 Kal
2503 4518 2541 4586 ἡ
2593 4516 2748 4586 γυνὴ
2795 4515 3022 4586 ἔφυγεν
3062 4516 3150 4581 εὶς
3179 4513 3294 4586 τὴν
3345 4515 3591 4588 ἔρημον.
3640 4513 3706 4574 Ἦ
3753 4509 3842 4578 τῆς

2270 4609 2528 4680 γυναικὸς
2568 4609 2715 4680 φυγὴ
2758 4591 2843 4673 εἰς
2885 4609 2982 4679 τὴν
3031 4608 3237 4679 ἔρημον
3270 4606 3366 4680 τὴν
3419 4607 3530 4659 τῶν
3575 4603 3844 4661 ἐκλεκτῶν

2268 4702 2449 4770 φυγὴν
2482 4699 2758 4770 σημαίνει,
2790 4703 2858 4771 ἣν
2889 4701 2980 4753 ἐπὶ
3012 4685 3440 4770 παρουσίαςτοῦ
3477 4696 3841 4768 ’ᾼντιχρίστου

2267 4794 2372 4846 ὑπὸ
2399 4793 2492 4846 τοῦ
2529 4792 2777 4847 διαϐόλου
2819 4793 3220 4864 ἐνεργουμένης
3266 4790 3556 4860 φεύξονται
3611 4792 3659 4843 οἱ
3692 4803 3845 4859 scopu-

2267 4887 2546 4956 φαιότατοι
2582 4887 2682 4958 τῆς
2738 4885 3089 4956 Ἐκκλησίας.
3123 4886 3187 4939 ἐκ
3216 4884 3326 4938 τῶν
3357 4881 3657 4950 πολιτικῶν
3688 4878 3843 4949 θορύ-

2266 4979 2378 5033 ϐων
2417 4978 2512 5033 καὶ
2543 4977 2823 5048 κοσμικῶν
2862 4977 3157 5047 φεύγοντες
3206 4975 3409 5048 ἡδονῶν
3463 4975 3558 5028 ἐπὶ
3598 4973 3694 5044 ἐτη
3728 4971 3844 5043 τρία

2264 5073 2457 5142 ἥμισυ.
2517 5070 2691 5124 Τοῦτο
2745 5069 2855 5141 γὰρ
2905 5071 2964 5123 αἱ
3025 5069 3198 5140 χίλιαι
3253 5067 3528 5136 διακόσιαι
3588 5066 3842 5136 ἐξήκοντα

2265 5163 2468 5236 ἡμέραι
2496 5163 2747 5236 χρονικὸν
2778 5161 3093 5216 συντελοῦσι
3122 5160 3420 5232 διάστημα.

2856 5277 3108 5346 arma.
3151 5273 3273 5330 AA'.

2263 5375 2401 5442 Περὶ
2437 5375 2544 5429 τοῦ
2576 5376 2903 5444 γενομένου
2935 5372 3205 5444 πολέμου
3239 5367 3466 5444 μεταξὺ
3514 5365 3638 5420 τῶν
3667 5363 3841 5444 (igitur:

2327 5439 2626 5513 ἀγγέλων,
2659 5439 2755 5498 πάι
2790 5443 2909 5497 τῶν
2935 5439 3218 5513 ,πονηρῶν
3243 5439 3576 5509 δυνάμεων,
3604 5440 3703 5491 καὶ
3742 5439 3842 5498 της

2334 5511 2772 5578 καταπτώσεως
2807 5513 2912 5566 τοῦ
2941 5511 3291 5579 δράκοντος.

2332 5627 2442 5682 Καὶ
2465 5626 2703 5696 ἐγένετο
2727 5626 2989 5700 πόλεμος
3013 5625 3082 5677 ἐν
3104 5621 3182 5688 τῷ
3207 5619 3460 5691 οὐρανῷ.
3505 5619 3572 5672 '0
3601 5615 3837 5686 Μιχαὴλ

2263 5720 2358 5775 καί
2384 5723 2437 5774 ol
2465 5719 2707 5790 ἄγγελοι
2749 5718 2937 5780 αὐτοῦ
2975 5716 3369 5796 ἐπολέμησαν
3393 5711 3544 5784 μετὰ
3574 5709 3684 5778 τοῦ
3706 5705 3837 5775 δρά-

2263 5830 2505 5880 κοντος·
2536 5813 2634 5868 καὶ
2665 5816 2696 5868 ὁ
2732 5812 2968 5882 δράκων
2998 5808 3339 5881 ἐπολέμησε
3375 5806 3468 5861 καὶ
3509 5805 3565 5857 ol
3606 5802 3840 5872 arra—tet
