4110 6454
424 399 528 463 εθτ

1256 387 1588 451 ARETH/E
1623 386 2005 448 CJESAREJE
2044 386 2539 449 CAPPADODLE
2575 385 2922 449 EPISCOPI

3580 391 3688 455 6C8

426 532 551 572 esse
609 511 963 571 invincibilis,
1003 507 1140 562 adeo
1194 512 1254 558 ut
1301 504 1466 558 etiam
1517 503 1784 558 adversus
1832 502 2049 565 Deum;

2132 505 2378 574 ιήττητον
2429 497 2593 568 εῖναι,
2634 502 2708 565 ὡς
2753 503 2849 554 καὶ
2899 500 3043 555 κατὰ
3067 501 3161 555 τοῦ
3211 502 3348 557 Θεοῦ
3383 503 3686 575 τολμῆσαι,

429 606 655 660 auderet
699 605 993 664 obsistere,
1050 597 1213 667 idque
1269 595 1540 665 sanguine
1599 594 1724 664 agni
1789 604 2007 650 utentes

428 697 775 752 anxiliatore.
803 688 1278 759 Quemadmodum
1323 687 1470 740 enim
1513 687 1602 740 ille
1649 701 1759 739 non
1795 701 1894 754 pro
1924 699 2005 750 se,

430 771 522 842 sed
562 801 660 853 pro
689 784 849 838 nobis
879 795 1038 836 suum
1069 779 1208 834 fudit
1239 777 1590 846 sanguinem.
1619 775 1695 830 ita
1719 786 1771 830 et
1801 775 2008 830 Christi

431 886 698 946 martyres
749 874 864 928 zelo
917 865 1080 942 756
1113 871 1306 928 mortis
1359 868 1573 924 Domini
1628 868 1736 928 sui,
1789 868 2006 938 propria

429 969 610 1021 anima
642 972 696 1019 et
727 965 835 1019 vita
870 964 1180 1019 cbariorem
1212 963 1525 1017 habuerunt
1555 959 1857 1015 Dominicac
1887 975 2012 1029 pas-

429 1057 603 1112 sionis
631 1055 1017 1110 imitationem.

513 1145 600 1199 Va:
631 1154 785 1198 terra:
817 1154 867 1199 et
898 1145 1058 1198 mari.
1101 1142 1216 1199 Non
1245 1143 1599 1198 denuntiatur
1633 1155 1714 1196 va:
1751 1149 2016 1196 creaturae

433 1253 600 1294 sensu
643 1237 874 1302 carenti,
908 1237 1000 1292 sed
1036 1237 1120 1292 his
1154 1237 1247 1305 qui
1291 1236 1528 1291 terrenis
1559 1244 1690 1290 sunt
1727 1234 1928 1299 allecti,
1961 1242 2017 1289 et

430 1329 524 1397 qui
566 1327 703 1382 cinis
733 1335 900 1380 sunt:
937 1342 1063 1380 nam
1113 1327 1378 1381 adversus
1431 1325 1532 1379 hos
1583 1324 1782 1379 bellum
1820 1337 2016 1393 gerens

430 1416 743 1470 communis
777 1415 1060 1478 inimicus,
1095 1429 1322 1470 suavem
1355 1413 1457 1468 sibi
1483 1422 1636 1482 parat
1667 1413 1929 1483 requiem.
1957 1410 2016 1467 In

431 1522 529 1561 eos
559 1521 796 1576 namque
827 1507 919 1578 qui
950 1507 1142 1576 vigiles
1175 1521 1238 1560 ac
1269 1505 1440 1562 sobrii
1474 1514 1604 1560 sunt
1637 1515 1691 1560 et
1731 1505 1783 1558 in
1816 1503 2018 1558 divinis

431 1600 599 1654 rebus
627 1600 846 1662 intenti,
882 1615 989 1653 non
1027 1598 1204 1653 solum
1251 1598 1318 1652 ad
1369 1607 1760 1653 noeumentum
1795 1613 1902 1652 non
1926 1595 2018 1650 de-

441 1690 676 1755 svendit,
702 1690 796 1745 sed
829 1691 1010 1760 potius
1044 1690 1111 1744 ad
1146 1690 1462 1753 utilitatem,
1501 1699 1562 1742 ut
1591 1689 1684 1759 qui
1716 1688 1821 1743 sub
1847 1687 2013 1741 disci-

431 1781 582 1852 plina
632 1792 1018 1846 exerceantur,
1079 1790 1134 1835 ct
1190 1797 1287 1850 per
1337 1781 1667 1834 tentationes
1719 1779 2018 1832 reddantur

434 1870 596 1941 longe
627 1871 985 1941 probatiores.
1027 1869 1285 1940 Majorem
1322 1881 1505 1924 autem
1543 1869 1680 1923 iram
1731 1869 1883 1921 illum
1927 1867 2024 1920 ba-

444 1959 576 2014 bere
618 1959 768 2026 dicit,
789 1977 912 2018 cum
947 1960 1228 2016 existimet
1261 1959 1318 2013 in
1351 1958 1600 2028 proximo
1627 1973 1788 2013 suum
1831 1971 2025 2012 casum

435 2067 750 2107 nnmtnere.

980 2178 1211 2240 CAPUT
1255 2184 1478 2241 XXXV.

571 2298 726 2364 Quod
763 2299 926 2353 draco
959 2315 1058 2353 non
1093 2309 1257 2354 cesset
1287 2299 1528 2370 persequi
1564 2297 1878 2352 Ecclesiam.

508 2496 628 2563 XII,
667 2496 861 2552 12-17.
902 2497 968 2550 Et
999 2513 1119 2550 cum
1163 2496 1358 2550 rideret
1394 2495 1560 2548 draco
1591 2493 1730 2564 quod
1757 2497 2026 2564 projectus

438 2603 572 2644 esset
597 2591 650 2643 in
677 2601 842 2654 terra,
875 2600 1176 2660 persecutus
1209 2597 1287 2642 est
1336 2588 1610 2640 mulierem
1662 2603 1777 2658 qua:
1827 2588 2028 2657 peperit

442 2681 757 2734 masculum.
809 2680 873 2732 Et
915 2683 1058 2735 data’
1104 2693 1226 2734 sunt
1264 2681 1476 2734 mulieri
1527 2679 1648 2734 dure
1686 2681 1790 2735 alte
1834 2681 2028 2750 aquila:

443 2787 647 2840 magna:
676 2782 734 2824 ut
778 2771 981 2826 volaret
1031 2773 1086 2826 in
1132 2772 1398 2827 desertum
1446 2774 1514 2824 ad
1549 2771 1723 2824 locum
1751 2789 1926 2836 suum,
1970 2780 2028 2824 ut

443 2864 518 2916 ibi
552 2864 736 2917 alatur
760 2881 851 2932 per
891 2877 1092 2933 tempus
1126 2876 1174 2920 et
1217 2878 1454 2936 τριηροιό
1490 2873 1539 2919 et
1580 2864 1866 2917 dimidium
1895 2873 2029 2916 tem-

440 2957 584 3023 poris
619 2973 653 3009 a
686 2956 822 3025 facie
859 2959 1137 3027 serpentis.
1184 2956 1254 3010 Et
1285 2958 1418 3026 jecit
1451 2973 1662 3025 serpens
1700 2971 1766 3009 ea:
1809 2971 1898 3009 ore
1933 2972 2029 3009 suo

443 3068 639 3120 aquam
698 3061 814 3120 post
857 3052 1134 3106 mulierem
1189 3061 1443 3122 tanquam
1489 3051 1709 3120 ﬂumen,
1755 3058 1810 3102 ut
1857 3049 2030 3118 ipsam

443 3145 563 3212 rapi
592 3145 788 3214 faceret
818 3161 850 3196 a
879 3143 1120 3213 flumine,
1153 3144 1358 3214 fuitque
1383 3152 1528 3196 terra
1564 3143 1779 3195 mulieri
1801 3140 2028 3206 auxilio,

2111 596 2359 666 συνεργῷ
2383 596 2721 668 χρησάμενοι
2749 595 2830 664 τῷ
2851 595 3046 665 αἵματι
3066 595 3161 648 τοῦ
3206 597 3447 666 Ἀρνίου.
3475 599 3688 670 Ὠσπερ

2109 689 2220 757 γὰρ
2247 689 2454 750 ἐκεῖνος
2491 687 2590 756 οὐχ
2626 687 2769 757 ὑπὲρ
2795 685 2990 740 ἑαυτοῦ
3020 686 3082 738 τὸ
3118 675 3250 740 ἴδιον
3279 681 3418 757 αἷμα
3449 688 3688 760 ἐξέχεεν,

2110 781 2224 840 ἀλλ’
2253 781 2392 850 ὑπὲρ
2414 779 2590 850 ἡμῶν,
2619 777 2764 831 οὕτω
2785 780 2879 832 καὶ
2900 780 2948 832 oi
2979 777 3214 848 Χριστοῦ
3249 779 3520 851 μάρτυρες
3545 779 3693 852 ζήλῳ

2113 871 2212 939 τῆς
2256 869 2473 938 σφαγῆς
2504 867 2597 920 τοῦ
2627 866 2838 922 ἑαυτῶν
2891 866 3164 919 Δεσπότου
3193 866 3289 919 καὶ
3334 865 3434 934 τῆς
3482 867 3693 921 ἑαυτῶν

2111 961 2291 1032 ψυχῆς
2337 959 2561 1028 καὶτῆς
2596 959 2740 1028 ζωῆς
2789 959 3120 1029 προέκριναν
3160 957 3258 1028 τὴν
3309 955 3544 1029 μίμησιν
3588 957 3689 1013 τοῦ

2113 1052 2446 1107 Δεσποτικοῦ
2473 1052 2701 1115 πάθους.

2188 1145 2334 1199 Οὐαὶ
2380 1143 2456 1212 τῇ
2479 1142 2558 1212 τῇ
2586 1143 2687 1197 καὶ
2717 1142 2789 1211 τῇ
2816 1142 3122 1212 θαλάσσῃ.
3175 1143 3250 1196 Οὐ
3291 1146 3358 1216 τῇ
3385 1141 3696 1214 ἀναισθήτῳ

2118 1236 2296 1290 κτίσει
2327 1235 2389 1289 τὺ
2417 1235 2561 1297 οὐαὶ,
2601 1234 2740 1294 ἀλλὰ
2766 1235 2878 1298 τοῖς
2903 1235 3070 1304 γήϊνα
3096 1233 3354 1304 φρονοῦσι
3385 1235 3479 1288 καὶ
3505 1235 3700 1297 σποδὸς

2117 1325 2258 1386 οὖσι.
2287 1328 2446 1382 Κατὰ
2467 1327 2675 1382 τούτων
2703 1329 2812 1397 γὰρ
2841 1327 2869 1379 ὁ
2899 1327 3079 1389 κοινδς
3106 1325 3299 1398 ἐχθρὸς
3331 1327 3699 1396 στρατευόμε-

2117 1438 2228 1487 νος,
2275 1419 2337 1473 τὸ
2381 1418 2576 1473 ἑαυτοῦ
2630 1417 2971 1487 καταθύμιον
3030 1419 3240 1472 ἀνύσει.
3299 1419 3426 1479 Τοῖς
3470 1417 3700 1486 νήφουσι

2117 1511 2228 1582 γὰρ
2273 1510 2368 1563 καὶ
2414 1508 2553 1579 πρὸς
2595 1507 2738 1561 Θεὸν·
2776 1507 3216 1576 ἀνατεινομὲνοις
3250 1507 3308 1558 ού
3354 1505 3515 1575 μόνον
3564 1502 3700 1572 πρὸς

2122 1601 2326 1672 βλάϐην
2349 1601 2410 1654 οὺ
2441 1599 2835 1667 καταϐήσεται,
2860 1597 2998 1652 ἀλλὰ,
3023 1596 3117 1651 καὶ
3139 1597 3276 1667 πρὸς
3307 1594 3599 1664 ὠφέλειαν,
3627 1593 3704 1653 ὡς

2119 1688 2646 1762 διαγυμναζομένοις
2684 1689 2790 1742 ὑπὸ
2831 1687 3177 1760 παιδοτρίϐῃ,
3215 1687 3311 1739 καὶ
3342 1687 3458 1748 τοῖς
3501 1699 3702 1753 πειρα·

2124 1792 2281 1859 σμοῖς
2304 1783 2695 1856 ὼκιμωτέροις
2732 1779 3209 1851 ἀποτελουμένοις.
3252 1777 3482 1831 Πλείονα
3510 1776 3570 1829 δὲ
3611 1773 3704 1827 τδν

2125 1879 2297 1950 θυμὸν
2339 1878 2483 1943 ἕξειν
2525 1877 2679 1947 φησὶ,
2718 1873 2781 1928 τὸ
2824 1872 3086 1940 ὑπόγυιον
3125 1873 3225 1944 τῆς
3246 1868 3413 1926 αὐτοῦ
3444 1867 3705 1931 πτώσεως

2124 1971 2496 2042 λογιζόμενος.

2709 2186 2964 2244 ΚΕΦΛΛ.
3005 2165 3128 2239 Λευ.

2129 2303 2330 2368 Ὅπως
2391 2303 2423 2355 ὁ
2475 2297 2712 2369 δράκων
2759 2297 2987 2383 διώκων
3037 2293 3155 2364 τὴν
3227 2293 3601 2356 Ἐκκλησίαν
3637 2293 3716 2347 οὐ

2784 2382 3059 2420 παυεται.

2199 2508 2306 2563 Καὶ
2331 2506 2428 2562 ὅτε
2453 2502 2614 2562 εἶδεν
2634 2509 2666 2559 ὀ
2687 2503 2926 2573 δράκων
2951 2503 3040 2556 ὅτι
3070 2501 3299 2566 ἐϐλήοη
3331 2503 3418 2566 εἰς
3440 2500 3554 2566 τὴν
3576 2499 3714 2569 γῆν,

2128 2601 2339 2664 ἐδίωξε
2377 2599 2492 2667 τὴν
2532 2598 2786 2669 γυναῖκα
2818 2597 2949 2663 ἣτις
2981 2596 3149 2649 ἔτεκε
3176 2595 3283 2647 τὸν
3330 2594 3571 2661 ἄρρενα.
3607 2593 3712 2644 Καὶ

2127 2692 2433 2756 ἐδόθησαν
2448 2688 2521 2758 τῇ
2546 2688 2785 2757 γυναικὶ
2807 2687 2918 2740 δύο
2947 2685 3239 2754 πτέρυγες
3269 2682 3378 2737 τοῦ
3398 2682 3576 2736 ἀετοῦ
3602 2680 3711 2734 τοῦ

2124 2781 2416 2852 μεγάλου,
2459 2780 2560 2833 ἳνα
2591 2777 2839 2844 πέτηται
2861 2778 2950 2842 εὶς
2982 2775 3098 2842 τὴν
3125 2776 3351 2843 ἔρημον
3377 2775 3463 2838 εὶς
3483 2772 3592 2824 τὸν
3619 2770 3718 2824 τό-

2130 2888 2250 2928 πον
2297 2871 2510 2939 αὐτῆς,
2545 2873 2708 2937 ὅπως
2734 2870 3021 2938 τρέφηται
3056 2866 3179 2922 ἐκεῖ
3206 2866 3437 2936 καιρὸν,
3471 2863 3567 2918 καὶ
3595 2879 3721 2915 και·

2124 2963 2294 3030 ροὺς,
2321 2961 2415 3014 καὶ
2449 2960 2639 3028 ἥμισυ
2663 2957 2870 3025 καιροῦ
2889 2958 3009 3012 ἀπὸ
3029 2957 3353 3026 προσώπου
3373 2956 3480 3010 τοῦ
3505 2955 3713 3024 ὄφεως.

2131 3052 2242 3108 Καὶ
2271 3050 2491 3104 ἔϐαλεν
2523 3052 2556 3104 ό
2595 3047 2730 3118 ὄφις
2754 3049 2823 3102 ἐκ
2846 3047 2951 3100 τοῦ
2982 3047 3284 3115 στόματος
3311 3044 3502 3099 αὑτοῦ
3526 3045 3722 3098 ὀπίσω

2132 3140 2242 3210 τῆς
2284 3139 2574 3211 γυναικὸς
2608 3139 2768 3207 ὕδωρ
2809 3139 2888 3205 ὡς
2915 3138 3208 3205 ποταμὸν,
3245 3138 3346 3190 ἵνα
3376 3137 3571 3202 αὐτὴν
3618 3150 3727 3186 πο-

442 3211 739 3303 etiaperuit
773 3211 918 3288 terra
960 3252 1016 3288 os
1053 3211 1230 3300 suum,
1265 3211 1313 3288 et
1351 3233 1624 3288 absorbuit
1656 3233 1857 3303 [lumen
1888 3231 2029 3303 quod

2133 3233 2545 3302 ταμοφόρητον
2593 3229 2844 3297 ποιήσῃ,
2886 3229 2985 3282 καὶ
3029 3227 3367 3296 ἐϐοήθησεν
3415 3229 3453 3296 ἠ
3516 3224 3600 3296 γεῆ
3645 3224 3722 3291 τῇ

433 3323 639 3393 jecerat
693 3325 858 3378 draco
902 3340 968 3379 ea:
1014 3341 1102 3378 ore
1145 3341 1262 3379 suo.
1305 3323 1376 3378 Et
1417 3325 1593 3377 iratus
1638 3333 1711 3377 est
1763 3324 1924 3378 draco
1973 3321 2029 3374 in

443 3415 738 3480 mulierem,
767 3425 815 3471 et
852 3417 986 3469 abiit
1017 3424 1075 3469 ut
1112 3419 1459 3469 committeret
1494 3413 1740 3485 prtelium
1773 3413 2028 3468 adversus

444 3505 673 3575 reliquos
703 3507 766 3560 de
797 3507 993 3560 semine
1017 3507 1151 3572 ejus,
1182 3507 1271 3576 qui
1294 3507 1599 3560 custodiunt
1621 3515 1884 3576 prtecepta
1911 3505 2025 3573 Dei,

446 3608 497 3650 et
529 3597 720 3651 habent
761 3599 1124 3651 testimonium
1150 3597 1306 3652 Jesu.

2135 3319 2398 3391 γυναικὶ,
2449 3317 2548 3372 καὶ
2578 3316 2826 3385 ἤνοιξεν
2866 3318 2904 3385 τι
2943 3316 3020 3386 γῆ
3066 3317 3133 3371 τὸ
3161 3321 3356 3387 στόμα
3397 3316 3586 3383 αὐτῆς
3624 3314 3725 3369 καὶ

2136 3413 2376 3465 κατέπιε
2402 3411 2509 3465 τὸν
2537 3411 2811 3480 ποταμὸν
2840 3410 2912 3464 ὃν
2950 3411 3172 3466 ἔϐαλεν
3205 3414 3238 3466 ὁ
3263 3412 3501 3480 δράκων
3525 3410 3595 3463 ἐκ
3620 3407 3726 3461 τοῦ

2135 3505 2436 3574 στόματος
2479 3502 2688 3558 αὑτοῦ.
2739 3504 2849 3558 Καὶ
2891 3503 3154 3572 ὠργίσθη
3205 3507 3238 3558 ό
3263 3505 3498 3573 δράκων
3525 3503 3622 3558 ἐπὶ
3651 3499 3728 3568 τῇ

2134 3597 2399 3667 γυναικί,
2439 3597 2539 3650 καὶ
2559 3595 2797 3665 ἀπῆλθε
2822 3596 3078 3666 ποιῆσαι
3114 3598 3383 3668 πόλεμον
3414 3597 3564 3666 μετὰ
3610 3593 3732 3648 τῶν

443 3687 674 3742 λοιπῶν
696 3688 800 3743 τοῦ
825 3688 1167 3758 σπέρματος
1191 3685 1380 3756 αὐτῆς
1402 3686 1522 3742 τῶν
1579 3687 1921 3756 τηρούντων
1949 3687 2056 3754 τὰς
2118 3688 2375 3754 ἐντολὰς
2416 3688 2525 3742 τοῦ
2577 3689 2748 3756 Θεοῦ,
2796 3688 2894 3742 καί
2933 3689 3198 3758 ἐχόντων
3250 3689 3366 3759 τὴν
3395 3687 3734 3760 μαρτυρίαν

458 3775 685 3845 Ἰησοῦ.

521 3869 627 3936 Qui
679 3869 965 3924 mulierem
1025 3869 1410 3925 intellexerunt
1454 3867 1550 3922 Dei
1605 3867 1858 3933 Matrem,
1916 3869 2031 3926 inec

451 3959 610 4014 aiunt
637 3974 758 4014 esse
779 3959 1161 4028 repetitionem
1196 3973 1386 4012 eorum
1422 3973 1544 4027 quae
1570 3957 1682 4027 jam
1708 3958 1850 4012 dicta
1881 3968 2031 4013 sunt.

450 4049 642 4119 Neque
674 4051 821 4104 enim
854 4051 956 4106 hoc
988 4051 1142 4115 dicit,
1176 4050 1322 4119 quod
1361 4058 1650 4119 postquam
1699 4049 1833 4104 vidit
1867 4051 2034 4104 draco

449 4144 596 4212 quod
639 4144 915 4212 proiectus
955 4154 1097 4198 esset
1148 4141 1202 4196 in
1253 4152 1476 4207 terram,
1514 4143 1781 4196 continuo
1839 4158 2031 4212 perse-

451 4244 615 4290 cutus
645 4245 731 4290 est
785 4237 1073 4291 mulierem
1107 4251 1120 4287 :
1157 4234 1251 4290 sed
1307 4235 1564 4303 quoniam
1600 4233 1760 4304 757
1794 4222 2032 4303 scipsum

449 4322 588 4376 vidit
621 4323 787 4377 draco
830 4323 973 4377 inter
1012 4339 1106 4378 eos
1155 4323 1246 4393 qui
1301 4322 1430 4377 mali
1463 4333 1640 4387 erant,
1675 4323 1932 4393 quodque
1966 4325 2036 4379 ab

453 4414 697 4484 angelica
758 4415 1037 4468 exciderat
1095 4415 1380 4484 dignitate,
1439 4415 1679 4470 crudelis
1738 4415 2033 4470 admodum

2211 3867 2274 3920 Οἱ
2302 3867 2399 3938 τὴν
2433 3869 2668 3935 γυναῖκα
2688 3868 2768 3930 είς
2790 3867 2889 3938 τὴν
2911 3867 3006 3921 τοῦ
3033 3869 3240 3938 Κυρίου
3268 3869 3501 3939 Μητέρα
3526 3867 3735 3938 ἐξειλη-

2141 3959 2302 4028 φότες
2343 3958 2689 4029 ἐπανάληψίν
2726 3976 2857 4028 φασι
2895 3959 3074 4013 ταῦτα
3117 3960 3226 4012 τῶν
3265 3961 3366 4031 ἤδη
3396 3962 3728 4030 εἰρημένων.

2137 4052 2211 4105 Ού
2251 4051 2360 4122 γὰρ
2393 4051 2554 4103 τοῦτο
2579 4050 2739 4119 ιλέγει
2780 4052 2862 4103 ὅτι
2898 4053 3018 4121 μεθ’
3045 4052 3071 4104 ὃ
3119 4047 3258 4104 εἶδεν
3297 4053 3324 4104 ὁ
3377 4051 3596 4120 δράκων
3647 4052 3731 4104 ὅτι

2135 4125 2336 4210 ἐϐλήθη
2363 4142 2440 4203 εἰς
2472 4141 2570 4208 τὴν
2593 4142 2716 4209 γῆν,
2745 4140 2908 4204 εὐθὺς
2954 4140 3142 4193 ἐδίωκε
3184 4142 3282 4210 τὴν
3311 4143 3567 4209 γυναῖκα)
3614 4141 3730 4194 ἀλλ’

2141 4232 2329 4303 ἐπειδὴ
2351 4231 2489 4284 εἶδεν
2511 4231 2700 4285 ἑαυτὸν
2719 4233 2745 4284 ὁ
2762 4233 2977 4302 δράκων
3003 4235 3060 4283 ὲν
3078 4227 3156 4294 οἷς
3175 4232 3390 4302 ὑπῆρχε
3408 4235 3569 4286 κακοί
3575 4251 3619 4294 ς,
3637 4233 3734 4286 καὶ

2140 4328 2222 4380 ὅτι
2256 4325 2580 4379 ὲκπέπτωκε
2613 4325 2714 4394 τῆς
2748 4325 3048 4395 ἀγγελικῆς
3075 4325 3254 4390 ἀξίας,
3309 4324 3505 4396 πικρὸς
3540 4324 3736 4392 γέγονε

2141 4417 2262 4469 λίαν
2301 4418 2444 4471 κατὰ
2479 4416 2587 4469 τῶν
2608 4415 2949 4487 ὰνθρὼπων.⁴
2975 4417 3036 4469 Οἱ
3070 4415 3124 4468 δὲ
3152 4415 3356 4485 ταύτην
3399 4415 3603 4484 δηλαδὴ
3631 4415 3734 4484 τὴν

452 4508 633 4562 factus
661 4515 747 4562 est
793 4508 1059 4562 adversus
1102 4507 1376 4562 homines.
1425 4507 1529 4574 Qui
1575 4525 1702 4562 vero
1738 4509 1878 4563 hanc
1912 4525 2035 4563 ηιιι-

2142 4512 2374 4578 γυναῖκα
2393 4509 2526 4579 πρὸς
2545 4509 2641 4580 τὴν
2677 4509 3008 4580 Ἐκκλησίαν
3035 4508 3569 4579 μεταλαμϐάνοντες,
3589 4508 3734 4560 οὓτω

453 4601 642 4656 licrem
692 4600 761 4654 ad
805 4601 1104 4656 Ecclesiam
1145 4600 1410 4666 referunt,
1445 4601 1519 4655 ita
1550 4602 1617 4656 de
1649 4602 1763 4671 ipsa
1797 4602 2038 4673 loquun-

454 4701 545 4745 tur
580 4707 594 4743 :
626 4691 771 4760 quod
795 4693 886 4746 ubi
922 4693 1056 4746 vidit
1091 4693 1361 4758 diabolus,
1399 4693 1491 4763 qui
1519 4703 1642 4762 post
1676 4695 1943 4762 baptisma
1973 4694 2042 4748 ad

453 4783 880 4852 expugnandum
906 4783 1186 4839 Christum
1213 4797 1542 4852 accesserat,
1570 4803 1629 4843 se
1654 4787 1857 4842 victum
1883 4803 2004 4843 esse
2027 4806 2039 4842 :

457 4874 711 4928 similiter
779 4875 942 4929 etiam
983 4877 1130 4946 quod
1171 4887 1417 4934 armatus
1461 4879 1724 4934 adversus
1765 4880 1937 4948 ipsius
1969 4879 2046 4933 di-

456 4967 701 5036 scipulos
733 4968 996 5024 confusus
1031 4981 1196 5037 esset,
1228 4972 1356 5026 dum
1383 4973 1457 5026 illi
1483 4989 1581 5042 per
1610 4982 1839 5026 mortem
1878 4972 2042 5029 vitam

458 5057 563 5111 sub
591 5056 810 5115 ChriSto
852 5061 999 5114 nacti
1049 5072 1257 5127 essent,
1305 5062 1550 5131 seipsum
1589 5078 1717 5117 vero
1753 5064 1806 5118 in
1842 5071 2042 5118 terram

455 5150 754 5220 relegatum
790 5166 916 5207 esse
967 5162 1026 5207 ut
1073 5161 1277 5208 terram
1333 5154 1538 5222 ederet,
1580 5171 1675 5210 eos
1723 5170 1919 5225 nempe
1949 5154 2043 5224 qui

456 5248 735 5296 terrenum
768 5243 1030 5300 haberent
1059 5261 1307 5309 sensum,
1334 5247 1582 5316 nihilque
1611 5257 2042 5318 assequerontur

458 5334 701 5389 caelestis
731 5337 1129 5394 reviviscentiae
1150 5353 1216 5395 ac
1238 5338 1582 5409 splendoris:
1609 5341 1774 5410 coepit
1797 5356 2044 5410 rursum,

459 5422 661 5496 inquit,
706 5428 960 5498 persequi
1012 5429 1311 5485 Ecclesiam
1334 5471 1348 5493 ,
1384 5445 1449 5484 ex
1505 5431 1664 5500 cujus
1696 5441 1857 5501 partu
1891 5442 2046 5488 ortus

460 5525 546 5570 est
586 5520 865 5576 masculus
896 5520 1116 5576 Domini
1159 5521 1416 5593 populus,
1459 5523 1594 5577 nihil
1641 5523 1904 5578 muliebre
1954 5529 2051 5577 aut

465 5604 633 5662 molle
659 5621 767 5676 prae
799 5623 859 5663 se
887 5608 1072 5666 ferens
1098 5625 1292 5667 eorum
1328 5627 1452 5683 qua:
1485 5628 1578 5684 per
1608 5613 1773 5684 hujus
1801 5613 1926 5668 vitae
1951 5629 2050 5670 vo-

469 5693 705 5763 luptates
751 5708 880 5754 nata
919 5709 1052 5755 sunt
1080 5701 1330 5759 animum
1361 5702 1682 5772 dissolvere,
1718 5703 2046 5775 mollemque

475 5794 538 5835 ac
568 5783 839 5850 torpidutn
867 5789 1107 5846 reddere.

2146 4623 2262 4669 πως
2305 4607 2435 4676 περὶ
2486 4606 2658 4676 αὐτῆς
2697 4622 2882 4671 φασιν,
2915 4605 2996 4658 ὅτι
3025 4605 3112 4657 ὅτε
3146 4600 3287 4656 εἶδεν
3325 4605 3350 4656 ὁ
3373 4602 3619 4664 διὰὗολος
3656 4601 3735 4671 τῷ

2145 4695 2367 4766 Χριστῷ
2399 4695 2535 4766 μετὰ
2561 4696 2621 4748 τὸ
2647 4695 2932 4765 βάπτισμα
2954 4693 3368 4764 προσπαλαίσας
3394 4695 3474 4746 ὅτι
3497 4691 3733 4762 ἡττήθη,

2147 4786 2409 4850 ὡσαύτως
2433 4790 2527 4840 καὶ
2552 4787 2633 4839 ὅτι
2659 4786 2796 4854 πρὸς
2820 4789 2946 4850 τοὺς
2974 4787 3140 4840 αὑτοῦ
3168 4786 3415 4855 μαθητὰς
3437 4785 3735 4851 ὁπλισάμε-

2147 4896 2236 4941 νος
2256 4878 2527 4950 ᾐσχύνθη,
2548 4879 2634 4932 διᾶ
2657 4878 2889 4932 θανάτου
2910 4879 3034 4941 τοὺς
3061 4878 3200 4947 ὑπὲρ
3222 4877 3462 4948 Χριστοῦ
3479 4875 3624 4946 ζωὴν
3647 4877 3740 4929 εὑ-

2151 4973 2414 5044 ρομένους
2435 5015 2449 5038 ,
2485 4972 2676 5025 ἑαυτὸν
2704 4973 2790 5034 δὲ,
2843 4971 2918 5035 ὥς
2949 4988 3136 5042 φησιν,
3180 4972 3259 5033 είς
3303 4972 3408 5040 γῆν
3431 4969 3736 5023 καταδικα-

2151 5065 2345 5118 σθέντα
2386 5065 2464 5128 είς
2507 5065 2568 5117 τὸ
2605 5065 2708 5134 γῆν
2733 5063 2957 5127 ἐσθίειν,
2993 5063 3118 5128 τοὺς
3157 5061 3360 5133 δηλαδὴ
3397 5060 3622 5130 γεώδεις
3676 5061 3738 5114 τὸ

2151 5157 2408 5228 φρόνημα
2433 5157 2527 5211 καὶ
2553 5157 2722 5228 μηδὲν
2747 5160 2848 5228 τῆς
2877 5157 3132 5228 οὐρανίου
3156 5155 3530 5226 κεκτημένους
3549 5155 3736 5208 παλιν-

2153 5249 2320 5313 ζωϊας
2349 5267 2408 5303 τε
2439 5251 2532 5303 καὶ
2562 5249 2970 5320 λαμπρότητος,
3002 5247 3205 5320 ἤρξατο
3233 5247 3417 5312 πάλιν,
3449 5246 3604 5317 φησὶ,
3637 5247 3734 5316 τὴν

2165 5342 2493 5414 Ἐκκλησίαν
2515 5341 2756 5406 διώκειν,
2785 5340 2845 5406 ἐξ
2874 5336 2942 5413 ἦς
2969 5342 2998 5394 ὁ
3021 5340 3198 5412 ἄρρην
3220 5339 3316 5393 τοῦ
3348 5338 3558 5407 Κυρίου
3583 5337 3731 5400 λαὸς,

2151 5432 2179 5485 ὁ
2216 5431 2380 5500 μηδὲν
2428 5431 2778 5503 θηλυπρεπὲς
2816 5431 2998 5501 φέρων
3046 5430 3155 5482 τῶν
3210 5430 3332 5491 ταῖς
3379 5427 3593 5498 ἡδοναῖς
3638 5443 3732 5478 πε-

2153 5524 2406 5593 φυκότων
2455 5525 2610 5581 τοῦδε
2663 5523 2758 5582 τοῦ
2811 5524 2930 5596 βίου
2983 5522 3199 5578 ἐκλύειν
3261 5521 3356 5576 καὶ
3415 5519 3734 5592 μαλακίςειν

2153 5615 2369 5689 ἐτέχθη.
