4110 6420
301 397 407 464 669

1360 385 1746 446 COMMENT.
1790 385 1875 444 IN
1917 383 2454 446 APOCALYPSIN.

3477 387 3586 450 670

371 509 482 568 Kal
513 508 820 574 ἐδόθησαν
865 502 940 570 τῇ
974 499 1230 570 ’γυναικὶ
1263 500 1374 554 δύο
1427 500 1720 568 πτέρυγες
1772 497 1880 551 τοῦ
1909 545 1913 554 .

2052 499 2124 552 Ει
2149 500 2292 554 data:
2311 509 2437 552 sunt
2471 498 2686 552 mulieri
2713 499 2838 551 duce
2855 497 2958 550 alia
2987 495 3181 566 aquila
3204 511 3432 564 umqum.
3461 496 3586 552 Non

305 602 482 660 ἀετοῦ
512 601 620 656 τοῦ
641 597 932 668 μεγάλου.
963 596 1038 650 Ού
1060 593 1341 662 γέγονενή
1372 595 1532 661 γυνὴ,
1567 591 1754 662 φησὶν,
1784 591 1891 644 ὑπὸ

307 697 467 764 χεῖρα
494 691 590 746 τοῦ
622 689 862 752 Σατανᾶ,
891 685 1029 740 ἀλλὰ
1052 685 1170 746 ταῖς
1195 683 1467 745 δοθείσαις
1489 682 1610 736 δυσὶ
1632 682 1890 751 πτέρυξιν

308 787 510 854 ἔφυγεν
540 783 621 845 εἰς
679 779 778 850 τὴν
809 777 1040 849 ἔρημον.
1074 776 1362 846 Πτέρυγας
1415 773 1510 828 δύο
1559 773 1706 842 λέγει
1756 789 1893 842 χρη-

311 879 622 951 ματισμοὺς
673 875 828 946 παρὰ
875 873 988 928 τῶν
1033 871 1304 941 ἀγγέλων,
1347 870 1442 923 ἕνα
1477 869 1577 938 μὲν
1620 868 1714 921 τὸν
1763 868 1891 929 τοὺς

311 973 535 1042 Μάγους
573 970 648 1041 μὴ
678 966 1004 1038 ἀνακάμψαι
1059 965 1198 1036 πρὸς
1234 961 1486 1034 Ἡρώδην
1513 961 1894 1030 διαστειλάμε-

313 1083 406 1120 νον
429 1081 445 1096 ’
474 1063 664 1133 ἕτερον
694 1061 752 1114 δὲ
779 1059 892 1124 τὸν,
925 1079 942 1111 ι
971 1057 1148 1126 Φεῦγε
1169 1058 1247 1119 εἰς
1265 1055 1564 1122 Αἴγυπτον,
1589 1053 1890 1122 φάσκοντα,

314 1157 410 1210 καὶ
443 1155 552 1208 ἴσθι
593 1155 750 1206 ἐκεῖ·
791 1169 810 1203 ι
845 1151 970 1220 ἥτις
1000 1145 1068 1220 ἦν
1096 1150 1304 1217 ἔρημος
1337 1144 1676 1208 θεοσεϐείας.
1707 1145 1772 1197 Ὃ
1807 1143 1902 1196 uel.

315 1245 648 1317 παράδοξον,
679 1246 738 1296 ὲν
769 1243 992 1296 ἀσεϐέσι
1021 1242 1084 1294 τὸ
1109 1241 1266 1293 Θεῖον
1295 1238 1662 1310 ἐκτραφῆναι.
1691 1235 1902 1304 Καιρὸν

314 1339 372 1392 δὲ
403 1339 496 1392 καὶ
527 1335 756 1406 καιροὺς
779 1334 872 1388 καὶ
899 1334 1072 1404 ἥμισυ
1103 1331 1324 1402 καιροῦ,
1353 1331 1454 1399 τὴν
1491 1327 1776 1398 διατριϐὴν
1804 1326 1904 1396 τὴν

317 1431 398 1492 εἰς
432 1429 638 1499 ἔρημον
674 1429 845 1496 σχεῖν,
880 1425 908 1478 ὃ
931 1427 1012 1488 εἰς
1039 1425 1168 1495 τρία
1200 1423 1296 1492 ἔτη
1347 1424 1444 1476 καὶ
1477 1421 1652 1491 ἥμισυ
1707 1435 1904 1487 συγκε-

316 1520 645 1589 φαλαιοῦνται
685 1517 782 1572 τοῦ
815 1517 914 1588 τῆς
945 1517 1091 1586 ζωῆς
1126 1515 1372 1588 Ἡρώδου
1403 1514 1622 1587 χρόνου.

393 1695 502 1750 Καὶ
552 1695 770 1748 ἔϐαλεν
798 1694 832 1748 ὁ
877 1693 1013 1760 ὄφις
1055 1690 1126 1744 ἐκ
1165 1690 1269 1744 τοῦ
1337 1688 1640 1757 στόματος
1689 1685 1904 1740 αὐτοῦ.

315 1787 430 1858 Τῆς
465 1785 760 1854 ἐπιϐουλῆς
787 1781 1078 1852 ἀποτυχὼν
1124 1781 1225 1848 τῆς
1255 1781 1398 1834 κατὰ
1436 1781 1534 1847 τῆς
1565 1778 1844 1847 Παρθένου
1881 1779 1909 1831 ὁ

311 1841 461 1944 δφὶξ,
487 1873 657 1944 ἄλλην
687 1841 818 1942 ἡμῖν
855 1841 1162 1926 ἐνεκαίνισε
1181 1841 1337 1923 ’κατὰ
1361 1869 1461 1937 τῆς
1489 1841 1773 1938 Παρθένου
1808 1867 1906 1920 καὶ
1943 1841 1982 1896 Β

310 1967 412 2020 τοῦ
445 1967 651 2036 ταύτης
683 1963 816 2019 Υἱοῦ
846 1963 1298 2034 δραματουργίαν
1341 1952 1485 2014 ιῖατά
1533 1959 1625 2012 τὸν
1673 1958 1906 2028 σταυρὸν

311 2059 520 2127 λέγων,
551 2058 620 2112 δι’
649 2051 725 2114 ὧν
748 2059 844 2112 καὶ
875 2059 945 2128 τῇ
971 2055 1162 2123 Μητρὶ
1193 2055 1295 2119 τὴν
1323 2053 1412 2108 διὰ
1464 2053 1526 2106 τὺ
1561 2053 1734 2115 πάθος
1781 2053 1909 2106 ἀπι-

312 2152 474 2204 στίαν
535 2149 886 2215 ἑνεσκεύαζε,
943 2147 1040 2202 καὶ
1099 2145 1180 2215 τῷ
1227 2145 1343 2216 Υἱῷ
1389 2145 1490 2216 τὴν
1543 2144 1632 2198 διὰ
1672 2142 1906 2196 θανάτου

311 2245 619 2298 ἀπώλειαν.
657 2242 906 2312 Ποταμὸν
957 2241 1016 2294 δὲ
1059 2242 1124 2293 ἐκ
1171 2236 1268 2291 τοῦ
1310 2235 1578 2306 στόματός
1638 2239 1776 2304 φησί
1817 2234 1908 2286 τὸν

314 2336 448 2402 ὅφιν
473 2333 726 2386 ἐκϐαλεῖν
749 2332 874 2395 τοὺς
907 2329 1278 2401 πειρασμοὺς,
1316 2329 1392 2391 ὡς
1419 2326 1654 2397 σύνηθες
1687 2326 1908 2386 τούτους

311 2427 400 2490 εἰς
437 2426 581 2495 ὕδωρ
610 2426 706 2478 καὶ
746 2423 1028 2494 ποταμοὺς
1073 2422 1400 2490 ὰλληγορεῖν
1435 2421 1504 2489 τῇ
1548 2419 1736 2488 Γραφῇ
1771 2417 1906 2487 (55).

312 2517 573 2586 Ποταμὸν
593 2516 710 2581 οὖν,
737 2517 796 2568 ὲν
823 2515 902 2585 τῷ
940 2513 1104 2569 πάθει
1131 2511 1229 2566 τοῦ
1260 2511 1468 2582 Κυρίου
1501 2509 1819 2580 πειρασμὸν
1841 2511 1909 2579 τῇ

313 2608 508 2677 Μητρὶ
539 2607 892 2675 ἐγγινόμενον
931 2605 1102 2674 λέγει.
1145 2605 1243 2657 Ὃν
1282 2602 1380 2656 καὶ
1424 2602 1652 2671 Συμεὼν
1697 2601 1726 2652 ὁ
1773 2617 1911 2671 πρε-

317 2699 532 2768 σϐύτης
561 2699 698 2767 φησὶ
721 2700 788 2768 τῇ
821 2697 1086 2768 Παρθένῳ
1107 2714 1120 2728 ·
1153 2714 1171 2747 ι
1210 2695 1322 2748 Καὶ
1351 2694 1444 2747 σοῦ
1496 2693 1555 2746 δὲ
1602 2693 1773 2762 αὐτῆς
1811 2693 1910 2762 τὴν

313 2791 502 2862 ψυχὴν
535 2790 870 2844 διελεύσεται
924 2788 1189 2860 ῥομφαία.
1247 2805 1266 2838 ι
1326 2787 1436 2838 Καὶ
1469 2785 1530 2838 τδ
1587 2785 1778 2848 αῐτιον,
1829 2786 1910 2844 εὶς

316 2884 640 2954 παράτασιν
669 2881 764 2936 τοῦ
794 2880 1012 2952 ἀληθῶς
1057 2879 1230 2948 αὐτὴν
1271 2878 1535 2948 ὼδινῆσαι
1577 2876 1670 2930 καὶ
1707 2877 1909 2941 τεκεῖν,

319 2974 444 3029 ἀλλ’
465 2975 527 3028 οὐ
559 2973 854 3046 φαντασία.

395 3065 505 3120 Καὶ
542 3063 882 3131 ἐϐοήθησεν
919 3061 959 3130 ἡ
991 3059 1066 3130 γῆ
1104 3059 1182 3127 τῇ
1207 3057 1468 3129 γυναικί.
1507 3056 1582 3110 Τὸ
1615 3056 1714 3126 μὲν
1748 3071 1916 3108 κατα-

1999 590 2238 654 devenit,
2273 588 2476 656 inquit,
2509 589 2706 641 mulier
2734 587 2789 640 in
2821 601 3020 641 manus
3058 585 3298 648 Satanae,
3321 586 3417 639 sed
3441 585 3589 642 datis

2001 682 2106 736 sibi
2137 682 2351 736 duabus
2387 681 2489 734 alis
2519 679 2658 751 fugit
2683 681 2738 734 in
2769 681 3072 734 desertum.
3107 678 3256 731 Duas
3291 679 3410 732 alas
3457 677 3590 732 dicit

2001 774 2222 828 oracula
2255 775 2324 827 ab
2345 773 2550 843 angelis
2585 773 2711 826 data
2749 789 2763 824 :
2799 785 2970 824 unum
2999 768 3222 837 quidem
3255 759 3366 836 quo
3413 766 3588 835 Magis

2000 877 2328 937 praeceptum
2347 876 2432 921 est
2457 879 2524 920 ne
2541 863 2785 918 redirem
2799 865 2864 915 ad
2889 860 3186 924 Herodem,
3205 861 3437 914 alterum
3461 871 3592 912 vero

2001 974 2113 1028 quo
2133 959 2338 1012 dictum
2363 965 2447 1012 est
2471 973 2486 1011 :
2511 975 2530 1006 ι
2561 955 2710 1024 Fuge
2737 953 2790 1006 in
2820 951 3186 1023 Egyptumcl
3209 960 3328 1006 esto
3362 949 3435 1003 ibi
3457 950 3528 1012 '“,
3565 966 3586 998 δ

2002 1065 2126 1120 quae
2153 1051 2370 1105 deserta
2399 1055 2518 1102 erat
2551 1062 2582 1100 a
2615 1045 2804 1099 divino
2831 1045 2981 1098 cultu
3036 1061 3050 1097 :
3117 1042 3262 1112 quod
3291 1042 3458 1096 etiam
3493 1039 3592 1093 ad-

2006 1141 2314 1194 mirandum
2373 1147 2534 1202 erat,
2589 1151 2784 1205 nempe
2835 1133 3080 1188 divinum
3133 1131 3396 1186 infantem
3451 1131 3594 1185 inter

2005 1233 2206 1302 impios
2257 1229 2513 1286 enutriri.
2573 1227 2814 1296 Tempus
2867 1235 3051 1281 autem
3105 1233 3156 1278 et
3227 1233 3474 1293 tempora
3529 1237 3596 1277 ac

2005 1323 2294 1382 dimidium
2343 1320 2604 1390 temporis
2649 1319 2934 1374 continere
2988 1316 3182 1370 dicunt
3215 1313 3596 1369 conversatio-

2005 1432 2132 1473 nem
2173 1431 2238 1470 ac
2267 1397 2481 1469 moram
2529 1427 2637 1482 qua
2665 1411 2768 1466 fuit
2793 1410 2846 1464 in
2876 1411 3118 1472 deserto,
3145 1408 3196 1460 id
3228 1417 3310 1462 est
3336 1405 3589 1476 Aﬁgypto,

2007 1525 2130 1582 quae
2165 1519 2276 1563 tres
2315 1521 2491 1561 annos
2519 1514 2574 1560 et
2600 1505 2888 1560 dimidium
2919 1501 3336 1570 comprehcndit
3383 1507 3598 1568 tempo-

2008 1603 2086 1656 ris
2111 1601 2234 1655 vita:
2257 1597 2511 1653 Herodis.

2086 1691 2156 1746 Et
2179 1691 2312 1762 jecit
2357 1705 2572 1758 serpens
2611 1702 2678 1742 ea:
2731 1701 2820 1740 ore
2871 1700 2970 1739 suo
3003 1699 3224 1754 aquam.
3261 1680 3598 1735 lnsidiarum

2012 1792 2218 1839 conatu
2249 1782 2518 1836 adversus
2541 1778 2826 1848 Virginem
2857 1775 3156 1831 frustratus
3184 1787 3438 1841 serpens,
3463 1770 3600 1824 alias

2011 1876 2169 1931 nobis
2199 1871 2482 1928 innovavit
2511 1869 2740 1924 technas
2777 1867 3042 1922 adversus
3065 1863 3344 1933 Virginem
3373 1873 3604 1929 ejusque

2011 1970 2182 2024 ﬁlium
2235 1967 2480 2020 instante
2537 1961 2802 2030 passione
2837 1999 2852 2022 ,
2905 1958 3108 2027 quibus
3161 1963 3216 2010 ct
3267 1954 3320 2008 in
3373 1952 3600 2006 Matrem

2010 2055 2318 2112 adornabat
2377 2051 2758 2108 inﬁdelitatem
2791 2049 3028 2118 'proptcr
3077 2045 3414 2114 passionem,
3445 2050 3497 2094 et
3544 2041 3604 2093 in

2011 2150 2208 2204 Filium
2227 2145 2588 2218 perditionem
2617 2157 2712 2212 per
2735 2149 2992 2196 mortem.
3023 2138 3254 2192 Flumen
3285 2148 3417 2189 vero
3433 2147 3600 2201 quem

2009 2257 2076 2297 ex
2099 2253 2196 2294 ore
2228 2237 2366 2306 jecit
2393 2249 2645 2302 serpens,
2673 2231 2811 2286 dicit
2861 2229 3210 2290 amictiones,
3241 2223 3604 2293 quemadmo-

2012 2336 2140 2388 dum
2165 2345 2288 2384 mos
2311 2336 2394 2382 est
2425 2325 2728 2394 Scriptura:
2753 2337 2928 2378 sacrae
2953 2335 3052 2391 per
3087 2331 3262 2386 aquas
3291 2327 3344 2369 et
3377 2311 3604 2368 ﬁumina

2012 2421 2306 2494 allegorice
2340 2421 2438 2474 has
2469 2416 2796 2485 intelligere.
2833 2413 3064 2467 Flumen
3093 2409 3262 2478 igitur
3295 2405 3430 2462 dicit
3483 2417 3604 2458 ten-

2015 2516 2276 2571 tationem
2306 2522 2363 2566 et
2388 2509 2742 2564 aﬁlictionem
2793 2520 2916 2574 qua:
2961 2504 3016 2557 in
3068 2501 3324 2571 passione
3383 2495 3602 2550 Domini

2014 2605 2251 2676 contigit
2298 2601 2482 2666 Matri,
2521 2614 2688 2669 quam
2743 2605 2796 2652 ct
2857 2595 3084 2650 Simcon
3129 2605 3296 2646 senex
3357 2585 3608 2658 praedixit

2017 2697 2281 2769 Virgini:
2325 2713 2344 2746 ι
2386 2691 2456 2748 Ει
2494 2700 2671 2752 tuam,
2703 2688 2904 2757 inquit,
2950 2684 3190 2739 animam
3249 2676 3608 2750 pertransihit

2016 2791 2230 2862 gladius
2257 2788 2330 2850 τ’,
2371 2804 2390 2836 ι
2425 2782 2588 2853 cujus
2605 2795 2773 2836 causa
2805 2779 2908 2832 fuit
2938 2778 3005 2830 ad
3039 2774 3306 2843 majorem
3333 2769 3602 2826 assertio-

2017 2898 2142 2939 nem
2169 2881 2318 2952 quod
2343 2880 2462 2949 ipsa
2497 2891 2624 2931 vere
2651 2889 2777 2928 eum
2811 2868 3154 2941 parturissct
3178 2881 3244 2920 ac
3281 2862 3608 2934 peperisset.

2015 2984 2071 3030 ct
2099 2988 2210 3028 non
2245 2969 2612 3041 phantaslice.

2089 3065 2318 3135 Fuitque
2348 3073 2488 3117 terra
2515 3059 2730 3114 mulieri
2757 3055 2986 3110 auxilio.
3019 3050 3175 3118 Quod
3223 3057 3368 3104 terra
3404 3045 3612 3100 ﬂumen

321 3161 472 3211 πιεῖν
512 3157 610 3226 τὴν
669 3155 777 3223 γῆν
817 3155 909 3208 τὸν
943 3151 1188 3220 ποταμὸν
1237 3149 1387 3219 δηλοῖ
1431 3149 1494 3202 τὸ
1541 3147 1627 3198 διὰ
1681 3145 1912 3200 θανάτου

2023 3157 2387 3220 absorbuerit,
2421 3153 2590 3224 758
2621 3149 2900 3220 signiﬁcat
2959 3143 3248 3199 Dominum
3281 3147 3406 3209 post
3461 3150 3610 3190 mor-

315 3248 416 3300 τὸν
447 3243 654 3316 Κύριον
687 3243 946 3309 δέξασθαι
967 3242 1026 3294 ὲν
1051 3241 1132 3309 τῷ
1165 3240 1434 3309 μνήματι.
1460 3237 1596 3290 Τίνα
1623 3236 1682 3288 δὲ
1711 3235 1914 3306 τρόπον

319 3337 629 3407 ἐϐοήθησεν
655 3339 690 3406 ὴ
721 3335 791 3404 γῆ
823 3336 890 3404 τῇ
935 3332 1196 3401 γυναικί;
1229 3329 1320 3399 Τῷ
1351 3330 1642 3382 καταπιεῖν
1685 3327 1787 3397 τὴν
1810 3326 1914 3394 γῆν

318 3428 420 3482 τὸν
467 3426 716 3497 ποταμὸν
765 3424 825 3477 ὃν
851 3425 881 3477 ὁ
910 3422 1128 3493 δράκων
1157 3420 1352 3472 ἔϐαλεν
1401 3421 1466 3472 ὲκ
1501 3417 1596 3471 τοῦ
1645 3418 1914 3485 στόματος

325 3516 524 3571 αὑτοῦ.
563 3516 622 3570 '0
645 3515 884 3585 πόλεμος
910 3513 968 3566 δὲ
986 3512 1124 3582 πρὸς
1149 3511 1278 3574 τοὺς
1297 3525 1401 3580 χρη
1412 3508 1748 3578 ματισαντας
1766 3506 1916 3568 υἱοὺς

323 3609 430 3664 καὶ
479 3609 746 3676 ἀδελφοὺς
801 3605 898 3660 τοῦ
955 3602 1234 3674 Χριστοῦ,
1292 3601 1414 3656 καθ’
1471 3599 1500 3653 ὃ
1555 3600 1774 3670 εἴρηται
1830 3598 1914 3665 τὺ,

330 3721 350 3754 ι
405 3699 734 3768 Ἀπαγγελῶ
784 3697 844 3750 τὸ
890 3695 1062 3766 ὄνομά
1123 3711 1216 3747 σου
1268 3695 1384 3756 τοῖς
1429 3691 1678 3760 ἀδελφοῖς
1733 3705 1856 3760 μου.
1892 3707 1911 3740 ι

325 3792 556 3855 Τούτοις
587 3791 646 3844 δὲ
680 3789 740 3856 ἐξ
787 3787 960 3858 ὀργῆς
1013 3787 1272 3856 πολεμεῖν
1327 3784 1512 3854 ἔκρινε
1541 3785 1655 3842 τοῖς
1705 3782 1918 3844 πιστοῖς

327 3884 426 3938 τοῦ
455 3881 688 3952 Κυρίου,
725 3881 774 3934 οἶ
804 3883 870 3952 τῇ
905 3879 1042 3951 πρὸς
1091 3877 1256 3932 αὑτὸν
1286 3877 1572 3948 εἰλικρινεῖ
1613 3874 1794 3928 πίστει
1824 3873 1922 3926 καὶ

329 3973 573 4026 διαθέσει
629 3971 724 4024 καὶ
791 3972 870 4032 εἰς
927 3967 1253 4035 συγγένειαν
1297 3965 1462 4018 αὐτοῦ
1503 3963 1920 4033 ἀνελήφθησαν,

330 4066 520 4130 καθὼς
571 4065 720 4117 ἔστιν
765 4061 935 4116 αὐτοῦ
1000 4057 1268 4114 ἀκοῦσαι·
1333 4075 1352 4108 ι
1419 4057 1618 4126 Μήτηρ
1662 4071 1764 4124 μου
1827 4051 1923 4106 καὶ

331 4157 554 4228 ἀδελφοί
589 4155 690 4227 μού
714 4156 854 4208 εἰσιν
885 4155 934 4206 οἱ
963 4151 1246 4212 ποιοῦντες
1272 4149 1332 4202 τὸ
1358 4147 1572 4218 θέλημα
1596 4147 1691 4198 τοῦ
1711 4143 1924 4213 Πατρός

337 4268 442 4322 μου
482 4249 576 4303 τοῦ
603 4251 661 4302 ὲν
688 4249 962 4319 οὐρανοῖς.
999 4264 1017 4296 ι

899 4341 1154 4408 ΚΕΦΑΛ.
1185 4350 1328 4421 Aq'.

2016 3265 2125 3308 tem
2155 3257 2470 3318 susceptum
2504 3245 2676 3299 fuisse
2710 3242 2764 3294 in
2807 3242 3186 3292 monumento.
3218 3231 3470 3296 Quonam
3507 3241 3611 3280 au-

2020 3356 2126 3400 tem
2152 3317 2329 3398 modo,
2349 3339 2454 3394 fuit
2505 3347 2653 3392 terra
2704 3331 2922 3388 mulieri
2968 3325 3219 3383 auxilio?
3247 3317 3612 3377 Absorbendo

2016 3437 2222 3492 ﬁumen
2256 3431 2399 3504 quod
2426 3431 2638 3500 iecerat
2665 3427 2834 3480 draco
2865 3437 2932 3476 ex
2958 3434 3054 3474 ore
3083 3431 3205 3472 suo.
3237 3411 3442 3467 Bellum
3478 3421 3612 3464 vero

2021 3531 2084 3586 ﬁt
2131 3500 2400 3584 adversus
2450 3522 2575 3576 illos
2616 3517 2710 3589 qui
2758 3515 2853 3572 ﬁlii
2905 3511 3252 3583 appellantur
3295 3513 3353 3558 et
3407 3500 3614 3555 fratres

2019 3620 2250 3685 Christi,
2277 3616 2436 3686 juxta
2468 3612 2521 3668 id
2579 3610 2724 3682 quod
2754 3609 2960 3665 dictum
2993 3612 3078 3659 est
3112 3617 3128 3656 :
3166 3619 3185 3653 ι
3227 3596 3616 3686 Narrahoino-

2023 3729 2146 3768 men
2179 3684 2334 3766 tuum
2371 3705 2637 3762 fratribus
2671 3702 2810 3756 meis
2829 3699 2896 3752 ".
2927 3715 2947 3750 ι
2987 3695 3266 3750 Adversus
3295 3690 3398 3743 hos
3430 3684 3616 3740 ﬁdeles

2024 3801 2240 3859 Domini
2279 3811 2472 3854 servos
2501 3810 2568 3849 ex
2589 3795 2670 3848 ira
2689 3790 2933 3868 decrevit
2963 3784 3216 3856 praelium
3247 3777 3616 3838 committere,

2023 3897 2118 3968 qui
2181 3907 2280 3966 per
2314 3892 2588 3946 sinceram
2653 3899 2784 3955 erga
2831 3866 3014 3952 ipsum
3067 3876 3230 3931 ﬁdem
3281 3879 3336 3926 et
3370 3866 3620 3924 aﬂ'ectio-

2025 4003 2176 4052 nem,
2212 3983 2478 4054 adipsius
2518 3980 2684 4036 etiam
2735 3973 3124 4046 cognationem
3156 3960 3429 4032 assumpti
3466 3964 3618 4017 sunt.

2026 4076 2488 4153 quemadmodum
2521 4075 2700 4142 ipsum
2731 4067 2923 4122 audire
2954 4064 3080 4118 licet
3103 4059 3374 4114 dicentem
3411 4071 3424 4106 :
3463 4070 3480 4100 ι
3507 4047 3622 4100 Με-

2028 4140 2112 4231 ter
2138 4186 2259 4228 mea
2292 4177 2345 4224 ct
2387 4140 2587 4222 fratres
2615 4162 2720 4217 mei
2761 4167 2891 4216 sunt
2937 4155 2990 4210 hi
3023 4151 3118 4222 qui
3169 4149 3381 4203 faciunt
3417 4140 3616 4196 volun-

2029 4277 2197 4324 tatem
2229 4261 2410 4318 Patris
2441 4258 2548 4313 mei
2572 4256 2666 4326 qui
2699 4252 2862 4308 estin
2885 4248 3042 4304 ctelis
3065 4246 3133 4298 ⁷⁵.
3177 4261 3195 4294 ι

2563 4364 2796 4424 CAPUT
2835 4357 3084 4416 XXXVI.

337 4471 644 4566 Itum?
679 4465 1708 4566 9118:9239?iurioajfesfzﬁ
1715 4463 1913 4566 ut?"

2101 4495 2180 4550 De
2219 4492 2381 4548 bestia
2418 4486 2637 4542 habente
2669 4497 2870 4566 cornua
2899 4478 3076 4566 decent
3099 4484 3146 4525 et
3187 4468 3365 4550 capita
3397 4474 3622 4534 septem,

373 4533 646 4611 κεφαλὰς
675 4533 826 4594 estid
845 4557 859 4572 '
893 4533 980 4592 ὧν
1015 4533 1164 4608 mai»
1194 4539 1276 4602 ὼς
1310 4533 1700 4607 ἐσφαγμένην·
1732 4537 1868 4604 ἔφη.

409 4677 520 4734 Καὶ
565 4677 833 4746 ἐστάθην
878 4677 979 4730 ἐπὶ
1024 4665 1142 4744 τὴν
1185 4675 1382 4744 ἄμμον
1419 4672 1525 4741 τῆς
1578 4669 1925 4736 θαλάσσης,

338 4770 438 4824 καὶ
484 4767 653 4824 εἶδον
689 4770 758 4823 ἑκ
807 4769 918 4838 τῆς
954 4769 1276 4834 θαλάσσης
1319 4766 1530 4832 θηρίον
1576 4763 1928 4827 ἀναϐαῖνον,

339 4863 490 4930 ἕχον
541 4863 762 4930 κέρατα
793 4862 942 4916 δέκα
992 4862 1088 4916 καὶ
1152 4861 1419 4929 κεφαλὰς
1478 4857 1647 4921 ἑπτὰ,
1701 4855 1798 4908 καὶ
1831 4852 1930 4905 ἐπὶ

341 4956 462 5008 τῶν
503 4954 768 5023 κεράτων
799 4953 985 5008 αὐτοῦ
1019 4953 1166 5006 δέκα
1186 4951 1540 5019 διαδήματα,
1569 4947 1666 5001 καὶ
1701 4945 1798 4998 ἐπὶ
1830 4945 1938 5009 τὰς

2321 4573 2542 4632 quorum
2573 4569 2733 4608 unum
2758 4547 3061 4616 dicitrciuti
3087 4545 3334 4596 occisum.

2109 4699 2228 4762 ΧΠ,
2273 4695 2378 4760 18;
2413 4691 2554 4754 XIII,
2587 4691 2638 4754 i,
2673 4687 2728 4742 2.
2765 4686 2835 4740 Et
2853 4684 2972 4738 steti
3001 4695 3157 4748 super
3187 4689 3402 4729 arenam
3433 4667 3626 4724 maris.

2041 4793 2112 4846 Et
2147 4789 2252 4845 vidi
2277 4790 2339 4842 de
2365 4786 2500 4839 mari
2531 4785 2752 4838 bestiam
2773 4777 3137 4834 ascendentem
3205 4766 3478 4820 habentem
3504 4776 3626 4814 cor—

2041 4903 2148 4939 nua
2173 4884 2348 4937 decem
2371 4889 2420 4934 et
2452 4878 2630 4946 capita
2665 4879 2884 4938 septem,
2911 4879 2959 4922 et
2993 4868 3046 4920 in
3078 4860 3326 4918 cornibus
3359 4855 3471 4910 suis
3530 4853 3628 4905 de-

2037 4993 2146 5031 cem
2198 4975 2530 5035 diademata,
2556 4962 2604 5022 e't
2638 4981 2794 5034 super
2826 4960 3000 5027 capita
3051 4973 3148 5012 sua
3209 4951 3427 5006 nontina
3485 4943 3632 4997 blus-

347 5047 622 5116 κεφαλὰς
669 5045 869 5100 αὐτῶν
921 5045 1188 5113 ὀνόματα
1219 5041 1646 5111 βλασφημίας.
1702 5037 1814 5092 Καὶ
1871 5053 1913 5090 τι

2035 5065 2278 5134 pltemiw.
2319 5061 2382 5114 Et
2415 5059 2576 5114 bestia
2607 5071 2767 5123 quam
2804 5051 2910 5107 vidi
2938 5047 3132 5104 similis
3169 5051 3287 5096 erat
3349 5036 3540 5107 perdo,
3571 5041 3622 5086 et

345 5142 556 5209 θηρίον
589 5139 620 5193 ὃ
641 5135 808 5193 εἶδον
835 5133 913 5208 ἦν
945 5137 1152 5206 ὅμοιον
1186 5133 1502 5204 παρδάλει.
1531 5132 1640 5188 Καὶ
1672 5133 1726 5183 οὶ
1756 5128 1913 5182 πόδεε

2035 5124 2190 5226 pedes
2221 5155 2335 5223 ejus
2360 5151 2498 5206 sicut
2520 5148 2674 5216 pedes
2708 5143 2844 5207 ursi,
2863 5150 2914 5196 et
2941 5156 2997 5194 os
3030 5137 3144 5206 ejus
3177 5136 3316 5188 sicut
3339 5145 3394 5183 os
3428 5124 3624 5180 leonis.

349 5233 540 5288 αὑτοῦ
574 5232 655 5298 ὡς
683 5232 931 5301 ἄρκτου,
960 5231 1058 5283 καὶ
1097 5229 1164 5282 τὸ
1191 5229 1391 5297 στόμα
1418 5226 1604 5281 αὐτοῦ
1635 5223 1713 5289 ὡς
1745 5221 1913 5288 στόμα

2038 5221 2109 5300 Et
2143 5221 2287 5298 dedit
2310 5242 2394 5294 illi
2433 5241 2594 5291 draco
2635 5236 2883 5288 virtutem
2917 5244 3070 5286 suam
3093 5233 3144 5280 et
3167 5225 3432 5277 ‘thronum
3471 5226 3632 5267 suum

349 5324 622 5390 λέοντος·
647 5323 745 5376 καὶ
784 5321 1008 5375 ἔδωκεν
1031 5319 1192 5386 αὐτῷ
1215 5322 1248 5373 o'
1280 5318 1517 5387 δράκων
1545 5315 1660 5384 τὴν
1681 5313 1942 5382 δύναμιν

351 5414 564 5481 αὑτοῦ,
594 5414 694 5468 καὶ
730 5413 839 5468 τὸν
879 5413 1096 5482 θρόνον
1119 5409 1332 5474 αὑτοῦ,
1367 5409 1468 5463 καὶ
1496 5407 1789 5474 ἐξουσίαν
1834 5421 1940 5474 με·

351 5507 576 5577 τάλην.

2051 5349 2098 5392 ει
2131 5342 2440 5405 potestatem
2471 5342 2742 5398 magnam.

441 5687 484 5718 '“
515 5683 706 5740 Matth.
733 5699 796 5748 ιι,
835 5683 920 5740 l5.
988 5682 1032 5715 τ’
1069 5681 1202 5737 Luc.
1233 5696 1297 5746 ιι,
1331 5678 1424 5734 25.
1501 5676 1549 5709 ⁷³
1583 5676 1728 5732 Psal.
1761 5689 1874 5740 XXI,
1897 5671 1987 5726 25.
2067 5669 2112 5701 ⁷⁸
2151 5667 2286 5750 Luc.
2321 5679 2444 5730 vni,
2477 5663 2572 5718 ‘21.

431 5823 546 5894 (35)
577 5824 662 5890 Ὣς
697 5823 924 5896 σύνηθες
949 5816 1170 5882 τούτους
1201 5816 1281 5884 εἰς
1307 5813 1451 5884 ὕδωρ
1485 5809 1578 5865 καὶ
1611 5808 1904 5880 ,ποταμοῦς
1947 5801 2292 5873 ὰλληγορείν.
2327 5797 2598 5868 Ποταμδν,
2635 5810 2688 5848 κ.
2721 5807 2772 5844 τ.
2798 5789 2848 5841 λ.
2882 5785 2970 5841 cd.
