4110 6464
316 401 423 475 6ῖ3

1381 403 1772 466 COMMENT.
1814 405 1898 466 IN
1937 403 2470 464 APOCALYPSIN.

3476 397 3585 465 674

317 525 506 594 Θρόνον
535 521 593 576 δὲ
621 520 674 574 τί
705 522 948 592 νοητέον,
987 521 1038 573 εί
1082 519 1157 589 μὴ
1190 519 1290 590 τὴν
1321 519 1572 586 ἐξουσίαν
1605 520 1700 573 τοῦ
1745 517 1906 590 ἀέρος

2023 537 2141 576 num
2175 521 2590 591 intelligendum
2615 529 2698 575 est
2735 519 2840 574 nisi
2869 527 3112 588 potestas
3147 517 3292 574 aeris
3327 518 3554 574 tenebra
3576 539 3600 561 -·

317 615 412 668 τοῦ
441 615 666 675 σκότους
702 611 918 678 τούτου,
952 613 1018 682 ἢν
1045 612 1142 664 καὶ
1173 611 1334 674 αὐτὸς
1357 610 1486 681 ἔσχε
1508 612 1611 681 τῆς
1642 613 1898 681 οὐρανίου

317 706 478 776 δόξης
507 707 644 758 sum
654 691 888 766 πέτωκώς
915 719 930 768 ;
1851 697 1854 700 ’

393 797 502 851 Kal
553 791 717 849 εἶδον
739 797 887 864 μίαν
934 795 1002 848 ἐκ
1034 793 1157 847 τῶν
1189 791 1476 862 κεφαλῶν
1507 793 1720 856 αὐτοῦ,
1760 793 1905 848 ὡσεὶ

315 884 708 955 ἑσφαγμένην
731 886 819 949 εἰς
849 882 1140 948 θάνατον·
1171 883 1269 936 καὶ
1288 881 1326 948 ή
1354 883 1694 951 πληγὴπτοῦ
1727 881 1914 937 θανά-³

317 965 428 1031 τού
457 974 646 1029 αὐτοῦ
674 959 1038 1042 ἐθεραπεύθη
1061 990 1074 1004 ⁸
1101 960 1202 1027 καί
1247 975 1591 1043 ἐθαύμασεν
1613 975 1726 1041 ὅλη
1763 976 1800 1042 ή
1828 975 1904 1045 γῆ

319 1067 517 1120 ὀπίσω
561 1065 666 1118 τοῦ
701 1065 908 1131 θηρίου
930 1079 942 1091 ·
979 1063 1078 1117 καὶ
1113 1065 1593 1132 προσεκύνησαν
1640 1065 1720 1130 τῷ
1762 1064 1904 1133 δρά-

321 1175 492 1212 κοντι
539 1155 618 1221 τῷ
650 1155 934 1210 δεδωκότι
988 1157 1106 1226 τὴν
1137 1156 1429 1220 ἐξουσίαν
1460 1156 1540 1220 τῷ
1572 1139 1774 1224 θηρίῴ,
1807 1137 1912 1210 καί

321 1236 798 1318 προσεκύνησαν
836 1235 913 1324 έῷ
963 1248 1166 1316 θηρίῳ,
1199 1248 1518 1314 λέγοντες’
1565 1249 1660 1312 Τίς
1705 1247 1908 1315 ὅμοιος·

323 1343 406 1408 τῷ
437 1342 650 1410 θηρίῳς
695 1342 787 1406 τίς
832 1341 1092 1404 δυνατὸς
1140 1339 1484 1409 πολεμῆσαι
1515 1342 1643 1408 μετ’
1682 1339 1909 1404 αὐτοῦ;

289 1471 294 1476 -
324 1438 422 1490 καὶ
453 1435 630 1503 ἐδόθη
653 1435 814 1498 αὐτῷ
845 1435 1041 1502 στόμα
1069 1433 1308 1486 λαλοῦν
1325 1431 1564 1501 μεγάλα
1586 1431 1910 1498 καὶ-βλασ-

325 1528 561 1597 φημίαν
582 1542 594 1554 ·
629 1525 732 1579 καὶ
765 1525 942 1590 ἐδόθη
969 1523 1131 1589 αὐτῷ
1154 1524 1408 1588 ἐξουσία
1433 1507 1702 1592 πόλεμον
1733 1521 1916 1591 ποιῆ-“

325 1634 432 1674 σαι
453 1618 654 1688 μῆνας
671 1615 1262 1684 τεσσαρακονταδύοζ
1281 1615 1388 1669 Kal
1413 1615 1618 1682 ἤνοιξε
1631 1617 1694 1667 τό
1717 1615 1912 1682 στόμα

325 1713 516 1766 αὐτοῦ
543 1715 636 1775 εἰς’
656 1695 1060 1778 βλασφημίαν
1093 1693 1244 1777 πρὸς
1274 1708 1382 1761 τὸν
1423 1710 1590 1772 Θεὸν,
1625 1709 1912 1776 ,βλασφη-

317 1801 519 1870 μῆσαι
561 1799 628 1853 τὸ
685 1801 874 1866 ὄνομα
898 1798 1110 1862 αὐτοῦ,
1139 1799 1242 1852 καί
1283 1798 1400 1866 τὴν
1423 1797 1670 1866 σκηνὴν
1697 1799 1909 1863 αὑτοῦ,

2008 624 2130 666 rum
2188 611 2410 678 harum,
2447 611 2612 682 760
2643 627 2808 679 quam
2841 613 2958 680 ipse
2989 625 3210 680 quoque
3240 611 3455 682 accepit
3493 611 3589 681 qui

2008 722 2038 762 a
2071 707 2240 776 gloria
2276 704 2482 761 caelesti
2515 703 2750 758 cecidit?

2077 795 2219 864 XIII,
2249 797 2366 851 5-7.
2395 795 2464 848 Et
2489 795 2596 850 vidi
2621 811 2783 848 unum
2818 796 2883 848 de
2903 794 3162 863 capitibus
3187 794 3303 863 ejus
3337 801 3590 863 tanquam

2010 889 2240 942 occisum
2273 887 2341 939 ad
2380 897 2618 948 mortem,
2657 895 2702 936 et
2731 885 2888 952 plaga
2920 883 3106 936 mortis
3131 881 3244 950 ejus
3271 891 3460 935 curata
3488 891 3587 935 est.

2013 977 2080 1031 Et
2113 979 2383 1030 admirata
2413 985 2488 1030 est
2522 976 2767 1029 universa
2793 983 2935 1028 terra
2963 985 3078 1043 post
3104 975 3346 1028 bestiam.
3377 971 3594 1024 Etado-

2010 1079 2258 1123 raverunt
2291 1069 2574 1122 draconem
2601 1068 2693 1136 qui
2725 1068 2946 1121 dederat
2977 1075 3286 1135 potestatem
3311 1066 3513 1130 bestiis,
3537 1073 3588 1118 et

2011 1147 2364 1216 adorat'eruut
2385 1161 2608 1214 bestiam
2643 1160 2878 1236 dicentes
2910 1175 2928 1211 :
2959 1157 3092 1223 Quis
3119 1159 3310 1212 similis
3362 1158 3541 1211 bestia:
3565 1158 3592 1209 ἓν

2010 1254 2128 1324 quis
2159 1253 2346 1323 poterit
2369 1268 2602 1322 pugnare
2629 1267 2745 1304 cum
2780 1252 2879 1304 ea?
2901 1249 2968 1302 Et
3007 1252 3190 1303 datum
3220 1259 3298 1304 est
3325 1251 3373 1302 ei
3411 1267 3468 1303 os
3511 1251 3594 1302 Io-

2011 1363 2173 1411 quens
2201 1361 2393 1412 magna
2431 1355 2481 1398 et
2511 1343 2864 1412 blasphemias
2894 1359 2911 1395 :
2938 1352 2987 1396 et
3022 1346 3152 1396 data
3170 1353 3246 1396 est
3283 1345 3330 1396 ei
3363 1352 3594 1410 potestas

2015 1437 2252 1508 faciendi
2273 1433 2514 1503 praelium
2549 1451 2746 1488 menses
2784 1433 3136 1504 quadraginta
3156 1437 3312 1488 duos.
3363 1433 3432 1486 Et
3463 1451 3590 1502 ape-

2015 1529 2122 1582 ruit
2156 1545 2212 1582 os
2260 1543 2415 1580 suum
2472 1527 2540 1578 ad
2592 1524 2972 1594 blasphemiam
3003 1525 3252 1577 adversus
3313 1523 3501 1588 Deum,
3535 1530 3596 1577 ut

2017 1619 2402 1688 blusphemaret
2433 1633 2618 1670 nomen
2649 1617 2762 1684 ejus
2788 1627 2834 1669 et
2860 1614 3258 1668 tabernaculum
3290 1614 3404 1682 ejus
3433 1624 3479 1667 et
3506 1629 3596 1666 eos

2017 1712 2106 1779 qui
2141 1711 2193 1763 in
2226 1709 2353 1762 ccclo
2387 1701 2652 1761 habitant.
2675 1705 2760 1760 Et
2787 1717 2798 1730 ··
2824 1709 3009 1758 datum
3049 1717 3124 1758 est
3173 1705 3254 1756 illi
3284 1703 3478 1757 bellum
3504 1705 3594 1765 [a-

2017 1816 2128 1852 cere
2157 1815 2276 1852 cum
2304 1798 2502 1852 sanctis
2536 1807 2583 1849 et
2626 1797 2830 1849 uincere
2852 1811 2960 1849 eos.
3005 1807 3008 1810 ‘

325 1895 426 1948 καὶ
465 1893 608 1958 τοὺς
665 1892 734 1945 ἐν
767 1889 848 1956 τῷ
907 1889 1142 1960 οὐρανῷ
1195 1890 1602 1959 σκηνοῦντας.
1662 1892 1772 1946 Καὶ
1819 1873 1998 1960 ἐδόθη
2051 1892 2212 1958 αὐτῴ
2267 1890 2516 1958 ποιῆσαι
2574 1889 2844 1956 πόλεμον
2891 1887 3044 1956 μετὰ
3090 1885 3212 1940 τῶν
3258 1885 3462 1958 ἁγίων,
3497 1879 3602 1939 και

323 1989 572 2057 νικῆσαι
612 1989 854 2054 αὐτούς.

397 2078 568 2132 Τοῦτο
596 2077 872 2147 διαφόρως
919 2075 1248 2146 ὲκληπτὲον.
1279 2077 1438 2130 Ἤτοι
1480 2076 1590 2148 γὰρ
1613 2077 1755 2132 οὕτω
1784 2094 1910 2147 νοη-

2089 2073 2205 2128 Iloc
2229 2072 2378 2126 vario
2411 2071 2574 2125 modo
2619 2069 2794 2139 accipi
2827 2076 3005 2138 potest
3036 2085 3049 2122 :
3078 2075 3174 2122 aut
3214 2039 3362 2122 cutim
3402 2070 3476 2122 ita
3511 2069 3602 2122 in-

323 2169 482 2224 τέον·
517 2168 830 2236 Κεφάλαιον
859 2167 954 2221 τοῦ
989 2167 1226 2232 Σατανᾶ,
1257 2167 1334 2220 ’τὰ
1367 2167 1460 2219 ὑπ’
1493 2169 1658 2221 αὑτοῦ
1701 2170 1914 2222 πεπλαλ

325 2260 541 2331 νημὲνα
575 2251 724 2328 ἔθνη,
758 2245 982 2312 Τούτων
1023 2259 1080 2311 δὲ
1123 2261 1157 2328 ἡ
1209 2247 1348 2328 πρὸς
1394 2260 1676 2314 εὐσέϐειαν
1717 2262 1913 2314 ἐπανα-

327 2349 510 2419 γωγὴ,
547 2349 732 2419 σφαγὴ
773 2351 852 2410 είς
886 2348 1118 2402 θάνατον
1151 2348 1428 2419 ἐλογίσθη.
1469 2351 1581 2403 Καὶ
1611 2351 1694 2404 ὅτι
1732 2353 1793 2404 οὐ
1819 2369 1915 2406 κυ-

329 2443 465 2510 ρίως
501 2439 740 2508 σφαγὴν,
793 2439 908 2492 ἀλλ’
957 2439 1034 2502 ὼς
1067 2440 1284 2510 σφαγὴν
1328 2443 1390 2493 τδ
1439 2442 1600 2512 ῥητὸν
1649 2445 1911 2515 παριστᾷ,

331 2535 436 2585 οὐκ
466 2531 846 2601 ἐσφαγμενην,
882 2531 997 2584 ἀλλ’
1039 2531 1115 2594 ὡς
1161 2533 1514 2604 ἐσφαγμὲνην
1547 2536 1777 2603 φάσκον,
1823 2536 1917 2588 καὶ¹

331 2624 434 2694 τῷ,
485 2625 586 2688 ὡς,
646 2623 1036 2694 ὁμοιωματικῷ
1085 2625 1260 2694 μορίῳ
1306 2626 1674 2696 χρησάμενον.
1730 2628 1914 2700 Ταύτῃ

333 2713 662 2783 γοῦν’πάλιν
692 2717 760 2786 τῇ
789 2717 884 2778 είς·
907 2711 1239 2783 θεογνωσίαν
1266 2716 1678 2788 ὲπαναστροφῇ,
1709 2719 1742 2788 ή
1779 2720 1919 2790 πρὸς

329 2807 430 2860 τὸν
459 2805 517 2871 ἐξ
565 2805 740 2875 ἀρχῆς
773 2805 910 2876 πρὸς
947 2805 1202 2858 ἀσέϐειαν
1241 2805 1615 2878 ὲπαναδρομὴ,
1653 2807 1920 2878 θεραπεία

333 2897 656 2966 ὠνόμασται
689 2896 926 2964 πληγῆς.
965 2897 1036 2950 Ἦ
1055 2895 1236 2949 τοίνυν
1257 2896 1430 2958 οὕτως
1459 2897 1528 2950 τὰ
1552 2899 1650 2967 τῆς
1673 2899 1918 2952 ἀναπτύ-

335 2989 477 3054 ξεως
501 2985 596 3038 τοῦ
629 2986 814 3056 ῥητοῦ,
839 2986 874 3056 ἢ
905 2986 998 3040 καὶ
1027 2984 1224 3048 οὕτως·
1255 2987 1514 3056 Κεφαλὴν
1533 2987 1610 3050 ὡς
1633 2977 1920 3059 ἐσφαγμέζ

331 3095 460 3148 νην,
497 3078 608 3130 εἴτε
641 3076 768 3129 τινὰ
817 3077 926 3129 τῶν
966 3077 1245 3148 ἀρχόντων
1290 3077 1458 3130 αὑτοῦ
1489 3077 1919 3146 τεθανατῶσθαι,

333 3170 436 3222 καὶ
469 3165 538 3220 ἑκ·
563 3164 663 3236 τῆς
697 3168 788 3221 ὑπ’
839 3167 1004 3221 αὑτοῦ
1033 3169 1112 3230 είς
1146 3169 1317 3222 πολλὰ
1341 3167 1713 3240 διαιρεθείσης
1744 3171 1923 3240 ἀρχῆς

333 3259 430 3312 διὰ,
483 3259 740 3328 γοητείας
785 3258 1080 3326 ἀπατηλῶς
1132 3257 1458 3312 ἀνίστασθαι
1513 3258 1686 3326 δόξαι,
1737 3260 1771 3330 ἢ
1823 3261 1923 3331 τὴν

353 3351 644 3420 Ῥωμαίων
679 3351 855 3421 ἀρχὴν
908 3351 1292 3420 ἀπολλυμένην
1345 3349 1436 3402 διὰ
1491 3353 1717 3420 τῆς“είς
1752 3353 1924 3407 πολλὰ

335 3440 666 3510 διαιρέσεως
693 3443 906 3510 σφαγῆς
927 3441 1140 3512 «τρόπον
1165 3439 1522 3508 νομισθῆναι·
1553 3441 1720 3494 αὑτοῦ
1747 3443 1804 3496 δὲ
1830 3444 1924 3496 τοῦ

353 3531 732 3602 Ἀντιχρίστου
762 3533 966 3595 ταύτας
996 3530 1428 3593 καταλελυκότος
1446 3569 1462 3595 ,
1495 3529 1593 3602 τὴν
1631 3533 1928 3588 κατάλυσιν

335 3623 646 3694 θεραπείαν
675 3625 1022 3696 νομισθῆναι.

417 3803 526 3857 Καὶ
577 3803 920 3872 ἐθαύμασεν
953 3803 1066 3872 ὅλη
1117 3805 1155 3872 η
1196 3805 1273 3876 γῆ
1307 3807 1502 3862 ὀπίσω
1533 3808 1642 3862 τοῦ
1695 3809 1928 3875 θηρίουι

354 3895 506 3947 ’Δντὶ
538 3895 634 3948 τοῦ
681 3895 938 3965 θάμϐους.
967 3897 1240 3967 ἐπλήσθη,
1283 3897 1502 3971 ὥσπερ·ι
1516 3893 1929 3969 προηγουμένοις)

339 3987 445 4039 τοῦ
481 3987 674 4056 θηρίου
709 3986 802 4039 διὰ
845 3987 954 4038 τῶν
997 3987 1262 4056 τεράτων,
1310 3990 1492 4043 αὐτῶν
1533 3990 1592 4042 δὲ
1642 3989 1932 4055 ἐξόπισθεν

337 4077 863 4130 ἐπακολουθούντων
891 4081 958 4148 τῇ
991 4079 1414 4146 συγκαταθέσει.
1451 4081 1524 4132 Τὸ
1543 4081 1599 4133 δὲ
1628 4081 1742 4148 ὅλη
1768 4083 1806 4148 η
1831 4080 1931 4149 γῆ,

337 4169 470 4224 ἀντὶ
511 4169 631 4234 τοῦ,
670 4170 777 4231 πᾶς
813 4169 1126 4237 ἄνθρωπος,
1183 4171 1401 4241 εἴρηται
1440 4171 1808 4241 μετωνυμικῷ
1855 4171 1932 4242 τῷ

337 4259 558 4330 τρόπῳ,
597 4261 704 4312 ἀπὸ
735 4259 830 4312 τοῦ
854 4263 1206 4332 περιέχοντος
1239 4263 1297 4313 τὸ
1321 4264 1734 4332 περιεχόμενον.

422 4353 532 4406 Kal
577 4354 1062 4421 προσεκύνησαν
1091 4353 1173 4418 τῷ
1211 4353 1511 4421 δράκοντι.
1557 4353 1632 4405 To
1686 4355 1790 4406 ὑπὸ
1839 4355 1931 4408 τοῦ

359 4443 739 4513 Ἀντιχρίστου
773 4443 960 4513 θαῦμα
1012 4445 1092 4506 είς
1121 4444 1214 4496 τὸν
1244 4444 1312 4496 δι’
1344 4443 1508 4496 αὐτοῦ
1541 4445 1932 4514 ἐνεργούμενον

341 4539 596 4592 διάὸολον
615 4541 712 4608 τὴν
736 4541 1018 4610 ἀναφορὰν
1035 4539 1167 4605 ἕξει.
1196 4541 1276 4591 Δι’
1294 4541 1505 4594 ἐκείνου
1531 4541 1640 4610 γὰρ
1661 4541 1690 4592 ὁ
1718 4541 1932 4610 δράκων

345 4630 704 4700 προσκυνηθή
715 4648 882 4686 σεται.
1029 4641 1031 4644 ‘
1189 4655 1194 4658 ·
1537 4655 1546 4662 ι

2017 2162 2524 2235 ιοιιὶςειιιὶυιηθεει,
2559 2172 2620 2217 ut
2662 2172 2827 2233 caput
2859 2159 3106 2215 ‘Sata'nze
3138 2161 3324 2228 gentes
3369 2162 3474 2216 sint
3524 2163 3596 2214 al)

2016 2273 2083 2312 co
2115 2258 2354 2313 seductas
2389 2275 2402 2311 :
2440 2271 2566 2310 nam
2589 2256 2786 2308 barum
2821 2254 3066 2308 inductio
3102 2251 3171 2306 ad
3203 2252 3447 2306 divinum
3473 2253 3596 2306 cul-

2017 2357 2132 2404 lum
2153 2359 2205 2403 et
2231 2350 2514 2418 pietatem,
2545 2347 2750 2402 occisio
2780 2346 2846 2400 ad
2899 2353 3134 2399 mortem
3183 2353 3436 2413 reputata
3489 2354 3595 2398 est.

2017 2439 2172 2506 Quod
2209 2448 2390 2494 autem
2423 2455 2542 2492 non-
2580 2438 2747 2492 fuerit
2771 2439 3005 2506 proprie
3056 2437 3288 2498 occisio,
3321 2437 3418 2491 sed
3473 2445 3598 2490 tan-

2019 2515 2183 2600 quam
2213 2529 2447 2592 occisio,
2479 2528 2598 2598 ipsa
2639 2528 2833 2580 littera:
2867 2527 3040 2580 series
3074 2526 3432 2590 demonstrat,
3477 2537 3600 2593 qua:

2019 2638 2130 2677 non
2150 2622 2392 2677 occisum
2413 2621 2568 2684 dicit,
2591 2618 2792 2674 utendo
2813 2619 2978 2672 etiam
2997 2617 3096 2682 ὡς,
3127 2617 3179 2670 id
3201 2623 3285 2672 est
3313 2625 3598 2684 tanquam,

2022 2715 2400 2770 similitudinis
2425 2711 2719 2783 particula.
2760 2710 2844 2765 Ad
2877 2710 3020 2763 hanc
3059 2709 3222 2780 igitur
3279 2709 3604 2763 conversio-

2009 2806 2144 2861 nem
2175 2807 2240 2861 ad
2276 2805 2366 2860 Dei
2405 2793 2794 2874 cognitionem,
2828 2816 3049 2855 rursum
3075 2799 3380 2855 succedens
3408 2813 3606 2854 recur-

2023 2913 2118 2954 sus
2155 2899 2238 2972 _ad
2265 2899 2530 2972 tprimam'
2581 2887 2940 2964 impietatem,
2985 2891 3304 2945 nominatus
3331 2899 3416 2945 est
3463 2885 3605 2945 cura

2027 2979 2358 3059 plagas.Alit
2407 2989 2510 3042 hoc
2539 2985 2704 3052 igitur
2758 2985 2919 3037 modo
2971 2983 3105 3036 dicti
3157 2981 3452 3050 explicatio
3507 2995 3605 3034 su-

2026 3079 2220 3134 menda
2263 3087 2347 3134 est
2377 3097 2391 3133 :
2429 3089 2523 3132 aut
2556 3077 2723 3132 ctiam
2755 3077 2860 3132 isto
2905 3075 3068 3130 modo
3105 3091 3118 3126 :
3153 3083 3316 3144 caput
3346 3084 3606 3142 tanquam

2026 3171 2297 3237 occisum,
2321 3171 2437 3226 sive
2456 3173 2601 3240 quod
2628 3169 2832 3239 aliquis
2853 3167 3162 3239 principum
3187 3165 3358 3236 ipsius
3389 3165 3610 3220 Occisus

2027 3261 2558 3334 fuerit,ete0_qu0d
2613 3259 2730 3329 ipse
2775 3243 3096 3314 diviseritin
3147 3247 3313 3310 inuia
3340 3249 3612 3328 principa-

2027 3345 2168 3414 ium,
2216 3367 2312 3422 per
2363 3335 2722 3421 imposturam
2769 3350 3148 3406 fraudulenter
3209 3363 3494 3417 resurgere
3525 3349 3608 3400 vi-

2029 3444 2243 3499 deatur.
2273 3445 2384 3497 Aut
2411 3442 2595 3514 putari
2649 3441 3027 3496 Romanorum
3059 3440 3287 3509 periisse
3317 3440 3610 3507 imperium

2028 3539 2083 3592 in
2137 3538 2360 3592 modum
2396 3535 2716 3600 occisionis,
2743 3549 2809 3590 eo
2853 3535 2998 3604 quod
3031 3535 3084 3589 in
3135 3534 3307 3588 multa
3369 3533 3608 3590 divisum

2030 3629 2196 3684 fuerit
2224 3645 2237 3683 :
2271 3631 2386 3698 ipse
2415 3637 2596 3682 tamen
2632 3628 3005 3682 Autichrislus
3031 3627 3125 3697 qui
3151 3625 3222 3700 id‘
3251 3625 3608 3690 dissolverat,

2030 3719 2440 3778 existimaverit
2461 3711 2884 3776 dissolutionem
2907 3734 3032 3774 esse
3065 3733 3282 3772 curam.

2035 3819 2042 3832 ‘
2103 3812 2170 3868 Et
2202 3803 2476 3867 admirata
2507 3821 2584 3866 est
2615 3813 2862 3866 universa
2897 3821 3041 3866 terra
3069 3819 3185 3878 post
3222 3807 3470 3863 bestiam.
3493 3805 3609 3863 Hoc

2031 3915 2135 3974 est,
2165 3914 2388 3974 stupore
2407 3904 2658 3974 perculsa
2686 3911 2764 3958 est
2797 3920 2810 3956 :
2839 3914 3100 3972 tanquam
3125 3909 3404 3971 praeeunte
3432 3901 3610 3955 bestia

2033 4013 2130 4068 per
2152 3997 2330 4068 signa,
2381 3998 2514 4066 ipsis
2573 4012 2706 4051 vero
2764 4013 2861 4066 per
2900 3997 3348 4067 approbationem
3392 4011 3422 4049 a
3460 4003 3614 4064 tergo

2033 4087 2411 4157 sequentibus.
2443 4087 2699 4140 Universa
2732 4081 2914 4140 autem
2951 4075 3089 4140 terra
3115 4101 3211 4155 per
3263 4085 3613 4154 metonymia:

2033 4179 2262 4249 ﬁguram
2311 4181 2518 4235 dictum
2571 4173 2818 4248 est,'qna
2849 4195 2880 4234 a
2934 4179 3240 4234 continenti
3293 4185 3613 4232 contentum

2035 4265 2376 4342 intelligitur.
2507 4271 2512 4276 ’
2575 4267 2580 4272 ’
3537 4283 3540 4286 '

2110 4361 2180 4415 Et
2229 4362 2584 4416 adoraoerunt
2609 4367 2916 4415 draconem.
2967 4359 3288 4415 Miraculum
3350 4359 3468 4414 sive
3525 4375 3615 4414 res

2035 4455 2344 4526 prodigiosa
2366 4453 2600 4523 quae'tiet
2627 4453 2701 4507 "ab
2718 4453 3058 4508 Antichristi)
3084 4453 3408 4506 relationem
3439 4451 3618 4505 'habn-

1965 4589 1991 4602 ..
2034 4547 2116 4602 bit
2147 4546 2213 4601 ad
2265 4537 2572 4610 diabolum,
2629 4546 2723 4615 qui
2785 4561 2880 4614 per
2927 4561 3053 4600 eum
3093 4545 3445 4615 operabitur:
3487 4560 3616 4598 nam

2035 4637 2204 4692 draco
2235 4651 2332 4706 per
2357 4636 2510 4690 illum
2548 4636 2886 4691 adorabitur.
2945 4641 2948 4646 '

421 4720 533 4774 Kal
577 4721 784 4788 ἐδόθη,
811 4720 972 4786 αὐτῷ
1009 4722 1206 4792 στόμα
1269 4722 1507 4777 λαλοῦν
1543 4721 1778 4792 μεγάλα
1829 4725 1922 4777 καί

2031 4745 2040 4756 ’
2111 4729 2269 4800 761
2305 4727 2375 4782 Et
2401 4723 2695 4802 datum‘est
2722 4731 2769 4782 ei
2796 4745 2852 4782 os
2885 4728 3100 4793 loquens
3136 4743 3330 4798 magna
3369 4737 3417 4780 et
3467 4726 3618 4780 blas-

351 4813 770 4883 ϐλασφημίαν.
808 4815 994 4866 Διττὺν
1042 4814 1104 4866 τὸ
1139 4815 1356 4882 λέγειν.·
1383 4815 1453 4868 Ἢ
1483 4816 1592 4886 γὰρ
1631 4817 1730 4882 τῆς
1767 4816 1932 4868 ἀνεκὸ

347 4908 602 4976 φράστου
625 4906 721 4959 τοῦ
751 4905 891 4958 θεοῦ
913 4889 1314 4977 ἀνοχῆςτοῦτο,
1337 4890 1744 4978 ὡς’γυμνασίας
1779 4909 1937 4978 χάριν

347 4999 460 5052 καὶ
485 4991 718 5069 δοκιμῆς
759 4983 859 5069 τῆς
889 5000 1028 5068 πρὸς
1057 4999 1220 5052 αὑτὸν
1254 4999 1414 5069 ἡμῶν
1469 5001 1785 5063 διαθέσεως,
1842 5003 1938 5053 ἁν-

347 5090 616 5162 εχομένου
639 5091 708 5145 τὰ
740 5091 970 5144 τοιαῦτα
992 5106 1006 5119 ·
1031 5092 1064 5160 ἢ
1101 5092 1181 5155 τὸ,
1213 5091 1415 5158 ἐδόθη,
1449 5092 1555 5145 ὑπὸ
1584 5091 1692 5144 τῶν
1725 5095 1940 5163 ἠπατη-

351 5185 536 5256 μένων
570 5177 1076 5254 προσκύνησάντων
1107 5183 1257 5254 αὐτῷ
1285 5183 1612 5255 ἀνθρώπων.
1647 5184 1722 5236 Τὸ
1749 5184 1806 5236 δὲ
1844 5201 1939 5252 με·

347 5277 498 5343 γάλα
538 5277 744 5343 λαλεῖν,
777 5277 841 5330 τὸ
871 5276 1252 5349 ὑπερηφανίας
1293 5259 1469 5348 μεστὰ
1525 5277 1746 5348 ῥήματα
1796 5273 1935 5346 προ-

349 5367 574 5440 (pipst
621 5389 628 5396 ·
1095 5403 1101 5411 .

349 5471 354 5476 ·
411 5463 520 5516 Kal
549 5463 727 5530 ἐδόθη
758 5461 922 5528 αὐτῷ
951 5461 1206 5527 ἐξουσία
1239 5461 1338 5516 ἐπὶ
1363 5460 1574 5518 πᾶσαν
1594 5460 1804 5530 φυλὴν
1835 5460 1936 5515 καί

347 5555 506 5608 λαὸν
541 5553 1094 5624 καίγνῑῶσσανικαί
1121 5553 1320 5620 ἔθνος,
1348 5553 1938 5622 καὶ-προσκυνήσου-

350 5661 460 5698 σιν
485 5645 672 5701 αὐτὸν
711 5645 934 5711 πάντες
967 5649 1020 5699 ol
1048 5625 1470 5709 κατοικοῦντες
1511 5643 1610 5696 ἐπὶ
1651 5641 1766 5712 τῆς
1797 5643 1934 5712 γῆς,

347 5731 442 5790 ὧν
471 5737 544 5790 οὐ
589 5735 912 5805 γέγραπται
953 5736 1027 5790 τὰ
1055 5736 1318 5804 ὀνόματα
1347 5735 1417 5788 ἐν
1457 5733 1537 5799 τῷ
1568 5734 1787 5800 ,βιϐλίῳ
1828 5734 1939 5802 τῆς

349 5823 504 5894 ζὶυῆς
521 5825 626 5881 τοῦ
659 5825 886 5896 Ἀρνίου
916 5825 1022 5881 τοῦ
1048 5823 1432 5895 ἐσφαγμένου
1459 5823 1579 5879 ἀπὸ
1597 5813 1942 5893 καταϐολῆς

2031 4811 2596 4893 ’ρίιεηιὶαηιίΒῖίατὶοιη
2645 4821 2760 4876 haec
2793 4821 2964 4890 accipi
3011 4829 3241 4891 possunt
3269 4829 3418 4892 ;'aut
3461 4819 3612 4874 cnim

2036 4905 2141 4971 hoc
2177 4899 2480 4970 ineffabilis
2533 4915 2624 4969 Dei
2685 4909 2990 4969 tolerantia:
3035 4901 3138 4974 est,
3171 4913 3262 4982 qui
3299 4911 3620 4982 huiusmodi

2039 5007 2327 5074 sustineat,
2362 5007 2533 5077 gratia
2589 4995 2838 5062 exercitii
2887 5021 2950 5060 ac
2999 5005 3346 5076 prebationis
3392 5003 3620 5060 allectus

2037 5099 2213 5154 nostri
2242 5113 2371 5168 erga
2421 5099 2602 5168 ipsum
2647 5115 2660 5151 :
2697 5089 2962 5166 autquod
3002 5097 3192 5149 datum
3217 5105 3303 5151 est
3341 5093 3408 5148 ab
3441 5095 3626 5150 homi-

2045 5190 2207 5244 nibus
2236 5190 2330 5259 qui
2366 5171 3168 5256 seducti'ips’um'adorarunt.
3205 5185 3397 5256 Magna
3430 5195 3616 5240 autem

2042 5281 2215 5352 loqui,
2252 5283 2354 5336 hoc
2391 5273 2496 5346 ρει,
2527 5273 2692 5361 verba
2722 5278 2994 5350 superbia:
3017 5277 3179 5350 plena
3203 5279 3474 5349 proferre.

2119 5457 2260 5524 XIII,
2279 5457 2432 5512 7—10.
2453 5455 2517 5510 Et
2541 5457 2671 5511 data
2682 5447 2757 5510 est
2786 5456 2870 5510 illi
2885 5467 3116 5528 potestas
3129 5457 3184 5510 in
3199 5471 3400 5512 omnem
3421 5456 3620 5511 tribuni

2043 5559 2090 5604 et
2114 5549 2370 5619 populum
2398 5549 2462 5602 et'
2480 5543 2720 5616 linguam"
2741 5557 2792 5600 et
2824 5541 3026 5617 gentem
3046 5563 3065 5600 :
3091 5543 3140 5600 et
3173 5545 3470 5601 adorabunt
3501 5539 3618 5615 cuni

2046 5658 2222 5696 omnes
2271 5642 2362 5712 qui
2419 5639 2664 5714 habitant
2703 5642 2760 5696 in
2801 5651 2946 5696 terra
2975 5658 3206 5714 quorum.
3255 5641 3474 5714 nomina
3515 5658 3618 5694 non

2047 5743 2170 5788 sunt
2196 5733 2394 5803 scripta
2453 5735 2509 5786 in
2551 5715 2686 5786 libro
2718 5735 2839 5787 vita:
2865 5732 3002 5803 Agni
3055 5734 3144 5800 qui
3173 5735 3378 5788 occisus
3431 5744 3508 5788 est
3559 5733 3621 5786 ub

2048 5827 2250 5897 origine
2279 5815 2482 5881 mundi.
2514 5824 2574 5880 Si
2601 5815 2717 5895 quis
2750 5815 2922 5880 habet"
2941 5813 3156 5894 aurem;
3176 5823 3386 5880 audiat.
3424 5825 3482 5882 Si
3511 5828 3628 5894 quis
