4110 6406
527 382 632 445 6⁸ἶῦ

1364 360 1694 424 ARETIL‘E
1731 355 2110 419 CIESAREIE
2144 353 2631 416 CAPPADOCIIE
2674 352 3018 414 EPISCOPI

3683 347 3794 412 676

526 487 885 558 captivitatem
937 478 1104 542 ducit,
1154 475 1211 527 in
1269 469 1634 539 captivitatem
1684 464 1830 518 vadit
1867 482 1881 517 :
1918 461 2115 532 siquis
2142 507 2153 524 ε

2237 463 2478 530 ιόσμου.
2505 461 2577 513 El
2610 477 2700 524 τις
2717 460 2843 528 ἔχει
2868 453 3000 524 οὖς,
3025 457 3365 512 ἀκουσάτωο
3394 457 3450 510 ετ
3505 473 3595 522 τις
3623 459 3797 525 αἰχμ-

528 553 708 654 gladio
762 575 976 635 occidit,
1011 576 1214 639 oportet
1244 579 1360 616 eum
1421 559 1604 630 gladio
1658 556 1849 610 occidi.
1877 553 1982 608 Hic
2026 561 2106 609 est

527 667 783 743 patientia
812 673 861 717 et
899 663 1031 730 ﬁdes
1056 663 1386 711 sanctorum.

601 954 660 1006 lu
689 942 1126 1020 prtecedentibus
1169 940 1375 994 dictum
1411 945 1497 989 est
1545 932 1694 1004 quod
1756 941 1974 1000 tempus
2012 929 2110 983 ad-

526 1054 720 1099 ventus
746 1033 1069 1092 Antichristi
1109 1041 1164 1086 et
1197 1028 1561 1083 fraudulentae
1596 1023 1772 1094 ipsius
1827 1020 2114 1091 potestatis

528 1136 700 1191 tribus
721 1131 880 1185 annis
896 1137 949 1180 et
973 1123 1202 1180 dimidio
1225 1125 1640 1175 consummetur
1664 1135 1676 1168 :
1699 1129 1822 1168 nam
1846 1113 1948 1166 hoc
1967 1119 2111 1165 tem-

529 1223 718 1296 porale
783 1218 1020 1287 spatium
1093 1211 1394 1268 conﬁciunt
1462 1220 1683 1262 menses
1749 1202 2114 1274 quadraginta

529 1319 690 1371 duos.
1600 1345 1605 1349 _

601 1405 673 1458 Et
701 1401 999 1456 adorabunt
1049 1411 1168 1450 eum
1205 1409 1382 1448 omnes
1427 1392 1516 1460 qui
1548 1387 1794 1441 habitant
1842 1387 1898 1438 in
1947 1394 2114 1437 terra.

531 1498 667 1553 Cum
710 1491 977 1562 particula
1021 1489 1155 1554 πᾶς,
1213 1486 1265 1539 id
1298 1493 1381 1538 est
1433 1480 1637 1545 omnis,
1694 1479 1875 1533 trahat
1928 1489 2114 1530 secum

532 1585 1046 1658 comprehensivatn
1070 1576 1508 1648 intelligentiam,
1541 1588 1606 1626 ne
1642 1572 1745 1625 hoc
1790 1569 1954 1622 etiam
1996 1567 2118 1620 loco

539 1685 612 1735 ita
649 1678 821 1747 accipi
868 1675 1200 1743 intelligatur
1234 1679 1294 1723 ut
1323 1665 1698 1720 Antichristus
1740 1659 2116 1715 adorationem

537 1775 737 1828 habeat
783 1766 1025 1823 universi
1078 1763 1295 1836 generis
1346 1757 1596 1821 humani,
1638 1756 1856 1825 signum
1897 1749 2119 1805 tradidit

2211 553 2488 606 αλωσίαν
2510 551 2786 620 συνάγει,
2803 552 2890 615 εις
2913 551 3334 619 αἰχμαλωσίαν
3361 549 3576 618 ὑπάγει
3597 565 3612 577 ·
3635 549 3692 601 ετ
3710 566 3794 612 τις

2211 641 2282 694 ἐν
2316 642 2586 710 μαχαίρᾳ
2633 639 2974 704 ἀποκτενεῖ,
3028 639 3123 692 δεῖ
3170 640 3360 692 αὐτὸν
3409 640 3480 692 ἐν
3530 642 3797 707 μαχαίρῃ

2213 731 2688 800 ἀποκτανθῆναι.
2721 725 2860 785 Ὦδέ
2901 731 3074 785 ἐστιν
3111 732 3149 800 ὴ
3181 730 3460 801 ὑπομονὴ
3490 731 3588 785 καὶ
3630 732 3668 802 ἡ
3700 733 3798 785 πί-

2213 838 2353 890 στις
2390 823 2510 877 τῶν
2540 823 2751 891 ἁγίων.

2297 915 2385 966 Ἐν
2416 917 2528 977 τοῖς
2561 914 2834 982 φθάσασιν
2882 915 3126 984 εἴρηται,
3161 913 3237 975 ὡς
3283 912 3312 963 ὁ
3357 911 3459 981 τῆς
3508 911 3800 982 ἐπιδημίας
3834 949 3840 954 -

2215 1004 2309 1060 τοῦ
2355 1006 2730 1075 Ἀντιχρίστου
2779 1006 2997 1076 καιρὸς,
3044 1005 3263 1074 καὶτῆς
3298 1001 3585 1074 ἀπατηλῆς
3635 1003 3798 1055 αὐτῦ

2216 1099 2488 1166 ἐξουσίας,
2517 1099 2598 1162 είς
2625 1098 2752 1169 τρία
2781 1099 2949 1168 ἣμισυ
2977 1097 3071 1168 ἔτη
3097 1097 3451 1150 συντελεῖται.
3489 1095 3660 1148 Τοῦτο
3691 1095 3798 1164 γάρ

2217 1195 2267 1247 οἱ
2294 1190 2805 1264 τεσσαρακονταδύο
2849 1191 3015 1260 μῆνες
3075 1188 3327 1259 χρονικὸν
3355 1186 3631 1256 διάστημα
3665 1203 3791 1238 συν-

2221 1285 2468 1352 άγουσιν.

2289 1376 2400 1431 Καὶ
2445 1373 2994 1443 προσκυνήσουσιν
3033 1373 3221 1426 αὐτὸν
3260 1373 3482 1438 πάντες
3520 1377 3570 1428 ot
3604 1389 3797 1426 λατοιο

2221 1468 2472 1531 κοῦντες
2501 1466 2599 1518 ἐπὶ
2631 1466 2740 1532 τῆς
2770 1464 2903 1535 γῆς.
2938 1463 3343 1534 Περιληπτικὴν
3367 1463 3575 1516 ἔννοιαν
3608 1465 3803 1514 ἐπισυ-

2223 1562 2454 1632 ρομένου
2481 1560 2596 1623 τοῦ,
2635 1558 2777 1623 πᾶς,
2834 1559 3022 1627 μορίου
3054 1558 3166 1628 (ἵνα
3203 1558 3278 1627 μὴ
3346 1555 3622 1610 κάνταῦθα
3646 1555 3806 1607 τοῦτο

2221 1652 2578 1722 παραληφθὲν
2607 1651 2688 1713 είς
2724 1650 2925 1711 παντὸς
2947 1647 3292 1720 ἀνθρωπίνου
3323 1648 3514 1714 γένους
3539 1649 3686 1716 σχεῖν
3715 1645 3807 1698 τὸν

2235 1745 2603 1814 Ἀντίχριστον
2653 1743 2879 1812 ἐννοηθῇ
2931 1740 3030 1812 τὴν
3063 1740 3487 1811 προσκύνησιν),
3520 1739 3808 1809 γνώρισμα

535 1881 728 1922 eorum
759 1862 854 1931 qui
903 1834 1097 1929 ipsum
1137 1856 1456 1915 adorarent,
1486 1849 1612 1903 illos
1650 1847 1840 1901 dicens
1887 1844 2119 1898 adorare

2237 1843 2467 1910 παρέσχε
2502 1840 2610 1892 τῶν
2643 1836 3100 1909 προσκυνούντων
3132 1837 3329 1904 τούτῳ,
3361 1835 3602 1896 ἐκείνους
3633 1834 3809 1900 λέγων

536 1959 628 2028 qui
673 1955 922 2031 habitant
967 1951 1022 2002 in
1075 1959 1221 2002 terra
1257 1962 1271 1998 :
1312 1958 1452 2012 quos
1484 1942 1650 1995 etiam
1709 1937 1980 1992 cecidisse
2024 1948 2118 1989 ca-

539 2023 618 2096 nit
648 2040 813 2095 Isaias
833 2023 852 2090 ἐ
877 2055 895 2087 ι
932 2035 1049 2089 Νοη
1081 2035 1364 2096 catlemus,
1398 2048 1417 2081 ι
1442 2028 1718 2098 inquiens,
1754 2045 1772 2078 ι
1796 2025 1892 2080 sed
1929 2023 2122 2079 cadent

536 2133 632 2203 qui
660 2129 977 2184 habitantin
1006 2136 1147 2179 terra
1172 2125 1242 2187 ⁷⁵,
1273 2141 1292 2173 ι
1319 2123 1420 2175 hoc
1443 2129 1548 2184 est,
1574 2119 1668 2187 qui
1699 2116 1904 2170 nullatn
1949 2113 2121 2168 cccle-

537 2221 705 2274 stium
733 2231 922 2271 curam
953 2214 1156 2267 habent
1193 2221 1246 2265 et
1269 2210 1391 2280 ejus
1422 2223 1543 2279 qua:
1571 2208 1642 2262 ibi
1674 2214 1758 2261 est
1789 2205 1998 2276 gloriae,
2027 2203 2122 2257 sed

539 2319 771 2362 terrena
827 2301 1153 2358 habitationi
1201 2311 1257 2354 et
1309 2298 1508 2352 brutali
1551 2298 1706 2366 juxta
1741 2310 1862 2349 eam
1899 2295 2021 2347 vita:
2066 2308 2126 2348 se

539 2403 799 2470 adaptaut
852 2415 866 2452 :
901 2398 1024 2452 ideo
1044 2409 1265 2466 quoque
1295 2391 1548 2447 frustrati
1605 2399 1736 2446 sunt
1766 2389 2127 2458 inscriptione

539 2493 667 2547 libri
700 2492 847 2546 vitas.

619 2667 742 2722 Non
762 2677 885 2721 sunt
915 2667 1115 2732 scripta
1142 2681 1196 2718 in
1218 2665 1354 2717 libro
1382 2670 1504 2716 vlta:
1529 2664 1673 2731 Agm'
1696 2677 1785 2730 qui
1816 2658 2020 2712 occisus
2049 2665 2126 2710 est

544 2763 610 2816 ab
637 2761 837 2830 origine
855 2757 1060 2811 mundi.
1083 2756 1186 2811 Per
1210 2755 1548 2826 hyperbaton
1579 2754 1683 2807 hoc
1711 2749 2125 2818 intelligendum

545 2862 649 2915 est,
681 2859 742 2904 ut
790 2849 863 2904 sit
895 2849 984 2902 hic
1035 2861 1232 2902 sensus
1273 2863 1287 2900 :
1320 2845 1560 2911 Quorum
1621 2858 1722 2895 non
1771 2851 1890 2894 sunt
1931 2840 2132 2906 scripta

549 2945 764 2996 nomina
804 2943 869 2994 ab
915 2939 1118 3008 origine
1167 2936 1354 2990 muudi
1404 2937 1458 2989 in
1494 2935 1629 2988 libro
1691 2935 1813 2988 vita:
1866 2932 2002 3002 Agni
2043 2931 2132 3002 qui

546 3036 750 3088 occisus
808 3041 906 3087 est.
974 3030 1256 3100 Siquidem
1299 3043 1534 3098 quorum
1598 3027 1804 3096 scripta
1863 3034 2011 3087 sunt,
2062 3024 2130 3076 ab

547 3124 759 3192 origine
791 3120 979 3175 tnundi
1013 3120 1217 3188 scripta
1251 3127 1382 3172 sunt
1415 3132 1430 3168 :
1467 3118 1540 3169 ita
1585 3116 1731 3169 enim
1775 3122 1992 3183 oportet
2044 3113 2129 3165 in-

2225 1933 2635 2004 προσκυνῆσαι,
2665 1931 2791 1993 τοὺς
2831 1928 3223 1990 κατοικοῦντας
3257 1928 3350 1979 ἐπὶ
3403 1927 3501 1995 τῆς
3540 1927 3667 1995 γῆς,
3717 1923 3812 1986 οὓς

2224 2025 2320 2078 καὶ
2361 2023 2587 2085 Ἡσαΐας
2615 2021 2903 2073 πεσεῖσθαι
2953 2019 3204 2090 μελῳδεῖ,
3239 2036 3256 2068 ι
3296 2018 3373 2071 Οὐ
3403 2017 3750 2086 πεσούμεθα,
3785 2034 3804 2065 ι

2226 2118 2474 2186 φάσκων,
2517 2134 2535 2166 ι
2574 2113 2709 2166 ἀλλὰ
2744 2110 3038 2165 πεσοῦνται
3077 2113 3127 2162 oi
3183 2107 3521 2165 ἐνοικοῦντες
3569 2109 3661 2159 ἐπὶ
3713 2107 3815 2173 τῆς

2225 2208 2353 2277 γῆς,
2397 2226 2413 2258 ι
2450 2205 2752 2267 τουτέστιν,
2805 2204 2856 2256 οἱ
2915 2201 3081 2272 μηδὲν
3115 2198 3224 2252 τῶν
3269 2200 3533 2267 οὐρανίων
3580 2196 3672 2249 καὶ
3712 2197 3815 2265 τῆς

2229 2302 2348 2354 ἐκεῖ
2390 2298 2548 2367 δόξης
2589 2293 3042 2365 πεφροντικότες,
3074 2291 3212 2345 ἀλλὰ
3240 2294 3306 2361 τῇ
3339 2292 3501 2359 γηῒνῃ
3533 2289 3687 2358 ἑστίᾳ
3719 2287 3814 2341 καὶ

2227 2394 2294 2461 τῇ
2336 2389 2458 2443 κατ’
2504 2389 2676 2457 αὐτὴν
2727 2385 2982 2456 χοιρὼδει
3037 2383 3226 2453 βιώσει
3280 2381 3813 2452 προσαρμοζόμενοι.

2229 2481 2326 2536 Διὸ
2369 2482 2463 2534 καὶ
2497 2482 2610 2543 τοῖς
2664 2478 2758 2530 τοῦ
2809 2475 3015 2546 βιϐλίου
3047 2477 3142 2545 τῆ..
3179 2475 3325 2545 ζωῆς
3375 2473 3814 2543 διημαρτήκασιν

2230 2573 2538 2642 ἐγγραφῆς.

2309 2664 2420 2717 Τοῦ
2469 2661 2708 2730 Ἀρνὶου
2739 2661 2845 2714 τοῦ
2891 2658 3276 2728 ἐσφαγμένου
3309 2657 3429 2712 ἀπὸ
3477 2655 3819 2721 καταϐολῆς

2234 2757 2494 2825 κόσμου.
2546 2755 2634 2806 Ἐν
2691 2751 2991 2823 ὐπερϐατῷ
3035 2751 3329 2803 ἀκουστέον
3359 2749 3436 2814 τὺ,
3466 2743 3578 2802 Ὧν
3604 2751 3674 2801 οὐ
3716 2746 3814 2817 τέο

2235 2861 2487 2917 γραπται
2517 2846 2590 2898 τὰ
2623 2847 2888 2913 ὀνόματα
2916 2845 2986 2896 ἐν
3016 2842 3091 2911 τῇ
3125 2843 3322 2906 βίϐλῳ
3363 2841 3473 2908 τῆς
3514 2839 3658 2906 ζωῆς
3710 2838 3817 2892 τοῦ

2248 2940 2486 3007 Ἀρνέου
2517 2937 2624 2990 τοῦ
2646 2934 3054 3004 ἐσφαγμένου.
3075 2934 3224 2986 Ἐπεὶ
3252 2926 3327 2985 ὧν
3361 2934 3685 3000 γέγραπται,
3709 2930 3821 2982 ἀπὸ

2237 3031 2554 3100 καταϐολῆς
2593 3031 2803 3098 κόσμου
2853 3029 3190 3097 γέγραπται.
3226 3025 3382 3078 Οὕτω
3413 3025 3520 3093 γὰρ
3547 3024 3626 3075 δεῖ
3653 3024 3820 3085 νοεῖν,

2238 3126 2337 3194 οὐχ
2354 3125 2428 3186 ὡς
2451 3124 2484 3193 η
2513 3120 2704 3191 Γραφὴ
2736 3120 2873 3189 ἔχει,
2894 3120 2976 3171 ὅτι
2996 3119 3130 3188 μηδέ
3151 3117 3259 3170 ἀπὸ
3286 3113 3589 3182 καταϐολῆς
3614 3113 3821 3181 κόσμου

547 3217 812 3285 telligere,
851 3229 958 3267 non
1015 3220 1074 3264 ut
1114 3211 1384 3279 scriptura
1438 3208 1622 3271 habet,
1650 3206 1778 3275 quia
1829 3220 2007 3274 neque
2066 3203 2133 3257 ab

2239 3220 2272 3288 ἠ
2322 3214 2418 3267 τοῦ
2485 3213 2702 3283 ’Λρνίου
2761 3212 2971 3280 σφαγή.
3010 3209 3183 3262 Τίνων
3225 3209 3281 3260 δὲ
3330 3207 3398 3259 τὰ
3452 3208 3692 3275 ὀνόματα
3746 3203 3824 3272 μὴ

546 3312 759 3380 origine
790 3308 974 3363 mundi
1005 3308 1144 3360 facta
1172 3315 1256 3360 est
1277 3305 1401 3375 agni
1425 3304 1652 3358 occisio.
1678 3299 1916 3366 Quinam
1946 3307 2128 3352 autem

546 3414 678 3462 sunt
724 3405 818 3473 qui
861 3417 967 3455 non
1013 3401 1318 3452 adorarunt
1370 3395 1691 3457 draconem,
1739 3407 1973 3462 quorum
2005 3400 2138 3446 sunt

547 3497 751 3565 scripta
791 3492 1014 3548 nomina
1071 3491 1124 3543 in
1153 3489 1295 3542 libro
1323 3487 1446 3540 vita
1477 3484 1658 3554 Agni?
1682 3485 1815 3552 Age,
1841 3496 1907 3535 ex
1945 3480 2136 3534 alieni-

547 3588 701 3658 genis
730 3589 865 3638 tales
900 3597 1023 3636 esse
1049 3580 1301 3633 dicamus
1329 3577 1511 3646 qualis
1535 3584 1654 3628 erat
1686 3571 1790 3628 Job
1818 3582 1870 3626 et
1899 3579 2138 3641 quatuor

549 3681 669 3747 ejus
698 3677 886 3740 amici,
937 3672 1099 3742 762
1139 3679 1193 3723 et
1224 3685 1290 3723 ex
1349 3667 1514 3722 Israel
1559 3665 1732 3720 sancti
1767 3664 2048 3733 prophetae
2085 3671 2140 3716 ct

552 3785 748 3824 omnes
778 3769 873 3836 qui
902 3767 956 3819 in
993 3763 1171 3817 Veteri
1201 3759 1558 3819 Te>tautento
1595 3766 1819 3826 propter
1873 3756 2136 3824 pietatem

555 3860 885 3931 martyrium
924 3856 1193 3910 tulerunt.
1227 3851 1404 3921 llujus
1433 3864 1650 3920 quoque
1687 3848 1811 3902 libri
1843 3846 2019 3901 Lucas
2063 3846 2140 3901 ait

555 3955 722 4008 etiam
759 3950 1051 4004 Dominum
1096 3956 1347 4000 nostrum
1379 3941 1568 3996 Jesum
1597 3940 1894 4010 |Christum
1939 3937 2139 3993 fecisse

553 4043 909 4107 mentionem,
941 4041 1071 4095 dum
1105 4039 1221 4092 ait:
1258 4056 1275 4088 ι
1317 4035 1566 4089 Gaudete
1598 4033 1745 4104 quod
1790 4032 2014 4086 nomina
2046 4045 2141 4084 ve-

554 4144 665 4190 stra
692 4134 892 4202 scripta
931 4143 1056 4186 sunt
1085 4129 1317 4183 incaalis
1352 4127 1419 4178 ⁷⁸.
1463 4145 1481 4177 ι

627 4225 687 4281 Si
729 4228 845 4294 quis
887 4225 1043 4276 habet
1076 4237 1284 4283 aurem,
1321 4219 1532 4272 audiat.
1561 4217 1618 4270 Si
1655 4217 1782 4286 quis
1836 4215 1999 4269 habet
2037 4229 2140 4268 au-

555 4338 666 4377 rem
687 4317 1107 4374 transmittendo
1125 4316 1510 4384 depromplam
1529 4327 1621 4380 per
1641 4310 1806 4365 verba
1830 4309 2138 4377 intelligen-

553 4417 684 4467 tiam
711 4412 780 4466 ad
814 4421 1077 4475 mentem,
1109 4409 1298 4462 audiat
1331 4421 1454 4475 qua:
1486 4406 1626 4458 dicta
1664 4411 1814 4466 sunt,
1845 4411 1899 4456 et
1931 4415 2140 4470 cogno-

555 4515 673 4560 scat
691 4505 832 4574 quod
856 4503 902 4556 is
919 4502 1013 4571 qui
1040 4506 1327 4568 promptus
1344 4505 1426 4549 est
1454 4495 1521 4547 ad
1550 4492 1862 4547 ducendum
1899 4491 2042 4545 alios
2082 4490 2137 4542 in

2239 3305 2741 3375 προσκυνησάντων
2760 3302 2836 3372 τῷ
2861 3302 3117 3371 δράκοντι
3147 3301 3204 3352 ἐν
3224 3302 3286 3370 τῇ
3305 3299 3471 3367 βίϐλῳ
3493 3297 3588 3350 τοῦ
3607 3295 3820 3366 Ἀρνίου

2241 3398 2602 3468 ἐγράφησαν;
2647 3393 2744 3446 Ἐκ
2773 3392 2882 3444 τῶν
2922 3391 3117 3454 ἐθνῶν,
3152 3390 3283 3458 φέρε
3326 3391 3522 3453 εἰπεῖν,
3556 3388 3631 3451 ὡς
3659 3385 3771 3455 (37)
3797 3387 3822 3437 έ

2253 3489 2372 3544 Ἰὼϐ
2401 3489 2496 3541 καὶ
2519 3487 2567 3540 οἱ
2585 3487 2848 3554 τέσσαρες
2868 3482 3030 3535 αὐτοῦ
3060 3482 3223 3550 φίλοι,
3249 3481 3364 3552 [καὶ
3387 3483 3450 3532 ἐκ
3474 3478 3567 3531 τοῦ
3607 3476 3822 3546 Ἰσραὴλ

2239 3584 2291 3636 οἱ
2321 3583 2466 3652 ἆγιοι
2491 3580 2770 3650 προφῆται
2808 3576 2976 3649 (38),]
3010 3577 3105 3629 καὶ
3137 3576 3336 3636 πάντες
3365 3574 3415 3625 οἱ
3439 3573 3508 3624 δι’
3539 3570 3823 3623 εὐσέϐειαν

2245 3673 2690 3745 μαρτυρούμενοι
2717 3672 2774 3723 ἐν
2818 3672 2886 3738 τῇ
2941 3667 3176 3737 [Ιαλαιᾷ.
3217 3665 3420 3718 Τούτου
3466 3662 3560 3715 τοῦ
3621 3661 3826 3731 βιϐλίου

2243 3768 2337 3821 καὶ
2370 3764 2464 3817 τὸν
2500 3763 2709 3834 Κύριον
2753 3759 2967 3829 Ἰησοῦν
2999 3759 3236 3828 Χριστὸν
3269 3757 3362 3810 καὶ
3398 3756 3615 3817 Λουκᾶς
3659 3771 3826 3823 φησιν

2241 3859 2300 3910 ἐν
2322 3856 2397 3926 τῷ
2439 3852 2757 3922 Εὐαγγελίῳ
2796 3849 3194 3921 μνημονεῦσαι,
3219 3847 3380 3918 ἡνίκα
3407 3846 3594 3912 λέγει’
3633 3864 3650 3895 ι
3695 3845 3826 3897 Χαί-

2245 3963 2367 4020 ρετε
2395 3949 2477 4000 ὅτι
2496 3946 2562 3998 τὰ
2583 3943 2824 4013 ὀνόματα
2843 3941 2873 3994 ὑ
2883 3940 3000 4011 μῶν
3022 3938 3240 4009 ἐγράφη
3269 3941 3325 3991 ἐν
3347 3939 3460 4000 τοῖς
3489 3937 3768 4006 οὐρανοῖς.
3799 3953 3819 3984 ι

2315 4214 2388 4268 El
2431 4230 2521 4278 τις
2555 4211 2680 4280 ἔχει
2711 4205 2850 4274 οὖς,
2889 4205 3232 4260 ἀκουσάτω.
3275 4201 3462 4267 Εῖτις,
3489 4199 3673 4272 φησὶν,
3711 4197 3826 4266 ἔχει

2243 4305 2358 4372 οῦς,
2385 4307 2463 4376 τῷ
2487 4304 2719 4376 ἡγεμόνι
2750 4301 2826 4371 νῷ
2854 4300 3244 4370 παραπέμπων
3272 4297 3371 4366 τὴν
3393 4295 3481 4348 διὰ
3510 4293 3616 4346 τῶν
3643 4291 3826 4360 ῥημά-

2243 4417 2353 4454 των
2385 4395 2768 4468 ἐκφερομένην
2793 4393 3024 4455 ἔννοιαν,
3054 4391 3342 4444 ἀκουσάτω
3367 4387 3478 4438 τῶν
3499 4382 3825 4454 εἰρημένων,

2246 4493 2345 4546 καὶ
2393 4490 2614 4559 γνώτω,
2668 4487 2809 4539 ὃτιὸ
2853 4484 2985 4553 περὶ
3028 4483 3089 4534 τὸ
3145 4477 3570 4549 αἰχμαλωτίζειν
3610 4475 3829 4543 ἐτέρους

555 4553 1006 4574 ντ--ηι---νττν
1041 4553 1053 4568 .
1200 4553 1216 4567 .

555 4599 928 4668 captivitatem
957 4635 973 4659 ,
1008 4591 1242 4659 accipiet
1289 4590 1472 4642 debita
1522 4587 1637 4656 suis
1685 4586 1845 4639 factis
1894 4582 2142 4654 praamia.

2253 4553 2571 4654 πρόχειρος,
2602 4553 2827 4640 δέξεται
2859 4577 2927 4627 τὰ
2975 4573 3227 4642 ἐπίχειρα
3273 4569 3380 4621 τὼν
3424 4564 3830 4635 πεπραγμένων

555 4686 693 4740 Nam
732 4685 836 4736 hoc
875 4680 1165 4734 ostendere
1203 4677 1320 4731 vult
1359 4677 1506 4746 quod
1531 4669 1647 4742 'a‘tt,
1693 4674 1864 4736 vadit,
1906 4675 2009 4727 hoc
2039 4680 2148 4733 est,

558 4777 801 4830 laborem
836 4773 888 4826 in
932 4771 1182 4840 seipsum
1214 4767 1283 4822 ad
1316 4769 1581 4822 ultionem
1613 4765 1813 4835 rejicit,
1839 4773 1892 4816 ut
1939 4773 1993 4816 et
2033 4763 2148 4831 ipse

558 4869 811 4935 captivus
861 4864 1101 4918 ducatur
1131 4878 1162 4939 a
1217 4862 1413 4924 bestia,
1451 4860 1655 4913 nullam
1725 4867 1975 4911 nactusa
2031 4854 2144 4908 Deo

557 4959 1008 5016 rel'ocillationetn
1075 4967 1134 5008 ut
1190 4969 1302 5008 non
1355 4954 1678 5006 abducatur.
1745 4947 1842 5002 Hic
1897 4947 2143 5016 conspici

558 5057 718 5109 datur
747 5051 1007 5122 patientia
1038 5061 1250 5111 eorum,
1284 5047 1378 5117 qui
1416 5060 1510 5114 per
1539 5042 1862 5096 alﬂictiones
1890 5040 1995 5110 piis
2047 5039 2141 5094 Dei

561 5147 866 5201 cultoribus
903 5159 933 5198 a
996 5145 1199 5197 Satana
1258 5140 1513 5194 inductas
1549 5133 1852 5188 fortissime
1906 5133 2142 5187 transie—

557 5229 709 5303 i-unt,
729 5249 784 5294 et
810 5247 1130 5293 sanctorum
1161 5232 1253 5303 qui
1281 5248 1375 5301 per
1401 5231 1561 5283 fidem
1600 5226 1808 5296 probati
1833 5235 1980 5291 sunt,
2019 5225 2147 5295 quia

561 5329 741 5397 etips't
771 5342 868 5394 per
904 5325 1064 5378 ﬁdem
1101 5320 1319 5393 egregie
1370 5319 1741 5388 pra'stiternnt
1789 5324 1982 5370 cuncta
2027 5329 2150 5384 quae

560 5420 722 5475 laude
751 5420 916 5489 digna
945 5425 1097 5480 sunt,
1149 5414 1195 5468 si
1224 5411 1397 5466 Paulo
1424 5407 1760 5463 credendum
1789 5417 1893 5471 est,
1924 5406 2015 5476 qui
2036 5407 2149 5460 haec

561 5512 636 5565 ita
671 5512 838 5565 latins
866 5509 1098 5578 epistola
1130 5506 1193 5560 ad
1223 5504 1484 5558 Hebraeos
1513 5510 1829 5555 enumerat.

632 5650 681 5684 "
719 5651 826 5706 lsa.
869 5665 1017 5714 τινι,
1048 5649 1134 5702 18.
1213 5648 1260 5679 ⁷⁸
1292 5646 1426 5699 Luc.
1462 5661 1516 5707 κ,
1551 5643 1643 5696 20.

643 5789 758 5860 (37)
795 5791 962 5859 Edit.,
999 5795 1048 5846 οἱ
1080 5792 1310 5846 τοιοῦτοι
1337 5791 1466 5862 φέρε
1487 5790 1687 5855 εἰπεῖν,
1713 5787 1813 5850 ὡς.

2254 4675 2426 4744 αὐτῷ.
2473 4671 2647 4724 Τοῦτο
2676 4668 2786 4736 γὰρ
2836 4666 3087 4736 βούλεται
3154 4660 3426 4729 παριστᾷν
3467 4657 3551 4719 τὸ,
3593 4654 3829 4722 ὑπάγει,

2251 4766 2438 4829 οἱονεὶ,
2471 4765 2550 4827 εἰς
2575 4761 2887 4816 ἀντέκτισιν
2921 4755 3099 4825 ἐαυτῷ
3132 4753 3224 4806 τὸν
3251 4751 3447 4824 μόχθον
3473 4745 3828 4806 καταϐάλλει,

2252 4856 2348 4910 τοῦ
2381 4854 2478 4910 καὶ
2515 4851 2678 4906 αὐτὸν
2705 4845 3212 4919 αἰχμαλωτισθῆναι
3244 4843 3348 4894 ὐπὸ
3374 4840 3467 4892 τοῦ
3495 4837 3685 4908 θηρίου
3724 4853 3831 4905 μη-

2253 4949 2447 5020 δεμιᾶς
2494 4943 2820 5013 ἀναλήψεως
2859 4940 3145 5009 τυγχάνων
3182 4934 3287 4988 ὑπὸ
3333 4934 3426 4987 τοῦ
3468 4929 3602 4984 Θεοῦ
3631 4927 3725 4981 τοῦ
3758 4927 3831 4996 μὴ

2252 5039 2588 5110 ἀπαχθῆναι.
2629 5030 2762 5088 τΩδε
2795 5034 3052 5102 ἐνορᾶται
3099 5032 3132 5099 ἡ
3169 5024 3417 5095 ὑπομονὴ
3457 5021 3565 5078 τῶν
3605 5020 3694 5074 διὰ
3733 5022 3830 5082 τὰς

2253 5128 2460 5198 θλίψεις
2482 5127 2580 5190 τὰς
2607 5127 2714 5179 ὐπὸ
2745 5125 2839 5176 τοῦ
2888 5122 3103 5174 Σατανᾶ
3152 5116 3510 5186 ἐγγινομένας
3544 5115 3654 5175 τοῖς
3686 5111 3832 5163 εὐσε-

2253 5222 2374 5274 ϐέσι
2432 5215 2889 5289 καρτερικώτατα
2949 5209 3391 5279 διαϐεϐηκότων,
3449 5205 3542 5260 καὶ
3595 5203 3683 5256 διὰ
3732 5201 3832 5267 τῆς

2263 5315 2502 5375 πίστεως
2523 5303 3007 5378 δεδοκιμασμένων
3033 5303 3225 5371 ἁγίων,
3244 5301 3325 5353 ὅτι
3344 5297 3440 5352 καὶ
3470 5296 3624 5350 αὐτοὶ
3653 5295 3834 5345 πίστει

2255 5408 2630 5479 κατώρθωσαν
2669 5409 2739 5456 τὰ
2771 5399 3036 5456 ἐπαινετὰ
3071 5397 3270 5461 πάντα,
3315 5393 3431 5462 εἴγε
3465 5389 3663 5458 Παύλῳ
3715 5402 3832 5440 πει-

2264 5499 2419 5551 στέον
2464 5493 2738 5566 Ἑϐραίοις
2769 5491 2914 5544 οὓτω
2939 5489 3187 5553 διεξιόντι
3211 5484 3383 5540 ταῦτα
3408 5479 3764 5551 πλατύτερον.

2355 5776 2465 5847 (58)
2489 5773 2706 5833 Inclusa
2734 5768 2938 5830 omittit
2963 5767 3052 5825 ed.
