4110 6444
327 403 434 471 677

921 513 1174 570 ΚΕΦΑΛ.
1203 513 1326 568 ΛΖ’.

331 629 473 699 Περὶ
517 628 725 699 ἐτέρου
758 628 968 699 θηρίου
999 625 1108 699 δύο
1139 625 1358 692 κέρατα
1386 623 1658 699 ἔχοντος,
1691 620 1791 674 καί
1839 617 1918 684 τῷ

490 691 701 769 πρώτῳ
727 691 869 765 τοὺς
912 691 1269 764 ἀνθρώπους
1294 692 1739 772 προσάγοντος.

400 809 511 863 Καὶ
541 805 708 865 elder
743 807 900 863 ἄλλο
928 806 1138 875 θηρίον
1166 804 1505 860 ἀναϐαῖνον
1541 804 1610 858 ἐκ
1644 800 1753 871 τῆς
1781 799 1913 873 γῆς,

323 887 426 953 ’καί
463 895 590 970 εἶχε
621 900 840 969 κέρατα
877 897 987 952 δύο
1026 897 1198 967 ὅμοια
1228 897 1436 966 ἀρνίῳ,
1468 895 1566 949 καὶ
1600 893 1808 949 ἐλάλει
1837 893 1918 959 ὡς

328 991 585 1060 δράκων.
638 989 748 1044 Καὶ
779 989 895 1057 τὴν
944 988 1239 1052 ἐξουσίαν
1268 987 1375 1041 τοῦ
1427 986 1663 1054 πρώτου
1706 986 1916 1052 θηρίου

328 1080 540 1136 πᾶσαν
581 1081 739 1134 ποιεῖ
769 1079 1027 1133 ἐνώπιον
1055 1078 1266 1132 αὑτοῦ.
1303 1077 1414 1131 Kal
1443 1078 1632 1131 ἐποίει
1659 1077 1776 1144 τὴν
1799 1072 1916 1145 γῆν

329 1171 431 1225 καί
458 1170 603 1237 τοὺς
645 1170 716 1223 ὲν
746 1169 903 1239 αὐτῇ
938 1170 1399 1235 κατοικοῦντας,
1436 1169 1538 1222 ἵνα
1565 1168 1918 1237 προσκυνή-

326 1274 483 1315 σωσι
540 1260 607 1312 τὸ
656 1260 871 1327 θηρίον
922 1258 989 1312 τὸ
1039 1259 1299 1327 πρῶτον,
1346 1254 1418 1314 οὗ
1473 1259 1841 1326 ἐθεραπεύθη
1876 1259 1916 1325 ἡ

326 1350 534 1419 πληγὴ
582 1350 691 1403 τοῦ
731 1350 993 1404 θανάτου
1061 1351 1270 1405 αὐτοῦ.
1324 1349 1437 1404 Καὶ
1495 1350 1658 1404 ποιεῖ
1696 1350 1917 1419 σημεῖα

319 1442 582 1512 μεγάλα,
628 1442 724 1495 καὶ
762 1441 904 1510 πῐφ,
946 1443 1046 1495 ἵνα
1071 1444 1139 1495 ἐκ
1166 1442 1273 1496 τοῦ
1305 1443 1567 1510 οὐρανοῦ
1590 1442 1916 1511 καταϐαίνῃ

326 1534 430 1586 ἐπὶ
468 1532 581 1601 τὴν
608 1532 725 1602 γῆν
745 1533 1008 1586 ἐνώπιον
1037 1532 1156 1587 τῶν
1186 1535 1537 1601 ἀνθρώπων.
1569 1536 1675 1589 Kal
1713 1533 1919 1603 πλανᾷ

324 1624 472 1689 τοὺς
498 1623 684 1692 ἐμοὺς
730 1624 875 1689 τοὺς
920 1626 1354 1691 κατοικοῦντας
1391 1627 1487 1678 ἐπὶ
1518 1625 1627 1695 τῆς
1655 1624 1787 1696 γῆς,
1822 1625 1919 1681 διὰ

324 1713 404 1767 τὰ
441 1713 663 1783 σημεῖα
696 1711 735 1768 ἁ
784 1713 962 1782 ἐδόθη
998 1713 1160 1780 αὐτῷ
1208 1715 1460 1785 ποιῆσαι
1494 1717 1756 1771 ἐνώπιον
1812 1714 1917 1772 τοῦ

322 1807 565 1873 θηρίου.

406 1898 617 1962 Πολλὰς
669 1899 947 1972 ἐκδρομὰς
1006 1902 1376 1973 ποιησάμενος
1448 1902 1515 1955 ἐκ
1587 1901 1755 1955 τῶνδε
1809 1900 1919 1955 τῶν

323 1992 536 2062 ἑρχῶν,
567 1992 648 2055 είς
699 1993 1137 2064 προγενεστέρας
1172 1994 1347 2065 ἀρχὰς
1403 1994 1634 2060 ἀναϐὰς,
1682 1993 1919 2063 ἔφθασεν

322 2084 410 2146 είς
438 2084 499 2136 τὸ
548 2083 989 2154 σπουδαζόμενον
1022 2099 1038 2115 ⁸
1085 2085 1223 2156 ὅπερ
1249 2087 1349 2139 οὐκ
1379 2086 1528 2153 ἄλλο,
1560 2086 1592 2158 ῆ
1634 2087 1693 2141 τὸ
1725 2086 1921 2158 διηγή-

325 2171 531 2226 σασθαι
566 2174 638 2226 τὰ
697 2174 826 2244 περὶ
865 2174 965 2245 τῆς
1016 2175 1323 2247 παρουσίας
1376 2176 1473 2230 τοῦ
1516 2178 1917 2249 Ἀντιχρίστου.

328 2261 443 2315 Καὶ
474 2262 576 2331 δρα
633 2262 686 2315 τί
738 2280 873 2333 φησι
919 2265 1049 2336 περὶ
1096 2264 1288 2332 αὑτοῦ,
1323 2267 1389 2319 ἐκ
1425 2266 1527 2337 τῆς
1566 2267 1670 2337 γῆς
1718 2267 1918 2338 δηλαδὴ

327 2354 646 2408 ὰναὸαίνειν
676 2355 860 2418 αὐτὸν,
894 2356 1018 2411 ὅθεν
1040 2356 1137 2411 καὶ
1161 2359 1327 2411 πᾶσιν
1358 2358 1671 2429 ἀνθρώποις
1699 2361 1733 2431 ἠ
1764 2360 1920 2429 γένε-

331 2461 441 2509 σις.
490 2448 815 2518 Ἄνθρωπος
842 2449 952 2518 γὰρ
986 2451 1082 2503 καὶ
1116 2450 1282 2514 αὐτὸς
1331 2453 1452 2504 κατ’
1496 2453 1779 2524 ἐνέργειαν
1824 2453 1919 2507 τοῦ

330 2538 572 2604 Σατανᾶ,
606 2538 682 2602 ὡς
710 2539 806 2592 καὶ
838 2539 1039 2612 Παύλῳ
1064 2541 1143 2612 τῷ
1173 2541 1306 2613 θείῳ
1330 2543 1498 2597 δοκεῖ.
1524 2543 1606 2597 Τὰ
1627 2543 1834 2616 κέρατα
1865 2544 1922 2599 δὲ

327 2629 433 2682 οὐκ
463 2629 677 2700 ἀρνίου,
706 2630 823 2683 ἀλλ’
852 2632 1015 2703 ὅμοια
1043 2632 1239 2705 ἀρνίῳ,
1273 2634 1463 2705 ἐπειδὴ
1503 2636 1767 2704 φαντάζει
1797 2636 1921 2691 ἑαυ-

329 2721 426 2775 τὸν
460 2722 680 2793 ἐπιεικῆ
725 2722 801 2786 ὡς
833 2725 862 2777 ὁ
906 2724 1163 2794 Χριστὸς,
1201 2725 1288 2779 ἵνα
1334 2726 1533 2782 πλανᾶ.
1563 2726 1663 2781 Διὰ
1699 2728 1858 2781 τοῦτο
1885 2729 1920 2801 ἠ

328 2813 590 2883 ὁμοιότης
632 2812 743 2866 τῶν
802 2816 1072 2885 κεράτων,
1131 2816 1305 2887 ἤγουν
1351 2818 1451 2888 τῆς
1481 2817 1661 2889 δόξης.
1710 2821 1818 2874 Καὶ
1845 2819 1921 2883 ὡς

327 2900 547 2974 δράκων
589 2906 766 2972 λαλεῖ,
796 2906 898 2959 οὐκ
930 2905 1005 2959 ὢν
1054 2906 1295 2979 δράκων.
1346 2910 1422 2963 Οὐ
1466 2909 1577 2982 γὰρ
1619 2913 1647 2965 ὁ
1677 2912 1920 2977 Σατανᾶς

328 2997 482 3049 ἐστιν
526 2997 875 3068 αὐτόχρημα,
924 2998 1043 3053 ἀλλ’
1085 3000 1161 3063 ὡς
1219 3002 1429 3065 ἐκεῖνος
1499 3002 1919 3069 ἐνεξουσιάζων,

329 3088 601 3151 τουτέστι,
621 3087 866 3158 διάδοχος
890 3089 1104 3157 γίνεται
1131 3090 1232 3161 τῆς
1250 3090 1503 3158 ἐξουσίας
1524 3091 1617 3146 τοῦ
1645 3094 1916 3149 διαϐόλου.

342 3175 609 3230 Ἐνὼπιον
654 3177 733 3243 δὲ,
782 3179 949 3232 οἱονεὶ
978 3181 1293 3246 ἀκολούθως
1337 3182 1555 3255 ἐκείνῳ,
1612 3185 1736 3240 κατ’
1764 3187 1918 3241 οὐδὲν
1945 3194 1989 3256 c

329 3267 729 3340 παραλλάττων
758 3270 858 3342 τῆς
882 3272 1187 3342 παρουσίας
1213 3273 1310 3328 τοῦ
1347 3273 1569 3348 πρώτου
1601 3278 1841 3336 Σατανᾶ.

405 3528 487 3590 Οὗ
520 3531 885 3605 ἐθεραπεύθη
914 3539 955 3608 ἡ
1002 3540 1208 3609 πληγὴ
1246 3542 1356 3596 τοῦ
1394 3543 1658 3598 θανάτου
1702 3546 1912 3600 αὐτοῦ.

328 3626 515 3680 Εἰπὼν
545 3627 629 3682 ὅτι
664 3628 1064 3699 τὴν-ἐξουσίαν
1095 3632 1190 3686 τοῦ
1232 3634 1453 3705 πρώτου
1491 3635 1684 3706 θηρίου
1731 3640 1915 3692 πᾶσαν

327 3722 564 3774 ποιεῖται
618 3720 853 3775 ἐνώπιον
894 3723 1062 3778 αὐτοῦ
1094 3724 1339 3795 (πρῶτον
1379 3726 1436 3780 δὲ
1464 3728 1680 3781 πάντων
1723 3730 1915 3801 εἴρηκε

327 3810 422 3865 τὸν
457 3811 730 3883 δράκοντα
763 3813 854 3867 τὸν
897 3816 1108 3888 πυρῤὸν
1144 3816 1204 3870 ὃν
1239 3818 1443 3886 ἔδειξεν
1480 3820 1539 3873 ἐν
1591 3820 1669 3891 τῷ
1699 3821 1915 3893 οὐρανῷ

328 3905 718 3975 γεγραμμένον
749 3905 809 3958 ὲν
850 3909 917 3978 τῇ
973 3909 1260 3982 ὀπτασίᾳ),
1314 3910 1402 3963 ἵνα
1445 3911 1521 3980 μή
1575 3926 1661 3974 τις
1715 3912 1916 3987 νομίσῃ

327 3995 426 4050 νῦν
446 3996 628 4065 λέγειν
659 3998 825 4050 αὐτὸν
848 3999 979 4068 περὶ
999 3999 1238 4067 ἐκείνου,
1259 4001 1318 4066 ὃς
1346 4001 1448 4072 τὴν
1471 4003 1725 4068 ἐξουσίαν
1753 4004 1915 4057 ἔλαϐε

327 4086 425 4142 τοῦ
451 4087 672 4159 πρῶτον
704 4088 918 4160 θηρίου,
950 4091 1012 4144 οὐ
1044 4093 1173 4163 περὶ
1203 4092 1414 4147 ἐκείνου
1438 4095 1595 4165 φησὶ,
1637 4093 1732 4149 τοῦ
1760 4095 1915 4167 πρώο

328 4195 444 4245 του,
486 4180 652 4248 λέγω,
692 4181 831 4234 ἀλλὰ
877 4180 973 4235 τοῦ
1017 4184 1138 4254 μετ’
1165 4185 1373 4238 ἐκεῖνον
1418 4185 1539 4256 μὲν,
1589 4187 1696 4258 πρὸ
1725 4188 1782 4240 δὲ
1820 4186 1915 4241 τοῦ

341 4272 735 4343 Ἀντιχρίστου,
767 4273 826 4327 ὃν
855 4276 890 4346 ή
913 4276 1153 4330 ὀπτασία
1185 4276 1388 4344 ἔδειξεν
1413 4278 1479 4330 ἐκ
1508 4279 1608 4348 τῆς
1636 4278 1917 4349 θαλάσσης

329 4364 662 4430 ἀναϐαίνειν,
698 4366 882 4435 ὅμοιον
934 4365 1066 4421 ὄντα
1124 4368 1412 4439 παρδάλει.
1474 4369 1681 4423 Τούτου
1722 4369 1831 4442 γὰρ
1880 4371 1916 4442 ἡ

1393 402 1777 465 COMMENT.
1821 401 1903 463 IN
1944 399 2475 461 APOCALYPSIN.

1948 510 2024 573 Α,

1947 1848 1995 1907 Β

2513 503 2751 564 CAPUT
2793 506 3063 564 XXXVII.
3498 406 3532 469 6
3551 403 3612 471 ‘8

2020 620 2098 675 De
2130 620 2242 675 alia
2282 621 2465 695 bestia,
2496 622 2721 695 habente
2765 622 2870 677 duo
2898 640 3103 695 cornua
3127 642 3244 695 qua:
3269 626 3515 683 homines
3540 631 3611 683 ad

2384 693 2611 761 priorem
2642 693 2862 747 bestiam
2893 693 3217 753 adducebat.

2091 801 2234 869 XIII,
2264 805 2453 859 H-M.
2486 802 2555 858 Et
2584 805 2690 860 vidi
2726 806 2892 861 aliam
2910 810 3132 887 bestiam
3159 811 3525 866 ascendente»:
3551 813 3614 868 de

2023 901 2184 959 terra,
2216 905 2262 949 et
2292 894 2519 950 habebat
2545 897 2651 950 duo
2679 914 2877 952 cornua
2925 900 3130 955 similia
3158 919 3316 972 agno,
3348 914 3398 957 et
3431 904 3607 976 loquec

2022 986 2181 1039 batur
2201 990 2336 1042 sicut
2372 990 2535 1042 draco
2567 1004 2585 1043 :
2629 998 2679 1043 et
2708 999 3024 1060 potestatem
3049 995 3237 1061 prima:
3271 998 3452 1049 bestiae
3494 1014 3599 1050 oms

2021 1093 2135 1131 nem
2161 1079 2292 1147 facit
2322 1080 2376 1132 in
2400 1091 2680 1143 conspectu
2724 1081 2838 1149 ejus
2872 1098 2891 1135 :
2926 1091 2976 1136 et
3018 1084 3253 1152 faciebat
3319 1096 3517 1141 terram
3564 1098 3615 1141 et

2019 1180 2106 1218 eos
2128 1165 2220 1233 qui
2254 1164 2564 1219 habitabant
2591 1168 2647 1220 in
2686 1184 2748 1222 ea
2792 1168 3022 1223 adorare
3075 1171 3297 1226 bestiam
3358 1177 3613 1242 primam,

2021 1254 2172 1323 cujus
2213 1265 2400 1309 curata
2425 1256 2602 1325 fuerat
2625 1259 2784 1327 plaga
2808 1262 3016 1314 mortis.
3058 1261 3126 1316 Et
3151 1261 3287 1331 facit
3311 1266 3465 1336 signa
3499 1285 3617 1321 ma-

2022 1364 2150 1418 gna,
2208 1357 2257 1401 et
2290 1350 2465 1419 ignem
2528 1361 2583 1401 ut
2618 1347 2682 1402 de
2731 1349 2884 1421 coelo;
2911 1352 3193 1406 descendat
3220 1355 3276 1407 in
3337 1371 3618 1426 conspectu

2020 1438 2312 1504 hominum,
2380 1446 2429 1491 et
2484 1438 2685 1491 seducit
2738 1454 2878 1493 meos
2909 1440 2999 1507 qui
3030 1439 3279 1495 habitant
3333 1444 3389 1498 in
3449 1454 3616 1510 terra,

2019 1538 2235 1599 propter
2260 1529 2422 1599 jsigna
2463 1545 2581 1599 qua:
2619 1529 2751 1582 data
2797 1535 2919 1582 sunt
2949 1529 3032 1585 illi
3066 1540 3123 1584 ut
3166 1532 3365 1601 faceret
3392 1534 3447 1588 in
3488 1551 3617 1591 eon-

2016 1622 2200 1690 ἐρεειιι
2239 1621 2440 1675 bestite.
2504 1648 2520 1658 -

2095 1875 2277 1932 Multis
2308 1876 2466 1932 factis
2494 1878 2826 1933 excursibus
2850 1888 2905 1934 et
2933 1879 3003 1935 ab
3034 1879 3121 1935 his
3144 1880 3305 1953 763
3337 1883 3620 1954 principa-

2022 1971 2172 2025 tibus
2225 1972 2530 2026 ascendens
2563 1971 2630 2026 ad
2685 1974 3056 2041 praecedentes
3114 1975 3460 2045 principatus
3525 1979 3622 2045 qui

2028 2078 2132 2118 nos
2161 2072 2586 2132 praecesserunt,
2624 2065 2876 2134 pervenit
2904 2066 2972 2121 ad
3005 2066 3057 2120 id
3100 2068 3246 2136 quod
3282 2067 3622 2137 intendebat,

2022 2155 2167 2225 quod
2197 2171 2305 2210 non
2334 2156 2481 2210 aliud
2506 2165 2625 2211 erat
2648 2172 2815 2226 quam
2835 2172 3098 2213 enarrare
3116 2173 3240 2229 quae
3276 2158 3345 2214 de
3377 2160 3620 2216 adventu

2021 2249 2350 2306 Antichristi
2411 2259 2542 2307 sunt
2586 2270 2599 2306 :
2639 2260 2695 2306 et
2738 2252 2861 2308 vide
2895 2252 3028 2323 quid
3057 2254 3128 2308 de
3153 2269 3220 2309 eo
3266 2253 3438 2317 dicat,
3464 2257 3614 2326 quod

2025 2340 2279 2395 videlicet
2304 2340 2418 2411 ipse
2454 2342 2522 2397 de
2553 2351 2696 2397 terra
2739 2342 3026 2411 ascendat,
3062 2344 3206 2401 unde
3238 2360 3432 2403 omnes
3477 2361 3622 2418 quo-

2023 2440 2134 2500 que
2164 2430 2418 2487 homines
2448 2432 2725 2488 oriuntur.
2757 2432 2891 2487 Nam
2916 2426 2970 2489 et
3002 2436 3118 2505 ipse
3152 2436 3320 2490 homo
3376 2438 3481 2492 erit
3526 2452 3616 2493 sc-

2024 2521 2264 2577 cundum
2325 2525 2702 2593 operationem
2750 2524 2992 2589 Satanae,
3028 2526 3173 2580 sicut
3227 2528 3393 2581 etiam
3453 2529 3624 2583 sentit

2023 2615 2185 2670 divus
2230 2614 2457 2670 Paulus.
2507 2615 2726 2671 Cornua
2771 2633 2900 2672 vero
2948 2633 3059 2673 non
3099 2618 3250 2689 agni,
3301 2620 3395 2674 sed
3420 2620 3624 2675 similia

2023 2721 2187 2777 agno,
2221 2707 2486 2778 quoniam
2520 2707 2857 2779 imaginatur
2888 2725 2953 2764 ac
2978 2709 3135 2779 lingit
3161 2724 3219 2766 se
3240 2710 3536 2781 benignum
3557 2727 3624 2766 ac

2023 2794 2328 2854 humanum
2381 2816 2502 2856 esse
2553 2800 2699 2856 sicut
2733 2812 2818 2857 est
2877 2802 3156 2870 Christus,
3206 2812 3267 2857 ut
3316 2805 3555 2873 decipiat
3604 2822 3620 2859 :

2023 2900 2312 2961 prepterea
2370 2902 2456 2947 est
2502 2892 2810 2948 similitudo
2858 2909 3129 2949 cornuum
3168 2893 3284 2950 sive
3313 2896 3520 2966 glorias.
3559 2897 3626 2953 Et

2023 2982 2168 3036 sicut
2207 2981 2374 3037 draco
2417 2982 2684 3053 loquitur,
2747 2997 2872 3038 cum
2908 3000 3017 3039 non
3072 2985 3145 3040 sit
3173 2984 3344 3041 draco
3377 3003 3392 3040 :
3443 3004 3624 3057 neque

2023 3074 2168 3128 enim
2213 3090 2272 3129 re
2330 3076 2448 3145 ipsa
2499 3084 2583 3131 est
2633 3074 2889 3143 Satanas,
2945 3077 3039 3132 sed
3082 3085 3408 3147 potestatum
3461 3096 3625 3134 exer-

2022 3176 2154 3219 cens
2186 3174 2244 3218 ut
2267 3164 2378 3230 ille,
2414 3165 2519 3220 hoc
2574 3172 2661 3220 est
2701 3181 2993 3221 successor
3050 3166 3286 3222 etlicitur
3325 3171 3620 3238 potestatis

2023 3253 2332 3323 diaboli.l_n
2362 3266 2661 3327 conspectu
2707 3266 2889 3311 autem
2940 3256 3084 3328 ejus,
3136 3258 3189 3312 id
3231 3267 3317 3313 est
3357 3259 3627 3316 imitando

2026 3346 2208 3413 illum,
2241 3349 2295 3401 in
2320 3349 2470 3402 nullo
2524 3347 2785 3405 differens
2812 3364 2843 3405 a
2873 3350 3100 3420 prioris,
3136 3366 3334 3421 nempe
3376 3349 3621 3422 Satanae,

2023 3442 2258 3495 adventu
2291 3442 2372 3496 vel
2412 3445 2727 3511 praesentia.

2094 3534 2262 3603 Cujus
2294 3544 2481 3588 curata
2514 3547 2591 3589 est
2614 3535 2774 3607 plaga
2797 3538 3008 3593 mortis.
3043 3534 3184 3593 Cum
3219 3537 3455 3595 dixisset
3475 3540 3625 3610 quod

2022 3633 2350 3696 pozestalem
2403 3627 2596 3696 prima:
2624 3627 2816 3682 bestia:
2875 3643 3097 3684 omnem
3154 3629 3361 3701 fecerat
3393 3632 3448 3687 in
3488 3648 3625 3688 con-

2024 3728 2216 3789 spectu
2250 3719 2369 3789 ejus
2406 3718 2671 3789 (primum
2716 3730 2897 3776 autem
2956 3723 3205 3777 omnium
3251 3725 3391 3780 dixit
3417 3725 3621 3781 draco-

2024 3818 2146 3865 nem
2177 3810 2385 3872 rufum,
2416 3822 2579 3880 quem
2604 3812 2852 3867 ostendit
2888 3812 2941 3871 in
2965 3814 3108 3869 ccelo
3136 3814 3473 3886 descriptum
3496 3832 3625 3873 esse

2024 3899 2080 3954 in
2116 3899 2379 3971 visione),
2412 3916 2480 3955 ne
2513 3902 2638 3971 quis
2667 3902 2850 3972 ipsum
2884 3904 3413 3962 nunc'existimaret
3438 3908 3505 3962 de
3531 3907 3630 3963 illo

2023 3988 2348 4060 I0t]llI,ClllD
2378 3993 2456 4046 ait
2506 3993 2654 4060 quod
2706 4002 3039 4063 potestatem
3106 3997 3383 4066 acceperit
3429 3997 3626 4067 prima;

2023 4084 2215 4139 bestiae
2245 4101 2260 4138 :
2297 4098 2404 4138 non
2431 4083 2497 4137 de
2522 4084 2642 4151 illo,
2693 4085 2912 4155 inquit,
2955 4087 3135 4157 primo
3163 4088 3379 4157 loquor,
3430 4091 3525 4145 sed
3559 4093 3629 4145 de

2025 4176 2118 4229 illo
2140 4176 2230 4246 qui
2256 4182 2383 4246 post
2406 4174 2561 4229 illum
2585 4176 2809 4245 quidem
2835 4175 2963 4243 fuit,
2986 4178 3291 4246 sed.tamen
3311 4188 3439 4234 ante
3465 4180 3627 4233 Anti-

2024 4267 2311 4335 christum,
2365 4282 2528 4337 quem
2577 4267 2821 4322 ostendit
2851 4269 2995 4323 visio
3036 4269 3104 4324 de
3153 4268 3292 4325 mari
3323 4270 3628 4326 ascendere

2026 4361 2199 4431 pardo
2236 4361 2473 4416 similem
2528 4380 2542 4416 :
2592 4361 2756 4430 hujus
2788 4362 2936 4418 enim
2969 4362 3129 4435 plaga
3165 4363 3348 4420 fuerat
3400 4373 3617 4431 curata,

332 4457 518 4529 πληγὴ
550 4458 699 4529 ίάθη,
748 4460 891 4514 κατὰ
939 4462 1001 4514 τὸ
1043 4462 1313 4532 πρότερον
1339 4463 1657 4534 εἰρημένον.
1705 4466 1918 4534 Σημεῖα

2023 4445 2175 4525 juxta
2208 4453 2261 4510 id
2293 4454 2441 4526 quod
2469 4456 2621 4524 prius
2648 4455 2856 4510 dictum
2890 4465 2995 4512 est.
3029 4455 3165 4511 Nam
3208 4458 3367 4528 signa
3401 4469 3456 4512 et
3491 4473 3623 4528 pro-

331 4550 440 4620 γὰρ
480 4551 575 4604 καὶ
600 4550 806 4621 τέρατα
826 4552 989 4606 αὐτὸν
1020 4556 1195 4607 ποιεῖν
1224 4556 1346 4608 κατ’
1378 4554 1662 4626 ἐνέργειαν
1684 4555 1776 4609 τοῦ
1798 4556 1914 4610 δια-

2023 4546 2164 4613 digia
2192 4543 2533 4616 facietjuxta
2565 4547 2943 4616 operationem
2969 4548 3213 4604 diaboli:
3247 4549 3405 4619 signa
3438 4560 3621 4604 autem

331 4640 512 4694 ϐόλον.
541 4641 624 4695 Τὰ
654 4642 714 4696 δὲ
742 4645 971 4714 σημεῖα,
1003 4646 1177 4716 πυρὸς
1213 4644 1312 4699 ἀπ’
1341 4647 1572 4718 οὐρανοῦ
1601 4646 1912 4720 καταφορὰ,

332 4733 427 4787 καὶ
457 4733 625 4803 ἐτερά
660 4749 785 4788 τινα
816 4735 1049 4804 μεγάλα,
1077 4736 1153 4801 ὡς
1186 4739 1259 4808 τῇ
1292 4736 1676 4808 μεγαλειότητι
1711 4739 1916 4807 ἐκστή-

334 4836 507 4878 σαντα
529 4822 715 4876 λαϐεῖν
746 4826 842 4879 καὶ
873 4830 1000 4890 τοὺς
1021 4827 1126 4899 ἤδη
1174 4827 1426 4892 πιστούς.
1467 4828 1639 4883 Τοῦτο
1687 4830 1798 4902 γὰρ
1829 4830 1918 4886 διὰ

332 4913 429 4967 τοῦ
461 4916 659 4979 εἰπεῖν,
689 4915 800 4969 Kal
818 4916 1026 4986 πλανᾷ
1054 4916 1199 4985 τοὺς
1230 4918 1435 4989 ἐμοὺς,
1487 4920 1765 4991 σημαίνει.
1802 4921 1923 4976 Ἵνα

333 5002 392 5057 δὲ
434 5006 770 5077 παραστήσῃ
799 5006 950 5069 τίνας
974 5007 1226 5081 πλανήσῃ
1261 5005 1370 5061 τῶν
1404 5008 1642 5079 Χριστοῦ
1687 5007 1920 5076 πιστῶν,

335 5096 588 5167 ἐπήγαγε
640 5096 932 5169 γνώρισμα
980 5098 1212 5163 τούτων,
1271 5098 1414 5165 τοὺς
1464 5099 1919 5166 κατοικοῦντας,

337 5187 621 5257 προσθεὶς,
649 5188 747 5242 ἐπὶ
777 5187 888 5258 τῆς
916 5189 1053 5260 τῆς,
1081 5190 1143 5244 οὐ
1179 5191 1512 5246 διαστέλλων
1536 5190 1803 5259 ἀγγέλους
1829 5192 1924 5249 ὄιν-ν

340 5278 598 5349 θρώπων.
656 5280 791 5334 Τίνα
851 5282 961 5353 γὰρ
1009 5282 1224 5349 ἕξουσιν
1264 5284 1481 5355 ἀπατᾷν
1527 5281 1637 5335 τῶν
1671 5281 1921 5351 ἀγγέλων

338 5366 421 5433 οἷς
445 5371 479 5439 ἠ
521 5371 728 5440 φυσικὴ
758 5370 1094 5444 καθαριότης
1138 5373 1294 5428 οὐδὲν
1334 5376 1416 5438 et;
1442 5372 1742 5455 ἐπίπρυψιν
1774 5373 1926 5442 ἀλη-

341 5456 493 5522 θείας
522 5458 776 5527 ἐμποδὼν
789 5460 1042 5530 γίνεσθαι
1061 5464 1128 5533 ἐᾷ
1146 5479 1162 5526 ;
1187 5463 1432 5527 ἐκείνους
1452 5450 1512 5517 δέ
1534 5450 1707 5527 οὕτως
1725 5462 1924 5531 ἐκστή-

344 5564 428 5603 σει
459 5544 535 5605 ὧν
557 5552 618 5604 τὸ
667 5556 926 5623 φρόνημα
958 5554 1062 5608 οὐκ
1115 5554 1479 5626 ἀνθρώπινον,
1527 5555 1663 5609 ἀλλὰ
1706 5555 1920 5624 γήϊνον.

2022 4646 2187 4695 erunt
2232 4638 2374 4710 ignis
2429 4636 2700 4694 demissio
2735 4639 2803 4694 de
2870 4638 3040 4705 coelo,
3096 4649 3152 4697 et
3205 4641 3312 4697 alia
3367 4640 3621 4712 quaedam

2024 4746 2244 4802 magna,
2303 4729 2441 4785 adeo
2499 4739 2559 4784 ut
2607 4730 2695 4785 sui
2730 4733 3109 4802 magnitudine
3139 4732 3197 4787 in
3261 4742 3542 4803 stuporem
3577 4741 3633 4787 tl.

2027 4832 2301 4878 terrorem
2332 4821 2670 4877 inducantur
2699 4824 2864 4878 etiam
2893 4824 3082 4880 ﬁdeles
3107 4841 3124 4879 :
3152 4825 3255 4879 hoc
3280 4825 3430 4879 enim
3460 4824 3633 4896 signi-

2026 4908 2154 4971 licat
2184 4930 2281 4985 per
2309 4913 2363 4970 id
2393 4910 2541 4987 Quod
2564 4916 2659 4978 ait,
2684 4914 2752 4969 Et
2783 4917 2985 4971 seducit
3009 4932 3171 4982 meos,
3200 4929 3259 4971 ut
3296 4918 3346 4969 in
3381 4916 3627 4987 Evange-

2026 5007 2101 5072 jio
2129 5009 2206 5062 ait
2231 5005 2509 5070 Christus,
2549 5026 2567 5058 ι
2610 5008 2684 5061 Ita
2720 5015 2774 5061 ut
2818 5008 2872 5061 in
2908 5024 3156 5064 errorem
3198 5008 3554 5071 inducantur,
3580 5009 3626 5064 si
3683 5031 3693 5067 ι

2025 5095 2142 5151 ﬁeri
2172 5104 2366 5165 potest,
2393 5095 2558 5150 etiam
2591 5094 2749 5150 electi
2785 5094 2853 5148 ".
2887 5114 2906 5147 ι
2966 5094 3037 5150 Ut
3068 5104 3253 5151 autem
3281 5101 3629 5152 demonstret

2025 5200 2167 5256 quos
2216 5183 2445 5240 seducet
2496 5183 2703 5239 Christi
2759 5183 2985 5250 ﬁdeles,
3023 5185 3291 5239 indicium
3340 5184 3627 5254 subjunxit

2027 5275 2247 5339 horum,
2278 5273 2484 5327 addens
2517 5289 2531 5326 :
2564 5274 2655 5341 qui
2694 5272 2943 5326 habitant
2982 5272 3037 5326 in
3071 5279 3237 5339 terra,
3270 5287 3378 5327 non
3412 5286 3625 5342 ponens

2026 5366 2434 5422 distinctionem
2459 5365 2601 5418 inter
2625 5365 2849 5435 angelos
2872 5373 2927 5418 et
2961 5364 3251 5419 homines:
3286 5378 3448 5434 quem
3478 5363 3623 5417 enim

2028 5467 2249 5532 possent
2277 5456 2599 5529 angelorum
2631 5457 2911 5527 decipere.
2957 5456 3160 5527 quibus
3195 5455 3474 5511 naturalis
3520 5470 3624 5523 pu-

2029 5553 2169 5607 ritas
2197 5549 2411 5606 nullum
2438 5549 2572 5606 sinit
2605 5549 2724 5606 ﬁeri
2770 5549 3226 5620 impedimentum
3255 5550 3323 5606 ad
3372 5546 3621 5604 veritatis

344 5647 802 5717 occultationem?
834 5649 931 5706 sed
961 5650 1086 5708 illos
1118 5651 1197 5708 ita
1224 5652 1472 5720 terrebit,
1513 5667 1759 5724 quorum
1794 5664 1994 5709 sensus
2016 5662 2130 5706 non
2161 5645 2438 5703 humanus
2470 5652 2581 5714 est,
2606 5644 2702 5704 sed
2733 5651 3014 5706 terrenus.

420 5805 463 5836 ⁷⁷
486 5803 679 5862 Matth.
716 5820 868 5871 utv,
890 5804 982 5863 24.
