4110 6412
491 372 599 438 679

570 489 632 542 In
665 494 941 557 conspectu
970 481 1257 534 hominum.
1311 472 1663 536 Intuentium,
1715 468 1917 537 inquit.
1954 480 2085 518 ocu-
2118 475 2162 532 Α

500 585 581 638 los
612 578 955 638 fasdnando,
1009 576 1121 627 hmc
1177 570 1344 624 faciet
1384 562 1706 619 Antichristi
1755 572 2091 629 praecursor,

505 681 563 725 ut
594 670 943 724 existimetur
987 662 1362 717 Antichristus
1402 671 1523 711 esse
1573 653 1848 716 Christus,
1886 660 1946 703 ut
1998 647 2091 717 qui

1334 354 1664 419 ARETHE
1704 347 2083 411 C/E‘SAREE
2126 343 2612 407 CAPPADOCIJE
2651 337 2999 402 EPISCOPI

3665 333 3780 397 680

2275 462 2564 517 Ἐνώπιον
2592 459 2708 513 τῶν
2740 456 3087 526 ἀνθρώπων.
3130 450 3393 504 κλέπτων
3425 448 3551 510 τοὺς
3574 446 3783 515 ὀφθαλ-

2200 560 2334 628 μοὺς
2365 555 2474 609 τῶν
2505 552 2782 625 ὁρώντων,
2816 548 2992 603 ταῦτα
3016 544 3236 616 πράξει,
3264 546 3453 611 φησὶν,
3478 542 3507 592 ὁ
3530 541 3621 593 τού
3664 540 3785 592 ’Λν-

2196 650 2476 721 τιχρίστου
2496 644 2804 716 πρόδρομος
2835 640 2923 693 διὰ
2952 637 3235 707 γοητείας,
3268 634 3406 702 πρὸς
3432 630 3493 683 τὸ
3520 630 3787 721 νομισθῆ-

504 779 533 816 a
557 762 651 815 tali
680 756 1075 813 miraculorum
1120 760 1399 822 patratore
1431 745 1812 802 testimonium
1863 743 2099 812 accipiat

2236 758 2285 794 αι
2327 739 2419 792 τὸν
2481 737 2854 806 ’Δντίχριστον
2912 730 3172 801 Χριστὸν,
3227 726 3304 789 ὡς
3364 722 3471 775 ὑπὸ
3537 720 3788 774 τίιούτου

505 864 559 906 ct
588 859 796 906 certam
826 846 1080 917 gloriam,
1134 841 1300 913 764
1355 840 1421 895 ad
1461 837 1825 907 imitationem
1864 832 2099 889 Joannis

2236 820 2570 901 ερατουργοῦ
2647 821 3104 894 μαρτυρούμενον
3154 816 3250 869 καὶ
3299 814 3791 914 άναμφιρὸητητον

507 945 783 1013 Baptistae,
809 895 901 1009 q’ui
933 895 1576 993 de‘Cbris‘te—VSalvatorc
1608 904 1823 987 terebat
1853 929 2101 1009 testimo-

2236 895 2301 989 ὴν
2348 895 2508 983 δόξαν
2566 913 2939 984 λαμϐάνοντα,
2972 908 3116 963 κατὰ
3174 906 3409 977 μίμησιν
3443 895 3540 957 τοῦ
3576 896 3792 953 Bratt-

507 1032 684 1099 nium,
720 1041 775 1087 ct
823 1024 998 1101 ipsum
1032 1027 1398 1099 praecedebat.

580 1202 725 1269 XIII,
754 1203 941 1256 14-17.
976 1200 1165 1254 Dicens
1188 1200 1547 1253 habitantibus
1577 1199 1628 1251 in
1656 1208 1797 1251 terra
1822 1207 1875 1250 ut
1902 1197 2106 1266 faciant

512 1297 798 1365 imaginem
832 1294 1009 1347 bestia:
1034 1308 1150 1361 quae
1166 1290 1349 1375 habuit
1368 1290 1580 1359 plagam
1602 1298 1651 1343 et
1681 1290 1813 1343 vixit
1843 1305 1875 1341 a
1905 1288 2109 1358 gladio.

2206 1011 2336 1065 στοῦ
2387 1009 2661 1073 Ἰωάννου,
2703 1006 2925 1077 Χριστῷ
2952 998 3361 1074 μαρτυροῦντος
3397 994 3475 1067 τῷ
3516 994 3796 1064 σωτηρίῳ,

2207 1105 2311 1158 καὶ
2337 1102 2530 1157 τούτου
2571 1100 2934 1172 προάγοντος.

2282 1191 2487 1265 Λέγων
2520 1159 2646 1258 τοῖς
2684 1187 3081 1246 κατοικοῦσιν
3120 1183 3220 1237 ἐπὶ
3248 1181 3359 1251 τῆς
3396 1179 3510 1251 τῆς
3543 1159 3798 1259 ποιῆσαι

2210 1288 2415 1357 εἰκόνα
2448 1286 2528 1352 τῷ
2553 1286 2735 1353 θηρίῳ
2773 1276 2971 1350 ὃέἶχε
3002 1278 3248 1347 πληγὴν
3289 1275 3387 1329 καὶ
3419 1274 3632 1340 ἔζησεν
3674 1272 3800 1327 ἀπὸ

518 1388 585 1441 Et
613 1360 798 1441 datum
829 1396 904 1440 est
946 1360 1054 1454 ipsi
1078 1400 1133 1437 ut
1166 1370 1417 1452 spiritum
1460 1385 1612 1434 daret
1640 1381 1864 1449 imagini
1909 1381 2109 1445 bestia},

2236 1378 2324 1445 ’ἧς
2340 1378 2660 1445 μαχαίρας.
2695 1374 2802 1428 Καὶ
2828 1372 3007 1437 ἐδόθη
3043 1368 3204 1433 αὑτῷ
3229 1366 3466 1434 πνεῦμα
3486 1364 3696 1417 δοῦναι
3725 1360 3805 1429 τῇ

516 1479 758 1532 utetiam
790 1478 1039 1547 loquatur
1079 1476 1252 1543 imago
1301 1472 1479 1525 bestia:
1518 1479 1612 1524 :et
1666 1471 1832 1539 faciat
1882 1478 1939 1521 ut
1994 1469 2115 1537 qui-

519 1590 720 1642 cunque
752 1587 855 1623 non
880 1568 1220 1622 adoraverint
1260 1567 1543 1635 imaginem
1572 1563 1751 1617 bestia:
1781 1562 2112 1615 occidantur.

523 1667 588 1737 Et
619 1666 747 1733 facit
778 1677 955 1715 omnes
990 1676 1177 1729 parvos
1205 1668 1254 1711 et
1278 1674 1517 1726 magnos,
1538 1664 1587 1708 et
1611 1655 1794 1709 divites
1826 1669 1888 1706 ac
1915 1669 2116 1721 paupe-

523 1774 626 1820 res,
654 1766 702 1809 et
733 1755 923 1807 liberos
948 1768 1009 1805 ac
1039 1766 1236 1814 serves,
1270 1759 1326 1802 ut
1356 1749 1483 1801 dent
1534 1747 1665 1815 ipsis
1702 1746 2034 1799 characteres
2062 1746 2117 1797 in

2214 1471 2403 1523 εικόνι
2431 1469 2536 1521 τοῦ
2569 1466 2800 1534 θηρίου,
2832 1465 2933 1517 ἵνα
2971 1462 3069 1515 καὶ
3098 1459 3347 1528 λαλήσῃ
3394 1459 3431 1525 ἡ
3472 1455 3651 1509 εἰκὼν
3690 1450 3803 1509 τοῦ

2218 1560 2449 1626 θηρίου,
2479 1558 2580 1611 καὶ
2610 1557 2841 1625 ποιήσῃ
2880 1556 3016 1609 ὅσοι
3062 1554 3171 1607 ἐὰν
3204 1552 3289 1622 μὴ
3320 1550 3809 1619 προσκυνήσωσι

2219 1650 2292 1718 τῇ
2317 1651 2503 1704 εικόνι
2529 1650 2633 1703 τοῦ
2662 1650 2869 1717 θηρίου
2891 1648 2991 1701 ἵνα
3013 1643 3491 1701 ἀποκτανθῶσιν.
3518 1644 3625 1697 Καὶ
3650 1641 3816 1694 ποιεῖ

2223 1740 2459 1808 πάντας
2506 1741 2649 1808 τοὺς
2688 1730 2941 1811 μικροὺς
2998 1740 3096 1793 καὶ
3160 1738 3303 1803 τοὺς
3339 1735 3666 1806 μεγάλους,
3707 1734 3810 1786 καὶ

524 1850 715 1901 dextra
770 1861 931 1899 manu
983 1860 1083 1896 sua
1115 1850 1209 1895 aut
1246 1855 1405 1908 super
1451 1838 1678 1907 frontem
1730 1852 1906 1900 suam,
1950 1836 2167 1901 utqueE

2236 1835 2357 1901 ὀὺς
2414 1834 2758 1897 πλουσίους
2804 1832 2904 1886 καὶ
2958 1830 3100 1897 τοὺς
3152 1830 3451 1898 πτωχοὺς,
3503 1827 3602 1881 καὶ
3664 1826 3813 1891 τοὺς

528 1958 676 1995 nemo
721 1940 887 2008 possit
932 1951 1099 1990 emere
1146 1944 1237 1987 aut
1279 1931 1498 1986 vendere
1554 1930 1658 1982 nisi
1690 1929 1877 1981 habeat
1918 1927 2114 1980 chara—

528 2045 741 2087 cterem.

603 2292 906 2356 Quoniam,
972 2287 1175 2357 inquit,
1239 2287 1516 2357 insculpta
1550 2296 1633 2342 est
1674 2286 1856 2355 imago
1894 2284 1994 2354 ipsi
2028 2283 2122 2337 be-

532 2388 677 2448 stiae,
710 2386 901 2437 datum
929 2390 1017 2437 est
1047 2389 1105 2435 ut
1135 2379 1389 2450 spiritum
1427 2393 1649 2447 quoque
1693 2379 1845 2430 daret
1875 2375 2124 2444 imagini,

2219 1927 2575 1995 ἐλευθέρους
2605 1923 2706 1977 καὶ
2748 1923 2890 1989 τοὺς
2920 1923 3207 1988 δούλους,
3247 1923 3346 1974 ἵνα
3381 1919 3664 1972 δώσωσιν
3706 1920 3815 1971 αὺ-

2219 2020 2346 2086 τοῖς
2363 2018 2712 2088 χαράγματα
2731 2018 2831 2071 ἐπὶ
2859 2016 2970 2085 τῆς
2992 2014 3193 2085 χειρὸς
3218 2013 3420 2069 αὐτῶν
3438 2011 3549 2080 τῆς
3582 2010 3816 2075 δεξιᾶς,

2224 2114 2262 2180 ἢ
2289 2111 2389 2166 ἐπὶ
2418 2112 2485 2165 τὸ
2512 2112 2792 2180 μέτωπον
2819 2108 3041 2173 αὐτῶν,
3066 2090 3164 2162 καὶ
3199 2109 3298 2161 ἵνα
3323 2105 3407 2181 μή
3435 2123 3518 2171 τις
3554 2104 3819 2170 δύνηται

2225 2204 2519 2274 ἀγοράσαι
2546 2205 2582 2273 ἣ
2624 2202 2926 2271 πωλῆσαι,
2960 2204 3012 2255 εὶ
3032 2200 3119 2271 μὴ
3152 2204 3184 2253 ὀ
3231 2200 3393 2268 ἔχων
3419 2197 3483 2251 τὸ
3515 2197 3818 2266 χάραγμα.

2311 2291 2554 2361 Ἐπειδὴ,
2614 2294 2800 2361 φησιν,
2860 2288 3025 2343 εἰκὼν
3071 2288 3420 2358 ἁνεστυλώθη
3485 2288 3564 2359 τῷ
3611 2288 3820 2356 θηρίῳ,

2230 2384 2386 2454 ἐδόθη
2412 2385 2508 2437 καὶ
2540 2384 2755 2453 πνεῦμα
2799 2384 2984 2436 δοῦναι
3020 2386 3086 2452 τῇ
3126 2382 3320 2442 εἰκόνι,
3358 2382 3447 2433 ἵνα
3499 2380 3661 2449 δῆθεν
3723 2380 3823 2433 λα-

535 2488 593 2531 ut
644 2476 896 2530 videlicet
938 2475 1259 2545 loqueretur
1309 2473 1513 2541 imago.
1560 2469 1675 2524 Hoc
1735 2480 1917 2523 autem
1977 2468 2127 2522 circa

2236 2476 2374 2549 λήσῃ
2401 2478 2434 2546 ἡ
2455 2468 2639 2529 εἰκώνέ
2666 2475 2837 2528 Τοῦτο
2857 2475 2912 2528 δὲ
2939 2475 3075 2545 πρὸς
3096 2474 3163 2528 τὰ
3188 2470 3485 2543 ἀγάλματα
3512 2473 3822 2539 λογιστέον,

540 2568 837 2624 simulacra
874 2562 1343 2621 considerandum
1374 2572 1480 2626 est,
1511 2560 1661 2631 quod
1714 2560 1887 2614 multa
1930 2574 2127 2614 eorum

538 2668 595 2713 et
629 2658 831 2714 sudare
864 2666 917 2712 et
951 2656 1100 2727 loqui
1136 2656 1339 2726 scripta
1375 2663 1505 2710 sunt
1540 2652 1879 2723 temporibus
1914 2650 2133 2706 Graeco-

542 2765 691 2814 rum,
718 2744 1039 2820 operatione
1084 2748 1375 2803 diabolica.
1415 2748 1460 2800 A
1494 2746 1786 2801 "communi
1825 2754 2008 2799 autem
2044 2745 2133 2797 in-

546 2844 763 2899 tellectu
824 2841 1203 2910 accipiendum
1240 2849 1324 2895 est
1356 2838 1462 2901 ἵνα,
1505 2839 1558 2895 id
1583 2848 1665 2894 est
1693 2850 1772 2904 ut,
1804 2854 1915 2910 quo
1944 2838 2014 2893 sit
2046 2838 2136 2891 hic

548 2950 745 2990 sensus
774 2951 788 2987 :
822 2931 892 2987 Ut
923 2933 1085 2987 etiam
1121 2933 1402 3001 loquatur,
1453 2942 1506 2986 et
1530 2942 1588 2986 ut
1612 2931 1777 2985 faciat
1814 2930 1961 3001 quod
2012 2930 2135 2999 qui-

548 3041 771 3096 cunque
802 3040 910 3079 non
947 3024 1300 3079 adoraverint
1332 3023 1623 3094 imaginem
1656 3022 1866 3087 bestiae,
1896 3022 1951 3077 hi
1971 3023 2137 3076 etiam

552 3108 897 3173 occidantur.
932 3116 1089 3182 Quod
1120 3126 1303 3171 autem
1328 3125 1550 3179 statuae,
1590 3124 1649 3170 ut
1675 3116 1885 3170 dictum
1918 3124 2023 3180 est,
2058 3116 2140 3169 Io-

554 3219 693 3263 cutae
713 3209 843 3270 sint.
884 3223 951 3261 ex
986 3207 1231 3262 historiis
1272 3206 1487 3261 discere
1518 3204 1645 3260 licet
1677 3221 1836 3261 :cum
1872 3206 2138 3275 scriptum

556 3302 648 3366 sit,
687 3315 781 3368 per
816 3288 1150 3367 imposturas
1177 3304 1232 3349 et
1270 3290 1500 3350 arbores
1549 3308 1605 3350 et
1636 3312 1811 3365 aquas
1852 3294 2023 3350 fuisse
2056 3296 2131 3349 lo-

556 3402 735 3456 cuias,
774 3405 869 3458 per
899 3388 1248 3459 Apollonium
1271 3388 1521 3458 aliosque
1551 3388 2002 3457 praestigiatores.

631 3482 700 3536 Et
733 3483 860 3551 facit
892 3497 1070 3535 orunes
1091 3496 1280 3550 parvos
1316 3490 1367 3535 et
1402 3495 1644 3550 magnos,
1675 3490 1786 3535 etc.
1815 3478 2147 3534 Abstrusior

559 3586 647 3633 est
688 3576 885 3630 litterae
922 3582 1239 3635 contextus.
1301 3573 1536 3641 ideoque
1587 3571 1885 3626 absurdus.
1949 3565 2147 3623 Utrum

2233 2571 2270 2625 ὃ.
2302 2571 2472 2624 πολλὰ
2499 2571 2594 2625 καὶ
2630 2569 2883 2641 ἱδροῦντα
2923 2568 3016 2621 καὶ
3070 2567 3340 2620 λαλοῦντα
3391 2566 3675 2636 ἱστόρηται
3708 2568 3826 2627 τοῖς

2249 2662 2584 2734 Ἑλληνικοῖς
2616 2664 2832 2733 χρόνοις
2870 2662 3124 2733 ἐνεργείᾳ
3156 2660 3469 2729 διαϐολικῇ.
3504 2657 3665 2712 Κατὰ
3708 2672 3826 2710 κοι-

2237 2754 2331 2809 νοῦ
2370 2754 2427 2807 δὲ
2457 2753 2537 2817 τὸ,
2587 2754 2711 2817 ἵνα,
2752 2752 3006 2822 ληπτέον,
3041 2752 3117 2814 ώς
3148 2752 3212 2804 ἂν
3309 2750 3482 2813 οὕτως
3513 2766 3526 2780 ·
3572 2749 3688 2801 ’Ίνα
3732 2748 3829 2801 καὶ

2239 2830 2473 2917 λαλήσῃ,
2506 2844 2594 2897 ἵνα
2628 2844 2723 2897 καὶ
2751 2828 2975 2913 ποιήσῃ,
3008 2844 3124 2896 ὅσοι
3164 2840 3239 2911 μὴ
3269 2841 3714 2911 προσκυνήσουσι
3763 2841 3829 2909 τῇ

2241 2940 2412 2992 εἰκόνι
2451 2937 2545 2990 τοῦ
2570 2936 2784 3007 θηρίου,
2821 2936 2908 2989 ἵνα
2932 2935 3026 2988 καὶ
3056 2928 3205 2987 οὗτοι
3234 2931 3677 2986 ἀποκτανθῶσιν.
3706 2932 3831 2982 Ὅτι

2242 3034 2299 3087 δὲ
2333 3033 2403 3085 τὰ
2436 3030 2749 3098 ἀγάλματα,
2793 3030 2868 3089 ώς
2926 3027 3166 3097 εῐρηται,
3226 3024 3431 3087 ἐλάλει,
3490 3024 3548 3089 ἐξ
3583 3022 3834 3092 ἱστορίας

2251 3124 2444 3193 μαθεῖν
2483 3122 2712 3183 ἔνεστιν,
2744 3120 2819 3181 ώς
2844 3118 2933 3171 διὰ
2967 3117 3221 3186 γοητείας
3258 3116 3540 3185 ἱστόρηται
3588 3114 3686 3166 καὶ
3715 3113 3804 3165 δέν

2246 3217 2348 3287 δρα
2410 3217 2505 3267 καὶ
2541 3213 2711 3266 ὕδατα
2760 3212 3028 3281 λαλῆσαι,
3078 3210 3166 3263 διά
3214 3226 3273 3261 τε
3327 3206 3690 3260 Ἀπολλωνίου
3743 3205 3837 3257 καὶ

2248 3302 2451 3377 ἐτέρων
2475 3303 2692 3375 γοητῶν
2719 3301 2857 3373 (59).

2321 3483 2427 3538 Καὶ
2452 3481 2616 3536 ποιεῖ
2652 3480 2887 3546 πάντας
2915 3479 3058 3545 τοὺς
3097 3476 3353 3548 μικροὺς
3398 3475 3497 3529 καὶ
3542 3474 3690 3540 τοὺς
3742 3490 3839 3542 με·

2254 3575 2503 3647 γάλους,
2557 3572 2651 3626 καὶ
2683 3574 2832 3642 ἑξῆς.
2877 3572 3293 3640 ’ἰδιωτικωτέρα
3331 3573 3364 3641 ἡ
3416 3568 3697 3632 σύνταξις,
3760 3568 3842 3620 διδ

562 3667 889 3724 enim‘dicit
913 3666 1058 3736 quod
1097 3666 1252 3735 parvi
1279 3674 1333 3751 et
1360 3664 1544 3734 magni
1581 3663 1883 3733 accipiant,
1914 3662 1981 3716 an
2002 3660 2149 3734 quod

2254 3669 2348 3722 καὶ
2379 3668 2625 3741 ἀνόητος.
2669 3666 2907 3735 Πότερον
2955 3668 3067 3734 γάρ
3102 3665 3252 3733 λέγει
3296 3664 3425 3726 τοὺς
3478 3663 3717 3733 μικροὺς
3749 3662 3842 3714 καὶ

564 3757 744 3813 dent?
784 3756 1079 3824 Propterea
1124 3770 1221 3825 per
1253 3754 1585 3808 additionem
1618 3752 2025 3823 praepositionis
2049 3753 2152 3816 εἰς,

2254 3761 2383 3825 τοὺς
2418 3759 2689 3830 μεγάλους
2722 3754 2929 3821 λασείν,
2960 3757 2993 3827 ἧ
3027 3756 3251 3822 δοῦναι;
3284 3756 3376 3809 At?)
3412 3755 3704 3825 προσθήκῃ
3744 3757 3843 3819 τῆς

568 3848 621 3902 id
650 3856 736 3900 est
766 3846 835 3899 ad
864 3845 946 3899 vel
978 3859 1135 3919 erga,
1154 3843 1353 3914 corrigi
1388 3843 1588 3913 poterit
1623 3843 1956 3908 absurditas,
1983 3850 2039 3897 et
2083 3842 2151 3896 ad

2255 3855 2347 3920 εἰς
2382 3852 2719 3923 προθέσεως,
2766 3846 2829 3904 τὸ
2881 3852 3109 3920 ἀνόητον
3140 3848 3550 3919 ὲπανορθωθείη
3596 3847 3663 3900 ἂν
3702 3849 3843 3919 πρὶς

569 3938 871 4009 planiorem
906 3951 1131 3991 sensum
1166 3936 1272 3989 hoc
1302 3934 1466 3989 modo
1506 3934 1693 3989 reduci
1729 3952 1743 3989 :
1774 3934 1840 3988 Et
1861 3933 1993 3990 facit
2026 3948 2157 4005 erga

2261 3944 2477 3997 σύνεσιν
2509 3942 2653 3997 οὕτω
2677 3959 2690 3971 ·
2727 3942 2838 3995 Kal.
2898 3944 3045 3995 ποιεῖ
3088 3942 3169 4004 εἰς
3217 3941 3426 4003 πάντας
3454 3941 3581 4003 τοὺς
3614 3941 3845 4010 μικροὺς

569 4046 766 4085 crnnes
793 4044 993 4100 parvos
1022 4038 1079 4083 et
1104 4042 1333 4097 magnos
1356 4036 1409 4081 et
1436 4028 1677 4097 reliquos
1706 4027 1800 4097 qui
1822 4036 2156 4097 sequuntur,

2259 4038 2354 4090 καὶ
2391 4037 2519 4098 τοὺς
2554 4035 2830 4104 μεγάλους
2858 4036 2956 4088 καὶ
2994 4034 3121 4096 τοὺς
3152 4032 3235 4100 ἐφ’
3271 4033 3420 4102 ἑξῆς,
3460 4033 3547 4085 ἵνα
3589 4030 3842 4085 δώσωσιν

572 4132 634 4177 ut
658 4123 788 4176 dent
816 4120 947 4190 ip~is
979 4120 1328 4177 characteres
1357 4118 1410 4173 in
1444 4121 1637 4175 deXtra
1679 4135 1840 4175 manu
1875 4131 2161 4190 autsuper

2261 4127 2445 4188 αὐτοῖς
2476 4126 2813 4195 χαράγματα
2841 4125 2934 4177 ἐπὶ
2961 4124 3058 4194 τῆς
3085 4121 3268 4188 δεξιᾶς
3311 4125 3516 4193 χειρδς,
3546 4123 3579 4192 ἢ
3627 4125 3719 4174 ἐπὶ
3748 4123 3845 4174 τοῦ

574 4215 833 4269 frontem.
864 4213 977 4267 Hoc
1010 4220 1193 4267 autem
1226 4213 1365 4266 dicit
1384 4212 1454 4266 ad
1487 4211 1773 4278 indicium,
1804 4227 1915 4281 quo
1945 4213 2163 4289 possint

2266 4219 2524 4288 μετώπου
2550 4233 2568 4250 ’
2600 4219 2759 4273 τοῦτο
2793 4220 2849 4273 δὲ
2882 4221 2962 4283 εἰς
2991 4219 3305 4289 γνώρισμα,
3335 4223 3493 4291 φησι,
3526 4220 3621 4273 τοῦ
3668 4222 3844 4290 ἐμπο-

575 4317 673 4363 aut
706 4324 813 4361 non
835 4307 1051 4377 possint
1090 4305 1385 4375 negotiari.

2268 4313 2519 4381 ρευτέου,
2559 4310 2655 4364 καὶ
2684 4313 2781 4381 μή.

653 4401 717 4455 In
747 4401 937 4454 dextra
978 4416 1160 4453 manu.
1200 4400 1256 4453 In
1278 4399 1471 4453 dextra
1500 4413 1667 4452 manu
1698 4408 1753 4452 et
1780 4397 1834 4451 in
1856 4398 2036 4452 fronte
2064 4412 2164 4466 po-

2351 4400 2483 4455 Ἐπὶ
2514 4400 2625 4468 τῆς
2658 4402 2854 4470 χειρὸς
2876 4400 3077 4454 αὐτῶν
3101 4401 3209 4469 τῆς
3231 4400 3456 4466 δεξιᾶς.
3500 4402 3626 4454 Ἐπὶ
3669 4386 3849 4473 χειρὸς

581 4496 728 4548 nitur
755 4493 972 4561 signum
1011 4491 1347 4560 cognitionis
1393 4507 1408 4544 :
1448 4489 1612 4544 bonis
1665 4489 1813 4543 enim
1865 4489 2166 4557 opponitur

2236 4522 2245 4561 ι
2271 4490 2374 4561 τῆς
2397 4492 2578 4555 δεξιᾶς
2610 4494 2707 4545 καὶ
2737 4494 2833 4545 ἐπὶ
2873 4494 3130 4563 μετώπου
3158 4497 3218 4545 τὸ
3247 4493 3561 4564 γνώρισμα.
3616 4494 3853 4545 Ἀντξθεέ

582 4586 874 4657 perniciosi
910 4585 1149 4638 nominis
1201 4583 1565 4652 insculptura.
1603 4580 1662 4637 In
1696 4583 1907 4638 dextris
1936 4582 2160 4653 quidem

2272 4600 2362 4645 τος
2389 4583 2499 4653 γὰρ
2526 4583 2634 4635 τῶν
2668 4583 2893 4651 ἀγαθῶν
2924 4585 2957 4653 ἡ
2978 4583 3074 4636 τοῦ
3106 4584 3353 4653 ὀλεθρίου
3385 4584 3651 4653 ὀνόματος
3680 4584 3847 4654 ἐγχά-

584 4689 647 4731 ιιι
703 4679 974 4732 bonorum
1039 4689 1267 4744 operum
1330 4683 1576 4745 amputet
1622 4676 1968 4729 occasionem
2035 4690 2048 4726 :
2110 4672 2165 4725 in

2279 4670 2455 4737 ραξις.
2501 4673 2589 4725 Ἐν
2619 4672 2718 4742 μὲν
2746 4676 2865 4736 ταῖς
2896 4674 3120 4739 δεξιαῖς,
3154 4675 3241 4727 ἵνα
3279 4674 3389 4726 τῶν
3427 4674 3648 4742 ἀγαθῶν
3676 4675 3852 4744 ἔργων

590 4770 770 4823 fronte
807 4782 940 4822 vero
977 4776 1054 4833 ut,
1085 4777 1241 4836 parte
1285 4783 1406 4837 quae
1443 4768 1622 4823 oculis
1660 4766 1913 4821 imminet
1944 4780 2165 4820 assum-

590 4872 701 4930 pta,
733 4858 1022 4929 caliginem
1068 4873 1131 4914 ac
1158 4859 1413 4914 tenebras
1436 4857 1718 4914 suifuudat
1747 4858 1832 4911 his
1870 4857 1965 4925 qui
1998 4856 2165 4910 sedo-

592 4962 812 5013 cumur,
868 4966 936 5003 ne
980 4950 1212 5005 honeste
1279 4958 1538 5019 tanquam
1609 4949 1665 5003 in
1701 4948 1788 5002 die
1854 4947 2171 5001 incedentes

595 5044 993 5114 amplectantur
1044 5044 1324 5111 pietatem.
1365 5046 1435 5095 At
1491 5056 1602 5096 non
1658 5030 1965 5108 sus‘cipient
1995 5038 2172 5107 ipsum

594 5136 687 5205 qui
711 5137 878 5191 Iacics
917 5135 1117 5191 habent
1151 5136 1398 5205 signatas
1419 5132 1627 5187 lumine
1657 5131 1830 5185 divini
1857 5129 2065 5185 vultus.

2281 4765 2494 4836 ἐκκόψῃ
2526 4767 2626 4835 τὴν
2654 4766 2961 4836 ἐνέργειαν.
3006 4768 3095 4820 Ἐν
3120 4767 3176 4819 δὲ
3205 4769 3317 4829 τοῖς
3344 4767 3639 4835 μετώποις,
3673 4769 3761 4819 ἵνα
3798 4766 3855 4819 τὸ

2276 4858 2388 4920 τοῖς
2420 4857 2719 4927 ὀφθαλμοῖς
2750 4859 3101 4927 ἐπικείμενον
3132 4858 3297 4929 μέρος
3327 4858 3701 4927 προσληφθὲν,
3723 4876 3853 4910 cuo-

2278 4946 2491 5019 τασμὸν
2553 4949 2833 5021 ἐμποιήσῃ
2866 4953 2979 5012 τοῖς
3012 4951 3394 5019 ἀπατωμένοις
3424 4948 3520 5003 τοῦ
3556 4952 3631 5020 μὴ
3685 4952 3763 5015 ὡς
3802 4956 3858 5003 ὲν

2279 5040 2464 5111 ἡμέρᾳ
2491 5041 2846 5111 εὐσχημόνως
2878 5030 3202 5111 ἀντέχεσθαι
3232 5044 3332 5112 τῆς
3364 5042 3667 5105 εὐσεϐείας.
3718 5040 3856 5097 Ἀλλ’

2279 5132 2341 5183 οὺ
2371 5130 2613 5194 δέξονται
2647 5130 2808 5184 τοῦτο
2840 5133 2890 5184 οἱ
2928 5132 2999 5183 τὲι
3036 5132 3311 5202 πρόσωπα
3348 5132 3747 5201 σημειωθέντες
3782 5132 3859 5200 τῷ

2282 5222 2411 5293 θείῳ
2443 5221 2538 5275 τοῦ
2564 5222 2855 5293 προσώπου
2888 5223 3048 5290 φωτί.

2850 5358 3103 5412 ΚΕΦΑΛ.
3161 5357 3291 5411 AH'.

2568 5472 2707 5541 Περὶ
2754 5474 2859 5528 τοῦ
2893 5474 3181 5545 ὀνόματος
3206 5473 3311 5528 τοῦ
3352 5474 3580 5542 θηρίου.

1020 5356 1183 5427 765
1205 5354 1433 5409 CAPUT
1465 5353 1751 5408 XXXVIII.

1090 5472 1168 5525 De
1226 5473 1435 5526 nomine
1477 5471 1673 5526 bestiae.

668 5603 811 5670 XIII,
854 5606 939 5672 I7,
978 5607 1063 5661 18.
1099 5607 1203 5659 Aut
1236 5623 1417 5661 nomen
1449 5608 1628 5663 bestia:
1657 5619 1745 5662 aut
1784 5623 2057 5663 numerum
2083 5625 2167 5663 no-

2363 5613 2436 5665 Ἢ
2464 5609 2529 5666 τὸ
2561 5612 2745 5681 ὄνομα
2775 5614 2881 5667 τοῦ
2943 5614 3173 5681 θηρίου,
3224 5615 3263 5681 ἢ
3327 5612 3433 5667 τὸν
3466 5612 3717 5683 ἀριθμὸν
3757 5608 3862 5665 τοῦ

677 5778 791 5850 (59)
819 5783 1085 5853 Ποιητων,
1120 5786 1372 5847 artiﬁces,
1400 5788 1481 5841 cd.
