4110 6412
285 362 388 431 681

1342 360 1742 422 ὈΟΜΜΕΝΤ.
1781 358 1862 418 ΙΝ
1907 355 2440 420 APOCALYPSIN.

3457 351 3572 416 682

284 478 584 547 ὀνόματος
614 474 827 530 αὑτοῦ·
868 468 1012 530 Ὧδε
1047 474 1085 543 ἡ
1135 473 1324 543 σοφία
1354 473 1546 527 ἐστίν.
1612 473 1676 527 ’0
1726 472 1884 540 ἔχων

1993 470 2150 524 minis
2175 470 2309 539 ejus.
2350 468 2452 522 llic
2484 467 2748 536 sapientia
2775 472 2875 522 est.
2909 465 3016 534 Qui
3039 465 3193 521 habet
3231 465 3559 522 intellectum

283 569 455 630 νοῦν.
493 569 818 639 ψηφισάτω
840 567 948 620 τὸν
965 566 1220 636 ἀριθμὸν
1255 566 1362 620 τοῦ
1413 567 1644 633 θηρίου.
1689 567 1877 633 Ἀριθ-

283 659 400 730 μὸς
451 656 562 729 γὰρ
607 657 926 726 ἀνθρώπου
987 657 1181 724 ἐστὶν,
1237 656 1337 710 καὶ
1375 659 1409 711 ό
1458 656 1709 727 ἀριθμὸς
1768 658 1876 712 αὐ-

291 752 395 808 τοῦ
423 748 568 822 χξς’.

362 845 472 896 Καὶ
499 843 550 894 τί
594 841 657 896 τὸ
687 843 972 913 χάραγμα,
1005 843 1284 916 ἐπιφέρει,
1330 843 1396 897 τὸ
1440 842 1612 914 ὄνομα
1647 843 1743 897 τοῦ
1777 843 1877 913 οη-

291 935 432 1008 ρίου.
464 935 629 1004 Διττὴ
668 934 726 988 δὲ
757 934 948 988 τούτου
998 937 1032 1005 ἡ
1067 935 1294 1004 γνῶσις,
1325 934 1360 1006 ἢ
1419 933 1508 988 διὰ
1548 937 1877 1004 παραφορᾶς

292 1027 460 1082 αὑτοῦ
490 1025 587 1080 τοῦ
618 1028 906 1096 ὀνόματος,
955 1028 989 1100 ἢ
1028 1028 1124 1082 διὰ
1173 1028 1380 1101 ψήφου.
1417 1028 1543 1096 Kal:
1566 1027 1668 1098 τὴν
1695 1027 1879 1098 ψῆφον

289 1121 347 1174 δὲ
386 1121 478 1174 τοῦ
531 1121 800 1191 ὀνόματος
855 1122 950 1176 τοῦ
1017 1122 1232 1193 θηρίου,
1277 1120 1552 1192 πανταχοῦ
1607 1120 1879 1175 πλατῦναι

290 1212 651 1284 ἐπετηδεύθη,
679 1212 738 1266 ἐν
761 1230 822 1266 τε
857 1213 1096 1285 πράσεσι
1126 1215 1223 1269 καὶ
1242 1212 1429 1277 ὠναῖς,
1459 1213 1529 1266 ἵν’
1554 1215 1582 1266 ὀ
1610 1212 1687 1284 μὴ
1717 1213 1880 1266 τοῦτο

289 1306 715 1377 ἐπιφερόμενος,
764 1307 822 1360 ἐν
859 1308 983 1369 ταῖς
1009 1305 1118 1360 τῶν
1150 1304 1470 1374 ἀναγκαίων
1513 1305 1749 1369 ἐνδείαις
1787 1321 1881 1358 τε-

290 1399 551 1472 λευτήσῃ.
627 1396 888 1468 Ἀριθμὸν
927 1398 986 1452 δὲ
1043 1397 1337 1470 ἀνθρώπου
1377 1396 1439 1451 τὸ
1483 1397 1656 1469 ὄνομα
1714 1392 1878 1456 εἶναι.

292 1489 415 1541 ἀντὶ
448 1487 542 1541 τοῦ
601 1487 753 1552 ξένον
782 1487 904 1541 οὐδὲ
949 1487 1094 1559 ἀήθη
1126 1488 1224 1541 καὶ
1270 1487 1756 1560 ἐπικεκρυμμένον
1786 1488 1882 1541 καὶ

289 1581 518 1650 διπλόης
543 1581 824 1651 ἐχόμενον,
871 1580 1009 1634 ἀλλά
1059 1579 1243 1651 ψῆφον
1275 1580 1499 1652 ἐντριϐἦ
1549 1581 1644 1634 καὶ
1702 1580 1878 1648 ἐγνω-

295 1673 508 1743 σμένην
568 1671 904 1742 ἀνθρώποις.
952 1671 1210 1742 Ἀριθμὸς
1242 1670 1301 1726 δὲ
1365 1669 1461 1724 τοῦ
1495 1670 1759 1741 ὀνόματος
1785 1669 1882 1724 τοῦ

289 1763 500 1834 ψήφου,
555 1763 818 1827 ἑξακόσια
869 1762 1216 1833 ἑξηκονταὲξ.
1254 1761 1452 1831 Σαφῶς
1499 1763 1610 1833 γὰρ
1655 1759 1794 1815 αὐτὸ
1821 1765 1884 1816 τὸ

288 1831 463 1924 ὸνομα
495 1855 558 1908 οὐ
592 1854 886 1925 παρέθετο,
930 1831 1019 1908 διὰ
1049 1855 1110 1908 τὸ
1142 1854 1278 1924 μηδὲ
1306 1853 1460 1919 ἀξιον
1509 1831 1654 1909 εἶναι
1687 1855 1787 1926 τῆς
1821 1856 1879 1907 ἐν
1914 1831 1954 1886 Β

293 1947 490 2018 βιϐλίῳ
519 1950 760 2018 γραφῆς.
797 1948 1002 2018 Διόπερ
1052 1947 1366 2017 γυμνασίας
1410 1947 1574 2018 χάριν
1621 1949 1880 2002 ἐπανελέ-

301 2037 430 2090 σθαι
463 2038 565 2090 οὺκ
622 2037 874 2107 ἄκαιρον,
918 2035 988 2089 τὰ
1016 2034 1114 2105 τὴν
1137 2034 1320 2105 ψῆφον
1368 2035 1743 2106 ἐπιφερόμενα
1761 2033 1879 2087 ὀνό-

293 2147 444 2199 ματα
502 2128 670 2198 κύριά
717 2146 776 2182 τε
823 2128 919 2182 καὶ
968 2128 1370 2199 προσηγορικὰ.
1411 2127 1595 2198 Κύρια
1641 2129 1742 2198 μὲν
1767 2123 1879 2181 οἷον

289 2222 605 2292 Λαμπέτις,
643 2223 840 2275 Τειτᾶν
871 2237 887 2254 ο
918 2221 1010 2275 καὶ
1042 2221 1151 2274 ἀπὸ
1180 2219 1299 2286 τοῦ,
1341 2219 1504 2284 τενῶ,
1563 2219 1878 2290 μέλλοντος,

289 2311 482 2383 ὥσπερ
507 2313 600 2364 καὶ
630 2311 738 2364 ἀπὸ
765 2310 882 2376 τοῦ,
905 2310 1114 2381 σπερῶ,
1139 2309 1364 2380 σπόρος,
1386 2311 1645 2372 Λατείνος
1674 2309 1880 2379 ὁμοίως

286 2403 376 2456 διὰ
406 2403 726 2474 διφθόγγου.
791 2403 1180 2475 Προσηγορικά
1209 2403 1289 2469 δὲ,
1343 2404 1372 2456 ὁ
1415 2403 1683 2474 Νικητής.
1721 2403 1880 2463 Ἴσως

288 2498 400 2568 γάρ
431 2495 611 2560 οὕτως
639 2497 832 2550 ἑαυτὸν
857 2496 1142 2568 όνομάσει,
1173 2497 1271 2550 καὶ
1315 2497 1488 2562 κακὸς
1533 2495 1752 2568 όδηγὸς,
1785 2497 1883 2548 καὶ

290 2588 502 2659 ἀληθὴς
553 2589 840 2659 βλαϐερὸς,
886 2590 982 2643 καὶ
1024 2590 1192 2644 πάλαι
1223 2589 1520 2660 βάσκανος,
1570 2589 1666 2642 καὶ
1708 2587 1882 2658 ἀμνὸς

288 2679 500 2746 ἄδικος,
541 2680 577 2735 ἀ
614 2683 681 2735 ὲκ
733 2683 845 2736 τῶν
904 2682 1170 2736 ἐναντίων
1213 2682 1366 2753 αὐτῷ
1422 2680 1877 2752 ἐπικληθήσεται,

287 2767 388 2838 τὴν
416 2769 629 2824 οἰκείαν
653 2770 816 2835 δόξαν
844 2773 902 2824 ἐν
935 2774 1002 2842 τῇ
1027 2770 1258 2843 αἰσχύνη
1285 2771 1690 2842 καρπούμενος.

1981 570 2241 631 computet
2272 577 2550 615 numerum
2580 560 2759 615 (restire
2804 578 2824 616 :
2867 576 3118 613 numerus
3166 561 3303 614 enim
3337 560 3567 614 hominis

1980 663 2079 716 est,
2107 663 2156 708 et
2189 669 2436 708 numerus
2470 669 2586 723 ejus
2611 663 2854 708 sexcenta
2882 655 3162 724 sexaginta
3189 671 3304 711 sex.

2052 832 2340 900 Quodnam
2393 832 2468 888 sit
2532 831 2864 904 cognitionis
2917 831 3187 888 iudicium
3257 832 3565 904 subiungit.

1982 940 2180 995 nempe
2213 939 2414 981 nomen
2448 925 2660 982 bestiae.
2702 925 2909 996 Duplex
2953 934 3039 980 est
3069 935 3252 980 autem
3278 925 3446 995 hujus
3479 926 3568 980 itt-

1983 1016 2256 1082 tellectus,
2318 1026 2414 1072 aut
2469 1016 2618 1087 quod
2670 1015 2942 1071 inferatur
2977 1016 3156 1087 ipsum
3207 1023 3432 1083 nomen,
3473 1028 3572 1072 aut

1982 1111 2130 1181 quod
2159 1110 2405 1166 calculus
2437 1110 2556 1165 sive
2588 1123 2879 1165 numerus.
2922 1108 2987 1164 Et
3019 1120 3172 1165 certe
3211 1125 3379 1181 opera
3405 1111 3571 1166 datur

1985 1212 2046 1259 ut
2082 1203 2331 1259 calculus
2388 1202 2630 1260 nominis
2691 1202 2882 1258 bestiae
2949 1202 3156 1273 ultique
3199 1202 3565 1266 diffundatur,

1984 1307 2098 1352 tam
2154 1296 2208 1352 in
2239 1296 2618 1366 emptionibus
2667 1311 2832 1366 quam
2882 1297 2938 1351 in
2982 1297 3388 1352 venditionibus
3429 1314 3447 1354 :
3509 1306 3572 1350 ut

1984 1390 2077 1462 qui
2109 1390 2262 1444 illum
2286 1403 2392 1445 non
2425 1388 2638 1453 afferat,
2687 1390 2761 1444 ob
2787 1389 3064 1446 defectum
3095 1405 3280 1444 rerum
3313 1405 3570 1446 necessa-

1985 1485 2194 1539 riarum
2225 1483 2516 1540 moriatur.
2547 1483 2721 1539 Porro
2758 1484 2904 1555 quod
2939 1500 3142 1540 nomen
3174 1484 3248 1540 sit
3299 1499 3568 1540 numerus

1987 1575 2248 1642 hominis,
2285 1576 2391 1632 Itoc
2435 1584 2523 1632 est
2568 1577 2843 1633 familiare
2875 1586 2930 1631 et
2986 1593 3097 1631 non
3146 1578 3424 1632 insuetum
3471 1592 3574 1631 nec

1985 1667 2322 1722 occultatum
2381 1683 2446 1722 ac
2492 1668 2768 1738 duplicem
2815 1668 3026 1724 habens
3079 1668 3445 1735 intellectum,
3477 1669 3574 1722 sed

1987 1769 2291 1816 consuetus
2319 1761 2562 1817 calculus
2600 1771 2656 1818 et
2685 1763 2830 1816 inter
2871 1761 3128 1816 homines
3151 1762 3425 1832 cognitus.
3458 1759 3576 1814 Nu-

1987 1865 2176 1906 merus
2204 1859 2387 1906 autem
2415 1851 2613 1906 calculi
2648 1852 2890 1908 nominis
2919 1863 3002 1908 est
3027 1862 3284 1908 sexcenta
3317 1852 3575 1922 sexagin-

1988 1949 2044 1994 ta
2091 1954 2208 1994 sex.
2241 1939 2524 2010 Siquidem
2565 1956 2676 1996 non
2705 1942 2965 2011 produxit
2995 1952 3184 2012 aperte
3226 1942 3280 1996 in
3329 1943 3572 1996 medium

1989 2031 2171 2100 ipsum
2207 2045 2434 2095 nomen,
2463 2045 2532 2086 eo
2561 2032 2706 2102 quod
2737 2047 2805 2087 ne
2832 2043 3138 2088 mereretur
3163 2031 3385 2103 quidem
3428 2034 3573 2088 libro

1989 2122 2240 2178 inscribi.
2271 2121 2408 2180 Ideo
2461 2139 2572 2180 non
2623 2124 3070 2194 intempestivum
3120 2124 3289 2180 fuerit
3317 2127 3573 2181 exercitii

1992 2214 2167 2284 gratia
2200 2215 2308 2270 huc
2342 2217 2605 2270 reducere
2635 2217 2864 2271 nomina
2893 2226 3001 2272 tam
3028 2217 3248 2288 propria
3279 2232 3448 2288 quam
3479 2233 3578 2286 ap-

1992 2307 2245 2376 pellativa
2306 2323 2428 2377 quae
2451 2323 2742 2363 numerum
2784 2309 2927 2364 hunc
2973 2309 3292 2364 conficiant.
3342 2306 3577 2378 Propria

1989 2396 2210 2468 quidem
2246 2397 2629 2468 υιΛαμπέτις,
2653 2399 2852 2452 Τειτᾶν
2877 2417 2892 2453 :
2915 2407 2970 2453 et
2999 2414 3030 2453 a
3067 2399 3254 2453 futuro
3281 2397 3421 2451 τενῶ
3444 2398 3576 2468 (sic-

1990 2500 2051 2546 ut
2095 2493 2256 2546 etiam
2288 2506 2318 2544 a
2355 2491 2568 2562 σπερῶ,
2603 2491 2826 2563 σπόρος)
2862 2492 3118 2554 Λατεῖνος
3167 2491 3421 2547 similiter
3477 2503 3580 2560 per

1988 2585 2413 2657 diphthongum.
2467 2587 2808 2658 Appellativa
2879 2601 3010 2641 vero
3041 2589 3069 2641 ὁ
3096 2586 3358 2659 Νικητὸς,
3399 2586 3452 2641 id
3469 2597 3600 2652 est,

1988 2681 2167 2736 victor
2209 2681 2513 2738 :fortassis
2567 2683 2714 2736 enim
2772 2682 2846 2736 ita
2877 2681 3117 2752 seipsum
3151 2681 3471 2752 appellabit,
3523 2689 3580 2734 ct

1988 2775 2160 2837 κακὸς
2191 2773 2411 2845 ὁδηγὸς,
2441 2773 2493 2828 id
2519 2781 2628 2840 est,
2653 2788 2858 2844 pravus
2874 2773 3007 2839 dux,
3035 2773 3120 2827 vel
3144 2772 3353 2843 ἀληθὴς
3379 2770 3578 2842 βλαϐε-

297 2864 413 2932 ρὸς,
459 2863 510 2917 id
543 2874 651 2929 est,
685 2879 814 2918 vere
845 2880 1072 2930 nocens,
1101 2865 1186 2919 vel
1224 2865 1396 2919 πάλαι
1429 2865 1720 2936 βάσκανος,
1752 2865 1803 2919 id
1839 2881 1884 2920 Ct

1988 2866 2090 2935 iam
2139 2867 2270 2922 olim
2311 2867 2554 2934 invidus,
2604 2875 2701 2924 aut
2749 2865 2922 2936 ἀμνὸς
2953 2865 3162 2930 ἄδικος,
3192 2864 3244 2919 id
3268 2873 3374 2929 est,
3401 2878 3580 2934 agnus

295 2975 506 3015 nocens
542 2979 556 3015 :
599 2961 800 3031 quibus
827 2977 894 3016 ex
949 2963 1017 3017 iis
1047 2978 1171 3033 qua:
1192 2962 1298 3020 sibi
1343 2964 1622 3019 contraria
1684 2971 1816 3018 sunt
1871 2962 2377 3034 coguomiuabitur,
2443 2977 2600 3018 suam
2650 2962 2881 3034 gloriam
2924 2975 3020 3032 per
3051 2977 3115 3017 ea
3178 2975 3302 3032 quae
3351 2957 3580 3014 infamia

291 3060 424 3107 sunt
454 3053 739 3124 colligens.

375 3147 483 3199 Ἐκ
508 3145 630 3198 τῶν
656 3147 763 3200 τοῦ
804 3147 1099 3217 Ἀνδρέου.
1152 3147 1263 3219 Τὴν
1315 3149 1415 3219 μὲν
1457 3148 1748 3221 ἀκρίϐειαν
1785 3149 1883 3217 τῆς

2061 3142 2147 3196 Ea:
2171 3142 2409 3197 Anthea.
2441 3139 2702 3195 Exactam
2735 3139 2956 3195 numeri
3001 3137 3276 3207 notitiam,
3307 3142 3573 3210 quemad-

291 3238 502 3308 ψήφου,
531 3241 606 3303 ὠς
645 3242 741 3292 καὶ
761 3241 830 3294 τὰ
859 3242 1024 3295 λοιπά
1056 3242 1184 3313 περὶ
1210 3241 1381 3296 αὐτοῦ
1429 3243 1820 3314 γεγραμμένα,
1858 3242 1888 3295 ό

293 3331 491 3400 χρόνος
515 3332 858 3402 ἀποκαλύψει
912 3335 1007 3387 καὶ
1037 3336 1070 3405 ἡ
1105 3338 1275 3404 πεῖρα
1334 3337 1450 3398 τοῖς
1507 3336 1788 3406 νήφουσιν.
1823 3333 1887 3387 El

292 3425 404 3495 γὰρ
439 3425 569 3487 ἔδει,
598 3425 784 3490 καθώς
816 3427 948 3496 φασί
981 3445 1126 3491 τινες
1157 3429 1271 3481 τῶν
1300 3427 1663 3495 διδασκάλων,
1693 3427 1886 3497 σαφῶς

294 3515 618 3584 γνωσθῆναι
643 3516 705 3569 τὸ
736 3517 980 3571 τοιοῦτον
1008 3519 1201 3588 ὄνομα,
1224 3521 1253 3572 ὁ
1285 3518 1621 3589 τεθεαμένος
1655 3518 1788 3571 αὐτὸ
1818 3517 1886 3570 ἂν

295 3604 678 3674 ἀπεκάλυψεν.
718 3606 860 3660 Ἀλλ’
901 3608 1004 3661 οὐκ
1037 3609 1344 3679 ηὐδόκησεν
1393 3609 1428 3679 ἡ
1461 3607 1582 3661 θεία
1620 3607 1782 3678 χάρις
1829 3609 1888 3661 ἐν

296 3694 422 3765 θεία
453 3695 624 3767 βίϐλῳ
647 3698 708 3750 τὸ
736 3698 830 3752 τοῦ
863 3700 1144 3770 λυμεῶνας
1190 3701 1428 3772 ταγῆναι
1473 3699 1671 3770 ὄνομα.
1716 3699 1805 3763 Ὦς
1830 3699 1889 3753 δὲ

295 3789 355 3841 ἐν
377 3791 694 3856 γυμνασίας
738 3790 904 3862 λόγῳ,
944 3791 1118 3846 πολλὰ
1167 3793 1320 3847 ἐστιν
1367 3793 1579 3864 εὑρεῖν,
1618 3793 1764 3848 κατὰ
1795 3793 1888 3845 τὸν

299 3881 580 3953 μακάριον
618 3884 938 3940 Ἱππόλυτον
967 3889 1062 3939 καὶ
1095 3886 1316 3958 ἐτέρους
1355 3886 1609 3950 πολλοὺς,
1644 3885 1890 3957 ὀνόματα

293 3974 391 4026 τὸν
420 3975 660 4046 ἀριθμὸν
685 3976 878 4032 τοῦτον
909 3979 1240 4050 περιέχοντα
1265 3980 1653 4052 προσηγορικὰ
1698 3996 1757 4033 τε
1792 3979 1890 4032 καὶ

296 4064 489 4136 κύρια.

872 4205 1124 4258 ΚΕΦΛΔ.
1191 4203 1317 4260 ΛΘ’.

297 4336 437 4406 Περὶ
468 4336 590 4391 τῶν
615 4337 734 4409 ρμδ’
760 4337 1053 4409 χιλιάδων
1070 4339 1192 4393 τῶν
1218 4340 1343 4394 σὺν
1375 4339 1456 4406 τῷ
1492 4340 1680 4409 ἀρνίῳ
1707 4339 1889 4393 ἑστώ-

794 4426 912 4463 των
948 4411 1019 4464 ἐν
1051 4411 1174 4479 ὄρει
1217 4409 1393 4466 Σιών.

371 4525 480 4579 Καὶ
510 4519 698 4590 εἶδον,
732 4525 831 4579 καὶ
864 4525 995 4579 ἰδοὺ
1028 4525 1097 4580 τὸ
1136 4525 1366 4594 Ἀρνίον
1390 4525 1652 4594 ἑστηκὸς
1678 4525 1779 4578 ἐπὶ
1813 4523 1882 4578 τὸ

297 4613 436 4682 ὅρος
462 4613 638 4680 Σιὼν,
671 4615 769 4668 καὶ
797 4614 928 4684 μετ’
950 4615 1140 4670 αὐτοῦ
1160 4615 1410 4684 ἀριθμὸς
1443 4614 1562 4686 ρμδ*
1587 4614 1882 4685 χιλιάδες,

295 4707 550 4775 ἔχουσαι
591 4706 658 4759 τὸ
689 4707 880 4776 ὄνομα
911 4707 1124 4772 αὐτοῦ,
1159 4707 1261 4762 καὶ
1286 4709 1354 4760 τὸ
1379 4708 1571 4776 ὄνομα
1620 4706 1728 4760 τοῦ
1767 4723 1883 4760 πα·

295 4798 437 4864 τρὸς
464 4798 653 4852 αὑτοῦ
682 4799 1095 4869 γεγραμμένον
1133 4800 1233 4854 ἐπὶ
1283 4799 1405 4854 τῶν
1442 4800 1737 4870 μετώπων
1773 4802 1883 4855 αὺ-

295 4888 438 4944 τῶν.
496 4891 607 4944 Καὶ
655 4890 895 4960 ἥκουσα
934 4895 1147 4962 φωνὴν
1196 4893 1266 4948 ἐκ
1321 4893 1432 4949 τοῦ
1487 4895 1772 4963 οὐρανοῦ,
1803 4896 1886 4963 ὡς

297 4976 510 5044 φωνὴν
533 4977 777 5034 ὐδάτὼν
809 4980 1080 5044 πολλῶν,
1114 4982 1212 5036 καὶ
1248 4983 1328 5050 ὡς
1351 4982 1566 5054 φωνὴν
1612 4985 1885 5054 ,βροντῆς

290 5070 583 5138 μεγάλης.
616 5071 728 5125 Kal
753 5074 794 5141 ἠ
823 5073 994 5142 φωνὴ
1031 5074 1111 5143 ἣν
1129 5075 1388 5144 ἤκουσα,
1425 5078 1506 5143 ὠς
1542 5077 1886 5148 κιθαρῳδῶν

293 5162 714 5231 κιθαριζόντων
737 5165 809 5218 ἐν
828 5166 956 5232 ταῖς
993 5166 1265 5235 κιθάραις
1292 5169 1512 5226 αὐτῶν.
1543 5171 1655 5225 Kal
1701 5169 1884 5237 ᾄδου-

297 5269 406 5306 σιν
427 5255 593 5324 ᾡδὴν
626 5258 848 5327 καινὴν
869 5259 1131 5314 ἐνώπιον
1166 5261 1275 5315 τοῦ
1318 5263 1559 5329 θρόνου,
1597 5264 1696 5315 καὶ
1738 5262 1883 5316 ἑνώ-

297 5360 438 5400 πιον
461 5346 584 5402 τῶν
610 5349 925 5419 τεσσάρων
951 5349 1110 5412 {ibt-tr
1144 5353 1245 5407 καὶ
1274 5353 1395 5407 τῶν
1436 5356 1878 5424 πρεσϐυτέρων.

296 5439 410 5494 Kal
437 5442 635 5509 οὐδεὶς
663 5444 918 5499 ἐδύνατο
957 5446 1175 5515 μαθεῖν
1217 5446 1332 5514 τὴν
1371 5447 1558 5514 ᾠδὴν,
1613 5451 1664 5503 εί
1705 5449 1792 5518 μὴ
1822 5452 1882 5504 ai

300 5534 422 5603 ρμό⁹
444 5536 711 5605 χιλιάδες
740 5541 796 5592 οἱ
821 5538 1229 5610 ἠγορασμένοι
1266 5540 1388 5595 ἀπὸ
1411 5539 1524 5609 τῆς
1564 5540 1700 5610 τῆς.

381 5630 502 5684 Ἐπί
533 5632 600 5684 τὸ
639 5632 779 5699 ὄρος
816 5632 987 5686 Σιών.
1044 5635 1118 5687 Οὐ
1150 5635 1249 5705 τῆς
1309 5634 1572 5698 παλαιᾶς,
1607 5637 1690 5689 ὅτι
1743 5636 1880 5706 μηδὲ

298 5721 440 5792 αὑτὴ
482 5725 722 5795 ὑπήκοος
751 5724 832 5794 τῷ
871 5725 1094 5797 Ἀρνίῳ,
1143 5728 1351 5788 δὲστιν
1376 5730 1405 5781 ό
1463 5727 1724 5798 Χριστὸς,
1763 5727 1878 5780 ἀλλ’

296 5817 400 5872 ἐπὶ
434 5816 532 5888 τῆς
561 5817 707 5883 νέας,
747 5819 868 5888 ἥτις
896 5819 1016 5872 ἐστὶ
1057 5820 1215 5885 πόλις
1253 5820 1391 5876 Θεοῦ
1429 5821 1656 5890 ζῶντος,
1689 5816 1757 5895 ἦς
1786 5819 1881 5876 νῦν

653 5915 929 5976 Parnm“
975 5917 1091 5978 Gn.
1135 5915 1296 5979 CVI.

1991 3236 2214 3292 modum
2245 3244 2302 3291 et
2344 3242 2543 3290 extera
2583 3247 2706 3304 qum
2734 3234 2801 3287 de
2842 3233 2966 3302 ipso
2995 3233 3201 3302 scripta
3235 3243 3389 3299 sunt,
3435 3246 3580 3290 tem-

1989 3342 2094 3397 pus
2121 3337 2177 3381 et
2198 3325 2540 3395 experientia
2572 3322 2898 3378 revelabuut
2921 3322 3008 3377 Itis
3045 3323 3141 3392 qtti
3196 3323 3572 3394 vigilaverint.

1993 3417 2128 3473 Nam
2165 3418 2210 3472 si
2232 3416 2534 3487 expediret,
2574 3425 2632 3469 ut
2658 3415 2848 3470 volunt
2886 3415 3136 3470 nonnulli
3163 3416 3437 3481 doctores,
3472 3417 3580 3470 ltu-

1986 3506 2230 3577 jusmodi
2259 3514 2446 3576 aperte
2463 3505 2720 3576 cognosci
2743 3517 2965 3569 nomen,
2986 3505 3034 3558 is
3064 3505 3257 3574 utique
3279 3507 3374 3575 qui
3399 3508 3578 3575 ipsum

1991 3597 2130 3652 vidit
2153 3595 2474 3661 revelasset,
2515 3594 2613 3650 sed
2658 3609 2768 3648 non
2818 3594 3028 3664 placuit
3062 3595 3265 3650 divina:
3296 3598 3487 3666 gratiae
3523 3608 3586 3653 ut.

1994 3706 2194 3748 nomen
2222 3689 2470 3757 pestiferi
2492 3687 2735 3744 hominis
2780 3687 2836 3742 itt
2891 3687 3080 3742 divino
3109 3688 3250 3744 libro
3279 3688 3585 3744 referretur

1991 3784 2046 3838 in
2081 3783 2331 3839 ordinem
2374 3803 2386 3839 :
2423 3791 2663 3838 attamen
2718 3780 2974 3838 exercitii
3015 3782 3190 3851 gratia
3243 3781 3417 3836 multa
3449 3797 3583 3852 pos-

1991 3884 2125 3932 sunt
2179 3874 2416 3931 inveniri
2463 3876 2688 3930 nomina
2737 3874 2892 3945 juxta
2940 3873 3161 3930 beatum
3227 3874 3582 3945 Hippolytum

1992 3968 2159 4040 766
2187 3967 2439 4038 aliosque
2469 3967 2672 4022 multos
2702 3982 2826 4033 quae
2866 3967 3014 4022 hunc
3038 3965 3361 4023 contineant
3385 3982 3583 4022 nume‘

1994 4075 2115 4113 runt
2152 4070 2262 4114 tam
2291 4058 2513 4129 propria
2542 4073 2706 4128 quam
2741 4058 3090 4128 appellativa.

2521 4188 2751 4246 CAPUT
2803 4189 3048 4244 XXXlX.

1996 4306 2074 4362 De
2107 4315 2318 4360 centum
2369 4305 2730 4375 quadraginta
2769 4313 2998 4372 quatuor
3061 4304 3295 4358 millibus
3342 4307 3584 4376 quicum

2352 4381 2500 4445 Agno
2529 4379 2743 4428 stabant
2781 4377 2831 4428 in
2855 4385 3029 4429 monte
3062 4376 3216 4430 Sion.

2065 4515 2210 4583 XIV,
2245 4515 2362 4570 1-5.
2393 4513 2461 4570 Et
2493 4515 2601 4569 vidi
2633 4524 2682 4569 et
2719 4531 2835 4569 (cce
2874 4516 3056 4586 Agnus
3101 4515 3282 4570 stabat
3319 4517 3376 4570 in
3410 4527 3586 4571 monte

1990 4607 2210 4674 Sion,et
2237 4623 2357 4662 cum
2380 4623 2438 4661 eo
2469 4623 2718 4662 numerus
2743 4620 2952 4662 centunt
2968 4610 3336 4680 quadraginta
3353 4624 3588 4682 quatuor

1988 4703 2219 4756 millium
2242 4701 2548 4756 habentium
2583 4718 2770 4757 nomen
2811 4703 2928 4772 ejus
2957 4712 3006 4757 et
3044 4719 3233 4758 nomen
3264 4707 3434 4772 patris
3462 4707 3582 4775 ejus

1991 4797 2251 4866 scriptum
2279 4795 2335 4848 in
2359 4795 2624 4860 frontibus
2660 4796 2794 4850 suis.
2824 4794 2891 4848 Et
2914 4796 3098 4850 audiri
3141 4812 3314 4850 uocem
3360 4798 3426 4851 de
3453 4799 3586 4852 caelo

1991 4900 2251 4960 tanquam
2273 4905 2452 4944 vocem
2481 4907 2746 4960 aquarum
2777 4889 3096 4955 multarum,
3127 4900 3176 4944 et
3204 4901 3462 4961 tanquam
3490 4909 3584 4946 vo-

1993 4999 2105 5039 cent
2144 4984 2367 5038 tonitrui
2403 4985 2583 5051 magni
2624 4999 2643 5037 :
2668 4994 2716 5036 et
2747 4996 2846 5036 vos:
2883 4998 3046 5053 quam
3083 4983 3266 5037 audivi
3307 4985 3468 5039 veluti
3506 4987 3587 5039 ci-

1991 5078 2350 5132 tharoedorum
2373 5076 2807 5131 citlmrizantium
2852 5076 2909 5128 in
2943 5075 3168 5130 citharis
3196 5077 3328 5131 suis.
3381 5076 3451 5130 Et
3491 5095 3586 5131 ca-

1989 5178 2122 5223 nunt
2150 5171 2306 5239 quasi
2339 5170 2611 5223 canticum
2653 5183 2844 5223 nouum
2889 5177 3010 5222 ante
3061 5168 3333 5235 thronum,
3370 5179 3424 5222 et
3461 5178 3587 5224 ante
3616 5196 3630 5208 ο

1988 5271 2222 5333 quatuor
2252 5261 2514 5316 animalia
2561 5271 2611 5315 et
2667 5263 2918 5315 seniores.
2950 5259 3020 5313 Et
3056 5275 3208 5314 nemo
3237 5267 3446 5327 poterat
3497 5262 3586 5312 di-
3635 5309 3640 5312 .

1987 5370 2131 5409 scere
2161 5354 2430 5407 canticum
2459 5351 2595 5406 illud
2649 5352 2756 5406 nisi
2802 5351 2902 5405 illa
2949 5360 3159 5407 centum
3217 5349 3582 5420 quadraginta

1987 5457 2219 5518 quatuor
2250 5447 2420 5501 millia
2441 5447 2534 5516 qui
2563 5447 2726 5516 empti
2755 5457 2877 5502 sunt
2895 5446 2960 5502 de
2985 5457 3150 5501 terra.

2062 5626 2129 5682 In
2154 5635 2326 5682 monte
2355 5626 2506 5682 Sion.
2533 5625 2652 5682 Non
2682 5629 2738 5682 in
2779 5628 2946 5682 veteri
2994 5627 3152 5692 Sion,
3215 5626 3344 5696 quia
3396 5639 3577 5695 neque

1992 5721 2112 5777 lucc
2140 5722 2560 5791 obtemperabat
2604 5722 2761 5793 Agno
2812 5722 2908 5792 qui
2939 5729 3025 5777 est
3073 5719 3350 5783 Christus,
3383 5718 3477 5774 sed
3521 5722 3578 5774 in

1988 5832 2133 5876 nova
2154 5831 2278 5890 quae
2306 5825 2390 5876 est
2419 5816 2613 5874 civitas
2638 5816 2731 5873 Del
2760 5816 2994 5873 viventis
3026 5828 3194 5888 quam
3235 5826 3385 5868 nunc
3427 5811 3568 5868 dici-
