  <div class='ocr_page' id='page_1' title='image "/cluster/home/n/w/nwhite01/storage/ocr_20150623/106/coo.31924054870104/351.png"; bbox 0 0 4110 6416; ppageno 0'>
   <div class='ocr_carea' id='block_1_1' title="bbox 538 354 645 419">
    <p class='ocr_par' dir='ltr' id='par_1_1' title="bbox 538 354 645 419">
     <span class='ocr_line' id='line_1_1' title="bbox 538 354 645 419; baseline -0.009 0"><span class='ocrx_word' id='word_1_1' title='bbox 538 354 645 419; x_wconf 85' lang='grc'><strong>683</strong></span> 
     </span>
    </p>
   </div>
   <div class='ocr_carea' id='block_1_2' title="bbox 1353 357 3013 425">
    <p class='ocr_par' dir='ltr' id='par_1_2' title="bbox 1353 357 3013 425">
     <span class='ocr_line' id='line_1_2' title="bbox 1353 357 3013 425; baseline 0.004 -6"><span class='ocrx_word' id='word_1_2' title='bbox 1353 358 1683 421; x_wconf 77' lang='lat' dir='ltr'><strong>ARETII/E</strong></span> <span class='ocrx_word' id='word_1_3' title='bbox 1722 357 2104 419; x_wconf 57' lang='lat' dir='ltr'><strong>CAESARE!!!</strong></span> <span class='ocrx_word' id='word_1_4' title='bbox 2141 358 2633 422; x_wconf 75' lang='lat' dir='ltr'><strong>CAPPADOCI/E</strong></span> <span class='ocrx_word' id='word_1_5' title='bbox 2671 360 3013 425; x_wconf 89' lang='lat' dir='ltr'><strong>EPISCOPI</strong></span> 
     </span>
    </p>
   </div>
   <div class='ocr_carea' id='block_1_3' title="bbox 3700 366 3809 430">
    <p class='ocr_par' dir='ltr' id='par_1_3' title="bbox 3700 366 3809 430">
     <span class='ocr_line' id='line_1_3' title="bbox 3700 366 3809 430; baseline 0.009 -2"><span class='ocrx_word' id='word_1_6' title='bbox 3700 366 3809 430; x_wconf 69' lang='grc'>694</span> 
     </span>
    </p>
   </div>
   <div class='ocr_carea' id='block_1_4' title="bbox 539 463 2134 543">
    <p class='ocr_par' dir='ltr' id='par_1_4' title="bbox 539 463 2121 535">
     <span class='ocr_line' id='line_1_4' title="bbox 539 463 2121 535; baseline 0 -15"><span class='ocrx_word' id='word_1_7' title='bbox 539 474 631 521; x_wconf 87' lang='lat' dir='ltr'><strong>tur</strong></span> <span class='ocrx_word' id='word_1_8' title='bbox 653 464 844 535; x_wconf 81' lang='lat' dir='ltr'><strong>Agnus</strong></span> <span class='ocrx_word' id='word_1_9' title='bbox 900 463 1235 526; x_wconf 75' lang='lat' dir='ltr'><strong>ascendisse.</strong></span> <span class='ocrx_word' id='word_1_10' title='bbox 1279 466 1670 521; x_wconf 82' lang='lat' dir='ltr'><strong>manifestaute</strong></span> <span class='ocrx_word' id='word_1_11' title='bbox 1721 467 1933 522; x_wconf 86' lang='lat' dir='ltr'><strong>visione</strong></span> <span class='ocrx_word' id='word_1_12' title='bbox 1989 482 2121 521; x_wconf 87' lang='lat' dir='ltr'><strong>con-</strong></span> 
     </span>
    </p>
   </div>
   <div class='ocr_carea' id='block_1_5' title="bbox 2217 463 3811 543">
    <p class='ocr_par' dir='ltr' id='par_1_5' title="bbox 2223 467 3811 543">
     <span class='ocr_line' id='line_1_5' title="bbox 2223 467 3811 543; baseline 0.006 -24"><span class='ocrx_word' id='word_1_13' title='bbox 2223 467 2501 521; x_wconf 81' lang='grc' dir='ltr'><strong>δείκνυται</strong></span> <span class='ocrx_word' id='word_1_14' title='bbox 2549 469 2881 539; x_wconf 75' lang='grc' dir='ltr'>ἐπιϐεόηκὸς</span> <span class='ocrx_word' id='word_1_15' title='bbox 2942 470 3004 524; x_wconf 82' lang='grc' dir='ltr'><strong>τὺ</strong></span> <span class='ocrx_word' id='word_1_16' title='bbox 3048 470 3238 542; x_wconf 84' lang='grc' dir='ltr'>ἀρνίον</span> <span class='ocrx_word' id='word_1_17' title='bbox 3284 471 3381 541; x_wconf 82' lang='grc' dir='ltr'><strong>τὴν</strong></span> <span class='ocrx_word' id='word_1_18' title='bbox 3426 472 3513 525; x_wconf 81' lang='grc' dir='ltr'><strong>ἐπ’</strong></span> <span class='ocrx_word' id='word_1_19' title='bbox 3565 472 3811 543; x_wconf 78' lang='grc' dir='ltr'>ἐσχάτων</span> 
     </span>
    </p>
   </div>
   <div class='ocr_carea' id='block_1_6' title="bbox 533 555 2115 625">
    <p class='ocr_par' dir='ltr' id='par_1_6' title="bbox 533 555 2115 625">
     <span class='ocr_line' id='line_1_6' title="bbox 533 555 2115 625; baseline -0.001 -13"><span class='ocrx_word' id='word_1_20' title='bbox 533 557 847 613; x_wconf 79' lang='lat' dir='ltr'><strong>versionem</strong></span> <span class='ocrx_word' id='word_1_21' title='bbox 893 557 1058 611; x_wconf 87' lang='lat' dir='ltr'><strong>Israel</strong></span> <span class='ocrx_word' id='word_1_22' title='bbox 1102 571 1225 625; x_wconf 75' lang='lat' dir='ltr'><strong>qua:</strong></span> <span class='ocrx_word' id='word_1_23' title='bbox 1266 555 1357 610; x_wconf 87' lang='lat' dir='ltr'><strong>ﬁet</strong></span> <span class='ocrx_word' id='word_1_24' title='bbox 1409 557 1712 625; x_wconf 73' lang='lat' dir='ltr'><strong>postremis</strong></span> <span class='ocrx_word' id='word_1_25' title='bbox 1752 558 2115 625; x_wconf 81' lang='lat' dir='ltr'><strong>temporibus,</strong></span> 
     </span>
    </p>
   </div>
   <div class='ocr_carea' id='block_1_7' title="bbox 538 648 2119 722">
    <p class='ocr_par' dir='ltr' id='par_1_7' title="bbox 538 648 2119 722">
     <span class='ocr_line' id='line_1_7' title="bbox 538 648 2119 722; baseline 0.001 -17"><span class='ocrx_word' id='word_1_26' title='bbox 538 666 705 722; x_wconf 88' lang='lat' dir='ltr'><strong>quam</strong></span> <span class='ocrx_word' id='word_1_27' title='bbox 731 659 785 704; x_wconf 88' lang='lat' dir='ltr'><strong>et</strong></span> <span class='ocrx_word' id='word_1_28' title='bbox 822 650 980 704; x_wconf 89' lang='lat' dir='ltr'><strong>divus</strong></span> <span class='ocrx_word' id='word_1_29' title='bbox 1006 650 1184 703; x_wconf 90' lang='lat' dir='ltr'><strong>innuit</strong></span> <span class='ocrx_word' id='word_1_30' title='bbox 1216 648 1420 704; x_wconf 86' lang='lat' dir='ltr'><strong>Paulus</strong></span> <span class='ocrx_word' id='word_1_31' title='bbox 1446 650 1576 703; x_wconf 93' lang='lat' dir='ltr'><strong>dum</strong></span> <span class='ocrx_word' id='word_1_32' title='bbox 1604 652 1681 704; x_wconf 91' lang='lat' dir='ltr'><strong>ait</strong></span> <span class='ocrx_word' id='word_1_33' title='bbox 1715 667 1727 703; x_wconf 92' lang='lat'><strong>:</strong></span> <span class='ocrx_word' id='word_1_34' title='bbox 1768 668 1787 702; x_wconf 84' lang='grc' dir='ltr'><strong>ι</strong></span> <span class='ocrx_word' id='word_1_35' title='bbox 1836 650 1975 705; x_wconf 87' lang='lat' dir='ltr'><strong>Cum</strong></span> <span class='ocrx_word' id='word_1_36' title='bbox 2004 651 2119 720; x_wconf 89' lang='lat' dir='ltr'><strong>ple-</strong></span> 
     </span>
    </p>
   </div>
   <div class='ocr_carea' id='block_1_8' title="bbox 538 740 2119 812">
    <p class='ocr_par' dir='ltr' id='par_1_8' title="bbox 538 740 2119 812">
     <span class='ocr_line' id='line_1_8' title="bbox 538 740 2119 812; baseline 0.001 -15"><span class='ocrx_word' id='word_1_37' title='bbox 538 742 731 797; x_wconf 89' lang='lat' dir='ltr'><strong>nitudo</strong></span> <span class='ocrx_word' id='word_1_38' title='bbox 758 740 999 812; x_wconf 91' lang='lat' dir='ltr'><strong>gentium</strong></span> <span class='ocrx_word' id='word_1_39' title='bbox 1038 740 1349 805; x_wconf 80' lang='lat' dir='ltr'><strong>intraverit,</strong></span> <span class='ocrx_word' id='word_1_40' title='bbox 1381 750 1511 795; x_wconf 91' lang='lat' dir='ltr'><strong>tunc</strong></span> <span class='ocrx_word' id='word_1_41' title='bbox 1534 742 1714 797; x_wconf 91' lang='lat' dir='ltr'><strong>omnis</strong></span> <span class='ocrx_word' id='word_1_42' title='bbox 1749 741 1915 797; x_wconf 88' lang='lat' dir='ltr'><strong>Israel</strong></span> <span class='ocrx_word' id='word_1_43' title='bbox 1934 742 2119 799; x_wconf 88' lang='lat' dir='ltr'><strong>salvus</strong></span> 
     </span>
    </p>
   </div>
   <div class='ocr_carea' id='block_1_9' title="bbox 535 831 2116 900">
    <p class='ocr_par' dir='ltr' id='par_1_9' title="bbox 535 831 2116 900">
     <span class='ocr_line' id='line_1_9' title="bbox 535 831 2116 900; baseline 0 -11"><span class='ocrx_word' id='word_1_44' title='bbox 535 835 643 890; x_wconf 82' lang='lat' dir='ltr'><strong>erit</strong></span> <span class='ocrx_word' id='word_1_45' title='bbox 672 834 738 900; x_wconf 84' lang='grc'><strong>’⁸,</strong></span> <span class='ocrx_word' id='word_1_46' title='bbox 776 851 795 886; x_wconf 88' lang='grc'><strong>›</strong></span> <span class='ocrx_word' id='word_1_47' title='bbox 826 832 882 887; x_wconf 92' lang='lat' dir='ltr'><strong>in</strong></span> <span class='ocrx_word' id='word_1_48' title='bbox 914 831 1118 887; x_wconf 83' lang='lat' dir='ltr'><strong>Christi</strong></span> <span class='ocrx_word' id='word_1_49' title='bbox 1149 831 1406 887; x_wconf 80' lang='lat' dir='ltr'><strong>videlicet</strong></span> <span class='ocrx_word' id='word_1_50' title='bbox 1450 834 1706 889; x_wconf 83' lang='lat' dir='ltr'><strong>redactus</strong></span> <span class='ocrx_word' id='word_1_51' title='bbox 1756 832 2116 889; x_wconf 76' lang='lat' dir='ltr'><strong>famulitium.</strong></span> 
     </span>
    </p>
   </div>
   <div class='ocr_carea' id='block_1_10' title="bbox 605 920 2121 992">
    <p class='ocr_par' dir='ltr' id='par_1_10' title="bbox 605 920 2121 992">
     <span class='ocr_line' id='line_1_10' title="bbox 605 920 2121 992; baseline -0.001 -15"><span class='ocrx_word' id='word_1_52' title='bbox 605 923 675 977; x_wconf 86' lang='lat' dir='ltr'><strong>Et</strong></span> <span class='ocrx_word' id='word_1_53' title='bbox 706 938 827 976; x_wconf 86' lang='lat' dir='ltr'><strong>cum</strong></span> <span class='ocrx_word' id='word_1_54' title='bbox 855 938 915 975; x_wconf 82' lang='lat' dir='ltr'><strong>eo</strong></span> <span class='ocrx_word' id='word_1_55' title='bbox 958 936 1206 975; x_wconf 78' lang='lat' dir='ltr'><strong>numerus</strong></span> <span class='ocrx_word' id='word_1_56' title='bbox 1254 929 1461 975; x_wconf 80' lang='lat' dir='ltr'><strong>centum</strong></span> <span class='ocrx_word' id='word_1_57' title='bbox 1502 920 1861 992; x_wconf 77' lang='lat' dir='ltr'><strong>quadraginta</strong></span> <span class='ocrx_word' id='word_1_58' title='bbox 1888 930 2121 991; x_wconf 80' lang='lat' dir='ltr'><strong>quatuor</strong></span> 
     </span>
    </p>
   </div>
   <div class='ocr_carea' id='block_1_11' title="bbox 476 1000 2122 1078">
    <p class='ocr_par' dir='ltr' id='par_1_11' title="bbox 476 1000 2122 1078">
     <span class='ocr_line' id='line_1_11' title="bbox 476 1000 2122 1078; baseline -0.001 -9"><span class='ocrx_word' id='word_1_59' title='bbox 476 1000 487 1010; x_wconf 75' lang='grc'><em>’</em></span> <span class='ocrx_word' id='word_1_60' title='bbox 533 1015 781 1069; x_wconf 72' lang='lat' dir='ltr'><strong>millium.</strong></span> <span class='ocrx_word' id='word_1_61' title='bbox 806 1011 1081 1068; x_wconf 85' lang='lat' dir='ltr'><strong>Numerus</strong></span> <span class='ocrx_word' id='word_1_62' title='bbox 1110 1012 1307 1067; x_wconf 88' lang='lat' dir='ltr'><strong>horum</strong></span> <span class='ocrx_word' id='word_1_63' title='bbox 1340 1012 1599 1078; x_wconf 85' lang='lat' dir='ltr'><strong>millium,</strong></span> <span class='ocrx_word' id='word_1_64' title='bbox 1631 1027 1744 1067; x_wconf 91' lang='lat' dir='ltr'><strong>non</strong></span> <span class='ocrx_word' id='word_1_65' title='bbox 1773 1012 1999 1068; x_wconf 88' lang='lat' dir='ltr'><strong>illorum</strong></span> <span class='ocrx_word' id='word_1_66' title='bbox 2032 1020 2122 1068; x_wconf 87' lang='lat' dir='ltr'><strong>est</strong></span> 
     </span>
    </p>
   </div>
   <div class='ocr_carea' id='block_1_12' title="bbox 532 1104 2119 1176">
    <p class='ocr_par' dir='ltr' id='par_1_12' title="bbox 532 1104 2119 1176">
     <span class='ocr_line' id='line_1_12' title="bbox 532 1104 2119 1176; baseline -0.002 -14"><span class='ocrx_word' id='word_1_67' title='bbox 532 1110 601 1162; x_wconf 89' lang='lat' dir='ltr'><strong>de</strong></span> <span class='ocrx_word' id='word_1_68' title='bbox 626 1107 829 1176; x_wconf 84' lang='lat' dir='ltr'><strong>quibus</strong></span> <span class='ocrx_word' id='word_1_69' title='bbox 860 1105 1183 1175; x_wconf 73' lang='lat' dir='ltr'><strong>pmdictum</strong></span> <span class='ocrx_word' id='word_1_70' title='bbox 1213 1113 1297 1160; x_wconf 89' lang='lat' dir='ltr'><strong>est</strong></span> <span class='ocrx_word' id='word_1_71' title='bbox 1325 1104 1473 1175; x_wconf 88' lang='lat' dir='ltr'><strong>quod</strong></span> <span class='ocrx_word' id='word_1_72' title='bbox 1512 1120 1579 1163; x_wconf 76' lang='lat' dir='ltr'><strong>ex</strong></span> <span class='ocrx_word' id='word_1_73' title='bbox 1604 1119 1939 1176; x_wconf 88' lang='lat' dir='ltr'><strong>unaquaque</strong></span> <span class='ocrx_word' id='word_1_74' title='bbox 1969 1105 2119 1160; x_wconf 80' lang='lat' dir='ltr'><strong>tribu</strong></span> 
     </span>
    </p>
   </div>
   <div class='ocr_carea' id='block_1_13' title="bbox 531 1196 2118 1262">
    <p class='ocr_par' dir='ltr' id='par_1_13' title="bbox 531 1196 2118 1262">
     <span class='ocr_line' id='line_1_13' title="bbox 531 1196 2118 1262; baseline -0.002 -7"><span class='ocrx_word' id='word_1_75' title='bbox 531 1200 884 1255; x_wconf 87' lang='lat' dir='ltr'><strong>crediderunt</strong></span> <span class='ocrx_word' id='word_1_76' title='bbox 913 1198 966 1252; x_wconf 92' lang='lat' dir='ltr'><strong>in</strong></span> <span class='ocrx_word' id='word_1_77' title='bbox 998 1199 1279 1253; x_wconf 78' lang='lat' dir='ltr'><strong>Christum</strong></span> <span class='ocrx_word' id='word_1_78' title='bbox 1310 1214 1325 1252; x_wconf 91' lang='lat'><strong>:</strong></span> <span class='ocrx_word' id='word_1_79' title='bbox 1380 1213 1504 1251; x_wconf 86' lang='lat' dir='ltr'><strong>nam</strong></span> <span class='ocrx_word' id='word_1_80' title='bbox 1560 1198 1609 1253; x_wconf 93' lang='lat' dir='ltr'><strong>si</strong></span> <span class='ocrx_word' id='word_1_81' title='bbox 1659 1197 1715 1252; x_wconf 89' lang='lat' dir='ltr'><strong>id</strong></span> <span class='ocrx_word' id='word_1_82' title='bbox 1749 1196 1967 1262; x_wconf 81' lang='lat' dir='ltr'><strong>fuisset,</strong></span> <span class='ocrx_word' id='word_1_83' title='bbox 1993 1212 2118 1253; x_wconf 89' lang='lat' dir='ltr'><strong>cum</strong></span> 
     </span>
    </p>
   </div>
   <div class='ocr_carea' id='block_1_14' title="bbox 532 1286 2122 1359">
    <p class='ocr_par' dir='ltr' id='par_1_14' title="bbox 532 1286 2122 1359">
     <span class='ocr_line' id='line_1_14' title="bbox 532 1286 2122 1359; baseline -0.004 -14"><span class='ocrx_word' id='word_1_84' title='bbox 532 1290 763 1345; x_wconf 88' lang='lat' dir='ltr'><strong>articulo</strong></span> <span class='ocrx_word' id='word_1_85' title='bbox 801 1289 1123 1359; x_wconf 81' lang='lat' dir='ltr'><strong>protulisset</strong></span> <span class='ocrx_word' id='word_1_86' title='bbox 1155 1288 1369 1353; x_wconf 88' lang='lat' dir='ltr'><strong>dicens,</strong></span> <span class='ocrx_word' id='word_1_87' title='bbox 1395 1286 1603 1342; x_wconf 83' lang='lat' dir='ltr'><strong>Horum</strong></span> <span class='ocrx_word' id='word_1_88' title='bbox 1632 1295 1851 1342; x_wconf 89' lang='lat' dir='ltr'><strong>centum</strong></span> <span class='ocrx_word' id='word_1_89' title='bbox 1881 1286 2122 1356; x_wconf 89' lang='lat' dir='ltr'><strong>quadra-</strong></span> 
     </span>
    </p>
   </div>
   <div class='ocr_carea' id='block_1_15' title="bbox 530 1381 2121 1457">
    <p class='ocr_par' dir='ltr' id='par_1_15' title="bbox 530 1381 2121 1457">
     <span class='ocr_line' id='line_1_15' title="bbox 530 1381 2121 1457; baseline -0.003 -17"><span class='ocrx_word' id='word_1_90' title='bbox 530 1386 677 1457; x_wconf 89' lang='lat' dir='ltr'><strong>ginta</strong></span> <span class='ocrx_word' id='word_1_91' title='bbox 710 1394 949 1456; x_wconf 78' lang='lat' dir='ltr'><strong>quatuor</strong></span> <span class='ocrx_word' id='word_1_92' title='bbox 983 1385 1215 1440; x_wconf 91' lang='lat' dir='ltr'><strong>millium</strong></span> <span class='ocrx_word' id='word_1_93' title='bbox 1250 1401 1264 1438; x_wconf 91' lang='lat'><strong>:</strong></span> <span class='ocrx_word' id='word_1_94' title='bbox 1291 1383 1556 1454; x_wconf 88' lang='lat' dir='ltr'><strong>quoniam</strong></span> <span class='ocrx_word' id='word_1_95' title='bbox 1612 1390 1797 1438; x_wconf 87' lang='lat' dir='ltr'><strong>autem</strong></span> <span class='ocrx_word' id='word_1_96' title='bbox 1830 1382 1951 1438; x_wconf 89' lang='lat' dir='ltr'><strong>sine</strong></span> <span class='ocrx_word' id='word_1_97' title='bbox 1982 1381 2121 1436; x_wconf 89' lang='lat' dir='ltr'><strong>arti-</strong></span> 
     </span>
    </p>
   </div>
   <div class='ocr_carea' id='block_1_16' title="bbox 531 1473 2119 1546">
    <p class='ocr_par' dir='ltr' id='par_1_16' title="bbox 531 1473 2119 1546">
     <span class='ocr_line' id='line_1_16' title="bbox 531 1473 2119 1546; baseline -0.003 -15"><span class='ocrx_word' id='word_1_98' title='bbox 531 1476 655 1531; x_wconf 92' lang='lat' dir='ltr'><strong>culo</strong></span> <span class='ocrx_word' id='word_1_99' title='bbox 702 1475 949 1546; x_wconf 88' lang='lat' dir='ltr'><strong>protulit,</strong></span> <span class='ocrx_word' id='word_1_100' title='bbox 1006 1476 1281 1545; x_wconf 83' lang='lat' dir='ltr'><strong>reliquum</strong></span> <span class='ocrx_word' id='word_1_101' title='bbox 1349 1485 1438 1530; x_wconf 87' lang='lat' dir='ltr'><strong>est</strong></span> <span class='ocrx_word' id='word_1_102' title='bbox 1504 1482 1564 1529; x_wconf 86' lang='lat' dir='ltr'><strong>ut</strong></span> <span class='ocrx_word' id='word_1_103' title='bbox 1620 1473 1966 1543; x_wconf 77' lang='lat' dir='ltr'><strong>intelligatur</strong></span> <span class='ocrx_word' id='word_1_104' title='bbox 2017 1474 2119 1527; x_wconf 92' lang='lat' dir='ltr'><strong>hos</strong></span> 
     </span>
    </p>
   </div>
   <div class='ocr_carea' id='block_1_17' title="bbox 530 1564 2120 1640">
    <p class='ocr_par' dir='ltr' id='par_1_17' title="bbox 530 1564 2120 1640">
     <span class='ocr_line' id='line_1_17' title="bbox 530 1564 2120 1640; baseline -0.004 -14"><span class='ocrx_word' id='word_1_105' title='bbox 530 1570 735 1626; x_wconf 66' lang='lat' dir='ltr'><strong>divisse</strong></span> <span class='ocrx_word' id='word_1_106' title='bbox 765 1569 858 1640; x_wconf 89' lang='lat' dir='ltr'><strong>qui</strong></span> <span class='ocrx_word' id='word_1_107' title='bbox 891 1583 957 1623; x_wconf 81' lang='lat' dir='ltr'><strong>ex</strong></span> <span class='ocrx_word' id='word_1_108' title='bbox 1007 1569 1264 1639; x_wconf 77' lang='lat' dir='ltr'><strong>gentibus</strong></span> <span class='ocrx_word' id='word_1_109' title='bbox 1321 1568 1679 1623; x_wconf 89' lang='lat' dir='ltr'><strong>crediderunt</strong></span> <span class='ocrx_word' id='word_1_110' title='bbox 1727 1586 1739 1621; x_wconf 90' lang='lat'><strong>:</strong></span> <span class='ocrx_word' id='word_1_111' title='bbox 1774 1567 1905 1622; x_wconf 88' lang='lat' dir='ltr'><strong>dum</strong></span> <span class='ocrx_word' id='word_1_112' title='bbox 1942 1564 2120 1635; x_wconf 87' lang='lat' dir='ltr'><strong>gratia</strong></span> 
     </span>
    </p>
   </div>
   <div class='ocr_carea' id='block_1_18' title="bbox 530 1656 2117 1730">
    <p class='ocr_par' dir='ltr' id='par_1_18' title="bbox 530 1656 2117 1730">
     <span class='ocr_line' id='line_1_18' title="bbox 530 1656 2117 1730; baseline -0.004 -13"><span class='ocrx_word' id='word_1_113' title='bbox 530 1661 700 1717; x_wconf 78' lang='lat' dir='ltr'><strong>divini</strong></span> <span class='ocrx_word' id='word_1_114' title='bbox 734 1660 965 1717; x_wconf 88' lang='lat' dir='ltr'><strong>seminis</strong></span> <span class='ocrx_word' id='word_1_115' title='bbox 991 1675 1115 1730; x_wconf 83' lang='lat' dir='ltr'><strong>quae</strong></span> <span class='ocrx_word' id='word_1_116' title='bbox 1137 1660 1190 1714; x_wconf 91' lang='lat' dir='ltr'><strong>in</strong></span> <span class='ocrx_word' id='word_1_117' title='bbox 1217 1673 1552 1729; x_wconf 90' lang='lat' dir='ltr'><strong>unoquoque</strong></span> <span class='ocrx_word' id='word_1_118' title='bbox 1585 1656 1685 1713; x_wconf 79' lang='lat' dir='ltr'><strong>fuit</strong></span> <span class='ocrx_word' id='word_1_119' title='bbox 1714 1658 2117 1727; x_wconf 88' lang='lat' dir='ltr'><strong>apostolorum,</strong></span> 
     </span>
    </p>
   </div>
   <div class='ocr_carea' id='block_1_19' title="bbox 530 1748 2119 1823">
    <p class='ocr_par' dir='ltr' id='par_1_19' title="bbox 530 1748 2119 1823">
     <span class='ocr_line' id='line_1_19' title="bbox 530 1748 2119 1823; baseline -0.003 -14"><span class='ocrx_word' id='word_1_120' title='bbox 530 1753 829 1809; x_wconf 87' lang='lat' dir='ltr'><strong>duodecies</strong></span> <span class='ocrx_word' id='word_1_121' title='bbox 860 1762 1080 1823; x_wconf 85' lang='lat' dir='ltr'><strong>operata</strong></span> <span class='ocrx_word' id='word_1_122' title='bbox 1112 1753 1185 1808; x_wconf 90' lang='lat' dir='ltr'><strong>sit</strong></span> <span class='ocrx_word' id='word_1_123' title='bbox 1215 1753 1267 1806; x_wconf 93' lang='lat' dir='ltr'><strong>in</strong></span> <span class='ocrx_word' id='word_1_124' title='bbox 1300 1752 1615 1823; x_wconf 88' lang='lat' dir='ltr'><strong>millecuplo</strong></span> <span class='ocrx_word' id='word_1_125' title='bbox 1664 1750 1903 1807; x_wconf 80' lang='lat' dir='ltr'><strong>fructum</strong></span> <span class='ocrx_word' id='word_1_126' title='bbox 1941 1748 2119 1820; x_wconf 54' lang='lat' dir='ltr'><strong>peric-</strong></span> 
     </span>
    </p>
   </div>
   <div class='ocr_carea' id='block_1_20' title="bbox 524 1841 2119 1913">
    <p class='ocr_par' dir='ltr' id='par_1_20' title="bbox 524 1841 2119 1913">
     <span class='ocr_line' id='line_1_20' title="bbox 524 1841 2119 1913; baseline -0.005 -12"><span class='ocrx_word' id='word_1_127' title='bbox 524 1854 678 1901; x_wconf 86' lang='lat' dir='ltr'><strong>ctum</strong></span> <span class='ocrx_word' id='word_1_128' title='bbox 709 1844 830 1899; x_wconf 85' lang='lat' dir='ltr'><strong>ﬁdei</strong></span> <span class='ocrx_word' id='word_1_129' title='bbox 865 1860 1056 1900; x_wconf 90' lang='lat' dir='ltr'><strong>eorum</strong></span> <span class='ocrx_word' id='word_1_130' title='bbox 1089 1843 1181 1913; x_wconf 82' lang='lat' dir='ltr'><strong>qui</strong></span> <span class='ocrx_word' id='word_1_131' title='bbox 1214 1843 1351 1898; x_wconf 87' lang='lat' dir='ltr'><strong>salvi</strong></span> <span class='ocrx_word' id='word_1_132' title='bbox 1384 1843 1561 1907; x_wconf 87' lang='lat' dir='ltr'><strong>ﬁunt;</strong></span> <span class='ocrx_word' id='word_1_133' title='bbox 1607 1841 1770 1913; x_wconf 81' lang='lat'><strong>767</strong></span> <span class='ocrx_word' id='word_1_134' title='bbox 1803 1841 2005 1911; x_wconf 89' lang='lat' dir='ltr'><strong>quibus</strong></span> <span class='ocrx_word' id='word_1_135' title='bbox 2034 1851 2119 1894; x_wconf 87' lang='lat' dir='ltr'><strong>at-</strong></span> 
     </span>
    </p>
   </div>
   <div class='ocr_carea' id='block_1_21' title="bbox 530 1932 2113 2006">
    <p class='ocr_par' dir='ltr' id='par_1_21' title="bbox 530 1932 2113 2006">
     <span class='ocr_line' id='line_1_21' title="bbox 530 1932 2113 2006; baseline -0.005 -14"><span class='ocrx_word' id='word_1_136' title='bbox 530 1945 760 1992; x_wconf 78' lang='lat' dir='ltr'><strong>testatur</strong></span> <span class='ocrx_word' id='word_1_137' title='bbox 788 1936 936 2006; x_wconf 89' lang='lat' dir='ltr'><strong>quod</strong></span> <span class='ocrx_word' id='word_1_138' title='bbox 967 1935 1338 2005; x_wconf 78' lang='lat' dir='ltr'><strong>virginitatem</strong></span> <span class='ocrx_word' id='word_1_139' title='bbox 1373 1932 1729 2004; x_wconf 69' lang='lat' dir='ltr'><strong>prmstiterint</strong></span> <span class='ocrx_word' id='word_1_140' title='bbox 1777 1940 1886 1986; x_wconf 90' lang='lat' dir='ltr'><strong>tam</strong></span> <span class='ocrx_word' id='word_1_141' title='bbox 1919 1944 2113 1999; x_wconf 82' lang='lat' dir='ltr'><strong>corpo-</strong></span> 
     </span>
    </p>
   </div>
   <div class='ocr_carea' id='block_1_22' title="bbox 529 2013 2110 2097">
    <p class='ocr_par' dir='ltr' id='par_1_22' title="bbox 529 2013 2110 2097">
     <span class='ocr_line' id='line_1_22' title="bbox 529 2013 2110 2097; baseline -0.005 -15"><span class='ocrx_word' id='word_1_142' title='bbox 529 2029 609 2083; x_wconf 90' lang='lat' dir='ltr'><strong>ris</strong></span> <span class='ocrx_word' id='word_1_143' title='bbox 660 2041 828 2097; x_wconf 90' lang='lat' dir='ltr'><strong>quam</strong></span> <span class='ocrx_word' id='word_1_144' title='bbox 868 2026 1090 2091; x_wconf 60' lang='lat' dir='ltr'><strong>animae,</strong></span> <span class='ocrx_word' id='word_1_145' title='bbox 1147 2040 1271 2095; x_wconf 84' lang='lat' dir='ltr'><strong>quae</strong></span> <span class='ocrx_word' id='word_1_146' title='bbox 1317 2013 1462 2095; x_wconf 78' lang='lat' dir='ltr'><strong>apud</strong></span> <span class='ocrx_word' id='word_1_147' title='bbox 1493 2022 1754 2079; x_wconf 64' lang='lat' dir='ltr'><strong>Hebraeos</strong></span> <span class='ocrx_word' id='word_1_148' title='bbox 1807 2036 1932 2077; x_wconf 83' lang='lat' dir='ltr'><strong>rara</strong></span> <span class='ocrx_word' id='word_1_149' title='bbox 1985 2020 2110 2076; x_wconf 79' lang='lat' dir='ltr'><strong>fuit.</strong></span> 
     </span>
    </p>
   </div>
   <div class='ocr_carea' id='block_1_23' title="bbox 525 2112 2113 2187">
    <p class='ocr_par' dir='ltr' id='par_1_23' title="bbox 525 2112 2113 2187">
     <span class='ocr_line' id='line_1_23' title="bbox 525 2112 2113 2187; baseline -0.006 -11"><span class='ocrx_word' id='word_1_150' title='bbox 525 2120 683 2187; x_wconf 82' lang='lat' dir='ltr'><strong>Quod</strong></span> <span class='ocrx_word' id='word_1_151' title='bbox 717 2127 901 2175; x_wconf 84' lang='lat' dir='ltr'><strong>autem</strong></span> <span class='ocrx_word' id='word_1_152' title='bbox 937 2119 1177 2174; x_wconf 88' lang='lat' dir='ltr'><strong>habeant</strong></span> <span class='ocrx_word' id='word_1_153' title='bbox 1234 2132 1434 2173; x_wconf 88' lang='lat' dir='ltr'><strong>nomen</strong></span> <span class='ocrx_word' id='word_1_154' title='bbox 1484 2115 1667 2172; x_wconf 86' lang='lat' dir='ltr'><strong>Patris</strong></span> <span class='ocrx_word' id='word_1_155' title='bbox 1703 2116 1825 2183; x_wconf 87' lang='lat' dir='ltr'><strong>ejus</strong></span> <span class='ocrx_word' id='word_1_156' title='bbox 1877 2123 1932 2168; x_wconf 91' lang='lat' dir='ltr'><strong>et</strong></span> <span class='ocrx_word' id='word_1_157' title='bbox 1989 2112 2113 2167; x_wconf 81' lang='lat' dir='ltr'><strong>Filii</strong></span> 
     </span>
    </p>
   </div>
   <div class='ocr_carea' id='block_1_24' title="bbox 526 2206 2116 2282">
    <p class='ocr_par' dir='ltr' id='par_1_24' title="bbox 526 2206 2116 2282">
     <span class='ocr_line' id='line_1_24' title="bbox 526 2206 2116 2282; baseline -0.006 -14"><span class='ocrx_word' id='word_1_158' title='bbox 526 2213 792 2282; x_wconf 82' lang='lat' dir='ltr'><strong>scriptum</strong></span> <span class='ocrx_word' id='word_1_159' title='bbox 844 2213 897 2266; x_wconf 91' lang='lat' dir='ltr'><strong>in</strong></span> <span class='ocrx_word' id='word_1_160' title='bbox 932 2211 1226 2277; x_wconf 82' lang='lat' dir='ltr'><strong>frontibus,</strong></span> <span class='ocrx_word' id='word_1_161' title='bbox 1277 2212 1551 2281; x_wconf 89' lang='lat' dir='ltr'><strong>signiﬁcat</strong></span> <span class='ocrx_word' id='word_1_162' title='bbox 1591 2208 1737 2280; x_wconf 87' lang='lat' dir='ltr'><strong>quod</strong></span> <span class='ocrx_word' id='word_1_163' title='bbox 1777 2207 1960 2262; x_wconf 91' lang='lat' dir='ltr'><strong>divina</strong></span> <span class='ocrx_word' id='word_1_164' title='bbox 1992 2206 2116 2260; x_wconf 91' lang='lat' dir='ltr'><strong>luce</strong></span> 
     </span>
    </p>
   </div>
   <div class='ocr_carea' id='block_1_25' title="bbox 524 2295 2114 2374">
    <p class='ocr_par' dir='ltr' id='par_1_25' title="bbox 524 2295 2114 2374">
     <span class='ocr_line' id='line_1_25' title="bbox 524 2295 2114 2374; baseline -0.004 -17"><span class='ocrx_word' id='word_1_165' title='bbox 524 2303 701 2374; x_wconf 87' lang='lat' dir='ltr'><strong>ipsius</strong></span> <span class='ocrx_word' id='word_1_166' title='bbox 732 2304 904 2359; x_wconf 88' lang='lat' dir='ltr'><strong>divini</strong></span> <span class='ocrx_word' id='word_1_167' title='bbox 939 2304 1128 2358; x_wconf 83' lang='lat' dir='ltr'><strong>vultus</strong></span> <span class='ocrx_word' id='word_1_168' title='bbox 1162 2302 1549 2372; x_wconf 83' lang='lat' dir='ltr'><strong>obsignentur,</strong></span> <span class='ocrx_word' id='word_1_169' title='bbox 1582 2314 1680 2369; x_wconf 91' lang='lat' dir='ltr'><strong>per</strong></span> <span class='ocrx_word' id='word_1_170' title='bbox 1712 2297 1866 2368; x_wconf 89' lang='lat' dir='ltr'><strong>quod</strong></span> <span class='ocrx_word' id='word_1_171' title='bbox 1896 2295 2114 2351; x_wconf 59' lang='lat' dir='ltr'><strong>aemulis</strong></span> 
     </span>
    </p>
   </div>
   <div class='ocr_carea' id='block_1_26' title="bbox 524 2390 1944 2466">
    <p class='ocr_par' dir='ltr' id='par_1_26' title="bbox 524 2390 1944 2466">
     <span class='ocr_line' id='line_1_26' title="bbox 524 2390 1944 2466; baseline -0.007 -15"><span class='ocrx_word' id='word_1_172' title='bbox 524 2397 581 2451; x_wconf 91' lang='lat' dir='ltr'><strong>in</strong></span> <span class='ocrx_word' id='word_1_173' title='bbox 613 2398 714 2452; x_wconf 88' lang='lat' dir='ltr'><strong>hoc</strong></span> <span class='ocrx_word' id='word_1_174' title='bbox 747 2405 802 2451; x_wconf 93' lang='lat' dir='ltr'><strong>et</strong></span> <span class='ocrx_word' id='word_1_175' title='bbox 829 2396 1155 2466; x_wconf 86' lang='lat' dir='ltr'><strong>perniciosis</strong></span> <span class='ocrx_word' id='word_1_176' title='bbox 1179 2393 1523 2450; x_wconf 61' lang='lat' dir='ltr'><strong>daemonibus</strong></span> <span class='ocrx_word' id='word_1_177' title='bbox 1564 2390 1759 2446; x_wconf 87' lang='lat' dir='ltr'><strong>terrori</strong></span> <span class='ocrx_word' id='word_1_178' title='bbox 1792 2396 1944 2444; x_wconf 90' lang='lat' dir='ltr'><strong>sunt.</strong></span> 
     </span>
    </p>
   </div>
   <div class='ocr_carea' id='block_1_27' title="bbox 600 2483 2114 2559">
    <p class='ocr_par' dir='ltr' id='par_1_27' title="bbox 600 2483 2114 2559">
     <span class='ocr_line' id='line_1_27' title="bbox 600 2483 2114 2559; baseline -0.008 -17"><span class='ocrx_word' id='word_1_179' title='bbox 600 2486 876 2559; x_wconf 86' lang='lat' dir='ltr'><strong>Tanquam</strong></span> <span class='ocrx_word' id='word_1_180' title='bbox 914 2503 1089 2542; x_wconf 81' lang='lat' dir='ltr'><strong>vocem</strong></span> <span class='ocrx_word' id='word_1_181' title='bbox 1139 2501 1400 2556; x_wconf 85' lang='lat' dir='ltr'><strong>aquarum</strong></span> <span class='ocrx_word' id='word_1_182' title='bbox 1452 2483 1745 2537; x_wconf 87' lang='lat' dir='ltr'><strong>multarum</strong></span> <span class='ocrx_word' id='word_1_183' title='bbox 1777 2489 1826 2535; x_wconf 85' lang='lat' dir='ltr'><strong>et</strong></span> <span class='ocrx_word' id='word_1_184' title='bbox 1862 2489 2114 2548; x_wconf 85' lang='lat' dir='ltr'><strong>tanquam</strong></span> 
     </span>
    </p>
   </div>
   <div class='ocr_carea' id='block_1_28' title="bbox 522 2570 2114 2649">
    <p class='ocr_par' dir='ltr' id='par_1_28' title="bbox 522 2570 2114 2649">
     <span class='ocr_line' id='line_1_28' title="bbox 522 2570 2114 2649; baseline -0.008 -13"><span class='ocrx_word' id='word_1_185' title='bbox 522 2598 699 2641; x_wconf 66' lang='lat' dir='ltr'><strong>unum</strong></span> <span class='ocrx_word' id='word_1_186' title='bbox 743 2581 967 2636; x_wconf 85' lang='lat' dir='ltr'><strong>tonitrui</strong></span> <span class='ocrx_word' id='word_1_187' title='bbox 1011 2580 1213 2649; x_wconf 84' lang='lat' dir='ltr'><strong>magni.</strong></span> <span class='ocrx_word' id='word_1_188' title='bbox 1237 2578 1523 2647; x_wconf 79' lang='lat' dir='ltr'><strong>Aquarum</strong></span> <span class='ocrx_word' id='word_1_189' title='bbox 1565 2586 1620 2630; x_wconf 91' lang='lat' dir='ltr'><strong>et</strong></span> <span class='ocrx_word' id='word_1_190' title='bbox 1650 2574 1882 2629; x_wconf 89' lang='lat' dir='ltr'><strong>tonitrui</strong></span> <span class='ocrx_word' id='word_1_191' title='bbox 1929 2588 1994 2647; x_wconf 76' lang='lat' dir='ltr'><strong>ac</strong></span> <span class='ocrx_word' id='word_1_192' title='bbox 2032 2570 2114 2625; x_wconf 88' lang='lat' dir='ltr'><strong>ci-</strong></span> 
     </span>
    </p>
   </div>
   <div class='ocr_carea' id='block_1_29' title="bbox 526 2664 2112 2743">
    <p class='ocr_par' dir='ltr' id='par_1_29' title="bbox 526 2664 2112 2743">
     <span class='ocr_line' id='line_1_29' title="bbox 526 2664 2112 2743; baseline -0.008 -13"><span class='ocrx_word' id='word_1_193' title='bbox 526 2677 699 2732; x_wconf 73' lang='lat' dir='ltr'><strong>thara:</strong></span> <span class='ocrx_word' id='word_1_194' title='bbox 744 2690 875 2738; x_wconf 79' lang='lat' dir='ltr'><strong>vox,</strong></span> <span class='ocrx_word' id='word_1_195' title='bbox 928 2673 1204 2743; x_wconf 89' lang='lat' dir='ltr'><strong>signiﬁcat</strong></span> <span class='ocrx_word' id='word_1_196' title='bbox 1249 2671 1557 2725; x_wconf 72' lang='lat' dir='ltr'><strong>claritatem</strong></span> <span class='ocrx_word' id='word_1_197' title='bbox 1610 2668 1820 2726; x_wconf 89' lang='lat' dir='ltr'><strong>auditui</strong></span> <span class='ocrx_word' id='word_1_198' title='bbox 1870 2664 2112 2735; x_wconf 85' lang='lat' dir='ltr'><strong>perviam</strong></span> 
     </span>
    </p>
   </div>
   <div class='ocr_carea' id='block_1_30' title="bbox 524 2762 2111 2839">
    <p class='ocr_par' dir='ltr' id='par_1_30' title="bbox 524 2762 2111 2839">
     <span class='ocr_line' id='line_1_30' title="bbox 524 2762 2111 2839; baseline -0.008 -17"><span class='ocrx_word' id='word_1_199' title='bbox 524 2766 849 2839; x_wconf 83' lang='lat' dir='ltr'><strong>bymnidiei,</strong></span> <span class='ocrx_word' id='word_1_200' title='bbox 889 2766 1102 2830; x_wconf 76' lang='lat' dir='ltr'><strong>canori,</strong></span> <span class='ocrx_word' id='word_1_201' title='bbox 1156 2764 1345 2819; x_wconf 83' lang='lat' dir='ltr'><strong>suavis</strong></span> <span class='ocrx_word' id='word_1_202' title='bbox 1393 2777 1459 2819; x_wconf 89' lang='lat' dir='ltr'><strong>ac</strong></span> <span class='ocrx_word' id='word_1_203' title='bbox 1507 2762 1738 2818; x_wconf 90' lang='lat' dir='ltr'><strong>consoni</strong></span> <span class='ocrx_word' id='word_1_204' title='bbox 1791 2766 2111 2815; x_wconf 88' lang='lat' dir='ltr'><strong>sanctorum</strong></span> 
     </span>
    </p>
   </div>
   <div class='ocr_carea' id='block_1_31' title="bbox 522 2853 2116 2929">
    <p class='ocr_par' dir='ltr' id='par_1_31' title="bbox 522 2853 2116 2929">
     <span class='ocr_line' id='line_1_31' title="bbox 522 2853 2116 2929; baseline -0.007 -13"><span class='ocrx_word' id='word_1_205' title='bbox 522 2868 743 2924; x_wconf 89' lang='lat' dir='ltr'><strong>cantus,</strong></span> <span class='ocrx_word' id='word_1_206' title='bbox 775 2859 872 2929; x_wconf 92' lang='lat' dir='ltr'><strong>qui</strong></span> <span class='ocrx_word' id='word_1_207' title='bbox 924 2858 1238 2914; x_wconf 88' lang='lat' dir='ltr'><strong>universam</strong></span> <span class='ocrx_word' id='word_1_208' title='bbox 1279 2856 1673 2928; x_wconf 89' lang='lat' dir='ltr'><strong>complectitur</strong></span> <span class='ocrx_word' id='word_1_209' title='bbox 1725 2853 2116 2924; x_wconf 77' lang='lat' dir='ltr'><strong>primogenita-</strong></span> 
     </span>
    </p>
   </div>
   <div class='ocr_carea' id='block_1_32' title="bbox 523 2948 2115 3020">
    <p class='ocr_par' dir='ltr' id='par_1_32' title="bbox 523 2948 2115 3020">
     <span class='ocr_line' id='line_1_32' title="bbox 523 2948 2115 3020; baseline -0.005 -12"><span class='ocrx_word' id='word_1_210' title='bbox 523 2968 651 3009; x_wconf 87' lang='lat' dir='ltr'><strong>rum</strong></span> <span class='ocrx_word' id='word_1_211' title='bbox 684 2952 741 3008; x_wconf 93' lang='lat' dir='ltr'><strong>in</strong></span> <span class='ocrx_word' id='word_1_212' title='bbox 771 2951 929 3007; x_wconf 76' lang='lat' dir='ltr'><strong>ctelis</strong></span> <span class='ocrx_word' id='word_1_213' title='bbox 978 2950 1379 3020; x_wconf 89' lang='lat' dir='ltr'><strong>descriptorum</strong></span> <span class='ocrx_word' id='word_1_214' title='bbox 1439 2948 1743 3004; x_wconf 71' lang='lat' dir='ltr'><strong>Ecclesium</strong></span> <span class='ocrx_word' id='word_1_215' title='bbox 1796 2954 2115 3015; x_wconf 67' lang='lat' dir='ltr'><strong>coetumque</strong></span> 
     </span>
    </p>
   </div>
   <div class='ocr_carea' id='block_1_33' title="bbox 490 3040 2113 3119">
    <p class='ocr_par' dir='ltr' id='par_1_33' title="bbox 490 3040 2113 3119">
     <span class='ocr_line' id='line_1_33' title="bbox 490 3040 2113 3119; baseline -0.006 -17"><span class='ocrx_word' id='word_1_216' title='bbox 490 3047 827 3119; x_wconf 82' lang='lat' dir='ltr'><strong>publicum,</strong></span> <span class='ocrx_word' id='word_1_217' title='bbox 862 3061 893 3101; x_wconf 92' lang='lat' dir='ltr'><strong>a</strong></span> <span class='ocrx_word' id='word_1_218' title='bbox 939 3045 1140 3115; x_wconf 88' lang='lat' dir='ltr'><strong>quibus</strong></span> <span class='ocrx_word' id='word_1_219' title='bbox 1181 3043 1343 3099; x_wconf 87' lang='lat' dir='ltr'><strong>laude</strong></span> <span class='ocrx_word' id='word_1_220' title='bbox 1390 3042 1702 3098; x_wconf 79' lang='lat' dir='ltr'><strong>celebratur</strong></span> <span class='ocrx_word' id='word_1_221' title='bbox 1749 3040 2113 3111; x_wconf 81' lang='lat' dir='ltr'><strong>primogenita</strong></span> 
     </span>
    </p>
   </div>
   <div class='ocr_carea' id='block_1_34' title="bbox 521 3132 2112 3210">
    <p class='ocr_par' dir='ltr' id='par_1_34' title="bbox 521 3132 2112 3210">
     <span class='ocr_line' id='line_1_34' title="bbox 521 3132 2112 3210; baseline -0.004 -18"><span class='ocrx_word' id='word_1_222' title='bbox 521 3139 763 3195; x_wconf 86' lang='lat' dir='ltr'><strong>vo’catio.</strong></span> <span class='ocrx_word' id='word_1_223' title='bbox 792 3138 904 3210; x_wconf 85' lang='lat' dir='ltr'><strong>Ego</strong></span> <span class='ocrx_word' id='word_1_224' title='bbox 931 3145 1113 3193; x_wconf 89' lang='lat' dir='ltr'><strong>autem</strong></span> <span class='ocrx_word' id='word_1_225' title='bbox 1162 3135 1362 3206; x_wconf 84' lang='lat' dir='ltr'><strong>Opinor</strong></span> <span class='ocrx_word' id='word_1_226' title='bbox 1386 3134 1532 3204; x_wconf 88' lang='lat' dir='ltr'><strong>quod</strong></span> <span class='ocrx_word' id='word_1_227' title='bbox 1564 3147 1633 3188; x_wconf 91' lang='lat' dir='ltr'><strong>ne</strong></span> <span class='ocrx_word' id='word_1_228' title='bbox 1666 3132 1859 3189; x_wconf 90' lang='lat' dir='ltr'><strong>audire</strong></span> <span class='ocrx_word' id='word_1_229' title='bbox 1887 3133 2112 3203; x_wconf 77' lang='lat' dir='ltr'><strong>quidem</strong></span> 
     </span>
    </p>
   </div>
   <div class='ocr_carea' id='block_1_35' title="bbox 2221 560 3800 637">
    <p class='ocr_par' dir='ltr' id='par_1_35' title="bbox 2221 560 3800 637">
     <span class='ocr_line' id='line_1_35' title="bbox 2221 560 3800 637; baseline 0.008 -27"><span class='ocrx_word' id='word_1_230' title='bbox 2221 560 2579 631; x_wconf 76' lang='grc' dir='ltr'>ἐπιστροφὴν,</span> <span class='ocrx_word' id='word_1_231' title='bbox 2601 562 3023 633; x_wconf 85' lang='grc' dir='ltr'>παραδηλούσης</span> <span class='ocrx_word' id='word_1_232' title='bbox 3035 563 3136 633; x_wconf 85' lang='grc' dir='ltr'>τῆς</span> <span class='ocrx_word' id='word_1_233' title='bbox 3153 564 3420 628; x_wconf 77' lang='grc' dir='ltr'><strong>ὀπτασίας</strong></span> <span class='ocrx_word' id='word_1_234' title='bbox 3436 563 3531 617; x_wconf 83' lang='grc' dir='ltr'><strong>τοῦ</strong></span> <span class='ocrx_word' id='word_1_235' title='bbox 3556 565 3800 637; x_wconf 82' lang='grc' dir='ltr'>Ἰσραήλ.</span> 
     </span>
    </p>
   </div>
   <div class='ocr_carea' id='block_1_36' title="bbox 2226 648 3807 724">
    <p class='ocr_par' dir='ltr' id='par_1_36' title="bbox 2226 648 3807 724">
     <span class='ocr_line' id='line_1_36' title="bbox 2226 648 3807 724; baseline 0.006 -22"><span class='ocrx_word' id='word_1_236' title='bbox 2226 650 2329 703; x_wconf 84' lang='grc' dir='ltr'><strong>Ἦν</strong></span> <span class='ocrx_word' id='word_1_237' title='bbox 2363 651 2459 703; x_wconf 78' lang='grc' dir='ltr'>καὶ</span> <span class='ocrx_word' id='word_1_238' title='bbox 2484 651 2743 715; x_wconf 83' lang='grc' dir='ltr'>Παῦλοςὸ</span> <span class='ocrx_word' id='word_1_239' title='bbox 2770 652 2912 715; x_wconf 88' lang='grc' dir='ltr'>θεῖος</span> <span class='ocrx_word' id='word_1_240' title='bbox 2941 654 3162 723; x_wconf 79' lang='grc' dir='ltr'><strong>ᾐνίξατο</strong></span> <span class='ocrx_word' id='word_1_241' title='bbox 3190 654 3258 707; x_wconf 89' lang='grc' dir='ltr'><strong>δι’</strong></span> <span class='ocrx_word' id='word_1_242' title='bbox 3275 648 3352 709; x_wconf 81' lang='grc' dir='ltr'><strong>ὧν</strong></span> <span class='ocrx_word' id='word_1_243' title='bbox 3378 671 3543 724; x_wconf 78' lang='grc' dir='ltr'>φησιν</span> <span class='ocrx_word' id='word_1_244' title='bbox 3572 670 3587 686; x_wconf 77' lang='grc' dir='ltr'><strong>ο</strong></span> <span class='ocrx_word' id='word_1_245' title='bbox 3625 675 3643 707; x_wconf 83' lang='grc' dir='ltr'><strong>ι</strong></span> <span class='ocrx_word' id='word_1_246' title='bbox 3674 658 3807 713; x_wconf 70' lang='lat' dir='ltr'><strong>&quot;Ore</strong></span> 
     </span>
    </p>
   </div>
   <div class='ocr_carea' id='block_1_37' title="bbox 2219 742 3807 820">
    <p class='ocr_par' dir='ltr' id='par_1_37' title="bbox 2219 742 3807 820">
     <span class='ocr_line' id='line_1_37' title="bbox 2219 742 3807 820; baseline 0.004 -25"><span class='ocrx_word' id='word_1_247' title='bbox 2219 743 2282 795; x_wconf 84' lang='grc' dir='ltr'>τὸ</span> <span class='ocrx_word' id='word_1_248' title='bbox 2312 742 2591 814; x_wconf 80' lang='grc' dir='ltr'>πλήρωμα</span> <span class='ocrx_word' id='word_1_249' title='bbox 2621 744 2731 797; x_wconf 86' lang='grc' dir='ltr'><strong>τῶν</strong></span> <span class='ocrx_word' id='word_1_250' title='bbox 2757 744 2929 798; x_wconf 79' lang='grc' dir='ltr'>ἐθνῶν</span> <span class='ocrx_word' id='word_1_251' title='bbox 2975 745 3219 816; x_wconf 79' lang='grc' dir='ltr'><strong>εἰσέλθῃ,</strong></span> <span class='ocrx_word' id='word_1_252' title='bbox 3279 747 3402 799; x_wconf 88' lang='grc' dir='ltr'>τότε</span> <span class='ocrx_word' id='word_1_253' title='bbox 3430 748 3539 809; x_wconf 85' lang='grc' dir='ltr'><strong>πᾶς</strong></span> <span class='ocrx_word' id='word_1_254' title='bbox 3589 746 3807 820; x_wconf 83' lang='grc' dir='ltr'>Ἰσραὴλ</span> 
     </span>
    </p>
   </div>
   <div class='ocr_carea' id='block_1_38' title="bbox 2222 833 3319 909">
    <p class='ocr_par' dir='ltr' id='par_1_38' title="bbox 2222 833 3319 909">
     <span class='ocr_line' id='line_1_38' title="bbox 2222 833 3319 909; baseline 0.003 -22"><span class='ocrx_word' id='word_1_255' title='bbox 2222 833 2545 906; x_wconf 88' lang='grc' dir='ltr'>σωθήσεται,</span> <span class='ocrx_word' id='word_1_256' title='bbox 2581 853 2600 887; x_wconf 78' lang='grc' dir='ltr'><strong>ι</strong></span> <span class='ocrx_word' id='word_1_257' title='bbox 2638 835 2942 900; x_wconf 78' lang='grc' dir='ltr'>οίκειωθεὶς</span> <span class='ocrx_word' id='word_1_258' title='bbox 2966 838 3045 907; x_wconf 81' lang='grc' dir='ltr'><strong>τῷ</strong></span> <span class='ocrx_word' id='word_1_259' title='bbox 3074 837 3319 909; x_wconf 80' lang='grc' dir='ltr'><strong>Χριστῷ.</strong></span> 
     </span>
    </p>
   </div>
   <div class='ocr_carea' id='block_1_39' title="bbox 2291 924 3805 1002">
    <p class='ocr_par' dir='ltr' id='par_1_39' title="bbox 2291 924 3805 1002">
     <span class='ocr_line' id='line_1_39' title="bbox 2291 924 3805 1002; baseline 0.004 -24"><span class='ocrx_word' id='word_1_260' title='bbox 2291 924 2401 978; x_wconf 76' lang='grc' dir='ltr'><strong>Καὶ</strong></span> <span class='ocrx_word' id='word_1_261' title='bbox 2435 927 2562 994; x_wconf 80' lang='grc' dir='ltr'>μετ’</span> <span class='ocrx_word' id='word_1_262' title='bbox 2585 925 2773 979; x_wconf 83' lang='grc' dir='ltr'>αὐτοῦ</span> <span class='ocrx_word' id='word_1_263' title='bbox 2793 927 3042 996; x_wconf 80' lang='grc' dir='ltr'>ἀριθμὸς</span> <span class='ocrx_word' id='word_1_264' title='bbox 3077 926 3196 997; x_wconf 88' lang='grc' dir='ltr'>ρμδ¹</span> <span class='ocrx_word' id='word_1_265' title='bbox 3223 928 3513 996; x_wconf 71' lang='grc' dir='ltr'>χιλιάδες.</span> <span class='ocrx_word' id='word_1_266' title='bbox 3561 930 3626 982; x_wconf 88' lang='lat'><strong>&#39;0</strong></span> <span class='ocrx_word' id='word_1_267' title='bbox 3644 929 3805 1002; x_wconf 85' lang='grc' dir='ltr'>αριθ-</span> 
     </span>
    </p>
   </div>
   <div class='ocr_carea' id='block_1_40' title="bbox 2222 1016 3809 1091">
    <p class='ocr_par' dir='ltr' id='par_1_40' title="bbox 2222 1016 3809 1091">
     <span class='ocr_line' id='line_1_40' title="bbox 2222 1016 3809 1091; baseline 0.003 -21"><span class='ocrx_word' id='word_1_268' title='bbox 2222 1016 2322 1087; x_wconf 81' lang='grc' dir='ltr'><strong>μδς</strong></span> <span class='ocrx_word' id='word_1_269' title='bbox 2354 1017 2411 1071; x_wconf 85' lang='grc' dir='ltr'>δὲ</span> <span class='ocrx_word' id='word_1_270' title='bbox 2438 1017 2548 1070; x_wconf 90' lang='grc' dir='ltr'><strong>τῶν</strong></span> <span class='ocrx_word' id='word_1_271' title='bbox 2586 1017 2842 1086; x_wconf 83' lang='grc' dir='ltr'><strong>χιλιάδων</strong></span> <span class='ocrx_word' id='word_1_272' title='bbox 2871 1019 2969 1089; x_wconf 80' lang='grc' dir='ltr'><strong>οὐχ</strong></span> <span class='ocrx_word' id='word_1_273' title='bbox 3020 1021 3049 1072; x_wconf 81' lang='grc' dir='ltr'>ὁ</span> <span class='ocrx_word' id='word_1_274' title='bbox 3080 1018 3245 1081; x_wconf 79' lang='grc' dir='ltr'>αὐτὸς</span> <span class='ocrx_word' id='word_1_275' title='bbox 3285 1020 3395 1073; x_wconf 89' lang='grc' dir='ltr'><strong>τῶν</strong></span> <span class='ocrx_word' id='word_1_276' title='bbox 3441 1020 3538 1089; x_wconf 78' lang='grc' dir='ltr'><strong>ἀφ’</strong></span> <span class='ocrx_word' id='word_1_277' title='bbox 3568 1021 3809 1091; x_wconf 74' lang='grc' dir='ltr'>ἑκάστης</span> 
     </span>
    </p>
   </div>
   <div class='ocr_carea' id='block_1_41' title="bbox 2220 1108 3807 1183">
    <p class='ocr_par' dir='ltr' id='par_1_41' title="bbox 2220 1108 3807 1183">
     <span class='ocr_line' id='line_1_41' title="bbox 2220 1108 3807 1183; baseline 0.004 -22"><span class='ocrx_word' id='word_1_278' title='bbox 2220 1108 2396 1178; x_wconf 82' lang='grc' dir='ltr'>φυλῆς</span> <span class='ocrx_word' id='word_1_279' title='bbox 2425 1109 2843 1181; x_wconf 80' lang='grc' dir='ltr'><strong>προειρημένων</strong></span> <span class='ocrx_word' id='word_1_280' title='bbox 2864 1111 3299 1168; x_wconf 78' lang='grc' dir='ltr'>πεπιστευκέναι</span> <span class='ocrx_word' id='word_1_281' title='bbox 3339 1112 3420 1183; x_wconf 81' lang='grc' dir='ltr'><strong>τῷ</strong></span> <span class='ocrx_word' id='word_1_282' title='bbox 3453 1114 3701 1183; x_wconf 83' lang='grc' dir='ltr'>Χριστῷ.</span> <span class='ocrx_word' id='word_1_283' title='bbox 3728 1110 3807 1167; x_wconf 74' lang='grc' dir='ltr'><strong>Ἱι</strong></span> 
     </span>
    </p>
   </div>
   <div class='ocr_carea' id='block_1_42' title="bbox 2219 1198 3810 1275">
    <p class='ocr_par' dir='ltr' id='par_1_42' title="bbox 2219 1198 3810 1275">
     <span class='ocr_line' id='line_1_42' title="bbox 2219 1198 3810 1275; baseline 0.004 -24"><span class='ocrx_word' id='word_1_284' title='bbox 2219 1198 2329 1269; x_wconf 87' lang='grc' dir='ltr'><strong>γὰρ</strong></span> <span class='ocrx_word' id='word_1_285' title='bbox 2356 1198 2422 1252; x_wconf 83' lang='grc' dir='ltr'>ἂν</span> <span class='ocrx_word' id='word_1_286' title='bbox 2454 1198 2594 1269; x_wconf 89' lang='grc' dir='ltr'><strong>μετά</strong></span> <span class='ocrx_word' id='word_1_287' title='bbox 2622 1200 2717 1253; x_wconf 81' lang='grc' dir='ltr'><strong>τοῦ</strong></span> <span class='ocrx_word' id='word_1_288' title='bbox 2762 1199 2971 1271; x_wconf 77' lang='grc' dir='ltr'>ἄρθρου</span> <span class='ocrx_word' id='word_1_289' title='bbox 3016 1202 3382 1271; x_wconf 81' lang='grc' dir='ltr'><strong>προήνεγκεν,</strong></span> <span class='ocrx_word' id='word_1_290' title='bbox 3412 1204 3478 1256; x_wconf 82' lang='grc' dir='ltr'>Δί</span> <span class='ocrx_word' id='word_1_291' title='bbox 3516 1202 3637 1274; x_wconf 86' lang='grc' dir='ltr'>ρμδ’</span> <span class='ocrx_word' id='word_1_292' title='bbox 3666 1202 3810 1275; x_wconf 80' lang='grc' dir='ltr'>χιλι-</span> 
     </span>
    </p>
   </div>
   <div class='ocr_carea' id='block_1_43' title="bbox 2221 1290 3806 1364">
    <p class='ocr_par' dir='ltr' id='par_1_43' title="bbox 2221 1290 3806 1364">
     <span class='ocr_line' id='line_1_43' title="bbox 2221 1290 3806 1364; baseline 0.004 -20"><span class='ocrx_word' id='word_1_293' title='bbox 2221 1290 2368 1353; x_wconf 83' lang='grc' dir='ltr'>άδες,</span> <span class='ocrx_word' id='word_1_294' title='bbox 2438 1290 2630 1345; x_wconf 79' lang='grc' dir='ltr'>εἰπών.</span> <span class='ocrx_word' id='word_1_295' title='bbox 2697 1290 2838 1344; x_wconf 84' lang='grc' dir='ltr'>Ἀλλ’</span> <span class='ocrx_word' id='word_1_296' title='bbox 2893 1292 3083 1363; x_wconf 71' lang='grc' dir='ltr'>ἐπειδὴ</span> <span class='ocrx_word' id='word_1_297' title='bbox 3135 1294 3512 1364; x_wconf 86' lang='grc' dir='ltr'>ἀσυνάρθρως,</span> <span class='ocrx_word' id='word_1_298' title='bbox 3555 1294 3806 1351; x_wconf 88' lang='grc' dir='ltr'>λείπεται</span> 
     </span>
    </p>
   </div>
   <div class='ocr_carea' id='block_1_44' title="bbox 2217 1381 3807 1459">
    <p class='ocr_par' dir='ltr' id='par_1_44' title="bbox 2217 1381 3807 1459">
     <span class='ocr_line' id='line_1_44' title="bbox 2217 1381 3807 1459; baseline 0.007 -26"><span class='ocrx_word' id='word_1_299' title='bbox 2217 1381 2345 1444; x_wconf 82' lang='grc' dir='ltr'>τοὺς</span> <span class='ocrx_word' id='word_1_300' title='bbox 2375 1381 2486 1434; x_wconf 77' lang='grc' dir='ltr'>ἀπὸ</span> <span class='ocrx_word' id='word_1_301' title='bbox 2537 1382 2645 1435; x_wconf 88' lang='grc' dir='ltr'><strong>τῶν</strong></span> <span class='ocrx_word' id='word_1_302' title='bbox 2695 1382 2866 1436; x_wconf 70' lang='grc' dir='ltr'>ἐθνῶν</span> <span class='ocrx_word' id='word_1_303' title='bbox 2922 1386 3062 1437; x_wconf 82' lang='grc' dir='ltr'>νοεῖν</span> <span class='ocrx_word' id='word_1_304' title='bbox 3092 1385 3255 1438; x_wconf 74' lang='grc' dir='ltr'>αὑτὸν</span> <span class='ocrx_word' id='word_1_305' title='bbox 3288 1387 3589 1457; x_wconf 80' lang='grc' dir='ltr'>είρηκέναι,</span> <span class='ocrx_word' id='word_1_306' title='bbox 3615 1388 3716 1459; x_wconf 81' lang='grc' dir='ltr'>τῆς</span> <span class='ocrx_word' id='word_1_307' title='bbox 3745 1393 3807 1444; x_wconf 83' lang='grc' dir='ltr'>ὲν</span> 
     </span>
    </p>
   </div>
   <div class='ocr_carea' id='block_1_45' title="bbox 2221 1474 3804 1549">
    <p class='ocr_par' dir='ltr' id='par_1_45' title="bbox 2221 1474 3804 1549">
     <span class='ocr_line' id='line_1_45' title="bbox 2221 1474 3804 1549; baseline 0.005 -22"><span class='ocrx_word' id='word_1_308' title='bbox 2221 1474 2438 1545; x_wconf 81' lang='grc' dir='ltr'><strong>ἑκάστῳ</strong></span> <span class='ocrx_word' id='word_1_309' title='bbox 2470 1474 2695 1545; x_wconf 82' lang='grc' dir='ltr'>χάριτος</span> <span class='ocrx_word' id='word_1_310' title='bbox 2724 1475 2819 1529; x_wconf 83' lang='grc' dir='ltr'><strong>τοῦ</strong></span> <span class='ocrx_word' id='word_1_311' title='bbox 2854 1476 3002 1531; x_wconf 84' lang='grc' dir='ltr'>θείου</span> <span class='ocrx_word' id='word_1_312' title='bbox 3036 1479 3240 1549; x_wconf 77' lang='grc' dir='ltr'><strong>σπόρου</strong></span> <span class='ocrx_word' id='word_1_313' title='bbox 3298 1482 3394 1534; x_wconf 71' lang='grc' dir='ltr'>καὶ</span> <span class='ocrx_word' id='word_1_314' title='bbox 3432 1482 3804 1536; x_wconf 76' lang='grc' dir='ltr'>ἀποστολικοῦ</span> 
     </span>
    </p>
   </div>
   <div class='ocr_carea' id='block_1_46' title="bbox 2219 1565 3808 1641">
    <p class='ocr_par' dir='ltr' id='par_1_46' title="bbox 2219 1565 3808 1641">
     <span class='ocr_line' id='line_1_46' title="bbox 2219 1565 3808 1641; baseline 0.004 -21"><span class='ocrx_word' id='word_1_315' title='bbox 2219 1565 2523 1629; x_wconf 79' lang='grc' dir='ltr'><strong>δωδεκάκις</strong></span> <span class='ocrx_word' id='word_1_316' title='bbox 2580 1567 2849 1636; x_wconf 77' lang='grc' dir='ltr'>χιλιοστὸν</span> <span class='ocrx_word' id='word_1_317' title='bbox 2914 1569 3396 1641; x_wconf 67' lang='grc' dir='ltr'><strong>ἀπεργαζομένης,</strong></span> <span class='ocrx_word' id='word_1_318' title='bbox 3455 1571 3639 1626; x_wconf 84' lang='grc' dir='ltr'>τέλεον</span> <span class='ocrx_word' id='word_1_319' title='bbox 3709 1573 3808 1627; x_wconf 70' lang='grc' dir='ltr'>τίαν</span> 
     </span>
    </p>
   </div>
   <div class='ocr_carea' id='block_1_47' title="bbox 2221 1658 3808 1735">
    <p class='ocr_par' dir='ltr' id='par_1_47' title="bbox 2221 1658 3808 1735">
     <span class='ocr_line' id='line_1_47' title="bbox 2221 1658 3808 1735; baseline 0.002 -24"><span class='ocrx_word' id='word_1_320' title='bbox 2221 1658 2435 1730; x_wconf 75' lang='grc' dir='ltr'>καρπὸν</span> <span class='ocrx_word' id='word_1_321' title='bbox 2460 1659 2561 1729; x_wconf 81' lang='grc' dir='ltr'>τῆς</span> <span class='ocrx_word' id='word_1_322' title='bbox 2586 1659 2696 1714; x_wconf 90' lang='grc' dir='ltr'><strong>τῶν</strong></span> <span class='ocrx_word' id='word_1_323' title='bbox 2732 1660 3055 1730; x_wconf 73' lang='grc' dir='ltr'>σωζομένων</span> <span class='ocrx_word' id='word_1_324' title='bbox 3095 1662 3353 1729; x_wconf 77' lang='grc' dir='ltr'>πίστεως,</span> <span class='ocrx_word' id='word_1_325' title='bbox 3384 1659 3466 1727; x_wconf 74' lang='grc' dir='ltr'>οἷς</span> <span class='ocrx_word' id='word_1_326' title='bbox 3498 1664 3808 1735; x_wconf 72' lang='grc' dir='ltr'>παρθενίαν</span> 
     </span>
    </p>
   </div>
   <div class='ocr_carea' id='block_1_48' title="bbox 2221 1750 3808 1827">
    <p class='ocr_par' dir='ltr' id='par_1_48' title="bbox 2221 1750 3808 1827">
     <span class='ocr_line' id='line_1_48' title="bbox 2221 1750 3808 1827; baseline 0.004 -24"><span class='ocrx_word' id='word_1_327' title='bbox 2221 1750 2647 1820; x_wconf 81' lang='grc' dir='ltr'>κατωρθωκέναι</span> <span class='ocrx_word' id='word_1_328' title='bbox 2702 1756 3119 1825; x_wconf 77' lang='grc' dir='ltr'>προσμαρτυρεῖ</span> <span class='ocrx_word' id='word_1_329' title='bbox 3147 1753 3269 1825; x_wconf 74' lang='grc' dir='ltr'>[ὅση</span> <span class='ocrx_word' id='word_1_330' title='bbox 3314 1755 3538 1822; x_wconf 75' lang='grc' dir='ltr'>σαρκὸς.</span> <span class='ocrx_word' id='word_1_331' title='bbox 3573 1756 3672 1827; x_wconf 77' lang='grc' dir='ltr'>ὅση</span> <span class='ocrx_word' id='word_1_332' title='bbox 3703 1758 3808 1826; x_wconf 70' lang='grc' dir='ltr'>ψυ-</span> 
     </span>
    </p>
   </div>
   <div class='ocr_carea' id='block_1_49' title="bbox 2222 1843 3810 1918">
    <p class='ocr_par' dir='ltr' id='par_1_49' title="bbox 2222 1843 3810 1918">
     <span class='ocr_line' id='line_1_49' title="bbox 2222 1843 3810 1918; baseline 0.003 -21"><span class='ocrx_word' id='word_1_333' title='bbox 2222 1846 2323 1913; x_wconf 82' lang='grc' dir='ltr'><strong>χῆς</strong></span> <span class='ocrx_word' id='word_1_334' title='bbox 2357 1843 2518 1916; x_wconf 66' lang='lat'><strong>(40)],</strong></span> <span class='ocrx_word' id='word_1_335' title='bbox 2551 1846 2580 1898; x_wconf 85' lang='grc' dir='ltr'><strong>ὃ</strong></span> <span class='ocrx_word' id='word_1_336' title='bbox 2608 1847 2836 1899; x_wconf 86' lang='grc' dir='ltr'>σπάνιον</span> <span class='ocrx_word' id='word_1_337' title='bbox 2888 1847 3019 1918; x_wconf 84' lang='grc' dir='ltr'>παρ’</span> <span class='ocrx_word' id='word_1_338' title='bbox 3059 1846 3352 1916; x_wconf 73' lang='grc' dir='ltr'>Ἑϐραίοις.</span> <span class='ocrx_word' id='word_1_339' title='bbox 3380 1848 3453 1900; x_wconf 85' lang='grc' dir='ltr'><strong>Τὸ</strong></span> <span class='ocrx_word' id='word_1_340' title='bbox 3471 1847 3528 1901; x_wconf 74' lang='grc' dir='ltr'>δὲ</span> <span class='ocrx_word' id='word_1_341' title='bbox 3572 1848 3717 1917; x_wconf 79' lang='grc' dir='ltr'>ἔχειν</span> <span class='ocrx_word' id='word_1_342' title='bbox 3744 1850 3810 1902; x_wconf 80' lang='grc' dir='ltr'>τὸ</span> 
     </span>
    </p>
   </div>
   <div class='ocr_carea' id='block_1_50' title="bbox 2222 1938 3809 2010">
    <p class='ocr_par' dir='ltr' id='par_1_50' title="bbox 2222 1938 3809 2010">
     <span class='ocr_line' id='line_1_50' title="bbox 2222 1938 3809 2010; baseline 0.002 -19"><span class='ocrx_word' id='word_1_343' title='bbox 2222 1938 2395 2008; x_wconf 73' lang='grc' dir='ltr'>ὄνομα</span> <span class='ocrx_word' id='word_1_344' title='bbox 2458 1938 2552 1991; x_wconf 84' lang='grc' dir='ltr'><strong>τοῦ</strong></span> <span class='ocrx_word' id='word_1_345' title='bbox 2621 1939 2833 2009; x_wconf 69' lang='grc' dir='ltr'>[ἰατρὸς</span> <span class='ocrx_word' id='word_1_346' title='bbox 2889 1938 3057 1994; x_wconf 81' lang='grc' dir='ltr'>αὑτοῦ</span> <span class='ocrx_word' id='word_1_347' title='bbox 3120 1940 3508 2010; x_wconf 80' lang='grc' dir='ltr'>γεγραμμένον</span> <span class='ocrx_word' id='word_1_348' title='bbox 3565 1944 3662 1994; x_wconf 83' lang='grc' dir='ltr'>καὶ</span> <span class='ocrx_word' id='word_1_349' title='bbox 3708 1942 3809 1994; x_wconf 84' lang='grc' dir='ltr'><strong>τοῦ</strong></span> 
     </span>
    </p>
   </div>
   <div class='ocr_carea' id='block_1_51' title="bbox 2218 2028 3799 2101">
    <p class='ocr_par' dir='ltr' id='par_1_51' title="bbox 2218 2028 3799 2101">
     <span class='ocr_line' id='line_1_51' title="bbox 2218 2028 3799 2101; baseline 0.003 -19"><span class='ocrx_word' id='word_1_350' title='bbox 2218 2028 2349 2082; x_wconf 88' lang='grc' dir='ltr'>Υἱοῦ</span> <span class='ocrx_word' id='word_1_351' title='bbox 2387 2030 2499 2100; x_wconf 75' lang='grc'><strong>(41)</strong></span> <span class='ocrx_word' id='word_1_352' title='bbox 2531 2030 2625 2083; x_wconf 75' lang='grc' dir='ltr'><strong>ἐπὶ</strong></span> <span class='ocrx_word' id='word_1_353' title='bbox 2653 2028 2945 2100; x_wconf 82' lang='grc' dir='ltr'>μετώπων,</span> <span class='ocrx_word' id='word_1_354' title='bbox 2978 2030 3149 2099; x_wconf 89' lang='grc' dir='ltr'>δηλοῖ,</span> <span class='ocrx_word' id='word_1_355' title='bbox 3179 2030 3256 2094; x_wconf 89' lang='grc' dir='ltr'>ὡς</span> <span class='ocrx_word' id='word_1_356' title='bbox 3277 2031 3357 2100; x_wconf 84' lang='grc' dir='ltr'>τῷ</span> <span class='ocrx_word' id='word_1_357' title='bbox 3387 2030 3518 2101; x_wconf 77' lang='grc' dir='ltr'>θείῳ</span> <span class='ocrx_word' id='word_1_358' title='bbox 3538 2033 3677 2098; x_wconf 81' lang='grc' dir='ltr'>φωτὶ</span> <span class='ocrx_word' id='word_1_359' title='bbox 3698 2032 3799 2086; x_wconf 80' lang='grc' dir='ltr'><strong>τοῦ</strong></span> 
     </span>
    </p>
   </div>
   <div class='ocr_carea' id='block_1_52' title="bbox 2216 2117 3802 2192">
    <p class='ocr_par' dir='ltr' id='par_1_52' title="bbox 2216 2117 3802 2192">
     <span class='ocr_line' id='line_1_52' title="bbox 2216 2117 3802 2192; baseline 0.003 -19"><span class='ocrx_word' id='word_1_360' title='bbox 2216 2120 2512 2190; x_wconf 83' lang='grc' dir='ltr'>προσώπου</span> <span class='ocrx_word' id='word_1_361' title='bbox 2545 2120 2710 2175; x_wconf 78' lang='grc' dir='ltr'>αὐτοῦ</span> <span class='ocrx_word' id='word_1_362' title='bbox 2736 2120 2835 2174; x_wconf 84' lang='grc' dir='ltr'><strong>τοῦ</strong></span> <span class='ocrx_word' id='word_1_363' title='bbox 2871 2120 3018 2175; x_wconf 86' lang='grc' dir='ltr'>θείου</span> <span class='ocrx_word' id='word_1_364' title='bbox 3042 2120 3461 2192; x_wconf 75' lang='grc' dir='ltr'>σφραγίζονται,</span> <span class='ocrx_word' id='word_1_365' title='bbox 3493 2122 3562 2176; x_wconf 82' lang='grc' dir='ltr'>δι’</span> <span class='ocrx_word' id='word_1_366' title='bbox 3591 2117 3653 2177; x_wconf 76' lang='grc' dir='ltr'><strong>οὗ</strong></span> <span class='ocrx_word' id='word_1_367' title='bbox 3681 2126 3802 2189; x_wconf 86' lang='grc' dir='ltr'>τοῖς</span> 
     </span>
    </p>
   </div>
   <div class='ocr_carea' id='block_1_53' title="bbox 2216 2212 3804 2287">
    <p class='ocr_par' dir='ltr' id='par_1_53' title="bbox 2216 2212 3804 2287">
     <span class='ocr_line' id='line_1_53' title="bbox 2216 2212 3804 2287; baseline 0.002 -20"><span class='ocrx_word' id='word_1_368' title='bbox 2216 2213 2537 2283; x_wconf 88' lang='grc' dir='ltr'>ἀντιμίμοις</span> <span class='ocrx_word' id='word_1_369' title='bbox 2580 2214 2674 2266; x_wconf 76' lang='grc' dir='ltr'><strong>ἐπὶ</strong></span> <span class='ocrx_word' id='word_1_370' title='bbox 2713 2212 2904 2268; x_wconf 82' lang='grc' dir='ltr'>τούτου</span> <span class='ocrx_word' id='word_1_371' title='bbox 2946 2213 3215 2284; x_wconf 82' lang='grc' dir='ltr'>ὀλεθρίοις</span> <span class='ocrx_word' id='word_1_372' title='bbox 3272 2214 3517 2284; x_wconf 86' lang='grc' dir='ltr'>δαίμοσι,</span> <span class='ocrx_word' id='word_1_373' title='bbox 3572 2215 3804 2287; x_wconf 73' lang='grc' dir='ltr'>φοὸεροὶ</span> 
     </span>
    </p>
   </div>
   <div class='ocr_carea' id='block_1_54' title="bbox 2216 2306 2475 2373">
    <p class='ocr_par' dir='ltr' id='par_1_54' title="bbox 2216 2306 2475 2373">
     <span class='ocr_line' id='line_1_54' title="bbox 2216 2306 2475 2373; baseline 0.019 -16"><span class='ocrx_word' id='word_1_374' title='bbox 2216 2306 2475 2373; x_wconf 82' lang='grc' dir='ltr'>γίνονται.</span> 
     </span>
    </p>
   </div>
   <div class='ocr_carea' id='block_1_55' title="bbox 2300 2484 3805 2558">
    <p class='ocr_par' dir='ltr' id='par_1_55' title="bbox 2300 2484 3805 2558">
     <span class='ocr_line' id='line_1_55' title="bbox 2300 2484 3805 2558; baseline 0.007 -20"><span class='ocrx_word' id='word_1_375' title='bbox 2300 2484 2398 2550; x_wconf 83' lang='grc' dir='ltr'>Ὠς</span> <span class='ocrx_word' id='word_1_376' title='bbox 2448 2486 2661 2554; x_wconf 69' lang='grc' dir='ltr'>φωνὴν</span> <span class='ocrx_word' id='word_1_377' title='bbox 2702 2486 2942 2542; x_wconf 80' lang='grc' dir='ltr'><strong>ὑδάτων</strong></span> <span class='ocrx_word' id='word_1_378' title='bbox 2986 2487 3258 2553; x_wconf 76' lang='grc' dir='ltr'>πολλῶν,</span> <span class='ocrx_word' id='word_1_379' title='bbox 3299 2490 3396 2543; x_wconf 72' lang='grc' dir='ltr'><strong>καί</strong></span> <span class='ocrx_word' id='word_1_380' title='bbox 3447 2489 3529 2554; x_wconf 84' lang='grc' dir='ltr'><strong>ὡς</strong></span> <span class='ocrx_word' id='word_1_381' title='bbox 3590 2489 3805 2558; x_wconf 67' lang='grc' dir='ltr'>φωνὴν</span> 
     </span>
    </p>
   </div>
   <div class='ocr_carea' id='block_1_56' title="bbox 2210 2576 3806 2651">
    <p class='ocr_par' dir='ltr' id='par_1_56' title="bbox 2210 2576 3806 2651">
     <span class='ocr_line' id='line_1_56' title="bbox 2210 2576 3806 2651; baseline 0.003 -21"><span class='ocrx_word' id='word_1_382' title='bbox 2210 2576 2481 2645; x_wconf 79' lang='grc' dir='ltr'>,Βροντῆς</span> <span class='ocrx_word' id='word_1_383' title='bbox 2510 2578 2807 2647; x_wconf 75' lang='grc' dir='ltr'>μεγάλης.</span> <span class='ocrx_word' id='word_1_384' title='bbox 2858 2578 2923 2633; x_wconf 79' lang='grc' dir='ltr'><strong><em>Ἠ</em></strong></span> <span class='ocrx_word' id='word_1_385' title='bbox 2951 2580 3061 2633; x_wconf 88' lang='grc' dir='ltr'><strong>τῶν</strong></span> <span class='ocrx_word' id='word_1_386' title='bbox 3097 2579 3306 2634; x_wconf 77' lang='grc' dir='ltr'>ὑδάτων</span> <span class='ocrx_word' id='word_1_387' title='bbox 3349 2580 3446 2634; x_wconf 76' lang='grc' dir='ltr'><strong>καὶ</strong></span> <span class='ocrx_word' id='word_1_388' title='bbox 3497 2580 3607 2633; x_wconf 91' lang='grc' dir='ltr'><strong>τῶν</strong></span> <span class='ocrx_word' id='word_1_389' title='bbox 3638 2581 3806 2651; x_wconf 84' lang='grc' dir='ltr'>βρον-</span> 
     </span>
    </p>
   </div>
   <div class='ocr_carea' id='block_1_57' title="bbox 2216 2667 3807 2743">
    <p class='ocr_par' dir='ltr' id='par_1_57' title="bbox 2216 2667 3807 2743">
     <span class='ocr_line' id='line_1_57' title="bbox 2216 2667 3807 2743; baseline 0.004 -23"><span class='ocrx_word' id='word_1_390' title='bbox 2216 2667 2326 2721; x_wconf 85' lang='grc' dir='ltr'><strong>τῶν</strong></span> <span class='ocrx_word' id='word_1_391' title='bbox 2365 2669 2576 2739; x_wconf 75' lang='grc' dir='ltr'>καὶτῆς</span> <span class='ocrx_word' id='word_1_392' title='bbox 2608 2669 2841 2742; x_wconf 84' lang='grc' dir='ltr'>κιθάρας</span> <span class='ocrx_word' id='word_1_393' title='bbox 2870 2671 3044 2743; x_wconf 81' lang='grc' dir='ltr'>φωνὴ,</span> <span class='ocrx_word' id='word_1_394' title='bbox 3072 2670 3135 2725; x_wconf 85' lang='grc' dir='ltr'>τὸ</span> <span class='ocrx_word' id='word_1_395' title='bbox 3160 2672 3485 2743; x_wconf 83' lang='grc' dir='ltr'>διαπρύσιον</span> <span class='ocrx_word' id='word_1_396' title='bbox 3518 2672 3669 2743; x_wconf 88' lang='grc' dir='ltr'>δηλοῖ</span> <span class='ocrx_word' id='word_1_397' title='bbox 3700 2672 3807 2743; x_wconf 83' lang='grc' dir='ltr'>τῆς</span> 
     </span>
    </p>
   </div>
   <div class='ocr_carea' id='block_1_58' title="bbox 2216 2756 3807 2833">
    <p class='ocr_par' dir='ltr' id='par_1_58' title="bbox 2216 2756 3807 2833">
     <span class='ocr_line' id='line_1_58' title="bbox 2216 2756 3807 2833; baseline 0.004 -24"><span class='ocrx_word' id='word_1_398' title='bbox 2216 2756 2327 2809; x_wconf 89' lang='grc' dir='ltr'><strong>τῶν</strong></span> <span class='ocrx_word' id='word_1_399' title='bbox 2378 2758 2553 2826; x_wconf 81' lang='grc' dir='ltr'>ἁγίων</span> <span class='ocrx_word' id='word_1_400' title='bbox 2584 2758 2860 2830; x_wconf 84' lang='grc' dir='ltr'>ὑμνῳδίας</span> <span class='ocrx_word' id='word_1_401' title='bbox 2895 2761 2990 2814; x_wconf 70' lang='grc' dir='ltr'>καὶ</span> <span class='ocrx_word' id='word_1_402' title='bbox 3042 2763 3141 2833; x_wconf 82' lang='grc' dir='ltr'>τῆς</span> <span class='ocrx_word' id='word_1_403' title='bbox 3188 2762 3462 2832; x_wconf 81' lang='grc' dir='ltr'>ἐμμελοῦς</span> <span class='ocrx_word' id='word_1_404' title='bbox 3489 2763 3671 2816; x_wconf 82' lang='grc' dir='ltr'>αὐτῶν</span> <span class='ocrx_word' id='word_1_405' title='bbox 3705 2763 3807 2816; x_wconf 78' lang='grc' dir='ltr'>καὶ</span> 
     </span>
    </p>
   </div>
   <div class='ocr_carea' id='block_1_59' title="bbox 2217 2848 3809 2925">
    <p class='ocr_par' dir='ltr' id='par_1_59' title="bbox 2217 2848 3809 2925">
     <span class='ocr_line' id='line_1_59' title="bbox 2217 2848 3809 2925; baseline 0.004 -24"><span class='ocrx_word' id='word_1_406' title='bbox 2217 2848 2415 2919; x_wconf 78' lang='grc' dir='ltr'>εὐήχου</span> <span class='ocrx_word' id='word_1_407' title='bbox 2450 2851 2546 2904; x_wconf 74' lang='grc' dir='ltr'>καὶ</span> <span class='ocrx_word' id='word_1_408' title='bbox 2579 2852 2875 2922; x_wconf 87' lang='grc' dir='ltr'>συμφώνου</span> <span class='ocrx_word' id='word_1_409' title='bbox 2904 2852 3048 2923; x_wconf 80' lang='grc' dir='ltr'>ᾠδῆς</span> <span class='ocrx_word' id='word_1_410' title='bbox 3081 2854 3181 2924; x_wconf 81' lang='grc' dir='ltr'>τῆς</span> <span class='ocrx_word' id='word_1_411' title='bbox 3220 2855 3403 2908; x_wconf 79' lang='grc' dir='ltr'>πᾶσαν</span> <span class='ocrx_word' id='word_1_412' title='bbox 3430 2854 3809 2925; x_wconf 85' lang='grc' dir='ltr'>περιηχούσης</span> 
     </span>
    </p>
   </div>
   <div class='ocr_carea' id='block_1_60' title="bbox 2216 2940 3805 3017">
    <p class='ocr_par' dir='ltr' id='par_1_60' title="bbox 2216 2940 3805 3017">
     <span class='ocr_line' id='line_1_60' title="bbox 2216 2940 3805 3017; baseline 0.003 -24"><span class='ocrx_word' id='word_1_413' title='bbox 2216 2940 2315 3013; x_wconf 85' lang='grc' dir='ltr'>τὴν</span> <span class='ocrx_word' id='word_1_414' title='bbox 2352 2942 2462 2996; x_wconf 88' lang='grc' dir='ltr'><strong>τῶν</strong></span> <span class='ocrx_word' id='word_1_415' title='bbox 2508 2944 2567 2996; x_wconf 80' lang='grc' dir='ltr'><strong>ὲν</strong></span> <span class='ocrx_word' id='word_1_416' title='bbox 2600 2945 2852 3016; x_wconf 83' lang='grc' dir='ltr'>οὐρανοῖς</span> <span class='ocrx_word' id='word_1_417' title='bbox 2891 2946 3411 3017; x_wconf 84' lang='grc' dir='ltr'>ἀπογεγραμμένων</span> <span class='ocrx_word' id='word_1_418' title='bbox 3468 2946 3805 3017; x_wconf 86' lang='grc' dir='ltr'>Ἐκκλησίαν</span> 
     </span>
    </p>
   </div>
   <div class='ocr_carea' id='block_1_61' title="bbox 2218 3033 3804 3111">
    <p class='ocr_par' dir='ltr' id='par_1_61' title="bbox 2218 3033 3804 3111">
     <span class='ocr_line' id='line_1_61' title="bbox 2218 3033 3804 3111; baseline 0.003 -25"><span class='ocrx_word' id='word_1_419' title='bbox 2218 3036 2582 3104; x_wconf 78' lang='grc' dir='ltr'>πρωτοτόκων</span> <span class='ocrx_word' id='word_1_420' title='bbox 2630 3038 2726 3091; x_wconf 72' lang='grc' dir='ltr'>καὶ</span> <span class='ocrx_word' id='word_1_421' title='bbox 2776 3039 3086 3111; x_wconf 83' lang='grc' dir='ltr'>πανήγυριν</span> <span class='ocrx_word' id='word_1_422' title='bbox 3111 3033 3195 3102; x_wconf 72' lang='grc' dir='ltr'>οἷς</span> <span class='ocrx_word' id='word_1_423' title='bbox 3233 3040 3266 3109; x_wconf 78' lang='grc' dir='ltr'><strong>ἡ</strong></span> <span class='ocrx_word' id='word_1_424' title='bbox 3302 3040 3649 3110; x_wconf 82' lang='grc' dir='ltr'>πρωτότοκος</span> <span class='ocrx_word' id='word_1_425' title='bbox 3674 3041 3804 3091; x_wconf 77' lang='grc' dir='ltr'>ἐπι-</span> 
     </span>
    </p>
   </div>
   <div class='ocr_carea' id='block_1_62' title="bbox 2219 3124 3804 3198">
    <p class='ocr_par' dir='ltr' id='par_1_62' title="bbox 2219 3124 3804 3198">
     <span class='ocr_line' id='line_1_62' title="bbox 2219 3124 3804 3198; baseline 0.003 -21"><span class='ocrx_word' id='word_1_426' title='bbox 2219 3124 2519 3198; x_wconf 77' lang='grc' dir='ltr'>φημίζεται</span> <span class='ocrx_word' id='word_1_427' title='bbox 2551 3127 2764 3198; x_wconf 84' lang='grc' dir='ltr'>κλῆσις.</span> <span class='ocrx_word' id='word_1_428' title='bbox 2806 3127 2950 3197; x_wconf 84' lang='grc' dir='ltr'><strong>Ἐγὼ</strong></span> <span class='ocrx_word' id='word_1_429' title='bbox 2975 3128 3033 3182; x_wconf 80' lang='grc' dir='ltr'>δὲ</span> <span class='ocrx_word' id='word_1_430' title='bbox 3062 3124 3241 3198; x_wconf 80' lang='grc' dir='ltr'>οἶμαι.</span> <span class='ocrx_word' id='word_1_431' title='bbox 3285 3130 3367 3182; x_wconf 82' lang='grc' dir='ltr'>ὅτι</span> <span class='ocrx_word' id='word_1_432' title='bbox 3397 3129 3521 3182; x_wconf 76' lang='grc' dir='ltr'>οὐδὲ</span> <span class='ocrx_word' id='word_1_433' title='bbox 3565 3128 3804 3183; x_wconf 84' lang='grc' dir='ltr'>ἀκοῦσαί</span> 
     </span>
    </p>
   </div>
   <div class='ocr_carea' id='block_1_63' title="bbox 522 3217 2134 3301">
    <p class='ocr_par' dir='ltr' id='par_1_63' title="bbox 522 3222 2110 3301">
     <span class='ocr_line' id='line_1_63' title="bbox 522 3222 2110 3301; baseline -0.005 -14"><span class='ocrx_word' id='word_1_434' title='bbox 522 3231 698 3301; x_wconf 85' lang='lat' dir='ltr'><strong>possit</strong></span> <span class='ocrx_word' id='word_1_435' title='bbox 718 3230 987 3301; x_wconf 88' lang='lat' dir='ltr'><strong>quispiam</strong></span> <span class='ocrx_word' id='word_1_436' title='bbox 1041 3227 1168 3282; x_wconf 86' lang='lat' dir='ltr'><strong>novi</strong></span> <span class='ocrx_word' id='word_1_437' title='bbox 1204 3234 1399 3281; x_wconf 84' lang='lat' dir='ltr'><strong>cantus</strong></span> <span class='ocrx_word' id='word_1_438' title='bbox 1458 3223 1742 3292; x_wconf 82' lang='lat' dir='ltr'><strong>mysteria,</strong></span> <span class='ocrx_word' id='word_1_439' title='bbox 1778 3222 1885 3278; x_wconf 90' lang='lat' dir='ltr'><strong>nisi</strong></span> <span class='ocrx_word' id='word_1_440' title='bbox 1920 3222 1977 3277; x_wconf 91' lang='lat' dir='ltr'><strong>bi</strong></span> <span class='ocrx_word' id='word_1_441' title='bbox 2015 3223 2110 3293; x_wconf 90' lang='lat' dir='ltr'><strong>qui</strong></span> 
     </span>
    </p>
   </div>
   <div class='ocr_carea' id='block_1_64' title="bbox 2217 3217 3807 3301">
    <p class='ocr_par' dir='ltr' id='par_1_64' title="bbox 2217 3217 3807 3293">
     <span class='ocr_line' id='line_1_64' title="bbox 2217 3217 3807 3293; baseline 0.004 -23"><span class='ocrx_word' id='word_1_442' title='bbox 2217 3234 2299 3281; x_wconf 90' lang='grc' dir='ltr'><strong>τις</strong></span> <span class='ocrx_word' id='word_1_443' title='bbox 2336 3217 2563 3273; x_wconf 81' lang='grc' dir='ltr'>δύναται</span> <span class='ocrx_word' id='word_1_444' title='bbox 2589 3220 2657 3273; x_wconf 83' lang='grc' dir='ltr'>τὰ</span> <span class='ocrx_word' id='word_1_445' title='bbox 2686 3220 2788 3291; x_wconf 83' lang='grc' dir='ltr'>τῆς</span> <span class='ocrx_word' id='word_1_446' title='bbox 2822 3221 3021 3291; x_wconf 79' lang='grc' dir='ltr'>καινῆς</span> <span class='ocrx_word' id='word_1_447' title='bbox 3054 3221 3198 3292; x_wconf 78' lang='grc' dir='ltr'>ᾠδῆς</span> <span class='ocrx_word' id='word_1_448' title='bbox 3236 3224 3534 3293; x_wconf 82' lang='grc' dir='ltr'>μυστήρια,</span> <span class='ocrx_word' id='word_1_449' title='bbox 3566 3224 3615 3276; x_wconf 85' lang='grc' dir='ltr'><strong>εί</strong></span> <span class='ocrx_word' id='word_1_450' title='bbox 3647 3223 3722 3293; x_wconf 84' lang='grc' dir='ltr'>μὴ</span> <span class='ocrx_word' id='word_1_451' title='bbox 3754 3223 3807 3278; x_wconf 79' lang='grc' dir='ltr'><strong>οῖ</strong></span> 
     </span>
    </p>
   </div>
   <div class='ocr_carea' id='block_1_65' title="bbox 521 3314 2112 3391">
    <p class='ocr_par' dir='ltr' id='par_1_65' title="bbox 521 3314 2112 3391">
     <span class='ocr_line' id='line_1_65' title="bbox 521 3314 2112 3391; baseline -0.006 -12"><span class='ocrx_word' id='word_1_452' title='bbox 521 3337 588 3379; x_wconf 90' lang='lat' dir='ltr'><strong>ea</strong></span> <span class='ocrx_word' id='word_1_453' title='bbox 616 3336 814 3378; x_wconf 87' lang='lat' dir='ltr'><strong>canere</strong></span> <span class='ocrx_word' id='word_1_454' title='bbox 837 3321 987 3391; x_wconf 82' lang='lat' dir='ltr'><strong>digni</strong></span> <span class='ocrx_word' id='word_1_455' title='bbox 1013 3327 1162 3375; x_wconf 84' lang='lat' dir='ltr'><strong>sunt.</strong></span> <span class='ocrx_word' id='word_1_456' title='bbox 1194 3318 1406 3389; x_wconf 87' lang='lat' dir='ltr'><strong>Cuique</strong></span> <span class='ocrx_word' id='word_1_457' title='bbox 1454 3316 1605 3373; x_wconf 86' lang='lat' dir='ltr'><strong>enim</strong></span> <span class='ocrx_word' id='word_1_458' title='bbox 1658 3315 1823 3371; x_wconf 86' lang='lat' dir='ltr'><strong>datur</strong></span> <span class='ocrx_word' id='word_1_459' title='bbox 1870 3314 2112 3387; x_wconf 89' lang='lat' dir='ltr'><strong>cognitio</strong></span> 
     </span>
    </p>
   </div>
   <div class='ocr_carea' id='block_1_66' title="bbox 517 3412 1419 3487">
    <p class='ocr_par' dir='ltr' id='par_1_66' title="bbox 517 3412 1419 3487">
     <span class='ocr_line' id='line_1_66' title="bbox 517 3412 1419 3487; baseline -0.004 -16"><span class='ocrx_word' id='word_1_460' title='bbox 517 3417 674 3487; x_wconf 79' lang='lat' dir='ltr'><strong>juxta</strong></span> <span class='ocrx_word' id='word_1_461' title='bbox 704 3414 961 3485; x_wconf 90' lang='lat' dir='ltr'><strong>puritatis</strong></span> <span class='ocrx_word' id='word_1_462' title='bbox 985 3412 1419 3484; x_wconf 80' lang='lat' dir='ltr'><strong>proportionem.</strong></span> 
     </span>
    </p>
   </div>
   <div class='ocr_carea' id='block_1_67' title="bbox 593 3498 2111 3573">
    <p class='ocr_par' dir='ltr' id='par_1_67' title="bbox 593 3498 2111 3573">
     <span class='ocr_line' id='line_1_67' title="bbox 593 3498 2111 3573; baseline -0.005 -13"><span class='ocrx_word' id='word_1_463' title='bbox 593 3504 735 3572; x_wconf 78' lang='lat' dir='ltr'><strong>XIV,</strong></span> <span class='ocrx_word' id='word_1_464' title='bbox 768 3506 822 3571; x_wconf 66' lang='grc'>4,</span> <span class='ocrx_word' id='word_1_465' title='bbox 853 3504 907 3559; x_wconf 82' lang='lat'><strong>5.</strong></span> <span class='ocrx_word' id='word_1_466' title='bbox 943 3504 1010 3558; x_wconf 82' lang='lat' dir='ltr'><strong>Hi</strong></span> <span class='ocrx_word' id='word_1_467' title='bbox 1041 3512 1163 3557; x_wconf 80' lang='lat' dir='ltr'><strong>sunt</strong></span> <span class='ocrx_word' id='word_1_468' title='bbox 1195 3502 1288 3573; x_wconf 81' lang='lat' dir='ltr'><strong>qui</strong></span> <span class='ocrx_word' id='word_1_469' title='bbox 1316 3518 1435 3557; x_wconf 87' lang='lat' dir='ltr'><strong>cum</strong></span> <span class='ocrx_word' id='word_1_470' title='bbox 1470 3498 1785 3556; x_wconf 84' lang='lat' dir='ltr'><strong>mulieribus</strong></span> <span class='ocrx_word' id='word_1_471' title='bbox 1838 3515 1944 3554; x_wconf 80' lang='lat' dir='ltr'><strong>non</strong></span> <span class='ocrx_word' id='word_1_472' title='bbox 1985 3507 2111 3555; x_wconf 77' lang='lat' dir='ltr'><strong>sunt</strong></span> 
     </span>
    </p>
   </div>
   <div class='ocr_carea' id='block_1_68' title="bbox 517 3592 2113 3670">
    <p class='ocr_par' dir='ltr' id='par_1_68' title="bbox 517 3592 2113 3670">
     <span class='ocr_line' id='line_1_68' title="bbox 517 3592 2113 3670; baseline -0.006 -16"><span class='ocrx_word' id='word_1_473' title='bbox 517 3600 850 3670; x_wconf 80' lang='lat' dir='ltr'><strong>coinquinati</strong></span> <span class='ocrx_word' id='word_1_474' title='bbox 884 3615 903 3653; x_wconf 91' lang='lat'><strong><em>:</em></strong></span> <span class='ocrx_word' id='word_1_475' title='bbox 929 3597 1153 3667; x_wconf 81' lang='lat' dir='ltr'><strong>virgines</strong></span> <span class='ocrx_word' id='word_1_476' title='bbox 1188 3597 1327 3650; x_wconf 85' lang='lat' dir='ltr'><strong>enim</strong></span> <span class='ocrx_word' id='word_1_477' title='bbox 1356 3604 1501 3648; x_wconf 81' lang='lat' dir='ltr'><strong>sunt.</strong></span> <span class='ocrx_word' id='word_1_478' title='bbox 1520 3592 1593 3646; x_wconf 78' lang='lat' dir='ltr'><strong>Hi</strong></span> <span class='ocrx_word' id='word_1_479' title='bbox 1622 3601 1741 3647; x_wconf 86' lang='lat' dir='ltr'><strong>sunt</strong></span> <span class='ocrx_word' id='word_1_480' title='bbox 1767 3593 1859 3662; x_wconf 88' lang='lat' dir='ltr'><strong>qui</strong></span> <span class='ocrx_word' id='word_1_481' title='bbox 1883 3608 2113 3663; x_wconf 79' lang='lat' dir='ltr'><strong>sequun-</strong></span> 
     </span>
    </p>
   </div>
   <div class='ocr_carea' id='block_1_69' title="bbox 518 3683 2113 3760">
    <p class='ocr_par' dir='ltr' id='par_1_69' title="bbox 518 3683 2113 3760">
     <span class='ocr_line' id='line_1_69' title="bbox 518 3683 2113 3760; baseline -0.004 -16"><span class='ocrx_word' id='word_1_482' title='bbox 518 3701 609 3745; x_wconf 84' lang='lat' dir='ltr'><strong>tur</strong></span> <span class='ocrx_word' id='word_1_483' title='bbox 637 3692 845 3760; x_wconf 79' lang='lat' dir='ltr'><strong>Aguum</strong></span> <span class='ocrx_word' id='word_1_484' title='bbox 885 3704 1195 3759; x_wconf 83' lang='lat' dir='ltr'><strong>quocunque</strong></span> <span class='ocrx_word' id='word_1_485' title='bbox 1217 3687 1359 3743; x_wconf 88' lang='lat' dir='ltr'><strong>ierit.</strong></span> <span class='ocrx_word' id='word_1_486' title='bbox 1386 3684 1458 3739; x_wconf 87' lang='lat' dir='ltr'><strong>Hi</strong></span> <span class='ocrx_word' id='word_1_487' title='bbox 1493 3702 1526 3738; x_wconf 92' lang='lat' dir='ltr'><strong>a</strong></span> <span class='ocrx_word' id='word_1_488' title='bbox 1553 3683 1684 3739; x_wconf 75' lang='lat' dir='ltr'><strong>Iesu</strong></span> <span class='ocrx_word' id='word_1_489' title='bbox 1710 3684 1874 3753; x_wconf 85' lang='lat' dir='ltr'><strong>empti</strong></span> <span class='ocrx_word' id='word_1_490' title='bbox 1901 3692 2025 3739; x_wconf 81' lang='lat' dir='ltr'><strong>sunt</strong></span> <span class='ocrx_word' id='word_1_491' title='bbox 2045 3697 2113 3738; x_wconf 75' lang='lat' dir='ltr'><strong>ea:</strong></span> 
     </span>
    </p>
   </div>
   <div class='ocr_carea' id='block_1_70' title="bbox 515 3776 2110 3849">
    <p class='ocr_par' dir='ltr' id='par_1_70' title="bbox 515 3776 2110 3849">
     <span class='ocr_line' id='line_1_70' title="bbox 515 3776 2110 3849; baseline -0.006 -12"><span class='ocrx_word' id='word_1_492' title='bbox 515 3782 838 3845; x_wconf 78' lang='lat' dir='ltr'><strong>hominibus,</strong></span> <span class='ocrx_word' id='word_1_493' title='bbox 870 3781 1125 3849; x_wconf 78' lang='lat' dir='ltr'><strong>primitia:</strong></span> <span class='ocrx_word' id='word_1_494' title='bbox 1154 3778 1264 3832; x_wconf 78' lang='lat' dir='ltr'><strong>Deo</strong></span> <span class='ocrx_word' id='word_1_495' title='bbox 1295 3787 1346 3832; x_wconf 84' lang='lat' dir='ltr'><strong>et</strong></span> <span class='ocrx_word' id='word_1_496' title='bbox 1376 3778 1553 3847; x_wconf 81' lang='lat' dir='ltr'><strong>Agna,</strong></span> <span class='ocrx_word' id='word_1_497' title='bbox 1585 3785 1634 3831; x_wconf 88' lang='lat' dir='ltr'><strong>et</strong></span> <span class='ocrx_word' id='word_1_498' title='bbox 1674 3776 1731 3831; x_wconf 86' lang='lat' dir='ltr'><strong>in</strong></span> <span class='ocrx_word' id='word_1_499' title='bbox 1760 3790 1850 3829; x_wconf 81' lang='lat' dir='ltr'><strong>ore</strong></span> <span class='ocrx_word' id='word_1_500' title='bbox 1872 3776 2110 3839; x_wconf 82' lang='lat' dir='ltr'><strong>ipsorum</strong></span> 
     </span>
    </p>
   </div>
   <div class='ocr_carea' id='block_1_71' title="bbox 516 3867 2109 3930">
    <p class='ocr_par' dir='ltr' id='par_1_71' title="bbox 516 3867 2109 3930">
     <span class='ocr_line' id='line_1_71' title="bbox 516 3867 2109 3930; baseline -0.004 -4"><span class='ocrx_word' id='word_1_501' title='bbox 516 3892 622 3929; x_wconf 82' lang='lat' dir='ltr'><strong>non</strong></span> <span class='ocrx_word' id='word_1_502' title='bbox 677 3884 755 3930; x_wconf 79' lang='lat' dir='ltr'><strong>est</strong></span> <span class='ocrx_word' id='word_1_503' title='bbox 810 3876 1079 3928; x_wconf 83' lang='lat' dir='ltr'><strong>iureutum</strong></span> <span class='ocrx_word' id='word_1_504' title='bbox 1114 3871 1485 3926; x_wconf 78' lang='lat' dir='ltr'><strong>mendacium.</strong></span> <span class='ocrx_word' id='word_1_505' title='bbox 1540 3868 1665 3924; x_wconf 82' lang='lat' dir='ltr'><strong>Siue</strong></span> <span class='ocrx_word' id='word_1_506' title='bbox 1710 3868 1925 3922; x_wconf 89' lang='lat' dir='ltr'><strong>macula</strong></span> <span class='ocrx_word' id='word_1_507' title='bbox 1969 3867 2109 3921; x_wconf 83' lang='lat' dir='ltr'><strong>enim</strong></span> 
     </span>
    </p>
   </div>
   <div class='ocr_carea' id='block_1_72' title="bbox 514 3962 1597 4036">
    <p class='ocr_par' dir='ltr' id='par_1_72' title="bbox 514 3962 1597 4036">
     <span class='ocr_line' id='line_1_72' title="bbox 514 3962 1597 4036; baseline -0.009 -13"><span class='ocrx_word' id='word_1_508' title='bbox 514 3978 661 4023; x_wconf 80' lang='lat' dir='ltr'><strong>sunt.</strong></span> <span class='ocrx_word' id='word_1_509' title='bbox 688 3966 761 4022; x_wconf 85' lang='lat' dir='ltr'><strong>Hi</strong></span> <span class='ocrx_word' id='word_1_510' title='bbox 787 3976 907 4021; x_wconf 82' lang='lat' dir='ltr'><strong>sunt</strong></span> <span class='ocrx_word' id='word_1_511' title='bbox 934 3969 1023 4036; x_wconf 84' lang='lat' dir='ltr'><strong>qui</strong></span> <span class='ocrx_word' id='word_1_512' title='bbox 1052 3974 1345 4035; x_wconf 81' lang='lat' dir='ltr'><strong>sequuntur</strong></span> <span class='ocrx_word' id='word_1_513' title='bbox 1370 3962 1597 4032; x_wconf 75' lang='lat' dir='ltr'><strong>Aquam.</strong></span> 
     </span>
    </p>
   </div>
   <div class='ocr_carea' id='block_1_73' title="bbox 586 4138 2103 4212">
    <p class='ocr_par' dir='ltr' id='par_1_73' title="bbox 586 4138 2103 4212">
     <span class='ocr_line' id='line_1_73' title="bbox 586 4138 2103 4212; baseline -0.005 -14"><span class='ocrx_word' id='word_1_514' title='bbox 586 4143 705 4200; x_wconf 79' lang='lat' dir='ltr'><strong>Non</strong></span> <span class='ocrx_word' id='word_1_515' title='bbox 748 4144 865 4199; x_wconf 65' lang='lat' dir='ltr'><strong>haec</strong></span> <span class='ocrx_word' id='word_1_516' title='bbox 906 4144 961 4199; x_wconf 90' lang='lat' dir='ltr'><strong>in</strong></span> <span class='ocrx_word' id='word_1_517' title='bbox 1010 4140 1341 4212; x_wconf 88' lang='lat' dir='ltr'><strong>vituperium</strong></span> <span class='ocrx_word' id='word_1_518' title='bbox 1407 4138 1748 4194; x_wconf 89' lang='lat' dir='ltr'><strong>matrimonii</strong></span> <span class='ocrx_word' id='word_1_519' title='bbox 1821 4138 2103 4193; x_wconf 88' lang='lat' dir='ltr'><strong>dicuntur.</strong></span> 
     </span>
    </p>
   </div>
   <div class='ocr_carea' id='block_1_74' title="bbox 515 4231 2106 4311">
    <p class='ocr_par' dir='ltr' id='par_1_74' title="bbox 515 4231 2106 4311">
     <span class='ocr_line' id='line_1_74' title="bbox 515 4231 2106 4311; baseline -0.007 -18"><span class='ocrx_word' id='word_1_520' title='bbox 515 4237 803 4311; x_wconf 89' lang='lat' dir='ltr'><strong>Siquidem</strong></span> <span class='ocrx_word' id='word_1_521' title='bbox 833 4236 1157 4292; x_wconf 89' lang='lat' dir='ltr'><strong>honorabile</strong></span> <span class='ocrx_word' id='word_1_522' title='bbox 1180 4242 1265 4291; x_wconf 88' lang='lat' dir='ltr'><strong>est</strong></span> <span class='ocrx_word' id='word_1_523' title='bbox 1294 4232 1631 4289; x_wconf 90' lang='lat' dir='ltr'><strong>connubium</strong></span> <span class='ocrx_word' id='word_1_524' title='bbox 1662 4252 1673 4286; x_wconf 94' lang='lat'>:</span> <span class='ocrx_word' id='word_1_525' title='bbox 1697 4248 1795 4286; x_wconf 92' lang='lat' dir='ltr'><strong>nec</strong></span> <span class='ocrx_word' id='word_1_526' title='bbox 1820 4231 2106 4300; x_wconf 87' lang='lat' dir='ltr'><strong>indignum</strong></span> 
     </span>
    </p>
   </div>
   <div class='ocr_carea' id='block_1_75' title="bbox 513 4324 2103 4399">
    <p class='ocr_par' dir='ltr' id='par_1_75' title="bbox 513 4324 2103 4399">
     <span class='ocr_line' id='line_1_75' title="bbox 513 4324 2103 4399; baseline -0.009 -11"><span class='ocrx_word' id='word_1_527' title='bbox 513 4332 765 4389; x_wconf 86' lang='lat' dir='ltr'><strong>redditur</strong></span> <span class='ocrx_word' id='word_1_528' title='bbox 807 4328 1153 4399; x_wconf 73' lang='lat' dir='ltr'><strong>coniugium,</strong></span> <span class='ocrx_word' id='word_1_529' title='bbox 1219 4342 1287 4382; x_wconf 91' lang='lat' dir='ltr'><strong>eo</strong></span> <span class='ocrx_word' id='word_1_530' title='bbox 1345 4325 1494 4396; x_wconf 90' lang='lat' dir='ltr'><strong>quod</strong></span> <span class='ocrx_word' id='word_1_531' title='bbox 1542 4324 1833 4394; x_wconf 85' lang='lat' dir='ltr'><strong>virginitas</strong></span> <span class='ocrx_word' id='word_1_532' title='bbox 1880 4324 2103 4393; x_wconf 88' lang='lat' dir='ltr'><strong>dignam</strong></span> 
     </span>
    </p>
   </div>
   <div class='ocr_carea' id='block_1_76' title="bbox 514 4414 2107 4495">
    <p class='ocr_par' dir='ltr' id='par_1_76' title="bbox 514 4414 2107 4495">
     <span class='ocr_line' id='line_1_76' title="bbox 514 4414 2107 4495; baseline -0.009 -13"><span class='ocrx_word' id='word_1_533' title='bbox 514 4426 778 4495; x_wconf 78' lang='lat' dir='ltr'><strong>suscipiat</strong></span> <span class='ocrx_word' id='word_1_534' title='bbox 812 4424 1052 4478; x_wconf 90' lang='lat' dir='ltr'><strong>laudem.</strong></span> <span class='ocrx_word' id='word_1_535' title='bbox 1089 4420 1195 4476; x_wconf 85' lang='lat' dir='ltr'><strong>Sed</strong></span> <span class='ocrx_word' id='word_1_536' title='bbox 1255 4421 1519 4490; x_wconf 89' lang='lat' dir='ltr'><strong>quoniam</strong></span> <span class='ocrx_word' id='word_1_537' title='bbox 1567 4418 1727 4473; x_wconf 85' lang='lat' dir='ltr'><strong>stella</strong></span> <span class='ocrx_word' id='word_1_538' title='bbox 1757 4433 1786 4471; x_wconf 88' lang='lat' dir='ltr'><strong>a</strong></span> <span class='ocrx_word' id='word_1_539' title='bbox 1817 4417 1973 4471; x_wconf 86' lang='lat' dir='ltr'><strong>stella</strong></span> <span class='ocrx_word' id='word_1_540' title='bbox 2004 4414 2107 4468; x_wconf 82' lang='lat' dir='ltr'><strong>dil-</strong></span> 
     </span>
    </p>
   </div>
   <div class='ocr_carea' id='block_1_77' title="bbox 2214 3309 3803 3387">
    <p class='ocr_par' dir='ltr' id='par_1_77' title="bbox 2214 3309 3803 3387">
     <span class='ocr_line' id='line_1_77' title="bbox 2214 3309 3803 3387; baseline 0.004 -24"><span class='ocrx_word' id='word_1_541' title='bbox 2214 3309 2307 3363; x_wconf 83' lang='grc' dir='ltr'><strong>τοῦ</strong></span> <span class='ocrx_word' id='word_1_542' title='bbox 2334 3310 2483 3383; x_wconf 76' lang='grc' dir='ltr'>ᾅδειν</span> <span class='ocrx_word' id='word_1_543' title='bbox 2540 3312 2684 3365; x_wconf 68' lang='grc' dir='ltr'>αὐτὰ</span> <span class='ocrx_word' id='word_1_544' title='bbox 2718 3312 3037 3385; x_wconf 70' lang='grc' dir='ltr'>ἠξιωμένοι.</span> <span class='ocrx_word' id='word_1_545' title='bbox 3085 3314 3333 3387; x_wconf 84' lang='grc' dir='ltr'>Ἐκάστῳ</span> <span class='ocrx_word' id='word_1_546' title='bbox 3364 3315 3474 3387; x_wconf 83' lang='grc' dir='ltr'>γὰρ</span> <span class='ocrx_word' id='word_1_547' title='bbox 3520 3318 3555 3387; x_wconf 74' lang='grc' dir='ltr'><strong>η</strong></span> <span class='ocrx_word' id='word_1_548' title='bbox 3596 3316 3803 3385; x_wconf 86' lang='grc' dir='ltr'>γνῶσις</span> 
     </span>
    </p>
   </div>
   <div class='ocr_carea' id='block_1_78' title="bbox 2215 3403 3348 3478">
    <p class='ocr_par' dir='ltr' id='par_1_78' title="bbox 2215 3403 3348 3478">
     <span class='ocr_line' id='line_1_78' title="bbox 2215 3403 3348 3478; baseline 0.004 -22"><span class='ocrx_word' id='word_1_549' title='bbox 2215 3403 2359 3457; x_wconf 80' lang='grc' dir='ltr'>κατὰ</span> <span class='ocrx_word' id='word_1_550' title='bbox 2386 3403 2487 3472; x_wconf 82' lang='grc' dir='ltr'>τὴν</span> <span class='ocrx_word' id='word_1_551' title='bbox 2511 3404 2805 3474; x_wconf 79' lang='grc' dir='ltr'>ἀναλογίαν</span> <span class='ocrx_word' id='word_1_552' title='bbox 2827 3406 2925 3477; x_wconf 84' lang='grc' dir='ltr'>τῆς</span> <span class='ocrx_word' id='word_1_553' title='bbox 2953 3406 3348 3478; x_wconf 80' lang='grc' dir='ltr'>καθαρότητος.</span> 
     </span>
    </p>
   </div>
   <div class='ocr_carea' id='block_1_79' title="bbox 2288 3494 3807 3571">
    <p class='ocr_par' dir='ltr' id='par_1_79' title="bbox 2288 3494 3807 3571">
     <span class='ocr_line' id='line_1_79' title="bbox 2288 3494 3807 3571; baseline 0.005 -22"><span class='ocrx_word' id='word_1_554' title='bbox 2288 3494 2469 3555; x_wconf 83' lang='grc' dir='ltr'>Οὗτοι</span> <span class='ocrx_word' id='word_1_555' title='bbox 2493 3499 2673 3563; x_wconf 75' lang='grc' dir='ltr'>εἰσιν,</span> <span class='ocrx_word' id='word_1_556' title='bbox 2712 3496 2769 3551; x_wconf 81' lang='grc' dir='ltr'>οἳ</span> <span class='ocrx_word' id='word_1_557' title='bbox 2788 3498 2941 3567; x_wconf 82' lang='grc' dir='ltr'>μετὰ</span> <span class='ocrx_word' id='word_1_558' title='bbox 2982 3498 3287 3569; x_wconf 78' lang='grc' dir='ltr'>γυναικῶν</span> <span class='ocrx_word' id='word_1_559' title='bbox 3319 3500 3431 3555; x_wconf 78' lang='grc' dir='ltr'>οὐκ</span> <span class='ocrx_word' id='word_1_560' title='bbox 3462 3498 3807 3571; x_wconf 80' lang='grc' dir='ltr'>ἐμολύνθη-</span> 
     </span>
    </p>
   </div>
   <div class='ocr_carea' id='block_1_80' title="bbox 2213 3585 3804 3658">
    <p class='ocr_par' dir='ltr' id='par_1_80' title="bbox 2213 3585 3804 3658">
     <span class='ocr_line' id='line_1_80' title="bbox 2213 3585 3804 3658; baseline 0.003 -16"><span class='ocrx_word' id='word_1_561' title='bbox 2213 3602 2368 3642; x_wconf 87' lang='grc' dir='ltr'>σαν·</span> <span class='ocrx_word' id='word_1_562' title='bbox 2401 3586 2689 3657; x_wconf 77' lang='grc' dir='ltr'>παρθένοι</span> <span class='ocrx_word' id='word_1_563' title='bbox 2710 3588 2823 3658; x_wconf 77' lang='grc' dir='ltr'><strong>γάρ</strong></span> <span class='ocrx_word' id='word_1_564' title='bbox 2848 3590 3031 3644; x_wconf 69' lang='grc' dir='ltr'>εἰσιν.</span> <span class='ocrx_word' id='word_1_565' title='bbox 3065 3585 3245 3646; x_wconf 80' lang='grc' dir='ltr'>Οὗτοί</span> <span class='ocrx_word' id='word_1_566' title='bbox 3274 3591 3436 3644; x_wconf 77' lang='grc' dir='ltr'>εἰσιν</span> <span class='ocrx_word' id='word_1_567' title='bbox 3463 3594 3518 3644; x_wconf 83' lang='grc' dir='ltr'>οι</span> <span class='ocrx_word' id='word_1_568' title='bbox 3539 3593 3804 3647; x_wconf 69' lang='grc' dir='ltr'>ἀκολου-</span> 
     </span>
    </p>
   </div>
   <div class='ocr_carea' id='block_1_81' title="bbox 2214 3678 3807 3753">
    <p class='ocr_par' dir='ltr' id='par_1_81' title="bbox 2214 3678 3807 3753">
     <span class='ocr_line' id='line_1_81' title="bbox 2214 3678 3807 3753; baseline 0.004 -19"><span class='ocrx_word' id='word_1_569' title='bbox 2214 3679 2457 3743; x_wconf 83' lang='grc' dir='ltr'>θοῦντες</span> <span class='ocrx_word' id='word_1_570' title='bbox 2482 3678 2561 3747; x_wconf 86' lang='grc' dir='ltr'>τῷ</span> <span class='ocrx_word' id='word_1_571' title='bbox 2603 3680 2807 3749; x_wconf 67' lang='grc' dir='ltr'>Ἀρι-ίῳ</span> <span class='ocrx_word' id='word_1_572' title='bbox 2859 3681 3013 3735; x_wconf 81' lang='grc' dir='ltr'>ὅπου</span> <span class='ocrx_word' id='word_1_573' title='bbox 3045 3682 3155 3736; x_wconf 83' lang='grc' dir='ltr'><strong>ἐὰν</strong></span> <span class='ocrx_word' id='word_1_574' title='bbox 3184 3682 3418 3753; x_wconf 73' lang='grc' dir='ltr'>ὑπάγῃ·</span> <span class='ocrx_word' id='word_1_575' title='bbox 3450 3679 3622 3740; x_wconf 82' lang='grc' dir='ltr'>οὗτοι</span> <span class='ocrx_word' id='word_1_576' title='bbox 3678 3685 3807 3741; x_wconf 79' lang='grc' dir='ltr'><strong>ὑπὸ</strong></span> 
     </span>
    </p>
   </div>
   <div class='ocr_carea' id='block_1_82' title="bbox 2227 3769 3804 3847">
    <p class='ocr_par' dir='ltr' id='par_1_82' title="bbox 2227 3769 3804 3847">
     <span class='ocr_line' id='line_1_82' title="bbox 2227 3769 3804 3847; baseline 0.004 -22"><span class='ocrx_word' id='word_1_577' title='bbox 2227 3769 2433 3839; x_wconf 82' lang='grc' dir='ltr'>Ἰησοῦ</span> <span class='ocrx_word' id='word_1_578' title='bbox 2449 3770 2890 3841; x_wconf 73' lang='grc' dir='ltr'>ἠγοράσθησαν</span> <span class='ocrx_word' id='word_1_579' title='bbox 2909 3773 3029 3827; x_wconf 81' lang='grc' dir='ltr'><strong>ἀπὸ</strong></span> <span class='ocrx_word' id='word_1_580' title='bbox 3050 3771 3169 3827; x_wconf 84' lang='grc' dir='ltr'><strong>τῶν</strong></span> <span class='ocrx_word' id='word_1_581' title='bbox 3182 3774 3533 3843; x_wconf 66' lang='grc' dir='ltr'>ἁνρρώπων,</span> <span class='ocrx_word' id='word_1_582' title='bbox 3553 3777 3804 3847; x_wconf 79' lang='grc' dir='ltr'>ἀπαρχὴ</span> 
     </span>
    </p>
   </div>
   <div class='ocr_carea' id='block_1_83' title="bbox 2213 3861 3806 3934">
    <p class='ocr_par' dir='ltr' id='par_1_83' title="bbox 2213 3861 3806 3934">
     <span class='ocr_line' id='line_1_83' title="bbox 2213 3861 3806 3934; baseline 0.003 -18"><span class='ocrx_word' id='word_1_583' title='bbox 2213 3862 2293 3929; x_wconf 87' lang='grc' dir='ltr'>τῷ</span> <span class='ocrx_word' id='word_1_584' title='bbox 2323 3862 2447 3927; x_wconf 86' lang='grc' dir='ltr'><strong>Θεῷ</strong></span> <span class='ocrx_word' id='word_1_585' title='bbox 2491 3861 2702 3929; x_wconf 78' lang='grc' dir='ltr'>καὶτῷ</span> <span class='ocrx_word' id='word_1_586' title='bbox 2769 3865 2992 3934; x_wconf 81' lang='grc' dir='ltr'>Ἀρνίφ,</span> <span class='ocrx_word' id='word_1_587' title='bbox 3044 3865 3145 3919; x_wconf 77' lang='grc' dir='ltr'>καὶ</span> <span class='ocrx_word' id='word_1_588' title='bbox 3173 3868 3287 3934; x_wconf 82' lang='grc' dir='ltr'><strong>οὐχ</strong></span> <span class='ocrx_word' id='word_1_589' title='bbox 3337 3867 3553 3934; x_wconf 79' lang='grc' dir='ltr'>εὑρέθη</span> <span class='ocrx_word' id='word_1_590' title='bbox 3600 3868 3675 3921; x_wconf 79' lang='grc' dir='ltr'>ἐν</span> <span class='ocrx_word' id='word_1_591' title='bbox 3722 3867 3806 3933; x_wconf 79' lang='grc' dir='ltr'>τῷ</span> 
     </span>
    </p>
   </div>
   <div class='ocr_carea' id='block_1_84' title="bbox 2212 3954 3807 4026">
    <p class='ocr_par' dir='ltr' id='par_1_84' title="bbox 2212 3954 3807 4026">
     <span class='ocr_line' id='line_1_84' title="bbox 2212 3954 3807 4026; baseline 0.004 -19"><span class='ocrx_word' id='word_1_592' title='bbox 2212 3955 2462 4023; x_wconf 82' lang='grc' dir='ltr'>στόματι</span> <span class='ocrx_word' id='word_1_593' title='bbox 2493 3954 2693 4009; x_wconf 83' lang='grc' dir='ltr'>αὐτῶν</span> <span class='ocrx_word' id='word_1_594' title='bbox 2724 3955 2952 4025; x_wconf 76' lang='grc' dir='ltr'>ψεῦδος</span> <span class='ocrx_word' id='word_1_595' title='bbox 2976 3972 2989 3984; x_wconf 92' lang='grc'><strong>·</strong></span> <span class='ocrx_word' id='word_1_596' title='bbox 3019 3956 3245 4026; x_wconf 73' lang='grc' dir='ltr'>ἄμωμοι</span> <span class='ocrx_word' id='word_1_597' title='bbox 3275 3956 3385 4026; x_wconf 77' lang='grc' dir='ltr'><strong>γάρ</strong></span> <span class='ocrx_word' id='word_1_598' title='bbox 3408 3960 3589 4015; x_wconf 73' lang='grc' dir='ltr'>εἰσιν.</span> <span class='ocrx_word' id='word_1_599' title='bbox 3621 3954 3807 4015; x_wconf 76' lang='grc' dir='ltr'>Οὗτοί</span> 
     </span>
    </p>
   </div>
   <div class='ocr_carea' id='block_1_85' title="bbox 2212 4047 3330 4117">
    <p class='ocr_par' dir='ltr' id='par_1_85' title="bbox 2212 4047 3330 4117">
     <span class='ocr_line' id='line_1_85' title="bbox 2212 4047 3330 4117; baseline 0.001 -16"><span class='ocrx_word' id='word_1_600' title='bbox 2212 4048 2372 4101; x_wconf 83' lang='grc' dir='ltr'>εισιν</span> <span class='ocrx_word' id='word_1_601' title='bbox 2398 4049 2453 4101; x_wconf 79' lang='grc' dir='ltr'>οὶ</span> <span class='ocrx_word' id='word_1_602' title='bbox 2479 4047 2969 4113; x_wconf 76' lang='grc' dir='ltr'>ἀκολουθοῦντες</span> <span class='ocrx_word' id='word_1_603' title='bbox 2995 4048 3074 4113; x_wconf 84' lang='grc' dir='ltr'>τῷ</span> <span class='ocrx_word' id='word_1_604' title='bbox 3109 4050 3330 4117; x_wconf 71' lang='grc' dir='ltr'>Ἀρι-ίῳ.</span> 
     </span>
    </p>
   </div>
   <div class='ocr_carea' id='block_1_86' title="bbox 2209 4140 3803 4215">
    <p class='ocr_par' dir='ltr' id='par_1_86' title="bbox 2209 4140 3803 4215">
     <span class='ocr_line' id='line_1_86' title="bbox 2209 4140 3803 4215; baseline 0.003 -22"><span class='ocrx_word' id='word_1_605' title='bbox 2209 4140 2399 4193; x_wconf 68' lang='grc' dir='ltr'><strong>’ἾἸὺκ</strong></span> <span class='ocrx_word' id='word_1_606' title='bbox 2431 4140 2799 4210; x_wconf 85' lang='grc' dir='ltr'>ἀτιμουμένου</span> <span class='ocrx_word' id='word_1_607' title='bbox 2832 4140 2926 4194; x_wconf 81' lang='grc' dir='ltr'><strong>τοῦ</strong></span> <span class='ocrx_word' id='word_1_608' title='bbox 2974 4143 3156 4211; x_wconf 84' lang='grc' dir='ltr'>γάμου</span> <span class='ocrx_word' id='word_1_609' title='bbox 3184 4142 3252 4195; x_wconf 84' lang='grc' dir='ltr'>τὰ</span> <span class='ocrx_word' id='word_1_610' title='bbox 3298 4144 3568 4213; x_wconf 85' lang='grc' dir='ltr'>παρόντα.</span> <span class='ocrx_word' id='word_1_611' title='bbox 3602 4145 3803 4215; x_wconf 78' lang='grc' dir='ltr'>Τίμιος</span> 
     </span>
    </p>
   </div>
   <div class='ocr_carea' id='block_1_87' title="bbox 2212 4232 3803 4305">
    <p class='ocr_par' dir='ltr' id='par_1_87' title="bbox 2212 4232 3803 4305">
     <span class='ocr_line' id='line_1_87' title="bbox 2212 4232 3803 4305; baseline 0.002 -20"><span class='ocrx_word' id='word_1_612' title='bbox 2212 4232 2331 4303; x_wconf 80' lang='grc' dir='ltr'><strong>γὰρ</strong></span> <span class='ocrx_word' id='word_1_613' title='bbox 2352 4233 2380 4283; x_wconf 86' lang='grc' dir='ltr'>ὁ</span> <span class='ocrx_word' id='word_1_614' title='bbox 2408 4233 2586 4303; x_wconf 79' lang='grc' dir='ltr'>γάμος</span> <span class='ocrx_word' id='word_1_615' title='bbox 2609 4249 2621 4261; x_wconf 90' lang='grc'><strong>·</strong></span> <span class='ocrx_word' id='word_1_616' title='bbox 2649 4232 2744 4285; x_wconf 82' lang='grc' dir='ltr'>καὶ</span> <span class='ocrx_word' id='word_1_617' title='bbox 2776 4233 2835 4285; x_wconf 81' lang='grc' dir='ltr'>οὐ</span> <span class='ocrx_word' id='word_1_618' title='bbox 2863 4233 2939 4303; x_wconf 78' lang='grc' dir='ltr'>τῷ</span> <span class='ocrx_word' id='word_1_619' title='bbox 2967 4232 3271 4301; x_wconf 82' lang='grc' dir='ltr'>ἀξιεπαίνῳ</span> <span class='ocrx_word' id='word_1_620' title='bbox 3311 4233 3414 4299; x_wconf 86' lang='grc' dir='ltr'>τῆς</span> <span class='ocrx_word' id='word_1_621' title='bbox 3448 4233 3750 4305; x_wconf 84' lang='grc' dir='ltr'>παρθενίας</span> <span class='ocrx_word' id='word_1_622' title='bbox 3772 4238 3803 4288; x_wconf 82' lang='grc' dir='ltr'>ὁ</span> 
     </span>
    </p>
   </div>
   <div class='ocr_carea' id='block_1_88' title="bbox 2212 4325 3803 4399">
    <p class='ocr_par' dir='ltr' id='par_1_88' title="bbox 2212 4325 3803 4399">
     <span class='ocr_line' id='line_1_88' title="bbox 2212 4325 3803 4399; baseline -0.001 -19"><span class='ocrx_word' id='word_1_623' title='bbox 2212 4326 2391 4396; x_wconf 87' lang='grc' dir='ltr'>γάμος</span> <span class='ocrx_word' id='word_1_624' title='bbox 2425 4326 2721 4379; x_wconf 73' lang='grc' dir='ltr'>ὑποδύεται</span> <span class='ocrx_word' id='word_1_625' title='bbox 2750 4326 2812 4379; x_wconf 80' lang='grc' dir='ltr'>τὸ</span> <span class='ocrx_word' id='word_1_626' title='bbox 2844 4325 3084 4391; x_wconf 81' lang='grc' dir='ltr'>ἀνάξιον,</span> <span class='ocrx_word' id='word_1_627' title='bbox 3126 4326 3244 4380; x_wconf 85' lang='grc' dir='ltr'>ἀλλ’</span> <span class='ocrx_word' id='word_1_628' title='bbox 3281 4326 3472 4399; x_wconf 78' lang='grc' dir='ltr'>ἐπειδὴ</span> <span class='ocrx_word' id='word_1_629' title='bbox 3498 4326 3593 4380; x_wconf 77' lang='grc' dir='ltr'>καὶ</span> <span class='ocrx_word' id='word_1_630' title='bbox 3619 4328 3803 4397; x_wconf 72' lang='grc' dir='ltr'>ἀστὴρ</span> 
     </span>
    </p>
   </div>
   <div class='ocr_carea' id='block_1_89' title="bbox 2212 4417 3806 4491">
    <p class='ocr_par' dir='ltr' id='par_1_89' title="bbox 2212 4417 3806 4491">
     <span class='ocr_line' id='line_1_89' title="bbox 2212 4417 3806 4491; baseline 0.002 -22"><span class='ocrx_word' id='word_1_631' title='bbox 2212 4417 2443 4487; x_wconf 70' lang='grc' dir='ltr'>ἀστέρος</span> <span class='ocrx_word' id='word_1_632' title='bbox 2478 4418 2729 4489; x_wconf 78' lang='grc' dir='ltr'>διαφέρει</span> <span class='ocrx_word' id='word_1_633' title='bbox 2760 4420 2819 4471; x_wconf 84' lang='grc' dir='ltr'>ὲν</span> <span class='ocrx_word' id='word_1_634' title='bbox 2844 4418 2993 4491; x_wconf 80' lang='grc' dir='ltr'>δόξῃ,</span> <span class='ocrx_word' id='word_1_635' title='bbox 3014 4418 3239 4481; x_wconf 84' lang='grc' dir='ltr'>τούτους</span> <span class='ocrx_word' id='word_1_636' title='bbox 3272 4417 3411 4487; x_wconf 82' lang='grc' dir='ltr'>μετὰ</span> <span class='ocrx_word' id='word_1_637' title='bbox 3437 4419 3564 4480; x_wconf 80' lang='grc' dir='ltr'>τοὺς</span> <span class='ocrx_word' id='word_1_638' title='bbox 3599 4419 3806 4472; x_wconf 85' lang='grc' dir='ltr'>εἰκοσι-</span> 
     </span>
    </p>
   </div>
   <div class='ocr_carea' id='block_1_90' title="bbox 512 4506 2134 4587">
    <p class='ocr_par' dir='ltr' id='par_1_90' title="bbox 512 4511 2107 4587">
     <span class='ocr_line' id='line_1_90' title="bbox 512 4511 2107 4587; baseline -0.006 -16"><span class='ocrx_word' id='word_1_639' title='bbox 512 4518 618 4573; x_wconf 82' lang='lat' dir='ltr'><strong>fert</strong></span> <span class='ocrx_word' id='word_1_640' title='bbox 640 4518 695 4572; x_wconf 86' lang='lat' dir='ltr'><strong>in</strong></span> <span class='ocrx_word' id='word_1_641' title='bbox 730 4516 927 4587; x_wconf 86' lang='lat' dir='ltr'><strong>gloria,</strong></span> <span class='ocrx_word' id='word_1_642' title='bbox 964 4515 1067 4569; x_wconf 90' lang='lat' dir='ltr'><strong>hos</strong></span> <span class='ocrx_word' id='word_1_643' title='bbox 1096 4511 1411 4584; x_wconf 62' lang='lat' dir='ltr'><strong>praecellere</strong></span> <span class='ocrx_word' id='word_1_644' title='bbox 1452 4522 1684 4567; x_wconf 68' lang='lat' dir='ltr'><strong>caeteros</strong></span> <span class='ocrx_word' id='word_1_645' title='bbox 1722 4511 2107 4565; x_wconf 73' lang='lat' dir='ltr'><strong>existimamus</strong></span> 
     </span>
    </p>
   </div>
   <div class='ocr_carea' id='block_1_91' title="bbox 2217 4506 3806 4587">
    <p class='ocr_par' dir='ltr' id='par_1_91' title="bbox 2217 4506 3806 4583">
     <span class='ocr_line' id='line_1_91' title="bbox 2217 4506 3806 4583; baseline 0 -18"><span class='ocrx_word' id='word_1_646' title='bbox 2217 4513 2488 4583; x_wconf 82' lang='grc' dir='ltr'>τέσσαρας</span> <span class='ocrx_word' id='word_1_647' title='bbox 2520 4513 2929 4582; x_wconf 71' lang='grc' dir='ltr'>πρεσϐυτέρους</span> <span class='ocrx_word' id='word_1_648' title='bbox 2964 4511 3074 4565; x_wconf 88' lang='grc' dir='ltr'><strong>τῶν</strong></span> <span class='ocrx_word' id='word_1_649' title='bbox 3100 4511 3306 4565; x_wconf 81' lang='grc' dir='ltr'>λοιπῶν</span> <span class='ocrx_word' id='word_1_650' title='bbox 3344 4506 3486 4566; x_wconf 85' lang='grc' dir='ltr'>εἶναι</span> <span class='ocrx_word' id='word_1_651' title='bbox 3516 4512 3806 4582; x_wconf 79' lang='grc' dir='ltr'>ἡγούμεθα</span> 
     </span>
    </p>
   </div>
   <div class='ocr_carea' id='block_1_92' title="bbox 514 4580 2134 4681">
    <p class='ocr_par' dir='ltr' id='par_1_92' title="bbox 514 4580 2104 4681">
     <span class='ocr_line' id='line_1_92' title="bbox 514 4580 2104 4681; baseline -0.005 -18"><span class='ocrx_word' id='word_1_652' title='bbox 514 4623 640 4681; x_wconf 66' lang='lat' dir='ltr'><strong>pom</strong></span> <span class='ocrx_word' id='word_1_653' title='bbox 678 4580 871 4679; x_wconf 76' lang='lat' dir='ltr'><strong>viginti</strong></span> <span class='ocrx_word' id='word_1_654' title='bbox 902 4580 1145 4677; x_wconf 73' lang='lat' dir='ltr'><strong>quatuor</strong></span> <span class='ocrx_word' id='word_1_655' title='bbox 1179 4605 1451 4668; x_wconf 89' lang='lat' dir='ltr'><strong>seniores,</strong></span> <span class='ocrx_word' id='word_1_656' title='bbox 1484 4611 1708 4674; x_wconf 81' lang='lat' dir='ltr'><strong>prepter</strong></span> <span class='ocrx_word' id='word_1_657' title='bbox 1734 4601 2104 4673; x_wconf 85' lang='lat' dir='ltr'><strong>virginitatem</strong></span> 
     </span>
    </p>
   </div>
   <div class='ocr_carea' id='block_1_93' title="bbox 2217 4580 3806 4681">
    <p class='ocr_par' dir='ltr' id='par_1_93' title="bbox 2217 4580 3806 4676">
     <span class='ocr_line' id='line_1_93' title="bbox 2217 4580 3806 4676; baseline -0.001 -19"><span class='ocrx_word' id='word_1_658' title='bbox 2217 4580 2577 4675; x_wconf 47' lang='grc' dir='ltr'>προῦγοντας,</span> <span class='ocrx_word' id='word_1_659' title='bbox 2613 4605 2701 4658; x_wconf 89' lang='grc' dir='ltr'><strong>διά</strong></span> <span class='ocrx_word' id='word_1_660' title='bbox 2733 4580 2920 4674; x_wconf 36' lang='grc' dir='ltr'>τε-τὴν</span> <span class='ocrx_word' id='word_1_661' title='bbox 2954 4604 3255 4675; x_wconf 81' lang='grc' dir='ltr'>παρθενίαν</span> <span class='ocrx_word' id='word_1_662' title='bbox 3285 4603 3379 4657; x_wconf 75' lang='grc' dir='ltr'>καὶ</span> <span class='ocrx_word' id='word_1_663' title='bbox 3408 4602 3466 4657; x_wconf 77' lang='grc' dir='ltr'>τὸ</span> <span class='ocrx_word' id='word_1_664' title='bbox 3488 4580 3546 4657; x_wconf 86' lang='grc' dir='ltr'>ἐν</span> <span class='ocrx_word' id='word_1_665' title='bbox 3580 4580 3806 4676; x_wconf 78' lang='grc' dir='ltr'>γλώσσῃ</span> 
     </span>
    </p>
   </div>
   <div class='ocr_carea' id='block_1_94' title="bbox 513 4693 2102 4767">
    <p class='ocr_par' dir='ltr' id='par_1_94' title="bbox 513 4693 2102 4767">
     <span class='ocr_line' id='line_1_94' title="bbox 513 4693 2102 4767; baseline -0.004 -13"><span class='ocrx_word' id='word_1_666' title='bbox 513 4710 566 4755; x_wconf 83' lang='grc' dir='ltr'><strong>οι</strong></span> <span class='ocrx_word' id='word_1_667' title='bbox 595 4710 704 4753; x_wconf 89' lang='lat' dir='ltr'><strong>tam</strong></span> <span class='ocrx_word' id='word_1_668' title='bbox 737 4699 935 4767; x_wconf 70' lang='lat' dir='ltr'><strong>lingua:</strong></span> <span class='ocrx_word' id='word_1_669' title='bbox 976 4710 1143 4767; x_wconf 90' lang='lat' dir='ltr'><strong>quam</strong></span> <span class='ocrx_word' id='word_1_670' title='bbox 1181 4710 1446 4750; x_wconf 88' lang='lat' dir='ltr'><strong>manuum</strong></span> <span class='ocrx_word' id='word_1_671' title='bbox 1482 4694 1878 4759; x_wconf 87' lang='lat' dir='ltr'><strong>innocentiam,</strong></span> <span class='ocrx_word' id='word_1_672' title='bbox 1917 4693 2102 4763; x_wconf 89' lang='lat' dir='ltr'><strong>splen—</strong></span> 
     </span>
    </p>
   </div>
   <div class='ocr_carea' id='block_1_95' title="bbox 514 4784 2103 4859">
    <p class='ocr_par' dir='ltr' id='par_1_95' title="bbox 514 4784 2103 4859">
     <span class='ocr_line' id='line_1_95' title="bbox 514 4784 2103 4859; baseline -0.006 -12"><span class='ocrx_word' id='word_1_673' title='bbox 514 4794 816 4859; x_wconf 85' lang='lat' dir='ltr'><strong>doremque</strong></span> <span class='ocrx_word' id='word_1_674' title='bbox 850 4789 1135 4853; x_wconf 88' lang='lat' dir='ltr'><strong>virtutum,</strong></span> <span class='ocrx_word' id='word_1_675' title='bbox 1168 4802 1332 4858; x_wconf 90' lang='lat' dir='ltr'><strong>quem</strong></span> <span class='ocrx_word' id='word_1_676' title='bbox 1386 4796 1509 4858; x_wconf 89' lang='lat' dir='ltr'><strong>post</strong></span> <span class='ocrx_word' id='word_1_677' title='bbox 1556 4786 1763 4842; x_wconf 77' lang='lat' dir='ltr'><strong>Christi</strong></span> <span class='ocrx_word' id='word_1_678' title='bbox 1807 4784 2103 4840; x_wconf 87' lang='lat' dir='ltr'><strong>adventum</strong></span> 
     </span>
    </p>
   </div>
   <div class='ocr_carea' id='block_1_96' title="bbox 516 4881 2108 4954">
    <p class='ocr_par' dir='ltr' id='par_1_96' title="bbox 516 4881 2108 4954">
     <span class='ocr_line' id='line_1_96' title="bbox 516 4881 2108 4954; baseline -0.003 -15"><span class='ocrx_word' id='word_1_679' title='bbox 516 4883 662 4939; x_wconf 90' lang='lat' dir='ltr'><strong>nacti</strong></span> <span class='ocrx_word' id='word_1_680' title='bbox 686 4892 856 4939; x_wconf 83' lang='lat' dir='ltr'><strong>sunt:</strong></span> <span class='ocrx_word' id='word_1_681' title='bbox 892 4898 989 4954; x_wconf 89' lang='lat' dir='ltr'><strong>per</strong></span> <span class='ocrx_word' id='word_1_682' title='bbox 1020 4897 1184 4953; x_wconf 89' lang='lat' dir='ltr'><strong>quem</strong></span> <span class='ocrx_word' id='word_1_683' title='bbox 1214 4883 1379 4938; x_wconf 86' lang='lat' dir='ltr'><strong>etiam</strong></span> <span class='ocrx_word' id='word_1_684' title='bbox 1415 4896 1617 4938; x_wconf 87' lang='lat' dir='ltr'><strong>novum</strong></span> <span class='ocrx_word' id='word_1_685' title='bbox 1665 4881 1939 4937; x_wconf 89' lang='lat' dir='ltr'><strong>docentur</strong></span> <span class='ocrx_word' id='word_1_686' title='bbox 1977 4894 2108 4935; x_wconf 90' lang='lat' dir='ltr'><strong>can-</strong></span> 
     </span>
    </p>
   </div>
   <div class='ocr_carea' id='block_1_97' title="bbox 517 4974 2108 5052">
    <p class='ocr_par' dir='ltr' id='par_1_97' title="bbox 517 4974 2108 5052">
     <span class='ocr_line' id='line_1_97' title="bbox 517 4974 2108 5052; baseline -0.004 -15"><span class='ocrx_word' id='word_1_687' title='bbox 517 4984 712 5048; x_wconf 87' lang='lat' dir='ltr'><strong>ticum,</strong></span> <span class='ocrx_word' id='word_1_688' title='bbox 735 4981 883 5052; x_wconf 92' lang='lat' dir='ltr'><strong>quod</strong></span> <span class='ocrx_word' id='word_1_689' title='bbox 912 4981 1075 5051; x_wconf 85' lang='lat' dir='ltr'><strong>vulgo</strong></span> <span class='ocrx_word' id='word_1_690' title='bbox 1098 4980 1439 5051; x_wconf 88' lang='lat' dir='ltr'><strong>incognitum</strong></span> <span class='ocrx_word' id='word_1_691' title='bbox 1458 4986 1542 5035; x_wconf 89' lang='lat' dir='ltr'><strong>est</strong></span> <span class='ocrx_word' id='word_1_692' title='bbox 1576 4997 1592 5034; x_wconf 88' lang='lat'><strong><em>:</em></strong></span> <span class='ocrx_word' id='word_1_693' title='bbox 1621 4992 1730 5033; x_wconf 89' lang='lat' dir='ltr'><strong>non</strong></span> <span class='ocrx_word' id='word_1_694' title='bbox 1758 4978 1813 5032; x_wconf 91' lang='lat' dir='ltr'><strong>in</strong></span> <span class='ocrx_word' id='word_1_695' title='bbox 1852 4974 2108 5048; x_wconf 63' lang='lat' dir='ltr'><strong>praesenti</strong></span> 
     </span>
    </p>
   </div>
   <div class='ocr_carea' id='block_1_98' title="bbox 518 5066 2106 5137">
    <p class='ocr_par' dir='ltr' id='par_1_98' title="bbox 518 5066 2106 5137">
     <span class='ocr_line' id='line_1_98' title="bbox 518 5066 2106 5137; baseline -0.006 -8"><span class='ocrx_word' id='word_1_696' title='bbox 518 5084 731 5129; x_wconf 83' lang='lat' dir='ltr'><strong>tantum</strong></span> <span class='ocrx_word' id='word_1_697' title='bbox 762 5074 897 5137; x_wconf 86' lang='lat' dir='ltr'><strong>vita,</strong></span> <span class='ocrx_word' id='word_1_698' title='bbox 922 5071 1018 5128; x_wconf 88' lang='lat' dir='ltr'><strong>sed</strong></span> <span class='ocrx_word' id='word_1_699' title='bbox 1048 5070 1211 5127; x_wconf 88' lang='lat' dir='ltr'><strong>etiam</strong></span> <span class='ocrx_word' id='word_1_700' title='bbox 1248 5071 1301 5125; x_wconf 90' lang='lat' dir='ltr'><strong>in</strong></span> <span class='ocrx_word' id='word_1_701' title='bbox 1321 5068 1510 5124; x_wconf 76' lang='lat' dir='ltr'><strong>futuro</strong></span> <span class='ocrx_word' id='word_1_702' title='bbox 1532 5067 1754 5125; x_wconf 59' lang='lat' dir='ltr'><strong>saeculo.</strong></span> <span class='ocrx_word' id='word_1_703' title='bbox 1776 5066 2106 5135; x_wconf 83' lang='lat' dir='ltr'><strong>Quanquam</strong></span> 
     </span>
    </p>
   </div>
   <div class='ocr_carea' id='block_1_99' title="bbox 516 5158 2105 5241">
    <p class='ocr_par' dir='ltr' id='par_1_99' title="bbox 516 5158 2105 5241">
     <span class='ocr_line' id='line_1_99' title="bbox 516 5158 2105 5241; baseline -0.011 -13"><span class='ocrx_word' id='word_1_704' title='bbox 516 5173 663 5228; x_wconf 89' lang='lat' dir='ltr'><strong>enim</strong></span> <span class='ocrx_word' id='word_1_705' title='bbox 693 5169 937 5241; x_wconf 79' lang='lat' dir='ltr'><strong>perlecta</strong></span> <span class='ocrx_word' id='word_1_706' title='bbox 958 5170 1031 5226; x_wconf 91' lang='lat' dir='ltr'><strong>sit</strong></span> <span class='ocrx_word' id='word_1_707' title='bbox 1062 5168 1135 5224; x_wconf 89' lang='lat' dir='ltr'><strong>ibi</strong></span> <span class='ocrx_word' id='word_1_708' title='bbox 1162 5166 1575 5238; x_wconf 79' lang='lat' dir='ltr'><strong>cognitiojuxta</strong></span> <span class='ocrx_word' id='word_1_709' title='bbox 1605 5159 1947 5233; x_wconf 80' lang='lat' dir='ltr'><strong>Apostolum,</strong></span> <span class='ocrx_word' id='word_1_710' title='bbox 1979 5158 2105 5215; x_wconf 86' lang='lat' dir='ltr'><strong>uui-</strong></span> 
     </span>
    </p>
   </div>
   <div class='ocr_carea' id='block_1_100' title="bbox 517 5252 2105 5336">
    <p class='ocr_par' dir='ltr' id='par_1_100' title="bbox 517 5252 2105 5336">
     <span class='ocr_line' id='line_1_100' title="bbox 517 5252 2105 5336; baseline -0.008 -15"><span class='ocrx_word' id='word_1_711' title='bbox 517 5267 719 5336; x_wconf 90' lang='lat' dir='ltr'><strong>cnique</strong></span> <span class='ocrx_word' id='word_1_712' title='bbox 753 5274 934 5321; x_wconf 89' lang='lat' dir='ltr'><strong>tamen</strong></span> <span class='ocrx_word' id='word_1_713' title='bbox 975 5264 1300 5335; x_wconf 81' lang='lat' dir='ltr'><strong>rependitur</strong></span> <span class='ocrx_word' id='word_1_714' title='bbox 1339 5260 1581 5331; x_wconf 86' lang='lat' dir='ltr'><strong>cognitio</strong></span> <span class='ocrx_word' id='word_1_715' title='bbox 1628 5258 1789 5328; x_wconf 77' lang='lat' dir='ltr'><strong>juxta</strong></span> <span class='ocrx_word' id='word_1_716' title='bbox 1845 5252 2105 5325; x_wconf 87' lang='lat' dir='ltr'><strong>puritatis</strong></span> 
     </span>
    </p>
   </div>
   <div class='ocr_carea' id='block_1_101' title="bbox 518 5359 1263 5431">
    <p class='ocr_par' dir='ltr' id='par_1_101' title="bbox 518 5359 1263 5431">
     <span class='ocr_line' id='line_1_101' title="bbox 518 5359 1263 5431; baseline -0.003 -18"><span class='ocrx_word' id='word_1_717' title='bbox 518 5360 787 5431; x_wconf 78' lang='lat' dir='ltr'><strong>cujusque</strong></span> <span class='ocrx_word' id='word_1_718' title='bbox 825 5359 1263 5429; x_wconf 86' lang='lat' dir='ltr'><strong>proportionem.</strong></span> 
     </span>
    </p>
   </div>
   <div class='ocr_carea' id='block_1_102' title="bbox 591 5443 2103 5523">
    <p class='ocr_par' dir='ltr' id='par_1_102' title="bbox 591 5443 2103 5523">
     <span class='ocr_line' id='line_1_102' title="bbox 591 5443 2103 5523; baseline -0.007 -16"><span class='ocrx_word' id='word_1_719' title='bbox 591 5452 668 5507; x_wconf 85' lang='lat' dir='ltr'><strong>Hi</strong></span> <span class='ocrx_word' id='word_1_720' title='bbox 697 5463 820 5507; x_wconf 79' lang='lat' dir='ltr'><strong>sunt</strong></span> <span class='ocrx_word' id='word_1_721' title='bbox 855 5456 945 5523; x_wconf 88' lang='lat' dir='ltr'><strong>qui</strong></span> <span class='ocrx_word' id='word_1_722' title='bbox 968 5460 1260 5523; x_wconf 76' lang='lat' dir='ltr'><strong>sequuntur</strong></span> <span class='ocrx_word' id='word_1_723' title='bbox 1287 5452 1517 5519; x_wconf 85' lang='lat' dir='ltr'><strong>Agnum.</strong></span> <span class='ocrx_word' id='word_1_724' title='bbox 1550 5446 1669 5503; x_wconf 79' lang='lat' dir='ltr'><strong>Non</strong></span> <span class='ocrx_word' id='word_1_725' title='bbox 1702 5454 1785 5502; x_wconf 88' lang='lat' dir='ltr'><strong>est</strong></span> <span class='ocrx_word' id='word_1_726' title='bbox 1830 5443 1882 5499; x_wconf 88' lang='lat' dir='ltr'><strong>id</strong></span> <span class='ocrx_word' id='word_1_727' title='bbox 1915 5451 2103 5500; x_wconf 88' lang='lat' dir='ltr'><strong>osten-</strong></span> 
     </span>
    </p>
   </div>
   <div class='ocr_carea' id='block_1_103' title="bbox 592 5632 1052 5697">
    <p class='ocr_par' dir='ltr' id='par_1_103' title="bbox 592 5632 1052 5697">
     <span class='ocr_line' id='line_1_103' title="bbox 592 5632 1052 5697; baseline -0.004 -9"><span class='ocrx_word' id='word_1_728' title='bbox 592 5632 639 5667; x_wconf 80' lang='lat'><strong>&quot;</strong></span> <span class='ocrx_word' id='word_1_729' title='bbox 665 5634 830 5690; x_wconf 83' lang='lat' dir='ltr'><strong>Rom.</strong></span> <span class='ocrx_word' id='word_1_730' title='bbox 855 5648 931 5697; x_wconf 75' lang='grc' dir='ltr'>χι,</span> <span class='ocrx_word' id='word_1_731' title='bbox 961 5632 1052 5686; x_wconf 70' lang='grc'><strong>25.</strong></span> 
     </span>
    </p>
   </div>
   <div class='ocr_carea' id='block_1_104' title="bbox 599 5788 1413 5859">
    <p class='ocr_par' dir='ltr' id='par_1_104' title="bbox 599 5788 1413 5859">
     <span class='ocr_line' id='line_1_104' title="bbox 599 5788 1413 5859; baseline -0.001 -16"><span class='ocrx_word' id='word_1_732' title='bbox 599 5788 710 5859; x_wconf 70' lang='grc'><strong>(40)</strong></span> <span class='ocrx_word' id='word_1_733' title='bbox 751 5790 972 5848; x_wconf 83' lang='lat' dir='ltr'><strong>inclusa</strong></span> <span class='ocrx_word' id='word_1_734' title='bbox 1005 5789 1292 5847; x_wconf 87' lang='lat' dir='ltr'><strong>omittebat</strong></span> <span class='ocrx_word' id='word_1_735' title='bbox 1325 5789 1413 5845; x_wconf 89' lang='lat' dir='ltr'><strong>ed.</strong></span> 
     </span>
    </p>
   </div>
   <div class='ocr_carea' id='block_1_105' title="bbox 2213 4695 3805 4769">
    <p class='ocr_par' dir='ltr' id='par_1_105' title="bbox 2213 4695 3805 4769">
     <span class='ocr_line' id='line_1_105' title="bbox 2213 4695 3805 4769; baseline -0.001 -19"><span class='ocrx_word' id='word_1_736' title='bbox 2213 4715 2272 4750; x_wconf 83' lang='grc' dir='ltr'><strong>τε</strong></span> <span class='ocrx_word' id='word_1_737' title='bbox 2314 4696 2410 4751; x_wconf 78' lang='grc' dir='ltr'><strong>καὶ</strong></span> <span class='ocrx_word' id='word_1_738' title='bbox 2443 4699 2501 4750; x_wconf 82' lang='grc' dir='ltr'>ὲν</span> <span class='ocrx_word' id='word_1_739' title='bbox 2547 4698 2736 4769; x_wconf 80' lang='grc' dir='ltr'>χερσὶν</span> <span class='ocrx_word' id='word_1_740' title='bbox 2789 4698 3045 4768; x_wconf 81' lang='grc' dir='ltr'>ἄμωμον,</span> <span class='ocrx_word' id='word_1_741' title='bbox 3082 4697 3221 4766; x_wconf 85' lang='grc' dir='ltr'><strong>μετά</strong></span> <span class='ocrx_word' id='word_1_742' title='bbox 3270 4696 3372 4766; x_wconf 74' lang='grc' dir='ltr'><strong>τὴν</strong></span> <span class='ocrx_word' id='word_1_743' title='bbox 3408 4695 3504 4749; x_wconf 81' lang='grc' dir='ltr'><strong>τοῦ</strong></span> <span class='ocrx_word' id='word_1_744' title='bbox 3558 4696 3805 4765; x_wconf 81' lang='grc' dir='ltr'>Χριστοῦ</span> 
     </span>
    </p>
   </div>
   <div class='ocr_carea' id='block_1_106' title="bbox 2218 4788 3803 4863">
    <p class='ocr_par' dir='ltr' id='par_1_106' title="bbox 2218 4788 3803 4863">
     <span class='ocr_line' id='line_1_106' title="bbox 2218 4788 3803 4863; baseline -0.003 -18"><span class='ocrx_word' id='word_1_745' title='bbox 2218 4792 2524 4862; x_wconf 81' lang='grc' dir='ltr'>παρουσίαν</span> <span class='ocrx_word' id='word_1_746' title='bbox 2549 4791 2865 4863; x_wconf 81' lang='grc' dir='ltr'>κτωμένους</span> <span class='ocrx_word' id='word_1_747' title='bbox 2898 4791 3000 4860; x_wconf 83' lang='grc' dir='ltr'>τὴν</span> <span class='ocrx_word' id='word_1_748' title='bbox 3048 4791 3107 4843; x_wconf 81' lang='grc' dir='ltr'>ὲν</span> <span class='ocrx_word' id='word_1_749' title='bbox 3155 4790 3380 4860; x_wconf 83' lang='grc' dir='ltr'>ἀρεταῖς</span> <span class='ocrx_word' id='word_1_750' title='bbox 3412 4788 3803 4859; x_wconf 81' lang='grc' dir='ltr'>λαμπρότητα,</span> 
     </span>
    </p>
   </div>
   <div class='ocr_carea' id='block_1_107' title="bbox 2215 4877 3835 4954">
    <p class='ocr_par' dir='ltr' id='par_1_107' title="bbox 2215 4877 3835 4954">
     <span class='ocr_line' id='line_1_107' title="bbox 2215 4877 3835 4954; baseline -0.002 -19"><span class='ocrx_word' id='word_1_751' title='bbox 2215 4882 2284 4935; x_wconf 81' lang='grc' dir='ltr'><strong>δι’</strong></span> <span class='ocrx_word' id='word_1_752' title='bbox 2315 4877 2382 4954; x_wconf 81' lang='grc' dir='ltr'>ἦς</span> <span class='ocrx_word' id='word_1_753' title='bbox 2411 4882 2509 4936; x_wconf 69' lang='grc' dir='ltr'>καὶ</span> <span class='ocrx_word' id='word_1_754' title='bbox 2545 4881 2644 4952; x_wconf 82' lang='grc' dir='ltr'>τὴν</span> <span class='ocrx_word' id='word_1_755' title='bbox 2682 4881 2876 4952; x_wconf 75' lang='grc' dir='ltr'>καινὴν</span> <span class='ocrx_word' id='word_1_756' title='bbox 2909 4880 3055 4952; x_wconf 80' lang='grc' dir='ltr'>ᾠδὴν</span> <span class='ocrx_word' id='word_1_757' title='bbox 3098 4880 3468 4944; x_wconf 81' lang='grc' dir='ltr'>διδάσκονται,</span> <span class='ocrx_word' id='word_1_758' title='bbox 3499 4882 3610 4942; x_wconf 88' lang='grc' dir='ltr'>τοῖς</span> <span class='ocrx_word' id='word_1_759' title='bbox 3668 4881 3835 4954; x_wconf 43' lang='grc' dir='ltr'>πολ-τ</span> 
     </span>
    </p>
   </div>
   <div class='ocr_carea' id='block_1_108' title="bbox 2217 4950 3832 5046">
    <p class='ocr_par' dir='ltr' id='par_1_108' title="bbox 2217 4950 3832 5046">
     <span class='ocr_line' id='line_1_108' title="bbox 2217 4950 3832 5046; baseline -0.002 -19"><span class='ocrx_word' id='word_1_760' title='bbox 2217 4950 2421 5040; x_wconf 23' lang='grc' dir='ltr'>λοῖςνοὺ</span> <span class='ocrx_word' id='word_1_761' title='bbox 2462 4950 2628 5046; x_wconf 82' lang='grc' dir='ltr'>μόνον</span> <span class='ocrx_word' id='word_1_762' title='bbox 2664 4975 2807 5029; x_wconf 85' lang='grc' dir='ltr'>κατὰ</span> <span class='ocrx_word' id='word_1_763' title='bbox 2832 4950 2935 5029; x_wconf 71' lang='grc' dir='ltr'>τὸν</span> <span class='ocrx_word' id='word_1_764' title='bbox 2973 4950 3222 5044; x_wconf 81' lang='grc' dir='ltr'>παρόντα</span> <span class='ocrx_word' id='word_1_765' title='bbox 3268 4976 3405 5042; x_wconf 81' lang='grc' dir='ltr'>βίον,</span> <span class='ocrx_word' id='word_1_766' title='bbox 3444 4972 3581 5027; x_wconf 76' lang='grc' dir='ltr'>ἀλλὰ</span> <span class='ocrx_word' id='word_1_767' title='bbox 3612 4974 3706 5025; x_wconf 75' lang='grc' dir='ltr'>καὶ</span> <span class='ocrx_word' id='word_1_768' title='bbox 3746 4950 3832 5024; x_wconf 55' lang='grc' dir='ltr'><strong>ἐν’</strong></span> 
     </span>
    </p>
   </div>
   <div class='ocr_carea' id='block_1_109' title="bbox 2217 5062 3810 5138">
    <p class='ocr_par' dir='ltr' id='par_1_109' title="bbox 2217 5062 3810 5138">
     <span class='ocr_line' id='line_1_109' title="bbox 2217 5062 3810 5138; baseline -0.004 -18"><span class='ocrx_word' id='word_1_769' title='bbox 2217 5068 2295 5137; x_wconf 83' lang='grc' dir='ltr'>τῷ</span> <span class='ocrx_word' id='word_1_770' title='bbox 2331 5066 2589 5138; x_wconf 75' lang='grc' dir='ltr'>μέλλοντι</span> <span class='ocrx_word' id='word_1_771' title='bbox 2616 5065 2777 5121; x_wconf 76' lang='grc' dir='ltr'>αἰῶνι</span> <span class='ocrx_word' id='word_1_772' title='bbox 2806 5066 3103 5133; x_wconf 75' lang='grc' dir='ltr'>ἄγνωστον.</span> <span class='ocrx_word' id='word_1_773' title='bbox 3137 5066 3203 5119; x_wconf 75' lang='lat' dir='ltr'><strong>Ei</strong></span> <span class='ocrx_word' id='word_1_774' title='bbox 3226 5066 3337 5136; x_wconf 81' lang='grc' dir='ltr'><strong>γὰρ</strong></span> <span class='ocrx_word' id='word_1_775' title='bbox 3367 5065 3462 5118; x_wconf 74' lang='grc' dir='ltr'>καὶ</span> <span class='ocrx_word' id='word_1_776' title='bbox 3497 5063 3559 5116; x_wconf 80' lang='grc' dir='ltr'><strong>τδ</strong></span> <span class='ocrx_word' id='word_1_777' title='bbox 3595 5062 3810 5116; x_wconf 80' lang='grc' dir='ltr'>τέλειον</span> 
     </span>
    </p>
   </div>
   <div class='ocr_carea' id='block_1_110' title="bbox 2216 5156 3808 5230">
    <p class='ocr_par' dir='ltr' id='par_1_110' title="bbox 2216 5156 3808 5230">
     <span class='ocr_line' id='line_1_110' title="bbox 2216 5156 3808 5230; baseline -0.003 -17"><span class='ocrx_word' id='word_1_778' title='bbox 2216 5160 2315 5230; x_wconf 83' lang='grc' dir='ltr'><strong>τῆς</strong></span> <span class='ocrx_word' id='word_1_779' title='bbox 2350 5160 2609 5229; x_wconf 82' lang='grc' dir='ltr'>γνώσεως</span> <span class='ocrx_word' id='word_1_780' title='bbox 2639 5160 2778 5225; x_wconf 82' lang='grc' dir='ltr'>ἐκεῖ,</span> <span class='ocrx_word' id='word_1_781' title='bbox 2811 5158 2959 5214; x_wconf 80' lang='grc' dir='ltr'><strong>κατά</strong></span> <span class='ocrx_word' id='word_1_782' title='bbox 2983 5158 3080 5213; x_wconf 84' lang='grc' dir='ltr'>τὸν</span> <span class='ocrx_word' id='word_1_783' title='bbox 3116 5157 3468 5220; x_wconf 78' lang='grc' dir='ltr'>Ἀπόστολον,</span> <span class='ocrx_word' id='word_1_784' title='bbox 3497 5156 3637 5211; x_wconf 72' lang='grc' dir='ltr'>ἀλλὰ</span> <span class='ocrx_word' id='word_1_785' title='bbox 3670 5157 3808 5210; x_wconf 87' lang='grc' dir='ltr'>ἀνα-</span> 
     </span>
    </p>
   </div>
   <div class='ocr_carea' id='block_1_111' title="bbox 2216 5249 3807 5325">
    <p class='ocr_par' dir='ltr' id='par_1_111' title="bbox 2216 5249 3807 5325">
     <span class='ocr_line' id='line_1_111' title="bbox 2216 5249 3807 5325; baseline -0.004 -16"><span class='ocrx_word' id='word_1_786' title='bbox 2216 5256 2392 5324; x_wconf 88' lang='grc' dir='ltr'>λόγως</span> <span class='ocrx_word' id='word_1_787' title='bbox 2424 5257 2492 5325; x_wconf 80' lang='grc' dir='ltr'>τῇ</span> <span class='ocrx_word' id='word_1_788' title='bbox 2550 5254 2748 5308; x_wconf 80' lang='grc' dir='ltr'>ἑαυτοῦ</span> <span class='ocrx_word' id='word_1_789' title='bbox 2813 5254 3085 5322; x_wconf 88' lang='grc' dir='ltr'>καθάρσει</span> <span class='ocrx_word' id='word_1_790' title='bbox 3127 5252 3345 5323; x_wconf 80' lang='grc' dir='ltr'>ἑκάστῳ</span> <span class='ocrx_word' id='word_1_791' title='bbox 3382 5249 3807 5321; x_wconf 75' lang='grc' dir='ltr'>ὲφαπλουμὲνης</span> 
     </span>
    </p>
   </div>
   <div class='ocr_carea' id='block_1_112' title="bbox 2216 5344 2627 5415">
    <p class='ocr_par' dir='ltr' id='par_1_112' title="bbox 2216 5344 2627 5415">
     <span class='ocr_line' id='line_1_112' title="bbox 2216 5344 2627 5415; baseline 0.007 -18"><span class='ocrx_word' id='word_1_792' title='bbox 2216 5346 2313 5415; x_wconf 76' lang='grc' dir='ltr'>τῆς</span> <span class='ocrx_word' id='word_1_793' title='bbox 2349 5344 2627 5413; x_wconf 85' lang='grc' dir='ltr'>γνώσεως.</span> 
     </span>
    </p>
   </div>
   <div class='ocr_carea' id='block_1_113' title="bbox 2282 5432 3805 5503">
    <p class='ocr_par' dir='ltr' id='par_1_113' title="bbox 2282 5432 3805 5503">
     <span class='ocr_line' id='line_1_113' title="bbox 2282 5432 3805 5503; baseline -0.004 -11"><span class='ocrx_word' id='word_1_794' title='bbox 2282 5435 2461 5495; x_wconf 81' lang='grc' dir='ltr'>Οὗτοί</span> <span class='ocrx_word' id='word_1_795' title='bbox 2483 5442 2642 5494; x_wconf 77' lang='grc' dir='ltr'>εἰσιν</span> <span class='ocrx_word' id='word_1_796' title='bbox 2656 5440 2711 5496; x_wconf 77' lang='grc' dir='ltr'>οἱ</span> <span class='ocrx_word' id='word_1_797' title='bbox 2731 5436 3209 5503; x_wconf 70' lang='grc' dir='ltr'>ἀκολουθοῦντες</span> <span class='ocrx_word' id='word_1_798' title='bbox 3226 5434 3308 5498; x_wconf 82' lang='grc' dir='ltr'>τῷ</span> <span class='ocrx_word' id='word_1_799' title='bbox 3342 5434 3572 5503; x_wconf 71' lang='grc' dir='ltr'>Ἀρνίῳ.</span> <span class='ocrx_word' id='word_1_800' title='bbox 3588 5433 3663 5489; x_wconf 79' lang='grc' dir='ltr'><strong>Οὐ</strong></span> <span class='ocrx_word' id='word_1_801' title='bbox 3684 5432 3805 5487; x_wconf 88' lang='grc' dir='ltr'>δια-</span> 
     </span>
    </p>
   </div>
   <div class='ocr_carea' id='block_1_114' title="bbox 2262 5777 2961 5867">
    <p class='ocr_par' dir='ltr' id='par_1_114' title="bbox 2262 5777 2961 5867">
     <span class='ocr_line' id='line_1_114' title="bbox 2262 5777 2961 5867; baseline 0.001 -32"><span class='ocrx_word' id='word_1_802' title='bbox 2262 5864 2267 5867; x_wconf 68' lang='lat'><em>_</em></span> <span class='ocrx_word' id='word_1_803' title='bbox 2310 5779 2423 5853; x_wconf 70' lang='grc'><strong>(41)</strong></span> <span class='ocrx_word' id='word_1_804' title='bbox 2452 5780 2561 5834; x_wconf 68' lang='grc' dir='ltr'><strong>Καὶ</strong></span> <span class='ocrx_word' id='word_1_805' title='bbox 2598 5777 2764 5834; x_wconf 71' lang='grc' dir='ltr'>αὑτοῦ</span> <span class='ocrx_word' id='word_1_806' title='bbox 2782 5779 2873 5836; x_wconf 84' lang='lat' dir='ltr'><strong>ed.</strong></span> <span class='ocrx_word' id='word_1_807' title='bbox 2954 5778 2961 5785; x_wconf 80' lang='grc'><strong>’</strong></span> 
     </span>
    </p>
   </div>
  </div>
