4110 6404
555 388 664 454 687

1383 376 1716 439 ARETH/‘E
1751 373 2134 437 CxESARE/E
2179 374 2666 438 CAPPADOCIIE
2702 375 3048 440 EPISCOI’I

3722 374 3844 439 688

561 501 764 560 merito
795 500 1028 558 debetur
1059 493 1439 552 ministerialis
1493 491 1786 564 subjectio,
1814 492 1961 563 iuste
1987 493 2151 546 etiam
2179 519 2195 555 λ

2280 511 2494 560 ττωσις,
2523 494 2752 559 ἐνδίκως
2778 494 2846 550 ἂν
2867 495 2963 549 καὶ
2985 493 3067 566 τῷ
3106 490 3376 566 ἀλιτηρίῳ
3404 490 3635 563 διαϐόλῳ
3662 493 3696 564 η
3719 493 3850 547 ἀτι-

557 597 770 654 exitiali
824 593 1042 652 diabolo
1075 592 1310 646 debetur
1349 590 1653 662 ignominia
1684 599 1740 645 et
1769 597 2142 660 contemptus.

1127 703 1360 762 CAPUT
1426 703 1570 760 XLI.

564 828 645 883 De
711 829 943 882 secundo
1001 823 1188 894 angelo
1245 837 1428 875 casum
1464 819 1754 891 Babylonis
1802 819 2147 889 prwdicante.

627 1011 774 1081 XIV,
811 1011 865 1067 8.
897 1009 966 1064 Et
1007 1008 1148 1064 alius
1178 1023 1240 1062 ac
1266 1005 1527 1061 secundus
1557 1003 1776 1074 angelus
1815 1011 2026 1056 secutus
2073 1011 2152 1057 est

559 1109 792 1162 dicens:
824 1103 1053 1170 Cecidit,
1082 1100 1270 1156 cecidit
1307 1098 1542 1168 Babylon
1571 1098 1759 1152 ciuitas
1788 1113 2002 1168 magna,
2026 1097 2154 1167 quia

561 1201 627 1256 de
656 1199 906 1257 uineich
935 1194 1310 1268 fornicationis
1351 1207 1462 1248 sum
1490 1190 1695 1258 potavit
1731 1203 1909 1245 omnes
1949 1197 2150 1260 gentes.

629 1375 926 1432 Secundus
988 1388 1098 1428 non
1157 1367 1410 1426 absolute
1460 1376 1516 1422 et
1591 1364 1922 1436 simpliciter
1971 1363 2156 1419 dictus

561 1479 684 1527 est:
712 1469 805 1524 sed
835 1466 904 1522 ad
925 1463 1326 1535 designandum
1344 1458 1492 1532 quod
1511 1474 1637 1515 cum
1668 1459 1821 1531 prior
1859 1457 2159 1528 incepisset

564 1559 898 1619 comminari
965 1554 1256 1627 supplicia,
1321 1553 1466 1607 alius
1522 1549 1735 1606 accedit
1785 1548 2014 1620 angelus
2062 1545 2158 1618 qui

568 1658 719 1726 ipsas
783 1650 1127 1706 calamitates
1160 1645 1471 1702 conlirmet.
1527 1641 1666 1697 Nam
1709 1641 1816 1695 hoc
1845 1638 2162 1695 manifestat

567 1746 715 1818 quod
749 1743 952 1800 dicitur
983 1747 1210 1795 secutus
1243 1734 1437 1792 fuisse.
1497 1733 1565 1789 Et
1605 1748 1730 1804 qua:
1763 1730 2160 1804 consequentia

2253 590 2351 660 μία
2379 590 2475 644 καὶ
2493 587 2861 655 ὲξουδένωσις.

2819 698 3080 754 ΚΕΦΑΛ.
3117 698 3251 754 MA'.

2253 809 2393 878 Περὶ
2423 807 2710 880 δευτέρου
2739 807 3026 898 ἀγγέλου,
3060 809 3177 876 τὴν
3208 809 3446 864 πτῶσιν
3485 806 3851 874 Βαϐυλῶνος

2837 896 3287 947 κηρυσσοντος.

2325 993 2436 1050 Καὶ
2466 993 2659 1059 ἄλλος
2695 993 2976 1062 δεύτερος
3015 993 3277 1065 ἄγγελος
3325 993 3714 1062 ἠκολούθησε
3747 990 3857 1045 λέ-

2257 1103 2412 1158 ιχωνο
2445 1087 2726 1151 Ἔπεσεν,
2751 1084 2997 1153 ἔπεσεν,
3025 1085 3320 1140 Βαϐυλὼν
3364 1084 3404 1152 ἠ
3436 1084 3618 1148 πόλις
3657 1084 3696 1150 ἠ
3748 1100 3858 1152 με·

2259 1177 2440 1248 τάλη,
2465 1176 2556 1231 ὅτι
2584 1176 2655 1231 ἐκ
2685 1175 2792 1230 τοῦ
2819 1175 2992 1231 οἴνου
3025 1175 3134 1230 τοῦ
3172 1175 3368 1246 θυμοῦ
3415 1174 3528 1242 τῆς
3567 1175 3860 1243 πορνείας

2258 1267 2450 1336 αὐτῆς
2471 1269 2759 1324 πεπότικε
2784 1267 2982 1322 πάντα
3005 1269 3078 1322 τὰ
3109 1269 3278 1336 ἔθνη.

2331 1363 2406 1417 Τὸ
2441 1361 2698 1434 δεύτερον
2729 1361 2828 1432 οὐχ
2869 1360 3062 1424 ἁπλῶς
3085 1359 3300 1432 εἴρηται
3327 1375 3340 1390 ·
3369 1359 3486 1414 ἀλλ’
3515 1359 3596 1424 είς
3621 1358 3858 1429 δήλωσιν

2259 1453 2358 1509 τοῦ
2401 1452 2776 1525 ὲναρξαμένου
2805 1453 2918 1506 τῶν
2961 1452 3354 1526 τιμωρητικῶν
3401 1451 3667 1514 ἀπειλῶν,
3695 1449 3859 1513 ἄλλος

2261 1545 2498 1614 ἄγγελος
2536 1545 2638 1608 τὰς
2685 1545 2856 1608 αὐτὰς
2903 1545 3297 1618 ἐπιρῤωννύων
3352 1545 3642 1616 συμφορὰς
3676 1560 3861 1614 napa-

2263 1637 2474 1706 γέγονε.
2519 1636 2694 1692 Τοῦτο
2751 1636 2863 1708 γὰρ
2916 1636 3294 1708 παρεμφαίνει
3348 1637 3411 1690 τὸ
3463 1633 3860 1704 ἀκολουθῆσαι.

2265 1728 2402 1802 [Καὶ
2419 1728 2471 1783 τί
2502 1729 2562 1784 τὸ
2601 1729 2896 1784 ἀκόλουθον
2928 1729 3021 1784 τοῦ
3055 1727 3448 1801 χρηματισμοῦ
3475 1729 3865 1795 ;ἝπεσεΒα-

568 1833 820 1893 oraculi?
877 1829 1085 1888 Cecidit
1147 1824 1388 1894 Babylon
1445 1839 1660 1894 magna.
1727 1822 1861 1877 Post
1901 1829 2159 1876 eventum

2280 1821 2471 1876 b'th‘ur
2503 1823 2542 1890 ἠ
2591 1822 2829 1893 μεγάλη
2883 1819 3063 1894 (ϋηο
3101 1821 3194 1874 ἐπὶ
3234 1819 3344 1892 γὰρ
3367 1822 3431 1892 τῇ
3479 1819 3704 1873 ἐκϐάσει
3751 1819 3866 1872 τῶν

570 1931 716 1986 enim
752 1941 942 1982 eorum
970 1939 1092 1993 qua:
1126 1917 1453 1975 annuntiata
1504 1925 1654 1984 sunt,
1693 1913 1834 1969 nihil
1864 1913 2014 1968 aliud
2070 1913 2164 1968 de-

575 2021 946 2084 siderabatur,
983 2030 1150 2086 quam
1183 2011 1332 2083 quod
1363 2025 1472 2065 non
1504 2008 1688 2064 omnis
1738 2006 1997 2063 confusio
2037 2007 2163 2062 vita:

571 2110 860 2185 prmsentis
890 2122 987 2179 per
1005 2121 1194 2161 casum
1220 2105 1505 2175 designata
1531 2110 1668 2156 erat.
1696 2099 1834 2155 Nam
1863 2098 1994 2170 quid
2019 2098 2165 2154 aliud

571 2195 917 2260 demonstrat
987 2195 1190 2253 casus?
1246 2193 1714 2266 quemadmodum
1753 2206 1935 2261 neque
1983 2188 2164 2261 Baby-

571 2299 668 2354 lon
699 2294 846 2350 aliud
887 2291 1140 2361 designat
1180 2303 1348 2358 quam
1398 2285 1803 2343 confusionem.
1835 2283 1904 2338 Et
1933 2298 2056 2354 quae
2083 2281 2168 2336 di-

573 2388 719 2443 citur
750 2382 1035 2454 Babylon?
1062 2379 1179 2435 Non
1215 2377 1320 2433 alia
1345 2393 1510 2448 quam
1531 2377 1620 2431 hic
1653 2375 1972 2445 corrupti-lis
2005 2389 2167 2428 mun-

575 2483 681 2536 dus
717 2495 732 2534 :
764 2475 912 2549 quod
949 2473 1204 2529 videlicet
1227 2473 1342 2526 haec
1377 2468 1614 2539 Babylon
1650 2481 1758 2522 non
1789 2466 2006 2521 aliunde
2033 2465 2172 2521 ceci-

577 2573 744 2639 derit,
809 2584 974 2640 quam
1007 2582 1073 2622 ex
1120 2581 1186 2620 eo
1213 2573 1359 2619 statu
1398 2577 1508 2632 quo
1561 2561 1698 2616 alios
1759 2559 2167 2629 corrumpebat.

576 2662 1025 2722 Fornicationem
1061 2673 1190 2714 vero
1222 2672 1330 2712 non
1371 2655 1552 2712 solum
1602 2652 1840 2724 appellat
1885 2651 2171 2722 Scriptura

576 2758 813 2817 masculi
868 2770 995 2811 cum
1042 2751 1246 2808 femina
1285 2750 1627 2819 impudicum
1667 2745 2044 2810 concubitum,
2075 2744 2172 2800 sed

575 2863 632 2911 et
657 2865 878 2908 omnem
939 2864 970 2904 a
1004 2847 1150 2903 bono
1203 2842 1641 2899 declinationem
1682 2857 1696 2893 :
1742 2839 1789 2894 si
1831 2852 2025 2894 verum
2087 2845 2174 2890 est

577 2942 728 3016 quod
757 2940 1042 3004 scribitur,
1078 2955 1096 2990 ι
1133 2932 1426 2990 Perdidisti
1480 2945 1699 2985 omnem
1735 2930 1828 3000 qui
1868 2929 2174 2984 fornicatur

577 3035 863 3092 θυείαν.»
887 3031 1156 3100 Quodque
1189 3027 1409 3083 nomine
1426 3023 1723 3095 Babylonis
1753 3021 1991 3078 mundus
2019 3030 2172 3077 tran-

579 3126 857 3197 sumptive
896 3121 1242 3192 significatus
1267 3117 1361 3185 sit,
1408 3115 1662 3187 designat
1712 3113 1886 3169 dictio
1951 3129 2172 3185 magna,

2267 1914 2726 1986 ἀπηγγελμένων,
2747 1916 2902 1970 οὐδὲν
2932 1914 3072 1986 πρὸς
3115 1913 3408 1983 ὑστέρησιν
3431 1912 3526 1965 τοῦ
3560 1909 3637 1982 μὴ
3675 1912 3862 1965 πᾶσαν

2267 2010 2367 2080 τὴν
2381 2009 2474 2063 τοῦ
2503 2011 2773 2079 παρόντος
2798 2009 2914 2080 βίου
2941 2009 3210 2078 σύγχυσιν
3231 2005 3438 2059 πτώσει
3460 2003 3862 2075 ὑποϐληθῆναι,

2269 2101 2337 2154 Τί
2355 2101 2467 2171 γὰρ
2495 2099 2562 2155 ἂν
2593 2100 2722 2156 ἄλλο
2747 2103 2781 2172 ἡ
2821 2100 3032 2164 πτῶσις
3052 2100 3414 2171 παραστήσῃ;
3442 2097 3630 2169 ὥσπερ
3659 2096 3786 2150 οὐδὲ
3828 2099 3863 2165 ἡ

2271 2191 2553 2256 Βαϐυλὼν,
2589 2193 2744 2246 οὐδὲν
2782 2193 2975 2266 ἕτερον
3005 2193 3054 2246 εῑ
3081 2192 3156 2264 μὴ
3185 2192 3282 2262 τὴν
3311 2190 3749 2262 σύγχυσιν.’Καὶ
3780 2193 3867 2253 τίς

2273 2283 2630 2356 ἡΒαϐυλών;
2690 2286 2807 2341 Οὐκ
2851 2287 3010 2357 ἄλλη,
3041 2285 3074 2358 ἢ
3111 2279 3268 2348 οὗτος
3304 2287 3333 2338 ὁ
3368 2284 3608 2354 φθαρτὸς
3636 2283 3866 2354 κόσμος,

2273 2378 2482 2449 ταύτης
2515 2379 2718 2451 δηλαδὴ
2745 2381 2845 2449 τῆς
2907 2378 3234 2441 Βαϐυλῶνος
3278 2376 3380 2430 οὒκ
3424 2375 3649 2432 ἄλλοθέν
3696 2375 3866 2430 ποθεν

2274 2471 2750 2543 κατασεισθείσης,
2775 2471 2808 2543 ἦ
2837 2472 2932 2526 τοῦ
2965 2472 3204 2543 ὲξιστᾷν.
3235 2471 3501 2541 Πορνείαν
3531 2469 3587 2523 δὲ
3621 2468 3681 2522 οὗ
3707 2469 3871 2538 μόνον

2273 2560 2415 2618 οἶδεν
2439 2565 2472 2634 ἡ
2502 2565 2694 2636 Γραφὴ
2711 2565 2813 2635 τὴν
2842 2564 2980 2636 πρὸς
3006 2565 3067 2618 τὸ
3105 2563 3239 2636 θῆλυ
3263 2564 3358 2617 τοῦ
3391 2563 3621 2635 ἄρῤενος
3659 2561 3868 2629 ἀσελγῆ

2278 2657 2605 2729 συνδρομὴν,
2637 2657 2772 2712 ἀλλὰ
2821 2658 2918 2712 καὶ
2955 2660 3138 2712 πᾶσαν
3202 2657 3304 2729 τὴν
3354 2657 3463 2711 ἀπὸ
3514 2655 3608 2709 τοῦ
3659 2651 3871 2721 ἀγαθοῦ

2277 2747 2546 2812 ἔκκλισιν,
2588 2749 2703 2816 εἴγε
2739 2749 2930 2802 πιστὸν
2988 2750 3070 2814 τὸ,
3113 2768 3132 2800 ι
3199 2747 3638 2820 Ἑξωλόθρευσας
3689 2746 3873 2799 πάντα

2276 2842 2370 2892 τὸν
2421 2840 2755 2910 πορνεύοντα
2804 2840 2914 2894 ἀπὸ
2968 2839 3087 2896 σοῦ.
3124 2859 3142 2892 ι
3180 2841 3292 2894 Καὶ
3320 2840 3402 2894 ὅτι
3435 2839 3533 2910 μὲν
3576 2838 3657 2901 είς
3692 2837 3873 2890 Βαϐυ-

2277 2937 2423 2990 λῶνα
2459 2941 2486 2992 ὁ
2513 2939 2719 3008 κόσμος
2741 2940 3098 3010 μετείληπται
3118 2936 3272 3008 δηλοῖ
3289 2936 3371 3000 τὸ,
3398 2931 3658 3004 μεγάλη,
3696 2946 3871 3001 προσ-

2278 3030 2585 3102 τιθέμενον·
2619 3031 2679 3084 οὑ
2712 3033 2849 3102 πρὸς
2891 3029 3299 3102 ἁντιδιαστολὴν
3337 3031 3447 3099 γὰρ
3500 3026 3725 3098 μικρᾶς,
3757 3019 3873 3075 ἀλλ’

2279 3124 2412 3177 αὐτὸ
2434 3125 2493 3178 τὸ
2508 3124 2569 3177 ὃν
2589 3125 3004 3197 εἰσηγούμενον.
3037 3125 3099 3178 Εἰ
3116 3125 3172 3179 δὲ
3187 3123 3282 3177 καὶ
3313 3121 3449 3193 πρὸς
3473 3121 3570 3190 τὴν
3591 3117 3870 3172 Χαλδαίαν

584 3234 709 3289 quae
758 3214 1138 3287 subjungitur,
1198 3226 1379 3282 neque
1433 3210 1582 3264 enim
1613 3207 1837 3278 ponitur
1884 3207 1951 3262 ad
1981 3207 2180 3264 distin-

2285 3216 2581 3273 Βαϐυλῶνά
2628 3237 2708 3282 τις
2745 3219 3102 3272 κατευθύνειν
3155 3217 3330 3271 ἐθέλει
3371 3215 3463 3268 τὸν
3509 3213 3689 3281 λόγον,
3721 3207 3874 3262 οὐδὲν

581 3310 823 3365 ctionem
856 3318 1060 3377 parrae,
1088 3302 1182 3358 sed
1208 3303 1276 3357 ad
1311 3299 1620 3356 docendum
1647 3297 1782 3368 quid
1807 3298 1899 3355 sit.
1962 3296 2174 3364 Quodsi

581 3400 652 3454 ad
680 3399 1013 3469 Babylonem
1039 3410 1164 3466 qua:
1189 3394 1242 3447 in
1287 3390 1543 3447 Chaldzea
1589 3399 1676 3445 est
1705 3387 1912 3445 referre
1938 3389 2176 3446 voluerit

581 3491 750 3564 770
785 3489 1061 3562 quispiam
1111 3501 1450 3550 sermonem,
1511 3482 1648 3538 nihil
1699 3481 1901 3537 referet
1952 3482 1999 3537 si
2060 3491 2170 3537 tam

583 3586 758 3641 multa
790 3597 915 3653 quae
942 3587 1261 3648 competunt
1317 3576 1548 3639 mundo,
1600 3575 1668 3629 ad
1708 3573 1859 3630 illius
1911 3575 2176 3633 imitatio-

2283 3309 2476 3364 διοίσει
2504 3309 2583 3380 τῷ
2620 3311 2764 3366 κατὰ
2811 3309 2974 3381 ζῆλον
3008 3311 3228 3381 ἐκείνης
3277 3305 3642 3379 ματαιωθέντι
3682 3301 3876 3371 κόσμῳ

2286 3403 2530 3458 τοσαῦτα
2556 3406 2955 3476 συνηντηκότα,
2985 3405 3156 3475 αὐτὴν
3183 3403 3402 3474 ἐκείνην
3421 3400 3520 3472 τὴν
3562 3397 3877 3469 ἀρχέτυπον

2288 3494 2613 3565 ὑποστῆναι,
2639 3496 2804 3566 εἴπερ
2829 3495 2967 3566 πρὸς
2988 3495 3051 3548 τὸ
3081 3496 3256 3549 αἴτιον
3295 3493 3405 3546 πᾶν
3445 3491 3509 3544 τὸ
3535 3489 3620 3542 ἐπ’
3663 3485 3877 3541 ἐκείνου

2287 3584 2588 3656 συμϐαῖνον
2609 3586 2966 3657 ἀναφέρεται.

582 3692 710 3734 nem
764 3690 906 3730 vano
962 3673 1177 3740 effecto,
1229 3672 1376 3727 illam
1413 3672 1586 3741 ipsam
1655 3670 2012 3741 principalem
2069 3675 2380 3747 designent,
2431 3682 2478 3737 si
2521 3683 2586 3737 ad
2637 3699 2865 3739 causam
2932 3683 3200 3755 quidquid
3264 3684 3316 3737 in
3378 3683 3472 3736 illo
3537 3675 3771 3747 contigit
3795 3687 3880 3728 re-

585 3769 817 3825 feratur.

1151 3873 1381 3930 CAPUT
1455 3874 1612 3931 XLII.

589 3994 669 4051 De
706 3993 864 4050 tertio
897 3991 1086 4063 angelo
1111 3990 1402 4063 munientc
1439 3992 1692 4060 populum
1727 3990 1945 4046 Domini
1973 4008 2037 4046 ne
2060 4010 2182 4049 susv

1071 4061 1267 4131 ciperet
1302 4063 1714 4118 Antichristum.

660 4200 804 4268 XIV,
833 4201 961 4258 8-H
1000 4199 1071 4254 Et
1104 4201 1291 4256 tertius
1323 4199 1543 4270 angelus
1574 4210 1784 4254 secutus
1815 4210 1894 4256 est
1943 4216 2054 4264 cos,
2098 4203 2184 4255 di-

589 4313 710 4352 cens
736 4310 855 4350 uoce
892 4309 1088 4364 magna
1137 4307 1156 4346 :
1211 4289 1274 4347 Si
1327 4291 1447 4362 quis
1501 4290 1805 4346 adorarerit
1859 4292 2080 4345 bestiam
2133 4301 2185 4346 et

591 4389 850 4460 imagines
876 4386 1014 4457 ejus,
1048 4394 1098 4438 et
1127 4384 1390 4454 acceperit
1416 4384 1778 4438 characterem
1805 4385 1859 4439 in.
1895 4384 2067 4451 fronte
2087 4401 2187 4439 sua

2862 3887 3116 3940 ΚΕΦΑΛ.
3171 3881 3305 3940 MB'.

2285 3999 2428 4079 Περὶ
2471 3999 2697 4079 τρίτου.
2725 3999 3001 4079 (imago
3037 3997 3556 4079 ἀσφαλιζομένου.
3603 3999 3712 4052 τὸν
3776 3997 3880 4053 τοῦ

2329 4068 2558 4140 Κυρίου
2589 4069 2766 4135 λαέν,
2787 4068 2874 4141 μὴ
2896 4071 3187 4136 δέξασθαι
3219 4071 3354 4124 ’τὸν
3394 4068 3832 4138 Ἀντίχριστον.

2367 4211 2478 4265 Kal
2513 4212 2710 4280 τρίτος
2726 4208 2983 4280 ἅγγελος
3005 4208 3433 4278 ἠκολούθησεν
3455 4207 3662 4274 αὐτοῖς
3689 4206 3886 4276 λέγων

2295 4301 2366 4355 ἐν
2390 4300 2562 4371 φωνῇ
2590 4301 2828 4372 μεγάλῃ
2863 4318 2876 4330 ·
2918 4301 2990 4355 El
3037 4319 3128 4368 τις
3165 4298 3509 4369 προσκυνεῖ
3552 4299 3621 4353 τὸ
3675 4300 3886 4367 θηρίον

2297 4394 2391 4446 καὶ
2448 4393 2563 4462 τὴν
2607 4395 2814 4448 εἰκόνα
2861 4393 3070 4461 αὐτοῦ,
3107 4392 3210 4447 καὶ
3257 4393 3553 4463 λαμϐάνει
3611 4391 3886 4462 χάραγμα

591 4491 686 4552 aut
712 4484 764 4536 in
813 4496 975 4533 ntanu
1010 4494 1133 4542 sua,
1185 4479 1296 4545 ipse
1351 4493 1556 4546 quoque
1609 4477 1744 4532 bibet
1811 4481 1874 4532 de
1924 4481 2040 4533 vino
2095 4481 2191 4534 ira:

2296 4485 2396 4539 ἐπὶ
2430 4486 2536 4540 τοῦ
2563 4485 2842 4556 μετώπου
2877 4485 3064 4541 αὐτοῦ
3097 4485 3134 4554 ἢ
3174 4485 3274 4540 ἐπὶ
3319 4486 3435 4554 τὴν
3463 4484 3634 4554 χεὶρα
3675 4483 3882 4547 αὐτοῦ,

593 4574 713 4636 Dei,
745 4571 884 4638 quod
918 4571 1135 4624 mistum
1170 4579 1247 4623 est
1283 4585 1425 4623 mero
1453 4569 1506 4623 in
1548 4579 1754 4624 cratere
1785 4571 1884 4626 irae
1909 4572 2077 4641 ipsius
2098 4581 2188 4626 :et

592 4661 923 4715 cruciabitur
951 4661 1068 4729 igne
1097 4667 1151 4713 et
1179 4658 1433 4728 sulphure
1473 4675 1657 4713 coram
1683 4661 1886 4715 sanctis
1910 4663 2110 4734 angelis
2138 4671 2188 4716 ct

593 4771 774 4808 coram
797 4754 946 4823 Agna
971 4759 1057 4805 :et
1077 4750 1258 4815 fumus
1275 4752 1527 4805 tormenti
1554 4752 1669 4821 ejus
1708 4753 1766 4805 in
1793 4755 1989 4808 sa'cula
2021 4771 2190 4809 scaeu-

592 4849 768 4899 lorum
801 4840 1151 4897 ascendet.Et
1193 4857 1297 4895 non
1330 4841 1524 4895 habent
1558 4843 1793 4913 requiem
1831 4844 1917 4899 die
1941 4861 2004 4898 ac
2041 4855 2190 4901 nocte

589 4938 681 5009 qui
713 4937 944 4991 adorant
979 4935 1200 4989 bestiam
1226 4943 1275 4988 et
1321 4935 1608 5006 imaginem
1633 4936 1773 5007 ejus,
1813 4945 1863 4990 et
1891 4937 2190 5009 quicunque

594 5031 783 5101 accipit
822 5015 1178 5084 characterem
1215 5028 1446 5082 nominis
1480 5029 1616 5100 ejus.

2295 4577 2393 4632 καί
2427 4577 2612 4644 αὐτὸς
2650 4579 2848 4631 πίεται
2893 4579 2962 4632 ἐκ
2995 4577 3103 4632 τοῦ
3160 4578 3334 4632 οἴνου
3379 4576 3485 4630 τοῦ
3527 4573 3720 4644 θυμοῦ
3781 4573 3884 4628 τοῦ

2301 4671 2451 4725 Θεοῦ
2476 4671 2585 4726 τοῦ
2630 4671 3082 4742 κεκερασμένου
3115 4669 3384 4740 ἀκράτου
3410 4671 3482 4723 ἐν
3515 4666 3595 4734 τῷ
3625 4666 3887 4733 ποτηρίῳ

2300 4757 2409 4826 τῆς
2449 4759 2632 4829 ὀργῆς
2663 4761 2872 4816 αὑτοῦ.
2905 4761 3017 4815 Kal
3059 4759 3595 4826 ,βασανισθήσεται
3630 4759 3700 4812 ἐν
3747 4754 3886 4823 πυρὶ

2299 4852 2399 4905 καὶ
2432 4853 2569 4918 θείῳ
2599 4852 2857 4906 ἐνώπιον
2888 4852 3008 4908 τῶν
3038 4853 3224 4924 ἁγίων
3263 4853 3558 4924 ἀγγέλων,
3591 4851 3691 4906 καὶ
3742 4848 3904 4904 ἐγώ-ξ

2298 4956 2442 4996 πιον
2458 4942 2566 4996 τοῦ
2605 4943 2844 5012 Ἀρνίου
2873 4961 2887 4976 ·
2910 4943 3010 4998 καί
3035 4947 3069 4999 ό
3089 4943 3326 5011 καπνὸς
3357 4942 3466 4998 τοῦ
3488 4937 3903 5012 βασανισμοῦ,

2297 5032 2489 5088 αὐτοῦ
2547 5035 2636 5101 εἰς
2693 5035 2882 5090 αἰῶνα
2933 5035 3167 5091 αιώνων
3224 5037 3557 5092 ἀναϐαίνει.
3603 5036 3715 5091 Kal
3775 5011 3907 5088 οὐχ’

593 5128 846 5196 ἔχουσιν
868 5122 1224 5178 ἀνάπαυσιν
1250 5123 1478 5194 ἡμέρας
1506 5125 1604 5180 καί
1657 5126 1881 5194 νυκτὸς
1961 5131 2015 5182 cl
2059 5127 2558 5197 προσκυνοῦντες
2606 5129 2674 5184 τὸ
2705 5131 2918 5200 θηρίον
2984 5131 3086 5184 καί
3127 5129 3246 5200 τὴν
3272 5131 3482 5185 είκόνα
3526 5129 3740 5193 αὑτοῦ,
3779 5126 3876 5180 καὶ

595 5221 649 5277 εἰ
675 5239 768 5287 τις
797 5222 1092 5292 λαμϐάνει
1117 5220 1183 5274 τὸ
1213 5219 1491 5292 χάραγμα
1523 5221 1630 5277 τοῦ
1653 5222 1948 5294 ὀνόματος
1975 5223 2189 5279 αὐτοῦ.

674 5319 842 5390 Sequi
887 5317 1062 5385 dixit,
1101 5316 1263 5388 quasi
1301 5315 1618 5388 significare
1644 5317 1834 5372 volens
1857 5317 2196 5372 continuita-

599 5425 709 5468 tem
732 5423 788 5468 et
817 5412 1290 5468 inevitabilitatem
1323 5425 1387 5466 ac
1422 5410 1798 5466 severitatem.
1853 5412 2054 5482 Magna
2091 5426 2193 5466 au-

598 5517 707 5561 tem
739 5521 846 5561 vox
887 5504 1204 5561 immissum
1240 5513 1509 5560 terrorem
1548 5503 1820 5575 designat,
1855 5511 1908 5559 et
1944 5504 2089 5575 quod
2122 5520 2189 5560 ea

665 5682 714 5716 '°
733 5683 880 5740 Psal.
908 5699 1079 5750 Lxxn,
1111 5683 1201 5736 ‘27.

679 5837 790 5911 (li)
824 5835 1037 5894 Inclusa
1072 5839 1357 5896 omittebat
1383 5837 1471 5894 ed.

2333 5289 2336 5292 ν
2370 5315 2445 5370 Τὸ
2497 5313 2818 5370 ἀκολουθεῖν
2851 5313 3097 5387 εἴρηκεν,
3140 5312 3217 5379 ὡς
3241 5311 3303 5368 τὸ
3345 5316 3572 5384 συνεχὲς
3598 5315 3692 5368 καὶ
3735 5315 3891 5370 ἀδιά-

2300 5425 2542 5462 σπαστον
2579 5409 2673 5462 καὶ
2711 5407 2994 5464 ἁνένδοτον
3026 5406 3356 5480 βουλόμενος
3410 5409 3706 5479 παριστᾷν.
3752 5407 3817 5461 'Il
3838 5406 3889 5459 δὲ

2301 5503 2517 5575 μεγάλη
2565 5502 2719 5574 φωνὴ
2774 5502 2836 5558 τὸ
2868 5503 3241 5575 ἐκπληκτικὸν
3267 5502 3364 5559 καὶ
3386 5503 3444 5557 τὸ
3469 5503 3558 5559 διὰ
3582 5505 3765 5576 πάσης
3797 5519 3888 5574 χω-
