4110 6444
335 396 446 463 689

1408 406 1798 472 COMMENT.
1846 412 1927 473 IN
1967 411 2496 477 APOCALYPSIN.

3512 413 3622 478 69‘)

339 511 454 582 ρεϊν
495 507 669 581 ἀκοῆς
709 509 779 564 τά
816 509 1126 584 δηλούμενα
1182 515 1445 586 σημαίνει
1472 518 1546 590 ’ἡ
1590 521 1649 575 δὲ
1692 520 1788 574 τοῦ
1824 521 1927 593 θη-

2036 539 2154 594 quae
2179 524 2562 594 signiﬁcantur
2591 538 2814 580 omnem
2850 533 3143 593 penetrent
3185 523 3454 580 auditum.
3521 523 3626 576 Bc-

340 605 458 676 ρίου
487 603 866 676 προσκύνησις
891 606 988 660 καὶ
1015 606 1076 660 τὸ
1100 607 1288 661 λαϐεῖν
1321 609 1490 664 αὐτοῦ
1511 611 1610 684 τὴν
1630 614 1924 686 σφραγῖδα,

336 696 398 750 τὸ
448 695 539 750 τὸν
594 697 970 768 ’Δντίχριστον
1023 699 1338 771 ἡγήσασθαι
1380 703 1536 768 Θεὸν,
1573 708 1667 760 καὶ
1715 706 1926 781 λόγῳῆ

337 788 489 859 ἔργῳ
520 788 588 842 τά
619 789 940 860 καταθύμια
969 790 1148 864 τούτῳ
1185 793 1442 860 διεξιέναι
1474 798 1569 852 καὶ
1606 800 1927 870 κηρύσσειν.

338 881 510 935 Τοῦτο
539 882 648 953 γὰρ
685 881 748 936 τὸ
771 883 866 936 ἐπὶ
900 883 995 937 τοῦ
1030 885 1283 955 μετώπου
1333 890 1428 943 καὶ
1455 891 1556 961 τῆς
1586 893 1770 963 χειρὸς
1819 894 1923 963 χά-

337 991 532 1046 ραγμα
586 975 867 1046 σημαίνει,
906 976 1031 1029 ἀντὶ
1056 979 1152 1031 τοῦ
1184 979 1346 1048 λόγου
1376 981 1473 1036 τοῦ
1512 984 1794 1053 μετώπου,
1832 985 1928 1040 καὶ¹

337 1065 465 1120 ἀντὶ
515 1065 682 1136 ἔργου
713 1066 816 1129 τῆς
864 1067 1051 1137 χειρὸς
1105 1071 1600 1141 παραληφθέντων.
1639 1075 1839 1130 Είκὸνα
1871 1078 1930 1132 δὲ

335 1160 437 1222 τὴν
465 1157 704 1228 δυσσεϐῆ
738 1158 1016 1212 πολιτείαν
1039 1160 1213 1214 καλεῖο
1249 1158 1394 1216 οϊνον
1417 1164 1482 1218 δὲ·
1504 1167 1597 1239 τὴν
1625 1167 1795 1241 ὀργὴν
1825 1170 1928 1223 οὐκ

338 1252 448 1305 ἀπο
495 1253 594 1320 τῆς
646 1249 988 1322 εὐφροσύνης
1022 1250 1283 1320 ἔφασκεν,
1315 1255 1435 1309 ἀλλ’
1465 1259 1531 1311 ὲκ
1581 1259 1683 1329 τῆς
1715 1261 1927 1315 σκοτώ-

343 1362 478 1407 σεως
517 1345 611 1397 καὶ
644 1343 744 1410 τῆς
773 1345 1103 1415 παραφοράς
1134 1359 1149 1375 ·
1168 1347 1381 1402 τοιοῦτο
1406 1351 1516 1422 γᾶρ
1541 1354 1634 1407 καὶ
1664 1357 1691 1406 ὁ
1715 1355 1925 1424 θυμός·

342 1445 672 1514 κεκερᾶσθαι
701 1447 778 1510 δὲ,
812 1447 934 1501 ἀντὶ
992 1448 1086 1502 τοῦ
1145 1449 1426 1519 ἐκχείτθαι
1477 1448 1510 1518 ἢ
1565 1447 1923 1503 ὲπιδίδοσθαι.

347 1536 574 1605 Εἴρηται
606 1537 662 1590 δὲ
691 1537 836 1593 οὕτω
860 1540 983 1594 καθ’
1005 1541 1088 1594 ὄτι
1111 1541 1349 1611 ἑκάτερα
1374 1539 1524 1611 παρᾶ
1545 1541 1658 1600 τοῖς
1677 1539 1929 1602 παλαιοῖς

341 1630 412 1682 τὶ
443 1631 696 1700 ποτήρια.
735 1627 892 1697 Οἷνος
914 1633 972 1686 δὲ
1002 1633 1174 1703 θυμοῦ
1206 1632 1538 1705 signa-audi;
1571 1632 1662 1686 καὶ
1696 1631 1928 1701 εὐφραί-

343 1737 454 1774 νων
490 1717 652 1786 οῐνος·
685 1722 762 1786 ὡς
786 1723 898 1794 γὰρ
932 1725 960 1778 ὁ
991 1724 1303 1794 εὐφραίνων
1333 1719 1476 1788 οἶνος
1511 1723 1685 1794 λήθην
1711 1726 1930 1794 ἐμποιεῖ

339 1810 450 1864 τῶν
487 1812 790 1885 δυσχερῶν,
820 1814 966 1869 οὕτω
993 1815 1089 1870 καὶ
1117 1815 1213 1869 νῦν
1244 1810 1388 1880 οἶνος
1420 1814 1598 1888 θυμοῦ
1636 1814 1857 1888 εἴρηται
1879 1818 1930 1888 ζὴ

339 1904 562 1971 κόλασις
587 1907 1032 1980 ἐπακολούθημα.

419 2181 530 2236 Τοῦ
565 2180 1015 2251 κεκερασμένου
1055 2179 1320 2248 ἀκράτου
1340 2181 1411 2236 ἐν
1429 2179 1512 2246 τῷ
1532 2181 1795 2250 ποτηρίῳ
1823 2180 1936 2250 τῆς

340 2273 546 2344 ὁρτῆς.
601 2274 1034 2338 Ἐπιτευκτικῶς
1088 2275 1148 2328 τὸ
1183 2277 1426 2346 ἄκρατον
1453 2273 1548 2328 τοῦ
1575 2273 1752 2346 θυμοῦ
1803 2275 1934 2346 οἴνῳ

338 2367 644 2420 ἀπείκασεν
679 2367 906 2438 ἀκράτῳ
947 2367 1342 2438 κεκερασμένῳ
1399 2368 1457 2420 ἐν
1509 2365 1589 2438 τῷ
1645 2367 1929 2438 ποτηρίῳ⁸

339 2458 583 2528 ἄκρατος
628 2459 738 2529 γὰρ
789 2456 931 2520 οἶνος
990 2457 1290 2528 μεθύσκειν
1341 2457 1566 2511 δύναται
1607 2458 1794 2512 πλεῖον
1836 2457 1931 2513 τοῦ

342 2551 708 2622 κεκραμένου,
738 2551 861 2603 ἐπεὶ
893 2551 989 2604 καὶ
1044 2551 1188 2604 κατὰ
1228 2551 1321 2604 τὸν
1357 2550 1624 2621 μέλλοντα
1653 2552 1828 2606 αἰῶνα
1883 2553 1935 2605 oi

343 2641 820 2712 ἁνταποδιδόμενοι
869 2644 978 2697 τῶν
1036 2643 1388 2715 βεϐιωμένων
1444 2647 1648 2718 μισθοὶ,
1703 2649 1933 2719 ἄκρατοι

343 2734 436 2786 καὶ
470 2735 691 2804 ἀμιγεῖς
723 2737 818 2790 τοῦ
863 2737 1110 2790 ἐναντίου
1143 2737 1316 2798 ἐλέου,
1353 2741 1447 2792 καὶ
1490 2739 1714 2808 ἀγαθῶν
1746 2739 1928 2811 ἔργων

343 2823 725 2893 ἁειμνηστίας,
757 2827 839 2878 ὅτι
863 2827 958 2879 καὶ
986 2828 1015 2879 ὁ
1042 2827 1159 2880 ἐκεῖ
1211 2827 1326 2899 βίος
1351 2829 1562 2899 ἀληθὴς
1605 2833 1701 2884 καὶ
1731 2831 1935 2896 παντὸς

344 2913 594 2981 ἀγνεύων
641 2914 740 2969 τοῦ
773 2918 1148 2988 προσποιητοῦ
1182 2921 1278 2973 καὶ
1306 2920 1667 2977 ὲπιπλάστου.
1715 2922 1855 2976 Ἀλλ’
1884 2926 1933 2978 εί

339 3007 620 3075 τοιοῦτος,
677 3009 799 3071 πῶς
877 3011 1217 3082 κεκέρασται
1279 3016 1340 3067 ὲν
1392 3015 1471 3085 τῷ
1549 3017 1840 3089 ποτηρίῳ;
1894 3018 1929 3090 ἢ

340 3099 503 3169 δῆλον
523 3101 599 3165 ὡς
630 3102 691 3156 τὸ
714 3105 1048 3176 κεκερᾶσθαι
1072 3106 1173 3158 οὐκ
1196 3108 1479 3177 ἐπιμιξίαν
1505 3109 1627 3162 τινὰ
1652 3110 1928 3180 σημαίνει,

340 3192 458 3245 ἀλλ’
490 3193 750 3257 ἐπίδοσιν,
783 3197 858 3259 ὡς
907 3196 974 3250 ἂν
1003 3196 1148 3251 οὕτω
1188 3202 1362 3252 νοοῖτο
1383 3215 1395 3228 ·
1430 3199 1538 3254 Τοῦ
1579 3203 1930 3273 κεκερασμὲ-
1957 3236 2001 3297 c

343 3302 460 3350 νου,
494 3287 762 3354 τουτέστι,
798 3289 892 3343 τοῦ
941 3291 1287 3356 ὲπιδοθέντος
1337 3295 1394 3346 ὲν
1440 3294 1520 3366 τῷ
1551 3296 1798 3369 ποτηρίῳ
1829 3297 1930 3368 τῆς

341 3375 536 3446 ὀργῆς,
560 3377 628 3430 δι’
657 3378 795 3449 ὅπερ
837 3380 1148 3445 ἀκολούθως
1176 3385 1241 3454 τῇ
1273 3383 1437 3455 ὀργῇ,
1470 3385 1566 3438 κα)⁸
1619 3388 1652 3456 ἠ
1692 3385 1931 3456 βάσανος

333 3470 414 3523 εὲκ
468 3473 638 3538 πυρὶς
673 3473 769 3526 καὶ
799 3471 944 3526 θείου
997 3473 1201 3544 ἀμφοῖν
1235 3478 1721 3543 καυστικωτάτοιν,
1760 3479 1934 3548 πυρὸς

344 3565 470 3635 μὲν,
498 3567 714 3635 φλέγειν
770 3571 1100 3638 πεφυκότος,
1135 3568 1228 3622 τοῦ
1282 3568 1430 3622 θείου
1467 3570 1526 3624 δὲ
1589 3570 1929 3642 ἁνερεθίζειν

339 3657 579 3728 διαρκῶς
611 3659 864 3723 εἰωθότος
892 3677 906 3691 ⁸
939 3660 1000 3712 τὸ
1031 3659 1086 3713 δὲ
1117 3659 1347 3715 ἐνώπιον
1383 3662 1495 3729 τῶν
1550 3662 1723 3729 ἁγίων
1753 3663 1926 3731 ἀγγέ-

339 3749 452 3803 λων
479 3750 570 3803 καὶ
624 3751 720 3805 τοῦ
766 3752 1007 3824 Ἀρνίου,
1038 3752 1197 3806 τοῦτο
1221 3753 1473 3822 βούλεται
1508 3755 1803 3826 παριστᾷν,
1843 3754 1933 3809 διὰ

345 3843 450 3912 μὲν
479 3843 586 3897 τῶν
630 3845 903 3913 ἀγγέλων,
931 3846 992 3898 τὸ
1033 3845 1392 3916 ἀδυσώπητον
1425 3846 1488 3901 τὸ
1518 3848 1655 3919 πρὸς
1689 3849 1790 3919 τὴν
1830 3849 1926 3919 βά-

344 3951 530 4000 σανον,
563 3935 650 3990 διὰ
674 3936 731 3989 δὲ
753 3938 848 3991 τοῦ
890 3937 1126 4008 Ἀρνίου,
1162 3939 1471 4010 ἀνάμνησιν
1515 3941 1774 4011 φέροντος
1825 3942 1930 4012 τῆς

342 4025 486 4096 ὑπὲρ
518 4029 793 4098 σωτηρίας
824 4029 1129 4099 ἀνθρώπων
1163 4030 1330 4084 αὑτοῦ
1373 4033 1613 4102 σφαγῆς,
1646 4034 1794 4098 ὅπως
1825 4035 1926 4087 αὑ-

341 4119 436 4183 τὸς
487 4120 584 4190 μὲν
632 4121 720 4174 διά
775 4121 949 4192 πυρὸς
1006 4123 1305 4192 ἀγαπήσας
1353 4124 1653 4178 ἐκδέδωκεν
1707 4126 1926 4193 ἑαυτὸν,

342 4213 501 4265 αὐτοὶ
525 4212 582 4266 δὲ
621 4215 719 4284 τῆς
769 4214 980 4268 ἑαυτῶν
1036 4216 1423 4286 ἀπαλλαγῆναι
1491 4216 1772 4281 ἀπωλείας
1822 4219 1924 4272 οὐκ

343 4305 744 4376 ἐϐουλήθησαν.
789 4307 1011 4361 Καπνδν
1056 4309 1112 4362 δὲ
1179 4308 1272 4361 τοῦ
1335 4308 1696 4379 βασανισμοῦ,
1743 4310 1776 4380 ἢ
1828 4310 1931 4381 τὴν

345 4393 484 4462 πρὸς
514 4395 722 4460 πάντας
743 4397 977 4466 δήλωσιν
1006 4398 1100 4451 τοῦ
1123 4399 1210 4452 διὰ
1238 4399 1410 4470 πυρὸς
1439 4399 1779 4453 ἐκτελεῖσθαι
1831 4401 1931 4471 τὴν

342 4486 638 4555 τιμωρίαν,
694 4486 924 4557 [καπνὸς
977 4488 1086 4559 γὰρ
1125 4489 1299 4560 πυρὸς
1346 4490 1649 4562 τεκμήριον
1691 4489 1922 4563 (45)Ῑ,ῆ

2037 615 2198 671 stiam
2235 632 2364 671 vero
2409 596 2642 673 adorare
2665 627 2721 672 et
2775 617 2897 688 ejus
2948 619 3168 686 signum
3215 618 3486 687 accipere,
3539 625 3626 670 est

2035 711 2355 765 existimare
2387 709 2788 766 Antichristnm
2840 725 2962 766 esse
2993 710 3165 765 Deum
3225 710 3504 780 verboque
3571 718 3628 763 et

2037 813 2201 869 Opere
2233 815 2356 870 quae
2407 799 2537 856 huic
2559 809 2710 872 grata
2736 810 2868 856 sunt
2921 816 3360 857 commemorare
3399 816 3463 856 ac
3486 815 3624 872 pra»

2040 892 2250 948 dicare.
2280 892 2415 947 Nam
2449 894 2554 949 hoc
2584 893 2861 964 signiﬁcat
2888 897 3176 950 character
3236 895 3292 949 in
3347 893 3528 949 fronte
3573 902 3629 948 et

2041 985 2094 1038 in
2127 1000 2290 1039 manu
2327 1003 2341 1040 :
2386 979 2876 1056 fronle‘assumpta
2907 1001 3004 1056 pro
3068 1001 3344 1052 sermone,
3379 994 3434 1039 et
3458 999 3624 1038 manu

2039 1089 2140 1145 pro
2169 1090 2355 1146 opere.
2394 1076 2688 1147 Imaginem
2715 1087 2900 1132 autem
2933 1088 3095 1131 vocat
3121 1078 3348 1148 impiam
3374 1091 3626 1132 conver-

2019 1168 2332 1223 -sationem.
2365 1167 2539 1224 Porro
2574 1168 2764 1223 vinum
2817 1169 2957 1223 dixit
3002 1169 3164 1236 iram,
3219 1185 3328 1224 non
3377 1168 3447 1222 oh
3483 1165 3626 1221 lzeti-

2040 1259 2170 1314 tiam
2206 1275 2370 1331 quam
2399 1259 2666 1326 immittit,
2696 1261 2792 1316 sed
2848 1261 2920 1316 ob
2966 1261 3163 1330 capitis
3194 1261 3516 1331 vertiginem
3555 1274 3620 1314 ac

2036 1343 2203 1407 veluti
2234 1351 2498 1408 furorem:
2527 1351 2847 1422 hujusmodi
2882 1353 3027 1408 enim
3053 1362 3137 1408 est
3164 1353 3242 1407 ira
3277 1365 3400 1422 quae
3419 1351 3622 1406 dicitur

2038 1445 2231 1516 θυμός.
2266 1443 2488 1500 Mistum
2520 1459 2654 1501 vero
2683 1459 2827 1507 esse,
2861 1444 2967 1499 hoc
3010 1455 3094 1500 est
3143 1445 3402 1500 dilfusum
3435 1453 3491 1499 et
3523 1460 3590 1499 au
3611 1469 3627 1482 -

2038 1548 2403 1609 gmentatum.
2435 1539 2514 1592 Ita
2544 1547 2729 1592 autem
2781 1536 2989 1591 dictum
3031 1545 3138 1601 est,
3186 1551 3253 1590 eo
3295 1535 3441 1606 quod
3477 1534 3623 1604 apud

2038 1641 2253 1688 veteres
2285 1640 2521 1700 utraque
2570 1639 2730 1686 erant
2765 1629 2988 1700 pocula.
3020 1629 3250 1682 Demnm
3284 1628 3474 1681 vinum
3530 1626 3628 1680 irte

2039 1723 2156 1780 sive
2189 1721 2394 1778 iuroris
2422 1723 2632 1777 dictum
2660 1729 2764 1786 est,
2813 1721 3278 1791 quemadmodum
3339 1720 3504 1775 etiam
3549 1719 3630 1774 νὶ-

2040 1831 2172 1871 num
2204 1815 2514 1870 lactiﬁcans.
2541 1813 2697 1871 Sicut
2726 1814 2872 1869 enim
2899 1813 3059 1884 771
3097 1813 3285 1868 vinum
3334 1812 3483 1884 quod
3537 1812 3632 1867 Iae-

1962 1894 2006 1951 Β
2037 1906 2207 1962 tiﬁcat
2232 1905 2566 1961 oblivionem
2617 1903 2866 1959 immittit
2902 1919 3086 1959 rerum
3119 1905 3482 1960 molestarnm
3507 1944 3522 1970 ,
3553 1904 3627 1958 ita

2035 2009 2089 2055 et
2118 2012 2264 2054 nunc
2282 1996 2469 2052 vinum
2495 1995 2589 2050 iraa-
2614 1993 2700 2050 vel
2723 1993 2929 2051 furoris
2958 1995 3164 2051 dictum
3185 2004 3271 2052 est
3295 1995 3627 2066 supplicium

2036 2087 2181 2157 quod
2231 2086 2613 2158 subsequi-tur.

2106 2177 2258 2244 Quod
2292 2180 2507 2234 mistum
2539 2189 2617 2234 est
2645 2195 2788 2235 mero
2819 2181 2873 2234 in
2899 2188 3102 2234 cratere
3135 2180 3251 2234 ἔτι-ο.
3288 2177 3496 2234 Merum
3537 2178 3628 2234 fu-

2038 2273 2182 2328 roris
2219 2271 2426 2328 aﬂ’abre
2456 2274 2799 2344 comparavit
2847 2275 2980 2329 vino
3017 2288 3170 2329 mero
3197 2273 3341 2342 quod
3377 2273 3431 2327 in
3455 2273 3629 2329 calice

2038 2365 2264 2419 mistum
2299 2373 2406 2421 est.
2443 2365 2728 2436 Siquidem
2761 2367 2950 2421 vinum
2978 2381 3192 2422 merum
3223 2364 3443 2421 [acilius
3504 2366 3624 2420 ine-

2039 2457 2223 2513 briare
2282 2465 2463 2529 potest
2505 2474 2672 2530 quam
2722 2459 2972 2527 mistum,
3020 2459 3282 2530 quoniam
3335 2457 3390 2513 in
3439 2455 3627 2512 futuro

2035 2565 2256 2620 quoque
2294 2550 2499 2606 saeculo
2547 2551 2947 2606 retributiones
3000 2565 3192 2605 eorum
3235 2565 3358 2619 qua:
3405 2549 3459 2603 in
3520 2551 3629 2604 hac

2036 2640 2144 2695 vita
2178 2649 2403 2711 peracta
2432 2650 2585 2706 sunt,
2626 2657 2780 2712 purae
2831 2649 3014 2706 erunt,
3057 2651 3111 2695 et
3167 2656 3274 2694 non
3327 2642 3629 2697 commistae

2037 2749 2163 2790 cum
2192 2735 2444 2805 opposita
2474 2735 2854 2791 misericordia
2905 2744 3000 2790 aut
3053 2735 3314 2792 continua
3352 2737 3627 2791 honorum

2037 2843 2266 2898 operum
2300 2828 2564 2884 memoria
2617 2846 2630 2883 :
2681 2829 2945 2900 quoniam
2998 2828 3180 2884 futura
3236 2845 3460 2901 quoque
3511 2829 3626 2884 vita

2036 2937 2165 2976 vera
2189 2922 2400 2987 erit,_et
2428 2923 2659 2992 expiatis
2689 2923 2758 2978 ab
2779 2923 2928 2977 omni
2961 2923 3316 2980 simulatione
3366 2932 3421 2978 et
3477 2916 3624 2977 fuco.

2038 3013 2245 3071 Verum
2277 3016 2324 3072 si
2357 3015 2481 3071 talis
2528 3025 2634 3082 est,
2668 3017 2946 3086 quomodo
3003 3018 3206 3074 dicitur
3247 3018 3436 3072 vinum
3490 3017 3630 3073 mis-

2037 3115 2153 3161 tum
2185 3108 2240 3161 in
2272 3109 2525 3163 cratere?
2550 3107 2904 3164 Manifestum
2937 3119 3024 3167 est
3066 3110 3234 3182 igitur
3268 3111 3416 3181 quod
3437 3109 3499 3164 τὸ
3530 3126 3624 3164 κε-

2036 3193 2328 3264 κερᾶσθαι,
2366 3196 2417 3249 id
2439 3203 2545 3262 est,
2580 3197 2799 3252 mismm
2827 3211 2971 3262 esse,
3001 3214 3108 3254 non
3126 3199 3629 3271 signiﬁcattempe-

2040 3294 2286 3340 raturam
2320 3287 2586 3358 aliquam,
2619 3291 2713 3344 sed
2741 3289 3103 3354 additionem,
3141 3301 3199 3346 ut
3228 3293 3300 3348 sit
3331 3293 3435 3348 iste
3500 3307 3630 3347 scn-

2038 3391 2135 3433 sus
2159 3395 2172 3431 :
2199 3377 2356 3444 Quod
2385 3379 2608 3436 mistum
2637 3390 2741 3444 est,
2777 3381 2830 3436 id
2859 3389 2964 3448 est,
3003 3384 3313 3453 appositum
3344 3383 3399 3438 in
3413 3393 3627 3438 cratere

2037 3469 2153 3536 im,
2197 3480 2423 3542 propter
2450 3473 2595 3542 quod
2623 3487 2864 3545 congrue
2895 3473 2964 3528 ad
2999 3473 3136 3528 iram
3199 3476 3449 3546 sequitur
3510 3485 3627 3530 tor-

2037 3569 2286 3616 mentum
2319 3563 2461 3633 ignis
2489 3573 2542 3619 et
2565 3564 2871 3636 sulphuris,
2898 3581 3022 3636 quae
3049 3567 3210 3622 ambo
3239 3567 3628 3623 ardentissime

2036 3665 2278 3710 exurunt
2312 3673 2325 3710 :
2362 3671 2485 3711 cum
2513 3657 2658 3728 ignis
2700 3658 2920 3729 quidem
2954 3669 3119 3714 natus
3142 3660 3215 3714 sit
3247 3659 3621 3726 inﬂammare,

2037 3748 2272 3816 sulphur
2313 3758 2495 3803 autem
2530 3751 2793 3806 continue
2841 3751 2908 3807 ad
2948 3752 3201 3809 ardorem
3252 3751 3490 3807 excitare
3536 3768 3630 3808 so-

2036 3841 2164 3895 leat.
2202 3842 2376 3898 Porro
2411 3845 2557 3914 quod
2591 3842 2798 3900 dicitur
2849 3864 2863 3901 :
2938 3861 3127 3902 coram
3165 3846 3376 3902 sanctis
3421 3847 3631 3917 angelis

2037 3946 2092 3992 et
2120 3938 2300 4008 Agno,
2336 3939 2443 3995 hoc
2466 3940 2780 4009 signiﬁcare
2819 3941 2976 3997 vult:
3009 3957 3104 4012 per
3127 3941 3352 4014 angelos
3403 3941 3628 4013 quidem

2037 4029 2540 4101 imp’lacabilitatem
2573 4035 2641 4089 ad
2707 4035 3040 4099 cruciatum,
3087 4050 3184 4100 per
3230 4035 3444 4104 Agnnm
3500 4051 3630 4090 vero

2038 4124 2186 4192 quod
2217 4125 2686 4182 reminiscentiam
2726 4143 2915 4183 secum
2948 4127 3140 4182 aﬂ‘erat
3179 4143 3295 4183 sua:
3325 4127 3493 4183 caedis
3526 4142 3627 4197 pro

2038 4215 2218 4272 salute
2259 4218 2572 4286 hominum,
2626 4220 2773 4290 quod
2837 4220 2955 4290 ipse
3007 4219 3129 4274 illos
3179 4218 3478 4289 diligendo.
3534 4235 3631 4288 per

2039 4307 2222 4377 ignem
2255 4309 2495 4377 seipsum
2529 4311 2837 4376 tradiderit,
2872 4311 2949 4365 illi
2988 4326 3122 4366 vero
3170 4325 3201 4366 α
3255 4311 3480 4382 propria
3503 4326 3628 4381 per-

2035 4396 2249 4452 ditione
2305 4397 2526 4454 liberari
2570 4400 2867 4456 noluerint.
2898 4401 3070 4456 Porro
3112 4401 3375 4456 tormenti
3411 4401 3626 4456 fumum

2037 4498 2300 4561 tanquam
2344 4492 2600 4546 nebulam
2633 4493 2773 4549 dixit
2821 4493 3170 4550 ascendere:
3212 4493 3316 4548 hoc
3371 4502 3477 4562 est,
3534 4502 3633 4548 aut

351 4576 455 4630 τῶν
493 4578 603 4631 ἀπὸ
651 4578 745 4632 τοῦ
782 4580 1067 4651 ᾅσθματος
1104 4579 1490 4652 κολαζομένων
1537 4582 1638 4652 τῆς
1680 4583 1929 4654 οἰμωγῆς

2039 4581 2542 4639 manifestationem
2571 4585 2638 4639 ad
2679 4600 2874 4641 omnes
2923 4585 3071 4655 quod
3123 4586 3451 4656 supplicium
3501 4587 3630 4658 igne

342 4669 507 4721 οἱονεὶ
535 4669 694 4740 νέφος
718 4672 778 4725 οὐ
808 4673 945 4745 πρὸς
977 4673 1179 4744 ὀλίγον,
1217 4673 1336 4728 ἀλλ’
1368 4674 1602 4739 αἰωνὶως
1636 4675 1930 4731 ἀναϐαῖνον

345 4761 594 4833 εἴρηκεν.

316 4943 318 4947 ’
412 4944 550 5006 Ὧδε
578 4950 854 5019 ὑπομονὴ
892 4951 1012 5004 τῶν
1048 4951 1232 5021 ἁγίων
1279 4952 1548 5017 ἐστὶν,οί
1603 4953 1931 5021 τηροῦντες

343 5043 452 5108 τὰς
486 5044 740 5110 ἐντολὰς
779 5044 885 5098 τοῦ
925 5044 1096 5110 Θεοῦ,
1136 5045 1236 5100 καὶ
1292 5046 1403 5112 τὴν
1445 5046 1656 5101 πίστιν
1706 5046 1924 5113 Ἰησοῦ.

346 5135 458 5190 Καὶ
488 5136 731 5204 ἤκουσα
767 5136 975 5206 φωνῆς
1019 5137 1091 5191 ἐκ
1145 5137 1252 5192 τοῦ
1288 5139 1550 5206 οὐρανοῦ
1583 5139 1890 5207 λεγούσης
1917 5157 1931 5170 ο

343 5227 636 5297 Γράψον·
664 5228 954 5297 Μακάριοι
998 5232 1051 5283 οἱ
1085 5229 1284 5297 νεκροί
1330 5232 1385 5282 οὶ
1423 5230 1494 5283 ἐν
1531 5232 1729 5298 Κυρίῳ
1785 5231 1935 5284 ἁπο-

342 5322 722 5390 θνήσκοντες
766 5324 1005 5397 ἀπάρτι.
1039 5324 1174 5391 Ναὶ,
1201 5323 1365 5394 λέγει
1406 5323 1472 5378 τὸ
1516 5323 1787 5393 Πνεῦμα,
1830 5325 1934 5378 ἵνα

340 5417 813 5470 ἀναπαύσωνται
849 5416 917 5469 ἐκ
947 5414 1069 5469 τῶν
1097 5415 1301 5470 κόπων
1320 5414 1540 5479 αὐτῶν,
1566 5412 1639 5467 τὰ
1670 5413 1738 5468 δὲ
1785 5415 1930 5484 ἔργα

341 5506 545 5563 αὐτῶν
579 5508 1042 5577 ἀκολούθεῖμεὲ
1059 5509 1284 5562 αὐτῶν.

428 5600 518 5654 Ἐν
540 5599 738 5671 τούτῳ,
772 5602 928 5671 φησι,
955 5599 1035 5670 τῷ
1069 5599 1248 5671 καιρῷ
1275 5599 1354 5672 τῷ
1393 5599 1488 5653 τοῦ
1547 5599 1927 5670 Ἀντιχρίστου

344 5691 662 5762 ὴθπομονὴ
690 5695 797 5747 τῶν
834 5692 1006 5760 ἁγίων
1038 5692 1336 5749 δείκνυται.
1369 5689 1502 5748 Εἶτα
1519 5692 1596 5758 ὡς
1625 5691 1683 5759 ἐξ
1715 5693 1927 5766 ἐρωτή-

423 5871 534 5944 (id)
566 5870 777 5931 Inclusa
818 5872 1019 5932 omittit
1047 5873 1134 5930 ed.

2041 4675 2359 4746 perﬁciatur
2389 4676 2599 4748 (fumus
2622 4679 2770 4732 enim
2812 4678 2992 4750 ignem
3045 4677 3316 4750 denotat),
3377 4687 3475 4735 aut
3527 4694 3631 4736 eo-

2042 4783 2165 4823 rum
2199 4767 2296 4840 qui
2347 4770 2658 4838 puniuntur
2686 4770 2954 4841 eiulatum
2980 4813 2996 4838 ,
3053 4787 3164 4827 non
3203 4772 3270 4828 ad
3302 4774 3465 4828 breve
3489 4782 3630 4828 tem-

2043 4875 2172 4930 pus,
2203 4861 2298 4917 sed
2330 4870 2617 4931 perpetuo.

2117 4953 2260 5017 XIV,
2300 4954 2386 5022 12,
2433 4956 2517 5010 15.
2567 4955 2666 5010 Hic
2699 4959 2958 5025 patientia
3015 4968 3323 5014 sanctorum
3370 4970 3447 5013 est
3479 4973 3498 5010 :
3533 4974 3630 5012 cu-

2039 5044 2324 5100 stodientes
2358 5057 2624 5116 prwcepta
2655 5046 2752 5102 Dei
2789 5056 2842 5103 et
2871 5049 3032 5118 ﬁdem
3057 5050 3208 5104 Jesu.
3240 5049 3308 5103 Et
3337 5050 3521 5104 audivi
3549 5066 3634 5103 vo-

2041 5153 2150 5190 cem
2177 5139 2241 5191 de
2270 5137 2400 5192 creto
2432 5139 2694 5194 dicentem
2731 5157 2750 5193 .·
2787 5139 3006 5194 Scribe:
3035 5140 3194 5195 Beati
3226 5143 3425 5194 mortui
3455 5142 3546 5210 qui
3570 5143 3626 5194 in

2045 5229 2273 5287 Domino
2315 5234 2616 5288 moriuntur
2656 5235 2871 5289 amodo.
2911 5233 3184 5305 Profecto,
3209 5237 3338 5290 dicit
3365 5234 3623 5304 Spiritus,

2045 5333 2102 5376 ut
2131 5325 2462 5394 requiescant
2484 5342 2518 5380 a
2544 5325 2818 5381 laboribus
2845 5327 3090 5392 suis,scd
3120 5343 3280 5396 opera
3308 5324 3525 5378 illorum
3551 5341 3631 5378 se-

2037 5428 2282 5487 quuntur
2315 5417 2479 5487 ipsos.

2107 5592 2241 5660 Hoc,
2278 5593 2474 5665 inquit,
2525 5594 2848 5651 Antichristi
2893 5602 3139 5668 tempore
3175 5594 3486 5652 ostenditur
3515 5610 3614 5665 [κισ

2033 5687 2229 5745 tientia
2268 5697 2607 5745 sanctorum.
2644 5687 2846 5746 Deinde
2888 5695 3154 5762 tanquam
3203 5689 3271 5745 ab
3315 5687 3624 5760 interroga-
