4110 6406
367 405 474 469 693

1433 410 1826 472 COMMENT.
1870 411 1952 473 IN
1992 399 2500 472 APOCALYPSIN

3529 404 3636 467 694

365 517 463 570 καὶ
491 516 612 588 ἥξει
658 516 740 580 είς
777 516 1056 586 Αἴγυπτον
1077 531 1092 546 ο
1130 536 1148 568 ι
1182 517 1246 572 ἐκ
1273 517 1378 588 γῆς
1408 519 1510 589 μὲν
1573 517 1689 574 οἷον
1719 519 1947 590 ἐξατμι-

2056 518 2107 572 in
2137 516 2433 587 {Egyptum
2457 515 2498 546 "
2532 532 2546 569 :
2587 534 2604 566 ι
2646 515 2714 569 de
2775 521 2920 569 terra
2952 513 3174 583 quidem
3229 511 3398 567 veluti
3435 525 3633 580 evapo-

367 609 610 674 σθεῖσαν,
643 611 919 677 τουτέστι,
953 611 1236 683 περιγείου
1263 609 1580 683 παχύτητος
1627 611 1948 682 ἀποδράσα-

368 718 489 754 σαν.
519 700 808 772 Κουφότης
832 701 889 756 δὲ
912 704 1033 766 ταῖς
1048 703 1470 775 ούρανοδρόμοις
1489 704 1714 777 ἀρεταῖς
1739 723 1879 776 κατη
1888 723 1950 776 ρ-

364 793 594 862 τισμὲνη
620 793 933 848 ἀποδίδοται
958 795 1036 867 τῷ
1066 795 1135 849 δι’
1174 797 1346 868 αὐτῆς
1386 797 1694 868 ἐνδημῆσαι
1725 796 1818 850 τὸν
1855 797 1949 850 τοῦ

365 883 502 937 θεοῦ
531 885 659 940 Υίὸν
687 885 1114 959 εὐμοιρήσαντα.
1147 889 1219 942 Ἦ
1245 888 1478 961 νεφέλην
1499 889 1804 961 ἀγγελικὴν
1827 905 1950 943 τινα

362 975 597 1046 δύναμιν
629 976 718 1031 διὰ
749 977 813 1030 τὸ
841 977 1104 1049 καθάριον
1134 979 1246 1050 (47)
1277 980 1375 1034 καὶ
1416 981 1826 1054 μετεωρότερον
1850 981 1950 1054 τῆς

365 1065 666 1138 ἀγγελικῆς
704 1067 948 1138 φύσεως,
979 1070 1112 1141 παρ’
1142 1069 1172 1124 ὃ
1209 1071 1302 1126 καὶ
1318 1069 1512 1126 λευκὸν
1538 1068 1702 1126 εἶναι.

438 1244 640 1310 Ἔχων
667 1241 767 1296 ἐπὶ
803 1241 912 1311 τῆς
938 1243 1213 1314 κεφαλῆς
1244 1242 1434 1300 αὑτοῦ
1469 1243 1776 1313 στέφανον
1800 1263 1950 1314 χρυ·

367 1335 544 1388 σοῦν.
619 1335 678 1388 '0
734 1337 1002 1404 στέφανος
1060 1338 1154 1390 τὸν
1192 1337 1402 1406 Κύριον
1457 1338 1666 1406 Ἰησοῦν
1722 1339 1952 1408 βασιλέα

369 1426 687 1479 αἰνίττεται.
713 1425 976 1490 Βασιλεὺς
1009 1427 1118 1497 γὰρ
1140 1428 1250 1482 τῶν
1269 1427 1477 1500 νοητῶν
1506 1444 1567 1481 τε
1612 1429 1707 1482 καὶ
1753 1429 1952 1499 αἰσθη-

370 1519 478 1572 τῶν
505 1519 532 1570 ό
569 1519 826 1590 Χριστός.
855 1519 1105 1591 Χρυσοῦν
1135 1519 1194 1573 δὲ
1231 1521 1324 1574 τὸν
1373 1521 1641 1590 στέφανον
1685 1521 1858 1591 λέγει,
1886 1525 1952 1577 ἐκ

367 1609 475 1662 τῶν
526 1611 656 1681 παρ’
708 1612 842 1680 ἡμῖν
898 1611 1098 1682 τιμίων
1125 1612 1186 1664 τὸ
1223 1610 1434 1678 ἔνδοξον
1485 1612 1862 1682 ὑπογράφων
1891 1613 1956 1666 τὸ

365 1700 422 1753 δέ
466 1703 523 1754 ἐν
579 1705 645 1774 τῇ
693 1705 840 1774 χειρὶ
878 1705 1150 1776 δρέπανον
1201 1703 1371 1775 ἔχειν,
1429 1706 1491 1760 τὸ
1538 1707 1598 1758 ἐν
1626 1709 1694 1777 τῇ
1731 1705 1952 1778 ἐξουσίᾳ

363 1793 532 1846 αὐτοῦ
568 1794 783 1848 κεῖσθαι
803 1795 901 1866 τὴν
931 1794 1024 1849 τοῦ
1060 1795 1254 1860 αἰῶνος
1287 1796 1477 1850 τούτου
1507 1798 1820 1852 συντέλειαν
1848 1816 1952 1852 πα-

367 1884 590 1955 ραδηλοῖ
610 1886 696 1941 διὰ
732 1888 829 1958 τῆς
861 1888 1052 1958 ὀργῆς,
1081 1888 1114 1958 ἢ
1146 1888 1244 1960 τὴν
1293 1892 1575 1960 ταχυτῆτα
1604 1892 1702 1962 τῆς
1733 1891 1948 1960 ἐφόδου.
1983 1871 2027 1930 Β

437 1979 542 2032 Kal
567 1979 760 2046 ἄλλος
813 1979 1070 2050 ἅγγελος
1097 1980 1362 2049 ἐξῆλθεν
1390 1981 1638 2051 κράζων.
1671 1983 1771 2036 Διά
1800 1983 1853 2036 τί
1891 1984 1950 2037 δέ

362 2067 589 2140 ἐξῆλθεν
616 2067 1063 2142 οὗτοςὸἀγγελος
1089 2073 1344 2144 κράζων;
1379 2075 1837 2146 Περιφραστικῶς
1862 2076 1954 2130 διά

357 2163 570 2218 τούτων
598 2164 854 2234 δηλοῦται
883 2170 914 2237 ἡ
937 2167 1117 2221 ίκεσία
1145 2166 1252 2221 τῶν
1273 2167 1613 2237 ἐπουρανίων
1637 2167 1950 2238 δυνάμεων,

359 2258 668 2330 ἐφιεμένων
683 2260 784 2330 μὲν
801 2259 902 2330 τὴν
927 2258 1038 2312 τῶν
1060 2259 1288 2312 δικαίων
1316 2259 1505 2331 τιμὴν,
1527 2260 1604 2322 ὡς
1631 2261 1952 2332 μιμησαμέο

359 2365 470 2402 νων
485 2349 658 2413 αὐτὰς
680 2352 740 2404 ἐν
751 2352 817 2420 τῇ
851 2349 1174 2421 προσκαίρῳ
1204 2348 1316 2422 ζωῇ
1344 2351 1574 2414 ἑαυτῶν,
1597 2353 1699 2404 οὐκ
1715 2353 1952 2406 ἀπαναι-

359 2441 608 2509 νομένων
631 2441 690 2496 δὲ
719 2441 820 2513 τὴν
851 2441 965 2495 τῶν
989 2442 1334 2496 ἀπεναντίων
1383 2443 1570 2507 αὐτοῖς
1603 2443 1952 2512 βεϐιωκότων

360 2531 608 2586 ἐκδικίαν
639 2533 963 2588 θεάσασθαι.
989 2533 1082 2587 Διὸ
1137 2533 1584 2600 ἐπισπεύδουσιν,
1616 2534 1702 2604 ἐφ’
1738 2528 1784 2603 ᾧ
1807 2535 1950 2589 παύ-

363 2624 564 2678 σασθαι
593 2625 693 2697 μὲν
729 2625 796 2678 τὰ
820 2626 1122 2696 κινούμενά
1147 2643 1207 2679 τε
1239 2627 1334 2681 καὶ
1365 2624 1752 2698 ἀλλοιούμενα,
1773 2643 1941 2698 φανε-

364 2716 613 2788 ρωθῆναι
643 2717 701 2772 δὲ
729 2718 798 2772 τὰ
831 2718 1175 2774 ἀναλλοίωτα
1211 2719 1307 2773 καὶ
1336 2719 1663 2790 ἀνακίνητα.

437 2808 567 2863 Ὅτι
599 2810 902 2879 ἐξηράνθη
939 2814 972 2866 ὁ
1010 2811 1295 2879 θερισμὸς
1323 2811 1434 2880 τῆς
1461 2811 1594 2881 γῆς.
1622 2811 1697 2866 Τδ
1746 2809 1948 2884 ξηραν-

363 2899 526 2969 θῆναι
558 2899 650 2954 τὸν
681 2901 941 2972 θερισμὸν
985 2901 1086 2954 οὐκ
1117 2901 1245 2956 ἀλλο
1293 2900 1463 2971 δηλοῖ,
1491 2899 1522 2971 ἢ
1550 2901 1613 2954 τὸ
1658 2903 1950 2970 ἐπιστῆναι

359 2992 458 3046 τὸν
489 2993 590 3064 τῆς
615 2993 928 3058 συντελείας
957 2994 1148 3067 καιρὸν
1195 2995 1284 3047 ὅτε
1337 2994 1658 3059 πεπανθεὶς,
1685 2995 1762 3058 ὠς
1807 2997 1952 3059 σῖτος

360 3081 595 3154 ὥριμος,
633 3085 662 3138 ὁ
690 3084 799 3138 τῶν
845 3084 1152 3156 ἀνθρώπων
1185 3084 1409 3156 σπόρος,
1439 3085 1468 3136 ὁ
1503 3085 1604 3155 μέν
1651 3101 1736 3138 τοι
1790 3085 1950 3138 εὐσε-

2056 618 2290 673 rantcm,
2324 608 2428 663 hoc
2487 615 2570 663 est
2600 622 2631 662 a
2665 619 2881 661 terrena
2923 604 3178 661 crassitie
3241 603 3634 675 egredientem,

2053 701 2148 754 sed
2179 699 2398 754 levitate
2428 707 2687 755 contexta
2713 699 3014 754 virtutibus
3047 697 3101 754 in
3127 697 3330 753 caelum
3358 697 3640 753 currenti-

2055 789 2181 857 bus,
2223 807 2342 861 qua:
2379 791 2478 861 ipsi
2511 791 2853 858 attribuitur,
2902 806 2968 847 eo
3009 789 3157 862 quod
3196 805 3292 860 per
3319 789 3496 861 ipsam
3539 788 3640 844 Dei
3709 773 3723 785 ⁷

2054 881 2230 938 Filius
2283 882 2426 938 felici
2462 883 2576 938 fato
2626 883 2784 941 nobis
2840 898 3084 953 praisens
3140 883 3323 939 fuerit.
3383 881 3494 937 Aut
3532 897 3641 936 nu-

2054 974 2176 1029 bem
2197 974 2436 1045 intellige
2459 975 2717 1031 virtutem
2747 975 3042 1045 quamdam
3066 974 3394 1044 angelicam,
3419 980 3641 1042 propter

2056 1066 2358 1136 puritatem
2401 1073 2457 1122 et.
2492 1067 2884 1124 sublimitatem
2919 1065 3184 1138 angelicae
3215 1073 3444 1132 natum,
3495 1062 3641 1118 unde

2057 1156 2221 1212 etiam
2259 1156 2494 1213 candida
2517 1174 2641 1214 esse
2670 1158 2898 1214 dicitur.

2127 1248 2346 1304 Habetis
2373 1251 2425 1304 in
2465 1251 2636 1320 capite
2684 1267 2780 1304 suo
2836 1266 3088 1305 coronam
3133 1265 3371 1304 auream.
3424 1249 3639 1303 Corona

2053 1339 2307 1412 designat
2332 1341 2624 1397 Dominum
2651 1342 2839 1398 Iesum
2869 1358 3072 1412 regem.
3107 1339 3245 1396 Nam
3267 1342 3520 1397 Christus
3544 1356 3640 1397 rex

2052 1443 2138 1488 est
2171 1443 2227 1488 et
2258 1432 2684 1505 intelligibilium
2736 1444 2791 1490 et
2814 1434 3182 1491 sensibilium.
3214 1436 3452 1490 Auream
3507 1450 3638 1489 vero

2054 1525 2185 1581 dicit
2209 1541 2472 1581 coronam
2505 1541 2573 1581 ex
2610 1526 2698 1582 his
2753 1541 2878 1596 quae
2910 1526 3053 1596 apud
3080 1541 3181 1581 nos
3208 1534 3341 1580 sunt
3371 1527 3426 1580 in
3456 1527 3636 1596 pretio

2053 1618 2348 1690 designans
2373 1619 2519 1689 quod
2568 1618 2871 1690 gloriosum
2905 1625 3007 1674 est.
3037 1617 3208 1673 Porro
3251 1616 3399 1688 quod
3439 1616 3639 1672 falcem

2055 1709 2110 1763 in
2139 1725 2306 1764 manu
2365 1710 2615 1776 haberet,
2661 1709 2922 1780 designat
2959 1709 3016 1764 in
3058 1717 3326 1779 potestate
3361 1708 3538 1780 ipsius
3567 1708 3642 1762 si-

2057 1807 2166 1854 tam
2202 1816 2324 1856 esse
2348 1801 2515 1872 hujus
2562 1801 2750 1857 saeculi
2783 1802 3340 1867 consummationem,
3373 1815 3472 1872 per
3501 1800 3640 1856 iram

2057 1901 2153 1946 aut
2188 1893 2530 1949 velocitatem
2559 1908 2819 1950 accessus
2847 1903 2904 1951 et
2934 1895 3173 1965 impetus
3202 1894 3398 1964 ipsius.

2128 1983 2199 2037 Et
2231 1985 2373 2039 alius
2401 1986 2619 2056 angelus
2651 1987 2818 2041 exivit
2853 1985 3116 2041 clamans.
3145 1985 3328 2054 Quare
3364 1985 3533 2041 exivit
3557 1985 3644 2041 hic

2056 2079 2282 2149 angelus
2311 2079 2602 2134 clamans?
2642 2077 3049 2150 Periphrastice
3105 2093 3204 2148 per
3257 2078 3374 2134 haec
3426 2078 3640 2150 signiti-

2055 2183 2216 2226 catur
2249 2171 2584 2241 supplicatio
2616 2171 2926 2227 caelestium
2973 2171 3264 2238 virtutum,
3293 2170 3638 2240 cupientium

2056 2261 2322 2318 honorem
2340 2263 2643 2335 justorum,
2672 2273 2732 2320 ut
2760 2265 2854 2336 qui
2878 2265 3028 2336 ipsas
3055 2264 3252 2320 imitati
3281 2274 3412 2320 sunt
3427 2263 3485 2318 in
3527 2264 3640 2319 vita

2061 2371 2158 2410 sua
2191 2357 2502 2427 temporali,
2528 2366 2586 2412 et
2604 2357 2976 2413 recusantiu
3005 2358 3208 2413 intueri
3237 2355 3501 2413 ultionem
3528 2355 3644 2411 illo-

2057 2464 2179 2502 rum
2203 2449 2298 2520 qui
2324 2451 2486 2504 modo
2512 2450 2649 2521 ipsis
2673 2453 2956 2506 contrario
2992 2450 3251 2506 vixerunt
3279 2468 3293 2505 :
3319 2449 3444 2506 ideo
3486 2447 3642 2504 festi-

2055 2549 2190 2595 nant
2227 2551 2286 2596 ut
2335 2551 2554 2597 cessent
2602 2539 3054 2612 qum'moventur
3080 2557 3147 2598 ac
3175 2543 3560 2608 immutantur,
3586 2549 3643 2597 et

2054 2642 2363 2704 appareant
2390 2649 2514 2705 qua:
2546 2634 2850 2692 immobilia
2884 2642 3014 2691 sunt.
3051 2650 3116 2692 ac
3144 2635 3540 2691 immutabilia.

2133 2815 2274 2882 Quia
2328 2816 2472 2870 aruit
2524 2815 2710 2870 messis
2757 2823 2933 2869 terra’.
3003 2813 3232 2869 Arutsse
3265 2827 3502 2869 messem
3526 2827 3640 2870 non

2056 2910 2203 2965 aliud
2235 2909 2512 2979 signiﬁcat
2563 2922 2731 2978 quam
2787 2906 3079 2963 imminere
3123 2914 3341 2977 tempus
3379 2919 3644 2962 consum-

2055 3003 2315 3059 mationis
2372 3001 2595 3072 quando
2649 3009 2926 3056 maturum
2987 3000 3274 3055 hominum
3333 3010 3522 3056 semen
3583 2999 3642 3055 in

2057 3095 2281 3149 modum
2315 3093 2513 3148 maturi
2578 3093 2766 3157 tritici,
2816 3091 2922 3148 hoc
2961 3092 3184 3163 quidem
3248 3093 3456 3163 pietate
3504 3105 3640 3148 ena-

361 3175 490 3248 6είᾳ
517 3179 955 3249 φυτοκομισθεὶς,
985 3179 1094 3233 τῶν
1112 3179 1272 3233 θείων
1295 3179 1561 3250 ταμιείων
1602 3178 1705 3248 τῆς
1747 3177 1947 3231 ἀποθέ-

2056 3193 2170 3240 tum
2231 3199 2296 3240 ac
2335 3184 2623 3239 collectum
2651 3183 2845 3246 fuerit,
2878 3193 2936 3238 ut
2964 3183 3022 3238 in
3079 3183 3283 3240 divinis
3317 3183 3529 3240 horreis
3550 3199 3642 3240 re-

363 3286 506 3333 σεως
530 3267 790 3342 ἀξιωθείη
828 3289 841 3302 ’
871 3273 900 3324 ὁ
930 3272 986 3325 δὲ
1013 3272 1388 3342 ύλομανήσαε,
1418 3271 1511 3324 καὶ
1540 3271 1692 3324 οὐδὲν
1724 3271 1947 3334 σιτῶδες

358 3363 460 3416 καὶ
485 3362 752 3433 τρόφιμον
788 3365 884 3418 καὶ
913 3363 1008 3418 τοῦ
1038 3365 1183 3418 θείου
1226 3364 1449 3429 ἐπάξιον
1483 3363 1687 3435 σπόρου
1709 3363 1948 3432 ἀπενεγ-

359 3452 602 3524 κάμενος
630 3453 710 3526 τῷ
741 3453 946 3526 αἰωνίῳ
980 3455 1114 3526 πυρὶ
1147 3453 1450 3526 ὑποϐληθῇ.

931 3664 1183 3718 ΚΕΦΛΛ.
1242 3663 1374 3719 MA'.

361 3774 500 3846 Περὶ
527 3775 734 3851 ἑτέρου
759 3780 1026 3852 ἀγγέλου
1049 3779 1386 3848 τρυγῶντος
1418 3779 1535 3849 τὴν
1567 3777 1678 3848 τῆς
1704 3778 1950 3848 πικρίας

990 3850 1286 3921 ἄμπελον.

435 3960 546 4014 Kal
573 3961 765 4029 ἄλλος
800 3962 1054 4032 ἅγγελος
1084 3961 1346 4031 ἐξῆλθεν
1387 3964 1456 4018 ἐκ
1495 3963 1604 4018 τοῦ
1637 3964 1790 4020 ναοῦ
1840 3965 1950 4021 τοῦ

361 4052 434 4106 ἐν
486 4053 566 4118 τῷ
594 4054 830 4124 οὐρανῷ
869 4055 1030 4124 ἔχων
1070 4055 1169 4109 καί
1214 4057 1399 4123 αὐτὸς
1441 4054 1746 4123 δρέπανον
1811 4058 1945 4122 ὀξύ.

364 4147 472 4201 Kal
486 4147 676 4214 ἄλλος
702 4149 960 4220 ἄγγελος
973 4148 1236 4218 ἐξῆλθεν
1261 4150 1331 4204 ἐκ
1357 4150 1466 4204 τοῦ
1486 4151 1947 4218 θυσιαστηρίου,

2059 3283 2295 3345 ponatur
2329 3291 2341 3327 :
2375 3273 2503 3327 illud
2562 3281 2746 3328 autem
2801 3272 3104 3327 silvescens
3153 3286 3219 3326 ac
3279 3272 3640 3341 degenerans,

2058 3375 2113 3422 ct
2135 3366 2271 3419 nihil
2303 3365 2577 3419 triticeum
2611 3379 2675 3419 ac
2724 3363 3050 3419 nutritivum
3088 3363 3387 3433 divinoque
3425 3363 3640 3419 semine

2057 3460 2281 3530 dignum
2321 3455 2586 3523 referens,
2635 3465 2696 3511 ut
2726 3456 2780 3510 in
2841 3456 3021 3526 ignem
3071 3465 3398 3527 perpetuum
3465 3455 3643 3527 conji-

2055 3552 2256 3608 Ciulur.

2491 3663 2657 3736 774
2703 3661 2934 3719 CAPUT
2994 3660 3180 3717 xuv.

2063 3784 2136 3839 De
2161 3784 2272 3838 alio
2294 3782 2482 3854 angelo
2512 3783 2602 3847 qui
2627 3779 2978 3835 vindemiabat
3005 3781 3214 3834 vineam
3236 3776 3642 3832 amaritudinis.

2129 3961 2270 4026 XIV,
2329 3960 2509 4016 17—20.
2562 3959 2630 4013 Et
2658 3959 2799 4013 alius
2839 3955 3063 4028 angelus
3116 3955 3282 4010 exivit
3322 3955 3386 4008 de
3452 3953 3646 4022 templo

2057 4057 2197 4126 quod
2219 4063 2334 4107 erat
2367 4055 2418 4106 in
2445 4052 2597 4116 cwlo,
2625 4051 2816 4103 habens
2844 4058 2893 4102 et
2918 4050 3030 4118 ipse
3055 4047 3245 4116 falcem
3273 4056 3508 4101 acutam.
3574 4041 3645 4098 Et

2058 4148 2202 4202 alius
2228 4145 2448 4216 angelus
2485 4145 2646 4198 exivit
2675 4143 2740 4197 de
2779 4141 2943 4195 altari
2966 4141 3165 4194 habens
3193 4147 3510 4208 potestatem
3553 4153 3646 4192 su-

363 4238 524 4307 ἕχων
560 4239 855 4303 ἐξουσίαν
891 4241 992 4294 ἐπὶ
1024 4240 1130 4294 τοῦ
1154 4241 1367 4310 πυρὸς,
1399 4239 1500 4294 καὶ
1528 4239 1849 4308 ἐφώνησεν
1880 4240 1950 4294 ἐν

2056 4253 2150 4306 per
2199 4239 2396 4308 ignem,
2464 4245 2514 4291 et
2537 4235 2788 4289 clamavit
2815 4232 3046 4287 clamore
3065 4248 3257 4302 magno
3288 4231 3358 4284 ad
3395 4247 3511 4284 eum
3554 4229 3646 4301 qui

363 4330 598 4401 κραυγῇ
631 4333 866 4404 μεγάλῃ
906 4331 986 4398 τῷ
1028 4332 1232 4402 ἔχοντι
1279 4333 1345 4386 τὸ
1384 4333 1690 4400 δρέπανον
1728 4332 1797 4387 τὸ
1836 4333 1948 4398 ὀξὺ

2056 4331 2284 4385 habebat
2328 4329 2522 4399 falcem
2563 4335 2777 4380 acutam
2802 4325 2981 4378 dicens
3012 4339 3032 4378 :
3056 4321 3216 4378 Mitte
3247 4323 3438 4392 falcem
3493 4330 3644 4374 tuam

361 4419 593 4492 λέγων’
646 4424 895 4493 Πέμψον
951 4441 1070 4479 σου
1114 4425 1180 4479 τὸ
1225 4423 1529 4491 δρέπανον
1568 4425 1634 4478 τὸ
1686 4424 1820 4488 ὀξὺ,
1847 4424 1950 4479 καί

2058 4435 2296 4488 acutam,
2329 4431 2381 4476 et
2432 4419 2695 4476 vindemia
2758 4418 2938 4472 botros
2961 4417 3132 4471 vinea:
3170 4425 3345 4480 terra,
3389 4416 3645 4486 quoniam

362 4515 668 4584 τρύγησον
705 4515 848 4582 τοὺς
887 4517 1156 4585 βότρυας
1189 4514 1301 4584 τῆς
1355 4514 1632 4584 ἀμπέλου
1671 4516 1946 4586 τῆς.γῆς,

2058 4525 2272 4571 matura
2299 4526 2375 4570 est
2399 4531 2501 4569 uva
2527 4523 2704 4567 terra.
2745 4510 2813 4565 Et
2841 4509 2987 4565 misit
3029 4507 3243 4579 angelus
3267 4508 3456 4577 falcem
3489 4523 3644 4563 suam

363 4573 453 4658 έτι
479 4573 770 4676 ’ἤκμασεν
806 4573 844 4675 ἦ
885 4573 1172 4676 σταξρυλίῃ
1339 4573 1472 4676 γρις.
1502 4607 1613 4661 Kal
1655 4573 1948 4672 έξὲὲιὲλέιί

2056 4611 2110 4664 in
2144 4618 2364 4674 terram,
2397 4617 2447 4662 et
2476 4606 2816 4662 vindemiavit
2872 4604 3080 4658 vineam
3131 4612 3287 4657 terra:
3335 4617 3355 4658 :
3392 4602 3643 4671 misitque

361 4699 397 4751 ὀ
436 4697 690 4768 ἅγγελος
718 4700 783 4753 τὸ
823 4700 1127 4767 δρέπανον
1170 4698 1360 4753 αὺτσῦ
1400 4700 1489 4764 εὶς
1518 4699 1635 4766 τὴν
1684 4701 1824 4769 γῆν,
1847 4699 1947 4754 καί

2056 4704 2108 4756 in
2136 4702 2373 4756 torcular
2397 4703 2494 4756 ira:
2540 4699 2640 4754 Dei
2670 4713 2940 4770 magnum.
2979 4695 3048 4750 Et
3095 4694 3362 4750 calcatum
3395 4704 3473 4750 est
3531 4705 3643 4748 tor-

360 4783 655 4855 ἐτρύγησε
681 4787 796 4856 τὴν
810 4787 1085 4856 ἄμπελον
1113 4787 1223 4856 τῆς
1245 4786 1378 4856 γῆς.
1448 4788 1559 4843 Kal
1601 4788 1824 4843 ἔϐαλεν
1859 4792 1948 4856 εὶς

2057 4795 2212 4850 cular
2239 4804 2392 4850 extra
2413 4795 2681 4848 civitatem
2709 4808 2729 4847 :
2755 4803 2805 4846 et
2854 4789 3018 4846 exivit
3077 4791 3296 4861 sanguis
3338 4787 3403 4842 de
3455 4796 3638 4841 torcu-

361 4876 479 4945 τὴν
501 4877 697 4945 ληνὸν
723 4879 830 4934 τοῦ
853 4878 1048 4949 θυμοῦ
1082 4879 1190 4933 τοῦ
1243 4879 1393 4934 Θεοῦ
1441 4879 1550 4934 τὸν
1585 4881 1803 4950 μέγαν.
1837 4881 1947 4936 Καί

2056 4887 2162 4942 lari
2203 4904 2365 4959 usque
2413 4888 2482 4942 ad
2529 4888 2681 4957 frena
2719 4901 2975 4957 equorum
3022 4901 3115 4955 per
3143 4883 3325 4941 stadia
3352 4879 3500 4937 mille
3526 4895 3643 4936 sea:-

361 4968 628 5040 ἐπατήθη
653 4971 692 5040 ἡ
720 4973 911 5039 ,ληνὸς
929 4970 1152 5036 ἔξωθεν
1182 4972 1292 5039 τῆς
1322 4973 1576 5039 πόλεως.
1610 4974 1711 5027 καί
1757 4973 1942 5041 ἐξῆλο
2053 4994 2233 5036 cerua.-

361 5061 467 5112 θεν
497 5052 640 5129 αἷμα
686 5061 754 5114 ἐκ
789 5063 897 5130 τῆς
923 5062 1118 5129 ληνοῦ
1146 5061 1286 5132 ἄχρι
1335 5062 1454 5117 τῶν
1495 5063 1765 5133 χαλινῶν
1827 5065 1945 5120 τῶν

363 5148 562 5202 ἵππων
584 5151 703 5206 ἀπὸ
745 5153 1010 5208 σταδίων
1035 5151 1167 5226 ,αχκ

432 5242 508 5295 Οὐ
536 5242 714 5314 μάτην
738 5244 798 5298 τὸ
826 5243 1115 5316 γνώρισμα
1143 5246 1236 5300 τοῦ
1259 5247 1660 5312 ἀποσταλέντος
1682 5248 1941 5317 ἀγγέλου,

2126 5250 2242 5306 Non
2279 5249 2482 5304 frustra
2515 5245 2741 5317 ponitur
2763 5259 2978 5315 signum
3011 5256 3123 5314 quo
3153 5241 3359 5297 missus
3392 5239 3624 5310 angelus

362 5334 438 5397 ὡς
461 5334 566 5388 ἀπὸ
599 5335 692 5389 τοῦ
716 5337 974 5408 οὐρανίου
1003 5335 1137 5391 ναοῦ
1162 5337 1523 5404 ἀπέσταλται,
1547 5346 1678 5403 περὶ
1710 5339 1806 5393 τοῦ
1832 5339 1941 5410 πρὸ

2056 5353 2442 5413 cegnoscatur,
2473 5339 2618 5409 quod
2649 5338 2901 5393 videlicet
2932 5353 2962 5391 a
3005 5333 3216 5392 caelesti
3261 5333 3465 5403 templo
3497 5333 3636 5389 mis-

362 5427 524 5482 αὐτοῦ
572 5429 785 5493 οὐδενὸς
808 5423 1067 5485 ’τοιούτου
1108 5432 1598 5504 ἐπισημανθέντος,
1627 5434 1677 5487 εί
1725 5433 1803 5505 μὴ
1856 5434 1942 5487 ὅτι

2056 5451 2147 5491 sus
2175 5435 2272 5500 sit,
2302 5448 2428 5488 cum
2453 5432 2522 5488 de
2551 5431 2706 5486 nullo
2734 5437 2861 5485 ante
2930 5429 3078 5484 hunc
3128 5425 3235 5481 tale
3287 5424 3418 5494 quid
3468 5423 3638 5480 fuerit

367 5520 525 5588 μόνον
555 5523 664 5577 ἀπὸ
702 5524 797 5578 τοῦ
837 5525 968 5580 ναοῦ
995 5527 1283 5598 ἀπεστάλη
1302 5565 1318 5594 ,
1357 5526 1591 5584 ἐνταῦθα
1619 5528 1676 5584 δὲ
1723 5529 1818 5586 καὶ
1843 5528 1939 5584 τοῦ

2056 5527 2423 5598 designatum,
2456 5525 2551 5584 sed
2584 5525 2738 5582 solus
2777 5525 2847 5581 de
2900 5521 3103 5594 templo
3151 5519 3356 5576 missus
3377 5525 3482 5575 est.
3534 5514 3633 5573 llic

430 5676 473 5711 ⁸¹
497 5682 603 5736 lsa.
638 5698 729 5737 χιχ
752 5682 802 5737 1.

435 5834 545 5908 (47)
581 5837 938 5896 Scribcbatnr
969 5840 1265 5912 κορίνθιον.
