4110 6466
467 379 579 445 695
1302 385 1629 447 ΑΒΕΤΗᾸΞ
1662 385 2044 448 C/ESAREJE

2178 388 2303 451 PPA
2313 390 2558 453 DOCIIE
2593 391 2933 453 EPISCOPI
3620 396 3751 463 696

467 503 653 550 autem
685 491 851 548 etiam
893 503 1215 566 assumptus
1249 504 1335 550 est
1362 495 1519 552 locus
1550 498 1604 550 in
1630 511 1740 567 quo
1768 506 1887 552 erat
1908 506 2046 552 tem-

2178 501 2320 556 τόπου
2380 504 2853 576 παραληφθέντος,
2876 503 2937 558 ὲν
2962 495 3006 570 ᾧ
3033 501 3063 557 ὁ
3107 502 3255 569 ναός.
3288 504 3475 574 Φαμὲν
3518 503 3613 564 οῦν
3663 511 3760 564 ὡς

470 588 648 658 plum.
708 587 953 642 Dicimus
987 601 1118 657 ergo
1171 587 1318 655 quod
1372 589 1636 658 quoniam
1685 590 1825 644 varii
1870 590 2054 644 cultus

2178 594 2349 663 ιπειδὴ
2381 593 2629 666 διάφοροι
2649 595 2900 667 λατρεῖαι
2928 594 3009 667 τῷ
3038 602 3446 670 παντοκράτορι
3476 600 3596 672 Θεῷ
3625 604 3755 657 ὑπὸ

471 677 834 746 omnipotenti
872 676 983 732 Deo
1035 677 1365 731 exhibentur
1417 680 1487 733 ab
1548 680 1888 749 incorporeis
1938 681 2057 736 suis

2178 686 2267 739 τῶν
2297 687 2606 757 ἀσωμάτων
2629 686 2795 741 αὑτοῦ
2824 687 3159 758 λειτουργῶν
3183 688 3553 753 ὲκτελοῦνται,
3591 686 3669 747 ὧν
3695 694 3758 746 οἱ

471 771 741 826 ministris
775 788 790 825 :
826 785 1061 839 quorum
1096 771 1149 823 hi
1195 784 1327 825 sane
1371 772 1779 841 praasidentiam
1829 789 2055 844 accepe-

2164 779 2261 850 μὲν
2277 778 2387 831 τῶν
2412 778 2549 832 κα.τά
2574 778 2679 848 γῆν
2692 778 3094 850 θυσιαστηρίων
3110 779 3297 852 ἔφοροι
3324 783 3760 853 ἐκληρώθησαν,

474 874 604 917 runt
632 862 885 916 altarium
936 876 1060 930 quae
1120 860 1175 915 in
1213 870 1359 916 terra
1394 872 1542 925 sunt.
1573 864 1715 918 unde
1757 864 1843 921 his
1874 865 1966 935 qui
2004 866 2057 920 in

2178 872 2254 940 irp‘
2280 864 2340 925 οὗ
2358 870 2637 924 θεοσέϐεια
2664 872 2777 934 τοῖς
2803 872 2896 925 ἐπὶ
2922 875 3025 940 γῆς
3046 874 3423 945 κατηγγέλθη,
3455 877 3483 929 ὃ
3504 878 3568 947 δὴ
3622 879 3750 932 ἀπὸ

477 964 622 1007 terra
648 951 854 1023 degunt
882 952 1102 1007 divinus
1128 955 1314 1007 cultus
1363 956 1725 1011 annuntiatus
1752 966 1838 1011 est
1866 974 1880 1011 :
1913 957 2061 1026 quod

475 1058 611 1098 sane
636 1043 740 1097 fuit
770 1045 840 1097 ah
884 1044 1164 1097 Abraham
1209 1052 1264 1098 et
1312 1046 1467 1100 Mose
1523 1061 1699 1112 usque
1726 1046 1792 1100 ad
1852 1046 2063 1103 Christi

475 1134 797 1201 adventum,
826 1144 881 1189 et
917 1135 970 1188 in
994 1133 1116 1204 ipso
1143 1137 1488 1204 protenditur
1521 1152 1699 1208 usque
1750 1138 1818 1193 ad
1886 1138 2062 1208 hujus

478 1226 666 1282 saeculi
717 1226 1257 1282 consummationem
1312 1244 1327 1283 :
1381 1228 1579 1282 merito
1636 1229 1691 1283 in
1716 1229 1811 1284 illo
1858 1230 2066 1285 nullius

478 1318 607 1373 talis
634 1317 778 1373 facta
802 1327 885 1373 est
922 1318 1147 1383 mentio,
1183 1318 1292 1373 nisi
1321 1320 1445 1389 quis
1486 1319 1540 1374 in
1565 1319 1661 1374 illo
1713 1335 1933 1391 quoque
1967 1336 2064 1376 co-

478 1411 744 1482 gnitionis
771 1411 1033 1466 indicium
1070 1426 1193 1467 esse
1231 1412 1457 1467 duceret
1514 1412 1654 1483 Δθηὶ
1701 1413 2062 1480 mentionem,

480 1514 709 1573 propter
741 1504 905 1573 cujus
946 1503 1000 1558 in
1041 1512 1182 1558 terra
1218 1504 1569 1573 prmsentiam
1632 1504 1736 1560 fuit
1766 1515 1819 1561 et
1845 1506 2066 1576 angelo-

478 1609 605 1650 rum
639 1594 704 1650 ad
732 1594 989 1649 homines
1042 1595 1354 1660 oraculum,
1386 1604 1440 1650 et
1468 1596 1780 1650 divinorum
1823 1598 2065 1652 virorum

481 1687 870 1757 praznuntiatio
909 1687 976 1742 de
1009 1688 1245 1742 adventu
1303 1687 1481 1758 ipsius
1528 1688 1581 1743 in
1615 1699 1781 1743 terra.
1811 1689 1885 1745 Ut
1934 1703 2068 1760 ergo

482 1778 832 1834 manifestius
873 1779 967 1833 fiat
1021 1780 1169 1848 quod
1229 1794 1335 1834 non
1376 1780 1429 1833 in
1460 1788 1605 1835 terra
1632 1782 1833 1844 solum,
1869 1796 2059 1834 verum

2176 963 2430 1035 ’Δϐραάμ
2464 965 2558 1019 καὶ
2599 965 2883 1026 Μωῦσέως
2923 964 3086 1036 μέχρι
3115 966 3213 1034 τῆς
3249 967 3488 1036 Χριστοῦ
3533 987 3761 1038 παρου-

2166 1057 2307 1120 σίας,
2342 1057 2438 1110 καὶ
2467 1055 2553 1109 ἐπ’
2595 1056 2765 1126 αὐτῆς
2796 1058 3183 1128 παρατείνεται
3212 1060 3310 1128 τῆς
3334 1058 3430 1112 τοῦ
3477 1062 3765 1132 παρόντος

2165 1147 2361 1211 αἰῶνος
2405 1148 2736 1213 συντελείας,
2775 1147 3001 1211 εἰκότως
3048 1150 3134 1202 ἐπ’
3178 1149 3389 1203 ἐκείνου
3445 1151 3563 1220 μὲν,
3595 1152 3763 1205 οὐδε-

2166 1241 2256 1305 νὸς
2285 1241 2529 1295 τοιούτου
2560 1240 2755 1309 γέγονε
2822 1240 2983 1311 μνεία
3021 1242 3070 1294 εί
3113 1242 3275 1312 μήτις
3306 1242 3401 1295 καὶ
3423 1243 3510 1295 ἐπ’
3533 1243 3761 1297 ἐκείνου

2167 1333 2457 1404 γνώρισμα
2471 1333 2737 1402 λογίζοιτο
2756 1333 2854 1403 τὴν
2883 1334 2977 1387 τοῦ
3015 1335 3071 1386 Ἀ
3085 1333 3229 1403 ρνίου
3260 1334 3472 1404 μνείαν,
3500 1329 3562 1388 οὗ
3588 1336 3765 1405 χάριν

2169 1428 2268 1497 τῆς
2312 1427 2406 1479 ἐπὶ
2434 1425 2539 1493 γῆς
2584 1425 2893 1496 παρουσίας
2932 1424 3028 1479 καὶ
3061 1425 3450 1496 χρηματισμὸς
3498 1426 3763 1493 ἀγγέλων

2171 1518 2309 1589 πρὸς
2337 1517 2661 1589 ἀνθρώπους
2715 1517 2949 1587 ὑπῆρξε,
2985 1516 3082 1569 καὶ
3122 1515 3571 1586 προκαταγγελία
3628 1517 3766 1569 θεο-

2173 1613 2356 1681 φόρων
2389 1610 2602 1680 ἀνδρῶν
2629 1610 2874 1681 περὶτῆς
2894 1610 2988 1663 ἐπὶ
3011 1609 3116 1680 γῆς
3143 1609 3410 1670 ἐλεύσεως
3436 1607 3624 1662 αὐτοῦ.
3665 1609 3767 1671 Ὡς

2172 1703 2240 1757 ἂν
2277 1701 2369 1755 οῦν
2416 1701 2771 1772 ἐκδηλότερον
2808 1703 3057 1771 γένηται,
3090 1702 3165 1763 ὡς
3213 1701 3273 1753 οὐ
3318 1701 3480 1771 μόνον
3505 1702 3600 1753 ἐπὶ
3650 1701 3769 1770 γῆς

2174 1793 2441 1865 λατρεῖαι,
2471 1792 2609 1845 ἀλλά
2630 1794 2723 1845 καὶ
2739 1794 2796 1845 ἐν
2813 1792 2873 1845 οὗ
2882 1791 3028 1861 ρανῷ
3048 1790 3126 1859 τῷ
3158 1792 3557 1860 παντοκράτορι
3588 1806 3769 1859 προσ-

485 1871 733 1925 etiamin
762 1871 901 1927 coelo
946 1870 1128 1925 cultus
1157 1870 1461 1925 offerantur
1518 1870 1881 1940 omnipotenti
1934 1870 2067 1933 Deo,

2178 1860 2403 1956 ἀγονται
2452 1885 2593 1956 Θεῷ,
2609 1886 2925 1953 ἀναγκαίως
2954 1860 3049 1937 ἐπὶ
3070 1883 3262 1936 τούτου
3293 1884 3386 1935 τοῦ
3406 1883 3640 1950 ἀγγέλου
3661 1885 3768 1936 καὶ

486 1963 803 2017 necessario
835 1962 887 2015 in
923 1963 1025 2016 hoc
1050 1962 1244 2031 angelo
1269 1960 1409 2017 facta
1433 1970 1518 2017 est
1545 1963 1749 2017 mentio
1778 1963 1944 2017 etiam
1966 1962 2073 2017 loci

488 2055 858 2126 prmsidentim
892 2054 1087 2124 ipsius.
1136 2053 1297 2125 775
1327 2053 1490 2110 Falce
1516 2064 1697 2110 autem
1730 2066 1887 2112 acuta
1926 2056 2075 2113 hunc

488 2165 712 2218 quoque
744 2147 879 2203 dicit
904 2162 1027 2204 esse
1074 2156 1372 2215 armatum,
1413 2148 1565 2204 brevi
1620 2149 1738 2205 fore
1779 2148 2075 2221 designans

486 2242 727 2294 exitum;

563 2330 777 2386 [labens
810 2342 1120 2402 potestatem
1167 2349 1325 2401 super
1373 2334 1565 2405 ignem.
1620 2332 1779 2390 Hunc
1831 2334 2075 2405 intellige

486 2426 804 2481 ordinatum
847 2441 970 2482 esse
1003 2442 1172 2497 super
1221 2428 1564 2497 punitionem
1622 2427 1940 2498 impiorum.
1999 2428 2076 2482 Ex

489 2534 606 2589 quo
634 2516 906 2573 discimus
936 2516 1104 2588 quod
1148 2518 1427 2573 universis
1472 2520 1747 2574 creaturis
1783 2520 2079 2589 praesident

490 2610 758 2679 angelicas
787 2610 1043 2673 virtutes,
1089 2624 1287 2681 nempe
1326 2594 1506 2679 aquas,
1561 2611 1673 2665 aeri
1710 2612 1913 2667 ctaliis
1954 2611 2078 2681 qui-

492 2704 730 2758 busdam
766 2703 1017 2771 partibus
1069 2703 1313 2758 universi
1349 2721 1365 2758 :
1401 2704 1549 2757 hunc
1595 2713 1776 2758 antem
1828 2704 2077 2773 punitivo

494 2796 607 2866 igni
666 2795 1079 2865 pratsidentem,
1137 2810 1310 2864 quum
1380 2796 1549 2851 etiam
1594 2795 1662 2849 de
1695 2795 2078 2865 superioribus

492 2888 705 2959 angelis
724 2896 891 2951 esset,
914 2902 1040 2942 cum
1062 2886 1309 2943 clamore
1330 2888 1614 2943 adhortari
1640 2888 1775 2943 dicit
1803 2888 1956 2941 illum
1982 2886 2075 2957 qui

495 2979 689 3035 falcem
722 2981 981 3037 habebat.

571 3069 641 3125 Et
670 3073 934 3128 vindemia
960 3075 1133 3130 bolros
1160 3076 1322 3130 vinea:
1341 3082 1517 3127 terrae.
1536 3070 1824 3127 Vindemia
1845 3084 2075 3124 uvarum

2176 1980 2272 2033 τοῦ
2304 1981 2473 2033 τόπου
2507 1979 2609 2048 τῆς
2635 1978 2929 2049 προεδρίας
2948 1976 3116 2030 αὑτοῦ
3146 1978 3304 2045 μνεία
3332 1975 3573 2044 γέγονεν.
3612 1976 3769 2041 Ὀξεί

2175 2072 2233 2127 δὲ
2264 2072 2519 2144 δρεπάνῳ
2546 2072 2641 2126 καὶ
2671 2070 2862 2124 τοῦτον
2899 2069 3262 2123 καθοπλίσθαι
3307 2068 3478 2138 λέγει,
3517 2070 3579 2123 τὸ
3625 2067 3768 2122 σύν-

2176 2182 2342 2237 τομον
2375 2164 2475 2237 τῆς
2511 2163 2792 2228 ἐκϐάσεως
2822 2161 3223 2233 ὲπισημαίνων.

2251 2354 2451 2421 ,Εχων
2474 2347 2767 2413 ἐξουσίαν
2791 2343 2889 2399 ἐπὶ
2918 2341 3025 2397 τοῦ
3056 2340 3268 2408 πυρός.
3303 2338 3504 2392 Τοῦτον
3529 2337 3625 2390 ἐπὶ
3661 2336 3770 2404 τῆς

2178 2449 2452 2509 κολάσεως
2481 2444 2592 2498 νόει
2618 2441 2727 2493 τῶν
2756 2436 2970 2494 ἀσεϐῶν
2999 2432 3281 2503 τετάχθαι.
3322 2432 3413 2497 Ἐξ
3446 2421 3507 2483 οὗ
3549 2427 3770 2498 μανθά-

2178 2556 2342 2611 νομεν
2384 2539 2460 2600 ὡς
2495 2536 2628 2588 πᾶσι
2660 2532 2775 2593 τοῖς
2815 2527 3131 2597 κτίσμασιν,
3173 2520 3464 2590 ἀγγελικαὶ
3503 2519 3771 2611 δυνάμεις

2180 2610 2584 2690 ἐπιστατοῦσιν,
2617 2624 2830 2687 ὓδατος,
2862 2620 3043 2691 ἀέρος,
3073 2617 3170 2670 καὶ
3196 2614 3377 2676 ἄλλοις
3407 2611 3520 2664 τισὶ
3544 2610 3768 2680 μέρεσι.

2179 2726 2381 2781 Τοῦτον
2411 2722 2469 2775 δὲ
2498 2717 2670 2789 πυρὸς
2701 2710 3075 2785 τιμωρητικοῦ
3114 2709 3299 2778 μέντοι
3331 2704 3427 2758 καὶ
3457 2703 3562 2756 τῶν
3595 2702 3774 2770 ὑπερ-

2178 2820 2354 2891 τέρων
2410 2811 2659 2882 ἀγγέλων
2710 2806 2823 2877 (48)
2888 2804 3050 2866 ὗντα,
3108 2795 3538 2868 ὲγκελεύσασθαί
3619 2808 3765 2863 φησι

2184 2910 2324 2984 μετὰ
2356 2904 2604 2979 κραυγῆς
2635 2902 2716 2973 τῷ
2747 2895 3236 2970 δρέπανον-ἔχοντι.

2253 3086 2360 3143 Kal
2397 3084 2705 3152 τρύγησον
2731 3075 2873 3141 τοὺς
2903 3075 3171 3140 βότρυας
3204 3068 3313 3136 τῆς
3347 3066 3620 3137 ἀμπέλου
3657 3063 3777 3129 τῆς

497 3165 749 3235 designat
780 3180 875 3221 eos
901 3168 995 3237 qui
1030 3168 1189 3223 valde
1215 3167 1344 3222 mali
1377 3174 1529 3231 sunt,
1560 3180 1591 3220 a
1617 3163 1821 3234 quibus
1851 3162 1993 3217 calix
2022 3163 2074 3217 in

2184 3181 2320 3253 γῆς.
2367 3178 2432 3231 Ἥ
2461 3174 2727 3246 τρύγησις
2752 3169 2861 3221 τῶν
2890 3164 3175 3233 σταφυλῶν
3212 3163 3337 3225 τοὺς
3384 3160 3504 3213 λίαν
3536 3158 3777 3266 ἀνόμους

502 3275 667 3313 manu
719 3260 933 3315 Domini
989 3262 1330 3327 inebriatur,
1365 3263 1471 3315 hoc
1520 3270 1603 3316 est
1637 3258 1930 3329 impletur,
1970 3273 2074 3312 non

2185 3252 2502 3331 αἰνίττεται,
2550 3266 2643 3334 ἀφ’
2687 3259 2763 3317 ὧν
2791 3261 2851 3313 τὸ
2882 3262 2940 3313 ὲν
2969 3260 3034 3328 τῇ
3077 3256 3219 3326 χειρὶ
3256 3254 3461 3323 Κυρίου
3507 3252 3778 3319 ποτήριον

500 3352 765 3408 ebrietate
799 3369 920 3422 ane
947 3363 1033 3412 est
1064 3354 1132 3409 ad
1166 3354 1435 3418 lmtitiam,
1476 3353 1568 3407 sed
1602 3351 1668 3406 ad
1698 3351 2028 3421 supplicium
2068 3368 2081 3404 :

502 3447 648 3500 unde
674 3446 839 3500 etiam
894 3446 1081 3501 bibere
1122 3447 1258 3501 dicit
1306 3460 1499 3501 omnes
1538 3452 1856 3514 peccatores
1908 3451 2085 3497 torrat.

502 3538 772 3609 Quodque
815 3540 922 3594 hoc
971 3539 1268 3609 depingere
1320 3538 1450 3593 velit
1483 3537 1646 3601 visio,
1691 3551 1757 3590 ex
1796 3550 1860 3590 eo
1906 3533 2087 3588 mani-

503 3630 707 3685 festum
750 3641 857 3695 est,
894 3633 1039 3700 quod
1078 3646 1253 3700 neque
1315 3628 1589 3684 Dominus
1647 3628 1767 3697 ipse
1831 3627 2091 3694 dignatur

506 3720 889 3775 collectionem
919 3720 1121 3785 facere,
1154 3720 1621 3789 quemadmodum
1655 3720 1723 3773 de
1758 3718 2036 3787 prioribus
2071 3734 2085 3771 :

509 3827 689 3881 neque
741 3828 911 3867 unum
959 3813 1126 3867 mittit
1158 3812 1225 3866 ad
1265 3812 1465 3866 horrea
1505 3820 1561 3866 et
1607 3811 1755 3865 aliud
1801 3810 1868 3864 ad
1911 3810 2090 3880 ignem

512 3914 837 3972 perpetuum
876 3923 889 3957 :
926 3905 1017 3957 sed
1048 3920 1191 3957 unus
1228 3904 1501 3973 quispiam
1537 3918 1603 3958 ex
1633 3903 1841 3972 angelis
1864 3901 2091 3971 exsequi

512 3994 736 4060 dicitur,
767 3996 860 4066 qui
892 3995 1057 4050 etiam
1102 3999 1173 4051 oh
1202 4010 1489 4052 exussum
1542 3995 1914 4065 improbitatis
1944 3995 2095 4064 ipso-

2190 3362 2547 3436 μεθύσκεται,
2566 3353 2837 3417 τουτέστι,
2863 3348 3165 3419 πληροῦται
3188 3347 3246 3399 οὐ
3274 3345 3411 3417 πρὸς
3442 3343 3778 3412 εὐφρόσυνον

2193 3433 2397 3530 μέθην,
2447 3450 2585 3506 ἀλλά
2617 3447 2753 3518 πρὸς
2787 3442 3081 3514 τιμωρίαν.
3119 3439 3211 3493 Διὸ
3243 3437 3338 3491 καὶ
3373 3433 3592 3488 πίεσθαί
3614 3448 3780 3530 ἑφησι

2190 3525 2402 3611 πάντας
2439 3547 2569 3606 τοὺς
2607 3538 2966 3613 ἁμαρτωλοὺς
3000 3536 3101 3603 τῆς
3132 3535 3254 3602 γῆς.
3297 3530 3407 3584 Καὶ
3439 3530 3522 3581 ὅτι
3549 3526 3709 3579 τοῦτο
3744 3525 3778 3593 ἡ

2191 3639 2427 3697 ὀπτασία
2456 3635 2861 3703 διαζωγραφείν
2895 3628 3166 3698 βούλεται,
3200 3624 3358 3695 δῆλον
3391 3620 3451 3684 ἐξ
3491 3614 3553 3673 οὗ
3583 3617 3712 3671 οὔτε
3753 3618 3783 3669 ὸ

2192 3734 2400 3803 Κύριος
2427 3729 2589 3790 αὐτὸς
2611 3725 2750 3788 ἀξιοῖ
2772 3723 2871 3793 τὴν
2894 3717 3159 3785 συλλογὴν
3188 3714 3518 3785 ποιήσασθαι
3545 3711 3623 3774 ὼς

2192 3798 2302 3879 τῶν
2337 3820 2592 3893 πρώτων,
2647 3815 2769 3870 οὔτε
2805 3814 2866 3866 τὸ
2903 3812 3001 3881 μὲν
3043 3811 3123 3872 είς
3151 3807 3249 3869 τὰς
3278 3803 3564 3893 ἀποθήκας
3585 3841 3600 3865 ,
3633 3800 3698 3852 τὸ
3714 3798 3783 3893 se

2196 3916 2274 3977 είς
2304 3914 2367 3966 τὸ
2386 3888 2751 3977 ἀτελεύτητον
2782 3900 3146 3972 παραπέμπει
3177 3895 3317 3961 πῦρ’
3354 3892 3492 3946 ἀλλά
3546 3907 3629 3952 τις
3671 3888 3781 3941 τῶν

2197 4005 2445 4077 ἀγγέλων
2471 4002 2530 4065 ὃς
2560 4000 2654 4055 καὶ
2673 3997 2761 4051 διά
2786 3996 2847 4048 τὸ
2876 3990 3216 4061 ὑπερϐάλλον
3245 3986 3345 4077 τῆς
3368 3979 3788 4077 ἀσελγείας-αῦ-

514 4103 664 4152 rum,
720 4089 774 4145 in
814 4090 991 4143 lacum
1044 4088 1140 4143 irae
1186 4088 1277 4143 Dei
1332 4089 1585 4159 protinus
1642 4088 1859 4158 injicit,
1919 4101 2074 4156 neque

2331 4097 2410 4157 εἰς
2437 4092 2535 4156 τὴν
2550 4090 2709 4159 ληνὸν
2737 4085 2829 4140 τοῦ
2858 4081 3033 4152 θυμοῦ
3059 4079 3151 4132 τοῦ
3182 4076 3317 4131 Θεοῦ
3343 4074 3546 4136 εὐθέως
3578 4070 3787 4142 ὲμϐάλυ

515 4181 879 4250 responsione
908 4182 1102 4252 dignos
1133 4182 1392 4249 judicans
1425 4196 1603 4250 neque
1639 4181 2072 4250 interrogatione

2200 4188 2306 4250 λει,
2340 4184 2474 4257 μηδὲ
2492 4178 2787 4247 ἀπολογίας
2802 4173 2969 4241 ἀξιῶν
2997 4171 3133 4244 μηδὲ
3158 4168 3499 4241 ἐρωτήσεως.

587 4270 657 4325 Ει
685 4274 825 4331 misit
858 4273 1076 4342 angelus
1110 4273 1302 4342 falcem
1346 4289 1503 4326 suam
1533 4274 1587 4325 in
1620 4282 1840 4329 terram.
1879 4272 1936 4326 In
1984 4282 2074 4326 ter!

2273 4255 2385 4333 Καὶ
2403 4273 2691 4340 ἐξέϐαλεν
2714 4272 2747 4323 ὁ
2777 4268 3032 4337 ἅγγελος
3060 4265 3127 4317 τὸ
3155 4261 3457 4330 δρέπανον
3485 4255 3672 4310 αὑτοῦ
3701 4256 3790 4319 είς

516 4380 634 4421 ram
666 4363 777 4422 falx
818 4364 1053 4421 mittitur
1099 4379 1218 4435 quae
1249 4364 1317 4417 ab
1351 4363 1547 4433 angelo
1581 4372 1825 4433 gestatur
1862 4380 1876 4417 :
1910 4371 1965 4417 et
1994 4363 2074 4416 ho:

2203 4370 2319 4439 thr
2349 4368 2482 4439 γῆν.
2521 4364 2614 4427 Ei;
2642 4361 2741 4431 τὴν
2781 4360 2884 4429 γῆν
2911 4358 2973 4412 τὸ
3003 4356 3270 4428 δρέπανον
3306 4351 3559 4423 βάλλεται
3590 4349 3651 4401 τὸ
3685 4346 3791 4400 ὑπὸ

516 4465 605 4513 est
636 4455 816 4511 facere
862 4471 1098 4511 messem
1131 4456 1440 4525 punitivam
1489 4455 1710 4509 illorum
1741 4454 1834 4523 qui
1868 4453 2067 4508 terreni

2205 4463 2301 4518 τοῦ
2357 4458 2592 4529 ἀγγέλου
2644 4456 2946 4525 φερόμενον
2969 4488 2985 4513 ,
3022 4447 3289 4509 τουτέστι,
3327 4445 3389 4497 τδ
3421 4439 3790 4513 τιμωρητικὸν

519 4548 898 4614 involvuntur,
941 4559 997 4604 et
1045 4564 1199 4604 more
1232 4563 1530 4618 porcorum
1573 4547 1842 4602 lutulenta
1872 4546 2074 4601 sorben

2178 4568 2180 4587 '
2211 4555 2369 4627 θέρος
2403 4551 2631 4607 ἐκείνων
2667 4546 2890 4615 ποιῆσαι
2932 4543 3042 4595 τῶν
3075 4541 3204 4611 περὶ
3237 4538 3341 4607 γῆν
3378 4533 3791 4601 ίλυσπωμένων,

520 4659 714 4712 “per”.
2206 4648 2307 4701 ὅσα
2337 4645 2433 4699 καὶ⁸
2457 4644 2630 4713 χοῖροι
2658 4638 2727 4691 τὰ
2755 4634 3065 4707 βορϐορώδη
3092 4630 3365 4703 ῥοφῶντες
3389 4628 3546 4713 ἑργα.

597 4733 664 4787 Ει
695 4734 1032 4791 vindemiat-it
1064 4735 1268 4789 vineam
1300 4744 1473 4792 teme.
1512 4735 1586 4789 Ex
1618 4736 1850 4790 adverso
1884 4734 2074 4803 ponitu

2278 4734 2386 4789 Kal
2424 4712 2718 4799 ἐτρύγησε
2757 4725 2873 4791 τὴν
2904 4723 3181 4790 ἄμπελον
3210 4715 3319 4783 τῆς
3360 4712 3492 4783 τῆς.
3538 4714 3796 4815 Ἀπενανῖ

526 4827 643 4883 haec
675 4827 832 4884 vinea
865 4828 912 4880 ei
952 4842 1117 4895 quam
1157 4826 1252 4882 Dei
1304 4829 1621 4898 progenitor
1646 4843 1711 4882 ex
1748 4824 1985 4896 Egypto
2015 4842 2074 4880 su

2207 4827 2328 4889 τίας
2361 4824 2503 4893 αῦτη
2551 4822 2584 4891 ἡ
2627 4817 2871 4888 ἄμπελος
2907 4815 3005 4883 τῆς
3054 4812 3149 4865 ἀπ’
3196 4807 3477 4875 Αἰγύπτου
3519 4807 3671 4898 παρά
3712 4807 3798 4898 .τῴ

529 4920 812 4979 blimatam
863 4893 1095 4978 viderat.
1139 4917 1237 4975 llic
1281 4893 1432 4978 enini
1473 4920 1712 4984 vineam,
1753 4893 2074 4989 quae—impie

2210 4917 2514 4986 Θεοπάτορι
2560 4906 3035 4983 μετεωρουμένης.
3093 4899 3355 4994 Ἐνταῦθα
3394 4898 3507 4994 γὰρ
3556 4893 3799 4994 ἀμπελρν

529 5020 643 5067 tate
678 5014 863 5082 gavisa
915 5012 1120 5078 fuerat,
1159 5014 1559 5082 universosque
1589 5013 1683 5081 qui
1719 5028 1840 5066 eam
1875 5026 2074 5081 praeces

2213 5011 2313 5082 τὴν
2350 5006 2727 5077 κεχαρηκυίαν
2756 5002 2823 5071 τῇ
2862 4995 3151 5066 δυσσεϐείᾳ
3192 4992 3285 5046 καὶ
3329 4987 3596 5095 «robe.pr
3627 4987 3799 5084 {inhi

532 5113 719 5161 serant
744 5106 940 5174 impios
969 5107 1383 5171 obscuram-rat,
1415 5117 1578 5176 atque
1601 5106 1738 5159 adeo
1766 5120 1861 5160 eos
1891 5120 2074 5173 quoqn

2216 5079 2465 5158 ἅπαντας
2496 5092 2819 5162 καλύψασαν
2854 5086 3127 5153 ἀσελγεῖς,
3153 5084 3248 5137 ἀτε
3273 5080 3367 5134 καλ⁵
3393 5079 3483 5131 ὑπ’
3513 5079 3680 5129 αὐτοῦ
3707 5079 3797 5126 τοῦ

535 5199 634 5269 qui
660 5198 730 5252 ab
766 5166 883 5268 ipso
915 5200 1243 5268 perditionis
1282 5166 1396 5254 lilio
1434 5166 1775 5253 Antichristo
1818 5166 1960 5252 illo-si
1991 5166 2074 5250 fite

2218 5191 2334 5245 υἱοῦ
2388 5189 2489 5258 τῆς
2542 5183 2817 5243 ἀπωλείας
2877 5176 3251 5247 Ἀντιχρίστου
3297 5166 3797 5269 ὲκϐακχευθένταςΙ,

534 5298 682 5354 rant,
719 5289 925 5359 absque
963 5291 1071 5345 ulla
1117 5291 1495 5347 misericordia
1541 5298 1742 5343 metere
1767 5287 1989 5357 jubetur
2013 5302 2074 5343 au

2217 5252 2456 5353 ἀφειδῶς
2483 5254 2753 5346 τρυγῆσαι
2784 5270 3068 5325 κελεύεται
3100 5269 3126 5320 ὁ
3159 5263 3414 5333 ἄγγελος,
3471 5260 3566 5312 καὶ
3605 5252 3799 5311 ἀποτόο

539 5381 717 5450 gelus,
748 5391 802 5436 et
828 5397 1019 5438 severe
1060 5381 1203 5438 facta
1236 5391 1321 5437 est
1352 5381 1654 5449 aggressio.

2223 5392 2338 5448 μως
2379 5379 2413 5442 ἡ
2447 5370 2789 5441 ἐπιχείρησις
2826 5362 3071 5459 ὑπῆρξε--
3222 5448 3249 5459 ⁸
3294 5451 3316 5459 Α
3443 5445 3469 5455 η
3573 5441 3598 5453 ~
3642 5442 3680 5459 Δ
3753 5436 3778 5446 η

613 5470 867 5541 Misitque
916 5473 973 5525 in
1019 5472 1255 5526 torcular
1300 5472 1397 5525 ira:
1456 5470 1571 5527 Dei.
1628 5470 1877 5527 Humana
1945 5485 2068 5537 mag

2224 5442 2236 5448 ‘
2297 5462 2405 5517 Kal
2434 5460 2651 5513 ἔϐαλεν
2675 5458 2761 5522 είς
2787 5455 2900 5523 τὴν
2926 5451 3119 5518 ληνὸν
3146 5448 3251 5502 τοῦ
3284 5445 3471 5515 θυμοῦ
3496 5442 3601 5495 τοῦ
3621 5442 3801 5552 ,θεοῦ-

546 5565 764 5623 ratione
811 5565 1076 5634 procedit,
1119 5579 1406 5622 excessum
1440 5567 1505 5619 ad
1546 5566 1877 5635 impietatem
1929 5565 2074 5618 voler

2241 5552 2749 5625 Ἀνθρωπινώτερον
2782 5547 3066 5618 προϐαίνει
3089 5543 3167 5613 τῷ
3193 5543 3357 5612 λόγῳ,
3385 5538 3446 5591 τὸ
3474 5532 3805 5637 ὑπερϐάλλον

545 5658 839 5713 ostendere
864 5658 1150 5713 hominum
1174 5658 1323 5713 illius
1349 5661 1633 5727 temporis.
1661 5657 1793 5725 Quae
1815 5657 1961 5712 enim
1994 5656 2074 5710 (id:

2230 5650 2367 5719 πρὸς
2398 5647 2687 5715 ἀσέλγειαν
2716 5644 2825 5698 τῶν
2866 5640 2984 5694 κατ’
3014 5640 3191 5691 ἐκεῖνο
3234 5638 3428 5706 καιροῦ
3458 5638 3805 5703 παραστησαι

621 5816 735 5885 (48)
766 5817 965 5874 Vocem
998 5819 1246 5889 ἀγγέλων
1272 5819 1473 5875 Omittit
1503 5820 1589 5874 ed.
