4110 6430
341 359 456 425 (397

1423 360 1810 424 COMMENT.
1848 361 1935 423 IN
1974 364 2508 433 APOCALYPSIN.

3521 374 3628 439 698

351 475 698 550 βουλόμενος.
764 470 938 536 Ἐπεὶ,
982 469 1064 534 τίς
1100 471 1132 542 ή
1167 470 1352 535 πίστις
1396 473 1497 543 τὴν
1531 475 1814 546 μακαρίαν
1847 477 1944 529 καὶ⁵

2067 488 2132 535 rst
2159 495 2281 550 quae
2297 483 2512 538 beatam
2531 499 2596 541 ac
2619 483 3131 543 incommutabilem
3155 495 3410 544 naturam
3434 489 3644 546 aﬂ‘ecti-

350 569 713 625 ἀναλλοίωτον
777 567 943 636 φύσιν
1005 564 1237 618 πάθεσιν
1293 564 1616 619 ἁλίσκεσθαι
1679 584 1950 638 παραχω-

355 659 558 734 ροῦσα;
595 659 674 729 τῷ
713 659 770 711 δὲ
806 658 913 724 ἔξω
951 658 1047 729 τῆς
1084 658 1292 721 πόλεως
1330 657 1640 728 πατηθῆναι
1682 661 1811 722 τοὺς
1855 659 1949 729 βό-

353 770 542 823 τρυας,
571 751 750 817 πόλιν,
772 749 886 803 τῶν
907 752 1049 803 κατὰ
1070 749 1177 802 τὸν.
1197 748 1472 802 ἐνεστῶτα
1503 748 1617 820 βίον
1647 751 1952 821 ἐμπορικὸν

353 844 660 914 πολίτευμα
701 841 877 894 καλεῖ.
915 842 1025 894 Καὶ
1064 840 1254 908 ἐπειδὴ
1303 841 1443 911 μετὰ
1485 841 1588 910 τὴν
1633 842 1952 896 συντέλειαν

353 936 566 998 τούτου,
607 937 642 1006 ἠ
687 933 767 1003 τῷ
819 934 932 987 δντι
968 933 1173 1004 ἀμοιϐὴ
1209 932 1316 984 τῶν
1358 934 1952 1005 πεπραγματευμένων

356 1023 692 1096 ἀνθρώποις,
721 1023 895 1076 εἰκότι
920 1021 1064 1092 λόγῳ
1095 1021 1202 1088 ἔξω
1231 1023 1327 1091 τῆς
1361 1022 1571 1086 πόλεως
1601 1023 1814 1094 εἴρηκε.
1855 1026 1953 1078 Ἐκ

352 1115 410 1168 δὲ
439 1113 534 1168 τοῦ
564 1113 746 1182 λέγειν
784 1113 867 1167 ὃτι
892 1113 957 1166 ἐκ
988 1113 1089 1182 τῆς
1125 1113 1289 1183 ληνοῦ
1320 1107 1461 1184 αἷμα
1495 1118 1560 1185 τῇ
1598 1117 1954 1186 συμπατήσει

350 1200 463 1256 τῶν
506 1201 750 1272 βοτρύων
798 1202 1066 1274 ἀπορρεῖ,
1109 1203 1365 1274 βότρυας,
1417 1205 1543 1268 τοὺς
1593 1206 1955 1278 ἁμαρτωλοὺς

354 1293 736 1364 περιλείπεται
766 1295 926 1348 νοεῖν.
953 1293 1043 1347 Διὸ
1065 1293 1243 1347 καὶτὸ
1271 1289 1410 1364 αἷμα
1469 1297 1550 1360 εἰς
1577 1297 1678 1360 τὰς
1709 1299 1953 1370 πονηρὰς

355 1386 535 1441 αὐτῶν
570 1385 802 1455 πράξεις
835 1386 1193 1457 τροπολογεϊ,
1228 1386 1327 1456 τῆς
1375 1387 1592 1452 δικαίας
1633 1389 1721 1441 ἐπ’
1762 1392 1954 1456 αὐτοῖς

357 1478 595 1542 ἐκδικίας
629 1477 835 1546 σαφοῦς
875 1478 1047 1532 ἅπασι
1081 1477 1401 1550 γινομένης.
1446 1481 1554 1533 Καὶ
1586 1481 1731 1536 οὕτω
1769 1483 1955 1538 δικαία

354 1571 431 1635 ὡς
458 1571 592 1641 μηδὲ
623 1573 735 1634 τοῖς
767 1570 975 1625 ἄνωθεν
1006 1572 1088 1634 είς
1121 1571 1355 1641 ὲποψίαν
1384 1573 1667 1644 ταχθεῖσιν
1699 1576 1956 1643 ἀγγέλοις

356 1663 690 1727 ὑπακοῦσαι,
720 1662 1027 1716 κωλύουσιν
1062 1663 1138 1727 ὥς
1167 1681 1280 1717 τισι
1315 1665 1554 1734 χαλινοῖς
1585 1671 1707 1732 ταῖς
1744 1669 1954 1723 ἑαυτῶν

355 1757 672 1825 συνεργίαις
701 1757 828 1820 τοὺς
857 1757 1184 1828 ἀνθρώπους
1225 1759 1334 1812 ἀπὸ
1360 1761 1468 1813 τῶν
1503 1761 1778 1831 θεομισῶν
1811 1764 1950 1833 πρά-

2056 573 2159 627 bus
2213 575 2334 644 capi
2387 579 2688 634 concedat?
2737 579 2911 635 Porro
2968 581 3112 651 quod
3149 591 3305 637 extra
3357 583 3637 638 civitatem

2053 667 2246 721 calcati
2285 668 2396 723 sint
2446 670 2610 736 botri,
2649 673 2927 728 civitatem
2961 682 3124 729 vocat
3163 676 3642 730 conversationem

2053 757 2290 824 negotiis
2336 758 2599 823 deditam.
2631 777 2756 831 qua:
2790 763 2845 817 in
2888 764 2994 819 hac
3017 765 3126 819 vita
3154 765 3337 836 agitur
3371 783 3386 820 :
3416 775 3470 820 et
3503 781 3645 834 quo-

2054 847 2200 902 niam
2250 859 2373 918 post
2419 853 2585 922 hujus
2635 857 3172 913 consummationem
3237 874 3428 913 revera
3481 857 3645 912 datur

2053 941 2346 998 retributio
2385 945 2704 1003 hominibus
2739 947 2805 1002 de
2835 948 2922 1004 his
2971 965 3095 1020 quae
3161 949 3426 1022 negotiali
3492 957 3644 1011 sunt.

2054 1033 2404 1088 convenienti
2460 1036 2674 1092 ratione
2716 1038 2876 1100 dixit.
2943 1050 3097 1096 extra
3145 1042 3445 1096 civitatem.
3481 1041 3648 1111 776

2057 1124 2299 1180 Dicendo
2336 1137 2521 1183 autem
2550 1131 2696 1200 quod
2730 1131 2798 1186 de
2827 1133 3092 1188 torculari
3129 1150 3226 1203 per
3266 1133 3644 1190 conculcatio-

2056 1233 2180 1272 nem
2228 1223 2508 1274 botrorum
2557 1237 2787 1293 sanguis
2845 1223 3087 1289 deﬂuat,
3141 1227 3332 1282 botros
3384 1225 3647 1294 relinquit

2057 1311 2442 1383 intelligendos
2484 1329 2608 1369 esse
2691 1325 3034 1384 peccatores.
3090 1317 3216 1372 Ideo
3255 1333 3478 1388 quoque
3513 1334 3645 1371 san-

2057 1405 2278 1474 guinem
2311 1405 2377 1459 ad
2427 1421 2623 1475 pravas
2665 1406 2961 1476 impiorum
3009 1409 3256 1465 actiones
3308 1410 3646 1480 tropologice

2056 1495 2351 1560 convertit,
2382 1497 2587 1550 inﬂicta
2620 1506 2845 1567 propter
2876 1500 3027 1569 ipsas
3057 1501 3319 1556 omnibus
3346 1503 3497 1571 iusta
3530 1517 3648 1554 ma-

2056 1587 2367 1659 nifestaque
2417 1589 2676 1645 ultione:
2729 1601 2781 1646 et
2831 1591 2904 1646 ita
2969 1593 3142 1660 justa,
3196 1602 3256 1648 ut
3311 1610 3490 1665 neque
3553 1611 3649 1649 su-

2058 1681 2243 1750 pernis
2280 1683 2490 1753 angelis
2513 1684 3025 1755 obtemperarerint
3051 1687 3144 1756 qui
3171 1687 3454 1742 constituti
3486 1696 3649 1742 erant

2061 1783 2120 1827 ut
2154 1773 2372 1828 illorum
2409 1791 2598 1830 curam
2621 1777 2908 1843 haberent,
2946 1779 3040 1849 qui
3076 1779 3194 1834 suis
3219 1778 3443 1833 auxiliis
3474 1777 3644 1832 veluti

356 1847 512 1914 ξεων.
543 1848 606 1902 U'l
634 1848 725 1902 καὶ
750 1848 1005 1904 τοσοῦτον
1035 1848 1412 1921 ὲξῲστρησαν,
1446 1854 1524 1916 ὡς
1557 1854 1632 1925 μὴ
1662 1854 1824 1925 μόνον
1854 1858 1954 1919 τὰς

2067 1867 2390 1934 quibusdam
2428 1867 2601 1924 frenis
2652 1869 3027 1939 prohibebant
3077 1871 3331 1926 homines
3372 1871 3442 1926 ab
3473 1871 3652 1925 actio-

357 1939 594 2008 φυσικὰς
634 1941 720 1994 ἐπ’
754 1941 978 2010 ἀγαθῶν
1019 1943 1210 2013 κτήσει
1247 1946 1674 2015 παρεσχημένοις
1709 1946 1816 2000 ὑπὸ
1855 1947 1951 2001 τοῦ

355 2033 608 2086 mach
653 2033 865 2097 ἐννοίας
895 2034 1184 2105 ἀτιμάσαι,
1226 2035 1365 2090 ἀλλά
1393 2053 1454 2104 γε
1490 2036 1554 2108 δὴ
1593 2039 1688 2090 καὶ
1717 2037 1815 2102 τὰς
1846 2038 1954 2092 ἀπὸ

351 2124 467 2179 τῶν
498 2124 659 2179 θείων
693 2125 964 2194 ἀγγέλων.
997 2127 1304 2197 Τοιγαροῦν
1334 2129 1428 2182 καὶ
1461 2129 1595 2199 πρὴς
1622 2130 1747 2190 τοὺς
1775 2129 1956 2195 θείους

355 2216 657 2287 συνεργοὺς
700 2215 794 2269 τοῦ
834 2217 1086 2287 δυσηνίου
1126 2218 1606 2291 ἐπιδεδειγμένον,
1653 2222 1719 2274 ὲκ
1757 2222 1955 2276 πολλοῦ

352 2305 454 2361 νῦν
501 2307 597 2361 τοῦ
637 2302 923 2379 περιόντος
970 2309 1281 2380 πρόφαντος
1320 2311 1529 2366 ἅπασιν
1573 2314 1606 2382 ἡ
1651 2313 1858 2368 τούτων
1897 2316 1957 2384 ἐξ

354 2401 646 2464 ἀπειθείας
675 2401 874 2470 μάστιξ
902 2402 1250 2457 καθίσταται.

2061 1959 2225 2013 nibus
2267 1957 2378 2014 Deo
2423 1960 2632 2016 invisis.
2665 1963 2734 2016 At
2765 1962 2840 2016 illi
2878 1971 3030 2018 tanto
3065 1963 3249 2018 furore
3281 1963 3476 2035 perciti
3511 1961 3634 2018 fue-

2061 2057 2212 2115 runt,
2246 2057 2304 2103 ut
2348 2065 2458 2104 non
2511 2053 2676 2107 modo
2731 2055 3012 2110 naturales
3071 2055 3543 2110 considerationes
3575 2054 3645 2110 ad

2059 2138 2335 2194 honorum
2391 2142 2814 2212 acquisitionem
2850 2160 2880 2199 a
2913 2145 3216 2202 Couditore
3252 2147 3357 2201 sibi
3411 2147 3650 2201 traditas

2060 2235 2514 2303 contempserint,
2553 2236 2647 2290 sed
2677 2247 2730 2292 et
2769 2251 2864 2292 cas
2907 2253 3030 2308 quae
3061 2254 3090 2291 a
3121 2239 3326 2293 divinis
3377 2254 3643 2308 suggere-

2063 2322 2264 2378 bantur
2287 2326 2516 2395 angelis.
2538 2327 2726 2397 Itaque
2751 2345 2918 2396 quum
2947 2329 3214 2384 adversus
3237 2329 3454 2386 divinos
3483 2331 3648 2384 etiam

2061 2414 2418 2469 auxiliatores
2456 2426 2678 2472 ostensa
2712 2418 2877 2472 fuerit
2917 2421 3139 2476 eﬂ'rcnis
3183 2421 3427 2490 ipsorum
3485 2432 3649 2489 petu-

354 2491 647 2555 lantia,ex
669 2495 864 2563 majori
919 2509 1066 2549 nunc
1117 2494 1414 2550 accedente
1435 2496 1733 2553 criminum
1753 2500 1998 2569 cumulo,
2038 2506 2298 2564 omnibus
2327 2510 2692 2580 conspicuum
2743 2510 3019 2582 ﬂagellum
3091 2529 3158 2568 ex
3208 2515 3402 2566 horum
3453 2510 3650 2566 inobe-

355 2585 568 2641 dieutia
607 2586 985 2642 constituitur.

938 2706 1196 2762 ΚΕΦΑΔ.
1231 2705 1368 2763 ME'.

354 2817 503 2886 Περὶ
529 2817 661 2890 ’τῶν
683 2817 835 2872 ἑπτὰ
858 2816 1130 2887 ἀγγέλων
1163 2819 1286 2872 τῶν
1315 2821 1666 2890 ἐπαγόντων
1694 2824 1818 2890 τοῖς
1850 2826 1958 2878 ἀν-

435 2887 688 2968 θρώποις
724 2890 1246 2968 {agamagam
1282 2887 1816 2968 tﬁccvytatelag,
1840 2896 1959 2968 Vacat

433 2959 566 3026 περί
597 2957 705 3025 τῆς
735 2960 995 3027 ὑαλίνης
1021 2957 1377 3031 θαλάσσης,
1400 2963 1472 3016 ἑν
1495 2957 1536 3033 ᾗ
1575 2963 1718 3030 τοὺς
1747 2957 1958 3036 ἁγίους

433 3028 748 3084 ἐθεάσατο.

2635 2716 2866 2772 CAPUT
2903 2672 3076 2772 XLV.-

2065 2832 2143 2887 De
2177 2842 2371 2902 septem
2409 2833 2614 2902 angelis
2647 2833 2738 2902 qui
2781 2834 2836 2886 in
2869 2834 3108 2886 homines
3165 2835 3354 2903 plagas
3404 2836 3654 2890 inducent

2138 2914 2260 2957 ante
2312 2907 2822 2956 consummationem
2847 2942 2862 2967 ,
2907 2915 2957 2956 et
2997 2906 3060 2957 de
3095 2907 3230 2958 mari
3270 2907 3432 2960 vitreo
3467 2908 3520 2959 in
3549 2924 3654 2976 quo

2139 2985 2353 3028 sanctos
2382 2983 2750 3043 conspexerat.

435 3143 547 3198 Kal
569 3139 736 3198 εἶδον
763 3141 921 3197 ἄλλο
947 3141 1288 3212 σημεῖονέν
1312 3144 1394 3211 τῷ
1423 3144 1667 3214 οὐρανῷ
1683 3146 1840 3216 μέγα
1862 3145 1960 3200 καί

2141 3127 2208 3182 Ει
2236 3129 2344 3183 vidi
2374 3127 2524 3182 aliud
2546 3132 2755 3198 signum
2793 3129 2848 3182 in
2883 3131 3012 3182 ctelo
3051 3146 3301 3199 magnum
3327 3139 3376 3183 et
3408 3129 3657 3184 admira-

359 3236 719 3306 θαυμαστόν
749 3251 763 3266 ο
817 3235 1119 3305 ἀγγέλους
1164 3236 1349 3302 ἑπτὰ,
1409 3239 1670 3307 ἔχοντας
1723 3237 1965 3308 πληγὰς

359 3329 518 3384 ἑπτὰ
549 3328 655 3394 τὰς
683 3327 970 3397 ἐσχάτας,
1012 3328 1104 3381 ὅτι
1134 3326 1204 3382 ἐν
1235 3329 1448 3395 αὐταῖς
1479 3330 1770 3395 ἐτελέσθη
1801 3332 1834 3383 ὀ
1865 3333 1967 3384 θυ-

355 3421 481 3492 μὸς
514 3420 623 3476 τοῦ
655 3423 824 3476 Θεοῦ.
871 3420 981 3476 Καὶ
1011 3417 1177 3474 εἶδον
1213 3421 1294 3487 ὡς
1334 3421 1659 3476 θάλασσαν
1693 3422 1965 3489 ὑαλίνην

355 3515 739 3585 μεμιγμένην
769 3513 936 3583 πυρί,
982 3513 1083 3567 καὶ
1128 3513 1272 3579 τοὺς
1302 3513 1597 3580 νικῶντας
1632 3515 1704 3569 ἐκ
1728 3513 1834 3568 τοῦ
1864 3517 1968 3580 θη-

355 3610 522 3678 ρίου,
557 3609 656 3662 καί
685 3609 755 3661 ἐκ
784 3605 892 3676 τῆς
918 3608 1156 3674 είκόνος
1185 3608 1394 3669 αὐτοῦ,
1416 3608 1515 3661 καί
1545 3608 1615 3662 ἐκ
1646 3608 1753 3662 τοῦ
1779 3605 1964 3675 χαρά·

363 3716 592 3770 γματος
616 3701 834 3766 αὐτοῦ,
861 3699 961 3754 καί
999 3700 1068 3754 ἐκ
1106 3701 1214 3755 τοῦ
1251 3700 1505 3770 ἀριθμοῦ
1534 3699 1642 3754 τοῦ
1668 3699 1960 3768 ὀνόματος

363 3795 580 3861 αὑτοῦ,
613 3792 880 3860 ἑστῶτας
909 3793 1006 3848 ἐπὶ
1036 3793 1152 3862 τὴν
1178 3793 1505 3850 θάλασσαν
1532 3793 1648 3862 τὴν
1675 3793 1960 3860 ὑαλίνην,

364 3889 630 3958 ἔχοντας
675 3887 782 3954 τὰς
815 3887 1063 3954 κιθάρας
1102 3887 1209 3941 τοῦ
1255 3886 1440 3950 Θεοῦ,
1473 3887 1571 3940 καί
1601 3885 1820 3953 ᾄδουσι
1849 3884 1966 3952 τὴν

367 3980 540 4048 ᾠδὴν
570 3979 832 4043 Μωσέως
863 3978 1092 4032 δούλου
1134 3978 1244 4032 τοῦ
1293 3976 1443 4031 Θεοῦ
1469 4017 1484 4037 ,
1525 3976 1626 4030 καὶ
1663 3977 1780 4044 τὴν
1805 3975 1971 4043 ᾠδὴν

367 4071 482 4125 τοῦ
512 4071 772 4138 Ἀρνίου,
801 4070 1088 4139 λέγοντες
1113 4087 1126 4100 ·
1151 4068 1398 4138 Meg-(ila
1415 4069 1516 4122 καί
1545 4068 1877 4136 θαυμαστὰ
1900 4067 1974 4121 τὰ

371 4163 523 4232 ἔργα
556 4177 696 4224 σου,
726 4163 903 4231 Κύριε
932 4163 966 4216 ό
1009 4160 1155 4228 Θεὸς
1194 4163 1228 4215 ὁ
1261 4161 1686 4228 παντοκράτωρ
1707 4176 1718 4188 ·
1745 4158 1971 4212 δίκαιαι

372 4256 478 4310 καί
497 4255 776 4323 ἀληθιναὶ
804 4257 863 4309 at
888 4254 1020 4309 όδοί
1046 4270 1186 4319 σου,
1216 4256 1249 4308 ό
1273 4251 1578 4317 Βασιλεὺς
1603 4251 1724 4305 τῶν
1754 4251 1968 4305 ἐθνῶν.

378 4349 483 4416 Τίς
504 4351 578 4403 οὐ
591 4347 679 4417 μὴ
699 4348 936 4418 φοϐηθῇ
959 4363 1055 4412 σε,
1070 4347 1390 4418 Κύριεριιιί
1411 4345 1661 4410 δοξάσει
1688 4344 1756 4398 τὸ
1780 4341 1972 4414 ὄνομά

2063 3221 2166 3274 bile
2196 3237 2215 3276 :
2240 3220 2454 3290 angelos
2485 3231 2681 3289 septem
2713 3221 2964 3274 habentes
2995 3230 3188 3288 septem
3217 3222 3401 3292 plagas
3429 3221 3657 3275 novissi-

2063 3330 2200 3376 mas,
2230 3315 2357 3384 quia
2388 3315 2440 3367 in
2472 3315 2603 3382 ipsis
2643 3313 2938 3382 completur
2989 3315 3073 3366 ira
3105 3314 3220 3367 Dei.
3278 3313 3344 3368 Et
3380 3314 3486 3366 vidi
3533 3323 3660 3366 tan-

2062 3422 2223 3476 quam
2285 3422 2431 3460 mare
2506 3406 2732 3459 vitreum
2792 3407 3129 3459 commistum
3193 3407 3326 3474 igni,
3357 3416 3408 3458 et
3438 3422 3526 3460 eos
3565 3408 3659 3477 qui

2062 3497 2342 3550 uictoriam
2400 3505 2800 3565 reportaverunt
2852 3495 2917 3549 de
2969 3497 3166 3560 bestia,
3214 3507 3262 3549 et
3308 3495 3374 3550 de
3426 3497 3658 3566 imagine

2065 3592 2258 3661 ipsius,
2287 3600 2336 3644 et
2361 3591 2424 3645 ds
2447 3591 2752 3645 charactere
2785 3592 2974 3660 ipsius,
3006 3603 3054 3644 et
3083 3593 3148 3644 de
3179 3608 3398 3645 numero
3429 3592 3658 3645 nominis

2069 3687 2261 3755 ipsius,
2287 3695 2489 3740 stantes
2520 3700 2678 3754 super
2703 3701 2848 3739 mare
2876 3685 3126 3748 vitreum,
3147 3685 3393 3739 habentes
3420 3687 3658 3740 citharas

2073 3779 2194 3844 Dei,
2219 3789 2266 3833 et
2293 3789 2538 3834 canentes
2565 3781 2832 3833 canticum
2863 3778 3002 3832 Mosi
3021 3779 3154 3832 servi
3183 3781 3296 3845 Dei,
3319 3789 3366 3833 et
3391 3779 3660 3832 canticum

2073 3874 2234 3944 Agni,
2260 3875 2496 3928 dicentes
2523 3889 2540 3927 :
2563 3872 2762 3942 Magna
2788 3883 2837 3927 et
2867 3873 3190 3928 admiranda
3209 3885 3332 3929 sunt
3362 3890 3522 3942 opera
3544 3882 3662 3936 tua,

2073 3968 2298 4023 Domine
2352 3970 2496 4022 Deus
2543 3970 2872 4036 omnipotens
2909 3983 2927 4020 :
2949 3968 3119 4036 justa:
3148 3985 3211 4021 ac
3237 3983 3372 4021 vera:
3411 3975 3533 4019 sunt
3564 3966 3664 4018 via:

2071 4069 2199 4122 tute,
2216 4059 2326 4112 Rea:
2341 4060 2596 4128 gentium.
2620 4059 2750 4123 Quis
2774 4075 2877 4112 non
2901 4060 3104 4112 timebit
3125 4070 3192 4122 te,
3212 4059 3455 4122 Domine,
3476 4067 3524 4110 et
3547 4057 3666 4124 glo-

2069 4152 2299 4222 riﬁcabit
2321 4168 2508 4205 nomen
2533 4161 2682 4203 tuum
2702 4154 2726 4207 ἒ
2747 4153 2874 4221 quia
2901 4153 3043 4204 solus
3071 4163 3287 4205 sanctus
3307 4167 3383 4212 es,
3410 4149 3663 4218 quoniam

2070 4255 2246 4316 gentes
2265 4246 2482 4300 omnino
2501 4247 2703 4298 venient
2728 4255 2775 4298 et
2792 4243 3094 4298 adorabunt
3123 4259 3302 4298 coram
3323 4251 3391 4304 te,
3409 4241 3664 4311 quoniam

2064 4341 2278 4411 judicia
2309 4349 2403 4392 tua
2433 4337 2723 4406 manifesta
2757 4346 2904 4391 sunt.

373 4413 526 4510 oon;
558 4413 649 4498 ὅτι
667 4413 861 4514 μόνος
877 4413 1067 4510 ὅσιος,
1097 4413 1187 4498 ὅτι
1207 4413 1448 4509 πιῗντως
1468 4444 1541 4496 τὰ
1565 4442 1710 4510 ἔθνη
1741 4441 1965 4509 ἥξουσι
1999 4439 2100 4493 καί
2159 4435 2713 4508 προσκυνήσουσιν
2741 4432 3001 4488 ἐνώπιόν
3028 4447 3172 4496 σου,
3227 4431 3316 4488 ὅτι
3336 4432 3410 4487 τὰ
3435 4427 3668 4486 δικαιώ-

371 4543 536 4614 ματά
565 4557 684 4599 σου
714 4543 1206 4613 ἐφανερώθησαν.

450 4637 563 4690 Καὶ
619 4635 738 4698 πῶς
798 4634 860 4687 οὐ
925 4635 1069 4704 μέγα
1128 4634 1230 4704 τὴν
1288 4632 1635 4702 παγκὸσμιον
1699 4632 1963 4702 σημαῖνον

2145 4622 2308 4694 777
2369 4621 2455 4676 An
2526 4634 2636 4674 nou
2706 4631 2966 4686 magnum
3017 4625 3104 4672 est
3165 4616 3314 4687 quod
3370 4618 3669 4673 universa-

377 4728 738 4798 καθαίρεσιν;
767 4729 885 4792 πῶς
913 4727 970 4780 δὲ
996 4727 1059 4780 οὐ
1089 4725 1405 4798 θαυμαστὸν
1425 4766 1440 4788 ,
1466 4725 1720 4792 ἀγγέλοις
1756 4723 1972 4793 ίσαρίθ-

383 4839 505 4893 μοις
533 4823 626 4877 τὸν
652 4822 712 4888 ἐξ
735 4821 1028 4892 ἑϐδομάδος
1051 4822 1084 4880 ἠ
1093 4820 1278 4892 μερῶν
1299 4819 1671 4890 ἐναρξάμενον
1700 4816 1973 4870 συντελεί-

383 4916 508 4970 σθαι
538 4916 763 4985 κόσμον,
791 4916 888 4969 καὶ
914 4916 995 4979 είς
1027 4915 1120 4968 τὸν
1149 4914 1315 4968 αὐτὸν
1345 4912 1578 4984 ἀριθμὸν
1601 4910 1975 4981 ἀποτελευτᾷν

377 5010 494 5072 τοῖς
537 5024 598 5062 τε
641 5009 702 5062 τὸ
745 5009 1030 5076 καθαίρειν
1081 5008 1340 5076 ἀγγέλοις
1373 5003 1600 5076 λαχοῦσι
1650 5005 1744 5057 καὶ
1797 5004 1876 5065 είς
1913 5001 1977 5055 τὸ

378 5099 670 5168 καθαίρειν
734 5098 916 5170 έχουσι
971 5097 1222 5168 πληγάς;
1284 5096 1456 5149 Ἑπτὰ
1505 5095 1562 5146 δὲ
1615 5095 1673 5148 αἱ
1729 5091 1972 5162 πληγαί·

385 5191 632 5244 θάλασσα
671 5189 888 5259 ὑαλίνη,
923 5188 1056 5260 πῦρ,
1089 5187 1253 5241 είκὼν
1287 5187 1381 5240 τοῦ
1417 5186 1631 5256 θηρίου,
1665 5184 1849 5237 καὶτὸ
1879 5183 1978 5252 θη-

388 5285 503 5356 ρίον
553 5284 720 5347 αὐτὸ,
767 5282 862 5336 καὶ
907 5281 1175 5353 χάραγμα
1228 5279 1343 5350 (49)
1377 5277 1574 5341 αὐτοῦ,
1617 5277 1712 5329 καὶ
1743 5275 1980 5346 ἀριθμὸς

387 5375 552 5430 αὑτοῦ
579 5375 674 5430 τοῦ
702 5375 990 5445 ὀνόματος.
1029 5370 1202 5428 Λῦται
1255 5373 1354 5440 μὲν
1403 5371 1460 5423 αἱ
1490 5369 1737 5438 πληγαὶ,
1786 5368 1854 5420 δι’
1900 5361 1976 5420 ὧν

392 5469 652 5540 ἐτελέσθη
685 5472 714 5524 ὁ
761 5468 930 5540 θυμὸς
972 5464 1067 5521 τοῦ
1116 5465 1276 5519 Θεοῦ.
1327 5463 1596 5531 Ἔσχαται
1633 5461 1711 5523 δὲ,
1740 5460 1816 5522 ὡς
1863 5460 1978 5520 τοῖς

397 5563 622 5616 νικῶσιν
694 5559 866 5623 αὑτὰς
939 5560 1040 5613 οὐκ
1114 5555 1194 5610 ἔτι
1267 5553 1726 5625 περιλειπομένου
1784 5550 1976 5619 ἑτέρου

393 5654 626 5724 ἀγῶνος.
662 5655 732 5708 Οἵ
768 5671 830 5707 τε
862 5650 972 5723 γὰρ
1006 5651 1066 5705 τὸ
1102 5648 1454 5720 ἀστάθμητον
1482 5645 1576 5700 τοῦ
1613 5645 1727 5716 βίου
1759 5643 1980 5704 τούτου,

2076 4717 2182 4773 lein
2236 4715 2488 4785 designat
2553 4710 3013 4768 subversionem?
3049 4725 3118 4764 an
3196 4725 3305 4764 non
3375 4709 3667 4766 admiran-

2078 4808 2209 4863 dum
2269 4813 2355 4861 est
2409 4803 2676 4858 mundum
2725 4817 2850 4858 esse
2903 4802 3402 4856 consummandum
3457 4803 3528 4857 ab
3574 4819 3674 4857 an-

2078 4900 2215 4971 gelis
2239 4897 2335 4969 qui
2361 4897 2554 4952 eodem
2601 4904 2734 4950 sunt
2782 4910 3015 4951 numero
3049 4910 3174 4950 cum
3207 4895 3407 4950 diebus
3457 4895 3669 4949 hebdo-

2079 4992 2256 5046 madaa
2299 5007 2329 5046 a
2375 4991 2580 5061 quibus
2633 4989 2827 5042 habuit
2888 4987 3145 5051 initium,
3202 4994 3258 5041 et
3306 4987 3361 5040 in
3416 4987 3669 5040 eumdem

2089 5085 2246 5140 ﬁnire
2283 5097 2573 5138 numerum
2608 5094 2733 5135 cum
2764 5080 2973 5150 angelis
3001 5081 3092 5147 qui
3124 5079 3174 5132 id
3207 5078 3458 5133 muneris
3489 5079 3672 5133 sortiti

2089 5185 2221 5232 sunt
2250 5184 2311 5230 ut
2353 5175 2532 5243 ipsum
2588 5170 2840 5238 perdant,
2885 5179 2939 5223 et
2979 5170 3044 5222 ad
3077 5169 3417 5237 perdendum
3468 5169 3673 5221 habent

2087 5265 2320 5339 plagas?
2350 5263 2568 5332 Septem
2623 5272 2805 5314 autem
2849 5259 3021 5328 plaga:
3050 5267 3180 5314 sunt
3213 5272 3362 5312 mare
3404 5257 3667 5322 vitreum,

2091 5360 2254 5430 ignis,
2297 5358 2479 5426 imago
2501 5355 2688 5410 bestiae
2715 5364 2772 5408 et
2802 5353 2975 5408 bestia
3009 5352 3150 5421 ipsa,
3178 5351 3466 5404 character
3495 5349 3672 5420 ipsius

2087 5463 2143 5507 et
2168 5465 2432 5506 numerus
2470 5447 2708 5503 nominis
2737 5447 2928 5516 ipsius.
2967 5445 3060 5499 l-lae
3087 5444 3309 5514 quidem
3345 5443 3512 5514 plagre
3541 5450 3672 5500 sunt

2091 5547 2295 5616 quibus
2325 5543 2633 5614 completur
2679 5541 2758 5594 ira
2791 5540 2882 5595 Dei
2921 5555 2935 5592 :
2968 5548 3226 5593 extrema:
3282 5553 3436 5602 vero,
3485 5546 3545 5592 ut
3575 5537 3672 5606 qui

2095 5638 2195 5693 has
2223 5636 2484 5693 devicerit
2541 5634 2750 5691 nullum
2791 5633 2864 5688 sit
2896 5631 2996 5701 ipsi
3033 5630 3306 5702 reliquum
3362 5640 3675 5689 certamen.

469 5835 582 5907 (ιο)
610 5834 939 5904 chebatur,
994 5832 1177 5898 ὕαλος,
1217 5830 1350 5902 πῦρ,
1406 5829 1576 5894 alni-iv,
1637 5826 1830 5897 θηρίον
1879 5825 1971 5878 καὶ
2007 5824 2292 5896 χάραγμα.
