4110 6450
453 380 567 444 699

1284 377 1613 440 ΑΒΕΤΗᾹΞ
1652 375 2031 440 (ΞΕΒΑΗΕᾸΞ
2068 376 2555 440 ΟΑΡΡΑΒΟΟΙΕ
2597 378 2942 441 EPISCOPI

3642 387 3767 452 700

457 484 564 559 Qui
605 489 754 546 enim
788 504 1012 546 omnem
1066 488 1235 559 hujus
1286 492 1412 544 vita:
1469 490 1887 545 instabilitatem
1924 504 2080 558 qua:

2167 489 2180 542 ἰ
2214 494 2325 555 τοῖς
2365 492 2580 557 πολλοῖς
2608 493 2675 547 δι’
2706 495 2982 566 ἀλμυρίαν
3012 496 3290 569 ξηραίνειν
3315 492 3423 553 οἵδε
3451 496 3512 552 τὸ
3534 499 3773 570 ἀναψύ-

461 601 562 639 sua
590 585 867 650 salsugine
893 583 945 636 in
977 582 1165 636 multis
1197 583 1478 637 exsiccare
1512 582 1651 637 solet
1679 598 1843 637 omne
1881 581 2044 635 refri-

460 676 696 746 gerium,
750 675 1038 729 tolerando
1089 675 1318 729 vicerint
1353 693 1366 729 :
1402 674 1609 745 quique
1639 674 1771 729 dum
1803 674 2046 729 mundus

462 768 517 822 id
552 777 750 823 nactus
801 776 886 823 est
918 776 977 820 ut
1010 766 1254 823 nominis
1301 768 1546 837 ipsorum
1581 765 1959 822 celebritatem
1994 765 2051 819 in

465 857 689 912 modum
726 856 850 911 vitri
879 863 1149 922 conterat,
1186 856 1240 911 in
1271 854 1426 909 nullo
1456 856 1671 924 pejores
1694 852 2009 908 elliciuntur
2036 870 2048 905 :

465 964 574 1003 non
602 948 706 1003 sibi
735 948 1070 1003 asciscentes
1097 948 1210 1001 vim
1239 946 1510 1003 exurendi
1541 946 1705 1015 ignis,
1730 945 1825 1000 sed
1850 941 2051 998 illumi-

462 1042 627 1096 nandi
657 1058 670 1094 :
697 1057 821 1096 cum
874 1040 1113 1110 imagine
1151 1040 1363 1107 bestiae,
1411 1048 1509 1095 aut
1555 1038 1729 1093 bestia
1776 1037 1919 1107 ipsa,
1956 1043 2053 1090 aut

466 1134 790 1188 charactere
823 1142 918 1188 aut
950 1149 1184 1188 numero
1232 1134 1475 1189 nominis
1516 1132 1688 1203 ipsius
1719 1147 1830 1185 non
1869 1128 2053 1185 infeli-

466 1228 603 1281 citer
659 1226 952 1292 luctantes,
986 1226 1080 1280 sed
1115 1225 1346 1279 viriliter
1395 1223 1751 1279 devincentes
1780 1239 1794 1277 :
1836 1221 1891 1275 hi
1924 1228 2055 1276 tunc

463 1337 633 1392 super
660 1339 814 1377 mare
845 1322 1084 1376 vitreum
1119 1330 1353 1385 stantes,
1381 1321 1597 1391 signum
1630 1328 1910 1391 gestantes
1939 1331 2055 1373 sum

466 1416 522 1469 in
560 1417 668 1469 vita
708 1414 1180 1477 mortificationis,
1230 1414 1413 1484 quoad
1452 1413 1798 1481 voluptatum
1849 1425 1974 1480 quae
1999 1408 2055 1463 in

464 1523 528 1561 ea
605 1516 733 1563 sunt
790 1507 1145 1563 inutilitatem
1199 1522 1265 1562 ac
1326 1504 1761 1561 contractionem
1796 1522 1811 1558 :
1849 1510 2056 1558 canunt

470 1616 818 1672 quaecunque
848 1617 1069 1671 mquum
1094 1612 1177 1656 est
1206 1615 1409 1656 canere
1462 1600 1701 1654 victores
1738 1596 2055 1667 hujusmodi

468 1691 941 1746 adversariorum.

540 1780 808 1835 Habentes
867 1792 1064 1853 septem
1125 1783 1313 1852 plagas
1372 1783 1707 1835 novissimus.
1767 1779 1925 1846 Quod
1981 1779 2057 1833 ait

472 1883 697 1943 septem,
734 1889 843 1929 non
892 1884 976 1929 est
1032 1875 1442 1944 intelligendum
1484 1875 1631 1943 quod
1675 1886 1908 1926 numero
1939 1870 2058 1925 lue-

472 1968 585 2019 riut
637 1968 989 2036 septenario,
1044 1966 1140 2022 sed
1192 1968 1407 2036 capitur
1457 1981 1556 2035 pro
1588 1965 1833 2019 multas:
1870 1962 2057 2031 itaque

468 2058 642 2113 multa
679 2059 931 2129 designat
961 2073 1085 2114 esse
1118 2058 1386 2112 adversus
1412 2066 1732 2128 peccatores
1761 2055 2059 2126 supplicia,

468 2148 676 2217 quibus
710 2150 874 2203 tinem
914 2148 1117 2219 accipit
1151 2148 1233 2202 ira
1269 2148 1386 2214 Dei,
1429 2162 1554 2218 quae
1583 2148 1748 2201 etiam
1778 2154 2060 2216 postrema

467 2256 595 2295 esse
630 2241 781 2295 dicta
834 2250 985 2296 sunt.
1044 2239 1221 2296 Porro
1270 2256 1397 2296 cum
1448 2240 1545 2295 Dei
1582 2240 1745 2296 audis
1793 2240 1932 2295 iram
1965 2254 2060 2295 seu

467 2332 736 2396 furorem,
767 2348 837 2388 ne
871 2331 1153 2401 concipias
1182 2332 1432 2387 divinum
1478 2347 1683 2387 numen
1739 2332 2051 2401 subjectum

469 2440 595 2481 esse
632 2424 921 2481 affectibus
955 2442 970 2480 :
1003 2424 1100 2479 sed
1131 2425 1398 2494 quoniam
1435 2425 1545 2479 alio
1578 2424 1742 2479 modo
1770 2423 2062 2493 designare

468 2532 581 2571 non
632 2518 813 2587 potuit
865 2532 1157 2573 excessum
1214 2516 1528 2571 facinorum
1582 2527 1965 2587 peccatorum,
1994 2532 2059 2571 es

469 2609 824 2679 improbitate
856 2624 923 2663 ac
969 2608 1315 2679 impudicitia
1352 2609 1787 2679 procedentium,
1824 2624 1947 2679 qua:
1979 2607 2065 2663 vel

471 2700 813 2756 immobilem
848 2701 916 2755 ad
963 2701 1192 2757 eﬂ‘cctus
1225 2710 1479 2755 naturam
1535 2712 1764 2771 possent
1817 2717 2061 2768 movere,

474 2793 722 2847 humano
752 2807 907 2846 more
929 2792 1147 2847 locutus
1170 2800 1277 2847 est.
1309 2791 1458 2847 Mare
1480 2802 1663 2847 autem
1688 2794 1926 2847 vitreum
1953 2810 2063 2849 non

472 2884 623 2939 aliud
671 2884 997 2954 signiﬁcare
1048 2894 1294 2954 putetur,
1336 2899 1501 2953 quam
1535 2899 1631 2950 per
1661 2900 1813 2939 mare
1840 2885 2063 2955 quidem

472 2976 911 3042 multitudinem,
978 2992 1075 3047 per
1135 2977 1339 3030 vitrum
1408 2992 1538 3030 vero
1606 2977 1953 3045 splendorem
2004 2993 2067 3032 ac

473 3070 774 3138 puritatem
823 3082 1016 3121 eorum
1050 3070 1140 3134 qui
1175 3066 1247 3120 ibi
1280 3067 1427 3137 digni
1484 3066 1691 3122 fuerint
1727 3068 1885 3122 beata
1921 3070 2059 3123 vita.

551 3160 815 3215 Habentes
858 3160 1093 3213 citharas
1131 3158 1228 3212 Dei
1254 3168 1304 3212 et
1333 3168 1576 3213 canentes
1604 3161 1874 3212 canticum
1904 3158 2062 3213 Mosi.

474 3252 675 3309 Dicens
731 3252 995 3315 citharas,
1039 3251 1414 3306 membrorum
1469 3267 1592 3320 qua!
1640 3251 1696 3305 in
1740 3262 1886 3305 terra
1934 3262 2063 3306 sunt

476 3346 964 3402 mortiﬁcationem
994 3344 1266 3415 designat.
1298 3343 1469 3398 Porro
1504 3344 1652 3413 ipsas
1682 3345 1760 3398 ait
1790 3360 1915 3400 esse
1949 3343 2063 3411 Dei,

476 3453 545 3495 co
585 3439 733 3509 quod
766 3438 951 3493 nullus
1002 3437 1361 3507 quantumvis
1401 3436 1622 3491 sedulus
1679 3437 1842 3491 homo
1884 3448 1938 3490 ct
1984 3438 2066 3488 in-

476 3531 728 3587 dustrius
768 3531 819 3584 id
867 3535 1190 3600 prmstaret,
1244 3528 1433 3583 divino
1485 3527 1787 3582 destitutus
1837 3527 2063 3581 auxilio.

476 3622 751 3678 Caeterum
786 3620 921 3677 Mosi
977 3623 1122 3675 servi
1160 3620 1257 3674 Dei
1293 3621 1569 3675 canticum
1608 3621 1776 3689 778
1809 3620 1940 3674 illud
1975 3636 2067 3673 ve-

479 3714 716 3769 risimile
769 3722 854 3767 est
918 3726 1114 3767 omnes
1178 3712 1484 3782 intelligere
1547 3712 1695 3781 quod
1748 3711 1946 3766 cecinit
1998 3710 2071 3765 ob

480 3802 888 3857 demersionem
924 3800 1229 3855 Pharaonis
1268 3800 1415 3867 regis
1444 3799 1848 3870 Aigyptiorum.
1880 3798 2072 3853 Canti-

483 3910 610 3951 cum
647 3894 837 3964 itaque
883 3894 1158 3948 victorum
1213 3902 1341 3948 ante
1393 3893 1567 3965 legem
1600 3904 1653 3949 et
1683 3894 1788 3949 sub
1836 3895 1973 3965 lege,
2002 3909 2072 3950 ex

484 3989 573 4042 his
630 3986 945 4055 concipitur
996 4001 1118 4055 quae
1148 4001 1245 4056 per
1278 3985 1464 4040 Mosen
1512 3986 1672 4056 jussu
1711 3986 1804 4041 Dei
1852 3994 2069 4057 peracta

483 4089 635 4146 sunt,
669 4090 729 4134 ut
757 4079 968 4133 dictum
1007 4087 1122 4134 est.
1152 4078 1293 4148 Agni
1330 4093 1459 4132 vero
1488 4080 1765 4132 canticum
1807 4079 1951 4148 quod
1986 4088 2073 4133 est

483 4171 635 4227 aliud
674 4172 779 4227 nisi
808 4171 957 4241 quod
983 4171 1051 4225 ab
1076 4185 1141 4225 eo
1163 4171 1256 4241 qui
1289 4185 1551 4239 responsa
1577 4169 1671 4224 dat
1701 4171 2070 4240 compositum

482 4266 606 4320 est?
636 4265 785 4334 quod
836 4264 1001 4319 etiam
1053 4274 1254 4319 canent
1306 4262 1361 4317 hi
1406 4263 1565 4331 quia
1597 4263 1818 4319 Christo
1855 4273 1908 4317 et
1948 4271 2074 4333 post

483 4358 770 4412 Christum
818 4357 1076 4412 decenter
1107 4366 1506 4428 conversantes
1551 4357 1781 4412 assidue
1808 4356 1862 4411 in
1897 4357 2072 4425 gratia

481 4464 548 4503 ac
596 4448 999 4519 magniﬁcentia
1058 4449 1392 4504 annnntiant
1458 4448 1615 4520 Agno
1674 4448 1791 4504 sive
1842 4448 2073 4503 Domino

2154 601 2269 654 χον,
2315 585 2426 638 πᾶν
2474 587 2822 652 νενικηκότες
2863 590 2929 660 τῇ
2965 590 3263 663 καρτερίᾳ,
3299 590 3410 644 οἵτε
3444 593 3565 655 ταῖς
3597 592 3777 647 εὐδο-

2156 674 2296 741 ξὶαις
2327 678 2471 731 κατά
2499 677 2559 731 τὸ
2588 677 2751 733 ὕαλον
2776 679 2868 733 τοῦ
2905 681 3292 752 συντρίϐεσθαι
3322 682 3775 755 κεκληρωμένου

2153 769 2364 839 κόσμου
2409 771 2531 824 κατ’
2576 772 2730 825 οὐδὲν
2766 777 3196 845 κεχειρωμένοι,
3241 776 3341 846 οὑχ
3369 777 3419 829 oi
3450 777 3542 831 τοῦ
3572 777 3779 849 πυρὸς

2154 859 2254 931 τὴν
2281 863 2585 932 καυστικὴν
2621 863 2873 933 δύναμιν,
2909 866 3046 920 ἀλλά
3079 868 3179 938 τὴν
3210 868 3551 941 φωτιστικὴν
3579 886 3782 923 πεττο-

2161 955 2429 1024 ρισμένοι,
2457 956 2556 1027 οὐχ
2584 958 2635 1009 οἰ
2672 958 2770 1027 τὴν
2800 958 2986 1011 εἰκόνα
3019 958 3116 1013 τοῦ
3146 959 3359 1031 θηρίου,
3390 960 3424 1033 ἢ
3454 962 3516 1015 τὸ
3559 961 3779 1033 θηρίον

2155 1044 2307 1107 αὐτὸ,
2348 1045 2380 1115 ἢ
2410 1045 2500 1098 τὸν
2525 1046 2762 1120 ἀριθμὸν
2784 1048 2878 1100 τοῦ
2910 1050 3176 1119 ὀνόματος
3206 1049 3371 1105 αὑτοῦ
3396 1052 3773 1106 καταπαλαῖ-

2158 1153 2249 1190 σαι
2272 1136 2751 1208 δεδυστυχηκότες,
2778 1140 2895 1193 ἀλλ’
2917 1141 3188 1211 ἀνδρικῶς
3211 1143 3580 1213 νενικηκότες,
3610 1137 3777 1198 οὗτοι

2156 1231 2411 1301 τηνικάδε
2437 1232 2672 1295 ἑστῶτες
2702 1233 2796 1286 ἐπὶ
2823 1234 2921 1303 τὴν
2956 1233 3181 1306 ὑαλίνην
3210 1234 3511 1303 θάλασσαν,
3545 1235 3778 1306 σύμϐο-

2156 1323 2248 1378 λον
2284 1324 2671 1395 ἐπιφερόμενοι
2712 1327 2810 1396 τῆς
2845 1327 3055 1381 ἑαυτῶν
3098 1328 3155 1381 ὲν
3185 1327 3263 1399 τῷ
3292 1330 3391 1400 βίῳ
3425 1329 3776 1401 νεκρώσεως

2159 1417 2303 1469 κατά
2324 1416 2384 1469 τὸ
2408 1417 2772 1488 ἀνενέργητον
2802 1421 2911 1473 τῶν
2937 1423 2997 1473 ὲν
3028 1419 3178 1491 αὑτῷ
3203 1421 3377 1491 ἡδέων
3402 1421 3627 1492 ᾅδουσιν
3663 1422 3777 1475 ὅσα.

2159 1509 2306 1573 εἰκὸς
2332 1511 2458 1573 τοὺς
2488 1512 2842 1581 νενικηκότας
2882 1513 2992 1566 τῶν
3018 1512 3280 1566 τοιούτων
3308 1512 3479 1585 ᾄδειν.

2237 1798 2535 1865 Ἕχοντας
2574 1793 2813 1864 πληγὰς
2844 1793 2994 1848 ἑπτὰ
3020 1794 3128 1861 τὰς
3155 1793 3443 1862 ἐσχάτας.
3476 1794 3551 1848 Τὺ
3585 1794 3775 1860 ἑπτὰ,

2160 1889 2261 1943 οὑκ
2293 1890 2379 1941 ἐπ’
2408 1886 2573 1941 αὑτοῦ
2608 1886 2703 1939 τοῦ
2740 1886 3103 1957 έὸδοματικοῦ
3147 1886 3385 1958 ἀριθμοῦ
3418 1888 3730 1943 ἀκουστέον
3755 1929 3773 1956 ,

2158 1981 2275 2036 ἀλλ’
2306 1980 2402 2034 ὲπὶ
2424 1980 2518 2034 τοῦ
2553 1979 2747 2035 πολλά.
2778 1980 2890 2043 Τάς
2911 1980 3115 2043 πολλὰς
3144 1976 3237 2033 οῦν
3267 1979 3409 2034 κατά
3432 1980 3542 2043 τῶν
3574 1982 3777 2051 ἀμαρ-

2159 2072 2347 2127 τωλῶν
2369 2071 2622 2137 κολάσεις
2658 2071 2979 2137 αἰνίττεται,
3012 2071 3080 2125 δι’
3112 2064 3188 2125 ὧν
3219 2072 3247 2125 ό
3285 2071 3457 2143 Θυμὸς
3484 2071 3582 2125 τοῦ
3618 2070 3775 2124 Θεοῦ

2161 2167 2340 2239 πέρας
2390 2166 2681 2233 λαμσάνει.
2736 2165 2954 2228 Αἴτινες
2999 2166 3093 2219 καί
3139 2164 3366 2235 ἔσχαται
3423 2165 3770 2235 ἐλέχθησαν.

2165 2257 2350 2327 Θυμὺν
2379 2257 2436 2311 δὲ
2461 2256 2676 2310 ἀκούων
2712 2256 2873 2321 Θεοῦ,
2907 2255 2984 2327 μὴ
3028 2254 3104 2319 ὡς
3142 2254 3426 2327 ὲμπαθοῦς
3466 2255 3637 2308 ἄκουε
3670 2253 3776 2309 τοῦ

2161 2351 2344 2404 Θείου.
2386 2350 2527 2403 Ἀλλ’
2557 2350 2679 2403 ἐπεὶ
2702 2350 2801 2403 οὑκ
2827 2344 2974 2419 εἶχεν
3000 2348 3176 2412 ἄλλως
3203 2364 3321 2410 πως
3356 2347 3638 2417 ὑποφῆναι
3667 2346 3777 2416 τὴν

2164 2442 2475 2514 ὑπερϐολὴν
2504 2441 2612 2495 τῶν
2642 2442 2787 2495 κατά
2827 2441 3117 2510 ἀσέλγειαν
3142 2443 3249 2495 τῶν
3293 2440 3639 2512 ἁμαρτωλῶν
3672 2440 3776 2513 ἔρ·-

2164 2551 2298 2603 γων,
2324 2534 2419 2588 ἀτε
2454 2535 2548 2588 καὶ
2576 2534 2676 2602 τὴν
2701 2532 2891 2602 ἀπαθῆ
2923 2532 3086 2601 φύσιν
3110 2533 3238 2586 οῖων
3268 2550 3327 2587 τε
3362 2534 3532 2588 ὄντων
3564 2535 3773 2602 κινεῖν,

2164 2627 2524 2698 ἀνθρωπίνως
2569 2628 2843 2698 ἐχρήσατο
2884 2625 2965 2696 τῷ
3014 2625 3178 2696 λόγῳ.
3228 2624 3292 2679 'H
3326 2626 3518 2696 ὑαλίνη
3556 2626 3616 2679 δὲ
3665 2625 3777 2679 θάη

2165 2721 2343 2775 λασσα
2393 2722 2495 2774 οὐκ
2523 2720 2590 2773 ἂν
2633 2719 2762 2773 ἄλλο
2795 2720 3082 2787 σημαίνειν
3113 2719 3279 2780 δοκοῖ.
3316 2719 3350 2789 ἢ
3391 2720 3453 2772 τὸ
3481 2719 3619 2773 πολὺ
3666 2718 3775 2789 μὲν

2165 2811 2252 2862 διά
2280 2808 2398 2872 τοῦ,
2431 2808 2697 2872 θάλασσα,
2723 2810 2810 2863 διὰ
2841 2808 2898 2862 δὲ
2931 2808 3047 2873 τοῦ,
3080 2809 3296 2878 ὑαλίνη,
3326 2809 3388 2863 τὸ
3416 2809 3677 2863 στιλπνόν
3711 2826 3773 2863 τε

2167 2896 2263 2948 καὶ
2306 2896 2545 2965 καθαρὸν
2588 2896 2699 2950 τῶν
2737 2897 2837 2966 τῆς
2883 2898 3002 2951 ἐκεῖ
3050 2899 3459 2969 μακαριότητος
3502 2899 3599 2953 τοῦ
3647 2898 3773 2971 βίου

2168 2986 2509 3058 ἠξιωμένων.

2243 3171 2541 3237 Ἕχοντας
2582 3168 2690 3233 τὰς
2728 3167 2979 3236 κιθάρας
3025 3167 3131 3221 τοῦ
3182 3168 3330 3222 Θεοῦ
3354 3211 3368 3234 ,
3410 3170 3510 3223 καί
3543 3170 3773 3238 ᾅδουσι

2168 3262 2285 3327 τὴν
2330 3259 2495 3326 ᾠδὴν
2543 3257 2824 3321 Μωσέως.
2860 3258 2959 3311 Διά
2992 3256 3087 3310 τοῦ
3138 3259 3314 3311 εἰπεῖν
3360 3258 3459 3322 τὰς
3505 3260 3767 3330 κιθάρας,

2169 3354 2269 3424 τὴν
2297 3352 2408 3405 τῶν
2436 3351 2529 3403 ἐπὶ
2557 3350 2661 3419 γῆς
2694 3349 2873 3420 μελῶν
2902 3350 3199 3403 αἰνίττεται
3227 3349 3517 3421 νέκρωσιν.
3544 3352 3686 3405 Θεοῦ
3712 3352 3770 3405 δὲ

2170 3442 2341 3506 αὑτὰς
2375 3439 2536 3504 εἶναι,
2566 3440 2757 3494 καθότι
2786 3439 2963 3501 οὐδεὶς
2986 3440 3095 3492 τῶν
3127 3440 3434 3494 σπουδαίων
3457 3441 3770 3512 ἀνθρώπων

2169 3535 2269 3604 τῆς
2310 3533 2462 3596 θείας
2497 3532 2816 3602 συμμαχίας
2844 3531 3094 3601 χηρεύων
3135 3531 3519 3602 κατορθοῦται.
3548 3534 3665 3603 Τὴν
3711 3531 3770 3585 δὲ

2171 3626 2314 3696 ᾠδὴν
2342 3625 2626 3688 Μωῦσέως
2665 3623 2853 3678 δούλου
2887 3624 3095 3694 Κυρίου
3130 3624 3345 3694 ὲκείνην
3380 3625 3588 3686 πάντας
3617 3623 3771 3685 εἰκός

2172 3719 2290 3771 ἔστι
2337 3717 2549 3786 νοῆσαι,
2590 3718 2657 3787 ἢν
2691 3714 2823 3788 ᾖσεν
2858 3716 2952 3768 ὲπὶ
2989 3718 3056 3786 τῇ
3106 3720 3515 3769 καταποντώσει
3559 3713 3769 3785 Φαραὼ

2170 3808 2284 3861 τῶν
2319 3808 2654 3875 Αἰγυπτίων.
2688 3806 2809 3859 Τῶν
2843 3805 2942 3875 μὲν
2972 3803 3079 3875 πρὸ
3106 3805 3274 3875 νόμου
3302 3804 3397 3857 καὶ
3424 3806 3482 3857 ἐν
3510 3803 3588 3874 τῷ
3615 3805 3767 3873 νόμῳ

2174 3901 2487 3969 νικηφόρων
2516 3903 2547 3968 ἡ
2580 3898 2714 3969 ᾠδὴ,
2740 3898 2815 3960 ὡς
2849 3899 3088 3969 εἴρηται,
3121 3897 3185 3950 ὲκ
3216 3897 3324 3951 τῶν
3354 3896 3444 3950 διά
3484 3898 3767 3958 Μωῦσέως

2175 3994 2560 4065 προστάγματι
2599 3991 2735 4045 Θεοῦ
2767 3991 3163 4061 ὲνηργημένων
3192 3990 3417 4045 νοεῖται.
3479 3987 3539 4041 Ἢ
3574 3989 3633 4042 δὲ
3671 3987 3765 4043 τοῦ

2185 4085 2399 4156 Ἀρνίου
2427 4084 2539 4155 ᾠδὴ
2570 4084 2651 4146 τίς
2682 4083 2748 4136 ἂν
2765 4083 2921 4151 ἄλλη,
2954 4085 3002 4135 εἰ
3034 4082 3109 4153 μὴ
3134 4083 3225 4135 ὑπ’
3255 4080 3530 4135 αὐτοῦτοῦ
3548 4097 3766 4149 χρημα-

2171 4172 2415 4236 τίζοντος
2437 4172 2847 4241 συντεθειμένη,
2874 4172 2940 4242 ἥν
2964 4172 3058 4225 καὶ
3081 4171 3304 4242 ᾅσουσιν
3323 4174 3371 4224 οἱ
3394 4172 3502 4224 ἀπὸ
3525 4169 3764 4240 Χριστοῦ

2175 4269 2269 4319 καὶ
2297 4266 2437 4335 μετά
2480 4263 2716 4335 Χριστὸν
2756 4264 2949 4326 αἰσίως
2976 4262 3429 4333 πολιτευσάμενοι
3449 4303 3465 4327 ,
3495 4263 3597 4332 τὴν
3621 4263 3763 4316 ἀκα-

2174 4360 2485 4413 τάπαυστον
2514 4360 2573 4411 ὲν
2601 4358 2806 4428 χάριτι,
2823 4357 2897 4451 32>
2928 4356 3217 4428 μεγαλεῖον
3247 4354 3667 4423 ἐξαγγέλλοντες
3688 4352 3764 4424 τῷ

2189 4451 2411 4522 Ἀρνίῳ,
2431 4449 2642 4521 ἦτοιτῷ
2662 4445 2857 4519 Κυρίῴ
2880 4449 3055 4518 Ἰησοῦ
3074 4446 3318 4520 Χριστῷ,
3337 4445 3764 4517 ᾠκονομημένης

480 4540 609 4597 Jesu
636 4542 880 4609 Christo,
914 4542 985 4597 ob
1014 4541 1400 4610 dispensatum
1447 4543 1609 4597 nobis
1644 4542 1874 4596 salutari
1907 4542 2070 4596 modo

2180 4542 2463 4612 σωτηρίως
2516 4543 2647 4612 ἡμῖν
2695 4542 2793 4610 τῆς
2845 4538 3380 4610 παντοκρατορικῆς,
3419 4536 3636 4598 δικαίας
3669 4535 3764 4589 καὶ

483 4633 1178 4703 omnipotentem,justum
1232 4648 1299 4689 ac
1354 4649 1545 4689 verum
1596 4635 1879 4689 ducatum.
1937 4634 2071 4700 Qua:

485 4733 751 4796 tanquam
800 4741 897 4781 rex
924 4734 978 4780 et
1020 4725 1170 4781 basis
1207 4725 1624 4791 misericordiae,
1658 4742 1754 4796 per
1787 4726 2069 4797 apostolos

485 4833 618 4873 SUOS
648 4827 913 4887 operatus
943 4829 1029 4875 est
1061 4833 1192 4889 erga
1223 4834 1382 4874 suam
1423 4826 1757 4875 creaturam.

554 4911 674 4979 XV,
697 4914 818 4969 5-8.
853 4912 923 4966 Et
945 4922 1061 4981 post
1083 4914 1195 4968 [nec
1218 4912 1345 4980 uidi,
1373 4922 1423 4968 et
1446 4923 1688 4983 apertum
1718 4922 1797 4969 est
1825 4912 2075 4983 templum

484 5005 819 5061 tabernaculi
850 5006 1135 5061 testimonii
1162 5006 1218 5060 in
1236 5004 1404 5061 caelo:
1435 5014 1485 5060 et
1513 5005 1705 5075 egressi
1726 5011 1850 5060 sunt
1872 5013 2069 5073 septem

485 5098 659 5168 angeli
681 5093 929 5153 habentes
961 5108 1159 5168 septem
1185 5098 1372 5169 plagas
1401 5111 1420 5150 :
1450 5098 1541 5169 qui
1570 5107 1724 5153 erant
1753 5096 1931 5152 vestiti
1961 5096 2069 5149 lino

486 5192 682 5245 mundo
704 5202 754 5247 et
786 5194 1035 5259 candido,
1071 5203 1119 5248 et
1150 5192 1423 5261 prazct'ncti
1458 5193 1606 5246 circa
1644 5200 1859 5260 pectora
1917 5189 2068 5242 zonis

484 5287 682 5339 aureis.
716 5285 786 5339 Et
806 5303 970 5356 unum
999 5303 1063 5341 ex
1096 5296 1325 5356 quatuor
1357 5285 1681 5340 animalibus
1711 5284 1855 5338 dedit
1879 5292 2072 5351 septem

487 5380 687 5448 angelis
720 5389 915 5449 septem
950 5379 1157 5444 phialas
1190 5396 1378 5433 aureas
1407 5378 1591 5447 plenas
1646 5376 1939 5430 iracundia:
1975 5372 2072 5426 Dei

487 5472 706 5525 viventis
744 5473 795 5526 in
826 5472 1023 5528 swcula
1058 5472 1397 5525 smculorum.
1433 5469 1501 5524 Et
1536 5468 1813 5537 impletum
1837 5476 1916 5520 est
1945 5476 2077 5520 tem-

489 5564 633 5630 plum
675 5568 821 5631 [umo
847 5583 879 5617 a
912 5564 1189 5633 majestate
1234 5565 1332 5618 Dei
1362 5573 1411 5617 et
1444 5562 1680 5632 potentia
1703 5562 1872 5630 ipsius
1903 5575 1922 5613 :
1949 5559 2073 5612 nul-

492 5655 675 5725 (usque
708 5668 915 5727 poterat
957 5659 1162 5729 ingredi
1206 5657 1460 5727 templum
1495 5657 1658 5711 donec
1685 5653 2076 5723 complerentur

485 5758 677 5812 septem
708 5750 901 5817 phiala:
927 5762 1122 5820 septem
1173 5749 1499 5819 angelorum.

2167 4636 2429 4708 ἀληθινῆς
2447 4635 2691 4705 ὁδηγίας.
2719 4633 2895 4704 "Amp
2912 4632 2988 4695 ὡς
3012 4631 3264 4703 βασιλεὺς
3289 4629 3445 4699 βάσις
3461 4628 3537 4682 ὢν
3555 4628 3761 4692 ἐλέους,

2170 4729 2310 4799 πρὸς
2342 4730 2405 4781 τὸ
2436 4725 2633 4782 ἑαυτοῦ
2686 4725 2915 4796 πλάσμα
2956 4724 3047 4779 διά
3090 4724 3202 4777 τῶν
3243 4722 3412 4779 αὑτοῦ
3442 4721 3762 4778 ἀποστόλων

2171 4818 2487 4891 εἰργάσατο.

2246 4913 2357 4967 Καὶ
2389 4912 2543 4982 μετὰ
2573 4910 2763 4966 ταῦτα
2795 4904 2992 4975 εἶδον,
3020 4906 3122 4963 καί
3142 4906 3358 4977 ἠνοίγη
3405 4907 3440 4960 ὁ
3467 4904 3615 4972 ναὸς
3653 4904 3764 4974 τῆς

2177 5004 2417 5073 σκηνῆς
2445 5004 2551 5058 τοῦ
2578 5004 2909 5073 μαρτυρίου
2933 5002 3004 5056 ἐν
3030 5000 3111 5066 τῷ
3137 4997 3373 5068 οὐρανῷ
3392 5038 3407 5064 ,
3440 4996 3543 5053 καί
3576 4996 3762 5065 ἐξῆλ-

2179 5099 2286 5150 θον
2317 5096 2371 5148 οἰ
2396 5093 2547 5147 ἑπτὰ
2573 5093 2817 5163 ἄγγελοι
2837 5095 2891 5146 ot
2920 5091 3167 5160 ἔχοντες
3195 5088 3304 5155 τὰς
3330 5089 3479 5143 ἑπτὰ
3501 5086 3759 5156 πληγάς.

2183 5187 2251 5243 02
2294 5183 2459 5258 ἦσαν
2489 5185 2873 5255 ἐνδεδυμένοι
2915 5187 3092 5238 λίνον
3139 5181 3405 5249 καθαρὸν
3430 5168 3757 5249 ’λαμπρὸν,

2181 5282 2279 5336 καὶ
2303 5278 2757 5348 περιεζωσμένοι
2785 5276 2920 5346 περὶ
2956 5277 3030 5331 τὰ
3061 5275 3257 5344 στήθη
3290 5274 3472 5341 eam;
3504 5270 3758 5343 χρυσᾶς.

2176 5373 2286 5430 Καὶ
2314 5373 2383 5427 ἐν
2425 5374 2495 5426 ἐκ
2526 5371 2645 5425 τῶν
2685 5370 3002 5439 τεσσάρων
3045 5368 3200 5429 ζώων
3230 5367 3416 5421 ἔδωκε
3462 5365 3585 5431 τοῖς
3613 5364 3761 5417 ἑπτὰ

2177 5465 2458 5535 ἀγγέλοις
2495 5464 2647 5518 ἑπτὰ
2675 5462 2897 5531 φιάλας
2928 5459 3166 5531 χρυσᾶς
3200 5460 3503 5529 γεμούσας
3529 5457 3638 5512 τοῦ
3664 5459 3762 5510 θυ⁶

2175 5558 2291 5629 μοῦ
2316 5557 2421 5611 τοῦ
2451 5555 2601 5610 Θεοῦ
2622 5555 2729 5609 τοῦ
2751 5552 2964 5619 ζῶντος
2988 5555 3075 5617 εἰς
3098 5552 3239 5615 τοὺς
3254 5550 3473 5614 αἰῶνας
3498 5548 3615 5602 τῶν
3634 5546 3760 5602 αἰών

2179 5666 2322 5703 νων.
2349 5648 2458 5702 Καί
2486 5646 2776 5716 ἐγεμίσθη
2803 5647 2836 5699 ὁ
2869 5645 3015 5709 ναός
3043 5644 3113 5697 ἐκ
3150 5642 3257 5697 τοῦ
3290 5642 3526 5697 καπνοῦ
3549 5642 3620 5695 ἐκ
3659 5637 3759 5706 τῆς

2181 5742 2366 5809 δόξης
2392 5742 2499 5795 τοῦ
2531 5741 2702 5802 Θεοῦ,
2726 5737 2824 5791 καὶ
2855 5738 2922 5790 ἐκ
2946 5736 3055 5803 τῆς
3087 5734 3397 5802 δυνάμεως
3434 5733 3643 5802 αὐτοῦ,
3670 5728 3762 5785 καὶ

492 5836 699 5905 οὐδεὶς
720 5839 972 5895 ἐδύνατο
998 5841 1297 5897 εἰσελθεῖν
1325 5843 1410 5909 είς
1444 5840 1549 5894 τὸν
1576 5839 1725 5893 ναὸν
1758 5840 1894 5908 ἄχρι
1926 5834 2300 5892 τελεσθῶσιν
2328 5836 2385 5889 αἱ
2416 5833 2565 5887 ἑπτὰ
2599 5830 2826 5901 πληγαὶ
2857 5830 2972 5885 τῶν
2997 5830 3147 5885 ἑπτὰ
3174 5830 3464 5899 ἀγγέλων.
