4110 6438
419 380 522 448 701

1495 380 1888 444 COMMENT.
1930 379 2012 440 IN
2051 379 2580 448 APOCALYPSIN.

3603 395 3722 457 702

491 495 710 568 Σκηνὴν
751 493 1006 560 ἐνταῦθα,
1039 493 1142 568 τὴν
1185 496 1246 550 ἐν
1289 496 1544 567 οὐρανοῖς
1587 495 1740 566 λέγει
1781 492 1851 569 ἧς
1897 497 2009 550 καθ

2201 495 2642 558 Tabernaculum
2682 503 2788 562 hoe
2822 505 2946 562 loco
2979 504 3118 564 dicit
3146 508 3294 578 quod
3323 515 3410 566 est
3442 508 3510 564 in’
3531 510 3712 567 caelis.

417 588 684 661 ὁμοίωσιν
717 589 813 644 καὶ
841 589 870 642 ὁ
901 589 1143 660 Μωῦσῆς
1176 587 1348 659 πῆξαι
1375 589 1478 658 τὴν
1509 589 1716 660 σκηνὴν
1744 589 1843 661 τὴν
1865 591 2020 645 κάτω

417 682 846 753 προστάσσεται.
898 698 918 732 ι
961 681 1127 751 Ὅρα,
1164 680 1331 752 φησὶ,
1375 682 1626 750 ποιήσεις
1657 682 1836 736 πάντα
1871 683 2018 738 κατά

417 773 512 827 τὸν
536 772 710 826 τύπον
739 770 834 825 τὸν
858 771 1142 842 δειχθέντα
1169 789 1252 826 σοι
1283 775 1341 826 ἐν
1365 772 1444 844 τῷ
1463 772 1600 843 ὄρει.
1635 793 1653 826 ι
1702 773 1798 826 Ἐκ
1821 773 2014 826 τούτου

415 865 514 924 τοῦ
560 864 690 918 ναοῦ
744 862 1090 934 ἀνοιχθέντος
1142 863 1528 930 ἐξελεύσεσθαι
1575 866 1702 930 τοὺς
1753 864 1799 930 ζ’
1849 866 2019 934 ἀγγέ-

413 957 542 1020 λους
574 955 713 1028 (50).
740 953 854 1027 Πρδ
883 955 992 1028 γὰρ
1021 956 1120 1027 τῆς
1146 956 1241 1010 τοῦ
1264 958 1507 1030 Χριστοῦ
1532 958 2019 1029 συγκαταϐατικῆς

415 1051 556 1122 πρὸς
588 1050 738 1119 ἡμᾶς
768 1047 937 1102 αὑτοῦ
970 1049 1302 1120 παρουσίας,
1337 1051 1372 1120 ἠ
1407 1049 1610 1120 γνῶσις
1641 1049 1752 1102 τῶν
1791 1065 2018 1120 προκει-

417 1142 618 1212 μένων,
668 1139 997 1212 ἀσυμφανὴς
1030 1140 1128 1194 καὶ
1158 1141 1516 1213 ἀνεπινόητος
1550 1141 1884 1212 ἀνθρώποις.
1924 1139 2017 1194 Διὸ

413 1234 510 1288 καὶ
559 1231 696 1305 πρὸς
744 1231 1152 1303 ἐναργεστέραν
1192 1235 1400 1288 τούτων
1440 1233 1662 1299 πίστιν,
1713 1235 1772 1287 ἐν
1810 1233 1888 1304 τῷ
1919 1231 2016 1286 τοῦ

414 1323 623 1394 Κυρίου
653 1320 820 1376 πάθει
847 1323 942 1376 καὶ
969 1321 1032 1376 τὸ
1062 1322 1158 1377 τοῦ
1195 1323 1288 1378 ἐπὶ
1319 1324 1423 1395 γῆς
1451 1323 1580 1379 ναοῦ
1611 1326 2018 1396 καταπέτασμα

414 1419 811 1490 διαρῤήγνυται
847 1416 1055 1486 ἀνωθεν
1085 1415 1192 1481 ἕως
1225 1417 1414 1483 κάτω,
1448 1417 1616 1472 οἱονεὶ
1659 1416 1729 1471 τὰ
1772 1417 1882 1472 ἀπὸ
1911 1434 2016 1472 κα-

415 1510 651 1579 ταῦολῆς
708 1509 916 1580 κόσμου
995 1509 1322 1580 κρυφιότητι
1402 1511 1822 1581 συνεπτυγμένα
1898 1509 2016 1564 θεῖα

416 1601 726 1672 μυστήρια,
763 1600 828 1654 τὸ
864 1601 973 1655 ἀπὺ
1005 1599 1161 1655 τοῦδε
1201 1601 1417 1674 ἐκφανῆ
1454 1603 1625 1657 πᾶσιν
1677 1603 1770 1656 καὶ
1804 1599 2014 1656 ἐνώπια

413 1695 672 1766 κατέστη,
705 1693 804 1765 οὐχ
841 1693 925 1748 ἐνὶ
958 1693 1101 1748 ἐθνει
1141 1694 1625 1768 θησαυριζόμενα,
1664 1696 1802 1751 ἀλλά
1847 1698 2014 1751 πᾶσιν

2122 591 2189 644 ad
2216 591 2376 660 cujus
2423 593 2838 652 similitudinem
2873 597 3006 654 Mosi
3043 599 3362 669 praecipitur
3396 609 3458 654 ut
3487 617 3718 671 compo-

2125 691 2218 736 uat
2251 683 2480 742 inferius
2535 690 2977 746 tabernaculum.
3021 711 3040 744 ι
3079 691 3234 759 Vide,
3271 693 3474 764 inquit,
3529 698 3714 752 omnia

2123 771 2296 830 facias
2319 776 2475 846 juxta
2509 781 2790 850 exemplar
2826 783 2976 852 quod
3009 783 3104 840 tibi
3136 785 3192 838 iu
3227 795 3414 840 monte
3437 796 3716 842 monstra-

2119 875 2234 923 tum
2264 877 2348 924 est
2372 869 2441 924 ⁸³.
2477 889 2498 922 ι
2533 869 2612 926 Ex
2635 876 2738 928 hoc
2771 867 2976 943 templo
3003 889 3198 946 aperto
3225 891 3556 947 egressuros
3582 877 3717 932 dicit

2119 963 2344 1031 angelos
2375 975 2608 1034 septem.
2644 965 2784 1020 Nam
2817 977 2946 1022 ante
2981 969 3186 1022 Christi
3219 969 3484 1024 humilem
3511 971 3580 1024 ad
3613 985 3716 1024 nos

2119 1051 2440 1118 adventum.
2486 1057 2732 1124 eugnitio
2759 1072 2950 1114 eorum
2982 1074 3109 1129 quae
3145 1060 3440 1114 imminent
3475 1059 3714 1116 obscura

2117 1155 2256 1209 erat,
2281 1161 2382 1200 nec
2413 1148 2547 1204 satis
2573 1149 2642 1204 ab
2665 1149 2984 1206 hominibus
3009 1153 3478 1208 considerabatur
3507 1171 3522 1207 :
3561 1152 3684 1207 ideo
3703 1183 3716 1194 -

2119 1248 2227 1303 que
2255 1235 2323 1289 ad
2354 1235 2717 1294 ellicaciorem
2775 1240 2974 1295 horum
3018 1241 3184 1297 ﬁdem
3219 1242 3274 1298 in
3307 1243 3565 1312 passione
3596 1241 3715 1297 Do-

2117 1324 2255 1380 mini
2309 1327 2492 1381 velum
2543 1327 2714 1384 etiam
2769 1332 2980 1386 terreni
3036 1333 3224 1402 templi
3279 1333 3514 1388 scissum
3566 1343 3650 1386 est
3681 1347 3712 1386 a

2117 1433 2337 1472 summo
2361 1434 2539 1492 usque
2559 1421 2624 1475 ad
2655 1421 2855 1490 imum,
2879 1423 2983 1478 hoc
3003 1423 3321 1492 indicando,
3342 1425 3488 1496 quod
3522 1424 3710 1478 divina

2116 1511 2377 1582 mysteria
2406 1528 2530 1582 quae
2548 1531 2576 1569 a
2601 1513 2791 1570 mundi
2823 1517 3223 1570 constitutione
3260 1532 3355 1586 per
3377 1517 3708 1570 occultatio-

2117 1617 2244 1655 nem
2277 1603 2612 1674 complicata
2647 1617 2831 1672 erant,
2864 1623 2930 1661 cx
2961 1621 3027 1660 eo
3051 1615 3300 1676 tempore
3334 1605 3626 1660 manifesta
3657 1613 3714 1658 ct

2114 1693 2372 1748 omnibus
2395 1693 2558 1748 obvia
2593 1705 2720 1750 sunt
2752 1697 3023 1762 exhibita,
3063 1711 3172 1750 non
3207 1695 3300 1748 uni
3335 1695 3482 1764 genti
3521 1707 3714 1748 recon-

410 1785 624 1842 ἔθνεσιν
654 1789 1136 1860 ἐκπομπευόμενα.
1166 1791 1491 1862 Μαρτυρίου
1531 1791 1590 1846 δὲ
1611 1791 1803 1863 σκηνὴ
1836 1791 1897 1844 οὐ
1932 1790 2009 1861 τῷ

2113 1783 2251 1849 dita,
2283 1785 2378 1840 scd
2419 1787 2678 1842 omnibus
2731 1787 2986 1858 gentibus
3045 1802 3312 1856 expansa.
3360 1783 3716 1838 Tabct'nacu-

409 1879 630 1950 τυχόντι
663 1857 905 1952 εἴρηται,
934 1857 1051 1936 ἀλλ’
1077 1881 1160 1935 ὅτι
1190 1857 1402 1936 ἐκεῖθεν
1431 1884 1460 1936 ὁ
1492 1857 1854 1954 χρηματίζων
1879 1857 2009 1947 Θεὸς

2116 1877 2230 1932 lum
2265 1891 2396 1933 vero
2455 1857 2790 1946 testimonii,
2825 1895 2934 1935 non
2969 1879 3474 1951 quomodocunquc
3504 1877 3712 1931 dictum

407 1976 524 2038 τοῖς
563 1973 708 2027 κατὰ
745 1973 910 2044 νόμον
937 1973 1145 2045 ἱερεῦσι
1183 1974 1522 2030 διεστέλλετο
1552 1976 1622 2030 τά
1647 1977 1882 2047 ποιητέα
1913 1976 2012 2032 καὶ

413 2065 512 2135 μὴ,
563 2063 703 2136 μετά
751 2063 1020 2136 ἀκριϐοῦς
1053 2065 1149 2120 καὶ
1189 2065 1558 2120 ἀνυποστόλου
1603 2065 2006 2138 παραγγελίας,

409 2159 512 2211 οὐκ
541 2157 650 2212 ἀπὺ
678 2157 772 2212 τοῦ
797 2158 1026 2228 νομικοῦ
1055 2159 1385 2231 μαρτυρίου,
1411 2157 1550 2214 ἀλλά
1573 2157 1670 2213 τοῦ
1694 2157 2010 2232 ἀρχετύπου

408 2253 506 2305 καὶ
536 2251 634 2304 ἀνθ
641 2267 793 2326 ρωπε
803 2251 906 2308 ίου.

481 2431 552 2486 οι
585 2429 752 2502 ἦσαν
774 2431 1162 2502 ἐνδεδυμένοι
1188 2432 1368 2488 λίνον
1406 2433 1692 2504 καθαρόν.
1728 2433 1877 2504 Λίνῳ
1906 2451 2012 2504 φη-

410 2526 496 2579 σὶν
549 2525 860 2580 ἐνδεδύσθαι
907 2527 1034 2589 τοὺς
1083 2525 1274 2595 ἁγίους
1323 2525 1414 2581 διὰ
1460 2525 1524 2580 τὺ
1576 2525 1744 2597 μηδὲν
1793 2525 2011 2590 ζωῶδες

409 2618 716 2688 ἐπάγεσθαι
745 2617 1144 2686 προσπαθείας,
1174 2617 1211 2672 ἀ
1240 2617 1301 2670 τὸ
1325 2616 1581 2688 λαμπρὸν
1609 2619 1709 2690 τῆς
1730 2617 1881 2688 ζωῆς
1912 2615 2011 2670 πέ-

409 2725 586 2779 φυκεν
633 2709 942 2780 ἀμαυροῦν.
996 2711 1058 2763 Oi
1106 2709 1165 2762 δέ
1217 2709 1374 2763 αὐτοὶ
1429 2710 1524 2763 καὶ¹
1575 2709 2009 2782 περιεζωσμένοι

410 2801 541 2874 περὶ
583 2803 650 2855 τὰ
695 2801 870 2872 στήθη
920 2801 1100 2866 ζώνας
1138 2803 1352 2872 χρυσᾶς
1387 2801 1449 2855 τὸ
1482 2801 1880 2872 ἐπιθυμητικὸν
1913 2800 2007 2854 τοῦ

412 2895 666 2966 σώματος
709 2895 899 2963 μέρος,
933 2893 1063 2965 περὶ
1093 2893 1122 2947 ὃ
1156 2895 1190 2964 ἡ
1226 2893 1322 2946 τοῦ
1363 2891 1767 2964 ἐπιθυμητικοῦ
1798 2895 2008 2964 κατάρ-

409 3007 580 3062 χσιυσο.
617 2988 810 3058 καρδία
843 2986 1216 3057 κατῴκισται,
1249 2987 1351 3041 οὐκ
1377 2989 1568 3042 ἄνετον
1603 2986 1762 3040 τοῦτο
1802 2985 2007 3058 δηλαδὴ

411 3083 628 3153 ἔχοντες
657 3081 718 3132 τὸ
751 3081 916 3151 μέρος
945 3083 1039 3131 καὶ
1073 3079 1264 3150 μηδενὶ
1299 3077 1675 3152 σωφρωσύνης
1705 3094 2004 3149 περισφιγ-

2113 1978 2200 2024 est
2227 1979 2322 2024 aut
2349 1985 2506 2036 casu,
2539 1971 2636 2027 sed
2689 1973 2817 2042 quia
2867 1973 2995 2028 inde
3047 1973 3212 2028 dabat
3265 1971 3410 2026 Deus
3443 1983 3714 2040 responsa

2113 2060 2384 2132 legalibus
2417 2063 2584 2134 779
2631 2065 3040 2131 sacerdotibus,
3077 2063 3409 2134 explicando
3456 2077 3582 2132 quae
3624 2059 3713 2115 fa-

2113 2152 2308 2209 cienda
2339 2165 2528 2210 essent
2567 2165 2624 2211 et
2655 2171 2780 2226 qua:
2820 2171 2930 2212 non
2967 2155 3242 2220 facienda,
3281 2169 3408 2210 cum
3434 2161 3630 2208 exacta
3655 2160 3712 2206 et

2111 2247 2423 2304 certissima
2481 2251 2885 2320 praeceptione.
2939 2265 3050 2306 non
3082 2266 3113 2306 a
3149 2249 3306 2322 legali
3367 2245 3708 2314 testimonio,

2113 2340 2208 2395 sed
2237 2342 2536 2414 archetypo
2564 2353 2618 2398 et
2645 2343 2912 2398 humano.

2186 2428 2294 2494 Qui
2343 2442 2496 2486 erant
2539 2433 2712 2488 vestiti
2756 2435 2866 2488 lino
2913 2434 3133 2489 mundo.
3185 2433 3326 2489 Lino
3361 2433 3438 2489 ait
3483 2443 3710 2490 sanctos

2113 2518 2286 2576 luisse
2323 2525 2580 2587 vestitos,
2611 2539 2679 2579 eo
2710 2527 2858 2595 quod
2891 2526 3029 2580 nihil
3061 2525 3300 2582 animale
3335 2527 3574 2582 alliceret
3609 2541 3708 2582 eos

2113 2613 2181 2668 ad
2210 2615 2529 2671 ell'ectiones
2559 2631 2681 2686 qua:
2712 2619 2838 2672 vita:
2858 2619 3158 2673 candorem
3179 2627 3322 2672 natae
3351 2627 3482 2673 sunt
3505 2619 3711 2672 obscu-

2121 2721 2271 2762 rare.
2336 2707 2507 2762 lidem
2558 2723 2782 2780 quoque
2814 2709 2971 2763 zonis
3029 2709 3212 2764 aureis
3265 2709 3542 2780 praecincti
3581 2719 3714 2763 sunt

2112 2799 2262 2854 circa
2319 2808 2570 2868 pectora,
2641 2815 2842 2871 nempe
2905 2801 3400 2872 concupiscibilcm
3457 2801 3712 2870 corporis

2111 2898 2346 2958 partem,
2401 2889 2551 2944 circa
2591 2905 2760 2960 quam
2814 2889 3000 2946 sedem
3052 2891 3218 2945 habet
3277 2905 3376 2946 cor
3406 2891 3550 2960 quod
3609 2891 3712 2944 ini-

2112 2981 2248 3034 tium
2289 2981 2721 3052 concupiscendi
2755 2983 2956 3038 retinet
2991 3000 3005 3038 :
3047 2983 3190 3039 hanc
3215 2983 3471 3039 videlicet
3497 2993 3706 3052 partem

2110 3088 2220 3129 non
2261 3073 2530 3131 habentes
2585 3076 2876 3131 remissam
2907 3085 2962 3131 et
2992 3076 3146 3131 nullo
3180 3077 3560 3146 temperantiae
3591 3077 3712 3130 cin-

410 3177 642 3246 γόμενον
699 3174 981 3244 ζωστῆρι,
1032 3172 1172 3226 ἀλλά
1233 3171 1418 3243 σεμνῷ
1482 3171 1627 3244 μάλα
1682 3173 1776 3225 καὶ
1839 3171 2006 3241 τιμίῳ

2113 3167 2242 3239 gulo
2267 3169 2586 3235 coercitam,
2613 3167 2709 3224 sed
2735 3168 2933 3240 pudica
2957 3169 3199 3224 maxime
3214 3177 3268 3224 et
3289 3170 3532 3240 pretiosa
3555 3177 3710 3225 veste

407 3267 872 3336 ἀναστελλόμενον
905 3265 1228 3338 σφιγκτῆρι.
1278 3265 1503 3320 Τοιοῦτο
1537 3265 1648 3337 γὰρ
1690 3266 1785 3318 καὶ
1814 3267 1843 3318 ὁ
1873 3282 2005 3334 χρυ-

411 3361 522 3424 ςδς.
555 3360 664 3412 τῶν
705 3359 851 3414 κατὰ
881 3359 988 3430 γῆν
1020 3358 1164 3412 ὑλῶν
1201 3357 1262 3413 τὸ
1292 3357 1768 3430 περισπούδαστόν
1806 3374 1868 3411 τε
1917 3356 2009 3410 καὶ

407 3453 848 3525 τιμαλφέστερον
871 3451 1206 3523 ἀνθρώποις.

488 3639 676 3694 Ἑπτὰ
702 3638 929 3709 φιάλας
949 3638 1186 3708 χρυσᾶς
1209 3638 1513 3709 γεμούσας
1537 3636 1644 3692 τοῦ
1673 3635 1868 3708 θυμοῦ
1899 3636 2006 3692 τοῦ

411 3729 580 3783 Θεοῦ.
619 3727 815 3792 Καλῶς
845 3726 1034 3798 εἴρηκε
1076 3729 1287 3799 χρυσᾶς
1351 3727 1548 3796 φιάλας
1611 3727 1710 3796 τῆς
1741 3725 1836 3778 τοῦ
1867 3725 2006 3779 Θεοῦ

407 3822 578 3892 ὀργῆς
611 3820 1022 3890 ἐμπεπλῆσθαι.
1062 3821 1236 3890 Τιμία
1281 3820 1458 3890 γὰρὴ
1505 3819 1644 3890 ὀργὴ
1691 3819 1750 3872 τὸ
1798 3819 2006 3888 ἀγαθὸν

409 3916 502 3968 καὶ
531 3915 810 3984 συμφέρον
835 3914 892 3965 ἐν
917 3914 1056 3984 αὐτῇ
1089 3913 1332 3983 φέρουσα
1359 3911 1581 3981 μᾶλλον,
1619 3911 1652 3982 ἢ
1689 3913 1742 3963 τὸ
1767 3911 2002 3972 δίκαιον,

409 4008 512 4061 κᾶν
544 4005 800 4061 ἀνιῶνται
841 4005 890 4057 οἱ
923 4003 1303 4071 κολαζόμενοι.
1344 4003 1404 4056 Ὃ
1437 4003 1494 4055 δέ
1523 4001 1618 4055 τοῦ
1661 4001 1798 4056 Θεοῦ
1833 4002 2007 4073 θυμὸς

409 4101 510 4156 οὐκ
535 4099 811 4169 ἐμπαθὴς,
837 4097 1030 4166 ὥσπερ
1055 4096 1343 4166 πολλαχῶς
1371 4097 1504 4166 ἡμῖν
1529 4096 1768 4165 εἴρηται,
1797 4096 2004 4158 δίκαιος

410 4193 490 4258 δὲ,
521 4193 606 4246 ὄτι
634 4191 730 4245 καὶ⁵
757 4189 981 4260 ἀπαθὴς
1003 4190 1032 4240 ὁ
1066 4187 1162 4256 ἀφ’
1196 4181 1280 4242 οὗ.
1314 4187 1479 4239 Ὅθεν
1511 4187 1606 4240 καὶ
1640 4187 1751 4250 ζῶν
1784 4188 2004 4257 εἴρηται

411 4283 549 4356 πρὸς
571 4280 980 4352 ἀντιδιαστιάὴν
1005 4279 1115 4332 τῶν
1143 4278 1297 4350 παρά
1319 4279 1432 4340 τοῖς
1461 4277 1639 4332 ἔθνεσι
1665 4278 1880 4349 νεκρῶν
1910 4279 2004 4333 καὶ

411 4375 676 4448 ἐμπαθῶν
706 4373 866 4428 θεῶν.
907 4386 910 4390 ·

2109 3261 2431 3331 sphinetere
2502 3260 2842 3317 refrenatam
2890 3279 2905 3319 :
2944 3261 3265 3332 hujusmodi
3320 3263 3470 3319 enim
3516 3271 3602 3318 est
3653 3273 3712 3318 et

2113 3367 2355 3418 aurum,
2407 3353 2554 3410 inter
2601 3356 2865 3410 materias
2918 3364 3173 3412 terrenas
3225 3357 3472 3411 maximo
3524 3357 3708 3412 studio

2108 3445 2447 3512 allectatum,
2486 3453 2544 3502 et
2586 3446 2762 3520 magis
2801 3447 2858 3502 in
2888 3447 3068 3518 pretio
3117 3447 3368 3503 habitum
3422 3447 3569 3518 apud
3607 3447 3711 3502 ho-

2108 3537 2310 3593 mines.

2179 3629 2394 3700 Septem
2453 3631 2664 3702 phialas
2728 3647 2922 3688 aureas
2980 3615 3163 3704 plenas
3225 3631 3524 3688 iracundia:
3584 3631 3704 3688 Dei.

2107 3724 2274 3780 Recte
2319 3725 2452 3781 dicit
2499 3726 2715 3797 phialas
2760 3741 2962 3784 aureas
2997 3727 3254 3798 impletas
3285 3743 3411 3784 esse
3444 3727 3526 3782 ira
3560 3726 3654 3782 Dei
3687 3744 3704 3783 :

2109 3832 2235 3872 nam
2288 3819 2532 3888 pretiosa
2579 3828 2664 3875 est
2711 3819 2794 3876 ira
2826 3835 2953 3891 qua:
3003 3819 3208 3876 bonum
3244 3835 3308 3875 ac
3347 3820 3484 3875 utile
3531 3818 3706 3890 magis

2109 3911 2266 3966 alfcrt
2290 3927 2458 3981 quam
2501 3912 2801 3983 justitiam,
2834 3913 3092 3984 quamvis
3125 3927 3366 3969 maerore
3398 3911 3707 3968 adiciantur

2108 4003 2164 4057 hi
2205 4004 2298 4073 qui
2329 4005 2663 4074 puniuntur.
2689 4003 2787 4058 Dei
2817 4015 3002 4060 autem
3053 4005 3133 4058 ira
3167 4019 3278 4058 non
3311 4019 3376 4058 ex
3413 4001 3708 4058 aﬂ'ectione

2106 4103 2215 4162 est,
2267 4097 2734 4166 quemadmodum
2799 4097 3120 4166 frequenter
3183 4097 3449 4152 diximus.
3509 4094 3704 4150 Justus

2107 4199 2290 4244 autem
2325 4199 2432 4254 est,
2461 4190 2592 4260 quia
2641 4191 2810 4245 etiam
2845 4191 3046 4244 allcetu
3091 4205 3290 4244 carens
3327 4200 3408 4242 est
3441 4187 3490 4244 is
3523 4203 3554 4242 ο
3593 4203 3704 4257 ειυς)

2105 4282 2376 4351 procedit.
2427 4281 2569 4337 Hinc
2617 4285 2767 4336 enim
2805 4282 2996 4337 Vivens
3025 4296 3246 4352 quoque
3275 4281 3460 4336 dictus
3487 4288 3594 4344 est,
3632 4281 3702 4334 ad

2105 4375 2520 4430 distinclionem
2553 4374 2784 4430 deorum
2817 4385 3170 4430 mortuorum
3205 4383 3264 4429 ct
3287 4373 3582 4429 adfectibus
3603 4372 3704 4430 de-

2105 4468 2346 4524 ditorum
2377 4468 2472 4538 qui
2501 4468 2644 4539 apud
2692 4475 2886 4538 gentes
2912 4479 3094 4532 erant.

481 4575 592 4632 Kal
619 4576 910 4646 ἐγεμίσθη
945 4579 978 4630 ό
1009 4575 1157 4641 ναὸς
1189 4575 1258 4629 ἐκ
1283 4574 1389 4629 τοῦ
1420 4575 1676 4630 καπνοῦ.
1715 4575 1776 4629 '0
1797 4575 2004 4639 καπνὸς

2185 4580 2256 4635 Et
2305 4581 2579 4651 impletum
2626 4597 2701 4635 est
2733 4580 2984 4650 templum
3039 4581 3208 4649 fumo.
3243 4577 3459 4634 Fumus
3501 4577 3706 4634 divinae

409 4669 558 4731 θείας
595 4669 766 4740 ὀργῆς
798 4667 1019 4738 δεῖγμα,
1055 4665 1192 4720 καθὸ
1232 4668 1328 4721 καὶ
1367 4667 1447 4732 τὸ,
1487 4685 1508 4718 ε
1559 4667 1754 4737 Ἀνέϐη
1793 4667 2004 4731 καπνὸς

409 4763 468 4815 ἐν
503 4763 642 4833 ὀργῇ
672 4760 859 4828 αὐτοῦ,
908 4779 930 4812 ι
982 4759 1222 4830 εἴρηται.
1279 4757 1417 4814 Οῦτε
1459 4759 1570 4830 γὰρ
1614 4761 1823 4824 καπνὸς
1872 4761 2006 4814 ἄνευ

413 4853 585 4920 πυρὸς
626 4850 960 4920 ὑφίσταται,
988 4848 1114 4902 οὔτε
1165 4849 1280 4919 πῦρ
1319 4848 1534 4904 καπνοῦ
1567 4849 1708 4919 δίχα.
1744 4849 1818 4902 Τὸ
1849 4849 1906 4902 δὲ
1938 4851 2004 4904 ἐκ

411 4944 510 5012 τῆς
531 4942 686 5011 δόξης
711 4942 808 4996 τοῦ
837 4941 974 4996 Θεοῦ
1007 4941 1102 4996 καὶ
1125 4945 1226 5013 τῆς
1249 4942 1535 5011 δυνάμεως
1565 4941 1731 4996 αὐτοῦ
1753 4943 2004 5012 γίνεσθαι

409 5035 501 5092 τὸν
525 5036 752 5098 καπνὸν,
787 5035 1124 5106 περίφρασιν
1158 5034 1270 5104 (51)
1301 5034 1414 5104 ἔχει
1441 5035 1584 5090 τινὰ.
1628 5035 1703 5090 Οὐ
1735 5034 1846 5106 γὰρ
1881 5035 2002 5088 διά-

413 5129 571 5200 στολὴ
600 5127 736 5182 Θεοῦ
777 5130 876 5184 καὶ
914 5129 1016 5199 τῆς
1059 5128 1348 5198 δυνάμεως
1394 5127 1580 5182 αὐτοῦ.
1633 5127 2009 5198 Αὑτοδύναμις

413 5221 628 5291 γὰρκαὶ
646 5221 907 5286 αῦτοδόξα
930 5223 1125 5286 ὁΘεός.
1157 5223 1230 5275 Τὸ
1259 5222 1337 5288 δὲ,
1363 5222 1576 5288 Οὐδεὶς
1599 5221 1858 5277 ἐδύνατο
1881 5226 2008 5278 εἱσ-

413 5313 614 5369 ελθεῖν
663 5317 752 5380 εἰς
779 5313 888 5367 τὸν
925 5315 1098 5380 ναὸν,
1130 5315 1162 5387 ἦ
1197 5315 1340 5368 κατά
1367 5316 1429 5367 τὸ
1458 5317 1850 5386 γεγραμμένον
1874 5317 2006 5370 αὐτὸ

415 5407 632 5476 νοητέον
655 5449 670 5471 ,
705 5409 772 5461 ἵν’
901 5407 1322 5478 Ἐκτελούμενος
1355 5407 1530 5471 οὐδεὶς
1557 5411 1614 5462 ἐν
1657 5411 2006 5482 ὑποστήματι

415 5497 618 5568 Κυρίου
641 5516 654 5531 ·
689 5502 737 5553 εί
765 5499 873 5570 γὰρ
913 5497 1104 5566 τοῦτο,
1139 5499 1303 5571 σχολῇ
1339 5499 1390 5568 γ’
1425 5500 1492 5556 ἂν
1527 5501 1862 5574 ὑπενεγκοίη
1905 5503 2006 5576 τὴν

488 5677 537 5712 ³³
571 5679 748 5738 Exod.
778 5697 908 5747 xxv,
949 5681 1039 5737 49.
1117 5681 1164 5714 ⁸³
1194 5681 1342 5738 Psal.
1381 5699 1516 5750 xvii,
1547 5683 1601 5739 9.

494 5838 606 5914 (50)
645 5840 784 5905 Τοὺς
811 5839 1082 5914 ἀγγέλους
1112 5843 1226 5910 cd.,
1270 5842 1480 5900 omissa
1533 5843 1801 5900 uumcrali
1849 5853 2000 5900 nota.

2110 4673 2206 4728 ira:
2233 4673 2451 4743 signum
2475 4683 2580 4740 est,
2609 4675 2764 4743 juxta
2793 4673 2923 4728 illud
2960 4677 3124 4728 etiam
3153 4671 3300 4742 quod
3327 4671 3537 4727 dictum
3569 4679 3656 4725 est
3681 4687 3696 4724 :

2113 4783 2134 4817 ‹
2164 4763 2634 4821 Ascenditfumus
2659 4767 2712 4820 in
2739 4768 2818 4822 ira
2844 4767 2966 4836 ejus
2988 4767 3087 4819 υ.»
3125 4763 3312 4836 Neque
3341 4765 3489 4820 enim
3519 4763 3707 4819 fumus

2107 4860 2318 4930 absque
2351 4859 2476 4930 igne
2507 4860 2854 4929 producitur,
2893 4875 3070 4930 neque
3099 4859 3242 4930 ignis
3284 4859 3493 4930 absque
3527 4857 3702 4912 fumo.

2105 4951 2262 5020 Quod
2303 4961 2483 5007 autem
2522 4953 2730 5008 fumum
2756 4953 2888 5007 dicit
2915 4951 3028 5007 ﬁeri
3060 4967 3090 5005 ιι
3143 4952 3315 5022 gloria
3340 4953 3432 5007 Dei
3469 4963 3522 5006 et
3547 4967 3576 5004 a
3607 4965 3704 5020 po-

2113 5045 2283 5099 tentia
2329 5044 2526 5115 ipsius,
2577 5059 2686 5099 non
2719 5045 2786 5098 ad
2818 5045 3059 5098 litteram
3091 5043 3538 5114 intelligendum.
3581 5041 3702 5094 Non

2107 5138 2256 5192 enim
2283 5145 2368 5191 est
2401 5135 2711 5191 differentia
2737 5137 2880 5191 inter
2901 5136 3070 5190 Deum
3101 5145 3156 5190 ct
3183 5151 3337 5190 suam
3372 5133 3699 5205 potentiam;

2108 5229 2226 5298 ipse
2261 5243 2501 5298 namque
2527 5227 2672 5284 Deus
2703 5243 2804 5282 sua
2836 5235 2922 5282 cst
2962 5229 3206 5298 potentia
3245 5241 3458 5296 suaque
3500 5225 3696 5296 gloria.

2106 5321 2280 5376 Porro
2332 5321 2480 5391 quod
2513 5321 2714 5375 dicitur
2751 5342 2762 5376 :
2801 5321 3002 5374 Nullus
3058 5329 3268 5389 poterat
3317 5317 3524 5389 ingredi
3563 5327 3698 5369 tem-

2103 5413 2271 5482 plum,
2324 5423 2420 5469 aut
2469 5413 2698 5484 intelligi
2746 5415 2906 5470 debet
2935 5416 3094 5484 juxta
3129 5413 3184 5468 id
3219 5411 3367 5481 quod
3417 5411 3693 5479 scriptum

2102 5515 2207 5573 est,
2267 5515 2326 5562 ut
2357 5507 2428 5564 sit
2448 5521 2670 5576 sensus,
2703 5509 2854 5578 quod
2876 5506 3058 5563 nullus
3089 5505 3162 5563 sit
3189 5503 3468 5578 perfectus
3502 5515 3694 5562 coram

2186 5842 2301 5916 (5|)
2333 5839 2738 5916 Περιφρόνησιν
2766 5840 2862 5898 ed.
