4110 6448
423 404 535 469 703

1251 393 1583 458 ARETH/E
1621 391 2003 455 CESAREIB
2036 391 2525 456 CAPPADOCIE
2559 391 2908 455 EPISCOPI

3618 379 3747 456 ’104

425 520 540 574 Deo
570 536 583 572 :
613 511 740 574 n‘am
771 518 820 573 si
855 516 980 572 talis
1029 523 1196 578 esset,
1251 514 1406 567 nullo
1449 510 1616 567 modo
1649 511 1825 582 ipsius
1872 511 2012 566 iram
2041 556 2052 574 Α

2136 509 2311 565 τούτου
2347 511 2522 584 ὀργήν
2558 526 2573 542 ·
2607 510 2642 582 ἢ
2688 511 2749 564 τὸ
2796 507 3064 581 μηδαμῶς
3089 507 3221 576 τοὺς
3251 507 3441 579 ἁγίους
3469 510 3577 580 τῆς
3620 511 3753 566 ἄνω

426 621 750 682 pateretur:
793 618 887 664 aut
919 606 1064 677 quod
1097 615 1274 661 sancti
1312 606 1467 660 nullo
1514 605 1683 659 modo
1724 603 2018 674 acquirent

430 703 671 773 quietem
708 715 959 770 supernae
1009 696 1316 752 Jerusalem
1350 705 1404 752 et
1435 695 1861 752 sanctimoniam
1893 711 2018 766 qua:

431 797 486 850 in
536 795 628 850 illo
667 792 867 862 templo
917 796 1022 853 est,
1065 789 1387 860 priusquam
1459 789 1514 842 hi
1548 788 1643 856 qui
1692 786 1845 858 digni
1886 795 2020 842 sunt

432 887 740 940 sortiantur
764 880 1062 936 testimonii
1095 881 1341 949 praemia.
1365 879 1470 946 Qui
1501 894 1631 933 vero
1661 885 1871 948 septem
1904 878 2021 948 pla-

431 991 529 1046 gas
569 975 651 1028 his
704 973 975 1042 aptaverit
1027 971 1120 1041 qui
1180 971 1236 1024 in
1296 970 1486 1026 mundi
1539 970 2021 1025 consummatione

432 1065 803 1129 invenientur,
837 1078 1184 1134 nequaquam
1209 1078 1241 1118 a
1273 1070 1422 1118 recto
1452 1078 1517 1117 ac
1547 1062 1768 1117 decenti
1797 1061 2022 1117 aberra-

431 1157 592 1212 verit.

893 1273 1060 1343 730
1088 1269 1319 1327 CAPUT
1358 1270 1551 1326 XLVI.

435 1387 589 1452 Quod
621 1388 793 1457 c/fusa
819 1389 990 1457 prima
1018 1387 1198 1454 phiala
1229 1389 1326 1456 ﬁat
1349 1388 1498 1442 ulcus
1522 1388 1775 1441 adversus
1806 1395 2024 1455 aposta-

577 1469 660 1512 las
706 1460 796 1528 qui
829 1476 861 1512 a
898 1459 1004 1512 Deo
1038 1459 1342 1527 defecerunt
1374 1459 1443 1511 ad
1467 1459 1878 1512 Autichristum.

504 1572 645 1634 XVI,
696 1573 744 1636 ι,
778 1572 832 1628 2.
884 1571 950 1625 Ει
997 1573 1180 1627 audivi
1228 1590 1404 1627 vocem
1460 1591 1709 1645 magnam
1763 1576 2023 1629 dicentem

435 1673 628 1732 septem
667 1665 868 1734 angelis
902 1679 920 1717 :
953 1661 1037 1718 Ite
1063 1674 1113 1717 et
1139 1665 1394 1733 e/I'uudite
1433 1675 1627 1734 septem
1661 1667 1873 1735 phialas
1906 1666 2022 1735 ple-

438 1770 532 1807 nas
563 1755 861 1808 iracundia:
893 1754 988 1807 Dei
1013 1755 1068 1806 in
1094 1765 1312 1808 terram.
1340 1754 1408 1809 Et
1442 1755 1573 1809 abiit
1599 1757 1802 1826 primus
1822 1765 1870 1812 et
1890 1757 2027 1826 e/I‘u-

2130 603 2490 674 Ἱερουσαλὴμ
2532 604 2721 673 τυχεῖν
2772 601 3016 672 λήξεως,
3061 603 3158 656 καὶ
3197 601 3296 672 τῆς
3341 602 3402 654 ὲν
3430 600 3510 674 τῷ
3539 603 3751 657 ἐκεῖσε

2119 693 2235 764 ναῷ
2283 693 2598 766 ἱερουργίας
2651 694 2782 763 πρὶν
2828 694 2863 764 ἢ
2905 695 3088 763 τυχεῖν
3131 693 3260 758 τοὺς
3303 691 3488 758 ἀξίους
3526 692 3608 747 τὰ
3650 693 3753 748 διὰ

2124 787 2431 858 μαρτυρίας
2455 787 2732 858 ἐπίχειρα.
2769 785 2881 849 Τὰς
2918 785 2977 838 δὲ
3006 784 3150 840 ἑπτά
3183 785 3399 856 πληγὰς
3424 786 3454 838 ό
3486 787 3613 850 τοῖς
3641 786 3750 839 ἐπὶ

2123 877 2402 949 συντελείᾳ
2431 878 2524 930 τοῦ
2571 877 2780 948 κόσμου
2829 878 3246 948 εὑρισκομένοις
3287 876 3753 951 προσαρμόττων

2122 970 2223 1024 οὐκ
2250 970 2318 1027 ἂν
2349 970 2573 1042 ἁμάρτῃ
2596 969 2692 1025 τοῦ
2724 969 3057 1042 πρέποντος.

2705 1264 2958 1319 ΚΕΦΑΛ.
3002 1262 3155 1332 Μετ’.

2127 1377 2321 1446 Ὅπως
2343 1377 2452 1446 τῆς
2476 1378 2714 1446 πρώτης
2736 1379 2956 1447 φιάλης
2973 1379 3358 1448 ἐκχυθείσης,
3374 1379 3561 1448 ἕλκος
3585 1399 3702 1437 και

2519 1448 2638 1502 τῶν
2678 1449 3044 1504 ἀποστατῶν
3079 1451 3330 1520 γίνεται.

2195 1562 2306 1616 Καὶ
2374 1562 2614 1631 ἤκουσα
2662 1562 2934 1632 μεγάλης
2982 1562 3194 1632 φωνῆς
3245 1564 3559 1632 λεγούσης
3616 1564 3753 1631 τοῖς

2126 1655 2276 1710 ἑπτὰ
2305 1654 2621 1724 ἀγγέλοις·
2683 1655 2971 1725 ’Υπάγετε
3021 1655 3122 1708 καὶ
3163 1654 3413 1723 ἐκχέατε
3445 1657 3557 1723 τὰς
3590 1657 3756 1710 ἐπτὰ

2129 1746 2352 1815 φιάλας
2394 1747 2501 1802 τοῦ
2543 1747 2736 1816 θυμοῦ
2785 1747 2893 1801 τοῦ
2952 1747 3100 1801 Θεοῦ
3143 1750 3228 1814 εὶς
3265 1746 3381 1817 τὴν
3426 1746 3572 1818 γῆν.
3633 1748 3754 1802 Kal

436 1847 516 1898 dit
565 1846 799 1916 phialam
849 1862 1002 1899 suam
1037 1846 1091 1898 in
1125 1855 1344 1912 terram,
1393 1849 1444 1900 et
1491 1847 1696 1916 factum
1742 1857 1820 1902 est
1873 1847 2025 1902 ulcus

2136 1838 2411 1907 ἀπῆλθεν
2440 1842 2474 1894 ὁ
2505 1837 2740 1907 πρῶτος
2774 1840 2873 1894 καὶ
2907 1839 3113 1910 ἐξέχεε
3143 1839 3260 1907 τὴν
3287 1839 3519 1908 φιάλην
3547 1840 3755 1894 αὐτοῦ

438 1936 639 1988 malum
671 1953 733 1989 ac
763 1937 983 1988 noxium
1009 1937 1061 1988 in
1088 1935 1322 1988 homines
1339 1935 1429 2005 qui
1453 1934 1713 1988 habebant
1747 1937 2023 1989 characte-

439 2047 547 2083 rem
587 2030 784 2095 besliaz,
813 2037 863 2083 et
888 2028 978 2099 qui
1010 2028 1308 2082 adorabunt
1345 2028 1632 2098 imaginem
1671 2028 1811 2098 ejus.

509 2217 756 2288 Magnam
796 2231 1008 2282 vocem,
1046 2230 1155 2271 non
1185 2215 1366 2287 quoad
1406 2231 1639 2284 sonum;
1681 2231 1844 2286 quem
1878 2215 2023 2272 enim

435 2323 658 2362 sensum
693 2323 862 2377 pones
889 2308 944 2362 in
981 2308 1067 2362 his
1101 2309 1194 2378 qui
1240 2308 1376 2362 nihil
1413 2324 1553 2378 opus
1579 2308 1798 2362 habent.
1818 2307 2026 2364 sensu?

433 2400 528 2454 Sal
558 2415 836 2468 magnam,
874 2401 943 2454 ob
974 2398 1380 2454 intolerabilem
1416 2400 1816 2469 propemodum
1853 2401 2024 2455 mise-

434 2493 572 2544 riam
610 2507 802 2546 eorum
833 2492 928 2561 qui
983 2492 1310 2561 puniuntur.
1349 2491 1523 2546 Porro
1572 2508 1769 2546 vocem
1819 2491 2026 2558 dicere,

435 2591 715 2651 sumptura
745 2592 829 2638 est
859 2598 962 2651 pro
997 2582 1330 2652 signiﬁcare.

507 2675 716 2743 Effudit
746 2675 982 2742 phialam
1000 2692 1155 2728 suam
1183 2675 1238 2727 in
1270 2684 1489 2728 terram.
1513 2673 1722 2728 Phiala
1753 2676 1856 2729 hoc
1882 2674 2026 2740 loco,

436 2767 578 2821 sicut
604 2776 660 2822 et
685 2768 847 2830 calix,
870 2766 1224 2836 intelligenda
1238 2773 1321 2820 est
1339 2766 1420 2820 vis
1441 2767 1710 2836 punitiva.
1729 2783 1838 2837 qua
1856 2766 2027 2822 ell‘usa

436 2858 629 2923 ulcus,
688 2855 891 2925 inquit,
949 2855 1175 2909 noxium
1207 2855 1500 2920 successit,
1549 2857 1844 2926 allegorice
1877 2857 2029 2911 desi-

438 2947 659 3016 gnando
714 2947 1022 3002 cruciatum
1054 2947 1109 3001 in
1137 2947 1306 3002 corde
1353 2947 1658 3002 ardentem.
1693 2947 1865 3003 Porro
1888 2947 2028 3003 ellu-

437 3055 556 3094 sam
604 3055 728 3096 esse
756 3041 810 3094 in
843 3051 1072 3106 terram,
1124 3049 1350 3096 accusat
1385 3040 1507 3096 illos
1540 3043 1635 3111 qui
1679 3050 2026 3096 terrenorum

436 3131 682 3186 vanitate
715 3133 1033 3187 trahuntur.
1076 3132 1204 3188 Ideo
1235 3149 1459 3204 quoque
1492 3133 1558 3188 ad
1607 3132 1874 3203 majorem
1914 3149 2029 3187 ma-

2127 1935 2215 1997 εὶς
2236 1931 2351 1999 τὴν
2372 1932 2512 2002 τῆν,
2537 1933 2638 1987 καὶ
2659 1933 2896 2002 ἐγένετο
2921 1933 3104 1998 ἕλκος
3120 1931 3311 1986 κακὸν
3339 1933 3437 1985 καὶ
3463 1933 3755 2001 πονηρὸν

2126 2025 2228 2079 ἐπὶ
2248 2025 2391 2092 τοὺς
2417 2025 2771 2094 ἀνθρώπους
2794 2025 2938 2090 τοὺς
2962 2025 3216 2094 ἔχοντας
3238 2025 3304 2078 τὸ
3329 2023 3614 2094 χάραγμα
3637 2023 3752 2078 τοῦ

2129 2119 2359 2186 θηρίου.
2383 2120 2481 2173 καὶ
2509 2118 2649 2185 τοὺς
2675 2118 3180 2188 προσκυνοῦντας
3210 2116 3286 2186 τῇ
3306 2118 3491 2172 εἰκόνι
3517 2117 3745 2172 αὐτοῦ.

2200 2214 2432 2285 Μεγάλῃ
2459 2218 2633 2284 φωνῇ,
2656 2215 2716 2267 οὐ
2748 2217 2812 2284 τῇ
2839 2215 3138 2286 ἀπηχήσει,
3165 2213 3270 2283 (τίς
3294 2213 3404 2286 γὰρ
3427 2215 3521 2268 καὶ
3538 2213 3750 2284 αἴσθη-

2132 2322 2216 2369 σις
2240 2309 2354 2370 τοῖς
2385 2306 2540 2359 οὐδὲν
2573 2307 2838 2377 αἰσθητοῦ
2873 2306 3296 2376 προσδεομένοις
3318 2306 3357 2373 ;)
3391 2305 3528 2358 ἀλλὰ
3560 2305 3749 2376 μεγά-

2130 2398 2244 2462 λοις
2275 2401 2340 2469 τῇ
2373 2398 2688 2468 ἀνυποίστῳ
2723 2399 2910 2468 σχεδὸν
2943 2399 3296 2469 ταλαιπωρίᾳ
3319 2398 3428 2453 τῶν
3455 2416 3748 2470 τιμωρου-

2134 2490 2334 2558 μένων.
2372 2491 2414 2542 Τ
2418 2490 2446 2542 ὸ
2478 2491 2538 2544 δὲ
2570 2493 2669 2562 τὴν
2707 2490 2893 2563 φωνὴν
2923 2491 3129 2559 λέγειν,
3162 2491 3284 2546 ἀντὶ
3313 2491 3408 2546 τοῦ
3441 2493 3750 2562 σημαίνειν

2130 2581 2370 2652 εἴρηται.

2215 2671 2453 2741 Ἐξέχεε
2481 2673 2594 2740 τὴν
2625 2676 2855 2742 φιάλην
2881 2675 3068 2729 αὐτοῦ
3097 2676 3187 2740 είς
3219 2675 3336 2742 τὴν
3358 2692 3460 2746 πη,
3479 2717 3494 2730 .
3533 2674 3748 2744 Φιάλην

2131 2762 2366 2816 ἐνταῦθα
2389 2764 2643 2832 καθάπερ
2673 2767 2957 2836 ποτήριον,
2974 2765 3073 2836 τὴν
3099 2766 3429 2838 κολαστικιιν
3447 2768 3746 2839 ἐνέργειαν

2131 2854 2456 2924 ἐκληπτέον,
2484 2849 2552 2926 ἦς
2583 2855 2926 2927 ὲκχεοείσης,
2947 2857 3126 2923 ἕλκος,
3147 2860 3305 2929 φησὶ,
3325 2861 3570 2929 πονηρὸν
3605 2876 3745 2928 συμ-

2133 2947 2318 3014 6ἧναι,
2357 2946 2551 3011 ἕλκος,
2585 2948 2685 3017 τὴν
2724 2950 2783 3002 ἐν
2823 2950 3024 3021 καρδίᾳ
3061 2951 3372 3021 σφύζουουιν
3410 2951 3610 3022 ὀδύνην
3644 2951 3741 3006 ἀλ-

2131 3039 2404 3109 ληγορῶν.
2459 3037 2583 3092 Ἐπὶ
2633 3042 2734 3112 τὴν
2769 3041 2874 3112 γῆν
2910 3042 2967 3095 δὲ
3017 3043 3264 3114 χεοῆναε,
3316 3047 3454 3114 γῆν,
3502 3045 3638 3108 τοὺς
3671 3047 3738 3115 τῇ

2136 3130 2461 3201 ματαιότητι
2503 3132 2612 3185 τῶν
2651 3133 2858 3203 γηΐνων
2898 3136 3360 3206 περισπωμένους
3410 3135 3737 3190 ἀποκαλῶν.

439 3222 846 3279 nifestationcm
880 3225 1187 3295 subjungit,
1209 3200 1536 3296 quod-super
1551 3200 1740 3296 pravos
1767 3226 2025 3280 homines.

2136 3221 2226 3274 Διὸ
2263 3223 2358 3276 καὶ
2388 3200 2640 3291 ἐπιφέρει
2666 3200 2816 3293 πρὸς
2849 3200 3267 3296 σαφήνειαν-τὺ,
3301 3226 3400 3281 ἐπὶ
3433 3227 3583 3292 τοὺς
3631 3240 3743 3279 πο-

440 3315 547 3372 Sed
576 3317 799 3386 quinam
833 3328 998 3372 erunt
1032 3319 1107 3372 illi
1141 3319 1340 3388 pravi?
1371 3319 1478 3386 Qui
1511 3320 1596 3373 vel
1646 3319 2025 3374 characterem

439 3419 653 3480 gestant
683 3411 870 3467 bestia:
895 3413 976 3467 vel
1010 3413 1246 3467 adurant
1269 3413 1563 3483 imaginem
1587 3413 1708 3483 ejus
1739 3431 1752 3467 :
1785 3427 1852 3467 eo
1878 3411 2026 3482 quod

437 3503 840 3560 discesserinta
871 3504 982 3560 Deo
1008 3505 1248 3574 vivente,
1280 3516 1335 3562 et
1359 3505 1426 3561 ad
1446 3505 1850 3561 Antichristum
1881 3521 2020 3560 con-

439 3591 716 3648 ﬂuxerint.
744 3594 916 3649 Porro
955 3596 1247 3667 imaginem
1294 3596 1509 3662 bestiae,
1570 3596 1624 3652 id
1659 3604 1766 3664 est,
1795 3595 2027 3664 diaboli,

439 3681 573 3736 dicit
605 3682 1032 3738 Antichristum.

975 3818 1206 3875 CAPUT
1247 3820 1460 3876 XLV”.

443 3952 616 4022 Plaga
681 3955 913 4008 secunda
973 3955 1225 4010 adversus
1275 3974 1339 4038 ea
1389 3972 1506 4026 quw
1570 3954 1928 4025 objurgaulur
1976 3960 2030 4012 in

1157 4045 1201 4080 ιιι
1213 4045 1316 4082 ιιι-ι.

510 4175 652 4244 XVI,
681 4181 734 4235 5.
769 4181 838 4234 Et
859 4184 1117 4236 secundus
1148 4184 1366 4254 angelus
1394 4185 1580 4252 effudit
1604 4186 1842 4254 phiatam
1875 4204 2029 4242 suam

441 4272 497 4325 in
533 4289 698 4340 mare,
731 4283 780 4328 et
816 4275 991 4344 factus
1025 4286 1101 4330 est
1151 4279 1370 4348 sanguis
1425 4289 1678 4347 tauquam
1719 4281 1936 4346 mortui,
1979 4290 2028 4334 et

441 4366 610 4420 omnis
638 4367 820 4420 anima
853 4368 1028 4423 vivens
1054 4379 1264 4424 mortua
1289 4381 1366 4424 est
1399 4370 1454 4424 in
1485 4373 1645 4426 mari.

2130 3314 2359 3382 νηροὺς
2388 3316 2765 3384 ἀνθρώπους.
2806 3317 3044 3386 Πονηροὶ
3081 3318 3138 3370 δὲ
3167 3318 3309 3380 τίνες
3354 3319 3419 3372 ἂν
3449 3314 3586 3384 εἷεν,
3624 3318 3658 3390 ἦ
3691 3311 3760 3371 οἱ.Δ

2130 3406 2192 3460 τὸ
2222 3407 2488 3478 χάραγμα
2521 3410 2914 3479 ἐπιφερόμενοι
2968 3409 3063 3463 τοῦ
3106 3409 3296 3480 θηρίου
3323 3451 3337 3473 ,
3371 3411 3435 3463 ὲκ
3464 3411 3563 3464 τοῦ
3605 3413 3741 3464 ἀπο-

2135 3497 2325 3575 στῆναι
2373 3499 2475 3568 μὲν
2510 3499 2809 3563 ἀπδθεοῦ
2865 3498 3094 3565 ζῶντος,
3130 3497 3208 3570 τῷ
3265 3501 3634 3572 ’Λντιχρίστῳ
3684 3500 3740 3553 δὲ

2132 3593 2514 3662 προσρυῆναι;
2541 3593 2742 3646 Εἱκόνα
2767 3591 2823 3646 δὲ
2883 3592 2978 3645 τοῦ
3007 3593 3199 3664 Θηρίου
3231 3593 3322 3646 τὸν
3358 3594 3740 3666 ’Λντίχριστον

2132 3683 2306 3752 λέγει,
2335 3685 2608 3750 τουτέστι,
2637 3685 2733 3740 τοῦ
2765 3685 3038 3740 διαϐόλου.

2717 3820 2972 3876 ΚΕΦΛΛ.
3005 3820 3142 3878 MZ'.

2135 3954 2346 4024 Πληγὶι
2374 3955 2626 4026 δευτέρα
2651 3956 2802 4011 κατὰ
2837 3956 2956 4058 τῷν
3000 3958 3070 4011 ἐν
3115 3959 3408 4030 θαλάσσῃ
3463 3962 3737 4032 ἐπιτιμίο-

2819 4046 3040 4098 μενων.

2205 4188 2314 4241 Καὶ
2345 4191 2378 4243 ὁ
2397 4188 2676 4256 δεύτερος
2704 4189 2961 4258 ἄγγελος
2983 4189 3192 4260 ἐξέχεε
3218 4191 3334 4259 τὴν
3367 4192 3600 4261 φιάλην
3631 4193 3736 4245 οὐ·

2132 4279 2242 4334 τοῦ
2273 4282 2361 4346 εις
2391 4281 2505 4347 τὴν
2543 4280 2901 4345 θάλασσαν,
2931 4282 3030 4336 καὶ
3072 4283 3312 4352 ἐγένετο
3343 4279 3490 4354 αἷμα
3533 4285 3615 4348 ὡς
3639 4300 3736 4337 νε-

2134 4373 2311 4442 κροῦ,
2353 4376 2453 4428 καὶ
2487 4373 2660 4430 πᾶσα
2690 4377 2861 4446 ψυχὴ
2898 4375 3056 4437 ζῶσα
3079 4377 3386 4433 ἀπέθανεν
3417 4379 3490 4432 ἐν
3522 4378 3596 4448 τῇ
3636 4380 3737 4430 θα-

2135 4462 2372 4532 λάσσῃ.

514 4543 673 4613 781
713 4542 859 4598 Mare
901 4553 995 4598 aut
1029 4545 1318 4614 praesentis
1371 4547 1556 4602 saeculi
1610 4547 2028 4617 instabilitatem

2210 4558 2500 4614 Θάλασσαν
2537 4559 2648 4613 εἴτε
2700 4559 2762 4612 τὸ
2793 4560 3148 4630 ἀστάθμητον
3178 4561 3274 4615 τοῦ
3303 4562 3576 4633 παρόντος
3607 4560 3736 4617 αὲῶ-

442 4638 753 4708 signiﬁcare
787 4641 922 4702 vult,
957 4655 1022 4694 eo
1055 4640 1203 4709 quod
1237 4651 1368 4696 tunc
1399 4657 1533 4712 gens
1563 4641 1756 4696 belliee
1785 4641 2034 4711 insurget

441 4726 496 4780 in
521 4736 771 4796 gentem:
800 4729 946 4783 unde
981 4730 1027 4784 si
1060 4745 1209 4783 mare
1239 4732 1443 4800 preeliis
1465 4732 1776 4796 navalibus,
1800 4741 1856 4785 ct
1888 4741 2033 4786 terra

441 4829 496 4874 et
534 4819 758 4876 ﬂumina
811 4836 1004 4877 eorum
1050 4823 1144 4893 qui
1191 4825 1522 4879 occiduntur
1564 4827 1832 4894 sanguine
1868 4824 2034 4880 rube-

443 4922 621 4977 scant,
664 4913 800 4968 nihil
833 4914 1033 4969 mirum
1067 4925 1181 4970 est:
1220 4917 1336 4971 sive
1367 4917 1511 4986 quod
1547 4917 1734 4972 divina
1767 4917 1970 4972 virtute
2003 4932 2036 4972 a

442 5003 648 5060 sanctis
699 5006 980 5076 prophetis
1026 5006 1214 5062 Enoch
1249 5018 1302 5064 et
1340 5009 1453 5062 Elia
1497 5009 1589 5063 ﬁet
1623 5017 1753 5062 tunc
1781 5006 2038 5064 fortassis

442 5096 676 5150 mutatio
705 5112 975 5168 aquarum
1004 5099 1057 5153 in
1096 5100 1421 5170 sanguinem
1443 5141 1456 5166 ,
1491 5100 1559 5154 ad
1595 5100 2036 5168 redargutionem

442 5203 630 5243 eorum
655 5189 747 5258 qui
774 5190 985 5246 seducti
1015 5192 1224 5248 fuerint
1255 5192 1761 5264 :quemadmodum
1788 5193 1843 5246 in
1874 5191 2040 5262 Egy-

442 5289 536 5350 pto
567 5281 671 5336 sub
703 5279 851 5338 illose
891 5298 1156 5340 conversa
1195 5296 1324 5340 sunt
1354 5284 1573 5338 ﬂumina
1628 5303 1640 5339 :
1680 5285 1827 5355 quod
1873 5285 2038 5338 etiam

444 5373 621 5443 magis
652 5375 917 5446 consequi
955 5377 1147 5432 tribuit
1171 5377 1222 5432 id
1256 5379 1400 5447 quod
1435 5378 1807 5446 subjungitur,
1841 5391 2044 5446 nempe

445 5467 672 5534 sanguis
706 5482 815 5522 non
855 5469 1097 5534 mortui,
1150 5470 1246 5524 sed
1297 5477 1561 5539 tanquam
1616 5470 1842 5534 mortui,
1892 5469 2040 5539 quod

444 5557 714 5626 particula
733 5557 830 5626 ὡς,
857 5560 912 5614 id
935 5571 1019 5614 est
1045 5571 1319 5630 tauquam,
1350 5577 1457 5615 non
1485 5561 1560 5614 rei
1589 5561 1910 5626 efﬁcaciam,
1945 5561 2042 5615 secl

451 5649 864 5706 similitudinem
913 5653 968 5706 in
1021 5653 1337 5709 universum
1387 5652 1634 5722 designet
1691 5671 1704 5704 :
1758 5653 1831 5707 ita
1874 5661 1934 5707 ut
1977 5668 2042 5708 ea

453 5739 772 5807 conjectura
805 5759 913 5797 non
951 5743 1110 5817 longe
1137 5745 1356 5802 aberret
1387 5763 1416 5800 ιι
1449 5760 1638 5814 scopo.
1664 5744 1862 5800 Mortui
1890 5761 2040 5812 vero,

455 5820 560 5879 hoc
585 5838 686 5891 est,
717 5827 966 5898 jugulati.

2135 4665 2226 4711 vo;
2246 4649 2562 4719 ἐκδέχεσθαι
2595 4649 2867 4720 βούλεται,
2891 4652 3014 4705 καθ’
3044 4651 3102 4706 ἓν
3126 4651 3187 4706 τὸ
3219 4653 3526 4722 τηνικαῦτα
3553 4653 3734 4714 ἔθνους

2137 4738 2223 4792 ἐπ’
2270 4739 2422 4803 ἔθνος
2453 4740 2729 4810 πολεμίως
2765 4741 3119 4810 ἐγειρομένου
3160 4758 3174 4772 ·
3212 4743 3335 4797 ὅθεν
3387 4744 3482 4797 καὶ
3527 4745 3577 4796 si
3601 4757 3732 4794 ναυ-

2141 4832 2367 4902 μαχίαις
2412 4834 2446 4904 ἡ
2493 4833 2766 4897 θάλασσα,
2815 4835 2972 4904 καὶὴ
3011 4836 3084 4904 γῆ
3129 4836 3227 4890 καὶ
3264 4837 3313 4889 oi
3357 4839 3598 4908 ποταμοὶ
3627 4833 3732 4888 τῶν

2139 4923 2616 4994 ἀποκτεινομένων
2639 4924 3011 4992 φοινίσσονται
3035 4926 3286 4997 αἴμασιν,
3310 4929 3463 4982 οὐδὲν
3485 4925 3730 4987 ἀπεικὸς,

2139 5016 2250 5068 εἴτε
2279 5017 2374 5070 καὶ
2396 5015 2518 5088 θείᾳ
2546 5018 2778 5089 δυνάμει
2810 5018 2947 5089 πρὸς
2969 5019 3194 5091 ἔλεγχον
3219 5020 3330 5076 τῶν
3356 5021 3728 5091 ἀπατωμένων

2140 5111 2262 5162 τότε
2305 5109 2409 5162 ὑπὸ
2441 5110 2551 5163 τῶν
2587 5111 2761 5178 ἁγίων
2797 5111 3096 5181 προφητῶν
3140 5111 3312 5184 Ἑνὼχ
3360 5116 3456 5168 καὶ
3507 5111 3660 5167 Ἠλία
3696 5109 3728 5178 ἡ

2146 5201 2420 5272 μεταϐολὴ
2451 5203 2663 5270 γένοιτο
2692 5203 2902 5258 ὑδάτων
2942 5205 3020 5267 είς
3053 5198 3216 5274 αἷμα,
3249 5205 3324 5268 ὡς
3352 5207 3446 5259 καὶ
3475 5208 3535 5260 ἐν
3565 5201 3728 5272 Αἰγύο

2143 5311 2262 5363 πτῳ
2286 5294 2392 5347 ὑπὸ
2421 5295 2673 5358 Μωσέως
2702 5296 2752 5348 οἱ
2787 5297 3046 5366 ποταμοὶ,
3071 5296 3100 5349 ὃ
3134 5297 3232 5351 καὶ
3265 5298 3464 5368 μᾶλλον
3490 5297 3666 5368 τυχεῖν
3693 5295 3724 5363 ἠ

2143 5385 2384 5457 ἐπιφορὰ
2429 5385 2524 5439 τοῦ
2573 5387 2741 5458 ῥητοῦ
2774 5387 3026 5452 δίδωσιν,
3073 5384 3217 5458 αἷμα
3243 5391 3565 5460 φάσκοντος,
3611 5386 3727 5454 οὐχὶ

2144 5477 2361 5547 νεκροῦ,
2397 5479 2513 5531 ἀλλ’
2542 5478 2619 5542 ὡς
2652 5479 2884 5549 νεκροῦ,
2939 5479 3034 5532 τοῦ
3086 5479 3166 5546 ὡς
3225 5481 3414 5553 μορίου
3445 5484 3545 5535 οὐκ
3581 5477 3727 5546 ὲνέρ·

2145 5585 2320 5637 γειαν,
2346 5569 2463 5621 ἀλλ’
2492 5571 2789 5639 ὁμοιότητα
2818 5570 2895 5636 ὡς
2933 5571 3140 5626 ἐπίπαν
3181 5575 3585 5645 παριστῶντος,
3627 5568 3721 5620 οὐκ

2146 5659 2532 5728 ἀποτυχόντως
2581 5661 2650 5715 ἂν
2701 5661 2786 5731 εἴη
2839 5661 2936 5716 τοῦ
2993 5663 3222 5718 σκοποῦ.
3278 5664 3494 5738 Νεκροῦ
3537 5663 3591 5717 δὲ
3635 5655 3724 5713 τοῦ

2147 5751 2519 5824 ἐσφαγμένου.
