4110 6394
367 375 492 441 705

953 481 1210 536 ΚΕΦΑΛ.
1247 478 1393 535 MII’.

372 597 576 663 ὀπως
605 595 704 649 διὰ
739 596 841 665 τῆς
879 595 1086 665 τρίτης
1140 597 1207 674 al
1243 594 1499 664 ποταμοὶ
1529 596 1618 659 είς
1677 588 1822 664 αἷμα
1858 609 1966 664 με·

399 705 414 712 -
957 682 1068 719 τακ
1075 682 1352 734 ιρνωνται
1360 707 1372 719 .

439 781 551 836 Kal
593 782 626 834 ὁ
680 779 880 849 τρίτος
922 777 1130 848 ἐξέχεε
1183 779 1416 848 φιάλην
1445 777 1630 832 αὐτοῦ
1669 779 1756 843 εἷς
1821 777 1969 844 τοὺς

370 873 678 944 ποταμοὺς
705 873 804 926 καὶ
837 874 925 938 είς
963 871 1070 938 τὰς
1113 875 1309 943 πηγὰς
1376 871 1498 926 τῶν
1561 871 1821 939 ὑδάτων,
1867 873 1968 924 καὶ

371 966 610 1036 ἐγένετο
673 959 838 1032 αἷμα.
904 963 1018 1016 Kal
1048 962 1292 1032 ἥκουσα
1367 963 1474 1017 τοῦ
1519 961 1781 1032 ἀγγέλου
1846 960 1970 1014 τῶν·

371 1056 612 1114 ὑδάτων
683 1055 998 1124 λέγοντος·
1076 1057 1312 1122 Δίκαιος
1365 1052 1426 1109 εἷ
1463 1058 1497 1109 ό
1548 1054 1652 1120 ὢν,
1687 1054 1786 1108 καί
1825 1057 1858 1108 ὁ
1887 1050 1970 1124 ἦν

372 1155 406 1207 ὁ
459 1151 652 1216 ὅσιος,
697 1149 786 1202 ὅτι
854 1149 1046 1202 ταῦτα
1104 1148 1368 1216 ἔκρινας,
1421 1148 1512 1201 ὅτι
1571 1143 1718 1217 αἷμα
1781 1147 1970 1217 ἁγίων

373 1244 470 1298 καὶ
509 1240 836 1311 προφητῶν
859 1240 1134 1309 ἐξέχεαν,
1173 1242 1269 1295 καὶ
1303 1237 1449 1310 αἷμα
1484 1239 1694 1306 αὐτοῖς
1737 1239 1970 1306 ἔδωκας

374 1336 532 1389 πιεῖν
553 1351 566 1363 ·
601 1334 760 1399 ἄξιοι
791 1334 902 1404 γάρ
927 1337 1102 1388 εἰσιν.
1146 1334 1255 1388 Kal
1278 1333 1520 1403 ἥκουσα
1543 1333 1740 1388 ἄλλον
1765 1333 1834 1387 ἐκ
1861 1332 1970 1386 τοῦ

379 1427 1136 1497 θυσιαστηρίουλέτοντος·
1158 1428 1292 1492 Nal,
1313 1429 1514 1494 Κύριε,
1539 1431 1572 1482 ό
1597 1428 1744 1492 Θεὸς
1761 1428 1794 1479 δ
1814 1441 1970 1478 παν-

377 1520 694 1589 τοκράτωρ,
737 1520 1017 1587 ἀληθιναὶ
1053 1521 1154 1574 καὶ
1207 1519 1432 1574 δίκαιαι
1466 1521 1526 1572 al
1558 1520 1790 1587 κρίσεις
1826 1535 1966 1571 σου.

449 1613 761 1668 Κάντεῦθεν
803 1613 1079 1667 δείκνυται
1121 1615 1234 1677 τοῖς
1283 1613 1569 1682 στοιχείοις
1613 1611 1970 1680 ἐπιτετάχθαι

376 1706 662 1773 ἀγγέλους,
725 1698 800 1757 ῶν
835 1705 934 1758 ἕνα
955 1706 1046 1758 τὸν
1080 1705 1173 1757 ἐπὶ
1203 1705 1314 1757 τῶν
1347 1705 1556 1758 ὑδάτων
1600 1705 1792 1774 ὑμνεῖν
1834 1720 1968 1773 φησι

375 1799 468 1849 τὸν
493 1797 651 1861 Θεὸν,
681 1799 776 1850 ἐπὶ
813 1800 878 1868 τῇ
915 1797 1040 1851 κατ’
1086 1797 1244 1863 ἀξίαν
1271 1797 1538 1867 καταδίκῃ
1570 1795 1680 1848 τῶν
1721 1794 1967 1864 παραϐε-

378 1887 650 1956 ϐηκότων,
682 1887 734 1941 οἳ
773 1887 870 1949 τὰς
897 1889 1088 1957 χεῖρας
1132 1889 1245 1950 τοῖς
1275 1888 1506 1956 αἵμασιν
1543 1885 1816 1956 ἐμόλυναν
1863 1885 1972 1940 τῶν

377 1977 574 2047 ἁγίων.
607 1979 717 2032 Καὶ
753 1979 886 2050 πρὶν
944 1977 1064 2049 μὲν,
1101 1978 1336 2048 μάλιστα
1371 1978 1426 2031 δὲ
1476 1978 1538 2031 τὸ
1567 1977 1868 2048 τηνικαῦτα
1915 1979 1972 2032 ὲν

377 2071 456 2142 τῷ
480 2071 576 2124 τοῦ
615 2071 985 2141 Ἀντιχρίστου
1020 2069 1221 2141 καιρῷ,
1277 2069 1396 2122 ἀνθ’
1425 2064 1500 2122 ὧν
1537 2072 1602 2140 τῇ
1639 2069 1747 2123 τῶν
1803 2070 1974 2141 αἱμά-

379 2181 488 2218 των
535 2164 780 2236 διαφόρῳ
835 2163 967 2237 δίψῃ
996 2163 1126 2226 τοὺς
1178 2163 1498 2234 τολμῶντας
1559 2163 1810 2218 ἐκάλεσε.
1847 2165 1974 2215 Δια-

381 2257 697 2328 φθαρέντων
727 2257 837 2328 γάρ
881 2256 1149 2326 ποταμῶν
1185 2257 1280 2309 καὶ
1314 2257 1684 2326 συστημάτων
1708 2256 1818 2310 τῶν
1865 2274 1974 2328 πη-

379 2351 576 2418 γαίων,
610 2351 770 2404 πόθεν
795 2351 861 2404 ἂν
887 2349 1112 2405 ἄλλοθεν
1137 2349 1236 2421 τὴν
1266 2349 1428 2418 δίψαν
1456 2349 1790 2417 ἀκέσαιντο;

454 2535 565 2591 Kal
583 2535 822 2604 ἤκουσα
844 2534 950 2589 τοῦ
972 2535 1236 2605 ἀγγέλου
1264 2533 1383 2587 τῶν
1417 2533 1673 2588 ὑδάτων.
1707 2533 1781 2586 Οὐ
1815 2533 1976 2605 μόνον

383 2629 568 2701 ἔφοροι
597 2627 706 2682 τῶν
759 2627 951 2695 ἐθνῶν,
983 2628 1128 2682 κατὰ
1174 2627 1268 2680 τὸν
1297 2627 1597 2698 νομοθέτην
1627 2629 1891 2698 Μωῦσῆν,
1920 2627 1978 2680 al

385 2722 528 2776 θείαι
555 2721 836 2790 δυνάμεις,
875 2719 1013 2774 ἀλλὰ
1066 2720 1162 2773 καὶ
1195 2718 1303 2772 τῶν
1330 2720 1616 2788 κοσμικῶν
1649 2720 1966 2790 στοιχείων,

384 2811 576 2881 ὥσπερ
605 2813 738 2882 ἡμῖν
770 2812 802 2880 ὴ
850 2811 1036 2863 θεόθεν
1062 2809 1200 2881 αῦτη
1251 2809 1597 2879 ἀποκάλυψις
1649 2809 1974 2881 εἰσηγεῖται.

392 2905 460 2957 "A
483 2903 538 2956 δὲ
570 2903 754 2970 ἔλεγεν
782 2905 810 2954 ὁ
858 2903 951 2955 ἐπὶ
988 2901 1097 2955 τῶν
1151 2901 1361 2955 ὑδάτων
1395 2901 1650 2969 ἄγγελος,
1691 2901 1899 2953 τούτων
1920 2901 1979 2953 τὸ

390 2997 510 3066 μὲν,
543 2994 802 3058 δίκαιος,
823 2993 883 3046 τὸ
911 2994 1047 3063 πρὸς
1077 2994 1234 3060 ἀξίαν
1281 2992 1576 3063 βραϐεύειν
1608 2991 1779 3063 δηλοῖ,
1813 2992 1873 3045 τὸ
1922 2991 1980 3046 δὲ

387 3087 492 3156 ὢν,
544 3088 604 3142 τὸ
653 3086 1032 3157 ἀτελεύτητον,
1066 3087 1126 3138 τὸ
1177 3086 1232 3140 δὲ
1285 3083 1384 3156 ἦν,
1419 3086 1479 3138 τὸ
1529 3086 1787 3156 ἄναρχον,
1819 3084 1880 3137 τὸ
1923 3084 1980 3137 δὲ

388 3178 577 3244 ὅσιος,
596 3177 689 3230 τὸν
708 3177 1126 3248 ὑπεξῃρημένον
1151 3176 1333 3248 πάσης
1365 3175 1734 3246 προσπαθείας
1753 3174 1978 3246 θνητῆς.
2010 3200 2055 3260 c

389 3268 481 3320 Διὸ
531 3273 626 3320 καὶ
680 3266 853 3320 ταῦτα
907 3265 1146 3334 ἔκρινεν,
1205 3266 1294 3319 ἵνα
1341 3267 1390 3318 οἱ
1417 3265 1716 3335 ἐκχέαντες
1768 3265 1980 3334 αἵματα

389 3359 584 3427 ἁγίων,
617 3352 756 3428 αἷμα
787 3356 1006 3408 πίωσιν·
1033 3357 1205 3424 ἁγίων
1227 3356 1283 3409 δὲ
1310 3357 1420 3408 τῶν
1450 3355 1554 3406 ὑπὸ
1608 3352 1716 3406 τῶν
1745 3355 1986 3407 ὑπασπι-

391 3451 536 3503 στῶν
570 3451 662 3503 τοῦ
707 3449 1075 3520 Ἀντιχρίστου
1101 3447 1542 3518 κεκακωμένων·
1570 3446 1868 3516 προφητῶν
1905 3446 1984 3512 δὲ,

404 3543 578 3614 Ἑνὼχ
603 3545 698 3597 καὶ
736 3542 916 3604 Ἠλία,
942 3541 1068 3594 ἐπεὶ
1097 3541 1192 3594 καὶ
1220 3541 1420 3604 αὐτοὺς
1451 3538 1839 3592 άποκτενοῦσι.
1861 3536 1986 3598 Πῶς

391 3634 448 3689 δὲ
501 3633 640 3706 αἷμα
688 3636 919 3702 πίωσιν;
955 3633 1046 3698 Ἐξ
1105 3632 1406 3702 ἀναγκαίου
1433 3632 1542 3702 γάρ
1595 3632 1646 3684 οἱ
1703 3632 1764 3683 ἐν
1826 3627 1988 3682 πολέ-

397 3745 519 3800 μοις
539 3727 693 3801 παρὰ
713 3725 992 3798 ποταμοὺς
1018 3721 1608 3796 ἐστρατοπεδευκότες,
1641 3719 1990 3792 μεμολυσμέ-

395 3839 486 3876 νον
515 3821 779 3884 πολλάκις
812 3819 1008 3890 αἵματι
1033 3817 1179 3888 ὕδωρ
1208 3816 1457 3871 πίνουσιν
1483 3818 1548 3870 ἐκ
1566 3816 1665 3886 τῆς
1685 3814 1796 3868 τῶν
1857 3811 1989 3884 θνη-

399 3914 642 3968 σκόντων
667 3911 1030 3986 ἀναιρέσεως.

380 4193 384 4196 ’
470 4184 581 4240 Kal
601 4182 844 4252 ἤκουσα
855 4179 1053 4234 ἄλλου
1071 4179 1140 4232 ἐκ
1156 4175 1266 4232 τοῦ
1278 4173 1738 4242 θυσιαστηρίου.
1752 4169 1824 4224 Σύ
1835 4189 1987 4244 μφω-

399 4295 491 4332 νον
521 4277 599 4348 τῷ
654 4275 872 4346 ἀγγέλῳ
913 4272 992 4343 τῷ
1033 4272 1128 4325 ἐπὶ
1157 4269 1268 4322 τῶν
1313 4268 1544 4330 ὑδάτων,
1579 4269 1608 4320 ὁ
1639 4265 1734 4318 ἐπὶ
1766 4263 1860 4318 τοῦ
1898 4265 1994 4318 θυ-

1451 365 1843 428 COMMEN'I‘.
1883 365 1968 426 IN
2009 364 2540 428 APOCALYPSIN.

1986 483 2040 544 Α

3553 364 3662 429 Ἷθθ

2611 475 2842 534 CAPUT
2871 475 3106 532 XLVIII.

2074 587 2228 654 Quod
2257 604 2352 658 per
2391 587 2607 641 tertiam
2635 587 2855 669 plagam
2899 597 3174 641 mutentur
3197 587 3424 655 ﬂumina
3450 588 3506 642 in
3533 605 3665 643 san-

2755 675 2992 728 guinem.

2141 771 2285 839 XVI,
2314 773 2434 827 4-7.
2469 772 2538 826 Et
2573 774 2761 828 tertius
2799 772 2990 841 eﬁ'udit
3013 771 3255 842 phialam
3285 787 3440 825 suam
3467 775 3523 826 in
3554 773 3632 841 [lu

2071 866 2219 919 mina
2246 875 2298 919 et
2333 866 2388 918 in
2419 865 2592 930 fontes
2638 881 2936 932 aquarum,
2980 874 3030 918 et
3076 865 3256 934 factus
3290 873 3370 918 est
3418 865 3642 934 sanguis

2073 957 2142 1010 Et
2178 959 2360 1012 audiui
2395 959 2640 1028 angelum
2671 975 2935 1028 aquarum
2968 959 3227 1012 dicentem
3261 974 3280 1011 :
3310 957 3500 1012 Justus
3527 975 3580 1012 es
3611 969 3668 1011 tu

2071 1051 2163 1121 qui
2208 1067 2261 1105 es
2295 1059 2348 1105 et
2378 1053 2470 1121 qui
2512 1069 2634 1104 eras
2665 1062 2914 1116 sanctus,
2945 1049 3086 1121 quod
3133 1051 3246 1105 lucc
3270 1051 3607 1120 judicaveris
3646 1067 3666 1104 :

2070 1143 2321 1212 quoniam
2351 1145 2665 1213 sanguinem
2698 1152 3007 1197 sanctorum
3037 1153 3085 1196 et
3115 1143 3492 1213 prophetarum
3532 1143 3670 1210 eﬂ'u-

2071 1233 2288 1298 derunt,
2318 1243 2367 1286 et
2396 1235 2709 1303 sanguinem
2739 1235 2872 1302 ipsis
2904 1235 3098 1286 dedisti
3145 1243 3204 1286 ut
3235 1233 3505 1299 biberent,
3540 1235 3670 1303 quia

2071 1327 2220 1396 digni
2268 1337 2414 1378 sunt.
2470 1324 2538 1377 Et
2573 1327 2757 1378 audivi
2811 1325 2978 1378 alium
3031 1325 3094 1378 de
3143 1325 3306 1378 altari
3353 1327 3670 1380 dicentem:

2069 1419 2342 1488 Profecto,
2395 1416 2640 1482 Domine,
2689 1417 2828 1472 Deus
2877 1419 3234 1486 omnipotens,
3269 1435 3392 1472 vera
3424 1429 3474 1472 et
3515 1418 3670 1487 justa

2073 1519 2194 1566 sunt
2215 1509 2430 1578 judicia
2462 1519 2578 1564 tua.

2146 1681 2284 1736 llinc
2312 1696 2536 1752 quoque
2565 1680 2879 1736 ostenditur
2907 1683 3133 1751 angelos
3167 1698 3402 1752 pratesse
3430 1683 3672 1738 elemen—

2070 1773 2166 1840 tis,
2195 1789 2434 1844 quorum
2470 1789 2642 1828 unum
2679 1773 2813 1828 dicit
2845 1774 2899 1828 in
2933 1775 3092 1844 aquis
3131 1775 3360 1830 laudare
3393 1775 3566 1830 Deum
3604 1779 3674 1830 ob

1998 1853 2048 1912 Β
2077 1875 2550 1936 transgressorum
2583 1865 2804 1936 dignam
2845 1867 3132 1928 ultionem,
3164 1868 3258 1936 qtti
3306 1883 3501 1922 manus
3544 1884 3676 1923 suas

2077 1959 2517 2028 coinquinarunt
2565 1961 2832 2029 sanguine
2874 1971 3194 2014 sanctorum
3240 1977 3255 2014 :
3305 1963 3472 2015 etiam
3515 1971 3676 2015 antea

2019 2055 2030 2062 '
2077 2063 2230 2114 sane,
2255 2052 2350 2104 sed
2379 2050 2616 2104 maxime
2639 2058 2770 2106 tunc
2797 2060 3044 2120 tempore
3064 2051 3391 2107 Antichristi
3415 2071 3428 2106 :
3453 2065 3677 2122 propter

2076 2143 2220 2212 quod
2251 2142 2322 2197 ob
2353 2143 2732 2197 vehementem
2766 2143 3055 2213 sanguinis
3101 2144 3251 2198 sitim
3285 2145 3438 2212 ipsos
3469 2144 3678 2200 auden-

2079 2245 2160 2290 tes
2205 2234 2442 2289 vocavit.
2479 2231 2618 2288 Nam
2655 2235 2935 2304 corruptis
2977 2233 3295 2289 ﬂuminibus
3340 2251 3404 2288 ac
3440 2235 3674 2290 fontium

2079 2324 2454 2394 scaturigine,
2510 2324 2789 2394 quomodo
2842 2323 3065 2379 aliunde
3109 2335 3334 2394 possent
3380 2324 3530 2378 sitim
3575 2340 3676 2380 cu-

2078 2431 2202 2470 rare
2219 2416 2242 2470 τ

2150 2509 2222 2562 Et
2243 2511 2422 2564 audivi
2448 2509 2692 2580 angelum
2721 2525 3004 2580 aquarum.
3029 2507 3148 2562 Non
3171 2509 3432 2579 gentibus
3461 2515 3676 2564 tantum

2079 2603 2352 2674 praefecte:
2385 2603 2550 2673 782
2581 2612 2712 2656 sunt
2751 2602 2949 2656 divinat
2985 2603 3246 2669 virtutes,
3273 2602 3434 2672 juxta
3459 2603 3680 2672 legisla-

2081 2705 2254 2750 torem
2289 2694 2502 2758 Mosen,
2534 2695 2630 2749 sed
2659 2703 2712 2750 et
2750 2695 2943 2748 mundi
2978 2694 3288 2757 elementis,
3322 2695 3683 2764 quemadmo-

2083 2787 2217 2842 dum
2245 2787 2364 2841 haec
2395 2786 2657 2841 revelatio
2691 2786 2960 2841 divinitus
2987 2801 3087 2840 nos
3125 2787 3304 2840 docet.
3333 2785 3506 2840 Porro
3539 2785 3684 2840 inter

2081 2896 2144 2934 ea
2189 2896 2312 2952 qua:
2353 2880 2492 2934 dixit
2526 2881 2756 2951 angelus
2799 2881 2894 2950 qui
2926 2879 2980 2932 in
3019 2879 3179 2949 aquis
3216 2887 3358 2946 erat,
3391 2878 3572 2948 justus
3600 2879 3685 2930 di-

2083 2975 2228 3030 citur
2257 2974 2402 3030 Deus
2425 3014 2440 3038 ,
2471 2974 2619 3043 quod
2671 2973 2980 3030 mercedem
3037 2972 3366 3040 condignam
3405 2971 3684 3037 designet;

2083 3068 2175 3137 qui
2231 3083 2308 3132 es,
2347 3066 2492 3136 quod
2541 3066 2649 3120 ﬁne
2681 3075 2868 3120 careat
2899 3083 2914 3120 ι
2967 3065 3060 3134 qui
3118 3080 3238 3118 eras
3261 3104 3276 3128 ,
3307 3062 3451 3133 quod
3483 3063 3636 3116 initio
3669 3079 3684 3116 :

2083 3169 2300 3214 sanctus
2325 3199 2338 3223 ,
2393 3158 2540 3229 quod
2579 3159 2832 3214 sublatus
2882 3159 2951 3212 ab
2997 3173 3064 3212 eo
3108 3157 3180 3212 sit
3211 3156 3394 3210 omnis
3435 3156 3688 3210 mortalis

2087 3251 2316 3306 aﬂ‘ectus
2355 3268 2369 3304 :
2403 3252 2526 3304 ideo
2555 3251 2720 3305 etiam
2761 3253 2877 3304 haec
2911 3249 3208 3312 indicavit,
3241 3257 3298 3302 ut
3333 3247 3428 3318 qui
3463 3247 3690 3314 sangui-

2089 3361 2210 3400 nem
2267 3355 2584 3400 sanctOrum
2643 3345 2984 3410 effuderant,
3036 3344 3360 3410 sanguinem
3393 3342 3684 3396 biberent:

2089 3449 2408 3492 sanctorum
2469 3453 2634 3504 vero,
2672 3438 2766 3508 qui
2815 3437 3072 3491 videlicet
3125 3437 3309 3490 alllieti
3362 3433 3582 3488 fuerant
3617 3433 3688 3488 ab

2097 3530 2426 3585 Antichristi
2469 3529 2975 3600 pr0pugnatoribus
3013 3547 3028 3584 :
3061 3530 3453 3599 prophetarum
3475 3535 3686 3589 autem,

2089 3638 2290 3692 nempe
2318 3624 2507 3678 Enoch
2548 3633 2604 3678 et
2643 3622 2796 3688 Elim,
2833 3621 3278 3692 quandoquidem
3311 3621 3438 3674 illos
3469 3635 3692 3689 quoque

2089 3715 2366 3771 occident.
2400 3714 2688 3782 Quomodo
2722 3729 2856 3768 vero
2901 3713 3228 3784 sanguinem
3277 3709 3506 3766 bibent?
3538 3710 3690 3776 Quo-

2091 3807 2240 3860 niam
2287 3807 2626 3862 necessitate
2664 3803 2938 3874 compulsi
2974 3801 3068 3873 qui
3106 3811 3352 3871 tempore
3383 3799 3510 3854 belli
3541 3799 3692 3852 circa

2091 3896 2320 3952 ﬂumina
2347 3897 2702 3952 committunt
2740 3895 2990 3965 praelium
3013 3932 3028 3958 ,
3063 3891 3380 3961 frequenter
3429 3887 3690 3944 fmdatam

2093 3990 2364 4058 sanguine
2395 4003 2596 4058 aquam
2635 3987 2860 4052 bibunt,
2893 4001 2962 4040 ex
3007 3999 3198 4038 eorum
3238 3980 3332 4051 qui
3377 3979 3692 4035 moriuntur

2094 4077 2543 4148 interemptione.

2166 4169 2236 4224 Et
2259 4171 2440 4224 audiui
2462 4169 2628 4223 alium
2659 4168 2722 4223 de
2747 4167 2936 4222 altari.
2969 4163 3287 4220 Conformia
3322 4160 3569 4230 loquitur
3599 4158 3692 4212 hic

2094 4263 2164 4318 de
2193 4255 2356 4318 altari
2401 4278 2532 4317 cum
2559 4277 2626 4316 eo
2651 4261 2748 4329 qui
2775 4269 2896 4314 erat
2933 4259 2984 4312 in
3027 4255 3208 4326 aquis.
3243 4252 3346 4308 llic
3377 4263 3556 4306 autem
3591 4266 3692 4321 po-

403 4343 750 4438 σιαστηρίου.
778 4343 983 4416 Τοῦτον
1011 4361 1068 4414 δὲ
1112 4359 1232 4412 ἐστι
1269 4357 1369 4430 μὲν
1395 4359 1536 4409 νοεῖν
1577 4357 1670 4409 καὶ
1705 4355 1868 4408 αὐτὸν
1898 4353 1980 4406 eo»

2098 4366 2206 4414 test
2237 4367 2291 4414 et
2320 4358 2438 4427 ipse
2463 4355 2716 4411 Christus
2741 4350 3000 4420 intelligi,
3032 4348 3178 4418 quod
3209 4347 3376 4401 etiam
3409 4343 3462 4396 in
3497 4343 3616 4412 ipso
3638 4349 3696 4396 et

401 4459 662 4528 Χριστὸν,
694 4456 768 4519 ὡς
815 4456 910 4508 καὶ
947 4454 1008 4506 ὲν
1038 4451 1188 4524 αὐτῷ
1231 4453 1325 4506 καὶ
1371 4451 1438 4504 δι’
1465 4448 1634 4502 αὐτοῦ
1685 4463 1980 4518 προσφερο-

2097 4465 2196 4520 per
2221 4450 2399 4518 ipsum
2439 4445 2742 4500 offerantur
2777 4441 2888 4496 Deo
2930 4449 2987 4497 et
3021 4438 3174 4494 Patri
3211 4435 3498 4490 rationalia
3532 4434 3694 4488 holo-

405 4553 586 4623 μένων
610 4549 690 4620 τῷ
727 4546 849 4618 Θεῷ
877 4548 974 4600 καὶ
1025 4545 1204 4617 Πατρὶ
1245 4544 1354 4597 τῶν
1398 4542 1637 4612 λογικῶν
1673 4538 1980 4612 ὁλοκαρπώ-

2099 4551 2292 4598 causta
2322 4551 2374 4596 et
2403 4541 2540 4594 vivae
2569 4537 2784 4602 hostiae,
2823 4549 2961 4606 quas
2991 4549 3058 4588 ex
3091 4530 3356 4602 Apostolo
3385 4528 3585 4583 ollerre
3609 4527 3696 4582 di-

406 4663 550 4698 σεων
578 4644 675 4698 καὶ
713 4641 825 4696 τῶν
878 4639 1072 4705 ζωσῶν
1093 4639 1320 4699 θυσιῶν,
1351 4636 1388 4691 ἃ
1431 4635 1768 4706 προσφέρειν
1799 4636 1864 4686 ἐκ
1896 4633 1980 4686 τοῦ

2102 4635 2362 4692 dicimus.
2394 4631 2631 4687 Possunt
2654 4645 2873 4701 quoque
2902 4625 3162 4697 angelicae
3191 4623 3422 4677 virtutes
3445 4619 3696 4689 intelligi,

415 4737 745 4792 Ἀποστύλου
773 4733 1076 4805 ἐμάθομεν.
1133 4731 1252 4784 Ἔνι
1283 4729 1342 4782 δὲ
1361 4731 1504 4782 νοεῖν
1537 4728 1728 4791 καὶείς
1756 4725 1854 4788 τὰς
1888 4725 1980 4792 ἀγ-

2105 4735 2164 4780 ut
2191 4740 2314 4796 quae
2339 4733 2561 4779 nostras
2585 4721 2867 4776 orationes
2902 4733 2966 4772 ac
2997 4715 3306 4787 spiritualia
3339 4710 3609 4767 sacriﬁcia
3645 4711 3698 4761 iu

401 4831 632 4901 τελικὰς
679 4801 968 4897 δυνά-μειςῖ
999 4824 1074 4888 ῶς
1126 4822 1484 4892 ἀναγωγικὰς
1543 4821 1652 4874 τῶν
1708 4817 1980 4891 ἡμετέρωι

2105 4819 2344 4875 Sublime
2374 4817 2574 4872 ferant.
2608 4815 2826 4870 Dictum
2865 4819 2952 4867 est
2986 4817 3170 4865 autem
3212 4805 3405 4869 altare,
3439 4819 3536 4874 per
3565 4801 3700 4901 [ign--

405 4919 728 4996 προτευχῶν
759 4919 856 4972 καὶ
899 4914 1010 4968 τῶν
1045 4913 1442 4985 πνευματικῶν
1477 4910 1980 4984 ὁλοκαρπωμάτωνη

2103 4927 2224 4966 ram
2257 4926 2380 4982 quae
2410 4924 2441 4964 a
2467 4907 2772 4966 continenti
2797 4901 3234 4973 comprehendat
3257 4905 3594 4953 contentum.
3617 4891 3702 4945 Ab

405 4987 662 5086 εἰρῆσθαι
694 5012 753 5065 δὲ
786 5007 1174 5078 θυσιαστήριον
1215 5007 1326 5061 άπὸ
1371 5003 1470 5059 τοῦ
1530 5003 1884 5074 περιέχοντος
1937 4998 1980 5054 τί

2107 5005 2214 5060 hoc
2243 5005 2408 5074 igitur
2437 5001 2690 5056 rationali
2723 5006 2780 5054 et
2813 4992 3160 5052 tninisteriali
3191 4989 3350 5046 altari
3383 4987 3582 5042 factam
3626 4987 3704 5037 ait

407 5083 801 5177 περιεχόμενον
829 5098 1200 5171 συνεκδοχικῷ
1217 5099 1294 5169 τῷ
1321 5099 1528 5169 τρόπῳ.
1547 5097 1644 5149 Ἐκ
1665 5096 1858 5147 τούτου
1885 5091 1980 5145 τοί⁴

2109 5099 2284 5152 fuisse
2319 5109 2504 5151 vocem
2540 5107 2663 5163 quae
2693 5089 3024 5160 justillcaret
3051 5083 3296 5152 judicia,
3327 5087 3392 5136 ut.
3431 5093 3556 5150 qua:
3585 5089 3706 5130 om-

408 5217 506 5252 νυν
536 5197 630 5251 τοῦ
669 5195 896 5264 λογικοῦ
925 5194 1023 5247 καὶ
1043 5189 1428 5263 λειτουργικοῦ
1473 5185 1864 5257 θυσιαστηρίου
1899 5187 1980 5256 τὴπ

2108 5207 2238 5247 nem
2267 5189 2537 5246 rationem
2562 5201 2627 5242 ac
2655 5191 2892 5240 mentem
2921 5177 3214 5235 excedant.

408 5291 596 5363 φωνήν
626 5306 793 5362 φησιν
823 5285 1110 5357 ἐνεχθῆναι
1129 5283 1445 5338 δικαιοῦσαν
1475 5281 1544 5335 τά
1575 5279 1668 5332 τοῦ
1693 5277 1830 5332 Θεοῦ
1876 5277 2002 5348 κρί-

413 5401 562 5456 ματα
591 5383 772 5438 πάντα
791 5381 952 5452 λόγον
987 5377 1080 5432 καὶ
1113 5376 1239 5432 νοῦν
1267 5377 1370 5430 ὑπε
1381 5372 1694 5448 ρόαίνοντα.

987 5513 1244 5568 ΚΕΦΑΛ.
1277 5510 1416 5568 MO’.

417 5637 619 5703 Ὅπως
667 5634 768 5690 διὰ
814 5629 926 5701 τῆς
991 5628 1276 5754 τετιὲρτηὲ
1317 5621 1784 5694 καυματίζονται
1809 5621 1864 5674 ol
1895 5617 2004 5672 ἄν·

1129 5715 1236 5754 οω.
1265 5715 1343 5752 οι.

1127 5715 1343 5768 ιρωποι.

2679 5487 2911 5546 CAPUT
2941 5481 3130 5540 XLIX.

2117 5613 2276 5682 Quod
2312 5629 2404 5682 per
2429 5621 2680 5683 quartam
2710 5606 2926 5677 plagam
2956 5610 3094 5657 testu
3118 5601 3418 5654 exuruntur
3448 5587 3706 5646 homines.

489 5843 596 5900 Kal
631 5845 666 5906 ὀ
703 5839 984 5909 τέταρτος
1034 5833 1242 5906 ἐξέχεε
1266 5831 1380 5904 τὴν
1427 5827 1659 5900 φιάλην
1687 5827 1878 5884 αὑτοῦ
1907 5827 1980 5881 ἐπ

2187 5819 2334 5892 XVI,
2357 5817 2414 5891 8,
2443 5819 2497 5876 9.
2527 5815 2593 5872 Et
2617 5821 2838 5886 quartus
2863 5806 3054 5878 eﬂudit
3081 5799 3318 5874 phialam
3353 5811 3506 5854 suam
3535 5793 3592 5848 in
3619 5807 3709 5845 so-
