  <div class='ocr_page' id='page_1' title='image "/cluster/home/n/w/nwhite01/storage/ocr_20150623/106/coo.31924054870104/363.png"; bbox 0 0 4110 6450; ppageno 0'>
   <div class='ocr_carea' id='block_1_1' title="bbox 419 418 526 483">
    <p class='ocr_par' dir='ltr' id='par_1_1' title="bbox 419 418 526 483">
     <span class='ocr_line' id='line_1_1' title="bbox 419 418 526 483; baseline -0.009 0"><span class='ocrx_word' id='word_1_1' title='bbox 419 418 526 483; x_wconf 82' lang='grc' dir='ltr'><strong>’ίοἹ</strong></span> 
     </span>
    </p>
   </div>
   <div class='ocr_carea' id='block_1_2' title="bbox 1224 389 2879 466">
    <p class='ocr_par' dir='ltr' id='par_1_2' title="bbox 1224 389 2879 466">
     <span class='ocr_line' id='line_1_2' title="bbox 1224 389 2879 466; baseline -0.01 0"><span class='ocrx_word' id='word_1_2' title='bbox 1224 403 1558 466; x_wconf 77' lang='grc' dir='ltr'><strong>ΑΒΕΊῚΙιΕ</strong></span> <span class='ocrx_word' id='word_1_3' title='bbox 1592 397 1974 463; x_wconf 58' lang='grc' dir='ltr'><strong>ΟιίΕΞΑΒΕίΕ</strong></span> <span class='ocrx_word' id='word_1_4' title='bbox 2013 392 2498 456; x_wconf 69' lang='grc' dir='ltr'><strong>ΕᾹΡΡΑΒΟΕΙΕ</strong></span> <span class='ocrx_word' id='word_1_5' title='bbox 2533 389 2879 452; x_wconf 79' lang='lat' dir='ltr'><strong>EPISCOPI</strong></span> 
     </span>
    </p>
   </div>
   <div class='ocr_carea' id='block_1_3' title="bbox 3589 382 3700 448">
    <p class='ocr_par' dir='ltr' id='par_1_3' title="bbox 3589 382 3700 448">
     <span class='ocr_line' id='line_1_3' title="bbox 3589 382 3700 448; baseline 0 0"><span class='ocrx_word' id='word_1_6' title='bbox 3589 382 3700 448; x_wconf 71' lang='lat'><strong>708</strong></span> 
     </span>
    </p>
   </div>
   <div class='ocr_carea' id='block_1_4' title="bbox 421 495 2054 584">
    <p class='ocr_par' dir='ltr' id='par_1_4' title="bbox 421 511 2054 584">
     <span class='ocr_line' id='line_1_4' title="bbox 421 511 2054 584; baseline -0.016 0"><span class='ocrx_word' id='word_1_7' title='bbox 421 531 526 584; x_wconf 88' lang='lat' dir='ltr'><strong>lem</strong></span> <span class='ocrx_word' id='word_1_8' title='bbox 567 543 587 584; x_wconf 91' lang='lat'><strong><em>:</em></strong></span> <span class='ocrx_word' id='word_1_9' title='bbox 625 535 674 582; x_wconf 90' lang='lat' dir='ltr'><strong>et</strong></span> <span class='ocrx_word' id='word_1_10' title='bbox 703 525 890 579; x_wconf 81' lang='lat' dir='ltr'><strong>datum</strong></span> <span class='ocrx_word' id='word_1_11' title='bbox 937 528 1014 575; x_wconf 90' lang='lat' dir='ltr'><strong>est</strong></span> <span class='ocrx_word' id='word_1_12' title='bbox 1064 518 1145 573; x_wconf 87' lang='lat' dir='ltr'><strong>illi</strong></span> <span class='ocrx_word' id='word_1_13' title='bbox 1177 526 1313 572; x_wconf 80' lang='lat' dir='ltr'><strong>testu</strong></span> <span class='ocrx_word' id='word_1_14' title='bbox 1365 514 1592 584; x_wconf 78' lang='lat' dir='ltr'><strong>afﬂigere</strong></span> <span class='ocrx_word' id='word_1_15' title='bbox 1634 511 1873 565; x_wconf 83' lang='lat' dir='ltr'><strong>homines</strong></span> <span class='ocrx_word' id='word_1_16' title='bbox 1919 523 2010 576; x_wconf 86' lang='lat' dir='ltr'><strong>per</strong></span> <span class='ocrx_word' id='word_1_17' title='bbox 2037 529 2054 571; x_wconf 60' lang='grc' dir='ltr'><em>Α</em></span> 
     </span>
    </p>
   </div>
   <div class='ocr_carea' id='block_1_5' title="bbox 2132 495 3696 584">
    <p class='ocr_par' dir='ltr' id='par_1_5' title="bbox 2132 495 3696 574">
     <span class='ocr_line' id='line_1_5' title="bbox 2132 495 3696 574; baseline -0.006 -17"><span class='ocrx_word' id='word_1_18' title='bbox 2132 507 2224 560; x_wconf 69' lang='grc' dir='ltr'><em>τὸν</em></span> <span class='ocrx_word' id='word_1_19' title='bbox 2251 506 2449 574; x_wconf 78' lang='grc' dir='ltr'><em>ἥλιον,</em></span> <span class='ocrx_word' id='word_1_20' title='bbox 2481 504 2578 558; x_wconf 77' lang='grc' dir='ltr'><em>καὶ</em></span> <span class='ocrx_word' id='word_1_21' title='bbox 2606 503 2785 568; x_wconf 83' lang='grc' dir='ltr'><strong>ἐδόθη</strong></span> <span class='ocrx_word' id='word_1_22' title='bbox 2834 496 2997 564; x_wconf 84' lang='grc' dir='ltr'><strong>αὐτῷ</strong></span> <span class='ocrx_word' id='word_1_23' title='bbox 3046 496 3414 566; x_wconf 76' lang='grc' dir='ltr'><strong>καυματίσαι</strong></span> <span class='ocrx_word' id='word_1_24' title='bbox 3444 495 3516 548; x_wconf 75' lang='grc' dir='ltr'><em>ἐν</em></span> <span class='ocrx_word' id='word_1_25' title='bbox 3550 495 3696 562; x_wconf 70' lang='grc' dir='ltr'><em>πυρὶ</em></span> 
     </span>
    </p>
   </div>
   <div class='ocr_carea' id='block_1_6' title="bbox 423 587 2054 691">
    <p class='ocr_par' dir='ltr' id='par_1_6' title="bbox 423 609 2008 691">
     <span class='ocr_line' id='line_1_6' title="bbox 423 609 2008 691; baseline -0.013 -16"><span class='ocrx_word' id='word_1_26' title='bbox 423 622 622 691; x_wconf 87' lang='lat' dir='ltr'><strong>ignem.</strong></span> <span class='ocrx_word' id='word_1_27' title='bbox 679 617 749 670; x_wconf 86' lang='lat' dir='ltr'><strong>Et</strong></span> <span class='ocrx_word' id='word_1_28' title='bbox 797 617 1152 670; x_wconf 75' lang='lat' dir='ltr'><strong>wstuaverunt</strong></span> <span class='ocrx_word' id='word_1_29' title='bbox 1201 609 1433 663; x_wconf 78' lang='lat' dir='ltr'><strong>homines</strong></span> <span class='ocrx_word' id='word_1_30' title='bbox 1485 614 1619 660; x_wconf 74' lang='lat' dir='ltr'><strong>a&#39;stu</strong></span> <span class='ocrx_word' id='word_1_31' title='bbox 1681 618 1908 671; x_wconf 86' lang='lat' dir='ltr'><strong>magno,</strong></span> <span class='ocrx_word' id='word_1_32' title='bbox 1957 609 2008 655; x_wconf 87' lang='lat' dir='ltr'><strong>et</strong></span> 
     </span>
    </p>
   </div>
   <div class='ocr_carea' id='block_1_7' title="bbox 2132 587 3700 691">
    <p class='ocr_par' dir='ltr' id='par_1_7' title="bbox 2132 587 3700 664">
     <span class='ocr_line' id='line_1_7' title="bbox 2132 587 3700 664; baseline -0.008 -12"><span class='ocrx_word' id='word_1_33' title='bbox 2132 599 2256 663; x_wconf 71' lang='grc' dir='ltr'><em>τοὺς</em></span> <span class='ocrx_word' id='word_1_34' title='bbox 2328 597 2701 664; x_wconf 77' lang='grc' dir='ltr'><em>ἀνθρώπους,</em></span> <span class='ocrx_word' id='word_1_35' title='bbox 2743 593 2846 648; x_wconf 72' lang='grc' dir='ltr'><em>καὶ</em></span> <span class='ocrx_word' id='word_1_36' title='bbox 2895 591 3431 662; x_wconf 78' lang='grc' dir='ltr'><strong>ἐκαυματίσθησαν</strong></span> <span class='ocrx_word' id='word_1_37' title='bbox 3484 590 3537 641; x_wconf 79' lang='grc' dir='ltr'><em>οι</em></span> <span class='ocrx_word' id='word_1_38' title='bbox 3591 587 3700 640; x_wconf 68' lang='grc' dir='ltr'><strong>ἄν.</strong></span> 
     </span>
    </p>
   </div>
   <div class='ocr_carea' id='block_1_8' title="bbox 425 678 2054 779">
    <p class='ocr_par' dir='ltr' id='par_1_8' title="bbox 425 678 2012 779">
     <span class='ocr_line' id='line_1_8' title="bbox 425 678 2012 779; baseline -0.013 -13"><span class='ocrx_word' id='word_1_39' title='bbox 425 678 914 779; x_wconf 70' lang='lat' dir='ltr'><strong>blasphemaverunt</strong></span> <span class='ocrx_word' id='word_1_40' title='bbox 964 701 1200 756; x_wconf 86' lang='lat' dir='ltr'><strong>homines</strong></span> <span class='ocrx_word' id='word_1_41' title='bbox 1241 714 1430 752; x_wconf 87' lang='lat' dir='ltr'><strong>nomen</strong></span> <span class='ocrx_word' id='word_1_42' title='bbox 1465 695 1563 751; x_wconf 83' lang='lat' dir='ltr'><strong>Dei</strong></span> <span class='ocrx_word' id='word_1_43' title='bbox 1595 694 1685 765; x_wconf 87' lang='lat' dir='ltr'><strong>qui</strong></span> <span class='ocrx_word' id='word_1_44' title='bbox 1717 692 1872 747; x_wconf 91' lang='lat' dir='ltr'><strong>habet</strong></span> <span class='ocrx_word' id='word_1_45' title='bbox 1913 708 2012 761; x_wconf 75' lang='grc' dir='ltr'><strong>ρο·</strong></span> 
     </span>
    </p>
   </div>
   <div class='ocr_carea' id='block_1_9' title="bbox 2132 678 3697 779">
    <p class='ocr_par' dir='ltr' id='par_1_9' title="bbox 2132 678 3697 779">
     <span class='ocr_line' id='line_1_9' title="bbox 2132 678 3697 779; baseline -0.008 -37"><span class='ocrx_word' id='word_1_46' title='bbox 2132 693 2333 759; x_wconf 69' lang='grc' dir='ltr'><em>ῗρωποι</em></span> <span class='ocrx_word' id='word_1_47' title='bbox 2355 687 2554 757; x_wconf 82' lang='grc' dir='ltr'><em>καῦμα</em></span> <span class='ocrx_word' id='word_1_48' title='bbox 2564 687 2738 756; x_wconf 58' lang='grc' dir='ltr'><em>μέγα,</em></span> <span class='ocrx_word' id='word_1_49' title='bbox 2763 683 2863 738; x_wconf 77' lang='grc' dir='ltr'><strong>καὶ</strong></span> <span class='ocrx_word' id='word_1_50' title='bbox 2885 681 3376 752; x_wconf 73' lang='grc' dir='ltr'><em>ἐϐλασφήμησαν</em></span> <span class='ocrx_word' id='word_1_51' title='bbox 3393 681 3446 732; x_wconf 91' lang='lat' dir='ltr'><strong>ol</strong></span> <span class='ocrx_word' id='word_1_52' title='bbox 3469 678 3697 779; x_wconf 50' lang='grc' dir='ltr'><em>ἄνθρωῖ</em></span> 
     </span>
    </p>
   </div>
   <div class='ocr_carea' id='block_1_10' title="bbox 426 786 2014 864">
    <p class='ocr_par' dir='ltr' id='par_1_10' title="bbox 426 786 2014 864">
     <span class='ocr_line' id='line_1_10' title="bbox 426 786 2014 864; baseline -0.011 -8"><span class='ocrx_word' id='word_1_53' title='bbox 426 812 668 858; x_wconf 84' lang='lat' dir='ltr'><strong>testatem</strong></span> <span class='ocrx_word' id='word_1_54' title='bbox 707 813 861 864; x_wconf 85' lang='lat' dir='ltr'><strong>super</strong></span> <span class='ocrx_word' id='word_1_55' title='bbox 883 795 979 848; x_wconf 84' lang='lat' dir='ltr'><strong>has</strong></span> <span class='ocrx_word' id='word_1_56' title='bbox 1006 793 1192 864; x_wconf 85' lang='lat' dir='ltr'><strong>plagas</strong></span> <span class='ocrx_word' id='word_1_57' title='bbox 1215 831 1230 858; x_wconf 86' lang='lat'><strong>,</strong></span> <span class='ocrx_word' id='word_1_58' title='bbox 1263 806 1426 861; x_wconf 89' lang='lat' dir='ltr'><strong>neque</strong></span> <span class='ocrx_word' id='word_1_59' title='bbox 1453 789 1784 858; x_wconf 85' lang='lat' dir='ltr'><strong>resipuerunt</strong></span> <span class='ocrx_word' id='word_1_60' title='bbox 1830 797 1886 840; x_wconf 90' lang='lat' dir='ltr'><strong>ut</strong></span> <span class='ocrx_word' id='word_1_61' title='bbox 1915 786 2014 839; x_wconf 84' lang='lat' dir='ltr'><strong>da-</strong></span> 
     </span>
    </p>
   </div>
   <div class='ocr_carea' id='block_1_11' title="bbox 425 889 947 960">
    <p class='ocr_par' dir='ltr' id='par_1_11' title="bbox 425 889 947 960">
     <span class='ocr_line' id='line_1_11' title="bbox 425 889 947 960; baseline -0.013 -11"><span class='ocrx_word' id='word_1_62' title='bbox 425 905 540 949; x_wconf 78' lang='lat' dir='ltr'><strong>rent</strong></span> <span class='ocrx_word' id='word_1_63' title='bbox 566 892 669 960; x_wconf 88' lang='lat' dir='ltr'><strong>ipsi</strong></span> <span class='ocrx_word' id='word_1_64' title='bbox 693 889 947 960; x_wconf 82' lang='lat' dir='ltr'><strong>gloriam.</strong></span> 
     </span>
    </p>
   </div>
   <div class='ocr_carea' id='block_1_12' title="bbox 497 1061 2018 1142">
    <p class='ocr_par' dir='ltr' id='par_1_12' title="bbox 497 1061 2018 1142">
     <span class='ocr_line' id='line_1_12' title="bbox 497 1061 2018 1142; baseline -0.005 -19"><span class='ocrx_word' id='word_1_65' title='bbox 497 1070 660 1142; x_wconf 74' lang='lat'><strong>783</strong></span> <span class='ocrx_word' id='word_1_66' title='bbox 685 1067 908 1123; x_wconf 89' lang='lat' dir='ltr'><strong>Utrovis</strong></span> <span class='ocrx_word' id='word_1_67' title='bbox 934 1065 1101 1121; x_wconf 91' lang='lat' dir='ltr'><strong>modo</strong></span> <span class='ocrx_word' id='word_1_68' title='bbox 1130 1063 1257 1134; x_wconf 96' lang='lat' dir='ltr'><strong>quis</strong></span> <span class='ocrx_word' id='word_1_69' title='bbox 1279 1063 1396 1118; x_wconf 80' lang='lat' dir='ltr'><strong>haec</strong></span> <span class='ocrx_word' id='word_1_70' title='bbox 1425 1061 1698 1132; x_wconf 82' lang='lat' dir='ltr'><strong>accipiat:</strong></span> <span class='ocrx_word' id='word_1_71' title='bbox 1728 1069 1826 1116; x_wconf 83' lang='lat' dir='ltr'><strong>aut</strong></span> <span class='ocrx_word' id='word_1_72' title='bbox 1847 1074 2018 1116; x_wconf 84' lang='lat' dir='ltr'><strong>sensu</strong></span> 
     </span>
    </p>
   </div>
   <div class='ocr_carea' id='block_1_13' title="bbox 425 1154 2018 1234">
    <p class='ocr_par' dir='ltr' id='par_1_13' title="bbox 425 1154 2018 1234">
     <span class='ocr_line' id='line_1_13' title="bbox 425 1154 2018 1234; baseline -0.006 -17"><span class='ocrx_word' id='word_1_73' title='bbox 425 1162 743 1234; x_wconf 88' lang='lat' dir='ltr'><strong>allegorico,</strong></span> <span class='ocrx_word' id='word_1_74' title='bbox 789 1167 885 1214; x_wconf 90' lang='lat' dir='ltr'><strong>aut</strong></span> <span class='ocrx_word' id='word_1_75' title='bbox 927 1157 1075 1228; x_wconf 91' lang='lat' dir='ltr'><strong>quod</strong></span> <span class='ocrx_word' id='word_1_76' title='bbox 1108 1171 1168 1213; x_wconf 88' lang='lat' dir='ltr'><strong>re</strong></span> <span class='ocrx_word' id='word_1_77' title='bbox 1216 1171 1346 1211; x_wconf 87' lang='lat' dir='ltr'><strong>vera</strong></span> <span class='ocrx_word' id='word_1_78' title='bbox 1384 1154 1742 1226; x_wconf 83' lang='lat' dir='ltr'><strong>contingant,</strong></span> <span class='ocrx_word' id='word_1_79' title='bbox 1790 1168 2018 1209; x_wconf 79' lang='lat' dir='ltr'><strong>sensum</strong></span> 
     </span>
    </p>
   </div>
   <div class='ocr_carea' id='block_1_14' title="bbox 429 1243 2016 1320">
    <p class='ocr_par' dir='ltr' id='par_1_14' title="bbox 429 1243 2016 1320">
     <span class='ocr_line' id='line_1_14' title="bbox 429 1243 2016 1320; baseline -0.009 -10"><span class='ocrx_word' id='word_1_80' title='bbox 429 1252 651 1310; x_wconf 77' lang='lat' dir='ltr'><strong>habebit</strong></span> <span class='ocrx_word' id='word_1_81' title='bbox 671 1265 888 1320; x_wconf 83' lang='lat' dir='ltr'><strong>semper</strong></span> <span class='ocrx_word' id='word_1_82' title='bbox 913 1264 1021 1303; x_wconf 89' lang='lat' dir='ltr'><strong>non</strong></span> <span class='ocrx_word' id='word_1_83' title='bbox 1047 1248 1335 1303; x_wconf 88' lang='lat' dir='ltr'><strong>dissonum</strong></span> <span class='ocrx_word' id='word_1_84' title='bbox 1361 1260 1393 1300; x_wconf 82' lang='grc' dir='ltr'><em>ιι</em></span> <span class='ocrx_word' id='word_1_85' title='bbox 1439 1245 1695 1300; x_wconf 87' lang='lat' dir='ltr'><strong>veritate.</strong></span> <span class='ocrx_word' id='word_1_86' title='bbox 1721 1243 1848 1298; x_wconf 83' lang='lat' dir='ltr'><strong>Sive</strong></span> <span class='ocrx_word' id='word_1_87' title='bbox 1869 1243 2016 1298; x_wconf 89' lang='lat' dir='ltr'><strong>enim</strong></span> 
     </span>
    </p>
   </div>
   <div class='ocr_carea' id='block_1_15' title="bbox 427 1333 2021 1405">
    <p class='ocr_par' dir='ltr' id='par_1_15' title="bbox 427 1333 2021 1405">
     <span class='ocr_line' id='line_1_15' title="bbox 427 1333 2021 1405; baseline -0.007 -6"><span class='ocrx_word' id='word_1_88' title='bbox 427 1343 598 1399; x_wconf 89' lang='lat' dir='ltr'><strong>solem</strong></span> <span class='ocrx_word' id='word_1_89' title='bbox 623 1341 904 1397; x_wconf 78' lang='lat' dir='ltr'><strong>existimet</strong></span> <span class='ocrx_word' id='word_1_90' title='bbox 927 1339 1186 1394; x_wconf 89' lang='lat' dir='ltr'><strong>diurnum</strong></span> <span class='ocrx_word' id='word_1_91' title='bbox 1208 1351 1334 1392; x_wconf 83' lang='lat' dir='ltr'><strong>esse</strong></span> <span class='ocrx_word' id='word_1_92' title='bbox 1354 1351 1604 1402; x_wconf 86' lang='lat' dir='ltr'><strong>cursum,</strong></span> <span class='ocrx_word' id='word_1_93' title='bbox 1622 1349 1734 1405; x_wconf 87' lang='lat' dir='ltr'><strong>quo</strong></span> <span class='ocrx_word' id='word_1_94' title='bbox 1757 1333 2021 1389; x_wconf 78' lang='lat' dir='ltr'><strong>molestiae</strong></span> 
     </span>
    </p>
   </div>
   <div class='ocr_carea' id='block_1_16' title="bbox 425 1427 2021 1501">
    <p class='ocr_par' dir='ltr' id='par_1_16' title="bbox 425 1427 2021 1501">
     <span class='ocr_line' id='line_1_16' title="bbox 425 1427 2021 1501; baseline -0.004 -12"><span class='ocrx_word' id='word_1_95' title='bbox 425 1443 481 1491; x_wconf 86' lang='lat' dir='ltr'><strong>ct</strong></span> <span class='ocrx_word' id='word_1_96' title='bbox 527 1434 840 1488; x_wconf 80' lang='lat' dir='ltr'><strong>anxietates</strong></span> <span class='ocrx_word' id='word_1_97' title='bbox 892 1431 1360 1501; x_wconf 89' lang='lat' dir='ltr'><strong>comprehendent</strong></span> <span class='ocrx_word' id='word_1_98' title='bbox 1399 1428 1646 1500; x_wconf 85' lang='lat' dir='ltr'><strong>quotidie</strong></span> <span class='ocrx_word' id='word_1_99' title='bbox 1695 1427 1899 1482; x_wconf 76' lang='lat' dir='ltr'><strong>lascive</strong></span> <span class='ocrx_word' id='word_1_100' title='bbox 1955 1441 2021 1482; x_wconf 83' lang='lat' dir='ltr'><strong>ac</strong></span> 
     </span>
    </p>
   </div>
   <div class='ocr_carea' id='block_1_17' title="bbox 427 1518 2020 1597">
    <p class='ocr_par' dir='ltr' id='par_1_17' title="bbox 427 1518 2020 1597">
     <span class='ocr_line' id='line_1_17' title="bbox 427 1518 2020 1597; baseline -0.004 -17"><span class='ocrx_word' id='word_1_101' title='bbox 427 1527 676 1597; x_wconf 88' lang='lat' dir='ltr'><strong>improbe</strong></span> <span class='ocrx_word' id='word_1_102' title='bbox 699 1524 982 1595; x_wconf 85' lang='lat' dir='ltr'><strong>degentes,</strong></span> <span class='ocrx_word' id='word_1_103' title='bbox 1008 1530 1477 1578; x_wconf 87' lang='lat' dir='ltr'><strong>utconvertantur</strong></span> <span class='ocrx_word' id='word_1_104' title='bbox 1509 1539 1522 1574; x_wconf 91' lang='lat'>:</span> <span class='ocrx_word' id='word_1_105' title='bbox 1547 1523 1664 1576; x_wconf 87' lang='lat' dir='ltr'><strong>sive</strong></span> <span class='ocrx_word' id='word_1_106' title='bbox 1692 1521 1857 1574; x_wconf 81' lang='lat' dir='ltr'><strong>etiam</strong></span> <span class='ocrx_word' id='word_1_107' title='bbox 1872 1518 2020 1589; x_wconf 91' lang='lat' dir='ltr'><strong>quod</strong></span> 
     </span>
    </p>
   </div>
   <div class='ocr_carea' id='block_1_18' title="bbox 427 1612 2023 1682">
    <p class='ocr_par' dir='ltr' id='par_1_18' title="bbox 427 1612 2023 1682">
     <span class='ocr_line' id='line_1_18' title="bbox 427 1612 2023 1682; baseline -0.006 -9"><span class='ocrx_word' id='word_1_108' title='bbox 427 1619 568 1673; x_wconf 84' lang='lat' dir='ltr'><strong>idem</strong></span> <span class='ocrx_word' id='word_1_109' title='bbox 604 1617 688 1673; x_wconf 88' lang='lat' dir='ltr'><strong>sol</strong></span> <span class='ocrx_word' id='word_1_110' title='bbox 721 1617 970 1672; x_wconf 86' lang='lat' dir='ltr'><strong>siccitate</strong></span> <span class='ocrx_word' id='word_1_111' title='bbox 1007 1623 1062 1670; x_wconf 91' lang='lat' dir='ltr'><strong>et</strong></span> <span class='ocrx_word' id='word_1_112' title='bbox 1097 1616 1373 1668; x_wconf 80' lang='lat' dir='ltr'><strong>anxietate</strong></span> <span class='ocrx_word' id='word_1_113' title='bbox 1402 1628 1468 1668; x_wconf 88' lang='lat' dir='ltr'><strong>ac</strong></span> <span class='ocrx_word' id='word_1_114' title='bbox 1497 1612 1876 1682; x_wconf 90' lang='lat' dir='ltr'><strong>desperatione</strong></span> <span class='ocrx_word' id='word_1_115' title='bbox 1904 1626 2023 1665; x_wconf 89' lang='lat' dir='ltr'><strong>mo-</strong></span> 
     </span>
    </p>
   </div>
   <div class='ocr_carea' id='block_1_19' title="bbox 426 1704 2022 1777">
    <p class='ocr_par' dir='ltr' id='par_1_19' title="bbox 426 1704 2022 1777">
     <span class='ocr_line' id='line_1_19' title="bbox 426 1704 2022 1777; baseline -0.005 -14"><span class='ocrx_word' id='word_1_116' title='bbox 426 1708 735 1772; x_wconf 83' lang='lat' dir='ltr'><strong>lestiarum,</strong></span> <span class='ocrx_word' id='word_1_117' title='bbox 773 1707 967 1777; x_wconf 85' lang='lat' dir='ltr'><strong>quales</strong></span> <span class='ocrx_word' id='word_1_118' title='bbox 1018 1706 1072 1758; x_wconf 90' lang='lat' dir='ltr'><strong>in</strong></span> <span class='ocrx_word' id='word_1_119' title='bbox 1117 1704 1260 1759; x_wconf 90' lang='lat' dir='ltr'><strong>bello</strong></span> <span class='ocrx_word' id='word_1_120' title='bbox 1309 1704 1490 1758; x_wconf 87' lang='lat' dir='ltr'><strong>solent</strong></span> <span class='ocrx_word' id='word_1_121' title='bbox 1528 1704 1870 1773; x_wconf 89' lang='lat' dir='ltr'><strong>contingere,</strong></span> <span class='ocrx_word' id='word_1_122' title='bbox 1919 1715 2022 1756; x_wconf 88' lang='lat' dir='ltr'><strong>suo</strong></span> 
     </span>
    </p>
   </div>
   <div class='ocr_carea' id='block_1_20' title="bbox 429 1792 2022 1864">
    <p class='ocr_par' dir='ltr' id='par_1_20' title="bbox 429 1792 2022 1864">
     <span class='ocr_line' id='line_1_20' title="bbox 429 1792 2022 1864; baseline -0.004 -11"><span class='ocrx_word' id='word_1_123' title='bbox 429 1801 625 1853; x_wconf 85' lang='lat' dir='ltr'><strong>ardore</strong></span> <span class='ocrx_word' id='word_1_124' title='bbox 655 1797 932 1853; x_wconf 84' lang='lat' dir='ltr'><strong>eilicacius</strong></span> <span class='ocrx_word' id='word_1_125' title='bbox 963 1803 1201 1850; x_wconf 80' lang='lat' dir='ltr'><strong>aestuare</strong></span> <span class='ocrx_word' id='word_1_126' title='bbox 1233 1792 1396 1849; x_wconf 77' lang='lat' dir='ltr'><strong>faciet</strong></span> <span class='ocrx_word' id='word_1_127' title='bbox 1429 1813 1442 1848; x_wconf 90' lang='lat'><strong>:</strong></span> <span class='ocrx_word' id='word_1_128' title='bbox 1479 1793 1628 1864; x_wconf 89' lang='lat' dir='ltr'><strong>quod</strong></span> <span class='ocrx_word' id='word_1_129' title='bbox 1655 1801 1710 1848; x_wconf 91' lang='lat' dir='ltr'><strong>et</strong></span> <span class='ocrx_word' id='word_1_130' title='bbox 1743 1793 1861 1862; x_wconf 90' lang='lat' dir='ltr'><strong>ipse</strong></span> <span class='ocrx_word' id='word_1_131' title='bbox 1894 1808 2022 1848; x_wconf 85' lang='lat' dir='ltr'><strong>cru-</strong></span> 
     </span>
    </p>
   </div>
   <div class='ocr_carea' id='block_1_21' title="bbox 2114 765 3702 848">
    <p class='ocr_par' dir='ltr' id='par_1_21' title="bbox 2114 765 3702 848">
     <span class='ocr_line' id='line_1_21' title="bbox 2114 765 3702 848; baseline -0.01 -14"><span class='ocrx_word' id='word_1_132' title='bbox 2114 794 2217 835; x_wconf 76' lang='grc' dir='ltr'><strong>ποι</strong></span> <span class='ocrx_word' id='word_1_133' title='bbox 2245 779 2312 833; x_wconf 89' lang='grc' dir='ltr'><em>τὸ</em></span> <span class='ocrx_word' id='word_1_134' title='bbox 2340 779 2531 848; x_wconf 79' lang='grc' dir='ltr'><em>ὄνομα</em></span> <span class='ocrx_word' id='word_1_135' title='bbox 2558 776 2665 831; x_wconf 89' lang='grc' dir='ltr'><em>τοῦ</em></span> <span class='ocrx_word' id='word_1_136' title='bbox 2698 772 2848 829; x_wconf 84' lang='grc' dir='ltr'><strong>Θεοῦ</strong></span> <span class='ocrx_word' id='word_1_137' title='bbox 2877 771 2985 827; x_wconf 88' lang='grc' dir='ltr'><em>τοῦ</em></span> <span class='ocrx_word' id='word_1_138' title='bbox 3010 771 3262 840; x_wconf 77' lang='grc' dir='ltr'><em>ἔχοντος</em></span> <span class='ocrx_word' id='word_1_139' title='bbox 3287 768 3582 834; x_wconf 78' lang='grc' dir='ltr'><strong>ἐξουσίαν</strong></span> <span class='ocrx_word' id='word_1_140' title='bbox 3599 765 3702 820; x_wconf 73' lang='grc' dir='ltr'><strong>ἐπὶ</strong></span> 
     </span>
    </p>
   </div>
   <div class='ocr_carea' id='block_1_22' title="bbox 2115 859 3704 940">
    <p class='ocr_par' dir='ltr' id='par_1_22' title="bbox 2115 859 3704 940">
     <span class='ocr_line' id='line_1_22' title="bbox 2115 859 3704 940; baseline -0.008 -13"><span class='ocrx_word' id='word_1_141' title='bbox 2115 871 2224 938; x_wconf 85' lang='grc' dir='ltr'><strong>τὰς</strong></span> <span class='ocrx_word' id='word_1_142' title='bbox 2252 871 2494 940; x_wconf 79' lang='grc' dir='ltr'><em>πληγὰς</em></span> <span class='ocrx_word' id='word_1_143' title='bbox 2531 869 2774 935; x_wconf 84' lang='grc' dir='ltr'><em>ταύτας,</em></span> <span class='ocrx_word' id='word_1_144' title='bbox 2815 865 2914 922; x_wconf 73' lang='grc' dir='ltr'><em>καὶ</em></span> <span class='ocrx_word' id='word_1_145' title='bbox 2953 867 3027 920; x_wconf 84' lang='grc' dir='ltr'><em>οὐ</em></span> <span class='ocrx_word' id='word_1_146' title='bbox 3049 865 3432 936; x_wconf 80' lang='grc' dir='ltr'><em>μετενόησαν</em></span> <span class='ocrx_word' id='word_1_147' title='bbox 3486 859 3704 914; x_wconf 84' lang='grc' dir='ltr'><em>δοῦναι</em></span> 
     </span>
    </p>
   </div>
   <div class='ocr_carea' id='block_1_23' title="bbox 2115 963 2514 1030">
    <p class='ocr_par' dir='ltr' id='par_1_23' title="bbox 2115 963 2514 1030">
     <span class='ocr_line' id='line_1_23' title="bbox 2115 963 2514 1030; baseline -0.008 -9"><span class='ocrx_word' id='word_1_148' title='bbox 2115 963 2279 1030; x_wconf 79' lang='grc' dir='ltr'><em>αὐτῷ</em></span> <span class='ocrx_word' id='word_1_149' title='bbox 2305 963 2514 1028; x_wconf 79' lang='grc' dir='ltr'><em>δόξαν.</em></span> 
     </span>
    </p>
   </div>
   <div class='ocr_carea' id='block_1_24' title="bbox 2189 1048 3702 1127">
    <p class='ocr_par' dir='ltr' id='par_1_24' title="bbox 2189 1048 3702 1127">
     <span class='ocr_line' id='line_1_24' title="bbox 2189 1048 3702 1127; baseline -0.008 -15"><span class='ocrx_word' id='word_1_150' title='bbox 2189 1059 2378 1113; x_wconf 83' lang='grc' dir='ltr'><em>Ταῦτα</em></span> <span class='ocrx_word' id='word_1_151' title='bbox 2411 1055 2692 1127; x_wconf 79' lang='grc' dir='ltr'><strong>ὁποτέρως</strong></span> <span class='ocrx_word' id='word_1_152' title='bbox 2708 1054 2775 1109; x_wconf 82' lang='grc' dir='ltr'><em>άν</em></span> <span class='ocrx_word' id='word_1_153' title='bbox 2789 1071 2874 1116; x_wconf 85' lang='grc' dir='ltr'><strong>τις</strong></span> <span class='ocrx_word' id='word_1_154' title='bbox 2892 1051 3139 1118; x_wconf 76' lang='grc' dir='ltr'><strong>ὲκλάϐοι,</strong></span> <span class='ocrx_word' id='word_1_155' title='bbox 3156 1048 3488 1120; x_wconf 79' lang='grc' dir='ltr'><strong>ἀλληγορίας</strong></span> <span class='ocrx_word' id='word_1_156' title='bbox 3499 1048 3702 1115; x_wconf 83' lang='grc' dir='ltr'><strong>λόγοις,</strong></span> 
     </span>
    </p>
   </div>
   <div class='ocr_carea' id='block_1_25' title="bbox 2121 1139 3708 1224">
    <p class='ocr_par' dir='ltr' id='par_1_25' title="bbox 2121 1139 3708 1224">
     <span class='ocr_line' id='line_1_25' title="bbox 2121 1139 3708 1224; baseline -0.01 -17"><span class='ocrx_word' id='word_1_157' title='bbox 2121 1154 2290 1224; x_wconf 72' lang='grc' dir='ltr'><em>φημὶ,</em></span> <span class='ocrx_word' id='word_1_158' title='bbox 2317 1152 2352 1224; x_wconf 75' lang='grc' dir='ltr'>ἢ</span> <span class='ocrx_word' id='word_1_159' title='bbox 2384 1152 2482 1205; x_wconf 75' lang='grc' dir='ltr'><strong>καὶ</strong></span> <span class='ocrx_word' id='word_1_160' title='bbox 2503 1149 2758 1220; x_wconf 71' lang='grc' dir='ltr'><em>ἐνεργείᾳ</em></span> <span class='ocrx_word' id='word_1_161' title='bbox 2798 1147 3166 1218; x_wconf 82' lang='grc' dir='ltr'><strong>πραγμάτων,</strong></span> <span class='ocrx_word' id='word_1_162' title='bbox 3199 1144 3300 1197; x_wconf 80' lang='grc' dir='ltr'><strong>οὐκ</strong></span> <span class='ocrx_word' id='word_1_163' title='bbox 3357 1142 3464 1208; x_wconf 73' lang='grc' dir='ltr'><strong>ἔξω</strong></span> <span class='ocrx_word' id='word_1_164' title='bbox 3505 1139 3599 1194; x_wconf 84' lang='grc' dir='ltr'><strong>τοῦ</strong></span> <span class='ocrx_word' id='word_1_165' title='bbox 3627 1142 3708 1192; x_wconf 77' lang='lat' dir='ltr'><strong>el-</strong></span> 
     </span>
    </p>
   </div>
   <div class='ocr_carea' id='block_1_26' title="bbox 2119 1233 3706 1314">
    <p class='ocr_par' dir='ltr' id='par_1_26' title="bbox 2119 1233 3706 1314">
     <span class='ocr_line' id='line_1_26' title="bbox 2119 1233 3706 1314; baseline -0.01 -14"><span class='ocrx_word' id='word_1_166' title='bbox 2119 1248 2282 1309; x_wconf 80' lang='grc' dir='ltr'><em>κότος</em></span> <span class='ocrx_word' id='word_1_167' title='bbox 2307 1242 2661 1314; x_wconf 79' lang='grc' dir='ltr'><em>άπενεχθείη.</em></span> <span class='ocrx_word' id='word_1_168' title='bbox 2693 1242 2818 1295; x_wconf 83' lang='grc' dir='ltr'><strong>Εἴτε</strong></span> <span class='ocrx_word' id='word_1_169' title='bbox 2837 1240 2948 1311; x_wconf 83' lang='grc' dir='ltr'><strong>γὰρ</strong></span> <span class='ocrx_word' id='word_1_170' title='bbox 3000 1239 3153 1309; x_wconf 78' lang='grc' dir='ltr'><em>ἥλιον</em></span> <span class='ocrx_word' id='word_1_171' title='bbox 3204 1236 3296 1290; x_wconf 72' lang='grc' dir='ltr'><em>τὸν</em></span> <span class='ocrx_word' id='word_1_172' title='bbox 3340 1238 3440 1303; x_wconf 80' lang='grc' dir='ltr'><em>τῆς</em></span> <span class='ocrx_word' id='word_1_173' title='bbox 3491 1233 3706 1304; x_wconf 79' lang='grc' dir='ltr'><em>ἡμέρας</em></span> 
     </span>
    </p>
   </div>
   <div class='ocr_carea' id='block_1_27' title="bbox 2119 1327 3707 1409">
    <p class='ocr_par' dir='ltr' id='par_1_27' title="bbox 2119 1327 3707 1409">
     <span class='ocr_line' id='line_1_27' title="bbox 2119 1327 3707 1409; baseline -0.009 -16"><span class='ocrx_word' id='word_1_174' title='bbox 2119 1338 2330 1408; x_wconf 72' lang='grc' dir='ltr'><em>οἰηθείη</em></span> <span class='ocrx_word' id='word_1_175' title='bbox 2363 1338 2564 1409; x_wconf 83' lang='grc' dir='ltr'><strong>δρόμον</strong></span> <span class='ocrx_word' id='word_1_176' title='bbox 2584 1335 2706 1390; x_wconf 65' lang='grc' dir='ltr'><em>καθ’</em></span> <span class='ocrx_word' id='word_1_177' title='bbox 2728 1336 2790 1389; x_wconf 77' lang='grc' dir='ltr'><em>ὃν</em></span> <span class='ocrx_word' id='word_1_178' title='bbox 2811 1335 3074 1390; x_wconf 67' lang='grc' dir='ltr'><em>ἑκάστοτε</em></span> <span class='ocrx_word' id='word_1_179' title='bbox 3101 1331 3171 1384; x_wconf 72' lang='grc' dir='ltr'><em>τά</em></span> <span class='ocrx_word' id='word_1_180' title='bbox 3220 1330 3455 1399; x_wconf 77' lang='grc' dir='ltr'><strong>δυσχερῆ</strong></span> <span class='ocrx_word' id='word_1_181' title='bbox 3479 1327 3571 1380; x_wconf 77' lang='grc' dir='ltr'><strong>καὶ</strong></span> <span class='ocrx_word' id='word_1_182' title='bbox 3605 1343 3707 1380; x_wconf 82' lang='grc' dir='ltr'><strong>κα-</strong></span> 
     </span>
    </p>
   </div>
   <div class='ocr_carea' id='block_1_28' title="bbox 2121 1421 3704 1502">
    <p class='ocr_par' dir='ltr' id='par_1_28' title="bbox 2121 1421 3704 1502">
     <span class='ocr_line' id='line_1_28' title="bbox 2121 1421 3704 1502; baseline -0.011 -14"><span class='ocrx_word' id='word_1_183' title='bbox 2121 1433 2398 1502; x_wconf 83' lang='grc' dir='ltr'><em>τάγχοντα</em></span> <span class='ocrx_word' id='word_1_184' title='bbox 2423 1432 2552 1496; x_wconf 81' lang='grc' dir='ltr'><em>τοὺς</em></span> <span class='ocrx_word' id='word_1_185' title='bbox 2581 1430 3008 1498; x_wconf 76' lang='grc' dir='ltr'><strong>ἀσελγαίνοντας</strong></span> <span class='ocrx_word' id='word_1_186' title='bbox 3037 1426 3176 1497; x_wconf 74' lang='grc' dir='ltr'><strong>πρὸς</strong></span> <span class='ocrx_word' id='word_1_187' title='bbox 3201 1421 3536 1493; x_wconf 72' lang='grc' dir='ltr'><strong>ἐπιστροφὴν</strong></span> <span class='ocrx_word' id='word_1_188' title='bbox 3569 1438 3704 1474; x_wconf 83' lang='grc' dir='ltr'><em>κατ-</em></span> 
     </span>
    </p>
   </div>
   <div class='ocr_carea' id='block_1_29' title="bbox 2123 1513 3706 1595">
    <p class='ocr_par' dir='ltr' id='par_1_29' title="bbox 2123 1513 3706 1595">
     <span class='ocr_line' id='line_1_29' title="bbox 2123 1513 3706 1595; baseline -0.008 -17"><span class='ocrx_word' id='word_1_189' title='bbox 2123 1524 2412 1595; x_wconf 80' lang='grc' dir='ltr'><em>αλήψεται,</em></span> <span class='ocrx_word' id='word_1_190' title='bbox 2448 1523 2483 1595; x_wconf 76' lang='grc' dir='ltr'><strong>ἢ</strong></span> <span class='ocrx_word' id='word_1_191' title='bbox 2536 1523 2631 1577; x_wconf 79' lang='grc' dir='ltr'><strong>καὶ</strong></span> <span class='ocrx_word' id='word_1_192' title='bbox 2686 1521 2850 1575; x_wconf 76' lang='grc' dir='ltr'><em>αὐτὸν</em></span> <span class='ocrx_word' id='word_1_193' title='bbox 2901 1520 2993 1573; x_wconf 82' lang='grc' dir='ltr'><em>τὸν</em></span> <span class='ocrx_word' id='word_1_194' title='bbox 3021 1518 3176 1590; x_wconf 72' lang='grc' dir='ltr'><em>ἥλιον</em></span> <span class='ocrx_word' id='word_1_195' title='bbox 3204 1514 3402 1587; x_wconf 77' lang='grc' dir='ltr'><strong>ιῦχμῴ</strong></span> <span class='ocrx_word' id='word_1_196' title='bbox 3454 1513 3544 1568; x_wconf 67' lang='grc' dir='ltr'><strong>καὶ</strong></span> <span class='ocrx_word' id='word_1_197' title='bbox 3574 1530 3706 1566; x_wconf 87' lang='grc' dir='ltr'><em>συν-</em></span> 
     </span>
    </p>
   </div>
   <div class='ocr_carea' id='block_1_30' title="bbox 2123 1605 3704 1690">
    <p class='ocr_par' dir='ltr' id='par_1_30' title="bbox 2123 1605 3704 1690">
     <span class='ocr_line' id='line_1_30' title="bbox 2123 1605 3704 1690; baseline -0.009 -18"><span class='ocrx_word' id='word_1_198' title='bbox 2123 1621 2224 1690; x_wconf 81' lang='grc' dir='ltr'><strong>οχῇ</strong></span> <span class='ocrx_word' id='word_1_199' title='bbox 2273 1618 2368 1671; x_wconf 72' lang='grc' dir='ltr'><strong>καὶ</strong></span> <span class='ocrx_word' id='word_1_200' title='bbox 2419 1615 2628 1687; x_wconf 68' lang='grc' dir='ltr'><em>ἀπορίᾳ</em></span> <span class='ocrx_word' id='word_1_201' title='bbox 2677 1615 2788 1668; x_wconf 82' lang='grc' dir='ltr'><em>τῶν</em></span> <span class='ocrx_word' id='word_1_202' title='bbox 2844 1613 2989 1667; x_wconf 77' lang='grc' dir='ltr'><em>κατὰ</em></span> <span class='ocrx_word' id='word_1_203' title='bbox 3048 1610 3286 1680; x_wconf 86' lang='grc' dir='ltr'><em>πόλεμον</em></span> <span class='ocrx_word' id='word_1_204' title='bbox 3322 1607 3576 1679; x_wconf 75' lang='grc' dir='ltr'><strong>χαλεπῶν</strong></span> <span class='ocrx_word' id='word_1_205' title='bbox 3624 1605 3704 1674; x_wconf 81' lang='grc' dir='ltr'><em>τῷ</em></span> 
     </span>
    </p>
   </div>
   <div class='ocr_carea' id='block_1_31' title="bbox 2123 1702 3706 1781">
    <p class='ocr_par' dir='ltr' id='par_1_31' title="bbox 2123 1702 3706 1781">
     <span class='ocr_line' id='line_1_31' title="bbox 2123 1702 3706 1781; baseline -0.009 -17"><span class='ocrx_word' id='word_1_206' title='bbox 2123 1711 2254 1781; x_wconf 79' lang='grc' dir='ltr'><strong>παρ’</strong></span> <span class='ocrx_word' id='word_1_207' title='bbox 2287 1709 2452 1762; x_wconf 79' lang='grc' dir='ltr'><em>αὐτοῦ</em></span> <span class='ocrx_word' id='word_1_208' title='bbox 2492 1707 2722 1778; x_wconf 81' lang='grc' dir='ltr'><strong>φλογμῷ</strong></span> <span class='ocrx_word' id='word_1_209' title='bbox 2768 1706 3204 1778; x_wconf 83' lang='grc' dir='ltr'><em>δραστικώτερον</em></span> <span class='ocrx_word' id='word_1_210' title='bbox 3262 1702 3706 1772; x_wconf 73' lang='grc' dir='ltr'><em>καυματίσανια,</em></span> 
     </span>
    </p>
   </div>
   <div class='ocr_carea' id='block_1_32' title="bbox 2124 1791 3708 1869">
    <p class='ocr_par' dir='ltr' id='par_1_32' title="bbox 2124 1791 3708 1869">
     <span class='ocr_line' id='line_1_32' title="bbox 2124 1791 3708 1869; baseline -0.008 -14"><span class='ocrx_word' id='word_1_211' title='bbox 2124 1803 2208 1856; x_wconf 80' lang='grc' dir='ltr'><strong>ὅτι</strong></span> <span class='ocrx_word' id='word_1_212' title='bbox 2240 1801 2336 1854; x_wconf 80' lang='grc' dir='ltr'><strong>καὶ</strong></span> <span class='ocrx_word' id='word_1_213' title='bbox 2355 1803 2384 1853; x_wconf 85' lang='grc' dir='ltr'><strong>ὁ</strong></span> <span class='ocrx_word' id='word_1_214' title='bbox 2413 1800 2572 1862; x_wconf 79' lang='grc' dir='ltr'><em>αὐτὸς</em></span> <span class='ocrx_word' id='word_1_215' title='bbox 2601 1797 2854 1869; x_wconf 79' lang='grc' dir='ltr'><em>μαστίζει</em></span> <span class='ocrx_word' id='word_1_216' title='bbox 2881 1795 3220 1866; x_wconf 71' lang='grc' dir='ltr'><em>ἐπιστροφὴν</em></span> <span class='ocrx_word' id='word_1_217' title='bbox 3249 1795 3433 1856; x_wconf 77' lang='grc' dir='ltr'><em>αὐτοῖς</em></span> <span class='ocrx_word' id='word_1_218' title='bbox 3487 1791 3708 1860; x_wconf 85' lang='grc' dir='ltr'><strong>μνώμε-</strong></span> 
     </span>
    </p>
   </div>
   <div class='ocr_carea' id='block_1_33' title="bbox 429 1879 2054 1960">
    <p class='ocr_par' dir='ltr' id='par_1_33' title="bbox 429 1881 2054 1960">
     <span class='ocr_line' id='line_1_33' title="bbox 429 1881 2054 1960; baseline -0.005 -15"><span class='ocrx_word' id='word_1_219' title='bbox 429 1891 556 1956; x_wconf 87' lang='lat' dir='ltr'><strong>ciet,</strong></span> <span class='ocrx_word' id='word_1_220' title='bbox 595 1904 893 1960; x_wconf 76' lang='lat' dir='ltr'><strong>suggerens</strong></span> <span class='ocrx_word' id='word_1_221' title='bbox 927 1889 996 1943; x_wconf 89' lang='lat' dir='ltr'><strong>iis</strong></span> <span class='ocrx_word' id='word_1_222' title='bbox 1036 1887 1455 1942; x_wconf 89' lang='lat' dir='ltr'><strong>conversionem</strong></span> <span class='ocrx_word' id='word_1_223' title='bbox 1504 1902 1518 1939; x_wconf 92' lang='lat'>:</span> <span class='ocrx_word' id='word_1_224' title='bbox 1560 1885 1700 1939; x_wconf 85' lang='lat' dir='ltr'><strong>nihil</strong></span> <span class='ocrx_word' id='word_1_225' title='bbox 1731 1884 1838 1940; x_wconf 92' lang='lat' dir='ltr'><strong>erit</strong></span> <span class='ocrx_word' id='word_1_226' title='bbox 1865 1881 2021 1938; x_wconf 78' lang='lat' dir='ltr'><strong>dille-</strong></span> <span class='ocrx_word' id='word_1_227' title='bbox 2053 1895 2054 1901; x_wconf 82' lang='lat'>‘</span> 
     </span>
    </p>
   </div>
   <div class='ocr_carea' id='block_1_34' title="bbox 2132 1879 3709 1960">
    <p class='ocr_par' dir='ltr' id='par_1_34' title="bbox 2132 1879 3709 1959">
     <span class='ocr_line' id='line_1_34' title="bbox 2132 1879 3709 1959; baseline -0.007 -15"><span class='ocrx_word' id='word_1_228' title='bbox 2132 1908 2234 1956; x_wconf 82' lang='lat' dir='ltr'><strong>vo;,</strong></span> <span class='ocrx_word' id='word_1_229' title='bbox 2268 1891 2421 1944; x_wconf 77' lang='grc' dir='ltr'><em>οὐδὲν</em></span> <span class='ocrx_word' id='word_1_230' title='bbox 2437 1891 2630 1944; x_wconf 79' lang='grc' dir='ltr'><strong>διοίσει</strong></span> <span class='ocrx_word' id='word_1_231' title='bbox 2657 1890 2752 1956; x_wconf 79' lang='grc' dir='ltr'><strong>ἀφ’</strong></span> <span class='ocrx_word' id='word_1_232' title='bbox 2778 1889 3048 1959; x_wconf 78' lang='grc' dir='ltr'><strong>ἑκατέρας</strong></span> <span class='ocrx_word' id='word_1_233' title='bbox 3075 1886 3305 1956; x_wconf 82' lang='grc' dir='ltr'><strong>ὲκδοχῆς</strong></span> <span class='ocrx_word' id='word_1_234' title='bbox 3331 1884 3468 1956; x_wconf 80' lang='grc' dir='ltr'><em>πρὸς</em></span> <span class='ocrx_word' id='word_1_235' title='bbox 3505 1882 3564 1935; x_wconf 81' lang='grc' dir='ltr'><em>ἓν</em></span> <span class='ocrx_word' id='word_1_236' title='bbox 3613 1879 3709 1935; x_wconf 72' lang='grc' dir='ltr'><strong>καὶ</strong></span> 
     </span>
    </p>
   </div>
   <div class='ocr_carea' id='block_1_35' title="bbox 429 1978 2019 2050">
    <p class='ocr_par' dir='ltr' id='par_1_35' title="bbox 429 1978 2019 2050">
     <span class='ocr_line' id='line_1_35' title="bbox 429 1978 2019 2050; baseline -0.004 -12"><span class='ocrx_word' id='word_1_237' title='bbox 429 1983 657 2047; x_wconf 76' lang='lat' dir='ltr'><strong>reutiae,</strong></span> <span class='ocrx_word' id='word_1_238' title='bbox 689 1985 817 2037; x_wconf 90' lang='lat' dir='ltr'><strong>dum</strong></span> <span class='ocrx_word' id='word_1_239' title='bbox 849 1997 917 2037; x_wconf 81' lang='lat' dir='ltr'><strong>ex</strong></span> <span class='ocrx_word' id='word_1_240' title='bbox 954 1991 1189 2050; x_wconf 88' lang='lat' dir='ltr'><strong>utraque</strong></span> <span class='ocrx_word' id='word_1_241' title='bbox 1226 1978 1680 2050; x_wconf 86' lang='lat' dir='ltr'><strong>interpretatione</strong></span> <span class='ocrx_word' id='word_1_242' title='bbox 1715 1978 1770 2032; x_wconf 91' lang='lat' dir='ltr'><strong>iu</strong></span> <span class='ocrx_word' id='word_1_243' title='bbox 1814 1992 1926 2032; x_wconf 90' lang='lat' dir='ltr'><strong>uno</strong></span> <span class='ocrx_word' id='word_1_244' title='bbox 1963 1985 2019 2032; x_wconf 90' lang='lat' dir='ltr'><strong>et</strong></span> 
     </span>
    </p>
   </div>
   <div class='ocr_carea' id='block_1_36' title="bbox 430 2071 1842 2144">
    <p class='ocr_par' dir='ltr' id='par_1_36' title="bbox 430 2071 1842 2144">
     <span class='ocr_line' id='line_1_36' title="bbox 430 2071 1842 2144; baseline -0.004 -14"><span class='ocrx_word' id='word_1_245' title='bbox 430 2077 624 2132; x_wconf 85' lang='lat' dir='ltr'><strong>eodem</strong></span> <span class='ocrx_word' id='word_1_246' title='bbox 661 2075 1031 2144; x_wconf 63' lang='lat' dir='ltr'><strong>intelligentiae</strong></span> <span class='ocrx_word' id='word_1_247' title='bbox 1063 2073 1407 2144; x_wconf 86' lang='lat' dir='ltr'><strong>receptaculo</strong></span> <span class='ocrx_word' id='word_1_248' title='bbox 1437 2072 1595 2127; x_wconf 85' lang='lat' dir='ltr'><strong>sedes</strong></span> <span class='ocrx_word' id='word_1_249' title='bbox 1625 2071 1842 2142; x_wconf 84' lang='lat' dir='ltr'><strong>ﬁgatur.</strong></span> 
     </span>
    </p>
   </div>
   <div class='ocr_carea' id='block_1_37' title="bbox 502 2165 2022 2237">
    <p class='ocr_par' dir='ltr' id='par_1_37' title="bbox 502 2165 2022 2237">
     <span class='ocr_line' id='line_1_37' title="bbox 502 2165 2022 2237; baseline -0.003 -15"><span class='ocrx_word' id='word_1_250' title='bbox 502 2169 609 2236; x_wconf 81' lang='lat' dir='ltr'><strong>Qui</strong></span> <span class='ocrx_word' id='word_1_251' title='bbox 635 2167 790 2222; x_wconf 86' lang='lat' dir='ltr'><strong>habet</strong></span> <span class='ocrx_word' id='word_1_252' title='bbox 818 2177 1129 2237; x_wconf 88' lang='lat' dir='ltr'><strong>potestatem</strong></span> <span class='ocrx_word' id='word_1_253' title='bbox 1161 2182 1320 2237; x_wconf 80' lang='lat' dir='ltr'><strong>super</strong></span> <span class='ocrx_word' id='word_1_254' title='bbox 1348 2167 1446 2222; x_wconf 87' lang='lat' dir='ltr'><strong>has</strong></span> <span class='ocrx_word' id='word_1_255' title='bbox 1486 2165 1695 2237; x_wconf 77' lang='lat' dir='ltr'><strong>plagas.</strong></span> <span class='ocrx_word' id='word_1_256' title='bbox 1739 2165 2022 2232; x_wconf 77' lang='grc' dir='ltr'><em>Ἐξουσίαν</em></span> 
     </span>
    </p>
   </div>
   <div class='ocr_carea' id='block_1_38' title="bbox 428 2257 2024 2332">
    <p class='ocr_par' dir='ltr' id='par_1_38' title="bbox 428 2257 2024 2332">
     <span class='ocr_line' id='line_1_38' title="bbox 428 2257 2024 2332; baseline -0.003 -18"><span class='ocrx_word' id='word_1_257' title='bbox 428 2259 620 2332; x_wconf 86' lang='lat' dir='ltr'><strong>(quod</strong></span> <span class='ocrx_word' id='word_1_258' title='bbox 656 2273 756 2314; x_wconf 92' lang='lat' dir='ltr'><strong>nos</strong></span> <span class='ocrx_word' id='word_1_259' title='bbox 795 2273 918 2313; x_wconf 89' lang='lat' dir='ltr'><strong>eum</strong></span> <span class='ocrx_word' id='word_1_260' title='bbox 956 2259 1170 2314; x_wconf 70' lang='lat' dir='ltr'><strong>cmteris</strong></span> <span class='ocrx_word' id='word_1_261' title='bbox 1199 2257 1594 2328; x_wconf 84' lang='lat' dir='ltr'><strong>interpretibus</strong></span> <span class='ocrx_word' id='word_1_262' title='bbox 1625 2257 1891 2314; x_wconf 84' lang='lat' dir='ltr'><strong>vertimus</strong></span> <span class='ocrx_word' id='word_1_263' title='bbox 1928 2271 2024 2324; x_wconf 89' lang='lat' dir='ltr'><strong>po-</strong></span> 
     </span>
    </p>
   </div>
   <div class='ocr_carea' id='block_1_39' title="bbox 431 2349 2026 2424">
    <p class='ocr_par' dir='ltr' id='par_1_39' title="bbox 431 2349 2026 2424">
     <span class='ocr_line' id='line_1_39' title="bbox 431 2349 2026 2424; baseline -0.002 -17"><span class='ocrx_word' id='word_1_264' title='bbox 431 2351 702 2424; x_wconf 88' lang='lat' dir='ltr'><strong>testatem)</strong></span> <span class='ocrx_word' id='word_1_265' title='bbox 735 2359 892 2406; x_wconf 87' lang='lat' dir='ltr'><strong>vocat</strong></span> <span class='ocrx_word' id='word_1_266' title='bbox 921 2349 1138 2405; x_wconf 86' lang='lat' dir='ltr'><strong>Domini</strong></span> <span class='ocrx_word' id='word_1_267' title='bbox 1169 2350 1498 2412; x_wconf 86' lang='lat' dir='ltr'><strong>adventum.</strong></span> <span class='ocrx_word' id='word_1_268' title='bbox 1530 2349 1627 2420; x_wconf 89' lang='lat' dir='ltr'><strong>qui</strong></span> <span class='ocrx_word' id='word_1_269' title='bbox 1652 2349 1720 2406; x_wconf 86' lang='lat' dir='ltr'><strong>ad</strong></span> <span class='ocrx_word' id='word_1_270' title='bbox 1752 2350 1857 2404; x_wconf 92' lang='lat' dir='ltr'><strong>hoc</strong></span> <span class='ocrx_word' id='word_1_271' title='bbox 1884 2363 2026 2418; x_wconf 72' lang='lat' dir='ltr'><strong>pra:-</strong></span> 
     </span>
    </p>
   </div>
   <div class='ocr_carea' id='block_1_40' title="bbox 427 2440 2032 2507">
    <p class='ocr_par' dir='ltr' id='par_1_40' title="bbox 427 2440 2032 2507">
     <span class='ocr_line' id='line_1_40' title="bbox 427 2440 2032 2507; baseline -0.004 -6"><span class='ocrx_word' id='word_1_272' title='bbox 427 2445 598 2501; x_wconf 78' lang='lat' dir='ltr'><strong>stabit</strong></span> <span class='ocrx_word' id='word_1_273' title='bbox 625 2461 788 2500; x_wconf 92' lang='lat' dir='ltr'><strong>suum</strong></span> <span class='ocrx_word' id='word_1_274' title='bbox 819 2445 1125 2501; x_wconf 89' lang='lat' dir='ltr'><strong>secundum</strong></span> <span class='ocrx_word' id='word_1_275' title='bbox 1149 2443 1470 2507; x_wconf 81' lang='lat' dir='ltr'><strong>adventum.</strong></span> <span class='ocrx_word' id='word_1_276' title='bbox 1502 2450 1563 2498; x_wconf 93' lang='lat' dir='ltr'><strong>ut</strong></span> <span class='ocrx_word' id='word_1_277' title='bbox 1585 2441 1778 2498; x_wconf 86' lang='lat' dir='ltr'><strong>reddat</strong></span> <span class='ocrx_word' id='word_1_278' title='bbox 1807 2440 2032 2497; x_wconf 77' lang='lat' dir='ltr'><strong>unicui-</strong></span> 
     </span>
    </p>
   </div>
   <div class='ocr_carea' id='block_1_41' title="bbox 428 2536 1090 2608">
    <p class='ocr_par' dir='ltr' id='par_1_41' title="bbox 428 2536 1090 2608">
     <span class='ocr_line' id='line_1_41' title="bbox 428 2536 1090 2608; baseline 0.002 -16"><span class='ocrx_word' id='word_1_279' title='bbox 428 2552 538 2608; x_wconf 91' lang='lat' dir='ltr'><strong>que</strong></span> <span class='ocrx_word' id='word_1_280' title='bbox 565 2536 724 2608; x_wconf 78' lang='lat' dir='ltr'><strong>juxta</strong></span> <span class='ocrx_word' id='word_1_281' title='bbox 757 2551 927 2608; x_wconf 84' lang='lat' dir='ltr'><strong>opera</strong></span> <span class='ocrx_word' id='word_1_282' title='bbox 967 2552 1090 2593; x_wconf 86' lang='lat' dir='ltr'><strong>sua.</strong></span> 
     </span>
    </p>
   </div>
   <div class='ocr_carea' id='block_1_42' title="bbox 1046 2649 1380 2706">
    <p class='ocr_par' dir='ltr' id='par_1_42' title="bbox 1046 2649 1380 2706">
     <span class='ocr_line' id='line_1_42' title="bbox 1046 2649 1380 2706; baseline 0 0"><span class='ocrx_word' id='word_1_283' title='bbox 1046 2649 1284 2706; x_wconf 81' lang='lat' dir='ltr'><strong>CAPUT</strong></span> <span class='ocrx_word' id='word_1_284' title='bbox 1315 2649 1380 2706; x_wconf 89' lang='lat' dir='ltr'><strong>L.</strong></span> 
     </span>
    </p>
   </div>
   <div class='ocr_carea' id='block_1_43' title="bbox 433 2764 2026 2840">
    <p class='ocr_par' dir='ltr' id='par_1_43' title="bbox 433 2764 2026 2840">
     <span class='ocr_line' id='line_1_43' title="bbox 433 2764 2026 2840; baseline 0 -20"><span class='ocrx_word' id='word_1_285' title='bbox 433 2765 588 2832; x_wconf 80' lang='lat' dir='ltr'><strong>Quod</strong></span> <span class='ocrx_word' id='word_1_286' title='bbox 615 2782 708 2836; x_wconf 87' lang='lat' dir='ltr'><strong>per</strong></span> <span class='ocrx_word' id='word_1_287' title='bbox 731 2767 973 2836; x_wconf 87' lang='lat' dir='ltr'><strong>quintam</strong></span> <span class='ocrx_word' id='word_1_288' title='bbox 993 2767 1210 2837; x_wconf 80' lang='lat' dir='ltr'><strong>plagam</strong></span> <span class='ocrx_word' id='word_1_289' title='bbox 1238 2781 1456 2840; x_wconf 78' lang='lat' dir='ltr'><strong>regnum</strong></span> <span class='ocrx_word' id='word_1_290' title='bbox 1482 2764 1665 2823; x_wconf 68' lang='lat' dir='ltr'><strong>bestia:</strong></span> <span class='ocrx_word' id='word_1_291' title='bbox 1695 2767 2026 2822; x_wconf 86' lang='lat' dir='ltr'><strong>obscuretur.</strong></span> 
     </span>
    </p>
   </div>
   <div class='ocr_carea' id='block_1_44' title="bbox 503 2936 2032 3009">
    <p class='ocr_par' dir='ltr' id='par_1_44' title="bbox 503 2936 2032 3009">
     <span class='ocr_line' id='line_1_44' title="bbox 503 2936 2032 3009; baseline -0.001 -16"><span class='ocrx_word' id='word_1_292' title='bbox 503 2936 644 3005; x_wconf 74' lang='lat' dir='ltr'><strong>XVI,</strong></span> <span class='ocrx_word' id='word_1_293' title='bbox 679 2936 768 3005; x_wconf 65' lang='lat'><strong>10,</strong></span> <span class='ocrx_word' id='word_1_294' title='bbox 792 2937 878 2993; x_wconf 72' lang='lat' dir='ltr'><strong>ll.</strong></span> <span class='ocrx_word' id='word_1_295' title='bbox 911 2938 980 2992; x_wconf 88' lang='lat' dir='ltr'><strong>Et</strong></span> <span class='ocrx_word' id='word_1_296' title='bbox 1009 2940 1222 3009; x_wconf 83' lang='lat' dir='ltr'><strong>quintus</strong></span> <span class='ocrx_word' id='word_1_297' title='bbox 1255 2939 1442 3009; x_wconf 73' lang='lat' dir='ltr'><strong>eﬁ&#39;udit</strong></span> <span class='ocrx_word' id='word_1_298' title='bbox 1481 2939 1717 3008; x_wconf 76' lang='lat' dir='ltr'><strong>phialam</strong></span> <span class='ocrx_word' id='word_1_299' title='bbox 1747 2956 1900 2993; x_wconf 80' lang='lat' dir='ltr'><strong>suam</strong></span> <span class='ocrx_word' id='word_1_300' title='bbox 1941 2955 2032 2993; x_wconf 89' lang='lat' dir='ltr'><strong>su-</strong></span> 
     </span>
    </p>
   </div>
   <div class='ocr_carea' id='block_1_45' title="bbox 431 3031 2030 3104">
    <p class='ocr_par' dir='ltr' id='par_1_45' title="bbox 431 3031 2030 3104">
     <span class='ocr_line' id='line_1_45' title="bbox 431 3031 2030 3104; baseline -0.001 -18"><span class='ocrx_word' id='word_1_301' title='bbox 431 3047 525 3102; x_wconf 78' lang='lat' dir='ltr'><strong>per</strong></span> <span class='ocrx_word' id='word_1_302' title='bbox 551 3033 801 3086; x_wconf 83' lang='lat' dir='ltr'><strong>thronum</strong></span> <span class='ocrx_word' id='word_1_303' title='bbox 833 3031 1011 3085; x_wconf 77' lang='lat' dir='ltr'><strong>bestia:</strong></span> <span class='ocrx_word' id='word_1_304' title='bbox 1033 3046 1052 3085; x_wconf 93' lang='lat'><em>:</em></span> <span class='ocrx_word' id='word_1_305' title='bbox 1078 3041 1126 3087; x_wconf 91' lang='lat' dir='ltr'><strong>et</strong></span> <span class='ocrx_word' id='word_1_306' title='bbox 1151 3031 1498 3087; x_wconf 85' lang='lat' dir='ltr'><strong>obscuratum</strong></span> <span class='ocrx_word' id='word_1_307' title='bbox 1521 3046 1597 3087; x_wconf 87' lang='lat' dir='ltr'><strong>est</strong></span> <span class='ocrx_word' id='word_1_308' title='bbox 1633 3049 1850 3104; x_wconf 84' lang='lat' dir='ltr'><strong>regnum</strong></span> <span class='ocrx_word' id='word_1_309' title='bbox 1874 3032 1989 3101; x_wconf 86' lang='lat' dir='ltr'><strong>ejus</strong></span> <span class='ocrx_word' id='word_1_310' title='bbox 2011 3048 2030 3086; x_wconf 93' lang='lat'><em>:</em></span> 
     </span>
    </p>
   </div>
   <div class='ocr_carea' id='block_1_46' title="bbox 433 3123 2031 3194">
    <p class='ocr_par' dir='ltr' id='par_1_46' title="bbox 433 3123 2031 3194">
     <span class='ocr_line' id='line_1_46' title="bbox 433 3123 2031 3194; baseline -0.002 -15"><span class='ocrx_word' id='word_1_311' title='bbox 433 3134 482 3179; x_wconf 83' lang='lat' dir='ltr'><strong>et</strong></span> <span class='ocrx_word' id='word_1_312' title='bbox 517 3124 1091 3178; x_wconf 79' lang='lat' dir='ltr'><strong>commanducaverunt</strong></span> <span class='ocrx_word' id='word_1_313' title='bbox 1129 3123 1338 3194; x_wconf 85' lang='lat' dir='ltr'><strong>linguas</strong></span> <span class='ocrx_word' id='word_1_314' title='bbox 1379 3141 1508 3179; x_wconf 87' lang='lat' dir='ltr'><strong>suas</strong></span> <span class='ocrx_word' id='word_1_315' title='bbox 1565 3139 1676 3192; x_wconf 79' lang='lat' dir='ltr'><strong>pra:</strong></span> <span class='ocrx_word' id='word_1_316' title='bbox 1716 3124 1938 3188; x_wconf 88' lang='lat' dir='ltr'><strong>dolore,</strong></span> <span class='ocrx_word' id='word_1_317' title='bbox 1981 3132 2031 3177; x_wconf 88' lang='lat' dir='ltr'><strong>et</strong></span> 
     </span>
    </p>
   </div>
   <div class='ocr_carea' id='block_1_47' title="bbox 2122 1976 3423 2053">
    <p class='ocr_par' dir='ltr' id='par_1_47' title="bbox 2122 1976 3423 2053">
     <span class='ocr_line' id='line_1_47' title="bbox 2122 1976 3423 2053; baseline -0.007 -13"><span class='ocrx_word' id='word_1_318' title='bbox 2122 1984 2186 2040; x_wconf 83' lang='grc' dir='ltr'><em>τὸ</em></span> <span class='ocrx_word' id='word_1_319' title='bbox 2214 1984 2348 2039; x_wconf 71' lang='grc' dir='ltr'><em>αὐτὸ</em></span> <span class='ocrx_word' id='word_1_320' title='bbox 2375 1982 2670 2053; x_wconf 82' lang='grc' dir='ltr'><em>κατάλυμα</em></span> <span class='ocrx_word' id='word_1_321' title='bbox 2698 1982 2798 2053; x_wconf 83' lang='grc' dir='ltr'><em>τῆς</em></span> <span class='ocrx_word' id='word_1_322' title='bbox 2832 1981 3045 2044; x_wconf 75' lang='grc' dir='ltr'><em>ἑννοίας</em></span> <span class='ocrx_word' id='word_1_323' title='bbox 3083 1976 3423 2043; x_wconf 78' lang='grc' dir='ltr'><em>αὐλίζεσθαι.</em></span> 
     </span>
    </p>
   </div>
   <div class='ocr_carea' id='block_1_48' title="bbox 2203 2155 3706 2226">
    <p class='ocr_par' dir='ltr' id='par_1_48' title="bbox 2203 2155 3706 2226">
     <span class='ocr_line' id='line_1_48' title="bbox 2203 2155 3706 2226; baseline -0.001 -16"><span class='ocrx_word' id='word_1_324' title='bbox 2203 2157 2315 2210; x_wconf 87' lang='grc' dir='ltr'><strong>Τοῦ</strong></span> <span class='ocrx_word' id='word_1_325' title='bbox 2343 2155 2594 2226; x_wconf 76' lang='grc' dir='ltr'><em>ἔχοντος</em></span> <span class='ocrx_word' id='word_1_326' title='bbox 2616 2155 2912 2222; x_wconf 73' lang='grc' dir='ltr'><em>ἐξουσίαν·</em></span> <span class='ocrx_word' id='word_1_327' title='bbox 2943 2157 3044 2211; x_wconf 75' lang='grc' dir='ltr'><strong>ἐπὶ</strong></span> <span class='ocrx_word' id='word_1_328' title='bbox 3072 2157 3173 2220; x_wconf 86' lang='grc' dir='ltr'><em>τὰς</em></span> <span class='ocrx_word' id='word_1_329' title='bbox 3203 2155 3445 2225; x_wconf 77' lang='grc' dir='ltr'><em>πληγὰς</em></span> <span class='ocrx_word' id='word_1_330' title='bbox 3464 2155 3706 2220; x_wconf 85' lang='grc' dir='ltr'><em>ταύτας.</em></span> 
     </span>
    </p>
   </div>
   <div class='ocr_carea' id='block_1_49' title="bbox 2137 2247 3712 2323">
    <p class='ocr_par' dir='ltr' id='par_1_49' title="bbox 2137 2247 3712 2323">
     <span class='ocr_line' id='line_1_49' title="bbox 2137 2247 3712 2323; baseline -0.001 -21"><span class='ocrx_word' id='word_1_331' title='bbox 2137 2247 2477 2314; x_wconf 77' lang='grc' dir='ltr'><em>Ἐξουσίαν</em></span> <span class='ocrx_word' id='word_1_332' title='bbox 2508 2249 2605 2323; x_wconf 82' lang='grc' dir='ltr'><em>τὴν</em></span> <span class='ocrx_word' id='word_1_333' title='bbox 2633 2250 2726 2304; x_wconf 81' lang='grc' dir='ltr'><em>τοῦ</em></span> <span class='ocrx_word' id='word_1_334' title='bbox 2755 2250 2962 2322; x_wconf 78' lang='grc' dir='ltr'><strong>Κυρίου</strong></span> <span class='ocrx_word' id='word_1_335' title='bbox 2989 2249 3149 2305; x_wconf 83' lang='grc' dir='ltr'><em>καλεῖ</em></span> <span class='ocrx_word' id='word_1_336' title='bbox 3177 2249 3501 2319; x_wconf 81' lang='grc' dir='ltr'><em>παρουσίαν,</em></span> <span class='ocrx_word' id='word_1_337' title='bbox 3533 2247 3590 2311; x_wconf 77' lang='grc' dir='ltr'><em>ὃς</em></span> <span class='ocrx_word' id='word_1_338' title='bbox 3616 2247 3712 2300; x_wconf 69' lang='grc' dir='ltr'><strong>ἐπὶ</strong></span> 
     </span>
    </p>
   </div>
   <div class='ocr_carea' id='block_1_50' title="bbox 2125 2337 3712 2415">
    <p class='ocr_par' dir='ltr' id='par_1_50' title="bbox 2125 2337 3712 2415">
     <span class='ocr_line' id='line_1_50' title="bbox 2125 2337 3712 2415; baseline -0.002 -21"><span class='ocrx_word' id='word_1_339' title='bbox 2125 2341 2289 2395; x_wconf 82' lang='grc' dir='ltr'><em>τοῦτο</em></span> <span class='ocrx_word' id='word_1_340' title='bbox 2314 2341 2414 2415; x_wconf 78' lang='grc' dir='ltr'><em>τὴν</em></span> <span class='ocrx_word' id='word_1_341' title='bbox 2433 2342 2700 2415; x_wconf 83' lang='grc' dir='ltr'><strong>δευτέραν</strong></span> <span class='ocrx_word' id='word_1_342' title='bbox 2751 2343 2922 2397; x_wconf 81' lang='grc' dir='ltr'><em>αὑτοῦ</em></span> <span class='ocrx_word' id='word_1_343' title='bbox 2958 2342 3266 2414; x_wconf 74' lang='grc' dir='ltr'><em>παρουσίαν</em></span> <span class='ocrx_word' id='word_1_344' title='bbox 3301 2337 3712 2410; x_wconf 77' lang='grc' dir='ltr'><em>ποιεῖται’πρὸς</em></span> 
     </span>
    </p>
   </div>
   <div class='ocr_carea' id='block_1_51' title="bbox 2128 2431 3388 2505">
    <p class='ocr_par' dir='ltr' id='par_1_51' title="bbox 2128 2431 3388 2505">
     <span class='ocr_line' id='line_1_51' title="bbox 2128 2431 3388 2505; baseline 0.002 -19"><span class='ocrx_word' id='word_1_345' title='bbox 2128 2431 2190 2487; x_wconf 77' lang='grc' dir='ltr'>τὸ</span> <span class='ocrx_word' id='word_1_346' title='bbox 2210 2432 2506 2490; x_wconf 78' lang='grc' dir='ltr'><strong>ἀποδοῦναι</strong></span> <span class='ocrx_word' id='word_1_347' title='bbox 2525 2433 2743 2504; x_wconf 74' lang='grc' dir='ltr'><strong>ἑκάστῳ</strong></span> <span class='ocrx_word' id='word_1_348' title='bbox 2773 2434 2914 2488; x_wconf 82' lang='grc' dir='ltr'><em>κατὰ</em></span> <span class='ocrx_word' id='word_1_349' title='bbox 2945 2435 3015 2488; x_wconf 83' lang='grc' dir='ltr'><strong>τὰ</strong></span> <span class='ocrx_word' id='word_1_350' title='bbox 3041 2433 3178 2505; x_wconf 77' lang='grc' dir='ltr'><em>ἔργα</em></span> <span class='ocrx_word' id='word_1_351' title='bbox 3201 2433 3388 2488; x_wconf 82' lang='grc' dir='ltr'><em>αὑτοῦ.</em></span> 
     </span>
    </p>
   </div>
   <div class='ocr_carea' id='block_1_52' title="bbox 2723 2639 3100 2695">
    <p class='ocr_par' dir='ltr' id='par_1_52' title="bbox 2723 2639 3100 2695">
     <span class='ocr_line' id='line_1_52' title="bbox 2723 2639 3100 2695; baseline 0.008 -3"><span class='ocrx_word' id='word_1_352' title='bbox 2723 2639 2979 2694; x_wconf 78' lang='grc' dir='ltr'><strong>ΚΕΦΔΛ.</strong></span> <span class='ocrx_word' id='word_1_353' title='bbox 3015 2639 3100 2695; x_wconf 87' lang='lat' dir='ltr'><strong>N&#39;.</strong></span> 
     </span>
    </p>
   </div>
   <div class='ocr_carea' id='block_1_53' title="bbox 2141 2751 3714 2824">
    <p class='ocr_par' dir='ltr' id='par_1_53' title="bbox 2141 2751 3714 2824">
     <span class='ocr_line' id='line_1_53' title="bbox 2141 2751 3714 2824; baseline 0.003 -19"><span class='ocrx_word' id='word_1_354' title='bbox 2141 2751 2345 2818; x_wconf 80' lang='grc' dir='ltr'><em>Ὅπως</em></span> <span class='ocrx_word' id='word_1_355' title='bbox 2373 2751 2472 2806; x_wconf 82' lang='grc' dir='ltr'><strong>διὰ</strong></span> <span class='ocrx_word' id='word_1_356' title='bbox 2496 2751 2608 2822; x_wconf 81' lang='grc' dir='ltr'><em>τῆς</em></span> <span class='ocrx_word' id='word_1_357' title='bbox 2643 2751 2920 2822; x_wconf 77' lang='grc' dir='ltr'><strong>πέμπτης</strong></span> <span class='ocrx_word' id='word_1_358' title='bbox 2949 2753 3193 2824; x_wconf 71' lang='grc' dir='ltr'><em>πληγῆς</em></span> <span class='ocrx_word' id='word_1_359' title='bbox 3225 2754 3263 2824; x_wconf 78' lang='grc' dir='ltr'><strong>η</strong></span> <span class='ocrx_word' id='word_1_360' title='bbox 3288 2754 3579 2820; x_wconf 78' lang='grc' dir='ltr'><em>,ϐασιλεία</em></span> <span class='ocrx_word' id='word_1_361' title='bbox 3609 2754 3714 2810; x_wconf 86' lang='grc' dir='ltr'><em>τοῦ</em></span> 
     </span>
    </p>
   </div>
   <div class='ocr_carea' id='block_1_54' title="bbox 2641 2824 3235 2892">
    <p class='ocr_par' dir='ltr' id='par_1_54' title="bbox 2641 2824 3235 2892">
     <span class='ocr_line' id='line_1_54' title="bbox 2641 2824 3235 2892; baseline 0.002 -12"><span class='ocrx_word' id='word_1_362' title='bbox 2641 2825 2852 2892; x_wconf 83' lang='grc' dir='ltr'><em>θηρίου</em></span> <span class='ocrx_word' id='word_1_363' title='bbox 2882 2824 3235 2884; x_wconf 78' lang='grc' dir='ltr'><em>σκοτίζεται.</em></span> 
     </span>
    </p>
   </div>
   <div class='ocr_carea' id='block_1_55' title="bbox 2206 2935 3718 3007">
    <p class='ocr_par' dir='ltr' id='par_1_55' title="bbox 2206 2935 3718 3007">
     <span class='ocr_line' id='line_1_55' title="bbox 2206 2935 3718 3007; baseline 0.001 -18"><span class='ocrx_word' id='word_1_364' title='bbox 2206 2935 2320 2989; x_wconf 85' lang='lat' dir='ltr'><strong>Kal</strong></span> <span class='ocrx_word' id='word_1_365' title='bbox 2367 2938 2401 2991; x_wconf 89' lang='grc' dir='ltr'><strong>ό</strong></span> <span class='ocrx_word' id='word_1_366' title='bbox 2444 2936 2716 3007; x_wconf 75' lang='grc' dir='ltr'><em>πέμπτος</em></span> <span class='ocrx_word' id='word_1_367' title='bbox 2754 2937 3010 3007; x_wconf 76' lang='grc' dir='ltr'><em>ἅγγελος</em></span> <span class='ocrx_word' id='word_1_368' title='bbox 3057 2937 3264 3006; x_wconf 80' lang='grc' dir='ltr'><em>ἐξέχεε</em></span> <span class='ocrx_word' id='word_1_369' title='bbox 3327 2936 3445 3007; x_wconf 79' lang='grc' dir='ltr'><em>τὴν</em></span> <span class='ocrx_word' id='word_1_370' title='bbox 3492 2938 3718 3007; x_wconf 68' lang='grc' dir='ltr'><em>φιάλην</em></span> 
     </span>
    </p>
   </div>
   <div class='ocr_carea' id='block_1_56' title="bbox 2135 3030 3720 3102">
    <p class='ocr_par' dir='ltr' id='par_1_56' title="bbox 2135 3030 3720 3102">
     <span class='ocr_line' id='line_1_56' title="bbox 2135 3030 3720 3102; baseline 0.002 -18"><span class='ocrx_word' id='word_1_371' title='bbox 2135 3031 2325 3085; x_wconf 83' lang='grc' dir='ltr'><em>αὐτοῦ</em></span> <span class='ocrx_word' id='word_1_372' title='bbox 2357 3030 2459 3085; x_wconf 73' lang='grc' dir='ltr'><strong>ἐπὶ</strong></span> <span class='ocrx_word' id='word_1_373' title='bbox 2509 3032 2618 3085; x_wconf 83' lang='grc' dir='ltr'><em>τὸν</em></span> <span class='ocrx_word' id='word_1_374' title='bbox 2649 3031 2867 3100; x_wconf 85' lang='grc' dir='ltr'><em>θρόνον</em></span> <span class='ocrx_word' id='word_1_375' title='bbox 2915 3030 3022 3086; x_wconf 86' lang='grc' dir='ltr'><em>τοῦ</em></span> <span class='ocrx_word' id='word_1_376' title='bbox 3062 3033 3296 3101; x_wconf 87' lang='grc' dir='ltr'><em>θηρίου,</em></span> <span class='ocrx_word' id='word_1_377' title='bbox 3333 3033 3431 3086; x_wconf 70' lang='grc' dir='ltr'><em>καὶ</em></span> <span class='ocrx_word' id='word_1_378' title='bbox 3481 3031 3720 3102; x_wconf 71' lang='grc' dir='ltr'><em>ἐγένετο</em></span> 
     </span>
    </p>
   </div>
   <div class='ocr_carea' id='block_1_57' title="bbox 2135 3122 3719 3195">
    <p class='ocr_par' dir='ltr' id='par_1_57' title="bbox 2135 3122 3719 3195">
     <span class='ocr_line' id='line_1_57' title="bbox 2135 3122 3719 3195; baseline 0.003 -20"><span class='ocrx_word' id='word_1_379' title='bbox 2135 3122 2480 3191; x_wconf 76' lang='grc' dir='ltr'><em>ἠβασιλεία</em></span> <span class='ocrx_word' id='word_1_380' title='bbox 2525 3123 2712 3180; x_wconf 85' lang='grc' dir='ltr'><em>αὑτοῦ</em></span> <span class='ocrx_word' id='word_1_381' title='bbox 2765 3123 3174 3194; x_wconf 80' lang='grc' dir='ltr'><em>ἐσκοτωμένη,</em></span> <span class='ocrx_word' id='word_1_382' title='bbox 3201 3125 3301 3180; x_wconf 76' lang='grc' dir='ltr'><strong>καὶ</strong></span> <span class='ocrx_word' id='word_1_383' title='bbox 3359 3126 3719 3195; x_wconf 83' lang='grc' dir='ltr'><em>ἐμασσῶντο</em></span> 
     </span>
    </p>
   </div>
   <div class='ocr_carea' id='block_1_58' title="bbox 435 3216 2054 3292">
    <p class='ocr_par' dir='ltr' id='par_1_58' title="bbox 435 3216 2032 3288">
     <span class='ocr_line' id='line_1_58' title="bbox 435 3216 2032 3288; baseline 0.001 -19"><span class='ocrx_word' id='word_1_384' title='bbox 435 3216 932 3286; x_wconf 77' lang='lat' dir='ltr'><strong>blasphemauerunt</strong></span> <span class='ocrx_word' id='word_1_385' title='bbox 970 3217 1141 3271; x_wconf 78' lang='lat' dir='ltr'><strong>Deum</strong></span> <span class='ocrx_word' id='word_1_386' title='bbox 1169 3219 1288 3272; x_wconf 65' lang='lat' dir='ltr'><strong>caeli</strong></span> <span class='ocrx_word' id='word_1_387' title='bbox 1316 3229 1531 3288; x_wconf 81' lang='lat' dir='ltr'><strong>propter</strong></span> <span class='ocrx_word' id='word_1_388' title='bbox 1555 3217 1763 3273; x_wconf 82' lang='lat' dir='ltr'><strong>dolores</strong></span> <span class='ocrx_word' id='word_1_389' title='bbox 1796 3219 1952 3281; x_wconf 85' lang='lat' dir='ltr'><strong>istos,</strong></span> <span class='ocrx_word' id='word_1_390' title='bbox 1981 3225 2032 3272; x_wconf 90' lang='lat' dir='ltr'><strong>et</strong></span> 
     </span>
    </p>
   </div>
   <div class='ocr_carea' id='block_1_59' title="bbox 2132 3216 3721 3292">
    <p class='ocr_par' dir='ltr' id='par_1_59' title="bbox 2137 3217 3721 3292">
     <span class='ocr_line' id='line_1_59' title="bbox 2137 3217 3721 3292; baseline 0.001 -20"><span class='ocrx_word' id='word_1_391' title='bbox 2137 3219 2244 3286; x_wconf 88' lang='grc' dir='ltr'><strong>τὰς</strong></span> <span class='ocrx_word' id='word_1_392' title='bbox 2271 3217 2561 3289; x_wconf 78' lang='grc' dir='ltr'><em>γλώσσας</em></span> <span class='ocrx_word' id='word_1_393' title='bbox 2581 3217 2783 3274; x_wconf 84' lang='grc' dir='ltr'><em>αὐτῶν</em></span> <span class='ocrx_word' id='word_1_394' title='bbox 2809 3219 2876 3273; x_wconf 80' lang='grc' dir='ltr'><strong><em>ἐκ</em></strong></span> <span class='ocrx_word' id='word_1_395' title='bbox 2903 3220 3010 3274; x_wconf 89' lang='grc' dir='ltr'><em>τοῦ</em></span> <span class='ocrx_word' id='word_1_396' title='bbox 3039 3220 3254 3287; x_wconf 83' lang='grc' dir='ltr'><em>πόνου,</em></span> <span class='ocrx_word' id='word_1_397' title='bbox 3293 3220 3389 3274; x_wconf 75' lang='grc' dir='ltr'><em>καὶ</em></span> <span class='ocrx_word' id='word_1_398' title='bbox 3414 3221 3721 3292; x_wconf 71' lang='grc' dir='ltr'><strong>ἐϐλασφή-</strong></span> 
     </span>
    </p>
   </div>
   <div class='ocr_carea' id='block_1_60' title="bbox 433 3311 2029 3382">
    <p class='ocr_par' dir='ltr' id='par_1_60' title="bbox 433 3311 2029 3382">
     <span class='ocr_line' id='line_1_60' title="bbox 433 3311 2029 3382; baseline 0.002 -19"><span class='ocrx_word' id='word_1_399' title='bbox 433 3319 650 3379; x_wconf 83' lang='lat' dir='ltr'><strong>propter</strong></span> <span class='ocrx_word' id='word_1_400' title='bbox 681 3311 862 3366; x_wconf 85' lang='lat' dir='ltr'><strong>ulcera</strong></span> <span class='ocrx_word' id='word_1_401' title='bbox 907 3328 1005 3366; x_wconf 86' lang='lat' dir='ltr'><strong>sua</strong></span> <span class='ocrx_word' id='word_1_402' title='bbox 1031 3351 1047 3378; x_wconf 93' lang='lat'><strong><em>,</em></strong></span> <span class='ocrx_word' id='word_1_403' title='bbox 1079 3321 1127 3366; x_wconf 92' lang='lat' dir='ltr'><strong>et</strong></span> <span class='ocrx_word' id='word_1_404' title='bbox 1171 3328 1276 3366; x_wconf 89' lang='lat' dir='ltr'><strong>non</strong></span> <span class='ocrx_word' id='word_1_405' title='bbox 1308 3313 1644 3382; x_wconf 86' lang='lat' dir='ltr'><strong>resipuerunt</strong></span> <span class='ocrx_word' id='word_1_406' title='bbox 1681 3312 1747 3366; x_wconf 91' lang='lat' dir='ltr'><strong>ab</strong></span> <span class='ocrx_word' id='word_1_407' title='bbox 1783 3311 2029 3379; x_wconf 81' lang='lat' dir='ltr'><strong>operibus</strong></span> 
     </span>
    </p>
   </div>
   <div class='ocr_carea' id='block_1_61' title="bbox 505 3581 2032 3639">
    <p class='ocr_par' dir='ltr' id='par_1_61' title="bbox 505 3581 2032 3639">
     <span class='ocr_line' id='line_1_61' title="bbox 505 3581 2032 3639; baseline -0.001 -1"><span class='ocrx_word' id='word_1_408' title='bbox 505 3581 752 3639; x_wconf 85' lang='lat' dir='ltr'><strong>Phialam</strong></span> <span class='ocrx_word' id='word_1_409' title='bbox 788 3591 948 3638; x_wconf 87' lang='lat' dir='ltr'><strong>vocat</strong></span> <span class='ocrx_word' id='word_1_410' title='bbox 977 3582 1138 3638; x_wconf 83' lang='lat' dir='ltr'><strong>iram.</strong></span> <span class='ocrx_word' id='word_1_411' title='bbox 1179 3582 1440 3638; x_wconf 85' lang='lat' dir='ltr'><strong>Solemus</strong></span> <span class='ocrx_word' id='word_1_412' title='bbox 1483 3581 1634 3638; x_wconf 89' lang='lat' dir='ltr'><strong>enim</strong></span> <span class='ocrx_word' id='word_1_413' title='bbox 1666 3581 1722 3637; x_wconf 90' lang='lat' dir='ltr'><strong>in</strong></span> <span class='ocrx_word' id='word_1_414' title='bbox 1761 3581 2032 3638; x_wconf 83' lang='lat' dir='ltr'><strong>conviviis</strong></span> 
     </span>
    </p>
   </div>
   <div class='ocr_carea' id='block_1_62' title="bbox 437 3672 2034 3744">
    <p class='ocr_par' dir='ltr' id='par_1_62' title="bbox 437 3672 2034 3744">
     <span class='ocr_line' id='line_1_62' title="bbox 437 3672 2034 3744; baseline 0 -16"><span class='ocrx_word' id='word_1_415' title='bbox 437 3673 755 3730; x_wconf 84' lang='lat' dir='ltr'><strong>humaniter</strong></span> <span class='ocrx_word' id='word_1_416' title='bbox 786 3674 1020 3730; x_wconf 82' lang='lat' dir='ltr'><strong>invicem</strong></span> <span class='ocrx_word' id='word_1_417' title='bbox 1052 3688 1157 3728; x_wconf 88' lang='lat' dir='ltr'><strong>nos</strong></span> <span class='ocrx_word' id='word_1_418' title='bbox 1183 3674 1438 3744; x_wconf 77' lang='lat' dir='ltr'><strong>excipere</strong></span> <span class='ocrx_word' id='word_1_419' title='bbox 1468 3673 1672 3744; x_wconf 85' lang='lat' dir='ltr'><strong>phialis</strong></span> <span class='ocrx_word' id='word_1_420' title='bbox 1700 3675 1816 3728; x_wconf 87' lang='lat' dir='ltr'><strong>sive</strong></span> <span class='ocrx_word' id='word_1_421' title='bbox 1845 3672 2034 3728; x_wconf 86' lang='lat' dir='ltr'><strong>calici-</strong></span> 
     </span>
    </p>
   </div>
   <div class='ocr_carea' id='block_1_63' title="bbox 437 3765 2034 3837">
    <p class='ocr_par' dir='ltr' id='par_1_63' title="bbox 437 3765 2034 3837">
     <span class='ocr_line' id='line_1_63' title="bbox 437 3765 2034 3837; baseline -0.002 -15"><span class='ocrx_word' id='word_1_422' title='bbox 437 3767 565 3831; x_wconf 78' lang='lat' dir='ltr'><strong>bus,</strong></span> <span class='ocrx_word' id='word_1_423' title='bbox 597 3781 697 3837; x_wconf 90' lang='lat' dir='ltr'><strong>per</strong></span> <span class='ocrx_word' id='word_1_424' title='bbox 727 3766 913 3820; x_wconf 85' lang='lat' dir='ltr'><strong>vinum</strong></span> <span class='ocrx_word' id='word_1_425' title='bbox 947 3767 1093 3835; x_wconf 88' lang='lat' dir='ltr'><strong>quod</strong></span> <span class='ocrx_word' id='word_1_426' title='bbox 1129 3766 1186 3820; x_wconf 91' lang='lat' dir='ltr'><strong>in</strong></span> <span class='ocrx_word' id='word_1_427' title='bbox 1221 3766 1359 3836; x_wconf 90' lang='lat' dir='ltr'><strong>ipsis</strong></span> <span class='ocrx_word' id='word_1_428' title='bbox 1387 3766 1690 3836; x_wconf 88' lang='lat' dir='ltr'><strong>repositum</strong></span> <span class='ocrx_word' id='word_1_429' title='bbox 1719 3776 1805 3822; x_wconf 84' lang='lat' dir='ltr'><strong>est</strong></span> <span class='ocrx_word' id='word_1_430' title='bbox 1832 3765 2034 3821; x_wconf 84' lang='lat' dir='ltr'><strong>conﬁr-</strong></span> 
     </span>
    </p>
   </div>
   <div class='ocr_carea' id='block_1_64' title="bbox 439 3857 2036 3926">
    <p class='ocr_par' dir='ltr' id='par_1_64' title="bbox 439 3857 2036 3926">
     <span class='ocr_line' id='line_1_64' title="bbox 439 3857 2036 3926; baseline 0.001 -14"><span class='ocrx_word' id='word_1_431' title='bbox 439 3865 658 3912; x_wconf 80' lang='lat' dir='ltr'><strong>mantes</strong></span> <span class='ocrx_word' id='word_1_432' title='bbox 715 3857 1084 3912; x_wconf 85' lang='lat' dir='ltr'><strong>convivium:</strong></span> <span class='ocrx_word' id='word_1_433' title='bbox 1153 3857 1310 3926; x_wconf 86' lang='lat' dir='ltr'><strong>cujus</strong></span> <span class='ocrx_word' id='word_1_434' title='bbox 1375 3859 1714 3912; x_wconf 87' lang='lat' dir='ltr'><strong>contrarium</strong></span> <span class='ocrx_word' id='word_1_435' title='bbox 1777 3858 2036 3914; x_wconf 85' lang='lat' dir='ltr'><strong>conciliat</strong></span> 
     </span>
    </p>
   </div>
   <div class='ocr_carea' id='block_1_65' title="bbox 439 3944 2033 4019">
    <p class='ocr_par' dir='ltr' id='par_1_65' title="bbox 439 3944 2033 4019">
     <span class='ocr_line' id='line_1_65' title="bbox 439 3944 2033 4019; baseline 0.004 -21"><span class='ocrx_word' id='word_1_436' title='bbox 439 3947 625 4017; x_wconf 84' lang='lat' dir='ltr'><strong>phiala</strong></span> <span class='ocrx_word' id='word_1_437' title='bbox 658 3945 729 4000; x_wconf 86' lang='lat' dir='ltr'><strong>ab</strong></span> <span class='ocrx_word' id='word_1_438' title='bbox 777 3947 883 4001; x_wconf 89' lang='lat' dir='ltr'><strong>hoc</strong></span> <span class='ocrx_word' id='word_1_439' title='bbox 911 3945 1080 4000; x_wconf 77' lang='lat' dir='ltr'><strong>ell‘usa</strong></span> <span class='ocrx_word' id='word_1_440' title='bbox 1115 3944 1254 4016; x_wconf 88' lang='lat' dir='ltr'><strong>(Dei</strong></span> <span class='ocrx_word' id='word_1_441' title='bbox 1298 3962 1539 4018; x_wconf 89' lang='lat' dir='ltr'><strong>namque</strong></span> <span class='ocrx_word' id='word_1_442' title='bbox 1574 3948 1759 4004; x_wconf 81' lang='lat' dir='ltr'><strong>lurore</strong></span> <span class='ocrx_word' id='word_1_443' title='bbox 1809 3949 2033 4019; x_wconf 88' lang='lat' dir='ltr'><strong>plenum</strong></span> 
     </span>
    </p>
   </div>
   <div class='ocr_carea' id='block_1_66' title="bbox 439 4037 2031 4112">
    <p class='ocr_par' dir='ltr' id='par_1_66' title="bbox 439 4037 2031 4112">
     <span class='ocr_line' id='line_1_66' title="bbox 439 4037 2031 4112; baseline 0.001 -19"><span class='ocrx_word' id='word_1_444' title='bbox 439 4047 527 4093; x_wconf 90' lang='lat' dir='ltr'><strong>est</strong></span> <span class='ocrx_word' id='word_1_445' title='bbox 562 4038 822 4108; x_wconf 90' lang='lat' dir='ltr'><strong>poculum</strong></span> <span class='ocrx_word' id='word_1_446' title='bbox 857 4037 1116 4108; x_wconf 74' lang='lat' dir='ltr'><strong>effusum)</strong></span> <span class='ocrx_word' id='word_1_447' title='bbox 1149 4039 1204 4093; x_wconf 91' lang='lat' dir='ltr'><strong>in</strong></span> <span class='ocrx_word' id='word_1_448' title='bbox 1239 4054 1465 4109; x_wconf 77' lang='lat' dir='ltr'><strong>regnum</strong></span> <span class='ocrx_word' id='word_1_449' title='bbox 1495 4041 1724 4096; x_wconf 66' lang='lat' dir='ltr'><strong>bestiae:</strong></span> <span class='ocrx_word' id='word_1_450' title='bbox 1759 4041 2031 4112; x_wconf 85' lang='lat' dir='ltr'><strong>siquidem</strong></span> 
     </span>
    </p>
   </div>
   <div class='ocr_carea' id='block_1_67' title="bbox 441 4131 2032 4202">
    <p class='ocr_par' dir='ltr' id='par_1_67' title="bbox 441 4131 2032 4202">
     <span class='ocr_line' id='line_1_67' title="bbox 441 4131 2032 4202; baseline 0.001 -16"><span class='ocrx_word' id='word_1_451' title='bbox 441 4133 701 4186; x_wconf 88' lang='lat' dir='ltr'><strong>thronum</strong></span> <span class='ocrx_word' id='word_1_452' title='bbox 732 4131 867 4186; x_wconf 92' lang='lat' dir='ltr'><strong>dicit</strong></span> <span class='ocrx_word' id='word_1_453' title='bbox 897 4147 1125 4202; x_wconf 87' lang='lat' dir='ltr'><strong>regnum</strong></span> <span class='ocrx_word' id='word_1_454' title='bbox 1153 4170 1169 4195; x_wconf 89' lang='lat'><strong>,</strong></span> <span class='ocrx_word' id='word_1_455' title='bbox 1197 4131 1428 4187; x_wconf 86' lang='lat' dir='ltr'><strong>bestiam</strong></span> <span class='ocrx_word' id='word_1_456' title='bbox 1457 4148 1590 4188; x_wconf 89' lang='lat' dir='ltr'><strong>vero</strong></span> <span class='ocrx_word' id='word_1_457' title='bbox 1608 4132 2032 4188; x_wconf 78' lang='lat' dir='ltr'><strong>Antichristutn.</strong></span> 
     </span>
    </p>
   </div>
   <div class='ocr_carea' id='block_1_68' title="bbox 442 4224 2036 4297">
    <p class='ocr_par' dir='ltr' id='par_1_68' title="bbox 442 4224 2036 4297">
     <span class='ocr_line' id='line_1_68' title="bbox 442 4224 2036 4297; baseline 0.004 -19"><span class='ocrx_word' id='word_1_458' title='bbox 442 4225 614 4280; x_wconf 78' lang='lat' dir='ltr'><strong>Porro</strong></span> <span class='ocrx_word' id='word_1_459' title='bbox 639 4224 1056 4280; x_wconf 87' lang='lat' dir='ltr'><strong>obtenebratum</strong></span> <span class='ocrx_word' id='word_1_460' title='bbox 1083 4225 1160 4279; x_wconf 87' lang='lat' dir='ltr'><strong>ait</strong></span> <span class='ocrx_word' id='word_1_461' title='bbox 1183 4224 1356 4296; x_wconf 88' lang='lat' dir='ltr'><strong>ipsius</strong></span> <span class='ocrx_word' id='word_1_462' title='bbox 1381 4241 1632 4297; x_wconf 83' lang='lat' dir='ltr'><strong>regnum.</strong></span> <span class='ocrx_word' id='word_1_463' title='bbox 1663 4227 1808 4296; x_wconf 88' lang='lat' dir='ltr'><strong>quod</strong></span> <span class='ocrx_word' id='word_1_464' title='bbox 1839 4228 2036 4296; x_wconf 79' lang='lat' dir='ltr'><strong>phialae</strong></span> 
     </span>
    </p>
   </div>
   <div class='ocr_carea' id='block_1_69' title="bbox 442 4316 2036 4388">
    <p class='ocr_par' dir='ltr' id='par_1_69' title="bbox 442 4316 2036 4388">
     <span class='ocr_line' id='line_1_69' title="bbox 442 4316 2036 4388; baseline 0.003 -17"><span class='ocrx_word' id='word_1_465' title='bbox 442 4317 574 4372; x_wconf 81' lang='lat' dir='ltr'><strong>frcit</strong></span> <span class='ocrx_word' id='word_1_466' title='bbox 599 4316 816 4385; x_wconf 79' lang='lat' dir='ltr'><strong>eﬂ&#39;usio,</strong></span> <span class='ocrx_word' id='word_1_467' title='bbox 848 4325 1070 4388; x_wconf 84' lang='lat' dir='ltr'><strong>propter</strong></span> <span class='ocrx_word' id='word_1_468' title='bbox 1100 4317 1309 4372; x_wconf 91' lang='lat' dir='ltr'><strong>doloris</strong></span> <span class='ocrx_word' id='word_1_469' title='bbox 1340 4317 1762 4373; x_wconf 87' lang='lat' dir='ltr'><strong>vehementiam.</strong></span> <span class='ocrx_word' id='word_1_470' title='bbox 1801 4319 2036 4375; x_wconf 86' lang='lat' dir='ltr'><strong>Possent</strong></span> 
     </span>
    </p>
   </div>
   <div class='ocr_carea' id='block_1_70' title="bbox 439 4409 2034 4481">
    <p class='ocr_par' dir='ltr' id='par_1_70' title="bbox 439 4409 2034 4481">
     <span class='ocr_line' id='line_1_70' title="bbox 439 4409 2034 4481; baseline 0.001 -18"><span class='ocrx_word' id='word_1_471' title='bbox 439 4424 659 4480; x_wconf 89' lang='lat' dir='ltr'><strong>quoque</strong></span> <span class='ocrx_word' id='word_1_472' title='bbox 708 4424 939 4479; x_wconf 87' lang='lat' dir='ltr'><strong>regnum</strong></span> <span class='ocrx_word' id='word_1_473' title='bbox 988 4409 1217 4478; x_wconf 79' lang='lat' dir='ltr'><strong>intelligi</strong></span> <span class='ocrx_word' id='word_1_474' title='bbox 1266 4409 1360 4479; x_wconf 89' lang='lat' dir='ltr'><strong>qui</strong></span> <span class='ocrx_word' id='word_1_475' title='bbox 1417 4409 1756 4466; x_wconf 88' lang='lat' dir='ltr'><strong>Antichristo</strong></span> <span class='ocrx_word' id='word_1_476' title='bbox 1801 4410 2034 4481; x_wconf 87' lang='lat' dir='ltr'><strong>subjecti</strong></span> 
     </span>
    </p>
   </div>
   <div class='ocr_carea' id='block_1_71' title="bbox 965 4616 1522 4689">
    <p class='ocr_par' dir='ltr' id='par_1_71' title="bbox 965 4616 1522 4689">
     <span class='ocr_line' id='line_1_71' title="bbox 965 4616 1522 4689; baseline 0.002 -16"><span class='ocrx_word' id='word_1_477' title='bbox 965 4616 1133 4689; x_wconf 65' lang='lat'><strong>734</strong></span> <span class='ocrx_word' id='word_1_478' title='bbox 1173 4617 1401 4674; x_wconf 85' lang='lat' dir='ltr'><strong>CAPUT</strong></span> <span class='ocrx_word' id='word_1_479' title='bbox 1435 4619 1522 4674; x_wconf 86' lang='lat' dir='ltr'><strong>Li.</strong></span> 
     </span>
    </p>
   </div>
   <div class='ocr_carea' id='block_1_72' title="bbox 446 4723 2036 4801">
    <p class='ocr_par' dir='ltr' id='par_1_72' title="bbox 446 4723 2036 4801">
     <span class='ocr_line' id='line_1_72' title="bbox 446 4723 2036 4801; baseline 0.003 -22"><span class='ocrx_word' id='word_1_480' title='bbox 446 4723 599 4790; x_wconf 85' lang='lat' dir='ltr'><strong>Quod</strong></span> <span class='ocrx_word' id='word_1_481' title='bbox 625 4743 717 4797; x_wconf 82' lang='lat' dir='ltr'><strong>per</strong></span> <span class='ocrx_word' id='word_1_482' title='bbox 744 4738 950 4783; x_wconf 74' lang='lat' dir='ltr'><strong>sextam</strong></span> <span class='ocrx_word' id='word_1_483' title='bbox 972 4731 1183 4800; x_wconf 85' lang='lat' dir='ltr'><strong>plagam</strong></span> <span class='ocrx_word' id='word_1_484' title='bbox 1218 4731 1298 4784; x_wconf 85' lang='lat' dir='ltr'><strong>via</strong></span> <span class='ocrx_word' id='word_1_485' title='bbox 1332 4747 1426 4800; x_wconf 86' lang='lat' dir='ltr'><strong>per</strong></span> <span class='ocrx_word' id='word_1_486' title='bbox 1453 4731 1760 4801; x_wconf 81' lang='lat' dir='ltr'><strong>Euphraten</strong></span> <span class='ocrx_word' id='word_1_487' title='bbox 1795 4735 2036 4801; x_wconf 85' lang='lat' dir='ltr'><strong>aperitur</strong></span> 
     </span>
    </p>
   </div>
   <div class='ocr_carea' id='block_1_73' title="bbox 931 4801 1543 4870">
    <p class='ocr_par' dir='ltr' id='par_1_73' title="bbox 931 4801 1543 4870">
     <span class='ocr_line' id='line_1_73' title="bbox 931 4801 1543 4870; baseline 0.003 -18"><span class='ocrx_word' id='word_1_488' title='bbox 931 4801 1140 4870; x_wconf 79' lang='lat' dir='ltr'><strong>regibt...</strong></span> <span class='ocrx_word' id='word_1_489' title='bbox 1173 4801 1543 4857; x_wconf 85' lang='lat' dir='ltr'><strong>orientalibus.</strong></span> 
     </span>
    </p>
   </div>
   <div class='ocr_carea' id='block_1_74' title="bbox 519 4942 2031 5026">
    <p class='ocr_par' dir='ltr' id='par_1_74' title="bbox 519 4942 2031 5026">
     <span class='ocr_line' id='line_1_74' title="bbox 519 4942 2031 5026; baseline 0.008 -27"><span class='ocrx_word' id='word_1_490' title='bbox 519 4942 658 5012; x_wconf 74' lang='lat' dir='ltr'><strong>XVI,</strong></span> <span class='ocrx_word' id='word_1_491' title='bbox 703 4949 893 5006; x_wconf 70' lang='grc'><strong>12-14.</strong></span> <span class='ocrx_word' id='word_1_492' title='bbox 948 4951 1028 5010; x_wconf 75' lang='lat' dir='ltr'><strong>Et.</strong></span> <span class='ocrx_word' id='word_1_493' title='bbox 1061 4962 1243 5008; x_wconf 74' lang='lat' dir='ltr'><strong>sextus</strong></span> <span class='ocrx_word' id='word_1_494' title='bbox 1295 4956 1518 5026; x_wconf 85' lang='lat' dir='ltr'><strong>angelus</strong></span> <span class='ocrx_word' id='word_1_495' title='bbox 1569 4957 1754 5025; x_wconf 78' lang='lat' dir='ltr'><strong>e/fudit</strong></span> <span class='ocrx_word' id='word_1_496' title='bbox 1791 4957 2031 5025; x_wconf 78' lang='lat' dir='ltr'><strong>phialam</strong></span> 
     </span>
    </p>
   </div>
   <div class='ocr_carea' id='block_1_75' title="bbox 445 5043 2034 5116">
    <p class='ocr_par' dir='ltr' id='par_1_75' title="bbox 445 5043 2034 5116">
     <span class='ocr_line' id='line_1_75' title="bbox 445 5043 2034 5116; baseline 0.007 -25"><span class='ocrx_word' id='word_1_497' title='bbox 445 5055 596 5092; x_wconf 87' lang='lat' dir='ltr'><strong>suam</strong></span> <span class='ocrx_word' id='word_1_498' title='bbox 639 5043 695 5095; x_wconf 83' lang='lat' dir='ltr'><strong>in</strong></span> <span class='ocrx_word' id='word_1_499' title='bbox 723 5043 921 5112; x_wconf 82' lang='lat' dir='ltr'><strong>ﬂumen</strong></span> <span class='ocrx_word' id='word_1_500' title='bbox 970 5061 1215 5116; x_wconf 85' lang='lat' dir='ltr'><strong>magnum</strong></span> <span class='ocrx_word' id='word_1_501' title='bbox 1256 5047 1587 5116; x_wconf 72' lang='lat' dir='ltr'><strong>Euphraten,</strong></span> <span class='ocrx_word' id='word_1_502' title='bbox 1619 5059 1667 5103; x_wconf 90' lang='lat' dir='ltr'><strong>et</strong></span> <span class='ocrx_word' id='word_1_503' title='bbox 1705 5049 1908 5102; x_wconf 88' lang='lat' dir='ltr'><strong>siccata</strong></span> <span class='ocrx_word' id='word_1_504' title='bbox 1953 5060 2034 5104; x_wconf 87' lang='lat' dir='ltr'><strong>est</strong></span> 
     </span>
    </p>
   </div>
   <div class='ocr_carea' id='block_1_76' title="bbox 446 5136 2034 5211">
    <p class='ocr_par' dir='ltr' id='par_1_76' title="bbox 446 5136 2034 5211">
     <span class='ocr_line' id='line_1_76' title="bbox 446 5136 2034 5211; baseline 0.006 -26"><span class='ocrx_word' id='word_1_505' title='bbox 446 5150 586 5204; x_wconf 84' lang='lat' dir='ltr'><strong>aqua</strong></span> <span class='ocrx_word' id='word_1_506' title='bbox 617 5136 731 5204; x_wconf 83' lang='lat' dir='ltr'><strong>ejus</strong></span> <span class='ocrx_word' id='word_1_507' title='bbox 752 5177 767 5202; x_wconf 91' lang='lat'><em>,</em></span> <span class='ocrx_word' id='word_1_508' title='bbox 801 5147 856 5190; x_wconf 85' lang='lat' dir='ltr'><strong>ut</strong></span> <span class='ocrx_word' id='word_1_509' title='bbox 885 5149 1284 5208; x_wconf 70' lang='lat' dir='ltr'><strong>pra-pararetur</strong></span> <span class='ocrx_word' id='word_1_510' title='bbox 1312 5143 1398 5195; x_wconf 84' lang='lat' dir='ltr'><strong>via</strong></span> <span class='ocrx_word' id='word_1_511' title='bbox 1435 5142 1642 5211; x_wconf 87' lang='lat' dir='ltr'><strong>regibus</strong></span> <span class='ocrx_word' id='word_1_512' title='bbox 1693 5143 1784 5211; x_wconf 88' lang='lat' dir='ltr'><strong>qui</strong></span> <span class='ocrx_word' id='word_1_513' title='bbox 1813 5152 1936 5196; x_wconf 87' lang='lat' dir='ltr'><strong>sunt</strong></span> <span class='ocrx_word' id='word_1_514' title='bbox 1967 5143 2034 5195; x_wconf 90' lang='lat' dir='ltr'><strong>ab</strong></span> 
     </span>
    </p>
   </div>
   <div class='ocr_carea' id='block_1_77' title="bbox 445 5230 2036 5290">
    <p class='ocr_par' dir='ltr' id='par_1_77' title="bbox 445 5230 2036 5290">
     <span class='ocr_line' id='line_1_77' title="bbox 445 5230 2036 5290; baseline 0.006 -10"><span class='ocrx_word' id='word_1_515' title='bbox 445 5239 567 5282; x_wconf 89' lang='lat' dir='ltr'><strong>ortu</strong></span> <span class='ocrx_word' id='word_1_516' title='bbox 592 5230 742 5284; x_wconf 86' lang='lat' dir='ltr'><strong>solis.</strong></span> <span class='ocrx_word' id='word_1_517' title='bbox 771 5231 839 5284; x_wconf 88' lang='lat' dir='ltr'><strong>Et</strong></span> <span class='ocrx_word' id='word_1_518' title='bbox 871 5234 978 5287; x_wconf 82' lang='lat' dir='ltr'><strong>vidi</strong></span> <span class='ocrx_word' id='word_1_519' title='bbox 1012 5249 1079 5287; x_wconf 78' lang='lat' dir='ltr'><strong>ea:</strong></span> <span class='ocrx_word' id='word_1_520' title='bbox 1110 5252 1200 5290; x_wconf 85' lang='lat' dir='ltr'><strong>ore</strong></span> <span class='ocrx_word' id='word_1_521' title='bbox 1223 5235 1476 5290; x_wconf 85' lang='lat' dir='ltr'><strong>draconis</strong></span> <span class='ocrx_word' id='word_1_522' title='bbox 1505 5243 1555 5290; x_wconf 92' lang='lat' dir='ltr'><strong>et</strong></span> <span class='ocrx_word' id='word_1_523' title='bbox 1583 5251 1648 5290; x_wconf 79' lang='lat' dir='ltr'><strong>ea:</strong></span> <span class='ocrx_word' id='word_1_524' title='bbox 1669 5251 1758 5288; x_wconf 90' lang='lat' dir='ltr'><strong>ore</strong></span> <span class='ocrx_word' id='word_1_525' title='bbox 1777 5235 1958 5290; x_wconf 74' lang='lat' dir='ltr'><strong>bestite</strong></span> <span class='ocrx_word' id='word_1_526' title='bbox 1983 5243 2036 5289; x_wconf 90' lang='lat' dir='ltr'><strong>et</strong></span> 
     </span>
    </p>
   </div>
   <div class='ocr_carea' id='block_1_78' title="bbox 446 5327 2042 5398">
    <p class='ocr_par' dir='ltr' id='par_1_78' title="bbox 446 5327 2042 5398">
     <span class='ocr_line' id='line_1_78' title="bbox 446 5327 2042 5398; baseline 0.006 -24"><span class='ocrx_word' id='word_1_527' title='bbox 446 5336 512 5374; x_wconf 76' lang='lat' dir='ltr'><strong>ex</strong></span> <span class='ocrx_word' id='word_1_528' title='bbox 533 5339 622 5376; x_wconf 90' lang='lat' dir='ltr'><strong>ore</strong></span> <span class='ocrx_word' id='word_1_529' title='bbox 650 5327 1120 5395; x_wconf 77' lang='lat' dir='ltr'><strong>pseudoprophetw</strong></span> <span class='ocrx_word' id='word_1_530' title='bbox 1140 5329 1360 5398; x_wconf 87' lang='lat' dir='ltr'><strong>spiritus</strong></span> <span class='ocrx_word' id='word_1_531' title='bbox 1385 5329 1687 5382; x_wconf 82' lang='lat' dir='ltr'><strong>immundos</strong></span> <span class='ocrx_word' id='word_1_532' title='bbox 1721 5340 1823 5383; x_wconf 88' lang='lat' dir='ltr'><strong>tres</strong></span> <span class='ocrx_word' id='word_1_533' title='bbox 1854 5331 1908 5383; x_wconf 90' lang='lat' dir='ltr'><strong>in</strong></span> <span class='ocrx_word' id='word_1_534' title='bbox 1938 5345 2042 5384; x_wconf 88' lang='lat' dir='ltr'><strong>mo-</strong></span> 
     </span>
    </p>
   </div>
   <div class='ocr_carea' id='block_1_79' title="bbox 447 5409 2041 5490">
    <p class='ocr_par' dir='ltr' id='par_1_79' title="bbox 447 5409 2041 5490">
     <span class='ocr_line' id='line_1_79' title="bbox 447 5409 2041 5490; baseline 0.008 -28"><span class='ocrx_word' id='word_1_535' title='bbox 447 5411 572 5465; x_wconf 75' lang='lat' dir='ltr'><strong>dum</strong></span> <span class='ocrx_word' id='word_1_536' title='bbox 610 5431 885 5470; x_wconf 87' lang='lat' dir='ltr'><strong>ranarum.</strong></span> <span class='ocrx_word' id='word_1_537' title='bbox 920 5415 1053 5472; x_wconf 88' lang='lat' dir='ltr'><strong>Sunt</strong></span> <span class='ocrx_word' id='word_1_538' title='bbox 1097 5409 1236 5473; x_wconf 81' lang='lat' dir='ltr'><strong>enim</strong></span> <span class='ocrx_word' id='word_1_539' title='bbox 1272 5421 1494 5490; x_wconf 85' lang='lat' dir='ltr'><strong>spiritus</strong></span> <span class='ocrx_word' id='word_1_540' title='bbox 1535 5421 1921 5477; x_wconf 75' lang='lat' dir='ltr'><strong>dwmom’orum</strong></span> <span class='ocrx_word' id='word_1_541' title='bbox 1949 5421 2041 5488; x_wconf 83' lang='lat' dir='ltr'><strong>fa-</strong></span> 
     </span>
    </p>
   </div>
   <div class='ocr_carea' id='block_1_80' title="bbox 445 5503 835 5576">
    <p class='ocr_par' dir='ltr' id='par_1_80' title="bbox 445 5503 835 5576">
     <span class='ocr_line' id='line_1_80' title="bbox 445 5503 835 5576; baseline 0.018 -21"><span class='ocrx_word' id='word_1_542' title='bbox 445 5503 637 5560; x_wconf 84' lang='lat' dir='ltr'><strong>cientes</strong></span> <span class='ocrx_word' id='word_1_543' title='bbox 663 5507 835 5576; x_wconf 86' lang='lat' dir='ltr'><strong>signa.</strong></span> 
     </span>
    </p>
   </div>
   <div class='ocr_carea' id='block_1_81' title="bbox 530 5827 1389 5914">
    <p class='ocr_par' dir='ltr' id='par_1_81' title="bbox 530 5827 1389 5914">
     <span class='ocr_line' id='line_1_81' title="bbox 530 5827 1389 5914; baseline 0.026 -36"><span class='ocrx_word' id='word_1_544' title='bbox 530 5827 641 5900; x_wconf 76' lang='grc'><strong>(52)</strong></span> <span class='ocrx_word' id='word_1_545' title='bbox 661 5833 734 5884; x_wconf 82' lang='grc' dir='ltr'><strong>Τὸ</strong></span> <span class='ocrx_word' id='word_1_546' title='bbox 757 5835 820 5888; x_wconf 69' lang='lat' dir='ltr'><strong>tu</strong></span> <span class='ocrx_word' id='word_1_547' title='bbox 850 5837 990 5892; x_wconf 83' lang='grc' dir='ltr'><strong>Θεοῦ</strong></span> <span class='ocrx_word' id='word_1_548' title='bbox 1017 5842 1275 5914; x_wconf 81' lang='grc' dir='ltr'><em>ποτήριον</em></span> <span class='ocrx_word' id='word_1_549' title='bbox 1303 5846 1389 5901; x_wconf 90' lang='lat' dir='ltr'><strong>cd.</strong></span> 
     </span>
    </p>
   </div>
   <div class='ocr_carea' id='block_1_82' title="bbox 2064 4579 2115 4638">
    <p class='ocr_par' dir='ltr' id='par_1_82' title="bbox 2064 4579 2115 4638">
     <span class='ocr_line' id='line_1_82' title="bbox 2064 4579 2115 4638; baseline 0 0"><span class='ocrx_word' id='word_1_550' title='bbox 2064 4579 2115 4638; x_wconf 81' lang='grc' dir='ltr'><strong>Ι)</strong></span> 
     </span>
    </p>
   </div>
   <div class='ocr_carea' id='block_1_83' title="bbox 2129 3310 3720 3382">
    <p class='ocr_par' dir='ltr' id='par_1_83' title="bbox 2129 3310 3720 3382">
     <span class='ocr_line' id='line_1_83' title="bbox 2129 3310 3720 3382; baseline 0.001 -15"><span class='ocrx_word' id='word_1_551' title='bbox 2129 3328 2340 3382; x_wconf 85' lang='grc' dir='ltr'><em>μησαν</em></span> <span class='ocrx_word' id='word_1_552' title='bbox 2352 3311 2460 3366; x_wconf 86' lang='grc' dir='ltr'><em>τὸν</em></span> <span class='ocrx_word' id='word_1_553' title='bbox 2478 3310 2628 3366; x_wconf 86' lang='grc' dir='ltr'><em>Θεὸν</em></span> <span class='ocrx_word' id='word_1_554' title='bbox 2650 3311 2757 3365; x_wconf 85' lang='grc' dir='ltr'><em>τοῦ</em></span> <span class='ocrx_word' id='word_1_555' title='bbox 2779 3311 3040 3379; x_wconf 74' lang='grc' dir='ltr'><em>οὐρανοῦ</em></span> <span class='ocrx_word' id='word_1_556' title='bbox 3057 3313 3124 3367; x_wconf 83' lang='grc' dir='ltr'><strong><em>ἐκ</em></strong></span> <span class='ocrx_word' id='word_1_557' title='bbox 3141 3313 3259 3366; x_wconf 86' lang='grc' dir='ltr'><em>τῶν</em></span> <span class='ocrx_word' id='word_1_558' title='bbox 3274 3315 3476 3367; x_wconf 81' lang='grc' dir='ltr'><em>πόνων</em></span> <span class='ocrx_word' id='word_1_559' title='bbox 3497 3314 3720 3379; x_wconf 85' lang='grc' dir='ltr'><em>αὐτῶν,</em></span> 
     </span>
    </p>
   </div>
   <div class='ocr_carea' id='block_1_84' title="bbox 2134 3404 3723 3477">
    <p class='ocr_par' dir='ltr' id='par_1_84' title="bbox 2134 3404 3723 3477">
     <span class='ocr_line' id='line_1_84' title="bbox 2134 3404 3723 3477; baseline 0.002 -18"><span class='ocrx_word' id='word_1_560' title='bbox 2134 3405 2233 3459; x_wconf 74' lang='grc' dir='ltr'><em>καὶ</em></span> <span class='ocrx_word' id='word_1_561' title='bbox 2265 3405 2334 3459; x_wconf 80' lang='grc' dir='ltr'><strong>ἐκ</strong></span> <span class='ocrx_word' id='word_1_562' title='bbox 2367 3404 2485 3459; x_wconf 84' lang='grc' dir='ltr'><em>τῶν</em></span> <span class='ocrx_word' id='word_1_563' title='bbox 2508 3404 2708 3459; x_wconf 79' lang='grc' dir='ltr'><em>ἑλκῶν</em></span> <span class='ocrx_word' id='word_1_564' title='bbox 2739 3404 2958 3471; x_wconf 86' lang='grc' dir='ltr'><em>αὐτῶν,</em></span> <span class='ocrx_word' id='word_1_565' title='bbox 2994 3405 3094 3459; x_wconf 80' lang='grc' dir='ltr'><em>καὶ</em></span> <span class='ocrx_word' id='word_1_566' title='bbox 3118 3407 3190 3461; x_wconf 90' lang='grc' dir='ltr'><strong>οὐ</strong></span> <span class='ocrx_word' id='word_1_567' title='bbox 3240 3409 3622 3477; x_wconf 78' lang='grc' dir='ltr'><em>μετενόησαν</em></span> <span class='ocrx_word' id='word_1_568' title='bbox 3649 3408 3723 3462; x_wconf 82' lang='grc' dir='ltr'><strong><em>ἐκ</em></strong></span> 
     </span>
    </p>
   </div>
   <div class='ocr_carea' id='block_1_85' title="bbox 2134 3496 2722 3568">
    <p class='ocr_par' dir='ltr' id='par_1_85' title="bbox 2134 3496 2722 3568">
     <span class='ocr_line' id='line_1_85' title="bbox 2134 3496 2722 3568; baseline -0.002 -16"><span class='ocrx_word' id='word_1_569' title='bbox 2134 3496 2256 3552; x_wconf 87' lang='grc' dir='ltr'><em>τῶν</em></span> <span class='ocrx_word' id='word_1_570' title='bbox 2283 3499 2476 3568; x_wconf 71' lang='grc' dir='ltr'><em>ἔργων</em></span> <span class='ocrx_word' id='word_1_571' title='bbox 2501 3497 2722 3553; x_wconf 78' lang='grc' dir='ltr'><em>αὐτῶν.</em></span> 
     </span>
    </p>
   </div>
   <div class='ocr_carea' id='block_1_86' title="bbox 2208 3590 3723 3665">
    <p class='ocr_par' dir='ltr' id='par_1_86' title="bbox 2208 3590 3723 3665">
     <span class='ocr_line' id='line_1_86' title="bbox 2208 3590 3723 3665; baseline 0.001 -19"><span class='ocrx_word' id='word_1_572' title='bbox 2208 3593 2415 3665; x_wconf 76' lang='grc' dir='ltr'><em>Φιάλην</em></span> <span class='ocrx_word' id='word_1_573' title='bbox 2461 3593 2562 3663; x_wconf 79' lang='grc' dir='ltr'><em>τὴν</em></span> <span class='ocrx_word' id='word_1_574' title='bbox 2588 3591 2760 3664; x_wconf 77' lang='grc' dir='ltr'><strong>ὀργὴν</strong></span> <span class='ocrx_word' id='word_1_575' title='bbox 2819 3590 2996 3647; x_wconf 81' lang='grc' dir='ltr'><em>καλεῖ.</em></span> <span class='ocrx_word' id='word_1_576' title='bbox 3034 3591 3322 3662; x_wconf 82' lang='grc' dir='ltr'><em>Εἱὼθαμεν</em></span> <span class='ocrx_word' id='word_1_577' title='bbox 3351 3593 3461 3664; x_wconf 77' lang='grc' dir='ltr'><strong>γὰρ</strong></span> <span class='ocrx_word' id='word_1_578' title='bbox 3524 3593 3583 3646; x_wconf 81' lang='grc' dir='ltr'><em>ὲν</em></span> <span class='ocrx_word' id='word_1_579' title='bbox 3609 3596 3723 3659; x_wconf 82' lang='grc' dir='ltr'><em>τοῖς</em></span> 
     </span>
    </p>
   </div>
   <div class='ocr_carea' id='block_1_87' title="bbox 2137 3684 3720 3760">
    <p class='ocr_par' dir='ltr' id='par_1_87' title="bbox 2137 3684 3720 3760">
     <span class='ocr_line' id='line_1_87' title="bbox 2137 3684 3720 3760; baseline 0.001 -20"><span class='ocrx_word' id='word_1_580' title='bbox 2137 3687 2468 3758; x_wconf 68' lang='grc' dir='ltr'><em>συμποσίοις</em></span> <span class='ocrx_word' id='word_1_581' title='bbox 2495 3684 2716 3755; x_wconf 81' lang='grc' dir='ltr'><strong>φιάλαις</strong></span> <span class='ocrx_word' id='word_1_582' title='bbox 2768 3685 3078 3750; x_wconf 80' lang='grc' dir='ltr'><em>δεξιοῦσθαι</em></span> <span class='ocrx_word' id='word_1_583' title='bbox 3118 3685 3386 3757; x_wconf 81' lang='grc' dir='ltr'><strong>ἀλλήλους</strong></span> <span class='ocrx_word' id='word_1_584' title='bbox 3433 3688 3514 3760; x_wconf 81' lang='grc' dir='ltr'><em>τῷ</em></span> <span class='ocrx_word' id='word_1_585' title='bbox 3542 3689 3600 3741; x_wconf 76' lang='grc' dir='ltr'><em>ἐν</em></span> <span class='ocrx_word' id='word_1_586' title='bbox 3618 3689 3720 3741; x_wconf 82' lang='grc' dir='ltr'><strong>αὐ-</strong></span> 
     </span>
    </p>
   </div>
   <div class='ocr_carea' id='block_1_88' title="bbox 2135 3777 3720 3852">
    <p class='ocr_par' dir='ltr' id='par_1_88' title="bbox 2135 3777 3720 3852">
     <span class='ocr_line' id='line_1_88' title="bbox 2135 3777 3720 3852; baseline 0.001 -19"><span class='ocrx_word' id='word_1_587' title='bbox 2135 3783 2259 3842; x_wconf 81' lang='grc' dir='ltr'><em>ταῖς</em></span> <span class='ocrx_word' id='word_1_588' title='bbox 2286 3779 2777 3852; x_wconf 83' lang='grc' dir='ltr'><em>τεθησαυρισμένῳ</em></span> <span class='ocrx_word' id='word_1_589' title='bbox 2797 3778 2927 3852; x_wconf 74' lang='grc' dir='ltr'><strong>οἴνῳ</strong></span> <span class='ocrx_word' id='word_1_590' title='bbox 2952 3777 3052 3849; x_wconf 75' lang='grc' dir='ltr'><em>τὴν</em></span> <span class='ocrx_word' id='word_1_591' title='bbox 3075 3778 3310 3849; x_wconf 79' lang='grc' dir='ltr'><em>εὐωχίαν</em></span> <span class='ocrx_word' id='word_1_592' title='bbox 3339 3778 3720 3848; x_wconf 73' lang='grc' dir='ltr'><em>κρατύνοντες,</em></span> 
     </span>
    </p>
   </div>
   <div class='ocr_carea' id='block_1_89' title="bbox 2135 3866 3726 3944">
    <p class='ocr_par' dir='ltr' id='par_1_89' title="bbox 2135 3866 3726 3944">
     <span class='ocr_line' id='line_1_89' title="bbox 2135 3866 3726 3944; baseline 0.001 -19"><span class='ocrx_word' id='word_1_593' title='bbox 2135 3866 2198 3925; x_wconf 72' lang='grc' dir='ltr'><strong>οὗ</strong></span> <span class='ocrx_word' id='word_1_594' title='bbox 2227 3873 2561 3936; x_wconf 75' lang='grc' dir='ltr'><em>άπεναντίας</em></span> <span class='ocrx_word' id='word_1_595' title='bbox 2586 3873 2619 3943; x_wconf 75' lang='grc' dir='ltr'>ἡ</span> <span class='ocrx_word' id='word_1_596' title='bbox 2646 3873 2800 3941; x_wconf 81' lang='grc' dir='ltr'><strong>παρὰ</strong></span> <span class='ocrx_word' id='word_1_597' title='bbox 2836 3871 2929 3924; x_wconf 79' lang='grc' dir='ltr'><em>σοῦ</em></span> <span class='ocrx_word' id='word_1_598' title='bbox 2957 3871 3122 3944; x_wconf 85' lang='grc' dir='ltr'><strong>φιάλη</strong></span> <span class='ocrx_word' id='word_1_599' title='bbox 3154 3870 3440 3943; x_wconf 74' lang='grc' dir='ltr'><em>ἑκχεθεῖσα</em></span> <span class='ocrx_word' id='word_1_600' title='bbox 3472 3872 3726 3944; x_wconf 75' lang='grc' dir='ltr'><em>προξενεῖ</em></span> 
     </span>
    </p>
   </div>
   <div class='ocr_carea' id='block_1_90' title="bbox 2139 3960 3725 4036">
    <p class='ocr_par' dir='ltr' id='par_1_90' title="bbox 2139 3960 3725 4036">
     <span class='ocr_line' id='line_1_90' title="bbox 2139 3960 3725 4036; baseline 0.001 -22"><span class='ocrx_word' id='word_1_601' title='bbox 2139 3960 2338 4034; x_wconf 79' lang='grc' dir='ltr'><strong>[θυμοῦ</strong></span> <span class='ocrx_word' id='word_1_602' title='bbox 2355 3961 2466 4033; x_wconf 82' lang='grc' dir='ltr'><strong>γὰρ</strong></span> <span class='ocrx_word' id='word_1_603' title='bbox 2480 3962 2686 4033; x_wconf 78' lang='grc' dir='ltr'><em>πλῆρες</em></span> <span class='ocrx_word' id='word_1_604' title='bbox 2704 3961 2842 4015; x_wconf 78' lang='grc' dir='ltr'><em>Θεοῦ</em></span> <span class='ocrx_word' id='word_1_605' title='bbox 2857 3962 2918 4015; x_wconf 82' lang='grc' dir='ltr'><em>τὸ</em></span> <span class='ocrx_word' id='word_1_606' title='bbox 2933 3962 3164 4033; x_wconf 70' lang='grc' dir='ltr'><strong>ἐκχυθὲν</strong></span> <span class='ocrx_word' id='word_1_607' title='bbox 3193 3963 3448 4033; x_wconf 83' lang='grc' dir='ltr'><em>ποτήριον</em></span> <span class='ocrx_word' id='word_1_608' title='bbox 3479 3963 3618 4036; x_wconf 76' lang='grc'>(52)]</span> <span class='ocrx_word' id='word_1_609' title='bbox 3633 3963 3725 4017; x_wconf 73' lang='grc' dir='ltr'><strong>ἐπὶ</strong></span> 
     </span>
    </p>
   </div>
   <div class='ocr_carea' id='block_1_91' title="bbox 2137 4053 3726 4127">
    <p class='ocr_par' dir='ltr' id='par_1_91' title="bbox 2137 4053 3726 4127">
     <span class='ocr_line' id='line_1_91' title="bbox 2137 4053 3726 4127; baseline -0.001 -17"><span class='ocrx_word' id='word_1_610' title='bbox 2137 4057 2237 4124; x_wconf 71' lang='grc' dir='ltr'><strong>τὴν</strong></span> <span class='ocrx_word' id='word_1_611' title='bbox 2271 4053 2555 4126; x_wconf 80' lang='grc' dir='ltr'><em>βασιλείαν</em></span> <span class='ocrx_word' id='word_1_612' title='bbox 2594 4053 2692 4107; x_wconf 80' lang='grc' dir='ltr'><strong>τοῦ</strong></span> <span class='ocrx_word' id='word_1_613' title='bbox 2735 4054 2951 4125; x_wconf 83' lang='grc' dir='ltr'><em>θηρίου.</em></span> <span class='ocrx_word' id='word_1_614' title='bbox 3009 4054 3213 4126; x_wconf 79' lang='grc' dir='ltr'><em>Θρόνον</em></span> <span class='ocrx_word' id='word_1_615' title='bbox 3264 4055 3371 4126; x_wconf 74' lang='grc' dir='ltr'><strong>γάρ</strong></span> <span class='ocrx_word' id='word_1_616' title='bbox 3424 4055 3524 4127; x_wconf 83' lang='grc' dir='ltr'><em>τὴν</em></span> <span class='ocrx_word' id='word_1_617' title='bbox 3571 4055 3726 4127; x_wconf 85' lang='grc' dir='ltr'><em>βασι-</em></span> 
     </span>
    </p>
   </div>
   <div class='ocr_carea' id='block_1_92' title="bbox 2137 4147 3724 4220">
    <p class='ocr_par' dir='ltr' id='par_1_92' title="bbox 2137 4147 3724 4220">
     <span class='ocr_line' id='line_1_92' title="bbox 2137 4147 3724 4220; baseline 0.001 -20"><span class='ocrx_word' id='word_1_618' title='bbox 2137 4149 2288 4202; x_wconf 78' lang='grc' dir='ltr'><em>λείαν</em></span> <span class='ocrx_word' id='word_1_619' title='bbox 2321 4147 2473 4218; x_wconf 83' lang='grc' dir='ltr'><em>φησί·</em></span> <span class='ocrx_word' id='word_1_620' title='bbox 2501 4147 2690 4218; x_wconf 82' lang='grc' dir='ltr'><em>θηρίον</em></span> <span class='ocrx_word' id='word_1_621' title='bbox 2717 4147 2772 4201; x_wconf 79' lang='grc' dir='ltr'><strong>δὲ</strong></span> <span class='ocrx_word' id='word_1_622' title='bbox 2789 4147 2880 4200; x_wconf 77' lang='grc' dir='ltr'><em>τὸν</em></span> <span class='ocrx_word' id='word_1_623' title='bbox 2917 4147 3306 4220; x_wconf 78' lang='grc' dir='ltr'><em>Ἀντίχριστονο</em></span> <span class='ocrx_word' id='word_1_624' title='bbox 3334 4148 3724 4220; x_wconf 80' lang='grc' dir='ltr'><em>ὲσκοτισμένην</em></span> 
     </span>
    </p>
   </div>
   <div class='ocr_carea' id='block_1_93' title="bbox 2136 4235 3726 4310">
    <p class='ocr_par' dir='ltr' id='par_1_93' title="bbox 2136 4235 3726 4310">
     <span class='ocr_line' id='line_1_93' title="bbox 2136 4235 3726 4310; baseline 0.002 -21"><span class='ocrx_word' id='word_1_625' title='bbox 2136 4235 2194 4290; x_wconf 80' lang='grc' dir='ltr'><strong>δὲ</strong></span> <span class='ocrx_word' id='word_1_626' title='bbox 2240 4235 2339 4307; x_wconf 87' lang='grc' dir='ltr'><strong>τὴν</strong></span> <span class='ocrx_word' id='word_1_627' title='bbox 2377 4236 2654 4305; x_wconf 78' lang='grc' dir='ltr'><em>βασιλείαν</em></span> <span class='ocrx_word' id='word_1_628' title='bbox 2681 4237 2848 4290; x_wconf 81' lang='grc' dir='ltr'><em>αὑτοῦ</em></span> <span class='ocrx_word' id='word_1_629' title='bbox 2881 4255 3069 4308; x_wconf 82' lang='grc' dir='ltr'><em>φησιν,</em></span> <span class='ocrx_word' id='word_1_630' title='bbox 3097 4239 3218 4310; x_wconf 56' lang='lat' dir='ltr'><strong>illi]</strong></span> <span class='ocrx_word' id='word_1_631' title='bbox 3255 4238 3357 4308; x_wconf 85' lang='grc' dir='ltr'><em>τῆς</em></span> <span class='ocrx_word' id='word_1_632' title='bbox 3407 4239 3604 4310; x_wconf 82' lang='grc' dir='ltr'><strong>φιάλης</strong></span> <span class='ocrx_word' id='word_1_633' title='bbox 3633 4239 3726 4292; x_wconf 77' lang='grc' dir='ltr'><strong>ἕκ-</strong></span> 
     </span>
    </p>
   </div>
   <div class='ocr_carea' id='block_1_94' title="bbox 2139 4325 3724 4398">
    <p class='ocr_par' dir='ltr' id='par_1_94' title="bbox 2139 4325 3724 4398">
     <span class='ocr_line' id='line_1_94' title="bbox 2139 4325 3724 4398; baseline 0.004 -22"><span class='ocrx_word' id='word_1_634' title='bbox 2139 4341 2296 4394; x_wconf 79' lang='grc' dir='ltr'><em>χυσις</em></span> <span class='ocrx_word' id='word_1_635' title='bbox 2344 4325 2594 4395; x_wconf 80' lang='grc' dir='ltr'><em>ἐποίησε,</em></span> <span class='ocrx_word' id='word_1_636' title='bbox 2631 4329 2696 4396; x_wconf 85' lang='grc' dir='ltr'><em>τῇ</em></span> <span class='ocrx_word' id='word_1_637' title='bbox 2735 4327 3014 4398; x_wconf 73' lang='grc' dir='ltr'><strong>ὑπερΰολῇ</strong></span> <span class='ocrx_word' id='word_1_638' title='bbox 3064 4327 3165 4396; x_wconf 83' lang='grc' dir='ltr'><em>τῆς</em></span> <span class='ocrx_word' id='word_1_639' title='bbox 3193 4328 3408 4398; x_wconf 81' lang='grc' dir='ltr'><em>ὀδύνης.</em></span> <span class='ocrx_word' id='word_1_640' title='bbox 3448 4328 3644 4382; x_wconf 84' lang='grc' dir='ltr'><em>Δύναιο</em></span> <span class='ocrx_word' id='word_1_641' title='bbox 3679 4328 3724 4383; x_wconf 81' lang='grc' dir='ltr'><strong>δ’</strong></span> 
     </span>
    </p>
   </div>
   <div class='ocr_carea' id='block_1_95' title="bbox 2137 4413 3724 4490">
    <p class='ocr_par' dir='ltr' id='par_1_95' title="bbox 2137 4413 3724 4490">
     <span class='ocr_line' id='line_1_95' title="bbox 2137 4413 3724 4490; baseline 0.004 -22"><span class='ocrx_word' id='word_1_642' title='bbox 2137 4413 2204 4468; x_wconf 86' lang='grc' dir='ltr'><em>ἂν</em></span> <span class='ocrx_word' id='word_1_643' title='bbox 2258 4416 2352 4468; x_wconf 81' lang='grc' dir='ltr'><strong>καὶ</strong></span> <span class='ocrx_word' id='word_1_644' title='bbox 2407 4415 2688 4485; x_wconf 82' lang='grc' dir='ltr'><em>βασιλείαν</em></span> <span class='ocrx_word' id='word_1_645' title='bbox 2717 4419 2922 4486; x_wconf 78' lang='grc' dir='ltr'><em>νοῆσαι,</em></span> <span class='ocrx_word' id='word_1_646' title='bbox 2961 4418 3086 4482; x_wconf 77' lang='grc' dir='ltr'><em>τοὺς</em></span> <span class='ocrx_word' id='word_1_647' title='bbox 3105 4418 3243 4489; x_wconf 76' lang='grc' dir='ltr'><strong>ὑπὲρ</strong></span> <span class='ocrx_word' id='word_1_648' title='bbox 3297 4417 3396 4490; x_wconf 77' lang='grc' dir='ltr'><em>τὴν</em></span> <span class='ocrx_word' id='word_1_649' title='bbox 3445 4419 3724 4490; x_wconf 78' lang='grc' dir='ltr'><em>βασιλείαν</em></span> 
     </span>
    </p>
   </div>
   <div class='ocr_carea' id='block_1_96' title="bbox 2139 4507 3078 4581">
    <p class='ocr_par' dir='ltr' id='par_1_96' title="bbox 2139 4507 3078 4581">
     <span class='ocr_line' id='line_1_96' title="bbox 2139 4507 3078 4581; baseline 0.004 -20"><span class='ocrx_word' id='word_1_650' title='bbox 2139 4507 2234 4561; x_wconf 82' lang='grc' dir='ltr'><em>τοῦ</em></span> <span class='ocrx_word' id='word_1_651' title='bbox 2281 4509 2656 4580; x_wconf 75' lang='grc' dir='ltr'><em>’Δντιχρὶστου</em></span> <span class='ocrx_word' id='word_1_652' title='bbox 2683 4512 3078 4581; x_wconf 80' lang='grc' dir='ltr'><em>τεταγμένους.</em></span> 
     </span>
    </p>
   </div>
   <div class='ocr_carea' id='block_1_97' title="bbox 2703 4623 3157 4680">
    <p class='ocr_par' dir='ltr' id='par_1_97' title="bbox 2703 4623 3157 4680">
     <span class='ocr_line' id='line_1_97' title="bbox 2703 4623 3157 4680; baseline 0.004 -2"><span class='ocrx_word' id='word_1_653' title='bbox 2703 4625 2958 4680; x_wconf 79' lang='grc' dir='ltr'><strong>ΚΕΦΑΛ.</strong></span> <span class='ocrx_word' id='word_1_654' title='bbox 3026 4623 3157 4680; x_wconf 82' lang='lat' dir='ltr'><strong>NA&#39;.</strong></span> 
     </span>
    </p>
   </div>
   <div class='ocr_carea' id='block_1_98' title="bbox 2143 4729 3727 4811">
    <p class='ocr_par' dir='ltr' id='par_1_98' title="bbox 2143 4729 3727 4811">
     <span class='ocr_line' id='line_1_98' title="bbox 2143 4729 3727 4811; baseline 0.006 -24"><span class='ocrx_word' id='word_1_655' title='bbox 2143 4735 2346 4811; x_wconf 70' lang='grc' dir='ltr'><em>Ὅπως</em></span> <span class='ocrx_word' id='word_1_656' title='bbox 2503 4735 2616 4811; x_wconf 72' lang='grc' dir='ltr'><em>τῆς</em></span> <span class='ocrx_word' id='word_1_657' title='bbox 2637 4737 2820 4811; x_wconf 77' lang='grc' dir='ltr'><em>ἕκτης</em></span> <span class='ocrx_word' id='word_1_658' title='bbox 2867 4740 2906 4806; x_wconf 75' lang='grc' dir='ltr'><strong>η</strong></span> <span class='ocrx_word' id='word_1_659' title='bbox 2947 4739 3089 4805; x_wconf 81' lang='grc' dir='ltr'><strong>όόὸς</strong></span> <span class='ocrx_word' id='word_1_660' title='bbox 3117 4739 3236 4811; x_wconf 3' lang='grc' dir='ltr'><em>,διὰ</em></span> <span class='ocrx_word' id='word_1_661' title='bbox 3283 4742 3389 4796; x_wconf 82' lang='grc' dir='ltr'><em>τοῦ</em></span> <span class='ocrx_word' id='word_1_662' title='bbox 3410 4742 3727 4811; x_wconf 63' lang='grc' dir='ltr'><em>Εὐφράτου</em></span> 
     </span>
    </p>
   </div>
   <div class='ocr_carea' id='block_1_99' title="bbox 2211 4807 3729 4889">
    <p class='ocr_par' dir='ltr' id='par_1_99' title="bbox 2211 4807 3729 4889">
     <span class='ocr_line' id='line_1_99' title="bbox 2211 4807 3729 4889; baseline 0.005 -30"><span class='ocrx_word' id='word_1_663' title='bbox 2211 4807 2337 4872; x_wconf 81' lang='grc' dir='ltr'><em>τοῖς</em></span> <span class='ocrx_word' id='word_1_664' title='bbox 2363 4807 2484 4860; x_wconf 82' lang='grc' dir='ltr'><strong>ἀπὸ</strong></span> <span class='ocrx_word' id='word_1_665' title='bbox 2513 4807 2830 4862; x_wconf 79' lang='grc' dir='ltr'><em>ἀνατολῶν</em></span> <span class='ocrx_word' id='word_1_666' title='bbox 2877 4811 3057 4879; x_wconf 71' lang='grc' dir='ltr'><em>ἡλίου</em></span> <span class='ocrx_word' id='word_1_667' title='bbox 3080 4810 3458 4889; x_wconf 74' lang='grc' dir='ltr'><em>,βασιλεῦσιν</em></span> <span class='ocrx_word' id='word_1_668' title='bbox 3499 4807 3729 4882; x_wconf 65' lang='grc' dir='ltr'><em>’ἀνοίγε-</em></span> 
     </span>
    </p>
   </div>
   <div class='ocr_carea' id='block_1_100' title="bbox 2209 4893 2324 4930">
    <p class='ocr_par' dir='ltr' id='par_1_100' title="bbox 2209 4893 2324 4930">
     <span class='ocr_line' id='line_1_100' title="bbox 2209 4893 2324 4930; baseline 0.017 -2"><span class='ocrx_word' id='word_1_669' title='bbox 2209 4893 2324 4930; x_wconf 84' lang='grc' dir='ltr'><em>ται.</em></span> 
     </span>
    </p>
   </div>
   <div class='ocr_carea' id='block_1_101' title="bbox 2211 4965 3731 5045">
    <p class='ocr_par' dir='ltr' id='par_1_101' title="bbox 2211 4965 3731 5045">
     <span class='ocr_line' id='line_1_101' title="bbox 2211 4965 3731 5045; baseline 0.007 -25"><span class='ocrx_word' id='word_1_670' title='bbox 2211 4965 2320 5020; x_wconf 82' lang='grc' dir='ltr'><strong>Καὶ</strong></span> <span class='ocrx_word' id='word_1_671' title='bbox 2352 4969 2385 5020; x_wconf 90' lang='grc' dir='ltr'><strong>ό</strong></span> <span class='ocrx_word' id='word_1_672' title='bbox 2413 4966 2588 5034; x_wconf 81' lang='grc' dir='ltr'><em>ἕκτος</em></span> <span class='ocrx_word' id='word_1_673' title='bbox 2608 4967 2866 5038; x_wconf 73' lang='grc' dir='ltr'><em>ἅγγελος</em></span> <span class='ocrx_word' id='word_1_674' title='bbox 2889 4970 3134 5040; x_wconf 80' lang='grc' dir='ltr'><em>ἐξέχεεν</em></span> <span class='ocrx_word' id='word_1_675' title='bbox 3157 4972 3346 5028; x_wconf 83' lang='grc' dir='ltr'><em>αὑτοῦ</em></span> <span class='ocrx_word' id='word_1_676' title='bbox 3364 4974 3479 5043; x_wconf 77' lang='grc' dir='ltr'><em>τὴν</em></span> <span class='ocrx_word' id='word_1_677' title='bbox 3501 4975 3731 5045; x_wconf 75' lang='grc' dir='ltr'><em>φιάλην</em></span> 
     </span>
    </p>
   </div>
   <div class='ocr_carea' id='block_1_102' title="bbox 2141 5055 3729 5132">
    <p class='ocr_par' dir='ltr' id='par_1_102' title="bbox 2141 5055 3729 5132">
     <span class='ocr_line' id='line_1_102' title="bbox 2141 5055 3729 5132; baseline 0.007 -25"><span class='ocrx_word' id='word_1_678' title='bbox 2141 5055 2241 5108; x_wconf 74' lang='grc' dir='ltr'><strong>ἐπὶ</strong></span> <span class='ocrx_word' id='word_1_679' title='bbox 2272 5055 2378 5108; x_wconf 85' lang='grc' dir='ltr'><em>τὸν</em></span> <span class='ocrx_word' id='word_1_680' title='bbox 2401 5057 2672 5126; x_wconf 81' lang='grc' dir='ltr'><em>ποταμὸν</em></span> <span class='ocrx_word' id='word_1_681' title='bbox 2703 5059 2810 5112; x_wconf 81' lang='grc' dir='ltr'><em>τὸν</em></span> <span class='ocrx_word' id='word_1_682' title='bbox 2829 5061 3024 5130; x_wconf 76' lang='grc' dir='ltr'><em>μέγαν</em></span> <span class='ocrx_word' id='word_1_683' title='bbox 3072 5061 3414 5132; x_wconf 59' lang='grc' dir='ltr'><em>Εὐφράτην,</em></span> <span class='ocrx_word' id='word_1_684' title='bbox 3441 5066 3539 5118; x_wconf 79' lang='grc' dir='ltr'><em>καὶ</em></span> <span class='ocrx_word' id='word_1_685' title='bbox 3589 5065 3729 5132; x_wconf 80' lang='grc' dir='ltr'><strong>ἐξη-</strong></span> 
     </span>
    </p>
   </div>
   <div class='ocr_carea' id='block_1_103' title="bbox 2139 5150 3731 5228">
    <p class='ocr_par' dir='ltr' id='par_1_103' title="bbox 2139 5150 3731 5228">
     <span class='ocr_line' id='line_1_103' title="bbox 2139 5150 3731 5228; baseline 0.006 -25"><span class='ocrx_word' id='word_1_686' title='bbox 2139 5150 2332 5218; x_wconf 73' lang='grc' dir='ltr'><em>ράνθη</em></span> <span class='ocrx_word' id='word_1_687' title='bbox 2355 5150 2420 5204; x_wconf 82' lang='grc' dir='ltr'><em>τὸ</em></span> <span class='ocrx_word' id='word_1_688' title='bbox 2469 5151 2627 5222; x_wconf 81' lang='grc' dir='ltr'><em>ὕδωρ</em></span> <span class='ocrx_word' id='word_1_689' title='bbox 2654 5153 2865 5218; x_wconf 85' lang='grc' dir='ltr'><em>αὑτοῦ,</em></span> <span class='ocrx_word' id='word_1_690' title='bbox 2896 5155 2996 5210; x_wconf 79' lang='grc' dir='ltr'><em>ἵνα</em></span> <span class='ocrx_word' id='word_1_691' title='bbox 3019 5157 3359 5228; x_wconf 80' lang='grc' dir='ltr'><em>ήτοιμασθῆ</em></span> <span class='ocrx_word' id='word_1_692' title='bbox 3382 5160 3418 5227; x_wconf 79' lang='grc' dir='ltr'><strong><em>ή</em></strong></span> <span class='ocrx_word' id='word_1_693' title='bbox 3445 5159 3586 5226; x_wconf 56' lang='lat' dir='ltr'><strong>sese</strong></span> <span class='ocrx_word' id='word_1_694' title='bbox 3611 5159 3731 5213; x_wconf 79' lang='grc' dir='ltr'><em>τῶν</em></span> 
     </span>
    </p>
   </div>
   <div class='ocr_carea' id='block_1_104' title="bbox 2139 5244 3731 5318">
    <p class='ocr_par' dir='ltr' id='par_1_104' title="bbox 2139 5244 3731 5318">
     <span class='ocr_line' id='line_1_104' title="bbox 2139 5244 3731 5318; baseline 0.003 -20"><span class='ocrx_word' id='word_1_695' title='bbox 2139 5244 2456 5310; x_wconf 79' lang='grc' dir='ltr'><em>,βασιλέων</em></span> <span class='ocrx_word' id='word_1_696' title='bbox 2506 5244 2624 5300; x_wconf 86' lang='grc' dir='ltr'><em>τῶν</em></span> <span class='ocrx_word' id='word_1_697' title='bbox 2677 5246 2797 5302; x_wconf 77' lang='grc' dir='ltr'><strong>ἀπὸ</strong></span> <span class='ocrx_word' id='word_1_698' title='bbox 2836 5248 3141 5318; x_wconf 76' lang='grc' dir='ltr'><em>ἀνατολῆς</em></span> <span class='ocrx_word' id='word_1_699' title='bbox 3174 5249 3377 5318; x_wconf 76' lang='grc' dir='ltr'><em>ἡλίου.</em></span> <span class='ocrx_word' id='word_1_700' title='bbox 3417 5252 3529 5304; x_wconf 86' lang='lat' dir='ltr'><strong>Kal</strong></span> <span class='ocrx_word' id='word_1_701' title='bbox 3568 5251 3731 5305; x_wconf 77' lang='grc' dir='ltr'><em>εἶδον</em></span> 
     </span>
    </p>
   </div>
   <div class='ocr_carea' id='block_1_105' title="bbox 2141 5337 3731 5408">
    <p class='ocr_par' dir='ltr' id='par_1_105' title="bbox 2141 5337 3731 5408">
     <span class='ocr_line' id='line_1_105' title="bbox 2141 5337 3731 5408; baseline 0.003 -17"><span class='ocrx_word' id='word_1_702' title='bbox 2141 5337 2212 5391; x_wconf 79' lang='grc' dir='ltr'><strong>ἐκ</strong></span> <span class='ocrx_word' id='word_1_703' title='bbox 2239 5338 2345 5392; x_wconf 92' lang='grc' dir='ltr'><em>τοῦ</em></span> <span class='ocrx_word' id='word_1_704' title='bbox 2377 5339 2678 5408; x_wconf 81' lang='grc' dir='ltr'><em>στόματος</em></span> <span class='ocrx_word' id='word_1_705' title='bbox 2700 5338 2805 5393; x_wconf 83' lang='grc' dir='ltr'><em>τοῦ</em></span> <span class='ocrx_word' id='word_1_706' title='bbox 2838 5339 3188 5408; x_wconf 81' lang='grc' dir='ltr'><em>δράκοντος,</em></span> <span class='ocrx_word' id='word_1_707' title='bbox 3225 5343 3323 5397; x_wconf 76' lang='grc' dir='ltr'><em>καὶ</em></span> <span class='ocrx_word' id='word_1_708' title='bbox 3356 5343 3424 5396; x_wconf 81' lang='grc' dir='ltr'><strong>ἐκ</strong></span> <span class='ocrx_word' id='word_1_709' title='bbox 3457 5343 3560 5397; x_wconf 89' lang='grc' dir='ltr'><em>τοῦ</em></span> <span class='ocrx_word' id='word_1_710' title='bbox 3590 5343 3731 5398; x_wconf 85' lang='grc' dir='ltr'><em>στό-</em></span> 
     </span>
    </p>
   </div>
   <div class='ocr_carea' id='block_1_106' title="bbox 2133 5427 3729 5501">
    <p class='ocr_par' dir='ltr' id='par_1_106' title="bbox 2133 5427 3729 5501">
     <span class='ocr_line' id='line_1_106' title="bbox 2133 5427 3729 5501; baseline 0.003 -20"><span class='ocrx_word' id='word_1_711' title='bbox 2133 5443 2322 5497; x_wconf 78' lang='grc' dir='ltr'><em>ματος</em></span> <span class='ocrx_word' id='word_1_712' title='bbox 2357 5427 2465 5481; x_wconf 85' lang='grc' dir='ltr'><em>τοῦ</em></span> <span class='ocrx_word' id='word_1_713' title='bbox 2504 5429 2737 5497; x_wconf 83' lang='grc' dir='ltr'><em>θηρίου,</em></span> <span class='ocrx_word' id='word_1_714' title='bbox 2761 5429 2857 5482; x_wconf 81' lang='grc' dir='ltr'><strong>καὶ</strong></span> <span class='ocrx_word' id='word_1_715' title='bbox 2882 5429 2950 5482; x_wconf 74' lang='grc' dir='ltr'><strong><em>ἐκ</em></strong></span> <span class='ocrx_word' id='word_1_716' title='bbox 2973 5430 3080 5484; x_wconf 86' lang='grc' dir='ltr'><em>τοῦ</em></span> <span class='ocrx_word' id='word_1_717' title='bbox 3118 5432 3417 5501; x_wconf 78' lang='grc' dir='ltr'><em>στόματος</em></span> <span class='ocrx_word' id='word_1_718' title='bbox 3441 5431 3547 5485; x_wconf 86' lang='grc' dir='ltr'><em>τοῦ</em></span> <span class='ocrx_word' id='word_1_719' title='bbox 3577 5433 3729 5501; x_wconf 65' lang='grc' dir='ltr'><em>ψευ-</em></span> 
     </span>
    </p>
   </div>
   <div class='ocr_carea' id='block_1_107' title="bbox 2141 5518 3732 5594">
    <p class='ocr_par' dir='ltr' id='par_1_107' title="bbox 2141 5518 3732 5594">
     <span class='ocr_line' id='line_1_107' title="bbox 2141 5518 3732 5594; baseline 0.004 -24"><span class='ocrx_word' id='word_1_720' title='bbox 2141 5518 2549 5588; x_wconf 62' lang='grc' dir='ltr'><em>δοπροφήτου,</em></span> <span class='ocrx_word' id='word_1_721' title='bbox 2581 5522 2893 5590; x_wconf 83' lang='grc' dir='ltr'><em>πνεύματα</em></span> <span class='ocrx_word' id='word_1_722' title='bbox 2909 5522 3218 5592; x_wconf 82' lang='grc' dir='ltr'><em>ἀκάθαρτα</em></span> <span class='ocrx_word' id='word_1_723' title='bbox 3246 5526 3378 5594; x_wconf 89' lang='grc' dir='ltr'><em>τρία</em></span> <span class='ocrx_word' id='word_1_724' title='bbox 3407 5525 3488 5590; x_wconf 87' lang='grc' dir='ltr'><em>ὡς</em></span> <span class='ocrx_word' id='word_1_725' title='bbox 3505 5523 3732 5592; x_wconf 80' lang='grc' dir='ltr'><em>βατρά-</em></span> 
     </span>
    </p>
   </div>
   <div class='ocr_carea' id='block_1_108' title="bbox 2144 5607 3731 5687">
    <p class='ocr_par' dir='ltr' id='par_1_108' title="bbox 2144 5607 3731 5687">
     <span class='ocr_line' id='line_1_108' title="bbox 2144 5607 3731 5687; baseline -0.004 -13"><span class='ocrx_word' id='word_1_726' title='bbox 2144 5624 2314 5676; x_wconf 75' lang='grc' dir='ltr'><em>κους.</em></span> <span class='ocrx_word' id='word_1_727' title='bbox 2347 5609 2484 5662; x_wconf 66' lang='grc' dir='ltr'><strong>Εἰσὶ</strong></span> <span class='ocrx_word' id='word_1_728' title='bbox 2517 5607 2654 5680; x_wconf 78' lang='grc' dir='ltr'><strong>γὰρ’</strong></span> <span class='ocrx_word' id='word_1_729' title='bbox 2683 5612 2995 5684; x_wconf 78' lang='grc' dir='ltr'><em>πνεύματα</em></span> <span class='ocrx_word' id='word_1_730' title='bbox 3042 5613 3370 5687; x_wconf 79' lang='grc' dir='ltr'><em>δαιμονίων</em></span> <span class='ocrx_word' id='word_1_731' title='bbox 3441 5615 3731 5670; x_wconf 84' lang='grc' dir='ltr'><em>ποιοῦντα</em></span> 
     </span>
    </p>
   </div>
   <div class='ocr_carea' id='block_1_109' title="bbox 2143 5713 2382 5769">
    <p class='ocr_par' dir='ltr' id='par_1_109' title="bbox 2143 5713 2382 5769">
     <span class='ocr_line' id='line_1_109' title="bbox 2143 5713 2382 5769; baseline 0.017 -17"><span class='ocrx_word' id='word_1_732' title='bbox 2143 5713 2382 5769; x_wconf 81' lang='grc' dir='ltr'><em>σημεια.</em></span> 
     </span>
    </p>
   </div>
  </div>
