4110 6402
295 380 404 448 709

1378 375 1770 438 COMMENT.
1812 374 1894 435 ΙΝ
1937 374 2468 436 APOCALYPSIN.

3483 381 3598 445 710

387 487 754 557 Ὀλιίωθῆναί
788 503 923 557 φησι
974 485 1068 538 τδν
1095 485 1394 556 Εὐφράτην
1446 484 1724 554 ποταμὸν,
1758 484 1898 554 πρὸς

2073 483 2427 539 lmminutum
2482 483 2657 541 fuisse
2710 486 2843 542 dicit
2897 486 3104 544 ﬂumen
3157 487 3478 561 Euphraten
3531 496 3602 550 ad

298 582 537 654 πάροδον
567 580 679 634 τῶν
715 580 980 650 βασιλέων
1008 579 1106 650 τῆς
1136 581 1262 645 γῆς,
1295 579 1377 641 είς
1403 578 1498 630 τὸν
1547 575 1894 646 κατάλληλον

297 674 563 746 πόλεμον.
621 691 639 724 ι
699 673 1093 744 Ἐγερθήσεται
1114 673 1247 740 γὰρ,
1290 690 1308 722 ι
1339 668 1508 740 φησιν
1536 672 1566 724 ὁ
1592 669 1798 742 Κύριος
1827 671 1890 722 ἐν

296 765 678 836 Εὐαγγελίοις,
709 782 728 816 ι
760 763 914 827 ἔθνος
957 763 1049 817 ἐπὶ
1067 762 1222 826 ἔθνος
1257 763 1355 816 καὶ
1383 761 1632 834 βασιλεία
1665 763 1760 815 ἐπὶ
1793 761 1893 831 βα-

299 860 526 914 σιλείαν.
561 875 582 909 ι
607 855 844 919 Τούτους
873 857 933 909 δέ
961 858 1026 909 ἐκ
1058 856 1169 909 τῶν
1200 856 1489 909 Σκυθικῶν
1519 855 1703 926 μερῶν
1753 849 1898 908 εἶναι

298 952 393 1005 τοῦ
423 949 546 1018 Γὼγ
571 949 669 1003 καὶ
699 947 918 1016 Μαγὼγ
941 949 1112 1012 εἰκός.
1144 950 1260 1003 Οὐκ
1290 948 1677 1018 άπογνωστέον
1710 947 1768 1000 δέ
1798 946 1897 1002 καὶ

298 1044 392 1095 τὸν
451 1041 822 1112 Ἀντῖχριστον
873 1041 940 1094 ἐκ
1008 1041 1118 1096 τῶν
1174 1041 1514 1095 ἀνατολικῶν
1568 1040 1754 1111 μερῶν
1795 1040 1898 1108 τῆς

301 1135 565 1206 Περσίδος
592 1133 896 1204 ὁρμᾶσθαι,
929 1132 1060 1186 ἔνθα
1094 1135 1127 1204 ὴ
1164 1133 1306 1205 φυλὴ
1340 1133 1436 1188 τοῦ
1473 1133 1583 1187 Δὰν
1631 1135 1696 1186 ἐκ
1737 1133 1896 1204 ῥίζης

313 1230 599 1301 Ἐϐραίων,
635 1229 752 1300 ἅμα
779 1229 876 1282 καὶ
893 1228 1105 1298 ἑτέροις
1129 1227 1442 1298 βασιλεῦσιν
1476 1227 1508 1298 ἢ
1547 1228 1893 1297 μεγιστᾶσιν,

301 1323 426 1374 ἐπεὶ
442 1323 536 1376 καὶ
553 1321 694 1375 κατὰ
711 1319 922 1374 τούτων
942 1320 1004 1374 τὸ
1044 1321 1327 1392 βασιλικὸν
1375 1319 1491 1372 ἐσθ’
1513 1321 1600 1372 ὅτε
1637 1320 1898 1373 τάττεται

300 1413 496 1483 ὄνομα,
520 1414 594 1476 ὡς
611 1413 669 1466 ἐν
685 1413 784 1483 τῷ,
826 1431 842 1464 t
874 1413 1235 1485 ιιαρέστησαν
1270 1414 1318 1466 οί
1337 1411 1582 1482 βασιλεῖς
1599 1411 1700 1482 τῆς
1717 1413 1844 1482 γῆς,
1872 1432 1890 1464 ›

302 1505 404 1558 οὐκ
440 1505 590 1568 ὄντος
628 1505 812 1574 μέντοι
856 1504 1127 1574 βασιλέως
1165 1505 1260 1558 τοῦ
1303 1505 1561 1560 Πιλάτου.
1621 1505 1895 1576 Περαιοῦ-

305 1596 428 1650 σθαι
457 1599 513 1650 δὲ
547 1596 641 1668 τὴν
671 1599 987 1669 Εὐφράτην,
1020 1597 1053 1668 ἢ
1093 1597 1385 1670 ψυχικδνῆ
1414 1599 1728 1668 σωματικὸν
1762 1598 1900 1652 ἐπά-

304 1687 493 1753 ξοντας
517 1689 746 1744 θάνατόν
781 1707 916 1761 φησι
941 1707 953 1721 ·
994 1690 1253 1760 ψυχικὸν,
1280 1691 1370 1744 διὰ
1398 1691 1458 1743 τὸ
1497 1691 1752 1761 ἐνεργείᾳ
1785 1692 1900 1744 δαι-

305 1782 484 1852 μόνων
512 1782 608 1835 καὶ
662 1785 1066 1853 παραχωρήσει
1092 1782 1255 1848 Θεοῦ,
1295 1783 1500 1852 μᾶλλον
1531 1784 1588 1836 δὲ
1611 1783 1705 1836 καὶ
1731 1781 1898 1836 αὐτοῦ

300 1872 396 1924 τοῦ
438 1872 597 1936 Θεοῦ,
642 1874 722 1936 είς
750 1873 996 1944 δοκίμιον
1026 1874 1135 1935 τῶν
1161 1875 1357 1927 ἐαυτοῦ
1388 1873 1768 1945 θεραπόντων,
1797 1874 1898 1945 οὐχ

299 1962 378 2026 ὡς
408 1963 754 2032 ἀγνοοῦντος,
777 1966 894 2018 ἀλλ’
931 1969 1012 2030 εἰς
1052 1965 1364 2037 φανέρωσιν
1393 1969 1508 2030 τοῖς
1549 1967 1735 2030 ἄλλοις
1786 1966 1899 2018 τῶν

303 2055 484 2126 ἐαυτῷ
525 2058 994 2128 προσανεχόντων,
1027 2058 1059 2130 ἢ
1094 2058 1192 2129 μὴ,
1229 2057 1521 2126 ἐξάγοντος
1569 2058 1639 2110 τὰ
1670 2055 1900 2110 τοιαῦτα

304 2147 652 2216 συμϐαίνειν.
684 2148 1006 2218 Σωματικδν
1037 2149 1094 2202 δὲ
1110 2149 1219 2201 τῶν
1246 2151 1312 2203 ὲκ
1347 2149 1452 2219 γῆς
1489 2147 1706 2214 ζώντων
1733 2147 1901 2214 ἀξίων

300 2237 726 2302 διαλελοιπέναι,
759 2241 834 2304 ὼς
889 2240 964 2312 μὴ
996 2241 1090 2294 καὶ
1116 2240 1282 2312 αὐτὴν
1309 2244 1423 2304 τοῖς
1449 2241 1666 2310 μιαροῖς
1706 2239 1892 2309 ἔργοις

305 2331 487 2384 αὐτῶν
546 2331 886 2402 ἐξαχρειοῦν,
923 2333 1085 2404 ἔργον
1121 2329 1288 2388 οὖσαν
1316 2333 1526 2402 ἀγαθοῦ
1562 2330 1790 2400 ποιητοῦ
1810 2332 1902 2384 καὶ

302 2421 504 2492 χωρίον
542 2424 956 2492 ἀνεπηρέαστον
1006 2429 1118 2489 τοῖς
1159 2426 1471 2497 ἐναμίλλως
1521 2423 1618 2478 τοῦ
1653 2441 1894 2494 πεποιη-

305 2513 466 2578 κότος
489 2513 639 2582 βιοῦν
655 2517 1105 2587 ἡτοιμασμένοις.

377 2605 486 2660 Καὶ
511 2602 676 2660 εἶδον
692 2608 760 2660 ἐκ
787 2608 889 2662 τοῦ
909 2611 1211 2679 στόματος
1236 2610 1340 2664 τοῦ
1371 2609 1700 2680 δράκοντος
1716 2615 1903 2668 πνεύ-

295 2715 463 2768 ματα
487 2699 792 2767 ἀκάθαρτα
823 2703 976 2770 τρία.
1011 2704 1543 2774 Προσυπακουστέον
1581 2706 1640 2758 τὸ
1665 2709 1900 2773 ἐξιόντα,

304 2786 444 2863 ἴν”ᾗ·
467 2790 622 2842 Εἶδον
645 2793 708 2844 ἐκ
742 2791 838 2844 τοῦ
875 2793 1146 2863 στόματος
1164 2795 1273 2847 τῶν
1301 2795 1470 2865 τριῶν
1502 2797 1718 2862 ἐξιόντα
1745 2801 1907 2851 πνεύο

311 2900 464 2954 ματα
525 2885 818 2955 ἀκάθαρτα
850 2885 998 2954 τρία,
1050 2886 1127 2949 ὡς
1184 2886 1518 2957 βατράχους.
1553 2888 1649 2940 Ἐκ
1699 2889 1907 2942 τούτων

306 2976 610 3037 δείκνυται,
638 2977 732 3029 τὸν
767 2977 864 3048 μὲν
889 2977 1157 3044 διάϐολον,
1177 2979 1250 3042 ῶς
1279 2979 1547 3050 δράκοντα
1580 2981 1638 3031 ἐν
1672 2980 1750 3051 τῷ
1791 2981 1908 3053 ἰδίῳ

307 3065 592 3139 προσώπῳ
619 3067 954 3136 δείκνυσθαι,
989 3069 1080 3123 τὸν
1121 3069 1493 3140 Ἀντίχριστον
1521 3071 1576 3124 δὲ
1594 3072 1667 3134 ὼς
1693 3072 1904 3144 θηρίον,

1999 577 2293 631 transitum
2334 592 2527 648 regum
2563 586 2727 634 terra:
2775 579 2832 633 in
2882 588 3135 635 mutuum
3186 581 3415 638 bellum.
3460 583 3602 640 Nam

2002 685 2023 721 ι
2065 668 2354 740 Exsurget,
2395 687 2415 720 ι
2443 669 2520 724 ait
2545 668 2812 727 Dominus
2842 672 2896 726 in
2926 670 3242 742 Evangeliis
3264 715 3278 737 ,
3321 691 3341 726 ι
3377 690 3510 744 gens
3541 676 3596 729 in

1998 771 2215 830 gentem
2263 771 2318 816 et
2353 777 2584 833 regnum
2631 763 2687 817 in
2737 779 2964 834 regnum
2997 764 3065 818 “.
3125 783 3144 816 ι
3200 765 3371 820 Porro
3404 767 3506 822 hos
3531 782 3602 823 ex

1999 853 2330 926 Scytharum
2367 871 2490 911 esse
2520 857 2770 924 partibus
2817 857 2935 927 Gog
2977 866 3033 912 et
3071 856 3263 930 Magog
3295 860 3602 915 verisimile

1999 959 2100 1004 est.
2129 947 2317 1019 Neque
2357 950 2521 1004 etiam
2557 951 2960 1019 reprobandum
2996 958 3081 1005 est
3128 951 3200 1006 ab
3237 951 3602 1007 oriethalibus

1998 1039 2243 1096 Persidis
2297 1041 2546 1110 partibus
2585 1041 2983 1097 Antichristttm
3024 1043 3255 1107 exoriri,
3292 1043 3380 1098 ubi
3425 1045 3601 1100 tribus

1999 1132 2116 1186 Dan
2151 1148 2184 1188 e
2217 1134 2398 1188 radice
2432 1132 2790 1189 llebrzeorum
2839 1146 3219 1190 commoratur
3264 1136 3429 1190 simul
3469 1152 3595 1191 eum

2000 1224 2214 1278 caeteris
2251 1225 2474 1292 regibus
2504 1234 2598 1279 aut
2630 1227 2960 1295 primatibus
2995 1244 3009 1280 :
3044 1228 3305 1296 quoniam
3342 1228 3426 1282 his
3455 1244 3599 1297 quo-

1999 1332 2108 1387 que
2157 1317 2430 1372 interdum
2480 1319 2688 1388 regium
2737 1334 2940 1374 nomen
2979 1321 3323 1386 attribuitur,
3369 1330 3430 1374 ut
3473 1336 3600 1374 cunt

2000 1409 2226 1475 dicitur,
2257 1429 2276 1462 ι
2317 1411 2627 1466 Astiteruut
2655 1427 2810 1484 reges
2839 1421 3002 1467 terra:
3026 1413 3096 1466 ⁸⁸.
3141 1432 3161 1463 ›
3199 1413 3480 1483 Siquidem
3513 1411 3604 1465 Pi-

2001 1503 2146 1560 latus
2174 1520 2281 1560 non
2313 1513 2435 1560 erat
2472 1519 2602 1561 vere
2629 1521 2747 1561 rex.
2781 1503 3046 1561 Transire
3074 1515 3256 1560 autem
3291 1506 3602 1574 Euphraten

2002 1596 2080 1651 ait
2128 1596 2453 1652 inducentes
2510 1606 2608 1652 aut
2653 1597 2854 1652 anima:
2895 1605 2990 1652 aut
3027 1599 3276 1667 corporis
3327 1606 3602 1652 mortem:

2003 1687 2202 1742 anima:
2229 1687 2474 1757 quidem,
2503 1704 2570 1743 eo
2607 1687 2755 1759 qttod
2785 1689 2914 1743 talia
2943 1688 3267 1757 Operatioue
3289 1688 3602 1742 daemonum

2003 1796 2071 1835 ex
2121 1781 2396 1850 permissu
2453 1782 2546 1836 Dei
2600 1783 2974 1852 contingant:
3027 1781 3203 1851 magis
3249 1790 3433 1835 autem
3485 1782 3606 1850 ipso

2001 1888 2227 1943 quoque
2260 1873 2374 1928 Deo
2407 1874 2530 1929 illos
2553 1875 2820 1929 educente
2847 1875 2912 1929 ad
2941 1875 3326 1945 probationem
3361 1872 3600 1926 famulo-
3665 1891 3672 1898 ·

2003 1981 2124 2020 rum
2168 1982 2396 2022 suorum
2433 1985 2446 2022 :
2485 1981 2595 2020 non
2631 1967 2778 2037 quod
2811 1969 3058 2036 ignoret,
3091 1967 3185 2023 sed
3218 1974 3277 2020 ut
3319 1965 3444 2019 aliis
3489 1979 3608 2018 ma-

2004 2059 2268 2114 nifestum
2297 2058 2461 2114 faciat
2491 2059 2582 2130 qui
2612 2059 2680 2114 ad
2704 2075 2765 2114 se
2796 2059 3065 2114 accedant
3098 2067 3152 2112 et
3175 2059 3269 2128 qui
3295 2072 3428 2111 non.
3464 2055 3606 2110 Cor-

2003 2151 2151 2220 poris
2177 2165 2310 2206 vero
2333 2151 2586 2216 martem,
2615 2150 2669 2205 in
2704 2150 2785 2205 his
2817 2151 2912 2221 qui
2944 2150 3091 2220 digni
3126 2160 3254 2205 sunt
3281 2157 3340 2203 ut
3365 2147 3432 2204 de
3459 2157 3607 2202 terra

2002 2241 2306 2297 viventium
2355 2242 2668 2307 deleantur,
2709 2257 2778 2296 ne
2812 2242 2984 2312 ipsam
3026 2256 3248 2311 quoque
3292 2241 3410 2294 suis
3453 2237 3608 2294 nefa-

2005 2334 2106 2388 riis
2135 2334 2395 2404 operibus
2429 2344 2823 2404 corrumpant,
2868 2349 2994 2404 (μία)
3041 2334 3170 2387 boui
3215 2332 3429 2402 Opiticis
3464 2347 3607 2401 opus

2004 2437 2087 2481 est
2121 2438 2174 2482 et
2212 2429 2360 2497 regio
2393 2427 2638 2486 innoxia.
2691 2428 2776 2480 his
2808 2427 2900 2495 qui
2949 2427 3170 2482 diverso
3218 2427 3386 2480 modo
3419 2427 3606 2482 vivere

2006 2521 2180 2590 parati
2209 2531 2360 2585 sunt,
2388 2521 2544 2589 juxta
2575 2519 2628 2572 id
2661 2519 2728 2572 ad
2761 2519 2906 2588 quod
2940 2515 3069 2571 facti
3101 2527 3251 2571 sunt.

2081 2611 2148 2665 Et
2185 2612 2291 2665 vidi
2325 2628 2389 2666 ea:
2434 2627 2522 2664 ore
2572 2611 2820 2665 draconis
2867 2610 3089 2679 spiritus
3121 2606 3424 2662 immundos
3473 2616 3602 2662 tres.

2011 2704 2467 2758 Subaudicndum
2498 2713 2582 2757 est
2620 2703 2986 2772 egredientes,
3012 2709 3072 2754 ut
3094 2700 3168 2756 sit
3203 2713 3446 2755 sensus:
3482 2695 3609 2752 Vidi

2008 2813 2074 2852 ex
2112 2796 2277 2866 785
2321 2812 2416 2851 ore
2454 2796 2619 2850 trium
2652 2794 2998 2865 egredientes
3031 2793 3262 2863 spiritus
3294 2790 3611 2845 immundos

2009 2897 2123 2943 tres
2155 2892 2208 2942 iu
2244 2891 2464 2942 modum
2498 2902 2782 2941 ranarum.
2815 2885 2893 2940 Ex
2935 2886 3022 2940 his
3061 2885 3378 2939 ostenditur
3412 2883 3613 2938 diabo-

2011 2982 2122 3035 lum
2167 2981 2389 3050 quidem
2448 2979 2612 3034 veluti
2657 2980 2954 3033 draconem
3005 2979 3057 3032 in
3096 2977 3320 3048 propria
3376 2991 3612 3047 persona

2012 3073 2350 3144 signiﬁcari,
2402 3073 2806 3127 Antichristum
2858 3085 2993 3126 vero
3043 3080 3302 3138 tauquam
3347 3072 3611 3136 bestiam,

306 3159 404 3212 τὸν
437 3159 895 3232 ψευδοπροφήτην
909 3162 966 3215 δέ
989 3162 1177 3233 ἕτερον
1212 3165 1363 3235 παρά
1383 3165 1476 3218 τὸν
1511 3164 1903 3236 Ἀντίχριστον.

2019 3166 2554 3236 pScutlopropltetatn
2589 3174 2770 3219 autem
2817 3163 3055 3218 alterum
3106 3171 3304 3232 praeter
3334 3162 3612 3216 Antichri-

309 3253 711 3324 Καὶδράκοντα
761 3256 862 3327 μὲν
912 3256 1004 3311 τὸν
1048 3257 1316 3324 διάϐολον,
1371 3259 1460 3312 διὰ
1493 3259 1554 3313 τὸ
1602 3261 1910 3332 κεχρῆσθαι

312 3347 549 3412 σκολιοῖς
566 3351 676 3412 τοῖς
690 3349 979 3420 κινήμασι,
995 3349 1184 3423 θηρίον
1207 3351 1285 3417 δέ,
1313 3351 1405 3406 τὸν
1421 3353 1812 3423 ’Δντίχριστον.
1833 3355 1910 3409 Οὐ

309 3442 423 3512 γὰρ
451 3441 811 3513 ἀνθρωπίνως
843 3444 941 3515 τὴν
961 3441 1312 3515 ἀνθρωπείαν
1334 3443 1536 3509 ὑποδὺς
1560 3444 1675 3517 (55)
1695 3445 1912 3517 πρόεισι

313 3532 500 3602 φύσιν,
520 3533 798 3604 θηριωδῶς
819 3535 899 3590 δέ.
919 3536 1024 3588 Τὸν
1045 3535 1500 3608 ψευδοπροφήτην
1529 3537 1586 3591 δέ
1598 3537 1730 3590 αὐτὸ
1753 3538 1913 3592 τοῦτο

310 3625 451 3697 ὕπερ
469 3627 606 3692 ἐστὶ,
629 3625 831 3696 ψεύδεα
855 3627 1102 3682 κατὰτδν
1121 3628 1353 3700 ποιητὴν
1376 3619 1577 3693 εἰπεῖν,
1592 3629 1775 3684 εἰδότα
1790 3629 1913 3683 ἐτύ-

316 3735 498 3790 μοισιν
528 3719 709 3786 ὅμοια.
730 3718 953 3773 Τούτων
964 3719 1200 3775 ἑκάστου
1213 3719 1322 3774 τῶν
1337 3720 1626 3790 στομάτων
1646 3719 1826 3790 ίσάριθ
1835 3721 1914 3790 μά

313 3826 482 3881 φησιν
529 3810 934 3876 ἁποδλύξεσθαι
962 3812 1254 3884 ἀκάθαρτα
1287 3811 1579 3882 πνεύματα
1613 3811 1912 3883 βατράχοις

312 3905 499 3974 ὃμοια,
534 3902 649 3956 ἀλλ’
682 3904 744 3956 οὐ
779 3902 1107 3975 βατράχους.
1138 3903 1385 3976 Πρῶτον,
1415 3903 1493 3967 ῶς
1525 3903 1623 3974 τῆς
1651 3903 1914 3975 τραχείας

313 3993 525 4049 τούτων
554 3993 686 4068 βοῆς
725 3995 787 4048 οὐ
828 3996 965 4065 πρός
1001 4012 1124 4049 τινα
1150 3997 1230 4059 εἰς
1288 3994 1423 4048 Θεὸν
1465 3994 1636 4065 ὕμνον
1698 3995 1820 4057 οἵας
1851 4011 1912 4048 τε

313 4085 486 4157 οὔσης
515 4085 1064 4157 παραλαμὸάνεσθαι,
1086 4087 1223 4141 ἀλλὰ
1247 4087 1498 4158 ταραχὰς
1526 4089 1619 4140 καὶ
1646 4086 1914 4158 θορύϐους

318 4178 822 4250 προσποριζούσης,
850 4179 924 4243 ὡς
958 4179 1078 4243 ἔθος
1109 4180 1196 4232 ἀεὶ
1220 4179 1334 4232 τῶν
1361 4178 1659 4248 δαιμονίων
1694 4179 1788 4231 καὶ
1805 4178 1912 4231 τῶν

317 4271 670 4343 ἁμαρτωλῶν
721 4270 802 4340 τῷ
854 4270 1185 4342 βορϐορώδει
1217 4269 1316 4340 βίῳ
1360 4267 1910 4340 ἐμφιλοχωρούντων,

318 4362 512 4434 ῶσπερ
535 4363 630 4416 ἀπ’
665 4363 914 4426 ἐναντίας
935 4363 1044 4415 τῶν
1073 4362 1195 4434 Θεῷ
1225 4362 1395 4430 φίλων
1422 4360 1498 4431 τῷ
1526 4359 1748 4430 σκληρῴ
1798 4359 1911 4429 (54)

319 4463 627 4532 χαιρόντων
659 4464 754 4514 καὶ
783 4459 861 4530 τῷ
883 4459 1200 4531 καρτερικῷ
1235 4459 1332 4529 τῆς
1362 4457 1566 4527 ψυχῆς,
1598 4456 1789 4525 ὕμνοις
1817 4455 1913 4508 καὶ

2013 3269 2181 3312 stunt.
2211 3255 2276 3310 Et
2303 3260 2598 3311 draconem
2617 3257 2838 3324 quidem
2868 3255 3174 3319 diabolum,
3199 3269 3264 3308 eo
3295 3254 3438 3322 quod
3465 3253 3612 3308 obli-

2014 3351 2140 3421 quis
2170 3358 2360 3404 utatur
2386 3349 2630 3404 motibus
2661 3367 2675 3402 :
2717 3348 2953 3402 bestiam
3008 3361 3139 3400 vero
3183 3343 3610 3408 Autichristum,

2013 3453 2076 3496 ut
2104 3442 2197 3511 qui
2239 3455 2348 3494 non
2388 3441 2628 3495 humano
2675 3452 2832 3494 more
2871 3443 3232 3492 conversetur
3281 3433 3334 3488 in
3371 3433 3611 3487 humana

2014 3545 2231 3600 natura,
2263 3533 2357 3588 sed
2389 3533 2565 3602 magis
2612 3530 2790 3586 ferino
2828 3545 2980 3584 more
3023 3545 3036 3582 :
3071 3526 3608 3598 pscudoprophetam

2014 3639 2202 3682 autem
2237 3627 2344 3682 hoc
2375 3641 2554 3695 Ipsum
2593 3623 2742 3694 quod
2771 3633 2874 3688 est,
2920 3637 3115 3691 nempe
3145 3621 3241 3690 qui
3285 3621 3338 3673 in
3389 3617 3610 3673 modum

2014 3725 2190 3789 poetae
2246 3715 2532 3771 mendacia
2588 3716 2771 3769 dicere
2833 3713 2985 3767 novit
3042 3712 3190 3766 veris
3251 3709 3475 3766 similia.
3531 3707 3613 3762 Ex

2019 3808 2460 3876 uniuscujusque
2507 3807 2704 3859 horum
2753 3817 2850 3857 ore
2881 3801 3013 3856 dicit
3071 3799 3189 3870 pari
3229 3811 3462 3852 numero
3491 3811 3617 3851 sca-

2016 3900 2192 3954 turirc
2222 3897 2539 3952 immundos
2559 3893 2786 3963 spiritus
2815 3892 2968 3945 ranis
2995 3887 3225 3952 similes,
3255 3887 3351 3941 sed
3380 3899 3486 3938 nou
3523 3899 3616 3936 ta-

2017 4008 2118 4046 nas
2155 4009 2168 4046 :
2201 3992 2439 4061 primum
2487 3985 2636 4057 quod
2677 3998 2872 4053 aspera
2911 3982 3110 4035 horum
3143 3992 3246 4032 vox
3283 3993 3391 4030 non
3443 3984 3618 4044 possit

2015 4083 2081 4136 ad
2118 4084 2360 4151 aliquam
2397 4081 2489 4134 Dei
2523 4078 2741 4132 Iaudem
2777 4072 3010 4138 assumi,
3044 4070 3138 4126 sed
3171 4069 3238 4123 ad
3275 4067 3618 4120 turbationes

2015 4192 2081 4230 ac
2115 4175 2387 4229 tumultus
2413 4170 2738 4227 excitandos
2764 4185 2778 4222 :
2809 4164 3068 4235 quodque
3096 4175 3313 4229 semper
3343 4158 3516 4212 moris
3544 4157 3620 4210 sit

2015 4267 2362 4324 daemonibus
2386 4279 2451 4317 ac
2479 4259 2865 4332 peccatoribus
2898 4255 3064 4310 fetida
3087 4269 3151 4308 ac
3173 4257 3481 4305 commenta
3507 4248 3618 4302 vita

2015 4357 2301 4422 delectari,
2337 4351 2806 4424 quemadmodum
2831 4349 3085 4403 ediverso
3119 4343 3212 4398 Dei
3249 4341 3446 4395 amicis
3472 4340 3618 4408 quod

2017 4453 2158 4506 dttro
2184 4450 2477 4521 gaudeant,
2507 4453 2563 4501 et
2609 4443 2780 4500 animi
2822 4439 3112 4497 tolerantia
3161 4449 3226 4489 ac
3270 4433 3614 4494 lortitudiue,

320 4522 490 4626 ᾦδάῖς
525 4554 621 4606 καὶ
653 4522 1078 4622 ἐξομολογήσεσι
1129 4522 1581 4620 μεγαλύνειν-τὸν
1626 4522 1779 4599 Θεόν.
1824 4545 1903 4615 Τις

2024 4545 2242 4617 hymnis
2270 4553 2325 4598 ct
2359 4540 2592 4596 canticis
2631 4553 2697 4592 ac
2722 4530 3167 4592 confessionibus
3202 4527 3372 4580 Deum
3405 4523 3620 4590 "mgni--

321 4643 593 4716 τριαδικῷ
627 4644 686 4696 δὲ
726 4642 950 4714 ἀριθμῷ
980 4643 1077 4694 καὶ
1120 4643 1170 4695 οἱ
1202 4640 1424 4712 φθορεῖς
1447 4639 1542 4692 καὶ
1567 4637 1635 4690 τά
1658 4638 1766 4690 ἀπὸ
1804 4635 1914 4689 τῶν

324 4737 618 4807 στομάτων
675 4735 860 4789 αὐτῶν
915 4734 1350 4805 ἐξοχετευόμενα
1385 4730 1659 4801 δαιμόνια,
1702 4729 1790 4782 ἴνα
1839 4726 1917 4799 τῷ

324 4829 550 4902 ἀριθμῷ
593 4828 768 4900 τούτῳ
825 4827 1102 4895 ἀπατῶσι,
1135 4825 1212 4890 ὡς
1262 4827 1329 4896 τῇ
1387 4823 1732 4894 πανυμνήτῳ
1783 4821 1918 4890 ἁγία

326 4923 524 4994 Τριάδι
550 4919 988 4992 εὐαρεστεῖσθαι.

405 5016 474 5068 Ἀ
503 5015 891 5082 ἐκπορεύεται
920 5011 1019 5065 ἐπὶ
1047 5010 1189 5076 τοὺς
1209 5007 1495 5074 βασιλεῖς
1513 5005 1620 5076 τῆς
1647 5002 1920 5074 οἰκουμέ-

2022 4637 2208 4690 licent.
2239 4633 2505 4688 Tcrnario
2535 4639 2715 4686 autem
2750 4639 2982 4681 nurnero
3019 4627 3150 4676 sunt
3180 4627 3234 4672 et
3265 4621 3618 4682 corruptores

2021 4739 2075 4783 et
2105 4743 2228 4797 quae
2260 4726 2330 4780 ab
2357 4740 2453 4779 ore
2475 4737 2668 4778 eorum
2697 4716 3058 4791 egrediuntur
3082 4706 3352 4766 dmmouia
3377 4745 3392 4769 ,
3425 4711 3486 4757 ut
3515 4702 3618 4755 hoc

2022 4795 2255 4874 numero
2290 4817 2565 4880 fallerent,
2598 4813 2762 4884 quasi
2824 4803 3222 4866 laudatissima:
3290 4814 3355 4852 ac
3387 4795 3620 4851 sanctis-

2021 4913 2176 4966 sima:
2211 4908 2470 4964 Trinitati
2507 4907 2649 4978 grati
2677 4913 2884 4961 essent.
3468 4983 3479 4994 .
3608 4980 3620 4991 ο

2093 4999 2240 5066 XVI,
2291 5001 2480 5054 t4-l6.
2525 4999 2659 5064 Qum
2687 4997 3034 5067 egrediuntur
3085 4995 3153 5044 ad
3199 5003 3342 5056 reges
3388 4996 3619 5037 uuwerst

328 5124 445 5174 νης
473 5071 668 5174 6.1719,.
690 5104 1062 5176 συναγαγεῖν
1104 5071 1328 5169 αὐτοὺς
1361 5105 1449 5168 εις
1472 5071 1485 5074 ﬁ
1507 5071 1617 5154 edu-
1655 5071 1903 5165 πόλεμοι

2024 5098 2166 5150 orbis
2196 5105 2253 5150 ut
2284 5101 2594 5164 congregem
2625 5106 2712 5145 eos
2744 5088 2811 5142 ad
2845 5087 3090 5158 pra'lium
3129 5079 3308 5149 magni
3338 5076 3486 5130 illius
3511 5071 3618 5124 diei

331 5169 444 5268 τιήξ
475 5169 700 5268 ’ἡμέρας
726 5169 970 5264 ἐχειν-ης
993 5195 1104 5264 τῆς
1169 5195 1445 5265 μεγάλης
1483 5191 1592 5246 τοῦ
1629 5189 1778 5245 Θεοῦ
1817 5187 1903 5243 toi

2025 5189 2396 5260 omnipotentis
2436 5188 2552 5242 Dei.
2604 5189 2739 5237 Ecce
2769 5182 2918 5236 venio
2966 5180 3101 5232 sicut
3145 5175 3254 5242 fur.
3306 5169 3502 5221 Beatus
3538 5170 3614 5263 est

333 5259 840 5362 παντοκράτορος.
879 5259 1323 5360 ’ίδοὺνέρφξομοι
1348 5259 1428 5356 ὡς
1468 5286 1760 5351 κλέπτης.
1803 5286 1903 5338 Μαι

2025 5287 2116 5355 qui
2142 5284 2350 5355 vigilat,
2373 5290 2422 5335 et
2451 5279 2544 5350 qui
2569 5285 2742 5332 servat
2766 5274 3076 5329 vestimenta
3102 5281 3220 5327 sua,
3245 5277 3306 5314 ne
3330 5259 3501 5311 nudus
3534 5259 3617 5362 iu:

335 5387 541 5454 κάριος
563 5351 620 5440 ’ὁ
645 5351 973 5456 γρηγορῶν,
1012 5351 1119 5437 καί
1146 5351 1346 5451 τηρῶν
1377 5351 1449 5436 τά
1497 5379 1698 5449 ἱμάτια
1725 5376 1903 5432 αὐτοί

2026 5351 2212 5441 cedat,
2242 5384 2292 5427 et
2322 5373 2532 5428 videant
2575 5368 2958 5438 turpitudinem
3005 5362 3142 5429 ejus.
3184 5354 3250 5408 Et
3283 5351 3616 5419 congregat-it

335 5449 438 5531 1νά
451 5449 538 5546 μὴ
563 5449 789 5546 mihi;
808 5449 1130 5544 περιπατῇ,
1155 5449 1255 5527 καὶ
1274 5471 1556 5536 βλέπωσι
1583 5467 1700 5536 τὴν
1715 5467 1903 5534 tiam-

2028 5483 2115 5521 eos
2143 5468 2200 5519 in
2229 5465 2403 5521 locum
2433 5465 2520 5536 qui
2552 5464 2750 5516 dicitur
2786 5455 3044 5512 llebraice
3077 5449 3434 5516 Ermagedou.

331 5538 614 5639 poa'vduqr
635 5538 863 5624 ἀὺτοῦ.
885 5538 1005 5622 ⁷Καὶ
1041 5538 1394 5635 συνήγαγεν
1419 5562 1643 5627 αὐτοὺς
1688 5563 1775 5627 εἰς
1818 5558 1928 5614 τὸν
1956 5561 2146 5615 τόπον
2178 5560 2288 5615 τὸν
2311 5559 2690 5628 καλούμενον
2716 5547 3018 5620 Ἐϐραϊστὶ
3060 5538 3452 5613 Ἐρμαγεδών.

409 5706 457 5740 ⁸⁵
481 5705 670 5761 Matth.
703 5721 851 5770 xxw,
880 5706 936 5758 7.
1011 5703 1057 5736 “
1098 5701 1246 5759 Psal.
1281 5715 1343 5767 tt,
1370 5699 1425 5754 2.

417 5850 532 5923 (55)
565 5849 694 5920 ἡδύς
724 5848 979 5918 vulgatus
1006 5853 1211 5902 textus.
2129 5827 2241 5900 (δι)
2265 5822 2568 5893 Legebatur
2607 5817 2826 5887 κλήρῳ,
2859 5813 2996 5884 quod
3027 5822 3169 5868 sorte
3202 5827 3300 5865 sua
3331 5810 3616 5874 caudeam.
