4164 6410
535 352 640 420 711

533 559 591 613 in
625 573 684 612 se
710 567 923 610 mutuo.
951 555 1115 622 Signa
1141 564 1294 612 vero,
1330 548 1534 617 inquit,
1563 561 1686 616 quae
1714 561 1812 616 per
1847 544 2125 599 daemones

533 650 674 704 ﬁunt
704 657 761 702 ut
792 648 1013 716 regibus
1049 643 1290 697 furorem
1324 641 1581 695 bellicum
1618 639 1900 703 immittat,
1937 644 2126 692 osten-

537 741 676 796 dunt
720 753 946 808 scopum
979 736 1086 790 diei
1139 734 1288 788 illius
1331 731 1514 802 magni
1566 731 1660 797 qui
1699 747 1808 785 non
1853 731 1996 785 alius
2045 737 2129 784 est

536 846 702 900 quam
736 825 1012 882 secundus
1045 823 1260 880 Domini
1290 824 1578 878 adventus.
1614 824 1696 877 An
1738 837 1848 878 non
1895 836 2128 892 magnus

531 919 724 990 estqui
754 919 808 972 in
829 917 1008 971 lucem
1042 915 1264 970 immitit
1292 930 1357 968 ea
1386 931 1507 984 qua:
1531 915 1600 969 ab
1640 927 1975 984 unoquoque
2005 927 2128 982 per-

533 1021 653 1065 acta
714 1010 883 1065 sunt?
916 1009 1036 1064 Non
1069 1008 1333 1063 adversus
1370 1008 1514 1062 diem
1552 1007 1753 1061 bellum
1793 1016 1879 1062 est
1922 1022 1938 1060 :
1979 1004 2129 1074 quod

531 1102 678 1156 enim
717 1101 919 1155 bellum
965 1111 1108 1156 esset
1160 1100 1425 1155 adversus
1471 1099 1672 1154 solaris
1715 1113 1913 1154 cursus
1953 1097 2128 1152 admi-

533 1193 961 1248 nistrationem?
1002 1193 1096 1248 sed
1139 1193 1404 1248 adversus
1453 1193 1553 1248 hos
1589 1194 1685 1262 qui
1721 1192 1888 1261 hujus
1923 1192 2028 1246 diei
2062 1192 2130 1246 ti-

535 1299 689 1338 more
721 1285 981 1339 continue
1027 1282 1270 1349 turbati,
1305 1282 1434 1336 facti
1486 1292 1616 1336 sunt
1649 1283 1716 1338 de
1750 1293 1897 1337 sorte
1927 1290 1982 1336 et
2013 1281 2131 1335 acie

533 1376 668 1429 Dei:
705 1376 872 1446 786
915 1375 1056 1430 unde
1091 1375 1256 1430 etiam
1312 1376 1660 1430 vestimentis
1707 1374 1904 1430 salutis
1951 1372 2129 1426 induti

534 1475 684 1534 sunt,
731 1476 785 1521 et
826 1467 1150 1520 indumento
1192 1465 1423 1532 laztitiae,
1469 1481 1591 1535 qua:
1645 1481 1753 1520 non
1805 1465 1952 1518 aliud
2001 1474 2131 1518 sunt

533 1576 701 1630 quam
745 1561 998 1624 virtutes,
1034 1561 1333 1631 quamdam
1367 1576 1480 1630 prae
1510 1577 1568 1615 se
1599 1560 1835 1616 ferentes
1877 1560 2130 1628 majesta-

531 1662 668 1715 tem,
707 1650 1001 1707 manifesto
1049 1651 1342 1722 splendore
1380 1651 1697 1706 interiorem
1727 1651 2003 1704 hominem
2040 1651 2132 1706 Iae-

537 1743 837 1799 tilicantes.

1367 345 1695 408 ARETHIE
1734 341 2114 405 ClESAREIE
2153 337 2644 402 CAPPADOCIIE
2677 337 3020 400 EPISCOPI

604 463 970 534 Egrediuntur
1007 469 1065 514 ut
1109 459 1160 512 in
1201 471 1367 510 unum
1401 455 1639 509 educant
1667 453 1734 508 ad
1763 452 2122 522 prmiiandum
2154 463 2201 518 Α

3702 335 3813 402 712

2312 448 2705 519 Ἐκπορεύεται
2763 446 2902 518 πρὸς
2953 446 3014 500 τὸ
3050 443 3386 518 κατάλληλον
3442 449 3820 519 συγκροτῆσαι

2229 542 2489 612 πόλεμον.
2523 542 2604 594 Τά
2636 540 2692 593 δὲ
2723 539 2812 592 διὰ
2848 541 2958 593 τῶν
3009 539 3298 610 δαιμόνων,
3333 539 3521 609 φησὶν,
3552 542 3814 612 ἐνεργού-

2232 653 2368 706 μενα
2385 636 2610 706 σημεῖα,
2632 634 2726 686 τοῦ
2756 635 2836 697 είς
2853 629 3070 705 οἶστρον
3087 632 3384 702 πολεμικὸν
3411 633 3672 703 ἐμϐαλειν
3686 637 3816 699 τοὺς

2230 725 2492 797 βασιλεῖς,
2509 725 2712 779 σκοπὸν
2733 724 2986 794 ἐμφαίνει
3007 727 3107 792 τῆς
3130 723 3344 793 ἡμέρας
3361 723 3578 792 ἐκείνης
3597 726 3694 795 τῆς
3721 743 3818 793 με·

2228 818 2424 888 γάλης,
2447 818 2567 888 ἣτις
2583 817 2684 870 οὐκ
2703 816 2834 885 ἄλλη
2857 817 2905 868 εί
2935 814 3012 886 μὴ
3030 815 3300 886 ήδευτὲρα
3325 815 3420 867 τοῦ
3447 817 3650 884 Κυρίου
3671 835 3816 888 παρ-

2229 909 2407 963 ουσία.
2461 909 2571 963 Καὶ
2585 907 2702 970 πῶς
2741 907 2802 960 οὐ
2823 907 3058 977 μεγάλη,
3083 907 3116 975 ἡ
3134 906 3200 958 τὰ
3214 906 3430 977 ἑκάστῳ
3447 909 3817 977 πεπραγμένά

2229 1000 2592 1070 ἐκπέμπουσα
2621 1001 2700 1061 εἰς
2730 997 2884 1068 φῶς;
2915 997 2988 1050 Οὐ
3026 997 3164 1066 πρὸς
3199 998 3298 1067 τὴν
3333 997 3550 1068 ἡμέραν
3572 997 3626 1050 δὲ
3659 1000 3687 1050 ό
3712 999 3816 1050 πό-

2229 1091 2422 1162 λεμος,
2460 1091 2566 1162 (τίς
2625 1091 2737 1159 γὰρ
2795 1088 3028 1158 πόλεμος
3085 1088 3393 1158 ἀνθρώποις
3416 1087 3552 1157 πρὸς
3590 1089 3817 1158 ἡλιακοῦ

2230 1181 2432 1253 δρόμου
2466 1180 2821 1245 ὲπιστασίαν;
2858 1178 2877 1251 )
2911 1179 3049 1232 ἀλλά
3071 1178 3205 1247 πρὸς
3224 1177 3466 1244 τούτους,
3484 1178 3533 1230 οἳ
3556 1179 3653 1248 τῆς
3681 1180 3817 1250 ἡμέ-

2232 1291 2332 1345 ρας
2356 1273 2562 1343 ταύτης
2592 1271 2670 1342 τῷ
2703 1272 2854 1342 φόϐῳ
2897 1270 3161 1342 διηνεκῶς
3207 1269 3687 1342 συγκροτούμενοι.
3719 1273 3818 1342 τῆς

2231 1367 2326 1421 τοῦ
2364 1367 2501 1420 Θεοῦ
2538 1366 2733 1437 μοίρας
2765 1366 3076 1434 γεγόνασιν,
3113 1362 3171 1428 ἐξ
3210 1357 3272 1416 οὗ
3327 1363 3423 1416 καὶ
3473 1363 3668 1432 ἱμάτια
3711 1379 3818 1416 σω-

2229 1457 2426 1531 τηρίας
2479 1457 2817 1519 ὲνεδὺσαντο,
2867 1456 2961 1508 καὶ
2997 1456 3197 1525 χιτῶνα
3251 1454 3617 1524 εὐφροσύνης,
3662 1454 3819 1507 ἀτινα

2229 1552 2330 1604 οὐκ
2361 1549 2489 1602 ἄλλο
2521 1548 2554 1620 ἢ
2585 1549 2641 1600 αἱ
2672 1547 2997 1617 Θεοπρεπεῖς
3023 1546 3238 1616 ἀρεταὶ,
3279 1546 3344 1614 τῇ
3384 1545 3610 1612 ἐκφανεῖ
3657 1561 3811 1614 περι-

2229 1641 2457 1711 λάμψει,
2483 1641 2574 1694 τὸν
2603 1638 2752 1702 ἐντὸς
2801 1638 2914 1708 (55)
2947 1635 3447 1706 κατευφραίνουσαι
3504 1633 3815 1707 ἄνθρωπον.

605 1836 804 1890 Beatus
833 1846 908 1890 est
930 1838 1019 1907 qui
1044 1837 1223 1906 vigilat
1241 1877 1254 1901 ,
1283 1846 1332 1890 et
1356 1837 1448 1904 qui
1472 1846 1644 1889 servat
1676 1837 1984 1890 vestimenta
2007 1853 2127 1891 sua.

2307 1820 2613 1889 Μακάριος
2653 1823 2685 1872 ό
2715 1816 3043 1889 ιγῬηγορῶν,
3072 1813 3383 1884 καὶςτηρῶν
3399 1813 3472 1866 τὰ
3502 1812 3694 1881 Ιμᾰτια
3715 1812 3819 1865 αὺ-

529 1927 847 1984 Permansit
882 1931 933 1983 in
967 1940 1126 2000 tr0po
1160 1929 1254 1999 qui
1302 1938 1385 1983 est
1413 1929 1479 1983 de
1519 1931 1670 1995 l'ure,
1705 1930 1825 1983 ideo
1853 1931 2016 1984 etiam
2049 1931 2128 1982 vi-

537 2017 819 2088 gilantiam
868 2026 923 2073 et
973 2018 1424 2072 vestimentorum
1471 2020 1775 2074 custodiam
1813 2019 1930 2072 fieri
1971 2019 2126 2083 dixit,

537 2125 605 2162 ne
650 2119 875 2178 pereant
919 2124 1016 2179 per
1060 2109 1278 2163 inanem
1326 2110 1582 2178 gloriam.
1620 2107 1756 2163 Nam
1807 2110 2130 2164 vestimenta

536 2199 948 2265 dieit.virtutes,
988 2215 1057 2255 ne
1081 2200 1275 2254 horum
1309 2200 1618 2270 abjcctione
1649 2201 1778 2256 nudi
1803 2200 2007 2256 inventi
2038 2210 2134 2255 aut

537 2291 765 2358 sordidi,
801 2291 1008 2364 indigni
1043 2293 1357 2363 judicemur
1380 2293 1582 2348 divinis
1619 2295 1848 2364 nuptiis.

610 2470 681 2524 Et
730 2471 1092 2540 congregravit
1137 2487 1225 2524 eos
1262 2469 1316 2523 in
1364 2469 1559 2523 locum.
1609 2469 1872 2539 Malignos
1907 2471 2135 2540 Spiritus

529 2562 676 2618 "dicit
706 2563 761 2617 in
811 2563 1048 2632 quodam
1081 2561 1202 2617 loco
1234 2559 1616 2617 accumulass'e
1644 2578 1740 2618 eos
1781 2563 1876 2632 qui
1907 2572 2040 2618 tunc
2066 2565 2133 2618 ah

531 2635 680 2725 ipsis
729 2655 940 2708 seducti
991 2652 1197 2708 fuerint
1242 2669 1255 2704 :
1306 2653 1489 2706 locum
1523 2662 1702 2707 autem
1751 2654 1992 2724 intelligo
2047 2654 2136 2708 hic

541 2757 780 2815 tempus.
835 2745 892 2799 In
949 2747 1052 2800 hoc
1102 2746 1271 2815 igitur
1307 2755 1555 2815 tempore
1601 2744 1808 2798 inventi
1859 2746 1913 2798 hi
1960 2747 2052 2814 qui
2103 2760 2134 2797 a

543 2840 796 2908 malignis
828 2840 1116 2910 spiritibus
1146 2839 1364 2909 decepti
1401 2837 1630 2903 fuerint,
1664 2840 2064 2908 separationem
2103 2854 2135 2894 a

543 2949 602 2988 se
634 2942 824 2986 mutuo
859 2932 1168 3001 acquirent.
1201 2929 1335 2984 Nam
1363 2930 1468 2984 hoc
1493 2931 1903 3000 intelligendum
1930 2931 2136 2999 praebet

543 3025 810 3078 llehraica
858 3040 964 3078 vox
1016 3023 1355 3093 Ermagedon
1399 3024 1441 3076 si
1496 3024 1550 3077 in
1596 3032 1845 3076 nostram
1895 3023 2134 3092 linguam

544 3125 963 3171 transmutctur.
1013 3115 1075 3169 Et
1120 3131 1372 3185 quaenam
1428 3117 1530 3169 erit
1585 3115 1906 3184 separatio?
1953 3115 2133 3170 Divini

546 3209 781 3278 Spiritus
808 3208 1026 3273 divisio,
1059 3209 1150 3278 qui
1186 3217 1296 3262 tota
1333 3208 1433 3262 hac
1465 3207 1572 3262 vita
1599 3207 1739 3277 apud
1774 3223 2132 3278 unumquem-

543 3318 649 3370 que
677 3301 949 3354 hominem
1001 3308 1219 3364 manet,
1254 3301 1333 3353 sic
1378 3309 1436 3352 ut
1478 3314 1545 3352 ne
1583 3299 1734 3369 perdi
1785 3300 2006 3368 quidem
2044 3307 2140 3353 aut

543 3395 706 3462 abjici
739 3393 912 3463 possit
943 3411 955 3447 :
995 3393 1164 3446 robur
1190 3401 1461 3462 praastans
1488 3392 1617 3447 dum
1653 3408 1763 3447 non
1799 3393 2138 3448 declinamus

543 3487 609 3540 ad
643 3486 890 3540 meliora.
921 3481 1215 3555 Postquam
1250 3495 1432 3539 autem
1462 3486 1724 3541 transitus
1748 3501 1776 3539 a
1809 3485 1975 3540 rebus
2001 3501 2141 3555 pra:-

544 3579 792 3633 sentibus
831 3578 898 3632 ad
943 3593 1006 3632 ea
1052 3595 1176 3647 qum
1216 3588 1363 3632 certe
1397 3593 1524 3632 vera
1575 3588 1705 3633 sunt
1753 3589 1808 3633 et
1851 3590 2136 3649 perpetua,

543 3671 689 3724 circa
721 3679 938 3738 tempus
980 3668 1175 3722 mortis
1212 3669 1558 3732 incubuerit,
1597 3669 1664 3723 ab
1702 3669 1788 3724 his
1831 3669 1884 3722 in
1939 3671 2139 3739 quibus

543 3762 791 3815 divinum
825 3775 1025 3815 munus
1053 3767 1338 3829 acceptum
1374 3761 1654 3814 inventum
1683 3760 1846 3815 fuerit
1869 3761 2137 3828 occisum,

545 3852 862 3917 auferetur,
895 3863 1050 3923 parta
1081 3869 1176 3922 per
1204 3853 1543 3923 operationis
1581 3854 1868 3924 segnitiem
1914 3869 2139 3923 separa-

547 3947 718 4009 tione,
755 3955 810 4001 et
833 3946 992 4016 juxta
1028 3947 1378 4002 severitatem
1422 3947 1826 4018 evangelicam,
1862 3964 1990 4016 pars
2018 3948 2138 4017 ejus

545 4039 638 4108 qui
666 4037 1054 4110 fueritjudicio
1077 4041 1376 4096 damnatus
1405 4055 1530 4096 eum
1561 4041 1859 4112 hypocritis
1885 4051 2136 4110 ponetur.

1147 4153 1381 4228 CAPUT
1426 4173 1532 4228 LII.

546 4285 700 4351 Quod
743 4303 836 4356 per
884 4289 1160 4356 septimam
1206 4287 1422 4357 plagam
1471 4288 1676 4357 grando
1707 4295 1758 4342 ct
1807 4296 2139 4342 terrwmotus

989 4360 1122 4427 ﬁant
1149 4361 1402 4412 adversus
1429 4359 1684 4411 homines.

618 4467 760 4533 XVI,
805 4467 996 4522 17-19.
1042 4467 1110 4520 Et
1147 4469 1401 4537 septimus
1433 4468 1652 4538 angelus
1679 4469 1865 4538 effudit
1898 4471 2137 4540 phialam
2168 4470 2214 4524 D

547 4576 698 4612 suam
741 4559 794 4610 iu
831 4574 1028 4612 aerem.
1062 4557 1131 4610 Et
1173 4559 1338 4612 exivit
1378 4574 1477 4612 vox
1506 4575 1698 4628 magna
1732 4577 1763 4613 a
1811 4561 2002 4629 templo
2031 4560 2146 4614 caeli

548 4655 611 4700 de
634 4650 842 4711 throno,
873 4647 1050 4700 dicens
1070 4663 1089 4700 :
1125 4645 1352 4700 Factum
1378 4656 1478 4700 est.
1517 4646 1579 4700 Et
1606 4649 1755 4716 facta
1783 4659 1905 4702 sunt
1928 4649 2146 4718 fulgura

549 4747 598 4790 et
633 4739 868 4791 tonitrua
910 4747 958 4792 et
993 4754 1170 4804 voces,
1219 4750 1266 4793 et
1320 4747 1654 4794 terminatus
1703 4756 1928 4810 magnus
1967 4741 2144 4810 qualis

553 4847 653 4883 non
679 4830 780 4898 fuit
805 4847 836 4882 a
863 4840 1094 4900 tempore
1115 4848 1216 4902 quo
1241 4832 1476 4887 homines
1505 4834 1718 4900 [uerunt
1744 4850 1900 4902 super
1923 4844 2140 4899 terram,

553 4920 678 4973 talis
727 4931 1055 4978 terra’motus
1100 4926 1232 4980 adeo
1264 4941 1510 4995 magnus.
1549 4923 1620 4978 Et
1651 4925 1822 4979 divisa
1861 4926 2023 4996 787
2066 4934 2144 4980 est

552 5013 740 5066 ciuitas
771 5029 964 5083 magna
991 5016 1045 5069 in
1079 5026 1180 5071 tres
1209 5025 1386 5086 partes
1407 5057 1423 5080 ,
1455 5025 1506 5071 et
1535 5018 1770 5072 civitates
1800 5018 2034 5086 gentium
2061 5032 2146 5070 ce-

552 5103 814 5160 ciderunt.

631 5287 731 5342 llic
785 5286 841 5340 in
899 5300 1081 5342 aerem
1144 5288 1341 5345 effudit
1381 5289 1644 5360 phialam,
1675 5304 1742 5344 eo
1773 5290 1917 5359 quod
1964 5290 2145 5344 omnis

552 5378 816 5448 pestifera
840 5379 1124 5448 corruptio
1164 5395 1230 5434 ex
1257 5395 1383 5437 aere
1433 5382 1790 5450 producatur,
1827 5383 1988 5452 idque
2044 5395 2137 5436 co-

553 5475 964 5530 ruscatlonibus
984 5475 1302 5546 ardentibus
1323 5485 1374 5530 et
1407 5478 1700 5533 tonitribus
1723 5477 2132 5533 resonantibus.

554 5567 601 5619 A
628 5566 814 5623 divino
839 5576 1019 5622 autem
1048 5567 1249 5638 templo
1294 5567 1436 5624 facta
1467 5580 1550 5627 est
1605 5587 1732 5638 vox,
1755 5573 1860 5626 hoc
1914 5578 2020 5632 est,
2067 5569 2136 5622 ah

558 5657 646 5714 his
673 5659 767 5729 qui
803 5659 1060 5714 diviniori
1098 5660 1258 5715 modo
1290 5665 1352 5714 ad
1378 5678 1531 5717 sacra
1559 5675 1688 5718 sunt
1738 5662 1979 5729 addmti,
2007 5661 2135 5732 qui-

631 5811 746 5878 (55)
784 5813 966 5880 Ἐκτός
999 5814 1143 5883 vulg.

2235 1914 2363 1969 τοῦ.
2403 1914 2695 1981 Ἐπέμεινε
2734 1914 2801 1980 τῇ
2842 1913 3020 1980 τροπῇ
3061 1903 3154 1961 τοῦ
3201 1907 3457 1959 κλέπτου.
3485 1908 3575 1956 Διὸ
3607 1904 3701 1954 καὶ
3719 1920 3822 1970 φυ-

2234 2005 2408 2076 λακὴν
2438 2006 2533 2058 καὶ
2549 2005 2882 2074 ἐγρήγορσιν
2922 2003 3113 2070 εἴρηκε
3151 1999 3400 2068 γίνεσθαι
3425 1997 3533 2048 τῶν
3560 1993 3816 2064 ἱματίων,

2236 2098 2384 2159 ὅπως
2415 2096 2490 2166 μὴ
2519 2095 2830 2148 ἀπόλωνται
2865 2092 2953 2144 διὰ
2981 2089 3308 2154 κενοδοξίας.
3341 2088 3554 2158 Ἰμάτια
3578 2086 3685 2157 γὰρ
3722 2087 3820 2145 τὰς

2236 2191 2440 2260 ἀρετὰς
2479 2189 2654 2251 καλεῖ,
2702 2187 2790 2240 ἵνα
2829 2187 2904 2256 μὴ
2949 2188 3015 2254 τῇ
3071 2187 3276 2237 τούτων
3324 2182 3587 2250 ἀποϐολῇ,
3623 2179 3822 2247 γυμνοὶ

2236 2282 2556 2353 εὑρεθέντες
2597 2280 2629 2348 ἢ
2672 2281 2765 2332 καὶ
2817 2279 3118 2349 ρυπῶντες,
3158 2277 3366 2340 ἀνάξιοι
3421 2274 3695 2344 κριθῶμεν
3726 2271 3821 2324 τοῦ

2238 2374 2383 2427 θείου
2418 2373 2619 2442 γάμου.

2309 2462 2784 2532 Καὶσυνήγαγεν
2804 2459 3122 2524 αὐτοὺςεις
3148 2457 3256 2510 τὸν
3285 2458 3493 2510 τόπον.
3510 2456 3590 2508 Τὰ
3610 2454 3822 2522 πονηρὰ

2237 2559 2388 2625 λέγει
2419 2555 2707 2624 πνεύματα
2737 2554 2794 2606 ἐν
2823 2570 2930 2604 τινι
2956 2553 3108 2621 τόπῳ
3147 2549 3496 2620 συμφορῆσαι
3526 2547 3650 2609 τοὺς
3673 2563 3820 2614 τηνι-

2239 2651 2371 2705 κάδε
2418 2651 2512 2702 ὑπ’
2544 2646 2725 2702 αὐτῶν
2779 2645 3182 2714 ἀπατηθέντας.
3214 2641 3392 2692 Τόπον
3429 2638 3537 2706 γὰρ
3589 2636 3684 2690 νῦν
3729 2638 3822 2686 τὸν

2239 2744 2433 2814 καιρὶν
2483 2740 2798 2796 ἀκουστέον.
2841 2737 2932 2808 Τῷ
2977 2740 3154 2806 καιρῷ
3186 2734 3364 2787 τοίνυν
3421 2730 3596 2800 τούτῳ
3627 2729 3677 2782 οἱ
3716 2729 3822 2780 ὑπὸ

2239 2834 2498 2906 πονηρῶν
2512 2833 2839 2903 πνευμάτων
2867 2827 3237 2898 ἁπατηθέντες
3255 2821 3824 2891 καταλαμϐανόμενοι,

2239 2928 2525 2994 τεύξονται
2557 2924 2848 2992 διακοπῆς.
2875 2923 3047 2974 Τοῦτο
3077 2919 3187 2989 γὰρ
3224 2913 3578 2988 Ἐρμαγεδὼν
3620 2915 3654 2984 ἡ
3699 2913 3819 2964 Ἐὖ-

2242 3020 2408 3094 ραῖκὴ
2441 3018 2584 3082 λέξις
2613 3020 2692 3080 είς
2721 3017 2820 3087 τὴν
2883 3013 3090 3067 Ελλάδα
3133 3007 3643 3080 διαπορθμευομένη
3683 3008 3823 3058 νοεῖν

2244 3113 2499 3184 παρέχει.
2525 3112 2634 3163 Καὶ
2658 3109 2741 3172 τίς
2769 3110 2802 3178 ὴ
2853 3107 3124 3176 διακοπής
3171 3100 3350 3155 Ἢτοῦ
3383 3101 3525 3153 θείου
3561 3097 3824 3166 διαίρεσις

2241 3205 2604 3276 χαρίσματος,
2637 3203 2773 3270 ὅπερ
2802 3197 3077 3268 ἀνθρώπῳ
3109 3195 3272 3248 παντὶ
3312 3194 3462 3262 παρά
3520 3192 3702 3243 πᾶσαν
3727 3188 3823 3258 τὴν

2242 3294 2524 3364 παροῦσαν
2556 3291 2702 3362 ζωὴν
2734 3287 3130 3357 ἀναποσλήτως
3161 3280 3613 3354 συμπαρεδρεῦον
3661 3280 3821 3350 ἐπίρ-

2246 3390 2414 3458 ρωσιν
2449 3385 2684 3454 παρέχει
2737 3384 2858 3444 ταῖς
2887 3380 3024 3452 πρὸς
3054 3378 3122 3430 τὰ
3153 3377 3388 3450 κρείττω
3411 3374 3565 3445 ἡμῶν
3597 3371 3826 3425 ἀπονεύ-

2245 3495 2422 3532 σεσιν.
2465 3475 2715 3528 Ἐπειδὰν
2747 3473 2803 3524 δὲ
2826 3474 2859 3542 ἡ
2891 3470 2997 3524 ἀπὸ
3023 3469 3130 3522 τῶν
3165 3467 3374 3520 ἐνθένδε
3409 3464 3705 3536 μετάϐασις
3733 3461 3824 3513 ὲτιὶ

2241 3569 2310 3622 τὰ
2343 3570 2511 3630 ὅντως
2543 3565 2721 3636 ἀληθῆ
2761 3563 2856 3617 καὶ
2884 3561 3078 3614 αἰώνια
3107 3561 3302 3629 ἐπιστῇ
3319 3557 3460 3610 κατὰ
3485 3555 3575 3607 τὸν
3604 3553 3697 3605 τοῦ
3731 3556 3826 3604 θα-

2244 3661 2406 3713 νάτου
2435 3660 2647 3728 καιρδν,
2676 3659 2732 3708 ὲν
2758 3653 2838 3719 οἷς
2872 3656 3041 3725 ἀργὸν
3058 3655 3120 3706 τὸ
3141 3652 3281 3704 θεῖον
3313 3651 3561 3720 χάρισμα
3600 3646 3819 3716 εὑρεθῇ,

2242 3750 2532 3820 διαιρεῖται
2581 3747 2641 3799 τὸ
2694 3747 2802 3800 ἀπὸ
2855 3745 3010 3798 τοῦδε
3042 3742 3133 3812 ἀφ’
3162 3734 3222 3794 οὗ
3261 3740 3445 3793 λαϐεῖν
3481 3735 3818 3800 ἀξιωθέντος,

2242 3841 2446 3894 νωθεία
2500 3837 2766 3910 ἐργασίας
2825 3837 2925 3908 τὴν
2955 3835 3246 3905 ἀφαίρεσιν
3291 3828 3673 3902 προεξένησεν,
3728 3825 3824 3876 καὶ

2241 3932 2387 3986 κατά
2414 3929 2513 4000 τὴν
2553 3927 2916 3998 εὐαγγελικὴν
2958 3924 3286 3995 ἀποτομίαν,
3320 3923 3379 3975 τὸ
3409 3922 3572 3992 μέρος
3601 3917 3696 3970 τοῦ
3725 3933 3826 3971 κα-

2243 4023 2471 4080 ταδίκου
2507 4023 2646 4094 μετά
2675 4022 2782 4075 τῶν
2827 4018 3139 4091 ὑποκριτῶν
3170 4017 3398 4070 τίθεται.

2811 4133 3062 4186 ΚΕΦΑΛ.
3122 4131 3169 4183 Ν
3178 4131 3247 4184 Β’.

2244 4255 2450 4320 Ὅπως
2475 4250 2572 4304 διὰ
2590 4248 2698 4317 τῆς
2721 4247 2991 4320 scodan
3030 4244 3255 4320 χάλαζα
3281 4242 3378 4294 καὶ
3407 4239 3657 4308 σεισμὸς
3678 4237 3828 4292 κατὰ

2669 4319 2787 4372 τῶν
2807 4316 3136 4384 ἀνθρώπων
3165 4316 3410 4383 γίνεται.

2314 4460 2423 4516 Kal
2479 4462 2512 4513 ό
2572 4457 2823 4527 ἕϐδομος
2874 4454 3128 4524 ἄγγελος
3187 4451 3386 4520 ἐξέχεε
3434 4454 3550 4517 τὴν
3599 4446 3830 4516 φιάλην

2247 4553 2434 4610 αὐτοῦ
2473 4551 2569 4605 ἐπὶ
2598 4551 2704 4604 τὸν·
2756 4549 2923 4617 ἀέρα.
2961 4547 3067 4602 Kal
3096 4545 3319 4614 ἐξῆλθε
3361 4542 3533 4612 φωνὴ
3595 4539 3827 4611 μεγάλη

2246 4647 2365 4702 ἀπὸ
2400 4645 2506 4700 τοῦ
2534 4643 2687 4698 ναοῦ
2711 4643 2816 4696 τοῦ
2856 4639 3116 4710 οὐρανοῦ
3151 4637 3271 4692 ἀπὸ
3297 4637 3404 4690 τοῦ
3442 4636 3682 4704 θρόνου,
3730 4630 3831 4686 λέ-

2245 4755 2440 4809 γουσα
2462 4754 2475 4767 ·
2500 4736 2743 4806 Γέγονε.
2772 4733 2877 4788 Καὶ
2896 4733 3177 4802 ἐγένοντο
3193 4728 3494 4796 ἀστραπαὶ
3521 4726 3618 4779 καὶ
3643 4725 3830 4792 ,ϐρον-

2249 4833 2347 4886 ταί
2377 4833 2474 4885 καὶ
2507 4830 2699 4900 φωναὶ
2739 4830 2836 4883 καὶ
2868 4825 3123 4895 σεισμὸς
3145 4825 3357 4894 μέγας,
3393 4816 3516 4886 οἷος
3551 4822 3660 4872 οὐκ
3698 4815 3830 4884 ὲγέι

2243 4944 2405 4990 vero,
2441 4926 2544 4994 ἀφ’
2581 4921 2653 4981 οὗ
2686 4927 2740 4977 ol
2780 4923 3079 4990 ἄνθρωποι
3114 4917 3394 4988 ἐγένοντο
3425 4913 3524 4968 ἐπὶ
3561 4911 3671 4979 τῆς
3695 4909 3829 4980 γῆς,

2244 5019 2604 5084 τηλικοῦτος
2655 5016 2911 5085 σεισμὸς
2939 5014 3092 5068 οὕτω
3114 5010 3327 5081 μέγας.
3361 5008 3471 5062 Kal
3496 5005 3738 5074 ἐγένετο
3791 5004 3830 5071 ἠ

2245 5114 2426 5177 πόλις
2459 5112 2496 5180 ἢ
2517 5109 2751 5180 μεγάλη
2781 5111 2869 5174 εἰς
2894 5108 3029 5175 τρία
3055 5105 3230 5176 μέρη,
3256 5102 3355 5157 καὶ
3389 5102 3450 5154 al
3477 5099 3687 5163 πόλεις
3715 5094 3834 5149 τῶν

2243 5203 2437 5260 ἐθνῶν
2470 5204 2719 5257 ἕπεο-ον.

2330 5295 2453 5350 Ἐπὶ
2484 5295 2577 5349 τὸν
2606 5295 2743 5366 ἀέρα
2768 5293 2943 5356 οὕτως
2963 5291 3197 5361 ἐξέχεεν,
3226 5287 3301 5350 ῶς
3325 5285 3506 5354 πάσης
3527 5277 3829 5350 λοιμώδους

2244 5387 2544 5458 διαφθορᾶς
2570 5388 2634 5439 ὲκ
2671 5384 2766 5439 τοῦ
2803 5386 2966 5454 ἀέρος
3010 5378 3408 5450 ὑφισταμένης,
3448 5374 3543 5427 καὶ
3571 5373 3628 5423 ὲν
3656 5369 3830 5436 τούτῳ

2244 5478 2547 5548 ἀστραπῶν
2570 5476 3012 5546 σελαγιζομένων
3029 5469 3386 5542 καιβροντῶν
3409 5468 3623 5535 ἀπηχου
3633 5461 3829 5532 μένων.

2261 5568 2398 5622 Ἀπὸ
2432 5568 2525 5621 τοῦ
2571 5569 2828 5638 οὐρανίου
2863 5566 2920 5619 δὲ
2948 5563 3079 5618 ναοῦ
3109 5566 3142 5634 ἡ
3189 5561 3344 5631 φωνὴ
3376 5559 3593 5626 γέγονε,
3645 5550 3829 5638 τουτέ-

2247 5678 2390 5730 στιν,
2425 5662 2533 5716 ἀπὸ
2567 5637 2675 5716 τῶν
2702 5660 2993 5730 θειοτέρως
3027 5649 3602 5729 μυσταγωγουμένων,
3626 5637 3703 5700 ὧν
3731 5642 3833 5694 οὐκ
