4164 6408
414 390 519 453 713

1471 384 1860 446 COMMENT.
1911 384 1987 445 IN
2031 384 2560 448 APOCALYPSIN.

3567 382 3671 448 714

413 503 570 563 ἄλλος
625 497 918 566 κατάρχει.
965 497 998 566 ἢ
1040 488 1199 566 μόνος
1265 496 1294 548 6
1348 495 1691 565 ὑπερουσίως
1740 495 1997 549 ἁπάντων

2109 495 2202 550 bus
2223 510 2331 550 non
2368 496 2504 549 alius
2530 493 2783 564 praesidet
2815 508 2974 564 quam
3015 491 3164 548 solus
3219 491 3309 550 ille
3351 494 3444 564 qui
3482 510 3673 564 supcr-

413 590 815 663 ὑπερκείμενος
844 589 1181 659 γενετάρχης
1203 589 1358 652 Θεός.
1390 589 1566 640 Τοῦτο
1598 587 1706 658 γὰρ
1741 590 1769 640 6
1803 587 1994 660 θρόνος

416 685 672 758 βούλεται
698 682 994 752 παριστᾷν.

484 777 590 831 Καὶ
623 775 905 844 ἐγένοντο
939 771 1241 841 ἀστραπαί
1271 771 1366 825 καὶ
1381 771 1643 840 σβρονταί
1672 773 1769 825 καὶ
1804 770 1995 841 φωναί

413 869 511 924 καὶ
537 867 815 934 σεισμός.
862 865 1172 935 Ἀστραπαὶ
1201 866 1296 918 καὶ
1329 863 1578 934 βρονταὶ,
1611 865 1706 916 ἀπ’
1738 862 1992 934 ούρανοῦ.

413 964 596 1016 Φωναὶ
629 960 688 1013 δὲ
715 959 826 1014 τῶν
853 959 946 1011 ἐπὶ
987 957 1091 1025 γῆς
1118 956 1227 1009 ἀπὸ
1255 957 1350 1010 τοῦ
1380 956 1534 1019 δέους
1562 955 1674 1009 τῶν
1713 954 1995 1024 καταπληο

414 1055 618 1110 κτικῶν
641 1052 966 1122 γινομένων.
999 1051 1234 1120 Σεισμδς
1259 1049 1337 1113 δὲ,
1362 1049 1550 1111 κλόνος
1580 1048 1678 1117 τῆς
1713 1048 1837 1116 γῆς,
1873 1049 1998 1100 ἐπεὶ

416 1146 705 1202 καὶτοῦτο
735 1146 794 1198 ὲν
835 1145 950 1206 τοῖς
991 1141 1242 1211 σημείοις
1289 1139 1384 1194 τοῦ
1419 1139 1610 1202 τέλους
1660 1138 1994 1208 περιέχεται.

419 1240 487 1291 ‘ll
519 1235 746 1306 σεισμὸν
800 1233 974 1301 λέγει,
1005 1232 1106 1302 τὴν
1161 1228 1522 1301 μεταποίησιν
1565 1229 1659 1282 καὶ
1693 1227 1997 1298 μεταϐολὴν

417 1332 524 1386 τῶν
559 1326 816 1399 φθαρτῶν
846 1327 940 1380 ἐπὶ
968 1325 1030 1378 τὸ
1059 1323 1358 1393 ἄφθαρτον,
1381 1322 1409 1376 ὃ
1438 1321 1591 1374 ἔσται
1620 1322 1728 1374 ἀπὸ
1750 1322 1848 1390 τῆς
1873 1319 1997 1372 δευ-

425 1424 587 1493 τέρας
610 1418 852 1491 Χριστοῦ
880 1414 1206 1488 παρουσίας.
1241 1414 1314 1467 Τὸ
1344 1413 1422 1478 δὲ,
1472 1408 1598 1478 οἶος
1629 1412 1700 1466 οὐ
1729 1411 1993 1480 γέγονεν.

419 1515 644 1570 Οὐδέπω
691 1512 802 1582 γὰρ
853 1507 1080 1578 τοιαύτη
1138 1505 1450 1576 μεταλλαγὴ
1499 1505 1691 1574 γέγονε
1755 1503 2009 1576 φθαρτοῦ

421 1608 626 1677 κόσμου
654 1603 752 1658 ἐπὶ
789 1601 851 1656 τδ
869 1600 1144 1671 ἄφθαρτον
1173 1597 1268 1652 καὶ
1293 1596 1622 1662 διαιωνίζον.

489 1782 597 1837 Καὶ
635 1779 872 1851 ἐγένετο
918 1777 957 1844 ἡ
999 1778 1180 1841 πόλις
1212 1776 1249 1844 ή
1285 1774 1540 1844 μεγάλη.
1576 1773 1711 1840 Περὶ
1754 1772 1854 1841 τῆς
1897 1771 1995 1825 Ἰεο

421 1873 704 1944 ρουσαλὴμ
757 1867 1010 1940 εἰρῆσθαί
1075 1883 1223 1928 τινες
1291 1865 1606 1930 ἐξεδέξαντο
1651 1862 1847 1926 ταῦτα,
1895 1863 1995 1932 οὐχ

417 1965 564 2018 οὑτω
589 1961 786 2032 πλήθει
817 1957 1125 2030 ἀνθρώπων
1159 1958 1256 2010 καὶ
1306 1956 1623 2026 κτισμάτων
1655 1953 1996 2025 μεγαλοπρε-

420 2055 540 2106 πῶν
573 2052 650 2122 τῷ
675 2049 960 2121 ,μεγαλείῳ
995 2046 1262 2118 αὑχούση,
1294 2045 1369 2109 ὡς
1394 2047 1507 2108 τοῖς
1536 2043 1774 2115 Χριστοῦ
1797 2043 1996 2098 πάθεσι

418 2143 514 2195 καὶ
552 2145 615 2212 τῇ
649 2141 789 2196 κατὰ
843 2137 1084 2210 Χριστὸν
1118 2135 1404 2207 ἐπιδημία.
1447 2137 1523 2188 Δι’
1555 2135 1591 2189 ὃ.
1621 2135 1716 2189 καὶ
1761 2135 1998 2188 ἀντιδια-

421 2235 701 2289 στέλλεται
738 2233 846 2286 τῶν
905 2229 1111 2283 λοιπῶν
1158 2229 1390 2292 πόλεων,
1421 2227 1488 2290 ἃς
1534 2228 1630 2280 καὶ
1663 2225 1886 2288 ἐθνικὰς
1929 2226 1996 2293 τῇ

420 2327 613 2398 Γραφῇ
646 2326 769 2389 ἔθος
821 2324 1028 2378 καλεῖν.
1065 2321 1173 2376 Τού
1195 2320 1305 2391 γὰρ
1366 2318 1585 2389 Ἰσραὴλ
1633 2318 1822 2389 χωρὶς,
1872 2315 1999 2378 τοὺς

421 2418 620 2480 ἄλλους
646 2415 967 2486 ἀνθρώπους
994 2412 1122 2483 ἔθνη
1155 2411 1315 2466 εἴωθε
1346 2408 1796 2481 προσαγορεύειν.
1855 2406 2001 2460 Ταύ-

420 2528 519 2580 της
548 2510 606 2563 δὲ
639 2509 672 2578 ή
719 2509 798 2570 είς
830 2507 959 2578 τρία
1015 2505 1159 2576 μέρη
1191 2503 1458 2574 διαίρεσις
1487 2501 1550 2555 τὸ
1596 2500 1707 2554 τῶν
1760 2501 1820 2552 ἐν
1861 2497 1999 2568 αὐτῇ

423 2599 829 2655 κατοικούντων
853 2597 1142 2670 σημαίνειν
1157 2596 1416 2664 διάφορον
1441 2594 1710 2664 βούλεται,
1737 2592 2001 2660 Χριστια-

422 2693 548 2757 νῶν,
590 2690 882 2754 Ἰουδαίων,
913 2687 1291 2759 Σαμαρειτῶν.
1325 2687 1440 2740 Οὐκ
1468 2685 1700 2755 ἄκαιρον
1744 2683 1805 2736 δὲ
1849 2681 2004 2736 πόλιν

425 2783 672 2855 μεγάλην
721 2781 814 2836 τὸν
871 2781 1117 2851 παρόντα
1163 2779 1369 2848 κόσμον
1427 2775 1855 2847 ὑπολαμϐάνειν,
1923 2773 2003 2835 είς

423 2878 548 2945 τρία
579 2875 722 2944 μέρη
752 2873 1150 2945 ἀφοριζόμενον
1170 2872 1279 2925 ἀπὸ
1297 2871 1393 2940 τῆς
1415 2867 1655 2940 Χριστοῦ
1676 2866 2001 2938 παρουσίας,

424 2971 500 3032 είς
535 2969 626 3021 τὸν
661 2969 758 3037 τῆς
799 2965 1120 3036 Ἑλληνικῆς
1168 2961 1525 3032 ἐπικρατείας
1563 2959 1777 3030 καιρὸν,
1809 2959 1887 3021 εἰς
1911 2957 2004 3011 τὸν

2033 1840 2073 1895 Β

2097 587 2444 640 substantiali
2496 589 2662 641 modo
2711 595 2942 641 cunctos
2995 585 3409 654 supereminet,
3457 587 3674 656 primus

2098 695 2296 748 parens
2329 679 2506 746 Deus;
2544 695 2668 733 nam
2695 679 2744 733 id
2788 677 3099 748 signiﬁcare
3120 677 3223 731 sibi
3264 676 3382 732 vult
3419 678 3673 732 thronus.

2173 772 2240 826 Et
2270 773 2420 842 facta
2453 781 2578 826 sunt
2615 773 2833 842 fulgura
2862 781 2912 826 et
2955 774 3188 826 tonitrua
3205 783 3416 826 etvoces
3445 781 3494 825 et
3525 779 3678 824 terra:

2099 875 2294 921 motus.
2321 864 2558 936 Fulgura
2604 875 2658 920 et
2706 865 2942 919 tonitrua
2983 865 3051 919 de
3095 867 3259 930 male,
3288 878 3450 920 voces
3491 872 3677 918 autem

2099 955 2274 1010 abhis
2299 955 2392 1024 qui
2428 957 2479 1008 in
2507 965 2651 1010 terra
2697 970 2803 1025 pra
2845 956 3039 1009 timore
3081 955 3420 1010 consternati
3469 962 3674 1008 erant:

2101 1055 2258 1099 terra
2288 1054 2472 1100 motus
2501 1061 2651 1110 vero,
2713 1046 2816 1100 hoc
2853 1054 2936 1100 est
2972 1046 3256 1115 quassatio
3313 1061 3378 1100 ac
3437 1044 3679 1100 turbatio

2099 1145 2280 1201 terrae,
2311 1151 2438 1191 nam
2474 1136 2790 1207 huiusmodi
2821 1137 2981 1191 linem
3009 1137 3164 1207 signa
3190 1138 3437 1194 obtinere
3474 1136 3674 1192 solent.

2099 1229 2208 1281 Aut
2261 1237 2422 1282 terrae
2449 1237 2658 1281 motum
2705 1227 2839 1283 dicit
2879 1228 3360 1297 transpositionem
3410 1236 3467 1282 et
3499 1235 3680 1281 muta-

2101 1319 2302 1374 tionem
2347 1333 2379 1372 a
2427 1318 2879 1388 corruptibilibus
2929 1318 2996 1372 ad
3043 1318 3497 1388 incorruptibilia,
3528 1319 3675 1388 quod

2099 1410 2202 1466 erit
2236 1427 2263 1463 a
2296 1409 2539 1465 secundo
2569 1410 2769 1464 Christi
2817 1410 3075 1466 adventu.
3116 1410 3205 1463 Ait
3232 1419 3436 1474 autem,
3494 1409 3670 1479 quatis

2102 1502 2336 1570 nonfuit
2375 1519 2394 1556 :
2429 1502 2670 1557 nondum
2709 1501 2858 1557 enim
2900 1501 3026 1557 talis
3061 1501 3203 1556 facta
3252 1510 3337 1558 est
3377 1501 3608 1555 mutatio
3641 1517 3673 1556 a

2103 1595 2442 1666 corruptibili
2493 1595 2700 1650 mundo
2751 1595 2818 1650 ad
2867 1593 3335 1664 incorruptibilcm
3391 1603 3446 1647 et
3485 1593 3682 1663 sempi-

2103 1695 2337 1740 ternum.
2987 1728 2991 1732 .
3648 1731 3652 1734 _

2174 1774 2240 1829 Et
2271 1776 2441 1830 divisa
2463 1786 2540 1831 est
2577 1777 2764 1832 ciuitas
2813 1794 3029 1849 magna.
3060 1775 3320 1833 Nonnulli
3349 1783 3684 1846 acceperunt

2107 1878 2165 1921 ut
2197 1867 2309 1921 hare
2331 1866 2397 1921 de
2419 1865 2727 1923 Jerusalem
2759 1868 3073 1924 dicerentur
3105 1884 3120 1922 :
3157 1883 3266 1922 non
3295 1869 3431 1922 adeo
3460 1875 3683 1935 propter

2108 1961 2390 2015 hominum
2419 1959 2825 2014 multitudinem
2875 1968 2972 2014 aut
3014 1959 3310 2013 maximam
3360 1957 3681 2027 iactantiam

2108 2052 2523 2123 magnilicarum
2599 2051 3017 2122 possessionum
3047 2089 3062 2114 ,
3115 2061 3381 2120 quantum
3465 2058 3684 2120 propter

2107 2145 2310 2199 Christi
2363 2143 2672 2213 passionem
2735 2158 2801 2198 ac
2872 2143 3411 2213 peregrinationem;
3463 2151 3686 2212 propter

2109 2237 2255 2307 quod
2287 2237 2452 2292 ctiam
2487 2251 2551 2291 ex
2575 2235 2805 2291 adverso
2829 2236 3116 2306 distinguit
3147 2236 3384 2305 reliquas
3411 2235 3682 2299 civitates,

2109 2343 2246 2396 quas
2277 2329 2446 2383 moris
2475 2335 2558 2382 est
2576 2310 2933 2396 in’Seriptura
2965 2341 3161 2381 vocare
3193 2325 3526 2396 gentilitias:
3557 2341 3683 2378 nam

2112 2419 2351 2488 reliquos
2405 2418 2655 2474 homines
2703 2422 2773 2472 ab
2803 2417 3063 2473 lsraelitis
3091 2417 3229 2472 solet
3269 2427 3456 2487 gentt-s
3503 2419 3686 2486 appel-

2111 2511 2242 2566 lare.
2283 2511 2457 2582 Hujus
2484 2520 2666 2565 autem
2713 2510 2766 2564 in
2802 2521 2911 2565 tres
2943 2519 3126 2578 partes
3147 2508 3348 2564 divisio
3399 2509 3514 2563 vult
3538 2507 3686 2564 desi-

2111 2619 2279 2674 gnare
2322 2603 2692 2659 diversitatem
2746 2615 2936 2657 eorum
3001 2601 3092 2672 qui
3133 2601 3187 2654 in
3233 2615 3294 2654 ea
3344 2600 3686 2664 habitabant,

2113 2709 2306 2764 nempe
2331 2691 2796 2755 Christianorum,
2815 2689 3156 2755 Judaeorutn,
3189 2688 3687 2744 Samaritanorum.

2112 2785 2228 2839 Non
2263 2785 2425 2839 fuerit
2455 2795 2636 2840 tamen
2661 2785 3104 2854 intempestivum
3120 2783 3398 2838 civitatem
3433 2798 3686 2852 magnam

2112 2877 2360 2948 accipere
2390 2885 2712 2946 praesentem
2764 2877 3028 2932 mundum
3065 2877 3118 2932 in
3163 2885 3272 2932 tres
3328 2886 3512 2946 partes
3539 2876 3689 2930 divi-

2112 2986 2233 3025 sum
2282 2971 2351 3025 ah
2383 2972 2618 3025 adventu
2667 2969 2910 3026 Christi:
2944 2981 3072 3040 puta
3116 2970 3170 3025 in
3203 2978 3416 3038 tempus
3469 2969 3686 3039 imperii

423 3061 522 3130 τῆς
551 3060 656 3113 ὑπὸ
683 3057 1026 3131 Χριστιανῶν
1053 3056 1320 3128 βασιλέων
1365 3053 1644 3119 ἐξουσίας,
1675 3053 1772 3105 καὶ
1804 3051 1885 3114 είς
1912 3049 2004 3103 τὸν

2115 3062 2455 3129 Graecorum,
2491 3062 2546 3117 in
2577 3071 2790 3132 tempus
2814 3061 3101 3133 potestatis
3126 3077 3312 3130 regum
3341 3060 3688 3116 Christiano-

425 3153 530 3206 ὑπὸ
553 3152 648 3206 τοῦ
691 3151 1066 3222 Ἀντιχρίστου
1099 3150 1197 3220 τῆς
1229 3148 1544 3220 ἐπιδημίας.
1585 3146 1780 3209 Πόλεις
1813 3144 1870 3198 δὲ
1896 3143 2002 3198 τῶν

423 3244 596 3298 ἐθνῶν
620 3245 676 3296 αί
711 3243 1032 3310 πίπτουσαι,
1073 3243 1195 3313 ἦτοι
1236 3242 1294 3295 αἱ
1324 3241 1574 3310 διάφοροι
1616 3237 1748 3309 περὶ
1786 3236 1886 3306 τὴν
1913 3237 2006 3289 εὑ-

425 3335 558 3406 σεϐἦ
601 3336 787 3388 πίστιν
823 3333 1128 3405 ὑπολήψεις
1167 3335 1235 3403 τῇ
1284 3331 1553 3401 διαφωνία
1609 3330 1672 3384 τὸ
1726 3328 2008 3382 εὑπτωτον

439 3427 818 3497 κληρούμεναι
839 3441 852 3455 °
883 3427 916 3496 ἣ
945 3427 1041 3479 καὶ
1074 3425 1237 3478 αὑταὶ
1268 3425 1325 3478 αἱ
1355 3424 1561 3487 πόλεις.

491 3519 601 3574 Καὶ
632 3515 920 3572 Βαϐυλὼν
967 3517 1006 3584 ἠ
1041 3515 1272 3586 μεγάλη
1301 3514 1576 3585 ἐμνήσθη
1617 3514 1875 3570 ἐνώπιον
1901 3514 2006 3568 τοῦ

428 3609 599 3676 Θεοῦ,
635 3608 848 3663 δοῦναι
902 3607 1060 3676 αὐτῇ
1093 3606 1160 3661 τὸ
1199 3605 1488 3676 ποτήριον
1543 3606 1651 3660 τοῦ
1680 3607 1851 3659 οἴνου
1901 3605 2008 3659 τοῦ

424 3700 617 3771 θυμοῦ
648 3699 761 3769 τῆς
788 3700 971 3770 (τργῆς
997 3699 1203 3759 αὐτοῦ.
1239 3699 1334 3752 καί
1368 3697 1537 3755 πᾶσα
1578 3698 1774 3766 νῆσος
1799 3699 2006 3768 ἔφυγε,

424 3795 522 3847 καὶ
552 3793 660 3861 ὄρη
711 3794 826 3861 οὐχ
858 3790 1214 3860 εὑρέθησαν.
1256 3789 1362 3845 Καί
1405 3788 1631 3859 χάλαζα
1654 3789 1887 3858 μεγάλη
1927 3790 2007 3855 ὡς

425 3887 775 3941 ταλαντιαία
806 3885 1148 3939 καταϐαίνει
1187 3883 1255 3936 ἐκ
1287 3883 1394 3938 τοῦ
1428 3882 1692 3951 οὐρανοῦ
1727 3883 1825 3936 ἐπὶ
1868 3880 2008 3947 τοὺς

424 3980 782 4045 ἀνθρώπους
804 3994 817 4008 °
855 3977 952 4031 καί
984 3976 1474 4046 ἐϐλασφήμησαν
1498 3977 1550 4028 οὶ
1576 3974 1873 4040 ἅνθρωποι
1901 3973 2009 4025 τὸν

429 4075 576 4124 Θεὸν
606 4072 675 4124 ἐκ
731 4070 841 4138 τῆς
873 4069 1113 4139 πληγῆς
1150 4068 1259 4138 τῆς
1312 4066 1594 4138 χαλάζης,
1639 4068 1728 4120 ὅτι
1773 4065 2006 4136 μεγάλη

423 4162 598 4216 ἐστίν
629 4163 668 4232 ἡ
699 4161 904 4230 πληγὴ
935 4161 1127 4230 αὐτῆς
1154 4159 1415 4230 σφόδρα.

501 4255 813 4319 Βαϐυλῶνα,
839 4255 900 4307 οὑ
923 4252 1022 4324 τὴν
1069 4252 1290 4322 Ῥώμην
1320 4252 1470 4320 λέγει
1497 4250 1595 4322 τὴν
1621 4249 1886 4314 παλαιὰν,
1921 4249 2007 4302 διὰ

425 4349 488 4401 τὸ
521 4350 577 4400 ὲν
607 4347 745 4418 αὐτῇ
797 4347 940 4399 κατὰ
980 4345 1110 4408 τοὺς
1149 4343 1494 4414 Ἑλληνικοὺς
1524 4343 1749 4415 χρόνους
1780 4342 2010 4404 πολλοὺς

2118 3171 2237 3208 rum
2272 3195 2288 3220 ,
2334 3163 2390 3208 et
2453 3152 2505 3206 in
2559 3161 2772 3222 tempus
2838 3152 3105 3206 adventus
3159 3150 3264 3205 sub
3331 3150 3691 3205 Antichristo.

2118 3245 2290 3299 Porro
2337 3243 2592 3298 cadentes
2625 3244 2865 3311 gentium
2924 3243 3195 3306 civitates,
3221 3251 3315 3296 aut
3353 3245 3517 3296 variae
3561 3249 3694 3295 sunt

2115 3339 2259 3392 circa
2294 3337 2417 3391 lidei
2456 3337 2713 3406 pietatem
2745 3336 3054 3406 opiniones,
3087 3351 3208 3404 qua:
3232 3335 3304 3389 ob
3335 3337 3422 3389 sui
3471 3335 3688 3389 discor-

2113 3428 2258 3482 diam
2293 3427 2451 3482 facile
2472 3427 2752 3491 decidunt,
2780 3436 2876 3482 aut
2915 3428 3045 3497 ipsa:
3062 3443 3281 3498 queque
3308 3427 3578 3481 civitates.

2184 3518 2331 3586 XVI,
2364 3519 2548 3573 l9-2l.
2589 3517 2658 3572 Et
2694 3519 2937 3588 Babylon
2967 3537 3160 3590 magna
3209 3519 3344 3574 uettit
3383 3519 3438 3573 in
3490 3535 3689 3572 memo-

2115 3614 2251 3666 riam
2303 3629 2478 3667 coram
2517 3611 2646 3676 Deo,
2676 3622 2734 3665 ut
2780 3612 2931 3667 daret
2977 3613 3078 3680 ipsi
3108 3612 3351 3678 poculum
3386 3612 3491 3666 viui
3545 3611 3690 3665 iuu’i-

2114 3707 2376 3780 gnationis
2407 3708 2501 3761 ira:
2529 3722 2661 3760 sure.
2695 3705 2763 3759 Et
2804 3707 2974 3760 omnis
3012 3707 3186 3760 insula
3228 3707 3386 3778 fugit,
3418 3715 3466 3758 et
3498 3718 3694 3759 mon'es

2115 3817 2216 3853 non
2236 3807 2359 3853 sunt
2391 3800 2607 3854 inventi.
2648 3799 2816 3870 788
2844 3797 2915 3852 Et
2951 3805 3154 3869 grando
3187 3815 3381 3868 magna
3411 3799 3562 3870 quasi
3620 3809 3698 3851 ta-

2113 3892 2241 3944 lenti
2295 3892 2524 3958 pondere
2577 3885 2841 3945 descendit
2903 3893 2968 3945 de
3032 3892 3158 3945 c.on
3201 3891 3256 3944 in
3299 3892 3531 3944 homines
3567 3907 3586 3944 :
3646 3902 3695 3945 et

2115 3982 2608 4046 blasphemaverunt
2675 3982 2912 4036 homines
2989 3983 3155 4037 Deum
3214 3994 3425 4052 prapler
3487 3982 3698 4053 plagam

2114 4075 2414 4144 grandinis,
2447 4076 2585 4144 quod
2611 4091 2804 4145 magna
2836 4086 2966 4129 esset
2996 4075 3151 4144 plaga
3197 4076 3312 4141 eius
3348 4075 3696 4128 vehementer.

2186 4253 2514 4324 Babylonem
2566 4252 2700 4307 dicit
2755 4267 2863 4306 non
2923 4260 3162 4305 veterem
3221 4248 3471 4315 Romam,
3521 4265 3697 4318 quan-

2114 4360 2275 4414 quam
2322 4347 2374 4399 in
2424 4359 2488 4399 ca
2551 4343 2892 4413 temporibus
2943 4341 3260 4397 Cra-eorum
3320 4339 3474 4393 multi
3521 4340 3696 4393 samti

427 4439 538 4493 τῶν
567 4437 741 4507 ἁγίων
795 4436 1090 4508 μαρτύρων
1139 4434 1330 4488 παθεῖν
1360 4434 1430 4487 τὰ.
1477 4434 1749 4504 ἀνήκεστα
1777 4449 1792 4464 ο
1823 4433 1883 4485 ού
1917 4431 2004 4484 τὸν

2115 4445 2383 4506 martyres
2417 4434 2636 4505 indigna
2665 4432 2810 4504 passi
2843 4433 2952 4488 sint
2978 4448 2994 4498 ;
3048 4445 3157 4485 non
3186 4429 3444 4484 mundum
3475 4429 3695 4482 univer-

2044 4556 2090 4613 ι)
2117 4543 2262 4591 sum,
2305 4542 2618 4597 quanquam
2657 4527 2803 4580 hunc
2850 4539 3070 4580 sensum
3119 4523 3361 4578 nonnulli
3416 4537 3699 4576 munimen-

427 4534 647 4586 ἅπαντα
667 4529 872 4599 κόσμον
895 4529 998 4582 κᾶν
1011 4528 1112 4599 ἔχῃ
1128 4526 1250 4580 τινὰ
1267 4525 1556 4595 ἀποδοχὴν,
1588 4518 1741 4587 οὗτος
1768 4525 1796 4577 ό
1821 4523 2011 4592 λόγος,

433 4621 684 4690 εἰρῆσθαι
713 4618 822 4689 γὰρ
861 4617 1023 4672 αὑτὸν
1060 4617 1352 4672 Βαϐυλῶνα
1377 4617 1470 4669 καὶ
1500 4615 1765 4685 μεγάλην,
1801 4615 1898 4668 ἆτε
1941 4616 2008 4668 ἐκ

427 4711 539 4765 τῶν
582 4709 676 4764 τοῦ
710 4710 828 4782 βίου
884 4707 1296 4781 περισπασμῶν
1347 4707 1576 4761 εἰκαίων
1612 4706 1672 4760 τὸ
1721 4706 2009 4776 μεγαλεῖον

427 4803 702 4875 ἐσχηκότα
729 4818 744 4834 ο
783 4803 832 4856 εἰ
866 4801 975 4873 γὰρ
1007 4803 1036 4855 6
1075 4802 1278 4871 κόσμος
1307 4800 1397 4854 διὰ
1423 4801 1522 4870 τῆς
1563 4799 1880 4862 Βαϐυλῶνος
1906 4799 2009 4851 ὐπ-

425 4895 734 4967 εσημάνθη,
759 4893 839 4958 τίς
857 4896 890 4964 ή
906 4891 1158 4964 διαστολὴ
1183 4892 1291 4946 τῶν
1319 4893 1497 4962 νήσων
1522 4892 1630 4945 ἀπὸ
1653 4892 1746 4946 τοῦ
1776 4891 2006 4961 κόσμου,

433 4989 600 5061 μέρος
633 4986 813 5041 οὐσῶν
838 4985 934 5040 τοῦ
960 4986 1168 5056 κόσμου
1222 4985 1318 5038 καὶ
1361 4984 1578 5049 αὑτῶνς
1617 4983 1876 5038 Λείπεται
1915 4979 2011 5036 οὖν

431 5081 517 5134 ἑτέ
528 5097 627 5152 ραν
663 5078 778 5151 (56)
812 5079 1060 5131 ὑπονοεῖν
1088 5077 1386 5131 Βαϐυλῶνα
1410 5078 1585 5132 εἰκότι
1609 5077 1753 5147 λόγῳ
1773 5095 1788 5109 ο
1812 5077 1907 5129 καὶ
1927 5075 2011 5138 τίς

429 5173 606 5240 αῦτη;
642 5171 757 5225 Οὐκ
783 5171 942 5239 ἄλλη,
970 5171 1060 5242 ἢή
1087 5170 1526 5234 Κωνσταντίνου,
1567 5170 1626 5222 ἑν
1657 5163 1692 5241 ᾖ
1737 5166 1906 5222 πάλαι
1939 5167 2013 5221 διο

431 5263 697 5335 καιοσύνη
731 5263 1038 5334 ἐκοσμήθη,
1095 5263 1192 5318 νῦν
1237 5262 1293 5317 δὲ
1341 5263 1399 5316 ἐν
1445 5262 1584 5332 αὐτῇ
1640 5263 1920 5330 φονευταὶ,
1953 5261 2019 5313 ἐκ

431 5356 782 5428 παραλλήλου
814 5355 1071 5424 ἁμίλλης,
1100 5353 1211 5407 τῶν
1243 5353 1540 5407 πολιτικῶν
1569 5354 1682 5416 τοῖς
1726 5352 2020 5420 ἐκκλησια-

435 5451 639 5512 στικοῖς
680 5447 1007 5516 ἐξισωθῆναι
1039 5446 1400 5508 σπευδόντων,
1431 5443 1632 5514 μᾶλλον
1666 5443 1722 5496 δὲ
1751 5443 1853 5495 ούκ
1888 5445 2016 5495 ίσω-

434 5541 613 5610 θῆναι,
648 5541 696 5592 εί
735 5539 896 5609 μήτις
927 5537 986 5602 ἐξ
1013 5537 1194 5590 αὑτῶν
1233 5537 1338 5607 ἄρῃ
1376 5536 1435 5589 τὸ
1462 5537 1732 5605 ἀριστεῖον
1764 5535 1846 5597 είς
1887 5533 2009 5603 μεί-

429 5630 557 5696 ζονα
583 5631 730 5683 θείου
776 5628 952 5699 θυμοῦ
997 5627 1217 5697 ἄναψιν.
1258 5629 1349 5680 Διδ
1392 5627 1486 5680 καί
1519 5628 1551 5695 ἡ
1581 5626 1799 5697 ἀπαθὴς
1845 5625 2006 5696 φύσις

383 5827 392 5836 λ
501 5808 614 5880 (56)
669 5808 940 5878 Ἐτέρῳ...
973 5806 1284 5876 λόγῳγυιᾳ.

711 5905 990 5965 Parnm.
1032 5904 1148 5963 Gn.
1179 5902 1336 5964 CVI.

2115 4623 2266 4685 dent,
2306 4635 2428 4676 eum
2476 4619 2660 4676 dictus
2704 4619 2775 4675 sit
2806 4617 3041 4690 Babylon
3086 4626 3142 4671 et
3195 4631 3388 4686 magna
3432 4614 3696 4685 Babylon,

2116 4722 2177 4769 ut
2219 4713 2312 4782 qui
2368 4712 2801 4784 magnitudinem
2837 4712 3032 4767 habeat
3067 4727 3130 4765 ex
3173 4710 3330 4766 vanis
3383 4709 3546 4778 hnjus
3575 4709 3699 4762 vita:

2114 4804 2570 4875 occupationibus
2605 4819 2668 4858 ae
2691 4803 3141 4859 distraetionibus
3170 4821 3182 4856 :
3217 4816 3343 4855 nam
3372 4800 3417 4856 si
3451 4799 3691 4853 mundus

2117 4909 2213 4965 per
2235 4893 2568 4965 Babylonem
2601 4893 2942 4964 signiﬁcatus
2971 4904 3137 4954 esset,
3161 4907 3283 4961 quae
3311 4899 3458 4946 esset
3491 4889 3700 4943 insida-

2118 5001 2240 5042 rum
2285 4986 2588 5042 diﬂ'crentia
2622 5002 2654 5040 a
2702 4986 2927 5052 mundo,
2956 5001 3082 5040 eum
3135 4993 3190 5039 ct
3233 4985 3363 5053 ipsa:
3403 4984 3510 5038 sint
3569 4997 3699 5051 pars

2120 5079 2352 5134 mundi?
2381 5079 2668 5149 Reliquum
2691 5088 2778 5134 est
2801 5079 2966 5148 igitur
2997 5085 3058 5131 ut
3091 5077 3254 5131 aliam
3288 5075 3572 5131 verisimili
3609 5075 3697 5128 in-

2115 5171 2409 5243 telligentia
2459 5170 2792 5242 Babylonem
2845 5169 3254 5239 intelligamus;
3311 5176 3366 5222 et
3433 5181 3558 5236 qua:
3613 5174 3698 5218 est

2117 5265 2271 5321 haec?
2313 5263 2473 5320 Certe
2523 5279 2632 5319 non
2693 5263 2798 5318 alia
2847 5277 3013 5334 quam
3059 5257 3584 5329 Constantinopolis.
3637 5259 3694 5312 in

2117 5372 2222 5426 qua
2257 5355 2386 5409 oliui
2413 5355 2626 5425 iustitia
2663 5355 2969 5420 colebatur,
3001 5369 3147 5408 nunc
3178 5361 3358 5406 autem
3384 5352 3435 5406 in
3459 5365 3522 5404 ea
3561 5360 3690 5403 sunt

2121 5447 2407 5502 homicida:
2459 5464 2524 5502 ex
2567 5459 2753 5502 mutua
2799 5447 3151 5504 contentione
3188 5464 3202 5500 :
3241 5446 3372 5501 dum
3409 5445 3555 5498 cives
3610 5458 3698 5496 cc-

2119 5539 2448 5594 clesiasticis
2478 5543 2682 5610 aequari
2709 5543 2976 5605 nituntur,
3028 5542 3139 5594 imo
3172 5555 3296 5594 vero
3331 5553 3436 5591 non
3465 5537 3694 5606 aequari,

2118 5630 2212 5687 sed
2239 5631 2510 5702 quispiam
2550 5634 2792 5703 ipsorum
2830 5633 3112 5704 prmmium
3155 5631 3387 5701 accipiat
3416 5631 3481 5682 ad
3525 5629 3694 5700 majo-

3256 5901 3333 5959 ‘23
