4164 6444
471 399 579 468 ’ἱῙὸ

1286 395 1617 459 ΑΒΕἸἮιἘ
1655 389 2037 455 (ΠΕΞΑΒΕᾹΞ
2078 390 2561 454 (ΣΑΡΡΑΟΟΕΙΑΞ
2599 390 2945 451 EPISCOPI

3624 387 3738 454 716

475 535 590 575 rem
624 519 824 575 divina:
866 519 957 572 ira:
982 514 1362 572 accensionem
1390 531 1403 567 :
1438 512 1558 566 ideo
1591 525 1812 580 quoque
1851 518 2050 564 natura
2080 551 2089 572 ε

2159 506 2520 561 παθαίνεσθαι
2562 506 2928 575 ὑπωπτεύθη,
2965 494 3042 568 ibi
3075 505 3169 558 ml.
3216 505 3279 558 τὸ
3335 505 3596 576 ποτήριον
3639 507 3737 560 τοῦ

481 611 835 682 impassibilis
868 609 1153 662 anet-tibus
1181 605 1387 659 moveri
1425 602 1630 658 credita
1664 609 1770 665 est,
1801 611 1858 655 ut
1885 600 2050 656 etiam

479 701 735 772 poculum
765 699 873 751 vini
920 693 1312 764 indignationis
1360 693 1455 748 ira:
1496 692 1722 747 daretur
1765 691 2050 764 Babyloni.

477 791 738 857 Quu'nam
789 797 970 842 autem
1018 790 1128 839 sint
1177 794 1230 840 et
1270 784 1480 846 insulre,
1515 798 1807 840 sermones
1858 782 2053 839 audire

477 894 774 950 possumus
809 877 956 932 illius
989 875 1166 933 sancti
1219 875 1356 946 (57),
1391 874 1482 944 qui
1513 874 1646 930 dicit
1680 875 1956 932 Ecclesias
1984 890 2052 931 ex

474 973 726 1042 gentibus
770 978 930 1025 antea
960 968 1294 1024 constitutas
1342 977 1397 1024 et
1425 967 1740 1022 firmitatem
1770 967 2052 1038 accipien-

477 1077 579 1119 tes.
617 1061 680 1116 Et
730 1076 852 1131 qua:
905 1070 990 1117 cst
1034 1060 1200 1132 fuga?
1229 1059 1350 1116 Non
1390 1060 1495 1115 alia
1541 1074 1712 1130 quam
1749 1073 1873 1130 quae
1909 1057 2054 1114 facta

473 1165 560 1210 est
585 1169 654 1209 eo
677 1153 823 1224 quod
859 1152 1222 1208 abundaverit
1258 1153 1518 1224 iniquitas
1541 1160 1596 1207 et
1621 1151 1897 1208 refrixerit
1922 1151 2056 1206 cha-

476 1247 647 1310 ritas;
685 1259 808 1314 quae
873 1244 1135 1310 cbaritas,
1169 1244 1354 1299 fideles
1415 1243 1724 1314 colligando
1771 1243 1826 1297 in
1881 1257 2053 1298 unum

474 1346 697 1406 propter
761 1336 969 1401 Deum,
1017 1347 1072 1392 et
1125 1337 1196 1392 ab
1260 1337 1561 1393 inﬁdelium
1625 1336 2050 1393 conversatione

474 1427 870 1493 abstrahendo,
900 1428 1177 1483 tribuebat
1209 1437 1270 1483 ut
1306 1445 1338 1483 e
1363 1444 1464 1484 suo
1491 1429 1627 1484 mari
1665 1439 2006 1499 emergerem
2037 1445 2052 1494 ;

474 1531 583 1585 qua
616 1516 801 1572 relicta
826 1532 1056 1574 necesse
1079 1527 1163 1573 est
1189 1519 1399 1573 insulas
1423 1519 1686 1591 aufugero
1716 1529 1777 1574 ut
1802 1519 2058 1575 desinant

473 1622 598 1662 esse
631 1608 822 1664 insula:
859 1626 872 1662 :
907 1623 1033 1664 cum
1082 1609 1285 1679 quibus
1336 1625 1446 1665 una
1507 1625 1732 1682 quoque
1778 1620 1994 1666 montes
2023 1627 2054 1664 a

474 1700 714 1756 terrenis
763 1699 1055 1766 sublevati,
1091 1701 1161 1756 ob
1208 1702 1504 1757 humanam
1547 1702 1892 1767 prudentiam
1937 1717 2058 1773 quae

476 1793 532 1848 in
563 1792 696 1862 ipsis
724 1801 860 1858 crat,
897 1807 928 1848 e
973 1792 1155 1848 medio
1190 1793 1393 1848 sublati
1437 1802 1567 1849 sunt
1611 1793 1919 1848 imitatione
1961 1808 2056 1849 co-

2157 601 2303 654 οῐνου
2349 599 2443 654 τοῦ
2492 598 2668 670 θυμοῦ
2691 599 2792 668 τῆς
2839 597 3012 668 ὀργῆς
3064 599 3131 668 τῇ
3176 596 3457 651 Βαϐυλῶνι
3490 597 3739 669 δοθῆναι.

2156 694 2315 757 Τίνες
2345 692 2402 746 δὲ
2429 691 2526 746 καὶ
2567 693 2624 746 αί
2653 690 2833 760 νῆσοι,
2865 690 2962 743 τοῦ
2995 688 3144 742 θείου
3183 689 3291 743 τῶν
3322 689 3497 759 λόγων
3518 690 3740 745 ἀκούειν

2156 785 2276 838 ἔστι
2303 784 2403 848 τὰς
2433 783 2544 837 ἀπὸ
2575 783 2683 837 τῶν
2704 781 2878 836 ἐθνῶν
2909 780 3208 851 ὲκκλησίας
3243 780 3369 851 ἄρτι
3402 780 3742 853 καθισταμέ-

2157 895 2255 941 νας
2279 877 2376 930 καὶ
2412 876 2578 947 πῆξιν
2619 875 2926 945 φάσκοντος
2975 872 3391 944 λαμϐανούσας.
3425 873 3536 928 Καὶ
3570 874 3655 936 τίς
3705 876 3740 942 η

2159 972 2341 1042 φυγής
2372 970 2487 1024 ῡύκ
2513 968 2650 1038 άλλη
2681 968 2731 1020 εί
2770 966 2846 1037 μὴ
2893 967 2928 1038 η
2976 965 3068 1020 διά
3111 965 3174 1019 τὸ
3223 963 3596 1036 πληθυνθῆναι
3641 965 3740 1036 τὴν

2157 1064 2391 1136 ἀνομίαν
2419 1064 2515 1117 καὶ
2563 1061 2802 1133 ψυγῆναι
2847 1059 2947 1130 τὴν
2987 1059 3207 1130 ἀγάπην
3249 1059 3538 1128 γενομένη.
3578 1059 3739 1120 Ἥτις

2158 1155 2349 1225 ἀγάπη
2388 1154 2478 1210 διὰ
2517 1153 2653 1208 Θεὸν
2686 1151 3000 1224 συνδήσασα
3049 1151 3177 1214 τοὺς
3221 1151 3468 1216 πιστοὺς,
3502 1151 3601 1203 καὶ
3640 1149 3740 1220 τῆς

2157 1248 2266 1302 τῶν
2315 1248 2562 1302 ἀπίστων
2623 1245 2983 1316 ἀφελκύσασα
3033 1243 3364 1308 συναυλίας,
3417 1245 3485 1314 τῇ
3542 1243 3739 1310 ἑαυτῆς

2159 1337 2518 1409 ἑπινήχεσθαι
2577 1335 2823 1407 παρέσχε
2867 1334 3135 1403 θαλάσσῃ.
3175 1328 3286 1396 Ἷις
3337 1331 3737 1396 ἐκλελοιπυίας,

2157 1431 2373 1501 ἀνάγκη
2407 1430 2504 1484 καὶ⁵
2547 1429 2646 1492 τάς
2677 1429 2878 1499 νήσους
2911 1426 3006 1481 τοῦ
3037 1421 3178 1480 εἶναι
3215 1425 3414 1495 νήσους
3444 1424 3736 1495 ἀποδιδρά-

2161 1539 2338 1576 σκειν.
2375 1516 2474 1585 Alc
2505 1523 2601 1576 καὶ
2631 1520 2701 1574 τὰ
2733 1519 2836 1591 ὅρη
2878 1519 2988 1574 τῶν
3017 1521 3074 1572 ὲν
3107 1518 3302 1580 αὐταῖς
3334 1515 3443 1570 ἀπὸ
3481 1515 3591 1568 τῶν
3635 1532 3736 1568 πε-

2161 1613 2385 1684 ριγείων
2453 1611 2894 1683 μετεωρισθέντα
2951 1609 3317 1682 φρονημάτων
3383 1606 3743 1676 ἀνθρωπίνων

2161 1696 2643 1776 συνηφανίσθησαν
2675 1707 2741 1775 τῇ
2771 1704 2879 1757 τῶν
2911 1703 3178 1757 συνοίκων
3208 1701 3600 1771 παραζηλώσει
3631 1699 3740 1752 τῶν

2157 1797 2221 1850 τὸ
2257 1796 2544 1869 χαμερπὲς
2575 1796 3006 1867 δυστυχούντων,
3053 1795 3149 1850 καὶ
3185 1792 3248 1848 τδ
3295 1793 3500 1865 ὑψηλὸν
3529 1793 3626 1846 καὶ
3651 1792 3741 1844 οὐ·

477 1884 864 1951 ltabitantium,
897 1883 990 1954 qui
1020 1884 1315 1941 infeliciter
1355 1885 1508 1940 humi
1541 1884 1969 1952 decumbebant,
1999 1893 2052 1940 et
2085 1881 2089 1936 l

2162 1889 2347 1961 ράνιον
2380 1889 2636 1960 φρόνημα
2673 1886 3117 1943 ἀπολωλεκότων.

474 1977 764 2030 sublimem
795 1991 860 2030 ac
888 1976 1165 2032 caelestem
1201 1977 1546 2046 prudentiam
1577 1977 1946 2047 perdiderant.

547 2066 616 2121 Et
654 2069 856 2137 grando
884 2084 1081 2138 magna
1129 2068 1399 2123 descendit
1443 2072 1507 2123 de
1536 2070 1687 2124 coelo.
1717 2069 2050 2125 Grandinem

471 2177 503 2216 e
547 2160 690 2216 ctelo
749 2159 1046 2216 deﬂuxisse
1092 2161 1246 2227 dicit,
1283 2170 1547 2232 tanquam
1591 2163 1801 2218 illatam
1852 2179 1884 2218 a
1943 2162 2056 2218 Deo

474 2255 634 2308 iram.
669 2251 881 2308 Talenti
915 2267 1044 2308 vero
1084 2253 1349 2323 pondere,
1384 2254 1489 2309 hoc
1541 2262 1628 2309 est
1655 2264 2056 2311 consummata

472 2360 507 2415 p
546 2344 850 2408 rl'ectionis,
882 2353 1105 2414 propter
1134 2361 1421 2400 excessum
1471 2347 1771 2401 maximqu
1817 2347 1870 2400 in
1925 2361 2055 2416 pec-

471 2433 636 2504 catis,
667 2433 755 2487 cui
790 2433 958 2488 etiam
1003 2435 1446 2505 correspondeus
1484 2435 1783 2492 adductum
1837 2451 2057 2508 quoque

471 2537 555 2580 est
579 2525 910 2596 supplicium
943 2525 1010 2581 ad
1039 2527 1485 2583 conversionem.

1058 2617 1287 2674 CAPUT
1333 2618 1469 2675 Llll.
1544 2629 1550 2635 ‘

476 2731 644 2804 789
675 2731 748 2785 De
771 2748 876 2804 uno
908 2747 974 2786 ea:
997 2733 1534 2804 septentrangelisqui
1556 2733 1779 2788 ostendit
1796 2803 1801 2804 ί
1820 2732 2060 2800 Evange-

545 2802 683 2876 listtr
699 2802 1086 2876 subversionem
1106 2803 1336 2876 civitatis
1358 2802 1670 2871 meretricis,
1700 2803 1833 2860 etde
1861 2816 2058 2876 septem

545 2874 807 2943 capitibus
840 2873 1116 2942 decemque
1144 2873 1412 2929 cornibus.

546 3053 709 3119 XVII,
744 3054 855 3108 1-5.
907 3051 973 3106 Iit
1008 3053 1144 3106 venit
1167 3070 1302 3107 unus
1323 3056 1386 3107 de
1411 3062 1603 3122 septem
1629 3052 1829 3124 angelis
1859 3053 2058 3123 quilla-

2227 2072 2335 2127 Kal
2365 2071 2594 2141 χάλαζα
2614 2069 2849 2142 μεγάλη
2871 2068 3213 2124 καταϐαίνει
3239 2068 3307 2122 ἐκ
3333 2067 3440 2122 τοῦ
3456 2065 3740 2135 οὐρανοῦ.

2157 2166 2271 2237 Τὴν
2315 2165 2558 2236 χάλαζαν
2600 2163 2895 2235 οὐρανόθεν
2942 2161 3321 2234 κατερράχθαι
3356 2161 3522 2232 φησὶν
3549 2159 3625 2221 ὡς
3649 2157 3742 2211 θε-

2157 2258 2362 2330 ήλατον
2385 2257 2581 2327 ὀργήν.
2608 2256 2684 2310 Τὸ
2706 2255 2762 2309 δὲ
2781 2255 3148 2320 ταλαντιαῖον,
3180 2252 3242 2306 τὸ
3262 2253 3491 2316 τέλειον,
3517 2251 3607 2304 διὰ
3635 2249 3737 2319 τὴν

2156 2351 2217 2403 ὲν
2243 2350 2364 2411 ταῖς
2393 2347 2692 2417 ἁμαρτίαις
2725 2345 3026 2417 ἀκρότητα,
3126 2342 3413 2414 ἐνάμιλλον
3438 2342 3530 2396 καὶ
3573 2343 3607 2411 ή
3647 2357 3734 2394 τι·

2161 2439 2342 2512 μωρία
2372 2438 2507 2509 πρὸς
2534 2438 2872 2509 ἐπιστροφὴν
2910 2434 3313 2506 ἐκκαλουμένη.

2742 2617 2993 2672 ΚΕΦΛΛ.
3021 2614 3147 2673 NI".

2159 2730 2303 2800 Περὶ
2334 2730 2441 2786 τοῦ
2466 2730 2607 2797 ἐνὸς
2626 2728 2765 2800 τῶν
2787 2729 2938 2800 ἑπτὰ
2973 2726 3248 2798 ἀγγέλων
3279 2724 3742 2800 δεικνύντος-τῷ

2227 2797 2646 2872 Εὐαγγελιστῇ
2671 2801 2788 2872 τὴν
2815 2799 2927 2872 ιζῆς
2953 2801 3188 2872 ,πόρνης
3203 2799 3452 2872 ﬁdlem;
3478 2797 3725 2872 aeanlpe

2229 2866 2481 2956 σινξκαι
2513 2866 2649 2940 περὶ
2679 2870 2798 2926 τῶν
2825 2866 2978 2924 ἑπτὰ
2992 2868 3296 2938 κεφαλῶν,
3324 2868 3424 2923 καί
3450 2866 3571 2922 τῶν
3595 2866 3743 2919 δέκα

2231 2959 2517 3010 κερατων.

2232 3057 2344 3112 Kal
2377 3052 2568 3127 ἦλθεν
2592 3051 2681 3122 εἷς
2705 3055 2775 3110 ἐκ
2801 3055 2922 3109 τῶν
2948 3053 3100 3109 ἐπτά
3126 3053 3402 3124 ἀγγέλων
3429 3052 3548 3108 τῶν
3573 3053 3747 3122 ἐχόν-

475 3145 626 3198 bebat
661 3154 856 3212 septem
891 3143 1124 3211 phialas,
1158 3153 1203 3196 et
1223 3142 1430 3197 locutus
1462 3152 1538 3197 est
1570 3159 1791 3208 mecum,
1828 3144 2005 3198 dicens
2039 3156 2058 3194 :
2087 3203 2089 3217 Ι

2163 3167 2282 3204 των
2313 3149 2420 3216 τὰς
2457 3149 2608 3204 ἑπτὰ
2655 3147 2899 3218 φιάλας,
2948 3148 3048 3201 καὶ
3093 3146 3364 3214 ἐλάλησε
3409 3147 3538 3215 μετ’
3598 3145 3746 3214 ἐμοῦ

483 3234 637 3300 Vetti,
662 3233 935 3288 ostendant
959 3233 1054 3286 tibi
1091 3233 1358 3302 judicium
1382 3234 1673 3288 meretricis
1705 3249 1913 3305 magna:
1942 3248 2060 3303 qua:

472 3329 614 3382 sedet
642 3342 800 3394 super
827 3342 994 3396 aquas
1012 3329 1361 3390 multas,cum
1384 3343 1488 3396 qua
1513 3327 1735 3380 scortuti
1766 3336 1888 3381 sunt
1919 3343 2060 3397 reges

471 3434 648 3489 teme,
707 3431 753 3474 et
810 3420 1058 3473 inebriati
1110 3428 1235 3474 sunt
1284 3419 1377 3489 qui
1421 3419 1662 3473 habitant
1715 3419 1772 3474 in
1820 3429 1963 3474 terra
1996 3421 2060 3474 de

473 3515 592 3566 riuo
641 3510 1034 3580 prostitutionis
1080 3509 1218 3577 ejus.
1259 3508 1325 3563 Et
1367 3508 1587 3563 abstulit
1641 3525 1722 3564 me
1777 3510 1969 3580 spiritu
2005 3511 2060 3563 in

471 3607 783 3659 desertum:
817 3616 863 3658 et
898 3604 1004 3657 ridi
1035 3603 1308 3657 mulierem
1345 3603 1607 3657 sedentem
1639 3619 1798 3672 super
1841 3603 2061 3658 bestiam

473 3697 793 3757 roccineam,
821 3694 1030 3762 plenam
1059 3693 1361 3747 nominibus
1397 3693 1760 3765 blasphemiw,
1786 3694 2059 3750 habentem

473 3791 648 3860 cupita
676 3799 870 3860 septem
899 3799 947 3844 et
983 3805 1184 3843 cornua
1215 3789 1418 3845 decent.

2163 3241 2393 3310 λέγων’
2429 3239 2614 3308 Δεῦρο
2646 3239 2824 3302 δείξω
2856 3253 2959 3293 σοι
3009 3237 3076 3292 τὸ
3129 3237 3308 3306 κρῖμα
3356 3236 3467 3303 τῆς
3514 3237 3746 3302 πόρνης

2159 3329 2272 3398 τῆς
2324 3328 2633 3398 μεγάλης,
2679 3326 2790 3395 τῆς
2841 3326 3195 3397 καθημένης
3234 3327 3478 3381 ἐπὶτῶν
3510 3325 3747 3382 ὑδάτων

2161 3421 2434 3486 πολλῶν,
2490 3421 2621 3492 μεθ’
2661 3416 2737 3491 ἧς
2781 3421 3167 3489 ἐπόρνευσαν
3209 3423 3264 3474 ol
3296 3419 3583 3484 βασιλεῖς
3635 3417 3747 3488 τῆς

2161 3514 2297 3585 τῆς,
2333 3513 2435 3569 καὶ
2481 3514 2906 3585 ἐμεθύσθησαν
2939 3517 2996 3569 ot
3031 3512 3454 3580 κατοικοῦντες
3486 3512 3600 3581 τὴν
3628 3512 3748 3581 γῆν

2159 3609 2230 3664 ἐκ
2258 3609 2367 3666 τοῦ
2399 3608 2570 3664 οἴνου
2608 3607 2720 3678 τῆς
2745 3609 3030 3678 πορνείας
3056 3607 3266 3677 αὐτῆς.
3304 3607 3412 3662 Kal
3438 3606 3746 3676 ἀπήνεγκε

2155 3719 2234 3773 με
2273 3705 2360 3769 είς
2405 3702 2630 3772 ἔρημον
2657 3701 2728 3755 ἐν
2771 3701 3088 3770 πνεύματι,
3140 3700 3239 3754 atal
3291 3696 3456 3754 εἶδον
3487 3699 3745 3768 γυναῖκα

2163 3793 2514 3862 καθημένην
2538 3791 2636 3844 ἐπὶ
2667 3791 2876 3860 θηρίον
2890 3791 3199 3849 κόκκινον.
3225 3789 3408 3860 γέμον
3434 3786 3746 3856 ὀνομάτων

2158 3885 2581 3957 βλασφημίας,
2641 3884 2789 3956 ἔχον
2841 3884 3114 3953 κεφαλὰς
3169 3882 3320 3937 ἑπτὰ
3371 3880 3474 3936 καὶ
3525 3880 3746 3949 κέρατα

2161 3979 2332 4035 δέκα.

543 4054 820 4113 Judicium
842 4065 1004 4110 vocat
1034 4054 1251 4110 vivendi
1281 4057 1504 4112 modum
1523 4071 1589 4113 ac
1611 4057 2054 4129 dispositionem.

478 4148 819 4204 Meretricem
857 4162 989 4202 vero
1021 4163 1128 4202 non
1183 4147 1321 4202 adeo
1369 4150 1763 4206 convenienter
1815 4160 2058 4208 veterem

2165 4167 2378 4240 Πόρνην
2405 4166 2462 4220 δὲ
2483 4167 2584 4238 οὐχ
2607 4165 2753 4220 οὕτω
2777 4165 2878 4238 τὴν
2909 4164 3148 4220 παλαιάν
3177 4163 3400 4234 Ῥώμην
3429 4163 3742 4216 ἐπιτευκτι-

478 4239 706 4294 Romam
728 4236 1030 4306 intelligere
1049 4237 1336 4301 debemus,
1377 4236 1521 4292 sicut
1546 4249 1867 4308 praesentem
1898 4257 2061 4296 mun-

2162 4236 2278 4322 κῶς
2307 4236 2414 4330 ίρὴ
2455 4236 2701 4323 ἀκοόειν,
2745 4236 2949 4322 ώς-τδν
2982 4256 3229 4328 παρόντα
3279 4254 3506 4326 κόσμον,
3547 4252 3606 4316 ὃς
3649 4251 3744 4304 καὶ

475 4333 629 4397 dum,
689 4330 781 4400 qni
836 4336 890 4383 et
957 4328 1347 4384 innumerabili
1397 4332 1669 4401 sanguine
1718 4340 1772 4387 et
1812 4333 2061 4400 pluribus

2164 4328 2738 4422 αἱμασιν-ἀμυθήτοις
2784 4350 2882 4404 καὶ
2932 4347 3213 4420 βασιλεῦσι
3257 4345 3469 4400 πλείοσι
3523 4343 3745 4412 Ῥώμης

473 4425 694 4494 regibus
753 4420 999 4476 abundat
1062 4435 1228 4491 quam
1283 4422 1479 4487 Roma,
1512 4434 1572 4477 ut
1618 4423 1712 4494 qui
1770 4425 1839 4480 ab
1903 4427 2061 4481 initio

2165 4420 2575 4512 ἔνευθηνεῖται,
2609 4420 2712 4506 -ώς
2760 4443 2821 4510 ἐξ
2879 4442 3062 4514 ἀρχῆς
3112 4439 3409 4511 κεκρικότα
3468 4433 3746 4506 πορνικῶς

472 4517 752 4589 judicatus
782 4514 855 4568 sit
879 4513 1176 4569 fornicarie
1201 4529 1384 4582 agere,
1408 4513 1826 4572 fornicationem
1849 4519 2062 4588 agendo

2165 4535 2491 4601 διακεῖσθαι,
2524 4535 2784 4606 πορνείας
2809 4535 2871 4588 οὐ
2893 4513 2992 4606 τῆς
3019 4533 3252 4604 αἰσχρᾶς
3285 4529 3609 4600 συμπλοκῆς
3637 4526 3743 4579 τῶν

479 4623 587 4662 non
620 4617 835 4676 turpem
873 4604 1224 4660 solummodo
1255 4620 1551 4675 corporum
1591 4609 2063 4678 corntttistionetn,

2169 4627 2444 4699 σωμάτων
2509 4604 2680 4699 μόνης
2720 4604 3041 4698 νοουμένης,
3084 4624 3220 4680 ἀλλά
3276 4623 3370 4677 καὶ
3413 4621 3596 4690 πάσης
3639 4618 3748 4671 ἀπὸ

477 4699 842 4755 verumetiam
879 4711 1098 4751 omnem
1127 4711 1159 4752 a
1207 4696 1320 4752 Deo
1351 4698 1798 4756 declinationem.
1829 4701 2062 4769 Quidam

2169 4696 2307 4771 Θεοῦ
2341 4696 2664 4780 ἐκκλίσεως.
2705 4696 2926 4788 Ἕτεροι
2957 4717 3015 4769 δέ
3044 4731 3189 4778 τινες
3239 4714 3348 4767 τῶν
3377 4711 3476 4783 τὴν
3523 4724 3747 4780 προκεισ-

480 4809 610 4847 vero
632 4791 723 4846 alii
743 4797 1068 4860 praesentem
1086 4790 1472 4846 rcvelationem
1488 4791 1866 4861 discutientes,
1881 4811 2062 4850 mere-

2172 4809 2344 4881 μένην
2409 4809 2754 4881 ἀποκάλυψιν
2807 4807 3262 4878 ἐπισκεψαμένων
3284 4845 3299 4870 ,
3367 4804 3579 4874 πόρνην
3643 4799 3744 4870 τὴν

483 4889 676 4942 tricem
712 4883 1056 4952 interpretati
1091 4893 1216 4937 sunt
1250 4893 1490 4947 veterem
1529 4885 1785 4953 Romam,
1811 4898 1906 4944 aut
1936 4890 2060 4945 uni-

2168 4903 2412 4959 παλαιάν
2444 4903 2814 4975 ὑπειλήφασιν
2853 4902 3100 4972 Ῥώμην,
3130 4899 3164 4971 ἢ
3206 4900 3306 4969 τὴν
3331 4895 3454 4951 καθ’
3479 4895 3602 4950 ὃλου
3655 4892 3750 4963 βα-

481 4978 690 5034 vcrsale
733 4992 959 5046 regnum
995 4976 1141 5044 quod
1187 4977 1254 5032 ad
1297 4977 1598 5033 secundum
1632 4996 1803 5050 usque
1852 4981 2068 5039 Domini

2170 4994 2378 5049 σιλεὶαν
2409 4995 2575 5067 μέχρι
2603 4996 2706 5066 τῆς
2733 4994 2995 5066 δευτέρας
3023 4991 3466 5064 παρατείνουσαν
3505 4987 3599 5041 τοῦ
3634 4987 3748 5038 Κυ-

489 5074 784 5128 adventum
835 5070 1224 5141 protenditur:
1259 5086 1434 5142 aquas
1473 5086 1602 5125 vero
1640 5083 1829 5142 gentes
1866 5075 2067 5145 quibus

2171 5088 2290 5159 ρίου
2339 5088 2664 5158 παρουσίας·
2694 5087 2867 5142 ὕδατα
2897 5086 2954 5140 δὲ
2989 5085 3058 5139 τά
3088 5085 3240 5155 ἔθνη,
3277 5077 3354 5136 ὧν
3383 5083 3543 5153 ἄρχει
3570 5096 3629 5132 τε
3653 5078 3748 5130 καὶ

481 5169 716 5236 imperat
755 5173 812 5217 et
841 5163 1224 5234 imperabit,in
1251 5165 1452 5234 quibus
1480 5164 1650 5218 robur
1688 5181 1850 5220 suum
1891 5167 2066 5221 collo-

2166 5180 2344 5251 ἄρξει,
2375 5181 2462 5234 ἐπ’
2514 5179 2696 5235 αὐτῶν
2727 5179 2825 5234 τοῦ
2882 5177 3134 5250 ἱδρύσθαι
3182 5176 3242 5230 τὸ
3275 5175 3476 5247 κράτος
3525 5172 3744 5242 ἔχουσα.

481 5270 588 5314 cat.
627 5255 781 5324 Quod
809 5263 992 5310 autem
1019 5271 1190 5323 aquas
1213 5257 1280 5310 ad
1310 5266 1501 5326 gentes
1538 5257 1748 5312 referre
1777 5259 2068 5316 consuevit

2167 5271 2293 5326 "Ott.
2323 5273 2382 5327 δὲ
2426 5272 2497 5327 τὰ
2523 5273 2694 5327 ὕδατα
2719 5273 2800 5336 εἰς
2831 5271 2960 5342 ἔθνη
3011 5272 3046 5340 ἡ
3076 5269 3200 5323 θεία
3230 5267 3422 5338 Γραφὴ
3447 5261 3588 5318 οἶδεν
3617 5262 3749 5313 ὑπο-

485 5352 792 5420 Scriptura,
830 5349 954 5404 audi
1012 5348 1102 5402 Dei
1140 5351 1546 5420 progenitorcm
1597 5349 1690 5420 qui
1743 5351 1874 5406 illud
1912 5354 2059 5422 quod

2172 5362 2411 5428 ϐάλλειν,
2467 5366 2701 5420 ἄκουσον
2753 5364 2868 5435 (58)
2911 5363 3007 5416 τοῦ
3060 5360 3388 5428 θεοπάτορος
3418 5357 3506 5422 τὸ,
3544 5375 3564 5407 ι
3617 5352 3751 5406 Ἀπὸ

483 5445 559 5496 ait
587 5459 601 5496 :
635 5459 654 5493 ι
691 5440 736 5492 A
764 5439 992 5494 vocibus
1027 5455 1293 5510 aquarum
1329 5441 1712 5508 multarum“,
1749 5462 1768 5495 ι
1793 5442 1860 5498 de
1882 5444 2058 5513 genti-

2172 5457 2369 5526 φωνῶν
2397 5459 2607 5514 ὑδάτων
2637 5458 2872 5525 πολλῶν,
2915 5476 2935 5510 ι
2965 5458 3046 5522 εἰς
3093 5455 3246 5517 ἔθνος
3288 5451 3747 5510 ἐκλαμϐάνοντος.

2233 4075 2428 4146 Κρῖμα
2485 4072 2586 4145 τὴν
2634 4073 2911 4144 διαγωγὴν
2957 4072 3051 4127 καὶ
3100 4071 3203 4144 τὴν
3236 4069 3503 4140 διοίκησιν
3563 4067 3739 4124 καλεῖ.

373 5588 377 5591 ,
486 5543 586 5589 tius
619 5530 891 5600 intelligit.

553 5651 598 5683 ³⁸
623 5649 766 5703 Psal.
796 5661 925 5713 xcu,
946 5647 1002 5701 4.

555 5765 666 5834 (57)
698 5764 957 5833 Gregorii.

559 5831 669 5901 (58)
705 5831 826 5888 Ὅτι
853 5835 909 5886 δὲ
931 5836 998 5890 τὰ
1055 5833 1220 5888 ὕδατα
1267 5834 1346 5896 είς
1395 5831 1526 5902 ἔθνη
1560 5831 1863 5902 λογιστέον,
1903 5835 2160 5902 ἄκουσον,
2196 5845 2304 5894 etc.
2338 5838 2488 5912 vulg.
