4164 6444
450 356 559 418 Ἠθ
1261 348 1588 409 ARETH/E
1627 348 2005 409 CAESARE!!!
2042 350 2523 414 CAPPADOCl/E
2566 353 2907 415 EPISCOPI
3606 359 3718 423 720

450 467 598 519 enim
632 474 831 518 natura
859 459 1005 514 dedit
1041 468 1198 513 terrae
1225 458 1480 522 scortari,
1513 472 1636 511 cum
1672 458 1743 511 sit
1786 468 2020 512 creatur:

2143 479 2238 515 κεν
2264 465 2296 534 ὴ
2331 463 2492 531 φύσις
2522 466 2592 533 γῇ
2632 461 2712 533 τῷ
2744 463 2942 534 ἀψύχῳ
2974 461 3070 518 καὶ
3110 462 3424 534 ἀναισθήτῳ
3452 464 3717 540 δημιουρ-

456 552 700 606 inanima
723 559 776 604 et
794 550 1090 603 insensata.
1108 547 1277 600 Porro
1304 561 1469 614 super
1505 545 1738 599 frontem
1762 546 2020 615 scriptum

2139 554 2372 625 γήματι.
2404 556 2477 608 Τὸ
2503 556 2560 608 δὲ
2592 557 2685 608 ἐπὶ
2716 556 2776 608 τὸ
2804 554 3058 625 μέτωπον
3086 555 3397 626 γεγράφθαι
3433 556 3624 627 ὄνομα,
3655 559 3719 612 th

455 659 577 698 esse
610 657 835 705 nomen,
872 639 1143 710 signiﬁcat
1174 638 1383 707 absque
1428 636 1538 690 ullo
1575 637 1774 691 rubore
1818 638 2032 706 eperari

455 734 817 789 exsecranda.
863 730 1090 783 Matrem
1157 742 1288 782 vero
1339 724 1766 781 fornicetionum
1806 741 2032 790 vocans,

453 840 673 879 rursum
717 834 1104 891 quamcunque
1156 819 1418 880 volueris,
1475 819 1591 872 sive
1648 827 1883 873 veterem
1932 818 2035 872 Ro-

447 931 616 980 mam,
650 915 763 969 sive
781 927 1004 972 novam,
1042 911 1157 965 sive
1192 918 1410 978 tempus
1453 909 1579 962 vita:
1610 907 1960 974 Antichristi,
2000 923 2032 963 a

446 1021 576 1061 vero
606 1006 863 1061 aberrare
897 1018 1007 1057 non
1042 1001 1248 1070 poteris
1282 1018 1295 1054 :
1327 1016 1393 1055 eo
1409 1000 1554 1070 quod
1585 1000 1816 1068 singulae
1851 1000 2030 1070 impe-

446 1100 587 1159 rium
623 1104 989 1166 susceperunt
1016 1095 1247 1148 aliarum
1272 1094 1583 1157 civitatum,
1606 1102 1661 1147 et
1694 1108 2033 1163 unaquaeque

444 1192 639 1245 satiata
661 1197 744 1243 est
773 1188 1039 1258 sanguine
1073 1196 1392 1241 sanctorum
1428 1195 1755 1255 martyrum.

517 1281 585 1336 Et
632 1283 859 1334 miratus
910 1296 1050 1333 sum.
1087 1277 1396 1332 Verisimile
1434 1287 1552 1331 erat
1596 1278 1800 1331 bonum
1833 1284 1887 1329 et
1931 1275 2033 1328 hu-

445 1386 665 1427 manum
693 1370 892 1435 virum,
910 1379 964 1424 et
982 1369 1174 1439 majori
1204 1383 1369 1436 quam
1393 1368 1501 1422 dici
1524 1369 1694 1437 possit
1710 1375 2032 1421 mansuetu-

442 1467 567 1519 dine
594 1463 863 1529 dotatum,
891 1476 1015 1515 cum
1055 1461 1328 1515 feritatem
1365 1461 1674 1515 intueretur
1717 1457 2029 1513 bestialium

442 1557 753 1621 hominum,
786 1556 1024 1610 maximo
1047 1564 1270 1625 stupore
1298 1554 1470 1609 fuisse
1491 1561 1817 1620 occupatum
1850 1570 1863 1605 :
1901 1565 2027 1604 nam

441 1651 549 1705 hoc
608 1650 950 1704 demonstrat
1009 1649 1154 1718 quod
1222 1648 1326 1710 ait,
1399 1647 1751 1699 admiratione
1813 1658 2026 1712 magna.

441 1741 598 1807 Quod
623 1750 806 1796 autem
856 1739 1048 1794 beatus
1090 1740 1179 1793 hic
1203 1738 1443 1795 Joannes
1476 1736 1787 1806 Theologus
1819 1734 2029 1803 simpll-

441 1835 688 1889 cioribus
724 1848 789 1887 ac
819 1832 1122 1887 mansuetis
1150 1841 1295 1887 esset
1329 1829 1600 1893 moribus,
1645 1826 1818 1897 ipsius
1864 1825 2025 1880 docet
2060 1808 2101 1863 Β

443 1925 670 1980 historia
705 1925 893 1994 (quam
915 1925 967 1977 iu
1002 1923 1108 1978 ﬁne
1144 1922 1305 1993 hujus
1340 1922 1467 1977 libri
1496 1937 1562 1975 ex
1592 1918 1781 1975 Graeco
1809 1931 2022 1972 versam

443 2015 826 2086 reddidimus).

1025 2126 1255 2185 CAPUT
1286 2127 1420 2183 LIV.

441 2240 596 2306 Quod
626 2240 843 2312 angelus
880 2242 1047 2296 visum
1084 2244 1149 2324 ab
1198 2243 1312 2324 ipso
1352 2243 1661 2315 mysterium
1701 2240 2019 2311 interpreta-

1114 2322 1200 2367 tus
1246 2322 1335 2367 sit.

508 2423 675 2488 XVII,
700 2424 848 2478 7.“.
876 2421 986 2491 Ego
1014 2424 1189 2477 dicam
1217 2424 1313 2476 tibi
1362 2425 1670 2493 mysterium
1704 2400 1941 2479 mulieris
1969 2434 2021 2480 et

438 2520 619 2575 bestia:
636 2534 746 2588 qua
792 2528 964 2585 portat
995 2533 1137 2577 eam.
1173 2532 1291 2586 qute
1319 2516 1471 2569 habet
1515 2518 1694 2586 capita
1735 2526 1928 2587 septem
1966 2528 2015 2572 et

436 2626 637 2665 cornua
671 2608 869 2663 decem.
907 2607 1086 2661 Bestia
1115 2624 1273 2676 quant
1301 2607 1483 2660 vidisti
1506 2608 1608 2676 fuit
1627 2617 1675 2661 et
1719 2624 1819 2661 non
1843 2618 1943 2672 est,
1969 2618 2016 2662 et

436 2717 721 2757 ascensura
770 2709 845 2753 est
873 2701 937 2754 de
973 2700 1188 2770 abysso,
1228 2711 1274 2753 et
1298 2700 1352 2753 in
1385 2700 1733 2766 perditionem
1769 2702 1929 2755 radit.
1953 2699 2016 2754 Et

437 2791 852 2844 admirabuntur
884 2789 1180 2843 habitantes
1210 2790 1265 2843 in
1299 2799 1464 2853 terra,
1497 2807 1718 2860 quorum
1769 2808 1872 2845 non
1897 2800 2016 2844 sunt

439 2886 647 2952 scripta
688 2884 906 2936 nomina
937 2885 991 2936 in
1027 2882 1163 2937 libro
1194 2886 1312 2937 vitta
1336 2901 1369 2936 a
1414 2886 1786 2939 constitutione
1812 2884 2015 2951 mundi,

330 2976 333 2981 ’
441 2976 677 3029 uidentes
703 2975 920 3028 bestiam
948 2991 1067 3045 qua:
1087 2986 1201 3029 erat
1226 2984 1275 3028 et
1300 2992 1401 3029 non
1426 2987 1501 3029 est
1524 2986 1571 3029 et
1586 2978 1778 3031 aderit.
1811 2976 1910 3030 Hic
1939 2986 2015 3031 est

436 3050 790 3133 intelligentia.
817 3080 936 3133 qua:
967 3065 1122 3119 habet
1142 3066 1476 3133 sapientiam.
1503 3064 1706 3135 Septem
1735 3068 1908 3136 capita
1930 3084 2015 3122 se-

2139 644 2685 715 ἀπηρυθριασμένως
2724 643 2876 713 δηλοῖ
2908 643 3173 714 πράττειν
3201 646 3269 698 τὰ
3297 645 3552 699 ἀπαίσια.
3582 648 3709 717 Μη-

2136 733 2269 804 τέρα
2299 734 2354 787 δὲ
2381 734 2492 786 τῶν
2524 734 2741 803 πορνῶν
2768 732 2970 799 καλῶν,
2996 735 3061 804 ἢν
3088 733 3154 786 ἂν
3189 734 3357 806 βούλῃ
3392 735 3575 797 πάλιν,
3604 736 3715 789 εἴτε

2134 826 2233 897 τὴν
2265 824 2506 880 παλαιάν
2547 824 2791 897 Ῥώμην,
2822 826 2933 878 εἴτε
2959 826 3058 895 τὴν
3089 826 3239 892 νέαν,
3265 826 3377 879 εἴτε
3407 827 3498 879 τὸν
3525 828 3717 897 statpr

2134 916 2233 985 τῆς
2266 914 2565 985 ἐπιδημίας
2593 914 2688 967 τοῦ
2734 914 3130 985 ’Δντιχρίστου,
3194 915 3295 967 οὐκ
3334 914 3401 967 ἂν
3458 916 3713 986 ἁμάρτῃς

2134 1006 2228 1060 τοῦ
2256 1006 2514 1077 ἀληθοῦς,
2545 1007 2679 1059 διότι
2709 1007 3020 1077 ἀμφότεραι
3060 1005 3123 1059 τὸ
3163 1008 3363 1077 κράτος
3396 1008 3714 1073 ἀνεδέξαντο

2132 1096 2242 1150 τῶν
2291 1097 2468 1153 ἄλλων
2504 1097 2734 1163 πόλεων,
2792 1098 2888 1151 καὶ
2942 1097 3152 1167 ἑκάστη
3200 1098 3360 1168 κόρον
3421 1097 3547 1168 ἔσχε
3605 1098 3715 1151 τῶν

2138 1187 2313 1255 ἁγίων
2350 1188 2651 1257 μαρτύρων
2678 1186 2770 1240 τοῦ
2801 1188 3053 1258 αἵματος.

2208 1280 2311 1333 Καί
2341 1281 2655 1349 ἐθαύμασα
2682 1280 2845 1334 ἰδών.
2880 1279 3038 1343 Εἰκὸς
3077 1275 3147 1351 ἦν
3177 1280 3382 1348 ἀγαθὸν
3424 1280 3590 1352 ἄνδρα
3618 1282 3711 1333 καὶ

2134 1375 2372 1443 χρηστὸν
2401 1376 2498 1427 καὶ
2526 1375 2802 1445 πραΰτητι
2830 1374 2942 1427 οὐδ⁸
2973 1374 3075 1448 ὅση
3097 1374 3272 1427 εἰπεῖν
3306 1376 3709 1445 συγκροτούμε-

2132 1483 2222 1519 νον
2285 1466 2587 1538 ἀγριότητα
2641 1467 2852 1538 ὁρῶντα
2927 1466 3211 1538 θηριωδῶν
3264 1467 3567 1538 ἀνθρώπων
3630 1469 3706 1538 μὴ

2134 1558 2547 1630 ὑπερϐαλλούσῃ
2573 1558 2834 1628 ἐκπλήξει
2863 1559 3200 1629 κατάσχετον
3232 1560 3509 1627 γενέσθαι.
3536 1558 3709 1611 Τοῦτο

2131 1648 2239 1717 γὰρ
2262 1649 2340 1711 τό,
2380 1649 2533 1717 μέγα
2564 1648 2785 1716 θαῦμα,
2812 1649 3090 1718 ἐμφαίνει.
3124 1649 3242 1701 Ὀτι
3272 1648 3328 1701 δὲ
3363 1647 3616 1710 ἁπλοϊκὸς
3647 1647 3709 1698 τὸ

2129 1733 2259 1809 ἦθος
2290 1741 2317 1791 ό
2348 1740 2618 1809 μακάριος
2646 1732 2802 1801 οὗτος
2847 1740 3102 1811 Ἰωάννης
3132 1743 3160 1794 ό
3192 1738 3476 1809 Θεολόγος,
3509 1740 3542 1811 ἠ
3577 1739 3708 1809 περὶ

2128 1830 2295 1884 αὑτοῦ
2327 1830 2540 1902 ἱστορία
2566 1830 2830 1886 διδάσκει.

2704 2122 2951 2175 ΚΕΦΑΛ.
2985 2121 3109 2175 ΝΔν.

2129 2241 2332 2309 Ὅπως
2374 2243 2409 2295 ό
2478 2238 2733 2309 ἅγγελος
2782 2237 2849 2291 τὸ
2901 2237 3118 2305 όραθὲν
3170 2232 3331 2300 αὑτῷ
3364 2233 3704 2305 μυστήριον

2704 2308 3115 2379 ἠρμήνευσεν.

2208 2425 2359 2495 Ἐγὼ
2386 2422 2499 2492 ἐρῶ
2527 2440 2627 2477 σοι
2656 2419 2723 2476 τὸ
2752 2420 3091 2490 μυστήριον
3128 2419 3238 2488 τῆς
3264 2418 3570 2489 γυναικὸς,
3602 2416 3701 2472 καὶ

2126 2517 2233 2571 τοῦ
2260 2517 2468 2584 θηρίου
2493 2515 2600 2569 τοῦ
2620 2512 3032 2579 βαστάζοντος
3062 2511 3278 2578 αὐτὴν,
3312 2510 3417 2564 τοῦ
3450 2510 3699 2577 ἔχοντος

2127 2610 2233 2675 τὰς
2258 2609 2407 2662 ἑπτὰ
2438 2607 2708 2676 κεφαλὰς
2732 2604 2831 2659 καὶ
2854 2606 2927 2659 τὰ
2952 2604 3096 2658 δέκα
3113 2604 3348 2671 κέρατα.
3386 2601 3460 2656 Τὸ
3492 2601 3699 2669 θηρίον
3806 2625 3811 2628 ο

2125 2700 2157 2753 ὃ
2192 2699 2349 2764 εἶδες
2372 2697 2454 2767 ἦν
2494 2698 2593 2752 καὶ
2624 2699 2736 2750 οὐκ
2779 2696 2933 2759 ἐστι,
2975 2695 3073 2749 καί
3107 2694 3320 2764 μέλλει
3356 2694 3701 2748 ἀναϐαίνειν

2123 2792 2192 2845 ἐκ
2230 2789 2339 2859 τῆς
2366 2790 2668 2855 ἀϐύσσου,
2712 2787 2811 2841 καί
2857 2789 2944 2853 εἰς
2977 2786 3283 2842 ἀπώλειαν
3322 2786 3556 2854 ὑπάγει.
3591 2784 3701 2839 Καὶ

2124 2882 2534 2953 θαυμάσονται
2567 2884 2622 2935 oi
2650 2880 3069 2943 κατοικοῦντες
3097 2879 3194 2932 ἐπὶ
3224 2876 3330 2946 τῆς
3350 2877 3484 2948 γῆς,
3515 2871 3603 2931 ὧν
3626 2879 3699 2930 οὐ

2124 2977 2443 3046 γέγραπται
2481 2975 2554 3029 τὰ
2592 2975 2853 3043 ὀνόματα
2883 2971 2983 3025 ἐπὶ
3011 2972 3075 3025 τὸ
3119 2971 3365 3035 ,ϐιϐλίον
3405 2968 3513 3038 τῆς
3549 2967 3698 3037 ζωῆς

2122 3071 2240 3125 ἀπὸ
2280 3067 2620 3137 καταϐολῆς
2665 3068 2920 3135 κόσμου,
2962 3064 3304 3131 βλέποντες
3354 3062 3443 3115 ὅτι
3488 3058 3568 3133 ἦν
3629 3062 3697 3115 τὸ

435 3167 576 3226 ptem
606 3167 805 3211 montes
840 3155 1003 3225 792
1035 3165 1158 3209 sunt
1187 3174 1346 3226 super
1377 3174 1505 3227 quos
1546 3157 1734 3211 mulier
1771 3158 1936 3223 sedet,
1964 3168 2011 3210 et

2122 3164 2325 3233 θηρίον
2362 3160 2461 3214 καί
2504 3162 2614 3213 οὐκ
2661 3158 2816 3224 ἐστι,
2844 3158 2941 3211 καὶ
2977 3160 3291 3225 παρέσται.
3324 3148 3464 3208 Ὧδε
3492 3157 3526 3207 ό
3553 3153 3700 3217 νοῦς

436 3260 632 3317 septem
656 3265 799 3319 reges
830 3258 972 3302 sunt.
1008 3248 1250 3319 Quinque
1278 3251 1601 3314 ceciderunt,
1644 3266 1778 3303 unus
1809 3260 1908 3315 est,
1964 3264 2014 3303 et

2122 3258 2153 3309 ό
2186 3255 2343 3321 ἔχων
2372 3252 2621 3320 σοφίαν.
2648 3253 2714 3303 Al
2752 3250 2903 3303 ἑπτὰ
2933 3248 3189 3317 κεφαλαί
3214 3246 3361 3300 ἑπτὰ
3384 3245 3489 3313 ὄρη
3515 3244 3696 3307 εἰσιν,

435 3343 575 3396 alius
612 3340 842 3394 nondum
874 3341 1007 3395 venit
1034 3355 1053 3404 ;
1085 3349 1133 3394 et
1151 3356 1269 3393 cum
1298 3341 1515 3405 venerit,
1541 3350 1741 3410 oportet
1770 3342 1921 3394 illum
1949 3341 2017 3395 ad

2122 3344 2278 3398 ὅπου
2313 3344 2351 3411 ἠ
2396 3342 2552 3412 γυνὴ
2594 3341 2845 3407 κάθηται
2892 3340 2986 3393 ἐπ’
3015 3337 3232 3403 αὐτῶν,
3270 3337 3368 3390 καὶ
3417 3337 3698 3401 ,ϐασιλεῖς

436 3440 583 3489 breve
609 3443 809 3503 tempus
834 3449 1064 3487 manere.
1096 3432 1163 3485 Et
1197 3434 1357 3487 bestia
1387 3450 1504 3503 qua:
1538 3444 1653 3488 erat
1680 3445 1728 3488 et
1766 3451 1872 3487 non
1911 3443 2012 3501 est,

2122 3438 2281 3489 εἰσιν
2296 3434 2467 3489 ἑπτά.
2500 3436 2565 3488 Οἱ
2598 3433 2780 3487 πέντε
2808 3434 3056 3496 ἔπεσον,
3088 3433 3120 3484 ό
3141 3424 3229 3493 εἷς
3242 3429 3482 3494 bound
3507 3428 3701 3492 ἄλλος

433 3540 483 3582 et
521 3530 626 3597 ipse
655 3538 868 3582 octavus
909 3537 1010 3593 est,
1040 3528 1173 3582 etde
1208 3538 1399 3596 septem
1432 3537 1529 3594 est,
1568 3537 1617 3581 et
1651 3527 1704 3581 in
1736 3529 2013 3581 interitum

2122 3528 2284 3583 οὔπω
2322 3523 2493 3597 ἦλθε.
2542 3526 2651 3580 Καὶ
2686 3524 2833 3578 ὅταν
2887 3525 3073 3590 ἔλθῃ,
3121 3522 3331 3589 ὀλίγον
3376 3519 3468 3572 δεῖ
3510 3521 3700 3573 αὐτὸν

434 3618 602 3672 vadit.
2113 3619 2334 3690 μεῖναι.
2369 3619 2479 3672 Kal.
2510 3618 2575 3671 τὸ
2615 3617 2829 3684 θηρίον
2850 3615 2882 3668 ὃ
2914 3610 2994 3684 ἦν
3022 3613 3119 3667 καί
3144 3614 3254 3666 οὐκ
3284 3611 3437 3674 ἐστι,
3461 3612 3561 3664 καὶ
3600 3612 3697 3664 αὐ-

2084 3779 2089 3784 ,
2117 3711 2222 3778 τὸς
2256 3711 2468 3780 ὄγδοός
2496 3711 2647 3773 ἐστι,
2691 3708 2789 3761 καί
2831 3708 2899 3760 ἐκ
2931 3705 3050 3759 τῶν
3086 3702 3237 3758 ἑπτά
3281 3704 3434 3771 ἐστι,
3468 3703 3565 3757 καὶ
3611 3706 3697 3769 είς

505 3879 686 3935 Bestia
724 3890 808 3934 est
838 3879 1089 3937 diabolus
1126 3899 1140 3935 :
1174 3880 1342 3951 coepit
1371 3889 1425 3934 et
1462 3895 1572 3935 non
1609 3889 1714 3946 est,
1752 3888 2014 3950 tanquam

434 3988 498 4027 ea
530 3987 651 4041 quae
683 3973 786 4026 sub
820 3972 987 4026 lance
1020 3973 1295 4042 proposita
1329 3980 1458 4026 sunt
1488 3980 1546 4025 ut
1580 3972 1806 4025 omnino
1842 3985 2019 4027 trans-

433 4073 579 4121 eant.
631 4064 755 4119 ldco
788 4065 917 4126 fuit,
955 4064 1151 4134 inquit,
1190 4065 1360 4119 bestia
1406 4056 1533 4134 quze'
1568 4080 1715 4118 nunc
1747 4080 1853 4119 non
1887 4065 2016 4120 sub-

437 4158 605 4223 sistit,
635 4157 777 4212 unde
800 4156 1149 4211 manifestum
1183 4165 1266 4211 est
1303 4157 1445 4226 quod
1466 4158 1538 4211 sit
1568 4157 1837 4223 diabolus,
1858 4158 2013 4227 juxta

435 4249 487 4302 id
504 4250 647 4318 quod
667 4249 873 4303 dictum
895 4257 980 4304 est
1000 4267 1013 4304 :
1039 4266 1058 4297 ι
1085 4249 1419 4319 Principium
1440 4251 1646 4303 viarum
1674 4250 1966 4305 Domini".
1989 4270 2008 4303 ι

433 4337 591 4394 Nunc
631 4350 810 4395 autem
847 4354 955 4393 non
988 4349 1094 4405 est,
1150 4341 1277 4410 quia
1326 4342 1545 4395 occisus
1571 4351 1655 4396 est
1686 4343 1864 4411 quoad
1897 4342 2009 4397 elli-

2117 3805 2422 3860 ἀπώλειαν
2452 3802 2691 3871 ὑπάγει.

2189 3895 2391 3966 Θηρίον
2421 3897 2449 3947 ό
2475 3892 2719 3955 διάϐολος
2744 3907 2761 3923 ⁸
2795 3889 2999 3959 ἤρξατο
3030 3888 3122 3943 καὶ
3156 3889 3254 3942 οὐκ
3282 3888 3451 3951 ἔστιν,
3506 3887 3694 3957 ὥσπερ

2119 3988 2223 4041 ὑπὸ
2259 3986 2453 4038 πίνακι
2505 3980 2970 4053 προεκτεθειμένα
3022 3978 3251 4042 ἐντελῶς
3285 3978 3561 4043 διεξιέναι.
3605 3979 3695 4030 Διό

2121 4094 2310 4149 φησιν,
2333 4070 2443 4128 Ἦν
2477 4072 2539 4127 τδ
2578 4072 2787 4143 θηρίον,
2821 4072 2881 4124 οὺ
2918 4070 3013 4124 νῦν
3047 4070 3437 4138 ὑφιστάμενον.
3475 4068 3593 4137 Ἀφ’
3632 4062 3694 4122 οὗ

2119 4168 2299 4239 δῆλον,
2324 4165 2400 4227 ὡς
2425 4167 2453 4218 ό
2481 4163 2729 4226 διάϐολός
2756 4165 2926 4215 ἐστιν·
2954 4179 2972 4213 t
3021 4160 3188 4230 Ἀρχὴ
3217 4160 3327 4234 γὰρ
3358 4160 3694 4231 πλασμάτων

2118 4259 2213 4311 τοῦ
2246 4258 2476 4327 Κυρίου,
2516 4275 2533 4308 ι
2569 4255 2713 4309 κατά
2745 4254 2805 4307 τὸ
2838 4253 3153 4323 εἰρημένον.
3194 4252 3308 4304 Οὐκ
3340 4251 3461 4304 ἐστι
3495 4251 3549 4303 δὲ
3576 4250 3694 4317 νῦν,

2117 4353 2200 4406 ὅτι
2232 4349 2594 4411 ἀποκτανθεὶς
2622 4348 2721 4410 τὰς
2753 4348 3033 4418 ἐνεργείας
3061 4347 3128 4416 τῇ
3161 4342 3255 4398 τοῦ
3289 4343 3527 4415 Χριστοῦ
3573 4345 3695 4396 ἑπι-

433 4433 641 4487 caciam
696 4434 1003 4497 actionum,
1031 4449 1129 4503 per
1193 4434 1485 4487 adventum
1545 4433 1794 4490 Christi:
1835 4450 2011 4505 neque

2122 4441 2308 4511 δημίᾳ.
2333 4439 2407 4491 Οὐ
2436 4437 2547 4507 γὰρ
2573 4436 2647 4498 ὡς
2682 4434 2788 4505 πρὸ
2818 4434 3023 4503 ταύτης
3052 4434 3275 4503 ἐνήργει
3304 4434 3455 4495 υἱοὺς
3488 4432 3697 4502 ἀνθρὼ-

431 4529 576 4581 enim
612 4526 1075 4596 quemadmodum
1126 4536 1253 4580 ante
1303 4527 1449 4579 hunc
1480 4525 1747 4581 eﬂiciebat
1807 4536 1865 4581 ut
1913 4527 2007 4581 lilii

439 4618 720 4672 hominum
748 4627 803 4673 et
832 4618 951 4671 tiliae
980 4633 1074 4686 per
1102 4618 1353 4671 victimas
1374 4617 1706 4672 oll‘errentur
1754 4618 2020 4673 daemoni-

435 4710 540 4764 bus
596 4710 885 4779 ipsorum,
952 4710 1025 4764 ita
1090 4709 1203 4777 jam
1264 4718 1386 4779 post
1455 4709 1656 4765 Christi
1725 4710 2015 4763 adventum

435 4799 580 4869 potis
618 4809 705 4854 est
765 4800 880 4855 haec
936 4800 1168 4856 allicere.
1208 4801 1514 4856 Ascendere
1554 4816 1683 4857 vero
1716 4801 1918 4855 dicitur
1949 4800 2017 4855 de

434 4892 655 4961 abysso,
693 4906 791 4961 per
835 4893 1127 4947 adventum
1162 4894 1505 4949 Antichristi.

503 4979 572 5034 Et
603 4983 657 5035 in
676 4983 1028 5051 perditionem
1069 4986 1236 5039 vadit.
1307 4986 1672 5042 Perditionem
1718 4982 1869 5047 dicit,
1907 4997 2015 5036 non

433 5080 491 5126 ut
511 5087 621 5126 non
650 5073 743 5139 sit,
770 5074 862 5127 sed
889 5078 1400 5131 condemnationem
1432 5076 1562 5131 dicit
1589 5076 1655 5131 ad
1684 5074 2011 5144 gehennam.

502 5162 575 5218 Et
612 5164 1023 5222 admirabuntur
1051 5168 1350 5223 habitantes
1379 5169 1432 5222 in
1458 5178 1623 5221 terra.
1656 5166 2019 5221 Adtnirabun-

432 5267 522 5311 tur
568 5258 757 5313 bestia:
806 5263 1175 5331 praesentiam,
1214 5278 1322 5315 non
1376 5261 1552 5315 solum
1602 5260 1743 5331 quod
1794 5259 2016 5331 perierit

429 5362 484 5406 et
529 5354 807 5422 quomodo
842 5355 1057 5419 vixerit,
1090 5353 1183 5409 sed
1231 5354 1397 5408 etiam
1439 5352 1581 5422 quod
1628 5352 1909 5407 advenerit
1950 5351 2004 5405 in

430 5446 600 5515 signis
620 5448 824 5503 erroris
855 5463 919 5502 ac
945 5447 1305 5518 deceptionis.
1344 5444 1408 5499 Et
1430 5446 1520 5515 qui
1553 5443 2006 5499 admirabuntur?

430 5536 533 5602 Qui
562 5536 810 5592 habitant
839 5539 893 5592 in
945 5549 1113 5604 terra,
1145 5539 1214 5593 de
1248 5538 1447 5607 quibus
1475 5538 1551 5592 ait
1585 5536 1756 5592 Isaias
1789 5553 1803 5590 :
1847 5556 1865 5588 ι
1888 5536 2002 5590 Non

430 5629 711 5695 cademus,
780 5633 1054 5705 inquiunt,
1108 5632 1202 5689 sed
1256 5632 1453 5688 cadent
1520 5631 1611 5703 qui
1658 5630 1904 5686 habitant
1944 5629 1998 5684 in

500 5781 544 5813 ³⁷
577 5782 680 5837 Job
706 5800 794 5851 XL,
814 5787 900 5841 14.

2121 4549 2239 4585 πων
2277 4531 2370 4584 καὶ
2399 4528 2707 4597 θυγατέρας
2737 4527 2850 4589 τοῖς
2880 4523 3076 4579 ἑαυτοῦ
3105 4524 3323 4593 δαίμοσι
3366 4523 3454 4576 διὰ
3496 4524 3696 4576 θυσιῶν

2120 4620 2661 4694 παρασκευάζεσθαι,
2710 4618 2885 4682 οὕτως
2918 4618 3021 4688 ἤδη
3073 4616 3246 4670 ταῦτα
3273 4618 3366 4670 καὶ
3404 4617 3543 4686 μετά
3594 4618 3694 4685 τὴν

2118 4715 2357 4787 Χριστοῦ
2386 4713 2694 4786 παρουσίαν
2726 4706 2838 4775 οἷός
2868 4728 2926 4764 τε
2958 4712 3225 4782 ἐνεργεῖν.
3272 4709 3612 4762 Ἀναὸαίνειν
3636 4710 3693 4762 δὲ

2116 4807 2335 4875 λέγεται
2367 4806 2432 4857 ὲκ
2464 4805 2566 4873 τῆς
2611 4801 2874 4864 ἀϐύσσου,
2927 4802 2995 4872 τῇ
3047 4799 3316 4870 ἐπιδημία
3362 4799 3459 4852 τοῦ
3518 4799 3692 4852 Ἀντι-

2115 4897 2357 4967 χρίστου.

2189 4989 2297 5041 Καὶ
2332 4990 2418 5053 εἰς
2462 4986 2769 5040 ἀπώλειαν
2824 4982 3060 5051 ὑπάγει.
3117 4982 3440 5048 ⁹λίιπιιῦλειαν,
3490 4982 3551 5035 οὐ
3590 4981 3691 5051 τὴν

2112 5079 2474 5150 ἀνυπαρξίαν,
2517 5076 2654 5131 ἀλλά
2690 5076 2789 5148 τὴν
2830 5077 2889 5129 ὲν
2922 5076 3117 5149 γεέννῃ
3148 5076 3476 5146 κατάκρισιν
3518 5076 3685 5141 λέγει.

2181 5172 2289 5227 Καὶ
2320 5170 2729 5241 θαυμάσονται
2753 5171 2808 5223 οὶ
2835 5168 3263 5234 κατοικοῦντες
3292 5167 3391 5222 ἐπὶ
3416 5166 3527 5236 τῆς
3549 5166 3682 5237 γῆς.

2109 5262 2497 5334 Θαυμάσονται
2524 5260 2623 5332 τὴν
2668 5258 2763 5313 τοῦ
2794 5259 2987 5331 θηρίου
3036 5260 3359 5331 παρουσίαν,
3416 5258 3479 5312 οὐ
3525 5258 3684 5329 μόνον

2112 5354 2195 5407 ὅτι
2227 5353 2472 5407 ἀπόλωλε
2502 5352 2597 5406 καὶ
2630 5351 2748 5414 πῶς
2772 5350 2860 5422 ζῇ,
2893 5350 3028 5405 ἀλλά
3062 5352 3158 5405 καὶ
3190 5353 3274 5405 ὅτι
3307 5351 3681 5422 παραγέγονεν

2114 5447 2171 5499 ἑν
2193 5445 2414 5518 τέρασιν
2441 5446 2676 5515 ἀπάτης.
2707 5444 2864 5505 Τίνες
2885 5442 2942 5496 δὲ
2964 5443 3336 5512 θαυμάσονται
3358 5460 3373 5509 ;
3402 5445 3465 5495 Οἱ
3496 5458 3681 5495 κατοι-

2112 5542 2334 5603 κοῦντες
2367 5540 2458 5592 ἐπὶ
2498 5540 2597 5608 τῆς
2632 5540 2755 5609 γῆς,
2789 5538 2919 5608 περὶ
2956 5530 3032 5590 ὧν
3066 5540 3161 5590 καὶ
3228 5536 3457 5598 Ἡσαΐας
3481 5536 3679 5608 φησιν’

2116 5650 2135 5685 t
2180 5633 2256 5688 Οὐ
2290 5631 2627 5704 πεσούμεθα,
2653 5632 2789 5687 ά).λά
2821 5630 3114 5686 πεσοῦνται
3145 5631 3193 5685 oi
3223 5629 3557 5693 ἐνοικοῦντες
3589 5626 3684 5681 ἐπὶ
