4164 6428
479 399 579 464 ’121

1539 408 1926 470 COMMENT.
1969 407 2049 468 IN
2091 409 2622 478 APOCALYPSIN.

3631 425 3736 488 722

478 520 574 586 τῆς
608 517 734 587 γῆς.
791 537 810 569 ι
848 518 1091 573 Τοιοῦτοι
1129 520 1185 573 δὲ
1216 521 1264 572 οἱ
1309 521 1642 592 άστήρικτον
1693 523 1910 593 ἔχοντες
1956 522 2037 594 τὴ·

2161 535 2304 582 terra
2347 530 2414 583 ⁸⁸.
2455 551 2475 583 ι
2528 531 2689 586 Tales
2722 541 2903 587 autem
2936 541 3066 589 sunt
3099 536 3190 604 qui
3223 535 3438 589 ﬁrmmn
3473 554 3578 591 non
3633 541 3733 592 ha.-

478 611 662 679 βάσιν,
694 611 792 664 ἆτε
834 610 910 681 μὴ
944 611 1040 664 ἐπὶ
1077 611 1178 682 τὴν
1212 612 1420 682 πέτραν
1461 615 2054 686 Χριστὸντεθεμελιω-

479 710 652 778 μένοι.
676 710 1066 779 Θαυμάσονται
1099 711 1192 765 οὖν
1211 713 1305 766 καὶ
1335 712 1430 766 νῦν
1450 707 1595 767 οὗτοι
1627 712 1678 764 οῖ
1709 712 1798 766 διὰ
1825 711 1884 764 τὺ
1913 727 2054 781 χαμ-

476 802 642 870 ερπὲς
682 802 804 856 οὐδὲ
832 805 899 874 τῇ
938 803 1108 874 βίϐλῳ
1137 803 1250 875 (59)
1288 805 1396 858 τῶν
1423 802 1641 869 ζώντων
1670 803 2017 875 ἐγράφησαν.

538 980 605 1030 Al
657 976 809 1031 ἑπτὰ
837 979 1096 1046 κεφαλαὶ
1130 979 1281 1033 ἑπτὰ
1331 980 1439 1049 ὄρη
1474 981 1656 1036 εἰσίν.
1707 983 1850 1052 Ὀρη
1889 983 2050 1048 εἰσὶν,

472 1070 604 1122 ὅπου
638 1070 670 1139 ή
704 1070 842 1140 γυνὴ
884 1070 1141 1141 κάθηται.
1198 1073 1438 1127 Γυναῖκα
1467 1073 1714 1144 ἔφθημεν
1767 1077 2052 1146 εἰρηκότες

473 1163 548 1224 ὡς
575 1163 668 1216 τὸν
717 1163 958 1234 φθαρτὸν
1003 1163 1192 1218 τοῦτον
1237 1166 1350 1237 βίον
1375 1167 1510 1237 φησὶ
1561 1168 1730 1238 θῆλυν
1763 1170 1856 1222 καὶ
1887 1171 2052 1240 μηδὲν

475 1255 728 1324 ἀνδρικὸν
762 1255 1146 1325 ἐπιφαίνοντα.
1188 1259 1332 1330 Ὄρη
1359 1259 1416 1312 δὲ
1454 1259 1552 1314 καὶ
1597 1262 1838 1330 κεφαλὰς
1887 1264 2048 1327 ἑπτὰ,

473 1346 675 1409 τόπους
707 1347 993 1417 ἡγούμεθα
1011 1349 1071 1402 ὲν
1097 1349 1339 1421 ὕπεροχῇ
1370 1352 1463 1405 καὶ
1491 1351 1786 1423 δυναστείᾳ
1809 1359 2050 1426 κοσμικῇ

475 1437 600 1500 τοὺς
637 1439 858 1502 λοιποὺς
892 1439 1198 1510 ἐξέχοντας,
1244 1443 1330 1511 ἐφ’
1367 1441 1462 1507 οὓς
1501 1446 1644 1498 κατὰ
1698 1449 1924 1518 καιροὺς
1953 1447 2052 1520 τὴν

477 1529 571 1584 τοῦ
597 1532 804 1602 κόσμου
824 1532 1101 1602 βασιλείαν
1131 1535 1450 1606 ὲστηρίχθαι
1480 1537 1750 1608 ἔγνωμεν.
1789 1540 1876 1604 Ὧς
1900 1542 2049 1611 πρῶ-

474 1637 566 1672 τον
598 1621 657 1672 ἐν
687 1622 888 1694 Νινευῇ
923 1622 1023 1693 τὴν
1052 1625 1162 1677 τῶν
1209 1626 1512 1697 Ἀσσυρίων
1541 1627 1772 1699 [ἀρχήνο
1797 1630 2049 1700 δεύτερον

473 1709 531 1761 ἐν
567 1711 928 1773 Ἐκϐατάνοις
956 1714 1056 1784 τὴν
1084 1716 1288 1786 Μήδων
1336 1717 1658 1773 δυναστείαν
1699 1719 1806 1772 ἀπὸ
1853 1721 2049 1790 Ἀρϐά-

470 1813 567 1850 κου
601 1803 958 1871 κρατήσασαν
997 1805 1110 1857 τῶν
1154 1808 1457 1878 Ἀσσυρίων
1506 1808 1666 1883 (60)],
1708 1804 1785 1865 ῶν
1836 1812 1928 1865 τὸν
1958 1812 2046 1881 βα-

473 1889 629 1941 σιλέα
657 1891 1083 1962 Σαρδανάπαλον
1116 1899 1396 1970 κρατήσας
1424 1901 1453 1953 δ
1499 1903 1554 1956 Ἀ
1566 1903 1778 1974 ρϐάκης
1804 1905 2041 1960 καθεῖλε.

467 1979 625 2033 Μετὰ
663 1985 890 2048 τούτους
943 1987 1003 2040 ἐν
1047 1988 1330 2043 Βαϐυλῶνι
1379 1991 1438 2044 τὸ
1506 1993 1790 2048 Χαλδαίων
1843 1998 2047 2065 κράτος

469 2071 784 2141 ὑπερεῖχεν,
811 2067 888 2127 ὧν
917 2076 1396 2152 Ναϐουχοδονόσορ
1423 2083 1452 2135 ὁ
1481 2081 1734 2152 βασιλεὺς
1762 2085 2048 2141 ἐϐασίλευ-

473 2178 586 2216 σεν.
618 2159 753 2218 Εἶτα
781 2167 922 2236 μετὰ
949 2168 1050 2238 τὴν
1084 2170 1290 2225 τούτων
1318 2173 1414 2226 καὶ
1444 2174 1552 2229 τῶν
1582 2177 1783 2246 Μήδων
1812 2180 2045 2234 κατάλυ-

468 2271 575 2316 σιν,
608 2256 666 2307 ὲν
707 2257 937 2323 Σούσαις
973 2261 1079 2314 ὑπὸ
1117 2263 1304 2331 Κύρου
1347 2264 1450 2335 τῆς
1491 2268 1717 2338 Περσῶν
1765 2269 2046 2340 βασιλείας

468 2346 893 2420 καθισταμένης,
921 2351 939 2420 Ῐ
948 2354 1090 2422 μετὰ
1105 2354 1163 2408 δὲ
1189 2357 1290 2425 τὴν
1317 2358 1526 2430 ταύτης
1549 2361 1656 2415 ὑπὸ
1690 2363 2044 2437 Ἀλεξάνδρου

467 2439 838 2514 καθαίρεσιν,]
879 2445 912 2514 ἡ
956 2446 1067 2499 τῶν
1109 2448 1440 2504 Μακεδόνων
1499 2454 1825 2526 ύπεισῆλθεν
1873 2459 2039 2532 ἀρχή.

480 2532 573 2583 Ἐκ
606 2531 876 2606 τούτωνή
917 2537 977 2589 ἐν
1021 2541 1086 2609 τῇ
1118 2542 1474 2616 πρεσϐυτέρᾳ
1517 2545 1710 2621 Ῥώμῃ
1753 2549 1862 2603 τῶν
1905 2531 2040 2605 Ῥω-

466 2623 644 2691 μαίων
667 2628 812 2698 ἀρχὴ
839 2631 934 2682 καὶ
964 2631 1140 2700 ἰσχὺς,
1168 2633 1262 2686 ἐπὶ
1291 2635 1390 2705 μὲν
1415 2637 1729 2706 Αὐγούστου
1762 2643 2041 2716 Καίσαρος

467 2716 609 2784 μετὰ
638 2718 764 2781 τοὺς
807 2719 1000 2792 πρώην
1027 2721 1271 2792 βασιλεῖς
1310 2727 1481 2799 αὐτῆς
1512 2731 1605 2784 καὶ
1639 2733 1882 2799 ὑπάτους
1915 2755 2043 2806 μον-

460 2809 794 2878 αρχήσασα,
838 2811 945 2866 ὑπὸ
1004 2815 1061 2868 δὲ
1122 2817 1336 2870 ἀσεϐῶν
1411 2822 1574 2892 μέχρι
1625 2825 2041 2884 Κωνσταντίνου

461 2897 876 2966 κατασχεθεῖσα,
907 2894 982 2954 ὧν
1012 2905 1155 2974 μετὰ
1195 2907 1295 2978 τὴν
1325 2910 1622 2964 κατάλυσιν
1663 2917 1745 2978 εἰς
1788 2919 1888 2988 τὴν
1915 2920 2043 2974 νέαν

2158 619 2284 673 bent
2307 619 2744 690 fundamentum,
2770 635 2827 680 ut
2854 627 2948 696 qui
2983 642 3088 682 non
3122 638 3252 682 sunt
3293 629 3542 683 :ediﬁoati
3571 647 3732 700 supra

2156 723 2363 780 petram
2393 712 2698 771 Christum.
2725 719 3158 774 Admirabuntur
3190 720 3356 791 igitur
3377 731 3430 774 et
3462 738 3606 775 nunc
3636 724 3731 792 qui

2155 801 2207 856 in
2248 803 2390 858 libro
2410 805 2705 861 viventium
2741 824 2847 862 non
2888 821 3018 864 sunt
3049 811 3261 880 scripti,
3284 826 3350 866 eo
3382 813 3526 882 quod
3555 821 3731 867 terre-

2154 897 2241 953 nis
2274 899 2437 953 rebus
2471 899 2813 956 incumbant.

2225 987 2432 1056 Septem
2478 991 2656 1060 capita
2707 998 2900 1058 septem
2945 999 3142 1046 montes
3182 1004 3326 1046 sunt.
3367 991 3574 1050 Montes
3603 1005 3735 1050 sunt

2155 1077 2246 1130 ubi
2283 1079 2479 1133 mulier
2505 1081 2655 1134 sedet
2679 1097 2694 1137 :
2722 1081 3028 1145 mulierem,
3055 1090 3114 1135 ut
3137 1083 3402 1150 diximus,
3436 1088 3726 1140 mortalem

2126 1161 2130 1165 ”
2155 1165 2295 1220 hanc
2319 1169 2480 1220 vitam
2499 1170 2595 1232 ait,
2615 1185 2735 1236 qum
2758 1170 2902 1223 velut
2922 1169 3230 1226 eﬂ‘eminata
3249 1184 3330 1228 est
3347 1185 3400 1228 et
3419 1175 3554 1228 nihil
3572 1177 3729 1230 virile

2151 1256 2555 1315 demonstrans.
2586 1259 2796 1315 Montes
2841 1275 2972 1315 vero
3005 1270 3059 1316 et
3090 1263 3264 1332 capita
3299 1274 3506 1334 septem
3535 1269 3728 1323 existi-

2152 1361 2368 1402 mamus
2395 1348 2513 1404 loca
2545 1364 2668 1405 esse
2701 1351 2754 1404 in
2780 1351 3119 1408 sublimitate
3144 1363 3196 1408 et
3231 1364 3513 1424 potentatu
3575 1374 3730 1412 mun-

2150 1441 2294 1495 dano
2348 1458 2472 1512 qua:
2533 1443 2745 1498 caeteris
2781 1445 3143 1500 eminentiora
3207 1457 3354 1512 sunt,
3407 1449 3460 1503 in
3528 1451 3730 1519 quibus

2149 1533 2315 1588 variis
2365 1535 2706 1602 temporibus
2760 1537 2951 1590 mundi
2997 1537 3282 1606 imperimn
3341 1541 3726 1596 conﬁrmatum

2151 1623 2321 1680 fuisse
2342 1626 2700 1695 cognovimus
2735 1628 3238 1696 :quemadmodum
3275 1631 3515 1698 primum
3570 1634 3729 1702 Assy-

2150 1717 2358 1772 riorum
2389 1720 2440 1771 in
2462 1719 2676 1785 Ninive,
2703 1721 3006 1774 secundum
3044 1721 3097 1774 in
3134 1721 3424 1778 Ecbatanis
3447 1722 3727 1779 Medorqu

2149 1810 2452 1879 dynastiam
2504 1827 2628 1880 qua:
2677 1813 2938 1883 Assyrios
2989 1813 3204 1869 Arbace
3244 1814 3382 1870 duce
3419 1820 3722 1886 superavit,

2149 1916 2381 1970 quorum
2432 1919 2614 1971 regem
2671 1904 3106 1975 Sardanapalum
3161 1907 3436 1962 devictum
3489 1909 3728 1964 Arbaees

2145 1994 2368 2050 occidit.
2397 1994 2528 2050 Post
2585 1997 2686 2053 hos
2725 1999 3107 2053 Chaldzeorum
3156 2001 3448 2070 imperium
3501 2003 3554 2055 in
3615 2001 3722 2056 Ba-

2147 2089 2342 2160 bylone
2366 2091 2644 2155 excelluit,
2669 2094 2873 2161 quibus
2903 2094 3208 2163 imperabat
3239 2111 3333 2150 rex
3359 2094 3725 2152 Nabuchodo-

2145 2197 2334 2236 nosor.
2373 2181 2575 2237 Deinde
2607 2193 2730 2253 post
2790 2185 2984 2238 horum
3033 2200 3098 2240 ac
3148 2184 3426 2241 Medorum
3479 2189 3725 2243 eversio-

2145 2291 2292 2339 nem,
2323 2276 2427 2330 sub
2468 2277 2612 2347 Cyro
2676 2292 2903 2348 regnum
2945 2276 3236 2334 Persarum
3277 2281 3330 2333 in
3387 2281 3546 2336 Susis
3597 2297 3729 2336 con-

2144 2370 2419 2437 stituitur;
2451 2369 2612 2440 793
2637 2379 2756 2439 post
2786 2371 2945 2440 cujus
2969 2370 3038 2425 ab
3068 2371 3378 2428 Alexandro
3398 2373 3722 2429 deletionem

2144 2464 2559 2535 subingressum
2585 2473 2670 2519 est
2708 2479 2936 2534 regnum
2967 2462 3344 2521 Macedonum.
3381 2466 3476 2522 His
3500 2482 3724 2522 succes-

2145 2556 2216 2610 sit
2235 2555 2606 2610 Romanorum
2631 2556 2915 2626 imperium
2943 2565 2992 2611 et
3013 2566 3253 2626 potestas
3270 2559 3323 2611 in
3349 2561 3510 2614 veteri
3526 2559 3723 2627 Roma,

2142 2664 2265 2719 qua:
2311 2657 2436 2718 post
2479 2648 2697 2718 priores
2732 2648 2953 2719 quidem
2998 2664 3152 2720 reges
3179 2665 3244 2704 ac
3293 2651 3570 2717 consules,
3596 2668 3721 2706 cum

2143 2740 2247 2795 sub
2277 2742 2518 2810 Augusto
2545 2741 2762 2796 Caesare
2793 2742 3170 2797 monarcbiam
3200 2742 3522 2812 accepisset,
3551 2758 3724 2812 usque

2143 2833 2210 2887 ad
2233 2832 2655 2889 Constantinum
2679 2834 2748 2888 ab
2783 2835 2965 2904 impiis
2995 2843 3259 2904 occupata
3283 2844 3386 2899 est,
3422 2844 3545 2904 post
3579 2849 3719 2904 quo-

2144 2940 2264 2979 rum
2305 2925 2717 2980 dissolutionem
2766 2926 2820 2980 in
2860 2942 3056 2981 novam
3099 2927 3332 2980 Romam
3395 2929 3721 2981 translatum

2141 3026 2228 3071 est
2287 3017 2580 3086 imperium
2627 3019 2730 3075 θυι)
2778 3020 2998 3090 regibus
3051 3019 3331 3075 Christum
3387 3021 3719 3076 colentibus.

2141 3107 2303 3164 Juxta
2355 3111 2610 3165 eumdem
2669 3111 3006 3167 intellectum
3047 3123 3259 3183 septem
3299 3128 3518 3183 quoque
3567 3128 3723 3183 reges

460 3171 710 3242 βασιλεῖς
743 3176 1031 3233 ἐκδεκτέον
1053 3183 1153 3251 τῆς
1181 3184 1486 3256 ὲναλλαγῆς
1516 3189 1624 3243 τῶν
1651 3195 1842 3261 γενῶν,
1872 3198 2034 3266 ἀρσε-

2139 3200 2434 3269 accipiendi
2469 3209 2617 3266 sunt,
2641 3202 2944 3257 mutatione
2967 3203 3203 3274 generis,
3240 3218 3434 3272 nempe
3463 3205 3721 3256 neutrius

455 3265 632 3362 νικού,
662 3265 828 3335 λέγω,
869 3271 964 3362 καὶ
1011 3272 1270 3343 θηλυκοῦ,
1320 3279 1491 3348 μηδὲν
1519 3287 2036 3362 παρεμποδιζούσης

454 3356 554 3450 τῆς
596 3356 837 3424 διανοίας
877 3361 974 3434 τὴν
1017 3367 1346 3437 ταυτότητά,
1381 3373 1429 3424 εί
1483 3375 1603 3426 ἐκεῖ
1641 3377 1740 3445 μὲν
1782 3356 2035 3450 οηλυκῶς

455 3448 556 3511 τὰς
601 3450 846 3520 κεφαλὰς
897 3457 990 3508 καὶ
1027 3458 1166 3512 ἑπτὰ
1209 3460 1308 3532 ὅρη
1340 3462 1655 3534 οὐδετέρως,
1707 3448 1944 3525 ἐνταῦθα
1977 3473 2034 3526 δὲ

453 3538 695 3638 βασιλεῖς
716 3544 857 3598 ἑπτά
896 3547 1193 3618 ἐσήμανεν.
1245 3553 1414 3608 Οὐδὲν
1445 3555 1616 3630 γάρὴ
1671 3561 1862 3635 Γραφὴ
1904 3567 2033 3638 περὶ

449 3631 657 3687 τούτων
697 3635 857 3690 εἴωθε
889 3642 1361 3711 μικρολογεῖσθαι.

522 3724 630 3776 Kal
683 3725 757 3778 τὰ
809 3727 960 3788 δέκα
1010 3731 1229 3800 κέρατα
1261 3733 1301 3790 d
1337 3734 1522 3804 εἶδες,
1568 3741 1714 3796 δέκα
1746 3746 2032 3816 ,βασιλεῖς

446 3817 638 3880 εἰσιν,
697 3819 921 3882 οἵτινες
965 3823 1300 3887 βασιλείαν
1353 3831 1520 3884 οὔπω
1583 3833 1840 3903 ἔλαϐον,
1889 3840 2032 3896 ἀλλ’

447 3905 743 3969 ἐξουσίαν
794 3911 875 3978 ὡς
926 3915 1215 3984 βασιλεῖς
1256 3920 1402 3988 μίαν
1441 3922 1603 3991 ὥραν
1651 3930 2030 3998 λαμϐάνουσι

446 3998 593 4066 μετὰ
622 4000 729 4055 τοῦ
762 4004 992 4071 θηρίου.
1026 4002 1201 4062 Οὗτοι
1225 4010 1374 4077 μίαν
1395 4013 1608 4082 ἔχουσι
1636 4020 1900 4090 γνώμην,
1929 4026 2030 4079 καὶ

447 4092 565 4160 τὴν
621 4094 880 4162 δύναμιν
947 4097 1049 4151 καί
1108 4101 1401 4165 ἐξουσίαν
1455 4107 1656 4161 αὐτῶν
1713 4111 1794 4177 τῷ
1846 4117 2032 4183 θηρίῳ

445 4184 741 4239 διδόασιν.
788 4183 967 4242 Οὗτοι
994 4192 1146 4258 μετὰ
1171 4192 1278 4246 τοῦ
1317 4195 1529 4263 ἀρνίου
1565 4203 2029 4272 πολεμήσουσι,

445 4275 549 4330 καί
594 4277 660 4331 τὸ
701 4277 918 4346 ἀρνίον
958 4280 1196 4351 νικήσει
1245 4286 1504 4354 αὐτοὺς,
1545 4289 1633 4344 ὅτι
1671 4294 1886 4362 Κύριος
1924 4316 2027 4353 κυ-

443 4368 593 4436 ρίων
621 4368 775 4433 ἐστὶ,
818 4370 916 4424 καί
952 4371 1259 4441 βασιλεὺς
1287 4378 1620 4446 βασιλέων,
1663 4384 1762 4438 καί
1799 4389 1855 4440 οἱ
1895 4393 2032 4458 μετ’

2137 3301 2191 3346 et
2220 3292 2533 3354 masculini,
2563 3293 2774 3347 nullum
2831 3294 2898 3347 ad
2947 3293 3318 3363 intelligentiae
3378 3293 3717 3348 identitatem
3808 3334 3817 3341 .

2135 3391 2432 3452 praestante
2488 3383 2963 3455 impedimentum,
2987 3385 3034 3440 si
3087 3385 3159 3439 ibi
3219 3384 3442 3454 Quidem
3497 3393 3710 3454 Septem

2137 3484 2350 3532 montes
2385 3493 2583 3548 genere
2636 3478 2942 3534 masculino
3008 3487 3104 3533 aut
3157 3477 3334 3547 capita
3383 3487 3603 3542 neutro,
3633 3478 3720 3532 hic

2135 3576 2317 3623 autem
2347 3579 2554 3639 septem
2586 3584 2742 3640 reges
2773 3569 3080 3624 masculino
3114 3585 3310 3640 genere
3331 3570 3714 3640 signiﬁcavit:

2133 3662 2200 3717 de
2237 3661 2322 3716 his
2343 3662 2488 3716 enim
2511 3660 2797 3730 Scriptura
2827 3661 2964 3715 nihil
2994 3663 3212 3717 curiose
3259 3663 3497 3716 scrutari
3542 3663 3708 3718 solet.

2203 3751 2370 3817 XVII,
2403 3753 2592 3809 12-15.
2630 3752 2700 3806 Et
2731 3754 2906 3808 decem
2949 3770 3148 3809 cornua
3179 3771 3296 3824 qua:
3325 3755 3501 3809 vidisti
3538 3755 3716 3808 decem

2134 3864 2276 3918 reges
2314 3857 2458 3908 sunt,
2482 3847 2572 3918 qui
2605 3863 2819 3918 regnum
2861 3848 3096 3902 nondum
3130 3857 3465 3919 acceperunt,
3500 3847 3591 3904 sed
3621 3867 3717 3919 po-

2134 3949 2371 3994 testatem
2407 3956 2512 3993 una
2533 3941 2666 3994 hora
2698 3949 2957 4010 tanquam
2989 3957 3132 4011 reges
3171 3943 3446 4012 accipiunt
3484 3958 3602 3994 cum
3636 3943 3717 3996 be-

2130 4031 2256 4085 stia.
2277 4031 2347 4084 Ili
2370 4046 2533 4083 unum
2560 4029 2747 4083 habent
2770 4031 3052 4084 consilium
3079 4048 3098 4085 :
3122 4041 3173 4084 et
3197 4033 3445 4086 virtutem
3477 4049 3538 4085 ac
3559 4043 3712 4100 pote-

2129 4131 2320 4175 statem
2347 4137 2496 4176 suam
2515 4121 2692 4176 bestia:
2710 4120 3063 4177 tradiderunt.
3091 4122 3164 4178 Hi
3195 4139 3312 4176 cum
3344 4139 3478 4192 agno
3506 4139 3713 4193 pugna-
3822 4115 3826 4118 ﬁ

2129 4214 2280 4274 bunt,
2312 4219 2361 4263 et
2399 4226 2566 4280 agnus
2603 4211 2768 4265 vincet
2788 4227 2895 4268 eos.
2923 4213 3050 4280 quia
3082 4211 3336 4266 Dominus
3373 4212 3712 4266 dominorum

2126 4314 2202 4358 est
2239 4312 2290 4358 et
2321 4317 2414 4356 rea“-
2448 4319 2648 4372 regum,
2680 4312 2728 4356 et
2751 4303 2842 4373 qui
2866 4320 2984 4356 cum
3009 4304 3102 4357 illo
3134 4316 3260 4358 sunt
3288 4307 3460 4359 vocati
3488 4315 3537 4359 et
3560 4306 3715 4363 electi

2126 4412 2188 4448 ac
2209 4393 2412 4464 ﬁdeles.
2445 4393 2512 4446 Et
2544 4393 2670 4446 dicit
2702 4393 2828 4446 mihi
2855 4408 2874 4446 :
2903 4393 3069 4464 Aqua:
3106 4412 3237 4465 quas
3268 4397 3449 4450 vidisti
3476 4397 3564 4450 ubi
3591 4414 3710 4449 mu-

443 4461 632 4516 αὑτοῦ
671 4463 883 4530 κλητοὶ
920 4467 1019 4519 καὶ
1058 4466 1332 4524 ἐκλεκτοὶ
1378 4473 1481 4526 καὶ
1519 4478 1744 4530 πιστοί.
1783 4482 1890 4535 Καὶ
1919 4483 2019 4536 λέ-

444 4569 531 4582 ..ιη
585 4570 714 4582 ..-..
775 4557 851 4582 au.
908 4557 1096 4582 ε»---
1152 4557 1181 4582 n
1224 4557 1337 4582 3.-
1474 4581 1477 4582 ν
1545 4565 1556 4582 .
1620 4569 1632 4582 .
1803 4569 1814 4582 .
1904 4569 1934 4582 -
1998 4577 2010 4582 _

2139 4461 2224 4541 fier
2246 4486 2492 4540 meretrix
2517 4485 2684 4551 sedet,
2717 4485 2898 4556 populi
2925 4461 2974 4540 et
3012 4461 3178 4543 tut-lia:
3209 4498 3330 4543 sunt
3362 4497 3412 4544 et
3462 4499 3640 4561 gentes
3663 4498 3711 4544 et

444 4569 532 4620 γει
573 4570 714 4622 μοι’
775 4557 851 4610 Τὰ
907 4557 1097 4612 ὕδατα
1145 4557 1182 4613 ᾶ
1217 4557 1405 4628 εἶδες,
1463 4565 1561 4618 καὶ
1605 4569 1639 4636 ἠ
1675 4569 1829 4639 γυνὴ
1861 4569 1934 4630 οὗ
1978 4577 2016 4645 ἠ

2139 4575 2344 4648 lingua}.

441 4643 640 4739 πόρνη
665 4644 940 4739 Ακάϐηται
961 4689 977 4707 .
1015 4650 1152 4704 λαοί
1204 4653 1301 4706 καὶ
1342 4653 1512 4724 ὄχλοι
1545 4657 1700 4726 εισι,
1731 4663 1832 4717 καί
1873 4643 2018 4739 ἔθνὴ

441 4732 540 4785 καὶ
575 4732 869 4804 γλῶσσαι.

514 4824 600 4918 Tir
648 4826 782 4882 δέκα
825 4831 1067 4902 κέρατα,
1114 4836 1244 4891 δέκα
1283 4839 1526 4910 βασιλεῖς
1571 4839 1712 4900 εἷναί
1754 4866 1920 4918 φασιν
1957 4853 2022 4907 ἐκ

441 4918 546 4986 τῆς
587 4916 878 4989 Ῥωμαίων
891 4926 1080 5014 *ἀρχῆς
1111 4930 1593 5006 ἀναστησομένους
1625 4940 1684 4992 ὲν
1716 4916 1830 5006 τοῖς
1860 4945 2022 5014 ἐσχά-

440 5024 554 5072 τοις
603 5015 843 5108 καιροῖς,
879 5012 956 5069 ὦν
1000 5021 1059 5071 ὲν
1107 5020 1258 5093 μέσῳ
1287 5026 1317 5077 ὁ
1373 5026 1743 5099 Ἀντίχριστος
1779 5012 2020 5108 ἀναστή-

443 5114 614 5189 σεται.
649 5103 723 5156 Τὸ
776 5106 833 5160 δὲ
874 5109 950 5179 μὴ
992 5109 1052 5162 τδ
1090 5110 1275 5165 λαϐεῖν
1322 5115 1518 5182 αὐτοὺς
1557 5119 1856 5189 βασιλειαν,
1901 5103 2020 5180 ἀλλ’

439 5185 692 5283 ξξουσίαν
724 5193 800 5257 ὡς
857 5196 1096 5265 βασιλεῖς
1135 5203 1232 5256 καὶ
1281 5203 1412 5274 μίαν
1457 5185 1642 5278 ὥρανο
1691 5211 1754 5264 τὸ
1801 5185 1901 5283 μὲν
1944 5214 2022 5279 ὡς

443 5278 682 5349 βασιλεῖς
709 5284 798 5338 διὰ
827 5287 888 5341 τὸ
935 5290 1266 5363 ἀνέδραστον
1303 5296 1399 5349 καὶ
1444 5299 1672 5364 σκιῶδες
1712 5278 1814 5373 τῆς
1862 5304 2014 5375 βασι-

439 5372 587 5464 λείας
617 5377 796 5433 αὐτῶν
825 5396 979 5452 φησι·
1011 5383 1072 5435 τὸ
1091 5383 1147 5436 δὲ
1175 5384 1306 5454 μίαν
1325 5385 1476 5458 ῶραν
1507 5391 1646 5460 μετὰ
1674 5372 1777 5445 τοῦθ
1801 5372 2016 5464 θηρίου,

439 5463 624 5536 ὥραν,
677 5470 738 5522 τὸ
787 5471 963 5543 βραχὺ
1019 5474 1116 5529 τοῦ
1165 5477 1360 5549 χρόνου
1410 5483 1684 5553 παριστᾷν
1729 5463 2016 5556 βούλεται,

511 5625 560 5659 ⁸⁸
591 5628 697 5683 lsa.
735 5645 883 5694 xxvr,
919 5633 1006 5690 l8.

648 5773 788 5850 _'Enl.
823 5777 889 5846 τῇ
913 5775 1087 5850 βίϐλῳ
1115 5779 1257 5850 vulg.

2195 4847 2393 4903 Decem
2427 4859 2637 4900 cornua
2666 4843 2855 4900 decem
2905 4859 3063 4914 reges
3119 4862 3245 4902 esse
3289 4846 3462 4912 aiunt,
3518 4846 3611 4918 qui
3641 4863 3713 4903 ex

2121 4940 2368 4994 Romano
2393 4937 2623 5005 imperio
2650 4946 2985 5008 consurgent
3015 4940 3306 5007 postremis
3343 4941 3707 5010 temporibus,

2119 5034 2173 5089 in
2202 5029 2438 5103 quorum
2470 5032 2650 5086 medio
2679 5039 2974 5100 consurget
3019 5033 3414 5090 Antichristus.
3457 5033 3574 5088 Non
3605 5049 3708 5087 au-

2118 5132 2226 5181 tem
2282 5125 2359 5179 ait
2400 5139 2494 5180 eos
2537 5137 2763 5193 regnum
2815 5133 3170 5191 accepturos,
3221 5126 3316 5179 sed
3377 5128 3707 5194 potestatem

2128 5224 2387 5286 tanquam
2441 5229 2617 5283 reges,
2657 5215 2820 5282 idque
2865 5229 2974 5268 una
3007 5215 3140 5269 bora
3175 5232 3190 5269 :
3246 5225 3506 5284 tanquam
3549 5230 3706 5285 reges

2126 5322 2284 5371 sane,
2316 5321 2380 5361 eo
2427 5306 2573 5375 quod
2608 5304 2886 5360 inﬁrmum
2917 5314 2970 5362 et
2997 5307 3297 5363 obscurum
3331 5307 3438 5361 erit
3467 5322 3696 5376 regnum

2124 5413 2352 5465 eorum;
2382 5415 2487 5453 una
2508 5415 2637 5455 vero
2665 5415 2791 5454 cum
2835 5400 3029 5466 bestia,
3067 5400 3256 5454 horam
3289 5399 3578 5469 designare
3603 5416 3700 5454 vo-

2125 5495 2244 5550 lens
2278 5495 2539 5565 temporis
2567 5494 2910 5563 brevitatem,
2956 5496 3071 5553 sive
3101 5495 3230 5552 illud
3265 5509 3377 5567 quo
3405 5493 3537 5551 anni
3567 5493 3704 5550 hora

501 5841 614 5910 (60)
648 5841 889 5902 Inclusa"
911 5841 996 5904 hic
1031 5841 1094 5922 et
1147 5841 1288 5906 inira
1344 5863 1665 5926 Stlpplcnllﬂ'
1701 5872 1766 5912 ex
1820 5857 2008 5915 codice
2032 5859 2372 5918 Barocciano
2401 5863 2541 5929 apud
2575 5862 2923 5921 Cramcrum.
