4164 6458
526 340 634 404 725

1603 351 1988 414 COMMENT.
2031 354 2114 416 IN
2150 354 2678 418 APOCALYPSIN.

3677 368 3784 438 726

512 462 580 515 ἂν
632 464 692 515 αι
747 460 1076 532 κατάλληλοι
1127 464 1337 534 κρίσεις
1387 463 1688 529 ἀπάξουσιν
1741 467 1798 520 αἶ
1847 468 1938 522 διὰ
1985 468 2095 521 τῶν

2199 469 2343 525 dicia
2387 470 2696 533 deducent,
2729 485 2854 540 quae
2907 483 3003 539 per
3045 485 3334 528 sermones
3390 476 3785 551 designantur,

513 552 687 620 λόγων
719 553 1208 625 ὑπεσημάνθησαν,
1242 555 1310 608 δι’
1343 551 1420 610 ὧν
1467 556 1649 627 λέγει’
1709 560 1873 629 Ἄχρι
1923 563 2088 614 τελε-

513 645 748 701 σθῶσιν
775 649 830 700 ol
862 649 1030 717 λόγοι
1057 648 1167 702 τοῦ
1196 648 1365 703 Θεοῦ.

585 739 696 792 Kal
731 739 769 806 ἡ
792 738 946 808 γυνὴ
976 737 1058 806 ἢν
1086 736 1263 809 εἶδες,
1299 740 1472 795 ἐστιν
1499 741 1537 809 ἡ
1564 744 1742 809 πόλις
1768 743 1807 810 ἡ
1833 745 2090 814 μεγάλη.

515 829 856 901 Σαφέστερον
910 830 1010 902 τὴν
1058 835 1294 901 γυναῖκα
1347 835 1629 902 παριστῶν
1654 875 1670 901 ,
1719 837 2092 908 ἀναλαμϐάνει

516 921 642 991 περὶ
689 921 865 990 αὐτῆς
911 920 1110 989 λόγον,
1167 923 1262 976 καί
1314 941 1481 995 φησιν
1540 925 1758 996 ἐκείνην
1806 921 1945 980 εῖναι
1991 927 2094 998 τὴν

515 1014 746 1083 ἔχουσαν
790 1014 852 1068 τὸ
891 1016 1093 1086 κράτος
1141 1018 1236 1070 ἐπὶ
1267 1018 1377 1072 τῶν
1410 1020 1521 1084 τοῖς
1567 1020 1779 1090 γηῒνοις
1814 1037 2094 1092 προσαναο

517 1106 807 1178 κειμένων.
864 1108 940 1161 Οὐ
986 1109 1096 1179 γὰρ
1129 1109 1226 1162 καὶ
1275 1110 1477 1175 πάντες
1527 1111 1579 1164 oi
1617 1111 1952 1175 ἐνοικοῦντες
1998 1112 2094 1166 ἐπὶ

513 1200 612 1270 τῆς
641 1200 769 1269 γῆς,
799 1199 902 1270 ήδη
937 1200 1032 1254 καὶ
1056 1203 1170 1266 τοῖς
1196 1203 1408 1274 γηίνοις
1439 1203 2004 1274 προσδιαφθείρονται.

1097 1293 1346 1348 ΚΕΦΑΛ.
1381 1293 1510 1348 NE’.

519 1381 657 1463 Περὶ
681 1382 914 1463 *ἑτέρου
969 1384 1233 1463 ἀγγέλου
1287 1387 1404 1463 τὴν
1457 1385 1690 1463 πτῶσιν
1735 1387 2096 1463 Βαϐυλῶνος

585 1453 936 1527 δηλοῦντος,
988 1453 1088 1527 καὶ
1126 1457 1412 1527 οὐρανίου
1459 1459 1666 1526 φωνῆς
1707 1458 1825 1527 τὴν
1869 1460 1939 1513 ἐκ
1983 1453 2095 1526 τῆς

592 1524 1081 1596 ,πόλεως-φυῖὶυθ
1123 1524 1623 1596 ἐντελλοδιιένηςί
1649 1529 1748 1582 καί
1771 1524 1927 1596 Ἵπερὶ
1985 1524 2095 1596 τῆς

590 1589 901 1661 ἀποϐολῆς
933 1589 1054 1648 τῶν
1082 1595 1355 1664 τερπνῶν
1374 1589 1472 1650 ’ὧν
1511 1589 1595 1651 ‘ze'
1614 1599 1759 1666 πρὶν
1785 1589 2092 1667 ἐκέκτητο.

585 1681 747 1736 Μετὰ
804 1681 993 1739 ταῦτα
1042 1679 1208 1738 εἶδον
1249 1685 1510 1755 ἄγγελον
1560 1686 1758 1741 ἄλλον
1814 1687 2096 1743 καταϐαί-

516 1788 701 1825 νοντα
727 1772 796 1826 ἐκ
830 1773 938 1829 τοῦ
980 1777 1276 1844 οὐρανοῦ,
1316 1776 1538 1848 ἔχοντα
1579 1779 1874 1843 ἐξουσίαν
1915 1777 2096 1849 μεγά-

516 1867 654 1930 λην.
690 1865 800 1919 Kal
838 1867 874 1935 ἠ
924 1866 1002 1936 γῆ
1046 1867 1348 1938 ἐφωτίσθη
1385 1870 1454 1924 ἐκ
1501 1870 1612 1941 τῆς
1656 1871 1843 1940 δόξης
1889 1870 2096 1926 αὐτοῦ.

2203 575 2330 614 eum
2352 560 2466 615 ait:
2500 560 2676 616 Donec
2705 561 3069 630 compleantur
3083 578 3346 620 sermones
3382 565 3502 621 Dei.

2270 737 2340 792 Et
2376 739 2565 794 mulier
2595 756 2754 809 quam
2782 740 2963 794 vidisti
2999 749 3079 795 est
3104 741 3298 796 civitas
3342 758 3558 814 magna.
3597 745 3790 802 Mulie‘

2199 845 2313 885 rem
2338 831 2580 900 apertius
2610 832 2932 896 ostendens,
2966 833 3164 902 repetit
3189 849 3498 890 sermonem
3528 836 3596 892 de
3643 838 3782 907 ipsa,

2203 930 2259 976 et
2289 923 2366 977 ait
2392 923 2539 978 illam
2572 939 2695 980 esse
2717 939 2840 993 quae
2868 923 3034 979 habet
3056 925 3342 994 imperium
3379 941 3546 997 super
3567 942 3662 984 eos
3691 931 3784 998 qui

2206 1015 2439 1070 terrenis
2468 1015 2794 1071 incumbunt
2830 1033 2844 1070 :
2898 1031 3077 1085 neque
3121 1017 3266 1072 enim
3307 1032 3503 1074 omnes
3527 1020 3623 1088 qui
3668 1030 3782 1075 ter-

2202 1120 2320 1159 ram
2379 1104 2709 1171 inhabitant,
2762 1106 2948 1160 statim
2996 1121 3218 1177 quoque
3268 1118 3615 1165 terrenarum
3650 1109 3784 1164 απυ-

2201 1197 2385 1253 ctione
2402 1207 2856 1268 corrumpuntur.

2800 1287 3032 1345 CAPUT
3067 1287 3179 1344 LV.

2204 1377 2292 1451 De
2314 1378 2422 1451 alio
2456 1379 2642 1449 angelo
2667 1394 2844 1451 casum
2873 1376 3164 1449 Babylonis
3197 1381 3562 1451 signiﬁcante,
3595 1395 3645 1437 et
3679 1400 3781 1439 cae-

2189 1484 2212 1504 .
2274 1449 2392 1524 testi
2429 1465 2550 1524 uoce
2594 1465 2718 1524 gate
2751 1450 2932 1524 fugam
2973 1464 3039 1502 ea:
3093 1451 3209 1517 ipsa
3248 1449 3579 1524 praecipiat;
3620 1454 3783 1524 deque

2273 1517 2551 1588 rejectione
2571 1517 2960 1573 delectabilium
2989 1535 3106 1590 quae
3137 1517 3296 1574 antea
3332 1517 3675 1591 acquisierat.

2273 1671 2466 1740 XVIII,
2501 1674 2618 1729 1-5.
2652 1672 2724 1727 Ει
2762 1683 2879 1742 post
2911 1671 3022 1727 lucc
3047 1672 3157 1726 vidi
3195 1671 3365 1726 alium
3415 1672 3658 1742 angelum
3693 1673 3785 1728 dc-

2202 1766 2530 1821 scendentem
2563 1765 2629 1820 de
2647 1765 2798 1830 creto,
2825 1765 2915 1834 qui
2939 1763 3162 1818 habebat
3181 1771 3492 1831 potestatem
3515 1779 3782 1834 magnam,

2199 1869 2248 1913 et
2279 1866 2420 1913 terra
2469 1857 2780 1911 illuminata
2821 1864 2899 1910 est
2931 1873 2962 1908 a
2993 1855 3166 1925 gloria
3219 1855 3358 1924 ejus.
3411 1853 3479 1907 Et
3535 1854 3782 1908 clamavit

518 1957 625 2010 Kal
656 1956 910 2024 ἔκραξεν
937 1959 1161 2029 ἰσχυρᾷ
1189 1961 1361 2031 φωνῇ
1387 1961 1610 2032 λέγων·
1654 1964 1880 2018 Ἐπεσε
1908 1965 2095 2019 Βαϐυ-

2202 1951 2331 2020 forti
2358 1965 2498 2014 voce,
2533 1949 2712 2003 dicens
2743 1964 2762 2002 :
2796 1946 2998 2002 Cecidit
3019 1947 3265 2018 Babylon
3295 1963 3514 2017 magna,
3556 1957 3606 2002 et
3640 1947 3786 2016 facta

517 2046 645 2101 .tior
686 2047 725 2115 ἡ
763 2049 1020 2119 μεγάλη,
1073 2052 1171 2105 καὶ
1206 2052 1445 2121 ἐγένετο
1474 2052 1931 2121 κατοικητήριον
1969 2051 2095 2106 δαι-

2199 2054 2277 2096 est
2316 2041 2576 2095 habitatio
2613 2039 3020 2105 dwmoniorum,
3051 2048 3102 2092 et
3150 2039 3397 2093 custodia
3429 2039 3596 2092 omnis
3623 2039 3785 2107 spiri-

513 2143 719 2208 μόνων
738 2181 754 2206 ,
789 2143 884 2196 καὶ
918 2143 1164 2212 φυλακὴ
1205 2146 1438 2213 παντὸς
1469 2146 1809 2216 πνεύματος
1837 2145 2095 2214 ἀκαθάρ-

2201 2144 2282 2188 ttts
2321 2132 2604 2197 immundi,
2636 2141 2686 2186 et
2709 2131 2954 2185 custodia
2988 2130 3160 2184 omnis
3213 2129 3442 2183 volucris
3494 2129 3785 2183 immunda

520 2249 627 2284 του
684 2233 783 2286 καί
826 2235 1284 2305 μεμισημένον·
1344 2237 1434 2291 ὅτι
1492 2237 1562 2291 ἐκ
1621 2235 1728 2292 τοῦ
1779 2237 1950 2292 οἴνου
1992 2236 2095 2292 τοῦ

2199 2236 2245 2280 et
2276 2224 2490 2279 invisa:
2516 2223 2646 2294 quia
2682 2220 2748 2275 de
2770 2221 2891 2276 uiuo
2912 2222 3009 2275 ira:
3037 2219 3378 2274 scortationis
3399 2218 3514 2288 ejus
3539 2217 3784 2272 biberunt

518 2321 710 2390 θυμοῦ
748 2320 856 2390 τῆς
901 2325 1183 2392 πορνείας
1217 2325 1412 2397 αὐτῆς
1449 2326 1769 2382 πεπτώκασι
1801 2326 1999 2381 πάντα
2027 2325 2095 2380 τὰ

2199 2333 2373 2372 omnes
2403 2327 2600 2386 gentes.
2645 2314 2713 2368 Et
2745 2330 2888 2384 reges
2919 2322 3077 2369 terra:
3092 2329 3210 2367 cum
3242 2313 3342 2367 illa
3373 2312 3734 2365 scortatisunt
3763 2323 3784 2362 :

516 2408 684 2478 ἔθνη,
725 2411 824 2463 καί
856 2413 912 2466 οί
947 2413 1232 2481 βασιλεῖς
1271 2414 1383 2484 τῆς
1408 2413 1522 2485 γῆς
1543 2415 1670 2484 μετ’
1700 2413 1892 2480 αὐτῆς
1925 2413 2095 2482 ἐπέρ·

2199 2419 2244 2464 et
2282 2418 2597 2463 mercatores
2626 2417 2779 2462 terra:
2825 2411 2892 2461 de
2925 2407 3161 2476 potentia
3192 2405 3506 2458 deliciarum
3540 2403 3656 2471 ejus
3680 2402 3774 2455 di-

502 2517 783 2570 ‘revo'ar,
824 2503 923 2558 καὶ
955 2509 1009 2559 ol
1058 2505 1307 2576 ἔμποροι
1357 2509 1466 2577 τῆς
1499 2508 1612 2578 γῆς
1657 2507 1727 2562 ἐκ
1767 2506 1880 2575 τῆς
1914 2505 2095 2560 δυνά-

2205 2501 2336 2555 rites
2367 2499 2500 2570 facti
2527 2508 2669 2552 sunt.
2706 2497 2775 2551 Et
2807 2497 2986 2550 audivi
3014 2495 3182 2549 aliam
3215 2510 3385 2548 vocem
3419 2493 3484 2546 de
3514 2490 3665 2555 cale,
3701 2490 3786 2542 di-

512 2613 668 2662 μεως
730 2596 838 2650 τοῦ
904 2599 1212 2668 στρήνους
1263 2600 1456 2669 αὐτῆς
1509 2600 1922 2667 ἐπλούτησαν.
1987 2595 2095 2652 Kal

2205 2600 2403 2648 centem
2434 2607 2454 2647 :
2481 2590 2742 2661 Egredere
2783 2589 2849 2644 de
2881 2588 3002 2652 illa,
3039 2587 3267 2657 populus
3306 2600 3474 2650 meus,
3518 2600 3580 2636 ne
3609 2581 3784 2652 parti-

516 2685 751 2755 ἦιιουσα
776 2688 980 2758 ἄλλην
1008 2691 1222 2760 φωνὴν
1238 2691 1307 2746 ἐκ
1336 2691 1442 2746 τοῦ
1463 2689 1725 2759 οὐρανοῦ
1748 2689 2062 2759 λέγουσαν
2080 2703 2095 2718 ⁸

2204 2687 2343 2755 cipes
2365 2684 2486 2738 sitis
2502 2683 2816 2736 delictorum
2852 2680 2989 2750 ejus,
3027 2689 3077 2734 et
3105 2695 3167 2734 ne
3197 2678 3261 2732 de
3288 2677 3459 2747 plagis
3496 2677 3608 2745 ejus
3642 2675 3783 2728 acci-

520 2777 764 2842 Ἔξελθε
792 2781 862 2846 ἐξ
889 2781 1102 2848 αὐτῆς,
1132 2786 1165 2839 ό
1193 2783 1344 2850 λαός
1366 2801 1509 2853 μου,
1528 2784 1631 2837 ἵνα
1650 2781 1736 2852 μὴ
1773 2795 2095 2850 συγκοινω-

2203 2777 2366 2846 piatis
2388 2790 2407 2828 :
2428 2774 2680 2846 quoniam
2696 2783 2912 2843 peccata
2943 2772 3058 2841 ejus
3084 2770 3449 2841 conglutinata
3471 2778 3592 2821 sunt
3622 2782 3788 2836 usque

518 2870 744 2939 ι’ἠσητε
768 2872 896 2938 ταῖς
919 2874 1232 2943 ἁμαρτίαις
1248 2874 1462 2944 αὐτῆς,
1488 2873 1589 2929 xal
1611 2873 1681 2928 ἐκ
1703 2871 1822 2928 τῶν
1847 2869 2095 2940 πληγῶν

2207 2869 2277 2924 ad
2301 2867 2512 2922 calum.
2545 2865 2612 2919 Et
2653 2866 2959 2920 recordatus
2988 2873 3067 2919 est
3098 2863 3238 2918 Deus
3262 2862 3604 2931 iniquitatum
3646 2858 3782 2928 ejus.

515 2964 705 3035 αὐτῆς
744 2967 844 3022 ἵνα
870 2968 958 3038 μὴ
999 2968 1257 3038 λάϐητε·
1296 2969 1388 3026 ὅτι
1428 2971 1859 3041 ἐκολλήθησαν
1895 2967 2088 3039 αὐτῆς
2114 2969 2176 3024 al
2227 2965 2506 3039 ἁμαρτίαι
2547 2964 2687 3036 ἄχρι
2749 2962 2858 3018 τοῦ
2922 2960 3206 3031 οὐρανοῦ,
3241 2957 3340 3014 καὶ
3367 2957 3785 3030 ἐμνημόνευσε

518 3065 550 3115 ὁ
589 3063 733 3130 Θεὸς
759 3066 833 3120 τὰ
859 3066 1194 3135 ἀδικήματα
1223 3069 1438 3140 αὐτῆς.

586 3159 697 3214 Καὶ
727 3161 766 3229 ἡ
811 3163 886 3232 γῆ
929 3165 1252 3234 ἐφωτίσθη.
1299 3167 1612 3222 Κάντεῦθεν
1650 3166 1760 3222 τῶν
1795 3166 1956 3220 θείων
2011 3164 2095 3218 δυ·

2274 3155 2440 3228 796
2471 3154 2538 3209 Et
2561 3163 2706 3208 terra
2747 3151 3051 3206 illuminata
3081 3159 3178 3206 est.
3218 3147 3358 3204 Hinc
3389 3147 3554 3203 etiam
3587 3145 3788 3201 intelli-

517 3249 735 3321 νάμεων
759 3253 819 3307 τὺ
843 3255 1099 3326 λαμπρὸν
1127 3258 1224 3312 καὶ
1251 3258 1580 3327 φωτιστικὺν
1603 3259 1785 3332 πολλῷ
1807 3259 1884 3329 τῷ
1909 3258 2096 3330 μέτρῳ

517 3339 578 3392 τὸ
620 3341 869 3413 ἀστρῷον
923 3343 1088 3410 σέλας
1143 3346 1456 3416 ὑπερνικῶν
1506 3347 1801 3402 ἐπινοεῖν
1854 3349 1994 3419 μετὰ
2033 3348 2096 3402 τὸ

521 3429 810 3503 παρελθεῖν
853 3431 921 3487 τὰ
962 3433 1189 3506 ἀμαυρὰ
1217 3436 1312 3489 τοῦ
1347 3436 1592 3508 φθαρτοῦ
1633 3438 1842 3508 κόσμου
1879 3440 2097 3510 παρρη-

519 3521 858 3591 σιαζόμενον.
905 3525 1167 3598 Μεγάλην
1203 3527 1339 3598 φησὶ
1369 3528 1468 3599 τὴν
1499 3527 1595 3582 τοῦ
1634 3529 1925 3601 φωστῆρος
1954 3527 2096 3583 εἶναι

517 3612 790 3676 ἐξουσίαν,
839 3617 932 3669 καὶ
964 3619 1219 3685 φωτίζειν
1262 3620 1362 3692 τὴν
1397 3621 1678 3693 περίγειον
1715 3624 1780 3675 ὲκ
1812 3623 1911 3692 τῆς
1938 3623 2096 3694 δόξης

517 3705 702 3760 αὑτοῦ.
742 3708 1206 3782 Παραϐαλλόμενα
1233 3713 1340 3785 γὰρ
1369 3714 1438 3767 τὰ
1468 3714 1694 3785 οὐράνια
1721 3714 1816 3769 καὶ
1843 3714 2098 3786 ἄφθαρτα

517 3800 626 3861 τοῖς
660 3801 870 3870 γηῖνοις
919 3802 1016 3856 καὶ
1047 3804 1328 3875 φθαρτοῖς,
1367 3807 1492 3860 ὅσον
1520 3807 1582 3860 τὸ
1610 3807 1950 3879 ὑπερϐάλλον
1997 3806 2098 3877 τῆς

517 3888 676 3958 δόξης
725 3893 1092 3964 παρίστησιν;
1142 3897 1390 3968 ’ἰσχυρὰν
1420 3898 1477 3950 δὲ
1504 3901 1604 3970 τὴν
1647 3900 1833 3972 φωνὴν
1873 3900 2100 3970 ἐμπεδοῖ

517 3979 578 4032 τὸ
611 3980 930 4052 ἔμπρακτον
975 3987 1260 4056 ἐμφαίνων
1287 3989 1396 4043 τῶν
1429 3991 1776 4060 δηλουμένων
1813 3992 1910 4045 καὶ
1952 3994 2098 4046 ἀπα-

523 4070 775 4138 ράϐατον.
816 4075 928 4127 Καὶ
974 4077 1026 4128 τί
1068 4077 1254 4138 τοῦτο.
1315 4081 1533 4135 Ἔπεσε
1571 4083 1861 4136 Βαϐυλὼν
1909 4085 1946 4151 ἡ
1992 4101 2098 4152 με·

519 4163 674 4232 γάλη
694 4181 714 4228 ;
758 4165 1057 4223 Βαϐυλῶνα
1089 4171 1188 4241 τὴν
1220 4171 1452 4238 διέξοδον
1483 4173 1579 4228 τοῦ
1622 4174 1866 4246 φθαρτοῦ
1903 4175 2097 4229 τούτου

520 4255 636 4325 βίον
674 4258 870 4328 λέγων.

589 4421 697 4474 Kal
720 4423 966 4493 φυλακὴ
998 4427 1224 4493 παντὸς
1256 4428 1592 4497 πνεύματος
1627 4429 1967 4500 ἀκαθάρτου
1998 4431 2096 4486 καὶ

2199 3262 2327 3319 gere
2357 3260 2652 3317 possumus
2678 3243 2989 3297 divinarum
3022 3241 3289 3295 virtutum
3326 3236 3674 3308 splendorem
3722 3249 3787 3290 ac

2199 3337 2379 3392 lucem
2404 3336 2568 3405 longo
2595 3333 2886 3387 intervallo
2915 3331 3204 3387 stellarum
3237 3329 3418 3382 lumen
3465 3325 3735 3381 excedere
3768 3341 3785 3377 :

2197 3424 2643 3496 quandoquidem
2683 3422 2853 3477 libere
2902 3435 3070 3489 agens
3129 3434 3196 3473 ac
3241 3417 3483 3472 emissus
3525 3414 3786 3483 splendor

2198 3517 2288 3572 ille
2313 3514 2556 3586 praeterit
2588 3529 2654 3568 ac
2691 3521 2914 3583 superat
2945 3511 3107 3580 hujus
3139 3507 3328 3564 mundi
3365 3504 3780 3561 obscuritatem.

2201 3609 2341 3665 Dicit
2368 3624 2500 3679 ergo
2530 3621 2784 3676 magnam
2821 3618 2946 3660 esse
2983 3600 3303 3672 huiusmodi
3336 3597 3626 3654 luminaris
3679 3612 3783 3666 po-

2200 3709 2470 3764 testatem,
2499 3709 2556 3755 et
2581 3699 2814 3754 vicinam
2856 3705 3055 3750 terram
3097 3708 3196 3748 sua
3229 3691 3403 3762 gloria
3443 3687 3784 3744 illuminare-

2199 3795 2528 3862 Comparate
2571 3790 2717 3844 enim
2755 3786 3001 3843 cmlestis
3034 3794 3089 3840 et
3132 3781 3572 3852 incorruptibilia
3617 3788 3787 3835 terre-

2200 3886 2287 3940 nis
2326 3901 2391 3940 ac
2424 3881 2906 3952 corruptibilibus,
2954 3885 3220 3948 quantum
3264 3875 3450 3944 gloria:
3497 3887 3787 3927 excessum

2199 3975 2608 4033 demonstrant!
2651 3972 2866 4026 Fortem
2903 3979 3083 4024 autem
3127 3982 3313 4022 vocem
3340 3963 3569 4029 stahilit,
3601 3977 3786 4018 rerum

2199 4085 2321 4140 qua:
2341 4067 2724 4140 signiﬁcantur
2745 4063 3039 4119 elﬁcaciam
3064 4061 3450 4114 demonstrans
3491 4063 3547 4111 et
3584 4057 3786 4108 immu-

2201 4161 2542 4217 tabilitatem.
2566 4158 2629 4212 Et
2645 4157 2774 4227 quid
2799 4155 2932 4211 illud
2953 4163 3057 4219 est,
3077 4151 3280 4208 Cecidit
3297 4149 3535 4218 Babylon
3551 4161 3744 4216 magna
3763 4145 3788 4197 1’

2200 4253 2527 4325 Babylonem
2560 4251 2750 4306 dicens
2819 4247 2985 4318 hujus
3023 4243 3400 4314 corruptibilis
3455 4241 3577 4294 vita:
3604 4247 3786 4291 trans-

2199 4347 2360 4400 itum.

2273 4433 2342 4487 Et
2372 4431 2615 4487 custodia
2651 4430 2822 4484 omnis
2861 4427 3083 4497 spiritus
3119 4422 3450 4478 immundiet
3487 4419 3663 4474 incisi.
3702 4417 3786 4471 Ad

513 4515 946 4583 μεμισημένον.
1002 4517 1097 4580 El;
1137 4517 1300 4588 ὄρνεα
1353 4521 1760 4591 μεταλαμϐάνει
1806 4524 1933 4587 τοὺς
1979 4524 2092 4579 δαί-

2203 4527 2455 4582 volucres
2489 4523 2752 4579 transfert
2787 4524 3062 4577 daemones
3087 4527 3306 4589 propter
3338 4512 3781 4570 incertitudinem

521 4620 687 4672 μονας
715 4605 803 4658 διὰ
828 4607 888 4659 τὸ
916 4607 1112 4680 ἄδηλον
1142 4610 1242 4680 τῆς
1268 4611 1458 4680 ἐφόδου
1485 4613 1664 4666 αὐτῶν
1687 4615 1787 4684 τῆς
1817 4617 1960 4670 κατὰ
1986 4619 2097 4673 τῶν

517 4694 843 4765 ἀνθρώπιον,
899 4701 1021 4754 ἐπεὶ
1050 4703 1146 4755 καὶ
1178 4702 1286 4755 τῶν
1328 4703 1534 4774 ὀρνέων
1577 4708 1610 4776 ἡ
1641 4707 1828 4775 ἔφοδος
1872 4708 1933 4774 ἐξ
1962 4710 2095 4781 ἀδή-

520 4785 614 4839 λου
648 4788 840 4844 εἴωθεν
883 4792 1171 4865 ἐπιφοιτᾷν
1218 4795 1562 4864 προσδοκίας.
1597 4801 2022 4869 Μεμισημένου
2042 4801 2099 4856 δὲ

522 4879 736 4951 εἴρηται
786 4883 888 4936 οὐκ
918 4885 1149 4954 ἀλόγως.
1181 4889 1279 4952 Τίς
1318 4889 1428 4961 γὰρ
1461 4890 1758 4960 σωφρονῶν
1789 4892 1852 4945 οὐ
1882 4893 2099 4963 βδελύτ-

519 4989 666 5025 τεται
693 4975 791 5045 τὴν
823 4979 962 5045 μετὰ
986 4979 1096 5033 τῶν
1115 4980 1389 5050 δαιμόνων
1413 4983 1760 5057 ἀναστροφήν
1782 5001 1796 5052 ;
1828 4985 1896 5039 δι’
1913 4988 1979 5058 ἢν
2004 4989 2099 5042 καὶ

521 5065 861 5136 βδελύγματα
887 5069 1309 5145 ὠνομάσθησαν.

592 5158 843 5222 Ἔξελθε
879 5161 950 5227 ἐξ
987 5163 1195 5234 αὐτῆς,
1244 5169 1278 5220 ὁ
1307 5168 1458 5234 λαός
1499 5187 1642 5237 μου.
1695 5167 1968 5234 Ἐξελθεῖν
1995 5188 2097 5226 πα-

519 5251 869 5318 ρακελεύεται
894 5255 926 5325 ἠ
955 5257 1130 5329 φωνὴ,
1164 5257 1259 5323 οὒς
1284 5259 1427 5330 ἔγνω
1458 5262 1662 5335 Κύριος
1679 5263 1866 5318 αὐτοῦ.
1917 5265 2095 5333 Ἐξελο

517 5337 629 5392 θεῖν
658 5342 736 5406 δὲ,
768 5343 829 5398 τὸ
863 5345 939 5418 μὴ
973 5349 1375 5404 συναπολέσθαι
1403 5352 1647 5419 δικαίους
1683 5356 1820 5427 μετὰ
1853 5356 2086 5412 ἀσεϐῶν.

530 5430 616 5494 Ὧς
642 5435 751 5504 γὰρ
781 5435 874 5487 ἐπὶ
895 5435 992 5490 τοῦ
1019 5436 1148 5492 Λὼτ
1165 5439 1245 5504 τό,
1283 5458 1302 5490 ι
1339 5441 1536 5506 Σώζων
1567 5443 1706 5507 σῶζε
1736 5446 1835 5517 τὴν
1861 5447 2089 5500 σεαυτοῦ

514 5519 695 5592 ψυχὴν
737 5526 1120 5596 ἅνυπερθέτως
1154 5530 1346 5600 μέχρις
1395 5531 1462 5585 ἂν
1492 5533 1586 5586 τοῦ
1617 5533 1800 5605 ὅρους,
1844 5538 1937 5592 ἐπὶ
1985 5539 2092 5606 γῆς

515 5612 755 5683 οὐδαμοῦ
791 5617 1017 5688 ἠρεμῶν
1038 5663 1052 5686 ,
1107 5638 1124 5672 ι
1164 5621 1192 5673 ὁ
1231 5622 1362 5686 Θεὸς
1392 5622 1541 5692 αὐτῷ
1570 5626 1875 5681 ἐνετείλατο
1904 5645 1916 5660 ⁸
1947 5627 2092 5682 οὕτω

519 5707 816 5764 κάνταῦθα.

592 5799 638 5834 ³³
667 5799 800 5857 Gen.
835 5819 946 5867 xm,
985 5805 1063 5860 I7.

2198 4616 2493 4688 impetuosi
2525 4629 2784 4670 accessus
2809 4630 3001 4669 eorum
3035 4614 3300 4667 adversus
3321 4607 3576 4663 homines
3607 4618 3784 4673 :quo-

2198 4711 2344 4764 niani
2404 4709 2684 4762 volucrum
2741 4721 2962 4778 quoque
3015 4704 3226 4759 invasio
3262 4717 3328 4756 ex
3380 4701 3590 4754 incerta
3643 4695 3786 4752 solet

2198 4801 2578 4872 expectatione
2611 4800 2986 4870 supervenire.
3025 4796 3436 4866 lnvisiquoque
3486 4805 3596 4845 non
3649 4790 3784 4843 irra-

2199 4894 2531 4951 tionabiliter
2582 4893 2787 4948 dictum
2833 4902 2961 4947 est:
3000 4891 3124 4962 quis
3174 4889 3319 4944 enim
3376 4887 3617 4957 prudens
3667 4897 3782 4936 non

2198 4984 2552 5039 abominatur
2632 4973 3106 5038 conversationem
3188 4994 3312 5036 cum
3396 4975 3782 5033 daimonibus?

2197 5085 2419 5146 propter
2443 5089 2605 5145 quam
2631 5074 2794 5128 etiam
2825 5073 3265 5128 abominationcs
3281 5071 3410 5127 dicti
3430 5081 3580 5126 sunt.

2267 5168 2526 5239 Egredere
2550 5167 2613 5221 de
2642 5167 2760 5232 illa,
2783 5167 3008 5235 populus
3051 5182 3217 5219 meus.
3259 5166 3451 5236 Egredi
3482 5167 3638 5234 jubet
3674 5181 3776 5218 vox

2193 5276 2290 5316 eos
2317 5275 2456 5329 quos
2492 5259 2755 5313 Dominus
2790 5257 2940 5311 novit
2968 5273 3090 5312 esse
3123 5272 3276 5312 suos.
3326 5256 3518 5326 Egredi
3567 5265 3774 5316 autem,

2201 5368 2268 5407 ne
2301 5367 2406 5406 una
2441 5352 2740 5421 perdantur
2770 5350 2842 5420 pii
2887 5364 3010 5404 cum
3051 5348 3253 5418 impiis.
3303 5348 3778 5414 Quemadmodum

2197 5444 2342 5500 enim
2382 5444 2522 5499 Deus
2564 5443 2819 5515 praecepit
2851 5441 2973 5506 Lot,
3012 5443 3201 5497 dicens
3229 5460 3241 5496 :
3268 5459 3289 5494 ι
3327 5443 3566 5498 Scrvans
3617 5457 3775 5496 serva

2197 5537 2436 5591 animam
2504 5544 2652 5591 tuam
2713 5551 2888 5605 usque
2922 5536 2988 5589 ad
3044 5543 3313 5600 montem,
3346 5549 3691 5605 nequaquam
3719 5535 3773 5590 in

2200 5639 2342 5686 terra
2367 5629 2791 5701 quiescendo",
2836 5648 2852 5679 ι
2889 5629 2960 5682 ita
2985 5639 3036 5684 ct
3072 5628 3173 5683 hoc
3206 5628 3346 5682 loco.
