4164 6424
430 319 535 382 727

1245 318 1572 385 ARETHrE
1606 326 1987 386 CESAREE
2026 326 2505 388 CAPPADOCLE
2548 326 2889 388 EPISCOPI

3573 324 3683 391 723

496 427 566 483 Et
604 429 910 487 recordatus
939 440 1016 488 est
1057 431 1195 488 Deus
1221 435 1561 506 iniquitatum
1591 437 1723 507 ejus.
1761 436 2010 491 Humano

2186 441 2293 493 Kal
2332 440 2784 508 ἐμνημόνευσεν
2837 442 2871 492 ό
2904 439 3048 504 Θεὸς
3092 437 3165 493 τὰ
3201 437 3533 508 ἀδικήματα
3581 444 3686 494 αὐ-

425 521 589 576 modo
612 522 726 578 haec
760 523 1137 594 colliguntur:
1173 540 1297 579 nam
1340 527 1393 580 in
1436 527 1594 582 beata
1646 527 1740 582 Dei
1801 538 1992 583 natura

424 613 490 665 ad
523 628 687 681 quam
719 614 1239 684 nequeuntaﬂ‘ectus
1263 617 1543 684 accedere,
1579 618 1913 689 superﬂuum
1934 635 1998 674 ac

424 718 623 758 vanum
659 714 742 760 est
778 705 1083 775 hujusmodi
1140 706 1221 760 vel
1253 709 1562 777 concipere.
1614 710 1691 765 lbi
1720 712 1864 765 enim
1915 723 1999 766 est

424 803 727 856 recordatio
759 802 849 856 ubi
866 810 922 855 et
945 801 1147 857 oblivio
1175 821 1190 855 :
1226 800 1428 859 oblivio
1458 813 1638 860 autem
1664 806 1913 875 designat
1949 807 1997 861 id

423 894 567 963 quod
599 892 800 948 factum
825 904 929 961 est,
952 896 1194 965 potentia
1212 897 1431 966 quidem
1455 898 1666 962 adesse,
1686 914 1793 954 non
1816 908 1996 954 tamen

421 992 542 1039 actu
571 1003 583 1037 :
620 1000 782 1053 porro
814 985 923 1040 Deo
956 986 1089 1040 nihil
1112 987 1266 1043 adest
1293 992 1561 1058 potentia,
1590 991 1683 1047 sed
1723 1000 1870 1047 actu.

488 1073 675 1139 XVIII,
711 1076 832 1131 6-8.
863 1076 1078 1132 Reddite
1106 1080 1154 1133 ei
1181 1081 1319 1134 sicut
1349 1091 1397 1135 et
1427 1082 1546 1151 ipsa
1580 1082 1812 1137 reddidit
1835 1083 1997 1147 vobis,

416 1174 465 1221 et
485 1166 753 1234 duplicate
781 1169 828 1222 ei
860 1169 1096 1239 duplicia
1125 1173 1412 1226 secundum
1451 1188 1609 1243 opera
1630 1175 1771 1243 eius.
1805 1176 1869 1229 In
1900 1193 2000 1247 pu—

417 1258 537 1311 culo
566 1274 668 1328 quo
704 1260 938 1323 miscuit,
973 1264 1184 1317 miscete
1216 1263 1295 1317 illi
1324 1266 1563 1334 duplum.
1593 1267 1863 1332 Quantum
1888 1268 2003 1338 glo-

416 1347 640 1417 riﬁcavit
680 1367 735 1404 se
755 1360 803 1404 et
836 1352 1087 1419 laseiviit,
1124 1364 1328 1408 tantum
1360 1357 1482 1413 date
1505 1358 1587 1411 illi
1609 1367 1924 1412 tormentum
1953 1370 2005 1413 et

412 1440 635 1497 luctum.
673 1441 813 1508 Quia
859 1445 985 1499 dicit
1033 1446 1087 1499 in
1138 1447 1293 1502 corde
1328 1464 1424 1503 suo
1457 1465 1477 1504 :
1518 1448 1684 1504 Sedeo
1708 1454 1920 1521 regina,
1953 1453 2011 1505 ετ

411 1534 571 1587 vidua
599 1552 703 1589 non
734 1554 871 1601 sum,
906 1554 1067 1608 neque
1098 1538 1300 1592 luctum
1336 1542 1539 1597 videbo.
1575 1542 1867 1612 Propterea
1898 1561 2003 1598 uno

411 1625 495 1678 die
511 1630 712 1681 venient
728 1628 897 1698 plaga:
910 1633 1048 1697 ejus,
1064 1629 1225 1700 797
1249 1647 1388 1687 mors
1406 1642 1453 1688 et
1476 1633 1648 1688 luctus
1667 1646 1716 1689 et
1737 1636 1923 1704 fames,
1954 1647 2002 1690 et

411 1716 531 1785 igne
557 1718 913 1775 comburetur.
944 1721 1071 1791 quia
1087 1720 1245 1790 fortis
1268 1733 1345 1778 est
1371 1723 1627 1778 Dominus
1649 1728 1737 1796 qui
1782 1728 1997 1797 judica-

412 1809 485 1861 bit
512 1808 681 1864 illam.

483 2079 1043 2138 Animadvertendum
1059 2095 1161 2150 est,
1184 2100 1214 2139 a
1237 2102 1347 2155 quo
1371 2088 1629 2156 procedat
1657 2088 1763 2146 hoc
1790 2106 1991 2160 praece-

410 2181 561 2241 ptum
586 2171 669 2226 vel
703 2187 908 2228 sermo.
956 2174 1144 2230 Potest
1185 2186 1367 2232 autem
1412 2178 1517 2234 dici
1547 2181 1692 2250 quod
1746 2197 1775 2236 a
1824 2182 1991 2252 justis

408 2261 494 2315 vel
548 2264 886 2334 martyribus
911 2267 1003 2336 qui
1040 2267 1133 2323 illo
1159 2278 1428 2340 tempore,
1489 2288 1681 2344 nempe
1724 2275 1989 2333 adventus

405 2350 746 2419 Antichristi,
781 2370 879 2424 pro
917 2355 1134 2413 Christo
1167 2362 1516 2429 certaverint,
1572 2364 1627 2419 in
1675 2375 1822 2422 tanta
1855 2384 1986 2424 cru-

404 2441 627 2498 delitate
655 2459 720 2499 ac
756 2443 972 2502 feritate
999 2463 1189 2503 eorum
1226 2452 1320 2520 qui
1357 2461 1487 2509 tunc
1546 2455 1600 2510 in
1661 2458 1769 2512 vita
1800 2475 1985 2515 versae

404 2533 610 2588 buntur
653 2536 835 2591 traditi
884 2538 941 2591 in
1005 2540 1290 2619 ministros
1341 2543 1687 2615 Antichristi,
1722 2558 1782 2604 ut
1810 2565 1989 2619 quan-

402 2640 568 2693 quam
597 2625 664 2680 ad
698 2625 793 2681 Dei
835 2618 1203 2685 imitationem
1232 2632 1411 2688 vivere
1435 2635 1720 2707 elegerint,
1754 2618 1982 2698 excessu

403 2723 585 2770 tamen
626 2716 984 2773 amictionum
1019 2720 1383 2779 devincantur
1416 2735 1474 2782 ut
1518 2728 1635 2783 haec
1681 2731 1982 2801 proferant.

403 2804 655 2862 Diximus
686 2819 866 2863 autem
922 2812 1209 2868 mulierem
1246 2824 1457 2886 tempus
1492 2819 1597 2875 sub
1640 2822 1983 2880 Antichristo

2100 530 2231 597 τῆς.
2275 530 2660 601 ’Δνθρωπίνως
2706 530 3137 593 διασκευάζεται
3180 529 3372 584 ταῦτα.
3420 530 3543 583 Ἐπὶ
3575 532 3685 602 γὰρ

2100 622 2237 675 Θεοῦ
2275 624 2375 693 τῆς
2406 623 2686 694 μακαρίας
2717 622 2933 692 φύσεως
2964 624 3057 676 καὶ
3087 623 3320 677 πάθεσιν
3352 625 3646 695 ἀπροσίτου
3668 664 3684 689 ,

2100 712 2172 764 τὰ
2207 712 2434 767 τοιαῦτα
2461 714 2565 766 κᾶν
2595 715 2798 765 ἐννοεῖν
2829 713 3103 783 περιττόν.
3151 715 3301 768 Ἐκεῖ
3323 715 3431 786 γὰρ
3470 716 3682 785 μνήμη,

2101 804 2235 856 ὅπου
2282 804 2377 857 καὶ
2413 803 2570 873 λήθη.
2607 802 2761 873 Λήθη
2814 802 2870 856 δὲ
2920 802 3015 856 τοῦ
3057 804 3285 875 δυνάμει
3326 809 3582 876 παρεῖναι
3622 806 3685 859 τὸ

2103 895 2380 966 πραχθὲν,
2414 896 2513 948 οὐκ
2545 896 2625 949 έτι
2654 896 2711 948 δὲ
2748 897 2844 950 καὶ
2873 899 3125 968 ἐνεργείᾳ
3170 898 3527 968 σημαντικόν.
3562 897 3682 967 Θεῷ

2102 988 2157 1040 δὲ
2190 987 2341 1040 οὐδὲν
2371 986 2630 1056 πρόσεστι
2657 986 2903 1055 δυνάμει,
2931 988 3047 1041 ἀλλ’
3077 988 3348 1059 ἐνεργείᾳ.

2184 1078 2455 1133 Ἀπόδοτε
2495 1076 2686 1145 αὐτῇ,
2713 1079 2792 1144 ὡς
2830 1079 2927 1132 καί
2966 1078 3120 1147 αὐτὴ
3164 1078 3475 1133 ἀπέδωκεν
3513 1077 3678 1145 ὑμῖν,

2104 1168 2202 1222 καὶ
2233 1156 2575 1222 διπλώσατε
2604 1168 2760 1235 αὐτῇ
2790 1168 2976 1223 διπλᾶ
3011 1171 3161 1223 κατὰ
3189 1169 3261 1222 τὰ
3293 1168 3436 1237 ἔργα
3467 1168 3677 1233 αὐτῆς.

2116 1259 2220 1313 Ἐν
2254 1257 2335 1323 τῷ
2380 1259 2640 1326 ποτηρίῳ
2675 1251 2722 1324 ᾧ
2758 1259 3044 1327 ἐκέρασε,
3076 1259 3373 1327 κεράσατε
3407 1258 3561 1325 αὐτῇ
3589 1258 3677 1311 δι-

2105 1350 2323 1405 πλοῦν.
2352 1350 2509 1404 Ὅσα
2544 1350 2843 1415 ἐδόξασεν
2883 1351 3112 1418 ἑαυτὴν
3164 1350 3265 1404 καὶ
3290 1351 3678 1419 ἐστρηνίασε,

2104 1438 2398 1493 τοσοῦτον
2448 1439 2587 1493 δότε
2635 1438 2790 1507 αὐτῇ
2844 1439 3236 1507 βασανισμὸν
3288 1438 3387 1492 καί
3435 1439 3676 1505 πένθος.

2107 1534 2236 1586 Ὅτι
2284 1531 2355 1585 ἐν
2396 1529 2469 1599 τῇ
2520 1529 2733 1598 καρδίᾳ
2787 1530 2979 1596 αὐτῆς
3022 1529 3216 1599 λέγει,
3271 1528 3360 1582 ὅτι
3412 1529 3677 1598 Κάθημαι

2099 1622 2467 1685 βασίλισσα,
2511 1620 2609 1672 καί
2637 1620 2795 1689 χήρα
2818 1622 2929 1673 οὔκ
2957 1623 3094 1689 εἰμι,
3127 1620 3225 1673 καί
3250 1620 3472 1685 πένθος
3497 1623 3568 1674 οὺ
3590 1620 3676 1690 μὴ

2106 1714 2231 1767 ἴδω.
2272 1713 2376 1766 Διά
2414 1711 2591 1767 τοῦτο
2621 1713 2690 1766 ἐν
2716 1710 2817 1780 μιᾷ
2855 1710 3043 1781 ἡμέρα
3070 1712 3331 1779 ἥξουσιν
3354 1716 3411 1766 al
3453 1713 3678 1783 eum-al

2102 1802 2311 1871 αὐτῆς,
2361 1803 2637 1869 θάνατος,
2678 1802 2777 1856 καί
2818 1802 3060 1870 πένθος,
3102 1803 3199 1856 καὶ
3240 1805 3433 1871 λιμός.
3468 1804 3576 1858 Kal
3610 1805 3681 1858 ἐν

2101 1895 2243 1964 πυρὶ
2275 1892 2795 1962 κατακαυθήσεται
2820 1908 2833 1921 °
2864 1892 2950 1946 ὅτι
2982 1894 3232 1961 ἰσχυρὸς
3269 1893 3481 1961 Κύριος
3502 1894 3534 1945 ὀ
3559 1909 3679 1961 κρι-

2098 1986 2222 2041 νῶν
2248 1984 2465 2052 αὐτήν.

2098 2108 2109 2114 ·
2181 2080 2686 2149 Ἀνεπισήμαντον,
2742 2077 2894 2149 παρά
2939 2076 3083 2141 τίνος
3118 2076 3177 2130 τὸ
3210 2075 3535 2145 πρόσταγμα
3574 2074 3605 2144 ἦ
3649 2076 3678 2126 6

2098 2174 2254 2241 λόγος
2304 2169 2574 2241 πρόεισιν.
2623 2168 2725 2237 Εἴη
2773 2169 2818 2221 δ’
2874 2168 2940 2222 ἂν
2991 2168 3143 2237 παρά
3176 2166 3284 2220 τῶν
3327 2166 3552 2219 δικαίων
3584 2167 3677 2218 καὶ

2100 2262 2396 2335 μαρτύρων
2426 2260 2536 2313 τῶν
2568 2259 2689 2313 κατ’
2728 2260 2904 2312 ἐκεῖνο
2938 2258 3132 2329 καιροῦ
3157 2298 3172 2320 ,
3208 2259 3307 2328 τῆς
3344 2257 3436 2310 τοῦ
3498 2259 3674 2311 Ἀντι-

2096 2356 2320 2425 χρίστου
2374 2353 2575 2425 δηλαδὴ
2630 2350 2927 2421 ἐπιδημίας
2975 2350 3116 2419 ὑπὲρ
3160 2347 3399 2419 Χριστοῦ
3449 2347 3674 2417 ὲναθλη-

2097 2446 2325 2511 σάντων,
2380 2444 2623 2515 τοσαύτῃ
2663 2442 2910 2512 ὠμότητι
2967 2440 3062 2493 καὶ
3112 2439 3379 2511 θηριωδίᾳ
3421 2438 3526 2491 ὑπὸ
3565 2438 3695 2506 τῶν,

2091 2538 2393 2610 τηνικαῦτα
2422 2538 2500 2609 τῷ
2554 2535 2653 2606 βίῳ
2681 2532 3195 2604 ἐμπολιτευομένων
3236 2530 3529 2602 ὑπουργῶν
3575 2528 3672 2582 τοῦ

2105 2632 2472 2702 Ἀντιχρίστου
2519 2629 2955 2701 παραδοθέντων,
2988 2626 3129 2679 ὥστε
3160 2624 3255 2679 καὶ
3302 2624 3525 2687 αὐτοὺς,
3567 2623 3672 2677 κᾶν

2092 2731 2140 2784 εί
2167 2730 2517 2800 Θεομιμήτως
2543 2726 2856 2798 προείλοντο
2879 2722 3000 2795 ζῇν,
3034 2722 3148 2776 ἀλλ’
3179 2717 3271 2777 οῦν
3297 2721 3385 2775 διά
3409 2721 3469 2775 τὸ
3501 2722 3670 2790 ὑπερ.

2090 2820 2285 2876 ϐάλλον
2310 2820 2419 2874 τῶν
2449 2817 2750 2873 κακώσεων
2771 2814 3128 2885 ὲκνικηοῆναι
3150 2814 3321 2867 ταῦτα
3349 2812 3666 2883 προφέρειν.

400 2897 750 2963 signiﬁcare,
800 2909 854 2955 et
908 2916 1017 2955 non
1050 2903 1326 2959 civitatem
1376 2906 1666 2977 aliquam:
1721 2912 1979 2982 poculum

2092 2914 2410 2983 Εἰρήκαμεν
2466 2910 2523 2963 δὲ
2572 2911 2806 2977 γυναῖκα
2863 2907 2953 2961 τὸν
3010 2907 3103 2958 ἐπὶ
3142 2904 3233 2959 τοῦ
3296 2904 3667 2975 Ἀντιχρίστου

399 2989 958 3052 autem,voluutatem
991 3007 1085 3047 seu
1117 2995 1458 3065 propositum
1491 3013 1682 3054 eorum
1716 3002 1809 3070 qui
1849 3012 1980 3060 tunc

2092 3004 2304 3075 καιρὸν,
2343 3002 2404 3055 οὐ
2456 3001 2611 3054 πόλιν
2657 3000 2779 3053 τινὰ
2813 2998 3121 3068 σημαίνειν,
3157 2997 3250 3050 καὶ
3307 2997 3563 3067 ποτήριον
3610 2995 3669 3049 δὲ

399 3078 454 3132 in
482 3077 588 3133 vita
624 3080 987 3161 versabuntur
1019 3101 1032 3137 :
1069 3084 1162 3154 qui
1187 3086 1254 3141 de
1289 3086 1505 3144 Satanae
1531 3102 1811 3160 potentatu
1863 3097 1978 3167 glo-
2009 3140 2010 3152 χ

2092 3094 2187 3166 τὴν
2232 3091 2554 3164 προαίρεσιν
2585 3090 2694 3143 τῶν
2738 3088 3249 3160 ἐμπολιτευομένων
3286 3087 3365 3157 τῷ
3392 3088 3514 3141 τότε
3546 3086 3664 3157 βίῳ,

399 3173 1087 3247 riautes,incomparabili
1148 3188 1548 3239 tormentorum
1611 3187 1985 3259 magnitudine

2092 3186 2138 3240 οἳ
2164 3188 2230 3256 τῇ
2261 3182 2552 3252 δυναστείᾳ
2581 3179 2675 3235 τοῦ
2707 3180 2922 3234 Σατανᾶ
2952 3178 3311 3248 γαυριῶντες,
3349 3176 3575 3249 ἀμέτρῳ
3602 3179 3666 3247 τῇ

398 3267 664 3323 adversus
695 3268 797 3322 sibi
831 3281 1197 3341 repugnantes
1224 3282 1483 3332 utentur:
1519 3281 1981 3348 quemadmodum

399 3356 565 3427 igitur
588 3357 738 3427 fecit,
763 3359 1016 3415 reddetur
1044 3362 1168 3432 ipsi.

470 3447 695 3504 Reddite
757 3452 839 3505 illi
891 3453 1136 3523 duplum.
1177 3456 1294 3512 Non
1351 3459 1575 3530 duplum
1620 3465 1838 3535 proprie
1866 3468 1984 3522 vult

397 3542 489 3598 hic
551 3545 778 3616 intelligi
835 3546 1212 3617 duplicatum:
1270 3551 1370 3606 sed
1421 3555 1568 3623 quod
1618 3556 1888 3626 benignus
1917 3574 1987 3615 ac

399 3636 577 3692 bonus
611 3636 777 3701 Deus,
807 3654 932 3693 cum
962 3642 1118 3709 punit
1155 3642 1318 3697 etiam
1356 3644 1496 3699 infra
1523 3645 1575 3700 id
1607 3648 1753 3717 quod
1769 3649 1980 3719 justum

396 3736 502 3792 est,
534 3729 760 3799 duplum
785 3744 845 3785 se
886 3731 1196 3787 reddidisse
1222 3733 1373 3788 ducit
1395 3734 1487 3789 ubi
1519 3737 1603 3791 vel
1630 3748 1837 3807 partem
1859 3742 1983 3795 red-

395 3820 598 3877 diderit
628 3839 641 3876 :
670 3837 769 3877 nec
805 3822 985 3878 solum
1018 3824 1265 3894 duplum,
1299 3827 1393 3882 sed
1411 3838 1466 3882 et
1487 3831 1795 3899 septuplum
1834 3850 1848 3887 :
1876 3834 1981 3887 nisi

397 3915 653 3969 iortassis
688 3915 738 3968 id
776 3916 1218 3971 existimandum
1262 3927 1345 3973 est
1398 3919 1498 3975 bas
1549 3937 1655 3976 non
1708 3938 1832 3979 esse
1881 3924 1978 3981 Dei

397 4007 600 4061 minas.
640 4007 927 4075 Quomodo
986 4009 1132 4064 enim
1172 4012 1220 4066 is
1270 4012 1364 4083 qui
1410 4012 1563 4079 dicit,
1603 4033 1622 4066 ι
1672 4014 1790 4072 Non
1841 4019 1981 4073 ulci-

394 4098 677 4154 sceturbis
710 4098 849 4154 Deus
881 4113 1049 4169 super
1080 4099 1268 4155 eadem
1322 4114 1381 4155 re
1420 4101 1519 4168 ",3
1554 4117 1699 4159 nunc
1732 4104 1785 4159 in
1814 4104 1981 4175 duplo

395 4205 462 4244 ac
487 4193 736 4261 septuplo
760 4192 834 4246 ait
857 4191 1035 4261 ipsum
1070 4192 1300 4248 ulcisci?
1320 4191 1596 4251 Fortassis
1638 4196 1803 4267 igitur
1843 4199 1980 4254 nihil

394 4281 693 4337 absurdum
739 4283 921 4348 fuerit,
950 4284 994 4338 si
1026 4284 1330 4353 accipiatur
1354 4285 1665 4357 signiﬁcare
1689 4305 1795 4344 non
1823 4290 1978 4361 juxta

394 4376 736 4447 dignitatem,
764 4377 859 4433 sed
895 4377 1209 4447 longeinfra
1240 4394 1579 4434 mensuram.

459 4467 729 4532 Quantum
749 4470 884 4539 glori
889 4469 1065 4537 ﬁcatit
1081 4486 1133 4523 se
1146 4480 1193 4523 et
1208 4472 1461 4524 lasciviit.
1477 4472 1970 4541 Quemadmodum,
2002 4454 2057 4514 D

394 4560 605 4628 inquit,
664 4569 719 4615 ct
773 4560 1074 4630 glorificata
1118 4569 1171 4616 et
1226 4561 1279 4615 in
1324 4564 1579 4632 praesenti
1614 4566 1725 4620 vita
1761 4568 1973 4623 deliciis

395 4652 667 4718 dililucns,
706 4668 813 4707 non
846 4653 1330 4722 adimplevitquod
1370 4655 1695 4723 praeviderat
1722 4672 1847 4712 esse
1885 4660 1974 4713 di-

396 4744 535 4797 vinae
557 4744 875 4811 voluntatis,
904 4747 976 4799 ita
1019 4743 1251 4799 reddite.
1293 4744 1436 4800 Dicit
1471 4748 1616 4802 enim
1649 4767 1663 4803 :
1721 4749 1836 4805 Non
1870 4752 1977 4822 pri-

394 4837 563 4891 vabor
588 4852 775 4905 regno.

468 4927 537 4983 In
562 4929 718 4983 corde
734 4945 852 4983 suo.
878 4928 986 4983 Cor
1015 4930 1250 5000 appellat
1284 4931 1628 4986 durationem
1651 4949 1843 4988 eorum
1879 4935 1971 5004 qui

398 5032 527 5077 nmc
559 5022 722 5078 vitam
744 5023 1117 5092 complebunt,
1155 5040 1293 5093 quos
1320 5025 1488 5080 etiam
1514 5026 1668 5080 ﬁnxit
1699 5041 1823 5081 cum
1857 5042 1977 5082 mu-

395 5117 527 5172 liere
558 5116 889 5170 adulterium
928 5126 1165 5184 patrare.
1192 5186 1205 5189 _

462 5203 750 5271 Propterea
800 5220 902 5257 uno
940 5205 1024 5259 die
1069 5206 1272 5259 venient
1333 5208 1507 5275 plaga:
1538 5207 1676 5276 ejus.
1719 5206 1819 5262 Per
1868 5207 1972 5261 hoc

390 5298 534 5367 quod
564 5297 715 5359 dicit,
757 5312 866 5351 uno
896 5297 1001 5362 die,
1040 5297 1468 5367 inexspecnatum
1501 5314 1565 5353 ac
1621 5300 1963 5369 repentinum

394 5399 605 5459 tempus
657 5390 929 5458 signiﬁcat
967 5406 1076 5460 quo
1110 5390 1224 5444 hmc
1279 5392 1619 5460 ccutingcnl.
1667 5391 1963 5460 Postquam

389 5483 533 5535 enim
563 5482 766 5536 inimici
792 5483 964 5551 ipsius
992 5483 1329 5538 obtinuerint
1358 5484 1538 5548 illam,
1588 5492 1846 5552 poterunt
1885 5484 1965 5538 vel

392 5575 553 5629 unico
580 5575 669 5631 die
694 5592 855 5630 omne
888 5575 1216 5645 supplicium
1249 5576 1303 5631 in
1359 5591 1477 5632 eam
1522 5576 1782 5633 inducere
1844 5591 1965 5646 qucc

455 5754 497 5783 "
530 5745 701 5806 Natim
727 5770 777 5819 ι,
810 5756 891 5809 12.

2084 3278 2193 3332 τῶν
2242 3274 2433 3330 δεινῶν
2479 3272 2706 3344 εὐθηνίᾳ
2743 3270 2886 3325 κατὰ
2920 3270 3027 3324 τῶν
3077 3269 3472 3338 ἀντικειμένων
3538 3286 3670 3321 κατ-

2084 3371 2405 3442 εχρήσαντο.
2439 3365 2634 3428 Καθὼς
2658 3360 2751 3419 οὖν
2775 3363 3048 3435 ἐποίησεν,
3082 3361 3397 3432 ἀποδοοήτω
3426 3361 3584 3433 αὐτῇ.

2169 3460 2443 3516 Ἀπόδοτε
2473 3458 2629 3527 αὐτῇ
2675 3457 2956 3511 διπλοῦν.
3013 3457 3088 3509 Οὐ
3128 3455 3187 3509 τδ
3229 3455 3511 3509 διπλάσιον
3543 3454 3669 3525 βούο

2085 3555 2237 3608 λεται
2269 3553 2330 3605 τὸ
2364 3551 2607 3615 διπλοῦν,
2644 3549 2761 3602 ἀλλ’
2805 3550 2888 3603 ὅτι
2940 3548 3324 3618 φιλάνθρωπος
3352 3547 3429 3600 ὢν
3458 3548 3485 3599 6
3533 3547 3667 3610 Θεὸς

2086 3644 2181 3699 καὶ
2209 3642 2411 3713 ἀγαθὸς
2455 3642 2551 3695 καὶ
2585 3640 2719 3692 πολὺ
2756 3638 3181 3710 καταδεέστερον
3209 3638 3472 3705 κολάζων,
3502 3637 3665 3691 διπλᾶ

2082 3737 2255 3799 οἴεται
2283 3735 2684 3790 ἀποδεδωκέναι
2735 3733 2831 3786 καὶ
2860 3733 2988 3786 ὅταν
3026 3732 3192 3802 μέρος
3220 3732 3425 3803 ἀποδῷ,
3467 3732 3561 3786 καὶ
3601 3733 3662 3785 οὐ

2086 3829 2246 3901 μόνον
2273 3827 2456 3893 διπλᾶ,
2493 3826 2628 3879 ἀλλά
2662 3826 2757 3879 καὶ
2788 3825 3155 3888 ἐπταπλάσια,
3191 3827 3238 3878 εἰ
3271 3826 3345 3895 μή
3374 3842 3475 3878 που
3506 3823 3665 3877 τοῦτο

2083 3923 2296 3993 οίητέον
2339 3921 2414 3986 ὡς
2467 3921 2529 3974 οὐ
2586 3918 2722 3972 Θεοῦ
2766 3918 3019 3988 ἀπειλῆς.
3077 3919 3200 3981 Πῶς
3231 3918 3339 3987 γὰρ
3385 3918 3413 3970 6
3463 3917 3659 3986 λέγων,

2089 4035 2106 4067 ι
2149 4018 2263 4069 Οὐκ
2293 4014 2572 4085 ἐκδικήσει
2591 4011 2795 4082 Κύριος
2823 4010 2902 4073 δὶς
2932 4011 3024 4063 ἐπὶ
3044 4011 3101 4063 τὸ
3126 4011 3279 4075 αὐτὸ,
3315 4029 3332 4061 ι
3360 4008 3454 4062 νῦν
3475 4009 3661 4063 διπλά-

2085 4124 2174 4159 σια
2204 4105 2301 4158 καὶ
2360 4103 2708 4157 ἐπταπλάσιά
2765 4119 2929 4172 φησιν
2964 4102 3229 4167 ἐκδικεῖν;
3263 4103 3324 4154 Εἰ
3360 4100 3453 4154 οῦν
3481 4101 3541 4154 τὸ
3584 4100 3664 4153 δι-

2082 4197 2251 4252 πλοῦν
2282 4197 2377 4249 καὶ
2422 4198 2562 4248 ἑπτα
2575 4194 2795 4249 πλάσιον
2824 4194 2884 4247 οὐ
2923 4192 2982 4246 τὸ
3035 4194 3155 4246 κατ’
3182 4192 3342 4257 ἀξίαν
3375 4192 3662 4263 σημαίνειν

2083 4288 2462 4359 ὑποληπτέον,
2512 4286 2649 4341 ἀλλά
2700 4286 2761 4338 τὸ
2812 4284 3200 4356 μετριώτερον,
3270 4285 3400 4349 ἴσως
3457 4283 3659 4337 ἄτοπον

2082 4382 2259 4437 οὐδέν.

2157 4475 2315 4527 Ὅσα
2333 4470 2629 4536 ἐδόξασεν
2646 4470 2895 4538 ἑαυτὴν,
2920 4469 3017 4524 καὶ
3030 4470 3413 4539 ἐστρηνίασε.
3437 4470 3660 4535 KaOc‘og,

2083 4565 2241 4635 φησὶ,
2288 4564 2609 4630 δοξασθείσα
2639 4564 2732 4616 καὶ
2764 4563 3300 4633 κατασπαταλήσασα
3331 4563 3424 4617 τοῦ
3461 4563 3663 4634 παρόνο

2082 4674 2173 4720 τος
2203 4657 2342 4727 βίου,
2392 4656 2651 4727 πρόνοιαν
2680 4656 2740 4708 οὐ
2770 4653 3067 4725 πεποίηται
3104 4653 3197 4707 τοῦ
3229 4654 3375 4709 θείου
3414 4654 3658 4725 θελήμαο

2082 4766 2193 4813 τος,
2220 4747 2395 4811 οὕτως
2417 4748 2645 4801 ἀπόδοτε
2675 4747 2836 4818 αὐτῇ.
2859 4746 3021 4813 Λέγει
3042 4747 3171 4817 γάρ·
3202 4748 3317 4801 Οὐκ
3338 4747 3533 4818 ἔσομαι
3562 4746 3656 4801 τοῦ

2085 4839 2390 4910 βασιλεύειν
2416 4838 2778 4910 ἐστερημένη.

2161 4937 2265 4989 Ἐν
2312 4934 2385 5003 τῇ
2437 4934 2652 5001 καρδίᾳ
2708 4932 2922 5003 αὐτῆς.
2976 4933 3252 5003 Καρδίαν,
3307 4932 3367 4985 τὸ
3421 4931 3658 5001 ἐμμονόν

2077 5042 2212 5095 φησι
2247 5026 2356 5078 τῶν
2390 5025 2513 5077 τότε
2539 5024 2629 5077 τὸν
2655 5025 2768 5093 βίον
2801 5025 3292 5096 συμπληρούντων,
3326 5023 3420 5088 οὒς
3450 5024 3547 5077 καὶ
3577 5025 3658 5087 εἰς

2073 5119 2307 5184 γυναῖκα
2339 5115 2706 5186 ἐμυοοποίησε
2742 5116 3057 5188 μαχλῶσαν.

2142 5210 2247 5262 Διὰ
2299 5208 2473 5263 τοῦτο
2516 5210 2586 5262 ἐν
2623 5207 2731 5277 μιᾷ
2777 5209 2967 5277 ἡμέρᾳ
3004 5208 3264 5275 ἥξουσιν
3315 5211 3376 5262 al
3428 5207 3654 5277 πληγαί

2074 5298 2285 5367 αὐτῆς.
2321 5301 2420 5354 Διά
2446 5301 2539 5354 τοῦ
2564 5302 2767 5369 λέγειν,
2804 5302 2935 5370 μίαν
2966 5301 3201 5371 ἡμέραν,
3229 5301 3290 5352 τὸ
3312 5301 3654 5370 ἀπροσδόκη-

2073 5408 2164 5446 τον
2193 5393 2288 5445 καὶ
2317 5393 2515 5463 ἀθρόον
2541 5394 2692 5463 δηλοί
2723 5393 2816 5445 τοῦ
2850 5393 3044 5462 καιροῦ
3076 5395 3132 5444 ἐν
3157 5386 3201 5459 ᾧ
3232 5391 3403 5445 ταῦτα
3435 5392 3649 5462 συμϐή-

2076 5503 2250 5539 σεται.
2290 5487 2444 5539 Μετὰ
2479 5487 2587 5557 γὰρ
2614 5487 2676 5539 τὸ
2719 5487 3009 5557 ἐγκρατεῖς
3037 5487 3209 5556 αὐτῆς
3238 5485 3495 5555 γενέσθαι
3520 5485 3647 5548 τοὺς

2074 5579 2301 5652 ἐχθροὺς
2328 5580 2551 5650 ἐξαρκεῖ
2593 5580 2687 5634 καὶ
2718 5580 2816 5651 μία
2840 5580 3023 5651 ἡμέρα
3056 5581 3236 5633 πᾶσαν
3283 5580 3505 5633 κόλασιν
3547 5580 3645 5630 ἐπ-
