4164 6412
337 344 442 412 ’129

1407 349 1614 412 COMM
1629 351 1792 413 ENT.
1837 353 1917 414 IN
1958 354 2491 423 APOCALYPSIN.

3491 370 3598 431 73')

335 461 561 526 αγαγεϊν
591 460 658 529 τῇ
713 457 1035 530 ἡττηθείσῃ,
1065 457 1291 512 δυνατοῦ
1338 459 1490 522 ὄντος
1548 460 1644 512 τοῦ
1702 462 1884 530 Κυρίοι

2011 467 2220 522 devicta
2271 469 2476 525 fuerit:
2517 487 2642 526 cum
2686 481 2878 542 potens
2925 474 2997 528 sit
3037 474 3300 530 Dominus
3337 478 3600 544 qttemacl-

334 552 526 621 ὥσπερ
557 551 670 612 τοῖς
712 549 1100 620 εὐαρεστοῦσιν
1135 549 1285 620 αὐτῷ
1321 551 1391 602 τὰ
1416 551 1640 624 θυμήρη
1682 554 1913 624 repons-

335 660 488 714 μειν,
521 641 667 696 οὕτω
715 641 810 695 καὶ
853 640 1104 706 κολάζειν
1135 641 1545 715 ἀνεπιστρόφως
1601 644 1915 715 ἐξαμαρτά-

332 751 544 797 νοντας.

399 823 510 879 Kal
556 824 904 880 κλαύσουσι
959 825 1059 879 real
1112 825 1407 894 κόψονται
1461 825 1556 879 ἐπ’
1610 826 1806 894 αὐτὴν
1856 830 1912 882 ot

328 917 605 983 βασιλεῖς
636 915 748 985 τῆς
785 916 930 986 γῆς,
977 919 1034 971 οι
1055 918 1184 986 μετ’
1221 917 1412 987 αὐτῆς
1461 919 1909 987 πορνεύσαντες

330 1008 425 1062 real
457 1008 970 1076 στρηνιάσαντες,
1027 1008 1174 1062 ὅταν
1211 1009 1490 1074 βλέπωσι
1528 1009 1638 1064 τὸν
1671 1012 1909 1064 καπνὸν

330 1099 437 1167 τῆς
469 1099 794 1168 πυρώσεως
841 1099 1066 1168 αὐτῆς,
1100 1099 1218 1154 ἀπὸ
1254 1103 1551 1168 μακρόθεν
1579 1101 1907 1169 ἑστηκότες

328 1189 423 1244 διὰ
465 1190 572 1243 τὸν
612 1192 803 1259 φόϐον
841 1189 952 1244 τοῦ
978 1191 1376 1260 βασανισμοῦ
1413 1190 1640 1261 αὐτῆς,
1687 1192 1903 1261 λέγον-

329 1296 458 1347 τεςο
505 1283 673 1348 Oi'al,
705 1282 861 1349 οὐαὶ,
892 1283 932 1350 ἡ
975 1283 1154 1349 πόλις
1179 1283 1218 1349 ή
1251 1283 1484 1352 μεγάλη
1522 1284 1830 1348 Βαϐυλὼν,
1861 1286 1900 1354 ἠ

329 1374 504 1438 πόλις
545 1373 584 1439 ἠ
636 1373 871 1442 ισχυρὰ,
911 1372 998 1425 ὅτι
1025 1373 1097 1426 ἐν
1133 1371 1242 1442 μιᾷ
1265 1371 1384 1440 ὥρᾳ
1409 1368 1598 1442 ἦλθεν
1630 1375 1670 1442 ἠ
1700 1375 1901 1443 κρίσις

326 1479 460 1517 σου.
501 1462 612 1518 Kal
669 1466 724 1518 al
783 1464 1028 1532 ἔμποροι
1080 1462 1190 1533 τῆς
1237 1462 1348 1534 γῆς
1402 1464 1746 1518 κλαύσουσι
1798 1465 1897 1518 real

324 1556 738 1618 πενθήσουσιν
767 1556 860 1610 ἐπ’
912 1553 1069 1624 αὐτῇ
1090 1593 1105 1620 ,
1161 1555 1252 1610 ὅτι
1306 1555 1413 1609 τὸν
1462 1556 1650 1624 τόμον
1697 1555 1899 1609 αὐτῶν

2016 559 2236 612 modum
2267 576 2528 632 prospera
2561 563 2892 618 distribuere
2923 565 3009 620 bis
3031 565 3124 636 qui
3155 567 3256 620 sibi
3290 568 3426 635 grati
3449 577 3596 630 sunt,

2014 651 2087 705 ita
2113 661 2167 706 et
2190 663 2507 723 peccatores
2527 655 2913 712 irremediabili
2939 657 3101 712 modo
3132 659 3348 728 punire.

2082 829 2246 900 798
2278 830 2463 897 XVIII,
2495 831 2651 888 9-H.
2700 833 2768 887 Et
2798 834 2997 904 ﬂebunt
3044 843 3093 888 et
3132 833 3383 903 plangent
3439 849 3588 901 super

2007 917 2159 971 illam
2192 935 2331 988 reges
2362 932 2538 985 terrae,
2571 922 2660 991 qui
2700 939 2819 976 cum
2850 922 2945 976 illa
2979 925 3205 977 seortati
3244 932 3368 975 sunt
3412 933 3460 975 et
3508 923 3593 975 la-

2007 1010 2308 1076 scivierunt,
2341 1028 2461 1065 cum
2495 1013 2716 1066 viderint
2743 1014 2948 1083 fumum
2988 1014 3222 1068 incendii
3243 1014 3357 1082 ejus
3402 1030 3412 1041 ·
3441 1013 3594 1083 longe

2005 1111 2205 1156 stantes
2222 1113 2435 1172 prapter
2475 1105 2713 1159 timorem
2737 1107 2984 1160 tormenti
3013 1107 3147 1174 ejus,
3172 1106 3402 1160 dicentes
3427 1122 3445 1159 :
3480 1105 3590 1172 γω,

2005 1209 2101 1259 me,
2132 1195 2319 1248 civitas
2346 1195 2442 1248 illa
2477 1213 2673 1267 magna
2719 1197 2958 1267 Babylon
2986 1237 3002 1262 ,
3046 1200 3232 1252 civitas
3265 1199 3360 1260 illa
3413 1200 3591 1267 fortis,

2001 1287 2252 1356 quoniam
2279 1303 2384 1341 una
2403 1288 2533 1342 hora
2563 1291 2696 1344 venit
2730 1291 2995 1359 judicium
3037 1301 3206 1346 tuum.
3249 1291 3320 1345 Et
3349 1295 3589 1362 negotia-

2001 1390 2139 1433 tores
2170 1389 2325 1434 terrae
2356 1381 2553 1449 ﬂebunt
2581 1398 2644 1434 ac
2693 1381 2938 1451 lugebunt
2975 1400 3130 1450 super
3151 1385 3247 1437 illa
3279 1400 3298 1438 :
3339 1386 3589 1455 quoniam

1999 1487 2131 1524 onus
2155 1487 2335 1525 eorum
2375 1488 2524 1526 nemo
2557 1481 2688 1526 emet
2720 1475 2988 1540 ampliusf:
3019 1490 3121 1526 non
3139 1474 3259 1542 jam
3303 1491 3436 1528 onus
3469 1477 3590 1528 auri

1997 1570 2046 1614 et
2077 1562 2306 1630 argenti.
2336 1571 2384 1616 et
2415 1563 2614 1633 lapidis
2638 1564 2858 1633 pretiosi
2889 1572 2938 1616 et
2981 1566 3287 1634 margarita:
3307 1604 3321 1627 ,
3354 1575 3404 1617 et
3443 1566 3585 1634 byssi

322 1648 520 1713 οὐδεὶς
560 1647 844 1717 ἀγοράσει
875 1649 984 1703 ἔτι.
1033 1647 1245 1703 οὐκέτι
1301 1649 1488 1718 τόμον
1531 1648 1767 1718 χρυσοῦ
1797 1650 1884 1705 καὶ

1995 1659 2046 1705 et
2072 1667 2320 1720 purpura:
2342 1662 2393 1706 et
2415 1655 2571 1707 serici
2593 1664 2642 1708 et
2677 1655 2906 1720 cocci,fet
2928 1669 3082 1708 omne
3097 1655 3298 1722 lignum
3326 1654 3585 1722 thyinum,

319 1736 597 1805 ἀργύρου,
641 1736 740 1791 real
773 1738 950 1793 λίθου
982 1737 1178 1807 τιμίου
1230 1737 1328 1790 καὶ
1359 1737 1747 1808 μαργαρίτου,
1793 1739 1884 1792 real

1994 1753 2046 1796 et
2075 1760 2225 1798 omne
2253 1761 2343 1798 vas
2371 1749 2681 1810 eburneum,
2717 1755 2768 1800 et
2811 1763 2963 1800 omne
2996 1763 3086 1801 vas
3121 1746 3186 1801 de
3209 1747 3348 1815 ligno
3388 1749 3587 1814 pretio-

317 1829 646 1894 βυσσίνου,
679 1828 779 1883 real
813 1828 1144 1898 πορφυροῦ,
1175 1828 1276 1883 real
1311 1829 1590 1898 σηρικοῦ,
1626 1830 1726 1884 real
1756 1847 1884 1884 κοκ-

1993 1836 2204 1892 sissimo
2234 1847 2284 1890 et
2311 1853 2414 1892 aere
2445 1849 2496 1891 et
2527 1838 2669 1908 ferro
2709 1849 2758 1892 et
2799 1855 3095 1903 marmore,
3137 1849 3188 1893 et
3229 1841 3586 1892 cinamornurn

316 1920 508 1985 κίνου,
555 1920 656 1975 real
695 1919 819 1976 πᾶν
849 1921 1041 1986 ξύλον
1081 1922 1327 1985 θύινον,
1361 1922 1460 1976 καὶ
1495 1920 1618 1978 πᾶν
1671 1922 1884 1990 σκεῦος

1990 1933 2041 1978 et
2093 1926 2440 1981 odoramenta
2481 1937 2530 1980 et
2582 1938 2905 1997 unguentum
2955 1938 3005 1981 et
3026 1927 3180 1991 (ltus,
3219 1937 3268 1982 et
3317 1927 3492 1981 oleum
3534 1936 3583 1980 et

313 2009 735 2077 ἐλεφάντινον,
783 2011 882 2065 real
927 2010 1050 2065 πᾶν
1087 2012 1307 2078 σκεῦος
1357 2012 1427 2066 ἐκ
1461 2011 1655 2077 ξύλου
1695 2030 1884 2082 τιμιω‹

1991 2017 2169 2071 trinum
2203 2025 2254 2070 et
2280 2018 2513 2071 similam
2545 2026 2592 2072 et
2625 2020 2883 2084 triticum,
2907 2029 2957 2072 et
2980 2035 3096 2074 oves
3127 2029 3178 2073 et
3212 2019 3478 2085 jumenta.
3531 2028 3582 2073 et

311 2098 512 2162 τάτου,
543 2099 643 2154 real
672 2101 924 2169 χαλκοῦ,
958 2101 1056 2154 real
1097 2101 1375 2170 σιδήρου,
1423 2103 1519 2158 real
1553 2104 1884 2174 μαρμάρου,

1987 2125 2240 2178 equorum
2251 2119 2300 2164 et
2317 2110 2542 2164 rIredaru
2551 2127 2598 2162 m
2616 2119 2665 2163 et
2679 2127 2980 2178 corporum,
2997 2119 3045 2164 et
3063 2111 3270 2162 animas
3289 2109 3580 2162 hominum.

309 2191 406 2245 real
443 2191 806 2262 κινάμωμον,
843 2193 944 2246 καὶ
997 2194 1353 2264 θυμιάματα,
1387 2195 1485 2249 real
1528 2196 1746 2266 μῦρον,
1792 2199 1884 2253 real

1990 2197 2060 2252 Et
2083 2210 2283 2269 tempus
2303 2201 2552 2255 desiderii
2573 2201 2768 2256 anima:
2792 2211 2896 2254 tua:
2920 2201 3133 2253 recessit
3159 2217 3191 2252 a
3233 2208 3300 2265 te,
3329 2207 3378 2252 et
3403 2198 3583 2250 omnia

306 2284 579 2348 λίϐανον,
621 2285 722 2338 real
762 2284 989 2349 ἔλαιον,
1028 2287 1128 2341 real
1172 2282 1361 2351 οἶνον,
1397 2288 1497 2341 real
1541 2288 1879 2357 σεμίδαλιν,

1987 2291 2207 2361 pinguia
2246 2303 2296 2345 et
2331 2291 2594 2360 praeclara
2631 2294 2900 2362 perierunt
2939 2308 2971 2345 a
3003 2300 3050 2345 te
3075 2332 3090 2357 ,
3129 2300 3178 2344 et
3223 2289 3450 2359 amplius
3483 2289 3582 2341 illa

304 2374 403 2428 real
430 2373 621 2439 σῖτον,
696 2375 795 2430 real
817 2379 1112 2445 πρόϐατα,
1143 2379 1242 2432 real
1279 2377 1506 2448 κτήνη,
1543 2377 1644 2432 real
1683 2379 1884 2432 ἵππων

1989 2396 2315 2450 nequaquam
2347 2382 2597 2442 invenies.

301 2466 403 2519 real
427 2466 652 2535 ραιδῶν
679 2468 776 2521 real
808 2468 1118 2536 σωμάτων,
1150 2471 1250 2525 real
1321 2471 1528 2541 ψυχὰς
1567 2470 1914 2539 ἀνθρώπων.
1987 2473 2099 2527 Kal
2147 2473 2186 2541 ή
2254 2473 2457 2540 ὀπώρα
2514 2473 2626 2542 τῆς
2667 2474 2988 2544 ἐπιθυμίας
3034 2473 3145 2541 τῆς
3206 2469 3414 2540 ψυχῆς
3462 2485 3580 2524 σου

299 2556 582 2627 ἀπῆλθεν
611 2559 731 2615 ἀπὸ
773 2560 908 2616 σοῦ.
945 2561 1056 2616 Kal
1091 2562 1289 2617 πάντα
1351 2563 1425 2618 τὰ
1483 2566 1710 2633 λιπαρὰ
1743 2564 1845 2618 καὶ
1889 2565 1963 2620 τὰ
1998 2569 2242 2637 λαμπρὰ
2311 2565 2581 2622 ἀπώλετο
2629 2566 2750 2621 ἀπὸ
2802 2567 2953 2630 σοῦ,
3003 2566 3104 2620 real
3137 2564 3334 2620 οὐκέτι
3382 2563 3454 2616 οὐ
3490 2559 3578 2629 μὴ

297 2651 486 2721 εὕρῃς
517 2653 692 2709 αὐτά.

380 2746 666 2818 Ἐπιμένει
723 2749 791 2820 τῇ
859 2750 1189 2823 τροπολογίᾳ
1251 2751 1328 2814 ὡς
1394 2752 1878 2824 ὲκφαντικωτέραν

298 2837 555 2907 γενέσθαι
595 2838 704 2892 ἀπὸ
753 2840 854 2910 τῆς
882 2844 1148 2913 πορνικῆς
1176 2841 1523 2912 ἀκαθαρσίας
1563 2843 1664 2914 τὴν
1693 2844 1878 2914 πλημ-

290 2929 545 3001 μέλειαν.
583 2929 726 2994 Τοὺς
783 2930 1044 3002 δαίμονας
1095 2932 1153 2986 δὲ
1203 2930 1346 2988 εῖναι
1395 2933 1621 2997 τούτους
1666 2933 1880 3006 ἔφαμεν

290 3021 396 3074 καὶ
435 3019 709 3090 μακρόθεν
750 3021 1070 3092 ἑστηκότας.
1103 3023 1271 3077 Αὐτοὶ
1312 3023 1422 3096 γὰρ
1480 3024 1576 3079 ἆτε
1611 3025 1750 3089 νόες,
1785 3025 1882 3078 καὶ

2055 2748 2115 2802 In
2144 2747 2334 2803 eadem
2361 2755 2647 2817 permanet
2674 2744 2996 2814 tropologia,
3023 2750 3082 2798 ut
3108 2744 3460 2802 manifestius
3484 2748 3580 2806 ﬁat

1986 2839 2246 2895 delictum
2294 2839 2616 2894 meretricie
2645 2837 3022 2907 impudicitiae.
3053 2834 3164 2892 llos
3205 2847 3388 2891 autem
3421 2839 3571 2893 dixi-

1987 2944 2108 2983 mus
2133 2944 2255 2984 esse
2290 2929 2568 2984 daemones
2605 2927 2771 2984 etiam
2818 2929 2978 2998 longe
3019 2934 3253 2985 stantes.
3282 2927 3416 2984 Nam
3469 2930 3576 3000 ipsi

1989 3031 2251 3092 tanquam
2315 3023 2609 3078 abstractae
2667 3022 3073 3092 intelligentiae,
3144 3023 3352 3078 exitum
3408 3023 3574 3078 etiam

288 3110 407 3182 πρὸ
434 3113 534 3181 τῆς
586 3112 784 3181 πείρας
817 3112 915 3184 τὴν
962 3113 1238 3169 διὲκϐασιν
1267 3115 1469 3170 ειδέναι
1507 3110 1612 3170 οἶοί
1643 3117 1704 3170 τέ
1749 3118 1880 3181 εἰσι,

1990 3112 2313 3182 priusquam
2348 3113 2441 3168 ﬁat
2476 3113 2780 3182 intelligere
2832 3122 3098 3184 possunt,
3149 3124 3205 3170 et
3256 3126 3514 3185 tanquam
3543 3131 3575 3171 ι

286 3203 394 3257 καὶ
418 3203 494 3266 ὡς
522 3203 632 3257 ἀπὸ
661 3205 871 3259 καπνοῦ
900 3205 997 3260 τοῦ
1035 3207 1210 3278 πυρὸς
1240 3207 1338 3280 τὴν
1372 3209 1672 3263 ὑπόστασιν
1703 3210 1880 3264 συνιέ-

289 3313 405 3350 ναι.
432 3295 508 3349 Τὸ
535 3296 620 3350 δέ·
649 3295 816 3363 Οὐαί,
851 3297 1126 3369 θρηνῶδες
1145 3303 1296 3355 ἐστιν
1319 3301 1662 3372 ἐπίφθεγμα,
1686 3302 1878 3366 εἰωθὸς

287 3389 388 3440 ἐπὶ
434 3390 743 3459 συμφοραῖς
776 3391 1202 3460 ὲνεργουμέναις
1235 3393 1623 3460 ὲκφωνεῖσθαι.
1655 3393 1749 3446 Διὸ
1781 3393 1878 3448 καὶ

283 3478 388 3535 νῦν
416 3480 654 3549 μάλιστα
684 3480 764 3550 τῷ
798 3483 1130 3553 παγκοσμίῳ
1154 3483 1250 3537 καὶ
1290 3483 1476 3554 ἀθρόῳ
1505 3486 1876 3555 συμπτώματι

280 3571 803 3642 μετακεχείρισται.
851 3559 1102 3644 ’ἰσχυρὰν
1125 3574 1180 3627 δὲ
1206 3574 1363 3627 πόλιν
1401 3575 1575 3646 αὑτήν
1607 3593 1771 3644 φησιν
1800 3575 1876 3640 ὼς

277 3664 344 3730 ἐξ
375 3664 614 3732 ἀπείρου
661 3665 848 3736 σχεδὸν
886 3665 1080 3736 χρόνον
1127 3666 1188 3720 τὸ
1219 3663 1357 3720 εἶναι
1396 3667 1757 3722 διαλαϐοῦσαν
1795 3670 1876 3732 εἰς

275 3754 662 3826 ἀδιάῤῥηκτον
691 3754 988 3828 σύνδεσμον
1020 3757 1116 3812 καὶ
1161 3755 1362 3811 οὔποτε
1409 3758 1736 3814 ἐλπισθέντα
1763 3759 1878 3813 δια-

274 3847 544 3916 λυθῆναι.

351 4025 475 4083 Kal
511 4028 567 4080 οι
614 4026 859 4096 ἔμποροι
885 4023 995 4092 τῆς
1023 4024 1136 4096 γῆς
1169 4025 1532 4081 κλαύσουσι.
1591 4024 1876 4080 Ἐντεῦθεν

268 4118 749 4191 ἀπαραγράπτως
791 4117 1092 4190 ἐκληπτέον
1140 4117 1211 4170 τὰ
1257 4116 1754 4188 χρησμῳδούμενα,
1809 4117 1871 4170 οὐ

267 4215 421 4282 περὶ
475 4211 818 4276 Βαϐυλῶνος,
852 4210 914 4264 οὗ
967 4208 1190 4280 Ῥώμης
1233 4210 1336 4278 τῆς
1368 4209 1625 4272 παλαιᾶς,
1675 4208 1738 4262 οὐ
1771 4208 1872 4277 τῆς

267 4303 442 4370 νέας,
471 4302 575 4355 οῦκ
615 4301 783 4371 ἄλλης
809 4301 955 4364 τινὸς
986 4301 1113 4370 μιᾶς
1147 4301 1377 4364 πόλεως,
1425 4299 1564 4354 ἀλλὰ
1592 4298 1688 4352 τοῦ
1729 4298 1870 4370 σύμ-

264 4408 498 4454 παντος
524 4389 717 4445 τούτου
748 4389 991 4462 φθαρτοῦ
1025 4390 1259 4460 κόσμου,
1289 4389 1412 4443 καθ’
1430 4389 1489 4443 ὃν
1512 4391 1563 4443 ol
1598 4390 1666 4444 τὰ
1696 4390 1869 4460 πρόσ-

1987 3203 2140 3258 l'umo
2171 3204 2448 3273 cognitam
2473 3204 2675 3260 habere
2701 3204 2844 3275 ignis
2875 3205 3262 3260 substantiam.
3291 3205 3446 3272 Quod
3474 3223 3576 3260 au-

1985 3300 2092 3347 tem
2144 3293 2220 3346 ait
2258 3311 2272 3345 :
2307 3292 2417 3357 Var,
2470 3292 2835 3348 lamentabilis
2865 3300 2950 3348 est
2983 3294 3315 3348 exclamatio
3345 3310 3452 3364 qua
3487 3310 3576 3349 so-

1984 3385 2101 3439 lent
2131 3385 2441 3440 exclamare
2478 3385 2533 3438 in
2573 3385 3090 3454 supervenientibus
3125 3386 3568 3441 calamitatibus:

1983 3475 2107 3530 ideo
2137 3490 2360 3545 quoque
2388 3490 2536 3530 nunc
2569 3477 2808 3529 maxime
2841 3476 2895 3529 in
2943 3477 3182 3546 generali
3207 3483 3262 3530 et
3290 3477 3573 3531 cumulato

1983 3567 2383 3638 repentinoque
2407 3583 2538 3623 casu
2577 3582 2641 3622 ac
2670 3566 2990 3622 infelicitate
3027 3569 3094 3622 ad
3138 3583 3294 3623 usum
3331 3569 3568 3624 deducta

1981 3670 2086 3716 est.
2124 3659 2345 3716 Fortem
2374 3675 2503 3715 vero
2531 3659 2804 3714 civitatem
2851 3661 2987 3715 dicit
3019 3661 3192 3728 ipsam
3215 3703 3230 3727 ,
3259 3670 3316 3715 ut
3340 3677 3463 3731 quae
3503 3664 3572 3718 ab

1983 3751 2194 3806 inﬁnito
2209 3752 2601 3821 propemodum
2624 3761 2869 3822 tempore
2902 3751 3216 3807 ﬁrmitatem
3245 3755 3570 3824 accepisset,

1981 3857 2106 3913 quae
2140 3843 2422 3898 videretur
2446 3858 2555 3897 non
2589 3858 2753 3912 posse
2781 3844 3042 3914 dirumpi,
3079 3858 3258 3914 neque
3289 3845 3574 3903 timeretur

1983 3952 2224 4009 unquam
2257 3937 2632 3993 dissolvenda.

2051 4027 2123 4081 Et
2161 4028 2515 4098 negotiatores
2573 4037 2728 4080 terra:
2757 4027 2980 4094 flebunt.
3037 4025 3133 4082 Vel
3167 4041 3233 4081 ex
3275 4028 3380 4083 hoc
3440 4029 3566 4084 loco

1980 4121 2172 4190 procul
2195 4119 2367 4174 dubio
2391 4117 2744 4188 intelligenda
2769 4129 2894 4172 sunt
2927 4133 3052 4187 qua:
3085 4118 3310 4174 oraculo
3341 4119 3568 4174 tradun-

1981 4218 2093 4277 tur,
2129 4210 2329 4266 nonde
2359 4208 2652 4280 Babylone,
2672 4223 2779 4262 non
2817 4207 2886 4262 de
2918 4206 3092 4262 Roma
3131 4208 3321 4274 veteri,
3360 4224 3467 4263 non
3501 4209 3570 4264 de

1981 4317 2147 4366 nova,
2183 4316 2363 4370 neque
2403 4301 2472 4356 de
2504 4301 2612 4354 alia
2651 4298 2906 4369 quapiam
2946 4298 3051 4354 alia
3086 4299 3340 4365 civitate,
3376 4300 3470 4355 sed
3499 4300 3569 4356 de

1979 4392 2276 4448 universali
2318 4392 2422 4446 hoc
2446 4389 2787 4460 corruptibili
2827 4389 3033 4445 mundo
3065 4407 3078 4444 :
3117 4389 3172 4444 in
3215 4405 3328 4459 quo
3363 4390 3418 4445 bi
3471 4391 3567 4461 qui

268 4500 466 4554 καιρα
519 4482 952 4552 ἐμπορευόμενοι
1019 4481 1286 4550 κλαυθμῷ
1349 4482 1446 4534 καὶ
1495 4482 1683 4536 πένθει
1731 4481 1874 4534 ἁλώ-

1987 4483 2371 4553 Lemporalibus
2426 4489 2756 4537 exercentur
2803 4481 3304 4552 negotiationibus,
3336 4481 3463 4538 ﬁetu
3502 4497 3570 4538 ac

265 4589 506 4638 σονται,
545 4571 635 4624 ὅτι
689 4572 796 4625 τὸν
847 4573 1036 4640 τόμον
1086 4569 1287 4626 αὐτῶν
1333 4570 1535 4636 οὐδεὶς
1572 4570 1875 4640 ἀγοράσει.

262 4666 472 4734 Γόμον
523 4663 580 4716 δὲ
628 4663 696 4717 τὰ
726 4663 1135 4733 ἐπιτηδεύματα
1170 4663 1345 4732 λέγει,
1383 4663 1514 4734 περὶ
1556 4663 1593 4718 ἃ
1622 4663 1878 4718 εἰώθασιν

258 4759 315 4812 οἱ
355 4757 470 4813 ἄνθ
483 4772 654 4826 ρωποι
681 4754 1130 4827 κατατρίῦεσθαι.
1603 4784 1606 4786 ~

349 4849 582 4903 Οὐκέτι
615 4851 796 4917 τόμον
827 4848 1097 4918 χρυσοῦ,
1141 4850 1236 4902 καὶ
1273 4848 1345 4901 τὰ
1399 4847 1549 4917 ἑξῆς.
1585 4849 1680 4910 Εἰς
1708 4848 1879 4919 γόμον

255 4943 342 4998 τὰ
373 4939 804 5011 ἐπιτηδεύματα
835 4941 1014 5011 φέρει.
1038 4935 1142 4994 Ὧν
1199 4941 1302 5011 τῆς
1331 4941 1622 5011 ἐπικαίρου
1671 4940 1878 5010 ταύτης

256 5034 650 5106 διαρῤυείσης
698 5033 904 5103 βιοτῆς,
957 5033 1080 5086 καθ’
1132 5034 1200 5103 ἦν
1256 5032 1352 5086 καὶ
1393 5034 1426 5103 ἡ
1474 5033 1718 5102 ἐμπορία
1767 5032 1878 5088 τῶν

255 5124 745 5195 ἐπιτηδευμάτων
765 5125 826 5178 τὺ
855 5124 1173 5196 ἔμπρακτον
1201 5124 1564 5195 ἀποφέρεται,
1593 5126 1694 5178 οὐκ
1720 5126 1878 5178 ἀπει-

254 5222 374 5284 κὸς
410 5219 482 5272 τὸ
527 5217 721 5281 πένθος
776 5218 1102 5272 ἐπεισιέναι.
1139 5217 1364 5287 Τιμίαις
1391 5216 1447 5270 δὲ
1476 5216 1629 5281 ὕλαις
1658 5220 1779 5281 ταῖς
1817 5221 1877 5272 ὲν

252 5312 351 5383 τῷ
407 5311 609 5380 κόσμῳ
660 5311 786 5374 τοὺς
817 5309 1143 5382 ὲμϐιοῦντας
1189 5309 1337 5378 αὐτῷ
1359 5308 1616 5378 ἐξομοιοῖ,
1649 5309 1878 5380 ἀργύρῳ

256 5405 384 5477 μὲν
407 5403 514 5457 καὶ
546 5404 755 5474 χρυσῷ,
781 5406 904 5467 τοὺς
936 5403 1151 5474 διαρκεῖ
1183 5405 1248 5473 τῇ
1287 5401 1555 5472 καρτερίᾳ
1586 5404 1712 5466 τοὺς
1751 5422 1876 5458 πει-

257 5495 543 5570 ρασμοὺς
576 5497 950 5564 ὑποφέροντας
978 5499 1070 5549 τοῦ
1102 5495 1239 5565 βίου,
1270 5493 1365 5547 καὶ
1396 5495 1591 5558 αὐτοὺς
1640 5497 1720 5560 είς
1764 5497 1876 5568 πῦρ

249 5587 556 5648 εἰωθότας
609 5587 856 5657 δαπανᾷν
884 5630 898 5654 ,
952 5591 1001 5641 εἰ
1045 5590 1140 5641 καὶ
1186 5584 1512 5659 κρειττόνων
1557 5587 1730 5641 ἐλπίδι
1787 5591 1874 5642 ὲν-

249 5678 586 5742 αολοῦντες
634 5680 697 5732 τὸ
741 5679 1022 5752 ἀλώῧητον
1075 5680 1280 5752 ἔχουσι.
1311 5681 1533 5737 Τοιοῦτο
1561 5682 1670 5752 γὰρ
1706 5682 1799 5735 καὶ
1847 5684 1876 5734 ὁ

252 5771 498 5847 χρυσὸς
534 5773 623 5825 καὶ
657 5774 938 5846 ὁᾶργυρος
967 5775 1097 5845 πρὸς
1138 5773 1197 5827 τὸ
1237 5775 1422 5830 ἕνυλον
1478 5777 1872 5844 ἀποφαίνονται

1982 4572 2130 4628 luctu
2170 4581 2567 4626 consumentur
2591 4611 2608 4637 ,
2665 4573 2792 4642 quia
2829 4587 2961 4624 onus
2991 4587 3172 4624 eorum
3207 4588 3357 4625 nemo
3408 4585 3564 4626 emet.

1981 4663 2133 4719 Onus
2164 4674 2345 4718 autem
2379 4663 2512 4718 dicit
2541 4663 2799 4718 exercitia
2825 4663 2906 4718 vel
2932 4663 3114 4718 studia
3145 4664 3293 4720 circa
3323 4680 3448 4735 quae
3477 4681 3569 4721 so-

1979 4756 2091 4812 lent
2126 4755 2378 4810 homines
2427 4754 2686 4810 continue
2721 4755 2928 4810 versari
2961 4765 3018 4810 et
3069 4755 3122 4809 in
3164 4755 3252 4811 his
3291 4758 3566 4812 consumi.

2051 4849 2217 4919 799
2251 4847 2376 4902 Non
2387 4849 2508 4917 jam
2523 4863 2658 4903 onus
2689 4849 2831 4914 auri,
2858 4857 2962 4903 etc.
2993 4847 3074 4903 Ad
3099 4863 3238 4904 unus
3265 4847 3426 4902 refert
3445 4849 3569 4903 vitae

1981 4941 2162 4997 studia
2185 4979 2201 5004 ,
2234 4941 2302 4994 ad
2355 4956 2479 5010 qua:
2523 4939 2826 4994 verisimile
2853 4949 2939 4994 est
2980 4939 3189 4994 luctum
3228 4938 3438 5008 ingredi
3472 4940 3566 4993 ubi

1980 5034 2296 5098 temporalis
2328 5033 2442 5087 bare
2476 5033 2585 5087 vita
2617 5031 2927 5093 deﬂuxerit,
2964 5032 3030 5085 ad
3067 5045 3228 5098 quam
3263 5030 3566 5101 negotiatio

1979 5124 2150 5180 refert
2197 5124 2495 5179 ellicaciam
2538 5122 2868 5177 studiorum.
2905 5121 3175 5176 Prcﬁosis
3206 5131 3390 5175 autem
3440 5134 3564 5174 ma—

1980 5216 2132 5271 teriis
2163 5231 2285 5284 qua:
2312 5214 2366 5268 in
2395 5212 2601 5268 mundo
2628 5220 2758 5267 sunt
2795 5211 3066 5266 assimilat
3094 5211 3340 5265 viventes
3374 5209 3430 5263 in
3455 5225 3522 5263 co
3546 5224 3561 5262 :

1979 5316 2204 5379 argento
2245 5305 2470 5376 quidem
2501 5314 2556 5359 et
2588 5318 2760 5372 auro,
2791 5317 2885 5357 eos
2911 5302 3006 5372 qui
3056 5300 3280 5357 assidua
3317 5299 3562 5353 toleran-

1981 5401 2053 5454 tia
2109 5399 2233 5453 vita:
2294 5397 2618 5452 tentationes
2671 5405 2726 5450 et
2773 5395 3098 5450 aﬂlictioncs
3147 5393 3449 5455 sustinent,
3499 5406 3564 5446 ac

1981 5497 2194 5562 seipsos
2233 5491 2401 5546 veluti
2447 5489 2516 5544 ad
2563 5490 2743 5559 ignem
2778 5489 2956 5544 solent
3011 5499 3358 5550 consumere,
3391 5500 3560 5554 quan-

1979 5603 2144 5658 quam
2177 5601 2275 5655 spe
2323 5585 2609 5640 meliorum
2659 5592 2928 5638 certantcs
2967 5590 3190 5638 servant
3227 5594 3286 5636 se
3316 5579 3564 5633 illaesos:

1980 5681 2085 5735 hoc
2137 5680 2285 5734 enim
2346 5679 2510 5733 modo
2553 5687 2607 5732 et
2655 5692 2848 5731 aurum
2897 5684 2952 5730 et
3002 5684 3284 5744 argentum
3322 5671 3390 5726 ab
3437 5671 3562 5737 igne

1979 5771 2249 5828 nmeriali
2299 5771 2764 5828 demonstrantur.
2829 5767 3016 5833 Lapidi
3062 5781 3193 5822 vero
3241 5763 3482 5822 trt‘ctioso
3513 5769 3564 5816 ct
