4164 6426
577 358 681 423 7'31

1415 361 1744 421 ARETHE
1780 359 2157 420 ClESARE/E
2193 359 2677 421 CAPPADOCl/E
2722 358 3064 419 EPISCOPI

3729 359 3839 422 732

576 470 911 540 margaritis,
935 485 1032 526 eos
1059 470 1152 540 qui
1178 470 1439 523 virtutum
1476 469 1824 538 possessione
1853 483 1947 538 per
1970 476 2157 522 osten-
2185 517 2190 528 .

2275 466 2393 539 πῦρ.
2426 467 2572 537 Λίθῳ
2602 468 2659 521 δὲ
2688 469 2857 537 τιμίῳ
2910 470 3002 521 καὶ
3049 466 3417 539 μαργαρίταις
3440 508 3453 531 ,
3485 468 3608 530 τοὺς
3638 468 3841 521 ἐπιδει-

578 563 839 617 tationem
922 564 1261 625 abutuntur,
1337 562 1432 628 qui
1502 561 1706 631 impetu
1780 562 2156 616 calamitatum

576 654 923 721 Splendorcm
948 653 1326 707 debilitarunt.
1360 651 1533 721 Bysso
1569 667 1699 707 vero
1731 661 1787 707 et
1817 668 2073 721 purpura:
2097 665 2161 705 ac

582 746 685 799 tilis
729 744 954 808 sericis,
982 758 1077 797 eos
1106 745 1196 813 qui
1235 744 1338 798 sub
1374 744 1594 798 Christo
1630 745 1891 799 virtutum
1933 744 2161 800 ﬂoribus

578 836 933 888 udoruantur.
990 832 1211 903 Ligneis
1261 844 1445 889 autem
1505 835 1654 890 vasis
1704 844 1758 889 et
1808 835 1874 891 iis
1925 850 2046 905 qua;
2094 852 2160 891 ex

584 926 729 993 ligno
752 926 1153 994 pretiosissimo
1184 926 1379 996 tbyino
1403 936 1531 981 sunt
1567 937 1622 982 et
1649 942 1712 982 ex
1741 927 1907 982 ebore
1929 938 1981 981 et
2006 928 2161 982 cina-

584 1032 803 1083 momo,
831 1032 926 1073 eos
954 1018 1047 1087 qui
1083 1020 1374 1090 peregrino
1413 1021 1538 1075 vita:
1588 1022 1851 1076 exercitio
1892 1022 2165 1092 vulgoque

585 1110 864 1180 incognito
910 1122 1141 1167 utuntur
1194 1131 1207 1167 :
1247 1124 1300 1167 at
1334 1115 1677 1171 manilestata
1718 1117 1985 1171 bonorum
2035 1132 2166 1187 ope-

584 1222 704 1260 rum
738 1209 1070 1270 suavissima
1106 1209 1466 1281 I'umigatione
1516 1214 1856 1283 spiritualem
1887 1216 2166 1284 accipiunt

580 1299 847 1363 laetitiam,
888 1300 1149 1369 majorem
1182 1317 1346 1370 quam
1378 1304 1484 1359 dici
1510 1305 1707 1374 possit,
1750 1306 2023 1375 simulque
2066 1322 2167 1362 nec

586 1390 696 1458 igni
732 1390 951 1444 invidiae
989 1392 1241 1446 consumi
1280 1404 1541 1463 possunt,
1572 1396 2034 1465 quemadmodum
2070 1413 2166 1451 nc-

582 1498 688 1550 que
716 1483 1089 1537 cinamomum
1123 1484 1231 1554 igni
1266 1487 1556 1541 materiali.
1598 1486 1769 1541 Porro
1796 1488 1889 1543 teri
1919 1496 1973 1543 et
2019 1488 2166 1544 ferro

583 1590 647 1628 ac
682 1576 977 1640 marmori,
1015 1575 1139 1631 illos
1182 1578 1274 1647 qui
1308 1593 1444 1632 auro
1488 1580 1705 1648 quidem
1750 1580 1961 1636 similes
2000 1590 2167 1649 sunt,

585 1665 677 1720 sed
707 1666 890 1721 notbis
920 1682 984 1721 ac
1034 1668 1334 1738 illegitimis
1380 1678 1610 1725 utuntur
1640 1671 1866 1738 divitiis,
1901 1674 2166 1742 quemad—

588 1758 811 1812 modum
834 1759 998 1812 etiam
1025 1758 1229 1814 ferrum
1260 1760 1603 1828 splendorem
1631 1762 1815 1827 habet,
1845 1773 1899 1817 et
1922 1780 2167 1819 marmor

590 1850 923 1914 firmitatem,
955 1867 1189 1921 quorum
1221 1854 1467 1908 omnium
1518 1855 1660 1924 ignis
1690 1855 2011 1925 probativus
2054 1866 2162 1922 est,

586 1952 640 1995 et
676 1941 749 1997 ita
801 1958 894 2012 per
942 1943 1119 2013 ignem
1173 1945 1416 2013 praebent
1465 1947 1548 2001 sui
1589 1948 1992 2015 probationem.
2030 1947 2167 2004 Olco

588 2049 718 2086 vero
751 2049 815 2088 ac
850 2034 977 2087 vino
1004 2044 1057 2088 et
1088 2036 1281 2091 similae
1310 2052 1376 2092 ac
1407 2038 1611 2104 tritico,
1645 2039 1768 2095 illos
1803 2041 1897 2110 qui
1929 2042 1981 2095 in
2026 2042 2167 2096 hila-

590 2126 748 2179 ritate
790 2141 854 2180 ac
880 2126 1125 2195 jucundo
1166 2128 1363 2183 anima:
1402 2140 1545 2185 statu
1576 2132 1701 2185 vitze
1748 2133 1971 2203 pelagus
2014 2134 2167 2204 traji-

587 2213 760 2266 ciunt.
805 2210 1013 2269 Ovibus
1062 2226 1243 2270 autem
1302 2232 1367 2272 ac
1399 2218 1665 2289 jumentis
1703 2222 2084 2278 assimileutur
2114 2224 2168 2279 hi

587 2303 680 2370 qui
718 2303 984 2359 immensa
1017 2306 1113 2361 Dei
1152 2308 1554 2375 misericordia,
1590 2320 1649 2367 ut
1692 2313 1771 2367 ait
1816 2313 2021 2381 David,
2063 2316 2172 2372 sal-

586 2406 807 2451 vantur.
844 2397 1015 2468 Equis
1056 2414 1187 2454 vero
1232 2409 1285 2454 ct
1339 2402 1609 2458 vehiculis
1658 2420 1751 2474 per
1802 2405 1901 2461 bos
1950 2409 2169 2472 tractis,

586 2500 711 2551 quae
749 2488 918 2541 veteri
954 2504 1087 2544 voce
1115 2489 1350 2561 άγγαροι
1396 2491 1741 2560 dicebantur,
1776 2495 1949 2553 Graeci
1988 2510 2169 2555 autem

586 2576 880 2644 δημοσίους
913 2578 1327 2649 ἱπποστάθμους
1351 2585 1650 2652 appellant,
1678 2585 1870 2643 Latina
1907 2606 2035 2646 vero
2069 2608 2172 2647 vox

588 2674 673 2719 est
708 2667 897 2733 rheda,
928 2669 1073 2724 unde
1126 2681 1180 2726 et
1238 2674 1525 2730 rltedarius
1560 2676 1684 2730 trita
1730 2678 1897 2733 dictio
1919 2689 2022 2745 cst,
2052 2683 2174 2739 ideo

591 2773 812 2827 quoque
850 2759 939 2814 hic
993 2762 1164 2817 dictio
1209 2765 1503 2820 rltedarnm
1548 2779 1829 2840 assumpta
1876 2782 1994 2838 est,
2050 2774 2174 2831 illos

594 2852 905 2918 signiﬁcare
935 2854 1053 2907 vult
1083 2856 1177 2921 qui
1206 2857 1347 2911 viam
1379 2858 1762 2915 mandatorum
1806 2862 2020 2921 Domini
2050 2881 2176 2922 cur-

594 2953 809 3011 rentes,
844 2946 975 3017 ipsis
1011 2950 1272 3020 operibus
1310 2951 1544 3008 Domino
1577 2954 1893 3011 decantant.

2262 561 2465 625 κτικῶς
2507 562 2576 631 τῇ
2624 563 2744 614 κατ’
2766 562 2971 633 ἀρετὴν
3000 562 3192 631 κτήσει
3221 562 3666 632 ἁποχρωμὲνους,
3699 562 3749 616 οἳ
3771 565 3835 633 τῇ

2263 653 2372 707 τῶν
2390 653 2771 722 περιστάσεων
2791 654 2963 724 ἐφόδῳ
2985 653 3045 707 τὸ
3063 652 3317 724 λαμπρὸν
3344 653 3815 724 ἀημόλὺνθησαν

2262 743 2454 814 Βύσσῳ
2469 744 2526 797 δὲ
2542 746 2637 797 καὶ
2650 744 2828 815 πορφύ
2839 761 2906 815 pg:
2924 746 3135 807 καὶτοῖς
3153 745 3260 798 ἀπὸ
3276 744 3458 815 σηρῶν
3474 746 3538 815 νή
3548 762 3700 813 μασι,
3714 747 3838 809 τοὺς

2264 834 2359 888 ἐπὶ
2388 834 2609 905 Χριστῷ
2636 835 2713 905 τῷ
2746 836 2894 889 ἄνθει
2927 836 3035 890 τῶν
3064 838 3476 907 ἐπαινουμένων
3502 837 3837 906 καλλυνομὲ-

2262 944 2404 991 νους.
2426 927 2669 991 Ξυλίνοις
2697 927 2753 980 δὲ
2779 928 2999 982 σκεύεσι
3019 929 3241 991 καὶτοῖς
3257 930 3323 983 ἐκ
3352 928 3510 992 ξύλου
3530 928 3626 982 τοῦ
3646 947 3838 999 τιμιω-

2263 1017 2429 1073 τάτου
2475 1019 2659 1074 θυῖνου
2706 1020 2802 1073 καὶ
2852 1021 3151 1091 ἐλέφαντος
3182 1020 3280 1074 καὶ
3325 1020 3667 1091 κιναμώμου,
3712 1022 3839 1084 τοὺς

2265 1112 2654 1185 ἀποξενωμωῃ
2687 1116 2752 1183 τῇ
2776 1112 2869 1166 τοῦ
2904 1113 3020 1183 βίου
3061 1114 3293 1178 ἀσκήσει
3331 1114 3427 1166 καὶ
3464 1115 3577 1177 τοῖς
3626 1114 3839 1177 πολλοῖς

2266 1202 2616 1272 ἀνεπιφάντῳ
2669 1203 3074 1273 χρησαμένους,
3150 1204 3557 1274 φανερωθέντος
3614 1204 3671 1257 δὲ
3744 1204 3838 1258 τοῦ

2266 1294 2484 1363 ἡδίστου
2510 1294 2684 1364 ἀτμοῦ
2710 1294 2819 1348 τῶν
2855 1296 3316 1366 κατορθωμάτων,
3348 1295 3689 1366 εὐφροσύνην
3732 1296 3838 1349 οὐδ’

2266 1386 2399 1455 ὅσην
2430 1387 2605 1439 εἰπεῖν
2649 1386 3059 1451 καταλαϐόντας
3100 1388 3481 1458 πνευματικήν
3504 1429 3521 1453 ,
3580 1388 3718 1457 μετὰ
3746 1388 3843 1440 τοῦ

2270 1479 2406 1550 μηδὲ
2448 1480 2582 1550 πυρὶ
2622 1479 2818 1549 φθόνου
2863 1480 3067 1535 ἁλῶναι
3095 1482 3240 1544 οἴους
3279 1499 3340 1536 τε
3374 1478 3534 1546 εἶναι,
3589 1480 3666 1545 ὡς
3723 1481 3842 1535 οὐδὲ

2269 1570 2404 1639 πυρὶ
2429 1569 2506 1640 τῷ
2534 1569 2706 1641 ὲνύλῳ
2755 1571 3095 1641 κινάμωμον.
3145 1571 3345 1641 Χαλκῴ
3384 1572 3441 1626 δὲ
3492 1570 3588 1625 καὶ
3644 1572 3845 1643 σιδήρῳ

2270 1663 2365 1716 καὶ
2394 1664 2691 1733 μαρμάρῳ,
2720 1662 2848 1727 τοὺς
2887 1664 3219 1734 χρυσωιδεῖς
3273 1664 3397 1735 μὲν,
3441 1664 3582 1735 νόθῳ
3610 1665 3666 1718 δὲ
3698 1683 3842 1735 χρω-

2275 1753 2469 1821 μένους
2500 1752 2580 1823 τῷ
2612 1753 2849 1824 πλούτῳ,
2874 1754 2951 1818 ώς
2984 1756 3080 1807 καὶ
3105 1755 3321 1826 σίδηρος
3340 1755 3404 1809 τὸ
3430 1756 3705 1823 στιλπνὸν,
3750 1758 3845 1809 καὶ

2274 1845 2567 1916 μάρμαρον
2600 1845 2660 1897 τὸ
2692 1846 2942 1916 στερρὸν,
2987 1840 3065 1900 ὧν
3120 1846 3376 1901 ἁπάντων
3423 1848 3486 1902 τὺ
3544 1847 3657 1919 πῦρ
3704 1849 3845 1903 δοκι-

2274 1936 2557 2005 μαστικόν.
2592 1937 2702 1990 Καὶ
2733 1935 2878 1992 οὕτω
2910 1928 3009 2005 μὲν
3041 1938 3110 1992 τὰ
3158 1939 3247 1993 διὰ
3271 1940 3445 2010 πυρὸς
3502 1941 3564 1993 τδ
3604 1940 3845 2011 δοκίμων

2271 2026 2639 2097 παρεχόμενα.
2685 2027 2881 2100 Ἑλαίῳ
2924 2030 2978 2083 δὲ
3018 2030 3113 2084 καὶ
3145 2031 3275 2100 οῐνῳ
3318 2032 3409 2084 καὶ
3449 2032 3726 2101 σεμιδάλει
3754 2034 3847 2085 καὶ

2272 2117 2425 2188 σίτῳ,
2452 2120 2578 2182 τοὺς
2608 2120 2668 2173 ἐν
2703 2119 2981 2191 ἱλαρότητι
3034 2122 3129 2175 καὶ
3191 2121 3413 2193 εὖφρονι
3467 2125 3845 2194 καταστήματι

2270 2208 2451 2280 ψυχῆς
2487 2210 2550 2263 τὸ
2594 2211 2690 2266 τοῦ
2720 2211 2833 2282 βίου
2864 2213 3103 2281 πέλαγος
3149 2214 3593 2285 διανηχομένους.
3634 2216 3848 2287 Προϐά-

2272 2301 2464 2365 τοιςδὲ
2496 2303 2590 2355 καὶ
2616 2303 2840 2373 κτήνεσι
2872 2305 3278 2375 παραϐληθείεν
3330 2306 3380 2357 οι
3438 2306 3519 2376 τῷ
3571 2305 3666 2359 τοῦ
3712 2307 3848 2359 Θεοῦ

2273 2392 2666 2463 άπειροπληθεῖ
2714 2394 2885 2465 ἆλέῳ,
2941 2389 3174 2468 ᾗφησιν
3226 2399 3255 2450 ό
3283 2396 3466 2463 Δαυῖδ,
3525 2394 3845 2467 σωζόμενοι.

2276 2483 2493 2548 Ἵπποις
2536 2484 2592 2538 δὲ
2650 2486 2746 2539 καὶ
2775 2488 2885 2549 τοῖς
2912 2486 3001 2539 διὰ
3028 2486 3235 2540 τούτων
3265 2487 3505 2557 ὀχήμασι
3532 2525 3547 2550 ,
3596 2487 3633 2541 ἃ
3664 2489 3697 2558 ἡ
3745 2504 3850 2541 πα-

2275 2575 2401 2629 λαιὰ
2430 2578 2528 2647 μὲν
2557 2578 2708 2650 φωνὴ
2751 2579 3051 2649 ἀγγάρους,
3113 2580 3145 2649 ἡ
3196 2578 3253 2632 δὲ
3295 2580 3403 2634 τῶν
3446 2579 3714 2650 Ἐλλήνων
3760 2579 3852 2650 δη-

2279 2668 2498 2739 μοσίους
2530 2670 2943 2739 ίπποστάθμους
2969 2711 2984 2738 ,
3031 2671 3065 2741 ή
3101 2670 3156 2724 δὲ
3186 2670 3297 2724 τῶν
3341 2671 3627 2740 Ῥωμαίων
3655 2671 3809 2741 ραίδη
3832 2711 3852 2737 ,

2275 2756 2448 2829 ἀφόὗ
2471 2760 2645 2814 καὶτὸ
2680 2761 2958 2832 ῥαιδάριος
3008 2762 3318 2832 τέτριπται,
3376 2762 3455 2816 διὸ
3488 2762 3767 2816 κάνταῦθα
3792 2763 3851 2815 τὸ

2282 2852 2477 2923 ραεδῶν
2520 2853 2887 2924 παρείληπται
2916 2894 2931 2918 ,
2984 2853 3231 2918 ἐκείνους
3248 2853 3445 2925 δηλοῦν
3490 2853 3739 2924 βούλεται
3800 2855 3854 2909 οἳ

2277 2948 2377 3018 τὴν
2425 2946 2544 3000 ὁδὸν
2573 2946 2681 3000 τῶν
2727 2946 2959 3001 ἐντολῶν
3017 2964 3111 3002 σου
3164 2947 3466 3019 δραμόντες
3526 2948 3849 3018 πρακτικῶς

2278 3036 2693 3108 ᾀσματίζουσιν.

667 3124 732 3178 Et
784 3135 987 3196 tempus
1048 3127 1322 3183 desiderii.
1391 3129 1455 3183 Ἠ
1514 3130 1708 3205 ὀπώρα
1764 3148 1831 3189 ex
1894 3139 2172 3192 communi

2346 3130 2519 3198 Καλὴ
2556 3129 2757 3199 ὀπώρα
2782 3129 2892 3198 τῆς
2918 3130 3253 3200 ἐπιθυμίας.
3325 3131 3582 3203 Ὀπώραν
3631 3134 3727 3185 καὶ
3763 3131 3857 3185 τὸν

593 3219 994 3275 consuetudine
1022 3222 1166 3275 sumi
1192 3223 1330 3278 solet
1354 3238 1454 3293 pro
1482 3234 1730 3295 tempore
1764 3228 1880 3282 sive
1913 3231 2178 3300 temporis

593 3310 1025 3377 opportunitate.
1081 3310 1354 3377 Quoniam
1406 3315 1573 3384 igitur
1625 3332 1654 3371 a
1715 3319 2067 3388 corruptione
2111 3321 2177 3376 ad

594 3398 1066 3471 incorruptionem
1119 3404 1481 3461 inl‘allibiliter
1553 3416 1847 3464 transeunt
1902 3411 2176 3477 humana,

594 3492 764 3561 800
796 3504 941 3548 certe
979 3495 1145 3549 etiam
1177 3512 1298 3566 quae
1332 3499 1397 3552 ad
1429 3501 1835 3569 corruptionem
1878 3502 2175 3567 declinant,

593 3585 758 3639 simul
816 3602 847 3641 e
900 3588 1081 3641 medio
1137 3589 1374 3652 sublata,
1409 3591 1462 3645 in
1522 3601 1693 3646 totum
1736 3592 2013 3649 deﬁcient.
2064 3593 2181 3649 Hoc

596 3690 779 3733 autem
814 3681 867 3733 in
909 3682 1133 3736 civitate
1179 3699 1303 3751 quze
1343 3684 1521 3739 adhuc
1563 3688 1617 3740 in
1658 3687 1915 3755 praesenti
1958 3687 2181 3757 conspi-

595 3771 741 3825 citur
790 3773 1130 3841 impossibile
1176 3784 1259 3829 est
1287 3776 1621 3846 contingere.
1663 3777 1944 3848 Siquidem
1980 3794 2180 3834 secun-

596 3862 726 3915 dum
762 3864 935 3933 magis
961 3874 1014 3919 et
1057 3866 1241 3923 minus
1274 3884 1435 3924 nemo
1475 3871 1667 3925 abnuit
1699 3872 1832 3940 quin
1877 3874 2176 3945 contingat,

597 3952 651 4006 in
692 3961 863 4006 totum
900 3968 1027 4008 vero
1060 3971 1427 4026 nequaquam.

669 4042 872 4109 XVIII,
933 4047 1113 4101 15-19.
1174 4046 1543 4117 Negotiatores
1594 4052 1784 4106 Irarum
1823 4069 2034 4121 rerum,
2086 4057 2177 4126 qui

596 4134 781 4189 divites
813 4136 944 4204 [acti
972 4147 1096 4191 sunt
1153 4140 1218 4192 ab
1259 4156 1344 4203 ea,
1396 4143 1546 4211 longe
1590 4144 1808 4198 stabunt
1846 4158 2060 4216 propter
2103 4150 2173 4201 ti-

596 4243 796 4281 morem
823 4231 1068 4285 tormenti
1097 4233 1233 4300 ejus,
1262 4234 1445 4301 ﬂentes
1477 4244 1526 4288 et
1559 4237 1790 4307 lugentes
1821 4256 1884 4292 ac
1902 4241 2131 4295 dicentes
2156 4258 2175 4294 :

608 4317 718 4380 Vm,
757 4336 852 4385 me,
899 4320 1085 4375 civitas
1118 4323 1219 4376 illa
1258 4341 1449 4392 magna
1479 4342 1596 4396 qua:
1625 4329 1824 4383 amicta
1868 4341 1983 4385 erat
2020 4332 2175 4402 bysso

594 4417 643 4465 et
668 4425 910 4478 purpura
937 4422 990 4466 et
1024 4430 1197 4479 cocco,
1230 4425 1279 4469 et
1308 4415 1569 4472 deaurata
1606 4435 1736 4474 auro
1765 4430 1813 4473 et
1849 4421 2028 4491 lapide
2055 4439 2173 4491 pre-

2280 3220 2471 3290 καιρὺν
2513 3215 2622 3274 οἵδε
2677 3220 2861 3275 καλεῖν
2912 3223 2945 3291 ή
3002 3222 3281 3291 συνήθεια.
3327 3221 3483 3275 Ἐπεὶ
3520 3221 3700 3276 τοίνυν
3747 3223 3859 3275 ἀπὸ

2276 3314 2376 3381 τῆς
2405 3312 2612 3385 φθορᾶς
2633 3316 2715 3377 είς
2747 3314 3063 3385 ἀφθαρσίαν
3100 3318 3413 3386 μεταχωρεῖ
3433 3316 3504 3370 τὰ
3537 3316 3855 3388 ἀνθρώπινα

2277 3404 2764 3475 άπαραλογίστως.
2798 3406 2909 3475 ἄρα
2947 3404 3139 3458 καὶτὰ
3190 3405 3325 3476 πρὸς
3376 3405 3583 3477 φθορὰν
3632 3407 3854 3460 ἀποκλί-

2277 3512 2458 3560 νοντα,
2495 3495 2836 3564 συνεκλιίψει
2861 3495 3227 3563 ἀφανισθέντα
3259 3498 3339 3559 είς
3389 3496 3553 3551 ἅπαν.
3587 3496 3756 3569 Τοῦτο
3799 3498 3855 3549 δὲ

2278 3587 2371 3640 ἐπὶ
2400 3586 2611 3650 πόλεως
2675 3588 2757 3640 ἔτι
2824 3590 2885 3641 ὲν
2942 3587 3021 3657 τῷ
3086 3588 3345 3643 ἐνεστῶτι
3414 3590 3853 3660 ὲνθεωρουμένης

2280 3678 2553 3747 συμϐῆναι
2600 3678 2887 3733 ἀδύνατον.
2934 3680 3092 3734 Κατὰ
3124 3681 3223 3751 μὲν
3267 3680 3456 3751 γὰρτὸ
3502 3681 3705 3751 μᾶλλον
3763 3682 3855 3734 καὶ

2277 3762 2463 3839 ἦττον,
2492 3770 2669 3835 οὐδεὶς
2702 3772 2953 3826 ἀντείποι
2983 3772 3065 3845 μή
3091 3772 3391 3844 συμϐῆναι,
3416 3773 3560 3828 κατὰ
3586 3773 3644 3827 δὲ
3677 3773 3740 3827 τὸ
3766 3773 3846 3837 είς

2279 3862 2447 3928 ἆπαν,
2477 3861 2562 3917 οὔ.

2343 4041 2410 4093 οι
2434 4039 2679 4110 ἔμποροι
2705 4041 2951 4105 τούτων,
2968 4044 3022 4095 οἱ
3040 4042 3500 4110 πλουτήσαντες
3519 4044 3619 4099 ἀπ’
3642 4040 3849 4110 αὐτῆς,

2277 4132 2397 4186 ἀπὸ
2412 4134 2715 4202 μακρόθεν
2741 4134 3077 4200 στήσονται
3110 4136 3209 4190 διὰ
3240 4137 3349 4191 τὸν
3389 4138 3579 4205 φόϐον
3609 4135 3714 4190 τοῦ
3741 4136 3854 4200 ,βα-

2278 4226 2581 4295 σανισμοῦ
2607 4227 2799 4294 αὐτῆς
2846 4230 3185 4294 κλαίοντες,
3227 4228 3324 4283 καὶ
3361 4228 3724 4295 πενθοῦντες
3755 4226 3853 4283 καὶ

2274 4317 2578 4387 λέγοντες·
2617 4320 2785 4383 οὐαὶ,
2822 4321 2981 4382 οὐαὶ,
3008 4321 3046 4386 ἡ
3067 4322 3243 4386 πόλις
3270 4322 3307 4388 ὴ
3335 4320 3592 4391 μεγάλη,
3625 4321 3663 4387 ἠ
3694 4335 3853 4386 περι-

2278 4408 2608 4479 ϐεϐλημένη
2638 4411 2971 4475 βύσσινον,
3025 4412 3124 4465 καὶ
3164 4412 3518 4482 πορφυροῦν
3548 4414 3851 4473 κόκκινον,

592 4505 734 4557 ιὶοεο
782 4516 834 4556 et
880 4509 1216 4575 margaritis,
1279 4513 1404 4579 quia
1444 4528 1550 4564 una
1604 4512 1735 4567 liora
1782 4515 2039 4571 destituta
2099 4530 2179 4574 est

2283 4502 2381 4557 καὶ
2436 4502 2862 4572 κεχρυσωμένη
2915 4506 3146 4572 χρυσίῳ
3181 4505 3279 4558 καὶ
3332 4506 3479 4569 λίθῳ
3513 4504 3704 4573 τιμίῳ,
3756 4502 3854 4556 καὶ

592 4599 764 4650 tantis
804 4599 1025 4653 divitiis.
1081 4600 1145 4652 Et
1197 4604 1364 4655 omnis
1405 4606 1743 4673 gubernator,
1785 4617 1835 4661 et
1880 4612 2050 4665 omnis
2089 4614 2179 4681 qui

599 4688 656 4740 in
700 4689 919 4743 navibus
960 4693 1260 4759 navigabat,
1294 4704 1342 4747 et
1372 4707 1549 4749 nauta:
1574 4707 1622 4750 et
1664 4708 1919 4769 quotquot
1958 4701 2013 4754 in
2039 4705 2181 4757 mari

600 4778 975 4844 operubantur,
1029 4792 1289 4837 steterunt
1345 4788 1532 4853 procul
1581 4797 1630 4842 et
1689 4790 2053 4846 clamauerunt
2101 4795 2180 4847 vi-

603 4871 781 4924 dentes
818 4873 1021 4940 fumum
1066 4878 1296 4931 incendii
1327 4879 1441 4947 ejus
1462 4920 1474 4943 ,
1507 4881 1737 4934 dicentes
1780 4898 1798 4935 :
1832 4882 1961 4946 Qum
1988 4885 2178 4939 similis

598 4964 804 5018 civitati
849 4967 970 5019 huic
1018 4972 1270 5039 magna?
1326 4970 1393 5023 Et
1446 4973 1698 5025 miserunt
1729 4974 1990 5042 pulverem
2026 4992 2182 5045 super

602 5057 780 5123 capita
828 5074 949 5124 sua,
1000 5047 1061 5113 et.
1100 5062 1456 5117 clamareruut
1516 5064 1699 5131 ﬂentes
1747 5074 1795 5119 et
1836 5065 2070 5135 lugentes
2120 5084 2181 5121 nc

602 5148 833 5203 dicentes
862 5167 880 5203 :
915 5150 1025 5217 Vw,
1060 5169 1153 5218 vat,
1183 5154 1368 5207 civitas
1400 5155 1497 5207 illa
1528 5171 1739 5223 magna,
1779 5157 1833 5209 in
1862 5173 1965 5226 qua
1994 5157 2180 5214 divites

602 5241 733 5308 facti
758 5254 879 5298 sunt
910 5263 1086 5300 oumes
1120 5249 1209 5314 qui
1239 5246 1500 5301 habebant
1526 5265 1681 5301 naves
1708 5251 1762 5303 in
1802 5252 1940 5305 mari
1965 5252 2028 5306 de
2060 5269 2182 5321 pre-

604 5334 679 5387 tio
709 5334 843 5403 ejus,
876 5338 1128 5403 quoniam
1157 5353 1263 5391 una
1293 5337 1424 5391 hora
1452 5341 1693 5394 desolata
1723 5353 1821 5396 est.

684 5600 1063 5673 Negotiatorcs
1091 5605 1424 5676 intelligendi
1461 5618 1591 5663 sunt
1626 5608 1823 5665 divina:
1854 5618 2179 5678 potestates,

612 5708 706 5749 aut
755 5698 1028 5753 dmrnoucs
1083 5710 1436 5768 cooperantes
1495 5717 1604 5755 una
1645 5716 1769 5755 cum
1803 5700 1959 5755 coelis
2016 5699 2082 5753 ad
2134 5700 2183 5755 id

609 5789 757 5853 quod
789 5790 986 5859 cuique
1016 5792 1332 5849 delectabile
1361 5804 1462 5851 est.
1501 5795 1729 5850 Eminus
1770 5804 1951 5849 autem
1983 5794 2181 5864 cuique

2279 4596 2696 4663 μαργαρίταις·
2755 4595 2845 4649 ὅτι
2878 4590 2985 4665 μιᾷ
3012 4595 3133 4666 ὥρᾳ
3160 4597 3443 4665 ἠρημώθη
3494 4600 3525 4650 ό
3568 4596 3858 4659 τοσοῦτος

2280 4687 2566 4753 πλοῦτος.
2593 4688 2702 4741 Καὶ
2724 4686 2846 4754 πᾶς
2884 4689 3288 4757 κυϐερνήτης,
3329 4690 3428 4744 καί
3463 4686 3583 4753 πᾶς
3618 4684 3859 4741 ἐπὶτῶν

2280 4779 2511 4831 πλοίων
2535 4778 2760 4841 πλέων,
2796 4780 2893 4833 καὶ
2938 4780 3150 4834 ναῦται
3173 4782 3269 4834 καὶ
3300 4781 3435 4835 ὅσοι
3481 4780 3597 4847 τὴν
3633 4779 3859 4835 θάλασ-

2281 4884 2404 4922 σαν
2438 4867 2779 4938 ἐργάζονται
2801 4908 2817 4933 ,
2877 4868 2998 4924 ἀπὸ
3040 4872 3344 4941 μακρόθεν
3395 4874 3696 4937 ἔστησαν,
3760 4869 3856 4923 καὶ

2280 4960 2546 5028 ἔκραζον,
2578 4960 2921 5027 βλέποντες
2956 4962 3065 5016 τὸν
3121 4966 3358 5017 καπνὸν
3401 4961 3509 5031 τῆς
3540 4961 3862 5031 πυρώσεως

2282 5052 2491 5122 αὐτῆς,
2508 5054 2820 5123 λέγοντες·
2866 5055 2959 5121 Τίς
2981 5056 3152 5124 όμοια
3185 5054 3267 5124 τῇ
3296 5057 3470 5109 πόλει
3499 5053 3570 5122 τῇ
3598 5051 3860 5122 μεγάλω

2284 5148 2392 5203 Καὶ
2423 5148 2645 5201 ἔϐαλον
2683 5147 2836 5216 χοῦν
2863 5147 2964 5201 ἐπὶ
3010 5148 3118 5213 τὰς
3170 5148 3440 5216 κεφαλὰς
3471 5149 3552 5201 αὐ
3569 5143 3704 5207 τῶν,
3761 5141 3860 5196 καὶ

2284 5237 2529 5306 ἔκραζον
2560 5242 2874 5304 κλαίοντες
2889 5239 2986 5292 καὶ
3018 5238 3382 5305 πενθοῦντες
3412 5238 3509 5291 καὶ
3536 5237 3817 5305 λέγοντες
3842 5251 3857 5265 ·

2280 5333 2448 5398 Οὐαὶ,
2484 5333 2639 5397 οὐαὶ,
2674 5333 2714 5400 ἡ
2774 5336 2955 5399 πόλις
2986 5334 3023 5400 ἡ
3065 5332 3322 5403 μεγάλη,
3368 5333 3438 5385 ἐν
3474 5326 3513 5403 ᾖ
3564 5331 3862 5395 ἐπλούτη-

2285 5442 2407 5479 σιιν
2453 5424 2677 5491 πάντες
2705 5427 2759 5479 οι
2794 5426 3040 5493 ἔχοντες
3066 5424 3249 5478 πλοῖα
3280 5424 3350 5477 ὲν
3376 5423 3451 5492 τῇ
3484 5424 3763 5490 θαλάσσῃ
3793 5421 3862 5473 ἐκ

2285 5518 2397 5587 τῆς
2432 5521 2763 5588 τιμιότητος
2782 5517 2991 5586 αὐτῆς,
3019 5518 3108 5571 ὅτι
3130 5516 3238 5587 μιᾷ
3262 5517 3383 5588 ὥρᾳ
3419 5516 3717 5586 ἠρημώθη.

2372 5611 2681 5682 Ἐμπόρους
2717 5610 2978 5676 δυνάμεις
3014 5610 3249 5679 θείας,ἢ
3296 5610 3559 5679 δαίμονας
3618 5607 3859 5676 νοητέον,

2287 5706 2337 5758 οἳ
2373 5704 2626 5774 συνεργοὶ
2656 5707 2770 5766 τοῖς
2803 5705 3073 5773 οὐρανοῖς,
3119 5703 3255 5772 πρὸς
3294 5702 3430 5770 ὅπερ
3462 5701 3754 5769 ἑκατέρους
3799 5698 3863 5751 τὸ

2292 5797 2646 5868 καταθύμιον.
2673 5796 2962 5869 Πόρρωθεν
2996 5796 3051 5848 δὲ
3087 5795 3293 5858 τούτοις
3324 5794 3616 5864 ἑκατέραή
3651 5792 3862 5857 στάσις,
