4164 6448
423 398 530 461 733

1485 403 1867 466 COMMENT.
1914 407 1993 466 ΙΝ
2035 407 2562 468 APOCALYPSIN.

3581 405 3685 470 734

425 509 581 578 φησὶ,
621 507 710 562 διὰ
736 505 828 561 τὸν
853 507 1039 577 φόϐον.
1075 509 1218 561 Ἀλλ’
1243 508 1468 577 ἄγγελοι
1499 511 1632 581 μὲν,
1677 512 1764 567 διὰ
1796 512 1855 566 τὸ
1906 513 1998 566 τοῦ

2111 515 2307 568 horum
2361 513 2679 583 assignatur
2736 512 2903 569 statio
2963 522 3188 582 propter
3243 512 3536 577 timorem,
3590 519 3683 570 sed

427 600 614 671 κριτοῦ
645 601 938 670 αὐστηρὸν,
965 600 1102 671 ὅπερ
1141 602 1172 670 ή
1214 600 1322 653 τῶν
1362 602 1706 672 ἁμαρτωλῶν
1750 604 2005 658 ἀπείθεια

427 691 848 761 προευπόρισεν.
904 690 1008 743 Τὸν
1061 690 1226 759 φόϐον
1274 691 1331 744 δὲ
1366 695 1478 756 τοῖς
1516 693 1765 762 δαίμοσιν
1817 695 1851 764 ή
1887 711 2004 748 κοι-

423 785 593 839 νωνία
619 783 727 838 τῶν
758 782 1102 854 ἁμαρτωλῶν
1126 784 1226 854 τῆς
1256 786 1527 856 τιμωρίας
1557 787 1871 858 ὲμποιήσει.

497 963 663 1029 οὐαὶ,
711 963 867 1028 οὐαί,
918 965 957 1032 ἠ
993 964 1172 1031 πόλις
1202 966 1240 1034 ἡ
1289 966 1544 1038 μεγάλη,
1592 969 1630 1037 ἡ
1660 971 2004 1038 περιϐεϐλη-

425 1055 572 1123 μένη
595 1057 933 1119 βύσσινον.
977 1057 1111 1110 Ἀπὸ
1136 1056 1244 1110 τῶν
1268 1059 1562 1129 γνωρίμων
1584 1060 1692 1113 τῶν
1721 1063 1916 1128 ὲφυστε
1927 1078 2006 1130 ρι-

427 1149 628 1212 ζόντων
683 1148 1040 1219 παρέχειτὴν
1089 1149 1313 1218 γνῶσιν.
1377 1151 1531 1204 Ἐπεὶ
1581 1147 1674 1205 οῦν
1725 1151 2004 1223 γνώριμος

427 1241 704 1309 Βαϐυλὼν,
730 1240 910 1312 πολλῷ
942 1240 1277 1312 ὲξυϐρίσασα
1309 1241 1542 1313 πλούτῳ,
1595 1244 1687 1296 ὑπ’
1726 1243 1850 1314 ὄψιν
1878 1244 2004 1312 ἄγει

425 1334 491 1385 τά
522 1332 693 1401 πάθη,
725 1332 814 1387 διὰ
832 1330 928 1386 τοῦ
975 1331 1063 1385 ἐπ’
1097 1332 1232 1404 αὑτῇ
1266 1332 1537 1403 βασιλείου
1563 1334 1776 1405 θρόνου,
1808 1334 1870 1389 τὸ
1914 1335 2004 1405 μὲο

429 1421 588 1496 γεθος
618 1421 950 1490 ὑπογράφων
978 1420 1081 1490 τῆς
1136 1421 1443 1492 συμφορᾶς.
1480 1423 1589 1482 Καὶ
1621 1424 1682 1476 οὑ
1719 1423 1879 1493 μόνον
1925 1406 2004 1495 τῷ

428 1512 644 1584 πλούτῳ
674 1513 911 1584 παριστᾷ
938 1516 1034 1567 καὶ
1059 1515 1126 1584 τῇ
1163 1513 1355 1566 τούτου
1386 1513 1634 1586 ἀπωλείᾳ
1671 1513 1730 1567 τὸ
1761 1514 1958 1580 πένθος
1985 1554 2001 1580 ,

427 1605 678 1659 ἀλλὰκαὶ
726 1605 803 1674 τῷ
854 1607 1008 1676 τάχει
1060 1606 1162 1676 τῆς
1195 1605 1514 1678 διαφθορᾶς,
1569 1607 1662 1660 τὸν
1695 1606 1755 1673 ἐξ
1807 1608 2003 1672 αἰῶνος

426 1696 654 1750 πλοῦτον
687 1697 902 1767 ἡμέρας
958 1697 1220 1768 βραχείας
1274 1695 1354 1768 τῷ
1402 1698 1732 1769 διαστήματι
1786 1700 2001 1753 ἀποῖω-

423 1788 672 1843 λεκυῖαν.
715 1788 779 1842 Ἦ
810 1788 919 1860 γὰρ
945 1788 1038 1841 τοῦ
1079 1789 1286 1858 Κυρίου
1314 1788 1541 1859 δευτέρα
1591 1790 1888 1860 παρουσία,
1926 1792 2001 1854 ὼς

2107 606 2314 677 angelis
2358 605 2578 673 quidem
2620 614 2842 675 propter
2881 603 3086 672 judieis
3136 603 3478 658 severitatem
3521 620 3684 674 quam

2105 705 2459 766 peccatorum
2503 695 2859 750 incredulitas
2910 695 3238 764 praeparavit
3285 711 3299 748 :
3347 693 3686 750 daemonibus

2105 803 2236 844 vero
2277 788 2530 853 timorem
2568 788 2823 843 immittet
2867 785 3214 857 participatio
3263 786 3517 856 supplicii
3562 802 3684 856 pec-

2105 888 2380 936 calorum.

2182 971 2309 1040 Vw,
2366 987 2479 1037 vce,
2537 971 2722 1025 civitas
2763 969 2861 1024 illa
2915 986 3107 1039 magna
3166 985 3284 1040 qua:
3329 969 3528 1023 amicta
3571 978 3686 1023 erat

2105 1060 2281 1131 bysso.
2340 1062 2424 1117 Ab
2460 1062 2546 1118 his
2593 1075 2718 1131 quae
2765 1069 2896 1115 nota
2935 1071 3064 1116 sunt
3101 1061 3270 1116 tradit
3317 1075 3508 1116 eorum
3547 1060 3683 1116 noti-

2105 1153 2236 1208 tiam
2267 1169 2390 1224 quae
2461 1164 2589 1210 sunt
2636 1154 2692 1207 in
2743 1163 3022 1224 posterum
3076 1163 3493 1223 superventura.
3535 1154 3685 1219 Quo-

2104 1244 2251 1300 niam
2310 1244 2474 1315 igitur
2527 1253 2716 1298 notum
2770 1244 3032 1313 estquod
3073 1242 3310 1314 Babylon
3371 1243 3685 1307 divitiarum

2105 1337 2486 1407 magnitudine
2519 1335 2817 1390 lascivierit
2846 1353 2861 1389 :
2901 1334 3002 1390 sub
3036 1335 3227 1390 oculos
3255 1333 3407 1388 ducit
3438 1332 3684 1398 aﬂ‘ertus,

2105 1443 2202 1497 per
2235 1429 2496 1484 thronum
2545 1427 2752 1498 regium
2790 1426 2935 1496 quod
2983 1426 3039 1480 in
3081 1426 3198 1496 ipsa
3231 1433 3388 1492 erat,
3418 1425 3681 1494 magnitu-

2105 1519 2288 1576 dinem
2313 1517 2632 1574 describens
2665 1517 3015 1582 calamitatis;
3052 1530 3154 1571 uec
3187 1515 3362 1570 solum
3415 1530 3512 1586 per
3545 1515 3683 1569 divi-

2106 1612 2210 1667 tias
2255 1625 2559 1681 earumque
2605 1609 2966 1680 perditionem
3026 1608 3232 1661 luctum
3270 1607 3544 1668 ostendit,
3593 1606 3685 1661 sed

2105 1700 2268 1756 etiam
2307 1701 2595 1756 velocitate
2637 1699 2810 1770 ipsius
2844 1699 3174 1754 calamitatis
3207 1696 3392 1767 :quod
3433 1695 3632 1750 divitiae
3657 1711 3686 1750 a

2104 1793 2306 1849 saeculo
2339 1803 2678 1864 congregatae
2711 1793 2955 1847 brevium
2987 1788 3198 1845 dierum
3235 1787 3520 1843 intervallo
3566 1802 3684 1857 per-

421 1878 712 1948 ἀστραπῆς
741 1867 1096 1945 ἐπελεύσεται
1121 1880 1307 1952 τάχος,
1326 1879 1416 1934 τὸν
1441 1881 1782 1953 πολύμοχθον
1808 1882 1998 1953 ἀφανί-

2114 1887 2298 1942 ierint.
2372 1862 2676 1950 Secundus}
2735 1883 2880 1939 cnim
2943 1881 3159 1937 Domini
3217 1881 3487 1936 adventus
3549 1878 3687 1932 sicut

421 1969 588 2035 ζουσα
619 1971 754 2041 βίον.

491 2151 601 2207 Kal
639 2151 759 2220 πᾶς
795 2154 1187 2224 κυϐερνήτης,
1215 2155 1316 2210 καὶ
1340 2155 1458 2223 πᾶς
1480 2156 1579 2211 ἐπὶ
1612 2155 1731 2211 τῶν
1769 2159 2002 2213 πλοίων

420 2247 644 2300 πλέων.
683 2245 1228 2320 Θαλάσσῃτροπικῶς
1256 2252 1284 2304 ό
1311 2248 1504 2322 παρὼν
1531 2249 1646 2322 βίος
1677 2252 1998 2326 παρεϐλήθη

419 2335 498 2399 ὼς
518 2335 731 2401 πολλοῖς
762 2339 858 2392 κα)⁸
900 2339 1064 2402 αὐτὸς
1089 2340 1382 2412 πράγμασι
1427 2343 1851 2412 κυμαινόμενος,
1895 2345 2002 2398 ὑπὸ

419 2427 698 2500 πνεύμασι
718 2427 954 2497 μάλιστα
981 2427 1304 2500 δαιμονικῆς
1341 2429 1628 2500 ἐπηρείας,
1661 2430 1898 2494 Εἰκότως
1944 2431 2000 2484 δὲ

424 2517 524 2571 καὶ
580 2517 743 2571 πλοῖα
787 2519 846 2571 ὲν
887 2519 1039 2590 αὐτῷ
1079 2520 1462 2591 ὑπειλήφαμεν
1489 2520 1590 2584 τὰς
1623 2519 1731 2574 τῶν
1765 2523 1999 2592 ἐπισυμ-

419 2607 716 2664 ϐαινόντων
732 2611 1072 2681 πραγμάτων
1097 2612 1388 2681 ἐπιφορὰς,
1412 2607 1501 2675 αἶς
1525 2611 1676 2666 ὠσπε
1687 2612 1768 2682 ρει¹
1793 2611 2000 2676 πλοίοις

419 2700 701 2772 ἄνθρωποι
732 2704 1109 2774 χρώμενοι,τὸ
1136 2706 1236 2774 τῆς
1257 2703 1470 2758 ἑαυτῶν
1500 2704 1648 2774 ζωῆς
1681 2704 2000 2759 διαπλέουσι

419 2794 676 2860 πέλαγος.
721 2795 1080 2867 κυϐερνήτας
1131 2795 1210 2863 δὲ,
1267 2796 1489 2860 τούτους
1522 2795 1818 2866 λογιστέον,
1873 2797 2000 2862 τοὺς

417 2885 674 2958 ἀσφαλῶς
693 2885 770 2961 τῷ
795 2887 894 2961 βίῳ
916 2889 1251 2962 χρωμένους.
1275 2889 1495 2954 Ναύτας
1510 2889 1567 2944 δὲ
1590 2891 1684 2946 καὶ
1707 2890 2001 2963 πλωτῆρας

416 2984 512 3034 καὶ
546 2980 865 3045 θαλαττίους
886 2978 1145 3052 ἐργάτας,
1200 2981 1292 3047 οὒς
1344 2983 1436 3036 καὶ
1467 2981 1793 3047 θαλαττίους
1829 2984 1996 3054 σοφός

416 3090 500 3136 τις
533 3074 670 3144 ἐρεῖ,
706 3074 834 3137 τοὺς
873 3074 1004 3144 περὶ
1041 3075 1110 3127 τὰ
1143 3073 1239 3127 τοῦ
1275 3074 1653 3144 πολυκύμονος
1707 3073 1862 3128 τοῦδε
1901 3074 1997 3129 τοῦ

2104 1978 2289 2049 fulgur
2317 1977 2498 2034 subito
2527 1977 2728 2042 veniet,
2754 1975 2846 2045 qui
2871 1975 3038 2029 vitam
3067 1973 3350 2028 laboribus
3379 1988 3442 2026 ac
3471 1971 3687 2041 ﬂagitiis

2100 2071 2316 2140 plenam
2348 2084 2380 2124 e
2417 2068 2600 2124 medio
2636 2068 2810 2122 tollat.
2872 2113 2874 2116 ,

2177 2161 2246 2215 Ει
2273 2162 2443 2215 omnis
2471 2160 2816 2232 gubernator,
2837 2169 2885 2214 ct
2917 2160 3088 2213 omnis
3119 2159 3208 2228 qui
3249 2157 3302 2210 in
3333 2155 3555 2210 navibus
3590 2170 3686 2208 na-

2103 2251 2334 2321 vigabat.
2376 2250 2627 2306 Praesens
2658 2253 2770 2305 vita
2811 2248 2951 2304 mari
2989 2249 3196 2319 tropice
3233 2253 3551 2314 comparata
3582 2251 3686 2308 est,

2100 2345 2261 2416 801
2328 2352 2387 2398 ut
2438 2357 2560 2412 quae
2607 2342 2794 2396 multis
2845 2352 2901 2396 et
2937 2340 3052 2410 ipsa
3120 2338 3355 2409 negotiis
3420 2337 3685 2396 inumh-t,

2102 2436 2345 2492 maxime
2395 2449 2425 2489 a
2471 2433 2759 2504 spiritibus
2812 2430 3137 2487 daemoniaci
3189 2429 3447 2484 insullus.
3497 2425 3686 2482 Merito

2103 2538 2288 2583 autem
2315 2532 2370 2582 et
2400 2526 2614 2596 navigia
2642 2539 2763 2595 quae
2791 2523 2845 2578 in
2883 2538 2949 2578 eo
2981 2531 3110 2578 sunt
3147 2521 3459 2590 accepimus
3514 2521 3684 2589 impe-

2103 2628 2194 2674 tus
2241 2615 2748 2688 supervenientium
2805 2613 3188 2684 negotiorum,
3256 2612 3457 2681 quibus
3518 2609 3684 2664 veluti

2103 2711 2335 2780 navigiis
2360 2709 2610 2764 homines
2637 2715 2876 2773 utentes,
2909 2721 3003 2776 per
3027 2705 3151 2758 vita:
3190 2719 3303 2758 suae
3335 2703 3557 2774 pelagus
3591 2718 3685 2755 na-

2104 2806 2312 2875 vigant.
2367 2803 2778 2859 Gubernatores
2835 2813 2966 2855 vero
3024 2797 3358 2868 intelligendi
3409 2806 3537 2851 sunt
3591 2797 3685 2865 qni

2102 2899 2310 2970 absque
2343 2897 2593 2969 periculo
2631 2894 2743 2950 vita
2793 2900 3042 2949 utuntur.
3080 2889 3270 2946 Nanta:
3294 2897 3476 2944 autem
3510 2896 3564 2944 et
3596 2903 3686 2942 vc-

2101 3000 2283 3046 ctores
2312 3005 2378 3046 ac
2425 2990 2628 3044 marini
2677 2985 2937 3056 operarii,
2972 2999 3115 3054 quos
3162 2983 3326 3037 etiam
3368 2979 3686 3042 θαλαττίους

2102 3083 2326 3154 sapiens
2356 3083 2580 3154 quidam
2610 3079 2869 3150 appellat,
2912 3075 3161 3131 homines
3201 3081 3332 3128 sunt
3363 3072 3416 3126 in
3454 3072 3557 3126 hoc
3589 3070 3685 3123 ﬂu-

415 3165 625 3235 κόσμου
658 3165 1014 3236 κεκμηκότας
1043 3165 1387 3237 ἀνθρώπους,
1419 3165 1472 3220 οἳ
1503 3167 1707 3231 πάντες
1754 3167 1816 3221 τὸ
1854 3167 1997 3222 ἀπα-

2101 3177 2311 3232 ctuanti
2363 3175 2571 3228 mundo
2620 3169 2842 3235 defessi,
2881 3169 2973 3239 qui
3013 3182 3206 3223 omnes
3241 3163 3584 3220 infallibilem
3633 3171 3685 3216 et

421 3258 747 3327 ραλόγιστον
801 3258 898 3313 καὶ
953 3257 1174 3322 πάντως
1206 3258 1466 3328 ἐσόμενον
1500 3257 1594 3314 τοῦ
1640 3259 1758 3330 βίου
1802 3260 1996 3314 τούτου

2101 3266 2323 3320 omnino
2381 3263 2627 3326 futurum
2679 3261 2845 3330 hujus
2903 3260 3023 3313 vita
3081 3256 3376 3311 terminum
3433 3253 3684 3308 conside-

416 3349 573 3413 τέλος
602 3349 984 3420 ἐννοηθέντες,
1039 3352 1133 3404 καὶ
1185 3352 1317 3422 πρὶν
1363 3352 1585 3422 ἐπιστῇ,
1635 3348 1994 3421 ἐφυλάξαντο.

415 3441 588 3496 Τοῦτο
610 3443 717 3513 γὰρ
745 3442 808 3495 τὸ
835 3443 1108 3513 μακρόθεν
1161 3443 1387 3497 ἑστᾶναι
1423 3443 1661 3513 παρέχει
1688 3443 1852 3497 νοεῖν.
1884 3443 1998 3496 Καὶ

411 3537 499 3588 ὅτι
535 3535 648 3597 τοῖς
671 3533 896 3598 ἀτόποις
933 3533 1333 3605 ἐπιτηδεύμασι
1359 3533 1467 3588 τῶν
1498 3531 1997 3587 ὲνθαλαττευόντων

411 3626 813 3696 ἀπαραιτήτως
881 3625 1314 3697 ἐπακολουθήσει
1363 3627 1397 3695 ή
1462 3623 1744 3695 τιμωρία,
1805 3621 1996 3693 ὥσπερ

411 3717 606 3788 καπνῷ
630 3717 690 3770 τδ
724 3717 856 3787 πῦρ,
885 3717 965 3771 διὸ
991 3717 1083 3771 καὶ
1108 3717 1300 3787 καπνῷ
1321 3716 1626 3789 παρείκασε
1648 3715 1748 3788 τὴν
1770 3714 1998 3786 προσδο-

412 3808 561 3874 κίαν,
584 3807 736 3877 δηλοῖ
757 3809 788 3861 ό
815 3809 1008 3880 Σωτὴρ
1042 3809 1228 3872 αὐτὸς,
1246 3809 1443 3878 λέγων’
1481 3825 1501 3860 ι
1533 3809 1766 3879 Ὠσπερ,
1803 3807 1992 3877 φησιν,

409 3904 448 3970 ὴ
480 3899 737 3971 ἀστραπὴ
781 3900 1064 3971 ἐξέρχεται
1090 3901 1200 3956 ἀπὸ
1258 3900 1535 3958 ἀνατολῶν
1558 3939 1574 3967 ,
1613 3902 1711 3953 καὶ
1744 3900 1996 3967 φαίνεται

412 3992 522 4056 ἕως
551 3991 772 4063 δυσμῶν
792 4032 807 4055 ,
842 3992 1016 4056 οὕτως
1052 3991 1208 4055 ἔσται
1235 3993 1269 4063 ή
1303 3990 1578 4063 παρουσία
1610 3989 1704 4044 τοῦ
1737 3987 1870 4044 Υἱοῦ
1897 3986 1995 4041 τοῦ

411 4080 730 4153 ἀνθρώπου.
772 4099 790 4133 ι
824 4083 967 4154 Πυρλ⁸
991 4083 1049 4136 δὲ
1079 4083 1142 4136 τὸ
1164 4081 1511 4148 ἐξεταστικὸν
1540 4080 1676 4151 πρὸς
1705 4078 1994 4150 ἀκρίϐειαν

410 4174 524 4228 τῶν
555 4173 964 4246 πεπραγμένων
997 4174 1374 4245 άφωμοίωται.
1409 4171 1648 4237 Εἰκότως
1677 4172 1733 4228 δὲ
1763 4172 1857 4226 καὶ
1888 4187 1996 4225 ata-

411 4265 786 4336 ταπληκτικδν
825 4260 972 4321 οὗτοι
1023 4265 1408 4337 κεκράξονται,
1465 4264 1559 4319 καὶ
1613 4263 1684 4318 τὰ
1720 4263 1994 4318 ἀκόλουθα

410 4356 526 4417 τῶν
552 4357 971 4428 Θρηνῳδούψτων
993 4358 1418 4428 ύποστήσονται,
1437 4356 1566 4429 χοῦν
1588 4356 1994 4428 καταχεάμενοι

414 4449 528 4512 τῶν
558 4449 836 4518 κεφαλῶν,
862 4450 957 4504 καὶ
987 4450 1092 4504 εῐτι
1119 4449 1249 4505 ἄλλο
1277 4452 1392 4514 τοῖς
1445 4446 1813 4522 θρηνῳδοῦσιν
1863 4449 1996 4504 ἀκό-

412 4541 630 4612 λουθον,
663 4542 1029 4607 ἐκτελοῦντες.
1335 4551 1344 4558 “

497 4632 579 4699 Τίς
613 4634 784 4702 ὁμοία
817 4632 888 4701 τῇ
909 4635 1080 4689 ,πόλει
1103 4633 1175 4704 τῇ
1200 4635 1471 4705 μεγάλης
1511 4634 1625 4689 Οὐκ
1646 4634 1798 4690 ἔστιν
1828 4634 1996 4704 ἄλλην

415 4724 574 4776 πόλιν
613 4726 836 4795 εὑρεῖν,
889 4727 971 4779 ὅτι
1008 4727 1144 4798 μηδὲ
1203 4727 1363 4782 ἄλλον
1420 4727 1805 4798 Δημιουργὺν,
1859 4726 1996 4798 μηδὲ

415 4815 577 4870 ἄλλον
605 4819 828 4887 κόσμον.
861 4817 1158 4874 Βαϐυλῶνα
1191 4818 1246 4872 δὲ
1273 4818 1460 4890 ἀλλην,
1497 4819 1592 4872 καὶ
1622 4819 1681 4871 ὲν
1730 4818 1997 4888 Αἰγύπτῳ

415 4906 567 4960 ἐστιν
594 4908 794 4977 εὑρεῖν,
846 4908 941 4962 καὶ
973 4907 1371 4980 ταύτῃγόμοίαν
1434 4908 1494 4962 ὲν
1532 4908 1672 4979 αὐτῇ
1731 4907 1995 4978 Αἰγύπτῳ

418 4997 562 5050 κατὰ
625 4997 686 5052 τὸ
746 4998 1188 5070 Ἡρακλεωτικὸν
1239 4998 1436 5053 Νείλου
1485 4999 1661 5069 στόμα
1743 4995 1996 5063 Ἀλεξάν-

417 5091 627 5159 δρειαν,
660 5090 752 5143 καὶ¹
781 5091 901 5143 κατ’
929 5089 1201 5163 Εὐρώπην
1229 5091 1356 5163 περὶ
1390 5094 1459 5146 τὰ
1507 5091 1848 5164 δυτικὼτερα
1898 5093 1995 5146 καὶ

420 5183 648 5253 ἀρκτῷα
715 5180 967 5252 Ῥώμην,
1028 5185 1122 5236 καὶ
1174 5184 1317 5238 κατὰ
1371 5183 1846 5255 ἀνατολικὼτερα,
1895 5185 1997 5254 τὴν

417 5275 516 5328 ἐπὶ
535 5273 810 5344 Βυζαντίῳ
842 5275 939 5345 τῆς
969 5277 1380 5330 Κωνσταντίνου
1410 5276 1588 5329 ὲπώνυ
1597 5292 1717 5347 μον.

511 5368 613 5422 Ἐν
636 5363 676 5440 ᾗ
717 5369 1111 5438 ἐπλούτησαν
1138 5368 1381 5436 πάντες.
1448 5370 1728 5424 Ἐντεῦθεν
1759 5373 2019 5444 ἀναμφίο,

423 5459 580 5513 ϐολον
608 5463 689 5515 ὅτι
734 5461 796 5514 οὑ
827 5461 957 5531 περὶ
986 5462 1194 5525 πόλεως
1217 5463 1244 5515 ό
1277 5461 1434 5530 λόγος
1484 5464 1634 5532 μιᾶς,
1676 5463 1816 5518 ἀλλά
1865 5464 1997 5535 περὶ

426 5551 629 5614 παντὸς
653 5552 803 5606 τοῦδε
859 5552 954 5606 τοῦ
990 5552 1233 5624 φθαρτοῦ
1257 5554 1603 5624 συστήματος
1629 5553 1746 5608 ἔστι
1789 5555 1994 5609 λαϐεῖν.

412 5641 557 5698 Οὑτε
589 5645 695 5716 γὰρ
728 5645 984 5701 Βαϐυλὼν
1009 5687 1024 5712 ,
1074 5646 1134 5701 οὑ
1171 5645 1382 5719 Ῥώμη,
1418 5647 1519 5701 οὐκ
1566 5646 1702 5721 ἄλλη
1738 5648 1891 5713 πόλις
1933 5649 1997 5702 ἐκ

491 5825 535 5853 "
576 5821 761 5878 Matth.
796 5839 942 5884 xxiv,
976 5823 1068 5881 9.7.

2099 3362 2304 3418 rantes,
2335 3353 2498 3407 etiam
2529 3351 2682 3422 prius
2710 3364 2876 3420 quam
2912 3347 3224 3402 immineret
3249 3384 3266 3410 ,
3301 3346 3685 3401 observarunt.

2096 3443 2234 3500 Nam
2283 3446 2390 3500 hoc
2429 3444 2533 3500 sibi
2575 3443 2715 3508 vult,
2747 3450 2896 3497 stare
2930 3438 3141 3510 procul.
3185 3438 3341 3503 Quod
3376 3447 3555 3492 autem
3589 3437 3682 3490 ab-

2098 3537 2266 3594 surda
2296 3537 2421 3592 vita:
2453 3535 2632 3592 studia
2663 3547 2856 3590 eorum
2885 3531 2979 3602 qui
3009 3532 3064 3585 in
3091 3529 3196 3585 hoc
3221 3529 3356 3582 mari
3388 3537 3683 3597 operantur

2099 3629 2489 3685 inevitabiiiter
2532 3626 2906 3695 subsequatur
2935 3620 3289 3692 supplicium,
3322 3617 3681 3689 quemadmo-

2098 3722 2229 3777 dum
2260 3721 2470 3776 fumum
2531 3717 2780 3788 sequitur
2828 3715 3003 3785 ignis,
3041 3721 3265 3782 propter
3314 3711 3459 3781 quod
3518 3711 3684 3764 etiam

2098 3809 2254 3865 fumo
2301 3809 2643 3880 comparavit
2699 3802 3208 3875 exspectationem,
3258 3800 3376 3871 ipse
3438 3798 3684 3854 Salvator

2097 3903 2437 3968 manifestat,
2468 3903 2656 3957 dicens
2688 3919 2701 3955 :
2746 3919 2765 3951 ι
2821 3898 2980 3954 Sicut
3015 3896 3198 3966 fulgur
3226 3895 3342 3949 exit
3372 3910 3402 3948 a
3437 3893 3684 3964 partibus

2097 3995 2339 4053 Orientis
2379 4002 2434 4049 et
2462 4003 2690 4064 apparet
2731 4004 2903 4061 usque
2934 3989 3000 4043 ad
3028 3997 3210 4058 partes
3237 3987 3576 4050 Occidentis,
3613 3985 3686 4039 ila

2096 4090 2204 4145 erit
2237 4090 2506 4144 adventus
2547 4085 2668 4140 Filii
2706 4083 2943 4138 hominis
2975 4083 3045 4135 ἰ.
3085 4099 3104 4131 ι
3142 4080 3265 4151 lgni
3298 4092 3430 4133 vero
3459 4078 3684 4133 assimi-

2096 4182 2207 4238 lata
2257 4190 2344 4236 est
2376 4192 2566 4235 exacta
2609 4176 2890 4246 indagatio
2924 4173 3220 4228 factorum.
3266 4170 3464 4225 Merito
3498 4179 3682 4225 autem

2099 4275 2152 4329 hi
2184 4273 2461 4328 horrendo
2491 4270 2656 4324 modo
2679 4267 3016 4328 clamabunt,
3047 4271 3102 4318 et
3129 4276 3193 4318 ea
3228 4262 3530 4332 suscipieat
3562 4275 3683 4330 quat

2099 4367 2461 4422 lamentantes
2511 4366 2947 4428 consequuntur,
3006 4355 3186 4422 capita
3243 4354 3426 4408 cinere
3486 4367 3682 4422 asper-

2100 4467 2310 4530 gentes,
2359 4470 2424 4510 ac
2453 4460 2775 4524 peragentes
2805 4449 2851 4506 si.
2885 4447 3017 4519 quid
3053 4447 3201 4501 aliud
3227 4455 3333 4511 est,
3369 4445 3517 4516 quod
3555 4458 3683 4499 con.

2028 4535 2073 4590 Ῑ)
2103 4548 2350 4618 sequitur
2386 4546 2776 4602 lamentantes.

2170 4645 2304 4712 ρηω
2333 4641 2523 4696 similis
2551 4639 2754 4694 civitati
2778 4636 2900 4692 huic
2941 4636 3193 4706 magnae?
3220 4631 3341 4687 Non
3369 4637 3550 4701 potest
3580 4629 3683 4684 alis

2097 4737 2290 4793 civitas
2320 4732 2587 4798 inveniri,
2619 4731 2749 4802 quia
2797 4744 2975 4800 neque
3025 4727 3170 4784 alius
3202 4723 3470 4781 Conditor
3506 4735 3685 4788 neque

2097 4831 2239 4885 alius
2266 4825 2505 4882 mundus
2531 4842 2544 4879 :
2573 4839 2739 4894 porro
2762 4822 2924 4878 aliam
2948 4821 3279 4892 Babylonem
3298 4824 3352 4871 ct
3381 4815 3434 4869 in
3455 4812 3685 4882 Egyplo

2097 4922 2248 4976 licet»
2273 4918 2554 4982 invenire,
2585 4923 2640 4974 et.
2669 4915 2797 4969 huic
2831 4913 3068 4970 similem
3116 4911 3175 4966 in
3218 4908 3409 4964 eadem
3454 4903 3685 4973 IEgypto

2096 5015 2254 5086 juxta
2297 5009 2734 5068 ileracleoticum
2791 5006 2897 5061 Nili
2931 5005 3133 5062 ostium
3181 4997 3602 5059 Alexandriam,
3635 5002 3683 5048 et

2104 5109 2160 5164 in
2186 5106 2403 5176 Europa
2443 5105 2510 5160 ad
2545 5100 3003 5158 occidentaliores
3038 5111 3093 5154 et
3117 5096 3470 5166 aquilonares
3495 5090 3684 5146 mundi

2106 5207 2292 5272 partes
2316 5197 2567 5258 Romam,
2590 5203 2645 5249 et
2676 5195 2728 5247 in
2752 5190 3112 5247 orientalibus
3137 5188 3240 5244 sub
3268 5184 3530 5257 Byzantio
3560 5195 3682 5239 eam

2101 5300 2224 5360 qua:
2260 5299 2291 5339 a
2321 5282 2686 5338 Constantino
2716 5293 2918 5334 nomen
2947 5277 3176 5346 accepit.

2172 5373 2238 5428 In
2282 5391 2387 5444 qua
2426 5373 2613 5426 divites
2654 5371 2784 5441 facti
2837 5377 2958 5424 sunt
3005 5385 3205 5424 onmes.
3257 5365 3395 5421 Hinc
3436 5361 3683 5421 certissi-

2099 5483 2249 5522 mum
2285 5473 2395 5524 cst'
2413 5464 2560 5536 quod
2595 5479 2704 5518 non
2737 5463 2804 5518 de
2835 5477 2939 5516 una
2968 5461 3190 5516 civitate
3227 5461 3299 5514 sit
3331 5472 3534 5522 sermo,
3582 5456 3678 5511 sed

2097 5547 2164 5613 de
2224 5558 2482 5612 universo
2528 5555 2629 5611 hoc
2664 5551 3005 5622 corruptibili
3057 5551 3189 5605 orbe
3242 5549 3368 5603 licet
3405 5547 3684 5616 accipere.

2096 5649 2283 5722 Neque
2317 5649 2463 5706 enim
2515 5646 2759 5719 Babylon
2803 5660 2980 5716 neque
3012 5643 3206 5710 Roma,
3240 5655 3416 5712 neque
3465 5637 3572 5695 alia
3601 5637 3680 5694 ci-
