4164 6446
522 382 631 443 735

1354 379 1678 440 ARETIl/E
1719 378 2099 438 CAESARE/li
2138 379 2620 441 CAPPADOCL’E
2653 380 2989 441 EPISCOPI

3686 380 3788 443 736

519 500 660 545 vitas
696 506 761 545 ex
796 491 1013 545 navium
1046 488 1384 559 profectione
1419 490 1595 543 solum
1635 490 1873 551 ditescit,
1912 498 2106 559 praeter

2215 492 2411 546 πλοίων
2440 494 2670 562 πορείας
2696 493 2862 562 μόνον
2910 490 3135 543 πλουτεῖ
3154 532 3168 555 ,
3200 492 3248 543 εί
3285 490 3360 561 μὴ
3392 495 3551 561 μόνος
3577 484 3734 554 οὗτος
3764 492 3792 543 ό

521 585 699 638 solum
747 586 891 636 hunc
947 582 1234 635 mundum.
1292 580 1599 651 Allcgorice
1664 598 1904 651 namque
1960 582 2104 637 veris

521 678 739 730 ditescit
782 675 987 728 divitiis
1024 688 1119 742 per
1155 674 1367 727 animas
1413 675 1720 737 hominum,
1754 676 1846 742 qui
1885 677 1938 729 in
1986 690 2104 729 mo-

521 766 651 818 dum
718 764 938 817 navium
992 763 1204 816 acerbae
1258 762 1629 818 imtnersionis
1683 773 1963 830 expertes,
2010 779 2108 833 per

523 856 859 911 mundanum
886 854 1059 908 salum
1090 864 1401 920 euatarunt,
1429 865 1482 909 et
1504 855 1707 908 dictam
1735 855 2105 909 abundantem

520 950 817 1012 civitatem,
848 946 1111 1001 mundum
1143 947 1419 1011 videlicet,
1452 948 1813 1016 pretiosarum
1841 947 2105 1002 mercium

521 1042 888 1110 negotiatione
940 1042 1323 1095 instituerunt.
1372 1041 1537 1111 302
1594 1042 1717 1096 ideo
1762 1057 1887 1096 cum
1940 1043 2106 1096 veluti

523 1134 786 1205 praedium
826 1132 1025 1188 fuisset
1064 1144 1117 1187 et
1148 1134 1552 1188 firmamentum
1598 1135 1815 1195 salutis,
1849 1134 1993 1189 unde
2033 1135 2110 1188 la-

524 1232 1050 1285 lioruminercedem
1083 1230 1432 1296 invenerant,
1458 1229 1905 1283 lamentationem
1940 1230 2107 1284 colle-

522 1334 740 1393 gerunt,
774 1325 1021 1379 videntes
1050 1325 1193 1392 quod
1227 1325 1395 1379 missa
1428 1333 1576 1379 esset
1608 1324 1659 1377 in
1696 1324 2000 1379 interitum.

590 1434 989 1498 XVlll,‘20—2-l.
1030 1432 1253 1489 Exsulta
1287 1451 1441 1504 super
1471 1453 1611 1502 eam,
1640 1437 1825 1491 cwlum
1850 1448 1898 1492 et
1939 1441 2110 1495 sancti

522 1527 752 1597 apostoli
783 1537 830 1581 et
869 1527 1166 1597 prop/reue,
1197 1528 1449 1596 quoniam
1476 1527 1740 1596 judicavit
1778 1528 1919 1582 Deus
1954 1528 2107 1598 judi-

522 1626 665 1676 cium
705 1632 933 1676 vestrum
962 1622 1025 1674 de
1054 1620 1173 1673 illa.
1210 1619 1275 1672 Et
1310 1620 1529 1674 sustulit
1560 1638 1694 1675 unus
1741 1623 1961 1691 angelus
1992 1623 2107 1691 [or-

524 1718 592 1770 tis
644 1716 873 1785 lapidem
924 1715 1078 1783 quasi
1119 1713 1373 1766 molarem
1413 1730 1684 1783 magnum,
1720 1724 1767 1767 et
1800 1714 2023 1783 projecit
2055 1716 2108 1769 in

526 1830 692 1878 mare,
744 1813 919 1865 dicens
959 1827 975 1863 :

526 1906 681 1975 bylon
715 1921 904 1973 magna
943 1902 1034 1955 illa
1069 1904 1253 1955 civitas
1275 1943 1288 1968 ,
1320 1911 1368 1955 et
1415 1902 1557 1953 ultra
1582 1901 1701 1969 jam
1742 1919 1843 1955 non
1876 1903 2107 1956 invenia-

525 2010 613 2051 tur
644 2007 736 2052 :et
769 2014 865 2051 v01:
896 1995 1303 2049 cit/tarwdorum
1333 2003 1380 2047 et
1425 1996 1767 2059 ntusicorum,
1796 2004 1846 2047 et
1888 1994 2017 2047 tibia
2048 2012 2111 2049 ac

525 2092 648 2144 tuba
705 2089 1004 2143 canentium
1044 2104 1148 2141 non
1217 2086 1476 2139 audiatur
1528 2087 1582 2139 in
1650 2098 1698 2141 te
1757 2087 2013 2155 amplius,
2058 2098 2108 2141 et

525 2180 695 2233 onmis
749 2180 945 2248 artifex
984 2179 1344 2248 cujuscunque
1366 2180 1495 2231 artis
1524 2196 1625 2231 nou
1650 2180 1947 2232 inveniatur
1977 2181 2031 2232 in
2064 2190 2113 2234 te

524 2272 775 2340 amplius,
809 2282 857 2324 et
886 2286 982 2325 vox
1018 2269 1168 2323 multa
1196 2286 1295 2323 non
1328 2270 1585 2323 audiatur
1612 2270 1665 2323 in
1697 2280 1745 2323 te
1776 2270 2030 2338 amplius,
2059 2280 2109 2324 et

524 2366 618 2419 tua:
666 2365 896 2419 lucerna:
941 2380 1045 2417 non
1086 2373 1339 2431 appareat
1390 2364 1445 2415 in
1508 2373 1556 2416 te
1596 2363 1862 2430 amplius,
1908 2375 1958 2418 et
2008 2379 2112 2418 vox

524 2459 702 2525 sponsi
728 2468 775 2511 et
812 2472 1018 2523 sponsa:
1066 2472 1171 2509 non
1215 2454 1473 2507 audiatur
1504 2455 1556 2506 in
1606 2462 1653 2508 te
1682 2455 1932 2521 amplius.
1969 2454 2111 2519 Quia

527 2560 843 2603 mercatores
876 2548 955 2601 tui
981 2556 1133 2601 erant
1168 2547 1429 2615 principes
1464 2554 1617 2601 teme
1636 2589 1649 2611 ,
1674 2548 1801 2617 quia
1830 2546 1881 2599 in
1919 2547 2111 2615 venefi-

525 2640 622 2693 ciis
655 2639 760 2691 tuis
777 2645 1084 2691 erraverunt
1108 2652 1285 2689 omnes
1308 2645 1487 2705 gentes
1507 2646 1555 2689 et
1582 2637 1634 2689 in
1662 2652 1723 2689 ea
1748 2638 1965 2706 sanguis
1988 2653 2111 2705 pro~

525 2732 802 2796 phetarum
843 2739 891 2782 et
930 2737 1237 2781 sanctorum
1266 2728 1503 2781 inventus
1532 2737 1632 2795 cst,
1664 2738 1710 2781 et
1749 2728 1984 2781 omnium
2020 2728 2113 2798 qui

526 2821 792 2891 interfecti
820 2831 942 2877 sunt
975 2820 1030 2874 in
1064 2831 1227 2877 terra.

601 3019 775 3074 Etiam
809 3036 873 3075 ex
922 3022 1026 3077 hoc
1057 3024 1454 3078 conlirmamur
1505 3024 1651 3093 quod
1686 3023 1753 3078 de
1792 3024 1998 3078 mundo
2042 3024 2114 3079 sit

529 3114 840 3174 oraculum,
870 3122 924 3168 et
955 3129 1059 3169 non
1088 3116 1155 3170 de
1191 3132 1296 3169 una
1324 3116 1565 3170 civitate.
1594 3116 1750 3181 Quod
1779 3125 1959 3171 autem
1993 3126 2116 3185 post

1033 1809 1358 1879 Hnjusmodi
1410 1810 1605 1877 impetu
1645 1810 1960 1878 projicietur
2002 1810 2106 1863 Ba-
2138 1845 2184 1903 Β

2212 585 2437 653 κόσμος.
2509 583 2910 655 ’Δλληγορικῶς
2955 583 3065 652 γὰρ
3123 583 3345 636 πλουτεῖ
3396 583 3489 635 τὸν
3542 583 3623 653 τῷ
3678 583 3791 636 δντι

2210 676 2437 728 πλοῦτον
2462 675 2739 745 διαψύχων
2764 674 3090 745 ἀνθρώπων,
3117 674 3167 728 οἳ
3191 674 3445 743 καθάπερ
3480 675 3568 728 διὰ
3593 675 3794 727 πλοίων

2208 768 2492 837 ἀμετόχως
2527 766 2778 836 ἁλμυρᾶς
2808 766 3141 830 ὲπικλύσεως
3193 766 3284 819 τὸν
3318 766 3585 836 κοσμικὸν
3630 765 3794 819 σάλον

2208 857 2533 918 διανέοντες,
2566 857 2789 926 ἀνενδεῆ
2816 855 3023 927 ταύτην
3063 856 3162 925 τὴν
3198 856 3461 926 ῥηθεῖσαν
3508 857 3665 910 πόλιν
3700 856 3794 909 τὸν

2210 950 2413 1018 κόσμον
2447 950 2855 1020 κατεστήσαντο
2904 950 3003 1020 τῆς
3055 950 3162 1003 ἀπὸ
3215 950 3324 1002 τῶν
3354 950 3594 1020 ἐντίμων
3630 951 3792 1020 ὲμποο

2213 1044 2357 1114 ρίας.
2389 1043 2481 1095 Διὸ
2541 1043 2635 1096 καὶ
2669 1044 2746 1106 ὡς
2795 1042 2999 1114 χωρίου
3048 1044 3424 1114 ὑπάρχουσαν,
3467 1044 3564 1097 καὶ
3598 1043 3790 1111 ἔδαφος

2212 1134 2488 1205 σωτηρίας
2525 1135 2623 1203 ἀφ’
2666 1128 2727 1188 οὗ
2782 1133 2874 1187 καὶ
2913 1133 3147 1201 ἀμοιϐἀς
3192 1133 3414 1203 εὕροντο
3449 1134 3559 1186 τῶν
3590 1134 3787 1199 πόνων,

2211 1227 2409 1298 θρῆνον
2442 1228 2845 1299 συνεκρότησαν
2893 1228 3224 1299 θεασάμενοι
3266 1227 3561 1299 ἀφανισμῷ
3612 1245 3790 1299 παρα-

2212 1321 2581 1392 πεμφθεῖσαν.

2286 1436 2629 1506 Εὐφραίνου
2662 1436 2755 1490 ἐπ⁹
2789 1434 2965 1504 αὐτῇ,
3005 1435 3245 1503 οὐρανέ,
3273 1436 3370 1489 καί
3401 1438 3454 1490 ol
3492 1435 3667 1505 ἅγιοι,
3693 1437 3790 1491 καί

2210 1531 2265 1583 ol
2311 1529 2801 1593 ἀπόστολοι,καί
2852 1531 2907 1582 ol
2960 1528 3283 1597 προφῆται,
3335 1529 3425 1581 ὅτι
3479 1528 3716 1595 ἔκρινεν
3759 1532 3792 1581 ό

2214 1620 2358 1687 Θεὸς
2419 1620 2485 1674 τὸ
2531 1621 2709 1690 κρῖμα
2766 1620 2933 1689 ὑμῶν
2981 1621 3048 1684 ἐξ
3099 1619 3310 1687 αὐτῆς.
3361 1620 3469 1673 Kal
3514 1616 3658 1688 ἦρεν
3706 1614 3792 1685 εἷς

2211 1714 2466 1783 ἅγγελος
2525 1712 2773 1783 ἰσχυρὸς
2824 1714 3001 1769 λίθον
3040 1713 3120 1778 ὡς
3164 1713 3367 1781 μῦλον
3422 1714 3655 1781 μέγαν,
3695 1712 3793 1766 καί

2212 1804 2429 1857 ἔϐαλεν
2455 1805 2541 1869 εὶς
2575 1803 2689 1872 τὴν
2726 1803 3071 1867 θάλασσαν,
3100 1805 3297 1873 λέγων
3321 1819 3337 1835 ο
3382 1803 3583 1868 Οὕτως
3612 1801 3793 1872 ὁρμή-

2207 1895 2746 1966 ματιβληθήσεται
2777 1896 3069 1951 Βαϐυλὼν
3111 1896 3149 1963 ἠ
3192 1894 3427 1965 μεγάλη
3472 1895 3673 1960 πόλις,
3698 1894 3794 1948 καὶ

2211 1991 2283 2043 οὐ
2310 2008 2352 2057 μ
2364 1987 2395 2055 ὴ
2422 1986 2641 2057 εὑρεθῇ
2667 1988 2774 2042 ἔτι.
2811 1988 2919 2042 Καὶ
2951 1986 3121 2057 φωνὴ
3152 1984 3498 2055 κιθαρῳδῶν
3524 1984 3625 2039 καὶ
3652 2004 3797 2055 μου·

2211 2080 2405 2134 σικῶν
2431 2080 2528 2133 καί
2568 2078 2855 2148 αὐλητῶν
2883 2080 2981 2133 καὶ
3006 2079 3367 2134 σαλπιστῶν
3401 2081 3474 2133 οὐ
3496 2079 3584 2148 μὴ
3620 2079 3798 2133 ἀκου-

2212 2173 2333 2243 σθῇ
2373 2174 2443 2227 ἐν
2467 2173 2565 2227 σοὶ
2598 2172 2707 2236 ἔτι,
2740 2172 2839 2225 καὶ
2888 2170 3009 2247 πᾶς
3032 2171 3311 2240 τεχνίτης
3342 2169 3549 2238 πάσης
3578 2170 3799 2238 τέχνης

2212 2268 2284 2320 οὺ
2322 2265 2403 2333 μὴ
2436 2264 2748 2333 εὑρεθῇεὲν
2769 2263 2869 2317 σοί
2900 2264 3008 2327 ἐτι,
3040 2264 3137 2317 καὶ
3164 2262 3334 2332 φωνὴ
3355 2264 3558 2331 μύλου
3606 2264 3680 2317 οὺ
3708 2261 3796 2329 μὴ

2213 2360 2377 2429 φανῇ
2398 2360 2467 2413 ἐν
2495 2360 2595 2414 σοι
2622 2358 2733 2423 ἔτι,
2770 2358 2869 2412 καί
2903 2356 3028 2427 ςρῶς
3051 2359 3286 2425 λύχνου
3322 2358 3395 2409 οὐ
3420 2355 3507 2425 μὴ
3540 2354 3705 2425 φανῇ
3727 2354 3798 2409 ἐν

2214 2453 2315 2507 σοὶ
2360 2452 2471 2516 ἔτι,
2527 2450 2625 2505 καὶ
2660 2450 2833 2519 φωνὴ
2865 2450 3131 2519 νυμφίου
3178 2449 3276 2502 καὶ
3331 2448 3571 2517 νύμφης
3604 2449 3677 2501 οὺ
3708 2446 3794 2517 μὴ

2213 2543 2491 2613 ἀκουσθῇ
2527 2544 2597 2597 ἐν
2623 2543 2723 2596 σοὶ
2754 2543 2862 2597 ste
2898 2541 3067 2611 ὅτιξολ
3112 2540 3359 2608 ἔμποροί
3389 2555 3504 2593 σου
3537 2530 3699 2608 ἦσαν
3744 2541 3799 2592 ol

2210 2637 2569 2707 μεγιστᾶνες
2595 2634 2705 2704 τῆς
2746 2634 2861 2703 γῆς
2884 2651 2899 2665 ·
2932 2633 3021 2687 ὅτι
3066 2633 3137 2686 ἐν
3166 2631 3240 2701 τῇ
3291 2632 3629 2701 φαρμακείᾳ
3679 2645 3799 2685 σου

2213 2729 2653 2796 ἐπλανήθησαν
2675 2727 2871 2781 πάντα
2897 2727 2969 2781 τὰ
2987 2726 3153 2793 ἔθνη,
3184 2724 3283 2779 καὶ
3304 2726 3375 2778 ὲν
3395 2722 3551 2791 αὐτῇ
3581 2724 3801 2793 αἵματα

2215 2822 2539 2891 προφητῶν
2592 2822 2691 2876 καί
2739 2820 2927 2889 ἁγίων
2962 2818 3177 2888 εὑρέθη
3207 2857 3222 2884 ,
3266 2816 3366 2872 καὶ
3405 2816 3652 2871 πάντων
3682 2814 3802 2870 τῶν

2216 2915 2612 2984 ἐσφαγμένων
2638 2913 2737 2968 ἐπὶ
2776 2912 2887 2981 τῆς
2924 2911 3052 2982 γῆς.

2288 3029 2400 3082 Καὶ
2429 3028 2535 3082 ἀπὸ
2569 3028 2763 3080 τούτου
2812 3026 2873 3080 τὸ
2900 3026 3028 3094 περὶ
3058 3022 3151 3078 τοῦ
3189 3024 3399 3093 κόσμου
3454 3022 3547 3075 τὸν
3577 3038 3799 3093 χρημα-

2216 3125 2410 3194 τισμὸν
2441 3118 2704 3189 εἶναι,ζού
2734 3120 2863 3190 περὶ
2888 3121 3020 3186 μιᾶς
3051 3118 3286 3183 πόλεως,
3319 3114 3711 3185 βεϐαιούμεθα.
3730 3112 3805 3166 Τὸ

530 3203 735 3256 luctum
776 3204 1065 3258 conversio
1121 3204 1263 3260 facta
1322 3206 1397 3260 sit
1442 3205 1509 3259 ad
1564 3205 1841 3267 lzetitiam,
1885 3222 1992 3259 non
2033 3215 2119 3261 est

2221 3217 2278 3271 δὲ
2308 3216 2446 3285 μετά
2468 3213 2559 3266 τὸν
2587 3212 2795 3283 θρῆνον
2808 3213 2888 3274 είς
2918 3209 3261 3281 εὐφροσύνην
3285 3207 3584 3281 τραπῆναι,
3608 3206 3669 3261 οὑ
3695 3206 3806 3261 τῶν

529 3304 724 3348 cantus
780 3309 972 3349 eorum
1005 3296 1099 3365 qui
1159 3296 1213 3350 in
1262 3306 1403 3351 terra
1460 3309 1610 3360 sum,
1652 3298 1746 3353 sed
1782 3298 2115 3362 cmlestium,

530 3387 679 3455 quod
730 3388 912 3443 deleto
936 3388 1051 3458 jam
1094 3390 1213 3445 loco
1242 3391 1292 3444 in
1326 3406 1439 3460 quo
1482 3402 1692 3446 certare
1724 3407 1820 3448 eos
1850 3391 2116 3461 Oportuit,

528 3481 623 3548 qui
666 3482 717 3533 in
752 3489 878 3549 typo
915 3484 1164 3537 coronati
1201 3482 1417 3537 fuerant
1447 3484 1693 3538 victoriae
1717 3499 1947 3549 corona,
2001 3484 2119 3539 sive

529 3572 811 3640 propheta:
875 3573 1004 3638 sint,
1060 3574 1176 3628 sive
1235 3576 1505 3643 apostoli,
1552 3577 1668 3629 sive
1704 3576 1879 3631 sancti
1938 3576 2116 3645 ponti-

532 3666 682 3731 tices,
713 3673 767 3718 et
803 3665 847 3720 si
878 3682 987 3734 qua
1022 3676 1105 3722 est
1129 3667 1235 3721 alia
1268 3670 1621 3739 congregatio
1652 3684 1841 3723 eorum
1879 3669 1971 3738 qui
2008 3668 2117 3723 Deo

532 3759 878 3825 p'acuerunt,
915 3758 1208 3814 incessanti
1252 3760 1453 3829 gaudio
1510 3761 1637 3815 facti
1690 3761 1803 3815 sint
1856 3761 2117 3830 deinceps

535 3850 858 3917 participes,
891 3860 1115 3919 accepta
1152 3850 1426 3905 indefessa
1461 3852 1867 3920 tranquillaque
1909 3854 2018 3907 vita
2047 3852 2119 3906 ab

533 3957 599 3995 eo
628 3946 721 4012 qui
752 3945 901 3999 novit
930 3944 1093 4014 digne
1124 3943 1397 4014 judicare,
1434 3945 1535 3999 hoc
1563 3954 1671 4008 est,
1697 3944 1947 3999 laborum
1979 3959 2118 4015 prse-

535 4036 642 4089 mia
670 4038 988 4107 rependere.

602 4152 668 4203 Et
699 4150 917 4205 sustulit
948 4167 1084 4205 unus
1111 4149 1327 4221 angelus
1368 4150 1523 4220 fortis
1551 4149 1782 4220 lapidem
1802 4131 1971 4219 'quasi
2002 4164 2118 4201 mo-

533 4243 699 4296 larem
746 4260 1016 4313 magnum.
1060 4243 1239 4298 Variis
1285 4243 1601 4314 tropologiis
1648 4251 1931 4312 comparat
1978 4256 2115 4296 con-

535 4335 958 4389 summationem
988 4336 1176 4389 mundi
1202 4336 1596 4406 corruptibilis.
1624 4334 1749 4389 Ideo
1774 4333 1841 4389 ad
1869 4348 1965 4389 eas
1994 4350 2117 4403 quae

533 4428 692 4482 dieue
730 4439 861 4483 sunt
894 4429 1059 4482 ctiam
1114 4428 1257 4482 hanc
1303 4429 1480 4491 affert,
1513 4429 1706 4483 molari
1739 4428 1916 4499 ipsum
1964 4442 2117 4483 com-

534 4535 735 4589 parans
774 4535 900 4574 eum
936 4520 1141 4589 impetu
1182 4520 1234 4573 in
1281 4536 1434 4574 mare
1463 4521 1717 4576 demerso
1767 4538 1782 4577 :
1818 4521 1891 4575 ita
1928 4529 2111 4574 autem

536 4613 670 4666 dicit
707 4614 801 4666 tali
842 4614 1046 4682 impetu
1090 4624 1311 4683 repente
1339 4614 1601 4685 demergi,
1644 4625 1704 4669 ut
1736 4630 1839 4670 nec
1872 4614 2118 4684 reliquiae

536 4707 710 4775 ipsius
741 4708 1152 4777 conspiciantur
1186 4709 1422 4778 amplius
1456 4727 1471 4763 :
1514 4720 1569 4765 et
1602 4710 1795 4767 eodem
1847 4712 2012 4766 modo
2044 4710 2122 4765 ait

538 4799 799 4852 mundum
849 4800 992 4855 hunc
1046 4799 1100 4853 in
1142 4800 1518 4855 omnimodam
1565 4802 1801 4856 transire
1850 4802 2121 4856 obscura-

540 4889 765 4945 tionem.
805 4887 871 4943 Et
902 4896 964 4943 ut
1014 4888 1108 4944 fiat
1142 4890 1247 4944 hoc
1283 4890 1652 4956 manifestius,
1688 4891 1853 4961 803
1890 4890 2040 4944 addit
2069 4900 2123 4945 et

537 4998 599 5036 ea
632 4998 752 5051 quae
779 4999 807 5037 a
841 4984 1042 5038 szrculo
1079 4984 1615 5040 administrabantur
1646 4985 1699 5039 in
1723 4985 1865 5054 ipso,
1894 4983 2122 5039 delicias

539 5091 603 5129 ac
632 5077 912 5131 lasciviam
947 5079 1323 5148 provocantia,
1351 5094 1473 5150 quae
1508 5078 1721 5133 turbam
1744 5077 2024 5132 attrabaut
2055 5091 2123 5131 ac

538 5169 756 5225 irritent

610 5286 751 5350 Quia
796 5298 1108 5343 mercatores
1162 5287 1260 5341 tui.
1328 5284 1640 5355 Ἐμπόρους
1692 5282 1826 5339 dicit
1874 5298 1969 5340 eos
2028 5284 2125 5355 qui

539 5380 911 5434 nundinarum
949 5396 1163 5435 merces
1203 5389 1256 5435 et
1292 5378 1604 5449 plausibilia
1649 5378 1855 5447 qumvis
1888 5378 1941 5431 in
1980 5388 2125 5432 terra

540 5472 826 5542 colligunt,
860 5473 981 5527 ideo
1026 5474 1190 5528 etiam
1246 5471 1375 5527 dicit
1400 5469 1673 5541 principes
1707 5486 1721 5525 :
1760 5485 1936 5539 neque
1978 5470 2124 5524 enim

542 5580 840 5634 pauperum
874 5575 957 5619 est
1006 5565 1129 5619 vilzc
1180 5564 1439 5617 mollities
1477 5580 1488 5616 :
1542 5577 1720 5631 neque
1760 5562 1925 5615 unius
1971 5569 2129 5629 pote-

2226 3311 2284 3363 ὲν
2305 3309 2499 3378 κόσμῳ
2526 3306 2590 3360 τὸ
2617 3306 2825 3377 δράμα,
2854 3304 2991 3359 ἀλλά
3022 3304 3135 3357 τῶν
3162 3302 3453 3374 οὐρανίων,
3482 3302 3557 3364 ὡς
3579 3302 3680 3372 ήδη
3711 3300 3803 3353 τοῦ

2225 3400 2524 3469 ἐναγωνίου
2563 3400 2732 3452 τόπου
2788 3397 3205 3467 ἀφανισθέντος,
3239 3396 3289 3448 οἳ
3321 3397 3379 3449 ἐν
3410 3393 3571 3465 τύπῳ
3601 3392 3694 3448 τὸν
3720 3410 3804 3446 νι-

2224 3496 2488 3566 κητήριον
2519 3491 2923 3562 ἀναδησάμενοι
2946 3488 3213 3559 στέφανον
3240 3488 3364 3541 ὅσον
3390 3488 3448 3539 ὲν
3474 3485 3801 3556 προφήταις,

2222 3589 2349 3642 ὅσον
2378 3588 2437 3640 ἐν
2464 3585 2812 3649 ἀποστόλοις,
2842 3585 2898 3637 ὲν
2919 3582 3110 3647 ὁσίοις,
3148 3583 3205 3636 ὲν
3233 3580 3539 3651 ίεράρχαις,
3571 3578 3667 3631 καὶ
3683 3578 3736 3630 εί
3752 3593 3805 3628 τι

2222 3680 2409 3733 λοιπὸν
2434 3678 2688 3747 σύστημα
2726 3676 2837 3729 τῶν
2891 3675 3384 3745 εὐαρεστησάντων
3426 3670 3570 3741 Θεῷ,
3628 3671 3806 3739 χαρᾶς

2225 3772 2489 3843 ἀλήκτου,
2538 3770 2599 3823 τὸ
2656 3767 2765 3822 ἀπὸ
2823 3766 2980 3821 τοῦδε
3027 3766 3350 3836 μετάσχοιεν
3376 3802 3392 3827 ,
3444 3762 3656 3816 ἀκόπου
3708 3761 3807 3815 καὶ

2224 3859 2694 3932 ἀπραγματεύτου
2725 3858 2870 3928 ζωῆς
2888 3857 3210 3927 ἠξιωμένοι,
3242 3854 3380 3925 πρὸς
3395 3853 3493 3908 τοῦ
3515 3852 3807 3919 κατ’ἀξίαν

2225 3953 2425 4016 εἰδότος
2474 3954 2684 4024 κρίναι,
2713 3950 2970 4005 τουτέστι
2989 3988 3005 4016 ,
3056 3946 3348 4021 βραϐεύειν
3394 3947 3507 4000 τῶν
3530 3945 3709 3999 πόνων
3737 3945 3807 3997 τὰ

2224 4045 2456 4101 ἔπαθλα.

2295 4160 2406 4215 Kal
2432 4156 2577 4231 ἦρεν
2608 4176 2696 4224 εις
2724 4158 2981 4229 ἄγγελος
3020 4156 3280 4227 ίσχυρὸς
3308 4155 3485 4208 λίθον
3503 4153 3578 4218 ὡς
3605 4151 3807 4221 μῦλον

2219 4254 2433 4325 μέγαν.
2459 4253 2750 4322 Διαφόροις
2789 4251 3173 4321 τροπολογίαις
3209 4247 3507 4301 ὑποϐάλλει
3566 4244 3664 4314 τὴν
3707 4240 3804 4295 τοῦ

2226 4346 2467 4416 φθαρτοῦ
2523 4344 2733 4414 κόσμου
2789 4342 3128 4396 συντέλειαν.
3171 4340 3264 4393 Διδ
3294 4339 3433 4409 πρὸς
3497 4338 3618 4401 ταῖς
3664 4336 3811 4406 εἰρη-

2227 4432 2419 4501 μέναις
2448 4431 2543 4484 καὶ
2590 4432 2799 4501 ταύτην
2851 4428 3235 4501 συνεπιφέρει,
3282 4428 3435 4499 μύλῳ
3493 4425 3810 4488 ἀπεικάζων

2156 4564 2196 4617 D
2223 4526 2385 4579 αὑτὸν
2412 4523 2767 4579 καταδύνοντι
2791 4513 3080 4594 ὁρμήματι
3101 4524 3180 4585 είς
3209 4522 3383 4591 ὑγρὰν
3416 4520 3624 4617 οὐσίαν.
3652 4516 3810 4617 Οὕτω

2218 4620 2276 4672 δέ
2312 4636 2445 4689 φησι
2470 4619 2560 4671 τὸν
2589 4617 2835 4671 τοιοῦτον
2865 4616 3188 4670 καταδὺνειν
3210 4614 3429 4685 ἀθρόον,
3484 4612 3561 4676 ὡς
3611 4612 3809 4682 μηκέτι

2218 4711 2471 4780 λείψανον
2527 4710 2695 4763 αὐτοῦ
2744 4709 3071 4779 ἐνορᾶσθαι·
3104 4708 3199 4760 καὶ
3244 4706 3339 4760 τὸν
3386 4705 3550 4760 αὐτὸν
3582 4706 3809 4774 τρόπον,

2221 4805 2316 4857 καὶ
2342 4803 2531 4857 τοῦτον
2566 4804 2647 4866 εἱς
2697 4803 2941 4872 παντελῆ
2990 4801 3213 4872 ἁδηλίαν
3244 4799 3512 4871 χωρῆσαι.
3565 4798 3675 4850 Καὶ
3721 4797 3811 4848 ἶνα

2219 4895 2379 4950 τοῦτο
2414 4895 2771 4966 ἐκδηλότερον
2857 4935 2871 4959 ,
2898 4894 3228 4966 προστίθησι
3265 4894 3360 4947 καὶ
3389 4893 3456 4946 τὰ
3484 4893 3543 4945 ὲν
3566 4890 3720 4961 αὐτῷ
3751 4887 3812 4955 ἐξ

2223 4988 2416 5050 αἰῶνος
2470 4986 2935 5058 ἐμπολιτευθέντα
2988 4986 3201 5058 τρυφῆς
3242 4984 3513 5056 παραίτια
3546 4982 3640 5036 καὶ¹
3663 4983 3812 5035 ἀσω-

2222 5082 2343 5147 τίας
2374 5080 2529 5152 ὄχλον
2559 5080 2972 5150 ἀνερεθίζοντα.

2299 5282 2420 5335 Ὅτι
2444 5284 2497 5336 ol
2517 5280 2768 5350 ἔμποροί
2787 5293 2925 5334 σου.
2969 5277 3279 5349 Ἐμπόρους
3296 5276 3420 5341 τοὺς
3447 5274 3816 5345 συγκροτῶν-

2225 5390 2323 5438 τας
2376 5374 2438 5426 τὲ
2470 5373 2561 5426 ἐπὶ
2613 5372 2718 5443 γῆς
2778 5370 2939 5426 τοῦτο
2984 5372 3135 5439 λέγει
3176 5369 3548 5441 πανηγύριον,
3590 5368 3670 5421 διὸ
3720 5367 3814 5421 καὶ

2231 5464 2562 5537 μεγιστᾶνάς
2590 5481 2777 5534 φησιν.
2810 5464 2886 5517 Οὐ
2920 5463 3029 5534 γὰρ
3056 5463 3308 5534 πενήτων
3345 5462 3405 5515 τὸ
3443 5460 3813 5532 ἁϐροδίαιτον,

2227 5558 2487 5628 οὐδεμιᾶς
2539 5555 2789 5623 ἔξουσίας
2826 5555 2887 5608 τὸ
2946 5554 3227 5625 διαφόροις
3281 5552 3563 5623 γοητείαις
3625 5550 3816 5620 ὥσπερ

547 5658 744 5720 statis,
792 5656 961 5709 variis
1022 5655 1316 5726 praestigiis
1353 5664 1611 5723 tanquam
1662 5653 1887 5707 venenis
1935 5667 2129 5707 omnes

2230 5648 2544 5717 φαρμάκοις
2573 5646 2832 5700 πάντατὰ
2863 5644 2990 5715 ἔθνη
3019 5644 3391 5714 φαρμάσσειν,
3411 5644 3443 5714 ἢ
3465 5642 3811 5704 δυναστείαις

556 5755 739 5810 gentes
770 5749 1103 5812 dcmcntarc,
1138 5756 1231 5801 aut
1264 5746 1467 5817 potenti
1500 5746 1699 5799 virtute
1726 5746 1778 5798 in
1811 5745 2127 5799 servitutem

2230 5741 2788 5809 καταδουλουμένους,
2817 5740 2848 5809 ή
2885 5741 3184 5808 τυραννικῇ
3228 5737 3318 5808 βίᾳ
3347 5736 3812 5807 ἀφανιζομένους,

561 5837 833 5907 ιυὸίειιιο,
862 5850 954 5895 aut
983 5842 1268 5911 tyrannica
1297 5840 1549 5895 violentia
1589 5836 1654 5893 de
1690 5838 1866 5893 medio
1900 5837 2084 5893 tollere
2113 5854 2123 5889 :

2232 5832 2324 5902 ἀφ’
2354 5828 2419 5903 ἧς
2448 5832 2537 5885 καὶ
2576 5832 2785 5901 αἵματα
2814 5829 2919 5883 τῶν
2948 5828 3327 5898 ἀνακειμένων
3354 5826 3471 5901 Θεῷ
3503 5824 3813 5897 χειμάρρου
