4164 6408
335 330 447 395 737

1409 328 1801 389 COMMENT.
1842 278 1924 389 lN
1966 326 2493 389 APOCALYPSIN.

3488 335 3599 398 738

328 448 486 516 δίκην
517 444 681 515 ἐχέθη
704 484 720 508 ,
753 442 859 498 ὑπὸ
885 442 987 514 μὲν
1025 443 1317 508 Ἰουδαίων,
1364 443 1686 515 προφητῶν,
1717 443 1822 495 ὑπὸ
1855 442 1898 494 δὲ

2016 456 2044 493 a
2069 457 2175 510 qua
2209 441 2373 494 etiam
2403 440 2629 510 sanguis
2660 455 2852 495 eorum
2877 442 2970 513 qui
2993 440 3103 497 Deo
3133 444 3510 511 servabantur,
3542 450 3596 501 in

338 536 632 612 Ἑλλήνων,
661 536 770 590 τῶν
800 535 974 605 ἁγίων
1002 536 1319 608 μαρτύρων.

890 816 1146 872 unus.
1198 815 1342 883 Nq'.

328 934 461 1002 Περὶ
491 929 599 998 τῆς
629 929 749 985 τῶν
769 931 957 1002 ἁγίων
998 932 1339 1002 ὐμνῳδίας,
1371 929 1470 1002 καὶ
1504 930 1615 1002 τοῦ
1656 931 1910 1002 τριπλοῦ

410 999 769 1066 Ἆλληλούῑα
816 1001 961 1069 ὅπερ
1006 1002 1285 1069 ἔψαλλον
1314 1000 1413 1053 ἐπί
1453 999 1528 1068 τῇ
1570 1001 1909 1070 καθαιρέσει

396 1072 774 1136 Βαϐυλῶνος.

396 1186 553 1240 Μετὰ
579 1184 765 1239 ταῦτα
798 1184 1039 1252 ἤκουσα
1062 1185 1143 1250 ὡς
1169 1185 1380 1254 φωνὴν
1406 1184 1679 1255 μεγάλην
1718 1185 1909 1253 ὄχλου

328 1279 561 1332 πολλοῦ
599 1276 763 1343 ὲντῴ
784 1277 1019 1345 οὐρανῷ
1050 1280 1374 1346 λεγόντων·
1420 1278 1794 1343 Ἁλληλούτα.
1842 1278 1909 1332 Ἠ

328 1372 591 1440 σωτηρία
610 1412 626 1435 ,
650 1371 749 1424 καί
782 1373 819 1438 ἡ
849 1370 1007 1439 τιμὴ,
1034 1371 1131 1423 καὶ
1160 1371 1198 1437 ἠ
1226 1368 1499 1437 δύναμις,
1544 1371 1640 1423 καί
1669 1372 1707 1437 ὴ
1758 1370 1911 1434 δόξα

329 1461 408 1526 τῷ
428 1461 549 1527 Θεῷ
574 1461 758 1531 ήμῶν,
778 1462 865 1515 ὅτι
886 1462 1166 1529 ἀληθιναὶ
1193 1461 1289 1516 καί
1322 1461 1547 1515 δίκαιαι
1594 1466 1651 1516 al
1679 1464 1909 1531 κρίσεις

328 1554 534 1617 αὑτοῦ,
564 1554 652 1606 ὅτι
680 1554 879 1621 ἔκρινε
911 1552 1025 1620 τὴν
1052 1556 1288 1621 πόρνην
1316 1552 1431 1620 τὴν
1441 1554 1733 1623 μεγάλην,
1776 1554 1909 1620 ἣτις

327 1642 617 1712 διέφθειρε
656 1644 769 1711 τὴν
816 1644 932 1714 γῆν
980 1645 1051 1697 ἐν
1087 1644 1330 1712 πορνείᾳ
1370 1643 1580 1711 αὐτῆς,
1634 1643 1732 1697 καί
1776 1643 1907 1707 ἐξε-

326 1736 537 1803 δίκησε
555 1737 619 1789 τὸ
630 1732 773 1806 αἷμα
795 1736 913 1791 τῶν
940 1736 1175 1791 δούλων
1192 1734 1379 1790 αὑτοῦ
1396 1736 1464 1788 ὲκ
1479 1736 1677 1803 χειρὸς
1694 1734 1905 1803 αὐτῆς.

2021 533 2243 585 modum
2273 532 2532 585 torrentis
2560 531 2765 587 ellnsus
2800 545 2904 600 est,
2933 550 2961 587 a
2991 533 3198 590 Iudaeis
3224 537 3439 604 quidem
3471 554 3600 593 san-

2015 624 2135 692 guis
2171 625 2590 693 prophetarum,
2620 638 2649 677 a
2690 624 2895 681 Gratcis
2938 640 3066 681 vero
3099 635 3415 681 sanctorum
3453 644 3598 682 mar-

2016 723 2218 785 tyrum.

2598 828 2826 884 CAPUT
2871 827 3001 883 LVI.

2016 941 2095 997 De
2151 952 2308 996 cantu
2358 952 2700 1009 sanctorum,
2749 952 2797 996 et
2837 942 2901 996 de
2948 942 3151 1011 triplici
3188 942 3417 995 Alleluia

2236 1017 2535 1068 cecinerunt
2568 1029 2663 1081 pro
2691 1012 3026 1066 subversione
3059 1013 3369 1082 Babylonis.

3459 944 3597 1012 quod

2084 1189 2225 1256 XIX,
2258 1191 2375 1245 1-4.
2437 1190 2563 1245 Post
2604 1192 2713 1246 ltwc
2744 1193 2923 1246 audivi
2951 1202 3203 1261 tanquam
3245 1209 3420 1247 vocem
3461 1210 3595 1245 ma-

2013 1300 2170 1354 gnam
2202 1283 2371 1336 turba:
2395 1284 2577 1337 multa:
2600 1285 2654 1337 in
2680 1286 2829 1352 caelo,
2858 1286 3080 1338 dicentis
3100 1303 3118 1339 :
3153 1286 3404 1339 Alleluia.
3434 1284 3594 1340 Salus

2010 1385 2061 1428 et
2089 1374 2259 1426 honor
2289 1384 2337 1427 et
2372 1384 2605 1442 potestas
2632 1386 2677 1428 et
2712 1376 2884 1444 gloria
2934 1376 3038 1428 Deo
3068 1388 3267 1438 nostra,
3301 1378 3426 1445 quia
3472 1392 3593 1429 vera

2010 1478 2059 1519 et
2085 1468 2239 1535 justa
2273 1475 2395 1518 sunt
2418 1467 2632 1535 judicia
2653 1468 2788 1534 ejus,
2817 1468 2942 1536 quia
2969 1468 3233 1535 judicavit
3267 1470 3592 1521 meretricem

2012 1572 2255 1625 magnam
2297 1572 2413 1624 qua:
2464 1558 2697 1625 corrupit
2737 1567 2933 1610 terram
2968 1558 3339 1625 prostitutione
3376 1557 3488 1617 sui,
3542 1564 3591 1609 et

2012 1647 2154 1701 ultus
2207 1656 2284 1700 est
2339 1650 2651 1717 sanguinem
2717 1665 2985 1703 servorum
3038 1665 3255 1702 suorum
3308 1648 3372 1701 de
3431 1664 3592 1699 manu

2012 1737 2197 1804 ipsius.
2230 1737 2561 1806 Rursumque
2592 1738 2727 1793 dixit
2762 1756 2780 1793 :
2819 1740 3071 1793 Alleluia.
3110 1738 3177 1791 Et
3212 1740 3389 1808 fumus
3426 1739 3593 1803 ipsius

325 1826 434 1879 Kal
455 1827 737 1895 δεύτερον
758 1828 1000 1895 εἴρηκεν
1019 1844 1033 1858 ’
1069 1827 1436 1894 Ἀλληλούῖα
1458 1842 1471 1854 ·
1494 1825 1592 1878 καί
1616 1828 1649 1879 ό
1675 1824 1898 1890 καπνὸς

2010 1829 2240 1881 ascendit
2280 1831 2336 1882 in
2372 1830 2569 1884 swcula
2618 1832 2957 1884 steculorum.
2996 1830 3062 1883 Et
3118 1832 3459 1899 prociderunt
3508 1831 3591 1881 vi-

323 1920 514 1987 αὺτῆς
558 1920 868 1974 ἀναϐαίνει
908 1921 996 1985 εἰς
1034 1920 1176 1985 τοὺς
1224 1918 1446 1983 αἰῶνας
1483 1917 1601 1971 τῶν
1650 1917 1899 1971 αίώνων.

324 2011 434 2065 Kal
487 2011 716 2064 ἔπεσον
762 2013 817 2064 οἱ
867 2011 1257 2079 πρεσϐύτεροι
1305 2013 1358 2063 οἱ
1410 2011 1903 2076 εἰκοσιτέσσαρες

323 2095 423 2153 καί
443 2101 514 2155 τὰ
537 2101 807 2171 τέσσαρα
835 2101 967 2166 (an,
998 2102 1096 2155 καὶ
1134 2102 1610 2169 προσεκύνησαν
1655 2100 1735 2164 τῷ
1780 2098 1903 2165 Θεῷ

320 2195 402 2259 τῷ
465 2196 776 2265 καθημένῳ
833 2196 933 2249 ἐπὶ
978 2196 1058 2262 τῷ
1116 2196 1328 2265 θρόνῳ,
1351 2194 1655 2265 λέγοντες·
1702 2192 1902 2263 Ἀμὴν,

341 2289 717 2356 Ἀλληλούὶὶι.

406 2380 726 2448 ’Δλληλούῖα
778 2379 1037 2449 σημαίνει
1065 2377 1127 2431 τό
1152 2395 1167 2411 ο
1213 2376 1564 2447 Ύμνήσατε,
1617 2377 1900 2431 αίνέσατε

322 2474 428 2528 τὸν
466 2473 633 2527 Θεόν.
674 2472 1112 2543 Εὑχαριστήριον
1146 2470 1331 2523 τοίνυν
1370 2469 1589 2540 ᾅδουσιν
1638 2466 1781 2537 ᾠδὴν
1806 2464 1899 2517 ἐπὶ

319 2569 385 2636 τῇ
452 2564 820 2635 δικαιοκρισέᾳ
867 2560 958 2615 τοῦ
1018 2561 1193 2627 Θεοῦ,
1237 2561 1320 2614 ὅτι
1372 2559 1900 2631 ἀπροσωπολήπτως

322 2656 593 2727 ὑπεξῆλθε
619 2658 687 2726 τῇ
716 2654 895 2725 πόρνῃ
917 2655 984 2723 τῇ
1018 2651 1252 2724 μεγάλῃ.
1283 2651 1445 2720 Λέγει
1478 2650 1537 2704 δὲ
1571 2651 1699 2714 τοὺς
1729 2651 1786 2702 ὲν
1819 2648 1899 2720 τῷ

319 2746 512 2815 κόσμῳ
537 2744 735 2814 τούτῳ.

389 2837 500 2891 Kal
552 2836 835 2903 δεύτερον
881 2833 1160 2902 εἵρηκεν⁶
1213 2832 1604 2900 Ἀλληλούτα.
1646 2829 1770 2883 Ἐπὶ
1820 2830 1899 2900 τῷ

319 2930 524 3001 πρώτῳ
552 2929 645 2981 καὶ
678 2928 932 2998 δεύτερον
968 2924 1309 2995 Ἀλληλούῖα,
1336 2926 1433 2978 καὶ
1466 2924 1561 2977 ἐπὶ
1597 2922 1774 2993 τούτῳ
1802 2922 1897 2975 καὶ

318 3021 519 3093 τρίτον.
554 3019 663 3072 Καὶ
688 3018 768 3071 ἔτι
792 3016 1090 3085 κατωτέρω
1118 3018 1213 3069 καὶ
1241 3018 1434 3086 τρισσῇ
1470 3017 1537 3086 τῇ
1563 3013 1658 3068 τοῦ
1702 3012 1895 3083 Ἀλλη-

2008 1921 2141 1990 ginti
2166 1931 2395 1989 quatuor
2424 1925 2655 1975 seniores
2679 1932 2727 1974 et
2756 1934 2985 1991 quatuor
3010 1923 3291 1987 animalia,
3315 1932 3367 1976 et
3394 1922 3591 1974 adora-

2008 2019 2190 2062 verunt
2222 2009 2389 2063 Deum
2421 2012 2511 2080 qui
2545 2011 2758 2066 sedebat
2796 2029 2953 2082 super
2992 2014 3260 2077 thronum,
3293 2014 3521 2066 dicentes
3569 2026 3591 2066 :

2010 2100 2197 2167 Amen,
2232 2101 2465 2156 Alleluia

2079 2367 2310 2421 Alleluia
2366 2366 2635 2438 signiﬁcat
2672 2386 2687 2423 :
2724 2366 2988 2432 Laudate,
3047 2369 3331 2423 benedicite
3397 2372 3586 2427 Deum-

2007 2459 2297 2514 Canticum
2351 2459 2515 2529 igitur
2544 2470 2748 2513 canunt
2785 2460 2837 2512 in
2874 2460 3174 2529 gratiarum
3219 2464 3488 2519 actionem
3517 2470 3588 2517 oh

2002 2549 2214 2621 justum
2252 2548 2345 2601 Dei
2378 2548 2647 2617 judicium
2678 2548 2823 2616 quod
2865 2550 2983 2601 sine
3024 2560 3271 2613 respectu
3316 2567 3584 2620 persona-

2006 2655 2126 2694 rum
2174 2639 2461 2694 sustulerit
2508 2639 2853 2692 meretricem
2910 2638 3057 2691 illam
3113 2654 3394 2708 tiiagnam.
3450 2641 3589 2698 Dicit

2005 2742 2184 2787 autem
2210 2745 2308 2785 eos
2336 2729 2428 2799 qui
2455 2729 2509 2781 in
2534 2730 2638 2783 hoc
2664 2729 2866 2782 mundo
2902 2736 3051 2781 sunt.

2082 2821 2413 2891 Rursumque
2436 2822 2611 2874 dixit:
2639 2821 2892 2875 Alleluia.
2928 2821 3129 2876 Pi'aater
3153 2823 3391 2892 primum
3422 2826 3587 2881 etiam

2003 2916 2222 2971 additur
2278 2915 2581 2970 secundum
2629 2916 2889 2980 Alleluia,
2936 2926 2990 2971 et
3034 2929 3233 2986 praeter
3279 2920 3383 2974 hoc
3419 2921 3585 2976 etiam

2006 3007 2245 3061 tertium.
2290 3006 2370 3060 Ad
2424 3006 2539 3061 lucc
2588 3021 2809 3077 quoque
2861 3008 3023 3060 etiam
3068 3008 3301 3063 inferius
3336 3026 3459 3065 cum
3492 3015 3589 3067 tri-

319 3112 475 3166 λούῖα
530 3112 880 3179 ἀναφωνήσει
919 3108 1017 3178 τὴν
1064 3107 1496 3177 τρισυπόστατον
1542 3108 1898 3177 ἁνυμνεῖσθαι

2004 3099 2129 3169 plici
2162 3099 2560 3153 acclamatione
2595 3099 2825 3153 Alleluia
2865 3100 3074 3153 laudari
3108 3101 3315 3155 videbis
3345 3105 3415 3157 at)
3450 3103 3586 3174 ipsis

318 3204 525 3274 Τριάδα
550 3203 639 3255 ὑπ’
656 3200 835 3255 αὐτῶν
860 3199 1181 3270 θεωρήσεις.
1214 3198 1369 3262 Τίνες
1392 3198 1449 3251 δὲ
1466 3199 1516 3250 oi
1536 3198 1899 3269 πρεσόύτεροι

321 3294 506 3348 καὶτὰ
535 3293 779 3360 τέσσαρα
831 3290 971 3354 ζῶα,
1028 3287 1500 3359 προτεθεώρηται.
1564 3286 1793 3348 Καπνὸς
1841 3286 1898 3339 δὲ

321 3386 510 3457 ἀνέϐη,
547 3382 943 3457 ὴὰποκειμένη
980 3381 1078 3451 τῆς
1104 3377 1377 3449 τιμωρίας
1406 3376 1562 3439 ἐλπὶς
1596 3377 1655 3443 ἐξ
1700 3375 1898 3436 αἰῶνος

319 3476 757 3548 ἀποκρεμαμένη
813 3475 926 3537 τοῖς
984 3472 1150 3538 ἀξίως
1200 3470 1308 3523 τῶν
1357 3467 1571 3522 ἑαυτῶν
1642 3465 1897 3537 πονηρῶν

316 3569 491 3641 ἔργων
524 3568 849 3639 ληψομένοις
878 3564 976 3635 τὴν
1009 3561 1266 3634 ἀμοιϐήν.

386 3770 494 3827 Kal
524 3768 694 3839 φωνὴ
749 3767 819 3821 ἐκ
869 3766 976 3821 τοῦ
1033 3765 1248 3832 θρόνου
1300 3762 1525 3831 ἐξῆλθε
1585 3760 1889 3832 λέγουσα⁸

314 3862 545 3919 Αἰνεῖτε
580 3861 688 3915 τὸν
711 3859 860 3913 Θεὸν
891 3855 1061 3926 ἡμῶν
1083 3855 1303 3918 πάντες
1338 3857 1392 3908 οί
1436 3852 1647 3907 δοῦλοι
1681 3854 1893 3920 αὐτοῦ,

314 3958 414 4010 καί
443 3958 497 4009 ol
523 3954 880 4024 φοϐούμενοι
906 3948 1092 4004 αὑτὸν
1115 3950 1169 4001 οι
1187 3946 1386 4017 μικροί
1418 3946 1515 4000 καί
1546 3949 1600 3999 οί
1619 3944 1893 4015 μεγάλοι.

317 4051 425 4105 Kal
458 4048 699 4118 ἤκουσα
738 4046 818 4110 ὡς
860 4042 1072 4113 φωνὴν
1115 4042 1304 4109 ὄχλου
1355 4039 1611 4103 πολλοῦ,
1670 4038 1770 4092 καί
1815 4038 1897 4103 ὠς

314 4142 529 4211 φωνὴν
556 4137 793 4195 ὑδάτων
822 4132 1090 4195 πολλῶν,
1120 4134 1218 4185 καὶ
1256 4132 1337 4197 ὡς
1364 4130 1577 4200 φωνὴν
1617 4127 1897 4197 ,βροντῶν

315 4231 583 4301 ισχυρῶν
608 4229 895 4297 λέγοντας
918 4242 933 4257 ·
978 4224 1365 4291 Ἀλληλούἳα,
1405 4222 1493 4275 ὅτι
1535 4222 1895 4275 ἐϐασίλευσε

313 4326 530 4393 Κύριος
555 4327 588 4378 ὀ
612 4322 756 4387 Θεὸς
778 4319 946 4389 ἡμῶν
970 4320 1001 4372 ὁ
1030 4314 1476 4385 παντοκράτωρ.

384 4415 585 4485 Θρόνος
606 4412 700 4466 τοῦ
726 4409 862 4464 Θεοῦ
903 4409 972 4462 τὰ
1000 4407 1264 4478 σεραφίμ.
1300 4407 1362 4458 El.
1392 4402 1485 4459 οὖν
1509 4403 1620 4458 ἀπὸ
1646 4405 1836 4457 τούτου
1858 4418 1891 4473 η

313 4506 493 4575 φωνὴ,
523 4505 631 4575 ἄρα
652 4504 750 4558 καὶ
776 4502 884 4556 ἀπὸ
910 4500 1021 4557 τῶν
1064 4497 1328 4570 σεραφίμ.
1358 4498 1427 4549 Ἦ
1463 4498 1511 4549 εί
1546 4496 1649 4577 οιαὶ
1697 4496 1772 4567 μὴ
1799 4496 1893 4549 τὸν

313 4599 503 4670 θρόνον
530 4616 612 4661 τις
640 4597 816 4650 ἐθέλοι
839 4596 980 4649 νοεῖν
1014 4591 1084 4645 τὰ
1124 4590 1387 4661 σεραφὶμ,
1416 4588 1553 4643 ἀλλὰ
1595 4587 1692 4642 καὶ
1720 4587 1893 4649 οὕτως

312 4692 423 4744 ἀπὸ
465 4691 575 4743 τῶν
604 4689 849 4758 σεραφὶμ
870 4689 899 4740 ὁ
922 4682 1093 4749 αἶνος.

383 4784 492 4838 Kal
518 4783 599 4848 ὡς
626 4783 839 4852 φωνὴν
866 4779 1101 4837 ὑδάτων
1120 4778 1388 4835 πολλῶν.
1413 4777 1525 4848 Τὴν
1547 4773 1731 4845 φωνὴν
1758 4772 1893 4826 ταύ-

310 4892 413 4945 την
454 4873 650 4927 πολλοῦ
701 4872 863 4943 ὄχλου
900 4872 1133 4926 ὑδάτων»
1162 4869 1497 4942 καταρρήξω
1532 4869 1625 4921 καὶ
1653 4864 1893 4937 βροντῶν

316 4968 515 5038 ἰσχυρᾷ
542 4965 831 5030 ἀπεικάζει
862 4964 1133 5035 διηχήσει,
1153 4962 1216 5016 τὸ
1238 4961 1561 5033 διαπρύσιον
1583 4958 1677 5013 τοῦ
1715 4958 1887 5027 ὕμνου

312 5058 422 5111 τῶν
464 5057 731 5129 οὐρανίων
791 5056 887 5111 καὶ
943 5055 1263 5127 ἀναρίθμων
1317 5052 1652 5125 παραδηλῶν
1727 5051 1903 5106 sm-

313 5168 484 5223 μεων.

901 5260 1149 5315 ΚΕΦΑΛ.
1183 5260 1311 5315 NZ'.

308 5377 453 5446 Περὶ
486 5376 594 5432 τοῦ
607 5374 911 5447 μυστικοῦ
934 5374 1149 5500 fugavi,
1194 5372 1295 5427 καί
1346 5371 1454 5427 τοῦ
1500 5372 1750 5426 δείπνου
1786 5370 1895 5425 τοῦ

1038 5463 1115 5500 ον
1140 5461 1234 5500 ου.

1035 5461 1234 5512 ρνιου.

378 5580 686 5649 Χαίρωμεν
723 5578 824 5634 καὶ
874 5577 1312 5649 ἀγαλλιώμεθα,
1372 5575 1469 5630 καὶ
1525 5574 1720 5645 δῶμεν
1772 5575 1889 5644 τὴν

304 5670 500 5735 δόξαν
535 5669 715 5737 αὐτῷ,
743 5671 833 5725 ὅτι
855 5667 1043 5742 ἦλθεν
1063 5673 1097 5725 ό
1122 5670 1309 5740 γάμος
1341 5668 1445 5722 τοῦ
1463 5668 1694 5737 ἀρνίου.
1716 5670 1823 5723 Kal
1846 5669 1887 5737 ἡ

304 5764 465 5833 γυνὴ
494 5763 684 5821 αὐτοῦ
720 5763 1049 5835 ἡτοίμασεν
1077 5760 1325 5832 ἑαυτὴν,
1353 5760 1452 5817 καί
1501 5761 1703 5839 ἐδόθη-
1729 5760 1884 5830 αὐτῇ

2002 3192 2327 3247 Trinitatem
2386 3192 2554 3245 trium
2593 3206 2981 3261 personarum.
3041 3194 3276 3257 Quinam
3312 3209 3440 3249 vero
3478 3198 3589 3251 sint

2000 3283 2247 3339 seniores
2287 3294 2340 3338 et
2388 3292 2624 3353 quatuor
2672 3283 2949 3347 animalia,
2993 3282 3160 3353 804
3193 3295 3349 3339 antea
3405 3286 3584 3340 visum

1998 3383 2101 3429 est.
2143 3374 2353 3429 Fumus
2393 3383 2575 3428 autem
2623 3373 2891 3437 ascendit,
2944 3374 3049 3427 hoc
3088 3384 3192 3437 est,
3234 3386 3449 3429 servata
3500 3392 3586 3431 est

1998 3465 2253 3535 supplicii
2301 3465 2638 3535 exspectatio
2668 3479 2699 3519 a
2748 3464 2951 3519 saculo
2993 3479 3296 3533 suspensa,
3348 3466 3433 3521 his
3491 3467 3584 3534 qni

1998 3556 2195 3610 merito
2250 3570 2476 3610 suorum
2532 3568 2827 3625 pravorum
2860 3568 3091 3623 operum
3136 3563 3268 3609 sunt
3304 3556 3583 3625 accepturi

1998 3648 2441 3703 retributionem.

2068 3757 2213 3825 XIX,
2252 3758 2307 3822 5,
2341 3757 2396 3812 6.
2429 3756 2498 3811 Et
2525 3773 2625 3810 vox
2649 3756 2713 3809 de
2744 3757 2931 3809 throno
2956 3756 3136 3819 exivit,
3168 3756 3348 3810 dicens
3389 3772 3408 3810 :
3439 3755 3585 3811 Lau-

1996 3850 2121 3904 date
2148 3849 2313 3902 Deum
2345 3858 2605 3912 nostrum,
2637 3864 2815 3901 omnes
2836 3847 2970 3899 servi
2994 3847 3181 3913 ipsius,
3200 3856 3248 3900 et
3277 3848 3366 3915 qui
3388 3848 3584 3901 timetis

1995 3942 2168 4010 ipsum
2205 3941 2390 4009 pusilli
2432 3948 2480 3994 et
2516 3938 2800 4009 magni.Et
2822 3938 3000 3991 audivi
3027 3939 3162 3991 sicut
3207 3954 3381 3991 vocem
3414 3939 3583 3992 lurst

1997 4036 2216 4100 multas,
2252 4045 2302 4089 et
2335 4045 2587 4105 tanquam
2633 4049 2806 4087 vocem
2848 4048 3107 4101 aquarum
3156 4032 3448 4084 multarum
3473 4071 3488 4095 ,
3532 4041 3582 4085 et

1996 4138 2253 4198 tanquam
2290 4122 2468 4181 vocem
2520 4126 2879 4179 tonitruorum
2939 4124 3188 4193 fortium,
3234 4124 3519 4176 dicentium
3560 4138 3580 4175 :

1994 4216 2267 4283 Alleluia,
2302 4218 2552 4285 quoniam
2607 4214 2839 4286 regnavit
2894 4212 3151 4266 Dominus
3204 4212 3347 4266 Deus
3402 4222 3581 4266 noster

1994 4310 2344 4376 omnipotens.

2067 4398 2324 4453 Thronus
2385 4397 2478 4452 Dei
2528 4405 2657 4452 sunt
2700 4394 2978 4466 seraphim
3033 4413 3047 4449 :
3090 4395 3135 4450 si
3180 4410 3311 4465 ergo
3361 4395 3430 4449 ab
3474 4395 3587 4450 hoc

1992 4489 2163 4545 exivit
2192 4504 2318 4552 vox,
2347 4496 2496 4542 certe
2522 4495 2577 4541 et
2608 4502 2637 4540 a
2674 4487 2972 4555 serapliim.
3006 4483 3114 4539 Aut
3159 4485 3321 4539 etiam
3363 4485 3409 4539 si
3449 4486 3575 4553 quis

1992 4582 2252 4635 thronum
2317 4579 2486 4633 nollet
2551 4578 2856 4646 intelligere
2904 4577 3218 4648 seraphim,
3259 4578 3426 4633 etiam
3474 4578 3578 4631 hoc

1991 4671 2157 4726 modo
2187 4670 2467 4740 egreditur
2499 4670 2617 4725 laus
2646 4684 2676 4723 a
2708 4668 3009 4738 seraphim.

2065 4761 2128 4815 Et
2173 4772 2425 4831 tanquam
2479 4777 2654 4815 vocem
2708 4776 2966 4830 aquarum
3014 4760 3325 4813 multarum.
3374 4758 3575 4814 Vocem

1994 4853 2136 4907 bane
2158 4862 2442 4923 comparat
2465 4853 2773 4923 impetuoso
2802 4852 3091 4908 descensui
3122 4852 3281 4905 multi
3309 4851 3576 4905 tumultus

1995 4946 2108 5002 sive
2145 4946 2584 5016 congregationis
2617 4960 2907 5016 aquarum,
2945 4944 3181 5015 fortique
3207 4943 3573 4999 tonitruorum

1997 5054 2156 5105 sono,
2184 5039 2621 5109 penetrationem
2645 5038 2823 5094 laudis
2848 5036 3164 5106 signiﬁcans
3191 5034 3497 5091 oculi-stium
3520 5043 3576 5088 et

1998 5131 2412 5187 innumerarum
2453 5130 2742 5186 virtutum.

2583 5239 2811 5297 CAPUT
2852 5237 3007 5294 LVII.

2278 5353 2355 5410 De
2389 5355 2626 5425 mysticis
2655 5353 2853 5423 nuptiis
2882 5362 2931 5407 et
2963 5366 3108 5405 caena
3139 5350 3285 5419 agni.

2068 5576 2222 5644 XIX,
2251 5578 2408 5633 7-10.
2445 5593 2782 5632 uauaeamus
2828 5586 2878 5632 et
2920 5575 3263 5635 exsultemus.
3299 5586 3351 5628 et
3390 5572 3572 5627 demus

1994 5669 2095 5739 ipsi
2123 5669 2372 5741 gloriam,
2404 5671 2649 5741 quoniam
2679 5678 2929 5724 venerunt
2961 5669 3159 5736 nuptiae
3184 5668 3329 5737 agni,
3355 5674 3402 5720 et
3440 5678 3573 5718 uxor

1993 5764 2161 5832 ipsius
2192 5765 2512 5834 pra'paravit
2548 5780 2603 5819 se
2637 5778 2655 5817 :
2691 5772 2739 5819 et
2768 5763 2955 5817 datum
2981 5772 3055 5818 est
3086 5761 3191 5831 ipsi
3233 5769 3286 5815 ut
3316 5760 3572 5815 vestiatur
