4164 6408
1433 348 1761 410 ΛΠΕΤΗΙΕ
1794 345 2174 408 (ΖίΕΞΑΒΕιΕ
2209 346 2691 410 ΟΛΡΡΛΙὈΟΙΑΞ
2724 348 3065 413 EPISCOPI

594 356 703 420 739
1433 349 1761 410 ARETHIE
1794 349 2174 408 CxESARE/E
2209 360 2214 396 ι

2288 349 2691 410 ιΡΡΛΒΟΟΙίΕ
2724 349 3065 413 EPISCOPI
3765 349 3873 415 740

592 466 805 538 byssino
836 464 1110 536 splendido
1140 473 1188 518 et
1224 478 1356 530 puro
1396 476 1415 515 :
1458 477 1579 514 nam
1610 460 1882 528 byssinum
1908 458 2181 527 jnsliﬁca-
2208 525 2214 535 ⁴

2288 460 2384 514 ira
2415 460 2803 529 περιϐάληται
2825 462 3139 526 βύσσινον
3157 460 3439 531 λαμπρὸν
3464 458 3562 514 καὶ
3586 464 3868 530 καθαρόν.
3960 462 3970 471 ’

593 561 760 613 tiones
792 567 913 611 sunt
956 566 1281 609 sanctorum.
1327 552 1390 605 Et
1441 552 1519 605 ait
1553 551 1680 603 mihi
1711 566 1727 603 :
1762 547 1984 604 Scribe:
2023 549 2178 605 Beati

2292 554 2360 606 Τὸ
2387 554 2497 621 γὰρ
2519 553 2851 619 βύσσινον,
2880 553 2952 607 τὰ
2976 551 3338 621 δικαιώματα
3364 551 3483 606 τῶν
3503 552 3686 621 ἁγίων
3714 554 3872 610 ἐστι.

590 653 682 719 qui
717 650 784 702 ad
829 662 1030 700 cwnam
1065 646 1371 712 nuptiarum
1400 642 1525 713 agni
1555 642 1726 695 vocati
1758 649 1901 694 sunt.
1953 639 2019 693 Et
2046 641 2177 693 dicit

2288 644 2393 697 Kal
2424 643 2587 713 λέγει
2597 661 2723 712 μοι’
2744 645 3014 717 Γράψον⁸
3034 643 3322 712 Μακάριοι
3346 645 3399 697 oi
3419 645 3507 710 είς
3532 643 3599 698 τὸ
3627 643 3873 699 δεῖπνον

595 743 725 795 mihi
765 759 783 795 :
828 740 901 793 Hi
953 755 1216 793 sermones
1275 737 1368 791 Dei
1412 736 1518 790 veri
1571 744 1712 790 sunt.
1761 734 1827 787 Et
1869 734 2075 804 procidi
2110 737 2182 786 ad

2288 735 2387 787 τοῦ
2412 733 2603 803 γάμου
2631 734 2737 788 τοῦ
2766 735 2980 803 ἀρνίου
3008 733 3389 803 κεκλημένοι.
3427 733 3539 788 Kal
3566 735 3731 803 λέγει
3747 752 3871 804 μοι’

591 835 747 903 pedes
778 832 891 901 ejus
932 840 987 883 ut
1016 834 1296 884 adorarent
1335 844 1475 883 eum.
1508 826 1575 880 Et
1610 828 1685 881 ait
1728 827 1855 879 mihi
1894 842 1912 879 :
1967 824 2093 879 Vide
2120 842 2182 880 ne

2288 821 2461 880 Οὗτοι
2484 828 2539 880 οι
2561 827 2730 894 λόγοι
2759 826 3036 894 ἀληθινοὶ
3059 825 3168 880 τοῦ
3204 827 3352 881 Θεοῦ
3383 829 3523 882 εἱσι.
3580 827 3693 880 Καὶ
3737 827 3874 881 ἕπε-

592 925 777 994 feceris
809 939 837 981 ε,
860 938 1133 976 conservus
1165 932 1287 976 tuus
1317 938 1455 984 sum,
1489 928 1536 973 et
1568 920 1799 988 fratrum
1838 926 2050 971 tuorum
2086 919 2183 973 Ira-

2288 933 2396 970 σον
2418 918 2760 985 ἔμπροσθεν
2786 917 2905 971 τῶν
2940 918 3146 972 ποδῶν
3186 918 3396 983 αὑτοῦ,
3442 918 3875 987 προσκυνῆσαι

594 1016 824 1069 bentium
873 1016 1235 1068 testimonium
1268 1011 1402 1066 Jesu
1438 1027 1455 1065 :
1492 1011 1654 1064 Deum
1683 1009 1879 1063 adora.
1923 1009 2181 1065 Testimo-

2288 1007 2461 1074 αὐτῷ,
2486 1010 2582 1063 καί
2610 1008 2773 1078 λέγει
2803 1027 2907 1079 μοι
2935 1027 2948 1041 ·
2986 1010 3156 1079 ”ορα,
3188 1011 3295 1079 μή.
3360 1010 3707 1076 Σύνδουλός
3755 1010 3872 1065 σού

596 1110 744 1161 nium
767 1108 904 1160 enim
933 1105 1066 1159 Filii
1094 1116 1171 1160 est
1205 1106 1425 1175 spiritus
1454 1103 1760 1173 prophetiae.
1966 1141 1973 1148 .

2288 1103 2417 1170 εἰμι.
2460 1101 2559 1155 καί
2597 1102 2715 1156 τῶν
2756 1101 3039 1171 ἀδελφῶν
3088 1116 3206 1156 σου
3250 1102 3370 1155 τῶν
3432 1102 3699 1169 ἐχόντων
3753 1100 3875 1169 τὴν

587 1199 924 1268 μαρτυρίαν
956 1196 1163 1265 Ἰησοῦ
1187 1214 1199 1226 ·
1230 1195 1311 1262 τῷ
1349 1194 1471 1260 Θεῷ
1502 1194 1968 1263 προσκύνησον·
1992 1191 2033 1261 ἡ
2099 1192 2209 1260 γὰρ
2240 1193 2544 1261 μαρτυρία
2579 1192 2687 1246 τοῦ
2726 1193 2861 1248 Υίοῦ
2883 1191 3017 1246 ἐστι
3089 1193 3155 1247 τὸ
3206 1193 3444 1262 πνεῦμα
3489 1194 3601 1264 τῆς
3635 1207 3873 1262 προφη-

594 1311 780 1359 τειας.

667 1382 994 1455 Spirituales
1038 1380 1255 1435 Domini
1286 1379 1490 1449 nuptize
1520 1378 1574 1433 in
1621 1378 1878 1447 praesenti
1909 1378 2018 1430 vita
2052 1381 2179 1429 sunt

2381 1376 2423 1426 υ
2446 1374 2503 1426 ὲν
2527 1374 2608 1444 τῷ
2635 1372 2864 1442 παρόντι
2911 1373 3278 1438 πνευματικὸς
3308 1370 3487 1445 γάμος
3536 1375 3630 1430 τοῦ
3664 1378 3867 1449 Κυρίου

595 1479 669 1533 ob
712 1474 1198 1545 desponsationem
1246 1486 1373 1526 cum
1406 1470 1675 1535 Ecclesia,
1712 1479 1767 1524 et
1812 1469 1885 1522 ita
1929 1466 2182 1537 perfectae

2288 1463 2375 1514 ἐπὶ
2404 1465 2469 1533 τῇ
2499 1463 2636 1531 πρὸς
2661 1464 2760 1533 τὴν
2792 1462 3124 1532 Ἐκκλησίαν
3155 1465 3423 1536 μνηστείᾳ
3444 1467 3584 1531 ἐστὶ,
3611 1469 3706 1523 καὶ
3726 1470 3868 1524 οὕτω

598 1571 824 1639 nuptiae.
858 1568 1035 1634 Atque
1070 1567 1174 1619 hoc
1207 1564 1387 1618 innuit
1421 1562 1582 1618 dirus
1616 1561 1911 1632 Apostolus
1937 1558 2183 1613 scribens

2288 1553 2487 1617 τέλειος
2523 1554 2718 1623 γάμος.
2749 1554 2860 1607 Καὶ
2894 1552 3054 1606 τοῦτο
3082 1554 3375 1607 αἰνίττεται
3401 1557 3428 1608 ὁ
3455 1556 3597 1621 θεῖος
3613 1558 3870 1612 Ἀπόστο-

596 1664 664 1718 ad
691 1661 1007 1718 Corinthios
1038 1676 1052 1712 :
1091 1676 1118 1746 ε
1157 1658 1351 1727 Aptari
1392 1656 1540 1710 cnim
1568 1671 1666 1710 vos
1706 1655 1798 1709 uni
1837 1656 1952 1708 viro
1987 1661 2046 1707 ut
2075 1649 2186 1704 vir-

598 1756 779 1826 ginem
812 1761 1019 1808 castam
1053 1749 1369 1804 exhiberem
1400 1747 1621 1803 Christo
1641 1747 1709 1798 ”.
1748 1764 1768 1798 ι

676 1847 744 1900 Et
790 1862 925 1899 uxor
968 1845 1154 1911 ipsius.
1221 1841 1461 1895 Uxorem
1503 1838 1776 1908 allegoria:
1818 1836 1983 1907 805
2024 1845 2182 1905 tropo

598 1949 757 1992 vocat
781 1936 1107 1999 Ecclesiant,
1141 1933 1266 1987 ideo
1292 1943 1349 1986 et
1382 1932 1475 1985 lilii
1514 1931 1714 2000 nuptiae
1743 1929 2101 1994 inducuntur,
2130 1938 2185 1982 et

599 2030 840 2100 virgines
894 2037 1024 2082 sunt
1078 2041 1197 2095 qua:
1232 2023 1416 2078 ierunt
1463 2021 1775 2092 lampades,
1818 2035 2053 2091 quarum
2102 2023 2184 2074 ha:

598 2137 721 2193 quae
769 2118 1061 2175 snﬂicienti
1094 2131 1206 2172 usa!
1240 2123 1370 2171 sunt
1416 2114 1558 2176 oleo.
1606 2114 1784 2183 dignae
1819 2112 2017 2167 habitae
2048 2121 2186 2179 sunt

600 2221 660 2265 ut
704 2211 771 2264 ad
823 2222 1086 2279 sponsum
1135 2204 1602 2276 ingrederentur:
1651 2218 1773 2272 qua:
1802 2217 1930 2256 vero
1969 2201 2024 2255 in
2064 2200 2186 2270 ejus

598 2305 781 2373 inopia
834 2310 966 2357 sunt
1006 2299 1382 2369 deprehensae,
1418 2296 1795 2353 condemnata:
1836 2302 1963 2349 sunt
1996 2308 2063 2347 ne
2103 2293 2187 2346 in-

598 2392 959 2465 grederentur
997 2407 1011 2444 :
1063 2386 1527 2458 quemadmodum
1560 2399 1692 2440 sane
1717 2393 1771 2439 et
1813 2384 1860 2439 is
1909 2383 2004 2454 qui
2036 2393 2187 2440 vesu:

600 2500 709 2540 non
765 2482 867 2537 fuit
906 2483 1133 2537 indutus
1178 2478 1435 2549 nuptiali,
1484 2484 1742 2533 ostensus
1790 2485 1872 2531 est
1923 2491 1955 2531 a
1997 2490 2185 2531 mensa

599 2577 829 2647 nuptiali
880 2574 1175 2629 excidisse.
1209 2572 1300 2626 Ait
1332 2579 1512 2625 autem
1548 2570 1736 2625 datum
1787 2568 1959 2625 fuisse
2004 2569 2184 2634 uxori,

600 2668 653 2723 id
693 2674 777 2721 est
822 2664 1102 2730 Ecclesiae,
1158 2671 1219 2717 ut
1265 2662 1495 2733 byssina
1530 2660 1879 2726 indueretnr,
1914 2660 2017 2714 hoc
2062 2667 2185 2722 est,

601 2760 909 2830 splendore.
968 2756 1101 2811 Nam
1142 2754 1461 2827 huiusmodi
1513 2761 1598 2808 est
1645 2760 1700 2807 et
1755 2752 1952 2824 hyssus
1997 2760 2185 2806 cortex

601 2853 818 2907 arboris
861 2849 1080 2913 Indicae,
1116 2864 1240 2918 quae
1277 2848 1342 2901 ad
1374 2846 1547 2900 linum
1591 2854 1955 2916 praeparatur.
1994 2843 2187 2915 Splen—

600 2944 734 2999 dore
768 2942 934 3012 igitur
977 2954 1076 3011 per
1110 2937 1397 3011 byssinum
1430 2937 1742 3008 signiﬁcato
1773 2936 1793 3005 (
1824 2935 1970 3006 quod
2004 2936 2184 3006 ipsum

602 3050 845 3105 praesens
912 3045 1135 3103 quoque
1211 3030 1472 3086 revelatio
1550 3029 1926 3093 demonstrat,
1995 3028 2186 3085 dicens

2283 1646 2372 1708 λος
2407 1645 2713 1715 Κορινθίοις
2730 1646 2980 1715 γράφων·
3029 1662 3047 1696 ι
3089 1644 3450 1717 Ἦρμοσάμην
3473 1648 3583 1717 γὰρ
3618 1650 3758 1719 ὑμᾶς
3789 1653 3871 1705 ἐνὶ

2220 1776 2262 1833 Β
2289 1737 2445 1809 ἀνδρὶ
2475 1736 2745 1807 παρθένον
2775 1736 2945 1807 ἁγνὴν
2976 1738 3325 1808 παραστῆσαι
3360 1739 3439 1808 τῷ
3460 1741 3700 1811 Χριστῷ.
3742 1761 3759 1793 ο

2362 1830 2470 1884 Kal
2498 1831 2535 1898 ἡ
2555 1829 2707 1899 γυνὴ
2727 1829 2935 1884 αὑτοῦ.
2969 1830 3208 1884 Γυναῖκα
3230 1831 3330 1901 τὴν
3360 1831 3690 1904 Ἐκκλησίαν
3705 1834 3872 1905 ἀλλη-

2290 1923 2484 1993 γορίας
2518 1923 2705 1993 τρόπῳ
2726 1924 2902 1989 καλεῖ,
2946 1923 3029 1976 διδ
3062 1924 3158 1977 καὶ
3203 1924 3380 1995 γάμος
3411 1926 3694 1993 εἰσάγεται
3719 1927 3868 1993 Υίοῦ,

2289 2015 2386 2068 καὶ
2415 2014 2677 2085 παρθένοι
2698 2014 3134 2086 λαμπαδοφόροι,
3165 2010 3242 2071 ὧν
3266 2018 3322 2069 al
3366 2018 3467 2086 μὲν
3502 2018 3716 2090 διαρκεῖ
3738 2038 3875 2090 χρη-

2292 2106 2528 2177 σάμεναι
2580 2107 2659 2177 τῷ
2708 2108 2896 2179 ἐλαίῳ,
2947 2109 3047 2179 τῆς
3087 2111 3168 2173 είς
3218 2108 3311 2163 τὸν
3352 2110 3616 2181 νυμφῶνα
3663 2112 3868 2166 εἰσόδου

2291 2198 2571 2266 ἠξίωνται,
2597 2198 2733 2253 αἰδὲ
2770 2200 2952 2273 σπᾶνῃ
2990 2199 3186 2253 τούτου
3235 2199 3561 2269 λειφθεῖσαι,
3583 2201 3871 2273 θυραυλεῖν

2292 2291 2722 2361 κατεκρίθησαν,
2771 2289 2963 2362 ὥσπερ
2995 2291 3188 2360 ἀμέλει
3220 2294 3317 2345 καὶ
3344 2293 3372 2344 ὁ
3401 2294 3476 2363 μὴ
3507 2294 3688 2363 γάμου
3723 2294 3871 2347 ἔνδυ-

2294 2397 2371 2451 μα
2401 2383 2803 2451 ἠμφιεσμένος,
2850 2382 3133 2447 ἔκπτωτος
3175 2383 3275 2455 τῆς
3305 2385 3551 2455 γαμικῆς
3582 2387 3871 2459 ἀπεφάνθη

2290 2473 2589 2542 τραπέζης.
2626 2472 2886 2526 Δεδόσθαι
2935 2472 2992 2525 δέ
3029 2489 3164 2543 φησι
3217 2477 3285 2545 τῇ
3321 2476 3561 2544 γυναικὶ,
3598 2478 3867 2540 τουτέστι.

2291 2565 2358 2633 τῇ
2419 2563 2755 2635 Ἐκκλησία,
2809 2563 2871 2617 τὸ
2928 2560 3180 2633 βύσσινον
3228 2565 3594 2633 ἐνδύσασθαι,
3629 2568 3871 2622 οἱονεὶτὸ

2291 2652 2563 2724 λαμπρόν.
2597 2654 2850 2708 Τοιοῦτον
2877 2655 3098 2726 γὰρκαὶ
3129 2657 3163 2728 ἡ
3199 2655 3414 2727 βύσσος,
3450 2659 3635 2729 φλοιὸν
3653 2661 3868 2733 δένδρου

2309 2744 2555 2811 Ἰνδικοῦ,
2611 2746 2693 2810 είς
2740 2746 2884 2801 λίνον
2938 2749 3409 2821 κατειργασμένη.
3465 2750 3572 2805 Τοῦ
3612 2752 3866 2823 λαμπροῦ

2292 2836 2474 2891 τοίνυν
2505 2836 2595 2891 διὰ
2635 2837 2730 2892 τοῦ
2790 2838 3044 2909 βυσσίνου
3078 2840 3414 2910 δηλωθέντος
3436 2885 3451 2911 ,
3478 2843 3507 2898 δ
3539 2846 3633 2900 καὶ
3673 2846 3808 2900 αὐτὸ
3836 2848 3869 2916 ἡ

2293 2929 2631 3000 προκειμένη
2675 2931 3023 3003 ἀποκάλυψις
3076 2937 3341 3007 παριστᾷ,
3386 2936 3447 2988 τὸ
3500 2936 3753 3008 λαμπρὸν
3793 2939 3869 2991 sl-

2294 3018 2471 3073 ποῦσα
2495 3022 2586 3074 καὶ
2612 3022 2879 3094 καθαρὸν,
2916 3025 2966 3078 τί
2989 3024 3055 3078 ἂν
3085 3025 3214 3080 ἄλλο
3244 3026 3547 3099 ἐννοηθείη,
3578 3027 3611 3099 ἢ
3643 3030 3699 3082 al
3735 3030 3866 3099 ἀρε-

602 3124 948 3194 splendidum
980 3130 1034 3180 et
1061 3122 1280 3195 purum)
1309 3123 1436 3192 quid
1470 3122 1619 3178 aliud
1662 3121 1997 3191 intelligetur
2021 3136 2187 3192 quam

2292 3111 2408 3177 ταὶ,
2455 3106 2544 3177 αἷς
2594 3116 2655 3168 τὸ
2691 3114 2945 3188 λαμπρὸν
2980 3119 3076 3171 καὶ
3119 3117 3337 3185 λεπτὸν,
3371 3122 3487 3184 τοῖς
3515 3121 3869 3193 διανοήμασιν

602 3218 870 3281 virtutes,
927 3229 957 3270 e
1010 3216 1215 3286 quibus
1256 3214 1513 3285 splendor
1567 3228 1632 3268 ac
1665 3213 1948 3269 subtilitas
1983 3212 2185 3268 texitur

600 3307 1135 3363 considerationibus
1173 3307 1483 3361 divinarum
1514 3304 2019 3376 iustiﬁcationum‘,?
2081 3374 2091 3384 ε

673 3397 824 3452 Beati
863 3399 953 3468 qui
984 3398 1053 3451 ad
1088 3414 1287 3452 caenam
1330 3398 1638 3467 nuptiarum
1674 3398 1799 3468 agni
1826 3397 1998 3452 vocati
2038 3404 2182 3450 sunt.

604 3488 826 3559 Utique,
862 3491 907 3544 si
934 3490 1098 3545 etiam
1128 3489 1474 3545 vocationem
1509 3498 1815 3560 sequantur
1840 3498 1899 3545 ut
1927 3495 2185 3559 oportet:

603 3582 805 3639 multos
837 3598 1076 3653 namque
1102 3583 1156 3637 in
1202 3582 1497 3655 Evangelio
1527 3584 1733 3639 scimus
1779 3598 1902 3638 esse
1943 3591 2184 3646 vocatos,

604 3690 813 3745 paucos
832 3690 962 3729 vero
992 3676 1216 3731 electos.
1240 3674 1427 3746 Neque
1452 3676 1601 3731 enim
1628 3675 1827 3731 suﬂicit
1852 3674 2085 3730 allectus
2113 3672 2184 3728 ad

603 3766 973 3832 vocationem,
1030 3765 1137 3821 nisi
1177 3766 1345 3822 etiam
1376 3766 1443 3822 ad
1502 3767 1848 3838 propositum
1922 3774 2188 3837 sequatur

604 3855 766 3924 agilis
793 3855 1083 3925 impulsus.

690 3945 819 4001 Vide
847 3962 909 4000 ne
954 3946 1162 4016 feceris.
1193 3946 1273 4002 Ne
1315 3962 1403 4003 me
1453 3945 1671 4013 adores,
1707 3947 1884 4018 inquit
1936 3949 2185 4020 angelus,

605 4046 869 4107 tanquam
921 4036 1100 4093 futura
1132 4038 1520 4108 praedicentem
1552 4057 1566 4093 :
1603 4054 1781 4109 neque
1821 4039 1971 4095 enim
2003 4055 2184 4095 meum

607 4137 693 4184 est
721 4130 827 4184 hoc
856 4130 1165 4201 prophetiae
1190 4130 1478 4195 indicium,
1519 4131 1615 4187 sed
1656 4131 2029 4189 confessionis
2058 4148 2187 4203 pro-

605 4228 727 4289 pter
764 4217 1047 4275 Christum
1100 4234 1498 4276 conservorum
1548 4236 1795 4277 meorum
1836 4239 1850 4277 :
1901 4239 2029 4277 nam
2072 4223 2187 4280 hate

602 4320 690 4371 est
724 4325 844 4379 quae
876 4310 1130 4380 spiritum
1160 4312 1540 4381 propheticum
1569 4313 1848 4368 conciliat.

680 4400 1057 4456 Testimonium
1109 4404 1251 4457 enim
1297 4402 1428 4457 Filii
1487 4414 1565 4459 est
1615 4406 1835 4473 spiritus
1877 4406 2180 4475 prophetite.

608 4488 724 4545 Iloc
763 4502 871 4556 est,
921 4495 1215 4548 retributio
1244 4497 1541 4551 testimonii
1584 4496 1710 4553 facti
1738 4498 2076 4568 proChristo
2104 4509 2191 4554 est

609 4581 815 4636 donum
850 4585 1253 4653 prepheticum,
1285 4587 1432 4643 sicut
1469 4597 1553 4644 est
1594 4589 1760 4643 etiam
1789 4590 1964 4644 eidem
1991 4590 2189 4655 simile,

610 4671 794 4741 inquit
817 4673 1069 4742 angelus.
1095 4673 1379 4745 Siquidem
1409 4678 1736 4748 prophetare
1764 4677 1897 4733 mihi
1930 4679 2188 4733 traditum

606 4773 689 4818 est
724 4773 947 4834 prepter
978 4780 1275 4825 conservos
1308 4784 1463 4825 meos
1497 4779 1787 4840 martyres.

1163 4936 1392 4993 CAPUT
1436 4938 1619 4994 LVIII.

606 5042 884 5107 Quomodo
913 5045 1101 5101 viderit
1133 5048 1474 5123 Euangelista
1495 5050 1765 5106 Christum
1790 5067 1921 5123 equo
1949 5052 2184 5109 insiden-

675 5123 943 5235 temlcum
1001 5122 1350 5187 potestatibus
1402 5122 1655 5191 angelicis
1721 5122 1974 5179 terrorem
2031 5127 2181 5181 incu-

697 5198 781 5235 tell
807 5200 910 5235 εηι.

674 5196 910 5239 (tentent.

670 5295 818 5360 XIX,
864 5299 1049 5355 Il-H.
1104 5300 1173 5355 Et
1225 5302 1334 5356 vidi
1387 5302 1574 5357 cretum
1637 5314 1920 5375 apertum:
1967 5318 2015 5361 et
2067 5324 2183 5363 ecce

597 5405 760 5459 equus
790 5390 964 5458 albus,
1001 5404 1049 5446 et
1081 5395 1171 5463 qui
1202 5394 1416 5448 sedebat
1443 5413 1600 5467 super
1632 5415 1749 5453 eum
1778 5400 1953 5469 ﬁdelis
1979 5412 2093 5455 erat
2129 5414 2177 5457 et

598 5496 779 5545 verax,
811 5491 859 5535 et
894 5484 945 5536 in
973 5484 1189 5553 justitia
1217 5486 1429 5555 judicat
1471 5499 1520 5543 et
1547 5501 1771 5561 pugnat.
1805 5491 1961 5547 Oculi
2000 5503 2179 5547 autem

594 5572 764 5640 ipsius
801 5574 973 5645 ωδ
1001 5588 1255 5648 tanquam
1288 5580 1508 5649 ﬂamma
1534 5586 1673 5654 ignis
1703 5601 1721 5639 :
1754 5594 1802 5639 et
1831 5601 1988 5655 super
2018 5596 2176 5653 caput

670 5753 715 5788 “’-
748 5757 789 5807 lI
827 5758 951 5811 Cor.
994 5776 1052 5824 ll,
1085 5765 1138 5816 Ξ.

2291 3203 2637 3273 ἐξυφαίνεται
2660 3206 2769 3261 τῶν
2801 3206 2961 3263 θείων
2982 3208 3369 3280 δικαιωμάτων
3388 3227 3403 3279 ;

2360 3386 2649 3456 Μακάριοι
2677 3390 2736 3442 ol
2754 3391 2840 3457 εὶς
2869 3393 2934 3444 τὸ
2962 3390 3216 3445 δεῖπνον
3246 3391 3353 3446 τοῦ
3376 3393 3569 3463 γάμου
3600 3394 3706 3449 τοῦ
3759 3396 3864 3466 ἁρ-

2289 3479 2425 3534 νίου
2460 3482 2844 3551 κεκλημένοι.
2888 3483 2998 3536 Καὶ
3018 3485 3081 3556 δή
3112 3501 3176 3553 γε
3208 3487 3301 3539 καὶ
3328 3487 3467 3555 μετὰ
3519 3488 3620 3558 τὴν
3675 3489 3866 3558 κλῆσιν

2289 3571 2564 3638 ἀπιόντες,
2596 3572 2671 3637 ὡς
2698 3574 2799 3629 δεῖ.
2837 3575 3073 3639 Πολλοὺς
3109 3576 3220 3647 γὰρ
3275 3578 3435 3649 ἴσμεν
3456 3580 3518 3633 ἐν
3546 3580 3623 3651 τῷ
3682 3582 3860 3649 Εὐαγ-

2289 3663 2454 3734 γελίῳ
2482 3665 2876 3737 κεκλημένους,
2910 3668 3123 3737 ὀλίγους
3148 3668 3206 3722 δὲ
3249 3671 3375 3734 τοὺς
3429 3672 3739 3735 ἐκλεκτούς.
3779 3673 3855 3725 Οὐ

2287 3756 2397 3828 γὰρ
2424 3758 2456 3826 ὴ
2488 3757 2624 3827 πρὸς
2648 3757 2748 3828 τὴν
2771 3758 2968 3829 κλῆσιν
2988 3760 3136 3831 ὁρμὴ
3163 3759 3407 3832 ἐξαρκεῖ,
3438 3763 3506 3817 ἂν
3541 3763 3618 3836 μὴ
3648 3765 3743 3819 καὶ
3768 3782 3866 3837 με-

2288 3849 2605 3919 ταχείρησις
2635 3848 2899 3922 εὔδρομος
2991 3854 3059 3924 τῇ
3089 3855 3371 3925 προθέσει.

2365 3936 2543 3995 Οὗτοι
2599 3942 2655 3995 ol
2709 3943 2879 4013 λόγοι
2933 3945 3236 4013 ἀληθινοί.
3305 3946 3399 4018 Μὴ
3427 3948 3724 4018 προσκύνει
3772 3966 3863 4019 με,

2288 4031 2455 4101 φησὶν
2482 4031 2511 4083 ὁ
2542 4033 2790 4101 ἄγγελος,
2821 4035 2898 4099 ὠς
2933 4036 3003 4091 τὰ
3061 4038 3323 4109 μέλλοντα
3389 4041 3741 4111 προλέγοντα.
3790 4043 3863 4096 οὐ

2288 4125 2397 4195 γὰρ
2428 4125 2560 4195 ὲμὺν
2586 4126 2743 4181 τοῦτο
2764 4128 2865 4198 τῆς
2896 4131 3231 4200 προφητείας
3259 4131 3319 4184 τὸ
3365 4133 3674 4204 γνώρισμα,
3723 4135 3860 4189 ἀλλὰ

2287 4219 2387 4285 τῆς
2415 4218 2503 4273 διὰ
2522 4220 2614 4274 τὸν
2639 4221 2876 4292 Χριστὸν
2910 4222 3200 4293 ὁμολογίας
3243 4224 3352 4279 τῶν
3386 4226 3696 4281 συνδούλων
3735 4244 3857 4296 μου.

2286 4309 2435 4380 Αὕτη
2466 4311 2574 4381 γάρ
2610 4313 2728 4365 ἐστι.
2749 4315 2985 4384 χορηγὸς
3010 4315 3104 4369 τοῦ
3137 4318 3480 4389 προφητικοῦ
3530 4320 3860 4391 πνεύματος.

2375 4403 2435 4460 Ἠ
2457 4403 2566 4474 γὰρ
2588 4408 2889 4475 μαρτυρία
2917 4407 3024 4462 τοῦ
3065 4408 3200 4462 Υίοῦ
3228 4409 3363 4465 ἐστι
3396 4411 3463 4465 τὸ
3496 4414 3732 4483 πνεῦμα
3754 4413 3863 4482 τῆς

2293 4497 2684 4566 προφητείας.
2729 4497 2877 4550 Ἀντὶ
2914 4498 3013 4567 τῆς
3073 4498 3312 4569 ἀμοιὸἧς
3364 4502 3462 4573 τῆς
3503 4503 3590 4557 διὰ
3630 4506 3863 4575 Χριστδν

2290 4588 2620 4658 μαρτυρίας,
2679 4588 2740 4641 τὸ
2797 4591 3135 4661 προφητικὸν
3182 4593 3297 4646 lem
3320 4595 3587 4666 χάρισμα,
3624 4598 3701 4660 ὡς
3750 4598 3863 4651 ἔστι

2287 4679 2381 4730 καὶ
2414 4679 2602 4748 ὅμοιον
2634 4682 2700 4750 τῇ
2760 4682 2917 4753 αὐτῇ,
2950 4683 3118 4754 φησὶν
3162 4686 3191 4737 ὁ
3249 4686 3504 4756 ἄγγελος.
3541 4691 3614 4743 Τὸ
3644 4708 3859 4762 προφη-

2284 4770 2461 4822 τεύειν
2500 4770 2611 4841 γὰρ
2638 4772 2726 4825 διὰ
2749 4774 2873 4837 τοὺς
2921 4774 3237 4841 συνδούλους
3283 4796 3385 4848 μου
3416 4781 3543 4844 τοὺς
3580 4781 3864 4854 μάρτυρας

2195 4898 2199 4903 .
2284 4861 2624 4931 παρεσχέθη.

2847 4957 3097 5013 ΚΕΦΑΛ.
3154 4958 3288 5017 ΝΗ’.

2280 5060 2425 5150 Πῶς
2445 5066 2553 5150 τὸν
2574 5067 2837 5150 Χριστρν
2862 5073 3386 5150 ὀΔΕῠ-αγχελιστὴς
3411 5079 3677 5147 ἔφιππον
3709 5080 3863 5150 μετὰ

2389 5135 2708 5206 δυνάμεων
2739 5135 3079 5211 (in-81min
3105 5135 3401 5201 ἐθεάσατο
3432 5135 3556 5205 σὺν
3576 5135 3756 5222 φόϐιξ».

2351 5313 2463 5367 Kal
2498 5310 2662 5369 εἶδον
2686 5317 2791 5371 τὸν
2823 5317 3084 5388 οὐρανὸν
3127 5322 3529 5391 ἀνεῳγμένον.
3574 5325 3682 5379 Kal
3732 5326 3859 5380 ίδοὺ

2284 5405 2467 5472 ἵππος
2495 5409 2736 5475 λευκὸς,
2764 5411 2860 5464 καί
2883 5415 2916 5465 ὁ
2943 5413 3279 5482 καθήμενος
3302 5415 3395 5467 ἐπ’
3413 5417 3621 5481 αὑτὸν,
3647 5420 3859 5484 πιστὸς

2281 5497 2378 5551 xal
2414 5498 2721 5567 ἀληθινὸς,
2757 5504 2855 5555 καὶ
2895 5503 3350 5575 ἐνδικαιοσύνῃ
3381 5509 3569 5576 κρίνει
3597 5510 3695 5564 καὶ
3745 5526 3852 5562 πο-

2278 5588 2466 5656 λεμεῖ.
2500 5592 2563 5644 Ol
2604 5589 2673 5643 δὲ
2710 5592 3005 5665 ὀφθαλμοὶ
3058 5597 3267 5665 αὑτοῦ,
3327 5600 3407 5665 ὠς
3433 5598 3597 5671 φλὸξ
3646 5599 3854 5668 πιιοός.
