4164 6428
413 391 518 457 741
1491 381 1877 444 COMMENT.
1921 380 2002 442 IN

2109 379 2568 441 POCALYPSIN.
3565 379 3596 440 7
3609 378 3675 440 ἐξ.)

417 507 526 561 Kal
555 500 654 556 ἐπὶ
683 499 799 560 τὴν
825 495 1101 568 κεφαλὴν
1146 493 1335 549 αὑτοῦ
1389 492 1722 562 διαδήματα
1773 491 1998 554 πολλὰ,

2109 491 2216 560 ejus
2248 490 2553 543 diademata
2599 487 2788 550 multa,
2821 487 3017 542 habens
3037 503 3219 542 nomen
3250 487 3506 556 scriptum
3539 493 3676 558 quod

415 600 576 667 ἔχων
611 595 800 663 ὄνομα
837 587 1314 662 γεγραμμένον,ὃ
1338 585 1540 650 οὐδείς
1576 581 1761 651 οἶδεν,
1803 588 1856 637 εί
1905 583 1995 653 μὴ

2109 599 2248 637 nemo
2285 584 2466 647 novit,
2511 593 2704 652 praeter
2751 583 2946 652 ipsum.
2993 581 3062 635 Et
3117 583 3334 636 uestitus
3387 592 3502 634 erat
3549 595 3682 637 reste

413 690 617 752 αὐτός.
649 685 761 740 Kal
811 680 1318 751 περιϐεϐλημένος
1347 677 1582 748 ἱμάτιον
1612 678 1998 746 ,βεϐαμμένον

2109 676 2264 729 tincta
2292 676 2567 745 sanguine,
2602 687 2652 729 et
2681 687 2900 729 vocatur
2939 693 3124 730 nomen
3157 677 3270 745 ejus
3309 675 3536 729 Verbum
3563 675 3678 730 Dei.

415 783 486 836 ἐν
543 779 764 846 αἵματι.
805 775 915 830 Kal
954 772 1224 828 καλεῖται
1251 769 1318 825 τὸ
1355 770 1544 840 ὄνομα
1579 767 1790 834 αὑτοῦ,
1825 771 1858 822 ό
1890 767 2000 822 Λό-

419 891 522 940 γος
560 871 666 924 τοῦ
708 867 878 922 Θεοῦ.
929 865 1038 919 Kal
1098 865 1170 920 τὰ
1201 862 1616 932 στρατεύματα
1651 857 1724 914 τὰ
1787 860 1857 913 ἐν
1921 858 2002 924 τῷ

417 959 654 1030 οὐρανῷ
704 957 1024 1026 ἠκολούθει
1072 952 1236 1018 αὐτῷ
1316 952 1413 1006 ἐπὶ
1471 952 1679 1014 ἵπποις
1729 947 1996 1014 λευκοῖς,

420 1053 806 1123 ἐνδεδυμένοι
850 1050 1165 1114 βύσσινον
1190 1045 1437 1109 λευκὸν,
1469 1043 1752 1110 καθαρόν.

491 1144 565 1196 Τὸ
587 1141 860 1212 ὴνεῷχθαι
890 1137 980 1190 τὸν
1013 1135 1242 1206 οὐρανὸν
1292 1133 1446 1203 δηλοῖ
1483 1132 1582 1202 τὴν
1630 1129 1724 1184 τοῦ
1782 1127 2001 1192 ἐλπιζο-

427 1235 588 1304 μένου
618 1230 807 1303 κριτοῦ
837 1229 1163 1298 παρουσίαν.
1205 1225 1336 1296 Ὁρᾷ
1362 1223 1418 1276 δὲ
1445 1223 1608 1276 αὑτὸν
1636 1221 1832 1291 ἔποχον
1849 1221 2002 1290 ἵππῳ

426 1324 624 1394 λευκῷ,
663 1319 1044 1394 στρατηγικῶς
1068 1317 1552 1387 ἐνεσκευασμένων,
1593 1316 1652 1369 ὃν
1679 1315 1773 1370 καὶ
1802 1316 1998 1368 πιστόν

431 1431 566 1489 φησι
597 1415 691 1470 καὶ
717 1413 988 1486 ἀληθινὸν,
1037 1413 1133 1466 καὶ
1173 1410 1386 1482 κρίνειν
1435 1410 1494 1461 ὲν
1535 1407 1856 1480 δικαιοσύνῃ
1905 1407 2002 1459 καὶ

433 1509 712 1579 πολεμεῖν.
741 1507 922 1575 Ἵππῳ
957 1503 1077 1576 μὲν,
1105 1501 1195 1556 διὰ
1227 1503 1290 1554 τὸ
1317 1501 1482 1570 τάχος
1505 1503 1604 1570 τῆς
1633 1497 2001 1560 ὲπελεύσεωςο

429 1598 608 1668 λευκῷ
635 1599 714 1662 δὲ,
749 1597 838 1650 διὰ
879 1596 938 1648 τὺ
995 1593 1222 1664 φαιδρὸν
1277 1595 1374 1645 καὶ
1419 1589 1844 1646 ἀνεπισκίαστον
1891 1587 2004 1641 τῶν

432 1691 716 1762 κριμάτων
747 1690 838 1741 ὑπ’
867 1686 1096 1757 οὐδεμιᾷ
1119 1683 1494 1752 δουλουμένων
1546 1679 1999 1753 προσωποληψίᾳ.

429 1781 626 1844 Πιστὸς
669 1781 726 1836 δὲ
783 1780 878 1834 καὶ
934 1778 1185 1848 ἀληθινὸς
1228 1778 1256 1829 ὁ
1289 1775 1586 1844 άναδάτης,
1643 1773 1774 1844 περὶ
1806 1766 1867 1826 οὗ
1909 1775 2006 1825 καὶ

2109 765 2175 819 Ει
2208 778 2472 821 exercitus
2505 767 2596 837 qui
2643 775 2768 821 sunt
2809 770 2858 822 in
2893 768 3018 822 cazlo
3051 771 3401 838 sequebantur
3443 783 3559 822 eum
3592 783 3682 821 su-

2099 873 2192 926 per
2219 873 2376 929 equos
2409 857 2578 922 albos,
2611 857 2826 914 indutos
2848 859 3000 928 bysso
3032 859 3174 923 alba,
3203 861 3424 913 munda.

2175 1115 2439 1186 Apertum
2499 1131 2624 1172 esse
2675 1119 2899 1186 emtum,
2941 1121 3339 1189 praescientiam
3407 1123 3680 1192 signiﬁcat

2101 1209 2408 1278 exspectati
2447 1209 2673 1278 judicis.
2702 1209 2849 1265 Vidit
2899 1223 3079 1265 autem
3121 1214 3298 1282 ipsum
3352 1229 3496 1286 equo
3556 1219 3680 1272 albo

2105 1298 2457 1366 insidentem,
2501 1310 2862 1370 praeparatum
2893 1303 2958 1356 ad
2983 1303 3291 1360 ducendum
3327 1309 3630 1363 exercitum
3663 1327 3677 1364 :

2103 1405 2268 1461 quem
2300 1391 2466 1444 etiam
2517 1392 2730 1446 ﬁdelem
2761 1391 2896 1446 dicit
2923 1409 2986 1448 ac
3019 1411 3270 1451 vcraccm
3291 1440 3306 1463 ,
3336 1410 3390 1453 et
3430 1399 3682 1468 judicare

2103 1497 2170 1538 ac
2233 1498 2476 1554 pugnare
2515 1484 2567 1538 in
2613 1484 2831 1554 justitia
2875 1503 2890 1540 :
2940 1503 3084 1557 equo
3131 1489 3378 1558 quidem,
3421 1507 3486 1547 co
3534 1494 3680 1564 quod

2104 1575 2214 1631 cito
2243 1575 2318 1631 sit
2352 1583 2615 1631 venturus
2647 1595 2662 1630 :
2714 1578 2843 1632 albo
2867 1593 3019 1646 vero,
3071 1589 3296 1651 pr0pter
3341 1583 3680 1652 judiciorum

2105 1667 2426 1733 claritatem,
2483 1683 2604 1738 quae
2638 1669 2806 1725 nullis
2849 1670 3043 1727 obfusa
3095 1681 3223 1727 sunt
3278 1675 3539 1738 tenebris.
3582 1693 3684 1732 nec

2105 1759 2218 1815 ulla
2247 1773 2608 1829 personarum
2635 1763 2956 1834 acceptione
2983 1765 3243 1820 obnoxia.
3265 1765 3467 1824 Fidelis
3498 1781 3681 1824 autem

429 1873 640 1938 Παῦλός
673 1887 830 1943 φησι.
867 1888 888 1924 ι
925 1868 1123 1933 Πιστὸς
1150 1867 1319 1940 μένει,
1346 1865 1690 1939 ἀρνήσασθαι
1719 1865 1911 1920 ἑαυτὸν
1945 1863 2006 1917 οὐ

2109 1861 2162 1906 et
2200 1865 2360 1906 verax
2407 1861 2492 1908 est
2527 1867 2808 1917 ascensor,
2843 1855 2910 1909 de
2946 1871 3056 1926 quo
3081 1857 3287 1913 Paulus
3317 1860 3452 1916 dicit
3483 1879 3498 1915 :
3530 1879 3550 1914 ι
3592 1861 3683 1917 Fi-

428 1965 667 2021 δύναται.
710 1983 728 2016 ι

503 2061 568 2112 Ol
599 2057 666 2110 δὲ
703 2053 1000 2126 ὀφθαλμοὶ
1023 2053 1234 2109 αὐτοῦ.
1267 2053 1382 2125 Οὐχ
1409 2052 1492 2106 ὅτι
1510 2047 1848 2122 τοιοῦτοςτῷ
1876 2047 2006 2102 εῖδει

430 2151 894 2223 περιγέγραπται,
949 2148 1084 2212 Θεὸς
1141 2149 1170 2202 ό
1217 2147 1312 2201 τὸν
1343 2145 1574 2215 οὐρανὸν
1623 2143 1868 2214 πληρῶν,
1912 2141 2008 2196 καὶ

434 2242 626 2313 μηδενὶ
649 2243 798 2312 τόπῳ
823 2239 1296 2312 περιοριζόμενος,
1321 2239 1416 2291 καὶ
1436 2237 1500 2309 δή
1536 2252 1601 2305 γε
1634 2235 1771 2307 πρὸς
1793 2235 2007 2298 τούτοις

431 2333 529 2386 καὶ
553 2331 830 2402 διαφόροις
863 2329 1050 2396 εἴδεσι,
1077 2331 1188 2392 τοῖς
1215 2328 1382 2392 θείοις
1405 2327 1772 2397 ὀπτανόμενος
1793 2326 2008 2396 προφή-

433 2443 581 2490 ταις,
618 2423 732 2480 ἀλλ’
761 2425 844 2478 ὅτι
895 2424 977 2477 δεῖ
1015 2421 1478 2491 συγκαταϐαίνειν
1507 2423 1575 2490 τῇ
1607 2419 1867 2491 ἀσθενείᾳ
1897 2419 2006 2489 τῆς

429 2516 780 2588 ἀνθρωπίνης
809 2515 1209 2586 κατανοήσεως.
1251 2514 1368 2584 Ἀφ’
1406 2507 1468 2568 οὗ
1495 2513 1588 2566 καὶ
1620 2512 1797 2582 δῆλον,
1821 2510 1897 2572 ὡς
1944 2509 2004 2563 οὐ

432 2608 766 2675 σωματικοῖς
799 2606 1145 2676 χαρακτῆρσι
1169 2602 1544 2658 διαστέλλεται
1564 2603 1592 2656 ό
1617 2602 1773 2667 Θεὸς,
1806 2603 1918 2664 τοῖς
1947 2599 2004 2654 δὲ

431 2697 645 2766 καιροῖς
665 2696 891 2759 καὶτοῖς
911 2698 1232 2764 πράγμασιν
1253 2692 1518 2764 ἀφομοιού
1528 2709 1687 2763 μενος
1715 2693 2006 2762 τυγχάνει,

433 2789 626 2860 ὥσπερ
669 2789 764 2842 καὶ
799 2787 896 2842 νῦν
941 2787 1064 2842 ἐπεὶ
1114 2786 1349 2858 κρίσεως
1375 2787 1570 2858 καιρὸς
1607 2786 1840 2840 καὶτῶν
1877 2786 2009 2840 ἑκά-

2109 1941 2245 1996 delis
2268 1950 2574 2012 permanet,
2606 1960 2802 2012 negare
2829 1945 3070 2016 seipsum
3100 1965 3209 2004 non
3236 1959 3412 2018 potest
3439 1954 3504 2009 ".
3550 1973 3570 2006 ι

2180 2035 2334 2091 Oculi
2354 2047 2528 2092 autem
2556 2037 2724 2106 ipsius
2751 2040 2888 2093 sicut
2924 2041 3144 2110 ﬂamma
3171 2044 3327 2114 ignis.
3375 2045 3492 2102 Non
3534 2053 3682 2120 quod

2107 2130 2426 2201 hujusmodi
2462 2133 2644 2202 specei
2685 2131 3141 2205 circumscriptus
3167 2137 3235 2192 sit
3275 2137 3416 2194 Deus
3446 2143 3536 2212 qui
3570 2159 3682 2198 coe-

2106 2224 2218 2279 lum
2239 2223 2449 2294 implet,
2491 2239 2666 2294 neque
2694 2225 2804 2280 ullo
2828 2225 2948 2281 loco
2973 2229 3480 2288 circumscribitur:
3505 2251 3682 2306 quan-

2107 2331 2270 2386 quam
2305 2326 2504 2384 prazter
2540 2317 2638 2372 has
2669 2319 2836 2373 variis
2861 2333 3080 2390 quodue
3135 2321 3326 2378 formis
3353 2337 3683 2396 conspectus

2109 2409 2181 2463 sit
2215 2423 2246 2463 a
2279 2408 2480 2464 divinis
2513 2413 2800 2480 prophetis
2833 2429 2847 2466 :
2902 2415 2994 2469 sed
3051 2417 3196 2486 quod
3237 2429 3488 2487 oporteat
3519 2424 3682 2477 verba

2109 2499 2320 2555 demitti
2371 2501 2438 2554 ad
2502 2501 2931 2560 imbecillitatem
2983 2505 3240 2562 humanae
3292 2509 3682 2583 intelligentim.

2112 2587 2272 2644 Unde
2303 2590 2468 2645 etiam
2508 2591 2863 2648 manifestum
2891 2605 2974 2650 est
3002 2597 3147 2666 quod
3181 2613 3289 2653 non
3319 2600 3686 2672 distinguatur

2112 2681 2257 2738 Deus
2283 2683 2665 2753 corporalibus
2689 2683 2908 2753 formis,
2935 2688 3026 2742 sed
3055 2690 3396 2758 temporibus
3427 2707 3492 2747 ac
3521 2693 3684 2748 rebus

2109 2775 2449 2831 assimilatas
2505 2777 2580 2832 sit
2613 2795 2630 2832 :
2663 2779 3123 2847 quemadmodum
3152 2789 3205 2835 et
3231 2795 3396 2846 nunc,
3427 2785 3685 2853 quoniam

434 2891 549 2946 στῳ
571 2875 918 2946 βεϐιωμένων
939 2878 972 2946 ἠ
987 2875 1106 2930 κατ’
1138 2873 1296 2940 ἀξίαν
1321 2876 1575 2937 ἀπόδοσις
1604 2877 1858 2946 πάρεστι,
1882 2875 2008 2939 τοὺς

2109 2865 2298 2936 iudicii
2353 2877 2570 2937 tempus
2629 2869 2898 2936 imminet,
2949 2871 3226 2942 dignaque
3265 2874 3690 2936 retributiueo-

435 2966 756 3037 ὀφθαλμοὺς
790 2965 957 3019 αὑτοῦ
987 2966 1148 3036 φλογὶ
1185 2965 1522 3020 ἁπεικάσθαι
1548 2965 1766 3036 ὁρῶμεν
1810 2965 2005 3036 πυρδς,

436 3058 638 3131 ἐχούσῃ
667 3058 802 3129 πρὸς
851 3059 914 3111 τὺ
955 3057 1285 3126 φωτιστικὺν
1316 3057 1412 3112 καὶ
1463 3057 1784 3112 καυστικόν·
1839 3073 2010 3124 φωτι-

438 3147 622 3200 στικὺν
661 3148 786 3218 μὲν,
835 3147 1084 3217 ἀγγέλοις
1131 3147 1225 3201 καὶ
1283 3148 1544 3212 δικαίοις·
1579 3147 1873 3202 καυστικδν
1911 3145 1968 3200 δὲ
1991 3184 2008 3211 ,

435 3238 656 3310 δαίμοσι
686 3240 782 3293 καὶ
807 3241 1180 3311 ἁμαρτωλοῖς.

511 3426 618 3480 Kal
647 3427 746 3481 ἐπὶ
769 3426 884 3495 τὴν
907 3425 1186 3496 κεφαλὴν
1206 3425 1394 3480 αὐτοῦ
1424 3426 1759 3494 διαδήματα
1783 3428 2008 3483 πολλὰ.

435 3517 519 3572 Τὰ
551 3517 723 3570 πολλά
771 3517 1078 3589 διαδήματα
1131 3518 1232 3587 τῆς
1287 3517 1430 3570 κατά
1487 3517 1708 3571 πάντων
1763 3518 2012 3583 ἐξουσίας

435 3611 556 3663 ἐστὶ
589 3609 900 3681 γνώρισμα,
949 3609 1218 3680 οὐρανίων
1247 3609 1340 3664 καὶ
1364 3611 1622 3678 ἐπιγείων
1684 3611 1782 3664 καὶ
1839 3627 2014 3664 κατα-

435 3700 670 3772 χθονίων
690 3719 703 3732 ·
737 3701 1006 3774 οὐρανίων
1036 3701 1158 3772 μὲν,
1189 3701 1298 3756 τῶν
1329 3701 1640 3771 άγγελικῶν
1679 3703 2010 3772 ταγμάτων·

435 3793 702 3862 ἐπιγείων
729 3794 808 3859 δὲ,
839 3796 948 3850 τῶν
975 3797 1034 3848 ὲν
1061 3795 1240 3862 ἁγίοις
1281 3795 1648 3866 συστημάτων
1684 3798 1781 3850 καὶ
1811 3797 1920 3850 τῶν
1955 3797 2016 3850 ἐν

438 3883 726 3955 βασιλεῦσι
771 3891 1066 3960 σκήπτρων
1087 3903 1100 3920 ’
1138 3888 1514 3959 καταχθονίων
1545 3889 1625 3956 δὲ,
1651 3891 1774 3943 ἐπεὶ
1807 3889 1904 3944 καὶ
1927 3909 2014 3944 νε-

439 3980 590 4052 κρῶν
632 3979 826 4054 ὥσπερ
865 3983 960 4037 καὶ
990 3981 1210 4045 ζώντων
1237 3981 1484 4053 κυριεύει
1517 3984 1662 4038 κατὰ
1695 3983 1914 4038 πάντων
1947 3984 2016 4038 τά

437 4071 733 4142 νικητήρια
765 4073 1186 4144 ἐπιφερόμενος.

517 4183 588 4235 Ὃ
620 4181 820 4250 οὐδεὶς·
851 4183 1036 4249 older,
1065 4186 1118 4238 el
1145 4185 1231 4254 μὴ
1261 4185 1464 4249 αὐτός.
1503 4183 1576 4239 Τὸ
1599 4185 1876 4255 ἄγνωστον
1921 4189 2015 4244 τοῦ

438 4274 705 4344 ὀνόματος
733 4275 793 4329 τὸ
820 4276 923 4345 τῆς
958 4277 1149 4341 οὐσίας
1201 4277 1367 4330 αὐτοῦ
1398 4280 1782 4350 ἀκατάληπτον
1814 4283 2017 4353 σημαί-

439 4383 542 4420 νει.
569 4367 702 4429 Ταῖς
729 4366 838 4438 γάρ
872 4367 1206 4440 οἰκονομίαις
1240 4367 1316 4422 ὣν
1339 4369 1713 4441 πολυώνυμος,
1740 4373 1815 4437 ὡς
1859 4375 2018 4440 Ἀγα-

439 4456 556 4524 θὸς,
585 4458 659 4522 ὼς
691 4459 923 4530 Ποιμήν,
952 4461 1030 4524 ὼς
1077 4460 1293 4526 Ἥλιος,
1322 4461 1398 4524 ὡς
1454 4461 1596 4528 Φῶς,
1650 4464 1726 4526 ὠς
1757 4464 1901 4534 Ζωὴ,
1940 4465 2016 4529 ὡς

2111 2973 2234 3014 rum
2285 2974 2410 3030 quae
2447 2959 2683 3029 quisque
2723 2963 2914 3031 gessit,
2969 2963 3163 3018 oculos
3213 2964 3390 3035 ipsius
3437 2965 3688 3022 videmus

2111 3049 2348 3106 ﬂammae
2381 3051 2526 3124 ignis
2575 3067 2698 3108 esse
2735 3065 3110 3125 comparatos,
3159 3071 3282 3125 quae
3331 3057 3438 3112 vim
3491 3059 3690 3114 habeat

2111 3143 2460 3198 illu'minandi
2507 3153 2564 3198 et
2601 3146 2865 3200 exurendi
2899 3165 2912 3201 :
2948 3147 3294 3204 illuminandi
3333 3151 3554 3220 quidem
3591 3167 3690 3206 an-

2035 3239 2079 3298 c
2113 3235 2267 3305 gelos
2317 3250 2380 3290 ac
2408 3235 2612 3304 justos,
2641 3238 2906 3293 exurendi
2939 3253 3069 3294 vero
3123 3241 3400 3297 daemones
3445 3255 3512 3298 ac
3561 3259 3688 3304 ncc-

2113 3339 2176 3381 ca
2183 3335 2340 3380 101⁵88.

2184 3437 2256 3491 Et
2309 3455 2464 3508 super
2513 3449 2672 3510 caput
2725 3439 2838 3506 eius
2899 3442 3209 3498 diademata
3263 3445 3456 3500 multa.
3522 3445 3686 3504 Multa

2113 3531 2420 3587 diademata
2469 3533 2734 3587 indicium
2767 3543 2852 3588 est
2907 3535 3194 3604 potestatis
3229 3535 3284 3590 in
3331 3553 3524 3594 omnes
3575 3556 3688 3596 ece-

2117 3625 2278 3679 Icstes
2313 3633 2368 3678 et
2401 3633 2650 3679 terrenos
2687 3639 2753 3680 ac
2801 3625 3233 3696 subterr_aneos:
3267 3629 3518 3684 cmlestrs
3565 3631 3688 3700 qui-

2115 3717 2260 3782 dem,
2297 3725 2424 3786 puta
2457 3714 2734 3794 angelicos
2762 3715 3022 3785 ordines;
3059 3725 3304 3775 terrenos
3323 3729 3526 3788 autem,
3562 3737 3689 3794 puta

2115 3809 2568 3880 congregationes
2619 3800 2934 3863 sanctorum
3000 3823 3068 3862 ac
3124 3821 3339 3880 sceptra
3378 3828 3500 3882 quae
3550 3814 3692 3869 inter

2117 3915 2272 3971 reges
2306 3909 2469 3968 sunt;
2512 3899 2902 3956 subterraneos
2945 3915 3098 3966 vero,
3131 3916 3254 3956 cum
3289 3906 3527 3961 mortuis
3553 3921 3693 3978 quo-

2116 4007 2223 4061 que
2256 3991 2403 4048 sicut
2449 4001 2502 4048 et
2531 3993 2669 4048 vivis
2698 3994 3033 4064 dominatur,
3065 3997 3332 4055 adversus
3361 4015 3556 4060 ones
3605 4003 3692 4058 vi-

2117 4084 2304 4139 ctoriae
2329 4085 2484 4156 signa
2507 4083 2812 4151 proferens.

2189 4177 2345 4242 Quod
2396 4189 2547 4234 nemo
2603 4180 2763 4246 navit,
2811 4187 3003 4248 pra’ler
3031 4181 3226 4251 ipsum.
3263 4183 3512 4255 Ignotum
3571 4204 3694 4246 esse

2118 4283 2318 4323 nomen
2352 4268 2627 4339 signiﬁcat
2659 4269 3374 4341 incomprehensibilitatem
3431 4279 3658 4335 substan

2118 4361 2209 4417 tite
2263 4363 2455 4432 ipsius.
2515 4363 2798 4435 Siquidem
2835 4365 2992 4437 juxta
3043 4369 3486 4440 dispensationes
3542 4379 3692 4434 varia

2118 4453 2282 4509 habet
2309 4455 2553 4523 nomina,
2591 4465 2720 4527 puta
2771 4457 2989 4526 Bonus,
3053 4457 3276 4530 Rector,
3325 4465 3442 4522 sive
3475 4463 3690 4534 Pastor,

453 4549 772 4619 Ἀγιασμδς,
789 4552 866 4616 ὡς
883 4551 1286 4625 Ἀπολύτρωσις
1309 4554 1440 4624 (61).
1463 4555 1573 4608 Καὶ
1602 4557 1722 4620 ταῖς
1749 4557 2008 4625 ἀποφάσε-

2121 4547 2236 4614 Sol,
2277 4547 2415 4615 Lux,
2469 4545 2614 4618 Vita,
2661 4551 3058 4622 Sanctiﬁcatio,
3107 4554 3464 4626 Redemptio,
3497 4569 3554 4615 et
3614 4561 3694 4616 si-

441 4655 528 4692 σιν
561 4640 784 4708 ὁμοίως,
821 4641 896 4705 ὡς
923 4643 1257 4714 Ἀφθαρτος,
1293 4645 1569 4719 ’Δόρατος,
1613 4647 2014 4718 Ἀναλλοίωτος,

437 4729 476 4799 ὴ
519 4729 690 4786 Οὑσία
715 4731 1022 4804 ἀνώνυμος,
1053 4735 1202 4806 αὐτῷ
1233 4738 1382 4809 μόνῳ
1421 4737 1660 4810 γνωστὴ,
1695 4741 1788 4794 καὶ
1817 4741 1878 4794 οὗ
1908 4759 2015 4796 τινι

437 4820 632 4892 ἑτέρῳ.

523 4911 782 4981 ἰμάτιον
823 4915 1206 4986 βεϐαμμένον
1239 4919 1313 4973 ἐν
1357 4921 1580 4991 αἵματι.
1646 4923 1886 4994 Ίμάτιον
1925 4925 2018 4979 τοῦ

435 5001 636 5071 Λόγου,
663 5005 698 5075 ἡ
723 5006 992 5078 ἄχραντος
1019 5009 1178 5078 σάρξ,
1203 5011 1238 5078 ἡ
1272 5009 1506 5080 βαφεῖσα
1540 5013 1598 5064 ἐν
1619 5011 1698 5083 τῷ
1725 5013 1892 5085 τιμίῳ
1919 5015 2018 5068 αὐ-

431 5094 534 5148 τοῦ
560 5097 774 5166 αἵματι.
809 5099 949 5152 Ἀλλ’
975 5100 1121 5164 εἰκός
1149 5101 1268 5155 ἐστι
1302 5119 1423 5155 τινα
1456 5103 1824 5175 ἐπαπορῆσαι,
1850 5107 1968 5169 πῶς
1989 5107 2018 5160 ὁ

436 5189 551 5260 πρὸ
583 5191 784 5262 μικροῦ
814 5193 1097 5264 ἀνώνυμος
1131 5196 1482 5265 χρηματίσας
1515 5199 1608 5249 καὶ
1642 5199 1810 5251 πᾶσιν
1837 5199 2014 5266 ἀγνω-

435 5299 564 5346 στος
603 5285 744 5338 κατὰ
789 5286 851 5338 τὸ
889 5286 1083 5356 ὄνομα,
1135 5288 1228 5341 νῦν
1255 5287 1492 5342 ἐνταῦθα
1524 5289 1698 5360 Λόγος
1749 5291 2010 5361 ὀνομάζε-

432 5393 550 5429 ται.
585 5379 652 5430 Ἣ
680 5377 778 5434 οὖν
822 5379 960 5451 πρὸς
1009 5379 1234 5443 ἔνδειξιν
1263 5379 1366 5449 τῆς
1419 5380 1602 5452 υἱικῆς
1655 5383 2011 5446 ὑποστάσεως

429 5469 532 5520 καί⁵
555 5469 653 5538 τῆς
677 5469 960 5541 ὲμπαθοῦς
987 5472 1052 5524 ἐκ
1081 5471 1298 5541 Πατρδς
1355 5473 1661 5544 γεννήσεως
1711 5473 2010 5544 ὲκληπτέον

505 5651 600 5707 ³³1
642 5651 782 5710 Tim.
821 5654 904 5708 I3.

514 5813 630 5886 (6|)
661 5811 840 5870 Verba
868 5815 946 5880 ὡς
979 5813 1384 5888 ’Δπολύτρωσις
1415 5815 1642 5872 deerant
1671 5816 1724 5870 in
1761 5815 1906 5886 vulg.

2120 4639 2278 4693 miles
2309 4655 2406 4709 per
2467 4643 2810 4712 negationes,
2843 4643 2988 4701 sicut
3024 4645 3492 4718 Incorruptibilis,
3548 4651 3694 4706 lnvi-

2117 4729 2318 4797 sibilis,
2345 4731 2733 4800 lmmutabilis,
2767 4735 3024 4792 Essentia
3054 4737 3422 4807 innominata,
3451 4741 3551 4796 soli
3587 4742 3694 4798 sibi

2114 4827 2328 4896 Cognita
2361 4837 2416 4882 ct
2445 4843 2554 4882 non
2583 4827 2759 4883 alteri.

2186 4919 2351 4989 807
2392 4919 2543 4976 Veste
2573 4922 2738 4974 tincta
2767 4923 3054 4994 sanguine.
3085 4923 3268 4980 Vestis
3291 4922 3456 4980 Verbi
3493 4925 3696 4982 dicitur

2117 5012 2469 5068 immaculata
2535 5029 2687 5079 caro,
2727 5013 2896 5070 tincta
2949 5017 3188 5086 pretioso
3243 5033 3344 5072 suo
3401 5017 3692 5088 sanguine.

2113 5103 2220 5160 Sed
2269 5105 2569 5162 verisimile
2635 5115 2719 5161 est
2781 5107 3016 5177 aliquem
3059 5107 3336 5174 haesitare,
3393 5108 3692 5178 quomodo,

2114 5211 2240 5250 cum
2287 5197 2451 5267 paulo
2507 5207 2636 5252 ante
2679 5197 2911 5253 dixisset
2965 5213 3301 5269 anonymnm
3353 5209 3408 5254 et
3439 5201 3694 5256 omnibus

2120 5289 2340 5345 nomine
2382 5291 2649 5359 ignotum,
2685 5291 2788 5345 hoc
2817 5291 2940 5346 loco
2966 5305 3112 5346 nunc
3151 5289 3390 5346 Verbum
3425 5291 3692 5346 nominet.

2119 5383 2228 5436 Ant
2244 5383 2360 5437 hoc
2381 5382 2546 5453 igitur
2565 5381 2941 5453 accipiendum
2971 5392 3056 5439 est
3079 5385 3146 5437 ad
3167 5383 3692 5438 demonstrationem

2117 5473 2239 5531 Filii
2271 5483 2326 5532 et
2357 5475 2660 5532 nativitatis
2692 5475 2900 5532 alii-cla:
2928 5493 2991 5533 ex
3017 5475 3198 5545 Patre,
3225 5475 3692 5548 quemadmodum
