  <div class='ocr_page' id='page_1' title='image "/cluster/home/n/w/nwhite01/storage/ocr_20150623/106/coo.31924054870104/381.png"; bbox 0 0 4164 6426; ppageno 0'>
   <div class='ocr_carea' id='block_1_1' title="bbox 547 370 654 433">
    <p class='ocr_par' dir='ltr' id='par_1_1' title="bbox 547 370 654 433">
     <span class='ocr_line' id='line_1_1' title="bbox 547 370 654 433; baseline -0.019 0"><span class='ocrx_word' id='word_1_1' title='bbox 547 370 654 433; x_wconf 69' lang='grc'><strong>743</strong></span> 
     </span>
    </p>
   </div>
   <div class='ocr_carea' id='block_1_2' title="bbox 1363 362 3007 429">
    <p class='ocr_par' dir='ltr' id='par_1_2' title="bbox 1363 362 3007 429">
     <span class='ocr_line' id='line_1_2' title="bbox 1363 362 3007 429; baseline 0.004 -6"><span class='ocrx_word' id='word_1_2' title='bbox 1363 363 1686 424; x_wconf 73' lang='grc' dir='ltr'><strong>ΛΒΕΤΠίΕ</strong></span> <span class='ocrx_word' id='word_1_3' title='bbox 1728 362 2106 422; x_wconf 61' lang='lat' dir='ltr'><strong>CESAREE</strong></span> <span class='ocrx_word' id='word_1_4' title='bbox 2143 364 2628 426; x_wconf 66' lang='lat' dir='ltr'><strong>CAPPADOCIE</strong></span> <span class='ocrx_word' id='word_1_5' title='bbox 2669 367 3007 429; x_wconf 77' lang='lat' dir='ltr'><strong>El’ISCOPI</strong></span> 
     </span>
    </p>
   </div>
   <div class='ocr_carea' id='block_1_3' title="bbox 3695 369 3804 430">
    <p class='ocr_par' dir='ltr' id='par_1_3' title="bbox 3695 369 3804 430">
     <span class='ocr_line' id='line_1_3' title="bbox 3695 369 3804 430; baseline 0 0"><span class='ocrx_word' id='word_1_6' title='bbox 3695 369 3804 430; x_wconf 72' lang='grc'><strong>744</strong></span> 
     </span>
    </p>
   </div>
   <div class='ocr_carea' id='block_1_4' title="bbox 551 480 2156 558">
    <p class='ocr_par' dir='ltr' id='par_1_4' title="bbox 551 480 2131 551">
     <span class='ocr_line' id='line_1_4' title="bbox 551 480 2131 551; baseline -0.006 -8"><span class='ocrx_word' id='word_1_7' title='bbox 551 499 803 543; x_wconf 76' lang='lat' dir='ltr'><strong>nostrum</strong></span> <span class='ocrx_word' id='word_1_8' title='bbox 858 484 1085 540; x_wconf 85' lang='lat' dir='ltr'><strong>verbum</strong></span> <span class='ocrx_word' id='word_1_9' title='bbox 1149 497 1214 537; x_wconf 79' lang='lat' dir='ltr'><strong>ex</strong></span> <span class='ocrx_word' id='word_1_10' title='bbox 1278 490 1463 535; x_wconf 86' lang='lat' dir='ltr'><strong>mente</strong></span> <span class='ocrx_word' id='word_1_11' title='bbox 1503 480 1797 549; x_wconf 85' lang='lat' dir='ltr'><strong>procedit:</strong></span> <span class='ocrx_word' id='word_1_12' title='bbox 1856 482 2131 551; x_wconf 92' lang='lat' dir='ltr'><strong>autquod</strong></span> 
     </span>
    </p>
   </div>
   <div class='ocr_carea' id='block_1_5' title="bbox 2236 480 3805 558">
    <p class='ocr_par' dir='ltr' id='par_1_5' title="bbox 2236 483 3805 558">
     <span class='ocr_line' id='line_1_5' title="bbox 2236 483 3805 558; baseline 0.003 -22"><span class='ocrx_word' id='word_1_13' title='bbox 2236 483 2414 549; x_wconf 89' lang='grc' dir='ltr'><strong>τοῦτο,</strong></span> <span class='ocrx_word' id='word_1_14' title='bbox 2450 483 2701 557; x_wconf 77' lang='grc' dir='ltr'><strong>καθάπερ</strong></span> <span class='ocrx_word' id='word_1_15' title='bbox 2727 486 2753 537; x_wconf 84' lang='grc' dir='ltr'>ὁ</span> <span class='ocrx_word' id='word_1_16' title='bbox 2778 485 3045 555; x_wconf 80' lang='grc' dir='ltr'><strong>ἡμέτερος</strong></span> <span class='ocrx_word' id='word_1_17' title='bbox 3077 485 3231 555; x_wconf 89' lang='grc' dir='ltr'><strong>λόγος</strong></span> <span class='ocrx_word' id='word_1_18' title='bbox 3266 486 3329 538; x_wconf 78' lang='grc' dir='ltr'><strong>ὲκ</strong></span> <span class='ocrx_word' id='word_1_19' title='bbox 3355 486 3448 539; x_wconf 89' lang='grc' dir='ltr'><strong>τοῦ</strong></span> <span class='ocrx_word' id='word_1_20' title='bbox 3481 484 3574 541; x_wconf 85' lang='grc' dir='ltr'><strong>νοῦ</strong></span> <span class='ocrx_word' id='word_1_21' title='bbox 3618 488 3805 558; x_wconf 85' lang='grc' dir='ltr'><strong>πρόει-</strong></span> 
     </span>
    </p>
   </div>
   <div class='ocr_carea' id='block_1_6' title="bbox 550 573 1631 632">
    <p class='ocr_par' dir='ltr' id='par_1_6' title="bbox 550 573 1631 632">
     <span class='ocr_line' id='line_1_6' title="bbox 550 573 1631 632; baseline -0.006 0"><span class='ocrx_word' id='word_1_22' title='bbox 550 578 797 632; x_wconf 82' lang='lat' dir='ltr'><strong>nninium</strong></span> <span class='ocrx_word' id='word_1_23' title='bbox 834 589 1116 629; x_wconf 86' lang='lat' dir='ltr'><strong>sermones</strong></span> <span class='ocrx_word' id='word_1_24' title='bbox 1151 573 1205 626; x_wconf 91' lang='lat' dir='ltr'><strong>in</strong></span> <span class='ocrx_word' id='word_1_25' title='bbox 1239 587 1299 627; x_wconf 89' lang='lat' dir='ltr'><strong>se</strong></span> <span class='ocrx_word' id='word_1_26' title='bbox 1330 574 1631 625; x_wconf 86' lang='lat' dir='ltr'><strong>contineat.</strong></span> 
     </span>
    </p>
   </div>
   <div class='ocr_carea' id='block_1_7' title="bbox 625 662 2126 732">
    <p class='ocr_par' dir='ltr' id='par_1_7' title="bbox 625 662 2126 732">
     <span class='ocr_line' id='line_1_7' title="bbox 625 662 2126 732; baseline 0.002 -16"><span class='ocrx_word' id='word_1_27' title='bbox 625 667 689 719; x_wconf 75' lang='lat' dir='ltr'><strong>Et</strong></span> <span class='ocrx_word' id='word_1_28' title='bbox 733 667 992 721; x_wconf 71' lang='lat' dir='ltr'><strong>exercitus</strong></span> <span class='ocrx_word' id='word_1_29' title='bbox 1026 664 1114 732; x_wconf 86' lang='lat' dir='ltr'><strong>qui</strong></span> <span class='ocrx_word' id='word_1_30' title='bbox 1163 670 1285 715; x_wconf 89' lang='lat' dir='ltr'><strong>sunt</strong></span> <span class='ocrx_word' id='word_1_31' title='bbox 1328 663 1383 713; x_wconf 89' lang='lat' dir='ltr'><strong>in</strong></span> <span class='ocrx_word' id='word_1_32' title='bbox 1429 662 1557 715; x_wconf 69' lang='lat' dir='ltr'><strong>cozlo</strong></span> <span class='ocrx_word' id='word_1_33' title='bbox 1594 663 1948 731; x_wconf 76' lang='lat' dir='ltr'><strong>sequebantur</strong></span> <span class='ocrx_word' id='word_1_34' title='bbox 1986 681 2126 723; x_wconf 83' lang='lat' dir='ltr'><strong>eum.</strong></span> 
     </span>
    </p>
   </div>
   <div class='ocr_carea' id='block_1_8' title="bbox 550 754 2129 825">
    <p class='ocr_par' dir='ltr' id='par_1_8' title="bbox 550 754 2129 825">
     <span class='ocr_line' id='line_1_8' title="bbox 550 754 2129 825; baseline -0.003 -13"><span class='ocrx_word' id='word_1_35' title='bbox 550 760 683 813; x_wconf 84' lang='lat' dir='ltr'><strong>Cum</strong></span> <span class='ocrx_word' id='word_1_36' title='bbox 777 771 1065 825; x_wconf 86' lang='lat' dir='ltr'><strong>supremus</strong></span> <span class='ocrx_word' id='word_1_37' title='bbox 1138 754 1211 808; x_wconf 89' lang='lat' dir='ltr'><strong>sit</strong></span> <span class='ocrx_word' id='word_1_38' title='bbox 1266 755 1371 807; x_wconf 81' lang='lat' dir='ltr'><strong>dux</strong></span> <span class='ocrx_word' id='word_1_39' title='bbox 1450 754 1756 807; x_wconf 82' lang='lat' dir='ltr'><strong>caelestium</strong></span> <span class='ocrx_word' id='word_1_40' title='bbox 1841 754 2129 823; x_wconf 81' lang='lat' dir='ltr'><strong>virtutum,</strong></span> 
     </span>
    </p>
   </div>
   <div class='ocr_carea' id='block_1_9' title="bbox 556 842 2130 919">
    <p class='ocr_par' dir='ltr' id='par_1_9' title="bbox 556 842 2130 919">
     <span class='ocr_line' id='line_1_9' title="bbox 556 842 2130 919; baseline -0.001 -18"><span class='ocrx_word' id='word_1_41' title='bbox 556 846 1021 919; x_wconf 82' lang='lat' dir='ltr'><strong>quemadmodum</strong></span> <span class='ocrx_word' id='word_1_42' title='bbox 1076 845 1192 912; x_wconf 86' lang='lat' dir='ltr'><strong>ipse</strong></span> <span class='ocrx_word' id='word_1_43' title='bbox 1229 844 1445 898; x_wconf 77' lang='lat' dir='ltr'><strong>dixerat</strong></span> <span class='ocrx_word' id='word_1_44' title='bbox 1504 842 1635 897; x_wconf 85' lang='lat' dir='ltr'><strong>Jesu</strong></span> <span class='ocrx_word' id='word_1_45' title='bbox 1699 844 1868 911; x_wconf 84' lang='lat' dir='ltr'><strong>Nave,</strong></span> <span class='ocrx_word' id='word_1_46' title='bbox 1932 846 2130 900; x_wconf 93' lang='lat' dir='ltr'><strong>merito</strong></span> 
     </span>
    </p>
   </div>
   <div class='ocr_carea' id='block_1_10' title="bbox 551 934 2131 1007">
    <p class='ocr_par' dir='ltr' id='par_1_10' title="bbox 551 934 2131 1007">
     <span class='ocr_line' id='line_1_10' title="bbox 551 934 2131 1007; baseline -0.001 -15"><span class='ocrx_word' id='word_1_47' title='bbox 551 947 920 993; x_wconf 84' lang='lat' dir='ltr'><strong>assectatores</strong></span> <span class='ocrx_word' id='word_1_48' title='bbox 988 936 1181 989; x_wconf 83' lang='lat' dir='ltr'><strong>habuit</strong></span> <span class='ocrx_word' id='word_1_49' title='bbox 1216 935 1308 1003; x_wconf 85' lang='lat' dir='ltr'><strong>qui</strong></span> <span class='ocrx_word' id='word_1_50' title='bbox 1353 934 1421 989; x_wconf 90' lang='lat' dir='ltr'><strong>ad</strong></span> <span class='ocrx_word' id='word_1_51' title='bbox 1479 936 1732 989; x_wconf 82' lang='lat' dir='ltr'><strong>militiam</strong></span> <span class='ocrx_word' id='word_1_52' title='bbox 1793 937 2131 1007; x_wconf 84' lang='lat' dir='ltr'><strong>complerent</strong></span> 
     </span>
    </p>
   </div>
   <div class='ocr_carea' id='block_1_11' title="bbox 550 1027 2128 1098">
    <p class='ocr_par' dir='ltr' id='par_1_11' title="bbox 550 1027 2128 1098">
     <span class='ocr_line' id='line_1_11' title="bbox 550 1027 2128 1098; baseline 0 -15"><span class='ocrx_word' id='word_1_53' title='bbox 550 1030 799 1094; x_wconf 85' lang='lat' dir='ltr'><strong>ordines,</strong></span> <span class='ocrx_word' id='word_1_54' title='bbox 833 1043 928 1083; x_wconf 88' lang='lat' dir='ltr'><strong>eos</strong></span> <span class='ocrx_word' id='word_1_55' title='bbox 956 1028 1309 1098; x_wconf 84' lang='lat' dir='ltr'><strong>potissimum</strong></span> <span class='ocrx_word' id='word_1_56' title='bbox 1344 1028 1438 1096; x_wconf 88' lang='lat' dir='ltr'><strong>qui</strong></span> <span class='ocrx_word' id='word_1_57' title='bbox 1472 1043 1614 1082; x_wconf 89' lang='lat' dir='ltr'><strong>nunc</strong></span> <span class='ocrx_word' id='word_1_58' title='bbox 1644 1027 1711 1081; x_wconf 87' lang='lat' dir='ltr'><strong>ad</strong></span> <span class='ocrx_word' id='word_1_59' title='bbox 1749 1030 1993 1098; x_wconf 64' lang='lat' dir='ltr'><strong>praelium</strong></span> <span class='ocrx_word' id='word_1_60' title='bbox 2052 1030 2128 1084; x_wconf 90' lang='lat' dir='ltr'><strong>ir-</strong></span> 
     </span>
    </p>
   </div>
   <div class='ocr_carea' id='block_1_12' title="bbox 556 1118 2129 1188">
    <p class='ocr_par' dir='ltr' id='par_1_12' title="bbox 556 1118 2129 1188">
     <span class='ocr_line' id='line_1_12' title="bbox 556 1118 2129 1188; baseline -0.001 -14"><span class='ocrx_word' id='word_1_61' title='bbox 556 1128 784 1174; x_wconf 89' lang='lat' dir='ltr'><strong>ruerent</strong></span> <span class='ocrx_word' id='word_1_62' title='bbox 840 1120 1105 1174; x_wconf 89' lang='lat' dir='ltr'><strong>adversus</strong></span> <span class='ocrx_word' id='word_1_63' title='bbox 1176 1119 1399 1188; x_wconf 88' lang='lat' dir='ltr'><strong>impios.</strong></span> <span class='ocrx_word' id='word_1_64' title='bbox 1460 1118 1588 1173; x_wconf 79' lang='lat' dir='ltr'><strong>Haec</strong></span> <span class='ocrx_word' id='word_1_65' title='bbox 1654 1129 1836 1173; x_wconf 87' lang='lat' dir='ltr'><strong>autem</strong></span> <span class='ocrx_word' id='word_1_66' title='bbox 1885 1122 2129 1175; x_wconf 87' lang='lat' dir='ltr'><strong>humano</strong></span> 
     </span>
    </p>
   </div>
   <div class='ocr_carea' id='block_1_13' title="bbox 552 1211 2130 1283">
    <p class='ocr_par' dir='ltr' id='par_1_13' title="bbox 552 1211 2130 1283">
     <span class='ocr_line' id='line_1_13' title="bbox 552 1211 2130 1283; baseline 0.001 -17"><span class='ocrx_word' id='word_1_67' title='bbox 552 1228 706 1266; x_wconf 88' lang='lat' dir='ltr'><strong>more</strong></span> <span class='ocrx_word' id='word_1_68' title='bbox 771 1211 1041 1281; x_wconf 90' lang='lat' dir='ltr'><strong>disposita</strong></span> <span class='ocrx_word' id='word_1_69' title='bbox 1081 1221 1212 1265; x_wconf 90' lang='lat' dir='ltr'><strong>sunt</strong></span> <span class='ocrx_word' id='word_1_70' title='bbox 1261 1211 1315 1265; x_wconf 88' lang='lat' dir='ltr'><strong>in</strong></span> <span class='ocrx_word' id='word_1_71' title='bbox 1378 1211 1732 1277; x_wconf 88' lang='lat' dir='ltr'><strong>revelatione,</strong></span> <span class='ocrx_word' id='word_1_72' title='bbox 1770 1213 1900 1283; x_wconf 85' lang='lat' dir='ltr'><strong>quia</strong></span> <span class='ocrx_word' id='word_1_73' title='bbox 1953 1228 2130 1282; x_wconf 87' lang='lat' dir='ltr'><strong>neque</strong></span> 
     </span>
    </p>
   </div>
   <div class='ocr_carea' id='block_1_14' title="bbox 550 1303 2129 1373">
    <p class='ocr_par' dir='ltr' id='par_1_14' title="bbox 550 1303 2129 1373">
     <span class='ocr_line' id='line_1_14' title="bbox 550 1303 2129 1373; baseline -0.001 -14"><span class='ocrx_word' id='word_1_74' title='bbox 550 1306 659 1359; x_wconf 86' lang='lat' dir='ltr'><strong>alio</strong></span> <span class='ocrx_word' id='word_1_75' title='bbox 700 1304 861 1359; x_wconf 90' lang='lat' dir='ltr'><strong>modo</strong></span> <span class='ocrx_word' id='word_1_76' title='bbox 894 1303 1193 1373; x_wconf 79' lang='lat' dir='ltr'><strong>signiﬁcari</strong></span> <span class='ocrx_word' id='word_1_77' title='bbox 1238 1305 1566 1372; x_wconf 85' lang='lat' dir='ltr'><strong>potuissent.</strong></span> <span class='ocrx_word' id='word_1_78' title='bbox 1602 1303 1827 1371; x_wconf 76' lang='lat' dir='ltr'><strong>Equites</strong></span> <span class='ocrx_word' id='word_1_79' title='bbox 1870 1319 2001 1358; x_wconf 87' lang='lat' dir='ltr'><strong>vero</strong></span> <span class='ocrx_word' id='word_1_80' title='bbox 2031 1306 2129 1358; x_wconf 88' lang='lat' dir='ltr'><strong>de-</strong></span> 
     </span>
    </p>
   </div>
   <div class='ocr_carea' id='block_1_15' title="bbox 551 1392 2130 1464">
    <p class='ocr_par' dir='ltr' id='par_1_15' title="bbox 551 1392 2130 1464">
     <span class='ocr_line' id='line_1_15' title="bbox 551 1392 2130 1464; baseline 0 -16"><span class='ocrx_word' id='word_1_81' title='bbox 551 1396 847 1464; x_wconf 78' lang='lat' dir='ltr'><strong>signantur</strong></span> <span class='ocrx_word' id='word_1_82' title='bbox 875 1403 929 1449; x_wconf 91' lang='lat' dir='ltr'><strong>et</strong></span> <span class='ocrx_word' id='word_1_83' title='bbox 959 1393 1054 1463; x_wconf 93' lang='lat' dir='ltr'><strong>qui</strong></span> <span class='ocrx_word' id='word_1_84' title='bbox 1086 1394 1245 1461; x_wconf 90' lang='lat' dir='ltr'><strong>equis</strong></span> <span class='ocrx_word' id='word_1_85' title='bbox 1269 1394 1406 1447; x_wconf 85' lang='lat' dir='ltr'><strong>albis</strong></span> <span class='ocrx_word' id='word_1_86' title='bbox 1440 1392 1677 1447; x_wconf 89' lang='lat' dir='ltr'><strong>insident</strong></span> <span class='ocrx_word' id='word_1_87' title='bbox 1705 1411 1718 1447; x_wconf 93' lang='lat'><strong>:</strong></span> <span class='ocrx_word' id='word_1_88' title='bbox 1752 1404 1811 1447; x_wconf 92' lang='lat' dir='ltr'><strong>ut</strong></span> <span class='ocrx_word' id='word_1_89' title='bbox 1840 1394 1967 1464; x_wconf 89' lang='lat' dir='ltr'><strong>equi</strong></span> <span class='ocrx_word' id='word_1_90' title='bbox 1996 1409 2130 1448; x_wconf 85' lang='lat' dir='ltr'><strong>sane</strong></span> 
     </span>
    </p>
   </div>
   <div class='ocr_carea' id='block_1_16' title="bbox 550 1484 2130 1555">
    <p class='ocr_par' dir='ltr' id='par_1_16' title="bbox 550 1484 2130 1555">
     <span class='ocr_line' id='line_1_16' title="bbox 550 1484 2130 1555; baseline -0.002 -15"><span class='ocrx_word' id='word_1_91' title='bbox 550 1488 819 1540; x_wconf 87' lang='lat' dir='ltr'><strong>adventus</strong></span> <span class='ocrx_word' id='word_1_92' title='bbox 852 1484 1199 1540; x_wconf 82' lang='lat' dir='ltr'><strong>velocitatem</strong></span> <span class='ocrx_word' id='word_1_93' title='bbox 1233 1485 1556 1553; x_wconf 80' lang='lat' dir='ltr'><strong>designent;</strong></span> <span class='ocrx_word' id='word_1_94' title='bbox 1593 1485 1786 1539; x_wconf 86' lang='lat' dir='ltr'><strong>albcdo</strong></span> <span class='ocrx_word' id='word_1_95' title='bbox 1811 1501 1939 1540; x_wconf 81' lang='lat' dir='ltr'><strong>vero</strong></span> <span class='ocrx_word' id='word_1_96' title='bbox 1961 1501 2130 1555; x_wconf 87' lang='lat' dir='ltr'><strong>equo-</strong></span> 
     </span>
    </p>
   </div>
   <div class='ocr_carea' id='block_1_17' title="bbox 551 1578 2127 1647">
    <p class='ocr_par' dir='ltr' id='par_1_17' title="bbox 551 1578 2127 1647">
     <span class='ocr_line' id='line_1_17' title="bbox 551 1578 2127 1647; baseline -0.003 -12"><span class='ocrx_word' id='word_1_97' title='bbox 551 1596 673 1635; x_wconf 93' lang='lat' dir='ltr'><strong>rum</strong></span> <span class='ocrx_word' id='word_1_98' title='bbox 706 1579 887 1633; x_wconf 88' lang='lat' dir='ltr'><strong>taliter</strong></span> <span class='ocrx_word' id='word_1_99' title='bbox 918 1579 1148 1633; x_wconf 88' lang='lat' dir='ltr'><strong>adornet</strong></span> <span class='ocrx_word' id='word_1_100' title='bbox 1187 1578 1443 1633; x_wconf 82' lang='lat' dir='ltr'><strong>caelestes</strong></span> <span class='ocrx_word' id='word_1_101' title='bbox 1474 1578 1717 1633; x_wconf 75' lang='lat' dir='ltr'><strong>ordines.</strong></span> <span class='ocrx_word' id='word_1_102' title='bbox 1754 1579 1819 1632; x_wconf 81' lang='lat' dir='ltr'><strong>Et</strong></span> <span class='ocrx_word' id='word_1_103' title='bbox 1847 1588 1997 1633; x_wconf 87' lang='lat' dir='ltr'><strong>certe</strong></span> <span class='ocrx_word' id='word_1_104' title='bbox 2027 1579 2127 1647; x_wconf 89' lang='lat' dir='ltr'><strong>ipsi</strong></span> 
     </span>
    </p>
   </div>
   <div class='ocr_carea' id='block_1_18' title="bbox 2234 575 3661 648">
    <p class='ocr_par' dir='ltr' id='par_1_18' title="bbox 2234 575 3661 648">
     <span class='ocr_line' id='line_1_18' title="bbox 2234 575 3661 648; baseline 0.004 -21"><span class='ocrx_word' id='word_1_105' title='bbox 2234 592 2341 639; x_wconf 89' lang='grc' dir='ltr'><strong>σιν,</strong></span> <span class='ocrx_word' id='word_1_106' title='bbox 2367 575 2399 645; x_wconf 83' lang='grc' dir='ltr'>ἢ</span> <span class='ocrx_word' id='word_1_107' title='bbox 2424 576 2501 643; x_wconf 78' lang='grc' dir='ltr'><strong>τῷ</strong></span> <span class='ocrx_word' id='word_1_108' title='bbox 2527 577 2747 629; x_wconf 83' lang='grc' dir='ltr'><strong>πάντων</strong></span> <span class='ocrx_word' id='word_1_109' title='bbox 2774 581 2897 639; x_wconf 58' lang='grc' dir='ltr'><strong>τοὺς</strong></span> <span class='ocrx_word' id='word_1_110' title='bbox 2950 579 3137 644; x_wconf 80' lang='grc' dir='ltr'><strong>λόγους</strong></span> <span class='ocrx_word' id='word_1_111' title='bbox 3164 580 3220 630; x_wconf 80' lang='grc' dir='ltr'><strong>ὲν</strong></span> <span class='ocrx_word' id='word_1_112' title='bbox 3246 577 3423 647; x_wconf 76' lang='grc' dir='ltr'><strong>ἑαυτῷ</strong></span> <span class='ocrx_word' id='word_1_113' title='bbox 3452 580 3661 648; x_wconf 84' lang='grc' dir='ltr'><strong>φέρειν.</strong></span> 
     </span>
    </p>
   </div>
   <div class='ocr_carea' id='block_1_19' title="bbox 2304 666 3809 740">
    <p class='ocr_par' dir='ltr' id='par_1_19' title="bbox 2304 666 3809 740">
     <span class='ocr_line' id='line_1_19' title="bbox 2304 666 3809 740; baseline 0.005 -21"><span class='ocrx_word' id='word_1_114' title='bbox 2304 667 2413 720; x_wconf 83' lang='lat' dir='ltr'><strong>Kal</strong></span> <span class='ocrx_word' id='word_1_115' title='bbox 2446 666 2516 719; x_wconf 82' lang='grc' dir='ltr'><strong>τὰ</strong></span> <span class='ocrx_word' id='word_1_116' title='bbox 2553 668 2969 735; x_wconf 78' lang='grc' dir='ltr'><strong>στρατεύματα</strong></span> <span class='ocrx_word' id='word_1_117' title='bbox 3000 668 3071 721; x_wconf 84' lang='grc' dir='ltr'><strong>τὰ</strong></span> <span class='ocrx_word' id='word_1_118' title='bbox 3109 669 3180 722; x_wconf 82' lang='grc' dir='ltr'><strong>ἐν</strong></span> <span class='ocrx_word' id='word_1_119' title='bbox 3235 669 3315 735; x_wconf 86' lang='grc' dir='ltr'><strong>τῷ</strong></span> <span class='ocrx_word' id='word_1_120' title='bbox 3369 672 3602 739; x_wconf 77' lang='grc' dir='ltr'><strong>οὐρανῷ</strong></span> <span class='ocrx_word' id='word_1_121' title='bbox 3662 674 3809 740; x_wconf 81' lang='grc' dir='ltr'><strong>ήκο·</strong></span> 
     </span>
    </p>
   </div>
   <div class='ocr_carea' id='block_1_20' title="bbox 2230 753 3806 831">
    <p class='ocr_par' dir='ltr' id='par_1_20' title="bbox 2230 753 3806 831">
     <span class='ocr_line' id='line_1_20' title="bbox 2230 753 3806 831; baseline 0.006 -24"><span class='ocrx_word' id='word_1_122' title='bbox 2230 755 2433 807; x_wconf 70' lang='grc' dir='ltr'><strong>λούθει</strong></span> <span class='ocrx_word' id='word_1_123' title='bbox 2462 753 2642 819; x_wconf 85' lang='grc' dir='ltr'><strong>αὐτῷ.</strong></span> <span class='ocrx_word' id='word_1_124' title='bbox 2680 756 3143 827; x_wconf 79' lang='grc' dir='ltr'><strong>Ἀρχιστράτηγος</strong></span> <span class='ocrx_word' id='word_1_125' title='bbox 3177 759 3252 811; x_wconf 81' lang='grc' dir='ltr'><strong>ὢν</strong></span> <span class='ocrx_word' id='word_1_126' title='bbox 3271 760 3379 812; x_wconf 83' lang='grc' dir='ltr'><strong>τῶν</strong></span> <span class='ocrx_word' id='word_1_127' title='bbox 3414 762 3680 831; x_wconf 81' lang='grc' dir='ltr'><strong>οὐρανίων</strong></span> <span class='ocrx_word' id='word_1_128' title='bbox 3711 763 3806 816; x_wconf 78' lang='grc' dir='ltr'><strong>δυ-</strong></span> 
     </span>
    </p>
   </div>
   <div class='ocr_carea' id='block_1_21' title="bbox 2232 845 3802 920">
    <p class='ocr_par' dir='ltr' id='par_1_21' title="bbox 2232 845 3802 920">
     <span class='ocr_line' id='line_1_21' title="bbox 2232 845 3802 920; baseline 0.004 -23"><span class='ocrx_word' id='word_1_129' title='bbox 2232 845 2471 915; x_wconf 83' lang='grc' dir='ltr'><strong>νάμεων,</strong></span> <span class='ocrx_word' id='word_1_130' title='bbox 2498 846 2573 907; x_wconf 86' lang='grc' dir='ltr'><strong>ὡς</strong></span> <span class='ocrx_word' id='word_1_131' title='bbox 2597 846 2757 908; x_wconf 83' lang='grc' dir='ltr'><strong>αὐτὸς</strong></span> <span class='ocrx_word' id='word_1_132' title='bbox 2797 847 2975 915; x_wconf 82' lang='grc' dir='ltr'><strong>Ἰησοῦ</strong></span> <span class='ocrx_word' id='word_1_133' title='bbox 2992 846 3070 917; x_wconf 84' lang='grc' dir='ltr'><strong>τῷ</strong></span> <span class='ocrx_word' id='word_1_134' title='bbox 3090 846 3185 899; x_wconf 89' lang='grc' dir='ltr'><strong>τοῦ</strong></span> <span class='ocrx_word' id='word_1_135' title='bbox 3217 848 3375 918; x_wconf 82' lang='grc' dir='ltr'><strong>Ναυῆ</strong></span> <span class='ocrx_word' id='word_1_136' title='bbox 3411 850 3802 920; x_wconf 80' lang='grc' dir='ltr'><strong>ἐχρημάτισεν,</strong></span> 
     </span>
    </p>
   </div>
   <div class='ocr_carea' id='block_1_22' title="bbox 2232 938 3808 1011">
    <p class='ocr_par' dir='ltr' id='par_1_22' title="bbox 2232 938 3808 1011">
     <span class='ocr_line' id='line_1_22' title="bbox 2232 938 3808 1011; baseline 0.003 -23"><span class='ocrx_word' id='word_1_137' title='bbox 2232 938 2458 1000; x_wconf 88' lang='grc' dir='ltr'><strong>είκότως</strong></span> <span class='ocrx_word' id='word_1_138' title='bbox 2481 938 2714 1002; x_wconf 71' lang='grc' dir='ltr'><strong>ὀπαδοὺς</strong></span> <span class='ocrx_word' id='word_1_139' title='bbox 2736 938 2880 991; x_wconf 80' lang='grc' dir='ltr'><strong>κατὰ</strong></span> <span class='ocrx_word' id='word_1_140' title='bbox 2905 941 3003 1007; x_wconf 82' lang='grc' dir='ltr'><strong>τὴν</strong></span> <span class='ocrx_word' id='word_1_141' title='bbox 3036 940 3376 1010; x_wconf 77' lang='grc' dir='ltr'><strong>στρατηγίαν</strong></span> <span class='ocrx_word' id='word_1_142' title='bbox 3404 940 3808 1011; x_wconf 85' lang='grc' dir='ltr'><strong>συμπληροῦν-</strong></span> 
     </span>
    </p>
   </div>
   <div class='ocr_carea' id='block_1_23' title="bbox 2232 1026 3806 1099">
    <p class='ocr_par' dir='ltr' id='par_1_23' title="bbox 2232 1026 3806 1099">
     <span class='ocr_line' id='line_1_23' title="bbox 2232 1026 3806 1099; baseline 0.004 -20"><span class='ocrx_word' id='word_1_143' title='bbox 2232 1044 2329 1087; x_wconf 86' lang='grc' dir='ltr'><strong>τας</strong></span> <span class='ocrx_word' id='word_1_144' title='bbox 2362 1026 2430 1079; x_wconf 79' lang='grc' dir='ltr'><strong>τά</strong></span> <span class='ocrx_word' id='word_1_145' title='bbox 2459 1028 2722 1098; x_wconf 83' lang='grc' dir='ltr'><strong>τάγματα</strong></span> <span class='ocrx_word' id='word_1_146' title='bbox 2771 1028 2971 1099; x_wconf 73' lang='grc' dir='ltr'><strong>ἔσχηκε</strong></span> <span class='ocrx_word' id='word_1_147' title='bbox 3009 1029 3078 1082; x_wconf 83' lang='grc' dir='ltr'><strong>τὰ</strong></span> <span class='ocrx_word' id='word_1_148' title='bbox 3105 1029 3201 1082; x_wconf 89' lang='grc' dir='ltr'><strong>νῦν</strong></span> <span class='ocrx_word' id='word_1_149' title='bbox 3234 1031 3471 1099; x_wconf 83' lang='grc' dir='ltr'><strong>μάλιστα</strong></span> <span class='ocrx_word' id='word_1_150' title='bbox 3497 1033 3591 1085; x_wconf 73' lang='grc' dir='ltr'><strong>ἐπὶ</strong></span> <span class='ocrx_word' id='word_1_151' title='bbox 3643 1033 3806 1085; x_wconf 84' lang='grc' dir='ltr'><strong>πόλε-</strong></span> 
     </span>
    </p>
   </div>
   <div class='ocr_carea' id='block_1_24' title="bbox 2236 1116 3807 1189">
    <p class='ocr_par' dir='ltr' id='par_1_24' title="bbox 2236 1116 3807 1189">
     <span class='ocr_line' id='line_1_24' title="bbox 2236 1116 3807 1189; baseline 0.002 -19"><span class='ocrx_word' id='word_1_152' title='bbox 2236 1134 2336 1187; x_wconf 92' lang='grc' dir='ltr'><strong>μον</strong></span> <span class='ocrx_word' id='word_1_153' title='bbox 2366 1118 2469 1171; x_wconf 85' lang='grc' dir='ltr'><strong>τῶν</strong></span> <span class='ocrx_word' id='word_1_154' title='bbox 2501 1117 2717 1171; x_wconf 83' lang='grc' dir='ltr'><strong>ἀσεϐῶν</strong></span> <span class='ocrx_word' id='word_1_155' title='bbox 2764 1117 3085 1188; x_wconf 84' lang='grc' dir='ltr'><strong>ὁρμώμενα.</strong></span> <span class='ocrx_word' id='word_1_156' title='bbox 3116 1116 3301 1170; x_wconf 86' lang='grc' dir='ltr'><strong>Ταῦτα</strong></span> <span class='ocrx_word' id='word_1_157' title='bbox 3357 1119 3414 1172; x_wconf 85' lang='grc' dir='ltr'><strong>δὲ</strong></span> <span class='ocrx_word' id='word_1_158' title='bbox 3447 1121 3807 1189; x_wconf 77' lang='grc' dir='ltr'><strong>ἀνθρωπίνως</strong></span> 
     </span>
    </p>
   </div>
   <div class='ocr_carea' id='block_1_25' title="bbox 2230 1206 3802 1279">
    <p class='ocr_par' dir='ltr' id='par_1_25' title="bbox 2230 1206 3802 1279">
     <span class='ocr_line' id='line_1_25' title="bbox 2230 1206 3802 1279; baseline 0.003 -20"><span class='ocrx_word' id='word_1_159' title='bbox 2230 1206 2611 1259; x_wconf 68' lang='grc' dir='ltr'><strong>διεσκεύασται</strong></span> <span class='ocrx_word' id='word_1_160' title='bbox 2656 1208 2715 1260; x_wconf 83' lang='grc' dir='ltr'><strong>ὲν</strong></span> <span class='ocrx_word' id='word_1_161' title='bbox 2769 1210 2836 1277; x_wconf 76' lang='grc' dir='ltr'><strong>τῇ</strong></span> <span class='ocrx_word' id='word_1_162' title='bbox 2890 1207 3253 1277; x_wconf 73' lang='grc' dir='ltr'><strong>ἀποκαλύψει,</strong></span> <span class='ocrx_word' id='word_1_163' title='bbox 3302 1210 3385 1261; x_wconf 83' lang='grc' dir='ltr'><strong>ὅτι</strong></span> <span class='ocrx_word' id='word_1_164' title='bbox 3441 1210 3577 1279; x_wconf 84' lang='grc' dir='ltr'><strong>μηδὲ</strong></span> <span class='ocrx_word' id='word_1_165' title='bbox 3628 1211 3802 1276; x_wconf 84' lang='grc' dir='ltr'><strong>άλλως</strong></span> 
     </span>
    </p>
   </div>
   <div class='ocr_carea' id='block_1_26' title="bbox 2228 1294 3795 1373">
    <p class='ocr_par' dir='ltr' id='par_1_26' title="bbox 2228 1294 3795 1373">
     <span class='ocr_line' id='line_1_26' title="bbox 2228 1294 3795 1373; baseline 0.005 -25"><span class='ocrx_word' id='word_1_166' title='bbox 2228 1294 2298 1368; x_wconf 80' lang='grc' dir='ltr'><strong>ἦν</strong></span> <span class='ocrx_word' id='word_1_167' title='bbox 2326 1297 2630 1369; x_wconf 83' lang='grc' dir='ltr'><strong>δηλωθῆναι</strong></span> <span class='ocrx_word' id='word_1_168' title='bbox 2658 1298 2853 1357; x_wconf 85' lang='grc' dir='ltr'><strong>ταῦτα.</strong></span> <span class='ocrx_word' id='word_1_169' title='bbox 2902 1300 2937 1353; x_wconf 85' lang='grc'><strong>⁸1</strong></span> <span class='ocrx_word' id='word_1_170' title='bbox 2950 1301 3146 1353; x_wconf 88' lang='grc' dir='ltr'><strong>ππόται</strong></span> <span class='ocrx_word' id='word_1_171' title='bbox 3173 1300 3230 1355; x_wconf 76' lang='grc' dir='ltr'><strong>δὲ</strong></span> <span class='ocrx_word' id='word_1_172' title='bbox 3263 1301 3355 1353; x_wconf 74' lang='grc' dir='ltr'><strong>καὶ</strong></span> <span class='ocrx_word' id='word_1_173' title='bbox 3388 1302 3573 1365; x_wconf 75' lang='grc' dir='ltr'><strong>ἵπποις</strong></span> <span class='ocrx_word' id='word_1_174' title='bbox 3608 1302 3795 1373; x_wconf 78' lang='grc' dir='ltr'><strong>ἔποχοι</strong></span> 
     </span>
    </p>
   </div>
   <div class='ocr_carea' id='block_1_27' title="bbox 2230 1391 3799 1464">
    <p class='ocr_par' dir='ltr' id='par_1_27' title="bbox 2230 1391 3799 1464">
     <span class='ocr_line' id='line_1_27' title="bbox 2230 1391 3799 1464; baseline 0.003 -22"><span class='ocrx_word' id='word_1_175' title='bbox 2230 1391 2445 1454; x_wconf 81' lang='grc' dir='ltr'><strong>λευκοῖς</strong></span> <span class='ocrx_word' id='word_1_176' title='bbox 2502 1391 2886 1461; x_wconf 75' lang='grc' dir='ltr'><strong>παρίστανται,</strong></span> <span class='ocrx_word' id='word_1_177' title='bbox 2952 1392 3061 1445; x_wconf 84' lang='grc' dir='ltr'><strong>τῶν</strong></span> <span class='ocrx_word' id='word_1_178' title='bbox 3121 1392 3302 1445; x_wconf 79' lang='grc' dir='ltr'><strong>ἵππων</strong></span> <span class='ocrx_word' id='word_1_179' title='bbox 3338 1393 3437 1463; x_wconf 78' lang='grc' dir='ltr'><strong>μὲν</strong></span> <span class='ocrx_word' id='word_1_180' title='bbox 3464 1395 3526 1446; x_wconf 81' lang='grc' dir='ltr'><strong>τὸ</strong></span> <span class='ocrx_word' id='word_1_181' title='bbox 3569 1394 3664 1461; x_wconf 79' lang='grc' dir='ltr'><strong>ὀξὺ</strong></span> <span class='ocrx_word' id='word_1_182' title='bbox 3698 1395 3799 1464; x_wconf 80' lang='grc' dir='ltr'><strong>τῆς</strong></span> 
     </span>
    </p>
   </div>
   <div class='ocr_carea' id='block_1_28' title="bbox 2230 1482 3805 1554">
    <p class='ocr_par' dir='ltr' id='par_1_28' title="bbox 2230 1482 3805 1554">
     <span class='ocr_line' id='line_1_28' title="bbox 2230 1482 3805 1554; baseline 0.003 -20"><span class='ocrx_word' id='word_1_183' title='bbox 2230 1482 2567 1547; x_wconf 77' lang='grc' dir='ltr'><strong>ἑπελεύσεως</strong></span> <span class='ocrx_word' id='word_1_184' title='bbox 2597 1486 3010 1554; x_wconf 79' lang='grc' dir='ltr'><strong>αἰνισσομένων,</strong></span> <span class='ocrx_word' id='word_1_185' title='bbox 3034 1485 3129 1538; x_wconf 88' lang='grc' dir='ltr'><strong>τοῦ</strong></span> <span class='ocrx_word' id='word_1_186' title='bbox 3158 1485 3215 1538; x_wconf 87' lang='grc' dir='ltr'><strong>δὲ</strong></span> <span class='ocrx_word' id='word_1_187' title='bbox 3244 1485 3439 1539; x_wconf 82' lang='grc' dir='ltr'><strong>λευκοῦ</strong></span> <span class='ocrx_word' id='word_1_188' title='bbox 3474 1487 3570 1539; x_wconf 88' lang='grc' dir='ltr'><strong>τοῦ</strong></span> <span class='ocrx_word' id='word_1_189' title='bbox 3610 1488 3666 1539; x_wconf 80' lang='grc' dir='ltr'><strong>ὲν</strong></span> <span class='ocrx_word' id='word_1_190' title='bbox 3691 1489 3805 1549; x_wconf 84' lang='grc' dir='ltr'><strong>τοῖς</strong></span> 
     </span>
    </p>
   </div>
   <div class='ocr_carea' id='block_1_29' title="bbox 2232 1576 3805 1650">
    <p class='ocr_par' dir='ltr' id='par_1_29' title="bbox 2232 1576 3805 1650">
     <span class='ocr_line' id='line_1_29' title="bbox 2232 1576 3805 1650; baseline 0.003 -21"><span class='ocrx_word' id='word_1_191' title='bbox 2232 1576 2417 1640; x_wconf 88' lang='grc' dir='ltr'><strong>ίπποις</strong></span> <span class='ocrx_word' id='word_1_192' title='bbox 2446 1577 2506 1630; x_wconf 79' lang='grc' dir='ltr'><strong>τὸ</strong></span> <span class='ocrx_word' id='word_1_193' title='bbox 2528 1580 2785 1640; x_wconf 82' lang='grc' dir='ltr'><strong>τοιούτοις</strong></span> <span class='ocrx_word' id='word_1_194' title='bbox 2808 1577 3221 1645; x_wconf 76' lang='grc' dir='ltr'><strong>ὲναγλαϊζεσθαι</strong></span> <span class='ocrx_word' id='word_1_195' title='bbox 3245 1579 3316 1631; x_wconf 76' lang='grc' dir='ltr'><strong>τά</strong></span> <span class='ocrx_word' id='word_1_196' title='bbox 3340 1578 3567 1650; x_wconf 81' lang='grc' dir='ltr'><strong>οὐράνια</strong></span> <span class='ocrx_word' id='word_1_197' title='bbox 3586 1580 3805 1649; x_wconf 80' lang='grc' dir='ltr'><strong>τάγμα-</strong></span> 
     </span>
    </p>
   </div>
   <div class='ocr_carea' id='block_1_30' title="bbox 551 1667 2156 1741">
    <p class='ocr_par' dir='ltr' id='par_1_30' title="bbox 551 1667 2125 1741">
     <span class='ocr_line' id='line_1_30' title="bbox 551 1667 2125 1741; baseline -0.001 -18"><span class='ocrx_word' id='word_1_198' title='bbox 551 1686 777 1741; x_wconf 88' lang='lat' dir='ltr'><strong>quoque</strong></span> <span class='ocrx_word' id='word_1_199' title='bbox 824 1684 1150 1724; x_wconf 88' lang='lat' dir='ltr'><strong>ascensorcs</strong></span> <span class='ocrx_word' id='word_1_200' title='bbox 1199 1669 1567 1724; x_wconf 86' lang='lat' dir='ltr'><strong>ostenduntur</strong></span> <span class='ocrx_word' id='word_1_201' title='bbox 1606 1668 1779 1723; x_wconf 88' lang='lat' dir='ltr'><strong>induti</strong></span> <span class='ocrx_word' id='word_1_202' title='bbox 1832 1669 1953 1723; x_wconf 90' lang='lat' dir='ltr'><strong>alba</strong></span> <span class='ocrx_word' id='word_1_203' title='bbox 1987 1667 2125 1724; x_wconf 81' lang='lat' dir='ltr'><strong>stola</strong></span> 
     </span>
    </p>
   </div>
   <div class='ocr_carea' id='block_1_31' title="bbox 2236 1667 3810 1741">
    <p class='ocr_par' dir='ltr' id='par_1_31' title="bbox 2236 1669 3810 1741">
     <span class='ocr_line' id='line_1_31' title="bbox 2236 1669 3810 1741; baseline 0.001 -20"><span class='ocrx_word' id='word_1_204' title='bbox 2236 1686 2316 1723; x_wconf 85' lang='grc' dir='ltr'><strong>τα.</strong></span> <span class='ocrx_word' id='word_1_205' title='bbox 2340 1669 2449 1723; x_wconf 80' lang='lat' dir='ltr'><strong>Kal</strong></span> <span class='ocrx_word' id='word_1_206' title='bbox 2462 1670 2527 1740; x_wconf 79' lang='grc' dir='ltr'><strong>δή</strong></span> <span class='ocrx_word' id='word_1_207' title='bbox 2542 1686 2606 1739; x_wconf 90' lang='grc' dir='ltr'><strong>γε</strong></span> <span class='ocrx_word' id='word_1_208' title='bbox 2630 1671 2723 1723; x_wconf 80' lang='grc' dir='ltr'><strong>καὶ</strong></span> <span class='ocrx_word' id='word_1_209' title='bbox 2755 1670 2910 1725; x_wconf 81' lang='grc' dir='ltr'><strong>αὐτοὶ</strong></span> <span class='ocrx_word' id='word_1_210' title='bbox 2945 1671 2993 1723; x_wconf 90' lang='grc' dir='ltr'><strong>οί</strong></span> <span class='ocrx_word' id='word_1_211' title='bbox 3033 1669 3301 1724; x_wconf 84' lang='grc' dir='ltr'><strong>ἀναϐάται</strong></span> <span class='ocrx_word' id='word_1_212' title='bbox 3332 1670 3530 1741; x_wconf 79' lang='grc' dir='ltr'><strong>λευκὴν</strong></span> <span class='ocrx_word' id='word_1_213' title='bbox 3566 1670 3810 1740; x_wconf 80' lang='grc' dir='ltr'><strong>ἀμπεχό-</strong></span> 
     </span>
    </p>
   </div>
   <div class='ocr_carea' id='block_1_32' title="bbox 556 1762 2156 1835">
    <p class='ocr_par' dir='ltr' id='par_1_32' title="bbox 556 1762 2125 1835">
     <span class='ocr_line' id='line_1_32' title="bbox 556 1762 2125 1835; baseline -0.003 -16"><span class='ocrx_word' id='word_1_214' title='bbox 556 1766 801 1835; x_wconf 78' lang='lat' dir='ltr'><strong>byssina.</strong></span> <span class='ocrx_word' id='word_1_215' title='bbox 842 1764 985 1829; x_wconf 86' lang='lat' dir='ltr'><strong>Quid</strong></span> <span class='ocrx_word' id='word_1_216' title='bbox 1040 1764 1185 1817; x_wconf 91' lang='lat' dir='ltr'><strong>enim</strong></span> <span class='ocrx_word' id='word_1_217' title='bbox 1237 1763 1381 1816; x_wconf 90' lang='lat' dir='ltr'><strong>inter</strong></span> <span class='ocrx_word' id='word_1_218' title='bbox 1442 1762 1748 1816; x_wconf 83' lang='lat' dir='ltr'><strong>materialia</strong></span> <span class='ocrx_word' id='word_1_219' title='bbox 1801 1777 1865 1816; x_wconf 90' lang='lat' dir='ltr'><strong>ac</strong></span> <span class='ocrx_word' id='word_1_220' title='bbox 1910 1770 2125 1815; x_wconf 87' lang='lat' dir='ltr'><strong>terrena</strong></span> 
     </span>
    </p>
   </div>
   <div class='ocr_carea' id='block_1_33' title="bbox 2236 1762 3809 1835">
    <p class='ocr_par' dir='ltr' id='par_1_33' title="bbox 2236 1762 3809 1833">
     <span class='ocr_line' id='line_1_33' title="bbox 2236 1762 3809 1833; baseline 0.001 -19"><span class='ocrx_word' id='word_1_221' title='bbox 2236 1779 2386 1832; x_wconf 85' lang='grc' dir='ltr'><strong>μενοι</strong></span> <span class='ocrx_word' id='word_1_222' title='bbox 2432 1763 2531 1833; x_wconf 77' lang='grc' dir='ltr'><strong>τὴν</strong></span> <span class='ocrx_word' id='word_1_223' title='bbox 2570 1765 2676 1817; x_wconf 79' lang='grc' dir='ltr'><strong>ἀπὸ</strong></span> <span class='ocrx_word' id='word_1_224' title='bbox 2710 1762 2910 1833; x_wconf 81' lang='grc' dir='ltr'><strong>βύσσου</strong></span> <span class='ocrx_word' id='word_1_225' title='bbox 2946 1762 3137 1833; x_wconf 81' lang='grc' dir='ltr'><strong>στολὴν</strong></span> <span class='ocrx_word' id='word_1_226' title='bbox 3158 1762 3577 1816; x_wconf 74' lang='grc' dir='ltr'><strong>ἐπιδείκνυνται.</strong></span> <span class='ocrx_word' id='word_1_227' title='bbox 3610 1763 3674 1815; x_wconf 84' lang='grc' dir='ltr'><strong>Τί</strong></span> <span class='ocrx_word' id='word_1_228' title='bbox 3699 1764 3809 1832; x_wconf 72' lang='grc' dir='ltr'><strong>γὰρ</strong></span> 
     </span>
    </p>
   </div>
   <div class='ocr_carea' id='block_1_34' title="bbox 555 1830 2156 1928">
    <p class='ocr_par' dir='ltr' id='par_1_34' title="bbox 555 1830 2015 1928">
     <span class='ocr_line' id='line_1_34' title="bbox 555 1830 2015 1928; baseline -0.005 -15"><span class='ocrx_word' id='word_1_229' title='bbox 555 1830 740 1928; x_wconf 79' lang='lat' dir='ltr'><strong>aptius</strong></span> <span class='ocrx_word' id='word_1_230' title='bbox 768 1856 979 1912; x_wconf 64' lang='lat' dir='ltr'><strong>caalesti</strong></span> <span class='ocrx_word' id='word_1_231' title='bbox 1012 1871 1077 1911; x_wconf 92' lang='lat' dir='ltr'><strong>ac</strong></span> <span class='ocrx_word' id='word_1_232' title='bbox 1104 1855 1289 1911; x_wconf 89' lang='lat' dir='ltr'><strong>divino</strong></span> <span class='ocrx_word' id='word_1_233' title='bbox 1317 1854 1483 1911; x_wconf 71' lang='lat' dir='ltr'><strong>coetui</strong></span> <span class='ocrx_word' id='word_1_234' title='bbox 1522 1854 1765 1924; x_wconf 73' lang='lat' dir='ltr'><strong>conspici</strong></span> <span class='ocrx_word' id='word_1_235' title='bbox 1804 1853 2015 1924; x_wconf 79' lang='lat' dir='ltr'><strong>potest?</strong></span> 
     </span>
    </p>
   </div>
   <div class='ocr_carea' id='block_1_35' title="bbox 2236 1830 3809 1928">
    <p class='ocr_par' dir='ltr' id='par_1_35' title="bbox 2236 1830 3809 1927">
     <span class='ocr_line' id='line_1_35' title="bbox 2236 1830 3809 1927; baseline 0 -20"><span class='ocrx_word' id='word_1_236' title='bbox 2236 1830 2300 1926; x_wconf 81' lang='grc' dir='ltr'><strong>τῇ</strong></span> <span class='ocrx_word' id='word_1_237' title='bbox 2342 1830 2581 1927; x_wconf 76' lang='grc' dir='ltr'><strong>οὐρανίῳ</strong></span> <span class='ocrx_word' id='word_1_238' title='bbox 2641 1830 2735 1910; x_wconf 68' lang='lat' dir='ltr'><strong>me.</strong></span> <span class='ocrx_word' id='word_1_239' title='bbox 2778 1855 2899 1926; x_wconf 79' lang='grc' dir='ltr'><strong>θείᾳ</strong></span> <span class='ocrx_word' id='word_1_240' title='bbox 2955 1830 3198 1926; x_wconf 74' lang='grc' dir='ltr'><strong>φρατρίᾳ</strong></span> <span class='ocrx_word' id='word_1_241' title='bbox 3226 1856 3335 1908; x_wconf 79' lang='grc' dir='ltr'><strong>τῶν</strong></span> <span class='ocrx_word' id='word_1_242' title='bbox 3365 1855 3567 1909; x_wconf 82' lang='grc' dir='ltr'><strong>ὲνύλων</strong></span> <span class='ocrx_word' id='word_1_243' title='bbox 3622 1873 3682 1909; x_wconf 88' lang='grc' dir='ltr'><strong>τε</strong></span> <span class='ocrx_word' id='word_1_244' title='bbox 3713 1830 3809 1908; x_wconf 70' lang='grc' dir='ltr'><strong>καὶ</strong></span> 
     </span>
    </p>
   </div>
   <div class='ocr_carea' id='block_1_36' title="bbox 2234 1945 3432 2018">
    <p class='ocr_par' dir='ltr' id='par_1_36' title="bbox 2234 1945 3432 2018">
     <span class='ocr_line' id='line_1_36' title="bbox 2234 1945 3432 2018; baseline -0.002 -18"><span class='ocrx_word' id='word_1_245' title='bbox 2234 1949 2438 2018; x_wconf 74' lang='grc' dir='ltr'><strong>γηίνων</strong></span> <span class='ocrx_word' id='word_1_246' title='bbox 2490 1946 2855 2017; x_wconf 82' lang='grc' dir='ltr'><strong>ὲνθεωρηθείη</strong></span> <span class='ocrx_word' id='word_1_247' title='bbox 2910 1946 2976 2000; x_wconf 83' lang='grc' dir='ltr'><strong>ἂν</strong></span> <span class='ocrx_word' id='word_1_248' title='bbox 3004 1945 3432 2017; x_wconf 85' lang='grc' dir='ltr'><strong>ἁρμοδιώτερον;</strong></span> 
     </span>
    </p>
   </div>
   <div class='ocr_carea' id='block_1_37' title="bbox 622 2026 2132 2097">
    <p class='ocr_par' dir='ltr' id='par_1_37' title="bbox 622 2026 2132 2097">
     <span class='ocr_line' id='line_1_37' title="bbox 622 2026 2132 2097; baseline -0.003 -12"><span class='ocrx_word' id='word_1_249' title='bbox 622 2029 767 2097; x_wconf 80' lang='lat' dir='ltr'><strong>XIX,</strong></span> <span class='ocrx_word' id='word_1_250' title='bbox 796 2030 881 2093; x_wconf 77' lang='grc'><strong>15,</strong></span> <span class='ocrx_word' id='word_1_251' title='bbox 910 2030 997 2084; x_wconf 79' lang='grc'><strong>16.</strong></span> <span class='ocrx_word' id='word_1_252' title='bbox 1033 2028 1098 2082; x_wconf 88' lang='lat' dir='ltr'><strong>Et</strong></span> <span class='ocrx_word' id='word_1_253' title='bbox 1130 2030 1193 2082; x_wconf 86' lang='lat' dir='ltr'><strong>de</strong></span> <span class='ocrx_word' id='word_1_254' title='bbox 1216 2042 1303 2081; x_wconf 89' lang='lat' dir='ltr'><strong>ore</strong></span> <span class='ocrx_word' id='word_1_255' title='bbox 1328 2026 1441 2097; x_wconf 86' lang='lat' dir='ltr'><strong>ejus</strong></span> <span class='ocrx_word' id='word_1_256' title='bbox 1468 2028 1700 2097; x_wconf 81' lang='lat' dir='ltr'><strong>procedit</strong></span> <span class='ocrx_word' id='word_1_257' title='bbox 1731 2027 1942 2097; x_wconf 76' lang='lat' dir='ltr'><strong>gladius</strong></span> <span class='ocrx_word' id='word_1_258' title='bbox 1963 2028 2132 2081; x_wconf 79' lang='lat' dir='ltr'><strong>utrin-</strong></span> 
     </span>
    </p>
   </div>
   <div class='ocr_carea' id='block_1_38' title="bbox 551 2120 2133 2190">
    <p class='ocr_par' dir='ltr' id='par_1_38' title="bbox 551 2120 2133 2190">
     <span class='ocr_line' id='line_1_38' title="bbox 551 2120 2133 2190; baseline -0.003 -13"><span class='ocrx_word' id='word_1_259' title='bbox 551 2140 651 2185; x_wconf 85' lang='lat' dir='ltr'><strong>que</strong></span> <span class='ocrx_word' id='word_1_260' title='bbox 689 2133 900 2187; x_wconf 87' lang='lat' dir='ltr'><strong>acutus,</strong></span> <span class='ocrx_word' id='word_1_261' title='bbox 932 2132 988 2175; x_wconf 91' lang='lat' dir='ltr'><strong>ut</strong></span> <span class='ocrx_word' id='word_1_262' title='bbox 1020 2138 1079 2175; x_wconf 83' lang='lat' dir='ltr'><strong>eo</strong></span> <span class='ocrx_word' id='word_1_263' title='bbox 1114 2121 1375 2190; x_wconf 78' lang='lat' dir='ltr'><strong>percutiat</strong></span> <span class='ocrx_word' id='word_1_264' title='bbox 1406 2130 1578 2190; x_wconf 89' lang='lat' dir='ltr'><strong>gentes</strong></span> <span class='ocrx_word' id='word_1_265' title='bbox 1604 2137 1622 2173; x_wconf 88' lang='lat'><strong><em>:</em></strong></span> <span class='ocrx_word' id='word_1_266' title='bbox 1656 2129 1705 2173; x_wconf 86' lang='lat' dir='ltr'><strong>et</strong></span> <span class='ocrx_word' id='word_1_267' title='bbox 1727 2120 1835 2189; x_wconf 84' lang='lat' dir='ltr'><strong>ipse</strong></span> <span class='ocrx_word' id='word_1_268' title='bbox 1870 2132 2005 2189; x_wconf 81' lang='lat' dir='ltr'><strong>reget</strong></span> <span class='ocrx_word' id='word_1_269' title='bbox 2042 2136 2133 2172; x_wconf 87' lang='lat' dir='ltr'><strong>eas</strong></span> 
     </span>
    </p>
   </div>
   <div class='ocr_carea' id='block_1_39' title="bbox 552 2210 2131 2285">
    <p class='ocr_par' dir='ltr' id='par_1_39' title="bbox 552 2210 2131 2285">
     <span class='ocr_line' id='line_1_39' title="bbox 552 2210 2131 2285; baseline -0.004 -16"><span class='ocrx_word' id='word_1_270' title='bbox 552 2216 696 2285; x_wconf 86' lang='lat' dir='ltr'><strong>virga</strong></span> <span class='ocrx_word' id='word_1_271' title='bbox 738 2214 931 2282; x_wconf 81' lang='lat' dir='ltr'><strong>ferrea.</strong></span> <span class='ocrx_word' id='word_1_272' title='bbox 984 2211 1049 2265; x_wconf 85' lang='lat' dir='ltr'><strong>Et</strong></span> <span class='ocrx_word' id='word_1_273' title='bbox 1085 2214 1195 2279; x_wconf 85' lang='lat' dir='ltr'><strong>ipse</strong></span> <span class='ocrx_word' id='word_1_274' title='bbox 1244 2212 1417 2265; x_wconf 86' lang='lat' dir='ltr'><strong>calent</strong></span> <span class='ocrx_word' id='word_1_275' title='bbox 1462 2210 1700 2263; x_wconf 84' lang='lat' dir='ltr'><strong>torcular</strong></span> <span class='ocrx_word' id='word_1_276' title='bbox 1754 2211 1862 2264; x_wconf 88' lang='lat' dir='ltr'><strong>vini</strong></span> <span class='ocrx_word' id='word_1_277' title='bbox 1929 2210 2131 2279; x_wconf 78' lang='lat' dir='ltr'><strong>furoris</strong></span> 
     </span>
    </p>
   </div>
   <div class='ocr_carea' id='block_1_40' title="bbox 551 2301 2135 2373">
    <p class='ocr_par' dir='ltr' id='par_1_40' title="bbox 551 2301 2135 2373">
     <span class='ocr_line' id='line_1_40' title="bbox 551 2301 2135 2373; baseline -0.005 -13"><span class='ocrx_word' id='word_1_278' title='bbox 551 2308 647 2361; x_wconf 73' lang='lat' dir='ltr'><strong>ira!</strong></span> <span class='ocrx_word' id='word_1_279' title='bbox 678 2305 773 2360; x_wconf 89' lang='lat' dir='ltr'><strong>Dei</strong></span> <span class='ocrx_word' id='word_1_280' title='bbox 828 2304 1226 2373; x_wconf 79' lang='lat' dir='ltr'><strong>omnipotentis.</strong></span> <span class='ocrx_word' id='word_1_281' title='bbox 1272 2301 1337 2356; x_wconf 86' lang='lat' dir='ltr'><strong>Et</strong></span> <span class='ocrx_word' id='word_1_282' title='bbox 1380 2303 1532 2356; x_wconf 84' lang='lat' dir='ltr'><strong>habet</strong></span> <span class='ocrx_word' id='word_1_283' title='bbox 1572 2317 1725 2369; x_wconf 87' lang='lat' dir='ltr'><strong>super</strong></span> <span class='ocrx_word' id='word_1_284' title='bbox 1772 2302 2135 2356; x_wconf 79' lang='lat' dir='ltr'><strong>vestimentum</strong></span> 
     </span>
    </p>
   </div>
   <div class='ocr_carea' id='block_1_41' title="bbox 549 2392 2133 2471">
    <p class='ocr_par' dir='ltr' id='par_1_41' title="bbox 549 2392 2133 2471">
     <span class='ocr_line' id='line_1_41' title="bbox 549 2392 2133 2471; baseline -0.006 -17"><span class='ocrx_word' id='word_1_285' title='bbox 549 2411 599 2455; x_wconf 85' lang='lat' dir='ltr'><strong>et</strong></span> <span class='ocrx_word' id='word_1_286' title='bbox 633 2416 790 2471; x_wconf 83' lang='lat' dir='ltr'><strong>super</strong></span> <span class='ocrx_word' id='word_1_287' title='bbox 823 2400 997 2471; x_wconf 74' lang='lat' dir='ltr'><strong>[antur</strong></span> <span class='ocrx_word' id='word_1_288' title='bbox 1025 2414 1181 2451; x_wconf 85' lang='lat' dir='ltr'><strong>suum</strong></span> <span class='ocrx_word' id='word_1_289' title='bbox 1220 2411 1409 2450; x_wconf 83' lang='lat' dir='ltr'><strong>nomen</strong></span> <span class='ocrx_word' id='word_1_290' title='bbox 1435 2394 1693 2465; x_wconf 86' lang='lat' dir='ltr'><strong>scriptum</strong></span> <span class='ocrx_word' id='word_1_291' title='bbox 1728 2408 1746 2448; x_wconf 91' lang='lat'><em>:</em></span> <span class='ocrx_word' id='word_1_292' title='bbox 1798 2392 1905 2448; x_wconf 69' lang='lat' dir='ltr'><strong>Rea:</strong></span> <span class='ocrx_word' id='word_1_293' title='bbox 1956 2408 2133 2464; x_wconf 82' lang='lat' dir='ltr'><strong>regunt</strong></span> 
     </span>
    </p>
   </div>
   <div class='ocr_carea' id='block_1_42' title="bbox 552 2486 1341 2544">
    <p class='ocr_par' dir='ltr' id='par_1_42' title="bbox 552 2486 1341 2544">
     <span class='ocr_line' id='line_1_42' title="bbox 552 2486 1341 2544; baseline -0.005 0"><span class='ocrx_word' id='word_1_294' title='bbox 552 2501 599 2544; x_wconf 86' lang='lat' dir='ltr'><strong>et</strong></span> <span class='ocrx_word' id='word_1_295' title='bbox 635 2491 892 2543; x_wconf 81' lang='lat' dir='ltr'><strong>Dominus</strong></span> <span class='ocrx_word' id='word_1_296' title='bbox 922 2486 1341 2541; x_wconf 85' lang='lat' dir='ltr'><strong>dominantium.</strong></span> 
     </span>
    </p>
   </div>
   <div class='ocr_carea' id='block_1_43' title="bbox 625 2782 2136 2855">
    <p class='ocr_par' dir='ltr' id='par_1_43' title="bbox 625 2782 2136 2855">
     <span class='ocr_line' id='line_1_43' title="bbox 625 2782 2136 2855; baseline -0.001 -13"><span class='ocrx_word' id='word_1_297' title='bbox 625 2787 851 2842; x_wconf 84' lang='lat' dir='ltr'><strong>Gladius</strong></span> <span class='ocrx_word' id='word_1_298' title='bbox 883 2800 950 2840; x_wconf 81' lang='lat' dir='ltr'><strong>ex</strong></span> <span class='ocrx_word' id='word_1_299' title='bbox 1005 2798 1099 2839; x_wconf 90' lang='lat' dir='ltr'><strong>ore</strong></span> <span class='ocrx_word' id='word_1_300' title='bbox 1152 2783 1458 2853; x_wconf 85' lang='lat' dir='ltr'><strong>procedens</strong></span> <span class='ocrx_word' id='word_1_301' title='bbox 1509 2783 1785 2855; x_wconf 84' lang='lat' dir='ltr'><strong>signiﬁcat</strong></span> <span class='ocrx_word' id='word_1_302' title='bbox 1837 2782 2019 2854; x_wconf 89' lang='lat' dir='ltr'><strong>impiis</strong></span> <span class='ocrx_word' id='word_1_303' title='bbox 2070 2799 2136 2841; x_wconf 90' lang='lat' dir='ltr'><strong>ac</strong></span> 
     </span>
    </p>
   </div>
   <div class='ocr_carea' id='block_1_44' title="bbox 553 2873 2135 2947">
    <p class='ocr_par' dir='ltr' id='par_1_44' title="bbox 553 2873 2135 2947">
     <span class='ocr_line' id='line_1_44' title="bbox 553 2873 2135 2947; baseline -0.001 -15"><span class='ocrx_word' id='word_1_304' title='bbox 553 2876 938 2947; x_wconf 85' lang='lat' dir='ltr'><strong>peccatoribus</strong></span> <span class='ocrx_word' id='word_1_305' title='bbox 970 2875 1157 2929; x_wconf 88' lang='lat' dir='ltr'><strong>induci</strong></span> <span class='ocrx_word' id='word_1_306' title='bbox 1190 2874 1523 2945; x_wconf 86' lang='lat' dir='ltr'><strong>supplicium</strong></span> <span class='ocrx_word' id='word_1_307' title='bbox 1550 2873 1709 2943; x_wconf 91' lang='lat' dir='ltr'><strong>jussu</strong></span> <span class='ocrx_word' id='word_1_308' title='bbox 1744 2874 1912 2929; x_wconf 86' lang='lat' dir='ltr'><strong>divini</strong></span> <span class='ocrx_word' id='word_1_309' title='bbox 1952 2875 2135 2930; x_wconf 85' lang='lat' dir='ltr'><strong>numi-</strong></span> 
     </span>
    </p>
   </div>
   <div class='ocr_carea' id='block_1_45' title="bbox 557 2965 2130 3037">
    <p class='ocr_par' dir='ltr' id='par_1_45' title="bbox 557 2965 2130 3037">
     <span class='ocr_line' id='line_1_45' title="bbox 557 2965 2130 3037; baseline -0.002 -14"><span class='ocrx_word' id='word_1_310' title='bbox 557 2971 667 3024; x_wconf 91' lang='lat' dir='ltr'><strong>nis.</strong></span> <span class='ocrx_word' id='word_1_311' title='bbox 715 2966 984 3036; x_wconf 88' lang='lat' dir='ltr'><strong>Utrinque</strong></span> <span class='ocrx_word' id='word_1_312' title='bbox 1017 2981 1147 3021; x_wconf 88' lang='lat' dir='ltr'><strong>vero</strong></span> <span class='ocrx_word' id='word_1_313' title='bbox 1198 2966 1391 3020; x_wconf 83' lang='lat' dir='ltr'><strong>incidit</strong></span> <span class='ocrx_word' id='word_1_314' title='bbox 1426 2965 1663 3035; x_wconf 78' lang='lat' dir='ltr'><strong>gladius,</strong></span> <span class='ocrx_word' id='word_1_315' title='bbox 1709 2982 1775 3020; x_wconf 91' lang='lat' dir='ltr'><strong>eo</strong></span> <span class='ocrx_word' id='word_1_316' title='bbox 1824 2968 1969 3037; x_wconf 89' lang='lat' dir='ltr'><strong>quod</strong></span> <span class='ocrx_word' id='word_1_317' title='bbox 2018 2978 2130 3022; x_wconf 88' lang='lat' dir='ltr'><strong>tam</strong></span> 
     </span>
    </p>
   </div>
   <div class='ocr_carea' id='block_1_46' title="bbox 553 3056 2135 3127">
    <p class='ocr_par' dir='ltr' id='par_1_46' title="bbox 553 3056 2135 3127">
     <span class='ocr_line' id='line_1_46' title="bbox 553 3056 2135 3127; baseline -0.001 -13"><span class='ocrx_word' id='word_1_318' title='bbox 553 3077 621 3115; x_wconf 75' lang='lat' dir='ltr'><strong>ex</strong></span> <span class='ocrx_word' id='word_1_319' title='bbox 658 3060 738 3114; x_wconf 91' lang='lat' dir='ltr'><strong>ira</strong></span> <span class='ocrx_word' id='word_1_320' title='bbox 769 3074 935 3127; x_wconf 88' lang='lat' dir='ltr'><strong>quam</strong></span> <span class='ocrx_word' id='word_1_321' title='bbox 975 3074 1043 3113; x_wconf 79' lang='lat' dir='ltr'><strong>ex</strong></span> <span class='ocrx_word' id='word_1_322' title='bbox 1084 3057 1471 3112; x_wconf 88' lang='lat' dir='ltr'><strong>misericordia</strong></span> <span class='ocrx_word' id='word_1_323' title='bbox 1503 3072 1535 3111; x_wconf 89' lang='lat' dir='ltr'><strong>a</strong></span> <span class='ocrx_word' id='word_1_324' title='bbox 1566 3056 1676 3111; x_wconf 82' lang='lat' dir='ltr'><strong>Deo</strong></span> <span class='ocrx_word' id='word_1_325' title='bbox 1712 3060 2008 3127; x_wconf 85' lang='lat' dir='ltr'><strong>procedant</strong></span> <span class='ocrx_word' id='word_1_326' title='bbox 2048 3074 2135 3114; x_wconf 88' lang='lat' dir='ltr'><strong>re-</strong></span> 
     </span>
    </p>
   </div>
   <div class='ocr_carea' id='block_1_47' title="bbox 556 3147 2204 3237">
    <p class='ocr_par' dir='ltr' id='par_1_47' title="bbox 556 3147 2204 3237">
     <span class='ocr_line' id='line_1_47' title="bbox 556 3147 2204 3237; baseline 0 -34"><span class='ocrx_word' id='word_1_327' title='bbox 556 3151 855 3219; x_wconf 86' lang='lat' dir='ltr'><strong>proborum</strong></span> <span class='ocrx_word' id='word_1_328' title='bbox 886 3148 1195 3218; x_wconf 83' lang='lat' dir='ltr'><strong>supplicia;</strong></span> <span class='ocrx_word' id='word_1_329' title='bbox 1225 3157 1421 3204; x_wconf 85' lang='lat' dir='ltr'><strong>acutus</strong></span> <span class='ocrx_word' id='word_1_330' title='bbox 1450 3156 1654 3214; x_wconf 87' lang='lat' dir='ltr'><strong>autem,</strong></span> <span class='ocrx_word' id='word_1_331' title='bbox 1685 3147 1818 3218; x_wconf 87' lang='lat' dir='ltr'><strong>quia</strong></span> <span class='ocrx_word' id='word_1_332' title='bbox 1842 3148 1953 3204; x_wconf 92' lang='lat' dir='ltr'><strong>cito</strong></span> <span class='ocrx_word' id='word_1_333' title='bbox 1979 3148 2135 3205; x_wconf 84' lang='lat' dir='ltr'><strong>all‘ert</strong></span> <span class='ocrx_word' id='word_1_334' title='bbox 2162 3179 2204 3237; x_wconf 65' lang='grc' dir='ltr'>ο</span> 
     </span>
    </p>
   </div>
   <div class='ocr_carea' id='block_1_48' title="bbox 555 3240 1067 3299">
    <p class='ocr_par' dir='ltr' id='par_1_48' title="bbox 555 3240 1067 3299">
     <span class='ocr_line' id='line_1_48' title="bbox 555 3240 1067 3299; baseline -0.012 0"><span class='ocrx_word' id='word_1_335' title='bbox 555 3258 711 3299; x_wconf 78' lang='lat' dir='ltr'><strong>suam</strong></span> <span class='ocrx_word' id='word_1_336' title='bbox 751 3240 1067 3296; x_wconf 81' lang='lat' dir='ltr'><strong>eliicaciam.</strong></span> 
     </span>
    </p>
   </div>
   <div class='ocr_carea' id='block_1_49' title="bbox 636 3330 2137 3404">
    <p class='ocr_par' dir='ltr' id='par_1_49' title="bbox 636 3330 2137 3404">
     <span class='ocr_line' id='line_1_49' title="bbox 636 3330 2137 3404; baseline -0.002 -15"><span class='ocrx_word' id='word_1_337' title='bbox 636 3334 800 3404; x_wconf 84' lang='lat' dir='ltr'><strong>Virga</strong></span> <span class='ocrx_word' id='word_1_338' title='bbox 832 3334 1021 3403; x_wconf 77' lang='lat' dir='ltr'><strong>ferrea.</strong></span> <span class='ocrx_word' id='word_1_339' title='bbox 1062 3330 1260 3386; x_wconf 87' lang='lat' dir='ltr'><strong>Ferrea</strong></span> <span class='ocrx_word' id='word_1_340' title='bbox 1296 3344 1445 3401; x_wconf 72' lang='lat' dir='ltr'><strong>Virga</strong></span> <span class='ocrx_word' id='word_1_341' title='bbox 1480 3346 1585 3385; x_wconf 92' lang='lat' dir='ltr'><strong>non</strong></span> <span class='ocrx_word' id='word_1_342' title='bbox 1617 3340 1702 3387; x_wconf 89' lang='lat' dir='ltr'><strong>est</strong></span> <span class='ocrx_word' id='word_1_343' title='bbox 1723 3332 1788 3387; x_wconf 91' lang='lat' dir='ltr'><strong>ad</strong></span> <span class='ocrx_word' id='word_1_344' title='bbox 1815 3331 2137 3403; x_wconf 85' lang='lat' dir='ltr'><strong>regendum,</strong></span> 
     </span>
    </p>
   </div>
   <div class='ocr_carea' id='block_1_50' title="bbox 557 3422 2139 3493">
    <p class='ocr_par' dir='ltr' id='par_1_50' title="bbox 557 3422 2139 3493">
     <span class='ocr_line' id='line_1_50' title="bbox 557 3422 2139 3493; baseline -0.001 -11"><span class='ocrx_word' id='word_1_345' title='bbox 557 3427 653 3483; x_wconf 90' lang='lat' dir='ltr'><strong>sed</strong></span> <span class='ocrx_word' id='word_1_346' title='bbox 692 3428 759 3481; x_wconf 91' lang='lat' dir='ltr'><strong>ad</strong></span> <span class='ocrx_word' id='word_1_347' title='bbox 792 3422 1249 3493; x_wconf 83' lang='lat' dir='ltr'><strong>conlringendum</strong></span> <span class='ocrx_word' id='word_1_348' title='bbox 1278 3437 1375 3477; x_wconf 89' lang='lat' dir='ltr'><strong>eos</strong></span> <span class='ocrx_word' id='word_1_349' title='bbox 1408 3423 1580 3492; x_wconf 89' lang='lat' dir='ltr'><strong>quiin</strong></span> <span class='ocrx_word' id='word_1_350' title='bbox 1611 3424 1720 3478; x_wconf 89' lang='lat' dir='ltr'><strong>vita</strong></span> <span class='ocrx_word' id='word_1_351' title='bbox 1755 3424 1885 3478; x_wconf 87' lang='lat' dir='ltr'><strong>lutei</strong></span> <span class='ocrx_word' id='word_1_352' title='bbox 1920 3436 2050 3480; x_wconf 91' lang='lat' dir='ltr'><strong>sunt</strong></span> <span class='ocrx_word' id='word_1_353' title='bbox 2084 3436 2139 3480; x_wconf 91' lang='lat' dir='ltr'><strong>et</strong></span> 
     </span>
    </p>
   </div>
   <div class='ocr_carea' id='block_1_51' title="bbox 555 3511 2132 3588">
    <p class='ocr_par' dir='ltr' id='par_1_51' title="bbox 555 3511 2132 3588">
     <span class='ocr_line' id='line_1_51' title="bbox 555 3511 2132 3588; baseline -0.001 -17"><span class='ocrx_word' id='word_1_354' title='bbox 555 3515 729 3588; x_wconf 87' lang='lat' dir='ltr'><strong>parati</strong></span> <span class='ocrx_word' id='word_1_355' title='bbox 759 3523 817 3568; x_wconf 92' lang='lat' dir='ltr'><strong>ut</strong></span> <span class='ocrx_word' id='word_1_356' title='bbox 846 3521 1230 3569; x_wconf 89' lang='lat' dir='ltr'><strong>conterantur.</strong></span> <span class='ocrx_word' id='word_1_357' title='bbox 1292 3511 1467 3579; x_wconf 88' lang='lat' dir='ltr'><strong>Quam</strong></span> <span class='ocrx_word' id='word_1_358' title='bbox 1499 3514 1570 3568; x_wconf 94' lang='lat' dir='ltr'><strong>ob</strong></span> <span class='ocrx_word' id='word_1_359' title='bbox 1600 3528 1823 3570; x_wconf 86' lang='lat' dir='ltr'><strong>causam</strong></span> <span class='ocrx_word' id='word_1_360' title='bbox 1854 3530 1986 3586; x_wconf 87' lang='lat' dir='ltr'><strong>ergo</strong></span> <span class='ocrx_word' id='word_1_361' title='bbox 2029 3515 2132 3585; x_wconf 91' lang='lat' dir='ltr'><strong>ipsi</strong></span> 
     </span>
    </p>
   </div>
   <div class='ocr_carea' id='block_1_52' title="bbox 551 3601 2136 3676">
    <p class='ocr_par' dir='ltr' id='par_1_52' title="bbox 551 3601 2136 3676">
     <span class='ocr_line' id='line_1_52' title="bbox 551 3601 2136 3676; baseline -0.003 -13"><span class='ocrx_word' id='word_1_362' title='bbox 551 3608 876 3663; x_wconf 83' lang='lat' dir='ltr'><strong>attributum</strong></span> <span class='ocrx_word' id='word_1_363' title='bbox 925 3612 1011 3659; x_wconf 87' lang='lat' dir='ltr'><strong>est</strong></span> <span class='ocrx_word' id='word_1_364' title='bbox 1040 3603 1263 3673; x_wconf 83' lang='lat' dir='ltr'><strong>regere?</strong></span> <span class='ocrx_word' id='word_1_365' title='bbox 1297 3601 1412 3657; x_wconf 84' lang='lat' dir='ltr'><strong>Non</strong></span> <span class='ocrx_word' id='word_1_366' title='bbox 1459 3604 1885 3671; x_wconf 85' lang='lat' dir='ltr'><strong>inconsiderate,</strong></span> <span class='ocrx_word' id='word_1_367' title='bbox 1924 3616 1985 3659; x_wconf 94' lang='lat' dir='ltr'><strong>ut</strong></span> <span class='ocrx_word' id='word_1_368' title='bbox 2015 3606 2136 3676; x_wconf 91' lang='lat' dir='ltr'><strong>opi-</strong></span> 
     </span>
    </p>
   </div>
   <div class='ocr_carea' id='block_1_53' title="bbox 556 3696 2138 3769">
    <p class='ocr_par' dir='ltr' id='par_1_53' title="bbox 556 3696 2138 3769">
     <span class='ocr_line' id='line_1_53' title="bbox 556 3696 2138 3769; baseline -0.004 -12"><span class='ocrx_word' id='word_1_369' title='bbox 556 3717 680 3767; x_wconf 87' lang='lat' dir='ltr'><strong>nor,</strong></span> <span class='ocrx_word' id='word_1_370' title='bbox 711 3699 807 3755; x_wconf 90' lang='lat' dir='ltr'><strong>sed</strong></span> <span class='ocrx_word' id='word_1_371' title='bbox 839 3697 969 3769; x_wconf 82' lang='lat' dir='ltr'><strong>quia</strong></span> <span class='ocrx_word' id='word_1_372' title='bbox 1006 3696 1291 3767; x_wconf 81' lang='lat' dir='ltr'><strong>probabile</strong></span> <span class='ocrx_word' id='word_1_373' title='bbox 1316 3705 1401 3750; x_wconf 88' lang='lat' dir='ltr'><strong>est</strong></span> <span class='ocrx_word' id='word_1_374' title='bbox 1430 3696 1595 3765; x_wconf 89' lang='lat' dir='ltr'><strong>quod</strong></span> <span class='ocrx_word' id='word_1_375' title='bbox 1625 3698 1863 3768; x_wconf 87' lang='lat' dir='ltr'><strong>regendo</strong></span> <span class='ocrx_word' id='word_1_376' title='bbox 1892 3712 2138 3767; x_wconf 83' lang='lat' dir='ltr'><strong>pugnan-</strong></span> 
     </span>
    </p>
   </div>
   <div class='ocr_carea' id='block_1_54' title="bbox 557 3783 2136 3855">
    <p class='ocr_par' dir='ltr' id='par_1_54' title="bbox 557 3783 2136 3855">
     <span class='ocr_line' id='line_1_54' title="bbox 557 3783 2136 3855; baseline -0.003 -10"><span class='ocrx_word' id='word_1_377' title='bbox 557 3794 690 3845; x_wconf 91' lang='lat' dir='ltr'><strong>dum</strong></span> <span class='ocrx_word' id='word_1_378' title='bbox 720 3790 793 3845; x_wconf 91' lang='lat' dir='ltr'><strong>sit</strong></span> <span class='ocrx_word' id='word_1_379' title='bbox 826 3787 1092 3843; x_wconf 89' lang='lat' dir='ltr'><strong>adversus</strong></span> <span class='ocrx_word' id='word_1_380' title='bbox 1142 3783 1352 3839; x_wconf 76' lang='lat' dir='ltr'><strong>ferinos</strong></span> <span class='ocrx_word' id='word_1_381' title='bbox 1404 3784 1679 3847; x_wconf 81' lang='lat' dir='ltr'><strong>homines,</strong></span> <span class='ocrx_word' id='word_1_382' title='bbox 1737 3794 1795 3839; x_wconf 88' lang='lat' dir='ltr'><strong>et</strong></span> <span class='ocrx_word' id='word_1_383' title='bbox 1848 3795 2136 3855; x_wconf 89' lang='lat' dir='ltr'><strong>propterea</strong></span> 
     </span>
    </p>
   </div>
   <div class='ocr_carea' id='block_1_55' title="bbox 553 3876 2140 3954">
    <p class='ocr_par' dir='ltr' id='par_1_55' title="bbox 553 3876 2140 3954">
     <span class='ocr_line' id='line_1_55' title="bbox 553 3876 2140 3954; baseline -0.001 -19"><span class='ocrx_word' id='word_1_384' title='bbox 553 3896 775 3954; x_wconf 87' lang='lat' dir='ltr'><strong>quoque</strong></span> <span class='ocrx_word' id='word_1_385' title='bbox 805 3880 957 3948; x_wconf 87' lang='lat' dir='ltr'><strong>virga</strong></span> <span class='ocrx_word' id='word_1_386' title='bbox 992 3892 1130 3948; x_wconf 90' lang='lat' dir='ltr'><strong>opus</strong></span> <span class='ocrx_word' id='word_1_387' title='bbox 1174 3885 1279 3942; x_wconf 88' lang='lat' dir='ltr'><strong>est,</strong></span> <span class='ocrx_word' id='word_1_388' title='bbox 1310 3891 1433 3945; x_wconf 71' lang='lat' dir='ltr'><strong>qua:</strong></span> <span class='ocrx_word' id='word_1_389' title='bbox 1462 3876 1794 3933; x_wconf 87' lang='lat' dir='ltr'><strong>adversariis</strong></span> <span class='ocrx_word' id='word_1_390' title='bbox 1821 3877 1967 3947; x_wconf 88' lang='lat' dir='ltr'><strong>juste</strong></span> <span class='ocrx_word' id='word_1_391' title='bbox 2017 3894 2140 3949; x_wconf 91' lang='lat' dir='ltr'><strong>per-</strong></span> 
     </span>
    </p>
   </div>
   <div class='ocr_carea' id='block_1_56' title="bbox 553 3970 2138 4042">
    <p class='ocr_par' dir='ltr' id='par_1_56' title="bbox 553 3970 2138 4042">
     <span class='ocr_line' id='line_1_56' title="bbox 553 3970 2138 4042; baseline 0.001 -13"><span class='ocrx_word' id='word_1_392' title='bbox 553 3976 818 4030; x_wconf 87' lang='lat' dir='ltr'><strong>ditionem</strong></span> <span class='ocrx_word' id='word_1_393' title='bbox 846 3973 1059 4027; x_wconf 86' lang='lat' dir='ltr'><strong>all‘erat.</strong></span> <span class='ocrx_word' id='word_1_394' title='bbox 1092 3970 1229 4037; x_wconf 85' lang='lat' dir='ltr'><strong>Quis</strong></span> <span class='ocrx_word' id='word_1_395' title='bbox 1265 3981 1447 4026; x_wconf 90' lang='lat' dir='ltr'><strong>autem</strong></span> <span class='ocrx_word' id='word_1_396' title='bbox 1494 3971 1637 4026; x_wconf 88' lang='lat' dir='ltr'><strong>alius</strong></span> <span class='ocrx_word' id='word_1_397' title='bbox 1680 3988 1845 4042; x_wconf 88' lang='lat' dir='ltr'><strong>quam</strong></span> <span class='ocrx_word' id='word_1_398' title='bbox 1882 3974 2138 4031; x_wconf 84' lang='lat' dir='ltr'><strong>Christus</strong></span> 
     </span>
    </p>
   </div>
   <div class='ocr_carea' id='block_1_57' title="bbox 552 4062 2135 4136">
    <p class='ocr_par' dir='ltr' id='par_1_57' title="bbox 552 4062 2135 4136">
     <span class='ocr_line' id='line_1_57' title="bbox 552 4062 2135 4136; baseline 0.001 -17"><span class='ocrx_word' id='word_1_399' title='bbox 552 4065 732 4120; x_wconf 88' lang='lat' dir='ltr'><strong>calcat</strong></span> <span class='ocrx_word' id='word_1_400' title='bbox 780 4063 1023 4119; x_wconf 88' lang='lat' dir='ltr'><strong>torcular</strong></span> <span class='ocrx_word' id='word_1_401' title='bbox 1061 4063 1173 4117; x_wconf 89' lang='lat' dir='ltr'><strong>vini</strong></span> <span class='ocrx_word' id='word_1_402' title='bbox 1234 4062 1442 4118; x_wconf 85' lang='lat' dir='ltr'><strong>luroris</strong></span> <span class='ocrx_word' id='word_1_403' title='bbox 1503 4062 1598 4117; x_wconf 72' lang='lat' dir='ltr'><strong>ira:</strong></span> <span class='ocrx_word' id='word_1_404' title='bbox 1638 4063 1772 4119; x_wconf 87' lang='lat' dir='ltr'><strong>Dei?</strong></span> <span class='ocrx_word' id='word_1_405' title='bbox 1819 4064 1942 4136; x_wconf 91' lang='lat' dir='ltr'><strong>Ipse</strong></span> <span class='ocrx_word' id='word_1_406' title='bbox 1988 4068 2135 4121; x_wconf 89' lang='lat' dir='ltr'><strong>enim</strong></span> 
     </span>
    </p>
   </div>
   <div class='ocr_carea' id='block_1_58' title="bbox 553 4151 2134 4225">
    <p class='ocr_par' dir='ltr' id='par_1_58' title="bbox 553 4151 2134 4225">
     <span class='ocr_line' id='line_1_58' title="bbox 553 4151 2134 4225; baseline 0.004 -19"><span class='ocrx_word' id='word_1_407' title='bbox 553 4170 651 4225; x_wconf 85' lang='lat' dir='ltr'><strong>per</strong></span> <span class='ocrx_word' id='word_1_408' title='bbox 682 4154 955 4225; x_wconf 83' lang='lat' dir='ltr'><strong>judicium</strong></span> <span class='ocrx_word' id='word_1_409' title='bbox 1002 4153 1171 4223; x_wconf 73' lang='lat'><strong>808</strong></span> <span class='ocrx_word' id='word_1_410' title='bbox 1203 4167 1267 4207; x_wconf 90' lang='lat' dir='ltr'><strong>ac</strong></span> <span class='ocrx_word' id='word_1_411' title='bbox 1320 4151 1742 4207; x_wconf 86' lang='lat' dir='ltr'><strong>retributionem</strong></span> <span class='ocrx_word' id='word_1_412' title='bbox 1797 4156 2134 4213; x_wconf 84' lang='lat' dir='ltr'><strong>voluntatem</strong></span> 
     </span>
    </p>
   </div>
   <div class='ocr_carea' id='block_1_59' title="bbox 552 4247 1070 4317">
    <p class='ocr_par' dir='ltr' id='par_1_59' title="bbox 552 4247 1070 4317">
     <span class='ocr_line' id='line_1_59' title="bbox 552 4247 1070 4317; baseline -0.008 -14"><span class='ocrx_word' id='word_1_413' title='bbox 552 4247 735 4317; x_wconf 81' lang='lat' dir='ltr'><strong>explet</strong></span> <span class='ocrx_word' id='word_1_414' title='bbox 763 4256 1070 4317; x_wconf 88' lang='lat' dir='ltr'><strong>paternam.</strong></span> 
     </span>
    </p>
   </div>
   <div class='ocr_carea' id='block_1_60' title="bbox 628 4336 2132 4411">
    <p class='ocr_par' dir='ltr' id='par_1_60' title="bbox 628 4336 2132 4411">
     <span class='ocr_line' id='line_1_60' title="bbox 628 4336 2132 4411; baseline 0.007 -22"><span class='ocrx_word' id='word_1_415' title='bbox 628 4336 697 4390; x_wconf 87' lang='lat' dir='ltr'><strong>Et</strong></span> <span class='ocrx_word' id='word_1_416' title='bbox 729 4337 883 4391; x_wconf 79' lang='lat' dir='ltr'><strong>habet</strong></span> <span class='ocrx_word' id='word_1_417' title='bbox 912 4353 1070 4406; x_wconf 82' lang='lat' dir='ltr'><strong>super</strong></span> <span class='ocrx_word' id='word_1_418' title='bbox 1093 4337 1457 4392; x_wconf 78' lang='lat' dir='ltr'><strong>vestimentum</strong></span> <span class='ocrx_word' id='word_1_419' title='bbox 1489 4347 1538 4393; x_wconf 89' lang='lat' dir='ltr'><strong>et</strong></span> <span class='ocrx_word' id='word_1_420' title='bbox 1569 4357 1726 4410; x_wconf 87' lang='lat' dir='ltr'><strong>super</strong></span> <span class='ocrx_word' id='word_1_421' title='bbox 1756 4342 1929 4411; x_wconf 63' lang='lat' dir='ltr'><strong>fantur</strong></span> <span class='ocrx_word' id='word_1_422' title='bbox 1955 4360 2132 4399; x_wconf 88' lang='lat' dir='ltr'><strong>suum.</strong></span> 
     </span>
    </p>
   </div>
   <div class='ocr_carea' id='block_1_61' title="bbox 559 4427 2136 4498">
    <p class='ocr_par' dir='ltr' id='par_1_61' title="bbox 559 4427 2136 4498">
     <span class='ocr_line' id='line_1_61' title="bbox 559 4427 2136 4498; baseline 0.005 -16"><span class='ocrx_word' id='word_1_423' title='bbox 559 4427 955 4484; x_wconf 82' lang='lat' dir='ltr'><strong>Vestimentum</strong></span> <span class='ocrx_word' id='word_1_424' title='bbox 1002 4427 1292 4498; x_wconf 87' lang='lat' dir='ltr'><strong>designare</strong></span> <span class='ocrx_word' id='word_1_425' title='bbox 1325 4429 1439 4484; x_wconf 90' lang='lat' dir='ltr'><strong>vult</strong></span> <span class='ocrx_word' id='word_1_426' title='bbox 1498 4446 1743 4487; x_wconf 88' lang='lat' dir='ltr'><strong>carnem.</strong></span> <span class='ocrx_word' id='word_1_427' title='bbox 1801 4431 1904 4488; x_wconf 82' lang='lat' dir='ltr'><strong>Per</strong></span> <span class='ocrx_word' id='word_1_428' title='bbox 1957 4433 2136 4490; x_wconf 81' lang='lat' dir='ltr'><strong>femur</strong></span> 
     </span>
    </p>
   </div>
   <div class='ocr_carea' id='block_1_62' title="bbox 2305 2036 3811 2105">
    <p class='ocr_par' dir='ltr' id='par_1_62' title="bbox 2305 2036 3811 2105">
     <span class='ocr_line' id='line_1_62' title="bbox 2305 2036 3811 2105; baseline -0.003 -13"><span class='ocrx_word' id='word_1_429' title='bbox 2305 2038 2414 2093; x_wconf 85' lang='lat' dir='ltr'><strong>Kal</strong></span> <span class='ocrx_word' id='word_1_430' title='bbox 2449 2037 2518 2091; x_wconf 81' lang='grc' dir='ltr'><strong>ἐκ</strong></span> <span class='ocrx_word' id='word_1_431' title='bbox 2546 2036 2653 2091; x_wconf 88' lang='grc' dir='ltr'><strong>τοῦ</strong></span> <span class='ocrx_word' id='word_1_432' title='bbox 2683 2037 2981 2104; x_wconf 81' lang='grc' dir='ltr'><strong>στόματος</strong></span> <span class='ocrx_word' id='word_1_433' title='bbox 3009 2036 3197 2089; x_wconf 84' lang='grc' dir='ltr'><strong>αὑτοῦ</strong></span> <span class='ocrx_word' id='word_1_434' title='bbox 3237 2036 3621 2104; x_wconf 84' lang='grc' dir='ltr'><strong>ἐκπορεύεται</strong></span> <span class='ocrx_word' id='word_1_435' title='bbox 3664 2037 3811 2105; x_wconf 72' lang='grc' dir='ltr'><strong>ῥομ-</strong></span> 
     </span>
    </p>
   </div>
   <div class='ocr_carea' id='block_1_63' title="bbox 2235 2130 3811 2203">
    <p class='ocr_par' dir='ltr' id='par_1_63' title="bbox 2235 2130 3811 2203">
     <span class='ocr_line' id='line_1_63' title="bbox 2235 2130 3811 2203; baseline -0.001 -16"><span class='ocrx_word' id='word_1_436' title='bbox 2235 2134 2384 2202; x_wconf 74' lang='grc' dir='ltr'><strong>φαία</strong></span> <span class='ocrx_word' id='word_1_437' title='bbox 2411 2133 2694 2203; x_wconf 84' lang='grc' dir='ltr'><strong>δίστομος</strong></span> <span class='ocrx_word' id='word_1_438' title='bbox 2749 2132 2933 2199; x_wconf 79' lang='grc' dir='ltr'><strong>ὀξεῖα,</strong></span> <span class='ocrx_word' id='word_1_439' title='bbox 2988 2133 3087 2185; x_wconf 77' lang='grc' dir='ltr'><strong>ἵνα</strong></span> <span class='ocrx_word' id='word_1_440' title='bbox 3133 2133 3203 2185; x_wconf 78' lang='grc' dir='ltr'><strong>ἐν</strong></span> <span class='ocrx_word' id='word_1_441' title='bbox 3231 2130 3387 2200; x_wconf 79' lang='grc' dir='ltr'><strong>αὐτῇ</strong></span> <span class='ocrx_word' id='word_1_442' title='bbox 3448 2133 3685 2199; x_wconf 80' lang='grc' dir='ltr'><strong>πατάξῃ</strong></span> <span class='ocrx_word' id='word_1_443' title='bbox 3736 2134 3811 2185; x_wconf 83' lang='grc' dir='ltr'><strong>τὰ</strong></span> 
     </span>
    </p>
   </div>
   <div class='ocr_carea' id='block_1_64' title="bbox 2235 2223 3812 2293">
    <p class='ocr_par' dir='ltr' id='par_1_64' title="bbox 2235 2223 3812 2293">
     <span class='ocr_line' id='line_1_64' title="bbox 2235 2223 3812 2293; baseline -0.001 -15"><span class='ocrx_word' id='word_1_444' title='bbox 2235 2224 2406 2293; x_wconf 70' lang='grc' dir='ltr'><strong>ἔθνη,</strong></span> <span class='ocrx_word' id='word_1_445' title='bbox 2436 2224 2532 2277; x_wconf 81' lang='grc' dir='ltr'><strong>καί</strong></span> <span class='ocrx_word' id='word_1_446' title='bbox 2568 2224 2751 2290; x_wconf 76' lang='grc' dir='ltr'><strong>αὐτὸς</strong></span> <span class='ocrx_word' id='word_1_447' title='bbox 2776 2223 3057 2293; x_wconf 81' lang='grc' dir='ltr'><strong>ποιμανεῖ</strong></span> <span class='ocrx_word' id='word_1_448' title='bbox 3080 2223 3303 2291; x_wconf 83' lang='grc' dir='ltr'><strong>αὐτοὺς</strong></span> <span class='ocrx_word' id='word_1_449' title='bbox 3333 2224 3402 2277; x_wconf 78' lang='grc' dir='ltr'><strong>ἐν</strong></span> <span class='ocrx_word' id='word_1_450' title='bbox 3417 2224 3619 2293; x_wconf 77' lang='grc' dir='ltr'><strong>ῥάϐδῳ</strong></span> <span class='ocrx_word' id='word_1_451' title='bbox 3648 2224 3812 2292; x_wconf 84' lang='grc' dir='ltr'><strong>σιδη-</strong></span> 
     </span>
    </p>
   </div>
   <div class='ocr_carea' id='block_1_65' title="bbox 2228 2316 3811 2389">
    <p class='ocr_par' dir='ltr' id='par_1_65' title="bbox 2228 2316 3811 2389">
     <span class='ocr_line' id='line_1_65' title="bbox 2228 2316 3811 2389; baseline -0.003 -15"><span class='ocrx_word' id='word_1_452' title='bbox 2228 2319 2331 2389; x_wconf 86' lang='grc' dir='ltr'><strong>ρᾷ.</strong></span> <span class='ocrx_word' id='word_1_453' title='bbox 2372 2320 2689 2384; x_wconf 77' lang='grc' dir='ltr'><strong>Καὶαὺτὸς</strong></span> <span class='ocrx_word' id='word_1_454' title='bbox 2717 2317 2891 2371; x_wconf 83' lang='grc' dir='ltr'><strong>πατεῖ</strong></span> <span class='ocrx_word' id='word_1_455' title='bbox 2918 2317 3032 2384; x_wconf 82' lang='grc' dir='ltr'><strong>τὴν</strong></span> <span class='ocrx_word' id='word_1_456' title='bbox 3082 2317 3276 2384; x_wconf 73' lang='grc' dir='ltr'><strong>ληνόν</strong></span> <span class='ocrx_word' id='word_1_457' title='bbox 3328 2316 3434 2370; x_wconf 87' lang='grc' dir='ltr'><strong>τοῦ</strong></span> <span class='ocrx_word' id='word_1_458' title='bbox 3484 2316 3654 2370; x_wconf 81' lang='grc' dir='ltr'><strong>οἴνου</strong></span> <span class='ocrx_word' id='word_1_459' title='bbox 3706 2317 3811 2370; x_wconf 87' lang='grc' dir='ltr'><strong>τοῦ</strong></span> 
     </span>
    </p>
   </div>
   <div class='ocr_carea' id='block_1_66' title="bbox 2237 2403 3807 2478">
    <p class='ocr_par' dir='ltr' id='par_1_66' title="bbox 2237 2403 3807 2478">
     <span class='ocr_line' id='line_1_66' title="bbox 2237 2403 3807 2478; baseline -0.003 -14"><span class='ocrx_word' id='word_1_460' title='bbox 2237 2409 2427 2478; x_wconf 81' lang='grc' dir='ltr'><strong>θυμοῦ</strong></span> <span class='ocrx_word' id='word_1_461' title='bbox 2458 2407 2567 2476; x_wconf 80' lang='grc' dir='ltr'><strong>τῆς</strong></span> <span class='ocrx_word' id='word_1_462' title='bbox 2595 2407 2778 2477; x_wconf 76' lang='grc' dir='ltr'><strong>ὀργῆς</strong></span> <span class='ocrx_word' id='word_1_463' title='bbox 2808 2408 2918 2461; x_wconf 82' lang='grc' dir='ltr'><strong>τοῦ</strong></span> <span class='ocrx_word' id='word_1_464' title='bbox 2968 2406 3116 2459; x_wconf 86' lang='grc' dir='ltr'><strong>Θεοῦ</strong></span> <span class='ocrx_word' id='word_1_465' title='bbox 3146 2403 3255 2458; x_wconf 84' lang='grc' dir='ltr'><strong>τοῦ</strong></span> <span class='ocrx_word' id='word_1_466' title='bbox 3299 2404 3807 2472; x_wconf 74' lang='grc' dir='ltr'><strong>παντοκράτορος.</strong></span> 
     </span>
    </p>
   </div>
   <div class='ocr_carea' id='block_1_67' title="bbox 2238 2495 3812 2571">
    <p class='ocr_par' dir='ltr' id='par_1_67' title="bbox 2238 2495 3812 2571">
     <span class='ocr_line' id='line_1_67' title="bbox 2238 2495 3812 2571; baseline -0.006 -13"><span class='ocrx_word' id='word_1_467' title='bbox 2238 2504 2343 2559; x_wconf 79' lang='lat' dir='ltr'><strong>Kal</strong></span> <span class='ocrx_word' id='word_1_468' title='bbox 2373 2502 2499 2571; x_wconf 81' lang='grc' dir='ltr'><strong>ἔχει</strong></span> <span class='ocrx_word' id='word_1_469' title='bbox 2522 2501 2621 2555; x_wconf 76' lang='grc' dir='ltr'><strong>ἐπὶ</strong></span> <span class='ocrx_word' id='word_1_470' title='bbox 2646 2499 2711 2553; x_wconf 92' lang='grc' dir='ltr'><strong>τὸ</strong></span> <span class='ocrx_word' id='word_1_471' title='bbox 2743 2498 2976 2569; x_wconf 81' lang='grc' dir='ltr'><strong>ιμάτιον</strong></span> <span class='ocrx_word' id='word_1_472' title='bbox 2992 2498 3090 2551; x_wconf 82' lang='grc' dir='ltr'><strong>καὶ</strong></span> <span class='ocrx_word' id='word_1_473' title='bbox 3124 2497 3225 2551; x_wconf 79' lang='grc' dir='ltr'><strong>ἐπὶ</strong></span> <span class='ocrx_word' id='word_1_474' title='bbox 3251 2498 3357 2551; x_wconf 85' lang='grc' dir='ltr'><strong>τὸν</strong></span> <span class='ocrx_word' id='word_1_475' title='bbox 3384 2497 3580 2565; x_wconf 81' lang='grc' dir='ltr'><strong>μηρὸν</strong></span> <span class='ocrx_word' id='word_1_476' title='bbox 3625 2495 3812 2550; x_wconf 82' lang='grc' dir='ltr'><strong>αὐτοῦ</strong></span> 
     </span>
    </p>
   </div>
   <div class='ocr_carea' id='block_1_68' title="bbox 2238 2586 3809 2663">
    <p class='ocr_par' dir='ltr' id='par_1_68' title="bbox 2238 2586 3809 2663">
     <span class='ocr_line' id='line_1_68' title="bbox 2238 2586 3809 2663; baseline -0.003 -16"><span class='ocrx_word' id='word_1_477' title='bbox 2238 2594 2425 2662; x_wconf 78' lang='grc' dir='ltr'><strong>ὄνομα</strong></span> <span class='ocrx_word' id='word_1_478' title='bbox 2492 2591 2918 2663; x_wconf 76' lang='grc' dir='ltr'><strong>γεγραμμένον,</strong></span> <span class='ocrx_word' id='word_1_479' title='bbox 2993 2589 3295 2655; x_wconf 80' lang='grc' dir='ltr'><strong>Βασιλεὺς</strong></span> <span class='ocrx_word' id='word_1_480' title='bbox 3339 2586 3652 2652; x_wconf 73' lang='grc' dir='ltr'><strong>,βασιλέων</strong></span> <span class='ocrx_word' id='word_1_481' title='bbox 3708 2589 3809 2643; x_wconf 76' lang='grc' dir='ltr'><strong>καὶ</strong></span> 
     </span>
    </p>
   </div>
   <div class='ocr_carea' id='block_1_69' title="bbox 2237 2688 2721 2755">
    <p class='ocr_par' dir='ltr' id='par_1_69' title="bbox 2237 2688 2721 2755">
     <span class='ocr_line' id='line_1_69' title="bbox 2237 2688 2721 2755; baseline 0.002 -13"><span class='ocrx_word' id='word_1_482' title='bbox 2237 2689 2454 2755; x_wconf 83' lang='grc' dir='ltr'><strong>Κύριος</strong></span> <span class='ocrx_word' id='word_1_483' title='bbox 2477 2688 2721 2755; x_wconf 80' lang='grc' dir='ltr'><strong>κυρίων.</strong></span> 
     </span>
    </p>
   </div>
   <div class='ocr_carea' id='block_1_70' title="bbox 2284 2780 3809 2851">
    <p class='ocr_par' dir='ltr' id='par_1_70' title="bbox 2284 2780 3809 2851">
     <span class='ocr_line' id='line_1_70' title="bbox 2284 2780 3809 2851; baseline 0.002 -20"><span class='ocrx_word' id='word_1_484' title='bbox 2284 2782 2417 2834; x_wconf 51' lang='grc' dir='ltr'><strong>ἹΕκ</strong></span> <span class='ocrx_word' id='word_1_485' title='bbox 2454 2781 2548 2833; x_wconf 89' lang='grc' dir='ltr'><strong>τοῦ</strong></span> <span class='ocrx_word' id='word_1_486' title='bbox 2582 2782 2852 2851; x_wconf 86' lang='grc' dir='ltr'><strong>στόματος</strong></span> <span class='ocrx_word' id='word_1_487' title='bbox 2906 2783 2938 2849; x_wconf 83' lang='grc' dir='ltr'><strong>ἡ</strong></span> <span class='ocrx_word' id='word_1_488' title='bbox 2968 2783 3213 2851; x_wconf 82' lang='grc' dir='ltr'><strong>ρομφαια</strong></span> <span class='ocrx_word' id='word_1_489' title='bbox 3266 2780 3558 2836; x_wconf 88' lang='grc' dir='ltr'><strong>διάττουσα</strong></span> <span class='ocrx_word' id='word_1_490' title='bbox 3608 2798 3669 2834; x_wconf 76' lang='grc' dir='ltr'><strong>το</strong></span> <span class='ocrx_word' id='word_1_491' title='bbox 3724 2780 3809 2834; x_wconf 73' lang='grc' dir='ltr'><strong>διὰ</strong></span> 
     </span>
    </p>
   </div>
   <div class='ocr_carea' id='block_1_71' title="bbox 2240 2874 3807 2948">
    <p class='ocr_par' dir='ltr' id='par_1_71' title="bbox 2240 2874 3807 2948">
     <span class='ocr_line' id='line_1_71' title="bbox 2240 2874 3807 2948; baseline -0.001 -19"><span class='ocrx_word' id='word_1_492' title='bbox 2240 2876 2669 2948; x_wconf 87' lang='grc' dir='ltr'><strong>προστάγματος</strong></span> <span class='ocrx_word' id='word_1_493' title='bbox 2702 2874 2848 2927; x_wconf 81' lang='grc' dir='ltr'><strong>θείου</strong></span> <span class='ocrx_word' id='word_1_494' title='bbox 2878 2874 3031 2944; x_wconf 86' lang='grc' dir='ltr'><strong>δηλοῖ</strong></span> <span class='ocrx_word' id='word_1_495' title='bbox 3057 2877 3169 2939; x_wconf 88' lang='grc' dir='ltr'><strong>τοῖς</strong></span> <span class='ocrx_word' id='word_1_496' title='bbox 3202 2874 3422 2929; x_wconf 75' lang='grc' dir='ltr'><strong>ἀσεϐέσι</strong></span> <span class='ocrx_word' id='word_1_497' title='bbox 3472 2875 3569 2928; x_wconf 79' lang='grc' dir='ltr'><strong>καὶ</strong></span> <span class='ocrx_word' id='word_1_498' title='bbox 3628 2875 3807 2945; x_wconf 84' lang='grc' dir='ltr'><strong>ἁμαρ-</strong></span> 
     </span>
    </p>
   </div>
   <div class='ocr_carea' id='block_1_72' title="bbox 2237 2965 3806 3037">
    <p class='ocr_par' dir='ltr' id='par_1_72' title="bbox 2237 2965 3806 3037">
     <span class='ocr_line' id='line_1_72' title="bbox 2237 2965 3806 3037; baseline -0.003 -15"><span class='ocrx_word' id='word_1_499' title='bbox 2237 2968 2431 3030; x_wconf 88' lang='grc' dir='ltr'><strong>τωλοῖς</strong></span> <span class='ocrx_word' id='word_1_500' title='bbox 2454 2965 2760 3037; x_wconf 77' lang='grc' dir='ltr'><strong>ἐπαχθῆναι</strong></span> <span class='ocrx_word' id='word_1_501' title='bbox 2785 2966 2883 3035; x_wconf 86' lang='grc' dir='ltr'><strong>τὴν</strong></span> <span class='ocrx_word' id='word_1_502' title='bbox 2940 2965 3181 3019; x_wconf 88' lang='grc' dir='ltr'><strong>κόλασιν.</strong></span> <span class='ocrx_word' id='word_1_503' title='bbox 3224 2967 3597 3036; x_wconf 80' lang='grc' dir='ltr'><strong>Ἀμφίστομον</strong></span> <span class='ocrx_word' id='word_1_504' title='bbox 3620 2965 3676 3017; x_wconf 80' lang='grc' dir='ltr'><strong>δὲ</strong></span> <span class='ocrx_word' id='word_1_505' title='bbox 3706 2966 3806 3034; x_wconf 79' lang='grc' dir='ltr'><strong>τὴν</strong></span> 
     </span>
    </p>
   </div>
   <div class='ocr_carea' id='block_1_73' title="bbox 2242 3058 3809 3132">
    <p class='ocr_par' dir='ltr' id='par_1_73' title="bbox 2242 3058 3809 3132">
     <span class='ocr_line' id='line_1_73' title="bbox 2242 3058 3809 3132; baseline -0.003 -19"><span class='ocrx_word' id='word_1_506' title='bbox 2242 3059 2516 3132; x_wconf 76' lang='grc' dir='ltr'><strong>ῥομφαίαν</strong></span> <span class='ocrx_word' id='word_1_507' title='bbox 2540 3058 2628 3111; x_wconf 82' lang='grc' dir='ltr'><strong>διὰ</strong></span> <span class='ocrx_word' id='word_1_508' title='bbox 2656 3058 2716 3111; x_wconf 86' lang='grc' dir='ltr'><strong>τὸ</strong></span> <span class='ocrx_word' id='word_1_509' title='bbox 2746 3058 3089 3127; x_wconf 79' lang='grc' dir='ltr'><strong>ἑκατέρωθεν</strong></span> <span class='ocrx_word' id='word_1_510' title='bbox 3115 3058 3281 3129; x_wconf 83' lang='grc' dir='ltr'><strong>ὀργῆς</strong></span> <span class='ocrx_word' id='word_1_511' title='bbox 3309 3060 3404 3110; x_wconf 72' lang='grc' dir='ltr'><strong>καὶ</strong></span> <span class='ocrx_word' id='word_1_512' title='bbox 3431 3058 3583 3111; x_wconf 74' lang='grc' dir='ltr'><strong>ἐλέου</strong></span> <span class='ocrx_word' id='word_1_513' title='bbox 3610 3058 3809 3127; x_wconf 84' lang='grc' dir='ltr'><strong>χωρεῖν</strong></span> 
     </span>
    </p>
   </div>
   <div class='ocr_carea' id='block_1_74' title="bbox 2238 3147 3802 3220">
    <p class='ocr_par' dir='ltr' id='par_1_74' title="bbox 2238 3147 3802 3220">
     <span class='ocr_line' id='line_1_74' title="bbox 2238 3147 3802 3220; baseline -0.003 -16"><span class='ocrx_word' id='word_1_514' title='bbox 2238 3152 2337 3214; x_wconf 65' lang='grc' dir='ltr'><strong>τὰς</strong></span> <span class='ocrx_word' id='word_1_515' title='bbox 2395 3149 2503 3203; x_wconf 85' lang='grc' dir='ltr'><strong>άπὸ</strong></span> <span class='ocrx_word' id='word_1_516' title='bbox 2560 3147 2655 3202; x_wconf 87' lang='grc' dir='ltr'><strong>τοῦ</strong></span> <span class='ocrx_word' id='word_1_517' title='bbox 2701 3148 2848 3201; x_wconf 88' lang='grc' dir='ltr'><strong>θείου</strong></span> <span class='ocrx_word' id='word_1_518' title='bbox 2890 3147 2998 3200; x_wconf 87' lang='grc' dir='ltr'><strong>τῶν</strong></span> <span class='ocrx_word' id='word_1_519' title='bbox 3032 3148 3464 3220; x_wconf 85' lang='grc' dir='ltr'><strong>καταφρονητῶν</strong></span> <span class='ocrx_word' id='word_1_520' title='bbox 3491 3148 3762 3219; x_wconf 84' lang='grc' dir='ltr'><strong>τιμωρίας</strong></span> <span class='ocrx_word' id='word_1_521' title='bbox 3787 3163 3802 3179; x_wconf 80' lang='grc' dir='ltr'><strong><em>ο</em></strong></span> 
     </span>
    </p>
   </div>
   <div class='ocr_carea' id='block_1_75' title="bbox 2238 3237 3769 3310">
    <p class='ocr_par' dir='ltr' id='par_1_75' title="bbox 2238 3237 3769 3310">
     <span class='ocr_line' id='line_1_75' title="bbox 2238 3237 3769 3310; baseline -0.001 -17"><span class='ocrx_word' id='word_1_522' title='bbox 2238 3241 2425 3308; x_wconf 80' lang='grc' dir='ltr'><strong>ὀξεῖαν</strong></span> <span class='ocrx_word' id='word_1_523' title='bbox 2452 3239 2531 3306; x_wconf 78' lang='grc' dir='ltr'><strong>δὲ,</strong></span> <span class='ocrx_word' id='word_1_524' title='bbox 2565 3238 2652 3291; x_wconf 84' lang='grc' dir='ltr'><strong>διὰ</strong></span> <span class='ocrx_word' id='word_1_525' title='bbox 2676 3238 2736 3291; x_wconf 81' lang='grc' dir='ltr'><strong>τὸ</strong></span> <span class='ocrx_word' id='word_1_526' title='bbox 2760 3237 2997 3308; x_wconf 72' lang='grc' dir='ltr'><strong>ἀμελητὶ</strong></span> <span class='ocrx_word' id='word_1_527' title='bbox 3030 3240 3091 3291; x_wconf 73' lang='grc' dir='ltr'><strong>τὸ</strong></span> <span class='ocrx_word' id='word_1_528' title='bbox 3119 3239 3443 3310; x_wconf 84' lang='grc' dir='ltr'><strong>δραστήριον</strong></span> <span class='ocrx_word' id='word_1_529' title='bbox 3468 3239 3769 3310; x_wconf 76' lang='grc' dir='ltr'><strong>ἐπιφέρειν.</strong></span> 
     </span>
    </p>
   </div>
   <div class='ocr_carea' id='block_1_76' title="bbox 2326 3327 3808 3401">
    <p class='ocr_par' dir='ltr' id='par_1_76' title="bbox 2326 3327 3808 3401">
     <span class='ocr_line' id='line_1_76' title="bbox 2326 3327 3808 3401; baseline -0.001 -18"><span class='ocrx_word' id='word_1_530' title='bbox 2326 3330 2638 3399; x_wconf 79' lang='grc' dir='ltr'><strong>Ἐνρἀδῳ</strong></span> <span class='ocrx_word' id='word_1_531' title='bbox 2670 3327 2911 3397; x_wconf 83' lang='grc' dir='ltr'><strong>σιδηρᾷ.</strong></span> <span class='ocrx_word' id='word_1_532' title='bbox 2962 3329 3027 3382; x_wconf 84' lang='grc' dir='ltr'><strong>Ἦ</strong></span> <span class='ocrx_word' id='word_1_533' title='bbox 3081 3329 3276 3401; x_wconf 82' lang='grc' dir='ltr'><strong>σιδηρᾶ</strong></span> <span class='ocrx_word' id='word_1_534' title='bbox 3329 3329 3522 3400; x_wconf 80' lang='grc' dir='ltr'><strong>ῥάϐδος</strong></span> <span class='ocrx_word' id='word_1_535' title='bbox 3572 3330 3631 3382; x_wconf 78' lang='grc' dir='ltr'><strong>ού</strong></span> <span class='ocrx_word' id='word_1_536' title='bbox 3687 3344 3808 3381; x_wconf 90' lang='grc' dir='ltr'><strong>ποι-</strong></span> 
     </span>
    </p>
   </div>
   <div class='ocr_carea' id='block_1_77' title="bbox 2244 3420 3811 3493">
    <p class='ocr_par' dir='ltr' id='par_1_77' title="bbox 2244 3420 3811 3493">
     <span class='ocr_line' id='line_1_77' title="bbox 2244 3420 3811 3493; baseline -0.003 -16"><span class='ocrx_word' id='word_1_537' title='bbox 2244 3424 2511 3493; x_wconf 83' lang='grc' dir='ltr'><strong>μαντικὴ,</strong></span> <span class='ocrx_word' id='word_1_538' title='bbox 2547 3422 2682 3476; x_wconf 80' lang='grc' dir='ltr'><strong>ἀλλὰ</strong></span> <span class='ocrx_word' id='word_1_539' title='bbox 2738 3421 2968 3491; x_wconf 88' lang='grc' dir='ltr'><strong>θραῦσιν</strong></span> <span class='ocrx_word' id='word_1_540' title='bbox 3025 3422 3224 3491; x_wconf 78' lang='grc' dir='ltr'><strong>ἔχουσα</strong></span> <span class='ocrx_word' id='word_1_541' title='bbox 3279 3422 3388 3475; x_wconf 84' lang='grc' dir='ltr'><strong>τῶν</strong></span> <span class='ocrx_word' id='word_1_542' title='bbox 3420 3421 3663 3491; x_wconf 81' lang='grc' dir='ltr'><strong>πηλίνων</strong></span> <span class='ocrx_word' id='word_1_543' title='bbox 3721 3420 3811 3473; x_wconf 79' lang='grc' dir='ltr'><strong>τὸν</strong></span> 
     </span>
    </p>
   </div>
   <div class='ocr_carea' id='block_1_78' title="bbox 2241 3511 3807 3584">
    <p class='ocr_par' dir='ltr' id='par_1_78' title="bbox 2241 3511 3807 3584">
     <span class='ocr_line' id='line_1_78' title="bbox 2241 3511 3807 3584; baseline 0.001 -19"><span class='ocrx_word' id='word_1_544' title='bbox 2241 3512 2355 3583; x_wconf 85' lang='grc' dir='ltr'><strong>βίον</strong></span> <span class='ocrx_word' id='word_1_545' title='bbox 2390 3513 2643 3583; x_wconf 72' lang='grc' dir='ltr'><strong>καὶπρὸς</strong></span> <span class='ocrx_word' id='word_1_546' title='bbox 2671 3511 2964 3583; x_wconf 80' lang='grc' dir='ltr'><strong>συντριϐὴν</strong></span> <span class='ocrx_word' id='word_1_547' title='bbox 2990 3513 3244 3584; x_wconf 77' lang='grc' dir='ltr'><strong>ἑτοίμων.</strong></span> <span class='ocrx_word' id='word_1_548' title='bbox 3296 3514 3360 3567; x_wconf 93' lang='grc' dir='ltr'><strong>Τί</strong></span> <span class='ocrx_word' id='word_1_549' title='bbox 3424 3511 3519 3567; x_wconf 78' lang='grc' dir='ltr'><strong>οὖν</strong></span> <span class='ocrx_word' id='word_1_550' title='bbox 3577 3514 3807 3567; x_wconf 80' lang='grc' dir='ltr'><strong>ἐνταῦθα</strong></span> 
     </span>
    </p>
   </div>
   <div class='ocr_carea' id='block_1_79' title="bbox 2237 3602 3805 3675">
    <p class='ocr_par' dir='ltr' id='par_1_79' title="bbox 2237 3602 3805 3675">
     <span class='ocr_line' id='line_1_79' title="bbox 2237 3602 3805 3675; baseline 0.001 -19"><span class='ocrx_word' id='word_1_551' title='bbox 2237 3604 2299 3657; x_wconf 85' lang='grc' dir='ltr'><strong>τὸ</strong></span> <span class='ocrx_word' id='word_1_552' title='bbox 2335 3603 2696 3672; x_wconf 79' lang='grc' dir='ltr'><strong>ποιμαντικδν</strong></span> <span class='ocrx_word' id='word_1_553' title='bbox 2724 3602 2864 3673; x_wconf 81' lang='grc' dir='ltr'><strong>αὐτῇ</strong></span> <span class='ocrx_word' id='word_1_554' title='bbox 2895 3603 3139 3671; x_wconf 86' lang='grc' dir='ltr'><strong>δέδοται;</strong></span> <span class='ocrx_word' id='word_1_555' title='bbox 3176 3606 3289 3658; x_wconf 82' lang='grc' dir='ltr'><strong>Οὐκ</strong></span> <span class='ocrx_word' id='word_1_556' title='bbox 3335 3605 3613 3669; x_wconf 85' lang='grc' dir='ltr'><strong>ἀσκόπως,</strong></span> <span class='ocrx_word' id='word_1_557' title='bbox 3636 3602 3805 3675; x_wconf 77' lang='grc' dir='ltr'><strong>οἶμαι,</strong></span> 
     </span>
    </p>
   </div>
   <div class='ocr_carea' id='block_1_80' title="bbox 2240 3694 3809 3767">
    <p class='ocr_par' dir='ltr' id='par_1_80' title="bbox 2240 3694 3809 3767">
     <span class='ocr_line' id='line_1_80' title="bbox 2240 3694 3809 3767; baseline -0.001 -18"><span class='ocrx_word' id='word_1_558' title='bbox 2240 3694 2356 3749; x_wconf 83' lang='grc' dir='ltr'><strong>ἀλλ’</strong></span> <span class='ocrx_word' id='word_1_559' title='bbox 2389 3694 2575 3765; x_wconf 82' lang='grc' dir='ltr'><strong>ὅτιτῷ</strong></span> <span class='ocrx_word' id='word_1_560' title='bbox 2626 3696 2937 3766; x_wconf 85' lang='grc' dir='ltr'><strong>ποιμαίνειν</strong></span> <span class='ocrx_word' id='word_1_561' title='bbox 2988 3698 3082 3749; x_wconf 78' lang='grc' dir='ltr'><strong>καὶ</strong></span> <span class='ocrx_word' id='word_1_562' title='bbox 3139 3694 3352 3767; x_wconf 79' lang='grc' dir='ltr'><strong>θηρίοις</strong></span> <span class='ocrx_word' id='word_1_563' title='bbox 3405 3697 3809 3767; x_wconf 85' lang='grc' dir='ltr'><strong>προσπολεμεῖν</strong></span> 
     </span>
    </p>
   </div>
   <div class='ocr_carea' id='block_1_81' title="bbox 2240 3786 3804 3858">
    <p class='ocr_par' dir='ltr' id='par_1_81' title="bbox 2240 3786 3804 3858">
     <span class='ocr_line' id='line_1_81' title="bbox 2240 3786 3804 3858; baseline 0 -19"><span class='ocrx_word' id='word_1_564' title='bbox 2240 3787 2602 3857; x_wconf 85' lang='grc' dir='ltr'><strong>περιγίνεται.</strong></span> <span class='ocrx_word' id='word_1_565' title='bbox 2626 3788 2737 3840; x_wconf 77' lang='lat' dir='ltr'><strong>Kal.</strong></span> <span class='ocrx_word' id='word_1_566' title='bbox 2762 3787 2848 3841; x_wconf 80' lang='grc' dir='ltr'><strong>διὰ</strong></span> <span class='ocrx_word' id='word_1_567' title='bbox 2870 3786 3029 3840; x_wconf 88' lang='grc' dir='ltr'><strong>τοῦτο</strong></span> <span class='ocrx_word' id='word_1_568' title='bbox 3046 3787 3140 3840; x_wconf 77' lang='grc' dir='ltr'><strong>καὶ</strong></span> <span class='ocrx_word' id='word_1_569' title='bbox 3161 3787 3389 3858; x_wconf 82' lang='grc' dir='ltr'><strong>σιδηρᾶς</strong></span> <span class='ocrx_word' id='word_1_570' title='bbox 3412 3786 3607 3858; x_wconf 75' lang='grc' dir='ltr'><strong>ῥάϐδου</strong></span> <span class='ocrx_word' id='word_1_571' title='bbox 3628 3788 3804 3858; x_wconf 86' lang='grc' dir='ltr'><strong>χρεία,</strong></span> 
     </span>
    </p>
   </div>
   <div class='ocr_carea' id='block_1_82' title="bbox 2239 3878 3803 3949">
    <p class='ocr_par' dir='ltr' id='par_1_82' title="bbox 2239 3878 3803 3949">
     <span class='ocr_line' id='line_1_82' title="bbox 2239 3878 3803 3949; baseline -0.001 -17"><span class='ocrx_word' id='word_1_572' title='bbox 2239 3881 2353 3942; x_wconf 85' lang='grc' dir='ltr'><strong>τοῖς</strong></span> <span class='ocrx_word' id='word_1_573' title='bbox 2386 3878 2806 3949; x_wconf 81' lang='grc' dir='ltr'><strong>ἀνθισταμένοις</strong></span> <span class='ocrx_word' id='word_1_574' title='bbox 2842 3878 3011 3943; x_wconf 81' lang='grc' dir='ltr'><strong>ἀξίως</strong></span> <span class='ocrx_word' id='word_1_575' title='bbox 3040 3879 3134 3933; x_wconf 74' lang='grc' dir='ltr'><strong>τὸν</strong></span> <span class='ocrx_word' id='word_1_576' title='bbox 3163 3878 3383 3949; x_wconf 83' lang='grc' dir='ltr'><strong>όλεθρον</strong></span> <span class='ocrx_word' id='word_1_577' title='bbox 3415 3878 3803 3949; x_wconf 79' lang='grc' dir='ltr'><strong>ἐπιφερούσης.</strong></span> 
     </span>
    </p>
   </div>
   <div class='ocr_carea' id='block_1_83' title="bbox 2244 3969 3809 4042">
    <p class='ocr_par' dir='ltr' id='par_1_83' title="bbox 2244 3969 3809 4042">
     <span class='ocr_line' id='line_1_83' title="bbox 2244 3969 3809 4042; baseline -0.001 -18"><span class='ocrx_word' id='word_1_578' title='bbox 2244 3973 2412 4025; x_wconf 86' lang='grc' dir='ltr'><strong>Πατεί</strong></span> <span class='ocrx_word' id='word_1_579' title='bbox 2438 3971 2496 4025; x_wconf 86' lang='grc' dir='ltr'><strong>δὲ</strong></span> <span class='ocrx_word' id='word_1_580' title='bbox 2527 3972 2627 4040; x_wconf 81' lang='grc' dir='ltr'><strong>τὴν</strong></span> <span class='ocrx_word' id='word_1_581' title='bbox 2656 3971 2817 4042; x_wconf 84' lang='grc' dir='ltr'><strong>ληνὸν</strong></span> <span class='ocrx_word' id='word_1_582' title='bbox 2846 3970 2941 4024; x_wconf 88' lang='grc' dir='ltr'><strong>τοῦ</strong></span> <span class='ocrx_word' id='word_1_583' title='bbox 2972 3972 3119 4025; x_wconf 85' lang='grc' dir='ltr'><strong>οῐνου</strong></span> <span class='ocrx_word' id='word_1_584' title='bbox 3147 3969 3243 4023; x_wconf 85' lang='grc' dir='ltr'><strong>τοῦ</strong></span> <span class='ocrx_word' id='word_1_585' title='bbox 3274 3969 3450 4040; x_wconf 86' lang='grc' dir='ltr'><strong>θυμοῦ</strong></span> <span class='ocrx_word' id='word_1_586' title='bbox 3502 3971 3600 4039; x_wconf 84' lang='grc' dir='ltr'><strong>τῆς</strong></span> <span class='ocrx_word' id='word_1_587' title='bbox 3642 3970 3809 4040; x_wconf 81' lang='grc' dir='ltr'><strong>ὀργῆς</strong></span> 
     </span>
    </p>
   </div>
   <div class='ocr_carea' id='block_1_84' title="bbox 2244 4062 3803 4134">
    <p class='ocr_par' dir='ltr' id='par_1_84' title="bbox 2244 4062 3803 4134">
     <span class='ocr_line' id='line_1_84' title="bbox 2244 4062 3803 4134; baseline 0 -19"><span class='ocrx_word' id='word_1_588' title='bbox 2244 4063 2333 4115; x_wconf 80' lang='grc' dir='ltr'><strong>τοῦ</strong></span> <span class='ocrx_word' id='word_1_589' title='bbox 2355 4062 2490 4116; x_wconf 79' lang='grc' dir='ltr'><strong>θεοῦ</strong></span> <span class='ocrx_word' id='word_1_590' title='bbox 2520 4064 2605 4127; x_wconf 89' lang='grc' dir='ltr'><strong>τίς</strong></span> <span class='ocrx_word' id='word_1_591' title='bbox 2634 4063 2841 4133; x_wconf 73' lang='grc' dir='ltr'><strong>ἕτερος,</strong></span> <span class='ocrx_word' id='word_1_592' title='bbox 2875 4062 2989 4116; x_wconf 72' lang='grc' dir='ltr'><strong>ἀλλ’</strong></span> <span class='ocrx_word' id='word_1_593' title='bbox 3024 4064 3057 4134; x_wconf 87' lang='grc' dir='ltr'>ἢ</span> <span class='ocrx_word' id='word_1_594' title='bbox 3091 4065 3119 4117; x_wconf 90' lang='grc' dir='ltr'><strong>ό</strong></span> <span class='ocrx_word' id='word_1_595' title='bbox 3156 4063 3430 4134; x_wconf 81' lang='grc' dir='ltr'><strong>Χριστός;</strong></span> <span class='ocrx_word' id='word_1_596' title='bbox 3466 4063 3639 4128; x_wconf 78' lang='grc' dir='ltr'><strong>Αὐτὸς</strong></span> <span class='ocrx_word' id='word_1_597' title='bbox 3695 4063 3803 4131; x_wconf 76' lang='grc' dir='ltr'><strong>γὰρ</strong></span> 
     </span>
    </p>
   </div>
   <div class='ocr_carea' id='block_1_85' title="bbox 2239 4154 3809 4225">
    <p class='ocr_par' dir='ltr' id='par_1_85' title="bbox 2239 4154 3809 4225">
     <span class='ocr_line' id='line_1_85' title="bbox 2239 4154 3809 4225; baseline 0 -19"><span class='ocrx_word' id='word_1_598' title='bbox 2239 4154 2327 4207; x_wconf 76' lang='grc' dir='ltr'><strong>διὰ</strong></span> <span class='ocrx_word' id='word_1_599' title='bbox 2381 4154 2480 4225; x_wconf 82' lang='grc' dir='ltr'><strong>τῆς</strong></span> <span class='ocrx_word' id='word_1_600' title='bbox 2529 4154 2765 4224; x_wconf 88' lang='grc' dir='ltr'><strong>κρίσεως</strong></span> <span class='ocrx_word' id='word_1_601' title='bbox 2818 4155 2912 4209; x_wconf 81' lang='grc' dir='ltr'><strong>καὶ</strong></span> <span class='ocrx_word' id='word_1_602' title='bbox 2972 4154 3384 4219; x_wconf 82' lang='grc' dir='ltr'><strong>ἀνταποδόσεως</strong></span> <span class='ocrx_word' id='word_1_603' title='bbox 3429 4156 3491 4209; x_wconf 81' lang='grc' dir='ltr'><strong>τὸ</strong></span> <span class='ocrx_word' id='word_1_604' title='bbox 3543 4156 3809 4225; x_wconf 72' lang='grc' dir='ltr'><strong>πατρικὸν</strong></span> 
     </span>
    </p>
   </div>
   <div class='ocr_carea' id='block_1_86' title="bbox 2240 4244 2770 4316">
    <p class='ocr_par' dir='ltr' id='par_1_86' title="bbox 2240 4244 2770 4316">
     <span class='ocr_line' id='line_1_86' title="bbox 2240 4244 2770 4316; baseline 0.008 -21"><span class='ocrx_word' id='word_1_605' title='bbox 2240 4244 2508 4316; x_wconf 78' lang='grc' dir='ltr'><strong>ἐκπληροῖ</strong></span> <span class='ocrx_word' id='word_1_606' title='bbox 2537 4246 2770 4316; x_wconf 82' lang='grc' dir='ltr'><strong>θέλημα.</strong></span> 
     </span>
    </p>
   </div>
   <div class='ocr_carea' id='block_1_87' title="bbox 2310 4336 3805 4408">
    <p class='ocr_par' dir='ltr' id='par_1_87' title="bbox 2310 4336 3805 4408">
     <span class='ocr_line' id='line_1_87' title="bbox 2310 4336 3805 4408; baseline 0 -17"><span class='ocrx_word' id='word_1_607' title='bbox 2310 4337 2417 4391; x_wconf 78' lang='lat' dir='ltr'><strong>Kal</strong></span> <span class='ocrx_word' id='word_1_608' title='bbox 2447 4336 2689 4406; x_wconf 79' lang='grc' dir='ltr'><strong>ἕχει⁰ἐπί</strong></span> <span class='ocrx_word' id='word_1_609' title='bbox 2709 4339 2775 4391; x_wconf 88' lang='grc' dir='ltr'><strong>τὸ</strong></span> <span class='ocrx_word' id='word_1_610' title='bbox 2794 4336 3029 4407; x_wconf 73' lang='grc' dir='ltr'><strong>ἱμάτιον</strong></span> <span class='ocrx_word' id='word_1_611' title='bbox 3045 4338 3143 4391; x_wconf 83' lang='grc' dir='ltr'><strong>καί</strong></span> <span class='ocrx_word' id='word_1_612' title='bbox 3161 4337 3259 4391; x_wconf 74' lang='grc' dir='ltr'><strong>ἐπὶ</strong></span> <span class='ocrx_word' id='word_1_613' title='bbox 3276 4338 3586 4408; x_wconf 76' lang='grc' dir='ltr'><strong>τὸνμηρὸν</strong></span> <span class='ocrx_word' id='word_1_614' title='bbox 3600 4338 3805 4393; x_wconf 71' lang='grc' dir='ltr'><strong>αὐτοῦ.</strong></span> 
     </span>
    </p>
   </div>
   <div class='ocr_carea' id='block_1_88' title="bbox 2248 4428 3810 4498">
    <p class='ocr_par' dir='ltr' id='par_1_88' title="bbox 2248 4428 3810 4498">
     <span class='ocr_line' id='line_1_88' title="bbox 2248 4428 3810 4498; baseline 0 -17"><span class='ocrx_word' id='word_1_615' title='bbox 2248 4429 2291 4481; x_wconf 87' lang='grc' dir='ltr'>Τ</span> <span class='ocrx_word' id='word_1_616' title='bbox 2295 4429 2322 4481; x_wconf 75' lang='grc' dir='ltr'>ὸ</span> <span class='ocrx_word' id='word_1_617' title='bbox 2356 4429 2572 4497; x_wconf 79' lang='grc' dir='ltr'><strong>ἱμάτιον</strong></span> <span class='ocrx_word' id='word_1_618' title='bbox 2606 4429 2704 4497; x_wconf 81' lang='grc' dir='ltr'><strong>τὴν</strong></span> <span class='ocrx_word' id='word_1_619' title='bbox 2735 4428 2912 4498; x_wconf 82' lang='grc' dir='ltr'><strong>σάρκα</strong></span> <span class='ocrx_word' id='word_1_620' title='bbox 2945 4429 3279 4483; x_wconf 85' lang='grc' dir='ltr'><strong>αἰνίττεσθαι</strong></span> <span class='ocrx_word' id='word_1_621' title='bbox 3311 4428 3583 4498; x_wconf 84' lang='grc' dir='ltr'><strong>βούλεται.</strong></span> <span class='ocrx_word' id='word_1_622' title='bbox 3618 4428 3714 4481; x_wconf 80' lang='grc' dir='ltr'><strong>Διὰ</strong></span> <span class='ocrx_word' id='word_1_623' title='bbox 3755 4429 3810 4481; x_wconf 78' lang='grc' dir='ltr'><strong>δὲ</strong></span> 
     </span>
    </p>
   </div>
   <div class='ocr_carea' id='block_1_89' title="bbox 550 4520 2156 4597">
    <p class='ocr_par' dir='ltr' id='par_1_89' title="bbox 550 4522 2128 4597">
     <span class='ocr_line' id='line_1_89' title="bbox 550 4522 2128 4597; baseline 0.003 -20"><span class='ocrx_word' id='word_1_624' title='bbox 550 4534 733 4577; x_wconf 85' lang='lat' dir='ltr'><strong>autem</strong></span> <span class='ocrx_word' id='word_1_625' title='bbox 770 4531 1025 4577; x_wconf 89' lang='lat' dir='ltr'><strong>naturam</strong></span> <span class='ocrx_word' id='word_1_626' title='bbox 1067 4522 1276 4587; x_wconf 89' lang='lat' dir='ltr'><strong>carnis,</strong></span> <span class='ocrx_word' id='word_1_627' title='bbox 1307 4524 1451 4593; x_wconf 90' lang='lat' dir='ltr'><strong>quod</strong></span> <span class='ocrx_word' id='word_1_628' title='bbox 1486 4539 1613 4580; x_wconf 89' lang='lat' dir='ltr'><strong>vere</strong></span> <span class='ocrx_word' id='word_1_629' title='bbox 1644 4525 1883 4581; x_wconf 89' lang='lat' dir='ltr'><strong>humana</strong></span> <span class='ocrx_word' id='word_1_630' title='bbox 1906 4527 1977 4583; x_wconf 91' lang='lat' dir='ltr'><strong>sit</strong></span> <span class='ocrx_word' id='word_1_631' title='bbox 2010 4528 2128 4597; x_wconf 91' lang='lat' dir='ltr'><strong>ipsa</strong></span> 
     </span>
    </p>
   </div>
   <div class='ocr_carea' id='block_1_90' title="bbox 2236 4520 3803 4597">
    <p class='ocr_par' dir='ltr' id='par_1_90' title="bbox 2237 4520 3803 4593">
     <span class='ocr_line' id='line_1_90' title="bbox 2237 4520 3803 4593; baseline 0.001 -21"><span class='ocrx_word' id='word_1_632' title='bbox 2237 4520 2330 4573; x_wconf 87' lang='grc' dir='ltr'><strong>τοῦ</strong></span> <span class='ocrx_word' id='word_1_633' title='bbox 2352 4520 2551 4591; x_wconf 80' lang='grc' dir='ltr'><strong>μηροῦ,</strong></span> <span class='ocrx_word' id='word_1_634' title='bbox 2575 4521 2671 4591; x_wconf 79' lang='grc' dir='ltr'><strong>τὴν</strong></span> <span class='ocrx_word' id='word_1_635' title='bbox 2696 4521 2859 4591; x_wconf 89' lang='grc' dir='ltr'><strong>φύσιν</strong></span> <span class='ocrx_word' id='word_1_636' title='bbox 2889 4522 2988 4591; x_wconf 80' lang='grc' dir='ltr'><strong>τῆς</strong></span> <span class='ocrx_word' id='word_1_637' title='bbox 3013 4522 3235 4593; x_wconf 82' lang='grc' dir='ltr'><strong>σαρκὸς,</strong></span> <span class='ocrx_word' id='word_1_638' title='bbox 3262 4522 3338 4585; x_wconf 84' lang='grc' dir='ltr'><strong>ὡς</strong></span> <span class='ocrx_word' id='word_1_639' title='bbox 3356 4521 3569 4591; x_wconf 83' lang='grc' dir='ltr'><strong>άληθῶς</strong></span> <span class='ocrx_word' id='word_1_640' title='bbox 3598 4522 3803 4590; x_wconf 83' lang='grc' dir='ltr'><strong>ἀνθρω-</strong></span> 
     </span>
    </p>
   </div>
   <div class='ocr_carea' id='block_1_91' title="bbox 551 4612 2132 4688">
    <p class='ocr_par' dir='ltr' id='par_1_91' title="bbox 551 4612 2132 4688">
     <span class='ocr_line' id='line_1_91' title="bbox 551 4612 2132 4688; baseline 0.004 -19"><span class='ocrx_word' id='word_1_641' title='bbox 551 4623 609 4669; x_wconf 90' lang='lat' dir='ltr'><strong>et</strong></span> <span class='ocrx_word' id='word_1_642' title='bbox 633 4630 740 4669; x_wconf 90' lang='lat' dir='ltr'><strong>non</strong></span> <span class='ocrx_word' id='word_1_643' title='bbox 785 4613 1153 4684; x_wconf 88' lang='lat' dir='ltr'><strong>phantastica.</strong></span> <span class='ocrx_word' id='word_1_644' title='bbox 1194 4612 1328 4668; x_wconf 85' lang='lat' dir='ltr'><strong>Nam</strong></span> <span class='ocrx_word' id='word_1_645' title='bbox 1376 4615 1443 4670; x_wconf 90' lang='lat' dir='ltr'><strong>ad</strong></span> <span class='ocrx_word' id='word_1_646' title='bbox 1477 4617 1643 4687; x_wconf 89' lang='lat' dir='ltr'><strong>hujus</strong></span> <span class='ocrx_word' id='word_1_647' title='bbox 1695 4619 2132 4688; x_wconf 84' lang='lat' dir='ltr'><strong>designationem</strong></span> 
     </span>
    </p>
   </div>
   <div class='ocr_carea' id='block_1_92' title="bbox 552 4705 2135 4781">
    <p class='ocr_par' dir='ltr' id='par_1_92' title="bbox 552 4705 2135 4781">
     <span class='ocr_line' id='line_1_92' title="bbox 552 4705 2135 4781; baseline 0.004 -21"><span class='ocrx_word' id='word_1_648' title='bbox 552 4706 826 4774; x_wconf 85' lang='lat' dir='ltr'><strong>accipitur</strong></span> <span class='ocrx_word' id='word_1_649' title='bbox 872 4705 1053 4759; x_wconf 81' lang='lat' dir='ltr'><strong>femur</strong></span> <span class='ocrx_word' id='word_1_650' title='bbox 1085 4708 1226 4775; x_wconf 88' lang='lat' dir='ltr'><strong>apud</strong></span> <span class='ocrx_word' id='word_1_651' title='bbox 1280 4706 1614 4777; x_wconf 88' lang='lat' dir='ltr'><strong>Scripturas.</strong></span> <span class='ocrx_word' id='word_1_652' title='bbox 1648 4710 1933 4766; x_wconf 86' lang='lat' dir='ltr'><strong>Sermonis</strong></span> <span class='ocrx_word' id='word_1_653' title='bbox 1974 4713 2135 4781; x_wconf 75' lang='lat' dir='ltr'><strong>igitur</strong></span> 
     </span>
    </p>
   </div>
   <div class='ocr_carea' id='block_1_93' title="bbox 552 4794 2136 4871">
    <p class='ocr_par' dir='ltr' id='par_1_93' title="bbox 552 4794 2136 4871">
     <span class='ocr_line' id='line_1_93' title="bbox 552 4794 2136 4871; baseline 0.006 -26"><span class='ocrx_word' id='word_1_654' title='bbox 552 4807 754 4863; x_wconf 89' lang='lat' dir='ltr'><strong>scopus</strong></span> <span class='ocrx_word' id='word_1_655' title='bbox 788 4802 873 4847; x_wconf 87' lang='lat' dir='ltr'><strong>est</strong></span> <span class='ocrx_word' id='word_1_656' title='bbox 907 4808 1004 4863; x_wconf 88' lang='lat' dir='ltr'><strong>per</strong></span> <span class='ocrx_word' id='word_1_657' title='bbox 1037 4794 1142 4849; x_wconf 90' lang='lat' dir='ltr'><strong>hoc</strong></span> <span class='ocrx_word' id='word_1_658' title='bbox 1178 4795 1493 4866; x_wconf 78' lang='lat' dir='ltr'><strong>signiticare</strong></span> <span class='ocrx_word' id='word_1_659' title='bbox 1531 4800 1677 4867; x_wconf 87' lang='lat' dir='ltr'><strong>quod</strong></span> <span class='ocrx_word' id='word_1_660' title='bbox 1702 4799 1937 4855; x_wconf 74' lang='lat' dir='ltr'><strong>Verbum</strong></span> <span class='ocrx_word' id='word_1_661' title='bbox 1965 4802 2136 4871; x_wconf 86' lang='lat' dir='ltr'><strong>hypo-</strong></span> 
     </span>
    </p>
   </div>
   <div class='ocr_carea' id='block_1_94' title="bbox 553 4885 2132 4956">
    <p class='ocr_par' dir='ltr' id='par_1_94' title="bbox 553 4885 2132 4956">
     <span class='ocr_line' id='line_1_94' title="bbox 553 4885 2132 4956; baseline 0.006 -19"><span class='ocrx_word' id='word_1_662' title='bbox 553 4886 751 4940; x_wconf 84' lang='lat' dir='ltr'><strong>statice</strong></span> <span class='ocrx_word' id='word_1_663' title='bbox 802 4885 873 4940; x_wconf 87' lang='lat' dir='ltr'><strong>sit</strong></span> <span class='ocrx_word' id='word_1_664' title='bbox 922 4886 1136 4939; x_wconf 90' lang='lat' dir='ltr'><strong>unitum</strong></span> <span class='ocrx_word' id='word_1_665' title='bbox 1194 4895 1405 4942; x_wconf 71' lang='lat' dir='ltr'><strong>natura:</strong></span> <span class='ocrx_word' id='word_1_666' title='bbox 1438 4889 1711 4956; x_wconf 72' lang='lat' dir='ltr'><strong>humanze,</strong></span> <span class='ocrx_word' id='word_1_667' title='bbox 1755 4899 1810 4947; x_wconf 90' lang='lat' dir='ltr'><strong>et</strong></span> <span class='ocrx_word' id='word_1_668' title='bbox 1858 4894 2132 4948; x_wconf 89' lang='lat' dir='ltr'><strong>carnalem</strong></span> 
     </span>
    </p>
   </div>
   <div class='ocr_carea' id='block_1_95' title="bbox 554 4976 2130 5053">
    <p class='ocr_par' dir='ltr' id='par_1_95' title="bbox 554 4976 2130 5053">
     <span class='ocr_line' id='line_1_95' title="bbox 554 4976 2130 5053; baseline 0.007 -23"><span class='ocrx_word' id='word_1_669' title='bbox 554 4976 863 5046; x_wconf 85' lang='lat' dir='ltr'><strong>susceperit</strong></span> <span class='ocrx_word' id='word_1_670' title='bbox 895 4977 1241 5032; x_wconf 78' lang='lat' dir='ltr'><strong>nativitatem</strong></span> <span class='ocrx_word' id='word_1_671' title='bbox 1272 4994 1337 5033; x_wconf 81' lang='lat' dir='ltr'><strong>ex</strong></span> <span class='ocrx_word' id='word_1_672' title='bbox 1377 4982 1531 5034; x_wconf 87' lang='lat' dir='ltr'><strong>beata</strong></span> <span class='ocrx_word' id='word_1_673' title='bbox 1562 4980 1812 5053; x_wconf 80' lang='lat' dir='ltr'><strong>Virgine.</strong></span> <span class='ocrx_word' id='word_1_674' title='bbox 1848 4985 2130 5041; x_wconf 86' lang='lat' dir='ltr'><strong>nihilomi-</strong></span> 
     </span>
    </p>
   </div>
   <div class='ocr_carea' id='block_1_96' title="bbox 551 5069 2135 5148">
    <p class='ocr_par' dir='ltr' id='par_1_96' title="bbox 551 5069 2135 5148">
     <span class='ocr_line' id='line_1_96' title="bbox 551 5069 2135 5148; baseline 0.008 -26"><span class='ocrx_word' id='word_1_675' title='bbox 551 5084 656 5124; x_wconf 90' lang='lat' dir='ltr'><strong>nus</strong></span> <span class='ocrx_word' id='word_1_676' title='bbox 694 5069 1086 5140; x_wconf 88' lang='lat' dir='ltr'><strong>omnipotens,</strong></span> <span class='ocrx_word' id='word_1_677' title='bbox 1151 5081 1341 5142; x_wconf 86' lang='lat' dir='ltr'><strong>utpote</strong></span> <span class='ocrx_word' id='word_1_678' title='bbox 1393 5075 1704 5129; x_wconf 70' lang='lat' dir='ltr'><strong>cwlestium</strong></span> <span class='ocrx_word' id='word_1_679' title='bbox 1771 5077 2025 5148; x_wconf 84' lang='lat' dir='ltr'><strong>princeps</strong></span> <span class='ocrx_word' id='word_1_680' title='bbox 2080 5087 2135 5134; x_wconf 91' lang='lat' dir='ltr'><strong>et</strong></span> 
     </span>
    </p>
   </div>
   <div class='ocr_carea' id='block_1_97' title="bbox 553 5160 2133 5238">
    <p class='ocr_par' dir='ltr' id='par_1_97' title="bbox 553 5160 2133 5238">
     <span class='ocr_line' id='line_1_97' title="bbox 553 5160 2133 5238; baseline 0.007 -24"><span class='ocrx_word' id='word_1_681' title='bbox 553 5160 897 5215; x_wconf 88' lang='lat' dir='ltr'><strong>terrestrium</strong></span> <span class='ocrx_word' id='word_1_682' title='bbox 938 5176 1002 5215; x_wconf 85' lang='lat' dir='ltr'><strong>ac</strong></span> <span class='ocrx_word' id='word_1_683' title='bbox 1026 5162 1513 5219; x_wconf 87' lang='lat' dir='ltr'><strong>subterraneorum</strong></span> <span class='ocrx_word' id='word_1_684' title='bbox 1543 5167 1637 5237; x_wconf 91' lang='lat' dir='ltr'><strong>qui</strong></span> <span class='ocrx_word' id='word_1_685' title='bbox 1687 5168 1975 5238; x_wconf 89' lang='lat' dir='ltr'><strong>imperium</strong></span> <span class='ocrx_word' id='word_1_686' title='bbox 2032 5170 2133 5225; x_wconf 90' lang='lat' dir='ltr'><strong>ha-</strong></span> 
     </span>
    </p>
   </div>
   <div class='ocr_carea' id='block_1_98' title="bbox 551 5254 2135 5323">
    <p class='ocr_par' dir='ltr' id='par_1_98' title="bbox 551 5254 2135 5323">
     <span class='ocr_line' id='line_1_98' title="bbox 551 5254 2135 5323; baseline 0.007 -15"><span class='ocrx_word' id='word_1_687' title='bbox 551 5254 791 5309; x_wconf 89' lang='lat' dir='ltr'><strong>buerunt</strong></span> <span class='ocrx_word' id='word_1_688' title='bbox 846 5254 1109 5310; x_wconf 85' lang='lat' dir='ltr'><strong>adversus</strong></span> <span class='ocrx_word' id='word_1_689' title='bbox 1159 5256 1495 5323; x_wconf 87' lang='lat' dir='ltr'><strong>all&#39;ectiones,</strong></span> <span class='ocrx_word' id='word_1_690' title='bbox 1543 5268 1598 5315; x_wconf 92' lang='lat' dir='ltr'><strong>et</strong></span> <span class='ocrx_word' id='word_1_691' title='bbox 1653 5263 2034 5321; x_wconf 72' lang='lat' dir='ltr'><strong>suetoritatem</strong></span> <span class='ocrx_word' id='word_1_692' title='bbox 2070 5279 2135 5319; x_wconf 91' lang='lat' dir='ltr'><strong>ac</strong></span> 
     </span>
    </p>
   </div>
   <div class='ocr_carea' id='block_1_99' title="bbox 554 5345 2131 5423">
    <p class='ocr_par' dir='ltr' id='par_1_99' title="bbox 554 5345 2131 5423">
     <span class='ocr_line' id='line_1_99' title="bbox 554 5345 2131 5423; baseline 0.006 -25"><span class='ocrx_word' id='word_1_693' title='bbox 554 5345 724 5399; x_wconf 91' lang='lat' dir='ltr'><strong>robur</strong></span> <span class='ocrx_word' id='word_1_694' title='bbox 768 5345 969 5400; x_wconf 88' lang='lat' dir='ltr'><strong>habent</strong></span> <span class='ocrx_word' id='word_1_695' title='bbox 1001 5345 1267 5403; x_wconf 80' lang='lat' dir='ltr'><strong>adversus</strong></span> <span class='ocrx_word' id='word_1_696' title='bbox 1298 5361 1583 5420; x_wconf 85' lang='lat' dir='ltr'><strong>peceatum</strong></span> <span class='ocrx_word' id='word_1_697' title='bbox 1611 5368 1674 5407; x_wconf 82' lang='lat' dir='ltr'><strong>ex</strong></span> <span class='ocrx_word' id='word_1_698' title='bbox 1721 5353 1897 5423; x_wconf 89' lang='lat' dir='ltr'><strong>ipsius</strong></span> <span class='ocrx_word' id='word_1_699' title='bbox 1930 5354 2131 5410; x_wconf 81' lang='lat' dir='ltr'><strong>Christi</strong></span> 
     </span>
    </p>
   </div>
   <div class='ocr_carea' id='block_1_100' title="bbox 551 5438 850 5505">
    <p class='ocr_par' dir='ltr' id='par_1_100' title="bbox 551 5438 850 5505">
     <span class='ocr_line' id='line_1_100' title="bbox 551 5438 850 5505; baseline 0.02 -15"><span class='ocrx_word' id='word_1_700' title='bbox 551 5438 850 5505; x_wconf 74' lang='lat' dir='ltr'><strong>a-tjtttorio.</strong></span> 
     </span>
    </p>
   </div>
   <div class='ocr_carea' id='block_1_101' title="bbox 629 5530 2133 5607">
    <p class='ocr_par' dir='ltr' id='par_1_101' title="bbox 629 5530 2133 5607">
     <span class='ocr_line' id='line_1_101' title="bbox 629 5530 2133 5607; baseline 0.007 -24"><span class='ocrx_word' id='word_1_701' title='bbox 629 5530 769 5595; x_wconf 72' lang='lat' dir='ltr'><strong>XIX,</strong></span> <span class='ocrx_word' id='word_1_702' title='bbox 805 5534 993 5589; x_wconf 74' lang='lat'><strong>17-19.</strong></span> <span class='ocrx_word' id='word_1_703' title='bbox 1056 5534 1120 5588; x_wconf 86' lang='lat' dir='ltr'><strong>Et</strong></span> <span class='ocrx_word' id='word_1_704' title='bbox 1174 5535 1281 5588; x_wconf 78' lang='lat' dir='ltr'><strong>ridi</strong></span> <span class='ocrx_word' id='word_1_705' title='bbox 1312 5552 1474 5588; x_wconf 87' lang='lat' dir='ltr'><strong>unum</strong></span> <span class='ocrx_word' id='word_1_706' title='bbox 1516 5538 1762 5607; x_wconf 87' lang='lat' dir='ltr'><strong>angelum</strong></span> <span class='ocrx_word' id='word_1_707' title='bbox 1815 5548 2045 5593; x_wconf 84' lang='lat' dir='ltr'><strong>stantem</strong></span> <span class='ocrx_word' id='word_1_708' title='bbox 2079 5542 2133 5594; x_wconf 82' lang='lat' dir='ltr'><strong>in</strong></span> 
     </span>
    </p>
   </div>
   <div class='ocr_carea' id='block_1_102' title="bbox 557 5622 2133 5695">
    <p class='ocr_par' dir='ltr' id='par_1_102' title="bbox 557 5622 2133 5695">
     <span class='ocr_line' id='line_1_102' title="bbox 557 5622 2133 5695; baseline 0.007 -21"><span class='ocrx_word' id='word_1_709' title='bbox 557 5622 687 5687; x_wconf 88' lang='lat' dir='ltr'><strong>sole,</strong></span> <span class='ocrx_word' id='word_1_710' title='bbox 729 5633 777 5676; x_wconf 87' lang='lat' dir='ltr'><strong>et</strong></span> <span class='ocrx_word' id='word_1_711' title='bbox 814 5623 1063 5677; x_wconf 82' lang='lat' dir='ltr'><strong>clamauit</strong></span> <span class='ocrx_word' id='word_1_712' title='bbox 1097 5642 1218 5679; x_wconf 75' lang='lat' dir='ltr'><strong>voce</strong></span> <span class='ocrx_word' id='word_1_713' title='bbox 1258 5642 1474 5695; x_wconf 88' lang='lat' dir='ltr'><strong>magna,</strong></span> <span class='ocrx_word' id='word_1_714' title='bbox 1508 5630 1689 5682; x_wconf 87' lang='lat' dir='ltr'><strong>dicens</strong></span> <span class='ocrx_word' id='word_1_715' title='bbox 1745 5633 1950 5683; x_wconf 89' lang='lat' dir='ltr'><strong>cunctis</strong></span> <span class='ocrx_word' id='word_1_716' title='bbox 1986 5632 2133 5685; x_wconf 85' lang='lat' dir='ltr'><strong>volu-</strong></span> 
     </span>
    </p>
   </div>
   <div class='ocr_carea' id='block_1_103' title="bbox 554 5714 2132 5787">
    <p class='ocr_par' dir='ltr' id='par_1_103' title="bbox 554 5714 2132 5787">
     <span class='ocr_line' id='line_1_103' title="bbox 554 5714 2132 5787; baseline 0.008 -23"><span class='ocrx_word' id='word_1_717' title='bbox 554 5714 730 5764; x_wconf 83' lang='lat' dir='ltr'><strong>cribus</strong></span> <span class='ocrx_word' id='word_1_718' title='bbox 755 5730 871 5782; x_wconf 59' lang='grc' dir='ltr'><strong>(μιαί</strong></span> <span class='ocrx_word' id='word_1_719' title='bbox 900 5716 1147 5770; x_wconf 79' lang='lat' dir='ltr'><strong>volabant</strong></span> <span class='ocrx_word' id='word_1_720' title='bbox 1178 5734 1269 5787; x_wconf 85' lang='lat' dir='ltr'><strong>per</strong></span> <span class='ocrx_word' id='word_1_721' title='bbox 1296 5719 1526 5772; x_wconf 85' lang='lat' dir='ltr'><strong>medium</strong></span> <span class='ocrx_word' id='word_1_722' title='bbox 1560 5721 1675 5774; x_wconf 74' lang='grc' dir='ltr'><strong>ειειὶ</strong></span> <span class='ocrx_word' id='word_1_723' title='bbox 1706 5736 1725 5775; x_wconf 91' lang='lat'><strong><em>:</em></strong></span> <span class='ocrx_word' id='word_1_724' title='bbox 1768 5721 1964 5787; x_wconf 83' lang='lat' dir='ltr'><strong>Venite,</strong></span> <span class='ocrx_word' id='word_1_725' title='bbox 2005 5739 2132 5776; x_wconf 88' lang='lat' dir='ltr'><strong>con-</strong></span> 
     </span>
    </p>
   </div>
   <div class='ocr_carea' id='block_1_104' title="bbox 556 5804 2132 5880">
    <p class='ocr_par' dir='ltr' id='par_1_104' title="bbox 556 5804 2132 5880">
     <span class='ocr_line' id='line_1_104' title="bbox 556 5804 2132 5880; baseline 0.011 -30"><span class='ocrx_word' id='word_1_726' title='bbox 556 5804 820 5868; x_wconf 78' lang='lat' dir='ltr'><strong>regamini</strong></span> <span class='ocrx_word' id='word_1_727' title='bbox 855 5808 923 5859; x_wconf 80' lang='lat' dir='ltr'><strong>ad</strong></span> <span class='ocrx_word' id='word_1_728' title='bbox 956 5823 1068 5860; x_wconf 80' lang='lat' dir='ltr'><strong>eam</strong></span> <span class='ocrx_word' id='word_1_729' title='bbox 1085 5824 1170 5861; x_wconf 89' lang='lat' dir='ltr'><strong>am</strong></span> <span class='ocrx_word' id='word_1_730' title='bbox 1196 5826 1443 5880; x_wconf 83' lang='lat' dir='ltr'><strong>magnam</strong></span> <span class='ocrx_word' id='word_1_731' title='bbox 1477 5811 1593 5877; x_wconf 80' lang='lat' dir='ltr'><strong>Dei,</strong></span> <span class='ocrx_word' id='word_1_732' title='bbox 1620 5814 1983 5868; x_wconf 87' lang='lat' dir='ltr'><strong>utcomedatis</strong></span> <span class='ocrx_word' id='word_1_733' title='bbox 2015 5831 2132 5868; x_wconf 86' lang='lat' dir='ltr'><strong>car-</strong></span> 
     </span>
    </p>
   </div>
   <div class='ocr_carea' id='block_1_105' title="bbox 2238 4612 3808 4685">
    <p class='ocr_par' dir='ltr' id='par_1_105' title="bbox 2238 4612 3808 4685">
     <span class='ocr_line' id='line_1_105' title="bbox 2238 4612 3808 4685; baseline -0.001 -20"><span class='ocrx_word' id='word_1_734' title='bbox 2238 4615 2398 4683; x_wconf 88' lang='grc' dir='ltr'><strong>πίνης</strong></span> <span class='ocrx_word' id='word_1_735' title='bbox 2425 4614 2592 4685; x_wconf 79' lang='grc' dir='ltr'><strong>οῦσης</strong></span> <span class='ocrx_word' id='word_1_736' title='bbox 2614 4614 2786 4684; x_wconf 78' lang='grc' dir='ltr'><strong>αὐτῆς</strong></span> <span class='ocrx_word' id='word_1_737' title='bbox 2819 4616 2914 4668; x_wconf 73' lang='grc' dir='ltr'><strong>καὶ</strong></span> <span class='ocrx_word' id='word_1_738' title='bbox 2942 4614 3003 4667; x_wconf 78' lang='grc' dir='ltr'><strong>ού</strong></span> <span class='ocrx_word' id='word_1_739' title='bbox 3032 4617 3174 4669; x_wconf 81' lang='grc' dir='ltr'><strong>κατά</strong></span> <span class='ocrx_word' id='word_1_740' title='bbox 3215 4614 3518 4683; x_wconf 82' lang='grc' dir='ltr'><strong>φαντασίαν</strong></span> <span class='ocrx_word' id='word_1_741' title='bbox 3540 4630 3554 4644; x_wconf 76' lang='grc'><em>’</em></span> <span class='ocrx_word' id='word_1_742' title='bbox 3593 4614 3674 4676; x_wconf 86' lang='grc' dir='ltr'><strong>είς</strong></span> <span class='ocrx_word' id='word_1_743' title='bbox 3702 4612 3808 4683; x_wconf 83' lang='grc' dir='ltr'><strong>γὰρ</strong></span> 
     </span>
    </p>
   </div>
   <div class='ocr_carea' id='block_1_106' title="bbox 2235 4705 3810 4777">
    <p class='ocr_par' dir='ltr' id='par_1_106' title="bbox 2235 4705 3810 4777">
     <span class='ocr_line' id='line_1_106' title="bbox 2235 4705 3810 4777; baseline 0 -20"><span class='ocrx_word' id='word_1_744' title='bbox 2235 4707 2579 4776; x_wconf 82' lang='grc' dir='ltr'><strong>παράστασιν</strong></span> <span class='ocrx_word' id='word_1_745' title='bbox 2608 4707 2800 4758; x_wconf 88' lang='grc' dir='ltr'><strong>τούτου</strong></span> <span class='ocrx_word' id='word_1_746' title='bbox 2821 4706 3161 4776; x_wconf 83' lang='grc' dir='ltr'><strong>λαμϐάνεται</strong></span> <span class='ocrx_word' id='word_1_747' title='bbox 3213 4708 3365 4777; x_wconf 76' lang='grc' dir='ltr'><strong>παρὰ</strong></span> <span class='ocrx_word' id='word_1_748' title='bbox 3426 4708 3492 4776; x_wconf 76' lang='grc' dir='ltr'><strong>τῇ</strong></span> <span class='ocrx_word' id='word_1_749' title='bbox 3546 4705 3735 4775; x_wconf 82' lang='grc' dir='ltr'><strong>Γραφῇ</strong></span> <span class='ocrx_word' id='word_1_750' title='bbox 3782 4706 3810 4756; x_wconf 88' lang='grc' dir='ltr'>ὁ</span> 
     </span>
    </p>
   </div>
   <div class='ocr_carea' id='block_1_107' title="bbox 2238 4792 3811 4868">
    <p class='ocr_par' dir='ltr' id='par_1_107' title="bbox 2238 4792 3811 4868">
     <span class='ocr_line' id='line_1_107' title="bbox 2238 4792 3811 4868; baseline -0.001 -18"><span class='ocrx_word' id='word_1_751' title='bbox 2238 4796 2431 4865; x_wconf 80' lang='grc' dir='ltr'><strong>μηρός.</strong></span> <span class='ocrx_word' id='word_1_752' title='bbox 2468 4795 2674 4864; x_wconf 84' lang='grc' dir='ltr'><strong>Δηλοῦν</strong></span> <span class='ocrx_word' id='word_1_753' title='bbox 2702 4792 2796 4850; x_wconf 82' lang='grc' dir='ltr'><strong>οὖν</strong></span> <span class='ocrx_word' id='word_1_754' title='bbox 2829 4797 2918 4849; x_wconf 85' lang='grc' dir='ltr'><strong>διὰ</strong></span> <span class='ocrx_word' id='word_1_755' title='bbox 2938 4796 3127 4850; x_wconf 91' lang='grc' dir='ltr'><strong>τούτου</strong></span> <span class='ocrx_word' id='word_1_756' title='bbox 3151 4797 3228 4868; x_wconf 83' lang='grc' dir='ltr'><strong>τῷ</strong></span> <span class='ocrx_word' id='word_1_757' title='bbox 3258 4797 3399 4867; x_wconf 85' lang='grc' dir='ltr'><strong>λόγῳ</strong></span> <span class='ocrx_word' id='word_1_758' title='bbox 3425 4798 3648 4862; x_wconf 82' lang='grc' dir='ltr'><strong>σκοπὸς,</strong></span> <span class='ocrx_word' id='word_1_759' title='bbox 3680 4797 3761 4849; x_wconf 84' lang='grc' dir='ltr'><strong>ὅτι</strong></span> <span class='ocrx_word' id='word_1_760' title='bbox 3782 4797 3811 4848; x_wconf 85' lang='grc' dir='ltr'><strong>ὁ</strong></span> 
     </span>
    </p>
   </div>
   <div class='ocr_carea' id='block_1_108' title="bbox 2236 4876 3812 4959">
    <p class='ocr_par' dir='ltr' id='par_1_108' title="bbox 2236 4876 3812 4959">
     <span class='ocr_line' id='line_1_108' title="bbox 2236 4876 3812 4959; baseline -0.001 -18"><span class='ocrx_word' id='word_1_761' title='bbox 2236 4889 2356 4941; x_wconf 85' lang='grc' dir='ltr'><strong>καθ’</strong></span> <span class='ocrx_word' id='word_1_762' title='bbox 2389 4887 2690 4941; x_wconf 79' lang='grc' dir='ltr'><strong>ὑπόστασιν</strong></span> <span class='ocrx_word' id='word_1_763' title='bbox 2719 4888 2942 4953; x_wconf 75' lang='grc' dir='ltr'><strong>ἐνωθεὶς</strong></span> <span class='ocrx_word' id='word_1_764' title='bbox 2965 4888 3137 4955; x_wconf 85' lang='grc' dir='ltr'><strong>Λόγος</strong></span> <span class='ocrx_word' id='word_1_765' title='bbox 3167 4889 3475 4959; x_wconf 87' lang='grc' dir='ltr'><strong>ἀνθρώπων</strong></span> <span class='ocrx_word' id='word_1_766' title='bbox 3508 4876 3693 4958; x_wconf 70' lang='grc' dir='ltr'><strong>φύσει,</strong></span> <span class='ocrx_word' id='word_1_767' title='bbox 3716 4888 3812 4941; x_wconf 80' lang='grc' dir='ltr'><strong>καὶ</strong></span> 
     </span>
    </p>
   </div>
   <div class='ocr_carea' id='block_1_109' title="bbox 2236 4978 3813 5051">
    <p class='ocr_par' dir='ltr' id='par_1_109' title="bbox 2236 4978 3813 5051">
     <span class='ocr_line' id='line_1_109' title="bbox 2236 4978 3813 5051; baseline 0.001 -21"><span class='ocrx_word' id='word_1_768' title='bbox 2236 4978 2512 5049; x_wconf 80' lang='grc' dir='ltr'><strong>σαρκικὴν</strong></span> <span class='ocrx_word' id='word_1_769' title='bbox 2539 4978 2841 5050; x_wconf 84' lang='grc' dir='ltr'><strong>ὑπομείνας</strong></span> <span class='ocrx_word' id='word_1_770' title='bbox 2892 4980 3147 5051; x_wconf 83' lang='grc' dir='ltr'><strong>γέννησιν</strong></span> <span class='ocrx_word' id='word_1_771' title='bbox 3175 4982 3241 5034; x_wconf 82' lang='grc' dir='ltr'><strong>ὲκ</strong></span> <span class='ocrx_word' id='word_1_772' title='bbox 3277 4982 3374 5051; x_wconf 80' lang='grc' dir='ltr'><strong>τῆς</strong></span> <span class='ocrx_word' id='word_1_773' title='bbox 3405 4981 3566 5049; x_wconf 87' lang='grc' dir='ltr'><strong>ἁγίας</strong></span> <span class='ocrx_word' id='word_1_774' title='bbox 3597 4978 3813 5050; x_wconf 83' lang='grc' dir='ltr'><strong>Παρθέ-</strong></span> 
     </span>
    </p>
   </div>
   <div class='ocr_carea' id='block_1_110' title="bbox 2235 5065 3811 5146">
    <p class='ocr_par' dir='ltr' id='par_1_110' title="bbox 2235 5065 3811 5146">
     <span class='ocr_line' id='line_1_110' title="bbox 2235 5065 3811 5146; baseline 0.003 -24"><span class='ocrx_word' id='word_1_775' title='bbox 2235 5087 2349 5133; x_wconf 86' lang='grc' dir='ltr'><strong>νου,</strong></span> <span class='ocrx_word' id='word_1_776' title='bbox 2370 5070 2523 5124; x_wconf 83' lang='grc' dir='ltr'><strong>οῠδὲν</strong></span> <span class='ocrx_word' id='word_1_777' title='bbox 2555 5065 2717 5141; x_wconf 85' lang='grc' dir='ltr'><strong>ἦττον</strong></span> <span class='ocrx_word' id='word_1_778' title='bbox 2742 5073 3143 5146; x_wconf 74' lang='grc' dir='ltr'><strong>παντοκράτωρ</strong></span> <span class='ocrx_word' id='word_1_779' title='bbox 3181 5074 3268 5136; x_wconf 77' lang='grc' dir='ltr'><strong>ιὼς</strong></span> <span class='ocrx_word' id='word_1_780' title='bbox 3300 5074 3573 5144; x_wconf 85' lang='grc' dir='ltr'><strong>οὐρανίων</strong></span> <span class='ocrx_word' id='word_1_781' title='bbox 3628 5074 3811 5144; x_wconf 83' lang='grc' dir='ltr'><strong>ἄρχων</strong></span> 
     </span>
    </p>
   </div>
   <div class='ocr_carea' id='block_1_111' title="bbox 2234 5165 3811 5237">
    <p class='ocr_par' dir='ltr' id='par_1_111' title="bbox 2234 5165 3811 5237">
     <span class='ocr_line' id='line_1_111' title="bbox 2234 5165 3811 5237; baseline 0.001 -20"><span class='ocrx_word' id='word_1_782' title='bbox 2234 5165 2329 5217; x_wconf 77' lang='grc' dir='ltr'><strong>καὶ</strong></span> <span class='ocrx_word' id='word_1_783' title='bbox 2367 5165 2628 5232; x_wconf 73' lang='grc' dir='ltr'><strong>ἐπιγείων</strong></span> <span class='ocrx_word' id='word_1_784' title='bbox 2659 5169 2756 5218; x_wconf 76' lang='grc' dir='ltr'><strong>καὶ</strong></span> <span class='ocrx_word' id='word_1_785' title='bbox 2807 5167 3207 5236; x_wconf 86' lang='grc' dir='ltr'><strong>καταχθονίων,</strong></span> <span class='ocrx_word' id='word_1_786' title='bbox 3232 5167 3340 5221; x_wconf 86' lang='grc' dir='ltr'><strong>τῶν</strong></span> <span class='ocrx_word' id='word_1_787' title='bbox 3373 5168 3811 5237; x_wconf 84' lang='grc' dir='ltr'><strong>βασιλευσάντων</strong></span> 
     </span>
    </p>
   </div>
   <div class='ocr_carea' id='block_1_112' title="bbox 2235 5256 3812 5332">
    <p class='ocr_par' dir='ltr' id='par_1_112' title="bbox 2235 5256 3812 5332">
     <span class='ocr_line' id='line_1_112' title="bbox 2235 5256 3812 5332; baseline 0.004 -23"><span class='ocrx_word' id='word_1_788' title='bbox 2235 5256 2378 5310; x_wconf 84' lang='grc' dir='ltr'><strong>κατὰ</strong></span> <span class='ocrx_word' id='word_1_789' title='bbox 2405 5257 2613 5323; x_wconf 83' lang='grc' dir='ltr'><strong>παθῶν,</strong></span> <span class='ocrx_word' id='word_1_790' title='bbox 2646 5258 2755 5311; x_wconf 82' lang='grc' dir='ltr'><strong>τῶν</strong></span> <span class='ocrx_word' id='word_1_791' title='bbox 2784 5261 2845 5311; x_wconf 83' lang='grc' dir='ltr'><strong>τὸ</strong></span> <span class='ocrx_word' id='word_1_792' title='bbox 2878 5258 3047 5330; x_wconf 88' lang='grc' dir='ltr'><strong>κῦρος</strong></span> <span class='ocrx_word' id='word_1_793' title='bbox 3078 5260 3171 5313; x_wconf 76' lang='grc' dir='ltr'><strong>καὶ</strong></span> <span class='ocrx_word' id='word_1_794' title='bbox 3223 5260 3287 5313; x_wconf 81' lang='grc' dir='ltr'><strong>τὸ</strong></span> <span class='ocrx_word' id='word_1_795' title='bbox 3316 5261 3519 5332; x_wconf 85' lang='grc' dir='ltr'><strong>κράτος</strong></span> <span class='ocrx_word' id='word_1_796' title='bbox 3579 5264 3812 5330; x_wconf 78' lang='grc' dir='ltr'><strong>ἑχόντων</strong></span> 
     </span>
    </p>
   </div>
   <div class='ocr_carea' id='block_1_113' title="bbox 2235 5349 3804 5423">
    <p class='ocr_par' dir='ltr' id='par_1_113' title="bbox 2235 5349 3804 5423">
     <span class='ocr_line' id='line_1_113' title="bbox 2235 5349 3804 5423; baseline 0.003 -23"><span class='ocrx_word' id='word_1_797' title='bbox 2235 5349 2375 5403; x_wconf 79' lang='grc' dir='ltr'><strong>κατὰ</strong></span> <span class='ocrx_word' id='word_1_798' title='bbox 2410 5350 2509 5421; x_wconf 82' lang='grc' dir='ltr'><strong>τῆς</strong></span> <span class='ocrx_word' id='word_1_799' title='bbox 2550 5351 2828 5421; x_wconf 84' lang='grc' dir='ltr'><strong>ἁμαρτίας</strong></span> <span class='ocrx_word' id='word_1_800' title='bbox 2858 5354 2925 5423; x_wconf 81' lang='grc' dir='ltr'><strong>τῇ</strong></span> <span class='ocrx_word' id='word_1_801' title='bbox 2956 5351 3051 5405; x_wconf 86' lang='grc' dir='ltr'><strong>τοῦ</strong></span> <span class='ocrx_word' id='word_1_802' title='bbox 3078 5352 3243 5405; x_wconf 84' lang='grc' dir='ltr'><strong>αὐτοῦ</strong></span> <span class='ocrx_word' id='word_1_803' title='bbox 3276 5351 3516 5422; x_wconf 87' lang='grc' dir='ltr'><strong>Χριστοῦ</strong></span> <span class='ocrx_word' id='word_1_804' title='bbox 3550 5370 3804 5407; x_wconf 87' lang='grc' dir='ltr'><strong>συναντι-</strong></span> 
     </span>
    </p>
   </div>
   <div class='ocr_carea' id='block_1_114' title="bbox 2234 5442 2411 5513">
    <p class='ocr_par' dir='ltr' id='par_1_114' title="bbox 2234 5442 2411 5513">
     <span class='ocr_line' id='line_1_114' title="bbox 2234 5442 2411 5513; baseline 0.011 -20"><span class='ocrx_word' id='word_1_805' title='bbox 2234 5442 2411 5513; x_wconf 77' lang='grc' dir='ltr'><strong>λήψει.</strong></span> 
     </span>
    </p>
   </div>
   <div class='ocr_carea' id='block_1_115' title="bbox 2304 5531 3811 5607">
    <p class='ocr_par' dir='ltr' id='par_1_115' title="bbox 2304 5531 3811 5607">
     <span class='ocr_line' id='line_1_115' title="bbox 2304 5531 3811 5607; baseline 0.001 -18"><span class='ocrx_word' id='word_1_806' title='bbox 2304 5536 2407 5589; x_wconf 80' lang='lat' dir='ltr'><strong>Kal</strong></span> <span class='ocrx_word' id='word_1_807' title='bbox 2438 5531 2603 5589; x_wconf 78' lang='grc' dir='ltr'><strong>εἶδον</strong></span> <span class='ocrx_word' id='word_1_808' title='bbox 2632 5535 2741 5590; x_wconf 80' lang='grc' dir='ltr'><strong>ἕνα</strong></span> <span class='ocrx_word' id='word_1_809' title='bbox 2761 5535 3019 5605; x_wconf 72' lang='grc' dir='ltr'><strong>ἄγγελον</strong></span> <span class='ocrx_word' id='word_1_810' title='bbox 3046 5538 3277 5591; x_wconf 84' lang='grc' dir='ltr'><strong>ἑστῶτα</strong></span> <span class='ocrx_word' id='word_1_811' title='bbox 3308 5539 3377 5590; x_wconf 83' lang='grc' dir='ltr'><strong>ἐν</strong></span> <span class='ocrx_word' id='word_1_812' title='bbox 3408 5538 3485 5603; x_wconf 88' lang='grc' dir='ltr'><strong>τῷ</strong></span> <span class='ocrx_word' id='word_1_813' title='bbox 3514 5539 3685 5607; x_wconf 70' lang='grc' dir='ltr'><strong>ἡλίῳ,</strong></span> <span class='ocrx_word' id='word_1_814' title='bbox 3712 5539 3811 5591; x_wconf 76' lang='grc' dir='ltr'><strong>καί</strong></span> 
     </span>
    </p>
   </div>
   <div class='ocr_carea' id='block_1_116' title="bbox 2234 5628 3814 5700">
    <p class='ocr_par' dir='ltr' id='par_1_116' title="bbox 2234 5628 3814 5700">
     <span class='ocr_line' id='line_1_116' title="bbox 2234 5628 3814 5700; baseline 0.001 -20"><span class='ocrx_word' id='word_1_815' title='bbox 2234 5629 2449 5699; x_wconf 61' lang='lat' dir='ltr'><strong>Expulit?</strong></span> <span class='ocrx_word' id='word_1_816' title='bbox 2482 5628 2651 5698; x_wconf 67' lang='grc' dir='ltr'><strong>φωνῇ</strong></span> <span class='ocrx_word' id='word_1_817' title='bbox 2677 5630 2908 5699; x_wconf 77' lang='grc' dir='ltr'><strong>μεγάλῃ</strong></span> <span class='ocrx_word' id='word_1_818' title='bbox 2928 5671 2942 5694; x_wconf 93' lang='grc'><strong>,</strong></span> <span class='ocrx_word' id='word_1_819' title='bbox 2976 5630 3171 5700; x_wconf 77' lang='grc' dir='ltr'><strong>λέγων</strong></span> <span class='ocrx_word' id='word_1_820' title='bbox 3201 5631 3352 5686; x_wconf 85' lang='grc' dir='ltr'><strong>πᾶσι</strong></span> <span class='ocrx_word' id='word_1_821' title='bbox 3404 5634 3530 5696; x_wconf 83' lang='grc' dir='ltr'><strong>τοῖς</strong></span> <span class='ocrx_word' id='word_1_822' title='bbox 3583 5630 3814 5700; x_wconf 75' lang='grc' dir='ltr'><strong>ὀρνέοις</strong></span> 
     </span>
    </p>
   </div>
   <div class='ocr_carea' id='block_1_117' title="bbox 2234 5721 3812 5792">
    <p class='ocr_par' dir='ltr' id='par_1_117' title="bbox 2234 5721 3812 5792">
     <span class='ocr_line' id='line_1_117' title="bbox 2234 5721 3812 5792; baseline 0.001 -19"><span class='ocrx_word' id='word_1_823' title='bbox 2234 5722 2358 5785; x_wconf 87' lang='grc' dir='ltr'><strong>τοῖς</strong></span> <span class='ocrx_word' id='word_1_824' title='bbox 2390 5721 2741 5791; x_wconf 76' lang='grc' dir='ltr'><strong>πετομένοις</strong></span> <span class='ocrx_word' id='word_1_825' title='bbox 2769 5724 2839 5776; x_wconf 84' lang='grc' dir='ltr'><strong>ἐν</strong></span> <span class='ocrx_word' id='word_1_826' title='bbox 2868 5724 3387 5792; x_wconf 81' lang='grc' dir='ltr'><strong>μεσουρανήματι’</strong></span> <span class='ocrx_word' id='word_1_827' title='bbox 3427 5724 3625 5788; x_wconf 84' lang='grc' dir='ltr'><strong>Δεῦτε,</strong></span> <span class='ocrx_word' id='word_1_828' title='bbox 3658 5740 3812 5775; x_wconf 79' lang='grc' dir='ltr'><strong>συν-</strong></span> 
     </span>
    </p>
   </div>
   <div class='ocr_carea' id='block_1_118' title="bbox 2235 5813 3812 5885">
    <p class='ocr_par' dir='ltr' id='par_1_118' title="bbox 2235 5813 3812 5885">
     <span class='ocr_line' id='line_1_118' title="bbox 2235 5813 3812 5885; baseline 0.001 -19"><span class='ocrx_word' id='word_1_829' title='bbox 2235 5813 2457 5883; x_wconf 75' lang='grc' dir='ltr'><strong>άχθητε</strong></span> <span class='ocrx_word' id='word_1_830' title='bbox 2481 5817 2568 5880; x_wconf 82' lang='grc' dir='ltr'><strong>είς</strong></span> <span class='ocrx_word' id='word_1_831' title='bbox 2598 5815 2704 5869; x_wconf 81' lang='grc' dir='ltr'><strong>τὸν</strong></span> <span class='ocrx_word' id='word_1_832' title='bbox 2728 5814 2977 5869; x_wconf 77' lang='grc' dir='ltr'><strong>δεῖπνον</strong></span> <span class='ocrx_word' id='word_1_833' title='bbox 3006 5816 3112 5870; x_wconf 86' lang='grc' dir='ltr'><strong>τὸν</strong></span> <span class='ocrx_word' id='word_1_834' title='bbox 3140 5818 3332 5885; x_wconf 80' lang='grc' dir='ltr'><strong>μέγαν</strong></span> <span class='ocrx_word' id='word_1_835' title='bbox 3380 5817 3485 5871; x_wconf 83' lang='grc' dir='ltr'><strong>τοῦ</strong></span> <span class='ocrx_word' id='word_1_836' title='bbox 3517 5816 3684 5882; x_wconf 80' lang='grc' dir='ltr'><strong>Θεοῦ,</strong></span> <span class='ocrx_word' id='word_1_837' title='bbox 3711 5816 3812 5868; x_wconf 72' lang='grc' dir='ltr'><strong>ἵνα</strong></span> 
     </span>
    </p>
   </div>
  </div>
