4164 6428
392 408 528 497 tta"

1469 417 1860 481 COMMENT.
1901 418 1984 479 1N
2024 414 2552 477 APOCALYPSIN.

3552 413 3657 478 746

385 545 614 615 φάγητε
646 540 880 607 σάρκας
914 536 1252 604 βασιλέων,
1291 537 1390 591 καί
1441 538 1679 606 σάρκας
1739 533 1977 604 χιλιάρ-

2092 548 2178 585 ues
2207 546 2410 600 regum,
2443 539 2490 584 et
2525 543 2708 582 carnes
2731 527 3085 590 tribunorum,
3117 534 3166 582 et
3201 542 3385 582 carnes
3415 527 3660 596 fortium.

386 652 530 705 κων,
569 634 665 686 καὶ
698 631 935 699 σάρκας
995 629 1282 700 ισχυρῶν,
1337 629 1436 683 καὶ
1499 628 1737 698 σάρκας
1780 627 1982 678 ἵππων

389 724 630 780 καὶτῶν
658 723 1013 792 καθημένων
1044 723 1138 774 ἐπ’
1163 721 1385 782 αὐτῶν,
1425 720 1522 773 καὶ
1553 719 1788 787 σάρκας
1829 716 1982 769 πάν-

391 835 509 872 των
526 817 644 870 τῶν
673 817 1008 882 ἐλευθέρων
1029 833 1094 868 τε
1116 813 1214 867 καὶ
1235 813 1492 877 δούλων,
1513 810 1612 863 καὶ
1634 807 1865 877 μικρῶν
1886 806 1985 858 καί

389 909 687 981 μεγάλων.
722 906 834 961 Καὶ
867 903 1033 959 εἶδον
1087 908 1152 958 τὸ
1207 905 1420 972 θηρίον
1443 903 1542 955 καὶ
1609 901 1752 966 τοὺς
1797 900 1986 962 βασι-

388 1001 514 1068 λεῖς
547 1001 661 1069 τῆς
691 999 825 1069 γῆς,
855 998 954 1052 καὶ
979 998 1051 1051 τὰ
1076 997 1496 1066 στρατεύματα
1511 993 1712 1049 αὐτῶν
1749 1008 1982 1059 συνηγ-

2083 632 2144 677 et.
2179 628 2366 676 cantes
2398 637 2654 692 equorum
2683 628 2732 674 et
2787 619 3080 674 sedentium
3110 618 3163 673 in
3197 621 3348 688 ipsis,
3380 631 3427 673 et
3482 637 3667 674 carnes

2086 714 2323 766 omnium
2352 711 2637 764 liberorum
2671 707 2833 763 simul
2862 725 2926 761 ac
2954 723 3246 767 servorum.
3275 717 3323 759 et
3353 706 3671 776 pusillorum

2085 813 2134 856 et
2159 818 2497 872 magnorum.
2531 799 2600 853 Et
2630 801 2735 854 vidi
2771 801 2994 854 bestiam
3023 812 3070 853 et
3102 817 3242 871 reges
3271 810 3427 854 terrm
3447 811 3494 853 et
3516 815 3670 854 exer-

2090 897 2228 949 citus
2263 911 2446 948 eorum
2472 903 2814 965 congregatos
2844 893 2912 945 ad
2940 894 3241 961 faciendum
3276 893 3522 962 pra'lium
3549 909 3672 946 cum

2091 1005 2150 1042 eo
2183 990 2274 1058 qui
2302 988 2515 1041 sedebat
2548 989 2605 1039 iu
2635 1002 2766 1055 equo
2804 996 2852 1038 et
2885 1001 3003 1038 cum
3043 986 3278 1039 exercitu
3305 986 3492 1052 ipsius.

383 1093 537 1164 μένα
566 1089 816 1159 ποιῆσαι
855 1091 965 1145 τὸν
999 1090 1267 1158 πόλεμον
1325 1091 1475 1158 μετὰ
1543 1087 1653 1140 τοῦ
1700 1081 2046 1150 καθημένου
2084 1080 2183 1132 ἐπὶ
2260 1078 2369 1131 τοῦ
2427 1081 2616 1132 ἵππου
2683 1076 2782 1129 καὶ
2837 1074 2990 1144 μετὰ
3048 1076 3155 1128 τοῦ
3219 1077 3668 1146 στρατεύματος

388 1202 595 1242 αυτου.

464 1281 576 1350 Τὴν
647 1275 952 1348 ἐναλλαγὴν
1018 1277 1128 1329 τῶν
1195 1275 1452 1346 φθαρτῶν
1536 1285 1674 1346 προς
1763 1270 1976 1340 ἀφθαρ-

394 1372 516 1426 σίαν
549 1372 644 1426 καὶ
674 1372 773 1442 τὴν
804 1369 944 1439 πρὸς
1003 1368 1162 1435 ἀξίαν
1208 1369 1426 1438 ἑκάστῳ
1482 1366 1827 1436 ἀπονέμησιν
1870 1361 1983 1414 τῶν

395 1465 576 1536 ἔργων
607 1466 682 1527 ὡς
723 1462 827 1516 ὑπὸ
859 1463 1262 1532 στρατηγικαῖς
1307 1460 1605 1530 δυνάμεσιν
1643 1456 1984 1524 ὲξοπλισθεῖι

398 1574 501 1610 σαν
527 1556 626 1611 καὶ
659 1554 1080 1624 ἑτοιμασθεῖσαν
1103 1553 1175 1607 τὰ
1223 1552 1567 1623 προκείμενα
1596 1549 1858 1622 παριστᾷ.
1893 1545 1985 1599 Διὸ

395 1649 493 1701 καὶ
522 1647 754 1716 ἄγγελον
779 1647 922 1700 θεῖον
951 1647 1190 1717 παράγει
1220 1647 1277 1698 ἐν
1306 1644 1386 1714 τῷ
1409 1645 1546 1715 ἡλίῳ
1579 1641 1812 1704 ἑστῶτα,
1839 1641 1984 1694 θεῖον

397 1739 679 1810 κέλευσμά
708 1739 1097 1809 ἐμφανέστατα
1113 1736 1486 1807 διοικούμενον
1531 1733 1626 1788 καὶ
1658 1734 1732 1797 ὡς
1763 1734 1819 1786 ὲν
1842 1732 1982 1803 φωτὶ

2153 1259 2547 1313 Demonstrant
2581 1270 2702 1326 qua:
2753 1266 3136 1325 praponuntur
3161 1256 3518 1312 mutationem
3546 1275 3670 1315 cor-

2086 1349 2440 1421 ruptibilium
2474 1347 2543 1402 ad
2578 1347 3073 1416 incorruptionem,
3119 1356 3174 1402 et
3215 1363 3336 1418 quae
3366 1350 3532 1405 veluti
3569 1353 3672 1408 sub

2089 1442 2422 1499 militaribus
2478 1439 2850 1510 potestatibus
2922 1440 3140 1510 penitus
3197 1453 3406 1496 armata
3453 1444 3558 1510 sit,
3609 1461 3674 1501 ac

2088 1544 2400 1608 praeparata
2434 1533 2502 1588 ad
2531 1532 2754 1603 dignam
2799 1532 3218 1606 retributionem
3272 1549 3370 1603 pro
3407 1535 3676 1606 cujusque

2093 1627 2361 1699 operibus
2396 1643 2410 1680 :
2449 1625 2574 1680 ideo
2606 1639 2831 1695 quoque
2863 1623 3112 1680 divinum
3157 1625 3411 1694 angelum
3437 1637 3676 1684 stantem

2096 1721 2150 1774 in
2182 1721 2299 1775 sole
2327 1719 2607 1790 producit,
2640 1717 2737 1788 qui
2789 1717 3038 1773 divinum
3074 1729 3406 1789 praeceptum
3447 1721 3680 1775 manife-

396 1831 467 1883 τὰ
530 1808 807 1901 σωτήρια
858 1829 1213 1900 διαδηλοῦντα
1267 1829 1362 1882 καὶ
1397 1825 1812 1894 ὲξαγγέλλοντα.
1877 1822 1988 1876 Καὶ

2094 1810 2342 1866 stissime
2365 1809 2586 1864 ordinet
2613 1825 2679 1864 ac
2700 1808 3069 1875 administrct,
3096 1816 3151 1863 et
3183 1818 3446 1881 tanquam
3475 1810 3528 1864 in
3561 1811 3682 1866 luce

391 1919 592 1991 ἐπειδὴ
625 1919 693 1972 τὰ
724 1919 844 1973 θεῖα
889 1917 1246 1987 διατιθέμενα
1304 1917 1768 1986 κεχρημάτισται,
1799 1912 1985 1983 ὄχημα

398 2010 576 2081 τούτῳ
604 2013 637 2080 ὴ
671 2009 1017 2080 ἀποκάλυψις
1066 2007 1411 2078 ὑποτίθησιν,
1440 2007 1524 2059 ὄτι
1547 2005 1684 2076 μηδὲ
1718 2001 1985 2075 τηλαυγέ-

403 2119 595 2174 στερον
625 2103 754 2157 ἀλλο
783 2103 894 2156 τῶν
913 2101 1125 2173 ὁρατῶν
1145 2097 1294 2171 εἶχεν
1325 2101 1472 2170 ἐρεῖν
1493 2100 1522 2152 ὁ
1544 2097 1689 2151 θεῖον
1707 2095 1988 2164 κέλευσμά.

399 2195 481 2257 εἰς
505 2194 736 2262 ἄγγελον
759 2192 1134 2257 διατυπώσας,
1156 2193 1250 2246 καὶ
1270 2191 1710 2264 στρατοκήρυκος
1734 2187 1881 2258 αὐτῷ
1895 2187 1988 2254 ὲγ-

397 2284 634 2355 χειρίζει
653 2284 960 2355 ἐνέργειαν,
977 2283 1391 2356 δραστικωτὲρᾳ
1407 2281 1620 2352 προόδῳ
1638 2277 1989 2352 πραγμάτων

395 2378 702 2449 χρώμενος.
737 2378 910 2432 Τοῦτο
941 2378 1052 2450 γὰρ
1099 2377 1350 2449 βούλεται
1406 2376 1703 2446 παριστᾷν,
1755 2375 1790 2444 ἡ
1845 2369 1986 2442 μετὰ

407 2471 659 2542 κραυγῆς
685 2471 896 2541 μεγάλη
927 2471 1105 2542 φωνή.
1139 2470 1251 2532 Τὰς
1291 2470 1348 2524 δὲ
1399 2470 1458 2523 ἐν
1509 2466 1986 2548 μεσουρανήματι,

399 2564 569 2617 οἱονεὶ
589 2565 689 2626 τὰς
714 2563 826 2618 τῶν
867 2564 1043 2632 ἁγίων
1071 2563 1220 2629 λέγει
1248 2561 1449 2633 ψυχὰς,
1501 2560 1559 2614 αἳ
1611 2559 1721 2613 τῶν
1781 2572 1988 2628 χαμαι-

401 2656 584 2726 ζήλων
631 2659 1038 2722 ἀπαναστᾶσαι,
1069 2659 1214 2711 κατὰ
1262 2656 1472 2710 Παῦλον
1531 2655 1624 2710 τὸν
1677 2655 1878 2725 μέγαν,
1905 2649 1989 2713 εἰς

401 2746 710 2816 ἀπάντησιν
738 2747 834 2800 τοῦ
885 2748 1094 2816 Κυρίου
1122 2746 1393 2818 χωροῦσιν
1417 2747 1496 2811 εἰς
1521 2744 1682 2817 ἀέρα.

475 2948 675 3012 Δεῦτε,
719 2946 1068 3017 συνάχθητε
1127 2947 1216 3012 εἰς
1258 2944 1338 2999 -τό
1392 2944 1663 3001 δεῖπνον.
1719 2947 1984 3015 Δεῖπνον,

404 3039 523 3093 ἀλλ’
547 3040 610 3092 οὗ
641 3037 885 3108 πόλεμον
929 3039 1081 3108 λέγει
1126 3038 1229 3108 τὴν
1276 3038 1417 3107 μετά
1478 3037 1591 3092 τῶν
1646 3038 1992 3109 ἁμαρτωλῶν

399 3129 515 3185 τῶν
540 3131 767 3185 δικαίων
796 3130 1179 3195 ἀντεξέτασιν·
1214 3128 1338 3182 ἐπεὶ
1377 3127 1472 3181 καὶ
1513 3126 1688 3190 οὕτως
1719 3127 1856 3199 ἔχει.
1892 3127 1990 3192 Τίς

401 3223 516 3295 γὰρ
563 3224 643 3294 τῷ
679 3223 886 3295 ἰσχυρῷ
933 3222 1120 3286 ἱκανὸς
1179 3219 1606 3292 ἀντιφέρεσθαι;
1680 3220 1744 3272 Ei
1772 3220 1821 3274 δ’
1877 3219 1986 3290 ἄρα
2017 3247 2064 3309 c

405 3317 507 3367 καὶ
561 3314 800 3385 πόλεμος
831 3314 1074 3384 εἴρηται,
1136 3312 1276 3383 πρὸς
1323 3312 1425 3380 τὴν
1481 3311 1594 3364 τῶν
1648 3311 1993 3382 ἁμαρτωλῶν

409 3404 587 3477 ὁρμὴν
617 3405 872 3476 εἰρῆσθαί
894 3421 1099 3476 φαμεν,
1143 3403 1206 3457 οὐ
1243 3401 1379 3473 πρὸς
1412 3401 1547 3456 αὐτὸ
1571 3401 1634 3456 τὸ
1665 3401 1848 3473 ἔργον.
1880 3402 1994 3455 Δεῖ-

402 3514 541 3552 πνον
571 3498 630 3552 δὲ
686 3498 826 3561 ὅλως
888 3498 1130 3568 εἴρηται,
1178 3495 1241 3548 τὸ
1306 3492 1722 3567 προηγούμενον
1777 3493 1988 3564 θέλημα

401 3591 501 3645 τοῦ
528 3591 689 3657 Θεοῦ,
721 3590 749 3644 ὃ
780 3592 876 3644 καὶ
901 3589 1122 3642 εὐδοκία
1150 3589 1388 3657 λέγεται,
1412 3588 1507 3640 καὶ
1534 3585 1751 3640 δεῖπνον
1795 3585 1992 3656 τριπό-

399 3684 568 3752 θητον
595 3685 658 3737 τὸ
687 3684 895 3746 πάντας
933 3681 1259 3752 ἀνθρώπους
1311 3679 1555 3750 σωθῆναι
1607 3678 1705 3732 καὶ
1739 3679 1820 3743 εἰς
1864 3677 1990 3733 Etti-

400 3793 610 3847 γνωσιν
639 3775 906 3848 ἀληθείας·
935 3774 1135 3828 ἐλθεῖν.

479 3872 614 3925 Ἵνα
641 3868 869 3938 φάγητε
900 3867 1138 3934 σάρκας
1185 3865 1520 3932 βασιλέων.
1565 3865 1782 3938 Βρῶσιν
1836 3864 1994 3920 καλεῖ

399 3965 505 4035 τὴν
531 3965 626 4016 ἐπὶ
653 3966 719 4033 τῇ
754 3963 893 4033 πρὸς
920 3960 1080 4026 ἀξίαν
1107 3961 1216 4014 τῶν
1265 3959 1620 4030 βεϐιωμένων
1653 3959 1988 4026 ἀντέκτισιν,

398 4057 434 4110 δ
456 4059 550 4112 καὶ
583 4057 821 4126 Χαναὰμ
841 4051 984 4108 οἶδεν
1020 4055 1272 4125 ἐμποιεῖν
1303 4054 1418 4116 τοῖς
1450 4051 1526 4123 μὴ
1562 4049 1986 4121 συναπαχθεῖσι.

401 4149 480 4203 Τὸ
506 4149 563 4202 δὲ
595 4149 804 4220 σάρκας
838 4146 1103 4218 βασιλέων
1123 4147 1218 4200 καὶ
1239 4144 1560 4214 χιλιάρχων,
1592 4143 1688 4196 καὶ
1722 4142 1984 4213 ἰσχυρῶν,

404 4241 505 4296 καὶ
533 4241 742 4304 ἵππων,
798 4240 894 4293 καὶ
921 4238 1230 4304 ἀναϐατῶν,
1273 4240 1460 4290 ἐκεῖνα
1518 4235 1667 4303 λέγει
1706 4235 1988 4305 τροπικῶς

397 4333 476 4387 τὰ
512 4332 643 4403 περὶ
675 4331 710 4385 ἂ
737 4329 1004 4402 ἐμπαθῶς
1033 4331 1323 4400 ἐσχήκασι,
1360 4327 1564 4396 σπουδῇ
1599 4326 1769 4397 πάσῃ,
1814 4325 1991 4378 ταῦτα

406 4422 552 4494 μόνα
586 4424 828 4492 οἰόμενοι
857 4419 955 4486 τῆς
990 4417 1338 4489 ἀνθρωπίνης
1400 4414 1548 4483 ζωῆς
1593 4412 1907 4475 ὑπόστασιν,
1952 4409 1989 4463 ἃ

397 4517 501 4568 καὶ
525 4510 824 4583 ἀφανισμῷ
854 4507 1290 4582 παραπεμφθείη
1325 4508 1394 4576 τῇ
1425 4502 1520 4556 τοῦ
1544 4503 1825 4572 ἀφθάρτου
1868 4501 1986 4568 βίου

2091 1918 2214 1973 quae
2289 1902 2554 1958 salutaria
2617 1909 2751 1957 sunt
2805 1901 3078 1970 signiﬁcet
3132 1910 3188 1956 et
3239 1902 3581 1957 annuntiet:
3625 1912 3681 1958 et

2090 1992 2354 2064 quoniam
2387 1992 2577 2047 divina
2620 1990 2904 2061 pr0posita
2952 1990 3177 2044 oraculo
3211 1989 3338 2044 data
3387 1999 3536 2056 sunt,
3589 2006 3682 2046 rc-

2091 2085 2296 2140 velatio
2375 2083 2550 2140 solem
2608 2083 2872 2153 supponit
2932 2081 3036 2152 ipsi
3099 2082 3412 2137 vehiculum
3470 2101 3486 2137 :
3542 2085 3682 2140 nihil

2091 2187 2274 2234 autem
2312 2177 2455 2232 inter
2481 2192 2544 2232 ea
2581 2191 2705 2247 qua:
2733 2176 2989 2231 videntur
3019 2175 3204 2230 dicere
3229 2176 3408 2245 potuit
3438 2176 3681 2246 splendi-

2092 2267 2217 2322 dius
2253 2267 2299 2322 is
2346 2266 2440 2338 qui
2474 2265 2725 2321 divinum
2775 2266 2992 2335 jussum
3049 2264 3104 2318 in
3156 2265 3354 2334 angelo
3402 2265 3680 2337 ﬁguravit.

2089 2357 2362 2415 Praeterea
2387 2358 2682 2415 eilicaeiori
2711 2375 2895 2415 rerum
2935 2370 3101 2416 utens
3134 2375 3450 2432 progressu,
3478 2376 3678 2432 opera-

2094 2453 2296 2507 tionem
2326 2452 2427 2522 ipsi
2451 2453 2617 2508 tradit
2646 2455 2916 2523 praeconis
2946 2454 3224 2508 exercitus
3253 2472 3268 2509 :
3299 2469 3428 2508 nam
3457 2454 3562 2510 hoc
3583 2453 3680 2510 de-

2096 2545 2319 2617 signare
2343 2547 2461 2601 vult
2484 2563 2589 2602 vox
2620 2562 2747 2602 cum
2772 2561 2971 2617 magno
3000 2547 3262 2602 clamore.
3291 2546 3588 2616 Caeterum,
3622 2548 3679 2603 in

2093 2639 2280 2694 medio
2304 2639 2429 2694 οωιὶ
2449 2647 2579 2694 sunt
2601 2647 2916 2694 sanctorum
2941 2639 3161 2705 animae,
3192 2655 3316 2710 quae
3338 2641 3682 2696 discedentes

2093 2744 2125 2784 a
2153 2727 2434 2800 depressis
2468 2728 2620 2783 humi
2657 2728 2846 2792 rebus,
2875 2729 3032 2800 juxta
3064 2745 3323 2799 magnum
3347 2730 3498 2784 illum
3539 2731 3683 2786 Pau-
3739 2773 3743 2775 .

2093 2821 2206 2878 lum
2261 2813 2568 2892 procedunt
2606 2821 2674 2877 ad
2717 2823 3122 2878 occurrendum
3158 2823 3392 2878 Domino
3437 2824 3493 2878 in
3530 2839 3679 2879 aera.

2169 2915 2579 2986 Cangregamiui
2612 2915 2684 2969 ad
2721 2932 2945 2970 caenam.
2980 2916 3208 2972 Coenam
3244 2917 3412 2988 809
3441 2927 3602 2974 vocat
3629 2927 3685 2973 ct

2095 3023 2202 3063 non
2237 3007 2465 3076 bellum,
2519 3007 2898 3064 resistentiam
2943 3009 3221 3078 iustorum
3252 3009 3522 3065 adversus
3555 3025 3682 3080 pec-

2098 3109 2339 3166 catores,
2371 3101 2634 3172 quoniam
2662 3101 2740 3156 ita
2766 3116 2825 3156 se
2856 3116 2943 3156 res
2970 3101 3134 3156 habet
3159 3117 3173 3153 :
3207 3101 3331 3170 quis
3356 3103 3503 3156 enim
3528 3103 3682 3156 sulli-

2098 3193 2252 3247 ciens
2301 3201 2389 3248 est
2426 3195 2496 3248 ad
2562 3193 2929 3249 resistendum
2987 3193 3158 3248 forti?
3210 3194 3361 3264 quod
3410 3193 3456 3248 si
3514 3195 3680 3250 ctiam

2096 3282 2298 3337 bellum
2343 3282 2553 3339 dictum
2602 3284 2694 3350 sit,
2755 3283 2936 3353 quoad
2994 3283 3259 3353 impetum
3326 3293 3677 3354 peccatorum

2095 3373 2302 3430 factum
2367 3389 2495 3432 esse
2545 3375 2802 3440 dicimus,
2845 3386 2899 3430 et
2943 3391 3054 3430 non
3085 3377 3266 3446 quoad
3309 3391 3424 3432 rem
3477 3376 3678 3447 ipsam.

2094 3465 2269 3522 Porro
2296 3481 2454 3523 coena
2475 3468 2702 3523 omnino
2725 3467 2870 3523 dicta
2894 3477 2980 3524 est
3008 3468 3326 3539 praecedens
3354 3468 3449 3525 Dei
3479 3469 3678 3524 volun-

2096 3569 2205 3625 tas,
2257 3574 2382 3630 quae
2428 3571 2484 3616 et
2543 3561 2946 3632 beneplacitum
3011 3561 3360 3632 appellatur:
3409 3571 3466 3617 et
3518 3578 3677 3619 eterra

2104 3651 2480 3724 optatissima,
2528 3669 2731 3725 nempe
2761 3663 2825 3708 ut
2853 3669 3048 3709 omnes
3068 3655 3320 3710 homines
3354 3655 3490 3710 salvi
3522 3654 3677 3719 ﬁant,

2098 3752 2153 3798 et
2177 3743 2245 3799 ad
2286 3745 2624 3815 agnitionem
2658 3744 2906 3800 veritatis
2928 3745 3174 3800 veniant.

2170 3836 2237 3890 Ut
2271 3839 2561 3893 comedetis
2607 3855 2791 3895 carnes
2832 3855 3035 3910 regum.
3069 3840 3476 3896 Comestionem
3520 3853 3682 3898 vocat

2095 3932 2316 4004 dignam
2359 3933 2630 3989 factorum
2657 3933 3103 3997 retributionem,
3128 3936 3274 4003 quod
3304 3946 3358 3990 et
3395 3934 3677 3990 Chanaam

2097 4025 2252 4080 novit
2291 4025 2591 4081 immittere
2629 4025 2714 4080 his
2755 4026 2848 4096 qui
2886 4039 2996 4080 non
3031 4034 3160 4080 sunt
3192 4042 3300 4080 una
3331 4027 3516 4081 delati.
3541 4026 3681 4083 Car-

2096 4131 2195 4171 nes
2257 4126 2442 4172 autem
2499 4133 2690 4187 regum
2731 4127 2782 4172 et
2826 4119 3177 4172 tribunorum
3243 4127 3298 4172 et
3345 4118 3572 4173 fortium
3625 4128 3682 4174 et

2095 4224 2365 4278 equorum
2420 4219 2474 4264 et
2523 4224 2888 4264 ascensorum
2925 4225 3140 4274 eorum,
3185 4209 3390 4280 tropice
3419 4211 3509 4264 illa
3547 4211 3683 4266 dicit

2093 4304 2241 4358 circa
2278 4318 2401 4372 qua:
2436 4313 2550 4357 toto
2599 4302 2784 4358 studio
2820 4302 2999 4358 aﬂ'o-cti
3034 4311 3212 4367 erant,
3253 4303 3369 4358 sola
3413 4304 3528 4359 hate
3562 4320 3680 4374 pu-

2095 4403 2270 4449 tantes
2299 4410 2424 4450 cssc
2461 4395 2717 4450 humana:
2745 4394 2868 4448 vitae
2896 4393 3334 4459 consiste-titiam,
3359 4412 3480 4466 qua:
3510 4400 3675 4453 etiam

2093 4487 2145 4541 in
2189 4487 2474 4541 interitum
2512 4485 2866 4550 amittuntur,
2903 4501 3133 4540 accessu
3171 4486 3495 4546 deliciarum
3554 4489 3680 4543 vita:

396 4579 644 4678 εὐωχικῇ
674 4579 1271 4675 ἐπιδημίᾳνπ-Ἅλλως
1293 4599 1362 4651 ἐκ
1384 4596 1501 4650 τῶν
1530 4596 1635 4649 τοῦ
1680 4592 1986 4661 Ἀνδρέου·

2096 4579 2548 4648 incorruptibilis.
2583 4609 2656 4622 -—
2695 4579 2814 4632 Alio
2846 4579 3000 4632 modo
3045 4594 3111 4632 ex
3140 4580 3373 4633 Audrca.
3409 4579 3510 4635 Per
3556 4598 3679 4637 car-

392 4701 502 4752 Διά
543 4699 642 4769 τῆς
683 4696 939 4768 βρώσεως
985 4693 1095 4746 τῶν
1147 4690 1370 4762 σαρκῶν
1417 4687 1743 4758 σημαίνεται
1801 4687 1832 4737 ὀ
1872 4684 1983 4736 τῶν

395 4791 682 4864 σαρκικῶν
715 4790 935 4843 πάντων
963 4783 1273 4856 ἀφανισμδς
1297 4784 1390 4837 καὶ
1414 4783 1448 4852 ἡ
1474 4781 1583 4835 τῶν
1625 4777 1871 4849 ἀρχικῶν
1892 4778 1984 4829 ἐπὶ

391 4884 504 4956 γῆς
540 4882 823 4952 ὀνομάτων
871 4879 1136 4948 ἔκλειψις.
1181 4875 1397 4929 Ἵππων
1455 4873 1513 4926 δὲ
1563 4871 1837 4942 μέμνηται
1888 4871 1985 4939 οὐχ

388 4978 474 5040 ὡς
496 4975 677 5031 αὐτῶν
734 4973 1220 5043 ἀναστησομὲνων,
1257 4968 1394 5022 ἀλλὰ
1421 4966 1511 5019 διὰ
1556 4965 1658 5035 μὲν
1686 4962 1894 5016 τούτων
1949 4961 1984 5033 ἢ

385 5073 524 5134 τοὺς
545 5069 1010 5144 [γυναικομανεῖς,
1029 5065 1060 5134 ἢ
1080 5062 1231 5134 τοὺς]
1246 5058 1655 5128 ὑποδεδηκότας
1676 5058 1735 5111 ἐν
1753 5055 1988 5128 πονηρίᾳ

384 5164 430 5236 ἦ
456 5165 548 5217 καὶ
575 5163 888 5233 ἀμφότερα,
917 5160 1005 5213 διὰ
1025 5158 1081 5211 δὲ
1105 5158 1213 5210 τῶν
1239 5151 1540 5213 ἐπιϐατῶν,
1568 5150 1695 5212 τοὺς
1715 5150 1774 5202 ἐν
1813 5147 1983 5220 κακίᾳ

389 5249 739 5322 προῦχοντας
775 5248 1166 5318 αἰνιττόμενος.
1221 5245 1286 5298 ’0
1316 5243 1410 5295 καὶ
1459 5238 1818 5311 παρακατιὼν
1857 5239 1986 5290 ἐσα-

388 5345 627 5415 φήνισεν
657 5341 850 5405 εἰπὼν,
891 5337 1256 5406 Ἐλευθέρων
1285 5352 1349 5389 τε
1371 5333 1468 5387 καὶ
1499 5333 1758 5396 δούλων,
1789 5329 1984 5400 μεγά-

387 5442 524 5494 λων
557 5436 653 5490 καὶ
689 5434 942 5506 μικρῶν·
985 5432 1074 5486 διὰ
1108 5430 1209 5502 μὲν
1230 5429 1339 5482 τῶν
1365 5425 1667 5496 ἐλευθέρων
1687 5424 1780 5477 καὶ
1817 5422 1987 5495 μεγά-

384 5533 504 5585 λων
573 5530 702 5592 τοὺς
773 5526 976 5596 μᾶλλον
1057 5518 1486 5590 ὲξουσιαστικῶς
1541 5517 1982 5588 ἁμαρτάνοντας,

385 5624 482 5679 διὰ
504 5623 560 5675 δὲ
594 5622 702 5677 τῶν
731 5621 934 5674 δούλων
963 5616 1062 5672 καὶ
1105 5616 1320 5689 μικρῶν
1359 5614 1487 5678 τοὺς
1520 5607 1686 5685 ἦττον
1722 5612 1986 5681 πλημμε-

387 5717 646 5782 λοῦντας,
683 5715 716 5787 ἢ
762 5714 906 5769 κατὰ
947 5711 1196 5783 γνώμην,
1241 5710 1275 5782 ῆ
1319 5707 1464 5762 κατὰ
1497 5706 1736 5779 ἠλικίαν,
1769 5703 1804 5775 ἢ
1847 5703 1987 5758 κατὰ

389 5811 711 5870 ἀσθένειαν.

470 5909 579 5964 Kal
611 5906 777 5962 εἶδον
824 5905 891 5960 τὸ
931 5905 1143 5975 θηρίον
1192 5902 1292 5958 καὶ
1358 5900 1502 5968 τοὺς
1543 5895 1829 5966 βασιλεῖς
1879 5892 1987 5965 τῆς

782 6007 1052 6069 ΡΑτιιοῐι.
1099 6006 1217 6065 Gn.
1251 6003 1413 6066 CVI.

2097 4671 2248 4724 nium
2289 4686 2446 4726 csum
2487 4669 2833 4740 signiﬁcatur
2884 4670 3138 4725 interitus
3189 4671 3438 4725 omnium
3481 4687 3680 4727 carna-

2093 4764 2249 4830 lium,
2309 4771 2364 4817 et
2407 4761 2655 4818 defectus
2716 4762 3132 4834 magniﬁcorum
3202 4764 3490 4818 nominum
3554 4781 3678 4836 quae

2092 4866 2224 4912 sunt
2267 4859 2324 4913 in
2362 4866 2531 4913 terra.
2565 4857 2842 4926 Equorum
2887 4873 3016 4911 vero
3072 4857 3346 4921 meminit,
3386 4873 3494 4912 non
3529 4861 3676 4927 quod

2093 4951 2148 5005 hi
2184 4959 2496 5022 resurgant.
2530 4949 2627 5005 sed
2658 4965 2756 5020 per
2800 4949 2922 5013 hos,
2949 4959 3043 5004 aut
3083 4964 3179 5004 eos
3213 4949 3464 5021 designat
3491 4952 3585 5017 qui
3622 4951 3672 5004 in

2091 5041 2327 5097 feminas
2358 5050 2710 5108 exarserunt,
2755 5051 2850 5096 aut
2887 5043 2980 5110 qui
3031 5042 3085 5095 in
3138 5041 3343 5096 malitia
3401 5043 3679 5110 vixerunt,

2095 5144 2192 5190 aut
2229 5134 2397 5189 etiam
2429 5141 2718 5203 utrosque.
2759 5131 2860 5186 Per
2899 5146 3226 5186 aseensores
3262 5147 3414 5200 vero,
3455 5147 3550 5186 eos
3580 5135 3673 5202 qui

2091 5229 2146 5284 in
2178 5228 2449 5299 pravitate
2473 5235 2850 5282 excesserunt.
2888 5224 3042 5290 Quod
3086 5227 3250 5279 etiam
3292 5226 3344 5279 in
3377 5239 3672 5295 pregressu

2093 5321 2510 5383 manifestavit.
2562 5320 2756 5376 dicens
2813 5338 2827 5375 :
2890 5317 3202 5372 Liberorum
3269 5328 3318 5371 et
3379 5334 3672 5381 servorum,

2091 5431 2406 5486 magnorum
2445 5426 2494 5468 et
2532 5411 2856 5483 pusillorum
2888 5426 2906 5464 :
2940 5426 3036 5481 per
3087 5411 3293 5466 liberos
3341 5409 3563 5480 quidem
3621 5420 3678 5465 ct

2091 5525 2327 5582 magnos
2357 5507 2676 5581 signiﬁcans
2725 5521 2821 5562 eos
2873 5506 2968 5578 qui
3002 5503 3200 5574 majori
3237 5512 3510 5574 potestate
3547 5519 3678 5574 pec-

2091 5618 2243 5672 cant,
2281 5621 2378 5677 per
2417 5618 2608 5661 servos
2653 5618 2786 5658 vero
2814 5609 2872 5658 et
2914 5600 3169 5673 pusillos,
3219 5613 3318 5655 eos
3364 5599 3458 5670 qui
3491 5599 3676 5656 minus

2089 5701 2446 5770 delinquunt,
2468 5707 2566 5754 aut
2586 5705 2814 5768 propter
2837 5695 3131 5767 judicium,
3165 5703 3262 5750 aut
3291 5701 3511 5765 propter
3541 5702 3677 5748 arta-

2091 5799 2226 5855 tem.
2253 5800 2348 5845 aut
2381 5797 2602 5860 propter
2625 5787 3079 5844 imbecillitatem.

2162 5891 2231 5945 Et
2266 5886 2374 5941 vidi
2406 5885 2630 5942 bestiam
2673 5893 2720 5937 et
2769 5897 2912 5953 reges
2954 5889 3132 5946 terra',
3162 5889 3210 5934 et
3265 5877 3530 5933 exercitus
3581 5891 3672 5932 co-

3304 5976 3385 6038 21s
