4164 6450
491 392 588 458 751

1336 386 1665 448 ARETI-L‘E
1704 388 2084 448 C/ESAREjE
2120 390 2603 452 CAPPADOCUE
2640 391 2978 453 EPISCOPI

3655 392 3767 464 ’152

388 538 391 539 ν
490 507 711 580 quando
751 502 1043 559 diversitas
1100 501 1154 554 in
1209 499 1342 568 ipsis
1377 499 1720 568 conspicitur
1768 501 2069 555 secundum

2177 504 2375 569 γενῶν,
2397 505 2526 556 ὅταν
2555 503 2793 573 διαφορά
2819 507 2878 556 ὲν
2905 503 3092 567 αὐτοῖς
3111 504 3308 574 ὁρᾶται
3335 507 3477 561 κατά
3495 506 3556 560 τὸ
3584 511 3765 581 χεῖρον

492 602 647 672 pejus
677 615 740 654 ac
787 598 1003 658 melius,
1041 593 1135 660 qui
1169 590 1342 661 pejori
1389 591 1773 657 adhaeserunt,
1807 608 1913 647 non
1950 594 2071 646 vnl—

491 694 605 764 gari
636 690 783 760 digni
813 697 940 744 sunt
966 685 1260 754 supplicio,
1292 684 1421 753 quia
1453 683 1539 738 sui
1567 685 1785 754 generis
1822 685 2073 740 homines

493 802 598 840 non
640 792 766 839 sunt
799 779 1039 834 :emulati
1077 787 1220 831 recte
1253 777 1551 844 operando.
1587 773 1862 831 Judicium
1911 777 2074 845 igitur

491 880 625 949 ipsis
670 876 855 928 datum
892 885 1037 932 esse.
1072 869 1125 924 id
1155 878 1260 931 est,
1298 876 1358 922 ut
1388 871 1822 922 condemnarent
1851 885 1866 922 :
1913 869 2070 938 quasi

489 985 597 1023 non
631 965 809 1020 solum
839 961 1086 1014 volentes
1132 957 1415 1013 Christum
1456 957 1596 1012 bene
1633 959 1700 1012 de
1736 958 1871 1028 ipsis
1905 960 2073 1012 meri-

490 1070 602 1114 tum
632 1052 858 1116 imitari,
891 1049 1212 1120 prophetica
1248 1047 1528 1118 sequendo
1556 1036 1803 1114 oracula,
1833 1049 1928 1104 sed
1957 1049 2070 1119 jam

490 1150 755 1204 adversus
775 1145 876 1198 hos
900 1140 1121 1212 quoque
1144 1140 1424 1211 progredi.
1454 1141 1824 1196 Condemnari
1855 1158 2074 1213 quoque

487 1242 619 1295 dicit
647 1238 770 1291 illos
799 1237 869 1290 ob
899 1236 1108 1289 animas
1135 1233 1528 1288 deeollatorum
1566 1244 1788 1306 promer
1818 1235 2072 1290 testimo-

487 1334 638 1386 nium
688 1327 842 1392 Jesu,
876 1335 931 1381 et.
971 1337 1190 1396 propter
1225 1339 1535 1380 sermonem
1569 1307 1790 1391 Dei,'id
1823 1335 1940 1393 est,
1977 1329 2071 1398 qui

485 1428 708 1490 propter
742 1418 900 1472 ﬁdem
934 1416 988 1470 in
1029 1414 1200 1469 Deum
1247 1415 1630 1470 sustinuerunt
1663 1427 1894 1472 mortem
1927 1417 2074 1474 ferro

487 1514 719 1567 illatam.
748 1510 855 1564 Aut
886 1509 1050 1563 etiam
1079 1508 1312 1578 ﬁgurate
1344 1507 1420 1562 ait
1443 1507 1743 1565 deeollatos
1775 1509 1968 1576 fuisse,
2006 1515 2072 1566 «te

484 1604 572 1659 his
601 1605 694 1674 qui
725 1599 1192 1656 mortiﬁcaverunt
1225 1599 1472 1654 membra
1505 1616 1603 1656 sua
1635 1617 1759 1672 qua:
1786 1613 1946 1659 erant
1974 1620 2070 1659 su-

525 1709 582 1747 CI‘
614 1703 840 1747 terram.

485 1709 582 1762 per
614 1709 840 1747 terram.

559 1784 630 1837 Et
671 1799 774 1836 non
803 1789 1112 1850 acceperunt
1150 1782 1532 1836 characterem.
1574 1781 1872 1838 Character
1902 1784 2069 1855 813

2175 593 2271 645 καὶ
2294 592 2525 660 βέλτιον,
2552 593 2603 645 οἱ
2634 592 2709 662 τῷ
2739 594 2945 662 χείρονι
2973 593 3307 664 ἐνεχόμενοι,
3340 595 3402 647 οὐ
3447 597 3546 667 τῆς
3572 598 3766 669 τυχού-

2178 699 2275 752 σης
2315 683 2455 748 ἄξιοι
2489 684 2782 754 τιμωρίας,
2817 685 2899 736 ὅτι
2936 683 3012 755 μὴ
3039 686 3152 748 τοῖς
3182 686 3502 754 ὀμογενέσιν
3544 690 3767 760 ἐναμίλ-

2174 771 2376 825 λῶνται
2403 775 2841 843 κατωρθοκότες.
2877 775 3070 845 Κρῖμα
3099 776 3280 828 τοίνυν
3312 776 3533 846 δοθῆναι
3579 781 3764 844 αὐτοῖς

2175 861 2297 915 ἀντὶ
2332 862 2426 915 τοῦ
2460 865 2835 935 κατακρίνειν,
2867 863 2940 928 ὼς
2970 865 3046 936 μὴ
3081 867 3242 935 μόνον
3278 866 3650 938 ἐθελήσαντας
3684 872 3764 941 τῷ

2177 953 2441 1026 εὐεργέτῃ
2468 956 2688 1027 Χριστῷ
2713 956 3081 1027 ἀκολουθῆσαι
3111 959 3220 1022 τοῖς
3245 963 3605 1030 προφητικοῐς
3634 963 3764 1016 ἐπό-

2179 1061 2331 1114 μενοι
2381 1050 2672 1117 χρησμοῖς,
2720 1048 2833 1102 ἀλλ’
2865 1049 2966 1120 ἤδη
3030 1049 3127 1102 καὶ
3174 1050 3506 1114 ἀπεναντίας
3557 1053 3765 1106 τούτων

2175 1134 2446 1204 χωρῆσαι.
2493 1136 2906 1209 Κατακριθῆναι
2963 1139 3020 1192 δὲ
3073 1140 3168 1192 καὶ
3196 1139 3284 1193 διὰ
3321 1139 3420 1204 τὰς
3447 1142 3626 1213 ψυχὰς
3657 1144 3764 1196 τῶν

2177 1225 2659 1295 πεπελεκισμένων
2701 1228 2790 1282 διὰ
2821 1230 2922 1301 τὴν
2971 1231 3282 1301 μαρτυρίαν
3331 1232 3506 1297 Ἰησοῦ
3554 1235 3650 1287 καὶ
3676 1235 3764 1290 διὰ

2173 1317 2267 1370 τὸν
2297 1318 2454 1386 λόγον
2492 1319 2586 1372 τοῦ
2636 1321 2793 1387 Θεοῦ,
2824 1323 3094 1387 τουτέστι,
3123 1323 3213 1377 διὰ
3243 1323 3342 1392 τὴν
3371 1326 3450 1388 είς
3483 1326 3616 1380 Θεὸν
3669 1329 3764 1380 πί-

2177 1424 2314 1473 στιν,
2341 1411 2537 1475 οἶτινες
2562 1412 2653 1464 τὸν
2678 1412 2768 1466 διά
2800 1415 3024 1484 σιδήρου
3056 1415 3376 1486 ὑπήνεγκαν
3405 1417 3658 1473 θάνατον.
3691 1421 3763 1472 Ἦ

2174 1501 2269 1553 καὶ
2318 1504 2597 1572 τροπικῶς
2624 1504 2684 1557 τὸ
2728 1505 3194 1575 ππελεκισθῆναι
3230 1506 3360 1576 περὶ
3397 1507 3507 1562 τῶν
3555 1525 3764 1580 νεκρω-

2175 1596 2386 1650 σάντων
2415 1596 2482 1650 τὰ
2513 1596 2648 1667 μέλη
2682 1596 2890 1652 ἑαυτῶν
2920 1598 2990 1651 τὰ
3017 1598 3111 1651 ἐπὶ
3141 1600 3240 1670 τῆς
3270 1599 3396 1669 γῆς.

2245 1772 2355 1823 Και
2379 1787 2490 1824 ουκ
2515 1771 2738 1825 ἔλαϐον
2764 1773 2829 1826 τὸ
2872 1773 3165 1844 χάραγμα.
3201 1775 3276 1828 Τδ
3304 1777 3588 1847 χάραγμα,
3618 1778 3760 1846 γνώο

484 1875 814 1946 cognitionis
843 1874 1103 1928 indicium
1130 1883 1215 1928 est
1236 1913 1250 1936 ,
1291 1874 1589 1928 secundum
1619 1873 1767 1943 quod
1797 1874 1961 1928 etiam
2003 1843 2070 1930 «ἦ

2179 1862 2352 1932 ρισμά
2380 1881 2529 1934 φησι.
2582 1863 2734 1918 Καθδ
2766 1866 2860 1918 καὶ⁵
2885 1867 2978 1920 ἐπὶ
3006 1843 3102 1920 τοῦ
3135 1843 3388 1938 Χριστοὖί
3424 1843 3642 1940 είρηται
3673 1872 3758 1938 τὸ,

484 1969 705 2023 Christo
731 1967 937 2021 dictum
965 1973 1049 2021 est
1080 1983 1095 2020 :
1147 1984 1166 2016 ι
1207 1965 1492 2035 Signatum
1524 1974 1610 2021 est
1640 1981 1806 2036 super
1844 1983 1946 2022 nos
1979 1967 2066 2021 ln-

484 2074 608 2112 men
639 2057 822 2111 vultus
853 2057 952 2121 tui,
987 2054 1214 2110 Domine
1237 2055 1306 2119 ³⁸,
1359 2073 1379 2108 ι
1414 2055 1888 2121 Quemadmodum
1917 2058 2064 2112 enim

483 2164 648 2218 super
683 2147 875 2202 faciem
906 2161 1231 2214 expressum
1279 2154 1364 2200 est
1404 2146 1588 2200 lumen
1624 2147 1680 2200 i‘n
1719 2147 1938 2217 signum
1973 2164 2067 2203 co-

481 2240 780 2310 gnosrendi
821 2239 1030 2294 amicos
1059 2239 1190 2305 Dei,
1224 2239 1299 2292 ita
1332 2239 1384 2290 in
1423 2238 1604 2308 impiis
1633 2238 1970 2308 impudentia
2010 2244 2064 2294 in

479 2331 756 2387 frontibus
801 2329 1156 2398 imprimitur,
1207 2329 1335 2383 dum
1380 2329 1500 2383 sine
1549 2329 1660 2383 ulla
1693 2331 2062 2388 occultatione

479 2424 563 2479 vel
611 2425 815 2494 pudore
883 2423 1270 2476 demonstrant
1321 2422 1646 2490 qualesnam
1691 2423 1846 2478 sint:
1896 2433 2062 2494 utque

477 2518 584 2571 hoc
611 2513 962 2570 manifestius
993 2521 1085 2581 sit,
1115 2512 1374 2568 absurdis
1399 2513 1516 2568 suis
1551 2513 1812 2583 operibus
1841 2515 2057 2584 signum

475 2607 608 2660 illud
637 2605 1009 2660 conﬁrmant:
1047 2618 1248 2658 manus
1291 2603 1437 2657 enim
1473 2603 1744 2658 actionem
1774 2605 2058 2677 designat,

475 2693 935 2765 quemadmodum
982 2700 1036 2745 et
1077 2706 1171 2760 pes
1200 2699 1406 2745 certam
1452 2690 1753 2746 ﬁnitionem
1787 2706 1851 2747 ac
1894 2709 2057 2764 regu-

476 2788 607 2848 lam,
652 2785 810 2854 juxta
845 2783 977 2837 illud
1012 2782 1160 2853 quod
1213 2781 1421 2837 dictum
1468 2790 1600 2837 est:
1657 2801 1675 2834 ι
1717 2781 1835 2838 Non
1877 2785 2062 2838 veniat

475 2878 608 2931 mihi
645 2892 740 2946 pes
786 2875 1077 2946 superbire,
1109 2884 1163 2928 et
1212 2889 1406 2929 manus
1449 2875 1758 2944 peccatoris
1787 2890 1894 2930 non
1941 2892 2057 2931 mo-

474 2979 597 3024 vent
641 2985 726 3022 me
752 2968 818 3023 ⁸⁸.
861 2988 881 3020 ι
940 2967 1212 3033 Quoniam
1267 2981 1398 3034 ergo
1443 2967 1498 3022 hi
1552 2981 1660 3021 non
1697 2979 1828 3022 sunt
1875 2969 2054 3039 capti,

473 3075 652 3129 neque
681 3075 775 3129 per
803 3059 1217 3129 ,impnduntiam
1264 3057 1525 3128 insignati
1560 3058 1724 3124 malo,
1759 3074 1936 3129 neque
1963 3076 2057 3129 per

472 3167 659 3220 Opera,
694 3150 891 3204 merito
922 3159 975 3203 et
1003 3150 1330 3204 vixeruntct
1357 3158 1661 3219 regnarunt
1684 3165 1807 3204 cum
1837 3151 2056 3207 Christo

473 3257 650 3311 usque
687 3241 752 3293 ad
794 3238 1329 3293 consummationem
1369 3238 1579 3294 saeculi.
1625 3237 1760 3292 Nam
1805 3238 1949 3294 sicut
1979 3243 2058 3293 vi-

471 3337 686 3396 demus,
710 3331 813 3385 sub
834 3329 1059 3397 regibus
1080 3343 1302 3398 quoque
1337 3328 1591 3385 ﬁdelibus
1627 3343 1690 3384 ac
1719 3330 2058 3400 principibus

474 3426 524 3478 hi
562 3425 653 3494 qui
689 3423 944 3487 adorant,
971 3420 1138 3474 etiam
1173 3421 1439 3475 adversus
1467 3435 1685 3475 omnem
1716 3423 2054 3491 corporalem

473 3517 904 3574 imbecillitatem
932 3523 988 3570 et
1015 3514 1411 3569 daemoniacam
1447 3514 1846 3584 operationem,
1877 3524 2058 3568 osten-

467 3612 607 3666 dunt
637 3613 820 3666 datam
873 3624 902 3662 a
947 3605 1058 3660 Deo
1087 3606 1341 3674 gratiam.
1373 3604 1668 3672 Quoniam,
1703 3606 1900 3674 inquit,
1948 3622 2054 3659 non

467 3707 836 3757 adoraverunt
865 3698 1100 3753 bestiam
1153 3706 1208 3752 et
1253 3699 1546 3765 imaginem
1587 3698 1729 3768 ejus,
1773 3707 2054 3769 propterea

469 3795 634 3847 etiam
673 3794 950 3856 vixerunt,
983 3787 1088 3842 hoc
1115 3795 1232 3849 est,
1263 3787 1562 3842 viventium
1595 3803 1762 3859 opera
1795 3804 2057 3844 exercue-

472 3895 621 3945 runt,
650 3881 1040 3937 miraculorum
1075 3880 1334 3936 videlicet
1363 3880 1731 3951 operationes.
1762 3881 1933 3936 Porro
1962 3883 2053 3937 bc-

470 3975 630 4030 stiam
659 3983 714 4030 et
745 3973 1040 4044 imaginem
1070 3971 1263 4028 bestia:
1289 3979 1344 4027 et
1370 3971 1667 4028 draconem
1698 3972 1829 4028 dicit
1859 3973 2053 4029 diabo-

471 4071 581 4122 lum
614 4077 670 4123 et
694 4067 1092 4122 Antichristum
1131 4078 1195 4121 ac
1227 4065 1786 4136 pseudoprophetam.

1035 4157 1267 4216 CAPUT
1319 4159 1480 4217 LXII.

511 4278 644 4346 Qua:
679 4281 748 4334 sit
786 4279 960 4348 prima
994 4279 1329 4343 resurrectio,
1359 4287 1408 4330 et
1443 4293 1559 4347 quae
1586 4278 1817 4332 secunda
1851 4294 1994 4333 mors

532 4457 651 4522 XX,
694 4457 747 4522 5,
778 4456 831 4510 6.
863 4455 1058 4512 theri
1095 4470 1213 4510 vero
1252 4457 1448 4508 mortui
1483 4473 1582 4509 non
1615 4458 1856 4511 vixerunt
1888 4463 2051 4512 donec

2179 1973 2198 2006 ι
2247 1954 2592 2025 Ἐσημειώθη
2623 1956 2707 2027 ἐφ’
2737 1959 2886 2028 ἡμᾶς
2912 1959 2974 2012 τὸ
3006 1959 3122 2029 φῶς
3152 1961 3246 2014 τοῦ
3292 1960 3586 2032 προσώπου
3623 1980 3716 2016 σου
3739 2003 3758 2030 ,

2174 2048 2366 2118 Κύριε.
2409 2067 2428 2100 ι
2484 2048 2574 2112 Ὠς
2606 2049 2716 2122 γὰρ
2749 2051 2868 2104 ἐκεῖ
2901 2054 2993 2105 ἐπὶ
3044 2053 3106 2105 τὺ
3153 2053 3447 2122 πρόσωπον
3507 2055 3623 2123 φῶς
3676 2059 3758 2120 εἰς

2173 2139 2463 2208 γνώρισμα
2501 2141 2610 2194 τῶν
2656 2140 2920 2210 θεοφιλῶν
2969 2144 3389 2212 ἐνσημαίνεται,
3443 2145 3617 2209 οὕτως
3664 2148 3760 2200 ἐπὶ

2171 2232 2280 2285 τῶν
2312 2233 2525 2286 ἀσεϐῶν
2570 2235 2818 2288 ἀναίδεια
2865 2235 2960 2287 ἐπὶ
3013 2235 3121 2288 τῶν
3171 2235 3440 2304 μετώπων
3484 2237 3758 2308 ἐγχαράτ-

2170 2339 2345 2386 τεται,
2389 2323 2874 2394 ἀπαρακαλύπτως
2899 2325 2996 2378 καὶ
3031 2326 3412 2390 ἀνυποστόλως
3453 2328 3754 2396 ἐμφανιζο-

2173 2412 2354 2482 μένων
2393 2412 2569 2466 ὁποῖοί
2599 2413 2746 2477 τινές
2793 2415 2950 2467 εἰσιν.
3005 2412 3114 2467 Καὶ
3154 2414 3242 2467 ἴνα
3280 2413 3439 2468 τοῦτο
3487 2417 3756 2484 ἐμφαντι-

2171 2501 2411 2572 κώτερον
2436 2497 2493 2574 ᾖ,
2550 2503 2670 2564 ταῖς
2722 2501 2946 2566 ἀτόποις
2997 2501 3103 2555 τῶν
3142 2501 3354 2556 ἑαυτῶν
3391 2503 3647 2573 πράξεων
3693 2502 3755 2556 τὸ

2168 2595 2456 2665 γνώρισμα
2475 2593 2815 2649 ἐϐεϐαίωσαν
2835 2611 2851 2625 ·
2882 2593 2918 2664 ἡ
2945 2594 3067 2666 χεὶρ
3089 2593 3197 2668 γὰρ
3221 2594 3320 2666 τὴν
3349 2580 3550 2664 πρᾶξιν
3580 2595 3752 2650 αίνίτο

2168 2703 2342 2750 τεται,
2376 2686 2565 2758 ὥσπερ
2592 2687 2686 2742 καὶ
2713 2688 2742 2740 ὁ
2771 2686 2908 2749 ποῦς
2936 2687 3030 2740 τὸν
3051 2687 3304 2757 ὁρισμὸν,
3343 2685 3478 2740 καθὸ
3501 2687 3750 2758 εἴρηται·

2174 2797 2192 2830 ι
2229 2779 2321 2849 Μὴ
2347 2777 2548 2832 ἐλθέτω
2576 2795 2666 2848 μοι
2699 2777 2835 2844 ποῦς
2858 2778 3261 2848 ὑπερηφανίας,
3289 2780 3382 2831 καὶ
3411 2779 3532 2849 χεὶρ
3564 2779 3750 2849 ἀμαρ-

2166 2869 2337 2922 τωλοῦ
2388 2869 2463 2940 μὴ
2510 2869 2760 2923 σαλεύσει
2805 2886 2895 2940 με.
2936 2889 2953 2921 ι
3001 2870 3157 2923 Ἐπεὶ
3206 2869 3299 2924 οὖν
3349 2871 3448 2941 οὐχ
3503 2870 3752 2925 ἑάλωσαν

2166 2956 2332 3026 οὗτοι,
2366 2961 2489 3015 οὔτε
2532 2960 2598 3014 δι’
2639 2960 2916 3025 ἀναιδείας
2955 2961 3348 3033 ἐντυπούμενοι
3379 2961 3458 3032 τῷ
3493 2963 3749 3034 πονηρῷ¹,

2164 3055 2288 3110 οὔτε
2317 3057 2384 3110 δι’
2413 3057 2613 3127 ἔργων,
2648 3056 2876 3118 εἰκότως
2905 3055 3003 3109 καὶ
3037 3057 3238 3126 ἔζησαν
3265 3057 3361 3110 καὶ
3390 3045 3750 3110 ἐϐασίλευσαν

2169 3149 2306 3217 μετὰ
2333 3148 2592 3220 Χριστοῦ,
2626 3148 2755 3220 ἄχρι
2790 3148 3102 3212 συντελείας
3130 3147 3224 3202 τοῦ
3258 3149 3476 3214 αἰῶνος.
3521 3148 3609 3214 Ὦς
3637 3150 3746 3220 γὰρ

2161 3239 2398 3308 ὁρῶμεν,
2447 3241 2542 3294 καὶ
2585 3241 2690 3294 ὑπὸ
2739 3239 3006 3310 βασιλέων
3059 3241 3268 3295 πιστῶν
3321 3242 3417 3295 καὶ
3468 3243 3750 3312 ἀρχόντων

2161 3331 2650 3402 προσκυνούμενοι,
2697 3333 2793 3385 καὶ
2829 3331 2972 3385 κατὰ
3019 3333 3200 3403 πάσης
3236 3334 3556 3403 σωματικῆς
3582 3334 3746 3387 ἀσθε-

2159 3422 2306 3486 νείας
2337 3424 2432 3477 καὶ
2461 3423 2780 3494 δαιμονικῆς
2825 3425 3102 3494 ἐνεργείας
3149 3423 3248 3495 τὴν
3280 3423 3558 3478 θεόσδοτον
3587 3427 3746 3497 χάριν

2161 3515 2582 3569 ἐπιδείκνυνται.
2627 3516 2779 3568 Ἐπεὶ
2811 3515 2942 3585 γὰρ.
2993 3515 3180 3587 φησιν,
3217 3514 3278 3568 οὑ
3327 3507 3745 3587 προσεκύνησαν

2158 3609 2235 3680 τῷ
2259 3611 2433 3682 θηρίῳ
2461 3611 2557 3665 καὶ
2585 3614 2651 3684 τῇ
2681 3611 2850 3665 εἰκόνι
2876 3612 3064 3677 αὐτοῦ,
3095 3611 3184 3665 διὰ
3213 3611 3373 3666 τοῦτο
3401 3614 3492 3666 καὶ⁵
3517 3613 3740 3684 ἔζησαν,

2159 3705 2428 3768 τουτέστι,
2468 3701 2689 3766 ζώντων
2726 3704 2863 3776 ἔργα
2896 3705 3232 3776 ὲνήργησαν,
3266 3704 3365 3768 τὰς
3396 3704 3741 3775 θαυματουρ-

2159 3792 2286 3861 γίας
2317 3791 2583 3862 δηλονότι.
2630 3793 2831 3864 Θηρίον
2859 3793 2920 3847 δὲ
2963 3794 3058 3847 καὶ
3089 3793 3275 3847 εἰκόνα
3305 3793 3400 3846 τοῦ
3428 3793 3617 3864 θηρίου
3647 3794 3742 3847 καὶ

2157 3883 2427 3954 δράκοντα
2476 3884 2565 3939 τὸν
2611 3885 2858 3939 διάϐολόν
2907 3903 3043 3958 φησι
3084 3884 3302 3940 καὶτὸν
3349 3886 3737 3957 Ἀντίχριστον,

2158 3977 2254 4030 καὶ
2283 3976 2374 4030 τὸν
2402 3976 2878 4048 ψευδοπροφήτην.

2737 4157 2986 4210 ΚΕΦΔΛ.
3031 4155 3150 4210 EB’.

2161 4271 2224 4325 Ti
2245 4271 2416 4326 ἐστιν
2446 4272 2485 4341 ἡ
2528 4271 2728 4341 πρώτη
2759 4272 3121 4397 magmate,
3153 4271 3252 4327 καὶ
3281 4263 3370 4340 τίς
3399 4273 3430 4328 ὁ
3462 4273 3737 4342 δεύτερος

2923 4360 3086 4397 ατορ.

2923 4360 3086 4409 ατος.

2227 4455 2334 4510 Καὶ
2363 4455 2418 4508 οἱ
2452 4453 2650 4508 λοιποί
2678 4451 2800 4508 τῶν
2823 4452 3054 4522 νεκρῶν
3094 4455 3208 4508 οὐκ
3235 4452 3461 4520 ἔζησαν
3484 4455 3622 4524 ἄχρι
3647 4473 3712 4510 τε

460 4557 892 4603 consummentur
915 4547 1059 4599 mille
1076 4547 1227 4600 anui.
1251 4545 1377 4600 Haec
1402 4556 1479 4599 est
1506 4549 1821 4601 resurrectio
1847 4550 2042 4617 prima.
2073 4536 2080 4595 ἶ

2164 4548 2344 4616 ιεσθῇ
2380 4548 2451 4601 τὰ
2476 4549 2644 4618 χίλια
2667 4547 2794 4614 ἐτη.
2823 4547 2985 4614 Αὕτη
3017 4547 3056 4614 ἡ
3083 4547 3424 4612 ἀνάστασις
3451 4548 3490 4615 ἠ
3513 4548 3754 4617 πρώτη.“

461 4639 659 4693 Beatus
687 4649 734 4692 et
767 4647 985 4692 sanctus
1019 4637 1111 4706 qui
1147 4637 1301 4689 habet
1327 4648 1535 4706 partem
1567 4640 1618 4690 iu
1663 4641 2048 4696 resurrectione

459 4730 656 4797 prima.
689 4727 752 4781 In
798 4727 879 4780 his
914 4723 1146 4779 secunda
1182 4741 1323 4779 mors
1368 4741 1470 4780 non
1499 4725 1654 4781 habet
1689 4737 2046 4796 potestatem:

459 4819 550 4873 sed
593 4827 748 4874 erunt
805 4817 1100 4871 sacerdotes
1142 4816 1235 4869 Dei
1283 4825 1334 4868 et
1377 4815 1614 4885 Christi,
1671 4830 1719 4874 et
1756 4821 2045 4890 regnabant

457 4926 578 4966 cum
611 4909 704 4964 illo
730 4907 876 4963 mille
907 4907 1084 4964 annis.

524 5093 770 5149 Mortuus
792 5101 972 5161 vocat,
999 5095 1092 5164 qui
1115 5093 1167 5149 in
1192 5094 1574 5152 incredulitate
1593 5109 2035 5168 permanserunt.

454 5185 924 5252 Quemadmodum
956 5187 1103 5240 enim
1145 5185 1282 5242 duas
1331 5202 1456 5244 esse
1486 5188 1649 5251 vitas,
1698 5189 1774 5244 ita
1815 5200 1869 5245 et
1899 5192 2037 5246 duas

453 5286 660 5332 mortes
695 5277 810 5352 sive
836 5277 1292 5333 mortiﬁcationes
1318 5293 1382 5334 ex
1419 5280 1600 5334 divina
1635 5279 1918 5352 Scriptura
1949 5283 2044 5337 do-

452 5383 664 5423 ecmur.
702 5367 797 5422 Est
835 5368 1004 5438 igitur
1035 5369 1187 5439 prior
1218 5371 1327 5424 vita
1358 5373 1679 5441 temporalis
1704 5387 1770 5427 ac
1797 5374 2039 5430 carnalis

449 5470 576 5529 post
633 5461 892 5530 praecepti
943 5462 1480 5531 transgressionem,
1526 5462 1695 5536 814
1748 5479 1871 5534 quae
1906 5480 2036 5520 vero

2145 4641 2450 4709 Μακάριος
2484 4642 2580 4694 καὶ
2611 4640 2782 4710 ἅγιος
2814 4643 2847 4694 ό
2877 4641 3035 4710 ἔχων
3056 4642 3241 4710 μέρος
3267 4643 3338 4696 ἐν
3365 4640 3440 4710 τῇ
3471 4642 3735 4697 ἀναστά-

2145 4748 2244 4786 σει
2275 4731 2351 4802 τῇ
2395 4732 2618 4800 πρώτῃ.
2662 4731 2795 4786 Ἐπὶ
2825 4734 3054 4786 τούτων
3084 4735 3116 4786 ό
3145 4733 3426 4802 δεύτερος
3475 4733 3730 4802 θάνατος

2144 4831 2256 4884 οὐκ
2282 4829 2407 4896 ἔχει
2442 4828 2758 4892 ἐξουσίαν,
2787 4827 2927 4884 ἀλλ’
2955 4829 3199 4883 ἔσονται
3239 4830 3416 4898 ἱερεῖς
3443 4832 3550 4887 τοῦ
3583 4833 3731 4886 Θεοῦ

2145 4921 2246 4975 καὶ
2285 4921 2391 4974 τοῦ
2437 4920 2720 4988 Χριστοῦ,
2764 4919 2864 4974 καὶ
2892 4921 3350 4985 βασιλεύσουσι
3377 4926 3508 4994 μετ’
3542 4924 3730 4978 αὐτοῦ

2149 5014 2317 5082 χΙλια
2354 5011 2478 5080 ἐτη.

2217 5104 2468 5176 Νεκροὺς
2517 5103 2575 5158 δέ
2624 5104 2779 5159 καλεῖ
2832 5103 2959 5166 τοὺς
2993 5106 3050 5157 ἐν
3095 5107 3160 5176 τῇ
3201 5105 3430 5176 ἀπιστίᾳ
3490 5121 3729 5175 μεμενη-

2146 5194 2332 5256 κότας.
2352 5193 2564 5263 ’Ὠσπερ
2586 5194 2696 5264 γὰρ
2723 5192 2816 5246 δύο
2851 5191 3176 5260 ζωὰς,οὒτω
3207 5193 3303 5246 καὶ
3328 5191 3422 5246 δύο
3442 5191 3722 5259 θανάτους,

2142 5289 2312 5356 ἤγουν
2342 5286 2641 5356 νεκρώσεις
2685 5287 2750 5338 ἐκ
2780 5285 2880 5354 τῆς
2908 5285 3060 5348 θείας
3089 5285 3314 5356 Γραφῆς
3335 5285 3722 5356 διδασκόμεθα,

2145 5374 2336 5427 Ἔστιν
2381 5369 2476 5427 οὖν
2504 5375 2538 5444 ἡ
2576 5374 2676 5444 μὲν
2710 5375 2902 5445 πρώτη
2937 5374 3052 5446 ζωὴ
3099 5376 3132 5446 ὴ
3170 5375 3307 5446 μετά
3336 5374 3482 5448 [τὴν]
3507 5377 3605 5448 τῆς
3638 5377 3728 5428 ἐν·

2139 5465 2300 5534 τολῆς
2323 5465 2638 5534 παράϐασιν
2665 5465 3003 5537 πρόσκαιρος
3028 5466 3122 5520 καὶ
3145 5465 3404 5537 σαρκικὴ,
3437 5467 3470 5537 ἡ
3500 5465 3556 5519 δὲ
3587 5468 3728 5537 μετὰ

453 5561 574 5618 post
615 5551 1055 5606 observationem
1091 5563 1490 5623 praeceptormn
1529 5555 1887 5625 promittitur,
1920 5557 2030 5612 vita

2164 5558 2239 5628 ςὴν
2307 5557 2467 5613 θείων
2547 5559 2782 5613 ἐντολῶν
2845 5561 3081 5632 τήρησιν
3147 5558 3535 5630 ἐπηγγελμένη
3614 5557 3730 5626 ζωὴ

453 5653 657 5697 aeterna
686 5652 789 5698 est.
835 5643 982 5699 Mors
1015 5658 1238 5716 quoque
1272 5647 1522 5702 similiter
1551 5656 1634 5703 est
1665 5649 1862 5720 duplex
1894 5667 1908 5706 :
1961 5649 2042 5705 al-

2164 5651 2379 5717 ιῑώνιος.
2413 5651 2524 5706 Καὶ
2553 5650 2775 5710 θάνατοι
2803 5651 2858 5706 δὲ
2897 5651 3099 5724 ὁμοίως
3124 5651 3247 5707 δύο·
3277 5653 3306 5706 ὁ
3336 5651 3437 5723 μὲν
3463 5648 3728 5726 σαρκικδς

520 5795 570 5829 ⁸⁸
600 5795 746 5850 Psal.
779 5812 850 5865 ιν,
885 5798 937 5855 7.
1017 5801 1061 5832 "
1095 5799 1244 5858 Psal.
1279 5820 1439 5872 xxxv,
1483 5806 1563 5859 12.
