4164 6414
378 416 487 484 753

1439 424 1804 486 COMMENT
1845 424 1926 486 IN
1967 422 2500 487 APOCALYPSIN.

3520 417 3627 480 751

377 527 473 580 καὶ
504 524 862 597 πρόσκαιρος,
885 526 914 579 6
938 525 996 580 δὲ
1016 525 1084 580 δι’
1111 527 1528 600 ἁμαρτημάτων
1550 530 1758 584 ἔκτισιν
1787 531 1845 583 ὲν
1877 529 1958 600 τῷ

2065 535 2176 580 tera
2218 525 2438 595 quidem
2475 521 2716 598 carnalis
2758 534 2823 574 ac
2857 518 3208 588 temporalis;
3247 533 3370 586 quae
3403 537 3530 576 vero
3565 525 3635 577 ob

381 618 629 688 μέλλοντι
665 617 823 671 αἰῶνι
850 619 1215 690 ἑπαγόμενος,
1247 620 1602 692 ἀτελεύτητος
1632 623 1726 675 καὶ
1757 622 1952 686 ἀΐδιος,

379 709 515 778 ὅπερ
545 708 695 761 ἐστὶν
717 709 750 778 ή
777 710 873 762 τοῦ
895 711 1068 780 πυρὸς
1093 711 1306 778 γέεννα.
1353 711 1512 766 Ἀλλά
1540 729 1602 780 γε
1624 713 1717 766 καὶ
1746 712 1955 782 νεκρῶν

378 798 644 870 διαφοράς
669 798 1045 870 γινώσκομενο
1075 804 1124 854 οἰ
1157 803 1255 871 μὲν
1286 804 1530 872 φευκτοί,
1561 804 1690 873 περί
1716 796 1792 856 ὧν
1819 821 1954 874 φησι

382 887 477 940 καὶ
496 891 525 942 6
545 891 854 960 προφήτης
877 892 940 944 Ol
967 891 1024 945 δὲ
1039 894 1223 959 νεκροὶ
1246 892 1392 964 ζωὴν
1409 895 1471 946 οὐ
1496 894 1572 966 μὴ
1596 895 1799 948 ἴδωσινο
1825 897 1874 947 οἰ
1897 895 1954 948 δὲ

381 980 678 1042 ἑπαινετοὶ,
698 982 748 1032 οἰ
771 980 862 1034 διὰ
890 981 1127 1052 Χριστὸν
1151 984 1250 1047 τὰς
1269 983 1565 1053 ήδυπαθεϊς
1582 985 1678 1038 τοῦ
1702 985 1957 1056 σώματος

380 1069 616 1141 πράξεις
643 1069 1088 1137 ἀποκτιννύντες,
1121 1073 1221 1142 τὴν
1255 1073 1522 1144 νέκρωσιν
1550 1073 1648 1128 τοῦ
1694 1074 1868 1145 Ἰησοῦ
1899 1078 1956 1129 ὲν

377 1161 456 1231 τῷ
485 1161 702 1231 σώματι
733 1162 1148 1233 περιφέροντες.
1194 1165 1257 1217 Ἦ
1293 1165 1348 1217 δὲ
1376 1165 1608 1234 δευτέρα
1635 1165 1954 1232 ἀνάστασις,

380 1253 414 1321 ή
445 1251 706 1322 καθολική
742 1255 856 1305 ἐστι
883 1253 989 1305 τῶν
1021 1253 1310 1323 σωμάτων,
1333 1256 1454 1325 ἥτις
1481 1255 1775 1320 ἀνάστασις
1811 1257 1954 1328 ἀρχὴ

379 1341 478 1411 τῆς
504 1340 802 1413 μελλούσης
829 1343 1015 1406 αὐτοῖς
1035 1343 1308 1408 κολάσεως
1330 1344 1566 1412 γίνεται.
1591 1347 1746 1400 Κατά
1769 1347 1826 1400 δὲ
1847 1349 1957 1400 τῶν

379 1431 479 1504 τὴν
522 1432 745 1505 πρώτην
786 1435 1293 1505 εὐδαιμονησάντων
1338 1437 1634 1491 ἀνάστασιν
1687 1442 1788 1492 οὐκ
1843 1439 1958 1508 ἔχει

381 1523 632 1589 ἐξουσίαν
649 1527 678 1578 6
694 1525 946 1596 δεύτερος
966 1527 1077 1580 ἀπὸ
1105 1527 1206 1596 τῆς
1223 1529 1500 1600 ἁμαρτίας
1523 1530 1661 1600 πρὸς
1686 1533 1960 1601 τιμωρίαν

381 1613 767 1666 ἀποκαθιστῶν
800 1613 1050 1677 θάνατος,
1085 1614 1200 1668 ἀλλ’
1231 1614 1446 1668 ἔσονται
1481 1618 1646 1686 ἱερεῖς
1678 1615 1773 1669 τοῦ
1821 1617 1959 1670 Θεοῦ

380 1707 477 1760 καὶ
509 1707 603 1760 τοῦ
638 1709 898 1779 Χριστοῦ.
927 1709 1088 1763 Χίλια
1115 1710 1192 1773 δὲ,
1226 1712 1288 1764 οὐ
1317 1711 1384 1764 τὰ
1412 1710 1490 1781 τῷ
1524 1711 1708 1765 δεκάδι
1738 1712 1960 1784 ἀριθμῷ

379 1795 472 1848 τὸν
501 1797 700 1850 ἑκατὸν
724 1799 1146 1869 συντελούμενα.
1171 1800 1286 1853 ἀλλ’
1316 1802 1502 1872 ἐπειδὴ
1525 1805 1552 1856 ὁ
1579 1803 1804 1868 δέκατος
1834 1805 1959 1875 ἀρι-

380 1886 518 1957 θμὸς
557 1889 773 1958 πρῶτος
807 1860 1040 1961 ἀριθμδς
1082 1892 1288 1956 τέλειος
1316 1895 1380 1946 ὲκ
1422 1860 1666 1963 μονάδων
1701 1860 1952 1968 συνέστη,
1991 1860 2034 1914 Β

379 1975 498 2030 εἶτα
526 1979 688 2033 πάλιν
703 1981 868 2043 αὐτὸς
888 1981 965 2050 τῷ
997 1981 1266 2054 δεκαδικῷ
1286 1984 1614 2055 διαστήματι
1640 1987 1732 2041 τὸν
1763 1989 1957 2042 ἑκατὸν

382 2071 701 2138 ἀπετέλεσε,
729 2075 824 2126 καὶ
849 2073 1033 2140 πάλιν,
1063 2068 1220 2138 οὗτος
1247 2078 1338 2130 ἐπὶ
1364 2078 1474 2131 τῶν
1501 2079 1633 2132 δέκα
1680 2082 1958 2136 πολυπλαο

383 2162 625 2225 σιασθεὶς
651 2163 761 2216 ἀπὸ
792 2165 996 2220 τούτων
1025 2169 1124 2236 τὴν
1151 2169 1354 2238 σωρίδα
1382 2170 1476 2222 τοῦ
1507 2171 1654 2241 χίλια
1693 2175 1962 2243 συνεστή-

383 2268 513 2304 σατο
539 2254 602 2306 ὲκ
631 2254 838 2307 τελείου
869 2256 1008 2326 πρὸς
1037 2257 1371 2328 τελειότερον
1406 2262 1776 2332 καταντήσας,
1807 2264 1958 2317 εἰκό-

383 2360 488 2406 τως
520 2344 598 2414 τῷ
631 2345 920 2416 ὐπερτελεῖ
965 2347 1084 2418 Θεῷ
1122 2349 1182 2401 τὸ
1217 2350 1420 2404 τέλειον
1444 2352 1546 2422 τῆς
1577 2353 1716 2422 μετά
1745 2355 1960 2424 ἀνθρώ-

386 2451 504 2486 πων
566 2437 955 2509 συνδιατρι6ῆς
1017 2439 1374 2510 ἀφωρίσατο,
1437 2442 1536 2513 οὐχ
1596 2444 1678 2497 ὅτι
1744 2445 1960 2509 πάντως

384 2525 638 2580 τοσοῦτον
688 2529 768 2600 τῷ
808 2529 1062 2601 ἀριθμῷ,
1125 2531 1260 2584 ἀλλὰ
1305 2532 1392 2586 διά
1421 2532 1516 2586 τοῦ
1566 2535 1774 2588 τελείου
1804 2535 1961 2590 τοῦτο

385 2617 719 2687 ἐμφανίζων,
763 2621 838 2683 ὡς
888 2624 998 2676 πᾶν
1047 2623 1076 2676 ὃ
1126 2623 1190 2678 ἂν
1223 2623 1415 2694 χρόνου
1470 2626 1748 2698 διάστημα
1791 2627 1960 2692 διεξο-

383 2711 550 2784 δευθῇ
581 2716 717 2784 μετὰ
745 2715 844 2785 τῆς
869 2715 1172 2786 ἀνθρώπων
1194 2717 1289 2771 τοῦ
1323 2719 1561 2792 Χριστοῦ
1595 2737 1960 2792 συναναστρο-

385 2805 514 2876 φῆς,
548 2806 648 2860 οὑκ
675 2805 742 2861 ἂν
763 2807 920 2862 τοῦτο
942 2809 1020 2873 τῷ
1046 2811 1228 2864 ἀτελεί
1248 2812 1678 2884 προσνεμηθείη.

961 3011 1214 3068 ΚΕΦΑΛ.
1266 3011 1382 3067 El".

760 3126 898 3196 Περὶ
930 3127 1035 3182 τοῦ
1063 3128 1201 3199 Γὼγ
1229 3130 1325 3183 καί
1350 3131 1589 3202 Μαγώγ.

2060 619 2436 685 repensioncm
2485 622 2829 683 peccatorum
2872 612 2925 665 ln
2963 611 3150 666 futuro
3179 612 3382 666 saeculo
3423 612 3638 667 induci-

2059 718 2169 771 tur,
2203 710 2530 776 sempiterna
2561 715 2643 759 est
2665 714 2719 758 et
2743 704 2849 758 line
2881 718 3100 767 carens,
3124 718 3244 773 qua:
3274 713 3359 758 est
3384 703 3634 773 gehenna

2059 800 2221 862 ignis.
2270 797 2374 851 Sed
2411 806 2466 850 et
2518 806 2858 850 mortuorum
2906 795 3278 849 diversitatem
3339 795 3630 863 cognosci-

2060 906 2183 944 mus
2211 907 2226 945 :
2258 890 2347 943 alii
2376 889 2598 958 quidem
2634 887 2870 955 fugiendi
2902 894 3052 951 sunt,
3079 887 3146 940 de
3174 887 3378 956 quibus
3403 887 3476 940 ait
3507 886 3636 940 Pro-

2059 983 2218 1049 pheta
2251 999 2264 1035 :
2319 981 2512 1034 Mortui
2545 982 2710 1033 vitam
2760 994 2867 1032 non
2898 977 3120 1032 videant
3159 995 3174 1032 :
3225 978 3315 1032 alii
3351 993 3481 1033 vero
3519 980 3637 1031 lau-

2058 1071 2244 1131 dandi,
2278 1071 2369 1140 qui
2404 1081 2626 1140 propter
2667 1068 2946 1123 Christum
2999 1069 3353 1139 voluptuosas
3387 1070 3635 1137 corporis

2059 1163 2406 1231 operationes
2447 1163 2842 1221 interimentes,
2893 1161 3370 1215 mortiﬁcationem
3417 1160 3544 1215 Jesu
3579 1160 3632 1214 in

2059 1267 2288 1321 corpore
2329 1252 2747 1306 circumferunt.
2788 1250 2964 1306 Porro
3016 1252 3254 1306 secunda
3305 1253 3636 1308 resurrectio

2061 1344 2386 1400 universalis
2424 1352 2508 1396 est
2551 1358 2872 1412 corporum,
2915 1351 3037 1412 qtae
3087 1344 3419 1398 resurrectio
3467 1343 3633 1399 futuri

2061 1433 2315 1505 supplicii
2375 1433 2511 1502 ipsis
2566 1432 2798 1487 edicitur
2861 1433 3102 1486 initium.
3165 1434 3446 1488 Adversus
3513 1435 3634 1489 illos

2061 1539 2242 1582 autem
2269 1526 2360 1596 qui
2393 1526 2559 1595 priori
2591 1524 2990 1578 resurrectione
3020 1523 3309 1578 bcatillcati
3345 1534 3494 1585 sunt.
3525 1541 3634 1578 non

2062 1618 2225 1674 habet
2263 1627 2590 1688 potestatem
2624 1631 2796 1680 mors.
2834 1630 2957 1684 qua:
2991 1629 3020 1668 a
3053 1624 3279 1684 peccato
3319 1616 3638 1668 transmittit

2061 1709 2128 1763 ad
2151 1709 2481 1780 supplicium
2509 1727 2522 1762 :
2552 1707 2645 1762 sed
2678 1704 3173 1762 eruntsacerdotes
3207 1703 3298 1758 Dei
3329 1713 3382 1758 et
3410 1703 3632 1758 Christi.

2062 1799 2208 1857 Mille
2237 1816 2370 1856 vero
2417 1815 2526 1855 non
2577 1799 2842 1854 dicuntur
2887 1812 3010 1868 qua!
3051 1797 3282 1867 decupla
3337 1796 3636 1851 centenarii

2065 1894 2280 1948 numeri
2310 1892 2762 1962 multiplicatione
2799 1889 3212 1945 coniiciuntur:
3249 1889 3341 1942 sed
3375 1887 3634 1956 quoniam

2065 1981 2322 2040 denarius
2346 1999 2608 2039 numerus
2635 1983 2846 2052 primus
2868 1990 2952 2036 est
2979 1979 3252 2051 perlectus
3274 1995 3538 2034 numerus
3571 1995 3634 2031 cx

2065 2077 2366 2132 unitatibus
2391 2076 2755 2134 constitutus,
2786 2073 2986 2128 deinde
3015 2087 3231 2128 rursum
3268 2071 3384 2140 ipse
3414 2069 3638 2123 denario

2064 2167 2353 2222 intervallo
2387 2174 2610 2222 centum
2661 2163 2986 2229 constituit,
3039 2171 3096 2216 et
3145 2163 3340 2216 iterum
3404 2161 3493 2214 hic
3545 2175 3640 2228 per

2065 2259 2250 2314 decem
2284 2258 2678 2326 multiplicatus
2705 2270 2959 2310 acervum
2989 2253 3211 2307 coniicit
3246 2251 3636 2309 millenarium.

2066 2365 2096 2403 a
2129 2350 2370 2419 perfecto
2398 2348 2695 2418 procedens
2721 2346 2789 2401 ad
2831 2345 3146 2415 perfectius,
3185 2345 3382 2397 merito
3425 2341 3638 2410 perlec-

2067 2443 2267 2496 tionem
2296 2441 2555 2497 distincte
2585 2440 2890 2510 assignavit
2919 2437 3326 2494 conversationi
3360 2434 3641 2504 perlectis-

2067 2534 2192 2594 simi
2226 2533 2317 2589 Dei
2347 2549 2472 2588 cum
2520 2533 2878 2588 hominibus:
2914 2547 3022 2586 non
3051 2531 3196 2600 quod
3231 2530 3456 2584 omnino
3488 2537 3640 2581 tanto

2066 2634 2212 2679 esset
2239 2639 2507 2680 annorum
2540 2638 2792 2685 numero,
2825 2625 2918 2678 sed
2966 2624 3070 2676 hoc
3099 2619 3431 2690 perfectione
3464 2619 3640 2672 mani-

2067 2714 2250 2780 festat,
2288 2726 2346 2770 ut
2392 2727 2882 2786 quantumcunque
2911 2722 3060 2769 esset
3084 2711 3346 2781 temporis
3387 2711 3643 2763 interval-

2067 2809 2182 2863 lum
2229 2808 2666 2864 conversationis
2703 2807 2907 2862 Christi
2955 2821 3080 2860 cum
3134 2801 3487 2866 hominibus,
3539 2802 3643 2855 hoc

2071 2915 2415 2970 nequaquam
2451 2899 2851 2972 imperfectioni
2876 2898 3285 2954 attribueretur.

2633 3009 2862 3066 CAPUT
2895 3009 3077 3065 LXlll.

2595 3126 2667 3180 De
2693 3125 2804 3195 Cog
2833 3137 2880 3180 et
2912 3126 3122 3198 Magog.

455 3236 563 3292 Kal
585 3237 730 3306 μετὰ
759 3240 831 3292 τὰ
859 3239 1024 3308 χίλια
1048 3240 1152 3308 ἔτη
1177 3241 1509 3310 λυθήσεται
1536 3248 1571 3298 ό
1594 3245 1869 3314 Σατανᾶς
1898 3246 1965 3301 ἐκ

2142 3238 2264 3305 XX,
2314 3237 2462 3295 7-10.
2499 3238 2565 3292 Et
2608 3248 2724 3306 post
2756 3237 2900 3292 mille
2937 3255 3105 3293 annos
3159 3237 3388 3292 solvetur
3413 3237 3644 3292 Satanas

382 3327 495 3396 τῆς
533 3329 814 3398 φυλακῆς
844 3330 1052 3395 αὑτοῦ,
1088 3331 1186 3385 καὶ
1215 3332 1603 3397 ἐξελεύσεται
1649 3337 1964 3406 πλανῆσαι

384 3420 456 3471 τὰ
499 3419 644 3486 ἔθνη
677 3419 748 3472 τὰ
775 3419 843 3473 ἐν
881 3419 1009 3487 ταῖς
1041 3420 1339 3490 τέσσαρσι
1384 3426 1628 3494 γωνίαις
1673 3425 1785 3494 τῆς
1829 3427 1960 3499 γῆς,

382 3509 491 3561 τὸν
519 3508 654 3579 Γὼγ
683 3508 781 3563 καί
811 3509 919 3562 τὸν
942 3509 1180 3579 Μαγὼγ,
1213 3514 1581 3583 συναγαγεῖν
1611 3515 1834 3582 αὐτοὺς
1877 3521 1964 3584 εἰς

379 3601 491 3653 το“ν
517 3600 805 3669 πόλεμον,
836 3594 924 3655 ὧν
960 3603 993 3656 ὁ
1025 3601 1270 3671 ἀριθμὸς
1309 3605 1451 3659 ὡσεὶ
1495 3606 1688 3676 ἄμμος
1723 3607 1832 3676 τῆς
1859 3613 1960 3664 θα-

379 3692 650 3761 λάσσης.
685 3694 793 3749 Kal
824 3695 1134 3762 ἀνέϐησαν
1173 3695 1270 3750 ἐπί
1302 3697 1369 3750 τὸ
1409 3698 1639 3766 πλάτος
1689 3698 1798 3768 τῆς
1825 3701 1960 3770 γῆς,

381 3787 478 3841 καὶ
536 3786 897 3841 ἐκύκλωσαν
971 3789 1086 3858 τὴν
1140 3791 1526 3860 παρεμϐολὴν
1583 3791 1703 3846 τῶν
1764 3777 1982 3864 ἁγίων,

382 3878 484 3931 καὶ
511 3878 624 3946 τὴν
650 3879 832 3933 πόλιν
864 3879 981 3946 τὴν
1010 3882 1422 3951 ἠγαπημένην.
1457 3884 1566 3939 Kal
1597 3885 1812 3952 κατέϐη
1845 3885 1966 3954 πῦρ

378 3966 453 4020 ἐκ
487 3967 591 4022 τοῦ
637 3969 898 4038 οὐρανοῦ
948 3971 1067 4025 ἀπὸ
1110 3970 1216 4026 τοῦ
1272 3973 1443 4038 Θεοῦ,
1501 3973 1600 4028 καὶ
1633 3974 1970 4046 κατέφαγεν

379 4061 630 4124 αὐτούς.
657 4062 765 4115 Kal
794 4065 827 4116 ὁ
857 4061 1134 4128 διάϐολος
1164 4065 1196 4117 ό
1225 4063 1476 4117 πλανῶν
1497 4064 1721 4131 αὐτοὺς
1741 4066 1966 4134 ἐϐλήθη
1995 4098 2010 4116 .

380 4155 473 4218 εἱς
511 4150 624 4220 τὴν
652 4152 880 4222 λίμνην
913 4153 1021 4207 τοῦ
1054 4153 1244 4221 πυρὸς
1299 4153 1398 4206 καί
1447 4154 1629 4219 θείου,
1678 4151 1832 4209 ὅπο⁹υ
1867 4157 1966 4209 καὶ

2063 3333 2364 3386 de'carcere
2393 3347 2487 3384 suo
2522 3346 2536 3382 :
2572 3342 2618 3384 et
2659 3329 2820 3384 exibit
2845 3339 2900 3383 ιιι
2933 3331 3148 3385 sedarat
3180 3339 3354 3399 gentes
3383 3346 3499 3400 ᾳιιιιι
3521 3341 3644 3383 sunt

2062 3424 2114 3477 in
2141 3433 2372 3493 quatuor
2406 3423 2615 3492 angulis
2638 3434 2794 3476 terra
2825 3420 2934 3492 Gog
2962 3431 3010 3476 et
3043 3420 3256 3492 Magog,
3290 3431 3347 3474 ut
3371 3432 3646 3491 congreget

2061 3533 2149 3569 eos
2199 3517 2252 3568 in
2309 3515 2582 3583 prwlium.
2629 3531 2854 3584 quorum
2896 3530 3146 3568 numerus
3182 3524 3259 3568 est
3309 3516 3447 3568 sicut
3481 3531 3646 3568 arena

2063 3607 2249 3660 maris.
2301 3605 2370 3660 Et
2420 3607 2771 3660 ascenderunt
2807 3621 2966 3674 super
2993 3605 3332 3660 latitudinem
3379 3615 3554 3671 terra,
3595 3617 3645 3661 et

2067 3699 2381 3753 obsederunt
2410 3707 2588 3752 castra
2633 3708 2936 3752 sanctorum
2971 3698 3136 3768 815
3163 3715 3224 3752 ac
3251 3699 3518 3752 civitatem
3560 3700 3646 3752 di-

2063 3792 2275 3846 lectam.
2312 3789 2381 3844 Et
2413 3790 2680 3844 descendit
2713 3791 2849 3860 ignis
2883 3790 2945 3843 de
2968 3790 3095 3843 cwlo
3123 3808 3152 3842 a
3189 3789 3317 3854 Deo,
3343 3800 3390 3844 et
3424 3791 3647 3843 devora-

2063 3885 2133 3938 vit
2168 3900 2295 3948 eos;
2333 3895 2380 3938 et
2423 3883 2668 3938 diabolus
2698 3884 2787 3952 qui
2819 3884 3093 3937 seditcebat
3139 3901 3223 3936 eos
3254 3883 3443 3936 missus
3479 3894 3554 3938 est
3595 3885 3648 3937 in

2063 3986 2310 4046 stagnum
2348 3976 2486 4046 ign-is
2510 3985 2559 4029 et
2589 3975 2880 4046 sulphuris,
2916 3975 3006 4029 ubi
3032 3985 3081 4030 et
3118 3977 3287 4029 bestia
3324 3986 3373 4030 et
3423 3979 3648 4044 pseudo-

2063 4068 2316 4136 proplteta
2365 4077 2529 4130 sunt;
2561 4078 2610 4122 et
2645 4067 3026 4121 cruciabuntur
3059 4067 3144 4120 die
3189 4083 3252 4120 ac
3281 4078 3430 4120 nocte
3456 4069 3513 4120 in
3543 4084 3642 4120 sre-

2065 4161 2188 4212 cula
2217 4159 2562 4214 saeculorum.

380 4246 453 4299 τὸ
482 4246 690 4315 θηρίον
710 4248 807 4301 καί
838 4246 1418 4316 ὀψευδοπροφήτης,
1464 4249 1561 4303 καί
1595 4248 2168 4319 βασανισθήσονται
2241 4254 2468 4323 ἡμέρας
2514 4251 2615 4306 καί
2657 4251 2878 4318 νυκτὸς
2906 4253 2994 4316 είς
3054 4249 3196 4316 τοὺς
3258 4249 3482 4314 αιῶνας
3530 4249 3648 4302 τῶν

378 4339 635 4396 αἰώνων.

456 4433 632 4486 Χίλια
661 4434 788 4502 ἐτη.
832 4432 936 4486 Τὸν
970 4434 1079 4489 ἀπὸ
1110 4433 1210 4505 τῆς
1244 4433 1340 4488 τοῦ
1389 4435 1625 4506 Χριστοῦ
1661 4439 1964 4508 παρουσίας

2147 4437 2297 4493 Mille
2325 4454 2513 4494 annos.
2548 4436 2753 4508 Nempe
2798 4446 3010 4506 tempus
3060 4435 3128 4490 ab
3178 4436 3410 4490 adventu
3442 4435 3646 4489 Christi

380 4523 601 4594 χρόνον,
647 4526 808 4596 μέχρι
858 4527 952 4580 τοῦ
1011 4526 1380 4598 Ἀντιχρίστου
1432 4528 1600 4596 λέγει,
1635 4523 1844 4594 οὗτινος
1869 4530 1964 4583 λυ-

2072 4545 2246 4600 usque
2275 4530 2341 4584 ad
2365 4529 2791 4594 Antichristum,
2813 4543 2924 4598 quo
2947 4529 3127 4583 soluto
3155 4529 3362 4583 inducit
3390 4531 3654 4598 deinceps

381 4619 595 4682 Θέντος.
651 4619 863 4687 εἰτάγει
903 4621 1090 4673 λοιπὸν
1126 4621 1221 4674 καὶ
1248 4619 1318 4673 τὰ
1360 4619 1489 4690 ἔθνη
1519 4621 1614 4674 καὶ
1640 4621 1839 4684 τόπους
1867 4625 1967 4692 τῆς

380 4709 732 4780 οἰκουμένης,
777 4710 898 4764 καθ’
951 4710 1046 4774 οὓς
1085 4711 1154 4765 τά
1188 4709 1287 4781 τῆς
1336 4711 1602 4781 συνήθους
1640 4710 1788 4782 αὐτῷ
1841 4715 1967 4766 ὲπιο

380 4799 622 4864 δείξεται
652 4801 889 4873 ἀπάτης,
927 4802 1020 4854 καὶ
1047 4802 1184 4872 πρὸς
1212 4801 1374 4855 τίνων
1404 4803 1498 4857 καὶ
1525 4803 1667 4856 κατὰ
1695 4803 1856 4856 τίνων
1893 4803 1968 4868 ὼς

381 4893 792 4964 ἀφηγουμένων
829 4897 856 4947 6
902 4894 1138 4964 πόλεμος
1165 4888 1321 4958 οὗτος
1369 4896 1618 4965 συσταίη.
1665 4896 1836 4967 Ἐθνη
1869 4896 1970 4964 μὲν

380 4983 502 5048 οὖν,
547 4985 616 5038 τά
664 4985 1047 5055 εὐεξαπάτητα
1101 4986 1280 5055 λέγει·
1329 4986 1527 5052 τόπους
1562 4987 1638 5052 δὲ,
1695 4990 1821 5052 τοὺς
1863 4988 1969 5042 ὑπὸ

379 5077 488 5145 τὴν
524 5076 616 5130 ὑπ’
641 5076 890 5146 οὐρανὸν,
916 5076 1012 5140 οὒς
1045 5079 1140 5131 καὶ
1173 5078 1446 5147 τέσσαρας
1479 5079 1683 5144 γωνίας
1710 5079 1969 5149 ὀνομάζει

379 5165 492 5234 τῆς
518 5167 642 5237 γῆς,
684 5165 783 5229 τὰς
807 5166 1081 5234 τέσσαρας
1125 5166 1309 5239 λήξεις
1335 5169 1433 5238 τῆς
1465 5169 1793 5239 οἰκουμένης
1825 5169 1970 5224 οὕτω

383 5259 591 5323 καλῶν,
619 5258 727 5312 ἀπὸ
754 5259 863 5312 τῶν
886 5258 1128 5329 ἡλιακῶν
1151 5260 1332 5332 φορῶν
1359 5258 1502 5313 οὕτω
1529 5259 1843 5330 κληθείσας,
1872 5264 1967 5316 καὶ

383 5349 500 5403 τῶν
538 5351 680 5405 κατὰ
729 5351 965 5422 ἀστέρας
1008 5351 1161 5415 τινὰς
1210 5352 1558 5406 οἰκειώσεων.
1602 5353 1756 5407 ἘπεὶΙ
1792 5353 1970 5408 τοίνυν

385 5441 520 5512 ἔθνη
550 5442 651 5513 μὲν
686 5441 863 5498 ταῦτα
901 5441 1018 5512 μεθ’
1048 5437 1123 5498 ὧν
1169 5445 1197 5498 6
1235 5444 1472 5513 πόλεμος
1524 5445 1704 5516 μέλλει
1738 5463 1972 5518 συγκρο-

383 5534 627 5602 τεῖσθαι,
680 5537 775 5590 καὶ
813 5537 991 5607 χῶρος
1019 5530 1172 5600 οὗτος
1207 5537 1264 5590 ὲν
1298 5529 1342 5604 ᾧ
1386 5537 1486 5608 ήδη
1531 5538 1779 5604 καὶτοὺς
1838 5539 1971 5592 καθ-

383 5628 732 5697 ηγουμένους
753 5628 963 5697 εἰσάγει
979 5628 1168 5699 ὥσπερ
1188 5622 1312 5682 πολε
1321 5631 1536 5700 μάρχης
1554 5633 1580 5683 ὁ
1597 5628 1720 5699 Γὼγ
1740 5631 1832 5683 καὶ
1851 5631 1973 5685 Μα-

389 5721 535 5790 γὼγ,
567 5721 627 5775 ὃν
661 5723 757 5776 καὶ
796 5722 1056 5793 Ἰεζεκιὴλ
1091 5723 1426 5794 προφητεύει
1454 5709 1540 5776 ἔπ’
1575 5724 1804 5794 ἐσχάτου
1844 5741 1966 5779 και-

394 5813 493 5883 poi
542 5814 896 5888 ἐλευσόμενον
945 5817 1042 5872 σὺν
1087 5817 1315 5887 δυνάμει
1363 5815 1576 5889 βαρείᾳ.
1625 5815 1764 5871 ’Δλλ’
1809 5817 1968 5881 Ἰεζε-

2070 4633 2126 4678 et
2155 4631 2342 4689 gentes
2373 4631 2428 4676 et
2473 4621 2589 4676 loca
2625 4621 2808 4683 orbis.
2840 4623 3042 4691 quibus
3076 4622 3164 4675 ille
3209 4636 3366 4675 suam
3414 4623 3643 4675 familia-

2071 4730 2187 4769 rem
2211 4714 2462 4769 ostendet
2494 4716 2874 4782 imposturam,
2898 4725 2950 4769 et
2981 4729 3076 4783 per
3100 4729 3240 4782 quos
3263 4722 3317 4767 et
3345 4713 3648 4768 secundum

2071 4820 2212 4874 quos
2249 4813 2512 4875 tanquam
2544 4805 2713 4860 duces
2736 4815 2994 4860 cruentos
3048 4805 3249 4860 bellum
3295 4805 3400 4860 hoc
3440 4806 3646 4860 consti-

2072 4906 2280 4951 tuatur.
2312 4897 2515 4952 Gentes
2547 4898 2731 4965 itaque
2762 4898 2894 4951 dicit
2929 4898 3075 4959 illos,
3113 4898 3206 4968 qui
3262 4896 3418 4951 facile
3464 4907 3648 4965 patent

2072 4989 2378 5058 deceptioni
2417 5007 2430 5043 :
2465 4989 2582 5042 loca
2623 5003 2750 5040 vero
2779 5003 2873 5039 eos
2902 4987 2994 5056 qui
3029 4983 3234 5056 part'em
3259 4988 3362 5040 sub
3391 4987 3531 5041 cmlo
3561 4987 3648 5038 in-

2072 5083 2280 5146 colunt,
2311 5095 2450 5150 quos
2480 5081 2643 5133 ctiam
2673 5090 2903 5148 quatuor
2931 5089 3086 5132 terra:
3126 5079 3356 5147 angulos
3382 5079 3650 5141 nominat,

2072 5183 2312 5243 quatuor
2346 5171 2495 5226 orbis
2544 5172 2676 5225 [lues
2721 5171 2793 5224 ita
2839 5185 3064 5236 vocans,
3096 5159 3308 5224 a'solis
3350 5169 3649 5224 lationibus

2073 5267 2148 5320 ita
2179 5264 2502 5334 appellatos,
2543 5269 2596 5316 et
2623 5260 3068 5332 appropriatione
3109 5262 3473 5330 quarumdam
3518 5260 3648 5312 stcl-

2075 5358 2275 5411 larum.
2309 5353 2575 5422 Quoniam
2614 5353 2777 5423 igitur
2808 5353 2890 5407 ha:
2928 5360 3117 5424 gentes
3143 5361 3273 5407 sunt
3297 5367 3422 5406 cum
3449 5351 3654 5420 quibus

2074 5449 2274 5506 bellum
2303 5463 2412 5502 una
2435 5445 2838 5502 conﬁciendum
2871 5457 2976 5509 est,
3003 5453 3056 5498 et
3087 5459 3116 5498 a
3150 5446 3350 5514 quibus
3382 5446 3527 5498 vires
3555 5460 3650 5496 su-

2075 5540 2318 5604 mendae,
2344 5548 2398 5595 et
2435 5539 2551 5594 haec
2588 5538 2735 5608 regio
2778 5538 2832 5592 in
2862 5554 2967 5607 qua
2995 5538 3106 5608 jam
3151 5539 3314 5592 etiam
3346 5549 3652 5608 praeeuntes

2075 5633 2285 5689 inducit
2313 5631 2430 5702 Gog
2473 5643 2529 5686 et
2571 5629 2761 5701 Magog
2805 5630 2971 5685 veluti
3010 5630 3135 5686 belli
3185 5632 3294 5685 dux
3340 5648 3354 5684 :
3411 5646 3573 5700 quem
3600 5642 3653 5685 et

2074 5725 2325 5783 Ezechiel
2358 5724 2641 5795 prophetat
2669 5723 2960 5793 postremis
2989 5725 3328 5793 temporibus
3360 5733 3648 5778 venturum

2075 5835 2201 5878 cum
2230 5826 2498 5892 potestate
2528 5817 2698 5887 gravi.
2728 5816 2832 5874 Sed
2863 5816 3112 5875 Ezechiel
3141 5818 3360 5889 quidem
3388 5819 3653 5875 adversus
