4164 6420
553 372 664 437 ’159

1387 382 1718 445 ΑΗΕΤΗᾹζ
1750 383 2127 445 CAESARE!!!
2166 384 2396 446 CAPPA
2409 386 2650 448 ΒΟΟΙᾹΞ
2680 386 3020 448 EPISCOPI

3688 387 3805 452 τεο

559 485 674 538 Ιὶιτὶ
707 483 762 539 in
796 485 998 541 eisdem
1035 488 1380 557 corporibus,
1414 506 1536 559 qua:
1567 508 1597 546 a
1634 494 1835 548 sarculo
1863 504 2123 563 corrupta
2151 542 2161 554 ,

2237 497 2287 548 ὲν
2312 499 2418 560 τοῖς
2445 498 2626 559 αὐτοῖς
2655 496 2923 567 σώμασιν,
2950 498 2986 552 ἃ
3018 498 3077 565 ἐξ
3106 496 3301 560 αἰῶνος
3331 497 3607 567 φθαρέντα
3635 502 3715 563 εἰς
3750 502 3815 553 τὸ

556 590 768 635 suntet
810 597 935 636 esse
968 582 1265 647 desierunt,
1299 585 1403 638 hoc
1430 600 1576 638 nttnc
1608 588 1888 657 corrigens
1943 603 2127 642 sermo

558 672 657 726 iste
684 672 838 737 dicit,
882 673 1051 741 quod.
1078 672 1547 738 Quemadmodum
1594 691 1825 745 corpora
1871 678 1941 731 ab
1972 678 2128 732 initio

555 774 844 833 cmperunt
876 780 1019 827 cssc,
1071 781 1178 819 non
1233 782 1363 821 casu
1412 779 1508 820 aut
1551 784 1618 822 ex
1671 768 1890 837 seipsis,
1929 770 2021 822 sed
2058 786 2125 823 ex

555 867 789 922 quatuor
819 857 1128 920 elementis,
1161 873 1323 925 aqua,
1358 857 1500 928 igne,
1534 874 1679 925 aere,
1713 868 1856 913 terra
1892 880 1904 914 :
1940 861 2011 913 ita
2045 878 2129 916 ra-

558 946 893 1000 tionabiliter
924 965 1140 1004 rursum
1174 950 1227 1003 in
1274 950 1365 1005 illa
1402 952 1663 1015 resoluta,
1690 967 1752 1008 ex
1785 953 1871 1007 his
1906 970 2126 1008 rursum

555 1040 1012 1107 compositionem
1072 1042 1359 1111 recipient.
1445 1044 1718 1109 Quoniam
1778 1054 1962 1099 autem
2026 1047 2132 1099 hoc

554 1131 719 1183 etiam
756 1146 977 1186 rursum
1009 1147 1340 1189 concursum
1390 1137 1534 1204 parit
1574 1151 1767 1190 earum
1820 1152 1941 1205 qum
1975 1138 2129 1206 prius

554 1219 780 1275 luerunt
808 1223 1048 1290 partium
1086 1223 1153 1278 ad
1189 1225 1603 1281 subsistentiam
1638 1227 1918 1280 hominum
1953 1244 1965 1280 :
2001 1243 2130 1296 pro-

556 1322 737 1381 pterea
774 1316 904 1369 dicit
952 1332 1102 1372 mare
1136 1317 1251 1373 sive
1279 1334 1437 1387 aquae
1466 1320 1834 1375 substantiam
1868 1320 2131 1376 eﬂ'ndissc

558 1406 841 1460 humorem
894 1407 987 1477 qui
1040 1409 1106 1463 ad
1157 1425 1217 1465 se
1253 1420 1573 1479 pervenerat
1614 1430 1628 1466 :
1665 1421 1895 1467 mortem
1946 1421 2129 1467 autem

557 1506 716 1550 vocat
751 1508 1020 1554 terrenam
1048 1502 1434 1566 substantiam,
1471 1504 1734 1572 quoniam
1759 1504 1825 1558 de
1850 1504 1967 1573 ipsa
1991 1518 2134 1571 quo-

558 1605 665 1657 que
725 1589 931 1644 dictum
992 1600 1097 1656 est,
1138 1610 1155 1642 ι
1197 1592 1251 1647 In
1289 1596 1567 1663 pulverem
1607 1596 1803 1649 mortis
1856 1594 2132 1649 deduxisti

559 1696 648 1735 me
679 1681 722 1735 ".
763 1700 780 1734 ι
817 1680 953 1748 Quis
982 1698 1112 1737 vero
1150 1696 1387 1739 mentem
1426 1687 1631 1741 habens
1683 1688 1899 1757 ignorat
1934 1688 2127 1756 pulve-

2240 589 2313 657 μὴ
2348 587 2487 642 εἶναι
2518 590 2835 659 ἐχώρησαν,
2867 590 3024 647 τοῦτο
3054 590 3146 643 νῦν
3172 590 3643 660 ἐπανορθούμενος
3667 594 3694 644 ὁ
3726 594 3808 645 λό-

2233 697 2325 747 γος
2358 683 2541 751 φησὶν,
2565 684 2645 736 ὅτι
2700 684 2786 744 '0;
2813 683 2881 736 τὰ
2909 682 3136 751 σώματα
3164 683 3254 735 ἐπὶ
3284 683 3382 753 τὴν
3421 684 3597 753 ἀρχὴν
3626 686 3689 736 ὲκ
3718 684 3813 737 τοῦ

2236 769 2311 839 μὴ
2341 770 2493 835 ὄντος
2529 773 2608 834 εἰς
2635 771 2695 824 τὸ
2735 769 2875 825 εἶναι
2907 772 3177 841 προῆλθον
3196 814 3212 837 ,
3240 773 3343 824 οὐκ
3376 772 3436 836 ἐξ
3463 775 3769 841 αὐτομάτου
3793 814 3811 837 ,

2232 864 2349 916 ἀλλ’
2380 866 2445 919 ὲκ
2488 866 2597 919 τῶν
2641 866 2921 935 τεσσάρων
2965 868 3280 937 στοιχείων.
3322 866 3514 929 ὓδατος

3538 908 3553 931 .
3606 869 3809 935 πυρὸς.

2216 956 2416 1025 μάέρος,
2447 957 2581 1025 γῆς’
2620 956 2791 1020 οὕτως
2826 957 3062 1025 εὐλόγως
3112 959 3193 1020 εις
3224 959 3362 1011 αὐτὰ
3413 959 3576 1011 πάλιν
3616 960 3813 1010 ἁναλυ·

2235 1046 2421 1111 θέντα,
2445 1049 2511 1100 ἐκ
2542 1046 2742 1102 τούτων
2771 1044 2930 1112 αὖθις
2969 1050 3067 1119 τὴν
3107 1050 3385 1120 σύμπηξιν
3424 1051 3811 1119 ἀναλήψονται.

2245 1140 2401 1195 Ἐπεὶ
2438 1141 2495 1193 δὲ
2524 1141 2704 1208 τοῦτο,
2741 1142 2837 1196 καὶ
2880 1143 3154 1213 συνδρομὴ
3194 1143 3358 1197 πάλιν
3388 1143 3495 1196 τῶν
3537 1146 3812 1213 καταρχὰς

2237 1232 2419 1301 μερῶν
2443 1232 2522 1295 εἰς
2556 1233 2851 1287 ὑπόστασιν
2879 1235 2986 1287 τῶν
3015 1233 3339 1305 ἀνθρώπων,
3369 1236 3457 1289 διά
3488 1234 3648 1288 τοῦτό
3677 1254 3811 1304 φησι

2234 1324 2334 1393 τὴν
2366 1322 2662 1390 θάλασσαν,
2688 1325 2808 1396 ἦτοι
2830 1326 2931 1397 τὴν
2953 1325 3197 1394 ὑδατώδη
3224 1326 3411 1379 οὐσίαν
3431 1326 3733 1380 άποὸλῦσαι
3754 1327 3815 1379 τὸ

2232 1415 2371 1487 πρὸς
2400 1416 2567 1487 αὐτὴν
2599 1417 2858 1487 χωρῆσαν
2888 1418 3056 1489 ὑγρόν
3076 1435 3090 1449 ο
3126 1417 3355 1473 θάνατον
3396 1418 3453 1471 δὲ
3486 1420 3584 1489 τὴν
3611 1418 3811 1485 γεώδη,

2232 1508 2356 1561 ἐπεὶ
2395 1509 2488 1561 καὶ
2515 1509 2730 1579 εἴρηται
2758 1509 2885 1577 περὶ
2921 1509 3093 1580 αὐτῆς
3115 1508 3198 1574 τδ,
3239 1528 3257 1561 ι
3287 1510 3381 1573 Εἰς
3411 1509 3541 1579 χοῦν
3581 1509 3811 1564 θανάτου

2234 1600 2544 1669 κατήγαγες
2595 1616 2684 1669 με.
2734 1618 2753 1652 ι
2804 1600 2949 1663 Χοῦς
2995 1601 3073 1665 δὲ,
3118 1601 3200 1655 ὅτι
3240 1602 3343 1671 γῆ,
3391 1601 3475 1664 τίς
3510 1601 3634 1654 νοῦν
3676 1600 3813 1670 ἔχων

2232 1690 2449 1757 ἀγνοεῖς
2482 1690 2654 1761 ’ᾍδην
2685 1691 2764 1756 δὲ,
2794 1690 2885 1745 τὸν
2919 1692 3057 1762 ἀέρα
3098 1692 3274 1757 καλεῖ,
3306 1691 3383 1763 τῷ
3420 1692 3494 1762 μὴ
3539 1692 3684 1760 ἔχειν
3711 1710 3811 1761 χα-

558 1784 675 1823 rem
708 1784 830 1825 esse
863 1773 1103 1829 terram?
1134 1771 1408 1827 lnl'ernnm
1447 1784 1630 1828 autem
1659 1775 1791 1829 dicit
1820 1790 2029 1840 aerem,
2065 1790 2131 1829 eo

2237 1782 2487 1851 ρακτῆρα
2518 1782 2606 1834 διὰ
2647 1782 2923 1853 μανότητα
2955 1782 3164 1846 οὐσίας.
3220 1783 3495 1847 Ὡσαύτως
3534 1784 3592 1836 δὲ
3631 1785 3813 1840 καὶτὸ

560 1860 703 1929 quod
739 1860 967 1931 ﬁguram
1016 1878 1123 1917 non
1158 1864 1356 1921 habeat
1386 1874 1607 1934 propter
1641 1865 1961 1920 substantiae
1993 1866 2132 1919 rari-

2237 1840 2367 1943 πῦρ.
2400 1840 2573 1944 τᾼδην
2603 1840 2660 1926 δέ
2701 1840 2871 1941 λιγεὶ,
2902 1873 3011 1927 ἀπὸ
3042 1840 3139 1927 tot;
3170 1876 3257 1939 εις
3289 1840 3492 1929 ἀϊδίων
3527 1875 3627 1929 και
3660 1874 3813 1945 ἁφά-

562 1959 727 2005 tatem
780 1969 793 2007 :
839 1953 1091 2008 similiter
1121 1957 1194 2020 [et
1244 1955 1446 2023 ignem.
1519 1955 1688 2010 Porro
1760 1956 1894 2031 ᾅδην
1953 1966 2129 2020 vocat,

559 2045 685 2115 quia
716 2060 1073 2119 quoscunque
1108 2048 1434 2116 susceperit,
1474 2046 1649 2116 injicit
1699 2048 1779 2110 si;
1811 2048 1991 2103 ἀῖδίαν
2037 2050 2133 2103 καὶ

559 2133 842 2202 ἀφάνειαν,
878 2135 928 2188 id
959 2146 1061 2201 est,
1100 2137 1153 2190 in
1186 2138 1543 2191 :etcrnitatem
1581 2146 1633 2190 ct
1664 2136 1965 2191 interitum.

637 2222 700 2276 Et
730 2240 871 2278 mors
907 2235 954 2278 et
986 2227 1245 2295 infernus.
1300 2225 1530 2282 Mortem
1564 2236 1620 2281 ct
1655 2225 1931 2281 infernum
1972 2233 2134 2281 vocat

557 2328 653 2369 cos
692 2316 783 2385 qni
814 2318 974 2379 digna
1004 2318 1275 2387 supplicio
1307 2318 1515 2388 cperati
1542 2328 1691 2384 sunt,
1723 2327 1980 2389 tanquam
2012 2326 2133 2371 tur-

562 2407 682 2462 bant
718 2410 973 2465 secunda:
1005 2411 1199 2464 mortis
1233 2412 1540 2479 explentes.

1121 2500 1355 2557 CAPUT
1401 2499 1562 2556 LXV.

666 2590 743 2646 De
761 2592 887 2647 caelo
906 2601 953 2647 et
978 2602 1118 2648 terra
1144 2595 1310 2661 novis,
1333 2609 1659 2666 supernaque
1680 2592 2004 2651 Jerusalem.

2233 1982 2424 2037 νειαν,
2455 1961 2537 2027 οἷς
2562 1968 2629 2023 άν
2659 1966 3123 2039 ὲπέλθῃ,τούτους
3150 1966 3429 2039 ἐμϐαλεῖν.

2304 2228 2415 2283 Καὶ
2453 2228 2486 2282 ὁ
2528 2226 2786 2293 θάνατος
2833 2226 2931 2281 καὶ
2980 2230 3013 2282 ό
3057 2226 3230 2295 ᾅδης.
3278 2226 3517 2280 Θάνατον
3551 2224 3648 2277 καὶ
3682 2224 3814 2295 ᾅδην

2233 2322 2361 2385 τοὺς
2390 2321 2513 2387 ἄξια
2541 2320 2813 2392 τιμωρίας
2837 2320 3249 2392 ἐργασαμένους
3278 2319 3437 2372 καλεῖ
3454 2318 3528 2382 ὡς
3559 2318 3813 2389 συμπλη-

2238 2413 2463 2488 ροῦντας
2486 2412 2577 2466 τὸν
2604 2412 2698 2465 τοῦ
2724 2412 2976 2483 δευτέρου
3008 2411 3239 2465 θανάτου
3270 2409 3478 2481 ὅμιλον.

2817 2504 3067 2558 ΚΕΦΔΛ.
3102 2501 3221 2557 ΞΕ⁹.

2236 2597 2377 2667 Περὶ
2426 2594 2650 2651 καινῶν
2687 2595 2948 2667 obprimi”;
2993 2611 3057 2648 τε
3097 2593 3196 2667 καὶ
3229 2591 3375 2663 γῆς,
3406 2590 3505 2645 καὶ
3532 2588 3645 2660 τῆς
3692 2589 3814 2644 ἄνω

2829 2663 3239 2733 Ἰερουσαλήμ.

2309 2760 2419 2815 Καὶ
2448 2757 2612 2814 εἶδον
2637 2758 2902 2827 οὐρανὸν
2932 2756 3163 2821 καινὸν,
3194 2755 3294 2808 καὶ
3331 2753 3450 2825 γῆν
3477 2753 3715 2820 καινήν.
3755 2753 3815 2807 '0

560 2845 707 2911 prius
739 2846 878 2897 enim
914 2848 1121 2912 mlunt,
1153 2857 1203 2901 et
1248 2849 1396 2916 prior
1430 2856 1575 2903 terra
1609 2850 1874 2911 abierunt,
1903 2862 1955 2903 et
1987 2865 2133 2904 mare

2237 2853 2347 2923 γὰρ
2379 2852 2609 2921 πρῶτος
2633 2850 2912 2918 οὐρανὸς,
2943 2847 3042 2901 καὶ
3081 2847 3121 2915 ἡ
3153 2845 3352 2914 πρώτη
3387 2845 3463 2916 γῆ
3501 2844 3779 2913 ἀπῆλθον
3799 2862 3810 2874 ·

562 2951 661 2988 non
687 2946 762 2990 est
795 2939 1043 3007 amplius.
1069 2940 1134 2993 Et
1159 2942 1264 2994 vidi
1283 2942 1547 2996 civitatem
1568 2952 1809 2997 sanctam
1831 2941 2132 2997 Jerusalem

2237 2943 2337 2996 καὶ
2364 2941 2402 3009 ἡ
2435 2940 2722 2997 θάλασσα
2746 2939 2859 2992 οὐκ
2881 2939 3051 2992 ἔστιν
3075 2938 3183 2990 ἔτι.
3216 2935 3323 2990 Kai
3352 2936 3469 3004 τὴν
3494 2937 3678 2989 πόλιν
3704 2934 3815 3001 τὴν

564 3045 747 3080 novam
772 3030 1168 3087 descendentem
1197 3034 1263 3088 de
1285 3035 1437 3097 caelo,
1471 3052 1505 3088 a
1556 3035 1662 3089 Deo
1691 3045 1939 3104 paratam
1993 3038 2130 3090 sicut

2237 3035 2416 3105 ἁγίαν
2453 3031 2849 3101 Ἰερουσαλὴμ
2891 3030 3111 3097 καινὴν
3141 3029 3306 3084 εἶδον
3331 3029 3815 3083 καταϐαίνουσαν

561 3135 807 3185 sponsam
832 3134 1077 3177 ornatam
1103 3127 1211 3180 viro
1231 3142 1349 3180 suo.
1379 3126 1445 3180 Et
1470 3129 1653 3181 audivi
1679 3144 1853 3182 uocem
1882 3146 2130 3199 magnam

2237 3130 2306 3182 ἐκ
2334 3128 2441 3181 τοῦ
2474 3123 2755 3194 οὐρανοῦ,
2789 3123 2906 3177 ἀπὸ
2938 3120 3045 3176 τοῦ
3083 3120 3232 3175 Θεοῦ
3263 3118 3711 3189 ἡτοιμασμένην
3736 3119 3813 3183 ὠς

563 3211 625 3265 de
671 3214 820 3280 caelo,
884 3218 1139 3272 dicentem
1173 3217 1355 3274 :Ecce
1407 3222 1811 3274 tabernaculum
1865 3220 1964 3275 Dei
2010 3210 2161 3275 eum‘

2237 3222 2479 3289 νύμφην
2538 3186 2997 3283 κεκοσμημένην
3053 3211 3135 3277 τῷ
3195 3186 3403 3280 ἀνδρὶ-
3434 3186 3665 3280 αὐτῆς.
3707 3209 3814 3264 Καὶ

563 3306 882 3370 hominibus,
919 3321 967 3364 et
999 3311 1256 3367 habitabit
1285 3330 1404 3368 cum
1432 3315 1529 3379 eis,
1553 3323 1603 3369 et
1637 3314 1742 3382 ipsi
1766 3316 1992 3384 populus
2018 3315 2132 3384 ejus

2237 3312 2474 3381 ἥκουσα
2511 3306 2716 3379 φωνῆς
2751 3306 3020 3376 μεγάλης
3050 3304 3118 3357 ἐκ
3150 3302 3256 3358 τοῦ
3294 3302 3554 3370 οὐρανοῦ
3601 3300 3814 3369 λεγού-

560 3409 732 3463 erunt,
758 3408 806 3451 et
840 3401 949 3465 ipse
988 3400 1125 3455 Deus
1150 3419 1268 3457 cum
1299 3404 1373 3458 eis
1411 3405 1533 3459 erit.
1566 3404 1735 3475 819
1792 3404 1862 3457 Et
1907 3405 2136 3459 cessabit

2237 3423 2353 3474 σης
2373 3421 2387 3435 ⁸
2433 3403 2590 3458 Ἰδοὺ
2630 3403 2669 3469 ἡ
2703 3399 2903 3467 σκηνὴ
2932 3397 3040 3452 τοῦ
3071 3395 3225 3451 Θεοῦ
3264 3394 3412 3464 μετὰ
3442 3393 3563 3447 τῶν
3593 3392 3816 3461 ἀνθρώ-

563 3492 733 3543 omnis
766 3491 1005 3559 lacryma
1036 3493 1102 3547 ab
1143 3498 1311 3550 oculis
1344 3513 1526 3550 eorum
1555 3513 1573 3552 :
1622 3508 1671 3551 et
1713 3514 1855 3551 mors
1890 3515 1996 3551 non
2034 3500 2137 3552 erit

2237 3516 2384 3563 πων,
2414 3497 2512 3551 καὶ
2540 3493 2843 3562 σκηνώσει
2878 3492 3007 3560 μετ’
3049 3485 3268 3553 αὐτῶν,
3303 3486 3404 3541 καὶ
3453 3486 3621 3540 αὐτοὶ
3670 3486 3817 3550 λαὸς

563 3583 814 3652 amplius,
852 3603 1013 3656 neque
1064 3589 1259 3652 luctus,
1295 3606 1455 3659 neque
1490 3590 1691 3644 clamor
1717 3630 1731 3654 ,
1764 3608 1927 3660 neque
1985 3592 2138 3645 labor

2242 3592 2430 3647 αὐτοῦ
2452 3592 2716 3653 ἔσονται,
2737 3585 2834 3640 καὶ
2849 3584 3031 3650 αὐτὸς
3054 3588 3087 3637 ό
3109 3582 3254 3648 Θεὸς
3266 3581 3393 3652 μετ’
3413 3582 3612 3637 αὐτῶν
3625 3582 3813 3636 ἔσται.

561 3678 664 3729 erit
695 3680 925 3747 amplius
953 3697 971 3733 :
1003 3683 1254 3747 quoniam
1286 3683 1459 3753 prima
1492 3684 1760 3737 abierunt.

2245 3661 2353 3739 uin
2394 3682 2660 3750 ἐκλείψει
2707 3676 2831 3735 πᾶν
2868 3675 3130 3743 δάκρυον
3166 3673 3287 3728 ἀπὸ
3326 3672 3447 3726 τῶν
3498 3671 3818 3742 ὀφθαλμῶν

561 3768 780 3823 αὐτῶν.
827 3772 936 3823 Kal
999 3774 1033 3825 ὁ
1070 3772 1324 3840 θάνατος
1377 3776 1490 3828 οὐκ
1528 3774 1699 3829 ἔσται
1730 3775 1837 3841 ἔτι,
1877 3776 2017 3831 οὔτε
2049 3776 2291 3843 πένθος,
2355 3775 2492 3829 οὔτε
2520 3772 2769 3843 κραυγὴ,
2796 3773 2934 3827 οὔτε
2962 3771 3151 3837 πόνος
3182 3771 3296 3824 οὐκ
3319 3767 3490 3822 ἔσται
3523 3765 3629 3820 ἔτι.
3687 3766 3815 3818 Ὀτι

564 3860 637 3915 τὰ
662 3860 861 3928 πρῶτα
889 3862 1144 3931 ἀπῆλθε.

640 3954 799 4008 Prius
846 3956 1033 4011 caelum
1079 3970 1128 4012 et
1176 3961 1325 4030 prior
1382 3971 1525 4016 terra
1573 3961 1857 4018 abierunt.
1889 3962 2003 4020 Hoc
2064 3966 2142 4021 ait

2310 3962 2483 4017 Τοῦτο
2515 3960 2576 4015 οὗ
2610 3961 2709 4033 τὴν
2740 3958 3074 4030 ἀνυπαρξίαν
3107 3957 3283 4030 δηλῶν
3314 3957 3414 4028 τῆς
3446 3954 3673 4018 κτίσεώς
3715 3973 3813 4024 φη-

568 4064 673 4101 ηοη
706 4059 974 4105 creaturae
1002 4053 1319 4124 signiﬁcans
1356 4056 1659 4119 interitum,
1695 4055 1792 4111 sed
1827 4058 2141 4113 renovatio-

2239 4075 2355 4124 σιν,
2389 4055 2524 4108 ἀλλὰ
2564 4054 2656 4108 τὸν
2685 4052 3083 4121 άνακαινισμδν
3112 4051 3203 4104 τὸν
3251 4050 3343 4103 ἐπὶ
3385 4049 3446 4102 τὸ
3487 4047 3716 4118 βέλτιον,
3757 4046 3815 4100 δν

567 4154 690 4192 nem
742 4140 794 4193 in
834 4141 1034 4197 melius
1062 4161 1077 4197 :
1105 4144 1251 4212 quod
1286 4147 1451 4198 etiam
1505 4157 1733 4202 sanctus
1779 4147 1952 4203 David
1992 4148 2131 4202 dulci

2237 4156 2328 4203 καὶ
2355 4150 2383 4203 ὁ
2409 4148 2551 4211 οεῖος
2584 4145 2837 4217 μελῳδῶν
2883 4144 3042 4197 Δαυῒδ
3075 4144 3449 4214 προηγόρευσε
3479 4141 3547 4195 δι’
3577 4134 3653 4194 ὧν
3677 4137 3770 4213 ᾖδε
3799 4195 3815 4217 ν

566 4242 726 4287 cantu
759 4234 961 4289 cecinit
988 4236 1029 4301 ⁵,
1055 4236 1241 4291 dicens
1263 4251 1456 4294 omnes
1488 4239 1545 4292 in
1571 4240 1792 4296 modum
1823 4242 2129 4297 vestimenti

2237 4241 2441 4303 πάντας
2468 4238 2543 4301 ὡς
2574 4238 2788 4307 ἱμάτιον
2819 4232 3318 4304 παλαιωθήσεσθαι,
3354 4232 3450 4284 καὶ
3494 4231 3627 4283 ὡσεὶ
3665 4247 3817 4299 περι-

632 2749 773 2816 XXI,
801 2751 913 2806 1-4.
946 2752 1012 2806 Et
1046 2754 1153 2808 vidi
1173 2754 1361 2809 calum
1392 2772 1581 2809 novum
1602 2765 1649 2808 et
1681 2764 1880 2809 terram
1904 2772 2089 2810 noram
2112 2771 2131 2809 :

568 4333 924 4390 veterascere,
952 4335 1006 4381 et
1041 4337 1299 4400 tanquam
1331 4332 1593 4387 amictum
1618 4333 1819 4388 involvi
1852 4344 1905 4389 et
1934 4334 2131 4389 immu-

2243 4331 2457 4385 ϐόλαιον
2493 4328 2769 4398 ὲλιχθῆναι
2801 4327 2898 4379 καὶ
2925 4324 3246 4394 ἀλλαγῆναι.
3280 4324 3355 4375 Τὸ
3378 4321 3487 4391 γὰρ
3514 4321 3818 4373 παλαιωοὲν

564 4417 689 4470 tari.
731 4418 1011 4488 Siquidem
1047 4422 1347 4477 inveterata
1383 4439 1470 4479 res
1509 4440 1633 4492 qua:
1666 4436 1985 4490 renovatur,
2027 4442 2135 4479 non

2243 4392 2745 4490 ἁνακαινιζόμενον,
2772 4419 2833 4473 οὐ
2871 4418 2971 4487 τῆς
2991 4392 3179 4479 οὐσίας
3206 4414 3533 4484 ἀφανισμὸν,
3568 4413 3703 4466 ἀλλὰ
3725 4413 3817 4464 τοῦ

566 4512 887 4567 substantia:
918 4515 1115 4584 accipit
1147 4517 1446 4582 interitum,
1484 4517 1579 4573 sed
1633 4521 1923 4574 vetustatis
1950 4534 2014 4572 ac
2046 4534 2139 4573 ru-

566 4621 755 4674 garum
792 4606 1154 4662 avulsionem.
1194 4609 1751 4665 Animadvertendum
1778 4626 1997 4681 quoque
2027 4619 2136 4676 est,

569 4695 713 4765 quod
744 4697 811 4751 de
864 4698 1006 4753 ccelo
1034 4706 1091 4753 et
1131 4707 1274 4754 terra
1324 4700 1460 4755 dicit
1506 4701 1653 4765 quod
1707 4703 1983 4764 abierunt,
2026 4718 2136 4756 non

566 4789 725 4857 quasi
765 4804 890 4845 esse
921 4791 1209 4856 desierint,
1250 4792 1348 4848 sed
1387 4793 1707 4848 transierint
1749 4792 1910 4863 (nihil
1952 4802 2134 4847 autem

565 4895 754 4935 corttm
785 4899 906 4952 qua:
941 4892 1225 4939 transeunt
1259 4885 1328 4939 ab
1359 4899 1469 4938 uno
1501 4884 1570 4943 ad
1603 4885 1772 4947 aliud,
1806 4885 1989 4939 statim
2017 4885 2128 4954 jam

566 4973 791 5027 omnino
817 4975 979 5045 perit.
1035 4976 1125 5031 sed
1160 4975 1517 5031 reformatum
1554 4985 1637 5031 est
1663 4976 1900 5031 transitu
1930 4992 1993 5029 ex
2032 4978 2134 5031 hoc

570 5068 621 5119 in
658 5067 846 5138 illud);
876 5070 1129 5124 abierunt
1161 5071 1383 5140 quidem
1403 5086 1465 5125 ea
1496 5086 1617 5140 qua:
1636 5071 1786 5140 prius
1817 5072 1920 5126 sibi
1952 5071 2133 5124 conti-

566 5169 777 5229 gerant,
818 5172 869 5214 et
901 5177 963 5214 ea
1019 5170 1380 5235 susceperunt
1408 5162 1475 5215 ad
1520 5178 1641 5231 qua:
1671 5171 1798 5216 sunt
1830 5161 2137 5219 immutata.

636 5253 881 5308 Andrew.
919 5255 991 5309 De
1021 5256 1156 5308 mari
1192 5270 1317 5308 vero
1359 5254 1513 5317 dicit,
1546 5254 1715 5323 quod,
1745 5253 1897 5308 Mare
1926 5272 2029 5309 non
2064 5264 2139 5308 est

565 5347 815 5414 amplius.
836 5346 968 5411 Qum
984 5346 1126 5399 enim
1153 5346 1451 5401 necessitas
1481 5355 1563 5401 cst
1587 5347 1778 5413 maris,
1801 5364 1924 5403 cum
1955 5347 2138 5400 homi-

566 5453 663 5490 nes
693 5454 759 5493 eo
789 5454 896 5492 non
924 5446 1117 5507 egeant
1143 5439 1208 5492 ad
1239 5438 1742 5507 navigandum,aut
1768 5449 1825 5495 nl
1844 5456 1938 5509 per
1961 5439 2137 5508 ipsum

567 5531 981 5598 suppeditentur
1014 5539 1247 5584 vecturae
1288 5546 1477 5585 eorum
1526 5548 1646 5603 qua:
1694 5532 2040 5587 adducuntur
2072 5548 2137 5584 ex

571 5622 887 5692 regionibus
912 5624 1069 5693 longe
1098 5622 1242 5691 sitis,
1273 5623 1365 5678 ubi
1402 5625 1659 5678 coluntur
1688 5639 1783 5679 seu
1823 5625 2137 5694 parantur?

640 5804 661 5845 θ
693 5804 836 5867 l‘sal.
873 5822 984 5871 ut,
1019 5807 1101 5861 16.
1179 5810 1198 5838 ³
1226 5807 1459 5869 Psal.c1,
1507 5806 1724 5875 i,seqq.

2245 4515 2432 4587 γήρως
2454 4515 2544 4567 καὶ
2570 4512 2676 4565 τῶν
2708 4511 2941 4582 ῥυτίδων
2968 4507 3235 4577 λαμὸάνει
3263 4506 3544 4571 άπὸξυσιν.
3576 4503 3821 4573 Σημειωο

2244 4606 2364 4658 τὲον
2401 4605 2493 4667 δὲ,
2523 4604 2605 4655 ὅτι
2645 4601 2775 4672 περὶ
2824 4600 2925 4670 μὲν
2973 4594 3205 4667 οὐρανοῦ
3252 4596 3348 4649 καὶ
3386 4594 3491 4663 γῆς
3535 4592 3707 4645 εἰπὼν
3740 4592 3820 4644 ἔτι

2210 4694 2509 4764 ἀπῆλθεν,
2540 4695 2702 4746 οἱονεὶ
2734 4693 2833 4745 οὐκ
2866 4693 2945 4753 εἰς
2993 4689 3055 4742 τὸ
3104 4686 3181 4757 μὴ
3221 4685 3279 4739 ὃν
3324 4685 3641 4755 ἐχώρησεν,
3686 4682 3819 4735 ἀλλὰ

2249 4785 2452 4854 μετέϐη
2486 4784 2660 4853 (οὐδὲν
2708 4783 2764 4835 δὲ
2812 4783 2920 4833 τῶν
2957 4778 3389 4849 μεταϐαινόντων
3437 4776 3496 4840 ἐξ
3542 4768 3604 4826 οὗ
3646 4774 3723 4834 εἰς
3769 4772 3816 4835 ὃ,

2245 4876 2346 4945 ἤδη
2378 4874 2474 4927 καὶ
2512 4873 2690 4941 πάντη
2714 4870 2999 4931 διόλωλεν,
3025 4869 3160 4922 ἀλλὰ
3179 4869 3245 4938 τῇ
3279 4867 3369 4932 ἀφ’
3399 4860 3459 4918 οὗ
3506 4866 3585 4926 εἰς
3624 4863 3651 4915 ὃ
3694 4880 3816 4932 μετ-

2242 4964 2477 5027 ελεύσει,
2528 4959 2961 5032 ἁνεμορφώοη)’
2996 4958 3064 5011 τὰ
3098 4958 3196 5027 μὲν
3246 4956 3340 5009 τοῦ
3382 4953 3818 5023 καταληφθέντος

2242 5055 2503 5118 ἀπέϐαλε,
2533 5056 2601 5107 τὰ
2628 5055 2685 5107 δὲ
2715 5052 2811 5105 τοῦ
2843 5051 2979 5122 πρδς
3009 5050 3037 5102 ὃ
3072 5049 3279 5120 μετέὸη
3306 5044 3612 5110 ἀνεδέξατο.

2325 5257 2613 5327 Ἀνδρέου.
2656 5254 2791 5324 Περὶ
2840 5253 2894 5306 δὲ
2947 5252 3045 5320 τῆς
3093 5250 3367 5317 θαλάσσης
3399 5248 3583 5315 φησὶν,
3625 5246 3707 5295 ἔτι
3763 5244 3822 5297 Ἠ

2242 5350 2527 5404 θάλασσα
2572 5347 2682 5400 οὐκ
2721 5344 2808 5397 ἔτι
2854 5346 3006 5396 ἔστι.
3045 5342 3140 5404 Τίς
3185 5340 3295 5411 γὰρ
3333 5338 3493 5409 χρεία
3514 5336 3817 5402 θαλάσσης,

2250 5440 2325 5510 μὴ
2358 5438 2627 5507 δεομένων
2670 5434 2973 5503 ἀνθρώπων
3015 5431 3109 5485 τοῦ
3140 5431 3292 5484 πλεῖν
3323 5428 3493 5497 αὐτὴν
3514 5468 3529 5492 ,
3562 5427 3595 5500 ἢ
3628 5427 3696 5480 δι’
3722 5426 3821 5479 αὐ-

2246 5529 2344 5598 τῆς
2370 5526 2688 5598 πορίζεσθαι
2719 5526 2786 5578 τὰ
2820 5527 2875 5578 ἐν
2905 5528 3027 5588 ταῖς
3069 5521 3285 5595 μακρὰν
3308 5518 3587 5589 κειμέναις
3612 5515 3819 5591 χώραις

2246 5618 2489 5691 γεωργού
2497 5637 2630 5691 μενκ
2663 5616 2918 5692 ἀγώγιμα
2935 5633 2949 5682 ;
