  <div class='ocr_page' id='page_1' title='image "/cluster/home/n/w/nwhite01/storage/ocr_20150623/106/coo.31924054870104/390.png"; bbox 0 0 4164 6444; ppageno 0'>
   <div class='ocr_carea' id='block_1_1' title="bbox 437 422 536 488">
    <p class='ocr_par' dir='ltr' id='par_1_1' title="bbox 437 422 536 488">
     <span class='ocr_line' id='line_1_1' title="bbox 437 422 536 488; baseline -0.02 0"><span class='ocrx_word' id='word_1_1' title='bbox 437 422 536 488; x_wconf 78' lang='grc'><strong>’61</strong></span> 
     </span>
     <span class='ocr_line' id='line_1_2' title="bbox 449 457 460 485; baseline 0 0"><span class='ocrx_word' id='word_1_2' title='bbox 449 457 460 485; x_wconf 82' lang='grc' dir='ltr'><strong>Ι</strong></span> 
     </span>
    </p>
   </div>
   <div class='ocr_carea' id='block_1_2' title="bbox 1507 424 2574 490">
    <p class='ocr_par' dir='ltr' id='par_1_2' title="bbox 1507 424 2574 490">
     <span class='ocr_line' id='line_1_3' title="bbox 1507 424 2574 490; baseline 0.005 -6"><span class='ocrx_word' id='word_1_3' title='bbox 1507 424 1898 488; x_wconf 79' lang='lat' dir='ltr'><strong>COMMENT.</strong></span> <span class='ocrx_word' id='word_1_4' title='bbox 1935 425 2018 488; x_wconf 86' lang='lat' dir='ltr'><strong>IN</strong></span> <span class='ocrx_word' id='word_1_5' title='bbox 2041 428 2574 490; x_wconf 76' lang='lat' dir='ltr'><strong>APOCALYPSIN.</strong></span> 
     </span>
    </p>
   </div>
   <div class='ocr_carea' id='block_1_3' title="bbox 3597 435 3710 498">
    <p class='ocr_par' dir='ltr' id='par_1_3' title="bbox 3597 435 3710 498">
     <span class='ocr_line' id='line_1_4' title="bbox 3597 435 3710 498; baseline 0.009 -1"><span class='ocrx_word' id='word_1_6' title='bbox 3597 435 3710 498; x_wconf 74' lang='lat'><strong>762</strong></span> 
     </span>
    </p>
   </div>
   <div class='ocr_carea' id='block_1_4' title="bbox 509 527 2026 609">
    <p class='ocr_par' dir='ltr' id='par_1_4' title="bbox 509 527 2025 605">
     <span class='ocr_line' id='line_1_5' title="bbox 509 527 2025 605; baseline 0.001 -17"><span class='ocrx_word' id='word_1_7' title='bbox 509 532 620 588; x_wconf 83' lang='lat' dir='ltr'><strong>Kal</strong></span> <span class='ocrx_word' id='word_1_8' title='bbox 652 533 686 602; x_wconf 79' lang='grc' dir='ltr'><em>ἡ</em></span> <span class='ocrx_word' id='word_1_9' title='bbox 713 530 1000 586; x_wconf 68' lang='grc' dir='ltr'>θάλασσα</span> <span class='ocrx_word' id='word_1_10' title='bbox 1029 533 1140 586; x_wconf 77' lang='grc' dir='ltr'>οὐκ</span> <span class='ocrx_word' id='word_1_11' title='bbox 1167 531 1340 586; x_wconf 76' lang='grc' dir='ltr'>ἔστιν</span> <span class='ocrx_word' id='word_1_12' title='bbox 1367 530 1476 588; x_wconf 76' lang='grc' dir='ltr'>ἔτι.</span> <span class='ocrx_word' id='word_1_13' title='bbox 1505 533 1566 585; x_wconf 84' lang='grc' dir='ltr'><strong>Εἰ</strong></span> <span class='ocrx_word' id='word_1_14' title='bbox 1589 534 1794 605; x_wconf 86' lang='grc' dir='ltr'>κόσμος</span> <span class='ocrx_word' id='word_1_15' title='bbox 1819 527 1974 598; x_wconf 73' lang='grc' dir='ltr'>οὗτος</span> <span class='ocrx_word' id='word_1_16' title='bbox 1997 538 2025 590; x_wconf 85' lang='grc' dir='ltr'>ὁ</span> 
     </span>
    </p>
   </div>
   <div class='ocr_carea' id='block_1_5' title="bbox 2125 527 3710 609">
    <p class='ocr_par' dir='ltr' id='par_1_5' title="bbox 2203 535 3710 609">
     <span class='ocr_line' id='line_1_6' title="bbox 2203 535 3710 609; baseline 0.001 -19"><span class='ocrx_word' id='word_1_17' title='bbox 2203 536 2271 590; x_wconf 84' lang='lat' dir='ltr'><strong>Et</strong></span> <span class='ocrx_word' id='word_1_18' title='bbox 2303 554 2448 592; x_wconf 78' lang='lat' dir='ltr'><strong>mare</strong></span> <span class='ocrx_word' id='word_1_19' title='bbox 2478 555 2582 591; x_wconf 81' lang='lat' dir='ltr'><strong>non</strong></span> <span class='ocrx_word' id='word_1_20' title='bbox 2621 547 2696 591; x_wconf 74' lang='lat' dir='ltr'><strong>est</strong></span> <span class='ocrx_word' id='word_1_21' title='bbox 2726 539 2986 609; x_wconf 76' lang='lat' dir='ltr'><strong>amplius.</strong></span> <span class='ocrx_word' id='word_1_22' title='bbox 3025 535 3082 592; x_wconf 84' lang='lat' dir='ltr'><strong>Si</strong></span> <span class='ocrx_word' id='word_1_23' title='bbox 3115 537 3355 593; x_wconf 81' lang='lat' dir='ltr'><strong>mundus</strong></span> <span class='ocrx_word' id='word_1_24' title='bbox 3405 539 3494 592; x_wconf 92' lang='lat' dir='ltr'><strong>hic</strong></span> <span class='ocrx_word' id='word_1_25' title='bbox 3531 541 3710 595; x_wconf 80' lang='lat' dir='ltr'><strong>sensi-</strong></span> 
     </span>
    </p>
   </div>
   <div class='ocr_carea' id='block_1_6' title="bbox 439 621 2028 696">
    <p class='ocr_par' dir='ltr' id='par_1_6' title="bbox 439 621 2028 696">
     <span class='ocr_line' id='line_1_7' title="bbox 439 621 2028 696; baseline 0.003 -18"><span class='ocrx_word' id='word_1_26' title='bbox 439 625 698 692; x_wconf 74' lang='grc' dir='ltr'>αἰσθητὸς</span> <span class='ocrx_word' id='word_1_27' title='bbox 720 663 736 688; x_wconf 91' lang='grc'><strong>,</strong></span> <span class='ocrx_word' id='word_1_28' title='bbox 767 623 869 676; x_wconf 87' lang='grc' dir='ltr'>οὐκ</span> <span class='ocrx_word' id='word_1_29' title='bbox 905 621 1036 676; x_wconf 79' lang='grc' dir='ltr'>ἄλλο</span> <span class='ocrx_word' id='word_1_30' title='bbox 1063 640 1137 686; x_wconf 90' lang='grc' dir='ltr'><strong>τι,</strong></span> <span class='ocrx_word' id='word_1_31' title='bbox 1173 623 1206 694; x_wconf 86' lang='grc' dir='ltr'><strong>ἥ</strong></span> <span class='ocrx_word' id='word_1_32' title='bbox 1253 623 1318 676; x_wconf 73' lang='grc' dir='ltr'>τὸ</span> <span class='ocrx_word' id='word_1_33' title='bbox 1357 623 1417 690; x_wconf 75' lang='grc' dir='ltr'>ἐξ</span> <span class='ocrx_word' id='word_1_34' title='bbox 1465 625 1724 695; x_wconf 80' lang='grc' dir='ltr'>ούρανοῦ,</span> <span class='ocrx_word' id='word_1_35' title='bbox 1763 629 1862 680; x_wconf 77' lang='grc' dir='ltr'>καὶ</span> <span class='ocrx_word' id='word_1_36' title='bbox 1903 629 2028 696; x_wconf 79' lang='grc' dir='ltr'>γῆς.</span> 
     </span>
    </p>
   </div>
   <div class='ocr_carea' id='block_1_7' title="bbox 439 711 2028 790">
    <p class='ocr_par' dir='ltr' id='par_1_7' title="bbox 439 711 2028 790">
     <span class='ocr_line' id='line_1_8' title="bbox 439 711 2028 790; baseline 0.003 -22"><span class='ocrx_word' id='word_1_37' title='bbox 439 715 534 769; x_wconf 70' lang='grc' dir='ltr'>καὶ</span> <span class='ocrx_word' id='word_1_38' title='bbox 554 715 662 766; x_wconf 84' lang='grc' dir='ltr'><strong>τῶν</strong></span> <span class='ocrx_word' id='word_1_39' title='bbox 692 716 750 766; x_wconf 76' lang='grc' dir='ltr'>ὲν</span> <span class='ocrx_word' id='word_1_40' title='bbox 776 711 854 784; x_wconf 84' lang='grc' dir='ltr'>τῷ</span> <span class='ocrx_word' id='word_1_41' title='bbox 880 713 1032 785; x_wconf 85' lang='grc' dir='ltr'>μέσῳ</span> <span class='ocrx_word' id='word_1_42' title='bbox 1054 714 1310 786; x_wconf 77' lang='grc' dir='ltr'>σύστημά</span> <span class='ocrx_word' id='word_1_43' title='bbox 1337 716 1453 768; x_wconf 77' lang='grc' dir='ltr'>ἐστι</span> <span class='ocrx_word' id='word_1_44' title='bbox 1483 718 1575 770; x_wconf 76' lang='grc' dir='ltr'>καὶ</span> <span class='ocrx_word' id='word_1_45' title='bbox 1599 716 1906 790; x_wconf 78' lang='grc' dir='ltr'><strong>σύγκριμα,</strong></span> <span class='ocrx_word' id='word_1_46' title='bbox 1934 719 2028 774; x_wconf 89' lang='grc' dir='ltr'><strong>τοῦ</strong></span> 
     </span>
    </p>
   </div>
   <div class='ocr_carea' id='block_1_8' title="bbox 439 806 2030 878">
    <p class='ocr_par' dir='ltr' id='par_1_8' title="bbox 439 806 2030 878">
     <span class='ocr_line' id='line_1_9' title="bbox 439 806 2030 878; baseline 0.005 -20"><span class='ocrx_word' id='word_1_47' title='bbox 439 806 673 878; x_wconf 79' lang='grc' dir='ltr'>ούρανοῦ</span> <span class='ocrx_word' id='word_1_48' title='bbox 705 807 929 869; x_wconf 85' lang='grc' dir='ltr'>πάντως</span> <span class='ocrx_word' id='word_1_49' title='bbox 964 807 1060 859; x_wconf 76' lang='grc' dir='ltr'>καὶ</span> <span class='ocrx_word' id='word_1_50' title='bbox 1103 808 1202 876; x_wconf 82' lang='grc' dir='ltr'>τῆς</span> <span class='ocrx_word' id='word_1_51' title='bbox 1235 809 1340 878; x_wconf 82' lang='grc' dir='ltr'>γῆς</span> <span class='ocrx_word' id='word_1_52' title='bbox 1383 809 1880 865; x_wconf 82' lang='grc' dir='ltr'>ἀνακαινισθέντων</span> <span class='ocrx_word' id='word_1_53' title='bbox 1901 853 1918 877; x_wconf 89' lang='grc'><strong>,</strong></span> <span class='ocrx_word' id='word_1_54' title='bbox 1954 813 2030 875; x_wconf 81' lang='grc' dir='ltr'>ὡς</span> 
     </span>
    </p>
   </div>
   <div class='ocr_carea' id='block_1_9' title="bbox 439 895 2027 974">
    <p class='ocr_par' dir='ltr' id='par_1_9' title="bbox 439 895 2027 974">
     <span class='ocr_line' id='line_1_10' title="bbox 439 895 2027 974; baseline 0.005 -25"><span class='ocrx_word' id='word_1_55' title='bbox 439 899 540 968; x_wconf 82' lang='grc' dir='ltr'><strong>ήδη</strong></span> <span class='ocrx_word' id='word_1_56' title='bbox 574 897 932 968; x_wconf 79' lang='grc' dir='ltr'><strong>παρεθέμεθα</strong></span> <span class='ocrx_word' id='word_1_57' title='bbox 955 938 970 961; x_wconf 91' lang='grc'><strong>,</strong></span> <span class='ocrx_word' id='word_1_58' title='bbox 1008 895 1227 962; x_wconf 86' lang='grc' dir='ltr'>πάντως</span> <span class='ocrx_word' id='word_1_59' title='bbox 1254 899 1352 952; x_wconf 79' lang='grc' dir='ltr'>καὶ</span> <span class='ocrx_word' id='word_1_60' title='bbox 1390 900 1458 953; x_wconf 76' lang='grc' dir='ltr'><strong>τὰ</strong></span> <span class='ocrx_word' id='word_1_61' title='bbox 1502 903 1935 974; x_wconf 71' lang='grc' dir='ltr'><strong>συμπληροῦντα</strong></span> <span class='ocrx_word' id='word_1_62' title='bbox 1964 904 2027 956; x_wconf 68' lang='grc' dir='ltr'><strong>τὸ</strong></span> 
     </span>
    </p>
   </div>
   <div class='ocr_carea' id='block_1_10' title="bbox 437 985 2024 1064">
    <p class='ocr_par' dir='ltr' id='par_1_10' title="bbox 437 985 2024 1064">
     <span class='ocr_line' id='line_1_11' title="bbox 437 985 2024 1064; baseline 0.005 -24"><span class='ocrx_word' id='word_1_63' title='bbox 437 985 649 1041; x_wconf 82' lang='grc' dir='ltr'>τοιοῦτο</span> <span class='ocrx_word' id='word_1_64' title='bbox 679 987 934 1060; x_wconf 83' lang='grc' dir='ltr'><strong>σύστημα</strong></span> <span class='ocrx_word' id='word_1_65' title='bbox 976 989 1078 1042; x_wconf 83' lang='grc' dir='ltr'>οὐκ</span> <span class='ocrx_word' id='word_1_66' title='bbox 1121 990 1414 1062; x_wconf 84' lang='grc' dir='ltr'>ἀμοιρήσει</span> <span class='ocrx_word' id='word_1_67' title='bbox 1463 991 1556 1044; x_wconf 87' lang='grc' dir='ltr'><strong>τοῦ</strong></span> <span class='ocrx_word' id='word_1_68' title='bbox 1605 993 2024 1064; x_wconf 83' lang='grc' dir='ltr'>ἀνακαινισμοῦ.</span> 
     </span>
    </p>
   </div>
   <div class='ocr_carea' id='block_1_11' title="bbox 439 1075 2022 1156">
    <p class='ocr_par' dir='ltr' id='par_1_11' title="bbox 439 1075 2022 1156">
     <span class='ocr_line' id='line_1_12' title="bbox 439 1075 2022 1156; baseline 0.005 -24"><span class='ocrx_word' id='word_1_69' title='bbox 439 1080 504 1132; x_wconf 90' lang='grc' dir='ltr'>Τί</span> <span class='ocrx_word' id='word_1_70' title='bbox 529 1075 623 1132; x_wconf 71' lang='grc' dir='ltr'>οὖν</span> <span class='ocrx_word' id='word_1_71' title='bbox 654 1081 688 1152; x_wconf 87' lang='grc' dir='ltr'><strong>ή</strong></span> <span class='ocrx_word' id='word_1_72' title='bbox 711 1080 952 1134; x_wconf 88' lang='grc' dir='ltr'>θάλασσα</span> <span class='ocrx_word' id='word_1_73' title='bbox 978 1081 1114 1152; x_wconf 86' lang='grc' dir='ltr'>μόνη</span> <span class='ocrx_word' id='word_1_74' title='bbox 1137 1082 1244 1134; x_wconf 85' lang='grc' dir='ltr'><strong>τῶν</strong></span> <span class='ocrx_word' id='word_1_75' title='bbox 1271 1083 1330 1136; x_wconf 86' lang='grc' dir='ltr'>ὲν</span> <span class='ocrx_word' id='word_1_76' title='bbox 1355 1083 1504 1156; x_wconf 83' lang='grc' dir='ltr'>μέσῳ</span> <span class='ocrx_word' id='word_1_77' title='bbox 1530 1085 1744 1152; x_wconf 78' lang='grc' dir='ltr'>φύσεων</span> <span class='ocrx_word' id='word_1_78' title='bbox 1774 1081 1934 1147; x_wconf 80' lang='grc' dir='ltr'>οὖσα.</span> <span class='ocrx_word' id='word_1_79' title='bbox 1959 1089 2022 1140; x_wconf 91' lang='grc' dir='ltr'><strong>ού</strong></span> 
     </span>
    </p>
   </div>
   <div class='ocr_carea' id='block_1_12' title="bbox 442 1171 2026 1248">
    <p class='ocr_par' dir='ltr' id='par_1_12' title="bbox 442 1171 2026 1248">
     <span class='ocr_line' id='line_1_13' title="bbox 442 1171 2026 1248; baseline 0.003 -23"><span class='ocrx_word' id='word_1_80' title='bbox 442 1171 604 1242; x_wconf 81' lang='grc' dir='ltr'>μόνον</span> <span class='ocrx_word' id='word_1_81' title='bbox 646 1173 922 1244; x_wconf 79' lang='grc' dir='ltr'><strong>ἠστόχησε</strong></span> <span class='ocrx_word' id='word_1_82' title='bbox 965 1174 1060 1226; x_wconf 90' lang='grc' dir='ltr'><strong>τοῦ</strong></span> <span class='ocrx_word' id='word_1_83' title='bbox 1085 1175 1510 1244; x_wconf 82' lang='grc' dir='ltr'>ἀνακαινισμοῦ,</span> <span class='ocrx_word' id='word_1_84' title='bbox 1545 1176 1682 1230; x_wconf 81' lang='grc' dir='ltr'><strong>ἀλλά</strong></span> <span class='ocrx_word' id='word_1_85' title='bbox 1709 1181 1807 1231; x_wconf 80' lang='grc' dir='ltr'>καὶ</span> <span class='ocrx_word' id='word_1_86' title='bbox 1847 1179 2026 1248; x_wconf 85' lang='grc' dir='ltr'><strong>πάντη</strong></span> 
     </span>
    </p>
   </div>
   <div class='ocr_carea' id='block_1_13' title="bbox 437 1258 2029 1336">
    <p class='ocr_par' dir='ltr' id='par_1_13' title="bbox 437 1258 2029 1336">
     <span class='ocr_line' id='line_1_14' title="bbox 437 1258 2029 1336; baseline 0.006 -21"><span class='ocrx_word' id='word_1_87' title='bbox 437 1262 534 1316; x_wconf 91' lang='grc' dir='ltr'><strong>τοῦ</strong></span> <span class='ocrx_word' id='word_1_88' title='bbox 567 1258 744 1330; x_wconf 71' lang='grc' dir='ltr'>εἷναις</span> <span class='ocrx_word' id='word_1_89' title='bbox 773 1263 834 1317; x_wconf 75' lang='lat' dir='ltr'><strong>El</strong></span> <span class='ocrx_word' id='word_1_90' title='bbox 863 1265 922 1317; x_wconf 83' lang='grc' dir='ltr'><strong>δὲ</strong></span> <span class='ocrx_word' id='word_1_91' title='bbox 963 1263 1114 1332; x_wconf 88' lang='grc' dir='ltr'>λέγει</span> <span class='ocrx_word' id='word_1_92' title='bbox 1144 1283 1230 1329; x_wconf 83' lang='grc' dir='ltr'><strong>τις</strong></span> <span class='ocrx_word' id='word_1_93' title='bbox 1264 1267 1346 1319; x_wconf 85' lang='grc' dir='ltr'>ὅτι</span> <span class='ocrx_word' id='word_1_94' title='bbox 1383 1267 1496 1321; x_wconf 81' lang='grc' dir='ltr'><strong>τῶν</strong></span> <span class='ocrx_word' id='word_1_95' title='bbox 1541 1267 1896 1336; x_wconf 76' lang='grc' dir='ltr'>ἐμπλεόντων</span> <span class='ocrx_word' id='word_1_96' title='bbox 1925 1268 2029 1324; x_wconf 85' lang='grc' dir='ltr'>οὐκ</span> 
     </span>
    </p>
   </div>
   <div class='ocr_carea' id='block_1_14' title="bbox 439 1353 2028 1428">
    <p class='ocr_par' dir='ltr' id='par_1_14' title="bbox 439 1353 2028 1428">
     <span class='ocr_line' id='line_1_15' title="bbox 439 1353 2028 1428; baseline 0.004 -23"><span class='ocrx_word' id='word_1_97' title='bbox 439 1353 609 1408; x_wconf 72' lang='grc' dir='ltr'>ὄντων</span> <span class='ocrx_word' id='word_1_98' title='bbox 635 1396 651 1420; x_wconf 90' lang='grc'><strong>,</strong></span> <span class='ocrx_word' id='word_1_99' title='bbox 687 1355 902 1425; x_wconf 85' lang='grc' dir='ltr'>ἀνάγκη</span> <span class='ocrx_word' id='word_1_100' title='bbox 937 1355 1076 1424; x_wconf 82' lang='grc' dir='ltr'>μηδὲ</span> <span class='ocrx_word' id='word_1_101' title='bbox 1108 1357 1278 1426; x_wconf 81' lang='grc' dir='ltr'>αὐτὴν</span> <span class='ocrx_word' id='word_1_102' title='bbox 1325 1359 1690 1428; x_wconf 79' lang='grc' dir='ltr'><strong>χρηματίζειν</strong></span> <span class='ocrx_word' id='word_1_103' title='bbox 1731 1360 1867 1428; x_wconf 84' lang='grc' dir='ltr'>ὅπερ</span> <span class='ocrx_word' id='word_1_104' title='bbox 1910 1359 2028 1412; x_wconf 78' lang='grc' dir='ltr'>ἐστὶ</span> 
     </span>
    </p>
   </div>
   <div class='ocr_carea' id='block_1_15' title="bbox 438 1447 2027 1521">
    <p class='ocr_par' dir='ltr' id='par_1_15' title="bbox 438 1447 2027 1521">
     <span class='ocr_line' id='line_1_16' title="bbox 438 1447 2027 1521; baseline 0.002 -20"><span class='ocrx_word' id='word_1_105' title='bbox 438 1447 555 1512; x_wconf 85' lang='grc' dir='ltr'>νῦν,</span> <span class='ocrx_word' id='word_1_106' title='bbox 599 1449 842 1511; x_wconf 72' lang='grc' dir='ltr'>εἰκότως.</span> <span class='ocrx_word' id='word_1_107' title='bbox 878 1448 951 1500; x_wconf 80' lang='grc' dir='ltr'>Τὸ</span> <span class='ocrx_word' id='word_1_108' title='bbox 983 1449 1039 1502; x_wconf 80' lang='grc' dir='ltr'><strong>δὲ</strong></span> <span class='ocrx_word' id='word_1_109' title='bbox 1073 1451 1154 1513; x_wconf 84' lang='grc' dir='ltr'><strong>είς</strong></span> <span class='ocrx_word' id='word_1_110' title='bbox 1185 1451 1429 1520; x_wconf 81' lang='grc' dir='ltr'>παντελῆ</span> <span class='ocrx_word' id='word_1_111' title='bbox 1474 1451 1817 1521; x_wconf 76' lang='grc' dir='ltr'>ἀνυπαρξίαν</span> <span class='ocrx_word' id='word_1_112' title='bbox 1849 1451 2027 1504; x_wconf 75' lang='grc' dir='ltr'>ἐλθεῖν</span> 
     </span>
    </p>
   </div>
   <div class='ocr_carea' id='block_1_16' title="bbox 437 1539 2025 1610">
    <p class='ocr_par' dir='ltr' id='par_1_16' title="bbox 437 1539 2025 1610">
     <span class='ocr_line' id='line_1_17' title="bbox 437 1539 2025 1610; baseline 0.003 -18"><span class='ocrx_word' id='word_1_113' title='bbox 437 1539 609 1608; x_wconf 76' lang='grc' dir='ltr'>αὐτὴν</span> <span class='ocrx_word' id='word_1_114' title='bbox 647 1539 743 1609; x_wconf 80' lang='grc' dir='ltr'>ὲᾷν</span> <span class='ocrx_word' id='word_1_115' title='bbox 777 1539 836 1604; x_wconf 72' lang='grc' dir='ltr'><strong>ἐξ</strong></span> <span class='ocrx_word' id='word_1_116' title='bbox 883 1539 1142 1610; x_wconf 78' lang='grc' dir='ltr'>ἡμισείας</span> <span class='ocrx_word' id='word_1_117' title='bbox 1190 1539 1564 1605; x_wconf 75' lang='grc' dir='ltr'><strong>ἐπιτελοῦντος</strong></span> <span class='ocrx_word' id='word_1_118' title='bbox 1619 1543 1710 1595; x_wconf 81' lang='grc' dir='ltr'>τὸν</span> <span class='ocrx_word' id='word_1_119' title='bbox 1743 1545 2025 1598; x_wconf 84' lang='grc' dir='ltr'>ἀνακαινι·</span> 
     </span>
    </p>
   </div>
   <div class='ocr_carea' id='block_1_17' title="bbox 439 1629 2027 1708">
    <p class='ocr_par' dir='ltr' id='par_1_17' title="bbox 439 1629 2027 1708">
     <span class='ocr_line' id='line_1_18' title="bbox 439 1629 2027 1708; baseline 0.005 -27"><span class='ocrx_word' id='word_1_120' title='bbox 439 1629 577 1697; x_wconf 85' lang='grc' dir='ltr'>σμόν</span> <span class='ocrx_word' id='word_1_121' title='bbox 603 1631 740 1683; x_wconf 77' lang='grc' dir='ltr'>ἐστι.</span> <span class='ocrx_word' id='word_1_122' title='bbox 777 1629 842 1682; x_wconf 80' lang='grc' dir='ltr'>Τί</span> <span class='ocrx_word' id='word_1_123' title='bbox 875 1629 967 1684; x_wconf 84' lang='grc' dir='ltr'><strong>οῦν</strong></span> <span class='ocrx_word' id='word_1_124' title='bbox 1000 1631 1114 1684; x_wconf 75' lang='grc' dir='ltr'>ἐστι</span> <span class='ocrx_word' id='word_1_125' title='bbox 1151 1632 1285 1703; x_wconf 77' lang='grc' dir='ltr'>πρὸς</span> <span class='ocrx_word' id='word_1_126' title='bbox 1316 1633 1473 1686; x_wconf 87' lang='grc' dir='ltr'>τοῦτο</span> <span class='ocrx_word' id='word_1_127' title='bbox 1527 1634 1704 1708; x_wconf 82' lang='grc' dir='ltr'>ὲρείν,</span> <span class='ocrx_word' id='word_1_128' title='bbox 1739 1633 1774 1706; x_wconf 83' lang='grc' dir='ltr'>ἢ</span> <span class='ocrx_word' id='word_1_129' title='bbox 1808 1637 2027 1700; x_wconf 84' lang='grc' dir='ltr'>πάντως</span> 
     </span>
    </p>
   </div>
   <div class='ocr_carea' id='block_1_18' title="bbox 435 1721 2025 1800">
    <p class='ocr_par' dir='ltr' id='par_1_18' title="bbox 435 1721 2025 1800">
     <span class='ocr_line' id='line_1_19' title="bbox 435 1721 2025 1800; baseline 0.004 -27"><span class='ocrx_word' id='word_1_130' title='bbox 435 1721 654 1788; x_wconf 79' lang='grc' dir='ltr'>έκεῖνο,</span> <span class='ocrx_word' id='word_1_131' title='bbox 703 1721 780 1785; x_wconf 85' lang='grc' dir='ltr'>ὡς</span> <span class='ocrx_word' id='word_1_132' title='bbox 821 1722 1007 1792; x_wconf 78' lang='grc' dir='ltr'>ἐπειδὴ</span> <span class='ocrx_word' id='word_1_133' title='bbox 1053 1721 1302 1800; x_wconf 79' lang='grc' dir='ltr'>θαλάσσῃ</span> <span class='ocrx_word' id='word_1_134' title='bbox 1350 1723 1634 1798; x_wconf 86' lang='grc' dir='ltr'>ὡμοίωσεν</span> <span class='ocrx_word' id='word_1_135' title='bbox 1666 1729 1694 1780; x_wconf 97' lang='lat'><strong>6</strong></span> <span class='ocrx_word' id='word_1_136' title='bbox 1741 1726 2025 1798; x_wconf 85' lang='grc' dir='ltr'>θεοπάτωρ</span> 
     </span>
    </p>
   </div>
   <div class='ocr_carea' id='block_1_19' title="bbox 430 1815 2024 1890">
    <p class='ocr_par' dir='ltr' id='par_1_19' title="bbox 430 1815 2024 1890">
     <span class='ocr_line' id='line_1_20' title="bbox 430 1815 2024 1890; baseline 0.003 -22"><span class='ocrx_word' id='word_1_137' title='bbox 430 1815 524 1868; x_wconf 61' lang='grc' dir='ltr'><strong>τον</strong></span> <span class='ocrx_word' id='word_1_138' title='bbox 566 1815 812 1885; x_wconf 77' lang='grc' dir='ltr'>παρόντα</span> <span class='ocrx_word' id='word_1_139' title='bbox 859 1815 1104 1886; x_wconf 82' lang='grc' dir='ltr'>κόσμον,</span> <span class='ocrx_word' id='word_1_140' title='bbox 1151 1817 1503 1884; x_wconf 78' lang='grc' dir='ltr'><strong>ἀναγκαίως,</strong></span> <span class='ocrx_word' id='word_1_141' title='bbox 1555 1818 1644 1873; x_wconf 81' lang='grc' dir='ltr'>ἵνα</span> <span class='ocrx_word' id='word_1_142' title='bbox 1693 1819 1767 1890; x_wconf 84' lang='grc' dir='ltr'><strong>μή</strong></span> <span class='ocrx_word' id='word_1_143' title='bbox 1815 1836 1902 1883; x_wconf 86' lang='grc' dir='ltr'><strong>τις</strong></span> <span class='ocrx_word' id='word_1_144' title='bbox 1944 1818 2024 1889; x_wconf 85' lang='grc' dir='ltr'><strong>τῷ</strong></span> 
     </span>
    </p>
   </div>
   <div class='ocr_carea' id='block_1_20' title="bbox 433 1907 2024 1984">
    <p class='ocr_par' dir='ltr' id='par_1_20' title="bbox 433 1907 2024 1984">
     <span class='ocr_line' id='line_1_21' title="bbox 433 1907 2024 1984; baseline 0.004 -22"><span class='ocrx_word' id='word_1_145' title='bbox 433 1907 818 1978; x_wconf 85' lang='grc' dir='ltr'>ἀνακαινισμῷ</span> <span class='ocrx_word' id='word_1_146' title='bbox 847 1907 942 1961; x_wconf 89' lang='grc' dir='ltr'><strong>τοῦ</strong></span> <span class='ocrx_word' id='word_1_147' title='bbox 973 1908 1202 1979; x_wconf 83' lang='grc' dir='ltr'>ούρανοῦ</span> <span class='ocrx_word' id='word_1_148' title='bbox 1235 1912 1330 1964; x_wconf 78' lang='grc' dir='ltr'>καὶ</span> <span class='ocrx_word' id='word_1_149' title='bbox 1359 1914 1458 1980; x_wconf 86' lang='grc' dir='ltr'>τῆς</span> <span class='ocrx_word' id='word_1_150' title='bbox 1495 1913 1622 1982; x_wconf 78' lang='grc' dir='ltr'>γῆς,</span> <span class='ocrx_word' id='word_1_151' title='bbox 1656 1913 1751 1966; x_wconf 85' lang='grc' dir='ltr'>καὶ</span> <span class='ocrx_word' id='word_1_152' title='bbox 1775 1913 1876 1984; x_wconf 76' lang='grc' dir='ltr'>τὴν</span> <span class='ocrx_word' id='word_1_153' title='bbox 1901 1912 2024 1968; x_wconf 78' lang='grc' dir='ltr'>κατ’</span> 
     </span>
    </p>
   </div>
   <div class='ocr_carea' id='block_1_21' title="bbox 432 1999 2024 2076">
    <p class='ocr_par' dir='ltr' id='par_1_21' title="bbox 432 1999 2024 2076">
     <span class='ocr_line' id='line_1_22' title="bbox 432 1999 2024 2076; baseline 0.004 -24"><span class='ocrx_word' id='word_1_154' title='bbox 432 1999 574 2053; x_wconf 85' lang='grc' dir='ltr'><strong>αύτά</strong></span> <span class='ocrx_word' id='word_1_155' title='bbox 617 1999 825 2072; x_wconf 78' lang='grc' dir='ltr'>τύρόην</span> <span class='ocrx_word' id='word_1_156' title='bbox 872 2001 1158 2068; x_wconf 78' lang='grc' dir='ltr'>ύποὸάλοι,</span> <span class='ocrx_word' id='word_1_157' title='bbox 1193 2002 1281 2056; x_wconf 77' lang='grc' dir='ltr'><strong>διὰ</strong></span> <span class='ocrx_word' id='word_1_158' title='bbox 1314 2002 1410 2056; x_wconf 87' lang='grc' dir='ltr'><strong>τοῦ</strong></span> <span class='ocrx_word' id='word_1_159' title='bbox 1455 2005 1678 2068; x_wconf 77' lang='grc' dir='ltr'>τελείως</span> <span class='ocrx_word' id='word_1_160' title='bbox 1714 2002 2024 2076; x_wconf 75' lang='grc' dir='ltr'>ἀφανισμοῦ</span> 
     </span>
    </p>
   </div>
   <div class='ocr_carea' id='block_1_22' title="bbox 429 2085 2026 2162">
    <p class='ocr_par' dir='ltr' id='par_1_22' title="bbox 429 2085 2026 2162">
     <span class='ocr_line' id='line_1_23' title="bbox 429 2085 2026 2162; baseline 0.004 -23"><span class='ocrx_word' id='word_1_161' title='bbox 429 2086 530 2156; x_wconf 82' lang='grc' dir='ltr'><strong>τῆς</strong></span> <span class='ocrx_word' id='word_1_162' title='bbox 585 2085 886 2156; x_wconf 84' lang='grc' dir='ltr'>θαλάσσης,</span> <span class='ocrx_word' id='word_1_163' title='bbox 941 2089 1084 2142; x_wconf 88' lang='grc' dir='ltr'><strong>κατά</strong></span> <span class='ocrx_word' id='word_1_164' title='bbox 1133 2087 1231 2159; x_wconf 83' lang='grc' dir='ltr'>τὴν</span> <span class='ocrx_word' id='word_1_165' title='bbox 1283 2093 1644 2162; x_wconf 85' lang='grc' dir='ltr'>τροπολογίαν</span> <span class='ocrx_word' id='word_1_166' title='bbox 1703 2093 1798 2146; x_wconf 91' lang='grc' dir='ltr'><strong>τοῦ</strong></span> <span class='ocrx_word' id='word_1_167' title='bbox 1863 2092 2026 2146; x_wconf 78' lang='grc' dir='ltr'>Δαυῒδ</span> 
     </span>
    </p>
   </div>
   <div class='ocr_carea' id='block_1_23' title="bbox 430 2175 2023 2255">
    <p class='ocr_par' dir='ltr' id='par_1_23' title="bbox 430 2175 2023 2255">
     <span class='ocr_line' id='line_1_24' title="bbox 430 2175 2023 2255; baseline 0.005 -22"><span class='ocrx_word' id='word_1_168' title='bbox 430 2180 616 2234; x_wconf 70' lang='grc' dir='ltr'>ἐκεῖνα</span> <span class='ocrx_word' id='word_1_169' title='bbox 642 2179 954 2250; x_wconf 85' lang='grc' dir='ltr'>ὲσημείωσε</span> <span class='ocrx_word' id='word_1_170' title='bbox 986 2181 1080 2234; x_wconf 76' lang='grc' dir='ltr'><strong>καὶ</strong></span> <span class='ocrx_word' id='word_1_171' title='bbox 1111 2181 1372 2248; x_wconf 78' lang='grc' dir='ltr'>ἐξείλετο,</span> <span class='ocrx_word' id='word_1_172' title='bbox 1403 2181 1479 2246; x_wconf 87' lang='grc' dir='ltr'><strong>ὡς</strong></span> <span class='ocrx_word' id='word_1_173' title='bbox 1509 2175 1744 2255; x_wconf 86' lang='grc' dir='ltr'>φρούδου</span> <span class='ocrx_word' id='word_1_174' title='bbox 1773 2185 1870 2240; x_wconf 72' lang='grc' dir='ltr'>καὶ</span> <span class='ocrx_word' id='word_1_175' title='bbox 1893 2186 2023 2240; x_wconf 89' lang='grc' dir='ltr'>ταύ-</span> 
     </span>
    </p>
   </div>
   <div class='ocr_carea' id='block_1_24' title="bbox 429 2271 1563 2346">
    <p class='ocr_par' dir='ltr' id='par_1_24' title="bbox 429 2271 1563 2346">
     <span class='ocr_line' id='line_1_25' title="bbox 429 2271 1563 2346; baseline -0.011 -9"><span class='ocrx_word' id='word_1_176' title='bbox 429 2289 531 2342; x_wconf 84' lang='grc' dir='ltr'>της</span> <span class='ocrx_word' id='word_1_177' title='bbox 561 2271 704 2326; x_wconf 84' lang='grc' dir='ltr'><strong>κατά</strong></span> <span class='ocrx_word' id='word_1_178' title='bbox 732 2272 824 2327; x_wconf 77' lang='grc' dir='ltr'>τὸν</span> <span class='ocrx_word' id='word_1_179' title='bbox 845 2273 1236 2344; x_wconf 79' lang='grc' dir='ltr'>ἅνακαινισμδν</span> <span class='ocrx_word' id='word_1_180' title='bbox 1264 2274 1563 2346; x_wconf 78' lang='grc' dir='ltr'>ὲσομένης;</span> 
     </span>
    </p>
   </div>
   <div class='ocr_carea' id='block_1_25' title="bbox 501 2427 2020 2504">
    <p class='ocr_par' dir='ltr' id='par_1_25' title="bbox 501 2427 2020 2504">
     <span class='ocr_line' id='line_1_26' title="bbox 501 2427 2020 2504; baseline 0.006 -21"><span class='ocrx_word' id='word_1_181' title='bbox 501 2429 610 2483; x_wconf 78' lang='grc' dir='ltr'><strong>Καὶ</strong></span> <span class='ocrx_word' id='word_1_182' title='bbox 638 2427 755 2496; x_wconf 78' lang='grc' dir='ltr'><strong>τὴν</strong></span> <span class='ocrx_word' id='word_1_183' title='bbox 785 2429 968 2484; x_wconf 75' lang='grc' dir='ltr'>πόλιν</span> <span class='ocrx_word' id='word_1_184' title='bbox 994 2430 1112 2500; x_wconf 82' lang='grc' dir='ltr'><strong>τὴν</strong></span> <span class='ocrx_word' id='word_1_185' title='bbox 1137 2429 1315 2500; x_wconf 74' lang='grc' dir='ltr'>ἁγίαν</span> <span class='ocrx_word' id='word_1_186' title='bbox 1356 2431 1749 2504; x_wconf 74' lang='grc' dir='ltr'>Ἰερουσαλὴμ</span> <span class='ocrx_word' id='word_1_187' title='bbox 1777 2435 2020 2504; x_wconf 79' lang='grc' dir='ltr'>καινήν.</span> 
     </span>
    </p>
   </div>
   <div class='ocr_carea' id='block_1_26' title="bbox 427 2519 2023 2594">
    <p class='ocr_par' dir='ltr' id='par_1_26' title="bbox 427 2519 2023 2594">
     <span class='ocr_line' id='line_1_27' title="bbox 427 2519 2023 2594; baseline 0.003 -20"><span class='ocrx_word' id='word_1_188' title='bbox 427 2520 602 2574; x_wconf 78' lang='grc' dir='ltr'>Πάλαι</span> <span class='ocrx_word' id='word_1_189' title='bbox 672 2520 806 2591; x_wconf 79' lang='grc' dir='ltr'>μὲν,</span> <span class='ocrx_word' id='word_1_190' title='bbox 875 2523 1042 2590; x_wconf 78' lang='grc' dir='ltr'>φησὶν</span> <span class='ocrx_word' id='word_1_191' title='bbox 1065 2561 1082 2586; x_wconf 95' lang='grc'><strong>,</strong></span> <span class='ocrx_word' id='word_1_192' title='bbox 1159 2519 1524 2594; x_wconf 83' lang='grc' dir='ltr'>Ἰερουσαλὴμ</span> <span class='ocrx_word' id='word_1_193' title='bbox 1589 2526 1650 2577; x_wconf 75' lang='grc' dir='ltr'>τὸ</span> <span class='ocrx_word' id='word_1_194' title='bbox 1715 2523 2023 2594; x_wconf 81' lang='grc' dir='ltr'>ἁγιώτατον</span> 
     </span>
    </p>
   </div>
   <div class='ocr_carea' id='block_1_27' title="bbox 429 2606 2024 2688">
    <p class='ocr_par' dir='ltr' id='par_1_27' title="bbox 429 2606 2024 2688">
     <span class='ocr_line' id='line_1_28' title="bbox 429 2606 2024 2688; baseline 0.004 -22"><span class='ocrx_word' id='word_1_195' title='bbox 429 2613 697 2684; x_wconf 78' lang='grc' dir='ltr'>σκήνωμα</span> <span class='ocrx_word' id='word_1_196' title='bbox 733 2612 1037 2684; x_wconf 71' lang='grc' dir='ltr'>ἐνομίζετο,</span> <span class='ocrx_word' id='word_1_197' title='bbox 1072 2615 1132 2668; x_wconf 71' lang='grc' dir='ltr'>ἐν</span> <span class='ocrx_word' id='word_1_198' title='bbox 1257 2615 1353 2669; x_wconf 84' lang='grc' dir='ltr'>καὶ</span> <span class='ocrx_word' id='word_1_199' title='bbox 1395 2617 1422 2668; x_wconf 89' lang='lat'><strong>6</strong></span> <span class='ocrx_word' id='word_1_200' title='bbox 1451 2615 1578 2678; x_wconf 72' lang='grc' dir='ltr'>ναὸς</span> <span class='ocrx_word' id='word_1_201' title='bbox 1614 2616 1709 2670; x_wconf 80' lang='grc' dir='ltr'>καὶ</span> <span class='ocrx_word' id='word_1_202' title='bbox 1750 2617 1928 2671; x_wconf 87' lang='grc' dir='ltr'>πάντα</span> <span class='ocrx_word' id='word_1_203' title='bbox 1953 2619 2024 2672; x_wconf 85' lang='grc' dir='ltr'>τὰ</span> 
     </span>
    </p>
   </div>
   <div class='ocr_carea' id='block_1_28' title="bbox 425 2703 2022 2782">
    <p class='ocr_par' dir='ltr' id='par_1_28' title="bbox 425 2703 2022 2782">
     <span class='ocr_line' id='line_1_29' title="bbox 425 2703 2022 2782; baseline 0.005 -25"><span class='ocrx_word' id='word_1_204' title='bbox 425 2703 528 2774; x_wconf 83' lang='grc' dir='ltr'>τῆς</span> <span class='ocrx_word' id='word_1_205' title='bbox 571 2704 904 2772; x_wconf 81' lang='grc' dir='ltr'>θεογνωσίας</span> <span class='ocrx_word' id='word_1_206' title='bbox 949 2703 1230 2777; x_wconf 83' lang='grc' dir='ltr'>μυστήρια</span> <span class='ocrx_word' id='word_1_207' title='bbox 1271 2705 1721 2778; x_wconf 86' lang='grc' dir='ltr'>τεθησαύρισται.</span> <span class='ocrx_word' id='word_1_208' title='bbox 1769 2705 1916 2782; x_wconf 76' lang='grc' dir='ltr'>Αὕτη</span> <span class='ocrx_word' id='word_1_209' title='bbox 1966 2707 2022 2765; x_wconf 75' lang='grc' dir='ltr'>δὲ</span> 
     </span>
    </p>
   </div>
   <div class='ocr_carea' id='block_1_29' title="bbox 425 2795 2021 2874">
    <p class='ocr_par' dir='ltr' id='par_1_29' title="bbox 425 2795 2021 2874">
     <span class='ocr_line' id='line_1_30' title="bbox 425 2795 2021 2874; baseline 0 -20"><span class='ocrx_word' id='word_1_210' title='bbox 425 2796 526 2855; x_wconf 83' lang='grc' dir='ltr'><strong>νῦν</strong></span> <span class='ocrx_word' id='word_1_211' title='bbox 575 2797 737 2871; x_wconf 81' lang='grc' dir='ltr'>καινὴ</span> <span class='ocrx_word' id='word_1_212' title='bbox 775 2797 876 2854; x_wconf 75' lang='grc' dir='ltr'>οὐκ</span> <span class='ocrx_word' id='word_1_213' title='bbox 933 2795 1039 2865; x_wconf 75' lang='grc' dir='ltr'><strong>ἔξω</strong></span> <span class='ocrx_word' id='word_1_214' title='bbox 1089 2795 1254 2870; x_wconf 79' lang='grc' dir='ltr'>λόγου</span> <span class='ocrx_word' id='word_1_215' title='bbox 1313 2798 1508 2871; x_wconf 73' lang='grc' dir='ltr'>ἐφόσον</span> <span class='ocrx_word' id='word_1_216' title='bbox 1545 2799 1612 2872; x_wconf 78' lang='grc' dir='ltr'><strong>τῇ</strong></span> <span class='ocrx_word' id='word_1_217' title='bbox 1668 2795 1763 2856; x_wconf 86' lang='grc' dir='ltr'><strong>τοῦ</strong></span> <span class='ocrx_word' id='word_1_218' title='bbox 1815 2802 2021 2874; x_wconf 81' lang='grc' dir='ltr'>Κυρίου</span> 
     </span>
    </p>
   </div>
   <div class='ocr_carea' id='block_1_30' title="bbox 427 2891 2020 2966">
    <p class='ocr_par' dir='ltr' id='par_1_30' title="bbox 427 2891 2020 2966">
     <span class='ocr_line' id='line_1_31' title="bbox 427 2891 2020 2966; baseline 0.001 -20"><span class='ocrx_word' id='word_1_219' title='bbox 427 2905 706 2966; x_wconf 63' lang='lat' dir='ltr'><strong>mgnum;</strong></span> <span class='ocrx_word' id='word_1_220' title='bbox 734 2894 919 2947; x_wconf 74' lang='grc' dir='ltr'>ἐκεῖνα</span> <span class='ocrx_word' id='word_1_221' title='bbox 962 2895 1028 2962; x_wconf 79' lang='grc' dir='ltr'>τῇ</span> <span class='ocrx_word' id='word_1_222' title='bbox 1057 2892 1383 2963; x_wconf 83' lang='grc' dir='ltr'>παλαιότητι</span> <span class='ocrx_word' id='word_1_223' title='bbox 1414 2891 1726 2964; x_wconf 74' lang='grc' dir='ltr'>ὴχρτιοῦτο.</span> <span class='ocrx_word' id='word_1_224' title='bbox 1779 2893 2020 2966; x_wconf 81' lang='grc' dir='ltr'>Ἀνάγκη</span> 
     </span>
    </p>
   </div>
   <div class='ocr_carea' id='block_1_31' title="bbox 425 2985 2024 3059">
    <p class='ocr_par' dir='ltr' id='par_1_31' title="bbox 425 2985 2024 3059">
     <span class='ocr_line' id='line_1_32' title="bbox 425 2985 2024 3059; baseline -0.002 -18"><span class='ocrx_word' id='word_1_225' title='bbox 425 2989 540 3056; x_wconf 76' lang='grc' dir='ltr'>ἄρα</span> <span class='ocrx_word' id='word_1_226' title='bbox 595 2985 790 3059; x_wconf 82' lang='grc' dir='ltr'>καινήν</span> <span class='ocrx_word' id='word_1_227' title='bbox 829 2985 926 3039; x_wconf 89' lang='grc' dir='ltr'><strong>τοῦ</strong></span> <span class='ocrx_word' id='word_1_228' title='bbox 971 2985 1179 3049; x_wconf 73' lang='grc' dir='ltr'>παντὸς</span> <span class='ocrx_word' id='word_1_229' title='bbox 1231 2986 1609 3058; x_wconf 76' lang='grc' dir='ltr'>καινοποιήτει</span> <span class='ocrx_word' id='word_1_230' title='bbox 1661 2985 2024 3058; x_wconf 78' lang='grc' dir='ltr'>Ἰερουσαλὴμ</span> 
     </span>
    </p>
   </div>
   <div class='ocr_carea' id='block_1_32' title="bbox 427 3077 2022 3152">
    <p class='ocr_par' dir='ltr' id='par_1_32' title="bbox 427 3077 2022 3152">
     <span class='ocr_line' id='line_1_33' title="bbox 427 3077 2022 3152; baseline -0.003 -16"><span class='ocrx_word' id='word_1_231' title='bbox 427 3080 874 3152; x_wconf 70' lang='grc' dir='ltr'>ἐμφανισθῆναι,</span> <span class='ocrx_word' id='word_1_232' title='bbox 922 3079 1023 3134; x_wconf 76' lang='grc' dir='ltr'>καὶ</span> <span class='ocrx_word' id='word_1_233' title='bbox 1072 3077 1133 3144; x_wconf 65' lang='grc' dir='ltr'><strong>ἒξ</strong></span> <span class='ocrx_word' id='word_1_234' title='bbox 1173 3077 1405 3150; x_wconf 85' lang='grc' dir='ltr'>ούρανοῦ</span> <span class='ocrx_word' id='word_1_235' title='bbox 1443 3077 1771 3144; x_wconf 79' lang='grc' dir='ltr'>κατιοῦσαν,</span> <span class='ocrx_word' id='word_1_236' title='bbox 1825 3077 2022 3132; x_wconf 82' lang='grc' dir='ltr'>ὁπόθεν</span> 
     </span>
    </p>
   </div>
   <div class='ocr_carea' id='block_1_33' title="bbox 425 3167 2020 3243">
    <p class='ocr_par' dir='ltr' id='par_1_33' title="bbox 425 3167 2020 3243">
     <span class='ocr_line' id='line_1_34' title="bbox 425 3167 2020 3243; baseline -0.003 -16"><span class='ocrx_word' id='word_1_237' title='bbox 425 3171 746 3234; x_wconf 80' lang='grc' dir='ltr'>καινοποιδς</span> <span class='ocrx_word' id='word_1_238' title='bbox 801 3170 1012 3243; x_wconf 83' lang='grc' dir='ltr'>Κύριος</span> <span class='ocrx_word' id='word_1_239' title='bbox 1077 3169 1288 3242; x_wconf 83' lang='grc' dir='ltr'>Ἰησοῦς</span> <span class='ocrx_word' id='word_1_240' title='bbox 1339 3170 1596 3241; x_wconf 85' lang='grc' dir='ltr'>Χριστός.</span> <span class='ocrx_word' id='word_1_241' title='bbox 1663 3167 2020 3242; x_wconf 82' lang='grc' dir='ltr'>Ἰερουσαλὴμ</span> 
     </span>
    </p>
   </div>
   <div class='ocr_carea' id='block_1_34' title="bbox 431 3259 2022 3338">
    <p class='ocr_par' dir='ltr' id='par_1_34' title="bbox 431 3259 2022 3338">
     <span class='ocr_line' id='line_1_35' title="bbox 431 3259 2022 3338; baseline -0.003 -19"><span class='ocrx_word' id='word_1_242' title='bbox 431 3265 532 3338; x_wconf 79' lang='grc' dir='ltr'>μὲν</span> <span class='ocrx_word' id='word_1_243' title='bbox 560 3259 654 3319; x_wconf 84' lang='grc' dir='ltr'><strong>οῦν</strong></span> <span class='ocrx_word' id='word_1_244' title='bbox 685 3262 880 3334; x_wconf 83' lang='grc' dir='ltr'>καινὴν</span> <span class='ocrx_word' id='word_1_245' title='bbox 901 3304 916 3328; x_wconf 90' lang='grc'><strong>,</strong></span> <span class='ocrx_word' id='word_1_246' title='bbox 957 3261 1048 3316; x_wconf 81' lang='grc' dir='ltr'><strong>διὰ</strong></span> <span class='ocrx_word' id='word_1_247' title='bbox 1079 3261 1240 3316; x_wconf 87' lang='grc' dir='ltr'>τοῦτο</span> <span class='ocrx_word' id='word_1_248' title='bbox 1259 3279 1272 3293; x_wconf 89' lang='grc'><strong>·</strong></span> <span class='ocrx_word' id='word_1_249' title='bbox 1304 3262 1461 3316; x_wconf 89' lang='grc' dir='ltr'>πόλιν</span> <span class='ocrx_word' id='word_1_250' title='bbox 1485 3260 1563 3326; x_wconf 85' lang='grc' dir='ltr'>δὲ,</span> <span class='ocrx_word' id='word_1_251' title='bbox 1597 3261 1672 3326; x_wconf 85' lang='grc' dir='ltr'>ὡς</span> <span class='ocrx_word' id='word_1_252' title='bbox 1703 3261 2022 3332; x_wconf 77' lang='grc' dir='ltr'>οἰκητήριον</span> 
     </span>
    </p>
   </div>
   <div class='ocr_carea' id='block_1_35' title="bbox 427 3349 2022 3424">
    <p class='ocr_par' dir='ltr' id='par_1_35' title="bbox 427 3349 2022 3424">
     <span class='ocr_line' id='line_1_36' title="bbox 427 3349 2022 3424; baseline -0.004 -14"><span class='ocrx_word' id='word_1_253' title='bbox 427 3356 648 3410; x_wconf 85' lang='grc' dir='ltr'>πάντων</span> <span class='ocrx_word' id='word_1_254' title='bbox 677 3353 928 3424; x_wconf 85' lang='grc' dir='ltr'>ἀγγέλων</span> <span class='ocrx_word' id='word_1_255' title='bbox 965 3353 1060 3406; x_wconf 65' lang='grc' dir='ltr'>καὶ</span> <span class='ocrx_word' id='word_1_256' title='bbox 1097 3351 1402 3424; x_wconf 85' lang='grc' dir='ltr'>ἀνθρώπων</span> <span class='ocrx_word' id='word_1_257' title='bbox 1449 3349 1742 3423; x_wconf 79' lang='grc' dir='ltr'>ἐσομένην.</span> <span class='ocrx_word' id='word_1_258' title='bbox 1792 3351 1932 3404; x_wconf 76' lang='grc' dir='ltr'><strong>’Υπδ</strong></span> <span class='ocrx_word' id='word_1_259' title='bbox 1965 3351 2022 3404; x_wconf 82' lang='grc' dir='ltr'><strong>δὲ</strong></span> 
     </span>
    </p>
   </div>
   <div class='ocr_carea' id='block_1_36' title="bbox 424 3441 2022 3517">
    <p class='ocr_par' dir='ltr' id='par_1_36' title="bbox 424 3441 2022 3517">
     <span class='ocr_line' id='line_1_37' title="bbox 424 3441 2022 3517; baseline -0.004 -15"><span class='ocrx_word' id='word_1_260' title='bbox 424 3449 523 3502; x_wconf 81' lang='grc' dir='ltr'><strong>τοῦ</strong></span> <span class='ocrx_word' id='word_1_261' title='bbox 563 3447 700 3501; x_wconf 84' lang='grc' dir='ltr'>Θεοῦ</span> <span class='ocrx_word' id='word_1_262' title='bbox 749 3445 1120 3517; x_wconf 73' lang='grc' dir='ltr'>ἡτοιμάσθαι·</span> <span class='ocrx_word' id='word_1_263' title='bbox 1169 3445 1224 3499; x_wconf 89' lang='grc' dir='ltr'><strong>τί</strong></span> <span class='ocrx_word' id='word_1_264' title='bbox 1279 3444 1390 3515; x_wconf 91' lang='grc' dir='ltr'><strong>γάρ</strong></span> <span class='ocrx_word' id='word_1_265' title='bbox 1446 3447 1533 3507; x_wconf 70' lang='grc' dir='ltr'><strong>τις</strong></span> <span class='ocrx_word' id='word_1_266' title='bbox 1579 3441 1688 3496; x_wconf 86' lang='grc' dir='ltr'><strong>τῶν</strong></span> <span class='ocrx_word' id='word_1_267' title='bbox 1735 3444 2022 3513; x_wconf 74' lang='grc' dir='ltr'>σωτηρίων</span> 
     </span>
    </p>
   </div>
   <div class='ocr_carea' id='block_1_37' title="bbox 426 3535 2023 3611">
    <p class='ocr_par' dir='ltr' id='par_1_37' title="bbox 426 3535 2023 3611">
     <span class='ocr_line' id='line_1_38' title="bbox 426 3535 2023 3611; baseline -0.005 -17"><span class='ocrx_word' id='word_1_268' title='bbox 426 3539 608 3610; x_wconf 77' lang='grc' dir='ltr'>ἑαυτῷ</span> <span class='ocrx_word' id='word_1_269' title='bbox 655 3538 948 3611; x_wconf 79' lang='grc' dir='ltr'>κατορθοῖ,</span> <span class='ocrx_word' id='word_1_270' title='bbox 979 3538 1080 3608; x_wconf 84' lang='grc' dir='ltr'>τῆς</span> <span class='ocrx_word' id='word_1_271' title='bbox 1128 3536 1236 3590; x_wconf 76' lang='grc' dir='ltr'>ἀπὸ</span> <span class='ocrx_word' id='word_1_272' title='bbox 1264 3535 1356 3590; x_wconf 88' lang='grc' dir='ltr'><strong>τοῦ</strong></span> <span class='ocrx_word' id='word_1_273' title='bbox 1403 3535 1539 3589; x_wconf 85' lang='grc' dir='ltr'>Θεοῦ</span> <span class='ocrx_word' id='word_1_274' title='bbox 1582 3535 2023 3605; x_wconf 78' lang='grc' dir='ltr'>συναντιλήψεως</span> 
     </span>
    </p>
   </div>
   <div class='ocr_carea' id='block_1_38' title="bbox 425 3628 2022 3704">
    <p class='ocr_par' dir='ltr' id='par_1_38' title="bbox 425 3628 2022 3704">
     <span class='ocr_line' id='line_1_39' title="bbox 425 3628 2022 3704; baseline -0.005 -15"><span class='ocrx_word' id='word_1_275' title='bbox 425 3631 708 3704; x_wconf 87' lang='grc' dir='ltr'>ἀμοιρῶν;</span> <span class='ocrx_word' id='word_1_276' title='bbox 741 3631 1035 3702; x_wconf 83' lang='grc' dir='ltr'>Τροπικῶς</span> <span class='ocrx_word' id='word_1_277' title='bbox 1064 3631 1122 3683; x_wconf 76' lang='grc' dir='ltr'><strong>δὲ</strong></span> <span class='ocrx_word' id='word_1_278' title='bbox 1167 3629 1264 3684; x_wconf 75' lang='grc' dir='ltr'>καὶ</span> <span class='ocrx_word' id='word_1_279' title='bbox 1297 3629 1738 3700; x_wconf 79' lang='grc' dir='ltr'>μεγαλοπρεπῶς</span> <span class='ocrx_word' id='word_1_280' title='bbox 1779 3628 1856 3692; x_wconf 86' lang='grc' dir='ltr'>ὡς</span> <span class='ocrx_word' id='word_1_281' title='bbox 1885 3629 2022 3700; x_wconf 87' lang='grc' dir='ltr'>νύμ-</span> 
     </span>
    </p>
   </div>
   <div class='ocr_carea' id='block_1_39' title="bbox 427 3721 2022 3798">
    <p class='ocr_par' dir='ltr' id='par_1_39' title="bbox 427 3721 2022 3798">
     <span class='ocr_line' id='line_1_40' title="bbox 427 3721 2022 3798; baseline -0.003 -20"><span class='ocrx_word' id='word_1_282' title='bbox 427 3745 538 3798; x_wconf 87' lang='grc' dir='ltr'><strong>φην</strong></span> <span class='ocrx_word' id='word_1_283' title='bbox 561 3725 935 3798; x_wconf 84' lang='grc' dir='ltr'>κεκόσμηκεν,</span> <span class='ocrx_word' id='word_1_284' title='bbox 967 3723 1040 3788; x_wconf 85' lang='grc' dir='ltr'>ὡς</span> <span class='ocrx_word' id='word_1_285' title='bbox 1068 3723 1134 3777; x_wconf 86' lang='grc' dir='ltr'>ἂν</span> <span class='ocrx_word' id='word_1_286' title='bbox 1168 3723 1233 3776; x_wconf 78' lang='grc' dir='ltr'>ὲκ</span> <span class='ocrx_word' id='word_1_287' title='bbox 1256 3724 1364 3777; x_wconf 88' lang='grc' dir='ltr'><strong>τῶν</strong></span> <span class='ocrx_word' id='word_1_288' title='bbox 1388 3721 1664 3794; x_wconf 82' lang='grc' dir='ltr'>αἰσθητῶς</span> <span class='ocrx_word' id='word_1_289' title='bbox 1689 3721 2022 3792; x_wconf 87' lang='grc' dir='ltr'>λεγομένων,</span> 
     </span>
    </p>
   </div>
   <div class='ocr_carea' id='block_1_40' title="bbox 427 3813 2025 3890">
    <p class='ocr_par' dir='ltr' id='par_1_40' title="bbox 427 3813 2025 3890">
     <span class='ocr_line' id='line_1_41' title="bbox 427 3813 2025 3890; baseline -0.003 -18"><span class='ocrx_word' id='word_1_290' title='bbox 427 3822 508 3880; x_wconf 79' lang='grc' dir='ltr'><strong>είς</strong></span> <span class='ocrx_word' id='word_1_291' title='bbox 534 3819 635 3890; x_wconf 80' lang='grc' dir='ltr'>τὴν</span> <span class='ocrx_word' id='word_1_292' title='bbox 659 3819 856 3890; x_wconf 78' lang='grc' dir='ltr'>νοητὴν</span> <span class='ocrx_word' id='word_1_293' title='bbox 878 3817 988 3870; x_wconf 84' lang='grc' dir='ltr'><strong>τῶν</strong></span> <span class='ocrx_word' id='word_1_294' title='bbox 1014 3817 1188 3884; x_wconf 86' lang='grc' dir='ltr'>ἀγίων</span> <span class='ocrx_word' id='word_1_295' title='bbox 1218 3815 1599 3886; x_wconf 83' lang='grc' dir='ltr'>μακαριότητα</span> <span class='ocrx_word' id='word_1_296' title='bbox 1629 3815 1724 3870; x_wconf 73' lang='grc' dir='ltr'>καὶ</span> <span class='ocrx_word' id='word_1_297' title='bbox 1745 3813 2025 3886; x_wconf 79' lang='grc' dir='ltr'>διαγωγὴν</span> 
     </span>
    </p>
   </div>
   <div class='ocr_carea' id='block_1_41' title="bbox 425 3907 1614 3981">
    <p class='ocr_par' dir='ltr' id='par_1_41' title="bbox 425 3907 1614 3981">
     <span class='ocr_line' id='line_1_42' title="bbox 425 3907 1614 3981; baseline -0.002 -17"><span class='ocrx_word' id='word_1_298' title='bbox 425 3913 522 3964; x_wconf 83' lang='grc' dir='ltr'>τὸν</span> <span class='ocrx_word' id='word_1_299' title='bbox 548 3909 674 3964; x_wconf 88' lang='grc' dir='ltr'>νοῦν</span> <span class='ocrx_word' id='word_1_300' title='bbox 711 3909 1180 3981; x_wconf 80' lang='grc' dir='ltr'>παραπέμψωμεν</span> <span class='ocrx_word' id='word_1_301' title='bbox 1205 3907 1297 3962; x_wconf 80' lang='grc' dir='ltr'>τὸν</span> <span class='ocrx_word' id='word_1_302' title='bbox 1324 3908 1614 3980; x_wconf 85' lang='grc' dir='ltr'>ἡμέτερον.</span> 
     </span>
    </p>
   </div>
   <div class='ocr_carea' id='block_1_42' title="bbox 503 4125 2016 4198">
    <p class='ocr_par' dir='ltr' id='par_1_42' title="bbox 503 4125 2016 4198">
     <span class='ocr_line' id='line_1_43' title="bbox 503 4125 2016 4198; baseline -0.006 -10"><span class='ocrx_word' id='word_1_303' title='bbox 503 4132 612 4188; x_wconf 78' lang='grc' dir='ltr'><strong>Καὶ</strong></span> <span class='ocrx_word' id='word_1_304' title='bbox 637 4129 822 4196; x_wconf 78' lang='grc' dir='ltr'>αὐτὸς</span> <span class='ocrx_word' id='word_1_305' title='bbox 863 4131 897 4184; x_wconf 85' lang='grc' dir='ltr'><strong>ό</strong></span> <span class='ocrx_word' id='word_1_306' title='bbox 933 4126 1079 4193; x_wconf 82' lang='grc' dir='ltr'>Θεὸς</span> <span class='ocrx_word' id='word_1_307' title='bbox 1099 4128 1231 4198; x_wconf 78' lang='grc' dir='ltr'>μετ’</span> <span class='ocrx_word' id='word_1_308' title='bbox 1259 4126 1461 4182; x_wconf 78' lang='grc' dir='ltr'>αὐτῶν</span> <span class='ocrx_word' id='word_1_309' title='bbox 1492 4126 1686 4180; x_wconf 75' lang='grc' dir='ltr'>ἔσται.</span> <span class='ocrx_word' id='word_1_310' title='bbox 1720 4125 1892 4180; x_wconf 83' lang='grc' dir='ltr'>Τοῦτο</span> <span class='ocrx_word' id='word_1_311' title='bbox 1925 4145 2016 4179; x_wconf 85' lang='grc' dir='ltr'>σα-</span> 
     </span>
    </p>
   </div>
   <div class='ocr_carea' id='block_1_43' title="bbox 429 4218 2027 4295">
    <p class='ocr_par' dir='ltr' id='par_1_43' title="bbox 429 4218 2027 4295">
     <span class='ocr_line' id='line_1_44' title="bbox 429 4218 2027 4295; baseline -0.004 -18"><span class='ocrx_word' id='word_1_312' title='bbox 429 4225 696 4295; x_wconf 83' lang='grc' dir='ltr'>φέστερον</span> <span class='ocrx_word' id='word_1_313' title='bbox 724 4225 752 4275; x_wconf 92' lang='lat'><strong>6</strong></span> <span class='ocrx_word' id='word_1_314' title='bbox 783 4219 1107 4284; x_wconf 85' lang='grc' dir='ltr'>Ἀπόστολος</span> <span class='ocrx_word' id='word_1_315' title='bbox 1134 4218 1308 4290; x_wconf 84' lang='grc' dir='ltr'>δηλῶν</span> <span class='ocrx_word' id='word_1_316' title='bbox 1330 4219 1535 4286; x_wconf 73' lang='grc' dir='ltr'>ἐλεγενο</span> <span class='ocrx_word' id='word_1_317' title='bbox 1567 4238 1594 4270; x_wconf 77' lang='grc' dir='ltr'>ι.</span> <span class='ocrx_word' id='word_1_318' title='bbox 1611 4219 1846 4270; x_wconf 87' lang='grc' dir='ltr'>Ἔπειτα</span> <span class='ocrx_word' id='word_1_319' title='bbox 1866 4219 2027 4288; x_wconf 82' lang='grc' dir='ltr'>ἡμεῖς</span> 
     </span>
    </p>
   </div>
   <div class='ocr_carea' id='block_1_44' title="bbox 429 4308 2056 4386">
    <p class='ocr_par' dir='ltr' id='par_1_44' title="bbox 429 4308 2056 4386">
     <span class='ocr_line' id='line_1_45' title="bbox 429 4308 2056 4386; baseline -0.006 -16"><span class='ocrx_word' id='word_1_320' title='bbox 429 4319 482 4370; x_wconf 90' lang='grc' dir='ltr'>οἱ</span> <span class='ocrx_word' id='word_1_321' title='bbox 513 4316 712 4382; x_wconf 75' lang='grc' dir='ltr'>ζῶντες</span> <span class='ocrx_word' id='word_1_322' title='bbox 741 4313 792 4368; x_wconf 80' lang='grc' dir='ltr'>οἱ</span> <span class='ocrx_word' id='word_1_323' title='bbox 831 4313 1279 4386; x_wconf 83' lang='grc' dir='ltr'>περιλειπόμενοι</span> <span class='ocrx_word' id='word_1_324' title='bbox 1309 4309 1756 4381; x_wconf 80' lang='grc' dir='ltr'>ἁρπαγησόμεθα</span> <span class='ocrx_word' id='word_1_325' title='bbox 1785 4310 1844 4360; x_wconf 81' lang='grc' dir='ltr'><strong>έν</strong></span> <span class='ocrx_word' id='word_1_326' title='bbox 1868 4308 2028 4375; x_wconf 81' lang='grc' dir='ltr'>νεφέ-</span> <span class='ocrx_word' id='word_1_327' title='bbox 2053 4369 2056 4372; x_wconf 96' lang='lat'><em>_</em></span> 
     </span>
    </p>
   </div>
   <div class='ocr_carea' id='block_1_45' title="bbox 429 4405 2028 4478">
    <p class='ocr_par' dir='ltr' id='par_1_45' title="bbox 429 4405 2028 4478">
     <span class='ocr_line' id='line_1_46' title="bbox 429 4405 2028 4478; baseline -0.003 -14"><span class='ocrx_word' id='word_1_328' title='bbox 429 4412 554 4475; x_wconf 85' lang='grc' dir='ltr'>λαις</span> <span class='ocrx_word' id='word_1_329' title='bbox 583 4413 662 4476; x_wconf 88' lang='grc' dir='ltr'>εἰς</span> <span class='ocrx_word' id='word_1_330' title='bbox 709 4407 1018 4478; x_wconf 81' lang='grc' dir='ltr'>ἀπάντησιν</span> <span class='ocrx_word' id='word_1_331' title='bbox 1050 4409 1146 4462; x_wconf 89' lang='grc' dir='ltr'><strong>τοῦ</strong></span> <span class='ocrx_word' id='word_1_332' title='bbox 1178 4407 1387 4478; x_wconf 82' lang='grc' dir='ltr'>Κυρίου</span> <span class='ocrx_word' id='word_1_333' title='bbox 1431 4409 1512 4468; x_wconf 86' lang='grc' dir='ltr'><strong>εἰς</strong></span> <span class='ocrx_word' id='word_1_334' title='bbox 1541 4407 1683 4476; x_wconf 83' lang='grc' dir='ltr'>ἀέρα</span> <span class='ocrx_word' id='word_1_335' title='bbox 1707 4447 1722 4468; x_wconf 89' lang='grc'><strong><em>.</em></strong></span> <span class='ocrx_word' id='word_1_336' title='bbox 1753 4407 1848 4460; x_wconf 77' lang='grc' dir='ltr'>καὶ</span> <span class='ocrx_word' id='word_1_337' title='bbox 1882 4405 2028 4460; x_wconf 79' lang='grc' dir='ltr'>οὕτω</span> 
     </span>
    </p>
   </div>
   <div class='ocr_carea' id='block_1_46' title="bbox 433 4493 2024 4572">
    <p class='ocr_par' dir='ltr' id='par_1_46' title="bbox 433 4493 2024 4572">
     <span class='ocr_line' id='line_1_47' title="bbox 433 4493 2024 4572; baseline -0.004 -16"><span class='ocrx_word' id='word_1_338' title='bbox 433 4503 669 4562; x_wconf 84' lang='grc' dir='ltr'>πάντοτε</span> <span class='ocrx_word' id='word_1_339' title='bbox 718 4503 816 4556; x_wconf 84' lang='grc' dir='ltr'><strong>σὺν</strong></span> <span class='ocrx_word' id='word_1_340' title='bbox 873 4501 1068 4572; x_wconf 82' lang='grc' dir='ltr'>Κυρίῳ</span> <span class='ocrx_word' id='word_1_341' title='bbox 1123 4499 1386 4569; x_wconf 73' lang='grc' dir='ltr'>ἐσόμεθα.</span> <span class='ocrx_word' id='word_1_342' title='bbox 1419 4517 1437 4550; x_wconf 74' lang='grc' dir='ltr'><strong>ι</strong></span> <span class='ocrx_word' id='word_1_343' title='bbox 1495 4498 1584 4550; x_wconf 87' lang='grc' dir='ltr'><strong>Ἑν</strong></span> <span class='ocrx_word' id='word_1_344' title='bbox 1634 4499 1808 4569; x_wconf 75' lang='grc' dir='ltr'>ταύτῃ</span> <span class='ocrx_word' id='word_1_345' title='bbox 1839 4493 1934 4552; x_wconf 74' lang='grc' dir='ltr'>οὖν</span> <span class='ocrx_word' id='word_1_346' title='bbox 1957 4501 2024 4568; x_wconf 81' lang='grc' dir='ltr'>τῇ</span> 
     </span>
    </p>
   </div>
   <div class='ocr_carea' id='block_1_47' title="bbox 2135 629 3711 700">
    <p class='ocr_par' dir='ltr' id='par_1_47' title="bbox 2135 629 3711 700">
     <span class='ocr_line' id='line_1_48' title="bbox 2135 629 3711 700; baseline 0.002 -17"><span class='ocrx_word' id='word_1_347' title='bbox 2135 629 2261 685; x_wconf 87' lang='lat' dir='ltr'><strong>bilis</strong></span> <span class='ocrx_word' id='word_1_348' title='bbox 2291 647 2396 684; x_wconf 88' lang='lat' dir='ltr'><strong>nou</strong></span> <span class='ocrx_word' id='word_1_349' title='bbox 2430 632 2576 686; x_wconf 87' lang='lat' dir='ltr'><strong>aliud</strong></span> <span class='ocrx_word' id='word_1_350' title='bbox 2603 641 2687 686; x_wconf 86' lang='lat' dir='ltr'><strong>est</strong></span> <span class='ocrx_word' id='word_1_351' title='bbox 2713 647 2880 700; x_wconf 88' lang='lat' dir='ltr'><strong>quam</strong></span> <span class='ocrx_word' id='word_1_352' title='bbox 2909 632 3266 700; x_wconf 73' lang='lat' dir='ltr'><strong>congregatio</strong></span> <span class='ocrx_word' id='word_1_353' title='bbox 3297 641 3352 684; x_wconf 86' lang='lat' dir='ltr'><strong>et</strong></span> <span class='ocrx_word' id='word_1_354' title='bbox 3381 631 3711 688; x_wconf 85' lang='lat' dir='ltr'><strong>coadunatio</strong></span> 
     </span>
    </p>
   </div>
   <div class='ocr_carea' id='block_1_48' title="bbox 2131 722 3710 788">
    <p class='ocr_par' dir='ltr' id='par_1_48' title="bbox 2131 722 3710 788">
     <span class='ocr_line' id='line_1_49' title="bbox 2131 722 3710 788; baseline 0.002 -15"><span class='ocrx_word' id='word_1_355' title='bbox 2131 737 2197 773; x_wconf 78' lang='lat' dir='ltr'><strong>ex</strong></span> <span class='ocrx_word' id='word_1_356' title='bbox 2229 722 2369 775; x_wconf 52' lang='lat' dir='ltr'><strong>curio</strong></span> <span class='ocrx_word' id='word_1_357' title='bbox 2401 733 2454 776; x_wconf 86' lang='lat' dir='ltr'><strong>et</strong></span> <span class='ocrx_word' id='word_1_358' title='bbox 2474 731 2616 776; x_wconf 84' lang='lat' dir='ltr'><strong>terra</strong></span> <span class='ocrx_word' id='word_1_359' title='bbox 2637 733 2688 775; x_wconf 89' lang='lat' dir='ltr'><strong>et</strong></span> <span class='ocrx_word' id='word_1_360' title='bbox 2721 722 3084 786; x_wconf 87' lang='lat' dir='ltr'><strong>intermediis,</strong></span> <span class='ocrx_word' id='word_1_361' title='bbox 3114 727 3298 788; x_wconf 87' lang='lat' dir='ltr'><strong>utique</strong></span> <span class='ocrx_word' id='word_1_362' title='bbox 3319 722 3462 776; x_wconf 69' lang='lat' dir='ltr'><strong>caelo</strong></span> <span class='ocrx_word' id='word_1_363' title='bbox 3483 729 3538 776; x_wconf 91' lang='lat' dir='ltr'><strong>et</strong></span> <span class='ocrx_word' id='word_1_364' title='bbox 3566 730 3710 776; x_wconf 87' lang='lat' dir='ltr'><strong>terra</strong></span> 
     </span>
    </p>
   </div>
   <div class='ocr_carea' id='block_1_49' title="bbox 2131 813 3712 884">
    <p class='ocr_par' dir='ltr' id='par_1_49' title="bbox 2131 813 3712 884">
     <span class='ocr_line' id='line_1_50' title="bbox 2131 813 3712 884; baseline 0 -18"><span class='ocrx_word' id='word_1_365' title='bbox 2131 815 2426 876; x_wconf 87' lang='lat' dir='ltr'><strong>renovatis,</strong></span> <span class='ocrx_word' id='word_1_366' title='bbox 2465 824 2524 868; x_wconf 89' lang='lat' dir='ltr'><strong>ut</strong></span> <span class='ocrx_word' id='word_1_367' title='bbox 2547 813 2662 884; x_wconf 86' lang='lat' dir='ltr'><strong>jam</strong></span> <span class='ocrx_word' id='word_1_368' title='bbox 2693 816 2746 870; x_wconf 89' lang='lat' dir='ltr'><strong>in</strong></span> <span class='ocrx_word' id='word_1_369' title='bbox 2783 815 3022 869; x_wconf 86' lang='lat' dir='ltr'><strong>medium</strong></span> <span class='ocrx_word' id='word_1_370' title='bbox 3081 814 3432 884; x_wconf 79' lang='lat' dir='ltr'><strong>protulimus,</strong></span> <span class='ocrx_word' id='word_1_371' title='bbox 3485 813 3712 866; x_wconf 82' lang='lat' dir='ltr'><strong>omnino</strong></span> 
     </span>
    </p>
   </div>
   <div class='ocr_carea' id='block_1_50' title="bbox 2129 905 3710 976">
    <p class='ocr_par' dir='ltr' id='par_1_50' title="bbox 2129 905 3710 976">
     <span class='ocr_line' id='line_1_51' title="bbox 2129 905 3710 976; baseline 0.001 -20"><span class='ocrx_word' id='word_1_372' title='bbox 2129 905 2294 958; x_wconf 89' lang='lat' dir='ltr'><strong>etiam</strong></span> <span class='ocrx_word' id='word_1_373' title='bbox 2323 921 2385 959; x_wconf 87' lang='lat' dir='ltr'><strong>ea</strong></span> <span class='ocrx_word' id='word_1_374' title='bbox 2415 921 2538 974; x_wconf 79' lang='lat' dir='ltr'><strong>quze</strong></span> <span class='ocrx_word' id='word_1_375' title='bbox 2563 906 2878 974; x_wconf 74' lang='lat' dir='ltr'><strong>huiusmodi</strong></span> <span class='ocrx_word' id='word_1_376' title='bbox 2907 907 3389 976; x_wconf 78' lang='lat' dir='ltr'><strong>congregationem</strong></span> <span class='ocrx_word' id='word_1_377' title='bbox 3411 905 3710 976; x_wconf 85' lang='lat' dir='ltr'><strong>complent,</strong></span> 
     </span>
    </p>
   </div>
   <div class='ocr_carea' id='block_1_51' title="bbox 2131 996 3710 1066">
    <p class='ocr_par' dir='ltr' id='par_1_51' title="bbox 2131 996 3710 1066">
     <span class='ocr_line' id='line_1_52' title="bbox 2131 996 3710 1066; baseline 0.002 -21"><span class='ocrx_word' id='word_1_378' title='bbox 2131 1008 2236 1046; x_wconf 90' lang='lat' dir='ltr'><strong>non</strong></span> <span class='ocrx_word' id='word_1_379' title='bbox 2269 1003 2434 1048; x_wconf 86' lang='lat' dir='ltr'><strong>erunt</strong></span> <span class='ocrx_word' id='word_1_380' title='bbox 2463 996 2712 1064; x_wconf 76' lang='lat' dir='ltr'><strong>expertia</strong></span> <span class='ocrx_word' id='word_1_381' title='bbox 2743 996 3144 1052; x_wconf 77' lang='lat' dir='ltr'><strong>reuovationis.</strong></span> <span class='ocrx_word' id='word_1_382' title='bbox 3192 996 3376 1062; x_wconf 81' lang='lat' dir='ltr'><strong>Quare</strong></span> <span class='ocrx_word' id='word_1_383' title='bbox 3417 998 3582 1066; x_wconf 80' lang='lat' dir='ltr'><strong>igitur</strong></span> <span class='ocrx_word' id='word_1_384' title='bbox 3617 1011 3710 1048; x_wconf 77' lang='lat' dir='ltr'><strong>so-</strong></span> 
     </span>
    </p>
   </div>
   <div class='ocr_carea' id='block_1_52' title="bbox 2130 1083 3710 1155">
    <p class='ocr_par' dir='ltr' id='par_1_52' title="bbox 2130 1083 3710 1155">
     <span class='ocr_line' id='line_1_53' title="bbox 2130 1083 3710 1155; baseline 0.003 -18"><span class='ocrx_word' id='word_1_385' title='bbox 2130 1083 2241 1138; x_wconf 88' lang='lat' dir='ltr'><strong>lum</strong></span> <span class='ocrx_word' id='word_1_386' title='bbox 2293 1101 2442 1138; x_wconf 80' lang='lat' dir='ltr'><strong>mure</strong></span> <span class='ocrx_word' id='word_1_387' title='bbox 2491 1087 2638 1155; x_wconf 90' lang='lat' dir='ltr'><strong>quod</strong></span> <span class='ocrx_word' id='word_1_388' title='bbox 2689 1087 2744 1140; x_wconf 89' lang='lat' dir='ltr'><strong>in</strong></span> <span class='ocrx_word' id='word_1_389' title='bbox 2785 1086 2964 1140; x_wconf 88' lang='lat' dir='ltr'><strong>medio</strong></span> <span class='ocrx_word' id='word_1_390' title='bbox 3021 1096 3404 1142; x_wconf 75' lang='lat' dir='ltr'><strong>creaturarum</strong></span> <span class='ocrx_word' id='word_1_391' title='bbox 3455 1096 3562 1152; x_wconf 88' lang='lat' dir='ltr'><strong>est,</strong></span> <span class='ocrx_word' id='word_1_392' title='bbox 3601 1103 3710 1142; x_wconf 88' lang='lat' dir='ltr'><strong>non</strong></span> 
     </span>
    </p>
   </div>
   <div class='ocr_carea' id='block_1_53' title="bbox 2129 1176 3713 1250">
    <p class='ocr_par' dir='ltr' id='par_1_53' title="bbox 2129 1176 3713 1250">
     <span class='ocr_line' id='line_1_54' title="bbox 2129 1176 3713 1250; baseline 0.004 -22"><span class='ocrx_word' id='word_1_393' title='bbox 2129 1176 2305 1230; x_wconf 84' lang='lat' dir='ltr'><strong>solum</strong></span> <span class='ocrx_word' id='word_1_394' title='bbox 2336 1177 2690 1232; x_wconf 80' lang='lat' dir='ltr'><strong>renovatione</strong></span> <span class='ocrx_word' id='word_1_395' title='bbox 2725 1177 3056 1234; x_wconf 77' lang='lat' dir='ltr'><strong>frustratum</strong></span> <span class='ocrx_word' id='word_1_396' title='bbox 3083 1188 3190 1245; x_wconf 82' lang='lat' dir='ltr'><strong>est,</strong></span> <span class='ocrx_word' id='word_1_397' title='bbox 3222 1179 3318 1234; x_wconf 88' lang='lat' dir='ltr'><strong>sed</strong></span> <span class='ocrx_word' id='word_1_398' title='bbox 3339 1187 3394 1234; x_wconf 88' lang='lat' dir='ltr'><strong>et</strong></span> <span class='ocrx_word' id='word_1_399' title='bbox 3421 1179 3536 1250; x_wconf 86' lang='lat' dir='ltr'><strong>ipsa</strong></span> <span class='ocrx_word' id='word_1_400' title='bbox 3566 1180 3713 1234; x_wconf 79' lang='lat' dir='ltr'><strong>exsi-</strong></span> 
     </span>
    </p>
   </div>
   <div class='ocr_carea' id='block_1_54' title="bbox 2129 1268 3714 1340">
    <p class='ocr_par' dir='ltr' id='par_1_54' title="bbox 2129 1268 3714 1340">
     <span class='ocr_line' id='line_1_55' title="bbox 2129 1268 3714 1340; baseline 0.004 -20"><span class='ocrx_word' id='word_1_401' title='bbox 2129 1269 2358 1320; x_wconf 82' lang='lat' dir='ltr'><strong>stentia‘!</strong></span> <span class='ocrx_word' id='word_1_402' title='bbox 2389 1268 2446 1322; x_wconf 84' lang='lat' dir='ltr'><strong>Si</strong></span> <span class='ocrx_word' id='word_1_403' title='bbox 2491 1281 2672 1322; x_wconf 79' lang='lat' dir='ltr'><strong>autem</strong></span> <span class='ocrx_word' id='word_1_404' title='bbox 2713 1270 2861 1324; x_wconf 87' lang='lat' dir='ltr'><strong>dicat</strong></span> <span class='ocrx_word' id='word_1_405' title='bbox 2895 1270 3044 1340; x_wconf 87' lang='lat' dir='ltr'><strong>quis,</strong></span> <span class='ocrx_word' id='word_1_406' title='bbox 3095 1271 3240 1339; x_wconf 85' lang='lat' dir='ltr'><strong>quod</strong></span> <span class='ocrx_word' id='word_1_407' title='bbox 3291 1287 3412 1326; x_wconf 90' lang='lat' dir='ltr'><strong>cum</strong></span> <span class='ocrx_word' id='word_1_408' title='bbox 3465 1287 3573 1326; x_wconf 88' lang='lat' dir='ltr'><strong>non</strong></span> <span class='ocrx_word' id='word_1_409' title='bbox 3605 1272 3714 1328; x_wconf 88' lang='lat' dir='ltr'><strong>sint</strong></span> 
     </span>
    </p>
   </div>
   <div class='ocr_carea' id='block_1_55' title="bbox 2127 1360 3712 1434">
    <p class='ocr_par' dir='ltr' id='par_1_55' title="bbox 2127 1360 3712 1434">
     <span class='ocr_line' id='line_1_56' title="bbox 2127 1360 3712 1434; baseline 0.004 -22"><span class='ocrx_word' id='word_1_410' title='bbox 2127 1360 2222 1428; x_wconf 86' lang='lat' dir='ltr'><strong>qui</strong></span> <span class='ocrx_word' id='word_1_411' title='bbox 2255 1360 2308 1413; x_wconf 87' lang='lat' dir='ltr'><strong>in</strong></span> <span class='ocrx_word' id='word_1_412' title='bbox 2345 1375 2410 1414; x_wconf 86' lang='lat' dir='ltr'><strong>eo</strong></span> <span class='ocrx_word' id='word_1_413' title='bbox 2437 1362 2720 1430; x_wconf 72' lang='lat' dir='ltr'><strong>navigem,</strong></span> <span class='ocrx_word' id='word_1_414' title='bbox 2749 1377 2860 1416; x_wconf 91' lang='lat' dir='ltr'><strong>non</strong></span> <span class='ocrx_word' id='word_1_415' title='bbox 2891 1373 2976 1417; x_wconf 90' lang='lat' dir='ltr'><strong>est</strong></span> <span class='ocrx_word' id='word_1_416' title='bbox 3005 1377 3233 1420; x_wconf 88' lang='lat' dir='ltr'><strong>necesse</strong></span> <span class='ocrx_word' id='word_1_417' title='bbox 3265 1363 3398 1418; x_wconf 90' lang='lat' dir='ltr'><strong>illud</strong></span> <span class='ocrx_word' id='word_1_418' title='bbox 3435 1365 3712 1434; x_wconf 86' lang='lat' dir='ltr'><strong>appellare</strong></span> 
     </span>
    </p>
   </div>
   <div class='ocr_carea' id='block_1_56' title="bbox 2127 1451 3710 1524">
    <p class='ocr_par' dir='ltr' id='par_1_56' title="bbox 2127 1451 3710 1524">
     <span class='ocr_line' id='line_1_57' title="bbox 2127 1451 3710 1524; baseline 0.004 -20"><span class='ocrx_word' id='word_1_419' title='bbox 2127 1451 2272 1518; x_wconf 82' lang='lat' dir='ltr'><strong>quod</strong></span> <span class='ocrx_word' id='word_1_420' title='bbox 2310 1467 2455 1506; x_wconf 89' lang='lat' dir='ltr'><strong>nunc</strong></span> <span class='ocrx_word' id='word_1_421' title='bbox 2481 1461 2567 1506; x_wconf 84' lang='lat' dir='ltr'><strong>est</strong></span> <span class='ocrx_word' id='word_1_422' title='bbox 2597 1469 2612 1504; x_wconf 89' lang='lat'><strong>:</strong></span> <span class='ocrx_word' id='word_1_423' title='bbox 2649 1461 2794 1507; x_wconf 81' lang='lat' dir='ltr'><strong>recte</strong></span> <span class='ocrx_word' id='word_1_424' title='bbox 2827 1453 3048 1521; x_wconf 84' lang='lat' dir='ltr'><strong>quidem</strong></span> <span class='ocrx_word' id='word_1_425' title='bbox 3073 1469 3086 1504; x_wconf 93' lang='lat'><strong>:</strong></span> <span class='ocrx_word' id='word_1_426' title='bbox 3108 1469 3298 1508; x_wconf 88' lang='lat' dir='ltr'><strong>verum</strong></span> <span class='ocrx_word' id='word_1_427' title='bbox 3327 1455 3510 1510; x_wconf 79' lang='lat' dir='ltr'><strong>sinere</strong></span> <span class='ocrx_word' id='word_1_428' title='bbox 3535 1456 3710 1524; x_wconf 90' lang='lat' dir='ltr'><strong>ipsum</strong></span> 
     </span>
    </p>
   </div>
   <div class='ocr_carea' id='block_1_57' title="bbox 2128 1542 3710 1610">
    <p class='ocr_par' dir='ltr' id='par_1_57' title="bbox 2128 1542 3710 1610">
     <span class='ocr_line' id='line_1_58' title="bbox 2128 1542 3710 1610; baseline 0.003 -15"><span class='ocrx_word' id='word_1_429' title='bbox 2128 1542 2316 1596; x_wconf 76' lang='lat' dir='ltr'><strong>Venire</strong></span> <span class='ocrx_word' id='word_1_430' title='bbox 2343 1543 2409 1594; x_wconf 88' lang='lat' dir='ltr'><strong>ad</strong></span> <span class='ocrx_word' id='word_1_431' title='bbox 2449 1543 2765 1598; x_wconf 83' lang='lat' dir='ltr'><strong>absolutum</strong></span> <span class='ocrx_word' id='word_1_432' title='bbox 2809 1543 3134 1610; x_wconf 87' lang='lat' dir='ltr'><strong>interitum,</strong></span> <span class='ocrx_word' id='word_1_433' title='bbox 3169 1554 3254 1600; x_wconf 88' lang='lat' dir='ltr'><strong>est</strong></span> <span class='ocrx_word' id='word_1_434' title='bbox 3301 1546 3710 1600; x_wconf 77' lang='lat' dir='ltr'><strong>renovationem</strong></span> 
     </span>
    </p>
   </div>
   <div class='ocr_carea' id='block_1_58' title="bbox 2125 1631 3716 1704">
    <p class='ocr_par' dir='ltr' id='par_1_58' title="bbox 2125 1631 3716 1704">
     <span class='ocr_line' id='line_1_59' title="bbox 2125 1631 3716 1704; baseline 0.003 -20"><span class='ocrx_word' id='word_1_435' title='bbox 2125 1645 2192 1684; x_wconf 73' lang='lat' dir='ltr'><strong>ex</strong></span> <span class='ocrx_word' id='word_1_436' title='bbox 2221 1631 2447 1684; x_wconf 77' lang='lat' dir='ltr'><strong>dimidia</strong></span> <span class='ocrx_word' id='word_1_437' title='bbox 2483 1641 2638 1701; x_wconf 82' lang='lat' dir='ltr'><strong>parte</strong></span> <span class='ocrx_word' id='word_1_438' title='bbox 2669 1631 2906 1686; x_wconf 77' lang='lat' dir='ltr'><strong>efﬁcere.</strong></span> <span class='ocrx_word' id='word_1_439' title='bbox 2932 1631 3076 1698; x_wconf 86' lang='lat' dir='ltr'><strong>Quid</strong></span> <span class='ocrx_word' id='word_1_440' title='bbox 3111 1633 3278 1704; x_wconf 80' lang='lat' dir='ltr'><strong>igitur</strong></span> <span class='ocrx_word' id='word_1_441' title='bbox 3301 1633 3367 1686; x_wconf 87' lang='lat' dir='ltr'><strong>ad</strong></span> <span class='ocrx_word' id='word_1_442' title='bbox 3401 1633 3504 1687; x_wconf 84' lang='lat' dir='ltr'><strong>hoc</strong></span> <span class='ocrx_word' id='word_1_443' title='bbox 3529 1634 3716 1689; x_wconf 90' lang='lat' dir='ltr'><strong>dicen-</strong></span> 
     </span>
    </p>
   </div>
   <div class='ocr_carea' id='block_1_59' title="bbox 2127 1723 3744 1800">
    <p class='ocr_par' dir='ltr' id='par_1_59' title="bbox 2127 1723 3744 1800">
     <span class='ocr_line' id='line_1_60' title="bbox 2127 1723 3744 1800; baseline 0.005 -25"><span class='ocrx_word' id='word_1_444' title='bbox 2127 1723 2256 1778; x_wconf 87' lang='lat' dir='ltr'><strong>dum</strong></span> <span class='ocrx_word' id='word_1_445' title='bbox 2293 1723 2422 1778; x_wconf 81' lang='lat' dir='ltr'><strong>est?</strong></span> <span class='ocrx_word' id='word_1_446' title='bbox 2456 1724 2538 1776; x_wconf 84' lang='lat' dir='ltr'><strong>Au</strong></span> <span class='ocrx_word' id='word_1_447' title='bbox 2571 1723 2764 1794; x_wconf 86' lang='lat' dir='ltr'><strong>utique</strong></span> <span class='ocrx_word' id='word_1_448' title='bbox 2797 1723 2955 1789; x_wconf 89' lang='lat' dir='ltr'><strong>illud,</strong></span> <span class='ocrx_word' id='word_1_449' title='bbox 2987 1725 3137 1794; x_wconf 87' lang='lat' dir='ltr'><strong>quod</strong></span> <span class='ocrx_word' id='word_1_450' title='bbox 3169 1725 3297 1794; x_wconf 88' lang='lat' dir='ltr'><strong>quia</strong></span> <span class='ocrx_word' id='word_1_451' title='bbox 3328 1723 3421 1779; x_wconf 85' lang='lat' dir='ltr'><strong>Dei</strong></span> <span class='ocrx_word' id='word_1_452' title='bbox 3455 1726 3744 1800; x_wconf 77' lang='lat' dir='ltr'><strong>progeni-_</strong></span> 
     </span>
    </p>
   </div>
   <div class='ocr_carea' id='block_1_60' title="bbox 2127 1814 3715 1880">
    <p class='ocr_par' dir='ltr' id='par_1_60' title="bbox 2127 1814 3715 1880">
     <span class='ocr_line' id='line_1_61' title="bbox 2127 1814 3715 1880; baseline 0.003 -14"><span class='ocrx_word' id='word_1_453' title='bbox 2127 1818 2217 1867; x_wconf 90' lang='lat' dir='ltr'><strong>tor</strong></span> <span class='ocrx_word' id='word_1_454' title='bbox 2247 1814 2385 1868; x_wconf 87' lang='lat' dir='ltr'><strong>mari</strong></span> <span class='ocrx_word' id='word_1_455' title='bbox 2423 1814 2568 1870; x_wconf 89' lang='lat' dir='ltr'><strong>hunc</strong></span> <span class='ocrx_word' id='word_1_456' title='bbox 2597 1815 2862 1869; x_wconf 86' lang='lat' dir='ltr'><strong>mundqu</strong></span> <span class='ocrx_word' id='word_1_457' title='bbox 2899 1815 3247 1879; x_wconf 88' lang='lat' dir='ltr'><strong>assimilavit,</strong></span> <span class='ocrx_word' id='word_1_458' title='bbox 3282 1817 3618 1880; x_wconf 86' lang='lat' dir='ltr'><strong>necessario,</strong></span> <span class='ocrx_word' id='word_1_459' title='bbox 3649 1832 3715 1870; x_wconf 89' lang='lat' dir='ltr'><strong>ue</strong></span> 
     </span>
    </p>
   </div>
   <div class='ocr_carea' id='block_1_61' title="bbox 2128 1904 3712 1974">
    <p class='ocr_par' dir='ltr' id='par_1_61' title="bbox 2128 1904 3712 1974">
     <span class='ocr_line' id='line_1_62' title="bbox 2128 1904 3712 1974; baseline 0.003 -18"><span class='ocrx_word' id='word_1_460' title='bbox 2128 1904 2253 1974; x_wconf 89' lang='lat' dir='ltr'><strong>quis</strong></span> <span class='ocrx_word' id='word_1_461' title='bbox 2282 1904 2352 1958; x_wconf 91' lang='lat' dir='ltr'><strong>ad</strong></span> <span class='ocrx_word' id='word_1_462' title='bbox 2381 1904 2505 1960; x_wconf 69' lang='lat' dir='ltr'><strong>caeli</strong></span> <span class='ocrx_word' id='word_1_463' title='bbox 2537 1914 2592 1960; x_wconf 87' lang='lat' dir='ltr'><strong>et</strong></span> <span class='ocrx_word' id='word_1_464' title='bbox 2623 1913 2782 1960; x_wconf 70' lang='lat' dir='ltr'><strong>terra:</strong></span> <span class='ocrx_word' id='word_1_465' title='bbox 2817 1906 3232 1960; x_wconf 87' lang='lat' dir='ltr'><strong>reuovationem</strong></span> <span class='ocrx_word' id='word_1_466' title='bbox 3273 1905 3438 1960; x_wconf 88' lang='lat' dir='ltr'><strong>etiam</strong></span> <span class='ocrx_word' id='word_1_467' title='bbox 3473 1906 3712 1962; x_wconf 86' lang='lat' dir='ltr'><strong>mentio-</strong></span> 
     </span>
    </p>
   </div>
   <div class='ocr_carea' id='block_1_62' title="bbox 2131 1979 3713 2068">
    <p class='ocr_par' dir='ltr' id='par_1_62' title="bbox 2131 1979 3713 2068">
     <span class='ocr_line' id='line_1_63' title="bbox 2131 1979 3713 2068; baseline 0.003 -20"><span class='ocrx_word' id='word_1_468' title='bbox 2131 1979 2252 2050; x_wconf 84' lang='lat' dir='ltr'><strong>nem</strong></span> <span class='ocrx_word' id='word_1_469' title='bbox 2286 1995 2470 2051; x_wconf 77' lang='lat' dir='ltr'><strong>facere</strong></span> <span class='ocrx_word' id='word_1_470' title='bbox 2498 1995 2567 2050; x_wconf 92' lang='lat' dir='ltr'><strong>de</strong></span> <span class='ocrx_word' id='word_1_471' title='bbox 2609 1999 2770 2052; x_wconf 75' lang='lat' dir='ltr'><strong>tut-ha</strong></span> <span class='ocrx_word' id='word_1_472' title='bbox 2811 2013 2935 2066; x_wconf 75' lang='lat' dir='ltr'><strong>quae</strong></span> <span class='ocrx_word' id='word_1_473' title='bbox 2964 2001 3016 2050; x_wconf 88' lang='lat' dir='ltr'><strong>in</strong></span> <span class='ocrx_word' id='word_1_474' title='bbox 3055 1995 3188 2066; x_wconf 88' lang='lat' dir='ltr'><strong>ipsis</strong></span> <span class='ocrx_word' id='word_1_475' title='bbox 3223 2006 3328 2060; x_wconf 88' lang='lat' dir='ltr'><strong>est,</strong></span> <span class='ocrx_word' id='word_1_476' title='bbox 3361 2012 3460 2068; x_wconf 87' lang='lat' dir='ltr'><strong>per</strong></span> <span class='ocrx_word' id='word_1_477' title='bbox 3489 1997 3713 2052; x_wconf 83' lang='lat' dir='ltr'><strong>absolu-</strong></span> 
     </span>
    </p>
   </div>
   <div class='ocr_carea' id='block_1_63' title="bbox 2129 2087 3714 2159">
    <p class='ocr_par' dir='ltr' id='par_1_63' title="bbox 2129 2087 3714 2159">
     <span class='ocr_line' id='line_1_64' title="bbox 2129 2087 3714 2159; baseline 0 -17"><span class='ocrx_word' id='word_1_478' title='bbox 2129 2097 2246 2142; x_wconf 91' lang='lat' dir='ltr'><strong>tum</strong></span> <span class='ocrx_word' id='word_1_479' title='bbox 2285 2087 2455 2143; x_wconf 88' lang='lat' dir='ltr'><strong>maris</strong></span> <span class='ocrx_word' id='word_1_480' title='bbox 2496 2087 2780 2144; x_wconf 81' lang='lat' dir='ltr'><strong>interitum</strong></span> <span class='ocrx_word' id='word_1_481' title='bbox 2817 2089 2976 2158; x_wconf 80' lang='lat' dir='ltr'><strong>juxta</strong></span> <span class='ocrx_word' id='word_1_482' title='bbox 3019 2089 3382 2159; x_wconf 79' lang='lat' dir='ltr'><strong>tropologiam</strong></span> <span class='ocrx_word' id='word_1_483' title='bbox 3419 2088 3586 2142; x_wconf 83' lang='lat' dir='ltr'><strong>David</strong></span> <span class='ocrx_word' id='word_1_484' title='bbox 3622 2087 3714 2142; x_wconf 86' lang='lat' dir='ltr'><strong>illa</strong></span> 
     </span>
    </p>
   </div>
   <div class='ocr_carea' id='block_1_64' title="bbox 2127 2179 3712 2250">
    <p class='ocr_par' dir='ltr' id='par_1_64' title="bbox 2127 2179 3712 2250">
     <span class='ocr_line' id='line_1_65' title="bbox 2127 2179 3712 2250; baseline -0.001 -16"><span class='ocrx_word' id='word_1_485' title='bbox 2127 2183 2340 2234; x_wconf 81' lang='lat' dir='ltr'><strong>notavit</strong></span> <span class='ocrx_word' id='word_1_486' title='bbox 2363 2189 2417 2234; x_wconf 91' lang='lat' dir='ltr'><strong>et</strong></span> <span class='ocrx_word' id='word_1_487' title='bbox 2446 2181 2682 2250; x_wconf 87' lang='lat' dir='ltr'><strong>accepit.</strong></span> <span class='ocrx_word' id='word_1_488' title='bbox 2737 2180 2897 2250; x_wconf 88' lang='lat' dir='ltr'><strong>quasi</strong></span> <span class='ocrx_word' id='word_1_489' title='bbox 2955 2181 3236 2244; x_wconf 85' lang='lat' dir='ltr'><strong>incassum</strong></span> <span class='ocrx_word' id='word_1_490' title='bbox 3279 2179 3446 2236; x_wconf 88' lang='lat' dir='ltr'><strong>etiam</strong></span> <span class='ocrx_word' id='word_1_491' title='bbox 3503 2179 3607 2234; x_wconf 88' lang='lat' dir='ltr'><strong>hoc</strong></span> <span class='ocrx_word' id='word_1_492' title='bbox 3656 2179 3712 2233; x_wconf 90' lang='lat' dir='ltr'><strong>in</strong></span> 
     </span>
    </p>
   </div>
   <div class='ocr_carea' id='block_1_65' title="bbox 2127 2270 3046 2328">
    <p class='ocr_par' dir='ltr' id='par_1_65' title="bbox 2127 2270 3046 2328">
     <span class='ocr_line' id='line_1_66' title="bbox 2127 2270 3046 2328; baseline 0 -3"><span class='ocrx_word' id='word_1_493' title='bbox 2127 2271 2487 2328; x_wconf 85' lang='lat' dir='ltr'><strong>renovatione</strong></span> <span class='ocrx_word' id='word_1_494' title='bbox 2511 2279 2661 2326; x_wconf 89' lang='lat' dir='ltr'><strong>esset</strong></span> <span class='ocrx_word' id='word_1_495' title='bbox 2690 2270 3046 2327; x_wconf 83' lang='lat' dir='ltr'><strong>addendum?</strong></span> 
     </span>
    </p>
   </div>
   <div class='ocr_carea' id='block_1_66' title="bbox 2191 2405 3710 2498">
    <p class='ocr_par' dir='ltr' id='par_1_66' title="bbox 2191 2405 3710 2498">
     <span class='ocr_line' id='line_1_67' title="bbox 2191 2405 3710 2498; baseline 0.004 -18"><span class='ocrx_word' id='word_1_496' title='bbox 2191 2427 2362 2498; x_wconf 71' lang='lat'><strong>820</strong></span> <span class='ocrx_word' id='word_1_497' title='bbox 2383 2405 2456 2480; x_wconf 75' lang='lat' dir='ltr'><strong>Et</strong></span> <span class='ocrx_word' id='word_1_498' title='bbox 2483 2425 2594 2481; x_wconf 76' lang='lat' dir='ltr'><strong>vidi</strong></span> <span class='ocrx_word' id='word_1_499' title='bbox 2615 2425 2882 2481; x_wconf 79' lang='lat' dir='ltr'><strong>civitatem</strong></span> <span class='ocrx_word' id='word_1_500' title='bbox 2908 2435 3148 2480; x_wconf 80' lang='lat' dir='ltr'><strong>sanctam</strong></span> <span class='ocrx_word' id='word_1_501' title='bbox 3178 2425 3475 2484; x_wconf 75' lang='lat' dir='ltr'><strong>Jerusalem</strong></span> <span class='ocrx_word' id='word_1_502' title='bbox 3500 2445 3710 2488; x_wconf 83' lang='lat' dir='ltr'><strong>novam.</strong></span> 
     </span>
    </p>
   </div>
   <div class='ocr_carea' id='block_1_67' title="bbox 2125 2517 3708 2589">
    <p class='ocr_par' dir='ltr' id='par_1_67' title="bbox 2125 2517 3708 2589">
     <span class='ocr_line' id='line_1_68' title="bbox 2125 2517 3708 2589; baseline 0.001 -15"><span class='ocrx_word' id='word_1_503' title='bbox 2125 2520 2290 2587; x_wconf 83' lang='lat' dir='ltr'><strong>Olim,</strong></span> <span class='ocrx_word' id='word_1_504' title='bbox 2312 2517 2511 2589; x_wconf 86' lang='lat' dir='ltr'><strong>inquit,</strong></span> <span class='ocrx_word' id='word_1_505' title='bbox 2534 2517 2835 2574; x_wconf 85' lang='lat' dir='ltr'><strong>Jerusalem</strong></span> <span class='ocrx_word' id='word_1_506' title='bbox 2862 2519 3270 2576; x_wconf 86' lang='lat' dir='ltr'><strong>sanctissimum</strong></span> <span class='ocrx_word' id='word_1_507' title='bbox 3293 2524 3708 2577; x_wconf 82' lang='lat' dir='ltr'><strong>tabernaculum</strong></span> 
     </span>
    </p>
   </div>
   <div class='ocr_carea' id='block_1_68' title="bbox 2123 2611 3710 2683">
    <p class='ocr_par' dir='ltr' id='par_1_68' title="bbox 2123 2611 3710 2683">
     <span class='ocr_line' id='line_1_69' title="bbox 2123 2611 3710 2683; baseline 0.001 -15"><span class='ocrx_word' id='word_1_508' title='bbox 2123 2613 2565 2678; x_wconf 81' lang='lat' dir='ltr'><strong>existimabatur,</strong></span> <span class='ocrx_word' id='word_1_509' title='bbox 2604 2611 2660 2666; x_wconf 91' lang='lat' dir='ltr'><strong>in</strong></span> <span class='ocrx_word' id='word_1_510' title='bbox 2689 2625 2799 2683; x_wconf 90' lang='lat' dir='ltr'><strong>qua</strong></span> <span class='ocrx_word' id='word_1_511' title='bbox 2829 2622 2884 2667; x_wconf 89' lang='lat' dir='ltr'><strong>et</strong></span> <span class='ocrx_word' id='word_1_512' title='bbox 2912 2614 3173 2681; x_wconf 87' lang='lat' dir='ltr'><strong>templum</strong></span> <span class='ocrx_word' id='word_1_513' title='bbox 3209 2621 3264 2667; x_wconf 90' lang='lat' dir='ltr'><strong>et</strong></span> <span class='ocrx_word' id='word_1_514' title='bbox 3291 2614 3476 2669; x_wconf 89' lang='lat' dir='ltr'><strong>omnia</strong></span> <span class='ocrx_word' id='word_1_515' title='bbox 3514 2617 3710 2670; x_wconf 67' lang='lat' dir='ltr'><strong>divinae</strong></span> 
     </span>
    </p>
   </div>
   <div class='ocr_carea' id='block_1_69' title="bbox 2125 2704 3709 2779">
    <p class='ocr_par' dir='ltr' id='par_1_69' title="bbox 2125 2704 3709 2779">
     <span class='ocr_line' id='line_1_70' title="bbox 2125 2704 3709 2779; baseline -0.003 -15"><span class='ocrx_word' id='word_1_516' title='bbox 2125 2704 2456 2779; x_wconf 74' lang='lat' dir='ltr'><strong>cognitionis</strong></span> <span class='ocrx_word' id='word_1_517' title='bbox 2525 2706 2784 2779; x_wconf 82' lang='lat' dir='ltr'><strong>mysteria</strong></span> <span class='ocrx_word' id='word_1_518' title='bbox 2826 2713 2984 2762; x_wconf 85' lang='lat' dir='ltr'><strong>erant</strong></span> <span class='ocrx_word' id='word_1_519' title='bbox 3025 2705 3340 2772; x_wconf 76' lang='lat' dir='ltr'><strong>recondita;</strong></span> <span class='ocrx_word' id='word_1_520' title='bbox 3373 2705 3491 2763; x_wconf 68' lang='lat' dir='ltr'><strong>haec</strong></span> <span class='ocrx_word' id='word_1_521' title='bbox 3532 2714 3709 2761; x_wconf 81' lang='lat' dir='ltr'><strong>autem</strong></span> 
     </span>
    </p>
   </div>
   <div class='ocr_carea' id='block_1_70' title="bbox 2124 2797 3704 2870">
    <p class='ocr_par' dir='ltr' id='par_1_70' title="bbox 2124 2797 3704 2870">
     <span class='ocr_line' id='line_1_71' title="bbox 2124 2797 3704 2870; baseline -0.001 -16"><span class='ocrx_word' id='word_1_522' title='bbox 2124 2813 2272 2854; x_wconf 86' lang='lat' dir='ltr'><strong>nunc</strong></span> <span class='ocrx_word' id='word_1_523' title='bbox 2295 2813 2408 2853; x_wconf 89' lang='lat' dir='ltr'><strong>non</strong></span> <span class='ocrx_word' id='word_1_524' title='bbox 2453 2797 2553 2852; x_wconf 85' lang='lat' dir='ltr'><strong>abs</strong></span> <span class='ocrx_word' id='word_1_525' title='bbox 2597 2813 2660 2852; x_wconf 89' lang='lat' dir='ltr'><strong>re</strong></span> <span class='ocrx_word' id='word_1_526' title='bbox 2703 2809 2844 2852; x_wconf 86' lang='lat' dir='ltr'><strong>nova</strong></span> <span class='ocrx_word' id='word_1_527' title='bbox 2891 2797 3118 2861; x_wconf 84' lang='lat' dir='ltr'><strong>dicitur,</strong></span> <span class='ocrx_word' id='word_1_528' title='bbox 3167 2807 3440 2867; x_wconf 86' lang='lat' dir='ltr'><strong>quatenus</strong></span> <span class='ocrx_word' id='word_1_529' title='bbox 3491 2798 3581 2852; x_wconf 88' lang='lat' dir='ltr'><strong>illa</strong></span> <span class='ocrx_word' id='word_1_530' title='bbox 3609 2814 3704 2870; x_wconf 85' lang='lat' dir='ltr'><strong>per</strong></span> 
     </span>
    </p>
   </div>
   <div class='ocr_carea' id='block_1_71' title="bbox 2123 2889 3714 2948">
    <p class='ocr_par' dir='ltr' id='par_1_71' title="bbox 2123 2889 3714 2948">
     <span class='ocr_line' id='line_1_72' title="bbox 2123 2889 3714 2948; baseline -0.001 -1"><span class='ocrx_word' id='word_1_531' title='bbox 2123 2893 2421 2948; x_wconf 83' lang='lat' dir='ltr'><strong>adventum</strong></span> <span class='ocrx_word' id='word_1_532' title='bbox 2454 2889 2673 2945; x_wconf 88' lang='lat' dir='ltr'><strong>Domini</strong></span> <span class='ocrx_word' id='word_1_533' title='bbox 2705 2897 2982 2946; x_wconf 81' lang='lat' dir='ltr'><strong>vetustate</strong></span> <span class='ocrx_word' id='word_1_534' title='bbox 3033 2901 3164 2946; x_wconf 88' lang='lat' dir='ltr'><strong>sunt</strong></span> <span class='ocrx_word' id='word_1_535' title='bbox 3201 2889 3402 2944; x_wconf 86' lang='lat' dir='ltr'><strong>abolita</strong></span> <span class='ocrx_word' id='word_1_536' title='bbox 3439 2909 3453 2944; x_wconf 92' lang='lat'><strong>:</strong></span> <span class='ocrx_word' id='word_1_537' title='bbox 3489 2907 3714 2947; x_wconf 65' lang='lat' dir='ltr'><strong>necesse</strong></span> 
     </span>
    </p>
   </div>
   <div class='ocr_carea' id='block_1_72' title="bbox 2125 2968 3716 3052">
    <p class='ocr_par' dir='ltr' id='par_1_72' title="bbox 2125 2968 3716 3052">
     <span class='ocr_line' id='line_1_73' title="bbox 2125 2968 3716 3052; baseline 0.001 -16"><span class='ocrx_word' id='word_1_538' title='bbox 2125 2990 2212 3037; x_wconf 88' lang='lat' dir='ltr'><strong>est</strong></span> <span class='ocrx_word' id='word_1_539' title='bbox 2235 2981 2423 3052; x_wconf 88' lang='lat' dir='ltr'><strong>itaque</strong></span> <span class='ocrx_word' id='word_1_540' title='bbox 2475 2968 2674 3035; x_wconf 71' lang='lat' dir='ltr'><strong>novam</strong></span> <span class='ocrx_word' id='word_1_541' title='bbox 2713 2979 3020 3036; x_wconf 85' lang='lat' dir='ltr'><strong>Jerusalem</strong></span> <span class='ocrx_word' id='word_1_542' title='bbox 3071 2984 3428 3036; x_wconf 77' lang='lat' dir='ltr'><strong>renovatione</strong></span> <span class='ocrx_word' id='word_1_543' title='bbox 3473 2981 3716 3038; x_wconf 80' lang='lat' dir='ltr'><strong>universi</strong></span> 
     </span>
    </p>
   </div>
   <div class='ocr_carea' id='block_1_73' title="bbox 2123 3075 3715 3144">
    <p class='ocr_par' dir='ltr' id='par_1_73' title="bbox 2123 3075 3715 3144">
     <span class='ocr_line' id='line_1_74' title="bbox 2123 3075 3715 3144; baseline 0.002 -16"><span class='ocrx_word' id='word_1_544' title='bbox 2123 3089 2410 3144; x_wconf 82' lang='lat' dir='ltr'><strong>apparere,</strong></span> <span class='ocrx_word' id='word_1_545' title='bbox 2449 3083 2506 3129; x_wconf 87' lang='lat' dir='ltr'><strong>et</strong></span> <span class='ocrx_word' id='word_1_546' title='bbox 2540 3075 2608 3130; x_wconf 86' lang='lat' dir='ltr'><strong>de</strong></span> <span class='ocrx_word' id='word_1_547' title='bbox 2649 3075 2790 3130; x_wconf 62' lang='lat' dir='ltr'><strong>coelo</strong></span> <span class='ocrx_word' id='word_1_548' title='bbox 2837 3075 3290 3138; x_wconf 81' lang='lat' dir='ltr'><strong>descendentem,</strong></span> <span class='ocrx_word' id='word_1_549' title='bbox 3343 3077 3486 3132; x_wconf 82' lang='lat' dir='ltr'><strong>unde</strong></span> <span class='ocrx_word' id='word_1_550' title='bbox 3537 3091 3715 3131; x_wconf 86' lang='lat' dir='ltr'><strong>novus</strong></span> 
     </span>
    </p>
   </div>
   <div class='ocr_carea' id='block_1_74' title="bbox 2071 3159 3718 3238">
    <p class='ocr_par' dir='ltr' id='par_1_74' title="bbox 2071 3159 3718 3238">
     <span class='ocr_line' id='line_1_75' title="bbox 2071 3159 3718 3238; baseline 0.002 -18"><span class='ocrx_word' id='word_1_551' title='bbox 2071 3159 2091 3238; x_wconf 34' lang='lat'><strong><em>&#39;_</em></strong></span> <span class='ocrx_word' id='word_1_552' title='bbox 2123 3165 2380 3236; x_wconf 86' lang='lat' dir='ltr'><strong>apparuit</strong></span> <span class='ocrx_word' id='word_1_553' title='bbox 2409 3165 2680 3222; x_wconf 87' lang='lat' dir='ltr'><strong>Dominus</strong></span> <span class='ocrx_word' id='word_1_554' title='bbox 2715 3165 2847 3222; x_wconf 86' lang='lat' dir='ltr'><strong>Jesu</strong></span> <span class='ocrx_word' id='word_1_555' title='bbox 2881 3167 3162 3223; x_wconf 83' lang='lat' dir='ltr'><strong>Christus.</strong></span> <span class='ocrx_word' id='word_1_556' title='bbox 3189 3167 3492 3223; x_wconf 83' lang='lat' dir='ltr'><strong>Jerusalem</strong></span> <span class='ocrx_word' id='word_1_557' title='bbox 3525 3169 3718 3238; x_wconf 83' lang='lat' dir='ltr'><strong>itaque</strong></span> 
     </span>
    </p>
   </div>
   <div class='ocr_carea' id='block_1_75' title="bbox 2129 3258 3715 3332">
    <p class='ocr_par' dir='ltr' id='par_1_75' title="bbox 2129 3258 3715 3332">
     <span class='ocr_line' id='line_1_76' title="bbox 2129 3258 3715 3332; baseline 0.001 -21"><span class='ocrx_word' id='word_1_558' title='bbox 2129 3269 2352 3332; x_wconf 82' lang='lat' dir='ltr'><strong>propter</strong></span> <span class='ocrx_word' id='word_1_559' title='bbox 2377 3259 2482 3315; x_wconf 88' lang='lat' dir='ltr'><strong>hoc</strong></span> <span class='ocrx_word' id='word_1_560' title='bbox 2513 3259 2716 3314; x_wconf 90' lang='lat' dir='ltr'><strong>dicitur</strong></span> <span class='ocrx_word' id='word_1_561' title='bbox 2751 3275 2768 3316; x_wconf 88' lang='lat'><strong>:</strong></span> <span class='ocrx_word' id='word_1_562' title='bbox 2801 3260 2997 3314; x_wconf 76' lang='lat' dir='ltr'><strong>civitas</strong></span> <span class='ocrx_word' id='word_1_563' title='bbox 3047 3275 3199 3323; x_wconf 85' lang='lat' dir='ltr'><strong>vero,</strong></span> <span class='ocrx_word' id='word_1_564' title='bbox 3251 3269 3514 3330; x_wconf 84' lang='lat' dir='ltr'><strong>tanquam</strong></span> <span class='ocrx_word' id='word_1_565' title='bbox 3561 3258 3715 3313; x_wconf 76' lang='lat' dir='ltr'><strong>futu-</strong></span> 
     </span>
    </p>
   </div>
   <div class='ocr_carea' id='block_1_76' title="bbox 2129 3339 3716 3418">
    <p class='ocr_par' dir='ltr' id='par_1_76' title="bbox 2129 3339 3716 3418">
     <span class='ocr_line' id='line_1_77' title="bbox 2129 3339 3716 3418; baseline -0.002 -13"><span class='ocrx_word' id='word_1_566' title='bbox 2129 3365 2252 3405; x_wconf 88' lang='lat' dir='ltr'><strong>rum</strong></span> <span class='ocrx_word' id='word_1_567' title='bbox 2295 3351 2664 3406; x_wconf 82' lang='lat' dir='ltr'><strong>habitaculum</strong></span> <span class='ocrx_word' id='word_1_568' title='bbox 2712 3359 3039 3405; x_wconf 86' lang='lat' dir='ltr'><strong>cunctorum</strong></span> <span class='ocrx_word' id='word_1_569' title='bbox 3075 3349 3394 3418; x_wconf 75' lang='lat' dir='ltr'><strong>angelorum</strong></span> <span class='ocrx_word' id='word_1_570' title='bbox 3425 3339 3506 3404; x_wconf 79' lang='grc' dir='ltr'><strong>ἐι</strong></span> <span class='ocrx_word' id='word_1_571' title='bbox 3536 3349 3716 3403; x_wconf 82' lang='lat' dir='ltr'><strong>homi-</strong></span> 
     </span>
    </p>
   </div>
   <div class='ocr_carea' id='block_1_77' title="bbox 2131 3437 3713 3510">
    <p class='ocr_par' dir='ltr' id='par_1_77' title="bbox 2131 3437 3713 3510">
     <span class='ocr_line' id='line_1_78' title="bbox 2131 3437 3713 3510; baseline -0.002 -17"><span class='ocrx_word' id='word_1_572' title='bbox 2131 3455 2286 3494; x_wconf 89' lang='lat' dir='ltr'><strong>num.</strong></span> <span class='ocrx_word' id='word_1_573' title='bbox 2328 3445 2368 3494; x_wconf 84' lang='lat' dir='ltr'><strong>A</strong></span> <span class='ocrx_word' id='word_1_574' title='bbox 2417 3441 2528 3494; x_wconf 78' lang='lat' dir='ltr'><strong>Deo</strong></span> <span class='ocrx_word' id='word_1_575' title='bbox 2585 3451 2772 3494; x_wconf 88' lang='lat' dir='ltr'><strong>autem</strong></span> <span class='ocrx_word' id='word_1_576' title='bbox 2847 3447 3036 3510; x_wconf 84' lang='lat' dir='ltr'><strong>parata</strong></span> <span class='ocrx_word' id='word_1_577' title='bbox 3078 3455 3092 3492; x_wconf 91' lang='lat'><strong>:</strong></span> <span class='ocrx_word' id='word_1_578' title='bbox 3142 3437 3274 3508; x_wconf 87' lang='lat' dir='ltr'><strong>quid</strong></span> <span class='ocrx_word' id='word_1_579' title='bbox 3329 3437 3475 3490; x_wconf 85' lang='lat' dir='ltr'><strong>enim</strong></span> <span class='ocrx_word' id='word_1_580' title='bbox 3534 3447 3713 3506; x_wconf 78' lang='lat' dir='ltr'><strong>posset</strong></span> 
     </span>
    </p>
   </div>
   <div class='ocr_carea' id='block_1_78' title="bbox 2129 3529 3712 3603">
    <p class='ocr_par' dir='ltr' id='par_1_78' title="bbox 2129 3529 3712 3603">
     <span class='ocr_line' id='line_1_79' title="bbox 2129 3529 3712 3603; baseline -0.003 -17"><span class='ocrx_word' id='word_1_581' title='bbox 2129 3533 2404 3603; x_wconf 82' lang='lat' dir='ltr'><strong>quispiam</strong></span> <span class='ocrx_word' id='word_1_582' title='bbox 2445 3542 2708 3603; x_wconf 70' lang='lat' dir='ltr'><strong>pra-stare</strong></span> <span class='ocrx_word' id='word_1_583' title='bbox 2731 3533 2874 3601; x_wconf 87' lang='lat' dir='ltr'><strong>quod</strong></span> <span class='ocrx_word' id='word_1_584' title='bbox 2905 3531 3008 3585; x_wconf 81' lang='lat' dir='ltr'><strong>sibi</strong></span> <span class='ocrx_word' id='word_1_585' title='bbox 3041 3529 3106 3583; x_wconf 86' lang='lat' dir='ltr'><strong>ad</strong></span> <span class='ocrx_word' id='word_1_586' title='bbox 3137 3531 3366 3584; x_wconf 77' lang='lat' dir='ltr'><strong>salutem</strong></span> <span class='ocrx_word' id='word_1_587' title='bbox 3399 3529 3636 3590; x_wconf 82' lang='lat' dir='ltr'><strong>cederet,</strong></span> <span class='ocrx_word' id='word_1_588' title='bbox 3667 3529 3712 3584; x_wconf 90' lang='lat' dir='ltr'><strong>si</strong></span> 
     </span>
    </p>
   </div>
   <div class='ocr_carea' id='block_1_79' title="bbox 2129 3619 3714 3692">
    <p class='ocr_par' dir='ltr' id='par_1_79' title="bbox 2129 3619 3714 3692">
     <span class='ocr_line' id='line_1_80' title="bbox 2129 3619 3714 3692; baseline -0.003 -14"><span class='ocrx_word' id='word_1_589' title='bbox 2129 3639 2328 3692; x_wconf 77' lang='lat' dir='ltr'><strong>expers</strong></span> <span class='ocrx_word' id='word_1_590' title='bbox 2371 3623 2443 3678; x_wconf 92' lang='lat' dir='ltr'><strong>sit</strong></span> <span class='ocrx_word' id='word_1_591' title='bbox 2477 3623 2665 3676; x_wconf 76' lang='lat' dir='ltr'><strong>auxilii</strong></span> <span class='ocrx_word' id='word_1_592' title='bbox 2712 3621 2859 3691; x_wconf 88' lang='lat' dir='ltr'><strong>quod</strong></span> <span class='ocrx_word' id='word_1_593' title='bbox 2901 3637 2932 3675; x_wconf 89' lang='lat' dir='ltr'><strong>a</strong></span> <span class='ocrx_word' id='word_1_594' title='bbox 2962 3621 3073 3674; x_wconf 84' lang='lat' dir='ltr'><strong>Deo</strong></span> <span class='ocrx_word' id='word_1_595' title='bbox 3116 3619 3238 3675; x_wconf 83' lang='lat' dir='ltr'><strong>est?</strong></span> <span class='ocrx_word' id='word_1_596' title='bbox 3269 3619 3553 3674; x_wconf 85' lang='lat' dir='ltr'><strong>Moraliter</strong></span> <span class='ocrx_word' id='word_1_597' title='bbox 3582 3634 3714 3674; x_wconf 83' lang='lat' dir='ltr'><strong>vero</strong></span> 
     </span>
    </p>
   </div>
   <div class='ocr_carea' id='block_1_80' title="bbox 2131 3711 3716 3783">
    <p class='ocr_par' dir='ltr' id='par_1_80' title="bbox 2131 3711 3716 3783">
     <span class='ocr_line' id='line_1_81' title="bbox 2131 3711 3716 3783; baseline -0.001 -15"><span class='ocrx_word' id='word_1_598' title='bbox 2131 3715 2300 3770; x_wconf 86' lang='lat' dir='ltr'><strong>etiam</strong></span> <span class='ocrx_word' id='word_1_599' title='bbox 2350 3713 2644 3783; x_wconf 81' lang='lat' dir='ltr'><strong>magniﬁce</strong></span> <span class='ocrx_word' id='word_1_600' title='bbox 2683 3721 2948 3783; x_wconf 83' lang='lat' dir='ltr'><strong>tanquam</strong></span> <span class='ocrx_word' id='word_1_601' title='bbox 3009 3727 3272 3783; x_wconf 86' lang='lat' dir='ltr'><strong>sponsam</strong></span> <span class='ocrx_word' id='word_1_602' title='bbox 3309 3711 3620 3780; x_wconf 81' lang='lat' dir='ltr'><strong>adornavit,</strong></span> <span class='ocrx_word' id='word_1_603' title='bbox 3657 3721 3716 3766; x_wconf 92' lang='lat' dir='ltr'><strong>ut</strong></span> 
     </span>
    </p>
   </div>
   <div class='ocr_carea' id='block_1_81' title="bbox 2129 3805 3719 3862">
    <p class='ocr_par' dir='ltr' id='par_1_81' title="bbox 2129 3805 3719 3862">
     <span class='ocr_line' id='line_1_82' title="bbox 2129 3805 3719 3862; baseline -0.004 0"><span class='ocrx_word' id='word_1_604' title='bbox 2129 3817 2194 3862; x_wconf 74' lang='lat' dir='ltr'><strong>ex</strong></span> <span class='ocrx_word' id='word_1_605' title='bbox 2236 3805 2593 3860; x_wconf 88' lang='lat' dir='ltr'><strong>scnsibilibus</strong></span> <span class='ocrx_word' id='word_1_606' title='bbox 2627 3805 2696 3859; x_wconf 89' lang='lat' dir='ltr'><strong>ad</strong></span> <span class='ocrx_word' id='word_1_607' title='bbox 2729 3805 3156 3858; x_wconf 86' lang='lat' dir='ltr'><strong>intellectualem</strong></span> <span class='ocrx_word' id='word_1_608' title='bbox 3190 3813 3505 3859; x_wconf 84' lang='lat' dir='ltr'><strong>sanctorum</strong></span> <span class='ocrx_word' id='word_1_609' title='bbox 3543 3805 3719 3858; x_wconf 86' lang='lat' dir='ltr'><strong>beati-</strong></span> 
     </span>
    </p>
   </div>
   <div class='ocr_carea' id='block_1_82' title="bbox 2134 3896 3716 3953">
    <p class='ocr_par' dir='ltr' id='par_1_82' title="bbox 2134 3896 3716 3953">
     <span class='ocr_line' id='line_1_83' title="bbox 2134 3896 3716 3953; baseline 0 -1"><span class='ocrx_word' id='word_1_610' title='bbox 2134 3897 2377 3953; x_wconf 86' lang='lat' dir='ltr'><strong>tudinem</strong></span> <span class='ocrx_word' id='word_1_611' title='bbox 2406 3914 2471 3952; x_wconf 86' lang='lat' dir='ltr'><strong>ac</strong></span> <span class='ocrx_word' id='word_1_612' title='bbox 2495 3899 2976 3953; x_wconf 66' lang='grc' dir='ltr'>ιιοιινονειιιὶοιιθιη</span> <span class='ocrx_word' id='word_1_613' title='bbox 3025 3896 3428 3952; x_wconf 78' lang='lat' dir='ltr'><strong>transferamus</strong></span> <span class='ocrx_word' id='word_1_614' title='bbox 3474 3905 3716 3952; x_wconf 82' lang='lat' dir='ltr'><strong>mentem</strong></span> 
     </span>
    </p>
   </div>
   <div class='ocr_carea' id='block_1_83' title="bbox 2131 3997 2408 4043">
    <p class='ocr_par' dir='ltr' id='par_1_83' title="bbox 2131 3997 2408 4043">
     <span class='ocr_line' id='line_1_84' title="bbox 2131 3997 2408 4043; baseline 0.004 -1"><span class='ocrx_word' id='word_1_615' title='bbox 2131 3997 2382 4042; x_wconf 86' lang='lat' dir='ltr'><strong>nostram</strong></span> <span class='ocrx_word' id='word_1_616' title='bbox 2393 4028 2408 4043; x_wconf 84' lang='lat'><em>.</em></span> 
     </span>
    </p>
   </div>
   <div class='ocr_carea' id='block_1_84' title="bbox 2204 4115 3718 4190">
    <p class='ocr_par' dir='ltr' id='par_1_84' title="bbox 2204 4115 3718 4190">
     <span class='ocr_line' id='line_1_85' title="bbox 2204 4115 3718 4190; baseline -0.001 -16"><span class='ocrx_word' id='word_1_617' title='bbox 2204 4119 2274 4174; x_wconf 86' lang='lat' dir='ltr'><strong>Et</strong></span> <span class='ocrx_word' id='word_1_618' title='bbox 2300 4120 2410 4190; x_wconf 77' lang='lat' dir='ltr'><strong>ipse</strong></span> <span class='ocrx_word' id='word_1_619' title='bbox 2434 4119 2571 4173; x_wconf 80' lang='lat' dir='ltr'><strong>Deus</strong></span> <span class='ocrx_word' id='word_1_620' title='bbox 2595 4135 2714 4172; x_wconf 85' lang='lat' dir='ltr'><strong>cum</strong></span> <span class='ocrx_word' id='word_1_621' title='bbox 2735 4118 2809 4172; x_wconf 79' lang='lat' dir='ltr'><strong>eis</strong></span> <span class='ocrx_word' id='word_1_622' title='bbox 2832 4119 2953 4174; x_wconf 73' lang='lat' dir='ltr'><strong>erit.</strong></span> <span class='ocrx_word' id='word_1_623' title='bbox 2979 4115 3096 4172; x_wconf 84' lang='lat' dir='ltr'><strong>Iloc</strong></span> <span class='ocrx_word' id='word_1_624' title='bbox 3125 4116 3476 4172; x_wconf 81' lang='lat' dir='ltr'><strong>manifestius</strong></span> <span class='ocrx_word' id='word_1_625' title='bbox 3507 4117 3718 4186; x_wconf 78' lang='lat' dir='ltr'><strong>signiﬁ-</strong></span> 
     </span>
    </p>
   </div>
   <div class='ocr_carea' id='block_1_85' title="bbox 2134 4209 3718 4282">
    <p class='ocr_par' dir='ltr' id='par_1_85' title="bbox 2134 4209 3718 4282">
     <span class='ocr_line' id='line_1_86' title="bbox 2134 4209 3718 4282; baseline 0 -18"><span class='ocrx_word' id='word_1_626' title='bbox 2134 4229 2266 4268; x_wconf 84' lang='lat' dir='ltr'><strong>rans</strong></span> <span class='ocrx_word' id='word_1_627' title='bbox 2303 4213 2624 4282; x_wconf 79' lang='lat' dir='ltr'><strong>Apostolus,</strong></span> <span class='ocrx_word' id='word_1_628' title='bbox 2677 4213 2856 4266; x_wconf 76' lang='lat' dir='ltr'><strong>dixit:</strong></span> <span class='ocrx_word' id='word_1_629' title='bbox 2896 4230 2914 4261; x_wconf 79' lang='grc' dir='ltr'><strong>ι</strong></span> <span class='ocrx_word' id='word_1_630' title='bbox 2949 4209 3061 4265; x_wconf 82' lang='lat' dir='ltr'><strong>Nos</strong></span> <span class='ocrx_word' id='word_1_631' title='bbox 3090 4211 3182 4280; x_wconf 87' lang='lat' dir='ltr'><strong>qui</strong></span> <span class='ocrx_word' id='word_1_632' title='bbox 3215 4209 3454 4264; x_wconf 79' lang='lat' dir='ltr'><strong>vivimus</strong></span> <span class='ocrx_word' id='word_1_633' title='bbox 3499 4211 3596 4280; x_wconf 85' lang='lat' dir='ltr'><strong>qui</strong></span> <span class='ocrx_word' id='word_1_634' title='bbox 3629 4223 3718 4264; x_wconf 88' lang='lat' dir='ltr'><strong>re-</strong></span> 
     </span>
    </p>
   </div>
   <div class='ocr_carea' id='block_1_86' title="bbox 2133 4287 3716 4376">
    <p class='ocr_par' dir='ltr' id='par_1_86' title="bbox 2133 4287 3716 4376">
     <span class='ocr_line' id='line_1_87' title="bbox 2133 4287 3716 4376; baseline -0.003 -18"><span class='ocrx_word' id='word_1_635' title='bbox 2133 4305 2454 4376; x_wconf 90' lang='lat' dir='ltr'><strong>linquimur,</strong></span> <span class='ocrx_word' id='word_1_636' title='bbox 2492 4287 2768 4373; x_wconf 88' lang='lat' dir='ltr'><strong>rapicmur</strong></span> <span class='ocrx_word' id='word_1_637' title='bbox 2793 4304 3008 4356; x_wconf 84' lang='lat' dir='ltr'><strong>obviam</strong></span> <span class='ocrx_word' id='word_1_638' title='bbox 3035 4301 3260 4356; x_wconf 88' lang='lat' dir='ltr'><strong>Christo</strong></span> <span class='ocrx_word' id='word_1_639' title='bbox 3291 4302 3346 4356; x_wconf 89' lang='lat' dir='ltr'><strong>in</strong></span> <span class='ocrx_word' id='word_1_640' title='bbox 3377 4317 3528 4366; x_wconf 85' lang='lat' dir='ltr'><strong>aera,</strong></span> <span class='ocrx_word' id='word_1_641' title='bbox 3559 4312 3614 4356; x_wconf 90' lang='lat' dir='ltr'><strong>et</strong></span> <span class='ocrx_word' id='word_1_642' title='bbox 3631 4301 3716 4355; x_wconf 73' lang='lat' dir='ltr'><strong>sic</strong></span> 
     </span>
    </p>
   </div>
   <div class='ocr_carea' id='block_1_87' title="bbox 2133 4393 3718 4467">
    <p class='ocr_par' dir='ltr' id='par_1_87' title="bbox 2133 4393 3718 4467">
     <span class='ocr_line' id='line_1_88' title="bbox 2133 4393 3718 4467; baseline -0.003 -16"><span class='ocrx_word' id='word_1_643' title='bbox 2133 4411 2352 4467; x_wconf 82' lang='lat' dir='ltr'><strong>semper</strong></span> <span class='ocrx_word' id='word_1_644' title='bbox 2397 4411 2522 4450; x_wconf 86' lang='lat' dir='ltr'><strong>cum</strong></span> <span class='ocrx_word' id='word_1_645' title='bbox 2589 4394 2823 4448; x_wconf 87' lang='lat' dir='ltr'><strong>Domino</strong></span> <span class='ocrx_word' id='word_1_646' title='bbox 2881 4395 3091 4450; x_wconf 86' lang='lat' dir='ltr'><strong>erimus</strong></span> <span class='ocrx_word' id='word_1_647' title='bbox 3138 4395 3180 4448; x_wconf 81' lang='grc'><strong>⁸.</strong></span> <span class='ocrx_word' id='word_1_648' title='bbox 3227 4412 3246 4445; x_wconf 76' lang='grc' dir='ltr'><strong>ι</strong></span> <span class='ocrx_word' id='word_1_649' title='bbox 3295 4393 3355 4447; x_wconf 89' lang='lat' dir='ltr'><strong>ltt</strong></span> <span class='ocrx_word' id='word_1_650' title='bbox 3401 4393 3508 4448; x_wconf 90' lang='lat' dir='ltr'><strong>hoc</strong></span> <span class='ocrx_word' id='word_1_651' title='bbox 3551 4394 3718 4464; x_wconf 74' lang='lat' dir='ltr'><strong>igitur</strong></span> 
     </span>
    </p>
   </div>
   <div class='ocr_carea' id='block_1_88' title="bbox 2133 4483 3718 4554">
    <p class='ocr_par' dir='ltr' id='par_1_88' title="bbox 2133 4483 3718 4554">
     <span class='ocr_line' id='line_1_89' title="bbox 2133 4483 3718 4554; baseline -0.002 -11"><span class='ocrx_word' id='word_1_652' title='bbox 2133 4487 2510 4550; x_wconf 86' lang='lat' dir='ltr'><strong>tabernaculo,</strong></span> <span class='ocrx_word' id='word_1_653' title='bbox 2539 4503 2644 4540; x_wconf 91' lang='lat' dir='ltr'><strong>non</strong></span> <span class='ocrx_word' id='word_1_654' title='bbox 2677 4483 3018 4548; x_wconf 81' lang='lat' dir='ltr'><strong>tnauul‘ucto,</strong></span> <span class='ocrx_word' id='word_1_655' title='bbox 3066 4499 3176 4538; x_wconf 85' lang='lat' dir='ltr'><strong>non</strong></span> <span class='ocrx_word' id='word_1_656' title='bbox 3203 4483 3309 4538; x_wconf 82' lang='lat' dir='ltr'><strong>erit</strong></span> <span class='ocrx_word' id='word_1_657' title='bbox 3343 4483 3506 4540; x_wconf 84' lang='lat' dir='ltr'><strong>ﬂetus</strong></span> <span class='ocrx_word' id='word_1_658' title='bbox 3539 4499 3718 4554; x_wconf 81' lang='lat' dir='ltr'><strong>neque</strong></span> 
     </span>
    </p>
   </div>
   <div class='ocr_carea' id='block_1_89' title="bbox 435 4575 2026 4666">
    <p class='ocr_par' dir='ltr' id='par_1_89' title="bbox 435 4586 2026 4666">
     <span class='ocr_line' id='line_1_90' title="bbox 435 4586 2026 4666; baseline -0.004 -20"><span class='ocrx_word' id='word_1_659' title='bbox 435 4595 612 4666; x_wconf 75' lang='grc' dir='ltr'>σκηνῇ</span> <span class='ocrx_word' id='word_1_660' title='bbox 661 4595 724 4662; x_wconf 76' lang='grc' dir='ltr'><strong>τῇ</strong></span> <span class='ocrx_word' id='word_1_661' title='bbox 775 4591 1182 4662; x_wconf 81' lang='grc' dir='ltr'>ἀχειροποιήτῳ</span> <span class='ocrx_word' id='word_1_662' title='bbox 1218 4591 1318 4642; x_wconf 87' lang='grc' dir='ltr'><strong>ούκ</strong></span> <span class='ocrx_word' id='word_1_663' title='bbox 1369 4588 1524 4640; x_wconf 75' lang='grc' dir='ltr'>ἔσται</span> <span class='ocrx_word' id='word_1_664' title='bbox 1577 4586 1858 4655; x_wconf 84' lang='grc' dir='ltr'>κλαυθμὸς</span> <span class='ocrx_word' id='word_1_665' title='bbox 1901 4586 2026 4642; x_wconf 78' lang='grc' dir='ltr'>οὔτε</span> 
     </span>
    </p>
   </div>
   <div class='ocr_carea' id='block_1_90' title="bbox 2125 4575 3720 4666">
    <p class='ocr_par' dir='ltr' id='par_1_90' title="bbox 2137 4575 3720 4648">
     <span class='ocr_line' id='line_1_91' title="bbox 2137 4575 3720 4648; baseline -0.001 -16"><span class='ocrx_word' id='word_1_666' title='bbox 2137 4578 2396 4648; x_wconf 84' lang='lat' dir='ltr'><strong>lacrytna,</strong></span> <span class='ocrx_word' id='word_1_667' title='bbox 2441 4591 2565 4645; x_wconf 77' lang='lat' dir='ltr'><strong>quae</strong></span> <span class='ocrx_word' id='word_1_668' title='bbox 2612 4575 2831 4628; x_wconf 87' lang='lat' dir='ltr'><strong>mortali</strong></span> <span class='ocrx_word' id='word_1_669' title='bbox 2877 4575 3008 4630; x_wconf 68' lang='lat' dir='ltr'><strong>vita:</strong></span> <span class='ocrx_word' id='word_1_670' title='bbox 3046 4585 3274 4644; x_wconf 79' lang='lat' dir='ltr'><strong>cognata</strong></span> <span class='ocrx_word' id='word_1_671' title='bbox 3330 4587 3486 4636; x_wconf 79' lang='lat' dir='ltr'><strong>sunt,</strong></span> <span class='ocrx_word' id='word_1_672' title='bbox 3545 4591 3720 4643; x_wconf 82' lang='lat' dir='ltr'><strong>neque</strong></span> 
     </span>
    </p>
   </div>
   <div class='ocr_carea' id='block_1_91' title="bbox 432 4677 2028 4752">
    <p class='ocr_par' dir='ltr' id='par_1_91' title="bbox 432 4677 2028 4752">
     <span class='ocr_line' id='line_1_92' title="bbox 432 4677 2028 4752; baseline -0.003 -16"><span class='ocrx_word' id='word_1_673' title='bbox 432 4683 672 4752; x_wconf 88' lang='grc' dir='ltr'>δάκρυον</span> <span class='ocrx_word' id='word_1_674' title='bbox 725 4681 794 4736; x_wconf 85' lang='grc' dir='ltr'><strong>τὰ</strong></span> <span class='ocrx_word' id='word_1_675' title='bbox 843 4680 1104 4752; x_wconf 84' lang='grc' dir='ltr'>σύστοιχα</span> <span class='ocrx_word' id='word_1_676' title='bbox 1149 4679 1226 4751; x_wconf 82' lang='grc' dir='ltr'>τῷ</span> <span class='ocrx_word' id='word_1_677' title='bbox 1263 4681 1514 4750; x_wconf 80' lang='grc' dir='ltr'>ὲπικήρῳ</span> <span class='ocrx_word' id='word_1_678' title='bbox 1566 4677 1667 4748; x_wconf 82' lang='grc' dir='ltr'><strong>βίῳ</strong></span> <span class='ocrx_word' id='word_1_679' title='bbox 1700 4677 1826 4732; x_wconf 71' lang='grc' dir='ltr'>οὔτε</span> <span class='ocrx_word' id='word_1_680' title='bbox 1868 4677 2028 4742; x_wconf 84' lang='grc' dir='ltr'>πόνος</span> 
     </span>
    </p>
   </div>
   <div class='ocr_carea' id='block_1_92' title="bbox 435 4770 2030 4846">
    <p class='ocr_par' dir='ltr' id='par_1_92' title="bbox 435 4770 2030 4846">
     <span class='ocr_line' id='line_1_93' title="bbox 435 4770 2030 4846; baseline -0.003 -20"><span class='ocrx_word' id='word_1_681' title='bbox 435 4773 556 4846; x_wconf 81' lang='grc' dir='ltr'>(τὴν</span> <span class='ocrx_word' id='word_1_682' title='bbox 578 4774 688 4828; x_wconf 83' lang='grc' dir='ltr'>τῶν</span> <span class='ocrx_word' id='word_1_683' title='bbox 721 4772 893 4842; x_wconf 79' lang='grc' dir='ltr'>ἁγίων</span> <span class='ocrx_word' id='word_1_684' title='bbox 925 4772 1074 4842; x_wconf 86' lang='grc' dir='ltr'>λέγω</span> <span class='ocrx_word' id='word_1_685' title='bbox 1111 4770 1486 4826; x_wconf 81' lang='grc' dir='ltr'>κακοπάθειαν</span> <span class='ocrx_word' id='word_1_686' title='bbox 1513 4771 1580 4842; x_wconf 83' lang='grc' dir='ltr'>ἢν</span> <span class='ocrx_word' id='word_1_687' title='bbox 1614 4770 1928 4840; x_wconf 80' lang='grc' dir='ltr'>ὑπέστησαν</span> <span class='ocrx_word' id='word_1_688' title='bbox 1971 4771 2030 4822; x_wconf 81' lang='grc' dir='ltr'>ὲν</span> 
     </span>
    </p>
   </div>
   <div class='ocr_carea' id='block_1_93' title="bbox 433 4863 2026 4940">
    <p class='ocr_par' dir='ltr' id='par_1_93' title="bbox 433 4863 2026 4940">
     <span class='ocr_line' id='line_1_94' title="bbox 433 4863 2026 4940; baseline -0.004 -19"><span class='ocrx_word' id='word_1_689' title='bbox 433 4867 514 4938; x_wconf 83' lang='grc' dir='ltr'>τῷ</span> <span class='ocrx_word' id='word_1_690' title='bbox 543 4867 804 4940; x_wconf 85' lang='grc' dir='ltr'>μοχθηρῴ</span> <span class='ocrx_word' id='word_1_691' title='bbox 833 4866 1008 4938; x_wconf 85' lang='grc' dir='ltr'>τούτῳ</span> <span class='ocrx_word' id='word_1_692' title='bbox 1037 4866 1136 4937; x_wconf 80' lang='grc' dir='ltr'><strong>βίῳ</strong></span> <span class='ocrx_word' id='word_1_693' title='bbox 1157 4867 1198 4935; x_wconf 88' lang='grc'><strong>)·</strong></span> <span class='ocrx_word' id='word_1_694' title='bbox 1238 4867 1296 4920; x_wconf 78' lang='grc' dir='ltr'>ὲν</span> <span class='ocrx_word' id='word_1_695' title='bbox 1328 4867 1524 4935; x_wconf 72' lang='grc' dir='ltr'>ἐκείνῳ</span> <span class='ocrx_word' id='word_1_696' title='bbox 1551 4866 1612 4920; x_wconf 80' lang='grc' dir='ltr'><strong>δὲ</strong></span> <span class='ocrx_word' id='word_1_697' title='bbox 1639 4865 1718 4935; x_wconf 85' lang='grc' dir='ltr'><strong>τῷ</strong></span> <span class='ocrx_word' id='word_1_698' title='bbox 1751 4863 2026 4936; x_wconf 85' lang='grc' dir='ltr'>μέλλοντι,</span> 
     </span>
    </p>
   </div>
   <div class='ocr_carea' id='block_1_94' title="bbox 438 4956 2031 5029">
    <p class='ocr_par' dir='ltr' id='par_1_94' title="bbox 438 4956 2031 5029">
     <span class='ocr_line' id='line_1_95' title="bbox 438 4956 2031 5029; baseline -0.003 -17"><span class='ocrx_word' id='word_1_699' title='bbox 438 4960 567 5012; x_wconf 74' lang='grc' dir='ltr'>ἐπεὶ</span> <span class='ocrx_word' id='word_1_700' title='bbox 595 4961 670 5023; x_wconf 86' lang='grc' dir='ltr'>ὼς</span> <span class='ocrx_word' id='word_1_701' title='bbox 709 4958 976 5029; x_wconf 76' lang='grc' dir='ltr'>ἀφθάρτῳ</span> <span class='ocrx_word' id='word_1_702' title='bbox 1006 4959 1218 5026; x_wconf 82' lang='grc' dir='ltr'>ἀπέδρα</span> <span class='ocrx_word' id='word_1_703' title='bbox 1251 4957 1402 5028; x_wconf 83' lang='grc' dir='ltr'>λύπη</span> <span class='ocrx_word' id='word_1_704' title='bbox 1431 4957 1526 5012; x_wconf 81' lang='grc' dir='ltr'>καὶ</span> <span class='ocrx_word' id='word_1_705' title='bbox 1561 4956 1726 5028; x_wconf 86' lang='grc' dir='ltr'>ὀδύνη</span> <span class='ocrx_word' id='word_1_706' title='bbox 1770 4956 1862 5012; x_wconf 72' lang='grc' dir='ltr'>καὶ</span> <span class='ocrx_word' id='word_1_707' title='bbox 1903 4971 2031 5012; x_wconf 85' lang='grc' dir='ltr'>στε-</span> 
     </span>
    </p>
   </div>
   <div class='ocr_carea' id='block_1_95' title="bbox 436 5049 1670 5122">
    <p class='ocr_par' dir='ltr' id='par_1_95' title="bbox 436 5049 1670 5122">
     <span class='ocr_line' id='line_1_96' title="bbox 436 5049 1670 5122; baseline -0.002 -16"><span class='ocrx_word' id='word_1_708' title='bbox 436 5051 668 5121; x_wconf 80' lang='grc' dir='ltr'>ναγμὸς,</span> <span class='ocrx_word' id='word_1_709' title='bbox 694 5051 842 5122; x_wconf 77' lang='grc' dir='ltr'>ἀργά</span> <span class='ocrx_word' id='word_1_710' title='bbox 863 5051 1038 5106; x_wconf 85' lang='grc' dir='ltr'>ταῦτα</span> <span class='ocrx_word' id='word_1_711' title='bbox 1072 5051 1254 5106; x_wconf 89' lang='grc' dir='ltr'>πάντα</span> <span class='ocrx_word' id='word_1_712' title='bbox 1282 5052 1378 5104; x_wconf 63' lang='grc' dir='ltr'><strong>καὶ¹</strong></span> <span class='ocrx_word' id='word_1_713' title='bbox 1413 5049 1670 5120; x_wconf 85' lang='grc' dir='ltr'>περιττά.</span> 
     </span>
    </p>
   </div>
   <div class='ocr_carea' id='block_1_96' title="bbox 503 5203 2029 5277">
    <p class='ocr_par' dir='ltr' id='par_1_96' title="bbox 503 5203 2029 5277">
     <span class='ocr_line' id='line_1_97' title="bbox 503 5203 2029 5277; baseline 0.001 -18"><span class='ocrx_word' id='word_1_714' title='bbox 503 5207 645 5260; x_wconf 81' lang='grc' dir='ltr'>’Ὅτι</span> <span class='ocrx_word' id='word_1_715' title='bbox 679 5207 750 5260; x_wconf 86' lang='grc' dir='ltr'>τὰ</span> <span class='ocrx_word' id='word_1_716' title='bbox 779 5205 981 5275; x_wconf 80' lang='grc' dir='ltr'>πρῶτα</span> <span class='ocrx_word' id='word_1_717' title='bbox 1005 5203 1262 5275; x_wconf 75' lang='grc' dir='ltr'>ἀπῆλθε.</span> <span class='ocrx_word' id='word_1_718' title='bbox 1309 5203 1393 5258; x_wconf 86' lang='grc' dir='ltr'><strong>Τὰ</strong></span> <span class='ocrx_word' id='word_1_719' title='bbox 1421 5203 1634 5274; x_wconf 86' lang='grc' dir='ltr'>πρῶτα,</span> <span class='ocrx_word' id='word_1_720' title='bbox 1674 5203 1744 5260; x_wconf 83' lang='grc' dir='ltr'><strong>τά</strong></span> <span class='ocrx_word' id='word_1_721' title='bbox 1792 5205 1901 5259; x_wconf 85' lang='grc' dir='ltr'>ἀπὸ</span> <span class='ocrx_word' id='word_1_722' title='bbox 1930 5205 2029 5277; x_wconf 82' lang='grc' dir='ltr'>τῆς</span> 
     </span>
    </p>
   </div>
   <div class='ocr_carea' id='block_1_97' title="bbox 439 5294 2031 5373">
    <p class='ocr_par' dir='ltr' id='par_1_97' title="bbox 439 5294 2031 5373">
     <span class='ocr_line' id='line_1_98' title="bbox 439 5294 2031 5373; baseline -0.001 -22"><span class='ocrx_word' id='word_1_723' title='bbox 439 5299 804 5370; x_wconf 78' lang='grc' dir='ltr'>παραϐάσεως</span> <span class='ocrx_word' id='word_1_724' title='bbox 873 5298 1050 5368; x_wconf 80' lang='grc' dir='ltr'><strong>Ἀδὰμ</strong></span> <span class='ocrx_word' id='word_1_725' title='bbox 1096 5299 1164 5373; x_wconf 80' lang='grc' dir='ltr'>τῇ</span> <span class='ocrx_word' id='word_1_726' title='bbox 1225 5297 1404 5368; x_wconf 80' lang='grc' dir='ltr'>φθορᾷ</span> <span class='ocrx_word' id='word_1_727' title='bbox 1461 5294 1872 5368; x_wconf 80' lang='grc' dir='ltr'>ὑποϐληθέντα,</span> <span class='ocrx_word' id='word_1_728' title='bbox 1919 5296 2031 5352; x_wconf 83' lang='grc' dir='ltr'>εῐτε</span> 
     </span>
    </p>
   </div>
   <div class='ocr_carea' id='block_1_98' title="bbox 438 5387 2032 5462">
    <p class='ocr_par' dir='ltr' id='par_1_98' title="bbox 438 5387 2032 5462">
     <span class='ocr_line' id='line_1_99' title="bbox 438 5387 2032 5462; baseline -0.001 -20"><span class='ocrx_word' id='word_1_729' title='bbox 438 5387 646 5462; x_wconf 80' lang='grc' dir='ltr'>ὀχληρὰ</span> <span class='ocrx_word' id='word_1_730' title='bbox 681 5390 772 5443; x_wconf 70' lang='grc' dir='ltr'><strong>καὶ</strong></span> <span class='ocrx_word' id='word_1_731' title='bbox 819 5389 1071 5444; x_wconf 77' lang='grc' dir='ltr'>ἐπώδυνα</span> <span class='ocrx_word' id='word_1_732' title='bbox 1114 5393 1227 5454; x_wconf 84' lang='grc' dir='ltr'>τοῖς</span> <span class='ocrx_word' id='word_1_733' title='bbox 1265 5387 1540 5459; x_wconf 82' lang='grc' dir='ltr'>θεοφιλέσι</span> <span class='ocrx_word' id='word_1_734' title='bbox 1590 5388 1660 5442; x_wconf 81' lang='grc' dir='ltr'><strong>δι’</strong></span> <span class='ocrx_word' id='word_1_735' title='bbox 1701 5387 1902 5462; x_wconf 83' lang='grc' dir='ltr'>ἀρετὴν</span> <span class='ocrx_word' id='word_1_736' title='bbox 1941 5388 2032 5442; x_wconf 88' lang='grc' dir='ltr'>εύ-</span> 
     </span>
    </p>
   </div>
   <div class='ocr_carea' id='block_1_99' title="bbox 441 5484 2031 5562">
    <p class='ocr_par' dir='ltr' id='par_1_99' title="bbox 441 5484 2031 5562">
     <span class='ocr_line' id='line_1_100' title="bbox 441 5484 2031 5562; baseline -0.001 -22"><span class='ocrx_word' id='word_1_737' title='bbox 441 5489 790 5562; x_wconf 76' lang='grc' dir='ltr'>πορούμενα,</span> <span class='ocrx_word' id='word_1_738' title='bbox 822 5487 932 5540; x_wconf 76' lang='grc' dir='ltr'>εἴτε</span> <span class='ocrx_word' id='word_1_739' title='bbox 976 5485 1044 5540; x_wconf 86' lang='grc' dir='ltr'>δι’</span> <span class='ocrx_word' id='word_1_740' title='bbox 1078 5485 1399 5551; x_wconf 83' lang='grc' dir='ltr'>ἀλαζονείαν</span> <span class='ocrx_word' id='word_1_741' title='bbox 1439 5486 1534 5539; x_wconf 75' lang='grc' dir='ltr'>καὶ</span> <span class='ocrx_word' id='word_1_742' title='bbox 1569 5484 1886 5558; x_wconf 81' lang='grc' dir='ltr'>ἀφροσύνην</span> <span class='ocrx_word' id='word_1_743' title='bbox 1918 5486 2031 5550; x_wconf 85' lang='grc' dir='ltr'>τοῖς</span> 
     </span>
    </p>
   </div>
   <div class='ocr_carea' id='block_1_100' title="bbox 444 5577 1781 5650">
    <p class='ocr_par' dir='ltr' id='par_1_100' title="bbox 444 5577 1781 5650">
     <span class='ocr_line' id='line_1_101' title="bbox 444 5577 1781 5650; baseline 0.001 -16"><span class='ocrx_word' id='word_1_744' title='bbox 444 5580 795 5640; x_wconf 77' lang='grc' dir='ltr'>θεοϐλαϐέσιν</span> <span class='ocrx_word' id='word_1_745' title='bbox 822 5577 1316 5647; x_wconf 72' lang='grc' dir='ltr'>ἐπακολουθοῦντα,</span> <span class='ocrx_word' id='word_1_746' title='bbox 1343 5579 1522 5636; x_wconf 82' lang='grc' dir='ltr'>πάντα</span> <span class='ocrx_word' id='word_1_747' title='bbox 1549 5577 1781 5650; x_wconf 76' lang='grc' dir='ltr'>ἀπῆλθε.</span> 
     </span>
    </p>
   </div>
   <div class='ocr_carea' id='block_1_101' title="bbox 521 5841 1044 5908">
    <p class='ocr_par' dir='ltr' id='par_1_101' title="bbox 521 5841 1044 5908">
     <span class='ocr_line' id='line_1_102' title="bbox 521 5841 1044 5908; baseline -0.002 -10"><span class='ocrx_word' id='word_1_748' title='bbox 521 5841 590 5906; x_wconf 76' lang='grc' dir='ltr'>οι</span> <span class='ocrx_word' id='word_1_749' title='bbox 622 5843 818 5905; x_wconf 81' lang='lat' dir='ltr'><strong>Thess.</strong></span> <span class='ocrx_word' id='word_1_750' title='bbox 849 5861 921 5908; x_wconf 83' lang='lat' dir='ltr'><strong>tv,</strong></span> <span class='ocrx_word' id='word_1_751' title='bbox 959 5841 1044 5898; x_wconf 79' lang='grc'><strong>16.</strong></span> 
     </span>
    </p>
   </div>
   <div class='ocr_carea' id='block_1_102' title="bbox 2131 4666 3720 4735">
    <p class='ocr_par' dir='ltr' id='par_1_102' title="bbox 2131 4666 3720 4735">
     <span class='ocr_line' id='line_1_103' title="bbox 2131 4666 3720 4735; baseline -0.004 -10"><span class='ocrx_word' id='word_1_752' title='bbox 2131 4669 2318 4726; x_wconf 85' lang='lat' dir='ltr'><strong>labor:</strong></span> <span class='ocrx_word' id='word_1_753' title='bbox 2353 4677 2670 4724; x_wconf 75' lang='lat' dir='ltr'><strong>sanctor-qu</strong></span> <span class='ocrx_word' id='word_1_754' title='bbox 2704 4667 3052 4721; x_wconf 84' lang='lat' dir='ltr'><strong>alllictionem</strong></span> <span class='ocrx_word' id='word_1_755' title='bbox 3083 4666 3230 4731; x_wconf 90' lang='lat' dir='ltr'><strong>dico,</strong></span> <span class='ocrx_word' id='word_1_756' title='bbox 3260 4679 3425 4735; x_wconf 87' lang='lat' dir='ltr'><strong>quam</strong></span> <span class='ocrx_word' id='word_1_757' title='bbox 3467 4667 3520 4720; x_wconf 91' lang='lat' dir='ltr'><strong>in</strong></span> <span class='ocrx_word' id='word_1_758' title='bbox 3563 4666 3720 4734; x_wconf 73' lang='lat' dir='ltr'><strong>ﬂagi-</strong></span> 
     </span>
    </p>
   </div>
   <div class='ocr_carea' id='block_1_103' title="bbox 2129 4757 3718 4818">
    <p class='ocr_par' dir='ltr' id='par_1_103' title="bbox 2129 4757 3718 4818">
     <span class='ocr_line' id='line_1_104' title="bbox 2129 4757 3718 4818; baseline -0.004 0"><span class='ocrx_word' id='word_1_759' title='bbox 2129 4764 2272 4818; x_wconf 88' lang='lat' dir='ltr'><strong>tiosa</strong></span> <span class='ocrx_word' id='word_1_760' title='bbox 2302 4771 2356 4816; x_wconf 90' lang='lat' dir='ltr'><strong>et</strong></span> <span class='ocrx_word' id='word_1_761' title='bbox 2381 4760 2660 4816; x_wconf 80' lang='lat' dir='ltr'><strong>laboriosa</strong></span> <span class='ocrx_word' id='word_1_762' title='bbox 2693 4759 2794 4812; x_wconf 86' lang='lat' dir='ltr'><strong>hac</strong></span> <span class='ocrx_word' id='word_1_763' title='bbox 2823 4757 2934 4812; x_wconf 84' lang='lat' dir='ltr'><strong>vita</strong></span> <span class='ocrx_word' id='word_1_764' title='bbox 2981 4757 3372 4814; x_wconf 82' lang='lat' dir='ltr'><strong>sustinuerunt</strong></span> <span class='ocrx_word' id='word_1_765' title='bbox 3403 4776 3418 4811; x_wconf 88' lang='lat'><strong>:</strong></span> <span class='ocrx_word' id='word_1_766' title='bbox 3451 4757 3506 4810; x_wconf 91' lang='lat' dir='ltr'><strong>in</strong></span> <span class='ocrx_word' id='word_1_767' title='bbox 3537 4757 3718 4812; x_wconf 78' lang='lat' dir='ltr'><strong>futura</strong></span> 
     </span>
    </p>
   </div>
   <div class='ocr_carea' id='block_1_104' title="bbox 2125 4849 3724 4921">
    <p class='ocr_par' dir='ltr' id='par_1_104' title="bbox 2125 4849 3724 4921">
     <span class='ocr_line' id='line_1_105' title="bbox 2125 4849 3724 4921; baseline -0.002 -13"><span class='ocrx_word' id='word_1_768' title='bbox 2125 4863 2304 4910; x_wconf 88' lang='lat' dir='ltr'><strong>autem</strong></span> <span class='ocrx_word' id='word_1_769' title='bbox 2351 4853 2462 4907; x_wconf 78' lang='lat' dir='ltr'><strong>vita</strong></span> <span class='ocrx_word' id='word_1_770' title='bbox 2505 4868 2632 4907; x_wconf 88' lang='lat' dir='ltr'><strong>cum</strong></span> <span class='ocrx_word' id='word_1_771' title='bbox 2692 4851 3024 4906; x_wconf 89' lang='lat' dir='ltr'><strong>immortalis</strong></span> <span class='ocrx_word' id='word_1_772' title='bbox 3067 4851 3192 4914; x_wconf 85' lang='lat' dir='ltr'><strong>sit,</strong></span> <span class='ocrx_word' id='word_1_773' title='bbox 3240 4849 3379 4921; x_wconf 76' lang='lat' dir='ltr'><strong>fugit</strong></span> <span class='ocrx_word' id='word_1_774' title='bbox 3435 4849 3616 4905; x_wconf 84' lang='lat' dir='ltr'><strong>luctus</strong></span> <span class='ocrx_word' id='word_1_775' title='bbox 3668 4859 3724 4905; x_wconf 80' lang='lat' dir='ltr'><strong>et</strong></span> 
     </span>
    </p>
   </div>
   <div class='ocr_carea' id='block_1_105' title="bbox 2128 4943 3722 5017">
    <p class='ocr_par' dir='ltr' id='par_1_105' title="bbox 2128 4943 3722 5017">
     <span class='ocr_line' id='line_1_106' title="bbox 2128 4943 3722 5017; baseline -0.004 -13"><span class='ocrx_word' id='word_1_776' title='bbox 2128 4949 2288 5004; x_wconf 87' lang='lat' dir='ltr'><strong>dolor</strong></span> <span class='ocrx_word' id='word_1_777' title='bbox 2320 4963 2384 5000; x_wconf 90' lang='lat' dir='ltr'><strong>ac</strong></span> <span class='ocrx_word' id='word_1_778' title='bbox 2411 4947 2652 5017; x_wconf 79' lang='lat' dir='ltr'><strong>gemitus</strong></span> <span class='ocrx_word' id='word_1_779' title='bbox 2683 4963 2699 5000; x_wconf 88' lang='lat'><strong>:</strong></span> <span class='ocrx_word' id='word_1_780' title='bbox 2724 4953 2782 5000; x_wconf 90' lang='lat' dir='ltr'><strong>ct</strong></span> <span class='ocrx_word' id='word_1_781' title='bbox 2811 4945 2885 5000; x_wconf 88' lang='lat' dir='ltr'><strong>ita</strong></span> <span class='ocrx_word' id='word_1_782' title='bbox 2911 4944 3092 5000; x_wconf 89' lang='lat' dir='ltr'><strong>otiosa</strong></span> <span class='ocrx_word' id='word_1_783' title='bbox 3119 4951 3289 4999; x_wconf 84' lang='lat' dir='ltr'><strong>erunt</strong></span> <span class='ocrx_word' id='word_1_784' title='bbox 3313 4943 3432 4998; x_wconf 64' lang='lat' dir='ltr'><strong>hac</strong></span> <span class='ocrx_word' id='word_1_785' title='bbox 3458 4943 3642 4997; x_wconf 86' lang='lat' dir='ltr'><strong>omnia</strong></span> <span class='ocrx_word' id='word_1_786' title='bbox 3665 4953 3722 4998; x_wconf 87' lang='lat' dir='ltr'><strong>ct</strong></span> 
     </span>
    </p>
   </div>
   <div class='ocr_carea' id='block_1_106' title="bbox 2129 5039 2430 5116">
    <p class='ocr_par' dir='ltr' id='par_1_106' title="bbox 2129 5039 2430 5116">
     <span class='ocr_line' id='line_1_107' title="bbox 2129 5039 2430 5116; baseline -0.007 -20"><span class='ocrx_word' id='word_1_787' title='bbox 2129 5039 2430 5116; x_wconf 64' lang='lat' dir='ltr'><strong>superﬂua,</strong></span> 
     </span>
    </p>
   </div>
   <div class='ocr_carea' id='block_1_107' title="bbox 2193 5181 3724 5266">
    <p class='ocr_par' dir='ltr' id='par_1_107' title="bbox 2193 5181 3724 5266">
     <span class='ocr_line' id='line_1_108' title="bbox 2193 5181 3724 5266; baseline -0.005 -15"><span class='ocrx_word' id='word_1_788' title='bbox 2193 5181 2480 5266; x_wconf 75' lang='lat' dir='ltr'><strong>Quoniam</strong></span> <span class='ocrx_word' id='word_1_789' title='bbox 2503 5198 2680 5265; x_wconf 82' lang='lat' dir='ltr'><strong>prima</strong></span> <span class='ocrx_word' id='word_1_790' title='bbox 2710 5196 2975 5250; x_wconf 79' lang='lat' dir='ltr'><strong>abierunt.</strong></span> <span class='ocrx_word' id='word_1_791' title='bbox 3009 5193 3192 5260; x_wconf 81' lang='lat' dir='ltr'><strong>Prima</strong></span> <span class='ocrx_word' id='word_1_792' title='bbox 3219 5209 3340 5264; x_wconf 70' lang='lat' dir='ltr'><strong>qua:</strong></span> <span class='ocrx_word' id='word_1_793' title='bbox 3361 5208 3394 5247; x_wconf 90' lang='lat' dir='ltr'><strong>a</strong></span> <span class='ocrx_word' id='word_1_794' title='bbox 3421 5201 3724 5262; x_wconf 76' lang='lat' dir='ltr'><strong>transgres-</strong></span> 
     </span>
    </p>
   </div>
   <div class='ocr_carea' id='block_1_108' title="bbox 2139 5284 3718 5358">
    <p class='ocr_par' dir='ltr' id='par_1_108' title="bbox 2139 5284 3718 5358">
     <span class='ocr_line' id='line_1_109' title="bbox 2139 5284 3718 5358; baseline -0.009 -10"><span class='ocrx_word' id='word_1_795' title='bbox 2139 5292 2296 5348; x_wconf 90' lang='lat' dir='ltr'><strong>sione</strong></span> <span class='ocrx_word' id='word_1_796' title='bbox 2325 5291 2497 5344; x_wconf 75' lang='lat' dir='ltr'><strong>Adam</strong></span> <span class='ocrx_word' id='word_1_797' title='bbox 2532 5287 2944 5358; x_wconf 88' lang='lat' dir='ltr'><strong>corruptionem</strong></span> <span class='ocrx_word' id='word_1_798' title='bbox 2973 5285 3402 5350; x_wconf 84' lang='lat' dir='ltr'><strong>comitabantur,</strong></span> <span class='ocrx_word' id='word_1_799' title='bbox 3447 5284 3566 5338; x_wconf 85' lang='lat' dir='ltr'><strong>sive</strong></span> <span class='ocrx_word' id='word_1_800' title='bbox 3599 5298 3718 5334; x_wconf 87' lang='lat' dir='ltr'><strong>mo-</strong></span> 
     </span>
    </p>
   </div>
   <div class='ocr_carea' id='block_1_109' title="bbox 2132 5373 3722 5450">
    <p class='ocr_par' dir='ltr' id='par_1_109' title="bbox 2132 5373 3722 5450">
     <span class='ocr_line' id='line_1_110' title="bbox 2132 5373 3722 5450; baseline -0.01 -10"><span class='ocrx_word' id='word_1_801' title='bbox 2132 5385 2270 5440; x_wconf 87' lang='lat' dir='ltr'><strong>lesta</strong></span> <span class='ocrx_word' id='word_1_802' title='bbox 2297 5397 2364 5438; x_wconf 89' lang='lat' dir='ltr'><strong>ac</strong></span> <span class='ocrx_word' id='word_1_803' title='bbox 2389 5381 2647 5436; x_wconf 82' lang='lat' dir='ltr'><strong>dolorosa</strong></span> <span class='ocrx_word' id='word_1_804' title='bbox 2682 5396 2806 5450; x_wconf 70' lang='lat' dir='ltr'><strong>qua:</strong></span> <span class='ocrx_word' id='word_1_805' title='bbox 2837 5379 2894 5434; x_wconf 89' lang='lat' dir='ltr'><strong>in</strong></span> <span class='ocrx_word' id='word_1_806' title='bbox 2927 5377 3122 5433; x_wconf 90' lang='lat' dir='ltr'><strong>amicis</strong></span> <span class='ocrx_word' id='word_1_807' title='bbox 3153 5376 3248 5430; x_wconf 87' lang='lat' dir='ltr'><strong>Dei</strong></span> <span class='ocrx_word' id='word_1_808' title='bbox 3280 5382 3505 5446; x_wconf 88' lang='lat' dir='ltr'><strong>propter</strong></span> <span class='ocrx_word' id='word_1_809' title='bbox 3537 5373 3722 5428; x_wconf 54' lang='lat' dir='ltr'><strong>virtu-</strong></span> 
     </span>
    </p>
   </div>
   <div class='ocr_carea' id='block_1_110' title="bbox 2133 5466 3726 5543">
    <p class='ocr_par' dir='ltr' id='par_1_110' title="bbox 2133 5466 3726 5543">
     <span class='ocr_line' id='line_1_111' title="bbox 2133 5466 3726 5543; baseline -0.011 -9"><span class='ocrx_word' id='word_1_810' title='bbox 2133 5487 2239 5534; x_wconf 89' lang='lat' dir='ltr'><strong>tem</strong></span> <span class='ocrx_word' id='word_1_811' title='bbox 2270 5475 2574 5542; x_wconf 86' lang='lat' dir='ltr'><strong>abundant,</strong></span> <span class='ocrx_word' id='word_1_812' title='bbox 2605 5475 2724 5530; x_wconf 87' lang='lat' dir='ltr'><strong>sive</strong></span> <span class='ocrx_word' id='word_1_813' title='bbox 2751 5480 2974 5543; x_wconf 85' lang='lat' dir='ltr'><strong>propter</strong></span> <span class='ocrx_word' id='word_1_814' title='bbox 3009 5469 3322 5539; x_wconf 85' lang='lat' dir='ltr'><strong>superbiam</strong></span> <span class='ocrx_word' id='word_1_815' title='bbox 3367 5483 3434 5524; x_wconf 89' lang='lat' dir='ltr'><strong>ac</strong></span> <span class='ocrx_word' id='word_1_816' title='bbox 3457 5466 3726 5535; x_wconf 71' lang='lat' dir='ltr'><strong>insipien-</strong></span> 
     </span>
    </p>
   </div>
   <div class='ocr_carea' id='block_1_111' title="bbox 2027 5557 3724 5638">
    <p class='ocr_par' dir='ltr' id='par_1_111' title="bbox 2027 5557 3724 5638">
     <span class='ocr_line' id='line_1_112' title="bbox 2027 5557 3724 5638; baseline -0.008 -12"><span class='ocrx_word' id='word_1_817' title='bbox 2027 5627 2036 5632; x_wconf 94' lang='lat'>_</span> <span class='ocrx_word' id='word_1_818' title='bbox 2131 5571 2266 5625; x_wconf 87' lang='lat' dir='ltr'><strong>tiam</strong></span> <span class='ocrx_word' id='word_1_819' title='bbox 2315 5567 2517 5638; x_wconf 84' lang='lat' dir='ltr'><strong>impios</strong></span> <span class='ocrx_word' id='word_1_820' title='bbox 2561 5581 2626 5624; x_wconf 88' lang='lat' dir='ltr'><strong>ac</strong></span> <span class='ocrx_word' id='word_1_821' title='bbox 2658 5561 2986 5623; x_wconf 85' lang='lat' dir='ltr'><strong>temerarios</strong></span> <span class='ocrx_word' id='word_1_822' title='bbox 3030 5569 3484 5634; x_wconf 78' lang='lat' dir='ltr'><strong>consequuntur,</strong></span> <span class='ocrx_word' id='word_1_823' title='bbox 3536 5557 3724 5614; x_wconf 77' lang='lat' dir='ltr'><strong>oumia</strong></span> 
     </span>
    </p>
   </div>
   <div class='ocr_carea' id='block_1_112' title="bbox 2133 5662 2456 5736">
    <p class='ocr_par' dir='ltr' id='par_1_112' title="bbox 2133 5662 2456 5736">
     <span class='ocr_line' id='line_1_113' title="bbox 2133 5662 2456 5736; baseline -0.022 -14"><span class='ocrx_word' id='word_1_824' title='bbox 2133 5662 2414 5722; x_wconf 81' lang='lat' dir='ltr'><strong>abierunt.</strong></span> <span class='ocrx_word' id='word_1_825' title='bbox 2451 5733 2456 5736; x_wconf 94' lang='lat'>_</span> 
     </span>
    </p>
   </div>
  </div>
