4164 6446
542 417 657 483 767
1397 422 1727 484 ARETH/E
1765 421 2145 484 CAESAREle
2177 418 2658 481 CAPPADOCIA!
2694 418 3032 479 EPISCOPI
3716 420 3837 482 768

544 530 871 597 prehensus.
898 528 1089 586 Murus
1113 532 1298 599 itaque
1328 531 1481 586 visus
1509 542 1680 585 estex
1704 531 1918 601 jaspide
1946 530 2119 600 lapide

2224 546 2307 581 σει
2330 528 2553 597 ληπτόν.
2588 527 2662 580 Τὸ
2704 529 2885 596 τεῖχος
2930 527 3030 596 μὲν
3060 525 3152 579 οὖν
3195 525 3399 581 ἰάσπιδι
3448 527 3635 599 ὡρὰθη
3685 527 3838 600 λίθῳ

540 622 885 690 compositus
909 632 1131 690 propter
1155 622 1357 676 coloris
1385 622 1740 676 viriditatem.
1773 622 1954 677 Viride
1982 624 2119 675 enim

2238 619 2744 688 συντετελεσμένον,
2775 618 2865 671 διὰ
2885 619 2946 670 τὸ
2977 618 3194 688 χλοερὸν
3215 618 3308 671 τοῦ
3331 618 3639 689 χρώματος.
3671 621 3836 689 Χλόη

544 727 768 782 gramen
802 714 953 781 praeit
987 728 1150 767 omne
1193 727 1470 767 terrenum
1512 715 1855 769 alimentum.
1889 714 2031 780 Quin
2076 725 2131 771 et

548 804 925 872 crystallizans
976 805 1150 873 jaspis
1206 808 1385 868 muri,
1424 806 1669 875 designat
1725 807 1904 876 ipsum
1951 809 2130 862 conti-

546 909 675 946 nere
710 895 999 962 puritatem
1033 906 1087 948 et
1131 911 1322 949 carere
1360 898 1816 964 reprehensione.
1861 898 2129 954 Praeterea

544 985 833 1040 sublimem
870 985 1005 1039 dicit
1046 1002 1263 1042 murum
1299 997 1353 1043 et
1383 989 1552 1042 altqu
1592 1006 1605 1042 :
1644 1006 1822 1061 neque
1857 991 1999 1046 enim
2032 992 2128 1047 Al-

546 1076 757 1128 tissimo
774 1086 987 1144 gratum
1013 1088 1098 1132 est
1126 1081 1177 1132 in
1209 1080 1510 1135 humilibus
1536 1092 1589 1136 et
1612 1082 1838 1151 abiectis
1857 1084 2126 1148 habitare,

542 1168 638 1223 sed
676 1169 730 1221 in
756 1169 841 1224 his
869 1170 1071 1240 quibus
1102 1173 1365 1229 sublimes
1392 1184 1517 1228 sunt
1546 1189 1743 1232 sensus
1765 1188 1820 1232 et
1847 1178 2126 1233 cwlestem

544 1257 807 1312 habentes
849 1263 1293 1317 sanctimoniam.
1348 1263 1573 1334 Species
1612 1276 1795 1321 autem
1839 1267 2128 1326 luminaris

542 1349 947 1416 pretiosissima
974 1354 1194 1421 quidem
1220 1354 1387 1424 lapidi
1409 1367 1780 1427 comparatur,
1809 1374 1918 1415 non
1945 1369 2126 1416 tamen

542 1440 723 1507 qualis
758 1442 924 1496 fuerit
952 1455 1207 1514 aspectus
1234 1447 1542 1503 ostenditur
1573 1466 1587 1504 :
1619 1451 1749 1521 quia
1774 1466 1951 1521 neque
1979 1468 2126 1506 mor-

547 1530 744 1586 talibus
786 1542 841 1587 et
883 1538 1339 1603 corruptibilibus
1379 1540 1543 1596 rebus
1584 1540 1860 1611 designari
1898 1548 2127 1614 possunt

542 1637 665 1690 quae
708 1623 1053 1681 divinissima
1096 1637 1225 1683 sunt
1262 1638 1317 1684 et
1357 1631 1545 1687 sensui
1592 1647 1941 1704 nequaquam
1990 1635 2123 1692 sub-

544 1713 712 1781 jeeta.

614 1802 758 1868 XXI,
794 1806 977 1861 12-16.
1028 1807 1097 1861 Ει
1143 1810 1364 1865 habebat
1402 1823 1585 1882 portas
1633 1815 1940 1881 duodecim,
1972 1829 2022 1873 et
2067 1818 2123 1873 in

543 1898 712 1961 portis
738 1900 949 1967 angelos
986 1900 1285 1969 duodecim,
1316 1914 1367 1958 et
1407 1906 1622 1959 nomina
1665 1909 1961 1973 inscripta,
2004 1927 2122 1981 quia

541 1997 665 2039 sunt
703 1991 917 2043 nomina
959 1992 1236 2047 duodecim
1269 1996 1504 2049 tribuum
1539 1999 1775 2068 ﬁliorum
1808 1999 2002 2057 Israel.
2042 2005 2121 2058 Ab

542 2078 740 2132 oriente
772 2089 941 2148 porta:
984 2090 1112 2146 tres,
1149 2093 1198 2136 et
1239 2085 1304 2139 ab
1332 2088 1575 2156 aquilone
1612 2103 1780 2159 porta:
1809 2102 1931 2156 tres,
1968 2105 2019 2149 et
2056 2095 2120 2149 ab

543 2178 727 2223 austro
753 2181 921 2240 portat
947 2183 1076 2239 tres,
1097 2176 1263 2247 824
1290 2188 1339 2231 et
1373 2180 1437 2231 ab
1473 2197 1664 2236 occasu
1695 2196 1862 2251 porta:
1894 2196 2018 2240 tres.
2054 2186 2121 2241 Et

541 2275 724 2313 murus
753 2263 984 2320 civitatis
1014 2265 1239 2321 habebat
1266 2269 1614 2336 fundamenta
1641 2274 1915 2328 duodecim
1936 2322 1949 2342 ,
1985 2287 2032 2330 et
2066 2280 2123 2331 in

540 2350 668 2417 ipsis
698 2349 973 2407 duodecim
1015 2358 1231 2409 nomina
1265 2356 1540 2412 duodecim
1572 2362 1931 2430 apostolorum
1960 2363 2118 2435 Agni.

609 2615 827 2671 Nullum
855 2633 920 2673 ex
954 2619 1042 2675 his
1074 2619 1275 2677 durum
1308 2621 1646 2680 intellectum
1675 2628 1741 2680 ad
1771 2628 2120 2697 explanatio-

540 2722 665 2759 nem
690 2709 829 2762 trahi
854 2723 1078 2764 necesse
1095 2721 1199 2767 est.
1222 2712 1453 2779 Quando
1479 2716 1625 2769 enim
1652 2732 1915 2773 numerus
1936 2728 2123 2789 aperte

538 2798 790 2868 designat
832 2802 1116 2869 apostolos
1163 2801 1414 2871 Domini,
1454 2805 1572 2877 ipse
1619 2817 1899 2877 portarum
1951 2826 2120 2878 usus.

541 2901 739 2957 nempe
767 2891 911 2958 quod
960 2891 1313 2948 introducaut
1341 2895 1407 2950 ad
1440 2898 1699 2954 conclave
1730 2900 1875 2965 vitae,
1904 2913 2125 2971 aposto-

541 2976 624 3032 los
653 2977 826 3045 ipsius
870 2990 1246 3049 repraesentat,
1283 2999 1380 3054 per
1415 3002 1554 3056 quos
1585 2998 1773 3057 gentes
1804 2994 1871 3046 ad
1913 2991 2120 3049 Chris‘ti

537 3069 801 3124 conclave
839 3070 1164 3129 introducta;
1200 3084 1347 3132 sunt.
1396 3079 1634 3148 Angelos
1669 3096 1800 3137 vero
1832 3083 2121 3140 duodecim

541 3158 596 3214 in
625 3162 795 3230 portis
818 3165 1180 3233 constituunt,
1208 3182 1350 3236 quos
1372 3168 1709 3240 interpretati
1735 3184 1864 3230 sunt
1895 3187 2117 3247 aposto-

538 3251 642 3317 los,
674 3268 771 3322 per
792 3270 930 3327 quos
952 3258 1112 3313 nobis
1138 3259 1398 3316 introitus
1430 3271 1485 3316 et
1517 3264 1581 3318 ad
1613 3263 1827 3320 Patrem
1859 3283 2116 3327 accessus

538 3356 876 3415 praeparatur
907 3352 1291 3418 cooperatioue
1335 3355 1650 3423 angelorum
1672 3399 1686 3423 ,
1720 3359 1813 3428 qui
1846 3361 1965 3430 pari
2010 3378 2116 3417 nu-

539 3450 694 3491 mero
725 3436 835 3494 sint
873 3454 997 3494 cum
1049 3442 1132 3496 his
1169 3443 1439 3511 praefectis
1488 3465 1503 3501 :
1555 3457 1651 3502 aut
1704 3451 1887 3520 potius
1926 3469 2113 3508 eorum

539 3528 854 3599 angelorum
906 3532 999 3599 qui
1041 3535 1308 3603 segregati
1355 3545 1485 3591 sunt
1540 3539 1604 3593 ad
1659 3542 2112 3607 gubernationem

537 3617 827 3674 duodecim
876 3623 1120 3675 tribuum
1178 3623 1375 3689 Israel,
1425 3627 1580 3696 juxta
1632 3633 2016 3701 cognationem
2060 3637 2113 3689 in

540 3711 828 3765 sanctitate
859 3712 1165 3768 fundatam.
1204 3714 1266 3769 Et
1310 3719 1663 3774 meritissimo
1697 3722 1772 3776 ita
1807 3724 2029 3780 dicitur.
2056 3727 2114 3782 Si

538 3800 684 3854 enim
736 3816 1058 3870 persuasum
1095 3805 1253 3859 nobis
1294 3815 1397 3870 est,
1435 3810 1635 3877 cuique
1683 3811 1925 3866 ﬁdelium
1977 3816 2117 3879 desi-

539 3902 764 3964 gnatum
807 3908 931 3947 esse
974 3895 1265 3964 angelum,
1297 3900 1472 3952 multo
1517 3900 1691 3970 magis
1744 3902 2118 3962 fundamentis

543 3983 801 4039 Ecclesia:
830 3995 884 4039 et
917 3986 1215 4056 evangelici
1243 3988 1391 4066 verbi
1429 3991 1854 4049 seminatorihus
1883 4011 2118 4051 consen-

541 4089 761 4132 taneum
789 4087 873 4134 est
905 4081 1128 4150 angelos
1171 4094 1294 4137 esse
1333 4081 1612 4153 adjutores
1642 4086 1709 4139 ad
1742 4090 2113 4159 evangelicam

539 4170 1004 4238 praedicationem.

607 4260 679 4316 Et
714 4265 928 4319 nomina
974 4267 1244 4335 inscripta.
1296 4265 1353 4321 lu
1405 4269 1554 4323 cultu
1604 4270 1823 4340 quidem
1880 4272 2115 4331 blosaico

538 4366 862 4426 praeceptum
897 4368 1013 4412 erat
1046 4370 1106 4412 ut
1128 4358 1180 4411 in
1207 4359 1644 4428 superhumerali
1677 4365 2112 4422 inscriberentur

540 4450 752 4504 nomina
778 4450 1235 4519 patriarcharum,
1262 4452 1315 4505 in
1339 4462 1664 4510 testamento
1690 4466 1869 4512 autem
1895 4458 2111 4514 Domini

2236 712 2343 781 γὰρ
2368 713 2582 781 ήγεῖται
2623 712 2804 780 πάσης
2832 709 3076 778 ἐπιγείου
3095 710 3321 779 τροφῆς.
3368 711 3527 764 Ἀλλὰ
3554 712 3649 765 καὶ
3685 729 3838 780 κρυ-

2238 802 2591 865 σταλλίζουσα
2622 805 2655 873 ή
2689 804 2881 865 ῐασπις
2914 800 3011 855 τοῦ
3057 803 3290 871 τείχους,
3328 804 3388 857 τὸ
3419 803 3668 873 καθαρὸν
3728 806 3834 857 καὶ

2234 892 2467 965 ἄμωμον
2509 894 2859 964 αἰνιττομένη
2908 893 3003 946 τοῦ
3058 894 3476 965 περιεχομένου.
3517 896 3682 950 Ἀλλά
3725 898 3830 949 καὶ

2235 983 2437 1055 ὑψηλόν
2468 1001 2600 1057 φησι
2622 984 2789 1039 τοῦτο
2834 985 2927 1039 καὶ
2962 986 3127 1055 μέγα.
3160 986 3235 1040 Οὐ
3286 988 3394 1058 γὰρ
3429 989 3486 1041 ὲν
3529 992 3831 1053 ταπεινοῖς

2234 1076 2325 1129 καὶ
2357 1077 2715 1147 χαμαιζήλοις
2769 1078 2798 1130 ό
2849 1077 3113 1146 ’Υψιστος
3160 1079 3449 1149 εὐαρεστεῖ
3506 1084 3827 1145 κατοικεῖν,

2233 1166 2351 1220 ἀλλ’
2377 1169 2523 1230 ὅσοις
2547 1167 2815 1238 μετάρσια
2852 1167 2924 1220 τὰ
2945 1169 3289 1239 φρονήματα,
3317 1171 3410 1222 καὶ
3432 1170 3530 1239 τῆς
3553 1172 3826 1239 οὐρανίου

2234 1255 2467 1325 ἐχόμενα
2493 1257 2843 1327 σεμνότητος.
2875 1257 2949 1311 Τὸ
2973 1258 3033 1311 δὲ
3048 1256 3142 1311 τοῦ
3171 1259 3455 1329 φωστῆρος
3488 1256 3646 1323 εἶδος,
3677 1260 3828 1331 λίθῳ

2235 1347 2335 1417 μιν
2398 1346 2813 1417 παραϐάλλεται
2851 1348 3190 1419 τιμιωτάτῳ,
3238 1348 3300 1403 οὐ
3352 1349 3535 1419 μέντοι
3568 1353 3661 1402 καὶ
3715 1353 3828 1422 τὴν

2234 1435 2379 1489 ίδέαν
2404 1438 2587 1499 ὁποῖος
2616 1436 2972 1502 ἐνδείκνυται,
3009 1438 3092 1490 ὅτι
3129 1438 3266 1508 μηδὲ
3322 1439 3535 1509 θνητοῖς
3578 1442 3677 1493 καὶ
3711 1443 3827 1509 ἀφ-

2233 1527 2451 1597 θάρτοις
2481 1528 2551 1581 τὰ
2578 1527 2829 1580 θειότατα
2852 1528 2947 1582 καὶ
2970 1528 3218 1599 αἰσθήσει
3245 1529 3524 1587 ἁδούλωτα
3558 1532 3824 1600 πέφυκεν

2232 1620 2813 1692 ὑποδειγματίζεσθαι.

2304 1802 2621 1872 Ἕχουσαν
2653 1802 2943 1872 πυλῶνας
2990 1802 3237 1868 δώδεκα,
3266 1802 3482 1857 καὶέπὶ
3525 1820 3650 1870 τοις
3696 1821 3822 1857 πιθε-

2156 1888 2198 1946 B
2222 1895 2418 1952 ,ζῶσιν
2440 1896 2735 1966 ἀγγέλους
2755 1897 3002 1953 δώδεκα,
3035 1898 3138 1952 Kal
3169 1898 3429 1967 ὀνόματα
3450 1896 3821 1968 ἐπιγεγραμέ

2222 1989 2408 2058 μέγα,
2478 1990 2518 2045 ἅ
2569 1990 2741 2045 ἐστιν
2797 1991 3059 2060 ὀνόματα
3120 1988 3240 2043 τῶν
3298 1989 3526 2044 δώδεκα
3591 1992 3816 2059 φυλῶν

2221 2080 2371 2134 υιῶν
2421 2081 2680 2149 Ἰσραήλ.
2719 2080 2866 2137 Ἀπὸ
2920 2080 3255 2147 ἀνατολῶν,
3305 2080 3579 2147 πυλῶνες
3620 2081 3815 2148 τρεῖς,

2223 2173 2320 2226 καί
2372 2174 2488 2227 ἀπὸ
2531 2172 2728 2242 ,βορῤᾶ
2773 2172 3051 2238 πυλῶνες
3094 2171 3271 2242 τρεῖς,
3307 2172 3404 2226 καὶ
3448 2174 3565 2226 ἀπὸ
3614 2176 3810 2227 νότου

2223 2260 2498 2327 πυλῶνες
2535 2262 2707 2331 τρεῖς,
2736 2262 2836 2316 καὶ
2862 2262 2979 2317 ἀπὸ
3022 2260 3274 2330 δυσμῶν
3300 2261 3577 2328 πυλῶνες
3618 2264 3809 2330 τρεῖς,

2223 2352 2321 2405 καὶ
2346 2352 2409 2404 τὸ
2438 2352 2635 2422 τεῖχος
2664 2352 2775 2421 τῆς
2801 2354 3033 2420 πόλεως
3047 2354 3193 2423 ἕχον
3213 2353 3525 2423 θεμελίους
3546 2353 3806 2420 δώδεκα,

2225 2445 2323 2497 καὶ
2348 2445 2442 2499 ἐπ’
2473 2444 2672 2499 αὐτῶν
2696 2442 2925 2499 δώδεκα
2958 2447 3220 2515 ὀνόματα
3244 2444 3362 2499 τῶν
3397 2444 3623 2502 δώδεκα
3650 2446 3812 2501 ἀπο-

2222 2537 2463 2591 στόλων
2488 2535 2596 2589 τοῦ
2643 2538 2699 2590 Ἀ
2702 2538 2899 2606 ρνίου.

2291 2629 2459 2685 Οὐδὲν
2488 2632 2551 2684 ὲκ
2593 2629 2799 2684 τούτων
2827 2630 3145 2701 περισκελὲς
3176 2628 3353 2701 νόημα
3381 2630 3462 2692 είς
3499 2630 3808 2700 σαφήνειαν

2227 2720 2621 2792 μεθελκόμενον
2654 2720 2936 2791 τυγχάνει.
2974 2721 3045 2774 Ὀ
3076 2735 3136 2774 τε
3172 2719 3282 2790 γὰρ
3326 2719 3557 2791 ἀριθμὸς
3612 2720 3807 2788 σαφῶς

2220 2813 2351 2878 τοὺς
2394 2812 2728 2877 ἀποστόλους
2752 2813 2957 2884 Κυρίου
2981 2810 3355 2883 ὑποφαίνει,ῆ
3389 2828 3449 2865 τε
3480 2810 3638 2881 χρεία
3681 2810 3800 2863 τῶν

2223 2906 2485 2963 πυλώνων
2515 2908 2591 2973 ὡς
2636 2906 2968 2976 εἰσαγόντων
3014 2907 3095 2971 είς
3135 2906 3195 2960 τδ
3240 2907 3339 2975 τῆς
3371 2905 3517 2975 ζωῆς
3572 2906 3805 2975 ταμεῖον

2222 3000 2350 3063 τοὺς
2381 2998 2547 3054 αὑτοῦ
2595 2999 2923 3061 ἀποστόλους
2964 2999 3227 3071 παριστᾷ,
3252 2997 3320 3052 δι’
3349 2990 3423 3053 ὧν
3462 2998 3530 3051 τὰ
3554 2998 3681 3065 ἔθνη
3726 2994 3803 3065 τῷ

2225 3090 2465 3161 Χριστοῦ
2499 3092 2711 3162 ταμείῳ
2763 3091 3119 3162 εἰσήχθησαν.
3161 3089 3451 3160 ’Δγγέλους
3481 3088 3539 3144 δὲ
3590 3087 3802 3141 δώδεκα

2223 3185 2317 3239 ἐπὶ
2349 3184 2459 3239 τῶν
2504 3182 2768 3239 πυλώνων
2805 3183 3150 3247 καθιστᾶσιν,
3184 3180 3280 3247 οὓς
3312 3182 3436 3245 τοὺς
3469 3181 3804 3241 ἀποστόλους

2219 3274 2562 3346 ἑξειλήφασι,
2591 3275 2660 3327 δι’
2699 3267 2774 3327 ὧν
2799 3276 2832 3344 ή
2878 3273 3080 3337 εἴσοδος
3109 3272 3293 3344 ἡμῶν,
3318 3273 3412 3326 καὶ
3441 3273 3474 3341 ή
3525 3272 3660 3341 πρὸς
3708 3272 3802 3323 τὸν

2220 3364 2441 3435 Πατέρα
2464 3364 2802 3434 προσαγωγὴ
2824 3364 3123 3434 ὲνήργηται
3141 3361 3235 3416 ἐπὶ
3261 3362 3521 3433 συνεργίᾳ
3546 3361 3802 3428 ἀγγέλων

2222 3454 2528 3526 ἰσαρίθμων
2558 3456 2669 3509 τῶν
2705 3455 3075 3526 προύχόντων,
3105 3452 3201 3509 καὶ
3232 3453 3433 3524 μᾶλλον
3465 3457 3529 3524 τῇ
3569 3455 3799 3505 ἐπιστα-

2221 3547 2312 3619 σίᾳ
2360 3547 2761 3619 ἀφωρισμένων
2805 3548 2915 3602 τῶν
2947 3545 3155 3601 δώδεκα
3207 3546 3389 3616 φυλῶν
3439 3544 3534 3598 τοῦ
3578 3545 3798 3614 Ἰσραὴλ

2218 3638 2363 3691 κατὰ
2395 3638 2493 3709 τὴν
2549 3637 2869 3708 ἀγχιστείαν
2898 3638 2997 3706 τὴν
3054 3636 3110 3690 ὲν
3157 3636 3405 3705 ἁγιότητι
3440 3630 3798 3704 θεμελιωθεί-

2222 3740 2342 3786 σαν.
2382 3732 2489 3783 Καὶ
2525 3730 2671 3800 μάλα
2690 3729 2937 3792 εἰκότως.
2965 3728 3027 3781 El.
3060 3728 3165 3799 γὰρ
3188 3727 3403 3795 ἑκάστῳ
3422 3726 3530 3778 τῶν
3563 3723 3794 3783 πιστῶν,

2217 3823 2449 3892 ἄγγελον
2506 3820 2735 3875 ἕπεσθαι
2785 3819 3234 3891 πεπιστεύκαμεν
3262 3859 3277 3883 ,
3342 3815 3521 3888 πολλῷ
3593 3815 3796 3885 μᾶλλον

2216 3915 2331 3975 τοῖς
2371 3910 2643 3983 θεμελίοις
2687 3911 2786 3982 τῆς
2830 3909 3182 3980 Ἑκκλησίας,
3209 3910 3303 3963 καὶ
3343 3910 3454 3971 τοῖς
3501 3906 3593 3960 τοῦ
3625 3907 3797 3974 εὐαγ-

2217 4002 2440 4068 γελιγοῦ
2489 4001 2649 4070 λόγου
2682 4000 2997 4072 σπορεῦσιν,
3026 4000 3291 4069 ἀγγέλους
3330 3998 3625 4070 συνεργοὺς
3656 4000 3795 4068 πρὸς

2217 4092 2279 4148 τὸ
2323 4092 2683 4161 εὐαγγελικὺν
2711 4094 2973 4164 κήρυγμα
2998 4092 3235 4145 νοεῖσθαι
3266 4092 3579 4147 ἀκόλουθον.

2286 4271 2398 4328 Καὶ
2467 4271 2731 4341 ὀνόματα
2791 4271 3289 4343 ἐπιγεγραμμένα.
3342 4273 3467 4327 Ἐπὶ
3528 4274 3625 4345 μὲν
3681 4276 3782 4345 τῆς

2215 4364 2494 4430 Μωῦσέως
2523 4365 2802 4434 λατρείας,
2831 4366 2898 4419 τὰ
2942 4366 3050 4419 τῶν
3083 4366 3397 4437 ἀρχιφύλων
3418 4367 3659 4438 ὀνόματα
3697 4368 3792 4420 ἐπὶ

2216 4458 2314 4527 τῆς
2364 4456 2640 4527 ἐπωμίδος
2685 4455 3017 4528 γεγράφθαι,
3054 4458 3385 4529 πρόσταγμα
3418 4474 3433 4490 ·
3488 4460 3546 4512 ἐν
3610 4459 3667 4512 δὲ
3719 4460 3786 4529 τῇ

535 4537 687 4603 Jesu,
736 4541 955 4595 nomina
1002 4543 1125 4595 novi
1163 4541 1330 4597 lsrael
1377 4545 1431 4599 in
1481 4548 1655 4615 ponis
1707 4549 2105 4616 inscrilmntur,

2221 4546 2356 4600 κατὰ
2388 4546 2591 4616 Κύριον
2641 4547 2850 4619 Ἰησοῦν
2885 4547 3129 4622 Διαθήκῃ
3164 4547 3257 4601 τοῦ
3288 4549 3409 4603 νέου
3464 4548 3683 4619 Ἰσραὴλ
3720 4549 3789 4601 τὰ

537 4632 640 4686 hoc
692 4642 811 4698 est,
850 4634 904 4686 in
947 4633 1029 4687 his
1062 4635 1457 4703 introducunt,
1487 4640 1554 4695 de
1595 4641 1793 4710 quibus
1824 4643 1987 4697 etiam
2033 4644 2112 4698 di-

539 4733 687 4777 ctmn
750 4734 835 4779 est
892 4742 907 4778 :
972 4744 990 4776 ι
1032 4725 1306 4783 Nuntiabo
1363 4746 1561 4787 nomen
1626 4742 1780 4788 tuum
1848 4735 2112 4793 fratribus

536 4818 670 4871 meis
692 4818 779 4886 '°;
821 4838 838 4868 ι
881 4833 1080 4872 nomen
1121 4819 1309 4875 dicens
1337 4823 1655 4892 mysterium
1693 4826 1813 4879 lidei
1851 4827 1903 4880 in
1951 4827 2113 4882 Citri-

533 4921 700 4976 stnm,
731 4910 877 4980 quod
912 4924 1018 4964 non
1050 4912 1117 4966 ad
1150 4911 1423 4968 ineli‘abile
1450 4925 1743 4981 secretum,
1777 4917 1871 4970 sed
1909 4928 1967 4971 ut
1995 4934 2112 4973 om-

532 4997 696 5051 nibus
740 4996 1093 5053 inanifestutn
1143 5002 1270 5066 tiat,
1322 5003 1611 5071 pollicetur
1666 5009 2101 5075 pr0ponendum.

2215 4642 2457 4711 ὀνόματα
2482 4642 2574 4694 ἐπὶ
2592 4643 2703 4705 τοῖς
2724 4642 2956 4708 πυλῶσι,
2970 4643 3240 4706 τουτέστι,
3262 4644 3374 4705 τοῖς
3395 4642 3700 4710 είσαγωγεῦ
3710 4659 3756 4693 σι
3770 4684 3783 4707 ,

2216 4734 2344 4804 περὶ
2376 4729 2451 4787 ὧν
2480 4735 2573 4787 καὶ
2626 4734 2880 4803 εἴρηται·
2918 4752 2936 4785 ι
2990 4733 3309 4803 Ἀπαγγελῶ
3361 4733 3422 4786 τὸ
3472 4732 3644 4802 ὄνομά
3693 4750 3786 4785 σου

2211 4829 2325 4888 τοῖς
2355 4824 2605 4893 ἀδελφοῖς
2634 4843 2756 4894 μου,
2804 4846 2820 4876 ι
2851 4824 3023 4894 ὄνομα
3054 4824 3116 4877 τὸ
3165 4824 3306 4876 κατὰ
3338 4823 3437 4893 τὴν
3475 4824 3657 4874 πίστιν
3689 4822 3786 4893 τὴν

2215 4917 2357 4969 κατᾶ
2393 4916 2648 4985 Χριστὸν,
2685 4916 2988 4986 μυστήριον
3020 4914 3216 4982 λέγων,
3248 4912 3275 4965 ὃ
3304 4915 3403 4966 οὐκ
3438 4914 3516 4975 είς
3542 4913 3785 4983 ἀπόρρη-

2211 5025 2301 5060 τον
2345 5006 2659 5075 ἐχεμυθίαν,
2684 5008 2799 5059 ἀλλ’
2836 5009 2917 5070 εἰς
2950 5007 3121 5060 ἅπασι
3163 5002 3440 5076 προῦπτον
3482 5005 3785 5075 προϐάλλεο

532 5085 898 5144 Conformiter
927 5100 1107 5145 autem
1146 5092 1212 5146 ad
1252 5108 1544 5148 numerum
1593 5096 1834 5149 tribuum
1869 5099 2104 5154 illiorqu

2221 5103 2329 5153 τθαι
2370 5102 2732 5169 ὑπισχνεῖται.
2771 5101 3073 5169 Ἀναλόγως
3100 5101 3156 5153 δὲ
3183 5101 3302 5163 ταῖς
3326 5100 3431 5152 ἀπὸ
3464 5097 3661 5151 Ἰακὼό
3682 5115 3783 5167 φυ-

528 5176 699 5234 Jacob
754 5190 883 5235 sunt
924 5188 979 5236 et
1036 5191 1237 5251 porta},
1288 5184 1418 5254 quia
1466 5200 1644 5254 neque
1690 5201 1786 5256 per
1836 5189 1995 5243 ﬁdem
2052 5192 2105 5246 in

2221 5196 2327 5254 lui;
2355 5192 2450 5244 καὶ⁵
2483 5194 2532 5245 οἱ
2573 5191 2838 5257 πυλῶνες,
2868 5193 2951 5245 ὃτι
2985 5191 3118 5261 μηδὲ
3147 5192 3324 5244 πάντα
3356 5191 3696 5260 κατήργηται
3715 5188 3782 5241 τὰ

528 5271 804 5327 Christum
842 5275 1046 5330 abolita
1093 5287 1222 5331 sunt
1258 5276 1511 5333 universa
1554 5294 1677 5348 quae
1710 5282 1910 5336 veteris
1951 5294 2109 5339 erant

2221 5286 2303 5355 ςῆς
2328 5286 2572 5349 Παλαιᾶς
2605 5288 2671 5357 τῇ
2722 5286 2861 5339 κατὰ
2896 5285 3133 5356 Χριστὸν
3170 5285 3372 5345 πίστει,
3406 5283 3519 5337 ἀλλ’
3550 5285 3675 5337 ὅσον
3709 5281 3778 5335 τὰ

528 5364 877 5429 testamenti,
907 5365 1001 5420 sed
1026 5374 1295 5435 quatenus
1326 5366 1595 5421 inl‘antilia
1624 5378 1754 5424 sunt
1784 5370 1929 5426 virili
1961 5382 2104 5427 statu

2221 5377 2446 5449 νηπιώδη
2480 5377 2579 5448 τῆς
2626 5377 2888 5448 ἀνδρικῆς
2933 5375 3329 5438 καταστάσεως
3378 5373 3770 5442 ἀσθενέστερα.

529 5452 851 5510 inﬁrmiora.

601 5544 733 5611 Qua
786 5556 910 5601 sunt
968 5548 1183 5603 nomina
1244 5550 1523 5606 duodecim
1575 5553 1811 5609 tribuum
1866 5555 2107 5625 ﬁliorum

531 5633 726 5693 Israel.
774 5641 910 5695 Cum
958 5640 1144 5698 ﬁdeles
1188 5654 1438 5702 vocasset
1486 5646 1675 5715 israel,
1707 5651 2007 5719 permansit
2051 5650 2106 5706 in

607 5814 649 5845 "
678 5814 817 5871 l‘sal.
850 5836 960 5883 ut,
990 5822 1082 5874 εδ.

2275 5560 2348 5613 ’Ἂ
2405 5559 2577 5613 ἐστιν
2634 5559 2898 5628 ὀνόματα
2922 5555 3041 5610 τῶν
3094 5554 3328 5609 δώδεκα
3368 5550 3582 5622 φυλῶν
3634 5549 3779 5604 υἱῶν

2203 5650 2476 5718 Ἰσραήλ.
2491 5649 2632 5715 Τοὺς
2650 5650 2876 5712 πιστοὺς
2893 5646 3129 5709 καλέσας
3147 5643 3370 5715 Ἰσραὴλ
3398 5640 3775 5713 ὲπιμεμὲνηκσ
