4164 6422
333 388 446 452 769
472 434 483 442 η

1413 390 1805 452 ΟΟΜΜΕΝΤ.
1850 388 1929 447 ΙΝ
1973 389 2502 458 APOCALYPSIN.

3500 396 3636 460 770.

331 507 429 559 καὶ
454 504 531 575 τῷ
560 502 652 557 τοῦ
678 503 1046 575 πληρώματος
1070 506 1250 562 αὐτῶν
1288 506 1531 577 ἀριθμῷ.
1561 505 1783 559 Δώδεκα
1809 505 1908 574 γὰρ

2023 522 2253 560 numero
2283 508 2668 577 complcmenti
2711 507 2957 578 ipsorum
2996 528 3009 565 :
3038 526 3162 566 nam
3197 512 3287 568 ubi
3323 513 3615 571 duodecim

329 597 505 665 φυλὰς
536 589 729 662 εἰπὼν,
757 596 824 660 ἀς
861 596 925 667 δὴ
962 598 1055 651 καὶ
1087 598 1231 651 κατὰ
1269 596 1367 666 τὴν
1393 596 1591 667 τριάδα
1628 593 1921 667 διῃρῆσθαι

323 684 405 760 τῷ
430 690 761 759 τετραμερεῖ
788 688 883 741 τοῦ
920 689 1129 758 κόσμου
1165 689 1433 759 σχήματι,
1469 688 1566 741 καὶ
1601 684 1921 757 ἰσαρίθμους

324 778 423 830 τοῦ
486 777 789 848 σταυρικοῠ
834 779 1066 847 σημείου
1100 779 1166 849 τῇ
1206 778 1457 848 διαστολῇ
1507 779 1649 830 κατά
1687 777 1922 846 τριπλα-

330 870 583 939 σιασμὸν,
611 869 792 938 δῆλον,
822 870 918 921 καὶ
939 869 1009 921 τά
1033 870 1396 941 ἀφωρισμένα
1420 870 1580 939 μέρει
1603 870 1918 940 ἀποφήνας,

327 963 538 1015 τούτων
574 962 670 1013 καὶ
692 962 842 1030 τρισὶ
874 960 1040 1015 πάλιν
1088 961 1337 1014 πυλῶσιν
1365 956 1611 1015 ἕκαστον
1643 961 1919 1033 εἰληχέναι

328 1054 425 1124 τὴν
452 1054 657 1107 εἴσοδον
696 1054 1013 1125 διαγράφει.
1043 1054 1118 1108 Οὐ
1163 1054 1270 1125 γὰρ
1319 1054 1437 1107 ἔστι
1469 1055 1568 1123 τῆς
1596 1055 1691 1108 τοῦ
1724 1056 1921 1107 ἐσταυ-

331 1145 581 1214 ρωμένου
624 1145 835 1215 Κυρίου
888 1148 1143 1216 μυήσεως
1193 1145 1697 1215 κατευμεγεθῆσαι,
1726 1146 1802 1215 μὴ
1850 1147 1918 1216 τῇ

334 1238 590 1307 ὑπερθέῳ
618 1236 812 1308 Τριάδι
838 1237 901 1291 τὸ
949 1238 1323 1308 εἰσαγώγιμον
1354 1238 1629 1308 εἰληχότα.
1663 1238 1921 1291 ’Δπαντα

331 1329 443 1398 γὰρ
474 1329 567 1382 τοῦ
598 1330 804 1400 κόσμου
839 1330 910 1383 τὰ
937 1331 1156 1401 πέρατα
1188 1332 1237 1383 oi
1276 1330 1411 1383 θεῖοι
1461 1329 1753 1383 ἀπόστολοι
1782 1331 1917 1385 διει-

331 1423 586 1493 ληφότες,
617 1423 825 1493 Τριάδα
856 1440 914 1476 τε
948 1422 1246 1491 ὁμοούσιον
1270 1423 1383 1482 τοῖς
1408 1421 1587 1474 ἔθνεσι
1644 1421 1918 1491 κηρύξαν-

330 1533 446 1577 τες,
478 1515 783 1569 ἐϐάπτισαν
839 1516 919 1577 εἰς
948 1513 1010 1567 τὸ
1056 1514 1228 1583 ὄνομα
1279 1510 1375 1566 τοῦ
1427 1511 1639 1583 Πατρὸς
1671 1512 1768 1565 καὶ
1820 1513 1915 1565 τοῦ

328 1606 463 1660 Υἰοῦ
501 1608 595 1659 καὶ
614 1624 709 1659 του
744 1607 901 1675 ἀγίου
939 1604 1280 1676 Πνεύματος.

399 1700 507 1753 Kal
550 1699 645 1752 ἐπ’
697 1697 898 1753 αὐτῶν
940 1698 1171 1752 δώδεκα
1226 1700 1491 1765 ὀνόματα
1523 1698 1643 1753 τῶν
1685 1696 1916 1749 δώδεκα

322 1790 687 1844 ἀποστόλων
710 1791 817 1845 τοῦ
856 1791 1115 1858 Ἀρνίόυ.
1149 1791 1289 1854 Τοὺς
1319 1791 1528 1845 δώδεκα
1580 1787 1914 1850 ἀποστόλους

2030 598 2205 652 tribus
2239 600 2409 662 dixit,
2436 616 2577 669 quas
2611 601 2774 655 etiam
2820 604 3060 658 ternario
3095 604 3301 660 divisas
3350 622 3472 662 esse
3518 624 3616 677 ριι·

2024 692 2475 760 quadripartitam
2511 694 2697 748 mundi
2730 694 2978 763 ﬁguram,
3014 704 3067 750 et
3094 698 3333 764 aequales
3365 715 3488 752 esse
3518 717 3617 753 uu-

2024 795 2177 833 mero
2202 797 2325 834 cum
2354 781 2708 839 distinctione
2742 786 2881 855 signi
2922 789 3104 843 crucis
3130 790 3401 857 triplicata
3441 794 3616 846 mani-

2024 868 2221 924 festum
2262 884 2343 926 est
2378 888 2392 924 :
2423 873 2513 927 ubi
2543 875 2707 927 etiam
2741 876 2965 931 nomina
3011 894 3132 947 qua:
3178 880 3231 933 in
3272 888 3485 949 partem
3530 899 3616 937 se-

2023 972 2240 1030 gregata
2268 974 2397 1018 sunt
2418 965 2685 1030 deﬁnivit,
2720 965 2915 1021 borum
2951 970 3166 1039 singula
3190 972 3363 1026 tribus
3394 988 3613 1028 rursum

2023 1054 2198 1119 portis
2226 1056 2417 1108 sortita
2454 1071 2575 1109 esse
2615 1058 2897 1112 introitum
2928 1059 3213 1115 describit.
3242 1062 3406 1133 825
3430 1063 3616 1133 Neque

2020 1145 2163 1197 enim
2205 1157 2383 1213 potest
2417 1148 2693 1216 quispiam
2735 1151 2987 1206 obtinere
3017 1153 3362 1221 disciplinam
3396 1154 3619 1225 Domiti

2021 1235 2292 1298 cruciﬁxi,
2329 1237 2431 1290 nisi
2467 1238 2600 1292 illud
2632 1241 2898 1295 sortiatur
2930 1244 3075 1311 quod
3109 1245 3175 1297 ad
3207 1246 3611 1302 divinissimam

2020 1324 2343 1382 Trinitatem
2373 1329 2569 1384 initiat.
2598 1330 2772 1386 Divini
2802 1334 3072 1404 siquidem
3116 1339 3347 1405 apostoli
3374 1342 3613 1411 acceptis

2018 1417 2278 1474 omnibus
2312 1420 2503 1475 mundi
2542 1421 2827 1487 terminis,
2864 1428 3317 1482 consubstantiali
3348 1429 3611 1485 'l‘riuitate

2018 1508 2269 1576 gentibus
2298 1511 2615 1579 praedicata,
2659 1512 3009 1582 haptizarunt
3041 1531 3134 1571 eas
3165 1518 3217 1572 iu
3247 1523 3471 1577 nomine
3500 1522 3572 1577 Pa
3592 1554 3607 1564 -

2019 1598 2123 1655 tris
2150 1608 2204 1654 et
2234 1600 2353 1668 Filii
2382 1612 2437 1658 et
2469 1604 2709 1675 Spiritus
2739 1613 2938 1665 sancti.

2087 1686 2158 1743 Et
2184 1692 2235 1745 iu
2255 1694 2383 1761 ipsis
2406 1695 2685 1752 duodecim
2707 1702 2922 1755 nomina
2944 1704 3221 1758 duodecim
3247 1710 3625 1776 apostolorum.

2014 1779 2173 1849 Agni.
2207 1780 2376 1838 Recto
2411 1801 2558 1842 nunc
2583 1789 2773 1845 ordine
2804 1791 3092 1849 duodecim
3125 1798 3403 1865 apostolos
3430 1802 3609 1854 mani-

324 1881 425 1952 ἦδη
452 1881 636 1943 καλῶς
660 1880 829 1934 ποιῶν
857 1881 1212 1950 διεσάφησεν,
1244 1883 1327 1935 ὃτι
1352 1883 1479 1945 τοὺς
1517 1881 1728 1935 δώδεκα
1772 1881 1908 1934 ἀπο-

2017 1870 2259 1936 l‘estavit,
2291 1877 2550 1943 quoniam
2593 1894 2794 1949 scopus
2843 1893 2965 1938 erat
2996 1885 3607 1959 duodecimapostolos

325 1972 547 2035 στόλους
572 1971 768 2041 δηλοῦν
798 1973 826 2025 ὁ
853 1974 1075 2038 σκοπὸς,
1112 1971 1206 2035 οὓς
1256 1974 1350 2027 καὶ
1384 1973 1638 2036 πυλῶνας
1671 1973 1766 2025 καὶ
1816 1971 1909 2026 Θε-

326 2062 546 2131 μελίους
579 2062 732 2131 φησι·
765 2062 1070 2132 θεμελίους,
1097 2062 1174 2126 ῶς
1216 2062 1315 2133 τῆς
1354 2063 1496 2117 κατά
1538 2062 1773 2133 Χριστὸν
1819 2061 1912 2114 πί-

324 2172 500 2217 στεως
515 2154 616 2225 τὴν
642 2155 956 2225 ὑποόἀοραν
978 2155 1176 2216 αὐτοὺς
1203 2155 1632 2225 καταθεμένους·
1655 2154 1910 2215 πυλῶνας

320 2246 403 2307 δὲ,
430 2246 506 2309 ὡς
548 2247 617 2300 δι’
645 2247 826 2300 αὐτῶν
866 2247 991 2317 ἤδη,
1029 2246 1199 2316 ἤγουν
1252 2244 1343 2299 διὰ
1389 2244 1485 2298 τοῦ
1552 2244 1912 2315 κηρύγματος

321 2334 528 2399 αὐτῶν,
560 2335 622 2388 τὸ
666 2334 1042 2404 εἰσαγώγιμον
1076 2333 1178 2403 τῆς
1205 2334 1350 2388 κατὰ
1392 2335 1633 2405 Χριστὸν
1675 2334 1913 2395 πίστεως

320 2426 591 2497 εὑρίσκει.

393 2516 504 2570 Kal
534 2518 568 2569 ό
615 2516 826 2569 λαλῶν
870 2516 1001 2585 μετ’
1030 2516 1177 2586 ἐμοῦ
1207 2513 1333 2586 εἶχε
1358 2516 1599 2586 μέτρον,
1638 2516 1915 2584 κάλαμον

319 2608 617 2675 χρυσοῦν,
653 2608 758 2661 ἵνα
783 2607 1059 2677 μετρήσῃ
1084 2609 1199 2677 τὴν
1237 2612 1441 2673 πόλιν,
1476 2610 1573 2662 καί
1611 2608 1753 2672 τοὺς
1799 2623 1914 2661 πυ·-

318 2701 523 2766 λῶνας
547 2702 757 2769 αὐτῆς,
784 2703 883 2755 καί
915 2702 981 2755 τὸ
1007 2701 1208 2771 τεῖχος
1250 2702 1468 2769 αὐτῆς.
1500 2701 1607 2755 Kal
1644 2700 1682 2766 ἡ
1735 2701 1913 2766 πόλις

320 2792 687 2859 τετράγωνος
706 2789 917 2856 κεῖται,
944 2790 1046 2843 καί
1075 2798 1141 2843 to
1166 2789 1366 2859 μῆκος
1395 2786 1608 2855 αὐτῆς,
1647 2787 1800 2839 ὅσον
1847 2785 1913 2839 τὸ

319 2881 574 2947 πλάτος.
621 2882 731 2936 Kal
776 2881 1071 2951 ἐμέτρησε
1141 2880 1258 2948 τὴν
1296 2883 1494 2935 πόλιν
1520 2879 1602 2945 τῷ
1656 2878 1909 2947 καλάμῳ

319 2975 423 3028 ἐπὶ
483 2974 771 3042 σταδίους
811 2975 1041 3030 δώδεκα
1092 2973 1403 3045 χιλιάδων.
1462 2973 1534 3027 Τὸ
1567 2970 1761 3041 μῆκος
1810 2972 1912 3026 καί

319 3065 555 3134 πλάτος
607 3067 707 3123 καί
753 3067 819 3121 τὸ
890 3068 1053 3136 ὕψος
1124 3064 1318 3136 αὐτῆς
1394 3065 1503 3120 ίσα
1562 3064 1719 3121 ἐστι.
1800 3063 1913 3120 Kal

318 3159 613 3228 ἐμέτρησε
637 3162 701 3214 τὸ
739 3159 939 3229 τεῖχος
969 3157 1163 3227 αὐτῆς
1185 3156 1322 3228 ρμδ¹
1355 3156 1674 3259 augmina}
1692 3157 1916 3227 μέτρον
1937 3201 1983 3259 c

318 3250 660 3318 ἀνθρώπου,
690 3252 723 3304 ὅ
749 3252 922 3305 ἐστιν
973 3252 1254 3321 ἀγγέλου.
1296 3251 1404 3305 Kal
1436 3247 1515 3320 ἦν
1559 3250 1599 3318 ἡ
1656 3248 1906 3318 ἐνδόμη-

319 3357 426 3409 σις
453 3344 557 3398 τοῦ
584 3345 824 3414 τείχους
854 3344 1044 3412 αὐτῆς
1086 3343 1317 3408 ίασπις.

403 3436 461 3488 ’0
493 3437 593 3504 μὲν
631 3437 876 3504 κάλαμος
927 3429 970 3504 ᾧ
1007 3435 1283 3506 διεμέτρει
1338 3434 1438 3504 τὴν
1501 3432 1667 3502 ἁγίαν
1719 3432 1903 3498 πνᾶλιν,

317 3527 695 3597 γεωμετρικὸν
725 3526 961 3597 ὑπῆρχε.
986 3525 1238 3596 Χρυσοῦν
1250 3526 1306 3579 δὲ
1332 3525 1423 3578 διὰ
1448 3524 1511 3578 τὸ
1529 3525 1705 3595 τίμιον
1726 3521 1820 3576 τοῦ
1844 3540 1904 3575 τε

321 3617 651 3688 μετροῦντος
685 3619 943 3686 ἀγγέλου,
982 3622 1077 3671 καὶ
1104 3622 1203 3687 τῆς
1241 3617 1619 3688 μετρουμένης
1672 3615 1901 3674 πόλεως.

330 3708 776 3780 ’Δνθρωποειδῶς
800 3709 860 3762 δὲ
902 3709 1185 3782 ὲθεωρήθη
1226 3708 1424 3773 ταῦτα,
1453 3710 1535 3761 ὅτι
1566 3707 1701 3778 μηδὲ
1730 3706 1903 3769 ἄλλως

318 3802 591 3872 ὁραθῆναι
619 3802 793 3857 ταῦτα
824 3802 1051 3856 δυνατὸν
1084 3802 1206 3855 θεῖα
1240 3802 1370 3855 ὄντα
1398 3801 1497 3855 καὶ
1525 3801 1602 3863 ὼς
1648 3800 1759 3870 ἔχει
1803 3798 1904 3867 φύ-

321 3910 482 3953 σεως.
517 3894 679 3946 Πόλιν
704 3894 761 3946 δὲ
786 3894 847 3946 τὸ
872 3893 1016 3947 κατά
1048 3893 1285 3964 Χριστὸν
1312 3892 1639 3963 μυστήριον,
1676 3893 1758 3953 εἰς
1789 3889 1818 3942 ὃ
1848 3889 1899 3941 oi

320 3985 568 4047 πυλῶνες
590 3984 911 4055 ἐμϐιϐάζειν
941 3985 1238 4055 ἀπέλαχον,
1260 3984 1344 4037 ὅτι
1372 3982 1462 4036 διὰ
1490 3982 1584 4035 τοῦ
1608 3978 1907 4051 κηρύγμα-

318 4093 411 4139 τος
442 4078 475 4145 ἡ
507 4078 649 4130 κατά
684 4077 923 4147 Χριστὸν
947 4076 1131 4139 πίστις
1157 4074 1507 4146 γνωρίζεται.

391 4171 499 4225 Καὶ
528 4172 561 4237 ἡ
591 4170 772 4235 πόλις
795 4167 1162 4238 τετράγωνος
1195 4168 1401 4220 κεῖται.
1428 4166 1471 4217 Τ
1476 4163 1536 4217 οὗ
1566 4162 1781 4234 τείχους
1808 4162 1905 4215 καὶ

318 4260 419 4328 τῆς
454 4260 662 4321 πόλεως
703 4262 765 4312 τὸ
800 4258 1013 4328 σχῆμα,
1048 4257 1415 4326 τετράγωνον,
1445 4257 1540 4307 καὶ
1582 4253 1690 4305 τῶν
1720 4251 1902 4305 πυλώ-

319 4367 430 4403 νων
458 4352 537 4413 εἰς
566 4350 794 4405 δώδεκα.
831 4347 1189 4418 Τετράγωνος
1224 4348 1333 4415 γὰρ
1360 4345 1497 4399 οὖσα
1536 4346 1569 4415 η
1621 4342 1798 4408 πόλις,
1824 4342 1902 4414 τῷ

321 4438 601 4511 σταυρικῷ
647 4439 860 4509 σημείῳ
894 4436 1036 4491 κατὰ
1084 4436 1174 4489 τὸν
1205 4437 1496 4505 διάμετρον
1522 4433 1771 4505 διῃρέθη,
1809 4433 1899 4502 ἀφ’

2013 1962 2324 2053 signiﬁcare
2348 2005 2365 2030 ,
2406 1983 2547 2038 quos
2597 1979 2651 2025 et
2681 1982 2869 2041 portas
2914 1987 2971 2029 et
3025 1976 3382 2034 fundamenta
3420 1983 3555 2038 dicit
3586 2000 3623 2053 ε⁵

2014 2050 2411 2121 filiulamenta,
2467 2070 2525 2111 ut
2577 2059 2672 2128 qui
2723 2060 2847 2116 ﬁdei
2882 2066 2937 2116 iu
2986 2063 3267 2121 Christum
3318 2068 3495 2124 basim
3541 2087 3607 2126 ac

2015 2141 2432 2201 fundamentum
2460 2149 2851 2207 eolloeaverint
2883 2168 2896 2205 :
2927 2163 3115 2223 portas
3144 2172 3296 2221 vero.
3328 2162 3471 2228 quod
3503 2177 3603 2231 per

2014 2232 2163 2304 ipsos
2209 2237 2323 2292 sive
2362 2254 2455 2308 per
2500 2240 2743 2309 ipsorum
2795 2245 3238 2313 praedicationem
3288 2249 3604 2307 inveniatur

2009 2322 2124 2392 jam
2152 2324 2487 2384 introductio
2519 2330 2639 2386 ﬁdei
2673 2333 2727 2386 in
2758 2332 3059 2391 Christum.

2084 2505 2225 2570 XXI,
2277 2506 2464 2564 15-19.
2514 2508 2582 2562 Et
2634 2512 2723 2581 qui
2776 2512 3090 2583 loquebatur
3130 2534 3329 2571 mecum
3375 2519 3600 2575 habebat

2016 2614 2318 2652 mensuram
2345 2602 2660 2655 arundinem
2685 2620 2923 2670 auream,
2956 2618 3009 2659 ut
3035 2608 3310 2663 metiretur
3332 2613 3603 2667 civitatem

2016 2697 2063 2741 et
2108 2700 2291 2758 portas
2321 2691 2434 2759 ejus
2465 2703 2515 2745 et
2545 2710 2757 2748 murum
2785 2697 2918 2764 ejus.
2956 2697 3026 2751 Et
3065 2701 3252 2754 civitas
3303 2703 3355 2754 in
3397 2707 3605 2773 quadra

2013 2781 2188 2849 posita
2222 2792 2298 2835 est
2326 2799 2345 2836 :
2376 2793 2426 2835 et
2455 2784 2728 2854 longitudo
2755 2788 2867 2855 eius
2898 2798 3050 2842 tanta
3078 2800 3177 2853 εει,
3207 2804 3409 2861 quanta
3435 2806 3483 2848 ει
3515 2795 3600 2847 ια.

2014 2873 2204 2927 titudo.
2255 2872 2324 2927 Et
2353 2891 2559 2930 mensus
2587 2888 2665 2933 est
2699 2881 2961 2935 civitatem
2992 2884 3251 2938 arundine
3279 2902 3371 2955 per
3399 2888 3602 2941 duode-

2015 2968 2118 3020 cim
2150 2966 2321 3023 millia
2345 2968 2694 3028 stadium:
2718 2973 3075 3047 etiongitudo
3091 2986 3151 3033 et
3164 2976 3407 3034 latitudo
3437 2988 3487 3034 et
3518 2981 3607 3033 al-

2017 3057 2187 3115 titudo
2213 3061 2327 3131 ejus
2365 3063 2592 3131 wquales
2624 3078 2773 3122 sunt.
2813 3068 2882 3122 Et
2908 3085 3118 3124 mensus
3144 3080 3221 3125 est
3251 3088 3463 3126 murum
3488 3073 3602 3141 ejus

2015 3162 2221 3215 centum
2250 3152 2843 3227 quadragintaquatuor
2872 3162 3197 3229 cubitorum,
3226 3180 3475 3220 msnsura
3507 3164 3615 3219 lic-7

2017 3246 2171 3298 minis
2219 3261 2337 3314 quia
2367 3255 2445 3300 est
2494 3250 2688 3320 angeli.
2721 3250 2791 3305 Et
2816 3264 2930 3309 erat
2962 3264 3237 3309 structura
3268 3260 3406 3319 muri
3436 3260 3599 3326 ipsius

2003 3354 2202 3407 Jaspis.

2082 3430 2309 3485 Arundo
2341 3450 2451 3504 qua
2486 3434 2760 3489 civitatem
2800 3434 3219 3504 dimetiebatur,
3264 3441 3596 3506 geometrica

2010 3531 2129 3575 erat
2164 3539 2179 3576 :
2212 3538 2379 3581 aurea
2427 3543 2577 3590 vero,
2611 3535 2834 3597 propter
2879 3527 3146 3584 honorem
3195 3540 3249 3583 et
3291 3532 3468 3600 angeli
3502 3535 3597 3602 qui

2013 3615 2341 3670 metiebatur
2364 3658 2379 3683 ,
2414 3626 2469 3672 et
2503 3618 2746 3674 civitatis
2770 3634 2913 3688 ,qua:
2950 3622 3396 3677 mensurabatur.
3426 3622 3598 3679 Porro

2011 3705 2255 3762 hominis
2294 3710 2475 3779 specie
2527 3710 2644 3765 haec
2686 3711 2803 3765 visa
2859 3722 3029 3777 sunt,
3084 3712 3212 3781 quia
3260 3730 3435 3785 neque
3487 3717 3601 3771 alio

2012 3797 2177 3851 modo
2211 3798 2325 3854 ha-e
2357 3800 2527 3854 videri
2566 3807 2817 3869 poterant
2849 3800 2902 3854 in
2944 3808 3138 3855 natura
3179 3817 3313 3868 sua,
3354 3820 3481 3859 cum
3517 3805 3600 3859 di-

2008 3890 2133 3944 vina
2164 3890 2299 3945 sint.
2343 3893 2552 3947 Civitas
2581 3908 2712 3947 vero
2755 3893 3078 3964 mysterium
3126 3902 3211 3949 est
3254 3894 3320 3951 de
3351 3894 3593 3959 Christo.

2009 3982 2075 4035 sd
2115 3983 2261 4051 quod
2319 3984 2671 4040 introducere
2722 3985 2894 4055 portis
2944 3984 3133 4040 datum
3183 3995 3287 4049 est.
3336 3988 3466 4056 quia
3501 4004 3600 4060 per

2008 4076 2458 4146 pra-dicationcm
2491 4066 2783 4134 manifesta
2815 4079 2876 4133 ﬁt
2900 4079 3036 4135 ﬁdes
3066 4081 3118 4135 iu
3150 4079 3452 4139 Christum.

2080 4168 2150 4222 Et
2179 4170 2365 4223 civitas
2398 4171 2451 4224 in
2478 4169 2682 4240 quadra
2727 4171 2903 4241 posita
2938 4180 3037 4225 est.
3077 4169 3219 4226 Muri
3258 4186 3325 4227 se
3358 4174 3594 4230 civitatis

2012 4259 2183 4329 ﬁgura
2239 4262 2700 4331 quadrangulsris
2735 4272 2882 4328 erat,
2914 4272 2969 4317 ct
3018 4262 3271 4317 similiter
3307 4273 3590 4334 portarum

2009 4338 2323 4407 duodecim.
2357 4350 2495 4406 Cum
2528 4353 2674 4407 enim
2716 4353 2910 4408 civitas
2938 4353 3392 4423 quadrangulsris
3422 4366 3591 4421 esset,

2010 4457 2105 4511 per
2139 4444 2369 4512 ﬁguram
2406 4445 2587 4497 crucis
2619 4459 2686 4497 ex
2732 4444 3001 4499 diametro
3030 4443 3392 4499 dividebatur.
3438 4446 3592 4502 Unde

317 4524 382 4585 οὗ
415 4534 510 4585 καὶ
548 4533 607 4585 αἰ
640 4533 906 4602 τέσσαρες
954 4528 1188 4601 πλευραὶ
1225 4528 1329 4581 ὰνά
1362 4525 1511 4597 τρισὶ
1555 4525 1765 4578 πυλῶσι
1804 4526 1901 4596 τὴν

2011 4546 2062 4590 et
2088 4545 2325 4606 quatuor
2354 4537 2519 4590 latera
2558 4537 2727 4590 ternis
2756 4536 2929 4603 portis
2957 4545 3102 4591 recte
3129 4537 3392 4604 partitum
3424 4537 3589 4592 liabe-

316 4626 524 4679 εῐσοδον
551 4624 896 4696 ηὐμοίρησαν
928 4624 1097 4693 σχεῖν,
1117 4621 1191 4684 ὡς
1220 4622 1466 4691 ἐφθημεν
1493 4620 1893 4690 παραθέμενοι.

402 4718 535 4772 Ἐπί
587 4716 875 4781 σταδίους
927 4713 1156 4767 δώδεκα
1207 4712 1514 4781 χιλιάδων.
1587 4712 1892 4781 Ἰσάριθμοι

316 4813 432 4874 τοῖς
455 4811 746 4880 μακαρίοις
775 4808 1094 4869 ἀποστόλοις
1127 4807 1176 4859 οἰ
1202 4806 1427 4859 στάδιοι.
1474 4804 1631 4855 Ἐπεὶ
1667 4805 1763 4856 καὶ
1800 4803 1897 4855 τοῦ

318 4900 678 4971 κηρύγματος
722 4899 905 4955 αὐτῶν
963 4896 1177 4969 καρπὸς
1226 4898 1261 4967 ἡ
1313 4897 1493 4948 ἐκεῖσε
1558 4893 1898 4963 ἀποκειμένη

318 4994 496 5063 λῆξις.
532 4993 822 5064 ίσόμετρος
847 4987 983 5047 οὖσα
1007 4990 1151 5045 κατὰ
1192 4990 1372 5053 πάσας
1400 4989 1499 5053 τὰς
1550 4987 1889 5052 διαστάσεις,

317 5088 418 5141 καὶ
439 5086 534 5139 τοῦ
566 5087 708 5141 κατὰ
734 5085 868 5140 Θεὸν
909 5084 1026 5155 βίου
1072 5085 1131 5137 al
1161 5083 1355 5153 ἀρεταὶ
1386 5083 1446 5135 ὲν
1483 5081 1797 5153 συμμετρίᾳ
1835 5080 1914 5139 τὸ,

314 5176 459 5232 εἶναι
486 5176 669 5248 έχουσι
699 5177 840 5232 κατά
870 5176 1082 5231 Παῦλον
1116 5174 1207 5228 τὸν
1232 5175 1395 5237 θεῖον,
1427 5172 1485 5235 ὃς
1521 5169 1631 5253 οἰδε
1663 5173 1755 5225 καὶ
1798 5189 1895 5227 τα-

314 5271 651 5338 πεινοῦσθαι,
681 5272 777 5326 καὶ
832 5268 1200 5341 περισσεύειν,
1228 5267 1323 5321 καὶ
1380 5264 1771 5336 χορτάζεσθαι,
1802 5265 1897 5319 καὶ

314 5367 527 5437 πεινᾷν.
561 5366 673 5420 Καὶ
700 5359 899 5429 οὗτοςό
928 5363 1161 5435 ἀριθμὸς
1203 5362 1312 5416 τῶν
1345 5362 1635 5433 μακαρίων
1662 5360 1897 5413 ἀποστό⁶

310 5457 422 5509 λων
449 5456 684 5528 ἔμφασιν
715 5456 849 5527 ἔχει.
897 5455 957 5507 '0
1008 5453 1216 5508 δώδεκα
1266 5453 1377 5521 γὰρ
1428 5449 1514 5518 ἐφ’
1541 5450 1736 5503 ἑαυτὸν
1786 5465 1888 5501 πο-

310 5547 735 5611 λυπλασιασθεὶς
773 5588 792 5613 ,
853 5546 948 5600 τὸν
1032 5541 1895 5613 ἑκατοντεσσαρακοντατέσσαρα

312 5644 478 5694 ποιεῖ.
530 5642 605 5695 Τὸ
655 5642 714 5696 δὲ
753 5640 949 5711 μέτρον
1002 5638 1111 5693 τῶν
1160 5638 1897 5705 ἐκατοντεσσαρακοντατεσ-

314 5736 505 5803 σάρων
564 5734 758 5803 πηχῶν
797 5732 994 5804 μέτρον
1050 5728 1343 5799 ἀνθρώπου
1383 5725 1577 5786 εἰπὼν,
1617 5724 1894 5795 ἐπιφέρει,

315 5826 399 5879 ὅτι
451 5825 514 5879 τδ
572 5826 770 5897 μέτρον
824 5823 984 5877 τοῦτο
1014 5822 1252 5891 ἀγγέλου
1284 5820 1423 5882 ἐστὶ,
1453 5819 1502 5872 εἰ
1530 5819 1625 5873 καί.
1652 5817 1792 5870 κατά
1837 5816 1897 5870 τὸ

2004 4629 2137 4683 bant
2170 4630 2498 4696 ingressum,
2534 4628 2998 4698 quemadmodum
3028 4628 3409 4698 praediximus-

2075 4721 2180 4774 Per
2209 4721 2486 4775 duodecim
2521 4721 2694 4774 millia
2726 4722 3046 4775 stadiorum.
3098 4717 3319 4791 Equali
3362 4738 3593 4776 numero

2002 4829 2125 4866 cum
2159 4815 2365 4867 sanctis
2388 4812 2651 4881 apostolis
2680 4822 2808 4866 sunt
2838 4813 3331 4867 milliastadiorum
3366 4830 3380 4866 :
3409 4829 3588 4883 quau-

2001 4906 2297 4975 doquidem
2329 4907 2736 4976 praedicationis
2762 4920 2949 4959 eorum
2980 4906 3148 4975 826
3177 4904 3391 4960 fruetus
3421 4918 3500 4959 est
3534 4906 3588 4959 in

2000 4996 2248 5053 futurum
2290 4997 2527 5067 reposita
2559 4996 2738 5066 quies,
2774 5010 2900 5049 cum
2941 4996 3171 5065 aequalis
3216 4998 3288 5050 sit
3318 5012 3589 5051 meusiirze

1996 5087 2151 5157 juxta
2201 5088 2450 5156 singulas
2487 5085 2860 5140 dimensiones
2898 5102 2913 5139 :
2948 5092 3004 5139 et.
3046 5084 3281 5141 virtutes
3313 5086 3436 5139 vita:
3464 5102 3586 5155 quae

2000 5175 2303 5229 secundum
2355 5174 2523 5228 Deum
2568 5182 2685 5237 est,
2724 5172 2776 5225 id
2818 5173 3019 5226 habent
3057 5183 3113 5227 ut
3159 5173 3587 5244 proportionaue

2001 5267 2131 5331 sint,
2158 5266 2310 5333 juxta
2350 5265 2537 5319 divum
2566 5263 2795 5317 Paulum
2828 5267 2921 5333 qui
2963 5265 3113 5317 novit
3138 5272 3193 5319 et
3228 5264 3504 5318 humiliari
3533 5275 3586 5317 et
3614 5296 3623 5321 ,

2000 5372 2285 5428 superare,
2331 5367 2384 5411 et
2427 5356 2664 5410 saturari
2706 5364 2761 5410 et
2806 5356 3035 5409 esurire.
3089 5352 3153 5408 Et
3198 5354 3286 5407 hic
3323 5338 3617 5410 numerus.

1998 5449 2285 5505 duodecim
2317 5448 2690 5520 apostolorum
2724 5447 3031 5517 emphasim
3071 5447 3257 5501 habet.
3292 5445 3584 5501 Duode:.a-

2002 5541 2117 5595 rius
2144 5539 2289 5595 enim
2314 5554 2579 5595 numerus
2602 5538 2655 5593 in
2676 5539 2915 5607 seipsum
2940 5539 3331 5608 multiplicatus
3361 5547 3581 5593 centum

2001 5633 2601 5705 quadragintaquatuor
2624 5631 2806 5686 elﬁcit.
2827 5630 2927 5687 Ubi
2953 5646 3085 5686 vero
3106 5632 3246 5685 dixit
3269 5645 3580 5685 mensuram

2001 5736 2221 5781 centum
2255 5724 2857 5796 quadragintaquatuor
2879 5723 3189 5777 cubitorum
3214 5739 3335 5778 esse
3360 5739 3550 5777 inensu
3567 5755 3582 5765 -

2001 5836 2116 5875 ram
2153 5819 2416 5888 hominis,
2448 5817 2732 5889 sulijungit
2759 5818 2903 5888 quod
2937 5832 3192 5872 mensura
3229 5817 3343 5872 lucc
3370 5826 3453 5871 est
3479 5830 3584 5870 an-
