4164 6440
342 397 446 459 ’ΠἹ

1416 388 1803 454 COMMENT.
1849 388 1926 450 IN
1967 387 2494 451 APOCALYPSIN.

3494 393 3598 457 7'78

349 508 471 562 καθ’
503 507 570 578 ἦν
596 506 664 561 τὰ
696 505 790 561 τοῦ
818 507 992 577 φωτὸς
1027 505 1168 578 ἔργα
1192 507 1556 578 πεπράξεται,
1589 508 1706 571 πῶς
1726 502 1837 560 οἷόν
1866 524 1925 560 τε

2044 517 2326 578 perpetuus
2351 507 2425 563 sit
2452 505 2570 562 dies
2611 505 2667 561 in
2701 520 2814 576 quo
2846 504 2987 562 lueis
3029 520 3196 578 opera
3232 519 3600 580 peraguntur.

347 602 448 672 τὴν
481 599 806 672 νυκτερινὴν
849 599 1129 670 ἀπραξίαν
1181 600 1538 670 παρείσδυσιν
1590 601 1707 653 ἐκεῖ
1754 600 1924 669 σχεῖν,

347 694 544 756 νυκτὸς
569 692 632 746 τὸ
658 693 926 764 παράπαν
962 692 1064 745 οὐκ
1090 691 1260 762 οὔσης
1282 709 1299 759 ;
1337 692 1531 746 Δισσὸν
1564 692 1621 745 δὲ
1639 692 1700 745 τὸ
1727 692 1922 761 ὄνομα.

349 787 421 839 Ἦ
447 786 558 856 γὰρ
588 785 748 839 τοῦτο
781 783 1036 855 βούλεται
1080 782 1278 854 δηλοῦν
1302 784 1387 838 ὅτι
1412 785 1606 855 εἰρήνη
1639 783 1792 837 ἔσται
1835 784 1928 837 καὶ

350 876 643 945 ἀσφάλεια,
689 876 765 939 ὡς
813 875 949 946 μηδὲ
993 875 1204 930 δεῖσθαι
1231 875 1479 944 φυλακὴν
1525 876 1798 930 ποιεῖσθαι
1827 875 1928 944 τῆς

352 968 587 1032 πόλεως,
618 969 685 1039 τῇ
718 967 829 1021 τῶν
858 968 1044 1022 πυλῶν
1087 967 1426 1034 ἀποκλείσει,
1450 968 1485 1040 ἢ
1516 969 1577 1021 τὸ
1605 969 1767 1022 κάκεῖ
1798 967 1926 1032 τοὺς

348 1061 526 1126 θείους
559 1060 814 1124 πυλῶνας
845 1061 944 1130 τῆς
971 1059 1340 1130 ἀποστολικῆς
1380 1059 1730 1124 διδασκαλίας
1757 1057 1928 1130 ἠνεῷ-

348 1153 474 1222 χθαι
535 1151 674 1205 πᾶσι
723 1150 866 1222 πρὸς
914 1150 1016 1221 τὴν
1071 1150 1183 1204 τῶν
1249 1149 1601 1221 τελειοτὲρων
1666 1149 1922 1219 μάθησιν.

357 1244 576 1314 Ἡμέρα
605 1243 664 1298 δὲ
694 1242 852 1296 ἔσται
887 1245 1004 1297 ἐκεῖ
1038 1244 1132 1296 καὶ
1163 1244 1279 1307 νὺξ,
1315 1243 1398 1295 ὅτι
1442 1241 1581 1310 αῦτη
1611 1244 1721 1302 τοί,
1749 1243 1920 1312 ἀμαρο

348 1337 542 1398 τωλοίς
569 1334 1126 1406 ἀποκληρωθήσεται.

421 1427 533 1482 Kal
560 1428 805 1483 οἴσουσι
850 1427 969 1495 τὴν
1005 1426 1317 1492 δόξανκαὶ
1362 1426 1480 1496 τὴν
1517 1427 1717 1497 τιμήν.
1766 1427 1830 1479 υἱ
1861 1427 1929 1480 τὰ

354 1522 520 1590 γήῖνα
567 1519 1075 1590 καταγωνισάμενοι
1127 1518 1300 1588 πάθην
1365 1519 1576 1572 οῐσουσι
1631 1518 1791 1583 δόξαν
1850 1517 1930 1588 τῷ

357 1611 981 1682 συναντιλαμὸανομένῳ
997 1608 1137 1679 Θεῷ.
1161 1609 1330 1663 Οὐδὲν
1358 1608 1468 1679 γὰρ
1494 1609 1606 1662 τῶν
1635 1609 1930 1680 κατωρθω-

355 1705 534 1775 μένων
560 1704 872 1774 ἀνθρώποις
905 1702 1057 1766 θείας
1097 1702 1421 1775 ἐπικουρίας
1471 1700 1630 1764 ἐκτὸς
1673 1703 1926 1770 συσταίη.

2027 599 2304 669 quomodo
2318 597 2578 669 possibile
2595 607 2740 654 esset
2759 598 2891 653 illud
2920 607 3249 654 nocturnum
3269 600 3442 655 Otium
3466 601 3606 656 irre-

2030 705 2181 762 pere,
2197 691 2290 746 ubi
2315 707 2424 747 nox
2440 692 2666 746 omnino
2689 706 2799 747 non
2816 693 2960 747 erit?
2982 692 3193 763 Duplex
3217 702 3303 750 est
3324 703 3506 750 autem
3527 695 3605 748 in-

2032 783 2300 840 tellectus.
2323 784 2436 839 Aut
2453 783 2600 839 enim
2623 783 2727 839 hoc
2742 783 3055 855 signiﬁcare
3069 785 3187 840 vult
3207 787 3353 856 quod
3371 801 3478 856 pax
3500 787 3606 840 erit

2028 885 2083 932 et
2099 877 2386 939 securitas.
2419 885 2477 932 ut
2497 890 2678 946 neque
2703 876 2914 932 civitati
2936 892 3078 947 opus
3097 878 3169 933 sit
3193 892 3400 947 ponere
3418 887 3607 934 custo-

2029 969 2177 1025 diam
2200 970 2507 1026 claudendo
2530 980 2714 1040 portas
2741 987 2754 1022 :
2781 981 2876 1026 aut
2900 971 3047 1040 quod
3066 970 3141 1026 ibi
3169 986 3390 1042 quoque
3407 970 3607 1026 divinae

2027 1069 2201 1130 porta:
2243 1061 2508 1116 doctrina:
2564 1061 2879 1132 apostolica:
2922 1061 3180 1116 omnibus
3236 1070 3440 1132 apertae
3472 1059 3608 1124 sint,

2031 1152 2099 1205 ad
2164 1151 2582 1207 instructionem
2645 1169 2834 1209 eorum
2891 1169 3014 1224 qua:
3079 1153 3408 1225 perfection
3455 1165 3602 1209 sunt.

2032 1243 2154 1300 Dies
2183 1253 2362 1298 autem
2392 1247 2508 1300 erit
2544 1246 2640 1310 ibi,
2673 1255 2727 1300 et
2757 1261 2867 1300 non
2900 1260 3028 1311 nox,
3059 1246 3191 1316 quia
3223 1246 3339 1302 haec
3385 1246 3452 1300 ad
3485 1262 3610 1316 pec-

2029 1345 2246 1391 catores
2276 1335 2623 1405 relegabitur.

2102 1426 2169 1480 Et
2201 1427 2422 1495 amarent
2453 1426 2679 1497 gloriam
2709 1434 2758 1479 et
2797 1426 3069 1480 honorem.
3096 1425 3200 1492 Qui
3243 1435 3490 1480 terrenos
3517 1425 3613 1480 de-

2032 1521 2281 1576 vicerunt
2332 1520 2580 1584 affectus,
2628 1518 2805 1574 ferent
2851 1518 3083 1588 gloriam
3135 1519 3448 1573 auxiliatori
3482 1517 3610 1574 Deo.

2031 1610 2254 1666 Nullum
2295 1615 2444 1668 enim
2481 1612 2760 1682 egregium
2808 1610 3024 1666 facinus
3055 1609 3372 1664 hominibus
3401 1610 3615 1664 contin-

2031 1716 2183 1776 geret
2212 1706 2420 1775 absque
2448 1705 2636 1760 divino
2684 1705 2910 1759 auxilio.
2969 1704 3140 1758 Porro
3171 1717 3312 1773 quos
3359 1701 3617 1771 superius

352 1795 462 1860 Οὓς
490 1795 604 1850 ἄνω
647 1793 886 1866 βασιλεῖς
917 1795 1108 1865 εἴρηκε
1155 1793 1280 1864 γῆς,
1327 1792 1551 1856 τούτους
1588 1791 1931 1860 εἰσαγωγούς

2044 1796 2171 1851 :lixit
2199 1813 2354 1867 reges
2385 1806 2564 1862 terrae,
2598 1811 2746 1851 nunc
2782 1796 2918 1850 dicit
2953 1795 3278 1851 inducentes
3313 1792 3545 1865 gloriam
3563 1803 3619 1847 et

352 1905 490 1958 φησι
523 1861 841 1940 τῶννὲθνῶν
874 1861 1282 1954 τῆςήδοξηςκαὶ
1315 1887 1414 1955 τῆς
1443 1883 1633 1954 τιμῆς.
1655 1883 1722 1936 Τί
1766 1882 1826 1936 δὲ
1844 1883 1934 1936 διὰ

2044 1861 2299 1944 honorem
2331 1887 2757 1958 gentiutn.Quid
2794 1897 2976 1942 autem
3019 1903 3118 1957 per
3153 1887 3270 1941 haec
3315 1861 3620 1957 significat?

351 1982 559 2036 τούτων
592 1978 917 2051 παριστῶνς
954 1979 1026 2031 Ἢ
1073 1980 1158 2032 ὃτι
1211 1979 1262 2032 οἱ
1318 1976 1831 2038 καταπαλαίσαντες
1865 1974 1935 2028 τὰ

354 2073 485 2141 περὶ
526 2073 630 2142 γῆν
667 2071 1011 2140 ίλυττὼμενα
1042 2069 1193 2138 πάθη
1245 2071 1322 2140 τῷ
1373 2068 1497 2124 καθ’
1538 2069 1769 2131 ἑαυτοὺς
1803 2069 1936 2120 ὐπο-

350 2165 608 2233 δείγματι
645 2164 884 2225 καὶτοῖς
929 2162 1140 2226 λοιποῖς
1190 2161 1400 2214 ἔθνεσιν
1434 2159 1803 2230 εἰσαγώγιμον
1840 2176 1937 2212 πε-

354 2257 622 2326 ποιήκασι
649 2253 750 2324 τὴν
799 2253 914 2307 ἄνω
974 2251 1354 2323 Ἰερουσαλὴμ,
1400 2245 1573 2321 οὗπερ
1607 2249 1934 2320 ὑπόδειγμα,

351 2349 484 2414 δόξα
509 2347 604 2401 καὶ
630 2347 787 2418 τιμὴ,
821 2347 854 2418 ἢ
892 2345 1032 2416 πρὸς
1068 2343 1228 2409 δόξαν
1279 2343 1376 2397 καὶ
1403 2342 1572 2412 τιμὴν
1613 2343 1726 2406 τοῖς
1760 2341 1937 2395 ἔθνεσι

356 2439 703 2493 συνετέλεσε.

934 2550 1186 2604 ΚΕΦΑΛ.
1218 2551 1344 2605 Ξιιν.

353 2666 494 2734 Περὶ
529 2663 636 2718 τοῦ
664 2663 928 2731 καθαροῦ
979 2663 1250 2733 ποταμοῦ
1285 2663 1392 2718 τοῦ
1423 2660 1825 2730 ὀπτανθέντος
1871 2662 1939 2716 ἐκ

767 2736 876 2788 τοῦ
907 2735 1124 2803 θρόνου
1150 2735 1532 2802 πορεύεσθαι.

431 2848 538 2903 Καὶ
571 2846 764 2911 ἕδειξέ
786 2864 890 2916 μοι
917 2846 1190 2918 ποταμὸν
1215 2847 1501 2916 καθαρὸν,
1545 2847 1765 2913 ὕδατος
1791 2845 1940 2917 ζωῆς

353 2942 638 3012 λαμπρὸν
678 2941 761 3006 ὡς
798 2940 1192 3008 κρύσταλλον
1227 2939 1708 3010 ἐκπορευόμενον
1735 2941 1804 2994 ἐκ
1832 2938 1942 2993 τοῦ

356 3035 580 3104 θρόνου
624 3033 732 3088 τοῦ
780 3033 930 3088 Θεοῦ
962 3033 1062 3087 καὶ
1094 3032 1202 3088 τοῦ
1257 3033 1483 3103 Ἀρνέου
1526 3034 1596 3087 ἐν
1631 3035 1802 3102 μέσῳ
1832 3031 1942 3101 τῆς

357 3127 650 3193 πλατείας
694 3124 906 3194 αὐτῆς.
943 3125 1050 3180 Kal
1104 3124 1214 3179 τοῦ
1242 3125 1512 3195 ποταμοῦ
1538 3125 1820 3179 ἐντεῦθεν
1843 3124 1943 3179 καὶ

2037 1983 2148 2035 Aut
2174 1981 2320 2051 quod
2353 1981 2407 2035 hi
2434 1981 2527 2050 qui
2555 1980 2782 2035 allectus
2818 1979 2883 2034 ad
2918 1987 3136 2034 terrena
3179 1977 3484 2034 allicientes
3521 1991 3620 2032 suo

2039 2084 2321 2144 pcrarunt,
2343 2088 2443 2130 suo
2467 2073 2715 2142 exemplo
2744 2071 2957 2128 caeteris
2992 2086 3211 2141 quoque
3244 2070 3498 2141 gentibus
3532 2071 3620 2124 in-

2040 2165 2437 2220 troductionem
2464 2167 2530 2219 ad
2554 2179 2850 2235 supernam
2886 2163 3190 2218 Jerusalem
3219 2163 3619 2233 praestiterunt,

2040 2256 2198 2325 cujus
2226 2256 2534 2326 exemplum
2574 2267 2702 2312 sunt
2727 2256 2899 2326 gloria
2929 2265 2980 2311 et
3017 2256 3214 2321 honor,
3262 2265 3358 2311 aut
3407 2255 3474 2311 ad
3505 2255 3622 2326 glu-

2040 2347 2177 2402 riatn
2209 2357 2263 2403 et
2302 2348 2564 2404 honorem
2600 2348 2856 2417 gentibus
2882 2348 3211 2420 profuerunt

2497 2553 2658 2625 831
2677 2553 2906 2612 CAPUT
2928 2553 3012 2608 LX
3027 2554 3160 2610 VIII.

2117 2667 2189 2722 De
2219 2667 2379 2738 fluvio
2408 2684 2542 2740 puro
2561 2671 2651 2740 qui
2673 2671 2814 2725 visus
2844 2681 2921 2726 est
2947 2687 3013 2726 ea:
3047 2673 3232 2726 throno
3254 2675 3553 2742 procedere.

2116 2846 2280 2914 XXII,
2329 2849 2440 2904 1-5.
2475 2848 2542 2903 Et
2571 2851 2798 2904 ostendit
2831 2851 2961 2904 mihi
2989 2851 3208 2920 ﬂuvium
3248 2868 3441 2920 purum
3475 2868 3626 2922 aqua

2043 2939 2192 3000 rivw.
2229 2939 2567 3005 splendidum
2597 2950 2847 3012 tanquam
2877 2942 3214 3012 crystallum,
3263 2941 3628 3012 procedentem

2043 3030 2108 3083 de
2141 3030 2328 3085 throno
2355 3030 2452 3085 Dei
2475 3041 2523 3085 et
2553 3031 2688 3102 Aqui
2734 3033 2790 3086 in
2833 3033 3004 3087 medio
3050 3033 3241 3102 plateae
3265 3033 3402 3102 ejus.
3454 3032 3518 3086 Et
3563 3048 3630 3087 ea:

2047 3127 2274 3188 utraque
2294 3130 2446 3188 parte
2476 3120 2632 3187 ﬂuvii
2662 3121 2864 3190 lignum
2913 3122 3140 3191 a/ferens
3171 3123 3379 3192 [ructus
3424 3123 3628 3179 duode-

355 3218 433 3273 ἐκ
464 3216 591 3272 ῖθεν
613 3219 808 3283 ξύλον
829 3215 980 3286 ζωῆς
1007 3217 1225 3272 ποιοῦν
1249 3217 1516 3284 καρποὺς
1535 3215 1766 3270 δώδεκα
1786 3217 1938 3272 κατὰ

2049 3213 2173 3278 cim,
2200 3230 2294 3284 per
2327 3231 2530 3270 menses
2553 3217 2790 3287 singulos
2822 3218 3042 3272 reddens
3069 3218 3305 3287 fructum
3343 3235 3501 3272 suum
3526 3236 3546 3274 :
3580 3229 3630 3273 et

350 3310 529 3381 μῆνα
556 3309 666 3362 ἕνα
699 3309 968 3362 ἕκαστον
989 3306 1320 3372 ἀποδιδοὺς
1339 3306 1447 3360 τὸν
1477 3303 1712 3374 καρπὸν
1735 3304 1943 3368 αὐτοῦ,

357 3405 466 3457 καί
517 3404 588 3456 τὰ
633 3403 841 3471 φύλλα
891 3399 1000 3454 τοῦ
1065 3399 1258 3463 ξύλου
1305 3401 1396 3464 εις
1453 3397 1773 3465 θεραπείαν
1828 3396 1950 3450 τῶν

355 3493 573 3549 ἐθνῶν.
616 3493 726 3548 Kal
776 3490 901 3547 πᾶν
944 3491 1248 3560 κατάθεμα
1284 3491 1420 3544 σῦκ’
1445 3489 1620 3543 ἐσται
1663 3487 1805 3542 ἐκεῖ.
1840 3486 1951 3542 Kal

356 3589 398 3640 ὁ
419 3586 633 3654 θρόνος
650 3583 758 3637 τοῦ
778 3584 930 3637 Θεοῦ
953 3581 1054 3636 καὶ
1073 3581 1182 3636 τοῦ
1220 3582 1459 3648 Ἀρνίου
1485 3580 1556 3633 ἐν
1577 3577 1731 3647 αὐτῇ
1756 3578 1946 3632 ἔσται.

355 3677 472 3733 Kal
511 3678 565 3730 ol
617 3675 829 3730 δοῦλοι
884 3672 1074 3728 αὑτοῦ
1115 3671 1568 3739 λατρεύσουσιν
1614 3668 1797 3734 αὐτῷ,
1844 3667 1944 3724 καὶ

353 3767 621 3836 ὄψονται
648 3766 713 3821 τὸ
749 3766 1078 3833 πρόσωπον
1091 3761 1301 3827 αὐτοῦ,
1334 3761 1434 3814 καὶ
1457 3760 1522 3813 τὸ
1546 3759 1735 3828 ὄνομα
1755 3756 1942 3812 αὑτοῦ

352 3859 466 3914 ἐπὶ
508 3857 628 3912 τῶν
658 3856 948 3928 μετώπων
1001 3853 1221 3910 αὐτῶν.
1275 3853 1387 3907 Kal
1433 3851 1550 3918 νὺξ
1605 3853 1715 3906 οὐκ
1767 3851 1939 3904 ἔσται

2047 3306 2181 3377 folia
2219 3307 2348 3378 ligni
2382 3309 2451 3363 ad
2482 3309 2738 3364 medelam
2783 3312 3041 3379 gentium.
3105 3310 3174 3364 Et
3206 3327 3358 3366 omne
3404 3310 3632 3366 maledi-

2047 3409 2190 3453 ctum
2217 3415 2320 3453 non
2360 3401 2459 3454 erit
2485 3401 2736 3470 amplius,
2770 3403 2864 3456 sed
2912 3403 3131 3456 thronus
3170 3401 3265 3456 Dei
3295 3410 3345 3456 et
3393 3403 3528 3472 Agni
3573 3404 3625 3456 in

2048 3489 2145 3544 illa
2177 3491 2319 3544 erit:
2348 3501 2396 3544 et
2427 3492 2561 3545 servi
2599 3492 2715 3560 ejus
2741 3494 2965 3546 servient
3017 3493 3122 3554 illi,
3165 3502 3215 3547 et
3263 3493 3512 3547 videbunt
3545 3492 3632 3562 {a-

2049 3584 2182 3637 ciem
2230 3584 2344 3654 ejus
2375 3601 2394 3638 :
2421 3595 2468 3639 et
2508 3601 2698 3640 nomen
2724 3586 2839 3655 ejus
2876 3586 2932 3640 in
2971 3585 3234 3655 frontibus
3267 3585 3523 3652 ipsorum.
3561 3584 3632 3639 Et

2053 3688 2159 3725 non:
2187 3689 2291 3727 non
2313 3677 2413 3728 erit
2443 3675 2518 3727 ibi
2544 3689 2563 3728 :
2587 3684 2636 3728 et
2667 3692 2770 3728 non
2797 3684 2947 3745 egent
2985 3675 3201 3729 lucerna
3231 3675 3453 3729 necluee
3479 3675 3633 3740 solis,

2049 3765 2304 3833 quoniant
2341 3765 2603 3820 Dominus
2637 3766 2776 3821 Deus
2815 3767 3089 3821 illuminat
3139 3766 3283 3822 illos.
3329 3765 3398 3820 Et
3446 3783 3637 3838 regna-

2047 3854 2173 3910 buut
2208 3857 2264 3909 in
2291 3857 2489 3912 sarcula
2520 3858 2862 3914 sa'culorum.

349 3949 508 4014 ἐκεῖ,
533 3949 633 4003 καὶ
681 3949 895 4018 χρείαν
925 3948 1036 4001 οὐκ
1073 3947 1291 4014 έχουσι
1336 3945 1573 4014 λύχνου
1604 3943 1701 3998 καί
1753 3943 1950 4012 φωτὸς
2022 3946 2225 4015 ἡλίου,
2268 3948 2358 4002 ὅτι
2396 3951 2616 4020 Κύριος
2672 3954 2706 4004 ό
2745 3952 2891 4018 Θεὸς
2941 3950 3171 4022 φωτίζει
3235 3952 3481 4015 αὐτούς.
3527 3951 3638 4006 Kal

343 4046 856 4114 βασιλεύσουσιν
879 4046 966 4110 εις
993 4042 1136 4110 τοὺς
1156 4043 1378 4109 αἰῶνας
1407 4041 1527 4095 τῶν
1548 4043 1798 4096 αἰώνων.

439 4141 637 4212 Διττὴν
677 4141 837 4209 ἴσμεν
884 4138 978 4192 τοῦ
1009 4138 1259 4206 ποταμοῦ
1294 4137 1395 4209 τὴν
1431 4137 1724 4206 ὠφέλειαν,
1759 4136 1945 4206 δίψους

2124 4134 2406 4205 Duplicem
2461 4134 2718 4190 novimus
2766 4135 3009 4192 fluminis
3070 4137 3384 4200 utilitatem,
3445 4152 3641 4208 nempe

352 4235 694 4307 ἀνάκτησιν,
761 4235 857 4289 καὶ
906 4233 1082 4305 ῥύπου
1133 4234 1435 4304 κάθαρσιν,
1486 4228 1563 4288 ὧν
1621 4234 1941 4305 ἀμφοτέρων

2049 4225 2169 4281 sitis
2189 4225 2639 4281 refocillalionetn
2664 4236 2715 4280 ct
2741 4228 2983 4281 sordium
3005 4227 3401 4297 purgationem.
3427 4227 3642 4284 Uttiusv

356 4329 588 4398 πλήρης
619 4328 652 4398 ὴ
689 4329 830 4382 κατὰ
888 4327 951 4381 τὸ
1004 4327 1363 4396 εὖαγγελικδν
1411 4327 1649 4397 Χριστοῦ
1689 4328 1941 4399 κήρυγμα

2051 4332 2158 4388 que
2224 4319 2384 4389 plena
2424 4319 2644 4388 adoptio
2669 4328 2754 4373 est
2786 4319 2838 4371 in
2869 4318 2974 4371 vita
3007 4334 3130 4387 qua:
3170 4327 3253 4373 est
3278 4318 3434 4387 juxta
3463 4321 3640 4374 Evan-

356 4423 510 4491 ζωή.
541 4420 705 4490 meo;
749 4437 808 4474 τε
835 4419 944 4490 γὰρ
971 4419 1312 4490 ἀνεκτήσατο
1341 4420 1452 4474 τῶν
1482 4419 1588 4490 πρὸ
1606 4420 1708 4490 τῆς
1745 4437 1941 4491 παρου-

2053 4411 2177 4481 gelii
2205 4410 2409 4464 Christi
2453 4411 2924 4480 praedicationem.
2963 4409 3096 4464 Nam
3147 4421 3201 4466 et
3235 4412 3384 4467 sitim
3418 4411 3641 4468 refocil-

356 4514 496 4577 σίας
521 4511 764 4584 Χριστοῦ
813 4513 1136 4582 προφητῶν,
1174 4530 1192 4562 t
1242 4512 1499 4582 Ἐδίψησὲ
1530 4529 1611 4578 σε,
1662 4531 1680 4564 ι
1715 4512 1941 4581 φασκόν·

2055 4501 2188 4555 lavit
2211 4501 2594 4570 prephetarttm
2614 4502 2704 4570 qui
2734 4501 2950 4556 fuerant
2967 4511 3091 4556 ante
3107 4501 3308 4558 Christi
3346 4503 3638 4560 adventum

351 4624 502 4670 των,
541 4625 561 4658 ι
599 4604 812 4675 ἡψυχὴ
857 4603 1040 4675 ἡμῶν,
1096 4624 1114 4657 ι
1171 4608 1266 4658 καὶ
1316 4605 1655 4676 βαπτίσματι
1708 4605 1941 4675 θεουργίξ

2057 4605 2112 4649 et
2143 4597 2415 4659 dicebant,
2454 4615 2472 4646 ι
2512 4595 2694 4650 Sitivit
2721 4605 2771 4650 te
2794 4597 2976 4650 anima
3015 4611 3132 4650 mea
3165 4596 3230 4663 “,
3274 4616 3293 4648 ι
3332 4607 3386 4652 ct
3414 4613 3510 4654 eos
3549 4601 3644 4670 qui

352 4700 502 4763 τοὺς
563 4700 892 4772 λουομένους
942 4701 1240 4770 ἁγνίζουσα
1294 4700 1553 4774 ὲκὰθαρε.
1611 4702 1721 4756 Καὶ
1767 4703 1850 4755 ὅτι
1897 4702 1958 4756 τὸ

359 4791 667 4864 βάπτισμα
720 4793 926 4857 σκοπὸς
980 4793 1388 4866 παρεμφαίνειν
1441 4794 1532 4848 τὸν
1585 4795 1831 4861 ποταμόν
1880 4794 1958 4865 τῷ

359 4880 769 4952 εὐαγγελιστῇ,
801 4881 1040 4935 ἐνταῦθα
1066 4883 1329 4953 ἐχέγγυον
1360 4883 1739 4937 πιστώσασθαι
1772 4884 1832 4937 τὸ
1854 4885 1961 4938 ἀπὸ

357 4971 470 5029 τοῦ
505 4972 700 5044 θρόνου
735 4973 832 5028 τοῦ
874 4975 1088 5046 Ἀρνίου
1120 4977 1522 5046 ὲκπορευεσθαι
1551 4977 1717 5032 αὐτὸν
1767 4978 1962 5031 ὑποθέ-

364 5064 528 5132 σθαι,
561 5067 655 5119 καὶ
695 5067 862 5138 μέσον
884 5068 985 5136 τῆς
1010 5068 1276 5132 πλατείας
1303 5070 1566 5141 διαρρεῖν,
1600 5070 1694 5124 τοῦ
1727 5071 1963 5140 εὐαγγε-

358 5157 532 5213 λικοῦ
563 5158 766 5230 δηλαδὴ
801 5159 1182 5230 κηρύγματος.
1217 5162 1291 5216 Οὐ
1320 5162 1426 5232 γὰρ
1446 5162 1598 5217 ἐστιν
1630 5164 1710 5226 εἰς
1732 5165 1831 5234 τὴν
1851 5165 1965 5220 ἄνω

373 5251 752 5324 Ἰερουσαλὴμ
783 5252 1071 5316 εἰσελθεῖν,
1109 5256 1251 5308 κατὰ
1283 5255 1378 5326 τὴν
1402 5255 1493 5308 τοῦ
1517 5256 1722 5327 Κυρίου
1756 5258 1961 5329 φωνὴν,

357 5342 468 5396 τὸν
503 5343 577 5414 μὴ
628 5343 836 5399 ἄνωθεν
872 5345 1310 5416 ἀναγεννηθέντα
1348 5345 1416 5400 δι’
1451 5346 1643 5410 ὕδατος
1669 5346 1764 5401 καὶ
1796 5347 1957 5402 meti-

364 5451 571 5507 ματος.

452 5529 557 5581 Καὶ
589 5527 696 5582 τοῦ
723 5523 996 5600 ποταμοῦ
1023 5531 1306 5587 ἐντεῦθεν
1328 5531 1424 5586 καὶ
1459 5529 1706 5586 ἐκεῖθεν.
1740 5530 1959 5586 Ἐντεῦ-

362 5620 470 5673 οεν
497 5618 593 5672 καὶ
622 5619 834 5673 ἐκεῖθεν
857 5621 949 5674 τοῦ
973 5622 1332 5692 εὐαγγελικοῦ
1361 5623 1740 5696 κηρύγματος,
1772 5621 1958 5678 ἐντεῦ-

452 5805 494 5841 ¹¹
530 5807 676 5864 Psal.
709 5823 842 5870 Lstt,
863 5806 921 5861 2.

702 5895 974 5962 Parnm.
1009 5901 1124 5960 Gn.
1163 5899 1319 5958 CVI.

2060 4703 2220 4744 sacro
2277 4697 2331 4742 et
2375 4688 2580 4744 cllicaci
2632 4689 2959 4759 baptismate
3016 4688 3313 4753 lavantur,
3371 4693 3645 4762 expiantlo

2061 4781 2333 4852 purgavit.
2385 4781 2455 4836 Et
2494 4781 2640 4852 quod
2688 4783 3035 4852 evangelista:
3086 4798 3284 4852 scopus
3328 4783 3398 4839 sit
3435 4793 3496 4839 ut
3539 4785 3646 4839 ilu-

2062 4874 2185 4930 vius
2223 4872 2428 4928 referat
2457 4872 2750 4943 baptisma,
2785 4871 2914 4929 hinc
2943 4874 3201 4930 idoneum
3238 4883 3323 4931 est
3351 4891 3647 4946 argumen-

2066 4979 2179 5028 tum
2231 4969 2298 5022 ad
2331 4968 2793 5033 conﬁrmandum,
2825 4969 2970 5038 quod
3021 4978 3076 5024 et
3117 4969 3294 5038 ipsum
3351 4971 3648 5039 procedere

2061 5058 2318 5128 supponit
2342 5057 2410 5112 de
2439 5059 2636 5112 throno
2668 5056 2762 5111 Dei
2793 5067 2846 5113 et
2880 5058 3041 5129 Agni,
3071 5067 3126 5114 et
3153 5059 3398 5115 difﬂuere
3441 5061 3497 5114 in
3530 5077 3648 5114 tne-

2060 5149 2152 5204 dio
2180 5149 2390 5218 plateae,
2432 5149 2760 5219 evangelicae
2794 5149 3046 5205 videlicet
3083 5151 3508 5220 praedicationis.
3536 5153 3644 5206 Ne-

2061 5257 2170 5312 que
2217 5243 2366 5297 cnim
2401 5249 2577 5312 potest
2633 5242 2925 5312 quisquam
2979 5242 3032 5296 in
3081 5257 3376 5313 supernam
3434 5245 3647 5313 ingredi

2061 5333 2384 5398 Jerusalem,
2418 5335 2572 5404 juxta
2604 5334 2822 5389 Domini
2861 5349 3075 5402 vocem,
3118 5335 3226 5390 nisi
3259 5336 3356 5406 qui
3411 5353 3649 5408 superne

2061 5433 2417 5495 regeneratus
2443 5425 2517 5482 sit
2546 5441 2644 5496 per
2675 5441 2874 5496 aquam
2906 5435 2962 5481 et
2994 5425 3338 5496 sanguinem.

2140 5519 2210 5573 Et
2237 5535 2302 5574 ea:
2333 5528 2555 5591 utraque
2579 5530 2733 5588 parte
2759 5520 2932 5590 ﬂuvii.
2965 5521 3038 5576 Ex
3063 5530 3291 5592 utraque
3310 5530 3464 5593 parte
3483 5538 3652 5580 evan-

2067 5615 2254 5687 gelirze
2306 5615 2708 5685 prtedicationis
2763 5633 2776 5670 :
2839 5631 2903 5670 ex
2941 5615 3041 5671 hac
3085 5615 3306 5687 quidem
3348 5618 3649 5675 secundum

3263 5892 3340 5957 25
