4164 6416
538 384 645 448 779

1342 372 1672 433 ARE'I‘II/E
1709 372 2088 434 CAESAREE
2128 372 2611 436 CAPPADOCLE
2648 374 2991 437 EPISCOPI

3706 374 3821 441 780

537 506 860 569 praesentem
895 494 1081 557 vitam,
1110 507 1173 544 ex
1218 491 1306 545 illa
1356 508 1488 549 vero
1529 491 1830 547 secundum
1873 489 2118 544 futurum

2228 488 2342 551 θεν,
2384 489 2539 558 κατὰ,
2570 489 2669 560 τὴν
2700 489 2986 558 παροῦσαν
3037 488 3203 557 ζωὴν,
3252 487 3485 552 ἐκεῖθεν,
3521 491 3663 545 κατὰ
3714 491 3818 544 τὸν

536 587 825 645 saeculum.
865 584 1096 653 Lignum
1156 592 1340 637 autem
1392 585 1515 638 vita:
1545 583 1784 637 divinam
1824 590 1985 636 vocat
2035 595 2125 634 sa-

537 682 821 753 pientiam.
855 675 1029 746 IIujus
1083 687 1267 731 autem
1314 676 1447 747 ligni
1502 686 1586 732 est
1626 676 1877 731 doctrina
1904 674 2128 728 Christo

537 774 846 833 adhazrens,
912 782 1091 838 qutea
1149 768 1408 837 praesenti
1449 767 1709 823 felicitate
1771 766 1839 821 ad
1886 766 2128 820 futuram

535 862 925 919 beatitudinem
950 872 1225 914 occurret.
1257 860 1423 930 832
1472 860 1605 925 Qum
1649 868 1735 915 est
1768 867 1950 914 autem
1986 872 2129 927 prae-

534 970 664 1010 sens
708 951 981 1007 felicitas?
1036 951 1301 1006 Decenter
1340 961 1393 1005 et
1423 959 1736 1020 opportune
1782 956 2017 1004 tractare
2044 945 2128 1001 die

532 1045 691 1098 vinas
734 1042 987 1106 virtutes,
1041 1051 1096 1096 et
1142 1056 1249 1096 non
1292 1040 1674 1111 intempestive
1712 1048 1808 1094 aut
1866 1052 2131 1109 praesum-

532 1142 728 1202 ptuose
789 1129 1055 1186 inefﬁcaci
1133 1131 1318 1186 studio
1384 1146 1557 1186 vanas
1618 1130 1854 1197 efﬁcere.
1907 1128 2129 1198 [Equali

532 1235 714 1278 autem
748 1238 983 1279 numero
1007 1238 1132 1279 cum
1168 1224 1551 1279 laborantibus
1585 1232 1669 1278 est
1721 1231 1775 1277 et
1823 1232 2132 1291 opportuna

534 1314 806 1381 tractatio,
864 1314 992 1383 quia
1033 1329 1214 1384 neque
1266 1315 1615 1383 prolongare,
1676 1313 1771 1368 sed
1833 1312 2134 1383 praevenire

531 1406 715 1474 potius
748 1414 964 1475 tempus
1000 1405 1295 1461 solutionis
1329 1415 1549 1475 oportet
1576 1421 1705 1476 erga
1730 1406 2016 1476 operarios
2037 1404 2131 1475 qui

531 1497 741 1553 faciant
783 1498 1036 1553 ordinate
1064 1498 1224 1569 dirigi
1262 1500 1477 1569 singula
1512 1500 1563 1553 in
1590 1500 1880 1570 sapientia.
1904 1498 1986 1554 Ad
2019 1498 2135 1553 haec

533 1590 662 1646 folia
692 1606 918 1661 quoque
948 1592 1081 1662 ligni
1102 1593 1169 1646 ad
1202 1593 1493 1647 sanitatem
1539 1593 1782 1662 gentium
1816 1592 1893 1647 ait
1918 1592 2132 1647 denun-

534 1685 656 1739 tiari
706 1685 825 1740 sive
858 1684 1121 1739 vaticinio
1152 1686 1423 1756 praedici;
1462 1695 1517 1741 at
1547 1688 1676 1755 quid
1712 1703 1807 1757 per
1858 1687 1973 1742 haec
2019 1686 2136 1741 vult

532 1778 885 1847 proponere?
913 1776 1133 1834 Scimus
1159 1794 1293 1834 sane
1324 1778 1519 1834 folium
1558 1796 1700 1845 esse,
1743 1779 1956 1835 fructus
2000 1794 2129 1849 opeo

2231 582 2495 653 μέλλοντα
2542 584 2737 637 αίῶνα.
2772 582 2943 637 Ξύλον
2988 584 3044 635 δὲ
3090 583 3259 652 ζωῆς.
3300 583 3405 649 τὴν
3455 584 3639 638 ἐνθεόν
3673 601 3814 653 φησι

2231 671 2444 740 σοφίαν.
2474 673 2681 727 Τούτου
2716 673 2810 727 τοῦ
2852 672 3037 738 ξύλου,
3069 674 3103 744 ή
3132 674 3275 727 κατά
3306 674 3543 744 Χριστὸν
3572 676 3811 745 ἐχομένη

2229 763 2553 819 διδασκαλία
2606 764 2717 819 ἀπὸ
2760 763 2859 834 τῆς
2904 763 3158 818 ἀντεῦθεν
3204 764 3517 836 εὐπραγίας
3585 768 3667 829 εἰς
3709 765 3814 837 τὴν

2234 855 2619 926 μακαριότητα
2652 855 3010 926 καταντήσει.
3038 854 3134 918 Τίς
3163 855 3221 908 δὲ
3250 856 3285 924 ἡ
3321 854 3574 909 ιντεῦθεν
3601 858 3814 927 εὐπρα-

2231 948 2367 1016 γίας
2418 947 2493 1000 Τὸ
2539 950 2934 1018 προσηκόντως
2981 944 3469 1017 μεταχειρίζεσθαι
3520 949 3616 1001 καὶ
3673 949 3813 1001 κατὰ

2232 1038 2428 1108 καιρὸν
2457 1039 2559 1102 τὰς
2610 1039 2895 1101 θεοποιοὺς
2926 1038 3152 1109 ἀρετὰς,
3187 1038 3329 1093 ἀλλά
3378 1039 3454 1110 μὴ
3504 1040 3752 1111 ἀκαίρως
3776 1039 3810 1109 ἢ

2234 1130 2628 1200 ὑπερϐαθμίως
2684 1129 2772 1183 ἐπ’
2836 1128 3088 1201 ἀνηνύτῳ
3137 1130 3523 1200 σπουδάσματι
3584 1145 3812 1200 ματαιο-

2233 1225 2432 1278 ποιεῖν.
2478 1222 2793 1293 Ἰσὰριθμος
2835 1222 2891 1275 δὲ
2937 1224 3051 1285 τοῖς
3094 1222 3409 1276 διαπονοῦσι
3440 1223 3535 1275 καὶ
3581 1224 3615 1292 ἠ
3670 1223 3809 1276 κατά

2232 1314 2423 1385 καιρὸν
2470 1315 2887 1385 μεταχείρησις,
2929 1315 3014 1368 ὅτι
3056 1314 3183 1386 μηδ’
3238 1316 3601 1387 ὑπερπίνειν,
3628 1317 3712 1370 ἀεὶ
3751 1316 3811 1369 δὲ

2233 1404 2403 1459 ὲνδεϊν
2433 1407 2605 1476 ἐχρῆν
2635 1405 2731 1459 τοῦ
2775 1404 2969 1476 καιροῦ
3003 1404 3130 1469 τοὺς
3159 1406 3423 1477 ἐργάτας,
3461 1406 3811 1476 τεταγμένως

2230 1499 2289 1553 δὲ
2324 1498 2675 1568 διεξάγεσθαι
2703 1499 2773 1553 τά
2804 1500 2985 1553 πάντα
3014 1502 3073 1554 ὲν
3106 1500 3270 1569 σοφίᾳ.
3326 1500 3634 1564 ποιοῦντας.
3668 1502 3812 1571 Πρὸς

2231 1592 2463 1655 τούτοις,
2498 1592 2595 1645 καὶ
2621 1591 2690 1645 τὰ
2721 1591 2900 1661 φύλλα
2933 1593 3073 1663 φησὶ
3096 1591 3193 1646 τοῦ
3218 1591 3377 1657 ξύλου
3402 1592 3483 1655 είς
3515 1592 3812 1663 θεραπείαν

2233 1680 2723 1748 καταγγέλλεσθαι,
2754 1681 2918 1735 οἱονεὶ
2967 1682 3329 1753 φημίξεσθαι,
3366 1682 3477 1735 τῶν
3530 1681 3720 1748 ἐθνῶν,
3759 1685 3812 1735 τί

2232 1773 2322 1827 διὰ
2359 1773 2569 1827 τούτων
2621 1774 2883 1845 ὲνστῆσαι
2920 1774 3132 1841 θέλωνς
3171 1774 3244 1830 Τὸ
3292 1774 3493 1844 φύλλον
3528 1769 3625 1828 οὖν
3656 1789 3811 1845 περι-

531 1866 828 1920 rimentutn
862 1865 1180 1921 adornans:
1215 1877 1271 1921 et
1326 1882 1388 1921 ex
1418 1868 1521 1923 hoc
1561 1869 1938 1937 intelligimus,
1980 1870 2123 1938 quod

2231 1868 2468 1939 κάρπιον
2499 1869 2659 1938 ίσμεν
2712 1869 3035 1939 σκέπασμα.
3073 1868 3169 1921 Ἐκ
3201 1868 3396 1921 τούτου
3442 1867 3697 1938 συνίεμεν
3736 1869 3813 1931 ὡς

532 1956 859 2026 perfectiora
898 1959 1201 2014 secundum
1230 1958 1401 2015 Deum
1447 1976 1638 2030 opera,
1680 1971 1734 2017 et
1767 1976 1859 2031 per
1893 1960 2127 2031 crystal-

532 2048 700 2102 linam
729 2033 1117 2117 peliucentiam
1159 2050 1661 2121 circumfulgentia,
1706 2050 2127 2122 perfectissimis

531 2140 587 2193 in
613 2139 816 2195 virtute
838 2141 904 2194 ad
937 2140 1403 2198 examinationem
1452 2144 1890 2209 committuntur,
1948 2143 2126 2213 siqui-

530 2231 677 2297 dem,
708 2249 725 2282 ι
758 2230 1013 2286 Potentes
1042 2240 1289 2302 potenter
1316 2235 1777 2290 exatninabuntttr
1813 2237 1875 2289 ".
1918 2255 1936 2286 ο
1969 2234 2128 2300 Quae-

528 2337 746 2391 cunque
773 2336 904 2376 vero
924 2323 1251 2378 alimentum
1291 2324 1574 2379 fructuum
1625 2342 1732 2379 non
1777 2326 2123 2396 participant,

529 2413 626 2468 scd
658 2413 901 2483 plantam
930 2414 1109 2471 solum
1135 2426 1425 2471 assumunt
1472 2417 1527 2471 in
1563 2422 1780 2488 signum
1807 2418 1953 2486 quod
1981 2432 2128 2471 11101·-

532 2517 621 2558 tua
658 2520 768 2560 non
800 2505 931 2569 sint,
958 2508 1023 2561 ad
1054 2506 1321 2562 medelam
1345 2510 1589 2577 gentium
1622 2510 1996 2578 assignantur.
2031 2509 2126 2564 His

529 2597 674 2650 enim
703 2596 770 2649 ad
811 2595 1018 2651 Christi
1079 2596 1407 2666 obsequium
1460 2600 1873 2665 accedentibus,
1935 2618 2128 2673 supcr-

530 2687 700 2741 ﬂuum
733 2687 871 2741 foret
901 2687 955 2741 in
994 2688 1131 2757 ipsis
1157 2697 1348 2744 exacte
1375 2690 1655 2760 indagare.

602 2798 704 2856 Sed
732 2803 952 2855 thronus
988 2800 1086 2854 Dei
1120 2812 1170 2854 et
1201 2802 1338 2872 Agni
1366 2804 1420 2856 in
1466 2802 1561 2857 illa
1592 2805 1717 2858 erit.
1750 2803 1855 2869 Qui
1909 2800 2125 2859 dilectis

530 2892 643 2948 Deo
678 2893 973 2949 virtutibus
1000 2893 1241 2964 seipsum
1272 2893 1327 2949 in
1363 2895 1607 2949 divinum
1644 2896 1956 2952 vehiculum
1992 2913 2128 2967 prer-

528 2985 853 3055 paravit,ad
882 2984 975 3040 Dei
1002 2994 1055 3040 et
1086 2987 1222 3057 Agni
1252 2988 1518 3058 requiem,
1544 3004 1643 3059 per
1665 2989 1879 3046 divinas
1915 2990 2125 3045 Veteris

528 3075 778 3149 Novique
805 3076 1136 3134 Testamenti
1177 3080 1573 3137 instructiones
1607 3081 1839 3153 impigre
1866 3098 2122 3149 currens,

530 3184 595 3225 ac
638 3169 836 3225 divinae
874 3168 1239 3226 dedicationis
1272 3173 1549 3242 particeps
1590 3173 1824 3230 feliciter
1873 3173 2121 3242 eﬂ'ectus,

529 3261 621 3317 hic
656 3262 897 3317 civitatis
952 3278 1209 3333 supernae
1243 3262 1548 3321 Jerusalem
1586 3265 1859 3322 habitator
1887 3270 2010 3335 erit,
2040 3271 2118 3324 vi-

528 3352 792 3423 debitque
832 3352 1001 3409 Deum
1028 3354 1169 3409 facie
1204 3356 1271 3411 ad
1301 3356 1515 3423 faciem,
1552 3373 1660 3412 non
1681 3374 1779 3429 per
1807 3361 2117 3431 (enigmata,

527 3444 622 3500 sed
655 3445 1117 3515 quemadmodum
1149 3448 1357 3504 sanctis
1383 3450 1648 3519 apostolis
1680 3449 1734 3504 in
1775 3462 1955 3508 monte
1985 3467 2119 3508 san-

528 3539 617 3587 cto
642 3534 796 3588 visus
821 3543 927 3601 est,
959 3536 1126 3589 veluti
1152 3536 1230 3590 ait
1262 3553 1493 3608 magnus
1523 3538 1835 3611 Dionysius.

604 3709 670 3764 Et
698 3714 990 3782 regnabant
1025 3715 1079 3767 in
1111 3714 1308 3769 sa'cnla
1335 3717 1676 3772 swculorum.
1709 3719 1894 3774 Sancti
1930 3721 2121 3776 videli-

531 3812 616 3857 cet
648 3807 1061 3874 ronregnabunl
1100 3806 1324 3863 Christo
1363 3825 1459 3879 per
1496 3810 1705 3865 infinita
1734 3814 1951 3870 sweula.

1100 4028 1327 4086 CAPUT
1367 4031 1553 4086 LXIX.

534 4165 688 4230 Quod
720 4163 824 4234 ﬁde
888 4164 1049 4235 digna
1107 4168 1214 4220 sint
1250 4184 1369 4238 qua:
1422 4169 1486 4221 ab
1529 4169 1783 4239 Apostolo
1831 4173 1942 4226 visa
1974 4182 2118 4227 sunt.

602 4366 769 4431 XXII,
798 4366 850 4421 6.
894 4367 959 4422 Et
1000 4369 1138 4423 dixit
1176 4372 1304 4426 mihi
1341 4388 1359 4426 :
1398 4372 1472 4426 Hi
1515 4391 1777 4431 sermones
1814 4378 1920 4447 ﬁde
1975 4380 2122 4451 digni

529 4475 652 4515 sunt
683 4470 730 4513 ct
768 4464 897 4515 veri.
935 4460 1002 4515 Et
1036 4462 1298 4518 Dominus
1332 4465 1470 4519 Deus
1503 4468 1789 4536 spirituum
1837 4471 2121 4541 propheta-

2232 1961 2303 2014 τὰ
2323 1958 2637 2029 τελεώτερα
2676 1960 2786 2013 τῶν
2814 1961 2959 2015 κατὰ
2977 1960 3112 2013 Θεδν
3138 1960 3233 2013 καὶ
3259 1960 3515 2031 διαυγείᾳ
3542 1960 3813 2028 κρυσταλ-

2227 2052 2424 2106 λοειδεῖ
2469 2052 2993 2123 περιαυγαζομένων
3047 2053 3228 2123 ἔργων
3293 2055 3407 2116 τοῖς
3455 2052 3811 2115 τελεωτάτοις

2229 2144 2352 2198 κατ’
2384 2146 2590 2216 ἀρετὴν
2614 2147 2693 2208 είς
2727 2145 2978 2209 ἐξέτασιν
3005 2144 3347 2198 ἀνατίθεται·
3390 2162 3408 2196 ι
3445 2145 3673 2198 Δυνατοὶ
3707 2145 3813 2215 γὰρ

2226 2235 2469 2300 δυνατῶς
2506 2236 2923 2306 ὲτασθήσονται.
2959 2256 2980 2289 ι
3018 2237 3162 2290 ’Ὀσα
3187 2236 3244 2289 δὲ
3274 2236 3371 2289 τοῦ
3409 2237 3680 2307 τροφίμου
3713 2238 3813 2307 μὲν

2228 2328 2455 2398 ἀμοιρεῖ
2479 2329 2588 2381 τῶν
2616 2329 2870 2399 καρπῶν,
2905 2331 2987 2391 εἰς
3018 2327 3221 2398 δεῖγμα
3248 2329 3304 2382 δὲ
3324 2329 3418 2382 τοῦ
3444 2330 3529 2382 ὃτι
3556 2328 3809 2399 τέθνηκε,

2227 2420 2289 2473 τὸ
2346 2421 2515 2489 φυτὸν
2564 2422 2727 2490 μόνον
2783 2420 3315 2492 παραλαμϐάνεται,
3362 2423 3427 2493 τῇ
3479 2422 3590 2475 τῶν
3640 2420 3812 2475 ἐθνῶν

2229 2512 2503 2583 θεραπεία
2572 2514 2973 2583 προσνέμεται.
3031 2514 3111 2584 Τῇ
3166 2513 3408 2585 Χριστοῦ
3460 2514 3571 2586 γὰρ
3607 2514 3813 2567 τούτων

2228 2606 2587 2676 ὑπαχθέντων
2628 2606 2864 2678 δουλείᾳ,
2910 2606 2971 2659 τδ
3024 2607 3162 2677 πρὸς
3197 2606 3504 2677 ἀκρίὸειαν,
3556 2607 3810 2677 περιττὸν

2227 2703 2319 2754 ἐπὶ
2348 2701 2554 2754 τούτων
2584 2701 2677 2753 ἀνε
2687 2702 2908 2772 ρευνᾷν.

2296 2817 2407 2871 Καὶ
2432 2819 2464 2869 ὁ
2489 2816 2705 2884 θρόνος
2728 2814 2834 2869 τοῦ
2857 2814 3007 2870 Θεοῦ
3037 2815 3134 2870 καὶ
3161 2815 3269 2870 τοῦ
3303 2812 3540 2883 Ἀρνίου
3569 2814 3640 2868 ἐν
3657 2811 3807 2880 αὐτῇ

2225 2908 2416 2963 ἔσται.
2463 2908 2520 2960 Ὀ
2561 2909 2787 2978 ἀρεταῖς
2817 2908 3158 2977 θεοφιλέσιν,
3190 2908 3273 2970 εἰς
3302 2908 3490 2977 ὄχημα
3513 2906 3656 2960 θεῖον
3678 2907 3806 2961 ἑαυ-

2224 3001 2316 3054 τὸν
2365 2999 2738 3071 ηύτρεπικὼς,
2773 3001 2854 3065 είς
2894 2999 2993 3071 τὴν
3022 2999 3160 3053 Θεοῦ
3200 3000 3260 3054 δὲ
3314 3001 3410 3053 καὶ
3456 3000 3554 3053 τοῦ
3596 3000 3807 3070 ’Λρνίου

2238 3094 2549 3148 ἀνάπαυσιν
2574 3093 2665 3147 διὰ
2690 3094 2798 3147 τῶν
2829 3093 2929 3163 τῆς
2962 3093 3211 3156 Παλαιᾶς
3243 3092 3339 3145 καὶ
3372 3090 3587 3160 Καινῆς
3614 3091 3806 3159 Διαθή-

2224 3203 2328 3257 κης
2385 3186 2545 3241 θείων
2593 3186 2938 3257 είσηγήσεων
2981 3186 3193 3248 ἀόκνως
3243 3182 3488 3256 δραμὼν,
3538 3185 3633 3238 καὶ
3657 3184 3803 3247 θείας

2226 3278 2487 3348 ἱδρύσεως
2530 3277 2907 3349 ηύμοιρηκὼς,
2951 3278 3113 3340 αὐτὸς
3167 3278 3267 3347 τῆς
3296 3275 3509 3339 πόλεως
3549 3278 3648 3345 τῆς
3695 3275 3806 3328 ἀνω

2236 3369 2593 3440 Ἰερουσαλὴμ
2637 3370 2795 3424 ἔσται
2839 3371 3103 3441 οἰκήτωρ,
3147 3369 3241 3422 καὶ
3292 3368 3488 3437 ὄψεται
3536 3369 3627 3421 τὸν
3673 3367 3804 3420 Θεὸν

2223 3465 2517 3536 πρόσωπον
2550 3462 2688 3534 πρὸς
2744 3462 3062 3533 πρόσωπον,
3101 3461 3165 3514 οὐ
3194 3461 3262 3514 δι’
3296 3460 3661 3529 αίνιγμάτων,
3690 3458 3803 3512 ἀλλ’

2222 3557 2410 3629 ὥσπερ
2435 3560 2549 3619 τοῖς
2596 3557 2777 3625 ἁγίοις
2807 3554 3134 3618 ἀποστόλοις
3166 3556 3223 3607 ὲν
3250 3554 3329 3624 τῷ
3387 3552 3530 3623 ἁγίῳ
3561 3553 3679 3624 ὄρει
3720 3570 3804 3605 τε-

2225 3648 2437 3713 θέαται,
2466 3650 2543 3710 ὥς
2574 3665 2742 3718 φησιν
2771 3651 2799 3701 ὁ
2835 3647 3011 3718 μέγας
3038 3646 3339 3708 Διονύσιος.

2297 3743 2406 3796 Kal
2455 3743 2956 3806 ,βασιλεύσουσιν
2984 3742 3071 3805 εις
3099 3738 3242 3805 τσὺς
3287 3736 3511 3803 αἰῶνας
3562 3735 3680 3790 τῶν
3718 3736 3799 3788 αι-

2223 3837 2408 3890 ὠνων.
2446 3836 2511 3887 Οἱ
2546 3835 2694 3901 ἆγιοι
2743 3832 2991 3902 δηλονότι
3035 3830 3535 3901 συμϐασιλεύσουσι
3584 3826 3803 3897 Χριστῷ

2226 3930 2307 3991 εἰς
2340 3930 2466 3990 τοὺς
2500 3925 2895 3996 ἀτελευτήτους
2924 3924 3149 3987 αἰῶνας.

2802 4057 3053 4111 ΚΕΦΑΛ.
3085 4054 3205 4111 ΞΘ⁹.

2224 4195 2361 4264 Περὶ
2405 4196 2511 4249 τοῦ
2549 4196 2911 4259 ἀξιοπίστου
2945 4194 3065 4317 τὲὖῖ
3102 4188 3471 4261 τεθεαμένων
3511 4186 3591 4253 τῷ
3630 4190 3796 4243 Ἀπο-

2891 4281 2966 4317 στ
3005 4306 3016 4317 .
3048 4283 3111 4317 ω.

2891 4281 3111 4318 στολω.

2294 4400 2405 4454 Καὶ
2436 4394 2567 4452 εἶπέ
2586 4414 2689 4467 μοι
2709 4413 2722 4426 ·
2761 4393 2941 4453 Οὗτοι
2984 4400 3037 4451 οὶ
3062 4399 3253 4467 λόγοι,
3285 4400 3488 4452 πιστοὶ
3524 4396 3626 4451 καὶ
3651 4398 3797 4463 (uno

2228 4490 2402 4543 θινοί.
2444 4489 2553 4543 Καί
2594 4490 2811 4557 Κύριος
2840 4491 2872 4541 ό
2923 4487 3069 4552 Θεὸς
3114 4486 3234 4541 τῶν
3278 4488 3638 4557 πνευμάτων
3692 4487 3803 4540 τῶν

530 4569 648 4605 rum
683 4553 825 4605 misit
864 4555 1110 4621 angelum
1140 4571 1318 4620 suum,
1347 4557 1511 4628 833
1547 4570 1602 4613 ut
1638 4562 1929 4616 ostenderet
1955 4567 2116 4619 servis

2227 4579 2551 4650 προφητῶν
2585 4553 2910 4635 ἀπέστειλε
2957 4580 3064 4633 τὸν
3094 4578 3355 4649 ἄγγελον
3397 4553 3587 4634 uibrat?
3616 4579 3801 4645 δεῖξαι

530 4647 638 4698 suis
675 4662 795 4714 qua:
826 4657 1029 4713 oportet
1059 4648 1177 4715 ﬁeri
1207 4648 1331 4701 cito.

599 4787 755 4853 Quod
814 4787 955 4840 solet
1008 4784 1193 4842 facere
1241 4787 1433 4841 beatus
1490 4788 1576 4840 hic
1626 4789 1985 4860 evangelista,
2034 4794 2121 4846 hic

529 4893 749 4949 quoque
778 4878 1037 4934 observat
1087 4893 1100 4928 :
1141 4879 1603 4947 quemadmodum
1636 4890 1690 4935 et
1744 4881 1799 4935 in
1828 4881 2124 4955 Evangelio

530 4973 583 5025 in
623 4972 780 5039 signo
814 4970 1150 5039 cognitionis
1204 4972 1350 5042 quod
1410 4986 1554 5029 esset
1593 4976 1898 5046 legitimum
1941 4998 1954 5034 :
2005 5001 2023 5032 ι
2062 4981 2125 5037 Et

528 5063 759 5127 scimus,
782 5062 1138 5134 inquit,quod
1162 5079 1352 5119 verum
1374 5066 1828 5123 sittestimonium
1849 5072 1969 5142 ejus
1986 5072 2059 5124 ":
2089 5090 2105 5124 ι

527 5153 605 5209 Ita
632 5166 686 5209 ct
712 5170 858 5210 nunc
902 5155 1235 5227 consignatis
1270 5157 1347 5211 ait
1382 5172 1660 5215 sermones
1692 5162 1795 5217 fide
1828 5163 2025 5234 dignos
2053 5179 2116 5220 ac

528 5264 689 5304 veros
723 5250 1004 5320 expositos
1033 5262 1157 5305 esse
1186 5267 1203 5303 :
1243 5251 1368 5305 inde
1398 5250 1557 5307 fidem
1587 5254 1886 5323 trahentes,
1928 5273 2119 5330 nempe

527 5344 673 5413 quod
702 5359 732 5398 a
790 5344 1022 5399 Domino
1053 5342 1160 5398 Deo
1206 5344 1299 5414 qui
1338 5346 1505 5399 etiam
1541 5347 1672 5402 doni
1728 5351 2118 5421 prophetarum

529 5435 794 5490 Dominus
822 5445 926 5492 est.
950 5434 1084 5490 Nam
1109 5438 1213 5491 hoc
1250 5437 1563 5506 significare
1588 5443 1705 5495 vult
1731 5457 1827 5512 per
1851 5443 1952 5500 hoc
1974 5446 2120 5513 quod

529 5529 606 5582 ait
642 5527 899 5581 Dominus
964 5530 1272 5597 spirituum,
1326 5546 1389 5585 ac
1448 5532 1493 5586 si
1553 5533 1803 5603 dixisset,
1854 5535 2120 5594 Dominus

532 5621 832 5689 prophetici
864 5622 1014 5675 doni.

605 5792 650 5824 ¹²
680 5794 805 5865 Sap.
836 5814 911 5863 v1,
940 5799 996 5854 7.
1076 5802 1116 5832 ¹¹
1147 5800 1306 5857 Joan.
1338 5821 1451 5873 XXI,
1477 5807 1567 5860 24.

2228 4671 2350 4738 τοῖς
2378 4671 2624 4738 δούλοις
2648 4671 2833 4727 αὑτοῦ
2859 4670 2896 4726 (ἲ
2923 4671 3019 4725 δεῖ
3039 4670 3317 4741 γενέσθαι
3344 4672 3415 4725 ἐν
3442 4672 3632 4740 nilei.

2293 4809 2367 4861 Τὸ
2416 4807 2606 4870 εἰωθὸς
2652 4806 2804 4876 αὐτῷ
2833 4809 2860 4861 ὁ
2899 4809 3171 4879 μακάριος
3206 4802 3359 4870 οὗτος
3410 4806 3801 4877 εύαγγελιστὴς

2224 4900 2524 4966 κάνταῦθα,
2549 4900 2624 4961 ὡς
2648 4900 2737 4953 καὶ
2774 4901 2831 4953 ἐν
2862 4900 2940 4970 τῷ
2967 4900 3288 4971 Εὑαγγελίῳ
3329 4899 3518 4968 αὐτοῦ,
3555 4902 3635 4965 είς
3662 4902 3798 4969 γνώο

2227 5010 2401 5065 ρισμα
2456 4992 2550 5045 τοῦ
2605 4994 2857 5064 γνησίου,
2903 4995 2983 5053 τὺ.
3021 4994 3130 5048 Καὶ
3164 4993 3415 5063 οἴδαμεν
3448 4992 3539 5047 ὅτι
3573 4994 3799 5061 ἀληθής

2223 5089 2396 5141 ἐστιν
2428 5088 2466 5154 ἡ
2507 5088 2805 5157 μαρτυρία
2838 5088 3057 5142 αὐτοῦ’
3094 5088 3239 5141 οὕτω
3274 5088 3368 5141 καὶ
3398 5086 3492 5139 νῦν
3538 5088 3798 5157 ἑπισφρπο

2225 5180 2394 5250 γίζων
2429 5182 2586 5252 φησὶ,
2620 5183 2747 5246 τοὺς
2776 5182 2971 5249 λόγους
3004 5182 3230 5244 πιστοὺς
3277 5182 3372 5233 καὶ
3406 5178 3691 5251 ἀληθινοὺς
3716 5183 3801 5233 ἐκο

2218 5270 2517 5336 τεθεῖσθαι,
2554 5271 2767 5325 ἐκεῖθεν
2798 5272 3061 5337 ἕλκοντας
3090 5273 3151 5325 τὸ
3186 5271 3400 5338 πιστὸν,
3451 5271 3560 5325 ἀπὸ
3599 5272 3797 5341 Κυρίου

2218 5365 2313 5418 τοῦ
2344 5364 2478 5419 Θεοῦ
2497 5364 2722 5436 δηλαδὴ,
2755 5364 2813 5428 ὃς
2847 5364 3057 5419 καὶτοῦ
3092 5368 3432 5436 χαρίσματος
3456 5364 3566 5418 τῶν
3595 5382 3799 5435 προφη-

2220 5459 2330 5511 τῶν
2370 5458 2597 5530 Κύριος.
2622 5459 2794 5513 Τοῦτο
2838 5460 2947 5531 γὰρ
2978 5458 3229 5530 βούλεται
3261 5460 3535 5530 παριστᾷν
3568 5459 3655 5513 διὰ
3687 5455 3795 5518 τοῦ,

2220 5545 2437 5613 Κύριος
2469 5545 2589 5600 τῶν
2617 5546 3011 5616 πνευμάτων·
3050 5548 3292 5620 ὡσπερεὶ
3333 5548 3521 5615 ἔλεγεν
3541 5565 3554 5579 ·
3601 5546 3799 5619 Κύριος

2222 5634 2316 5689 τοῦ
2346 5640 2687 5710 προφητικοῦ
2721 5639 3084 5711 χαρίσματος.
