  <div class='ocr_page' id='page_1' title='image "/cluster/home/n/w/nwhite01/storage/ocr_20150623/106/coo.31924054870104/400.png"; bbox 0 0 4164 6434; ppageno 0'>
   <div class='ocr_carea' id='block_1_1' title="bbox 443 360 546 424">
    <p class='ocr_par' dir='ltr' id='par_1_1' title="bbox 443 360 546 424">
     <span class='ocr_line' id='line_1_1' title="bbox 443 360 546 424; baseline -0.019 0"><span class='ocrx_word' id='word_1_1' title='bbox 443 360 546 424; x_wconf 81' lang='lat'><strong><em>781</em></strong></span> 
     </span>
    </p>
   </div>
   <div class='ocr_carea' id='block_1_2' title="bbox 1039 470 1404 526">
    <p class='ocr_par' dir='ltr' id='par_1_2' title="bbox 1039 470 1404 526">
     <span class='ocr_line' id='line_1_2' title="bbox 1039 470 1404 526; baseline -0.011 0"><span class='ocrx_word' id='word_1_2' title='bbox 1039 470 1290 526; x_wconf 75' lang='grc' dir='ltr'><strong><em>ΚΕΦΑΛ.</em></strong></span> <span class='ocrx_word' id='word_1_3' title='bbox 1329 472 1404 522; x_wconf 88' lang='grc' dir='ltr'><strong><em>Ο’.</em></strong></span> 
     </span>
    </p>
   </div>
   <div class='ocr_carea' id='block_1_3' title="bbox 449 586 2023 657">
    <p class='ocr_par' dir='ltr' id='par_1_3' title="bbox 449 586 2023 657">
     <span class='ocr_line' id='line_1_3' title="bbox 449 586 2023 657; baseline -0.005 -11"><span class='ocrx_word' id='word_1_4' title='bbox 449 594 578 646; x_wconf 85' lang='grc' dir='ltr'><em>Ὅτι</em></span> <span class='ocrx_word' id='word_1_5' title='bbox 603 589 749 657; x_wconf 77' lang='grc' dir='ltr'><em>θεὸς</em></span> <span class='ocrx_word' id='word_1_6' title='bbox 765 587 883 642; x_wconf 84' lang='grc' dir='ltr'><em>τῶν</em></span> <span class='ocrx_word' id='word_1_7' title='bbox 901 586 1224 657; x_wconf 73' lang='grc' dir='ltr'><em>προφητῶν</em></span> <span class='ocrx_word' id='word_1_8' title='bbox 1243 591 1277 640; x_wconf 86' lang='grc' dir='ltr'><strong><em>ό</em></strong></span> <span class='ocrx_word' id='word_1_9' title='bbox 1307 586 1556 655; x_wconf 84' lang='grc' dir='ltr'><em>Χριστὸς</em></span> <span class='ocrx_word' id='word_1_10' title='bbox 1580 587 1677 640; x_wconf 79' lang='grc' dir='ltr'><em>καὶ</em></span> <span class='ocrx_word' id='word_1_11' title='bbox 1713 586 2023 650; x_wconf 81' lang='grc' dir='ltr'><strong><em>Δεσπότης</em></strong></span> 
     </span>
    </p>
   </div>
   <div class='ocr_carea' id='block_1_4' title="bbox 1013 657 1456 714">
    <p class='ocr_par' dir='ltr' id='par_1_4' title="bbox 1013 657 1456 714">
     <span class='ocr_line' id='line_1_4' title="bbox 1013 657 1456 714; baseline -0.005 -2"><span class='ocrx_word' id='word_1_12' title='bbox 1013 657 1134 714; x_wconf 81' lang='grc' dir='ltr'><em>τῶν</em></span> <span class='ocrx_word' id='word_1_13' title='bbox 1153 658 1456 714; x_wconf 78' lang='grc' dir='ltr'><em>ἁπάντων.</em></span> 
     </span>
    </p>
   </div>
   <div class='ocr_carea' id='block_1_5' title="bbox 525 767 2024 842">
    <p class='ocr_par' dir='ltr' id='par_1_5' title="bbox 525 767 2024 842">
     <span class='ocr_line' id='line_1_5' title="bbox 525 767 2024 842; baseline -0.006 -14"><span class='ocrx_word' id='word_1_14' title='bbox 525 773 672 828; x_wconf 80' lang='grc' dir='ltr'><em>Ἰδοὺ</em></span> <span class='ocrx_word' id='word_1_15' title='bbox 717 775 967 842; x_wconf 75' lang='grc' dir='ltr'><em>ἔρχομαι</em></span> <span class='ocrx_word' id='word_1_16' title='bbox 995 772 1170 840; x_wconf 85' lang='grc' dir='ltr'><em>ταχύ.</em></span> <span class='ocrx_word' id='word_1_17' title='bbox 1213 769 1520 838; x_wconf 77' lang='grc' dir='ltr'><strong><em>Μακάριος</em></strong></span> <span class='ocrx_word' id='word_1_18' title='bbox 1566 772 1599 823; x_wconf 88' lang='grc' dir='ltr'><strong><em>ό</em></strong></span> <span class='ocrx_word' id='word_1_19' title='bbox 1657 767 1852 836; x_wconf 85' lang='grc' dir='ltr'><em>τηρῶν</em></span> <span class='ocrx_word' id='word_1_20' title='bbox 1881 767 2024 833; x_wconf 82' lang='grc' dir='ltr'><em>τοὺς</em></span> 
     </span>
    </p>
   </div>
   <div class='ocr_carea' id='block_1_6' title="bbox 442 857 2026 934">
    <p class='ocr_par' dir='ltr' id='par_1_6' title="bbox 442 857 2026 934">
     <span class='ocr_line' id='line_1_6' title="bbox 442 857 2026 934; baseline -0.006 -15"><span class='ocrx_word' id='word_1_21' title='bbox 442 868 670 934; x_wconf 76' lang='grc' dir='ltr'><em>λόγους</em></span> <span class='ocrx_word' id='word_1_22' title='bbox 703 864 817 934; x_wconf 74' lang='grc' dir='ltr'><em>τῆς</em></span> <span class='ocrx_word' id='word_1_23' title='bbox 846 863 1216 934; x_wconf 70' lang='grc' dir='ltr'><em>προφητείας</em></span> <span class='ocrx_word' id='word_1_24' title='bbox 1237 861 1344 916; x_wconf 85' lang='grc' dir='ltr'><em>τοῦ</em></span> <span class='ocrx_word' id='word_1_25' title='bbox 1371 861 1620 926; x_wconf 76' lang='grc' dir='ltr'><em>βιϐλίου</em></span> <span class='ocrx_word' id='word_1_26' title='bbox 1646 860 1882 914; x_wconf 82' lang='grc' dir='ltr'><em>τούτου.</em></span> <span class='ocrx_word' id='word_1_27' title='bbox 1913 857 2026 911; x_wconf 82' lang='lat' dir='ltr'><strong><em>Kal</em></strong></span> 
     </span>
    </p>
   </div>
   <div class='ocr_carea' id='block_1_7' title="bbox 443 947 2025 1026">
    <p class='ocr_par' dir='ltr' id='par_1_7' title="bbox 443 947 2025 1026">
     <span class='ocr_line' id='line_1_7' title="bbox 443 947 2025 1026; baseline -0.006 -14"><span class='ocrx_word' id='word_1_28' title='bbox 443 957 558 1026; x_wconf 70' lang='grc' dir='ltr'><em>ἐγὼ</em></span> <span class='ocrx_word' id='word_1_29' title='bbox 595 957 876 1024; x_wconf 78' lang='grc' dir='ltr'><em>Ἰωάννης</em></span> <span class='ocrx_word' id='word_1_30' title='bbox 904 959 938 1010; x_wconf 91' lang='grc' dir='ltr'><strong><em>ό</em></strong></span> <span class='ocrx_word' id='word_1_31' title='bbox 962 955 1220 1020; x_wconf 77' lang='grc' dir='ltr'><em>,Βλέπων</em></span> <span class='ocrx_word' id='word_1_32' title='bbox 1256 953 1357 1007; x_wconf 72' lang='grc' dir='ltr'><em>καὶ</em></span> <span class='ocrx_word' id='word_1_33' title='bbox 1388 952 1626 1007; x_wconf 80' lang='grc' dir='ltr'><em>ἁκούων</em></span> <span class='ocrx_word' id='word_1_34' title='bbox 1666 950 1874 1005; x_wconf 87' lang='grc' dir='ltr'><em>ταῦτα.</em></span> <span class='ocrx_word' id='word_1_35' title='bbox 1915 947 2025 1004; x_wconf 81' lang='lat' dir='ltr'><strong><em>Kal</em></strong></span> 
     </span>
    </p>
   </div>
   <div class='ocr_carea' id='block_1_8' title="bbox 444 1040 2025 1117">
    <p class='ocr_par' dir='ltr' id='par_1_8' title="bbox 444 1040 2025 1117">
     <span class='ocr_line' id='line_1_8' title="bbox 444 1040 2025 1117; baseline -0.006 -13"><span class='ocrx_word' id='word_1_36' title='bbox 444 1050 544 1104; x_wconf 86' lang='grc' dir='ltr'><em>ὅτε</em></span> <span class='ocrx_word' id='word_1_37' title='bbox 577 1047 821 1117; x_wconf 71' lang='grc' dir='ltr'><em>ἤκουσα</em></span> <span class='ocrx_word' id='word_1_38' title='bbox 868 1047 968 1101; x_wconf 74' lang='grc' dir='ltr'><em>καὶ</em></span> <span class='ocrx_word' id='word_1_39' title='bbox 1021 1047 1273 1115; x_wconf 70' lang='grc' dir='ltr'><em>ἔϐλεψα,</em></span> <span class='ocrx_word' id='word_1_40' title='bbox 1314 1045 1542 1098; x_wconf 74' lang='grc' dir='ltr'><em>ἔπεσον</em></span> <span class='ocrx_word' id='word_1_41' title='bbox 1590 1040 2025 1110; x_wconf 80' lang='grc' dir='ltr'><em>προσκυνῆσαι</em></span> 
     </span>
    </p>
   </div>
   <div class='ocr_carea' id='block_1_9' title="bbox 444 1132 2023 1208">
    <p class='ocr_par' dir='ltr' id='par_1_9' title="bbox 444 1132 2023 1208">
     <span class='ocr_line' id='line_1_9' title="bbox 444 1132 2023 1208; baseline -0.006 -13"><span class='ocrx_word' id='word_1_42' title='bbox 444 1142 788 1208; x_wconf 79' lang='grc' dir='ltr'><em>ἔμπροσθεν</em></span> <span class='ocrx_word' id='word_1_43' title='bbox 808 1137 930 1193; x_wconf 84' lang='grc' dir='ltr'><em>τῶν</em></span> <span class='ocrx_word' id='word_1_44' title='bbox 954 1136 1157 1191; x_wconf 75' lang='grc' dir='ltr'><em>ποδῶν</em></span> <span class='ocrx_word' id='word_1_45' title='bbox 1187 1137 1294 1191; x_wconf 84' lang='grc' dir='ltr'><em>τοῦ</em></span> <span class='ocrx_word' id='word_1_46' title='bbox 1321 1135 1580 1205; x_wconf 74' lang='grc' dir='ltr'><em>ἀγγέλου</em></span> <span class='ocrx_word' id='word_1_47' title='bbox 1616 1134 1722 1188; x_wconf 88' lang='grc' dir='ltr'><strong><em>τοῦ</em></strong></span> <span class='ocrx_word' id='word_1_48' title='bbox 1749 1132 2023 1187; x_wconf 82' lang='grc' dir='ltr'><em>δεικνύν-</em></span> 
     </span>
    </p>
   </div>
   <div class='ocr_carea' id='block_1_10' title="bbox 447 1225 2023 1302">
    <p class='ocr_par' dir='ltr' id='par_1_10' title="bbox 447 1225 2023 1302">
     <span class='ocr_line' id='line_1_10' title="bbox 447 1225 2023 1302; baseline -0.006 -16"><span class='ocrx_word' id='word_1_49' title='bbox 447 1251 548 1298; x_wconf 91' lang='grc' dir='ltr'><strong><em>τος</em></strong></span> <span class='ocrx_word' id='word_1_50' title='bbox 581 1250 684 1302; x_wconf 77' lang='grc' dir='ltr'><strong><em>μοι</em></strong></span> <span class='ocrx_word' id='word_1_51' title='bbox 717 1231 926 1286; x_wconf 85' lang='grc' dir='ltr'><em>ταῦτα.</em></span> <span class='ocrx_word' id='word_1_52' title='bbox 953 1231 1060 1284; x_wconf 82' lang='grc' dir='ltr'><em>Καὶ</em></span> <span class='ocrx_word' id='word_1_53' title='bbox 1084 1229 1244 1299; x_wconf 71' lang='grc' dir='ltr'><em>λέγει</em></span> <span class='ocrx_word' id='word_1_54' title='bbox 1269 1245 1403 1298; x_wconf 83' lang='grc' dir='ltr'><em>μοι·</em></span> <span class='ocrx_word' id='word_1_55' title='bbox 1447 1229 1588 1294; x_wconf 88' lang='grc' dir='ltr'><em>Ὅρα</em></span> <span class='ocrx_word' id='word_1_56' title='bbox 1615 1226 1700 1295; x_wconf 80' lang='grc' dir='ltr'><strong><em>μή</em></strong></span> <span class='ocrx_word' id='word_1_57' title='bbox 1720 1243 1734 1257; x_wconf 78' lang='grc' dir='ltr'><strong><em>ο</em></strong></span> <span class='ocrx_word' id='word_1_58' title='bbox 1759 1225 2023 1280; x_wconf 80' lang='grc' dir='ltr'><em>σύνδουο</em></span> 
     </span>
    </p>
   </div>
   <div class='ocr_carea' id='block_1_11' title="bbox 445 1313 2024 1389">
    <p class='ocr_par' dir='ltr' id='par_1_11' title="bbox 445 1313 2024 1389">
     <span class='ocr_line' id='line_1_11' title="bbox 445 1313 2024 1389; baseline -0.005 -15"><span class='ocrx_word' id='word_1_59' title='bbox 445 1322 559 1386; x_wconf 86' lang='grc' dir='ltr'><strong><em>λός</em></strong></span> <span class='ocrx_word' id='word_1_60' title='bbox 612 1321 728 1375; x_wconf 84' lang='grc' dir='ltr'><em>σού</em></span> <span class='ocrx_word' id='word_1_61' title='bbox 761 1321 879 1389; x_wconf 77' lang='grc' dir='ltr'><em>ειμι</em></span> <span class='ocrx_word' id='word_1_62' title='bbox 931 1317 1067 1387; x_wconf 73' lang='grc' dir='ltr'><em>ἐγὼ,</em></span> <span class='ocrx_word' id='word_1_63' title='bbox 1105 1319 1202 1372; x_wconf 71' lang='grc' dir='ltr'><em>καὶ</em></span> <span class='ocrx_word' id='word_1_64' title='bbox 1259 1317 1376 1371; x_wconf 85' lang='grc' dir='ltr'><em>τῶν</em></span> <span class='ocrx_word' id='word_1_65' title='bbox 1431 1315 1714 1384; x_wconf 68' lang='grc' dir='ltr'><em>ἀδελφῶν</em></span> <span class='ocrx_word' id='word_1_66' title='bbox 1746 1329 1866 1368; x_wconf 90' lang='grc' dir='ltr'><strong><em>σου</em></strong></span> <span class='ocrx_word' id='word_1_67' title='bbox 1903 1313 2024 1367; x_wconf 87' lang='grc' dir='ltr'><em>τῶν</em></span> 
     </span>
    </p>
   </div>
   <div class='ocr_carea' id='block_1_12' title="bbox 449 1406 2024 1479">
    <p class='ocr_par' dir='ltr' id='par_1_12' title="bbox 449 1406 2024 1479">
     <span class='ocr_line' id='line_1_12' title="bbox 449 1406 2024 1479; baseline -0.002 -16"><span class='ocrx_word' id='word_1_68' title='bbox 449 1411 795 1479; x_wconf 72' lang='grc' dir='ltr'><strong><em>προφητῶν,</em></strong></span> <span class='ocrx_word' id='word_1_69' title='bbox 832 1411 953 1464; x_wconf 82' lang='grc' dir='ltr'><em>τῶν</em></span> <span class='ocrx_word' id='word_1_70' title='bbox 979 1411 1326 1478; x_wconf 78' lang='grc' dir='ltr'><strong><em>τηρούντων</em></strong></span> <span class='ocrx_word' id='word_1_71' title='bbox 1359 1408 1501 1474; x_wconf 87' lang='grc' dir='ltr'><em>τοὺς</em></span> <span class='ocrx_word' id='word_1_72' title='bbox 1538 1408 1761 1477; x_wconf 74' lang='grc' dir='ltr'><em>λόγους</em></span> <span class='ocrx_word' id='word_1_73' title='bbox 1791 1407 1897 1461; x_wconf 88' lang='grc' dir='ltr'><em>τοῦ</em></span> <span class='ocrx_word' id='word_1_74' title='bbox 1924 1406 2024 1471; x_wconf 79' lang='grc' dir='ltr'><strong><em>βι-</em></strong></span> 
     </span>
    </p>
   </div>
   <div class='ocr_carea' id='block_1_13' title="bbox 448 1499 1643 1568">
    <p class='ocr_par' dir='ltr' id='par_1_13' title="bbox 448 1499 1643 1568">
     <span class='ocr_line' id='line_1_13' title="bbox 448 1499 1643 1568; baseline -0.004 -12"><span class='ocrx_word' id='word_1_75' title='bbox 448 1503 622 1556; x_wconf 75' lang='grc' dir='ltr'><em>ϐλίου</em></span> <span class='ocrx_word' id='word_1_76' title='bbox 657 1503 888 1556; x_wconf 85' lang='grc' dir='ltr'><em>τούτου.</em></span> <span class='ocrx_word' id='word_1_77' title='bbox 925 1500 1012 1566; x_wconf 84' lang='grc' dir='ltr'><strong><em>Τῷ</em></strong></span> <span class='ocrx_word' id='word_1_78' title='bbox 1031 1499 1155 1566; x_wconf 80' lang='grc' dir='ltr'><strong><em>Θεῷ</em></strong></span> <span class='ocrx_word' id='word_1_79' title='bbox 1182 1499 1643 1568; x_wconf 77' lang='grc' dir='ltr'><strong><em>προσκύνησον.</em></strong></span> 
     </span>
    </p>
   </div>
   <div class='ocr_carea' id='block_1_14' title="bbox 521 1591 2022 1663">
    <p class='ocr_par' dir='ltr' id='par_1_14' title="bbox 521 1591 2022 1663">
     <span class='ocr_line' id='line_1_14' title="bbox 521 1591 2022 1663; baseline -0.004 -16"><span class='ocrx_word' id='word_1_80' title='bbox 521 1594 656 1656; x_wconf 81' lang='grc' dir='ltr'><strong>Τοὺς</strong></span> <span class='ocrx_word' id='word_1_81' title='bbox 683 1592 983 1663; x_wconf 71' lang='grc' dir='ltr'><em>τηροῦντας</em></span> <span class='ocrx_word' id='word_1_82' title='bbox 1007 1593 1158 1661; x_wconf 72' lang='grc' dir='ltr'><em>λέγει</em></span> <span class='ocrx_word' id='word_1_83' title='bbox 1175 1593 1299 1654; x_wconf 82' lang='grc' dir='ltr'><em>τοὺς</em></span> <span class='ocrx_word' id='word_1_84' title='bbox 1325 1591 1726 1655; x_wconf 78' lang='grc' dir='ltr'><strong><em>σπουδάζοντας</em></strong></span> <span class='ocrx_word' id='word_1_85' title='bbox 1757 1591 1832 1660; x_wconf 81' lang='grc' dir='ltr'><strong>μὴ</strong></span> <span class='ocrx_word' id='word_1_86' title='bbox 1862 1606 2022 1659; x_wconf 88' lang='grc' dir='ltr'><em>περι-</em></span> 
     </span>
    </p>
   </div>
   <div class='ocr_carea' id='block_1_15' title="bbox 447 1679 2021 1755">
    <p class='ocr_par' dir='ltr' id='par_1_15' title="bbox 447 1679 2021 1755">
     <span class='ocr_line' id='line_1_15' title="bbox 447 1679 2021 1755; baseline -0.003 -18"><span class='ocrx_word' id='word_1_87' title='bbox 447 1687 641 1738; x_wconf 85' lang='grc' dir='ltr'><em>πεσεῖν</em></span> <span class='ocrx_word' id='word_1_88' title='bbox 657 1686 779 1748; x_wconf 84' lang='grc' dir='ltr'><em>ταῖς</em></span> <span class='ocrx_word' id='word_1_89' title='bbox 803 1684 1123 1755; x_wconf 78' lang='grc' dir='ltr'><strong><em>εἰρημέναις</em></strong></span> <span class='ocrx_word' id='word_1_90' title='bbox 1145 1683 1434 1738; x_wconf 81' lang='grc' dir='ltr'><strong><em>κολάσεσιν</em></strong></span> <span class='ocrx_word' id='word_1_91' title='bbox 1451 1684 1508 1736; x_wconf 88' lang='grc' dir='ltr'><strong><em>ἐν</em></strong></span> <span class='ocrx_word' id='word_1_92' title='bbox 1521 1681 1598 1750; x_wconf 80' lang='grc' dir='ltr'><em>τῷ</em></span> <span class='ocrx_word' id='word_1_93' title='bbox 1620 1681 1810 1752; x_wconf 76' lang='grc' dir='ltr'><em>βιϐλίῳ</em></span> <span class='ocrx_word' id='word_1_94' title='bbox 1826 1679 2021 1750; x_wconf 77' lang='grc' dir='ltr'><em>τούτῳ,</em></span> 
     </span>
    </p>
   </div>
   <div class='ocr_carea' id='block_1_16' title="bbox 445 1773 1690 1849">
    <p class='ocr_par' dir='ltr' id='par_1_16' title="bbox 445 1773 1690 1849">
     <span class='ocr_line' id='line_1_16' title="bbox 445 1773 1690 1849; baseline -0.005 -17"><span class='ocrx_word' id='word_1_95' title='bbox 445 1778 584 1832; x_wconf 73' lang='grc' dir='ltr'><em>ἀλλὰ</em></span> <span class='ocrx_word' id='word_1_96' title='bbox 609 1779 698 1832; x_wconf 80' lang='grc' dir='ltr'><em>διὰ</em></span> <span class='ocrx_word' id='word_1_97' title='bbox 723 1777 839 1848; x_wconf 84' lang='grc' dir='ltr'><em>βίου</em></span> <span class='ocrx_word' id='word_1_98' title='bbox 876 1777 1187 1849; x_wconf 80' lang='grc' dir='ltr'><em>θεαρέστως</em></span> <span class='ocrx_word' id='word_1_99' title='bbox 1218 1775 1468 1848; x_wconf 72' lang='grc' dir='ltr'><strong><em>ἀμοιρεῖν</em></strong></span> <span class='ocrx_word' id='word_1_100' title='bbox 1489 1773 1690 1829; x_wconf 79' lang='grc' dir='ltr'><em>αὐτῶν.</em></span> 
     </span>
    </p>
   </div>
   <div class='ocr_carea' id='block_1_17' title="bbox 518 1865 2022 1940">
    <p class='ocr_par' dir='ltr' id='par_1_17' title="bbox 518 1865 2022 1940">
     <span class='ocr_line' id='line_1_17' title="bbox 518 1865 2022 1940; baseline -0.003 -16"><span class='ocrx_word' id='word_1_101' title='bbox 518 1870 629 1924; x_wconf 84' lang='lat' dir='ltr'><strong><em>Kal</em></strong></span> <span class='ocrx_word' id='word_1_102' title='bbox 653 1871 768 1940; x_wconf 78' lang='grc' dir='ltr'><em>ἐγὼ</em></span> <span class='ocrx_word' id='word_1_103' title='bbox 801 1869 1084 1936; x_wconf 82' lang='grc' dir='ltr'><em>Ἰωάννης</em></span> <span class='ocrx_word' id='word_1_104' title='bbox 1104 1872 1137 1922; x_wconf 87' lang='grc' dir='ltr'><strong><em>ό</em></strong></span> <span class='ocrx_word' id='word_1_105' title='bbox 1160 1867 1414 1933; x_wconf 75' lang='grc' dir='ltr'><em>,ϐλέπων</em></span> <span class='ocrx_word' id='word_1_106' title='bbox 1433 1867 1530 1920; x_wconf 74' lang='grc' dir='ltr'><em>καὶ</em></span> <span class='ocrx_word' id='word_1_107' title='bbox 1553 1866 1794 1921; x_wconf 83' lang='grc' dir='ltr'><em>ἁκούων</em></span> <span class='ocrx_word' id='word_1_108' title='bbox 1813 1865 2022 1920; x_wconf 80' lang='grc' dir='ltr'><em>ταῦτα.</em></span> 
     </span>
    </p>
   </div>
   <div class='ocr_carea' id='block_1_18' title="bbox 443 1958 2025 2030">
    <p class='ocr_par' dir='ltr' id='par_1_18' title="bbox 443 1958 2025 2030">
     <span class='ocr_line' id='line_1_18' title="bbox 443 1958 2025 2030; baseline -0.005 -14"><span class='ocrx_word' id='word_1_109' title='bbox 443 1963 560 2016; x_wconf 76' lang='grc' dir='ltr'><strong><em>Καὶ</em></strong></span> <span class='ocrx_word' id='word_1_110' title='bbox 588 1961 746 2015; x_wconf 78' lang='grc' dir='ltr'><em>τοῦτο</em></span> <span class='ocrx_word' id='word_1_111' title='bbox 775 1962 878 2030; x_wconf 83' lang='grc' dir='ltr'><em>τῆς</em></span> <span class='ocrx_word' id='word_1_112' title='bbox 917 1960 1284 2029; x_wconf 71' lang='grc' dir='ltr'><em>ἀποστολικῆς</em></span> <span class='ocrx_word' id='word_1_113' title='bbox 1335 1958 1514 2029; x_wconf 75' lang='grc' dir='ltr'><strong><em>ψυχῆς</em></strong></span> <span class='ocrx_word' id='word_1_114' title='bbox 1571 1958 1792 2028; x_wconf 80' lang='grc' dir='ltr'><em>ίδίωμα.</em></span> <span class='ocrx_word' id='word_1_115' title='bbox 1845 1958 2025 2028; x_wconf 88' lang='grc' dir='ltr'><strong><em>Ὅπερ</em></strong></span> 
     </span>
    </p>
   </div>
   <div class='ocr_carea' id='block_1_19' title="bbox 442 2047 2028 2126">
    <p class='ocr_par' dir='ltr' id='par_1_19' title="bbox 442 2047 2028 2126">
     <span class='ocr_line' id='line_1_19' title="bbox 442 2047 2028 2126; baseline -0.006 -17"><span class='ocrx_word' id='word_1_116' title='bbox 442 2055 556 2126; x_wconf 84' lang='grc' dir='ltr'><strong><em>γὰρ</em></strong></span> <span class='ocrx_word' id='word_1_117' title='bbox 587 2056 683 2108; x_wconf 71' lang='grc' dir='ltr'><em>καὶ</em></span> <span class='ocrx_word' id='word_1_118' title='bbox 721 2057 780 2108; x_wconf 82' lang='grc' dir='ltr'><strong><em>ἐν</em></strong></span> <span class='ocrx_word' id='word_1_119' title='bbox 816 2053 897 2125; x_wconf 82' lang='grc' dir='ltr'><em>τῷ</em></span> <span class='ocrx_word' id='word_1_120' title='bbox 918 2051 1238 2122; x_wconf 81' lang='grc' dir='ltr'><em>Εὐαγγελίῳ</em></span> <span class='ocrx_word' id='word_1_121' title='bbox 1273 2051 1581 2122; x_wconf 83' lang='grc' dir='ltr'><em>πεποίηκεν</em></span> <span class='ocrx_word' id='word_1_122' title='bbox 1617 2049 1790 2104; x_wconf 74' lang='grc' dir='ltr'><strong><em>εἰπών</em></strong></span> <span class='ocrx_word' id='word_1_123' title='bbox 1811 2065 1826 2082; x_wconf 79' lang='grc' dir='ltr'><strong>ο</strong></span> <span class='ocrx_word' id='word_1_124' title='bbox 1866 2069 1884 2100; x_wconf 83' lang='grc' dir='ltr'><strong><em>ι</em></strong></span> <span class='ocrx_word' id='word_1_125' title='bbox 1914 2047 2028 2103; x_wconf 77' lang='grc' dir='ltr'><strong><em>Καὶ</em></strong></span> 
     </span>
    </p>
   </div>
   <div class='ocr_carea' id='block_1_20' title="bbox 441 2143 2027 2218">
    <p class='ocr_par' dir='ltr' id='par_1_20' title="bbox 441 2143 2027 2218">
     <span class='ocr_line' id='line_1_20' title="bbox 441 2143 2027 2218; baseline -0.004 -18"><span class='ocrx_word' id='word_1_126' title='bbox 441 2149 473 2200; x_wconf 84' lang='grc' dir='ltr'><strong>ὁ</strong></span> <span class='ocrx_word' id='word_1_127' title='bbox 501 2147 765 2218; x_wconf 77' lang='grc' dir='ltr'><em>ἑωρακὼς</em></span> <span class='ocrx_word' id='word_1_128' title='bbox 796 2145 1200 2218; x_wconf 80' lang='grc' dir='ltr'><strong><em>μεμαρτύρηκε</em></strong></span> <span class='ocrx_word' id='word_1_129' title='bbox 1228 2145 1323 2197; x_wconf 71' lang='grc' dir='ltr'><em>καὶ</em></span> <span class='ocrx_word' id='word_1_130' title='bbox 1349 2143 1556 2216; x_wconf 80' lang='grc' dir='ltr'><strong><em>ἀληθής</em></strong></span> <span class='ocrx_word' id='word_1_131' title='bbox 1587 2143 1792 2214; x_wconf 82' lang='grc' dir='ltr'><em>ἐστινὴ</em></span> <span class='ocrx_word' id='word_1_132' title='bbox 1824 2156 2027 2210; x_wconf 82' lang='grc' dir='ltr'><em>μαρτυ-</em></span> 
     </span>
    </p>
   </div>
   <div class='ocr_carea' id='block_1_21' title="bbox 453 2225 2028 2306">
    <p class='ocr_par' dir='ltr' id='par_1_21' title="bbox 453 2225 2028 2306">
     <span class='ocr_line' id='line_1_21' title="bbox 453 2225 2028 2306; baseline -0.005 -16"><span class='ocrx_word' id='word_1_133' title='bbox 453 2238 554 2306; x_wconf 81' lang='grc' dir='ltr'><strong><em>ρία</em></strong></span> <span class='ocrx_word' id='word_1_134' title='bbox 581 2233 772 2301; x_wconf 79' lang='grc' dir='ltr'><em>αὑτοῦ,</em></span> <span class='ocrx_word' id='word_1_135' title='bbox 817 2255 837 2288; x_wconf 74' lang='lat' dir='ltr'><strong><em>s</em></strong></span> <span class='ocrx_word' id='word_1_136' title='bbox 881 2235 1042 2289; x_wconf 73' lang='grc' dir='ltr'><em>τοῦτο</em></span> <span class='ocrx_word' id='word_1_137' title='bbox 1071 2233 1355 2290; x_wconf 80' lang='grc' dir='ltr'><em>κάνταῦθα</em></span> <span class='ocrx_word' id='word_1_138' title='bbox 1398 2234 1546 2287; x_wconf 81' lang='grc' dir='ltr'><em>ποιεῖ</em></span> <span class='ocrx_word' id='word_1_139' title='bbox 1589 2232 1857 2301; x_wconf 78' lang='grc' dir='ltr'><strong><em>αὐτήκοος</em></strong></span> <span class='ocrx_word' id='word_1_140' title='bbox 1885 2225 2028 2283; x_wconf 80' lang='grc' dir='ltr'><em>εἶναι</em></span> 
     </span>
    </p>
   </div>
   <div class='ocr_carea' id='block_1_22' title="bbox 447 2320 2030 2409">
    <p class='ocr_par' dir='ltr' id='par_1_22' title="bbox 447 2320 2030 2409">
     <span class='ocr_line' id='line_1_22' title="bbox 447 2320 2030 2409; baseline -0.005 -27"><span class='ocrx_word' id='word_1_141' title='bbox 447 2331 548 2383; x_wconf 75' lang='grc' dir='ltr'><em>καὶ</em></span> <span class='ocrx_word' id='word_1_142' title='bbox 575 2329 863 2409; x_wconf 69' lang='grc' dir='ltr'><em>αὐτόπτης</em></span> <span class='ocrx_word' id='word_1_143' title='bbox 887 2327 997 2381; x_wconf 82' lang='grc' dir='ltr'><em>τῶν</em></span> <span class='ocrx_word' id='word_1_144' title='bbox 1020 2324 1508 2399; x_wconf 79' lang='grc' dir='ltr'><em>προφητευθέντων</em></span> <span class='ocrx_word' id='word_1_145' title='bbox 1541 2323 1907 2394; x_wconf 79' lang='grc' dir='ltr'><strong><em>ὁμολογήσας.</em></strong></span> <span class='ocrx_word' id='word_1_146' title='bbox 1929 2320 2030 2374; x_wconf 76' lang='grc' dir='ltr'><strong><em>Διὰ</em></strong></span> 
     </span>
    </p>
   </div>
   <div class='ocr_carea' id='block_1_23' title="bbox 444 2414 2025 2495">
    <p class='ocr_par' dir='ltr' id='par_1_23' title="bbox 444 2414 2025 2495">
     <span class='ocr_line' id='line_1_23' title="bbox 444 2414 2025 2495; baseline -0.007 -18"><span class='ocrx_word' id='word_1_147' title='bbox 444 2423 561 2495; x_wconf 82' lang='grc' dir='ltr'><strong><em>γὰρ</em></strong></span> <span class='ocrx_word' id='word_1_148' title='bbox 579 2421 772 2476; x_wconf 82' lang='grc' dir='ltr'><em>τοῠτον</em></span> <span class='ocrx_word' id='word_1_149' title='bbox 790 2421 860 2475; x_wconf 81' lang='grc' dir='ltr'><em>τὰ</em></span> <span class='ocrx_word' id='word_1_150' title='bbox 885 2418 1179 2491; x_wconf 79' lang='grc' dir='ltr'><strong><em>ἑωραμένα</em></strong></span> <span class='ocrx_word' id='word_1_151' title='bbox 1200 2416 1570 2472; x_wconf 74' lang='grc' dir='ltr'><strong><em>ἐπιστώσατο.</em></strong></span> <span class='ocrx_word' id='word_1_152' title='bbox 1594 2415 1804 2480; x_wconf 80' lang='grc' dir='ltr'><em>Ἐδειξε</em></span> <span class='ocrx_word' id='word_1_153' title='bbox 1825 2414 1884 2468; x_wconf 83' lang='grc' dir='ltr'><em>δὲ</em></span> <span class='ocrx_word' id='word_1_154' title='bbox 1909 2414 2025 2478; x_wconf 71' lang='grc' dir='ltr'><em>καὶ,</em></span> 
     </span>
    </p>
   </div>
   <div class='ocr_carea' id='block_1_24' title="bbox 442 2505 2028 2585">
    <p class='ocr_par' dir='ltr' id='par_1_24' title="bbox 442 2505 2028 2585">
     <span class='ocr_line' id='line_1_24' title="bbox 442 2505 2028 2585; baseline -0.006 -17"><span class='ocrx_word' id='word_1_155' title='bbox 442 2515 527 2579; x_wconf 81' lang='grc' dir='ltr'><em>ὼς</em></span> <span class='ocrx_word' id='word_1_156' title='bbox 544 2513 904 2585; x_wconf 63' lang='grc' dir='ltr'><em>προείρηται,</em></span> <span class='ocrx_word' id='word_1_157' title='bbox 931 2513 992 2565; x_wconf 82' lang='grc' dir='ltr'><em>τὸ</em></span> <span class='ocrx_word' id='word_1_158' title='bbox 1016 2511 1112 2565; x_wconf 79' lang='grc' dir='ltr'><em>τοῦ</em></span> <span class='ocrx_word' id='word_1_159' title='bbox 1139 2508 1527 2573; x_wconf 85' lang='grc' dir='ltr'><em>διατυποῦντος</em></span> <span class='ocrx_word' id='word_1_160' title='bbox 1549 2507 1806 2577; x_wconf 77' lang='grc' dir='ltr'><strong><em>ἀγγέλου,</em></strong></span> <span class='ocrx_word' id='word_1_161' title='bbox 1838 2506 1933 2560; x_wconf 73' lang='grc' dir='ltr'><em>καὶ</em></span> <span class='ocrx_word' id='word_1_162' title='bbox 1965 2505 2028 2559; x_wconf 80' lang='grc' dir='ltr'><em>τὸ</em></span> 
     </span>
    </p>
   </div>
   <div class='ocr_carea' id='block_1_25' title="bbox 441 2606 928 2670">
    <p class='ocr_par' dir='ltr' id='par_1_25' title="bbox 441 2606 928 2670">
     <span class='ocr_line' id='line_1_25' title="bbox 441 2606 928 2670; baseline -0.004 -8"><span class='ocrx_word' id='word_1_163' title='bbox 441 2607 647 2662; x_wconf 71' lang='grc' dir='ltr'><em>ἑαυτοῦ</em></span> <span class='ocrx_word' id='word_1_164' title='bbox 676 2606 928 2670; x_wconf 75' lang='grc' dir='ltr'><em>εὐλαδές.</em></span> 
     </span>
    </p>
   </div>
   <div class='ocr_carea' id='block_1_26' title="bbox 1025 2802 1432 2858">
    <p class='ocr_par' dir='ltr' id='par_1_26' title="bbox 1025 2802 1432 2858">
     <span class='ocr_line' id='line_1_26' title="bbox 1025 2802 1432 2858; baseline 0 -1"><span class='ocrx_word' id='word_1_165' title='bbox 1025 2802 1277 2858; x_wconf 69' lang='grc' dir='ltr'><strong><em>ΚΕΦΔΛ.</em></strong></span> <span class='ocrx_word' id='word_1_166' title='bbox 1311 2803 1432 2857; x_wconf 77' lang='lat' dir='ltr'><strong><em>OA&#39;.</em></strong></span> 
     </span>
    </p>
   </div>
   <div class='ocr_carea' id='block_1_27' title="bbox 443 2902 2031 2987">
    <p class='ocr_par' dir='ltr' id='par_1_27' title="bbox 443 2902 2031 2987">
     <span class='ocr_line' id='line_1_27' title="bbox 443 2902 2031 2987; baseline -0.011 -13"><span class='ocrx_word' id='word_1_167' title='bbox 443 2922 651 2987; x_wconf 76' lang='grc' dir='ltr'><em>Ὅπως</em></span> <span class='ocrx_word' id='word_1_168' title='bbox 693 2918 1027 2983; x_wconf 75' lang='grc' dir='ltr'><strong><em>ἐκελεύσθη</em></strong></span> <span class='ocrx_word' id='word_1_169' title='bbox 1073 2915 1160 2987; x_wconf 76' lang='grc' dir='ltr'><strong><em>μὴ</em></strong></span> <span class='ocrx_word' id='word_1_170' title='bbox 1199 2911 1554 2987; x_wconf 49' lang='grc' dir='ltr'><em>σξραγίσαι,</em></span> <span class='ocrx_word' id='word_1_171' title='bbox 1581 2907 1742 2964; x_wconf 82' lang='grc' dir='ltr'><em>ἀλλὰ</em></span> <span class='ocrx_word' id='word_1_172' title='bbox 1773 2902 2031 2974; x_wconf 79' lang='grc' dir='ltr'><em>κηρύξαι</em></span> 
     </span>
    </p>
   </div>
   <div class='ocr_carea' id='block_1_28' title="bbox 939 2983 1500 3054">
    <p class='ocr_par' dir='ltr' id='par_1_28' title="bbox 939 2983 1500 3054">
     <span class='ocr_line' id='line_1_28' title="bbox 939 2983 1500 3054; baseline -0.005 -15"><span class='ocrx_word' id='word_1_173' title='bbox 939 2987 1055 3054; x_wconf 69' lang='grc' dir='ltr'><em>τὴν</em></span> <span class='ocrx_word' id='word_1_174' title='bbox 1077 2983 1364 3039; x_wconf 65' lang='lat' dir='ltr'><strong><em>arronei/iv</em></strong></span> <span class='ocrx_word' id='word_1_175' title='bbox 1375 2986 1500 3050; x_wconf 68' lang='grc' dir='ltr'><em>ψιν.</em></span> 
     </span>
    </p>
   </div>
   <div class='ocr_carea' id='block_1_29' title="bbox 1505 356 2586 418">
    <p class='ocr_par' dir='ltr' id='par_1_29' title="bbox 1505 356 2586 418">
     <span class='ocr_line' id='line_1_29' title="bbox 1505 356 2586 418; baseline -0.001 -1"><span class='ocrx_word' id='word_1_176' title='bbox 1505 356 1894 418; x_wconf 83' lang='lat' dir='ltr'><strong><em>COMMENT.</em></strong></span> <span class='ocrx_word' id='word_1_177' title='bbox 1941 357 2022 416; x_wconf 88' lang='lat' dir='ltr'><strong>IN</strong></span> <span class='ocrx_word' id='word_1_178' title='bbox 2061 356 2586 418; x_wconf 80' lang='lat' dir='ltr'><strong><em>APOCALYPSIN.</em></strong></span> 
     </span>
    </p>
   </div>
   <div class='ocr_carea' id='block_1_30' title="bbox 3593 357 3700 418">
    <p class='ocr_par' dir='ltr' id='par_1_30' title="bbox 3593 357 3700 418">
     <span class='ocr_line' id='line_1_30' title="bbox 3593 357 3700 418; baseline 0 0"><span class='ocrx_word' id='word_1_179' title='bbox 3593 357 3700 418; x_wconf 77' lang='grc'><strong><em>782</em></strong></span> 
     </span>
    </p>
   </div>
   <div class='ocr_carea' id='block_1_31' title="bbox 2691 464 3132 523">
    <p class='ocr_par' dir='ltr' id='par_1_31' title="bbox 2691 464 3132 523">
     <span class='ocr_line' id='line_1_31' title="bbox 2691 464 3132 523; baseline 0 -3"><span class='ocrx_word' id='word_1_180' title='bbox 2691 464 2919 523; x_wconf 82' lang='lat' dir='ltr'><strong><em>CAPUT</em></strong></span> <span class='ocrx_word' id='word_1_181' title='bbox 2973 465 3132 521; x_wconf 74' lang='lat' dir='ltr'><strong><em>LXX.</em></strong></span> 
     </span>
    </p>
   </div>
   <div class='ocr_carea' id='block_1_32' title="bbox 2128 580 3704 664">
    <p class='ocr_par' dir='ltr' id='par_1_32' title="bbox 2128 580 3704 664">
     <span class='ocr_line' id='line_1_32' title="bbox 2128 580 3704 664; baseline 0.002 -30"><span class='ocrx_word' id='word_1_182' title='bbox 2128 581 2282 648; x_wconf 84' lang='lat' dir='ltr'><strong><em>Quod</em></strong></span> <span class='ocrx_word' id='word_1_183' title='bbox 2316 580 2559 637; x_wconf 74' lang='lat' dir='ltr'><strong><em>Christus</em></strong></span> <span class='ocrx_word' id='word_1_184' title='bbox 2609 584 2678 637; x_wconf 88' lang='lat' dir='ltr'><strong><em>sit</em></strong></span> <span class='ocrx_word' id='word_1_185' title='bbox 2726 582 2866 636; x_wconf 87' lang='lat' dir='ltr'><strong><em>Deus</em></strong></span> <span class='ocrx_word' id='word_1_186' title='bbox 2913 583 3286 664; x_wconf 82' lang='lat' dir='ltr'><strong><em>prophetarum</em></strong></span> <span class='ocrx_word' id='word_1_187' title='bbox 3346 597 3409 634; x_wconf 89' lang='lat' dir='ltr'><strong><em>ac</em></strong></span> <span class='ocrx_word' id='word_1_188' title='bbox 3449 581 3704 637; x_wconf 84' lang='lat' dir='ltr'><strong><em>Dominus</em></strong></span> 
     </span>
    </p>
   </div>
   <div class='ocr_carea' id='block_1_33' title="bbox 2786 669 3046 708">
    <p class='ocr_par' dir='ltr' id='par_1_33' title="bbox 2786 669 3046 708">
     <span class='ocr_line' id='line_1_33' title="bbox 2786 669 3046 708; baseline 0.008 -2"><span class='ocrx_word' id='word_1_189' title='bbox 2786 669 3046 708; x_wconf 76' lang='lat' dir='ltr'><strong><em>omnium.</em></strong></span> 
     </span>
    </p>
   </div>
   <div class='ocr_carea' id='block_1_34' title="bbox 2195 765 3705 836">
    <p class='ocr_par' dir='ltr' id='par_1_34' title="bbox 2195 765 3705 836">
     <span class='ocr_line' id='line_1_34' title="bbox 2195 765 3705 836; baseline -0.002 -15"><span class='ocrx_word' id='word_1_190' title='bbox 2195 765 2363 832; x_wconf 78' lang='lat' dir='ltr'><strong><em>XXII,</em></strong></span> <span class='ocrx_word' id='word_1_191' title='bbox 2403 767 2520 822; x_wconf 82' lang='lat'><strong>7-9.</strong></span> <span class='ocrx_word' id='word_1_192' title='bbox 2585 765 2719 820; x_wconf 86' lang='lat' dir='ltr'><strong><em>Ecce</em></strong></span> <span class='ocrx_word' id='word_1_193' title='bbox 2771 768 2920 821; x_wconf 72' lang='lat' dir='ltr'><strong><em>uenio</em></strong></span> <span class='ocrx_word' id='word_1_194' title='bbox 2971 768 3099 820; x_wconf 87' lang='lat' dir='ltr'><strong><em>cito.</em></strong></span> <span class='ocrx_word' id='word_1_195' title='bbox 3144 766 3337 820; x_wconf 82' lang='lat' dir='ltr'><strong><em>Beatus</em></strong></span> <span class='ocrx_word' id='word_1_196' title='bbox 3396 767 3486 836; x_wconf 86' lang='lat' dir='ltr'><strong><em>qui</em></strong></span> <span class='ocrx_word' id='word_1_197' title='bbox 3533 770 3705 819; x_wconf 81' lang='lat' dir='ltr'><strong><em>servat</em></strong></span> 
     </span>
    </p>
   </div>
   <div class='ocr_carea' id='block_1_35' title="bbox 2123 857 3704 929">
    <p class='ocr_par' dir='ltr' id='par_1_35' title="bbox 2123 857 3704 929">
     <span class='ocr_line' id='line_1_35' title="bbox 2123 857 3704 929; baseline -0.003 -15"><span class='ocrx_word' id='word_1_198' title='bbox 2123 875 2385 914; x_wconf 82' lang='lat' dir='ltr'><strong><em>sermones</em></strong></span> <span class='ocrx_word' id='word_1_199' title='bbox 2413 859 2698 928; x_wconf 77' lang='lat' dir='ltr'><strong><em>prophetia:</em></strong></span> <span class='ocrx_word' id='word_1_200' title='bbox 2726 859 2848 912; x_wconf 88' lang='lat' dir='ltr'><strong><em>libri</em></strong></span> <span class='ocrx_word' id='word_1_201' title='bbox 2872 859 3050 927; x_wconf 86' lang='lat' dir='ltr'><strong><em>hujus.</em></strong></span> <span class='ocrx_word' id='word_1_202' title='bbox 3084 857 3153 911; x_wconf 86' lang='lat' dir='ltr'><strong><em>Et</em></strong></span> <span class='ocrx_word' id='word_1_203' title='bbox 3183 875 3276 929; x_wconf 83' lang='lat' dir='ltr'><strong><em>ego</em></strong></span> <span class='ocrx_word' id='word_1_204' title='bbox 3303 857 3537 911; x_wconf 80' lang='lat' dir='ltr'><strong><em>Joannes</em></strong></span> <span class='ocrx_word' id='word_1_205' title='bbox 3561 857 3704 910; x_wconf 82' lang='lat' dir='ltr'><strong><em>vide-</em></strong></span> 
     </span>
    </p>
   </div>
   <div class='ocr_carea' id='block_1_36' title="bbox 2126 948 3706 1019">
    <p class='ocr_par' dir='ltr' id='par_1_36' title="bbox 2126 948 3706 1019">
     <span class='ocr_line' id='line_1_36' title="bbox 2126 948 3706 1019; baseline -0.001 -16"><span class='ocrx_word' id='word_1_206' title='bbox 2126 951 2246 1004; x_wconf 88' lang='lat' dir='ltr'><strong><em>bam</em></strong></span> <span class='ocrx_word' id='word_1_207' title='bbox 2279 959 2328 1004; x_wconf 92' lang='lat' dir='ltr'><strong><em>et</em></strong></span> <span class='ocrx_word' id='word_1_208' title='bbox 2363 949 2643 1003; x_wconf 77' lang='lat' dir='ltr'><strong><em>audiebam</em></strong></span> <span class='ocrx_word' id='word_1_209' title='bbox 2676 949 2804 1005; x_wconf 77' lang='lat' dir='ltr'><strong><em>lucc.</em></strong></span> <span class='ocrx_word' id='word_1_210' title='bbox 2833 948 3067 1019; x_wconf 83' lang='lat' dir='ltr'><strong><em>Cumque</em></strong></span> <span class='ocrx_word' id='word_1_211' title='bbox 3112 950 3380 1002; x_wconf 75' lang='lat' dir='ltr'><strong><em>audissem</em></strong></span> <span class='ocrx_word' id='word_1_212' title='bbox 3427 964 3490 1001; x_wconf 88' lang='lat' dir='ltr'><strong><em>ac</em></strong></span> <span class='ocrx_word' id='word_1_213' title='bbox 3536 949 3706 1002; x_wconf 79' lang='lat' dir='ltr'><strong><em>vidis-</em></strong></span> 
     </span>
    </p>
   </div>
   <div class='ocr_carea' id='block_1_37' title="bbox 2123 1040 3705 1112">
    <p class='ocr_par' dir='ltr' id='par_1_37' title="bbox 2123 1040 3705 1112">
     <span class='ocr_line' id='line_1_37' title="bbox 2123 1040 3705 1112; baseline -0.003 -16"><span class='ocrx_word' id='word_1_214' title='bbox 2123 1059 2255 1109; x_wconf 86' lang='lat' dir='ltr'><strong><em>sem,</em></strong></span> <span class='ocrx_word' id='word_1_215' title='bbox 2284 1043 2487 1112; x_wconf 88' lang='lat' dir='ltr'><strong><em>procidi</em></strong></span> <span class='ocrx_word' id='word_1_216' title='bbox 2508 1053 2561 1095; x_wconf 90' lang='lat' dir='ltr'><strong><em>ut</em></strong></span> <span class='ocrx_word' id='word_1_217' title='bbox 2585 1042 2866 1094; x_wconf 82' lang='lat' dir='ltr'><strong><em>adorarent</em></strong></span> <span class='ocrx_word' id='word_1_218' title='bbox 2894 1049 3017 1094; x_wconf 86' lang='lat' dir='ltr'><strong><em>ante</em></strong></span> <span class='ocrx_word' id='word_1_219' title='bbox 3036 1045 3189 1109; x_wconf 81' lang='lat' dir='ltr'><strong><em>pedes</em></strong></span> <span class='ocrx_word' id='word_1_220' title='bbox 3220 1040 3394 1110; x_wconf 78' lang='lat' dir='ltr'><strong><em>angeli</em></strong></span> <span class='ocrx_word' id='word_1_221' title='bbox 3416 1040 3506 1108; x_wconf 87' lang='lat' dir='ltr'><strong><em>qui</em></strong></span> <span class='ocrx_word' id='word_1_222' title='bbox 3529 1049 3705 1092; x_wconf 82' lang='lat' dir='ltr'><strong><em>osten-</em></strong></span> 
     </span>
    </p>
   </div>
   <div class='ocr_carea' id='block_1_38' title="bbox 2123 1130 3707 1200">
    <p class='ocr_par' dir='ltr' id='par_1_38' title="bbox 2123 1130 3707 1200">
     <span class='ocr_line' id='line_1_38' title="bbox 2123 1130 3707 1200; baseline -0.002 -13"><span class='ocrx_word' id='word_1_223' title='bbox 2123 1134 2276 1187; x_wconf 87' lang='lat' dir='ltr'><strong><em>debat</em></strong></span> <span class='ocrx_word' id='word_1_224' title='bbox 2311 1135 2439 1187; x_wconf 89' lang='lat' dir='ltr'><strong><em>mihi</em></strong></span> <span class='ocrx_word' id='word_1_225' title='bbox 2461 1133 2591 1188; x_wconf 72' lang='lat' dir='ltr'><strong><em>hinc.</em></strong></span> <span class='ocrx_word' id='word_1_226' title='bbox 2623 1131 2689 1186; x_wconf 87' lang='lat' dir='ltr'><strong><em>Et</em></strong></span> <span class='ocrx_word' id='word_1_227' title='bbox 2726 1133 2802 1186; x_wconf 90' lang='lat' dir='ltr'><strong><em>ait</em></strong></span> <span class='ocrx_word' id='word_1_228' title='bbox 2831 1133 2961 1185; x_wconf 88' lang='lat' dir='ltr'><strong><em>mihi</em></strong></span> <span class='ocrx_word' id='word_1_229' title='bbox 2994 1147 3014 1185; x_wconf 92' lang='lat'><strong><em>:</em></strong></span> <span class='ocrx_word' id='word_1_230' title='bbox 3053 1130 3182 1186; x_wconf 84' lang='lat' dir='ltr'><strong><em>Vide</em></strong></span> <span class='ocrx_word' id='word_1_231' title='bbox 3212 1147 3274 1186; x_wconf 81' lang='lat' dir='ltr'><strong><em>ne</em></strong></span> <span class='ocrx_word' id='word_1_232' title='bbox 3302 1132 3491 1200; x_wconf 77' lang='lat' dir='ltr'><strong><em>feceris</em></strong></span> <span class='ocrx_word' id='word_1_233' title='bbox 3531 1146 3550 1184; x_wconf 89' lang='lat'><strong><em>:</em></strong></span> <span class='ocrx_word' id='word_1_234' title='bbox 3579 1147 3707 1184; x_wconf 85' lang='lat' dir='ltr'><strong><em>con-</em></strong></span> 
     </span>
    </p>
   </div>
   <div class='ocr_carea' id='block_1_39' title="bbox 2123 1221 3704 1294">
    <p class='ocr_par' dir='ltr' id='par_1_39' title="bbox 2123 1221 3704 1294">
     <span class='ocr_line' id='line_1_39' title="bbox 2123 1221 3704 1294; baseline -0.003 -15"><span class='ocrx_word' id='word_1_235' title='bbox 2123 1241 2300 1279; x_wconf 81' lang='lat' dir='ltr'><strong><em>servus</em></strong></span> <span class='ocrx_word' id='word_1_236' title='bbox 2325 1236 2447 1279; x_wconf 85' lang='lat' dir='ltr'><strong><em>tuus</em></strong></span> <span class='ocrx_word' id='word_1_237' title='bbox 2485 1240 2603 1278; x_wconf 84' lang='lat' dir='ltr'><strong><em>sum</em></strong></span> <span class='ocrx_word' id='word_1_238' title='bbox 2628 1239 2720 1294; x_wconf 81' lang='lat' dir='ltr'><strong><em>ego</em></strong></span> <span class='ocrx_word' id='word_1_239' title='bbox 2750 1232 2798 1277; x_wconf 85' lang='lat' dir='ltr'><strong><em>et</em></strong></span> <span class='ocrx_word' id='word_1_240' title='bbox 2819 1223 3051 1292; x_wconf 79' lang='lat' dir='ltr'><strong><em>fratrum</em></strong></span> <span class='ocrx_word' id='word_1_241' title='bbox 3078 1232 3290 1277; x_wconf 85' lang='lat' dir='ltr'><strong><em>tuorum</em></strong></span> <span class='ocrx_word' id='word_1_242' title='bbox 3310 1221 3704 1292; x_wconf 80' lang='lat' dir='ltr'><strong><em>prophetarum,</em></strong></span> 
     </span>
    </p>
   </div>
   <div class='ocr_carea' id='block_1_40' title="bbox 2123 1314 3708 1384">
    <p class='ocr_par' dir='ltr' id='par_1_40' title="bbox 2123 1314 3708 1384">
     <span class='ocr_line' id='line_1_40' title="bbox 2123 1314 3708 1384; baseline -0.003 -13"><span class='ocrx_word' id='word_1_243' title='bbox 2123 1328 2170 1372; x_wconf 84' lang='lat' dir='ltr'><strong><em>et</em></strong></span> <span class='ocrx_word' id='word_1_244' title='bbox 2220 1331 2400 1369; x_wconf 86' lang='lat' dir='ltr'><strong><em>eorum</em></strong></span> <span class='ocrx_word' id='word_1_245' title='bbox 2443 1316 2532 1384; x_wconf 83' lang='lat' dir='ltr'><strong><em>qui</em></strong></span> <span class='ocrx_word' id='word_1_246' title='bbox 2582 1323 2793 1370; x_wconf 80' lang='lat' dir='ltr'><strong><em>servant</em></strong></span> <span class='ocrx_word' id='word_1_247' title='bbox 2823 1331 3089 1369; x_wconf 78' lang='lat' dir='ltr'><strong><em>sermones</em></strong></span> <span class='ocrx_word' id='word_1_248' title='bbox 3140 1315 3266 1368; x_wconf 81' lang='lat' dir='ltr'><strong><em>libri</em></strong></span> <span class='ocrx_word' id='word_1_249' title='bbox 3320 1315 3495 1382; x_wconf 82' lang='lat' dir='ltr'><strong><em>hujus.</em></strong></span> <span class='ocrx_word' id='word_1_250' title='bbox 3539 1314 3708 1368; x_wconf 84' lang='lat' dir='ltr'><strong><em>Deum</em></strong></span> 
     </span>
    </p>
   </div>
   <div class='ocr_carea' id='block_1_41' title="bbox 2122 1410 2312 1462">
    <p class='ocr_par' dir='ltr' id='par_1_41' title="bbox 2122 1410 2312 1462">
     <span class='ocr_line' id='line_1_41' title="bbox 2122 1410 2312 1462; baseline -0.011 0"><span class='ocrx_word' id='word_1_251' title='bbox 2122 1410 2312 1462; x_wconf 86' lang='lat' dir='ltr'><strong><em>adora.</em></strong></span> 
     </span>
    </p>
   </div>
   <div class='ocr_carea' id='block_1_42' title="bbox 2196 1574 3706 1650">
    <p class='ocr_par' dir='ltr' id='par_1_42' title="bbox 2196 1574 3706 1650">
     <span class='ocr_line' id='line_1_42' title="bbox 2196 1574 3706 1650; baseline -0.002 -13"><span class='ocrx_word' id='word_1_252' title='bbox 2196 1574 2488 1638; x_wconf 82' lang='lat' dir='ltr'><strong><em>Servantes</em></strong></span> <span class='ocrx_word' id='word_1_253' title='bbox 2524 1582 2657 1635; x_wconf 85' lang='lat' dir='ltr'><strong><em>dicit</em></strong></span> <span class='ocrx_word' id='word_1_254' title='bbox 2698 1595 2794 1635; x_wconf 90' lang='lat' dir='ltr'><strong><em>eos</em></strong></span> <span class='ocrx_word' id='word_1_255' title='bbox 2843 1581 2936 1650; x_wconf 87' lang='lat' dir='ltr'><strong><em>qui</em></strong></span> <span class='ocrx_word' id='word_1_256' title='bbox 2995 1580 3218 1634; x_wconf 75' lang='lat' dir='ltr'><strong><em>student</em></strong></span> <span class='ocrx_word' id='word_1_257' title='bbox 3261 1593 3328 1633; x_wconf 88' lang='lat' dir='ltr'><strong><em>ne</em></strong></span> <span class='ocrx_word' id='word_1_258' title='bbox 3378 1579 3623 1634; x_wconf 84' lang='lat' dir='ltr'><strong><em>incidant</em></strong></span> <span class='ocrx_word' id='word_1_259' title='bbox 3649 1580 3706 1634; x_wconf 88' lang='lat' dir='ltr'><strong><em>in</em></strong></span> 
     </span>
    </p>
   </div>
   <div class='ocr_carea' id='block_1_43' title="bbox 2125 1671 3711 1746">
    <p class='ocr_par' dir='ltr' id='par_1_43' title="bbox 2125 1671 3711 1746">
     <span class='ocr_line' id='line_1_43' title="bbox 2125 1671 3711 1746; baseline -0.003 -15"><span class='ocrx_word' id='word_1_260' title='bbox 2125 1675 2392 1746; x_wconf 87' lang='lat' dir='ltr'><strong><em>supplicia</em></strong></span> <span class='ocrx_word' id='word_1_261' title='bbox 2431 1689 2554 1744; x_wconf 77' lang='lat' dir='ltr'><strong><em>quae</em></strong></span> <span class='ocrx_word' id='word_1_262' title='bbox 2578 1673 2722 1727; x_wconf 88' lang='lat' dir='ltr'><strong><em>dicta</em></strong></span> <span class='ocrx_word' id='word_1_263' title='bbox 2760 1682 2891 1727; x_wconf 88' lang='lat' dir='ltr'><strong><em>sunt</em></strong></span> <span class='ocrx_word' id='word_1_264' title='bbox 2931 1672 2984 1725; x_wconf 90' lang='lat' dir='ltr'><strong><em>in</em></strong></span> <span class='ocrx_word' id='word_1_265' title='bbox 3019 1672 3124 1726; x_wconf 85' lang='lat' dir='ltr'><strong><em>hoc</em></strong></span> <span class='ocrx_word' id='word_1_266' title='bbox 3155 1671 3321 1736; x_wconf 85' lang='lat' dir='ltr'><strong><em>libro,</em></strong></span> <span class='ocrx_word' id='word_1_267' title='bbox 3358 1673 3453 1726; x_wconf 85' lang='lat' dir='ltr'><strong><em>sed</em></strong></span> <span class='ocrx_word' id='word_1_268' title='bbox 3490 1686 3586 1741; x_wconf 85' lang='lat' dir='ltr'><strong><em>per</em></strong></span> <span class='ocrx_word' id='word_1_269' title='bbox 3627 1672 3711 1726; x_wconf 85' lang='lat' dir='ltr'><strong><em>vi-</em></strong></span> 
     </span>
    </p>
   </div>
   <div class='ocr_carea' id='block_1_44' title="bbox 2131 1761 3335 1834">
    <p class='ocr_par' dir='ltr' id='par_1_44' title="bbox 2131 1761 3335 1834">
     <span class='ocr_line' id='line_1_44' title="bbox 2131 1761 3335 1834; baseline -0.005 -14"><span class='ocrx_word' id='word_1_270' title='bbox 2131 1775 2238 1820; x_wconf 86' lang='lat' dir='ltr'><strong><em>tam</em></strong></span> <span class='ocrx_word' id='word_1_271' title='bbox 2269 1765 2381 1820; x_wconf 86' lang='lat' dir='ltr'><strong><em>Deo</em></strong></span> <span class='ocrx_word' id='word_1_272' title='bbox 2404 1774 2612 1834; x_wconf 85' lang='lat' dir='ltr'><strong><em>gratam</em></strong></span> <span class='ocrx_word' id='word_1_273' title='bbox 2636 1771 2893 1832; x_wconf 71' lang='lat' dir='ltr'><strong><em>expertes</em></strong></span> <span class='ocrx_word' id='word_1_274' title='bbox 2924 1762 3038 1817; x_wconf 89' lang='lat' dir='ltr'><strong><em>sint</em></strong></span> <span class='ocrx_word' id='word_1_275' title='bbox 3066 1761 3335 1831; x_wconf 82' lang='lat' dir='ltr'><strong><em>ipsorum.</em></strong></span> 
     </span>
    </p>
   </div>
   <div class='ocr_carea' id='block_1_45' title="bbox 2201 1853 3713 1929">
    <p class='ocr_par' dir='ltr' id='par_1_45' title="bbox 2201 1853 3713 1929">
     <span class='ocr_line' id='line_1_45' title="bbox 2201 1853 3713 1929; baseline -0.003 -17"><span class='ocrx_word' id='word_1_276' title='bbox 2201 1857 2270 1912; x_wconf 86' lang='lat' dir='ltr'><strong><em>Et</em></strong></span> <span class='ocrx_word' id='word_1_277' title='bbox 2297 1875 2391 1929; x_wconf 84' lang='lat' dir='ltr'><strong><em>ego</em></strong></span> <span class='ocrx_word' id='word_1_278' title='bbox 2407 1857 2640 1911; x_wconf 80' lang='lat' dir='ltr'><strong><em>Joannes</em></strong></span> <span class='ocrx_word' id='word_1_279' title='bbox 2665 1855 2904 1910; x_wconf 81' lang='lat' dir='ltr'><strong><em>videbam</em></strong></span> <span class='ocrx_word' id='word_1_280' title='bbox 2928 1866 2976 1909; x_wconf 90' lang='lat' dir='ltr'><strong><em>et</em></strong></span> <span class='ocrx_word' id='word_1_281' title='bbox 3004 1855 3287 1909; x_wconf 83' lang='lat' dir='ltr'><strong><em>audiebam</em></strong></span> <span class='ocrx_word' id='word_1_282' title='bbox 3322 1853 3455 1909; x_wconf 71' lang='lat' dir='ltr'><strong><em>hac.</em></strong></span> <span class='ocrx_word' id='word_1_283' title='bbox 3491 1853 3586 1910; x_wconf 78' lang='lat' dir='ltr'><strong><em>Est</em></strong></span> <span class='ocrx_word' id='word_1_284' title='bbox 3611 1868 3713 1907; x_wconf 83' lang='lat' dir='ltr'><strong><em>au-</em></strong></span> 
     </span>
    </p>
   </div>
   <div class='ocr_carea' id='block_1_46' title="bbox 2129 1946 3711 2019">
    <p class='ocr_par' dir='ltr' id='par_1_46' title="bbox 2129 1946 3711 2019">
     <span class='ocr_line' id='line_1_46' title="bbox 2129 1946 3711 2019; baseline -0.004 -13"><span class='ocrx_word' id='word_1_285' title='bbox 2129 1961 2236 2006; x_wconf 87' lang='lat' dir='ltr'><strong><em>tem</em></strong></span> <span class='ocrx_word' id='word_1_286' title='bbox 2261 1960 2317 2005; x_wconf 87' lang='lat' dir='ltr'><strong><em>et</em></strong></span> <span class='ocrx_word' id='word_1_287' title='bbox 2342 1952 2430 2006; x_wconf 83' lang='lat' dir='ltr'><strong><em>hic</em></strong></span> <span class='ocrx_word' id='word_1_288' title='bbox 2454 1949 2650 2005; x_wconf 81' lang='lat' dir='ltr'><strong><em>modus</em></strong></span> <span class='ocrx_word' id='word_1_289' title='bbox 2685 1948 2946 2018; x_wconf 84' lang='lat' dir='ltr'><strong><em>loquendi</em></strong></span> <span class='ocrx_word' id='word_1_290' title='bbox 2984 1947 3149 2019; x_wconf 77' lang='lat' dir='ltr'><strong><em>huius</em></strong></span> <span class='ocrx_word' id='word_1_291' title='bbox 3197 1946 3488 2018; x_wconf 81' lang='lat' dir='ltr'><strong><em>apostolici</em></strong></span> <span class='ocrx_word' id='word_1_292' title='bbox 3514 1946 3711 2001; x_wconf 89' lang='lat' dir='ltr'><strong><em>animi.</em></strong></span> 
     </span>
    </p>
   </div>
   <div class='ocr_carea' id='block_1_47' title="bbox 2128 2036 3713 2111">
    <p class='ocr_par' dir='ltr' id='par_1_47' title="bbox 2128 2036 3713 2111">
     <span class='ocr_line' id='line_1_47' title="bbox 2128 2036 3713 2111; baseline -0.004 -15"><span class='ocrx_word' id='word_1_293' title='bbox 2128 2043 2284 2108; x_wconf 86' lang='lat' dir='ltr'><strong><em>Quod</em></strong></span> <span class='ocrx_word' id='word_1_294' title='bbox 2306 2042 2449 2097; x_wconf 86' lang='lat' dir='ltr'><strong><em>enim</em></strong></span> <span class='ocrx_word' id='word_1_295' title='bbox 2481 2051 2534 2096; x_wconf 87' lang='lat' dir='ltr'><strong><em>et</em></strong></span> <span class='ocrx_word' id='word_1_296' title='bbox 2564 2043 2617 2096; x_wconf 90' lang='lat' dir='ltr'><strong><em>in</em></strong></span> <span class='ocrx_word' id='word_1_297' title='bbox 2653 2041 2961 2111; x_wconf 77' lang='lat' dir='ltr'><strong><em>Evangeliis</em></strong></span> <span class='ocrx_word' id='word_1_298' title='bbox 2990 2040 3142 2104; x_wconf 75' lang='lat' dir='ltr'><strong><em>fecit,</em></strong></span> <span class='ocrx_word' id='word_1_299' title='bbox 3173 2040 3365 2095; x_wconf 88' lang='lat' dir='ltr'><strong><em>dicens</em></strong></span> <span class='ocrx_word' id='word_1_300' title='bbox 3403 2057 3416 2093; x_wconf 91' lang='lat'><strong>:</strong></span> <span class='ocrx_word' id='word_1_301' title='bbox 3449 2056 3468 2090; x_wconf 82' lang='grc' dir='ltr'><strong><em>ι</em></strong></span> <span class='ocrx_word' id='word_1_302' title='bbox 3516 2037 3583 2092; x_wconf 88' lang='lat' dir='ltr'><strong><em>Et</em></strong></span> <span class='ocrx_word' id='word_1_303' title='bbox 3617 2036 3713 2108; x_wconf 86' lang='lat' dir='ltr'><strong><em>qui</em></strong></span> 
     </span>
    </p>
   </div>
   <div class='ocr_carea' id='block_1_48' title="bbox 2129 2131 3711 2204">
    <p class='ocr_par' dir='ltr' id='par_1_48' title="bbox 2129 2131 3711 2204">
     <span class='ocr_line' id='line_1_48' title="bbox 2129 2131 3711 2204; baseline -0.003 -16"><span class='ocrx_word' id='word_1_304' title='bbox 2129 2135 2285 2201; x_wconf 79' lang='lat' dir='ltr'><strong><em>vidit,</em></strong></span> <span class='ocrx_word' id='word_1_305' title='bbox 2315 2135 2693 2190; x_wconf 85' lang='lat' dir='ltr'><strong><em>testimonium</em></strong></span> <span class='ocrx_word' id='word_1_306' title='bbox 2723 2133 3021 2204; x_wconf 85' lang='lat' dir='ltr'><strong><em>perhibuit,</em></strong></span> <span class='ocrx_word' id='word_1_307' title='bbox 3048 2142 3103 2188; x_wconf 89' lang='lat' dir='ltr'><strong><em>et</em></strong></span> <span class='ocrx_word' id='word_1_308' title='bbox 3125 2147 3312 2187; x_wconf 85' lang='lat' dir='ltr'><strong><em>verum</em></strong></span> <span class='ocrx_word' id='word_1_309' title='bbox 3343 2143 3425 2187; x_wconf 89' lang='lat' dir='ltr'><strong><em>est</em></strong></span> <span class='ocrx_word' id='word_1_310' title='bbox 3461 2131 3711 2186; x_wconf 81' lang='lat' dir='ltr'><strong><em>testimo-</em></strong></span> 
     </span>
    </p>
   </div>
   <div class='ocr_carea' id='block_1_49' title="bbox 2130 2221 3714 2296">
    <p class='ocr_par' dir='ltr' id='par_1_49' title="bbox 2130 2221 3714 2296">
     <span class='ocr_line' id='line_1_49' title="bbox 2130 2221 3714 2296; baseline -0.004 -14"><span class='ocrx_word' id='word_1_311' title='bbox 2130 2227 2280 2282; x_wconf 88' lang='lat' dir='ltr'><strong><em>nium</em></strong></span> <span class='ocrx_word' id='word_1_312' title='bbox 2310 2226 2430 2296; x_wconf 80' lang='lat' dir='ltr'><strong><em>ejus</em></strong></span> <span class='ocrx_word' id='word_1_313' title='bbox 2459 2225 2523 2291; x_wconf 78' lang='lat'><strong><em>“,</em></strong></span> <span class='ocrx_word' id='word_1_314' title='bbox 2563 2245 2581 2276; x_wconf 73' lang='grc' dir='ltr'><strong><em>ι</em></strong></span> <span class='ocrx_word' id='word_1_315' title='bbox 2619 2226 2723 2280; x_wconf 85' lang='lat' dir='ltr'><strong><em>hoc</em></strong></span> <span class='ocrx_word' id='word_1_316' title='bbox 2757 2225 2923 2278; x_wconf 84' lang='lat' dir='ltr'><strong><em>etiam</em></strong></span> <span class='ocrx_word' id='word_1_317' title='bbox 2960 2225 3013 2279; x_wconf 89' lang='lat' dir='ltr'><strong><em>in</em></strong></span> <span class='ocrx_word' id='word_1_318' title='bbox 3055 2223 3159 2278; x_wconf 84' lang='lat' dir='ltr'><strong><em>hoc</em></strong></span> <span class='ocrx_word' id='word_1_319' title='bbox 3182 2223 3306 2277; x_wconf 86' lang='lat' dir='ltr'><strong><em>loco</em></strong></span> <span class='ocrx_word' id='word_1_320' title='bbox 3343 2221 3475 2277; x_wconf 76' lang='lat' dir='ltr'><strong><em>facit</em></strong></span> <span class='ocrx_word' id='word_1_321' title='bbox 3513 2239 3528 2275; x_wconf 90' lang='lat'>:</span> <span class='ocrx_word' id='word_1_322' title='bbox 3573 2229 3714 2276; x_wconf 88' lang='lat' dir='ltr'><strong><em>atte-</em></strong></span> 
     </span>
    </p>
   </div>
   <div class='ocr_carea' id='block_1_50' title="bbox 2128 2313 3717 2386">
    <p class='ocr_par' dir='ltr' id='par_1_50' title="bbox 2128 2313 3717 2386">
     <span class='ocr_line' id='line_1_50' title="bbox 2128 2313 3717 2386; baseline -0.004 -15"><span class='ocrx_word' id='word_1_323' title='bbox 2128 2326 2279 2371; x_wconf 87' lang='lat' dir='ltr'><strong><em>stans</em></strong></span> <span class='ocrx_word' id='word_1_324' title='bbox 2332 2315 2479 2386; x_wconf 87' lang='lat' dir='ltr'><strong><em>quod</em></strong></span> <span class='ocrx_word' id='word_1_325' title='bbox 2523 2313 2689 2370; x_wconf 82' lang='lat' dir='ltr'><strong><em>fuerit</em></strong></span> <span class='ocrx_word' id='word_1_326' title='bbox 2746 2315 2862 2385; x_wconf 84' lang='lat' dir='ltr'><strong><em>ipse</em></strong></span> <span class='ocrx_word' id='word_1_327' title='bbox 2907 2313 3129 2369; x_wconf 83' lang='lat' dir='ltr'><strong><em>auditor</em></strong></span> <span class='ocrx_word' id='word_1_328' title='bbox 3172 2313 3396 2383; x_wconf 80' lang='lat' dir='ltr'><strong><em>ipseque</em></strong></span> <span class='ocrx_word' id='word_1_329' title='bbox 3435 2313 3717 2381; x_wconf 79' lang='lat' dir='ltr'><strong><em>inspector</em></strong></span> 
     </span>
    </p>
   </div>
   <div class='ocr_carea' id='block_1_51' title="bbox 2127 2403 3712 2477">
    <p class='ocr_par' dir='ltr' id='par_1_51' title="bbox 2127 2403 3712 2477">
     <span class='ocr_line' id='line_1_51' title="bbox 2127 2403 3712 2477; baseline -0.006 -14"><span class='ocrx_word' id='word_1_330' title='bbox 2127 2423 2317 2463; x_wconf 84' lang='lat' dir='ltr'><strong><em>eorum</em></strong></span> <span class='ocrx_word' id='word_1_331' title='bbox 2349 2421 2472 2477; x_wconf 70' lang='lat' dir='ltr'><strong><em>qua:</em></strong></span> <span class='ocrx_word' id='word_1_332' title='bbox 2502 2407 2822 2477; x_wconf 82' lang='lat' dir='ltr'><strong><em>prophetata</em></strong></span> <span class='ocrx_word' id='word_1_333' title='bbox 2847 2415 2977 2463; x_wconf 85' lang='lat' dir='ltr'><strong><em>sunt</em></strong></span> <span class='ocrx_word' id='word_1_334' title='bbox 3007 2422 3020 2460; x_wconf 90' lang='lat'><strong>:</strong></span> <span class='ocrx_word' id='word_1_335' title='bbox 3054 2419 3150 2474; x_wconf 87' lang='lat' dir='ltr'><strong><em>per</em></strong></span> <span class='ocrx_word' id='word_1_336' title='bbox 3169 2403 3274 2458; x_wconf 87' lang='lat' dir='ltr'><strong><em>hoc</em></strong></span> <span class='ocrx_word' id='word_1_337' title='bbox 3314 2403 3462 2458; x_wconf 89' lang='lat' dir='ltr'><strong><em>enim</em></strong></span> <span class='ocrx_word' id='word_1_338' title='bbox 3488 2417 3554 2456; x_wconf 86' lang='lat' dir='ltr'><strong><em>ea</em></strong></span> <span class='ocrx_word' id='word_1_339' title='bbox 3584 2415 3712 2471; x_wconf 68' lang='lat' dir='ltr'><strong><em>quas</em></strong></span> 
     </span>
    </p>
   </div>
   <div class='ocr_carea' id='block_1_52' title="bbox 2128 2494 3718 2564">
    <p class='ocr_par' dir='ltr' id='par_1_52' title="bbox 2128 2494 3718 2564">
     <span class='ocr_line' id='line_1_52' title="bbox 2128 2494 3718 2564; baseline -0.006 -10"><span class='ocrx_word' id='word_1_340' title='bbox 2128 2501 2244 2555; x_wconf 79' lang='lat' dir='ltr'><strong><em>visa</em></strong></span> <span class='ocrx_word' id='word_1_341' title='bbox 2297 2509 2428 2556; x_wconf 86' lang='lat' dir='ltr'><strong><em>sunt</em></strong></span> <span class='ocrx_word' id='word_1_342' title='bbox 2474 2498 2844 2556; x_wconf 80' lang='lat' dir='ltr'><strong><em>conﬁrmavit.</em></strong></span> <span class='ocrx_word' id='word_1_343' title='bbox 2891 2496 3144 2554; x_wconf 84' lang='lat' dir='ltr'><strong><em>Ostendit</em></strong></span> <span class='ocrx_word' id='word_1_344' title='bbox 3194 2504 3376 2551; x_wconf 83' lang='lat' dir='ltr'><strong><em>autem</em></strong></span> <span class='ocrx_word' id='word_1_345' title='bbox 3425 2503 3483 2550; x_wconf 91' lang='lat' dir='ltr'><strong><em>ut</em></strong></span> <span class='ocrx_word' id='word_1_346' title='bbox 3521 2494 3718 2564; x_wconf 69' lang='lat' dir='ltr'><strong><em>praedi-</em></strong></span> 
     </span>
    </p>
   </div>
   <div class='ocr_carea' id='block_1_53' title="bbox 2129 2585 3714 2662">
    <p class='ocr_par' dir='ltr' id='par_1_53' title="bbox 2129 2585 3714 2662">
     <span class='ocr_line' id='line_1_53' title="bbox 2129 2585 3714 2662; baseline -0.006 -14"><span class='ocrx_word' id='word_1_347' title='bbox 2129 2603 2276 2648; x_wconf 90' lang='lat' dir='ltr'><strong><em>ctum</em></strong></span> <span class='ocrx_word' id='word_1_348' title='bbox 2327 2600 2411 2647; x_wconf 89' lang='lat' dir='ltr'><strong><em>cst</em></strong></span> <span class='ocrx_word' id='word_1_349' title='bbox 2472 2599 2529 2646; x_wconf 87' lang='lat' dir='ltr'><strong><em>et</em></strong></span> <span class='ocrx_word' id='word_1_350' title='bbox 2575 2590 2755 2662; x_wconf 89' lang='lat' dir='ltr'><strong><em>angeli</em></strong></span> <span class='ocrx_word' id='word_1_351' title='bbox 2811 2589 3151 2646; x_wconf 89' lang='lat' dir='ltr'><strong><em>instituentis</em></strong></span> <span class='ocrx_word' id='word_1_352' title='bbox 3203 2589 3489 2659; x_wconf 83' lang='lat' dir='ltr'><strong><em>pietatem,</em></strong></span> <span class='ocrx_word' id='word_1_353' title='bbox 3521 2595 3574 2641; x_wconf 89' lang='lat' dir='ltr'><strong><em>et</em></strong></span> <span class='ocrx_word' id='word_1_354' title='bbox 3626 2585 3714 2640; x_wconf 86' lang='lat' dir='ltr'><strong><em>sui</em></strong></span> 
     </span>
    </p>
   </div>
   <div class='ocr_carea' id='block_1_54' title="bbox 2130 2687 3057 2746">
    <p class='ocr_par' dir='ltr' id='par_1_54' title="bbox 2130 2687 3057 2746">
     <span class='ocr_line' id='line_1_54' title="bbox 2130 2687 3057 2746; baseline -0.005 -2"><span class='ocrx_word' id='word_1_355' title='bbox 2130 2689 2297 2744; x_wconf 91' lang='lat' dir='ltr'><strong><em>animi</em></strong></span> <span class='ocrx_word' id='word_1_356' title='bbox 2331 2688 2686 2746; x_wconf 81' lang='lat' dir='ltr'><strong><em>verecundam</em></strong></span> <span class='ocrx_word' id='word_1_357' title='bbox 2710 2687 3057 2743; x_wconf 84' lang='lat' dir='ltr'><strong><em>modestiam.</em></strong></span> 
     </span>
    </p>
   </div>
   <div class='ocr_carea' id='block_1_55' title="bbox 2478 2799 3251 2876">
    <p class='ocr_par' dir='ltr' id='par_1_55' title="bbox 2478 2799 3251 2876">
     <span class='ocr_line' id='line_1_55' title="bbox 2478 2799 3251 2876; baseline -0.01 -15"><span class='ocrx_word' id='word_1_358' title='bbox 2478 2874 2482 2876; x_wconf 40' lang='grc'>,</span> <span class='ocrx_word' id='word_1_359' title='bbox 2591 2802 2759 2876; x_wconf 70' lang='grc'><strong>834</strong></span> <span class='ocrx_word' id='word_1_360' title='bbox 2800 2801 3028 2860; x_wconf 79' lang='lat' dir='ltr'><strong><em>CAPUT</em></strong></span> <span class='ocrx_word' id='word_1_361' title='bbox 3064 2799 3251 2856; x_wconf 78' lang='lat' dir='ltr'><strong><em>LXXI.</em></strong></span> 
     </span>
    </p>
   </div>
   <div class='ocr_carea' id='block_1_56' title="bbox 2133 2913 3719 2991">
    <p class='ocr_par' dir='ltr' id='par_1_56' title="bbox 2133 2913 3719 2991">
     <span class='ocr_line' id='line_1_56' title="bbox 2133 2913 3719 2991; baseline -0.006 -16"><span class='ocrx_word' id='word_1_362' title='bbox 2133 2922 2287 2987; x_wconf 78' lang='lat' dir='ltr'><strong><em>Quod</em></strong></span> <span class='ocrx_word' id='word_1_363' title='bbox 2321 2920 2664 2991; x_wconf 6' lang='lat' dir='ltr'><strong><em>jussumqipsi</em></strong></span> <span class='ocrx_word' id='word_1_364' title='bbox 2697 2918 2859 2991; x_wconf 81' lang='lat' dir='ltr'><strong><em>fuerit</em></strong></span> <span class='ocrx_word' id='word_1_365' title='bbox 2890 2933 2952 2971; x_wconf 86' lang='lat' dir='ltr'><strong><em>ne</em></strong></span> <span class='ocrx_word' id='word_1_366' title='bbox 2985 2916 3310 2991; x_wconf 77' lang='lat' dir='ltr'><strong><em>obsignaret,</em></strong></span> <span class='ocrx_word' id='word_1_367' title='bbox 3360 2913 3452 2969; x_wconf 84' lang='lat' dir='ltr'><strong><em>sed</em></strong></span> <span class='ocrx_word' id='word_1_368' title='bbox 3490 2921 3548 2967; x_wconf 79' lang='lat' dir='ltr'><strong><em>ut</em></strong></span> <span class='ocrx_word' id='word_1_369' title='bbox 3580 2925 3719 2982; x_wconf 79' lang='lat' dir='ltr'><strong><em>pra:-</em></strong></span> 
     </span>
    </p>
   </div>
   <div class='ocr_carea' id='block_1_57' title="bbox 2520 2986 3308 3043">
    <p class='ocr_par' dir='ltr' id='par_1_57' title="bbox 2520 2986 3308 3043">
     <span class='ocr_line' id='line_1_57' title="bbox 2520 2986 3308 3043; baseline -0.009 0"><span class='ocrx_word' id='word_1_370' title='bbox 2520 2986 2723 3043; x_wconf 81' lang='lat' dir='ltr'><strong><em>dicaret</em></strong></span> <span class='ocrx_word' id='word_1_371' title='bbox 2763 2989 2898 3041; x_wconf 86' lang='lat' dir='ltr'><strong><em>hanc</em></strong></span> <span class='ocrx_word' id='word_1_372' title='bbox 2939 2986 3308 3040; x_wconf 76' lang='lat' dir='ltr'><strong><em>reuelationem</em></strong></span> 
     </span>
    </p>
   </div>
   <div class='ocr_carea' id='block_1_58' title="bbox 520 3083 2031 3217">
    <p class='ocr_par' dir='ltr' id='par_1_58' title="bbox 520 3083 2031 3194">
     <span class='ocr_line' id='line_1_58' title="bbox 520 3083 2031 3194; baseline -0.01 -13"><span class='ocrx_word' id='word_1_373' title='bbox 520 3125 628 3181; x_wconf 86' lang='lat' dir='ltr'><strong><em>Kal</em></strong></span> <span class='ocrx_word' id='word_1_374' title='bbox 641 3123 812 3194; x_wconf 80' lang='grc' dir='ltr'><em>,λέγει</em></span> <span class='ocrx_word' id='word_1_375' title='bbox 842 3141 940 3192; x_wconf 82' lang='grc' dir='ltr'><strong><em>μοι</em></strong></span> <span class='ocrx_word' id='word_1_376' title='bbox 966 3138 980 3154; x_wconf 83' lang='grc'>⁶</span> <span class='ocrx_word' id='word_1_377' title='bbox 1015 3121 1110 3189; x_wconf 82' lang='grc' dir='ltr'><strong><em>Μὴ</em></strong></span> <span class='ocrx_word' id='word_1_378' title='bbox 1135 3118 1484 3189; x_wconf 65' lang='grc' dir='ltr'><em>σφραγίσῃς</em></span> <span class='ocrx_word' id='word_1_379' title='bbox 1512 3083 1658 3182; x_wconf 85' lang='grc' dir='ltr'><em>τοὺς</em></span> <span class='ocrx_word' id='word_1_380' title='bbox 1675 3116 1900 3184; x_wconf 76' lang='grc' dir='ltr'><em>λόγους</em></span> <span class='ocrx_word' id='word_1_381' title='bbox 1922 3111 2031 3180; x_wconf 81' lang='grc' dir='ltr'><em>τῆς</em></span> 
     </span>
    </p>
   </div>
   <div class='ocr_carea' id='block_1_59' title="bbox 2131 3083 3723 3217">
    <p class='ocr_par' dir='ltr' id='par_1_59' title="bbox 2206 3117 3723 3187">
     <span class='ocr_line' id='line_1_59' title="bbox 2206 3117 3723 3187; baseline -0.008 -9"><span class='ocrx_word' id='word_1_382' title='bbox 2206 3122 2372 3187; x_wconf 77' lang='lat' dir='ltr'><strong><em>XXII,</em></strong></span> <span class='ocrx_word' id='word_1_383' title='bbox 2399 3122 2588 3178; x_wconf 68' lang='lat'><strong><em>10-13.</em></strong></span> <span class='ocrx_word' id='word_1_384' title='bbox 2616 3121 2687 3176; x_wconf 87' lang='lat' dir='ltr'><strong><em>Et</em></strong></span> <span class='ocrx_word' id='word_1_385' title='bbox 2709 3122 2840 3175; x_wconf 84' lang='lat' dir='ltr'><strong><em>dicit</em></strong></span> <span class='ocrx_word' id='word_1_386' title='bbox 2865 3122 2996 3176; x_wconf 79' lang='lat' dir='ltr'><strong><em>mihi</em></strong></span> <span class='ocrx_word' id='word_1_387' title='bbox 3018 3137 3037 3175; x_wconf 91' lang='lat'><strong><em>:</em></strong></span> <span class='ocrx_word' id='word_1_388' title='bbox 3080 3119 3162 3174; x_wconf 88' lang='lat' dir='ltr'><strong><em>Ne</em></strong></span> <span class='ocrx_word' id='word_1_389' title='bbox 3212 3117 3570 3187; x_wconf 69' lang='lat' dir='ltr'><strong><em>obsignaecris</em></strong></span> <span class='ocrx_word' id='word_1_390' title='bbox 3611 3131 3723 3168; x_wconf 83' lang='lat' dir='ltr'><strong><em>ser-</em></strong></span> 
     </span>
    </p>
   </div>
   <div class='ocr_carea' id='block_1_60' title="bbox 443 3206 2031 3302">
    <p class='ocr_par' dir='ltr' id='par_1_60' title="bbox 443 3206 2031 3302">
     <span class='ocr_line' id='line_1_60' title="bbox 443 3206 2031 3302; baseline -0.014 -24"><span class='ocrx_word' id='word_1_391' title='bbox 443 3217 814 3302; x_wconf 64' lang='grc' dir='ltr'><em>προφητείας</em></span> <span class='ocrx_word' id='word_1_392' title='bbox 849 3215 957 3269; x_wconf 84' lang='grc' dir='ltr'><em>τοῦ</em></span> <span class='ocrx_word' id='word_1_393' title='bbox 984 3213 1226 3279; x_wconf 81' lang='grc' dir='ltr'><em>βιϐλίου</em></span> <span class='ocrx_word' id='word_1_394' title='bbox 1254 3211 1492 3266; x_wconf 85' lang='grc' dir='ltr'><em>τούτου.</em></span> <span class='ocrx_word' id='word_1_395' title='bbox 1537 3210 1591 3262; x_wconf 89' lang='lat'><strong><em>&#39;0</em></strong></span> <span class='ocrx_word' id='word_1_396' title='bbox 1622 3206 1827 3277; x_wconf 81' lang='grc' dir='ltr'><em>καιρὸς</em></span> <span class='ocrx_word' id='word_1_397' title='bbox 1854 3206 2031 3275; x_wconf 71' lang='grc' dir='ltr'><em>ἐγγύς</em></span> 
     </span>
    </p>
   </div>
   <div class='ocr_carea' id='block_1_61' title="bbox 2131 3206 3723 3302">
    <p class='ocr_par' dir='ltr' id='par_1_61' title="bbox 2143 3206 3723 3286">
     <span class='ocr_line' id='line_1_61' title="bbox 2143 3206 3723 3286; baseline -0.008 -16"><span class='ocrx_word' id='word_1_398' title='bbox 2143 3233 2320 3273; x_wconf 86' lang='lat' dir='ltr'><strong><em>mones</em></strong></span> <span class='ocrx_word' id='word_1_399' title='bbox 2346 3216 2635 3286; x_wconf 74' lang='lat' dir='ltr'><strong><em>prophetia:</em></strong></span> <span class='ocrx_word' id='word_1_400' title='bbox 2663 3214 2784 3268; x_wconf 85' lang='lat' dir='ltr'><strong><em>libri</em></strong></span> <span class='ocrx_word' id='word_1_401' title='bbox 2807 3213 2964 3282; x_wconf 85' lang='lat' dir='ltr'><strong><em>hujus</em></strong></span> <span class='ocrx_word' id='word_1_402' title='bbox 2999 3228 3019 3268; x_wconf 90' lang='lat'><strong><em>:</em></strong></span> <span class='ocrx_word' id='word_1_403' title='bbox 3041 3221 3242 3280; x_wconf 77' lang='lat' dir='ltr'><strong><em>tempus</em></strong></span> <span class='ocrx_word' id='word_1_404' title='bbox 3285 3227 3442 3280; x_wconf 80' lang='lat' dir='ltr'><strong><em>prope</em></strong></span> <span class='ocrx_word' id='word_1_405' title='bbox 3481 3219 3578 3262; x_wconf 81' lang='lat' dir='ltr'><strong><em>est.</em></strong></span> <span class='ocrx_word' id='word_1_406' title='bbox 3616 3206 3723 3272; x_wconf 80' lang='lat' dir='ltr'><strong><em>Qui</em></strong></span> 
     </span>
    </p>
   </div>
   <div class='ocr_carea' id='block_1_62' title="bbox 441 3297 2038 3370">
    <p class='ocr_par' dir='ltr' id='par_1_62' title="bbox 441 3297 2038 3370">
     <span class='ocr_line' id='line_1_62' title="bbox 441 3297 2038 3370; baseline -0.011 -6"><span class='ocrx_word' id='word_1_407' title='bbox 441 3313 602 3364; x_wconf 83' lang='grc' dir='ltr'><em>ἐστι.</em></span> <span class='ocrx_word' id='word_1_408' title='bbox 644 3297 709 3362; x_wconf 75' lang='grc' dir='ltr'><em>’ό</em></span> <span class='ocrx_word' id='word_1_409' title='bbox 738 3305 962 3362; x_wconf 80' lang='grc' dir='ltr'><em>ἀδικῶν</em></span> <span class='ocrx_word' id='word_1_410' title='bbox 1014 3302 1359 3370; x_wconf 79' lang='grc' dir='ltr'><strong><em>ἀδικησάτω</em></strong></span> <span class='ocrx_word' id='word_1_411' title='bbox 1387 3303 1496 3367; x_wconf 79' lang='grc' dir='ltr'><em>ἔτι,</em></span> <span class='ocrx_word' id='word_1_412' title='bbox 1544 3299 1639 3354; x_wconf 78' lang='grc' dir='ltr'><em>καὶ</em></span> <span class='ocrx_word' id='word_1_413' title='bbox 1683 3301 1716 3352; x_wconf 86' lang='grc' dir='ltr'><strong><em>ό</em></strong></span> <span class='ocrx_word' id='word_1_414' title='bbox 1760 3297 2038 3366; x_wconf 78' lang='grc' dir='ltr'><em>ῥυπαρὸς</em></span> 
     </span>
    </p>
   </div>
   <div class='ocr_carea' id='block_1_63' title="bbox 435 3389 2038 3470">
    <p class='ocr_par' dir='ltr' id='par_1_63' title="bbox 435 3389 2038 3470">
     <span class='ocr_line' id='line_1_63' title="bbox 435 3389 2038 3470; baseline -0.011 -14"><span class='ocrx_word' id='word_1_415' title='bbox 435 3398 876 3470; x_wconf 73' lang='grc' dir='ltr'><em>ῥυπαρευθήτω</em></span> <span class='ocrx_word' id='word_1_416' title='bbox 911 3399 1024 3460; x_wconf 75' lang='grc' dir='ltr'><em>ἔτι.</em></span> <span class='ocrx_word' id='word_1_417' title='bbox 1093 3396 1196 3451; x_wconf 73' lang='grc' dir='ltr'><em>καὶ</em></span> <span class='ocrx_word' id='word_1_418' title='bbox 1249 3398 1283 3450; x_wconf 89' lang='grc' dir='ltr'><strong><em>ό</em></strong></span> <span class='ocrx_word' id='word_1_419' title='bbox 1349 3394 1580 3459; x_wconf 83' lang='grc' dir='ltr'><em>δίκαιος</em></span> <span class='ocrx_word' id='word_1_420' title='bbox 1631 3389 2038 3456; x_wconf 79' lang='grc' dir='ltr'><em>δικαιοσύνην</em></span> 
     </span>
    </p>
   </div>
   <div class='ocr_carea' id='block_1_64' title="bbox 446 3479 2036 3562">
    <p class='ocr_par' dir='ltr' id='par_1_64' title="bbox 446 3479 2036 3562">
     <span class='ocr_line' id='line_1_64' title="bbox 446 3479 2036 3562; baseline -0.009 -14"><span class='ocrx_word' id='word_1_421' title='bbox 446 3492 759 3562; x_wconf 79' lang='grc' dir='ltr'><em>ποιησάτω</em></span> <span class='ocrx_word' id='word_1_422' title='bbox 790 3491 900 3556; x_wconf 79' lang='grc' dir='ltr'><em>ἔτι,</em></span> <span class='ocrx_word' id='word_1_423' title='bbox 932 3491 1033 3544; x_wconf 72' lang='grc' dir='ltr'><em>καὶ</em></span> <span class='ocrx_word' id='word_1_424' title='bbox 1062 3493 1094 3545; x_wconf 86' lang='grc' dir='ltr'><strong><em>ό</em></strong></span> <span class='ocrx_word' id='word_1_425' title='bbox 1127 3488 1294 3558; x_wconf 77' lang='grc' dir='ltr'><em>ἅγιος</em></span> <span class='ocrx_word' id='word_1_426' title='bbox 1335 3484 1678 3556; x_wconf 72' lang='grc' dir='ltr'><em>ἁγιασθήτω</em></span> <span class='ocrx_word' id='word_1_427' title='bbox 1719 3483 1826 3538; x_wconf 79' lang='grc' dir='ltr'><em>ἔτι.</em></span> <span class='ocrx_word' id='word_1_428' title='bbox 1877 3479 2036 3537; x_wconf 85' lang='grc' dir='ltr'><em>Ἰδοὺ</em></span> 
     </span>
    </p>
   </div>
   <div class='ocr_carea' id='block_1_65' title="bbox 445 3573 2034 3654">
    <p class='ocr_par' dir='ltr' id='par_1_65' title="bbox 445 3573 2034 3654">
     <span class='ocr_line' id='line_1_65' title="bbox 445 3573 2034 3654; baseline -0.008 -16"><span class='ocrx_word' id='word_1_429' title='bbox 445 3586 698 3654; x_wconf 79' lang='grc' dir='ltr'><em>ἔρχομαι</em></span> <span class='ocrx_word' id='word_1_430' title='bbox 722 3582 897 3652; x_wconf 83' lang='grc' dir='ltr'><em>ταχύ.</em></span> <span class='ocrx_word' id='word_1_431' title='bbox 928 3579 1039 3635; x_wconf 83' lang='lat' dir='ltr'><strong><em>Kal</em></strong></span> <span class='ocrx_word' id='word_1_432' title='bbox 1079 3582 1112 3635; x_wconf 87' lang='grc' dir='ltr'><strong><em>ό</em></strong></span> <span class='ocrx_word' id='word_1_433' title='bbox 1133 3579 1354 3648; x_wconf 84' lang='grc' dir='ltr'><em>μισθός</em></span> <span class='ocrx_word' id='word_1_434' title='bbox 1397 3595 1518 3647; x_wconf 81' lang='grc' dir='ltr'><strong><em>μου</em></strong></span> <span class='ocrx_word' id='word_1_435' title='bbox 1540 3574 1668 3644; x_wconf 77' lang='grc' dir='ltr'><em>μετ’</em></span> <span class='ocrx_word' id='word_1_436' title='bbox 1698 3573 1845 3644; x_wconf 83' lang='grc' dir='ltr'><strong><em>ἐμοῦ</em></strong></span> <span class='ocrx_word' id='word_1_437' title='bbox 1883 3574 2034 3628; x_wconf 76' lang='grc' dir='ltr'><em>ἀπο-</em></span> 
     </span>
    </p>
   </div>
   <div class='ocr_carea' id='block_1_66' title="bbox 445 3665 2037 3740">
    <p class='ocr_par' dir='ltr' id='par_1_66' title="bbox 445 3665 2037 3740">
     <span class='ocr_line' id='line_1_66' title="bbox 445 3665 2037 3740; baseline -0.008 -9"><span class='ocrx_word' id='word_1_438' title='bbox 445 3677 664 3731; x_wconf 81' lang='grc' dir='ltr'><em>δοῦναι</em></span> <span class='ocrx_word' id='word_1_439' title='bbox 701 3675 938 3739; x_wconf 75' lang='grc' dir='ltr'><em>ἑκάστῳ</em></span> <span class='ocrx_word' id='word_1_440' title='bbox 967 3673 1048 3739; x_wconf 86' lang='grc' dir='ltr'><em>ὡς</em></span> <span class='ocrx_word' id='word_1_441' title='bbox 1080 3673 1146 3726; x_wconf 86' lang='grc' dir='ltr'><em>τὸ</em></span> <span class='ocrx_word' id='word_1_442' title='bbox 1175 3671 1356 3740; x_wconf 70' lang='grc' dir='ltr'><em>ἔργον</em></span> <span class='ocrx_word' id='word_1_443' title='bbox 1391 3668 1579 3724; x_wconf 84' lang='grc' dir='ltr'><em>αὐτοῦ</em></span> <span class='ocrx_word' id='word_1_444' title='bbox 1632 3668 1825 3721; x_wconf 74' lang='grc' dir='ltr'><em>ἔσται.</em></span> <span class='ocrx_word' id='word_1_445' title='bbox 1889 3665 2037 3736; x_wconf 76' lang='grc' dir='ltr'><strong><em>Ἐγὼ</em></strong></span> 
     </span>
    </p>
   </div>
   <div class='ocr_carea' id='block_1_67' title="bbox 446 3757 2035 3836">
    <p class='ocr_par' dir='ltr' id='par_1_67' title="bbox 446 3757 2035 3836">
     <span class='ocr_line' id='line_1_67' title="bbox 446 3757 2035 3836; baseline -0.006 -15"><span class='ocrx_word' id='word_1_446' title='bbox 446 3769 519 3821; x_wconf 82' lang='grc' dir='ltr'><em>τὸ</em></span> <span class='ocrx_word' id='word_1_447' title='bbox 551 3769 717 3836; x_wconf 74' lang='grc' dir='ltr'><em>ἄλφα</em></span> <span class='ocrx_word' id='word_1_448' title='bbox 748 3766 846 3820; x_wconf 77' lang='grc' dir='ltr'><em>καὶ</em></span> <span class='ocrx_word' id='word_1_449' title='bbox 879 3765 945 3819; x_wconf 86' lang='grc' dir='ltr'><em>τὸ</em></span> <span class='ocrx_word' id='word_1_450' title='bbox 975 3763 1192 3834; x_wconf 81' lang='grc' dir='ltr'><em>ὠμέγα,</em></span> <span class='ocrx_word' id='word_1_451' title='bbox 1238 3759 1396 3832; x_wconf 78' lang='grc' dir='ltr'><strong><em>ἀρχὴ</em></strong></span> <span class='ocrx_word' id='word_1_452' title='bbox 1457 3759 1556 3814; x_wconf 75' lang='grc' dir='ltr'><strong><em>καί</em></strong></span> <span class='ocrx_word' id='word_1_453' title='bbox 1591 3758 1785 3825; x_wconf 79' lang='grc' dir='ltr'><em>τέλος,</em></span> <span class='ocrx_word' id='word_1_454' title='bbox 1816 3762 1849 3814; x_wconf 86' lang='grc' dir='ltr'><strong><em>ό</em></strong></span> <span class='ocrx_word' id='word_1_455' title='bbox 1881 3757 2035 3829; x_wconf 78' lang='grc' dir='ltr'><em>πρῶ-</em></span> 
     </span>
    </p>
   </div>
   <div class='ocr_carea' id='block_1_68' title="bbox 447 3859 1061 3928">
    <p class='ocr_par' dir='ltr' id='par_1_68' title="bbox 447 3859 1061 3928">
     <span class='ocr_line' id='line_1_68' title="bbox 447 3859 1061 3928; baseline -0.005 -14"><span class='ocrx_word' id='word_1_456' title='bbox 447 3877 556 3928; x_wconf 91' lang='grc' dir='ltr'><strong><em>τος</em></strong></span> <span class='ocrx_word' id='word_1_457' title='bbox 583 3861 682 3914; x_wconf 69' lang='grc' dir='ltr'><strong><em>καὶ</em></strong></span> <span class='ocrx_word' id='word_1_458' title='bbox 713 3863 747 3914; x_wconf 89' lang='grc' dir='ltr'><strong><em>ό</em></strong></span> <span class='ocrx_word' id='word_1_459' title='bbox 778 3859 1061 3927; x_wconf 81' lang='grc' dir='ltr'><em>ἔσχατος.</em></span> 
     </span>
    </p>
   </div>
   <div class='ocr_carea' id='block_1_69' title="bbox 526 3942 2036 4023">
    <p class='ocr_par' dir='ltr' id='par_1_69' title="bbox 526 3942 2036 4023">
     <span class='ocr_line' id='line_1_69' title="bbox 526 3942 2036 4023; baseline -0.007 -15"><span class='ocrx_word' id='word_1_460' title='bbox 526 3954 625 4022; x_wconf 81' lang='grc' dir='ltr'><strong><em>Μὴ</em></strong></span> <span class='ocrx_word' id='word_1_461' title='bbox 651 3955 1019 4023; x_wconf 60' lang='grc' dir='ltr'><em>σφραγίσης,</em></span> <span class='ocrx_word' id='word_1_462' title='bbox 1047 3948 1230 4004; x_wconf 77' lang='grc' dir='ltr'><em>καὶτὰ</em></span> <span class='ocrx_word' id='word_1_463' title='bbox 1265 3947 1414 4018; x_wconf 78' lang='grc' dir='ltr'><em>ἑξῆς.</em></span> <span class='ocrx_word' id='word_1_464' title='bbox 1440 3946 1724 4011; x_wconf 78' lang='grc' dir='ltr'><em>Τουτέστι,</em></span> <span class='ocrx_word' id='word_1_465' title='bbox 1763 3944 1854 4015; x_wconf 80' lang='grc' dir='ltr'><strong>Μὴ</strong></span> <span class='ocrx_word' id='word_1_466' title='bbox 1883 3942 2036 4013; x_wconf 82' lang='grc' dir='ltr'><strong><em>παρὰ</em></strong></span> 
     </span>
    </p>
   </div>
   <div class='ocr_carea' id='block_1_70' title="bbox 449 4037 2033 4118">
    <p class='ocr_par' dir='ltr' id='par_1_70' title="bbox 449 4037 2033 4118">
     <span class='ocr_line' id='line_1_70' title="bbox 449 4037 2033 4118; baseline -0.004 -19"><span class='ocrx_word' id='word_1_467' title='bbox 449 4047 642 4118; x_wconf 80' lang='grc' dir='ltr'><em>σαυτῷ</em></span> <span class='ocrx_word' id='word_1_468' title='bbox 671 4045 997 4115; x_wconf 74' lang='grc' dir='ltr'><em>συγκλείσας</em></span> <span class='ocrx_word' id='word_1_469' title='bbox 1029 4042 1295 4113; x_wconf 74' lang='grc' dir='ltr'><strong><em>φυλάξῃς,</em></strong></span> <span class='ocrx_word' id='word_1_470' title='bbox 1347 4040 1482 4095; x_wconf 81' lang='grc' dir='ltr'><em>ἀλλὰ</em></span> <span class='ocrx_word' id='word_1_471' title='bbox 1515 4039 1837 4110; x_wconf 83' lang='grc' dir='ltr'><em>φανέρωσον</em></span> <span class='ocrx_word' id='word_1_472' title='bbox 1885 4037 2033 4092; x_wconf 77' lang='grc' dir='ltr'><strong><em>ἃπα-</em></strong></span> 
     </span>
    </p>
   </div>
   <div class='ocr_carea' id='block_1_71' title="bbox 454 4129 2034 4206">
    <p class='ocr_par' dir='ltr' id='par_1_71' title="bbox 454 4129 2034 4206">
     <span class='ocr_line' id='line_1_71' title="bbox 454 4129 2034 4206; baseline -0.006 -12"><span class='ocrx_word' id='word_1_473' title='bbox 454 4159 565 4194; x_wconf 88' lang='grc' dir='ltr'><em>σιν.</em></span> <span class='ocrx_word' id='word_1_474' title='bbox 604 4139 705 4194; x_wconf 87' lang='grc' dir='ltr'><strong>Διά</strong></span> <span class='ocrx_word' id='word_1_475' title='bbox 757 4139 816 4192; x_wconf 78' lang='grc' dir='ltr'><strong><em>δέ</em></strong></span> <span class='ocrx_word' id='word_1_476' title='bbox 852 4136 970 4204; x_wconf 80' lang='grc' dir='ltr'><em>τοῦ,</em></span> <span class='ocrx_word' id='word_1_477' title='bbox 1008 4135 1066 4189; x_wconf 87' lang='grc'><strong><em>’0</em></strong></span> <span class='ocrx_word' id='word_1_478' title='bbox 1095 4136 1299 4206; x_wconf 83' lang='grc' dir='ltr'><em>καιρὸς</em></span> <span class='ocrx_word' id='word_1_479' title='bbox 1327 4135 1508 4205; x_wconf 71' lang='grc' dir='ltr'><em>ἐγγύς</em></span> <span class='ocrx_word' id='word_1_480' title='bbox 1539 4134 1694 4195; x_wconf 85' lang='grc' dir='ltr'><em>ἐστι,</em></span> <span class='ocrx_word' id='word_1_481' title='bbox 1733 4129 1944 4184; x_wconf 83' lang='grc' dir='ltr'><em>τοιοῦτό</em></span> <span class='ocrx_word' id='word_1_482' title='bbox 1981 4148 2034 4185; x_wconf 85' lang='grc' dir='ltr'><strong><em>τι</em></strong></span> 
     </span>
    </p>
   </div>
   <div class='ocr_carea' id='block_1_72' title="bbox 453 4225 2036 4302">
    <p class='ocr_par' dir='ltr' id='par_1_72' title="bbox 453 4225 2036 4302">
     <span class='ocr_line' id='line_1_72' title="bbox 453 4225 2036 4302; baseline -0.004 -16"><span class='ocrx_word' id='word_1_483' title='bbox 453 4231 706 4302; x_wconf 77' lang='grc' dir='ltr'><em>βούλεται</em></span> <span class='ocrx_word' id='word_1_484' title='bbox 736 4229 952 4301; x_wconf 79' lang='grc' dir='ltr'><em>δηλοῦν.</em></span> <span class='ocrx_word' id='word_1_485' title='bbox 1004 4229 1063 4282; x_wconf 85' lang='lat'><strong><em>&#39;0</em></strong></span> <span class='ocrx_word' id='word_1_486' title='bbox 1087 4228 1279 4298; x_wconf 77' lang='grc' dir='ltr'><em>καιρὸς</em></span> <span class='ocrx_word' id='word_1_487' title='bbox 1301 4226 1400 4296; x_wconf 82' lang='grc' dir='ltr'><em>τῆς</em></span> <span class='ocrx_word' id='word_1_488' title='bbox 1435 4225 1717 4292; x_wconf 78' lang='grc' dir='ltr'><em>ἐκϐάσεως</em></span> <span class='ocrx_word' id='word_1_489' title='bbox 1740 4228 1849 4282; x_wconf 81' lang='grc' dir='ltr'><em>τῶν</em></span> <span class='ocrx_word' id='word_1_490' title='bbox 1884 4229 2036 4298; x_wconf 81' lang='grc' dir='ltr'><em>εἰρη-</em></span> 
     </span>
    </p>
   </div>
   <div class='ocr_carea' id='block_1_73' title="bbox 452 4309 2062 4392">
    <p class='ocr_par' dir='ltr' id='par_1_73' title="bbox 452 4309 2062 4392">
     <span class='ocr_line' id='line_1_73' title="bbox 452 4309 2062 4392; baseline -0.003 -17"><span class='ocrx_word' id='word_1_491' title='bbox 452 4322 659 4392; x_wconf 78' lang='grc' dir='ltr'><em>μένων,</em></span> <span class='ocrx_word' id='word_1_492' title='bbox 694 4322 754 4374; x_wconf 81' lang='grc' dir='ltr'><em>οὗ</em></span> <span class='ocrx_word' id='word_1_493' title='bbox 801 4321 864 4375; x_wconf 72' lang='grc' dir='ltr'><em>τὸ</em></span> <span class='ocrx_word' id='word_1_494' title='bbox 911 4320 1164 4374; x_wconf 72' lang='grc' dir='ltr'><em>πλεῖστον</em></span> <span class='ocrx_word' id='word_1_495' title='bbox 1193 4317 1387 4388; x_wconf 82' lang='grc' dir='ltr'><strong>ἀπέχει</strong></span> <span class='ocrx_word' id='word_1_496' title='bbox 1437 4316 1548 4371; x_wconf 77' lang='grc' dir='ltr'><em>τῶν</em></span> <span class='ocrx_word' id='word_1_497' title='bbox 1586 4319 1900 4389; x_wconf 82' lang='grc' dir='ltr'><em>εἰρημένων</em></span> <span class='ocrx_word' id='word_1_498' title='bbox 1953 4309 2062 4381; x_wconf 73' lang='grc' dir='ltr'><strong><em>ὡς’</em></strong></span> 
     </span>
    </p>
   </div>
   <div class='ocr_carea' id='block_1_74' title="bbox 448 4409 2032 4485">
    <p class='ocr_par' dir='ltr' id='par_1_74' title="bbox 448 4409 2032 4485">
     <span class='ocr_line' id='line_1_74' title="bbox 448 4409 2032 4485; baseline -0.004 -17"><span class='ocrx_word' id='word_1_499' title='bbox 448 4415 596 4481; x_wconf 84' lang='grc' dir='ltr'><em>τότε,</em></span> <span class='ocrx_word' id='word_1_500' title='bbox 622 4413 758 4468; x_wconf 79' lang='grc' dir='ltr'><em>ἀλλὰ</em></span> <span class='ocrx_word' id='word_1_501' title='bbox 780 4413 855 4485; x_wconf 76' lang='grc' dir='ltr'><strong><em>μὴ</em></strong></span> <span class='ocrx_word' id='word_1_502' title='bbox 877 4412 971 4465; x_wconf 78' lang='grc' dir='ltr'><em>νῦν</em></span> <span class='ocrx_word' id='word_1_503' title='bbox 999 4411 1184 4483; x_wconf 79' lang='grc' dir='ltr'><em>χρείαν</em></span> <span class='ocrx_word' id='word_1_504' title='bbox 1215 4410 1355 4482; x_wconf 75' lang='grc' dir='ltr'><em>ἔχεις</em></span> <span class='ocrx_word' id='word_1_505' title='bbox 1386 4409 1566 4464; x_wconf 83' lang='grc' dir='ltr'><em>αὐτῶν</em></span> <span class='ocrx_word' id='word_1_506' title='bbox 1593 4409 1834 4466; x_wconf 84' lang='grc' dir='ltr'><em>ἀκούειν.</em></span> <span class='ocrx_word' id='word_1_507' title='bbox 1867 4411 2032 4464; x_wconf 85' lang='grc' dir='ltr'><em>Ὅσον</em></span> 
     </span>
    </p>
   </div>
   <div class='ocr_carea' id='block_1_75' title="bbox 2140 3302 3720 3375">
    <p class='ocr_par' dir='ltr' id='par_1_75' title="bbox 2140 3302 3720 3375">
     <span class='ocr_line' id='line_1_75' title="bbox 2140 3302 3720 3375; baseline -0.009 -11"><span class='ocrx_word' id='word_1_508' title='bbox 2140 3318 2288 3364; x_wconf 74' lang='lat' dir='ltr'><strong><em>uocet</em></strong></span> <span class='ocrx_word' id='word_1_509' title='bbox 2333 3317 2518 3366; x_wconf 82' lang='lat' dir='ltr'><strong><em>noceat</em></strong></span> <span class='ocrx_word' id='word_1_510' title='bbox 2563 3308 2758 3367; x_wconf 84' lang='lat' dir='ltr'><strong><em>adhuc.</em></strong></span> <span class='ocrx_word' id='word_1_511' title='bbox 2798 3315 2848 3360; x_wconf 89' lang='lat' dir='ltr'><strong><em>et</em></strong></span> <span class='ocrx_word' id='word_1_512' title='bbox 2891 3307 2982 3375; x_wconf 89' lang='lat' dir='ltr'><strong><em>qui</em></strong></span> <span class='ocrx_word' id='word_1_513' title='bbox 3023 3304 3271 3360; x_wconf 85' lang='lat' dir='ltr'><strong><em>sordidus</em></strong></span> <span class='ocrx_word' id='word_1_514' title='bbox 3323 3312 3400 3356; x_wconf 83' lang='lat' dir='ltr'><strong><em>est</em></strong></span> <span class='ocrx_word' id='word_1_515' title='bbox 3445 3302 3720 3355; x_wconf 78' lang='lat' dir='ltr'><strong><em>sordescat</em></strong></span> 
     </span>
    </p>
   </div>
   <div class='ocr_carea' id='block_1_76' title="bbox 2138 3390 3720 3469">
    <p class='ocr_par' dir='ltr' id='par_1_76' title="bbox 2138 3390 3720 3469">
     <span class='ocr_line' id='line_1_76' title="bbox 2138 3390 3720 3469; baseline -0.009 -14"><span class='ocrx_word' id='word_1_516' title='bbox 2138 3401 2333 3467; x_wconf 88' lang='lat' dir='ltr'><strong><em>adhuc,</em></strong></span> <span class='ocrx_word' id='word_1_517' title='bbox 2356 3409 2406 3453; x_wconf 81' lang='lat' dir='ltr'><strong><em>et</em></strong></span> <span class='ocrx_word' id='word_1_518' title='bbox 2420 3400 2602 3469; x_wconf 88' lang='lat' dir='ltr'><strong><em>justus</em></strong></span> <span class='ocrx_word' id='word_1_519' title='bbox 2623 3397 2954 3466; x_wconf 77' lang='lat' dir='ltr'><strong><em>justiﬁcctur</em></strong></span> <span class='ocrx_word' id='word_1_520' title='bbox 2977 3396 3169 3461; x_wconf 85' lang='lat' dir='ltr'><strong><em>adhuc,</em></strong></span> <span class='ocrx_word' id='word_1_521' title='bbox 3194 3403 3244 3448; x_wconf 85' lang='lat' dir='ltr'><strong><em>et</em></strong></span> <span class='ocrx_word' id='word_1_522' title='bbox 3273 3401 3486 3448; x_wconf 83' lang='lat' dir='ltr'><strong><em>sanctus</em></strong></span> <span class='ocrx_word' id='word_1_523' title='bbox 3517 3390 3690 3445; x_wconf 84' lang='lat' dir='ltr'><strong><em>sancti</em></strong></span> <span class='ocrx_word' id='word_1_524' title='bbox 3707 3419 3720 3428; x_wconf 95' lang='lat'><strong>-</strong></span> 
     </span>
    </p>
   </div>
   <div class='ocr_carea' id='block_1_77' title="bbox 2138 3490 3720 3564">
    <p class='ocr_par' dir='ltr' id='par_1_77' title="bbox 2138 3490 3720 3564">
     <span class='ocr_line' id='line_1_77' title="bbox 2138 3490 3720 3564; baseline -0.008 -17"><span class='ocrx_word' id='word_1_525' title='bbox 2138 3495 2324 3564; x_wconf 85' lang='lat' dir='ltr'><strong><em>ﬁcelur</em></strong></span> <span class='ocrx_word' id='word_1_526' title='bbox 2344 3493 2537 3546; x_wconf 81' lang='lat' dir='ltr'><strong><em>adhuc.</em></strong></span> <span class='ocrx_word' id='word_1_527' title='bbox 2570 3490 2702 3545; x_wconf 86' lang='lat' dir='ltr'><strong><em>Ecce</em></strong></span> <span class='ocrx_word' id='word_1_528' title='bbox 2731 3490 2880 3544; x_wconf 77' lang='lat' dir='ltr'><strong><em>venio</em></strong></span> <span class='ocrx_word' id='word_1_529' title='bbox 2909 3490 3036 3555; x_wconf 89' lang='lat' dir='ltr'><strong><em>cito,</em></strong></span> <span class='ocrx_word' id='word_1_530' title='bbox 3066 3497 3118 3543; x_wconf 86' lang='lat' dir='ltr'><strong><em>et</em></strong></span> <span class='ocrx_word' id='word_1_531' title='bbox 3159 3503 3352 3541; x_wconf 87' lang='lat' dir='ltr'><strong><em>merces</em></strong></span> <span class='ocrx_word' id='word_1_532' title='bbox 3382 3501 3493 3538; x_wconf 81' lang='lat' dir='ltr'><strong><em>mea</em></strong></span> <span class='ocrx_word' id='word_1_533' title='bbox 3519 3498 3720 3536; x_wconf 84' lang='lat' dir='ltr'><strong><em>mecum</em></strong></span> 
     </span>
    </p>
   </div>
   <div class='ocr_carea' id='block_1_78' title="bbox 2136 3573 3722 3653">
    <p class='ocr_par' dir='ltr' id='par_1_78' title="bbox 2136 3573 3722 3653">
     <span class='ocr_line' id='line_1_78' title="bbox 2136 3573 3722 3653; baseline -0.009 -14"><span class='ocrx_word' id='word_1_534' title='bbox 2136 3595 2238 3648; x_wconf 86' lang='lat' dir='ltr'><strong><em>est.</em></strong></span> <span class='ocrx_word' id='word_1_535' title='bbox 2260 3593 2318 3638; x_wconf 89' lang='lat' dir='ltr'><strong><em>ut</em></strong></span> <span class='ocrx_word' id='word_1_536' title='bbox 2341 3586 2458 3638; x_wconf 87' lang='lat' dir='ltr'><strong><em>dem</em></strong></span> <span class='ocrx_word' id='word_1_537' title='bbox 2491 3582 2775 3653; x_wconf 78' lang='lat' dir='ltr'><strong><em>unicuique</em></strong></span> <span class='ocrx_word' id='word_1_538' title='bbox 2798 3581 2936 3635; x_wconf 87' lang='lat' dir='ltr'><strong><em>sicut</em></strong></span> <span class='ocrx_word' id='word_1_539' title='bbox 2971 3595 3100 3649; x_wconf 81' lang='lat' dir='ltr'><strong><em>opus</em></strong></span> <span class='ocrx_word' id='word_1_540' title='bbox 3125 3578 3274 3633; x_wconf 81' lang='lat' dir='ltr'><strong><em>illius</em></strong></span> <span class='ocrx_word' id='word_1_541' title='bbox 3295 3577 3418 3632; x_wconf 81' lang='lat' dir='ltr'><strong><em>erit.</em></strong></span> <span class='ocrx_word' id='word_1_542' title='bbox 3451 3573 3564 3644; x_wconf 88' lang='lat' dir='ltr'><strong><em>Ego</em></strong></span> <span class='ocrx_word' id='word_1_543' title='bbox 3603 3588 3722 3626; x_wconf 76' lang='lat' dir='ltr'><strong><em>sunt</em></strong></span> 
     </span>
    </p>
   </div>
   <div class='ocr_carea' id='block_1_79' title="bbox 2137 3665 3648 3744">
    <p class='ocr_par' dir='ltr' id='par_1_79' title="bbox 2137 3665 3648 3744">
     <span class='ocr_line' id='line_1_79' title="bbox 2137 3665 3648 3744; baseline -0.01 -13"><span class='ocrx_word' id='word_1_544' title='bbox 2137 3694 2176 3731; x_wconf 86' lang='grc' dir='ltr'><strong><em>α</em></strong></span> <span class='ocrx_word' id='word_1_545' title='bbox 2207 3686 2256 3730; x_wconf 83' lang='lat' dir='ltr'><strong><em>et</em></strong></span> <span class='ocrx_word' id='word_1_546' title='bbox 2295 3693 2358 3742; x_wconf 91' lang='grc' dir='ltr'><strong><em>ω,</em></strong></span> <span class='ocrx_word' id='word_1_547' title='bbox 2382 3673 2703 3744; x_wconf 85' lang='lat' dir='ltr'><strong><em>principium</em></strong></span> <span class='ocrx_word' id='word_1_548' title='bbox 2731 3680 2782 3727; x_wconf 87' lang='lat' dir='ltr'><strong><em>et</em></strong></span> <span class='ocrx_word' id='word_1_549' title='bbox 2822 3672 2968 3743; x_wconf 76' lang='lat' dir='ltr'><strong><em>ﬁnis,</em></strong></span> <span class='ocrx_word' id='word_1_550' title='bbox 2997 3671 3202 3743; x_wconf 78' lang='lat' dir='ltr'><strong><em>primus</em></strong></span> <span class='ocrx_word' id='word_1_551' title='bbox 3223 3677 3272 3724; x_wconf 88' lang='lat' dir='ltr'><strong><em>et</em></strong></span> <span class='ocrx_word' id='word_1_552' title='bbox 3310 3665 3648 3721; x_wconf 83' lang='lat' dir='ltr'><strong><em>novissimus.</em></strong></span> 
     </span>
    </p>
   </div>
   <div class='ocr_carea' id='block_1_80' title="bbox 2210 3927 3726 4011">
    <p class='ocr_par' dir='ltr' id='par_1_80' title="bbox 2210 3927 3726 4011">
     <span class='ocr_line' id='line_1_80' title="bbox 2210 3927 3726 4011; baseline -0.012 -16"><span class='ocrx_word' id='word_1_553' title='bbox 2210 3940 2294 3995; x_wconf 84' lang='lat' dir='ltr'><strong><em>Ne</em></strong></span> <span class='ocrx_word' id='word_1_554' title='bbox 2315 3938 2696 4011; x_wconf 84' lang='lat' dir='ltr'><strong><em>obsignareris,</em></strong></span> <span class='ocrx_word' id='word_1_555' title='bbox 2755 3945 2860 3991; x_wconf 88' lang='lat' dir='ltr'><strong><em>etc.</em></strong></span> <span class='ocrx_word' id='word_1_556' title='bbox 2898 3933 3012 3989; x_wconf 86' lang='lat' dir='ltr'><strong><em>lioc</em></strong></span> <span class='ocrx_word' id='word_1_557' title='bbox 3047 3942 3152 3999; x_wconf 84' lang='lat' dir='ltr'><strong><em>est,</em></strong></span> <span class='ocrx_word' id='word_1_558' title='bbox 3215 3945 3284 3985; x_wconf 88' lang='lat' dir='ltr'><strong><em>ne</em></strong></span> <span class='ocrx_word' id='word_1_559' title='bbox 3320 3927 3463 3997; x_wconf 90' lang='lat' dir='ltr'><strong><em>apud</em></strong></span> <span class='ocrx_word' id='word_1_560' title='bbox 3498 3937 3549 3980; x_wconf 88' lang='lat' dir='ltr'><strong><em>te</em></strong></span> <span class='ocrx_word' id='word_1_561' title='bbox 3591 3939 3726 3978; x_wconf 77' lang='lat' dir='ltr'><strong><em>con-</em></strong></span> 
     </span>
    </p>
   </div>
   <div class='ocr_carea' id='block_1_81' title="bbox 2136 4019 3724 4096">
    <p class='ocr_par' dir='ltr' id='par_1_81' title="bbox 2136 4019 3724 4096">
     <span class='ocr_line' id='line_1_81' title="bbox 2136 4019 3724 4096; baseline -0.012 -7"><span class='ocrx_word' id='word_1_562' title='bbox 2136 4035 2320 4091; x_wconf 87' lang='lat' dir='ltr'><strong><em>clusos</em></strong></span> <span class='ocrx_word' id='word_1_563' title='bbox 2345 4046 2552 4096; x_wconf 85' lang='lat' dir='ltr'><strong><em>serves,</em></strong></span> <span class='ocrx_word' id='word_1_564' title='bbox 2585 4031 2676 4084; x_wconf 87' lang='lat' dir='ltr'><strong><em>sed</em></strong></span> <span class='ocrx_word' id='word_1_565' title='bbox 2715 4026 3006 4084; x_wconf 82' lang='lat' dir='ltr'><strong><em>manifesta</em></strong></span> <span class='ocrx_word' id='word_1_566' title='bbox 3039 4023 3319 4080; x_wconf 86' lang='lat' dir='ltr'><strong><em>omnibus.</em></strong></span> <span class='ocrx_word' id='word_1_567' title='bbox 3345 4023 3450 4076; x_wconf 87' lang='lat' dir='ltr'><strong><em>Per</em></strong></span> <span class='ocrx_word' id='word_1_568' title='bbox 3487 4019 3589 4073; x_wconf 80' lang='lat' dir='ltr'><strong><em>hoc</em></strong></span> <span class='ocrx_word' id='word_1_569' title='bbox 3623 4033 3724 4071; x_wconf 87' lang='lat' dir='ltr'><strong><em>au-</em></strong></span> 
     </span>
    </p>
   </div>
   <div class='ocr_carea' id='block_1_82' title="bbox 2137 4105 3725 4192">
    <p class='ocr_par' dir='ltr' id='par_1_82' title="bbox 2137 4105 3725 4192">
     <span class='ocr_line' id='line_1_82' title="bbox 2137 4105 3725 4192; baseline -0.013 -13"><span class='ocrx_word' id='word_1_570' title='bbox 2137 4135 2245 4179; x_wconf 88' lang='lat' dir='ltr'><strong><em>tem</em></strong></span> <span class='ocrx_word' id='word_1_571' title='bbox 2278 4121 2422 4192; x_wconf 87' lang='lat' dir='ltr'><strong><em>quod</em></strong></span> <span class='ocrx_word' id='word_1_572' title='bbox 2443 4121 2520 4178; x_wconf 84' lang='lat' dir='ltr'><strong><em>ait</em></strong></span> <span class='ocrx_word' id='word_1_573' title='bbox 2560 4137 2575 4175; x_wconf 88' lang='lat'><strong>:</strong></span> <span class='ocrx_word' id='word_1_574' title='bbox 2611 4122 2830 4186; x_wconf 88' lang='lat' dir='ltr'><strong><em>Tempus</em></strong></span> <span class='ocrx_word' id='word_1_575' title='bbox 2860 4131 3024 4187; x_wconf 85' lang='lat' dir='ltr'><strong><em>prope</em></strong></span> <span class='ocrx_word' id='word_1_576' title='bbox 3049 4121 3150 4180; x_wconf 83' lang='lat' dir='ltr'><strong><em>est,</em></strong></span> <span class='ocrx_word' id='word_1_577' title='bbox 3197 4111 3301 4166; x_wconf 84' lang='lat' dir='ltr'><strong><em>tale</em></strong></span> <span class='ocrx_word' id='word_1_578' title='bbox 3333 4108 3614 4178; x_wconf 85' lang='lat' dir='ltr'><strong><em>quidpiam</em></strong></span> <span class='ocrx_word' id='word_1_579' title='bbox 3651 4105 3725 4160; x_wconf 87' lang='lat' dir='ltr'><strong><em>si-</em></strong></span> 
     </span>
    </p>
   </div>
   <div class='ocr_carea' id='block_1_83' title="bbox 2136 4203 3725 4287">
    <p class='ocr_par' dir='ltr' id='par_1_83' title="bbox 2136 4203 3725 4287">
     <span class='ocr_line' id='line_1_83' title="bbox 2136 4203 3725 4287; baseline -0.013 -17"><span class='ocrx_word' id='word_1_580' title='bbox 2136 4215 2396 4287; x_wconf 76' lang='lat' dir='ltr'><strong><em>gnificare</em></strong></span> <span class='ocrx_word' id='word_1_581' title='bbox 2451 4213 2585 4267; x_wconf 83' lang='lat' dir='ltr'><strong><em>vult.</em></strong></span> <span class='ocrx_word' id='word_1_582' title='bbox 2659 4208 2896 4278; x_wconf 82' lang='lat' dir='ltr'><strong><em>Tempus</em></strong></span> <span class='ocrx_word' id='word_1_583' title='bbox 2943 4221 3054 4276; x_wconf 90' lang='lat' dir='ltr'><strong><em>quo</em></strong></span> <span class='ocrx_word' id='word_1_584' title='bbox 3115 4203 3440 4271; x_wconf 83' lang='lat' dir='ltr'><strong><em>contingant</em></strong></span> <span class='ocrx_word' id='word_1_585' title='bbox 3483 4213 3545 4253; x_wconf 87' lang='lat' dir='ltr'><strong><em>ea</em></strong></span> <span class='ocrx_word' id='word_1_586' title='bbox 3601 4211 3725 4266; x_wconf 66' lang='lat' dir='ltr'><strong><em>quas</em></strong></span> 
     </span>
    </p>
   </div>
   <div class='ocr_carea' id='block_1_84' title="bbox 2135 4294 3724 4367">
    <p class='ocr_par' dir='ltr' id='par_1_84' title="bbox 2135 4294 3724 4367">
     <span class='ocr_line' id='line_1_84' title="bbox 2135 4294 3724 4367; baseline -0.015 0"><span class='ocrx_word' id='word_1_587' title='bbox 2135 4311 2282 4367; x_wconf 89' lang='lat' dir='ltr'><strong><em>dicta</em></strong></span> <span class='ocrx_word' id='word_1_588' title='bbox 2312 4315 2442 4364; x_wconf 85' lang='lat' dir='ltr'><strong><em>sunt</em></strong></span> <span class='ocrx_word' id='word_1_589' title='bbox 2465 4322 2570 4362; x_wconf 92' lang='lat' dir='ltr'><strong><em>non</em></strong></span> <span class='ocrx_word' id='word_1_590' title='bbox 2600 4303 2834 4362; x_wconf 81' lang='lat' dir='ltr'><strong><em>multum</em></strong></span> <span class='ocrx_word' id='word_1_591' title='bbox 2869 4301 3024 4356; x_wconf 89' lang='lat' dir='ltr'><strong><em>abest</em></strong></span> <span class='ocrx_word' id='word_1_592' title='bbox 3047 4313 3076 4353; x_wconf 88' lang='lat' dir='ltr'><strong><em>a</em></strong></span> <span class='ocrx_word' id='word_1_593' title='bbox 3105 4296 3267 4351; x_wconf 87' lang='lat' dir='ltr'><strong><em>dictis</em></strong></span> <span class='ocrx_word' id='word_1_594' title='bbox 3308 4294 3474 4349; x_wconf 87' lang='lat' dir='ltr'><strong><em>rebus</em></strong></span> <span class='ocrx_word' id='word_1_595' title='bbox 3511 4300 3567 4345; x_wconf 87' lang='lat' dir='ltr'><strong><em>ut</em></strong></span> <span class='ocrx_word' id='word_1_596' title='bbox 3591 4301 3724 4344; x_wconf 87' lang='lat' dir='ltr'><strong><em>tunc</em></strong></span> 
     </span>
    </p>
   </div>
   <div class='ocr_carea' id='block_1_85' title="bbox 2136 4383 3720 4471">
    <p class='ocr_par' dir='ltr' id='par_1_85' title="bbox 2136 4383 3720 4471">
     <span class='ocr_line' id='line_1_85' title="bbox 2136 4383 3720 4471; baseline -0.015 -13"><span class='ocrx_word' id='word_1_597' title='bbox 2136 4401 2476 4471; x_wconf 85' lang='lat' dir='ltr'><strong><em>contingant,</em></strong></span> <span class='ocrx_word' id='word_1_598' title='bbox 2505 4407 2563 4452; x_wconf 88' lang='lat' dir='ltr'><strong><em>at</em></strong></span> <span class='ocrx_word' id='word_1_599' title='bbox 2594 4411 2702 4451; x_wconf 89' lang='lat' dir='ltr'><strong><em>non</em></strong></span> <span class='ocrx_word' id='word_1_600' title='bbox 2736 4393 2900 4449; x_wconf 88' lang='lat' dir='ltr'><strong><em>modo</em></strong></span> <span class='ocrx_word' id='word_1_601' title='bbox 2925 4392 3017 4446; x_wconf 88' lang='lat' dir='ltr'><strong><em>tibi</em></strong></span> <span class='ocrx_word' id='word_1_602' title='bbox 3037 4402 3262 4444; x_wconf 83' lang='lat' dir='ltr'><strong><em>necesse</em></strong></span> <span class='ocrx_word' id='word_1_603' title='bbox 3292 4394 3378 4441; x_wconf 84' lang='lat' dir='ltr'><strong><em>est</em></strong></span> <span class='ocrx_word' id='word_1_604' title='bbox 3407 4399 3470 4439; x_wconf 87' lang='lat' dir='ltr'><strong><em>ea</em></strong></span> <span class='ocrx_word' id='word_1_605' title='bbox 3506 4383 3720 4438; x_wconf 82' lang='lat' dir='ltr'><strong><em>audire.</em></strong></span> 
     </span>
    </p>
   </div>
   <div class='ocr_carea' id='block_1_86' title="bbox 452 4482 2031 4579">
    <p class='ocr_par' dir='ltr' id='par_1_86' title="bbox 452 4482 2031 4579">
     <span class='ocr_line' id='line_1_86' title="bbox 452 4482 2031 4579; baseline -0.004 -18"><span class='ocrx_word' id='word_1_606' title='bbox 452 4509 560 4579; x_wconf 86' lang='grc' dir='ltr'><em>μὲν</em></span> <span class='ocrx_word' id='word_1_607' title='bbox 609 4503 702 4561; x_wconf 79' lang='grc' dir='ltr'><em>οὖν</em></span> <span class='ocrx_word' id='word_1_608' title='bbox 732 4482 792 4560; x_wconf 73' lang='grc' dir='ltr'><strong><em>τδ</em></strong></span> <span class='ocrx_word' id='word_1_609' title='bbox 827 4482 904 4577; x_wconf 77' lang='grc' dir='ltr'><strong><em>μὴ</em></strong></span> <span class='ocrx_word' id='word_1_610' title='bbox 939 4482 1045 4576; x_wconf 13' lang='grc' dir='ltr'><em>ῆδηί</em></span> <span class='ocrx_word' id='word_1_611' title='bbox 1072 4506 1351 4575; x_wconf 76' lang='grc' dir='ltr'><em>παρεῖναι,</em></span> <span class='ocrx_word' id='word_1_612' title='bbox 1408 4501 1628 4556; x_wconf 78' lang='grc' dir='ltr'><em>ἀκούειν</em></span> <span class='ocrx_word' id='word_1_613' title='bbox 1668 4503 1849 4574; x_wconf 87' lang='grc' dir='ltr'><em>χρεία,</em></span> <span class='ocrx_word' id='word_1_614' title='bbox 1907 4503 2031 4556; x_wconf 78' lang='grc' dir='ltr'><em>ὅσον</em></span> 
     </span>
    </p>
   </div>
   <div class='ocr_carea' id='block_1_87' title="bbox 2131 4482 3724 4579">
    <p class='ocr_par' dir='ltr' id='par_1_87' title="bbox 2135 4482 3724 4562">
     <span class='ocr_line' id='line_1_87' title="bbox 2135 4482 3724 4562; baseline -0.016 -11"><span class='ocrx_word' id='word_1_615' title='bbox 2135 4495 2424 4562; x_wconf 81' lang='lat' dir='ltr'><strong><em>Quatenus</em></strong></span> <span class='ocrx_word' id='word_1_616' title='bbox 2476 4491 2644 4561; x_wconf 83' lang='lat' dir='ltr'><strong><em>igitur</em></strong></span> <span class='ocrx_word' id='word_1_617' title='bbox 2685 4501 2834 4542; x_wconf 90' lang='lat' dir='ltr'><strong><em>nunc</em></strong></span> <span class='ocrx_word' id='word_1_618' title='bbox 2894 4500 3004 4538; x_wconf 92' lang='lat' dir='ltr'><strong><em>non</em></strong></span> <span class='ocrx_word' id='word_1_619' title='bbox 3046 4482 3271 4544; x_wconf 84' lang='lat' dir='ltr'><strong><em>adsunt,</em></strong></span> <span class='ocrx_word' id='word_1_620' title='bbox 3335 4493 3472 4548; x_wconf 90' lang='lat' dir='ltr'><strong><em>opus</em></strong></span> <span class='ocrx_word' id='word_1_621' title='bbox 3511 4483 3596 4529; x_wconf 90' lang='lat' dir='ltr'><strong><em>est</em></strong></span> <span class='ocrx_word' id='word_1_622' title='bbox 3623 4489 3724 4527; x_wconf 82' lang='lat' dir='ltr'><strong><em>au-</em></strong></span> 
     </span>
    </p>
   </div>
   <div class='ocr_carea' id='block_1_88' title="bbox 449 4594 2036 4669">
    <p class='ocr_par' dir='ltr' id='par_1_88' title="bbox 449 4594 2036 4669">
     <span class='ocr_line' id='line_1_88' title="bbox 449 4594 2036 4669; baseline -0.003 -15"><span class='ocrx_word' id='word_1_623' title='bbox 449 4601 510 4654; x_wconf 79' lang='grc' dir='ltr'><em>δὲ</em></span> <span class='ocrx_word' id='word_1_624' title='bbox 546 4599 607 4653; x_wconf 83' lang='grc' dir='ltr'><em>τὺ</em></span> <span class='ocrx_word' id='word_1_625' title='bbox 659 4597 820 4669; x_wconf 84' lang='grc' dir='ltr'><em>μόνον</em></span> <span class='ocrx_word' id='word_1_626' title='bbox 850 4598 911 4650; x_wconf 70' lang='grc' dir='ltr'><em>οὗ</em></span> <span class='ocrx_word' id='word_1_627' title='bbox 957 4598 1238 4666; x_wconf 84' lang='grc' dir='ltr'><em>παρεῖναι,</em></span> <span class='ocrx_word' id='word_1_628' title='bbox 1289 4594 1424 4650; x_wconf 75' lang='grc' dir='ltr'><strong><em>ἀλλά</em></strong></span> <span class='ocrx_word' id='word_1_629' title='bbox 1461 4595 1648 4666; x_wconf 78' lang='grc' dir='ltr'><em>σχεδὸν</em></span> <span class='ocrx_word' id='word_1_630' title='bbox 1672 4595 2036 4668; x_wconf 74' lang='grc' dir='ltr'><em>ἐνεργεῖσθαι,</em></span> 
     </span>
    </p>
   </div>
   <div class='ocr_carea' id='block_1_89' title="bbox 451 4687 1085 4760">
    <p class='ocr_par' dir='ltr' id='par_1_89' title="bbox 451 4687 1085 4760">
     <span class='ocr_line' id='line_1_89' title="bbox 451 4687 1085 4760; baseline -0.002 -17"><span class='ocrx_word' id='word_1_631' title='bbox 451 4689 714 4760; x_wconf 74' lang='grc' dir='ltr'><em>περιττὸν</em></span> <span class='ocrx_word' id='word_1_632' title='bbox 747 4689 809 4742; x_wconf 82' lang='grc' dir='ltr'><em>τὸ</em></span> <span class='ocrx_word' id='word_1_633' title='bbox 842 4687 1085 4742; x_wconf 82' lang='grc' dir='ltr'><em>ἀκούειν.</em></span> 
     </span>
    </p>
   </div>
   <div class='ocr_carea' id='block_1_90' title="bbox 539 4781 2034 4853">
    <p class='ocr_par' dir='ltr' id='par_1_90' title="bbox 539 4781 2034 4853">
     <span class='ocr_line' id='line_1_90' title="bbox 539 4781 2034 4853; baseline 0 -17"><span class='ocrx_word' id='word_1_634' title='bbox 539 4783 602 4836; x_wconf 83' lang='lat'><strong><em>&#39;0</em></strong></span> <span class='ocrx_word' id='word_1_635' title='bbox 627 4783 851 4838; x_wconf 83' lang='grc' dir='ltr'><em>ἀδικῶν</em></span> <span class='ocrx_word' id='word_1_636' title='bbox 873 4781 1214 4852; x_wconf 74' lang='grc' dir='ltr'><em>ἀδικησάτω</em></span> <span class='ocrx_word' id='word_1_637' title='bbox 1255 4781 1362 4837; x_wconf 78' lang='grc' dir='ltr'><em>ἔτι.</em></span> <span class='ocrx_word' id='word_1_638' title='bbox 1401 4781 1476 4836; x_wconf 76' lang='grc' dir='ltr'><strong><em>Οὐ</em></strong></span> <span class='ocrx_word' id='word_1_639' title='bbox 1532 4782 1821 4853; x_wconf 67' lang='grc' dir='ltr'><em>προτροπὴ</em></span> <span class='ocrx_word' id='word_1_640' title='bbox 1850 4781 2034 4848; x_wconf 82' lang='grc' dir='ltr'><em>τοῦτο,</em></span> 
     </span>
    </p>
   </div>
   <div class='ocr_carea' id='block_1_91' title="bbox 452 4871 2037 4945">
    <p class='ocr_par' dir='ltr' id='par_1_91' title="bbox 452 4871 2037 4945">
     <span class='ocr_line' id='line_1_91' title="bbox 452 4871 2037 4945; baseline 0 -19"><span class='ocrx_word' id='word_1_641' title='bbox 452 4871 573 4926; x_wconf 81' lang='grc' dir='ltr'><em>ἀλλ’</em></span> <span class='ocrx_word' id='word_1_642' title='bbox 621 4873 844 4944; x_wconf 80' lang='grc' dir='ltr'><em>ἐλεγχος</em></span> <span class='ocrx_word' id='word_1_643' title='bbox 879 4873 981 4945; x_wconf 82' lang='grc' dir='ltr'><em>τῆς</em></span> <span class='ocrx_word' id='word_1_644' title='bbox 1031 4873 1263 4928; x_wconf 76' lang='grc' dir='ltr'><em>ἑκάστου</em></span> <span class='ocrx_word' id='word_1_645' title='bbox 1298 4873 1434 4944; x_wconf 83' lang='grc' dir='ltr'><strong><em>πρὸς</em></strong></span> <span class='ocrx_word' id='word_1_646' title='bbox 1462 4872 1491 4927; x_wconf 85' lang='grc' dir='ltr'><strong>ὅ</strong></span> <span class='ocrx_word' id='word_1_647' title='bbox 1532 4889 1584 4927; x_wconf 85' lang='grc' dir='ltr'><strong><em>τι</em></strong></span> <span class='ocrx_word' id='word_1_648' title='bbox 1634 4873 1732 4927; x_wconf 78' lang='grc' dir='ltr'><em>καὶ</em></span> <span class='ocrx_word' id='word_1_649' title='bbox 1789 4871 2037 4944; x_wconf 80' lang='grc' dir='ltr'><em>βούλοιτο</em></span> 
     </span>
    </p>
   </div>
   <div class='ocr_carea' id='block_1_92' title="bbox 451 4964 655 5038">
    <p class='ocr_par' dir='ltr' id='par_1_92' title="bbox 451 4964 655 5038">
     <span class='ocr_line' id='line_1_92' title="bbox 451 4964 655 5038; baseline -0.02 0"><span class='ocrx_word' id='word_1_650' title='bbox 451 4964 655 5038; x_wconf 69' lang='grc' dir='ltr'><strong><em>ὁρμῆς.</em></strong></span> 
     </span>
    </p>
   </div>
   <div class='ocr_carea' id='block_1_93' title="bbox 539 5053 2036 5128">
    <p class='ocr_par' dir='ltr' id='par_1_93' title="bbox 539 5053 2036 5128">
     <span class='ocr_line' id='line_1_93' title="bbox 539 5053 2036 5128; baseline -0.003 -16"><span class='ocrx_word' id='word_1_651' title='bbox 539 5055 696 5112; x_wconf 86' lang='grc' dir='ltr'><em>Ἰδοὺ</em></span> <span class='ocrx_word' id='word_1_652' title='bbox 725 5055 970 5127; x_wconf 79' lang='grc' dir='ltr'><em>ἔρχομαι</em></span> <span class='ocrx_word' id='word_1_653' title='bbox 992 5057 1164 5128; x_wconf 79' lang='grc' dir='ltr'><em>ταχύ.</em></span> <span class='ocrx_word' id='word_1_654' title='bbox 1195 5057 1269 5110; x_wconf 83' lang='grc' dir='ltr'><em>Τδ</em></span> <span class='ocrx_word' id='word_1_655' title='bbox 1291 5055 1446 5126; x_wconf 83' lang='grc' dir='ltr'><em>Ταχὺ</em></span> <span class='ocrx_word' id='word_1_656' title='bbox 1478 5054 1592 5108; x_wconf 84' lang='grc' dir='ltr'><em>είτε</em></span> <span class='ocrx_word' id='word_1_657' title='bbox 1618 5053 1904 5124; x_wconf 81' lang='grc' dir='ltr'><em>συγκρίσει</em></span> <span class='ocrx_word' id='word_1_658' title='bbox 1927 5054 2036 5108; x_wconf 84' lang='grc' dir='ltr'><em>τῶν</em></span> 
     </span>
    </p>
   </div>
   <div class='ocr_carea' id='block_1_94' title="bbox 453 5146 2036 5220">
    <p class='ocr_par' dir='ltr' id='par_1_94' title="bbox 453 5146 2036 5220">
     <span class='ocr_line' id='line_1_94' title="bbox 453 5146 2036 5220; baseline -0.001 -18"><span class='ocrx_word' id='word_1_659' title='bbox 453 5149 784 5219; x_wconf 83' lang='grc' dir='ltr'><em>ἀπεράντων</em></span> <span class='ocrx_word' id='word_1_660' title='bbox 818 5148 1032 5204; x_wconf 83' lang='grc' dir='ltr'><em>αἰώνων</em></span> <span class='ocrx_word' id='word_1_661' title='bbox 1083 5147 1322 5220; x_wconf 78' lang='grc' dir='ltr'><em>εἴρηται,</em></span> <span class='ocrx_word' id='word_1_662' title='bbox 1372 5148 1405 5218; x_wconf 81' lang='grc' dir='ltr'>ἢ</span> <span class='ocrx_word' id='word_1_663' title='bbox 1442 5147 1537 5201; x_wconf 75' lang='grc' dir='ltr'><em>καὶ</em></span> <span class='ocrx_word' id='word_1_664' title='bbox 1573 5147 1712 5218; x_wconf 83' lang='grc' dir='ltr'><em>πρὸς</em></span> <span class='ocrx_word' id='word_1_665' title='bbox 1765 5146 2036 5217; x_wconf 81' lang='grc' dir='ltr'><em>εὐθυμίαν</em></span> 
     </span>
    </p>
   </div>
   <div class='ocr_carea' id='block_1_95' title="bbox 455 5237 2038 5311">
    <p class='ocr_par' dir='ltr' id='par_1_95' title="bbox 455 5237 2038 5311">
     <span class='ocr_line' id='line_1_95' title="bbox 455 5237 2038 5311; baseline -0.001 -20"><span class='ocrx_word' id='word_1_666' title='bbox 455 5237 568 5291; x_wconf 81' lang='grc' dir='ltr'><em>τῶν</em></span> <span class='ocrx_word' id='word_1_667' title='bbox 621 5239 1078 5310; x_wconf 79' lang='grc' dir='ltr'><em>ἀπεκδεχομὲνων</em></span> <span class='ocrx_word' id='word_1_668' title='bbox 1106 5239 1205 5311; x_wconf 78' lang='grc' dir='ltr'><em>τὴν</em></span> <span class='ocrx_word' id='word_1_669' title='bbox 1260 5238 1549 5302; x_wconf 82' lang='grc' dir='ltr'><em>ἀντίδοσιν,</em></span> <span class='ocrx_word' id='word_1_670' title='bbox 1600 5237 1633 5308; x_wconf 82' lang='grc' dir='ltr'>ἢ</span> <span class='ocrx_word' id='word_1_671' title='bbox 1684 5237 1779 5291; x_wconf 75' lang='grc' dir='ltr'><em>καὶ</em></span> <span class='ocrx_word' id='word_1_672' title='bbox 1832 5237 1920 5290; x_wconf 75' lang='grc' dir='ltr'><em>διὰ</em></span> <span class='ocrx_word' id='word_1_673' title='bbox 1977 5238 2038 5290; x_wconf 86' lang='grc' dir='ltr'><strong><em>τδ</em></strong></span> 
     </span>
    </p>
   </div>
   <div class='ocr_carea' id='block_1_96' title="bbox 456 5329 2033 5403">
    <p class='ocr_par' dir='ltr' id='par_1_96' title="bbox 456 5329 2033 5403">
     <span class='ocr_line' id='line_1_96' title="bbox 456 5329 2033 5403; baseline 0.001 -19"><span class='ocrx_word' id='word_1_674' title='bbox 456 5330 902 5403; x_wconf 70' lang='grc' dir='ltr'><em>ἀπαραλόγιστον</em></span> <span class='ocrx_word' id='word_1_675' title='bbox 926 5333 1022 5386; x_wconf 72' lang='grc' dir='ltr'><em>καὶ</em></span> <span class='ocrx_word' id='word_1_676' title='bbox 1051 5333 1268 5396; x_wconf 81' lang='grc' dir='ltr'><em>πάντως</em></span> <span class='ocrx_word' id='word_1_677' title='bbox 1309 5329 1696 5402; x_wconf 78' lang='grc' dir='ltr'><em>ἁνυπερθέτως</em></span> <span class='ocrx_word' id='word_1_678' title='bbox 1749 5329 2033 5399; x_wconf 81' lang='grc' dir='ltr'><em>ἐσόμενον.</em></span> 
     </span>
    </p>
   </div>
   <div class='ocr_carea' id='block_1_97' title="bbox 543 5510 2035 5586">
    <p class='ocr_par' dir='ltr' id='par_1_97' title="bbox 543 5510 2035 5586">
     <span class='ocr_line' id='line_1_97' title="bbox 543 5510 2035 5586; baseline 0.001 -23"><span class='ocrx_word' id='word_1_679' title='bbox 543 5510 686 5581; x_wconf 74' lang='grc' dir='ltr'><strong><em>Ἐγὼ</em></strong></span> <span class='ocrx_word' id='word_1_680' title='bbox 709 5512 776 5566; x_wconf 89' lang='grc' dir='ltr'><em>τὸ</em></span> <span class='ocrx_word' id='word_1_681' title='bbox 808 5514 974 5583; x_wconf 57' lang='grc' dir='ltr'><em>ἄλφα</em></span> <span class='ocrx_word' id='word_1_682' title='bbox 1012 5514 1110 5568; x_wconf 74' lang='grc' dir='ltr'><em>καὶ</em></span> <span class='ocrx_word' id='word_1_683' title='bbox 1142 5514 1206 5568; x_wconf 87' lang='grc' dir='ltr'><em>τὸ</em></span> <span class='ocrx_word' id='word_1_684' title='bbox 1239 5513 1455 5586; x_wconf 72' lang='grc' dir='ltr'><em>ὠμέγα.</em></span> <span class='ocrx_word' id='word_1_685' title='bbox 1491 5511 1615 5568; x_wconf 74' lang='grc' dir='ltr'><em>Ὀτι</em></span> <span class='ocrx_word' id='word_1_686' title='bbox 1657 5514 1757 5586; x_wconf 83' lang='grc' dir='ltr'><strong><em>μέν</em></strong></span> <span class='ocrx_word' id='word_1_687' title='bbox 1808 5513 1897 5567; x_wconf 75' lang='grc' dir='ltr'><em>διὰ</em></span> <span class='ocrx_word' id='word_1_688' title='bbox 1940 5512 2035 5568; x_wconf 77' lang='grc' dir='ltr'><em>τοῦ</em></span> 
     </span>
    </p>
   </div>
   <div class='ocr_carea' id='block_1_98' title="bbox 453 5601 2037 5679">
    <p class='ocr_par' dir='ltr' id='par_1_98' title="bbox 453 5601 2037 5679">
     <span class='ocr_line' id='line_1_98' title="bbox 453 5601 2037 5679; baseline 0.001 -24"><span class='ocrx_word' id='word_1_689' title='bbox 453 5601 862 5672; x_wconf 79' lang='grc' dir='ltr'><em>ὑποδείγματος</em></span> <span class='ocrx_word' id='word_1_690' title='bbox 913 5605 1024 5663; x_wconf 86' lang='grc' dir='ltr'><em>τῶν</em></span> <span class='ocrx_word' id='word_1_691' title='bbox 1071 5607 1416 5679; x_wconf 80' lang='grc' dir='ltr'><em>γραμμάτων</em></span> <span class='ocrx_word' id='word_1_692' title='bbox 1461 5606 1638 5678; x_wconf 68' lang='grc' dir='ltr'><em>ὂοχὴν</em></span> <span class='ocrx_word' id='word_1_693' title='bbox 1683 5604 2037 5678; x_wconf 80' lang='grc' dir='ltr'><em>παρεδήλωσε</em></span> 
     </span>
    </p>
   </div>
   <div class='ocr_carea' id='block_1_99' title="bbox 531 5776 1040 5849">
    <p class='ocr_par' dir='ltr' id='par_1_99' title="bbox 531 5776 1040 5849">
     <span class='ocr_line' id='line_1_99' title="bbox 531 5776 1040 5849; baseline -0.002 -13"><span class='ocrx_word' id='word_1_694' title='bbox 531 5779 581 5814; x_wconf 74' lang='grc'><strong><em>⁸⁸</em></strong></span> <span class='ocrx_word' id='word_1_695' title='bbox 605 5776 764 5836; x_wconf 74' lang='lat' dir='ltr'><strong><em>Joan.</em></strong></span> <span class='ocrx_word' id='word_1_696' title='bbox 801 5797 914 5849; x_wconf 75' lang='lat' dir='ltr'><strong><em>xu,</em></strong></span> <span class='ocrx_word' id='word_1_697' title='bbox 951 5782 1040 5837; x_wconf 82' lang='lat'><strong><em>55.</em></strong></span> 
     </span>
    </p>
   </div>
   <div class='ocr_carea' id='block_1_100' title="bbox 2135 4568 3722 4652">
    <p class='ocr_par' dir='ltr' id='par_1_100' title="bbox 2135 4568 3722 4652">
     <span class='ocr_line' id='line_1_100' title="bbox 2135 4568 3722 4652; baseline -0.017 -8"><span class='ocrx_word' id='word_1_698' title='bbox 2135 4588 2254 4644; x_wconf 86' lang='lat' dir='ltr'><strong><em>dire</em></strong></span> <span class='ocrx_word' id='word_1_699' title='bbox 2283 4604 2298 4642; x_wconf 88' lang='lat'><strong>:</strong></span> <span class='ocrx_word' id='word_1_700' title='bbox 2334 4585 2430 4641; x_wconf 82' lang='lat' dir='ltr'><strong><em>sed</em></strong></span> <span class='ocrx_word' id='word_1_701' title='bbox 2477 4591 2751 4652; x_wconf 86' lang='lat' dir='ltr'><strong><em>quatenus</em></strong></span> <span class='ocrx_word' id='word_1_702' title='bbox 2783 4587 2994 4632; x_wconf 88' lang='lat' dir='ltr'><strong><em>tantum</em></strong></span> <span class='ocrx_word' id='word_1_703' title='bbox 3023 4590 3128 4628; x_wconf 88' lang='lat' dir='ltr'><strong><em>non</em></strong></span> <span class='ocrx_word' id='word_1_704' title='bbox 3170 4571 3392 4635; x_wconf 88' lang='lat' dir='ltr'><strong><em>adsunt,</em></strong></span> <span class='ocrx_word' id='word_1_705' title='bbox 3430 4568 3511 4624; x_wconf 90' lang='lat' dir='ltr'><strong><em>sic</em></strong></span> <span class='ocrx_word' id='word_1_706' title='bbox 3539 4578 3722 4621; x_wconf 88' lang='lat' dir='ltr'><strong><em>tamen</em></strong></span> 
     </span>
    </p>
   </div>
   <div class='ocr_carea' id='block_1_101' title="bbox 2136 4660 3718 4742">
    <p class='ocr_par' dir='ltr' id='par_1_101' title="bbox 2136 4660 3718 4742">
     <span class='ocr_line' id='line_1_101' title="bbox 2136 4660 3718 4742; baseline -0.015 -6"><span class='ocrx_word' id='word_1_707' title='bbox 2136 4690 2197 4736; x_wconf 90' lang='lat' dir='ltr'><strong><em>ut</em></strong></span> <span class='ocrx_word' id='word_1_708' title='bbox 2225 4679 2374 4736; x_wconf 86' lang='lat' dir='ltr'><strong><em>brevi</em></strong></span> <span class='ocrx_word' id='word_1_709' title='bbox 2406 4677 2590 4734; x_wconf 79' lang='lat' dir='ltr'><strong><em>futura</em></strong></span> <span class='ocrx_word' id='word_1_710' title='bbox 2622 4676 2755 4741; x_wconf 85' lang='lat' dir='ltr'><strong><em>sint,</em></strong></span> <span class='ocrx_word' id='word_1_711' title='bbox 2779 4675 3264 4742; x_wconf 74' lang='lat' dir='ltr'><strong><em>supervacaneum</em></strong></span> <span class='ocrx_word' id='word_1_712' title='bbox 3307 4674 3456 4721; x_wconf 84' lang='lat' dir='ltr'><strong><em>esset</em></strong></span> <span class='ocrx_word' id='word_1_713' title='bbox 3505 4660 3718 4717; x_wconf 87' lang='lat' dir='ltr'><strong><em>audire.</em></strong></span> 
     </span>
    </p>
   </div>
   <div class='ocr_carea' id='block_1_102' title="bbox 2207 4753 3720 4836">
    <p class='ocr_par' dir='ltr' id='par_1_102' title="bbox 2207 4753 3720 4836">
     <span class='ocr_line' id='line_1_102' title="bbox 2207 4753 3720 4836; baseline -0.013 -11"><span class='ocrx_word' id='word_1_714' title='bbox 2207 4770 2311 4836; x_wconf 85' lang='lat' dir='ltr'><strong><em>Qui</em></strong></span> <span class='ocrx_word' id='word_1_715' title='bbox 2340 4777 2486 4823; x_wconf 87' lang='lat' dir='ltr'><strong><em>nocet</em></strong></span> <span class='ocrx_word' id='word_1_716' title='bbox 2521 4774 2700 4820; x_wconf 84' lang='lat' dir='ltr'><strong><em>noceat</em></strong></span> <span class='ocrx_word' id='word_1_717' title='bbox 2741 4763 2934 4818; x_wconf 86' lang='lat' dir='ltr'><strong><em>adhuc.</em></strong></span> <span class='ocrx_word' id='word_1_718' title='bbox 2983 4759 3099 4814; x_wconf 89' lang='lat' dir='ltr'><strong><em>Non</em></strong></span> <span class='ocrx_word' id='word_1_719' title='bbox 3148 4758 3200 4814; x_wconf 92' lang='lat' dir='ltr'><strong><em>id</em></strong></span> <span class='ocrx_word' id='word_1_720' title='bbox 3263 4753 3578 4812; x_wconf 80' lang='lat' dir='ltr'><strong><em>adhortatio</em></strong></span> <span class='ocrx_word' id='word_1_721' title='bbox 3616 4761 3720 4816; x_wconf 86' lang='lat' dir='ltr'><strong><em>est,</em></strong></span> 
     </span>
    </p>
   </div>
   <div class='ocr_carea' id='block_1_103' title="bbox 2135 4846 3724 4932">
    <p class='ocr_par' dir='ltr' id='par_1_103' title="bbox 2135 4846 3724 4932">
     <span class='ocr_line' id='line_1_103' title="bbox 2135 4846 3724 4932; baseline -0.014 -10"><span class='ocrx_word' id='word_1_722' title='bbox 2135 4864 2230 4922; x_wconf 84' lang='lat' dir='ltr'><strong><em>sed</em></strong></span> <span class='ocrx_word' id='word_1_723' title='bbox 2263 4872 2318 4917; x_wconf 87' lang='lat' dir='ltr'><strong><em>ut</em></strong></span> <span class='ocrx_word' id='word_1_724' title='bbox 2351 4862 2586 4932; x_wconf 85' lang='lat' dir='ltr'><strong><em>quisque</em></strong></span> <span class='ocrx_word' id='word_1_725' title='bbox 2627 4858 2984 4915; x_wconf 80' lang='lat' dir='ltr'><strong><em>convincatur</em></strong></span> <span class='ocrx_word' id='word_1_726' title='bbox 3023 4856 3090 4910; x_wconf 89' lang='lat' dir='ltr'><strong><em>de</em></strong></span> <span class='ocrx_word' id='word_1_727' title='bbox 3127 4869 3190 4908; x_wconf 88' lang='lat' dir='ltr'><strong><em>eo</em></strong></span> <span class='ocrx_word' id='word_1_728' title='bbox 3230 4849 3298 4905; x_wconf 84' lang='lat' dir='ltr'><strong><em>ad</em></strong></span> <span class='ocrx_word' id='word_1_729' title='bbox 3349 4846 3724 4920; x_wconf 88' lang='lat' dir='ltr'><strong><em>quodcunque</em></strong></span> 
     </span>
    </p>
   </div>
   <div class='ocr_carea' id='block_1_104' title="bbox 2145 4955 2676 5028">
    <p class='ocr_par' dir='ltr' id='par_1_104' title="bbox 2145 4955 2676 5028">
     <span class='ocr_line' id='line_1_104' title="bbox 2145 4955 2676 5028; baseline -0.013 -15"><span class='ocrx_word' id='word_1_730' title='bbox 2145 4957 2368 5028; x_wconf 80' lang='lat' dir='ltr'><strong><em>elegerit</em></strong></span> <span class='ocrx_word' id='word_1_731' title='bbox 2399 4955 2676 5012; x_wconf 80' lang='lat' dir='ltr'><strong><em>accedere.</em></strong></span> 
     </span>
    </p>
   </div>
   <div class='ocr_carea' id='block_1_105' title="bbox 2206 5028 3720 5105">
    <p class='ocr_par' dir='ltr' id='par_1_105' title="bbox 2206 5028 3720 5105">
     <span class='ocr_line' id='line_1_105' title="bbox 2206 5028 3720 5105; baseline -0.017 1"><span class='ocrx_word' id='word_1_732' title='bbox 2206 5050 2341 5105; x_wconf 87' lang='lat' dir='ltr'><strong><em>Ecce</em></strong></span> <span class='ocrx_word' id='word_1_733' title='bbox 2369 5049 2514 5104; x_wconf 79' lang='lat' dir='ltr'><strong><em>venio</em></strong></span> <span class='ocrx_word' id='word_1_734' title='bbox 2537 5047 2661 5101; x_wconf 89' lang='lat' dir='ltr'><strong><em>cito.</em></strong></span> <span class='ocrx_word' id='word_1_735' title='bbox 2679 5044 2891 5100; x_wconf 77' lang='lat' dir='ltr'><strong><em>Dictum</em></strong></span> <span class='ocrx_word' id='word_1_736' title='bbox 2916 5050 3000 5097; x_wconf 88' lang='lat' dir='ltr'><strong><em>est</em></strong></span> <span class='ocrx_word' id='word_1_737' title='bbox 3033 5037 3176 5101; x_wconf 88' lang='lat' dir='ltr'><strong><em>Cito,</em></strong></span> <span class='ocrx_word' id='word_1_738' title='bbox 3195 5044 3290 5090; x_wconf 88' lang='lat' dir='ltr'><strong><em>aut</em></strong></span> <span class='ocrx_word' id='word_1_739' title='bbox 3312 5028 3720 5102; x_wconf 81' lang='lat' dir='ltr'><strong><em>comparatione</em></strong></span> 
     </span>
    </p>
   </div>
   <div class='ocr_carea' id='block_1_106' title="bbox 2136 5115 3717 5204">
    <p class='ocr_par' dir='ltr' id='par_1_106' title="bbox 2136 5115 3717 5204">
     <span class='ocr_line' id='line_1_106' title="bbox 2136 5115 3717 5204; baseline -0.02 -6"><span class='ocrx_word' id='word_1_740' title='bbox 2136 5144 2202 5200; x_wconf 85' lang='lat' dir='ltr'><strong><em>ad</em></strong></span> <span class='ocrx_word' id='word_1_741' title='bbox 2231 5142 2442 5198; x_wconf 82' lang='lat' dir='ltr'><strong><em>inﬁnita</em></strong></span> <span class='ocrx_word' id='word_1_742' title='bbox 2473 5138 2696 5204; x_wconf 56' lang='lat' dir='ltr'><strong><em>sucula,</em></strong></span> <span class='ocrx_word' id='word_1_743' title='bbox 2721 5143 2815 5190; x_wconf 87' lang='lat' dir='ltr'><strong><em>aut</em></strong></span> <span class='ocrx_word' id='word_1_744' title='bbox 2845 5132 2912 5188; x_wconf 88' lang='lat' dir='ltr'><strong><em>ad</em></strong></span> <span class='ocrx_word' id='word_1_745' title='bbox 2940 5127 3364 5186; x_wconf 84' lang='lat' dir='ltr'><strong><em>exsultationem</em></strong></span> <span class='ocrx_word' id='word_1_746' title='bbox 3398 5134 3590 5177; x_wconf 86' lang='lat' dir='ltr'><strong><em>eorum</em></strong></span> <span class='ocrx_word' id='word_1_747' title='bbox 3624 5115 3717 5204; x_wconf 86' lang='lat' dir='ltr'><strong><em>qui</em></strong></span> 
     </span>
    </p>
   </div>
   <div class='ocr_carea' id='block_1_107' title="bbox 2137 5203 3715 5302">
    <p class='ocr_par' dir='ltr' id='par_1_107' title="bbox 2137 5203 3715 5302">
     <span class='ocr_line' id='line_1_107' title="bbox 2137 5203 3715 5302; baseline -0.022 -13"><span class='ocrx_word' id='word_1_748' title='bbox 2137 5231 2446 5302; x_wconf 84' lang='lat' dir='ltr'><strong><em>suscepturi</em></strong></span> <span class='ocrx_word' id='word_1_749' title='bbox 2507 5238 2635 5283; x_wconf 88' lang='lat' dir='ltr'><strong><em>sunt</em></strong></span> <span class='ocrx_word' id='word_1_750' title='bbox 2694 5222 3112 5281; x_wconf 85' lang='lat' dir='ltr'><strong><em>retributionem</em></strong></span> <span class='ocrx_word' id='word_1_751' title='bbox 3169 5223 3322 5270; x_wconf 86' lang='lat' dir='ltr'><strong><em>:aut</em></strong></span> <span class='ocrx_word' id='word_1_752' title='bbox 3355 5212 3520 5267; x_wconf 90' lang='lat' dir='ltr'><strong><em>etiam</em></strong></span> <span class='ocrx_word' id='word_1_753' title='bbox 3572 5203 3715 5302; x_wconf 38' lang='lat' dir='ltr'><strong><em>Aquis</em></strong></span> 
     </span>
    </p>
   </div>
   <div class='ocr_carea' id='block_1_108' title="bbox 2137 5296 3719 5386">
    <p class='ocr_par' dir='ltr' id='par_1_108' title="bbox 2137 5296 3719 5386">
     <span class='ocr_line' id='line_1_108' title="bbox 2137 5296 3719 5386; baseline -0.02 -6"><span class='ocrx_word' id='word_1_754' title='bbox 2137 5296 2521 5380; x_wconf 74' lang='lat' dir='ltr'><strong><em>inevitabiliter</em></strong></span> <span class='ocrx_word' id='word_1_755' title='bbox 2551 5329 2604 5376; x_wconf 87' lang='lat' dir='ltr'><strong><em>et</em></strong></span> <span class='ocrx_word' id='word_1_756' title='bbox 2636 5329 2784 5374; x_wconf 86' lang='lat' dir='ltr'><strong><em>certe</em></strong></span> <span class='ocrx_word' id='word_1_757' title='bbox 2813 5316 3022 5386; x_wconf 85' lang='lat' dir='ltr'><strong><em>absque</em></strong></span> <span class='ocrx_word' id='word_1_758' title='bbox 3066 5312 3226 5381; x_wconf 83' lang='lat' dir='ltr'><strong><em>longa</em></strong></span> <span class='ocrx_word' id='word_1_759' title='bbox 3257 5303 3517 5362; x_wconf 81' lang='lat' dir='ltr'><strong><em>dilatione</em></strong></span> <span class='ocrx_word' id='word_1_760' title='bbox 3567 5296 3719 5352; x_wconf 79' lang='lat' dir='ltr'><strong><em>futu-</em></strong></span> 
     </span>
    </p>
   </div>
   <div class='ocr_carea' id='block_1_109' title="bbox 2138 5421 2448 5471">
    <p class='ocr_par' dir='ltr' id='par_1_109' title="bbox 2138 5421 2448 5471">
     <span class='ocr_line' id='line_1_109' title="bbox 2138 5421 2448 5471; baseline -0.016 0"><span class='ocrx_word' id='word_1_761' title='bbox 2138 5425 2318 5471; x_wconf 87' lang='lat' dir='ltr'><strong><em>turum</em></strong></span> <span class='ocrx_word' id='word_1_762' title='bbox 2346 5421 2448 5468; x_wconf 83' lang='lat' dir='ltr'><strong><em>est.</em></strong></span> 
     </span>
    </p>
   </div>
   <div class='ocr_carea' id='block_1_110' title="bbox 2221 5488 3719 5578">
    <p class='ocr_par' dir='ltr' id='par_1_110' title="bbox 2221 5488 3719 5578">
     <span class='ocr_line' id='line_1_110' title="bbox 2221 5488 3719 5578; baseline -0.016 -18"><span class='ocrx_word' id='word_1_763' title='bbox 2221 5507 2328 5578; x_wconf 83' lang='lat' dir='ltr'><strong><em>Ego</em></strong></span> <span class='ocrx_word' id='word_1_764' title='bbox 2353 5521 2469 5562; x_wconf 87' lang='lat' dir='ltr'><strong><em>sum</em></strong></span> <span class='ocrx_word' id='word_1_765' title='bbox 2498 5521 2538 5558; x_wconf 88' lang='grc' dir='ltr'><strong><em>α</em></strong></span> <span class='ocrx_word' id='word_1_766' title='bbox 2573 5513 2624 5558; x_wconf 84' lang='lat' dir='ltr'><strong><em>et</em></strong></span> <span class='ocrx_word' id='word_1_767' title='bbox 2649 5520 2712 5556; x_wconf 91' lang='grc' dir='ltr'><strong><em>ω.</em></strong></span> <span class='ocrx_word' id='word_1_768' title='bbox 2752 5498 2908 5568; x_wconf 89' lang='lat' dir='ltr'><strong><em>Quod</em></strong></span> <span class='ocrx_word' id='word_1_769' title='bbox 2941 5513 3038 5570; x_wconf 87' lang='lat' dir='ltr'><strong><em>per</em></strong></span> <span class='ocrx_word' id='word_1_770' title='bbox 3070 5490 3377 5565; x_wconf 80' lang='lat' dir='ltr'><strong><em>exemplum</em></strong></span> <span class='ocrx_word' id='word_1_771' title='bbox 3415 5488 3719 5578; x_wconf 67' lang='lat' dir='ltr'><strong><em>litterarum</em></strong></span> 
     </span>
    </p>
   </div>
   <div class='ocr_carea' id='block_1_111' title="bbox 2145 5575 3723 5673">
    <p class='ocr_par' dir='ltr' id='par_1_111' title="bbox 2145 5575 3723 5673">
     <span class='ocr_line' id='line_1_111' title="bbox 2145 5575 3723 5673; baseline -0.016 -15"><span class='ocrx_word' id='word_1_772' title='bbox 2145 5575 2537 5673; x_wconf 82' lang='lat' dir='ltr'><strong><em>signiﬁcaverit</em></strong></span> <span class='ocrx_word' id='word_1_773' title='bbox 2565 5593 2894 5668; x_wconf 88' lang='lat' dir='ltr'><strong><em>principium</em></strong></span> <span class='ocrx_word' id='word_1_774' title='bbox 2927 5607 2992 5648; x_wconf 88' lang='lat' dir='ltr'><strong><em>ac</em></strong></span> <span class='ocrx_word' id='word_1_775' title='bbox 3023 5590 3207 5654; x_wconf 87' lang='lat' dir='ltr'><strong><em>linem,</em></strong></span> <span class='ocrx_word' id='word_1_776' title='bbox 3252 5600 3361 5642; x_wconf 89' lang='lat' dir='ltr'><strong><em>non</em></strong></span> <span class='ocrx_word' id='word_1_777' title='bbox 3393 5589 3476 5640; x_wconf 89' lang='lat' dir='ltr'><strong><em>cst</em></strong></span> <span class='ocrx_word' id='word_1_778' title='bbox 3505 5575 3723 5634; x_wconf 82' lang='lat' dir='ltr'><strong><em>dillicile</em></strong></span> 
     </span>
    </p>
   </div>
  </div>
