4164 6416
486 350 593 413 7S3
1305 352 1632 415 ARETILE
1671 350 2049 412 CXESAREJ‘I
2088 351 2128 407 C

2098 349 2316 407 DAPPA
2330 347 2568 409 DOCUE
2610 348 2951 410 EPISCOPI
3634 352 3742 413 784

485 464 811 536 intelligere,
834 483 896 520 ex
932 482 989 520 eo
1017 466 1161 536 quod
1200 470 1315 535 ipse
1363 481 1583 535 quoque
1629 464 1934 534 subiunxit.
1971 463 2067 517 llis
2101 471 2129 522 Α

2102 471 2139 522 Δ
2172 465 2349 518 καὶτὸ
2378 467 2553 528 τέλος.
2595 468 2751 521 οὐδὲν
2778 466 3040 537 δυσχερὲς
3072 465 3348 535 ἐννοῆσαι,
3379 463 3502 519 καῠ*
3538 465 3621 517 ὅτι
3650 468 3746 517 καὶ

484 568 667 612 tamen
722 560 812 629 qui
844 559 1147 613 exactiores
1191 567 1315 611 sunt
1348 556 1404 610 in
1430 556 1741 625 indagando
1793 554 2062 623 contingit

2171 557 2335 620 αὐτὸς
2374 558 2626 612 ὑπέθετο.
2686 561 2883 630 Ζητεῖν
2935 560 2992 612 δὲ
3043 561 3155 623 τοῖς
3230 556 3745 625 ἐξεταστικωτέροις

484 664 755 717 qnznrcre,
784 667 883 705 cur
933 666 1038 702 non
1070 649 1120 703 id
1168 664 1264 718 per
1317 648 1421 702 alia
1474 647 1860 717 designaret-it,
1897 661 2060 715 quam

2168 652 2536 719 περιγίνεται,
2563 651 2708 715 τίνος
2740 652 2901 721 χάριν
2938 652 3012 721 μὴ
3044 651 3109 704 δι’
3142 650 3345 721 ἑτέρων
3383 648 3566 711 τοῦτο,
3591 651 3639 701 εί
3671 648 3748 719 μὴ

487 754 583 805 ιρι·
622 740 853 794 litteras.
918 740 1163 794 Dicimus
1204 755 1334 810 ergo
1373 739 1522 809 quod
1572 738 1700 809 quia
1739 736 2060 806 hnjusmodi

2166 742 2257 795 διά
2286 741 2396 795 τῶν
2428 742 2774 813 γραμμάτων
2806 742 3074 811 ὑπέφηνε.
3096 741 3280 810 Φαμὲν
3319 739 3411 793 οὖν
3436 738 3530 803 ὡς,
3558 738 3746 809 ἐπειδὴ

484 832 907 899 promissionum
965 848 1084 903 quae
1123 833 1241 888 solo
1274 848 1527 887 sermone
1578 833 1859 886 honoratae
1911 838 2058 895 sunt,

2167 838 2267 908 τὴν
2298 837 2607 908 ἀπεκδοχὴν
2636 837 2747 891 τῶν
2772 836 3032 890 τοιούτων
3079 834 3424 903 ἐπαγγελιῶν
3473 832 3624 902 μόνῳ
3666 831 3748 902 τῷ

484 922 888 989 susceptionem
930 937 994 977 ac
1050 932 1303 976 eventum
1370 938 1589 989 sperare
1640 934 1693 977 et
1742 931 2061 990 exspectare

2167 931 2313 1001 λόγῳ
2358 931 2740 1001 τετιμημένων
2796 930 2911 983 ἐστι
2956 928 3282 998 προσδοκᾷν,
3312 925 3403 979 διά
3441 923 3603 978 τοῦτο
3655 922 3745 975 τὸν

481 1013 770 1082 contingit,
806 1022 1096 1082 propterea
1129 1014 1231 1069 hoc
1253 1014 1415 1068 modo
1449 1024 1505 1068 ct
1534 1031 1640 1068 non
1668 1014 1774 1067 alio
1808 1029 2062 1083 quocun-

2168 1025 2370 1095 τρόπον
2402 1023 2591 1077 τοῦτον
2629 1022 2721 1076 καὶ
2754 1022 2854 1075 οὐκ
2877 1021 3054 1083 ἄλλως
3085 1036 3201 1082 πως
3234 1017 3494 1087 ἐδήλωσε.
3524 1014 3745 1083 Τεκμή-

481 1121 589 1172 que
644 1106 993 1175 signiﬁcavit.
1029 1106 1257 1177 Signum
1302 1118 1482 1161 autem
1534 1106 1851 1176 huiusmodi
1904 1106 2064 1160 insti-

2172 1132 2286 1185 ριον
2308 1113 2367 1167 δὲ
2394 1113 2495 1182 τῆς
2516 1112 2775 1181 τοιαύτης
2795 1109 3181 1180 δημιουργίας,
3209 1110 3242 1177 ή
3260 1107 3369 1160 τῶν
3400 1104 3744 1177 γραμμάτων

484 1196 712 1251 tutionis
757 1197 859 1251 fuit
909 1198 1152 1253 inventio
1201 1198 1532 1253 litterarum.
1577 1197 1741 1268 835
1803 1196 1937 1251 Nam
1979 1197 2063 1252 ha:

2169 1207 2406 1276 εὕρεσις.
2433 1204 2584 1257 Δύτά
2614 1204 2671 1257 δὲ
2691 1203 2884 1267 ταῦτα,
2911 1202 3051 1254 κατά
3071 1200 3162 1253 τὸν
3186 1198 3570 1267 Σταγειρίτην,
3603 1194 3743 1262 σύμ-

485 1285 616 1355 ipsae
647 1287 796 1357 iuxta
847 1289 1161 1359 Stagiritem
1210 1289 1457 1360 symbola
1511 1297 1640 1342 sunt
1688 1288 1972 1342 hominum
2007 1288 2060 1341 in

2171 1299 2304 1352 ϐολα
2334 1298 2443 1351 τῶν
2470 1299 2530 1350 ὲν
2562 1299 2628 1367 τῇ
2655 1296 2882 1365 εύσήμῳ
2910 1296 3062 1364 φωνῇ
3098 1290 3422 1363 ἀνθρώπων.
3450 1288 3551 1341 Διά
3586 1287 3746 1341 τοῦτο

483 1381 630 1434 clara
672 1380 939 1452 facileque
970 1382 1301 1452 significanti
1336 1397 1491 1437 voce.
1528 1381 1815 1451 Propterea
1840 1396 2062 1452 quoque

2168 1392 2266 1444 καὶ
2297 1392 2360 1443 τὸ
2391 1390 2665 1460 δηλωτικῇ
2692 1386 2800 1440 τῶν
2821 1387 3106 1456 ὀνομάτων
3135 1384 3375 1455 χρῆσθαι
3398 1384 3551 1452 φωνῇ
3570 1380 3745 1433 ἐδόκει

486 1470 587 1539 ipsi
622 1474 795 1526 visum
837 1483 919 1527 est
968 1474 1044 1527 uti
1082 1488 1215 1528 voce
1251 1473 1610 1543 signilieativa
1647 1474 1969 1527 nominum:
2008 1484 2060 1528 et

2170 1481 2338 1553 αὐτῷ.
2370 1481 2481 1533 Καὶ
2509 1480 2732 1541 εἰκότως
2750 1480 2815 1548 τῇ
2842 1476 3066 1547 τοιαύτῃ
3089 1472 3425 1545 δημιουργίᾳ
3450 1472 3546 1525 καὶ
3573 1470 3742 1523 τοιούο

486 1562 681 1616 merito
707 1564 797 1617 tali
835 1564 1174 1620 institutione
1202 1580 1337 1621 usus
1371 1574 1473 1633 est,
1505 1566 1815 1636 talibusque
1835 1568 2061 1621 detnon—

2168 1594 2281 1640 τοις
2342 1574 2706 1644 ὺποδείγμασι
2774 1572 2875 1641 τῆς
2927 1570 3104 1641 ἀρχῆς
3159 1568 3435 1639 ἐχρήσατο
3491 1564 3587 1618 καὶ
3650 1561 3743 1616 τοῦ

482 1656 841 1711 strationibus
880 1657 1132 1726 principii
1156 1672 1219 1711 ac
1256 1658 1395 1713 linis.
2168 1670 2372 1731 τέλους.

554 1745 721 1811 XXII,
764 1749 944 1804 14-17.
984 1749 1136 1803 Beati
1180 1750 1269 1818 qui
1297 1750 1499 1818 faciunt
1530 1761 1789 1819 pra‘ceptu
1833 1750 1966 1816 eius,
2001 1762 2057 1805 ut

2240 1759 2529 1827 Μακάριοι
2561 1760 2614 1812 οἱ
2642 1756 2959 1821 ποιοῦντες
2984 1752 3091 1820 τὰς
3124 1750 3377 1815 ἐντολὰς
3408 1747 3615 1812 αὑτοῦ,
3644 1748 3743 1800 ἵνα

482 1840 548 1893 sit
579 1850 811 1909 potestas
836 1858 1014 1896 eorum
1037 1843 1092 1895 in
1125 1843 1260 1895 libro
1293 1844 1433 1905 uiue,
1466 1853 1513 1896 et
1543 1859 1635 1911 per
1662 1852 1840 1909 portas
1870 1842 2062 1896 intrent
2100 1827 2126 1881 ί

2100 1827 2141 1881 Β
2168 1854 2340 1907 ἔσται
2378 1852 2415 1918 τ’,
2444 1851 2698 1916 ἐξουσία
2741 1849 2943 1904 αὐτῶν
2974 1849 3072 1901 έπι
3102 1846 3169 1900 τὸ
3206 1847 3397 1910 ξύλον
3433 1844 3542 1911 τῆς
3575 1840 3744 1907 ζωῆς,

482 1934 537 1985 in
563 1934 847 1986 civitatem.
890 1931 1046 1986 Foris
1073 1948 1248 1997 canes,
1282 1942 1329 1986 ct
1377 1933 1606 2000 veneﬁci,
1637 1943 1685 1985 et
1721 1941 2063 1995 scortatores,

2170 1942 2270 1994 καί
2328 1940 2454 2007 τοῖς
2488 1938 2773 1993 πυλῶσιν
2826 1936 3185 1992 εἰσέλθωσιν
3236 1938 3323 2000 εἰς
3376 1934 3491 2001 τὴν
3539 1935 3743 1986 πόλιν.

483 2040 545 2076 ac
575 2024 871 2087 liomicidte,
897 2039 1174 2093 omnesque
1220 2024 1542 2087 idololatrtv,
1586 2032 1634 2076 et
1661 2024 1896 2093 quisquis
1935 2022 2067 2091 facit

2175 2031 2329 2096 Ἔξω
2364 2035 2416 2085 οἱ
2452 2031 2659 2097 κύνες,
2698 2030 2795 2083 καί
2840 2031 2892 2084 οἱ
2934 2027 3254 2097 φαρμακοὶ,
3288 2026 3388 2078 καὶ
3432 2026 3485 2077 οί
3515 2024 3745 2090 πόρνοι,

480 2123 528 2167 et
564 2125 707 2166 amat
745 2113 1099 2167 mendacium.
1126 2112 1240 2183 Ego
1263 2112 1418 2167 Jesus
1450 2113 1570 2165 misi
1594 2112 1836 2182 angelum
1870 2128 2063 2175 meum,

2169 2125 2266 2178 καί
2297 2127 2350 2177 οί
2394 2121 2623 2193 φονεῖς,
2672 2123 2769 2175 καί
2816 2124 2868 2176 οἱ
2918 2119 3364 2185 εἰδωλολάτραι,
3414 2116 3512 2169 καί
3561 2112 3679 2179 πᾶς
3715 2114 3747 2164 d

480 2214 537 2259 ut
566 2206 674 2259 ltwc
714 2206 1089 2273 testiﬁcaretur
1120 2205 1261 2260 vobis
1297 2204 1572 2259 Ecclesiis.
1616 2204 1726 2275 Ego
1760 2223 1877 2259 sum
1910 2206 2068 2258 radix

2168 2216 2356 2272 ποιῶν
2386 2216 2485 2271 καὶ
2514 2214 2707 2284 φιλῶν
2736 2213 2983 2283 ψεῦδος.
3030 2211 3180 2281 Ἐγὼ
3240 2209 3479 2275 Ἰησοῦς
3508 2207 3747 2274 ἔπεμψα

480 2310 528 2351 et
559 2316 718 2369 genus
746 2298 936 2363 David,
962 2299 1112 2353 stella
1138 2301 1401 2352 matutina
1424 2298 1722 2367 splendida.
1750 2297 1818 2351 Et
1844 2300 2065 2367 spiritus

2168 2310 2276 2364 τόν
2326 2309 2586 2378 ἄγγελόν
2634 2325 2753 2377 μου
2796 2303 3181 2376 μαρτυρῆσαι
3239 2302 3379 2371 ὑμῖν
3404 2300 3592 2355 ταῦτα
3619 2296 3748 2363 ταῖς

479 2403 527 2444 et
561 2409 753 2461 sponsa
793 2392 973 2445 dicunt
1004 2409 1021 2445 :
1069 2390 1235 2455 Veni;
1282 2401 1330 2444 et
1358 2391 1449 2460 qui
1478 2390 1628 2444 audit
1658 2391 1802 2444 dicat
1854 2405 1872 2444 .'
1914 2388 2062 2445 Veni.

2180 2402 2582 2467 Ἑκκλησὶαις.
2668 2398 2807 2467 Ἑγώ
2872 2399 2987 2466 ειμι
3036 2396 3074 2462 ἡ
3107 2392 3238 2464 ῥίζα
3292 2392 3393 2448 καί
3444 2392 3508 2446 τὸ
3571 2392 3748 2460 γένος

481 2480 549 2535 Et
595 2484 683 2550 qui
713 2484 846 2548 sitit,
878 2484 1048 2537 veniat
1075 2499 1094 2547 ;
1128 2493 1175 2536 et
1207 2482 1429 2552 quivult
1466 2483 1686 2552 accipiet
1715 2499 1905 2553 aquant
1945 2485 2065 2539 vita:

2168 2494 2373 2557 Δαυῒδ,
2409 2496 2441 2547 ὁ
2472 2491 2670 2561 ἀστὴρ
2706 2494 2737 2547 ό
2785 2490 3045 2559 πρωτνὸς
3095 2492 3127 2543 ό
3174 2487 3471 2558 λαμπρός.
3523 2483 3634 2540 Καὶ
3679 2481 3746 2536 τὸ

481 2577 667 2644 9³ἀιίεο
2167 2587 2402 2656 πνεῦμα
2434 2586 2535 2641 καὶ
2568 2587 2606 2653 ὴ
2652 2586 2858 2653 νύμφη
2902 2583 3226 2653 λέγουσιν·
3283 2582 3520 2648 Ἔρχου.
3577 2576 3682 2631 Kal
3714 2575 3747 2627 ὁ

2165 2680 2405 2735 ἀκούων
2428 2677 2649 2733 εἰπάτω
2669 2694 2683 2709 ⁸
2715 2680 2959 2745 Ἔρχου.
3004 2674 3117 2729 Καὶ
3153 2676 3185 2727 ὁ
3214 2671 3412 2741 διψῶν
3458 2667 3744 2739 ἐρχέσθω.

2166 2774 2275 2827 Καὶ
2310 2776 2343 2825 ὀ
2369 2772 2559 2826 θέλων
2584 2770 2812 2825 λαϐέτω
2844 2768 3001 2837 ὕδωρ
3034 2765 3179 2835 ζωῆς
3203 2762 3452 2834 δωρεάν.

547 2848 666 2904 Jam
699 2848 905 2904 dictum
954 2854 1037 2903 est
1081 2848 1227 2918 quod
1262 2848 1469 2915 lignum
1517 2848 1643 2903 vitae
1702 2849 1935 2919 appellet
1984 2849 2065 2905 di-

2242 2865 2381 2932 Ἤδη
2413 2866 2650 2933 εἴρηται,
2687 2862 2850 2916 ὅτιτὸ
2884 2862 3041 2926 ξύλον
3074 2860 3173 2929 τῆς
3198 2857 3367 2928 ζωῆς,
3413 2854 3481 2908 τά
3511 2853 3747 2920 θεόσοφα

480 2943 621 2996 vina!
656 2942 940 3012 sapientiae
969 2942 1215 3007 oracula,
1245 2958 1366 3012 qua:
1394 2943 1447 2996 in
1480 2942 1644 2997 rebus
1687 2943 1912 3013 agendis
1940 2959 2064 3014 quae

2166 2958 2324 3025 λόγια
2358 2958 2535 3020 καλεῖ,
2572 2956 2607 3011 ἀ
2653 2956 2781 3027 περὶ
2815 2954 2883 3009 τὰ
2913 2952 3195 3023 πρακτικὰ
3230 2949 3372 3004 κατά
3402 2947 3460 3001 τδ
3488 2942 3746 3018 εὐφρονῶ

476 3035 949 3106 jucu-ndissimum
986 3034 1189 3089 habent
1226 3035 1576 3099 exercitium,
1612 3046 1932 3090 sanctorum
1963 3052 2064 3107 po-

2170 3070 2366 3106 στατον
2389 3052 2485 3121 τὴν
2519 3049 2716 3121 σχολὴν
2759 3048 2973 3117 ἔχοντα,
3007 3046 3107 3114 τὴν
3144 3042 3253 3097 τῶν
3282 3041 3457 3111 ἀγίων
3490 3036 3743 3103 ἐξουσίαν

481 3138 731 3183 testatem
794 3130 1187 3193 transvehunt,
1238 3138 1299 3183 ut
1333 3143 1427 3198 per
1475 3128 1621 3184 dicta
1663 3129 1961 3198 apostolica
1994 3128 2062 3183 Ιῐ-
2090 3174 2125 3232 c

2100 3174 2134 3232 Ε
2165 3143 2661 3216 διαπορθμεύεται,
2704 3138 3028 3208 ἐλευθερίως
3072 3135 3162 3190 διά
3223 3133 3332 3187 τῶν
3369 3127 3744 3232 directo):me

476 3220 610 3277 bere
659 3238 723 3277 ac
765 3237 1025 3292 prospere
1061 3223 1267 3277 ducant
1298 3222 1364 3276 ad
1401 3236 1697 3291 supernam
1730 3220 2058 3278 Jerusalem.
2094 3218 2120 3232 “

2102 3218 2134 3232 υ
2169 3240 2383 3308 ῥήσεων
2412 3234 2744 3303 εὐοδούμενα
2775 3231 2910 3301 πρὸς
2931 3229 3031 3298 τὴν
3057 3228 3169 3281 ἄνω
3196 3222 3577 3296 Ἰερουσαλήμ.
3604 3218 3746 3281 Τοὺς

476 3315 634 3382 Quod
668 3327 847 3371 autem
881 3325 1051 3385 porta:
1080 3317 1189 3371 sint
1217 3317 1473 3385 apostoli,
1498 3316 1609 3385 jam
1641 3316 1819 3372 visum
1850 3325 1955 3372 est.

1921 3325 1955 3372 ιο
2168 3326 2419 3389 πυλῶνας
2459 3326 2515 3379 δὲ
2546 3327 2627 3377 ὅτι
2656 3324 2706 3377 οἱ
2734 3321 3044 3383 ἀπόστολοι,
3077 3320 3177 3389 ἤδη
3207 3314 3565 3384 τεθεώρηται.

554 3408 714 3463 Foris
742 3427 918 3475 canes,
943 3420 994 3464 ct
1019 3410 1249 3479 veneﬁci,
1281 3420 1331 3463 et
1365 3420 1704 3464 scortatores.
1738 3409 1856 3465 Non
1883 3409 2059 3465 solum

2240 3419 2397 3482 Ἕξω
2433 3421 2485 3471 οἱ
2510 3417 2712 3481 κύνες,
2745 3414 2839 3467 καὶ
2865 3417 2917 3467 οἱ
2952 3408 3276 3481 φαρμακοὶ,
3299 3406 3398 3461 καί
3430 3408 3484 3459 οι
3505 3405 3734 3471 πόρνοι.

479 3513 698 3587 apertos
748 3502 1026 3567 inlideles,
1058 3503 1153 3557 sed
1202 3511 1257 3558 et
1287 3511 1621 3557 scortatores
1664 3510 1813 3557 arcet
1845 3511 2063 3571 propter

2166 3514 2240 3566 Ού
2292 3513 2455 3582 μόνον
2505 3510 2631 3572 τοὺς
2682 3507 2919 3570 ἀναιδεῖς
2961 3505 3246 3566 ἀπίστους,
3281 3500 3419 3555 ἀλλὰ
3461 3499 3555 3552 καὶ
3614 3499 3742 3559 τοὺς

480 3595 697 3649 illorum
732 3595 1124 3664 impudentiam
1174 3610 1239 3649 ac
1291 3593 1662 3664 impuritatem
1700 3612 1713 3647 :
1749 3594 1816 3648 de
1862 3594 2063 3662 quibus

2168 3604 2543 3676 ἠταιρηκὸτας
2582 3600 2674 3655 διά
2703 3600 2766 3654 τδ
2794 3598 3011 3661 ἀναιδὲς
3066 3595 3244 3649 αὐτῶν
3298 3593 3393 3648 καὶ
3432 3590 3743 3658 ἀκάθαρτον

479 3690 645 3742 etiam
694 3689 913 3743 divinus
962 3689 1039 3741 ait
1072 3686 1253 3743 Moses
1292 3705 1306 3741 :
1349 3706 1367 3739 ι
1405 3685 1522 3739 Νοη
1578 3686 1771 3745 all‘eres
1827 3686 2061 3754 pretium

2167 3698 2486 3761 ἀπελαύνει,
2516 3696 2644 3767 περὶ
2675 3687 2750 3748 ὧν
2780 3694 2876 3747 καὶ
2898 3693 2925 3745 ό
2964 3689 3256 3751 Θεσπέσιος
3303 3704 3437 3755 φησι
3460 3682 3701 3749 Μωῦσῆς
3726 3698 3738 3711 ·

479 3782 673 3843 scorti,
730 3789 783 3832 ct
839 3780 1075 3849 pretium
1132 3779 1248 3834 sive
1285 3778 1774 3834 commutationem
1821 3778 1974 3832 canis
2006 3777 2058 3831 in

2175 3808 2193 3843 ι
2234 3791 2308 3844 Ού
2379 3787 2695 3859 προσοίσεις
2738 3784 3001 3855 μίσθωμα
3055 3782 3283 3851 πόρνης,
3343 3776 3439 3830 καὶ
3493 3774 3744 3840 ἄλλαγμα

481 3872 704 3924 domum
751 3870 963 3925 Domini
1032 3871 1124 3925 Dei
1177 3871 1252 3926 tui
1306 3870 1373 3925 ad
1426 3884 1645 3925 omnem
1681 3867 2061 3924 confusionem

2168 3884 2329 3945 κυνὸς
2361 3882 2441 3944 εἰς
2470 3875 2621 3933 οἶκον
2672 3876 2881 3947 Κυρίου
2916 3874 3010 3928 τοῦ
3045 3872 3181 3927 Θεοῦ
3226 3887 3346 3936 σου,
3382 3867 3521 3940 πρὸς
3565 3868 3745 3919 πᾶσαν

484 3974 633 4019 tuam
661 3965 726 4018 ".
768 3982 785 4014 ι

2167 3975 2334 4045 εὐχήν
2366 3990 2479 4026 σου.
2520 3991 2539 4024 ι

555 4056 667 4127 Ego
695 4055 850 4111 Jesns
882 4056 1001 4110 misi
1047 4055 1292 4125 angelum
1337 4069 1527 4109 meum.
1579 4052 1693 4109 lloc
1744 4053 1909 4108 etiam
1940 4052 2064 4107 loco

2252 4064 2401 4135 Ἐγὼ
2444 4062 2677 4130 Ἰησοῦς
2715 4060 2958 4129 ἔπεμψα
3000 4058 3107 4111 τὸν
3136 4055 3396 4126 ἄγγελόν
3424 4070 3561 4123 μου.
3602 4048 3746 4101 Κάν-

481 4151 798 4207 dominandi
832 4151 1070 4221 dignitas
1118 4147 1429 4204 ostenditur
1461 4147 1514 4201 in
1547 4162 1612 4202 eo
1643 4145 1736 4218 qui
1785 4146 1934 4201 misit
1966 4161 2065 4200 au-

2166 4156 2347 4211 ταῦθα
2378 4155 2439 4208 τὸ
2485 4151 2815 4206 Δεσποτικδν
2854 4149 2948 4204 τοῦ
2991 4148 3345 4219 πεπομφότος
3396 4146 3488 4199 τὸν
3519 4141 3747 4211 ἄγγελον

482 4243 685 4309 gelum.

2170 4249 2389 4317 ἀξίωμα
2417 4245 2714 4300 δείκνυται.

558 4335 625 4392 Ut
655 4336 1046 4407 testiﬁcaretur.
1092 4331 1205 4389 Hoc
1243 4341 1345 4400 est,
1382 4340 1802 4403 protestarctur,
1851 4347 1958 4386 non
2009 4332 2062 4386 in

2241 4335 2635 4406 Μαρτυρῆσαι
2659 4336 2714 4389 δὲ
2737 4335 2796 4388 τὸ
2812 4331 3315 4405 διαμαρτύρασθαι,
3339 4329 3440 4383 οὐκ
3457 4329 3515 4381 ἔν
3540 4327 3744 4397 κρυφῇ,

481 4431 696 4484 occulto
727 4440 821 4483 aut
861 4428 915 4481 in
952 4426 1307 4489 abscondito,
1344 4425 1435 4479 sed
1473 4426 1821 4479 audientibus
1846 4425 2060 4480 cunctis

2173 4432 2287 4487 ἀλλ’
2319 4433 2376 4485 ἐν
2408 4429 2770 4500 παραϐύστῳ,
2801 4428 2916 4482 ἀλλ’
2957 4428 3266 4480 ἀκουόντων
3300 4423 3555 4477 ἁπάντων
3581 4421 3749 4474 ἀπαν-

484 4524 685 4593 uhique
726 4524 968 4576 locorum
1005 4518 1265 4573 Ecclesiis
1296 4534 1310 4582 ;
1340 4534 1407 4573 ne
1434 4518 1556 4589 quis
1604 4529 1902 4587 spontanea
1941 4535 2055 4571 ma-
2088 4506 2128 4565 1]

2104 4506 2143 4565 D
2168 4524 2337 4596 ταχοῦ
2384 4522 2747 4594 Ἐκκλησιῶν,
2792 4523 2879 4574 ἴνα
2915 4521 2987 4592 μή
3029 4537 3114 4581 τις
3158 4517 3499 4577 ἔϐελοκάκως
3526 4516 3748 4582 ἄγνοιαν

479 4617 597 4672 litia
646 4614 1010 4686 ignorantiam
1064 4621 1399 4682 praetexens,
1453 4624 1671 4666 maneat
1704 4613 2067 4675 incorrectns,

2170 4616 2656 4690 προφασισάμεεςος
2683 4613 2840 4684 μείνῃ
2866 4612 3218 4682 ἀδιόρθωτος,
3254 4609 3504 4678 πονήρως
3538 4605 3748 4659 διακεί-

479 4724 547 4762 eo
573 4707 715 4774 quod
746 4705 886 4759 male
912 4706 983 4759 sit
1011 4702 1256 4757 aﬂ‘ectus.
1291 4702 1459 4756 Porro
1489 4704 1631 4772 quod
1659 4703 1768 4757 ait:
1807 4702 1918 4773 Ego
1951 4720 2067 4757 sum

2172 4726 2352 4782 μενος.
2392 4708 2466 4761 Τὸ
2512 4708 2589 4771 δὲ,
2647 4705 2791 4775 Ἕγὼ
2845 4708 2961 4774 ειμι
3012 4703 3050 4770 ὴ
3103 4700 3236 4771 ῥίζα
3286 4699 3385 4753 καί
3449 4699 3514 4750 τὸ
3576 4696 3748 4767 γένος

482 4798 640 4851 radix
670 4805 717 4849 et
749 4810 907 4864 genus
960 4792 1152 4853 David.
1200 4793 1372 4862 magis
1418 4802 1851 4847 consentaneum
1888 4801 1971 4845 est
2006 4801 2067 4846 ut

2166 4801 2369 4865 Δαυτδ,
2411 4796 2835 4865 ἀκολουθότερον
2877 4794 3019 4847 οὕτω
3064 4796 3238 4846 νοεῖν·
3288 4793 3429 4860 Ἐγώ
3458 4792 3574 4860 εἰμι
3620 4792 3648 4842 ὁ
3686 4792 3748 4841 ὲκ

482 4890 862 4958 intelligatur:
892 4887 1006 4957 Ego
1040 4903 1161 4941 sum
1203 4902 1387 4940 ramus
1429 4888 1521 4954 qui
1562 4885 1628 4939 de
1666 4886 1849 4939 radice
1899 4886 2063 4941 David

2164 4897 2265 4963 τῆς
2305 4892 2459 4963 ῥίζης
2510 4888 2604 4942 τοῦ
2654 4887 2817 4941 Δαυῗό
2853 4888 3165 4958 βλαστήσεις
3202 4885 3418 4948 κλάδος.
3463 4884 3626 4947 Γένος
3667 4883 3745 4944 δὲ,

483 4982 808 5053 germinavi.
856 4981 1042 5037 Genus
1084 4996 1235 5048 vero,
1278 4989 1337 5033 ut
1386 4980 1479 5048 qui
1520 4995 1581 5033 ex
1625 4994 1690 5033 eo
1721 4982 2059 5049 germinave-

2170 4991 2245 5050 ὡς
2276 4989 2335 5055 ἐξ
2380 4980 2441 5040 οὗ
2487 4987 2630 5040 κατὰ
2685 4986 2867 5055 σάρκα
2916 4984 3317 5047 ἐκϐλαστήσας,
3360 4982 3435 5044 ὡς
3484 4975 3625 5033 εἶναι
3656 4978 3746 5032 τδν

483 5074 611 5139 rim,
649 5081 707 5126 ut
737 5088 913 5127 essem
948 5071 1269 5125 Emmanuel
1306 5086 1371 5124 ex
1399 5069 1685 5123 divinitate
1716 5079 1770 5125 et
1810 5073 2062 5128 humani-

2191 5080 2540 5151 Ἐμμανουὴλ
2594 5080 2658 5131 ἐκ
2719 5078 2969 5146 θεότητός
3033 5094 3092 5128 τε
3152 5076 3248 5128 καὶ
3307 5072 3748 5145 ἀνθρωπότητος.

485 5173 615 5219 tate.
648 5164 812 5217 Stella
840 5171 1023 5217 autem
1053 5166 1319 5217 matutina
1353 5162 1631 5231 splendida
1660 5164 1776 5233 ipse
1804 5163 2063 5222 Dominus

2190 5174 2391 5242 Ἀστὴρ
2446 5172 2503 5226 δὲ
2550 5170 2810 5243 πρωῖνὸς,
2852 5169 3015 5232 αὐτὸς
3061 5170 3090 5220 ὁ
3145 5166 3350 5236 Κύριος
3399 5164 3747 5238 χρηματίζει.

485 5257 792 5335 appellatur
826 5274 839 5310 :
877 5257 1144 5310 matutina
1177 5253 1421 5321 quidem,
1456 5265 1714 5326 tanquam
1748 5258 1931 5313 omnis
1976 5276 2065 5314 sa-

2172 5262 2416 5334 Πρωῖνὺς
2473 5261 2595 5331 μὲν,
2652 5261 2729 5323 ὡς
2780 5260 2960 5329 πάσης
3015 5257 3372 5327 σωφροσύνης
3442 5253 3748 5325 παραίτιος.

488 5351 707 5419 pientia:
737 5358 792 5404 et
817 5345 1134 5403 sobrietatis
1160 5355 1352 5401 auctor
1380 5365 1392 5401 :
1419 5348 1702 5418 splendida
1733 5349 1900 5420 836
1918 5366 2067 5411 vero,

2169 5354 2436 5427 Λαμπρὸς
2464 5354 2542 5415 δὲ,
2574 5353 2649 5415 ὡς
2680 5371 2698 5403 ι
2737 5351 2988 5421 φωτίζων
3015 5352 3195 5403 πάντα
3238 5348 3525 5420 ἄνθρωπον
3556 5348 3634 5406 είς
3661 5352 3750 5397 τόν

486 5453 805 5513 tanquam}
854 5441 1171 5497 illuminans
1201 5456 1418 5495 omnem
1460 5443 1731 5498 hominem
1763 5445 2067 5498 venientem

2170 5448 2375 5517 κόσμον
2406 5445 2726 5515 ἐρχόμενον.
2770 5463 2786 5495 ι
2831 5442 3053 5511 Πνεῦμα
3092 5440 3148 5493 δὲ
3179 5441 3355 5503 καλεῖ,
3410 5438 3538 5498 τοὺς
3585 5436 3748 5505 ὴξιωο

488 5536 542 5588 in
596 5535 860 5589 mundum
898 5534 963 5588 ”.
1011 5553 1030 5585 ›
1068 5533 1330 5602 Spiritum
1366 5544 1623 5605 przetct‘ea
1671 5541 2067 5604 \‘0t'al005t1tli

2175 5539 2368 5607 μένους
2417 5536 2509 5590 τοῦ
2564 5534 2937 5604 πνευματικοῦ
2996 5534 3201 5604 γάμου,
3261 5532 3479 5602 νύμφην
3537 5530 3594 5582 δὲ
3652 5528 3749 5598 τὴν

488 5627 637 5695 digni
676 5628 948 5681 habentur
994 5626 1375 5696 spiritualihus
1410 5628 1638 5697 nuptiis,
1671 5644 1927 5697 sponsam
1978 5644 2070 5682 au-

2184 5629 2526 5702 Ἐκκλησίαν.
2578 5631 2651 5682 Τὸ
2679 5630 2757 5695 δὲ,
2796 5627 2903 5684 Καὶ
2936 5630 2967 5681 ὁ
3001 5628 3260 5691 ἀκούων,
3296 5628 3522 5688 τούτους
3573 5622 3749 5691 ὑπεμ-

563 5801 605 5833 ¹⁵
634 5801 790 5858 Dcut.
824 5819 984 5868 unt,
1026 5805 1105 5860 l8.
1192 5806 1233 5835 ¹⁶⁵
1267 5802 1423 5859 Joan.
1462 5823 1498 5869 ι,
1548 5808 1598 5859 9.
