4164 6424
468 433 574 499 785

1530 452 1920 519 COMMENT.
1961 456 2045 520 IN
2082 460 2613 529 APOCALYPSIN.

3620 487 3729 548 786

465 550 650 622 φαίνει
681 552 809 617 τοὺς
835 554 1003 624 μήπω
1050 557 1150 628 μὲν
1184 561 1250 630 τῇ
1296 561 1466 634 ἀγέλῃ
1509 568 2036 640 προσειλημμένουςτ

2155 583 2260 628 tem
2316 575 2639 636 Ecclesiam.
2685 581 2951 640 Caeterum
2997 591 3143 658 quod
3177 592 3451 659 subditur,
3501 596 3606 662 Qui
3635 619 3730 653 au-

465 646 545 706 είς
575 645 746 715 ἀκοὴν
773 646 830 700 δὲ
855 649 964 700 τῶν
995 650 1156 704 θείων
1196 654 1563 726 ἀκουσμάτων
1585 665 2047 734 παρεσκευασμέ-

463 752 609 803 νους,
632 736 683 790 οἳ
716 738 810 792 καὶ
835 738 1232 798 ὲπισπεύδουσι
1259 746 1466 816 γνῶναι
1496 750 1588 806 τὸν
1621 752 1848 824 Κύριον.

1029 1073 1282 1132 ΚΕΦᾹΛ.
1321 1079 1442 1134 ΟΒ’.

469 1176 667 1268 Ὅπως
688 1182 726 1268 ᾖ
757 1184 1091 1268 Ἐκκλησία
1109 1192 1208 1268 καὶ
1229 1192 1296 1268 τὸ
1309 1193 1380 1244 ἐν
1399 1193 1555 1268 aiter]
1587 1198 1830 1268 Πνεῦμα
1853 1216 2042 1268 προσ-

531 1256 880 1340 καλοῦνται.
920 1256 1176 1340 τὴν-,τοῦ
1221 1264 1478 1340 Χριστοῦ
1519 1256 1774 1340 ἔνδοξοῦ
1828 1256 2042 1340 salsasi-

531 1326 882 1404 νειανηοηιιαὶ
922 1327 1056 1394 περὶ
1099 1328 1394 1404 τῆς-,ἀρᾶς
1429 1329 1469 1404 ᾖ
1496 1326 1946 1396 ὑποϐάλλονταῖ
1989 1347 2044 1396 οἱ

534 1393 650 1458 τὴν
672 1394 894 1457 βίϐλον
918 1393 1476 1469 παραχαράττοντὲξη
1505 1405 1586 1471 ὡς
1609 1406 1860 1475 ἄκυρον.

533 1529 909 1599 Μαρτύρομαι
931 1533 1046 1604 ἐγὼ
1062 1537 1241 1591 παντὶ
1259 1538 1338 1603 τῷ
1359 1539 1644 1598 ἀκούοντι
1665 1547 2042 1619 τοὺςλόγους

463 1616 573 1684 τῆς
597 1623 967 1690 προφητείας
1010 1627 1118 1680 τοῦ
1164 1627 1412 1691 βιϐλίου
1466 1634 1704 1691 τούτου.
1761 1616 1914 1693 Ἐάν(
1951 1616 2043 1710 ut;

458 1708 639 1800 επιθῆ
663 1710 758 1764 ἐπ’
796 1715 970 1782 αὐτὰ,
1019 1717 1296 1787 ἐπιθήσει
1327 1723 1421 1776 ἐπ’
1450 1726 1636 1780 αὑτὸν
1670 1731 1704 1784 ό
1743 1731 1889 1798 Θεὸς
1934 1708 2042 1800 τὰζ-

457 1798 608 1855 emo
657 1806 898 1873 πληγὰς
965 1807 1072 1876 τὰς
1125 1814 1536 1884 γεγραμμένας
1569 1817 1640 1872 ἐν
1693 1819 1773 1887 τῷ
1824 1798 2042 1892 βιϐλίῴ

459 1893 665 1958 τούτῳ.
697 1896 804 1948 Kal
832 1896 941 1951 ἐάν
978 1916 1068 1966 τις
1119 1904 1316 1973 ἀφέλῃ
1347 1907 1465 1961 ἀπὸ
1517 1909 1635 1963 τῶν
1692 1914 1886 1982 λόγων
1931 1917 2038 1971 τοῦ

449 1983 698 2047 βιϐλίου
727 1986 838 2056 τῆς
873 1995 1243 2060 προφητείας
1275 1999 1519 2066 ταύτης,
1570 2001 1788 2071 ἀφελεῖ
1811 2009 1843 2059 ό
1889 2007 2036 2074 Θεὸς

455 2075 524 2127 τὸ
547 2075 730 2146 μέρος
765 2080 953 2135 αὐτοῦ
985 2084 1108 2137 ἀπὸ
1136 2088 1243 2142 τοῦ
1286 2089 1479 2154 ξύλου
1509 2067 1626 2162 τῆξ
1655 2094 1804 2164 ζωῆς
1835 2100 1932 2152 καὶ
1962 2067 2032 2153 ἐκ
2069 2067 2109 2124 Β

455 2165 567 2235 τῆς
595 2169 831 2236 πόλεως
863 2171 974 2242 τῆς
999 2174 1175 2244 ἁγίας
1229 2179 1348 2233 τῶν
1394 2185 1816 2253 γεγραμμένων
1844 2187 1909 2241 ἐν
1956 2189 2036 2254 τῷ

447 2257 667 2322 βιϐλίῳ
717 2261 927 2316 τούτω.
970 2265 1142 2333 Λέγει
1188 2271 1222 2322 d
1265 2272 1581 2341 μαρτυρῶν
1628 2275 1850 2332 ταῦτα’
1896 2282 2033 2348 Nai,

451 2349 698 2419 ἔρχομαι
773 2354 949 2422 ταχύ.
1020 2357 1218 2428 Ἀμήν.

453 2445 658 2515 ἁγίων.
698 2448 909 2518 Ἀμήν.

525 2571 908 2640 Μαρτύρομαι
962 2572 1096 2644 ἐγώ.
1157 2575 1304 2630 Ἀντὶ
1357 2577 1452 2632 τοῦ
1479 2619 1494 2643 ,
1553 2583 2032 2657 Διαμαρτύρομαι,

455 2660 619 2714 οἱονεὶ
657 2661 1103 2734 διαϐεϐαιοῦμαι,
1146 2670 1335 2724 πιστὸν
1365 2672 1740 2746 ἀποφαίνομαι
1776 2678 1867 2731 καὶ
1891 2679 2037 2733 ἀπα-

455 2752 695 2821 ράϐατον
721 2756 835 2808 πᾶν
866 2756 928 2809 τὺ
976 2758 1354 2830 ἐπισημανθὲν
1387 2767 1504 2829 τοῖς
1541 2766 1722 2835 λόγοις
1766 2770 1868 2840 τῆς
1898 2789 2035 2842 προ-

455 2843 687 2913 φητείας
711 2846 939 2916 ταύτης.
972 2850 1342 2924 Μαρτύρομαι
1369 2855 1426 2909 δὲ
1465 2858 1670 2923 ταύτας
1693 2861 1791 2925 τὰς
1820 2862 2036 2934 πληγὰς

455 2935 677 3000 ἁπάσας
745 2937 962 3008 μέλλειν
1035 2942 1516 3016 ἀπενεχϐήσεσθαι
1581 2951 2038 3024 ἀμετατρέπτως,

449 3027 550 3090 τὰς
571 3028 641 3082 δι’
674 3029 799 3085 ὅλου
830 3031 926 3087 τοῦ
959 3033 1167 3104 βιϐλίου
1191 3039 1386 3092 τούτου
1419 3040 1859 3114 ἐπηγγελμένας.

534 3143 680 3199 Ἐάν
715 3163 808 3213 τις
843 3147 1024 3218 ἐπιθῇ
1077 3149 1172 3203 ἐπ’
1203 3151 1378 3208 αὐτά.
1429 3156 1872 3230 Διαμαρτύρεται
1928 3164 2043 3226 τοῖς

451 3236 736 3306 ἀκούουσι,
768 3242 907 3310 μήτε
945 3241 1189 3310 ἀφελεῖν,
1233 3245 1372 3318 μήτε
1400 3249 1752 3319 προσθεῖναι,
1789 3253 1928 3308 ἀλλὰ
1966 3255 2036 3309 τὰ

450 3330 701 3399 γραφικὰ
739 3331 1007 3404 ἰδιώματα
1035 3336 1144 3389 τῶν
1175 3337 1440 3393 Ἀττικῶν
1470 3342 1776 3410 συντάξεων
1797 3347 1892 3399 καὶ
1922 3345 2034 3401 τῶν

449 3421 814 3478 διαλεκτικῶν
859 3426 1243 3499 συλλογισμῶν
1283 3429 1358 3502 μὴ
1409 3432 1663 3502 ἡγεῖσθαι
1711 3435 2032 3501 ἀξιοπιστό-

448 3530 587 3586 τερα
625 3515 658 3588 ἢ
687 3517 915 3588 σεμνότε
924 3535 1014 3592 ρα.

521 3649 694 3721 Λέγει
719 3653 754 3706 ὁ
786 3653 1109 3724 μαρτυρῶν
1143 3655 1351 3714 ταῦτα.
1419 3659 1478 3714 Ὁ
1519 3659 2036 3734 διαμαρτυρόμενος

445 3742 643 3806 ταῦτα,
661 3744 729 3798 δι’
753 3745 910 3817 ἐμοῦ,
935 3750 1094 3818 φησὶ,
1119 3749 1290 3818 λέγει.
1313 3751 1378 3803 Τί
1399 3770 1414 3818 ;
1433 3753 1544 3807 Nai
1581 3753 1831 3824 ἔρχομαι
1857 3756 2031 3825 ταχύ.

447 3835 678 3906 essst
711 3836 822 3908 γὰρ
843 3838 938 3893 τὸν
971 3840 1166 3911 εἱρμὸν
1192 3841 1287 3896 τοῦ
1312 3843 1500 3912 λόγου,
1529 3845 1604 3908 ὡς
1631 3847 1727 3899 καὶ
1763 3847 1870 3917 πρὸ
1901 3847 2032 3900 10'3-

445 3946 545 3981 του
575 3929 782 3999 μεταξὺ
810 3930 907 3984 τοῦ
931 3933 1024 4002 ἀφ’
1051 3934 1249 3988 ἑαυτοῦ
1276 3934 1461 4005 λόγου,
1494 3937 1586 3990 τὸν
1617 3937 2032 4008 χρηματίζοντα

447 4021 689 4090 Χριστὸν
715 4023 1147 4096 αὐτοπρόσωπον
1178 4027 1436 4096 εἰσάγων.
1470 4028 1656 4094 Οὕτως
1685 4030 1780 4084 οὖν
1806 4032 1902 4084 καὶ
1936 4031 2032 4084 νῦν

444 4113 590 4184 τάχα
634 4116 710 4178 είς
753 4116 1108 4187 παραμυθίαν
1153 4119 1248 4171 τοῦ
1307 4121 1778 4194 χρηματισθέντος
1834 4121 2030 4188 ταῦτα,

446 4207 682 4278 γηραιοῦ
714 4208 883 4272 ὅντως
929 4211 1064 4280 φησὶ
1096 4211 1186 4264 τό·
1220 4213 1331 4266 Nai
1382 4213 1652 4283 ἔρχομαι.
1689 4215 1758 4266 Ἢ
1795 4209 1888 4268 οὖν
1923 4213 2032 4268 ἀπὸ

445 4300 543 4354 τοῦ
585 4301 1043 4373 χρηματίζοντος,
1087 4303 1121 4374 ἢ
1149 4305 1245 4357 καὶ⁸
1266 4304 1373 4358 ἀπὸ
1401 4304 1496 4360 τοῦ
1548 4306 2029 4378 χρηματιζομένου

445 4390 768 4458 ἀκουστέον,
822 4392 911 4446 ἵνα
959 4396 1136 4447 νοοῖτο
1189 4393 1398 4458 οὕτως·
1472 4395 1616 4464 Ἐγὼ
1662 4399 1689 4450 ό
1731 4398 2028 4467 μαρτυρῶν

444 4481 642 4550 ταῦτα,
674 4485 722 4536 εί
756 4484 853 4538 καὶ
881 4487 948 4556 τῇ
983 4486 1261 4558 ἀναγκαίᾳ
1290 4486 1382 4540 τοῦ
1417 4486 1533 4558 βίου
1561 4487 1858 4558 ἐλαύνομαι
1888 4506 2026 4559 προ-

2154 667 2250 730 dit,
2289 684 2385 725 eos
2416 673 2637 730 denotat
2677 678 2770 746 qui
2817 681 2883 733 ad
2919 697 3136 753 gregem
3178 688 3420 741 nondum
3461 696 3728 762 assumpti

2155 763 2304 818 sunt,
2339 757 2430 812 sed
2462 769 2642 817 tamen
2675 765 2741 819 ad
2781 768 3053 826 audienda
3080 772 3261 829 divina
3292 790 3557 848 praecepta
3590 757 3731 851 pra--

2155 848 2357 914 parati,
2388 851 2479 920 qui
2503 855 2667 910 etiam
2702 857 2962 916 festinant
2986 878 3048 919 ac
3075 866 3314 922 studium
3347 848 3607 928 adhibent
3627 914 3642 938 ,
3670 885 3732 931 ut

2155 951 2490 1008 cognoscant
2516 944 2834 1009 Dominum.

2707 1082 2930 1141 CAPUT
2971 1087 3178 1146 LXXII.

2155 1205 2308 1271 Quod
2359 1209 2610 1297 iErcIes’ia
2650 1227 2697 1297 et
2723 1215 2963 1297 Spiritus
3010 1223 3099 1291 qui
3157 1227 3210 1278 in
3241 1243 3304 1280 ea
3332 1236 3407 1282 est
3441 1229 3730 1297 gloriosum

2221 1291 2465 1358 expetant
2533 1283 2734 1358 Christi
2771 1283 3097 1358 adventum,
3161 1305 3208 1348 et
3258 1300 3323 1350 de
3365 1283 3731 1352 ittttledictiotte

2222 1351 2306 1428 cui
2340 1364 2461 1405 sunt
2517 1355 2730 1408 obnoxii
2768 1361 2859 1428 qui
2903 1351 3096 1415 librum
3138 1364 3277 1418 hunc
3320 1351 3623 1422 adulterant
3668 1351 3732 1422 at:

2223 1421 2538 1488 depravata,
2564 1421 2818 1496 tanquam
2852 1431 3065 1484 irritum
3088 1443 3135 1486 et
3168 1421 3501 1506 abrogatum.

2221 1553 2389 1619 XXII,
2423 1558 2611 1616 18-21.
2641 1562 2918 1634 Testi/icor
2935 1583 3026 1637 ego
3049 1571 3192 1622 omni
3212 1572 3448 1626 audienti
3469 1590 3729 1627 sermones

2151 1649 2437 1718 prophetia:
2484 1653 2611 1711 libri
2657 1655 2836 1724 hujus.
2892 1658 2953 1714 Si
2990 1662 3108 1730 quis
3150 1665 3449 1731 opposuerit
3488 1665 3557 1716 at!
3597 1665 3727 1725 Ita'c,

2150 1752 2373 1810 apponet
2407 1761 2563 1814 super
2598 1748 2750 1801 illum
2783 1749 2925 1805 Deus
2968 1761 3164 1822 septem
3195 1753 3381 1824 plagas
3425 1755 3650 1823 scriptas
3677 1757 3730 1808 in

2151 1831 2288 1886 libro
2331 1835 2448 1890 hoc.
2489 1838 2556 1891 Et
2586 1841 2633 1893 si
2659 1842 2777 1910 quis
2822 1842 3098 1898 abstulerit
3127 1849 3190 1900 de
3231 1846 3560 1900 sermonibus
3604 1863 3731 1916 pro-

2149 1924 2340 1992 phetia:
2369 1928 2489 1982 libri
2513 1931 2694 1996 hujus,
2719 1935 2920 2002 auferet
2959 1935 3094 1991 Deus
3124 1948 3328 2006 partem
3353 1938 3467 2008 ejus
3500 1938 3565 1992 de
3593 1938 3730 1991 libro

2143 2014 2294 2080 vitta,
2321 2027 2370 2070 et
2393 2020 2455 2072 de
2480 2021 2690 2076 civitate
2717 2031 2924 2087 sancta,
2949 2035 2999 2080 et
3027 2043 3093 2082 ex
3111 2029 3192 2083 his
3236 2045 3354 2098 qua:
3380 2031 3579 2098 scripta
3605 2037 3731 2082 sunt

2138 2104 2194 2155 in
2226 2106 2359 2159 libro
2382 2108 2503 2162 isto.
2531 2109 2672 2166 Dicit
2698 2115 2788 2183 qui
2823 2116 3183 2171 testimonium
3227 2118 3460 2188 perhibet
3490 2119 3555 2173 de
3594 2119 3679 2172 his
3707 2134 3727 2172 :

2141 2195 2320 2252 Etiam
2351 2204 2495 2256 uenio
2519 2205 2644 2259 cito.
2675 2207 2860 2261 Amen.
2903 2207 3052 2274 Veni,
3089 2209 3315 2265 Domine
3336 2209 3464 2265 Jesu
3497 2209 3727 2266 Christe.

2142 2285 2331 2345 Gratia
2360 2292 2561 2349 Christi
2592 2313 2714 2351 cum
2739 2299 2979 2354 omnibus
3006 2303 3228 2358 sanctis.
3255 2303 3444 2359 Amen.

1291 2363 1540 2434 Ἔρχου,
1604 2368 1784 2436 Κύριε
1847 2371 2040 2440 Ἰησοῦ
2077 2378 2314 2448 Χριστέ.
2356 2383 2425 2439 ’11
2455 2384 2629 2455 χάρις
2686 2388 2793 2444 τοῦ
2819 2391 3078 2458 Χριστοῦ
3137 2393 3294 2462 μετὰ
3340 2392 3586 2449 πάντων
3608 2391 3729 2448 τῶν

2224 2591 2501 2659 Testiﬁcor
2545 2609 2661 2663 ego.
2694 2593 2808 2650 lloc
2853 2607 2957 2662 est,
3013 2607 3310 2668 protestor,
3342 2601 3572 2670 afﬁrmo,
3622 2605 3728 2660 fide

2143 2679 2368 2753 dignum
2401 2699 2591 2741 assero
2633 2696 2688 2741 et
2733 2689 3183 2747 incommutabile
3231 2695 3495 2765 quidquid
3551 2697 3724 2766 signi-

2147 2777 2367 2830 ficatum
2411 2786 2497 2832 est
2525 2792 2623 2848 per
2651 2793 2937 2836 sermones
2992 2782 3156 2852 hujus
3185 2786 3501 2854 prophetiae.
3546 2787 3729 2843 Testi-

2145 2869 2279 2922 ﬁcor
2307 2878 2488 2924 autem
2541 2885 2733 2927 omnes
2767 2873 2869 2928 has
2915 2872 3100 2944 plagas
3155 2875 3542 2934 inevitabiliter
3591 2879 3730 2935 infe-

2137 2961 2339 3018 rendas
2359 2975 2482 3018 esse
2499 2977 2622 3033 quae
2649 2970 2766 3020 toto
2796 2964 2901 3022 hoc
2927 2966 3068 3023 libro
3092 2967 3430 3025 denuntiata:
3463 2979 3619 3026 sunt.

2211 3161 2274 3218 Si
2305 3162 2426 3234 quis
2463 3164 2768 3234 opposuerit
2789 3164 2878 3235 fad
2905 3165 3035 3220 htrc.
3069 3165 3413 3223 Protestatur
3444 3169 3728 3227 audientes

2140 3268 2208 3310 ne
2246 3255 2500 3309 auferant
2551 3270 2726 3326 neque
2779 3256 3022 3312 addant:
3059 3273 3237 3329 neque
3280 3260 3539 3330 graphica
3584 3263 3728 3317 Atti—

2141 3361 2329 3402 carum
2383 3346 2812 3417 descriptionum
2866 3359 2962 3404 aut
3019 3350 3438 3406 dialecticorum
3501 3354 3724 3425 syllogi-

2135 3418 2383 3494 smorum
2457 3440 2735 3510 idiomataj
2787 3441 3104 3497 existiment
3160 3441 3265 3497 [ide
3323 3418 3570 3513 digniora
3601 3459 3724 3500 esse

2139 3540 2234 3584 aut
2265 3529 2606 3585 venustiora.

2215 3664 2354 3718 Dicit
2381 3665 2471 3734 qui
2515 3664 2866 3719 testimonium
2908 3663 3138 3734 perhibet
3193 3665 3258 3718 de
3289 3664 3392 3721 his.
3421 3665 3588 3735 837
3618 3663 3723 3730 Qui

2140 3757 2279 3821 haec,
2310 3757 2509 3827 inquit,
2539 3772 2638 3828 per
2665 3772 2752 3811 me
2777 3765 3135 3827 protestatur,
3159 3757 3306 3811 dicit.
3337 3755 3513 3823 Quid?
3546 3756 3722 3809 Etiam

2137 3849 2283 3903 venio
2321 3850 2447 3902 cito.
2497 3846 2792 3918 Interrupit
2819 3847 2963 3902 enim
2989 3847 3200 3914 seriem
3239 3846 3513 3902 sermonis
3536 3886 3550 3912 ,
3579 3846 3724 3900 sicut

2136 3939 2300 3994 etiam
2328 3947 2455 3994 ante
2483 3939 2586 3994 hoe
2612 3939 2667 3992 in
2698 3953 2798 3993 suo
2829 3953 3115 4004 sermone,
3141 3937 3420 3993 Christum
3457 3936 3723 3992 inducens

2138 4031 2358 4102 propria
2403 4046 2658 4102 persona.
2705 4030 2782 4084 Ita
2829 4030 2997 4101 igitur
3023 4039 3076 4085 et
3110 4045 3258 4084 nunc
3283 4032 3349 4084 ad
3383 4031 3725 4084 consolatio-

2138 4141 2261 4178 nem
2291 4124 2546 4179 fortassis
2576 4125 2749 4194 ipsius
2767 4125 2856 4178 cui
2880 4125 2994 4178 haec
3021 4124 3296 4178 dabantur
3323 4124 3567 4187 oracula,
3594 4138 3720 4176 cum

2135 4232 2262 4272 vere
2294 4232 2460 4272 senex
2499 4224 2648 4272 esset
2679 4234 2692 4270 :
2727 4215 2908 4269 Etiam
2935 4216 3098 4271 venio.
3139 4216 3246 4268 Aut
3284 4213 3448 4284 igitur
3479 4230 3544 4267 ex
3573 4223 3725 4283 parte

2133 4311 2253 4379 ejus
2277 4309 2371 4378 qui
2403 4308 2568 4363 dabat
2611 4308 2833 4362 oracula
2864 4305 3244 4376 accipiendum
3268 4305 3385 4371 esti,
3427 4316 3523 4360 aut
3556 4305 3720 4360 etiam

2133 4415 2200 4454 ex
2241 4408 2392 4469 parte
2423 4399 2541 4470 ejus
2577 4399 2670 4468 qui
2709 4398 3051 4468 accipiebat,
3104 4406 3162 4452 ut
3214 4398 3285 4451 sit
3322 4399 3425 4453 iste
3467 4414 3662 4454 sensus
3707 4417 3720 4453 :

2135 4491 2245 4563 Ego
2277 4491 2369 4561 qui
2410 4491 2524 4547 [nec
2557 4491 2846 4555 testiﬁcor,
2899 4505 3216 4562 quanquam
3259 4491 3573 4547 necessario
3599 4492 3724 4546 vita:

446 4574 650 4647 θεσμίᾳ
687 4575 783 4628 καὶ
826 4578 932 4646 πρὸ
965 4577 1058 4632 τοῦ
1114 4581 1402 4650 ἐπιστῆναι
1430 4579 1623 4646 ταῦτα,
1657 4580 1773 4633 ἀλλ’
1805 4577 1899 4634 οὖν
1928 4580 2025 4634 κοιλ⁸

2142 4599 2296 4638 cursu
2329 4598 2394 4637 ac
2426 4582 2661 4639 termino
2692 4582 2966 4652 impellar,
3003 4582 3170 4638 etiam
3206 4583 3360 4652 prius
3406 4597 3571 4652 quam
3605 4582 3724 4638 lucc

445 4667 610 4731 αὐτὸς
637 4668 804 4738 μηδὲν
834 4648 1563 4742 ἁνα6αλλόμενος,γἝρχου,
1601 4674 1778 4740 Κύριε
1819 4673 2024 4742 Ἰησοῦ

2142 4675 2457 4729 immineant
2488 4694 2502 4730 :
2532 4648 2920 4745 attamen-ipse
2945 4690 3165 4745 quoque
3187 4648 3325 4730 nihil
3349 4676 3720 4744 procratisno.

445 4760 688 4826 Χριστὲ,
722 4763 862 4816 κατὰ
907 4763 1007 4832 τὴν
1035 4763 1296 4836 δευτέραν
1325 4782 1420 4819 σου
1462 4767 1796 4837 παρουσίαν.
1833 4767 1907 4821 Τὸ
1945 4767 2023 4834 δὲ,

459 4851 520 4907 Ἠ
549 4851 722 4922 χάρις
759 4855 867 4909 τοῦ
901 4855 1158 4926 Χριστοῦ
1199 4857 1351 4928 μετὰ
1383 4859 1628 4914 πάντων
1656 4858 1776 4914 τῶν
1815 4861 2020 4930 ἁγίων,

444 4947 795 5018 βεϐαιοῦντός
827 4951 997 5008 ἐστιν.

2222 4767 2367 4833 Veni,
2395 4769 2616 4823 Domine
2637 4767 2767 4824 Iesu
2801 4768 3026 4835 Christe,
3064 4769 3307 4824 secundo
3337 4777 3432 4823 tuo
3459 4769 3718 4824 adventu.

2133 4859 2307 4915 Porro
2358 4861 2504 4932 quod
2564 4861 2802 4928 additur,
2866 4860 3057 4916 Gratia
3083 4860 3280 4918 Christi
3326 4877 3444 4915 cum
3478 4861 3719 4916 omnibus

2137 4953 2338 5008 sanctis
2358 4993 2374 5021 ,
2405 4954 2782 5012 confirmantis
2812 4962 2915 5011 est.
