4164 6462
495 455 605 521 TC"!

3664 464 3775 523 7Y8

505 610 3758 639 Μ

1065 777 1513 904 ΑΒΕἸἮᾸΕ
1594 776 2393 907 ARCHIEPISCOPI
2472 776 3168 909 CIESAREENSIS

1975 1006 2287 1069 ORATIO

646 1194 796 1284 DE
872 1191 1026 1283 SS.
1106 1190 1885 1281 MARTYBIBUS
1953 1186 2874 1315 SAMONA,GURIA
2947 1190 3101 1284 ET
3168 1192 3569 1290 ABIBO.

1354 1380 1568 1443 (Serius,
1594 1384 1709 1431 Acta
1737 1381 1833 1430 SS.
1864 1380 1924 1431 l5
1948 1379 2091 1441 Nov.,
2116 1384 2234 1429 tom.
2264 1382 2345 1441 IV,
2368 1380 2447 1431 ed.
2475 1381 2667 1443 Colon.,
2689 1397 2731 1446 p.
2764 1383 2904 1449 3w.)

557 1684 598 1740 l.
629 1683 920 1751 Quomodo
950 1693 1131 1741 vester
1158 1684 1314 1741 vobis
1338 1699 1396 1741 se
1423 1686 1642 1743 animus
1691 1686 1875 1753 habet,
1917 1702 2075 1742 sacer
2105 1690 2149 1747 Α
2179 1686 2375 1742 horum
2403 1686 2644 1741 virorum
2677 1684 3283 1755 certamina,tanquam
3317 1683 3371 1738 in
3396 1683 3610 1742 tabellis
3642 1687 3771 1758 qui-

484 1777 659 1847 grex?
686 1777 779 1847 qui
815 1776 959 1831 diem
1016 1777 1219 1832 festum
1277 1778 1424 1834 hunc
1469 1778 1816 1848 splendidius
1854 1780 2069 1836 Christi

484 1868 900 1926 eonfessoribus
922 1870 1109 1939 agitis,
1143 1871 1361 1941 quando
1393 1880 1619 1926 externa
1684 1872 1854 1928 etiam
1898 1874 2070 1929 multa

485 1977 584 2019 vos
617 1962 695 2018 uti
744 1963 904 2019 video
948 1964 1190 2028 lautitia,
1234 1978 1561 2035 summaque
1608 1981 1735 2021 cum
1798 1966 2077 2024 hilaritate

486 2067 707 2109 sacrum
760 2053 907 2109 hunc
942 2053 1122 2108 locum
1172 2069 1467 2125 occupare.
1503 2054 1780 2127 Numquid
1814 2056 2071 2124 fortasse,

485 2158 610 2217 qua:
665 2147 719 2200 in
762 2146 916 2202 vobis
969 2146 1257 2216 imperium
1295 2148 1506 2203 obtinet
1556 2164 1744 2213 mens,
1785 2148 1991 2205 sensim
2044 2165 2074 2204 a

484 2238 653 2293 rebus
685 2236 895 2292 deﬂexa
928 2238 1066 2301 suis,
1111 2253 1209 2308 per
1246 2255 1443 2295 sensus
1474 2239 1795 2302 elTunditur,
1820 2250 1875 2294 et
1920 2242 1975 2295 in
2001 2257 2065 2297 ea

483 2332 674 2397 etiam,
701 2345 822 2401 quae
845 2332 1133 2387 oculorum
1172 2333 1422 2401 subjecta
1450 2340 1579 2389 sunt
1613 2334 1892 2398 sensibus,
1913 2334 2078 2390 dissi-

484 2424 687 2489 patur?
725 2426 806 2477 An
833 2437 959 2479 vero
986 2436 1113 2479 eum
1143 2425 1430 2494 paululum
1450 2425 1588 2492 haec,
1623 2426 1959 2481 blandientis
1987 2441 2079 2481 cu-

479 2511 699 2582 jusdam
731 2513 911 2568 catelli
946 2528 1120 2575 more,
1143 2514 1330 2569 sensui
1362 2514 1575 2568 adulari
1602 2516 1933 2583 permiserit,
1961 2516 2077 2586 ipsa

485 2605 544 2659 in
565 2619 665 2660 sua
687 2604 933 2676 gaudens
961 2605 1272 2670 altitudine,
1302 2606 1688 2675 pulcherrimis
1707 2606 1924 2676 sibique
1954 2622 2078 2678 pro-

486 2698 624 2767 priis
655 2697 970 2767 spectandis
1004 2698 1169 2754 rebus
1196 2708 1447 2754 movetur
1502 2699 1867 2769 adiciturque,
1903 2711 1958 2757 et
1988 2716 2079 2756 re-

482 2788 739 2859 jiciendis
778 2788 1154 2860 voluptatibus
1212 2791 1483 2861 corporis,
1542 2794 1825 2862 proprium
1874 2793 2078 2849 Christi

488 2879 828 2949 martyribus
857 2894 984 2933 vere
1009 2880 1247 2934 natalem
1282 2880 1523 2935 celebrat
1549 2880 1739 2935 diem?
1775 2878 1831 2934 Si
1866 2880 1981 2936 [nec
2006 2883 2075 2934 ita

486 2986 547 3026 se
578 2971 803 3036 habent,
830 2980 885 3025 et
914 2972 1216 3027 victoribus
1242 2972 1329 3028 his
1365 2972 1629 3027 honorem
1664 2973 1827 3027 istum
1871 2971 2076 3026 hahen-

486 3063 618 3117 dum
681 3064 999 3129 censuistis,
1032 3075 1194 3133 atque
1242 3064 1315 3118 ita
1357 3063 1501 3118 diem
1548 3062 1744 3118 festum
1798 3062 2074 3118 Celebrare
2106 3040 2150 3095 Β

488 3156 841 3223 contenditis,
869 3175 887 3208 ι
915 3154 1129 3225 Venite,
1155 3156 1492 3211 exsultemus
1506 3155 1761 3220 Domino,
1774 3154 2076 3225 jubilemus

490 3249 603 3304 Deo
633 3248 861 3304 salutari
894 3258 1108 3314 nostro,
1138 3266 1158 3302 ι
1181 3249 1276 3319 qui
1298 3248 1510 3320 pridem
1542 3248 1706 3303 etiam
1731 3262 1923 3303 servos
1944 3261 2077 3305 suos

489 3342 643 3398 velut
668 3343 1045 3412 passerculum
1072 3344 1364 3413 quemdam
1401 3344 1469 3397 de
1521 3342 1717 3413 laqueo
1749 3342 2070 3397 venantium

486 3434 770 3504 eripuerit,
794 3443 848 3489 et
878 3450 1023 3489 nunc
1056 3434 1109 3490 in
1148 3434 1263 3504 ipsa
1296 3435 1426 3489 anni
1459 3434 1849 3501 conversione,
1879 3442 2073 3504 optato

488 3527 687 3597 gaudio
718 3527 875 3582 nobis
894 3527 1080 3592 allato,
1102 3528 1277 3583 sacris
1305 3543 1495 3581 eormn
1522 3525 1915 3583 certaminibus
1943 3541 2079 3594 quo-

487 3618 613 3670 dam
678 3614 838 3670 hilari
900 3616 1069 3670 veluti
1118 3616 1395 3680 convivio,
1428 3615 1735 3671 studiosius
1776 3630 1879 3671 nos
1926 3615 2077 3671 exei-

489 3720 619 3776 pt-re
646 3705 907 3761 voluerit.

561 3797 627 3853 ll.
688 3796 757 3852 Et
808 3799 936 3869 quid
1006 3799 1111 3854 hoc
1155 3797 1278 3853 est?
1330 3796 1387 3851 ld
1445 3812 1662 3866 nempe,
1714 3798 2079 3867 quodcunque

496 3891 668 3946 animi
702 3890 850 3947 vires
888 3890 1196 3961 conﬁrmat,
1228 3901 1281 3945 et
1312 3901 1492 3960 spreta
1521 3891 1868 3945 laudabiliter
1933 3893 2080 3945 mul-

494 3982 728 4038 titudine
752 3984 1034 4054 imperita,
1065 3984 1130 4038 ad
1174 3983 1295 4056 illas
1330 3983 1556 4038 alterius
1602 3983 1725 4038 vita:
1764 3984 2080 4038 mansiones

492 4077 852 4148 erigiturque,
895 4079 998 4133 alis
1060 4077 1225 4133 veluti
1281 4078 1610 4147 quibusdam
1668 4078 1915 4133 omnium
1950 4094 2081 4148 pru-

491 4170 895 4227 dentissimein
939 4173 1109 4226 altum
1146 4181 1419 4227 evectum.
1454 4170 1605 4226 Talis
1627 4182 1710 4226 est
1737 4174 1883 4225 enim
1938 4186 2083 4225 mar-

491 4276 673 4332 tyrum
723 4264 896 4318 festus
937 4264 1074 4329 dies,
1112 4261 1217 4317 tale
1257 4264 1530 4317 victorum
1565 4271 1879 4317 nostrorum
1922 4262 2081 4315 thea-

489 4364 659 4417 trum,
696 4354 822 4408 talia
857 4362 985 4409 sunt
1016 4369 1101 4418 ea,
1153 4368 1276 4424 qtne
1325 4352 1425 4406 abs
1477 4366 1537 4406 se
1571 4351 1735 4406 allata
1791 4351 1968 4415 nobis,
2003 4350 2079 4404 illi

489 4449 733 4504 convivis
798 4448 913 4502 suis
968 4460 1247 4517 apponere
1295 4454 1644 4501 statuerunt:
1692 4444 1914 4515 quando
1966 4457 2077 4499 non

492 4542 595 4595 hoc
647 4539 812 4594 modo
870 4540 1106 4609 epulari,
1162 4536 1473 4607 laetitiaeque
1505 4535 1810 4607 indulgere,
1846 4538 1941 4592 sed
1986 4534 2078 4590 uni

488 4630 664 4685 ventri
721 4628 956 4699 turpiter
1004 4630 1305 4695 deservire,
1361 4630 1479 4699 qui,
1537 4628 1807 4700 quidquid
1863 4630 1916 4682 in
1952 4643 2077 4683 eum

490 4724 615 4793 quis
641 4721 809 4777 studii
839 4719 1154 4787 contulerit,
1179 4720 1232 4775 in
1270 4735 1548 4777 secessum
1588 4721 1834 4775 emittit:
1873 4729 1928 4774 et
1982 4735 2078 4774 ve-

490 4816 659 4870 Stium
694 4814 1001 4868 mutatione
1033 4812 1172 4869 alios
1191 4814 1433 4870 vicissim
1467 4813 1605 4869 alios
1649 4825 1913 4881 superare
1948 4826 2080 4866 con-

491 4907 732 4973 tendere,
769 4920 879 4961 non
912 4907 1088 4961 solum
1146 4922 1233 4961 res
1310 4921 1571 4977 generosa
1639 4921 1749 4959 non
1783 4914 1889 4970 est,
1925 4904 2077 4972 eius.

495 4997 777 5069 modique,
810 5013 933 5068 qua:
966 4998 1213 5053 moribus
1240 4998 1655 5069 disciplinaeque
1705 5008 1910 5051 nostra:
1947 5011 2081 5051 con-

490 5089 695 5154 veniat,
730 5088 826 5144 sed
855 5089 925 5144 ab
950 5093 1069 5160 ipso
1098 5090 1263 5144 etiam
1297 5098 1383 5144 est
1434 5087 1854 5143 convivatorum
1910 5102 2077 5142 sensu

492 5190 779 5251 menteque
823 5181 1186 5237 alienissima.
1245 5179 1371 5236 llaec
1426 5181 1592 5249 igitur
1636 5194 1763 5235 cum
1816 5177 1888 5233 ita
1944 5178 2076 5244 sint,

489 5289 727 5343 cumque
765 5289 867 5328 nos
905 5289 1017 5344 quo
1056 5284 1218 5343 pacto
1273 5272 1418 5327 diem
1455 5271 1658 5328 festum
1685 5279 1939 5341 oporteat
1990 5285 2079 5325 ce-

488 5373 691 5428 lebrari
718 5382 878 5426 antea
904 5370 1011 5437 iam
1032 5365 1500 5429 denuntiarimus,
1529 5378 1630 5419 nec
1658 5362 1779 5419 sine
1809 5376 1907 5433 spe
1937 5360 2076 5426 fore,

494 5470 577 5526 ut,
616 5462 780 5531 jactis
807 5462 861 5513 in
900 5468 1100 5513 terram
1124 5457 1346 5518 bonam,
1371 5454 1680 5509 animarum
1708 5451 1954 5508 videlicet
1982 5465 2077 5507 ve-

489 5565 724 5612 strarum
755 5552 1141 5623 cogitationes,
1165 5547 1433 5603 orationis
1464 5547 1796 5613 seminibus,
1815 5542 2078 5612 multipli-

492 5663 585 5702 ces
612 5648 787 5701 simus
840 5646 1026 5715 spicas
1060 5642 1297 5698 messuri
1335 5659 1348 5695 :
1383 5640 1639 5709 agedum,
1671 5652 1796 5708 age,
1825 5637 2074 5707 inquam,

2179 1779 2409 1835 busdam
2442 1794 2470 1832 a
2507 1777 2667 1832 nobis
2696 1778 2941 1846 depicta,
2982 1775 3241 1832 omnibus
3274 1778 3575 1847 spectanda
3638 1796 3768 1850 pru-

2178 1880 2473 1944 ponantur,
2504 1868 2649 1941 quod
2693 1868 2761 1924 ad
2782 1869 2889 1924 diei
2919 1868 3041 1923 l'esti
3070 1868 3497 1925 celebrationem
3552 1870 3640 1925 bis
3672 1888 3769 1924 ac-

2177 1963 2578 2021 commodatius
2613 1976 2734 2017 esse
2765 1961 2901 2015 nihil
2931 1961 3204 2016 videatur.
3245 1960 3360 2016 Hoc
3398 1962 3565 2031 igitur
3589 1971 3644 2017 et
3675 1962 3761 2017 fa-

2179 2058 2414 2114 ciamus.
2446 2054 2691 2111 Tametsi
2735 2054 2804 2109 ad
2854 2054 3190 2125 pingendum
3244 2055 3429 2110 nobile
3461 2055 3598 2109 adeo
3665 2056 3769 2111 huc

2179 2157 2565 2221 argumentum
2600 2147 2795 2203 idonea
2820 2148 2939 2205 sine
2966 2149 3137 2205 dubio
3162 2151 3435 2220 pigmenta
3471 2150 3630 2205 nobis
3660 2167 3767 2205 non

2178 2252 2495 2313 suppetunt,
2527 2248 2584 2295 ut
2612 2257 2675 2295 ex
2714 2241 2916 2296 invicta
2950 2251 3254 2311 martyrum
3319 2242 3632 2298 constantia
3684 2245 3765 2296 di-

2180 2333 2340 2388 vinus
2388 2334 2441 2387 in
2476 2332 2692 2386 animos
2745 2340 2968 2385 nostros
3028 2329 3240 2385 fructus
3298 2333 3630 2401 perveniat:
3659 2348 3769 2403 quo

2178 2439 2374 2481 eorum
2421 2424 2669 2479 videlicet
2714 2423 3063 2478 aemulatione
3114 2423 3341 2478 excitati
3382 2466 3396 2487 ,
3454 2435 3769 2494 oppugnata

2179 2532 2280 2588 pro
2306 2517 2517 2571 viribus
2540 2514 2823 2583 impotenti
2854 2514 3024 2569 animi
3056 2514 3316 2570 vitiorum
3337 2513 3645 2582 dominatu,
3684 2534 3768 2587 pe-

2178 2622 2405 2665 rcnnem
2457 2607 2617 2663 vobis
2648 2622 2714 2661 ex
2768 2606 3010 2660 maxime
3062 2605 3247 2662 divina
3306 2607 3412 2663 ista
3465 2611 3768 2665 certatione

2179 2699 2408 2769 gloriam
2442 2698 2691 2768 pariatis.
2731 2695 2838 2752 Sed
2867 2696 3097 2765 agedum
3119 2712 3465 2767 apponamus
3507 2699 3619 2768 jam
3664 2715 3764 2753 vo-

2183 2791 2291 2856 bis,
2328 2806 2452 2859 qua:
2502 2790 2794 2852 habemus,
2846 2788 3009 2858 idque
3056 2799 3332 2858 quatenus
3358 2790 3644 2846 facultates
3669 2808 3765 2846 nn-

2180 2892 2308 2939 strte
2336 2882 2640 2952 patiuntur.
2665 2879 2936 2936 Caeterum
2964 2882 3372 2952 qualiacunque
3396 2886 3506 2937 sint
3530 2896 3616 2948 ea,
3653 2885 3765 2939 cnl-

2179 2974 2287 3029 lata
2311 2990 2437 3030 cum
2454 2973 2662 3037 studio,
2694 2987 2921 3042 prorsus
2938 2973 3206 3041 placitura
3240 2986 3349 3028 non
3377 2974 3590 3042 dubito,
3623 2991 3763 3046 pra:-

2179 3068 2370 3123 Sertim
2403 3065 2498 3137 qui
2532 3066 2705 3121 sciam
2750 3081 2857 3119 non
2900 3065 3078 3121 solere
3109 3078 3139 3119 a
3190 3065 3449 3137 legitimis
3483 3074 3541 3122 et
3591 3069 3763 3137 aequis

2182 3175 2366 3214 rerqu
2401 3158 2831 3215 mstitnatoribus
2859 3158 2986 3213 liliis
3022 3158 3293 3228 repudiari
3349 3169 3643 3229 parentum
3674 3162 3758 3215 fa-

2180 3253 2435 3316 cultates,
2469 3252 2562 3306 sed
2598 3262 2889 3322 propterea
2932 3250 3001 3305 iis
3052 3251 3254 3305 charas
3291 3266 3431 3315 esse,
3464 3253 3607 3323 quod
3649 3254 3758 3307 sint

2180 3354 2446 3419 paternae.
2486 3344 2664 3399 Simili
2693 3344 2857 3400 modo
2878 3345 3043 3400 etiam
3073 3342 3298 3413 pauperi
3324 3358 3431 3398 non
3456 3344 3527 3400 sit
3558 3346 3653 3415 qui
3688 3347 3760 3399 vi-

2182 3437 2258 3492 tio
2287 3444 2483 3498 vertat,
2522 3434 2567 3491 si
2599 3435 2692 3507 qui
2727 3435 3071 3490 comessandi
3105 3449 3269 3489 causa
3298 3435 3363 3488 ad
3393 3434 3545 3489 illum
3576 3451 3765 3491 acet-s-

2181 3529 2378 3593 serint,
2412 3528 2479 3584 de
2520 3542 2607 3593 ea,
2640 3527 2735 3598 qui
2795 3527 2900 3581 sibi
2962 3538 3163 3597 praesto
3206 3524 3397 3591 fuerit,
3427 3527 3586 3597 copia
3635 3528 3766 3597 ipsis

2182 3621 2470 3690 largiatur.

2251 3710 2341 3767 lll.
2367 3713 2509 3767 Sane
2540 3710 2760 3782 quidem
2792 3710 3009 3776 Gurias,
3048 3709 3320 3765 Samonas
3348 3720 3403 3766 et
3454 3712 3683 3778 Altibus,
3713 3722 3765 3767 et

2184 3804 2294 3859 nati
2331 3816 2460 3859 sunt
2488 3800 2731 3867 Edessae,
2762 3810 2815 3857 et
2840 3802 3078 3857 educati.
3142 3801 3314 3858 l’orro
3364 3801 3579 3859 Edessa:
3605 3805 3768 3873 hujus

2182 3898 2326 3969 (quae
2352 3893 2572 3967 quidem
2604 3893 2734 3951 urbs
2773 3894 2930 3950 estin
2980 3892 3396 3966 Mesopotamia)
3420 3911 3618 3951 nomen
3643 3910 3763 3950 eum

2183 3991 2335 4063 pacis
2361 3987 2656 4044 admodum
2690 3998 2817 4043 ante
2850 3987 2933 4043 his
2967 4000 3236 4059 martyres
3268 3988 3546 4059 cognitum
3595 4000 3756 4055 esset,

2184 4084 2254 4139 ab
2279 4084 2346 4139 iis
2372 4082 2446 4137 ita
2467 4080 2681 4138 celebre
2707 4081 2931 4147 factum,
2958 4080 3405 4152 illustratumque
3430 4090 3533 4147 est,
3567 4091 3623 4133 ut
3659 4093 3760 4133 una

2184 4190 2308 4231 eum
2334 4190 2522 4229 eorum
2555 4172 2699 4228 fama
2754 4189 2851 4243 per
2881 4175 3199 4229 universum
3258 4188 3316 4229 se
3364 4172 3555 4228 orbem
3596 4182 3765 4227 terra-

2183 4279 2306 4320 rum
2342 4264 2663 4319 diﬂ‘uderit:
2711 4278 2887 4333 neque
2930 4277 3058 4318 vero
3088 4262 3156 4318 iis
3195 4262 3341 4317 intra
3367 4261 3560 4317 urbem
3595 4261 3770 4316 domi-

2188 4358 2374 4413 cilium
2423 4357 2545 4423 fuit,
2583 4356 2677 4412 sed
2726 4357 2779 4411 in
2813 4371 2943 4426 agro
2982 4366 3159 4419 extra,
3204 4354 3296 4410 ubi
3324 4354 3579 4411 videlicet
3621 4363 3767 4409 tran-

2186 4448 2497 4518 quilliorem
2540 4463 2571 4502 a
2611 4447 2735 4503 vitae
2768 4447 2933 4517 hujus
2962 4448 3200 4517 negotiis
3227 4450 3393 4503 vitam
3448 4456 3633 4502 essent
3679 4461 3767 4499 ae-

2183 4542 2313 4606 turi,
2353 4541 2545 4612 procul
2579 4555 2609 4595 a
2640 4541 2892 4596 civilibus
2950 4540 3124 4595 turbis
3149 4540 3370 4605 remoti,
3405 4553 3526 4610 qua:
3560 4545 3767 4594 certum

2183 4632 2354 4688 animi
2402 4633 2456 4686 in
2491 4630 2758 4702 religione
2810 4630 3153 4701 propositum
3182 4628 3505 4702 perturbare
3572 4630 3767 4694 solent,

2181 4734 2344 4794 atque
2371 4732 2701 4795 pervertere.
2746 4737 2923 4792 neque
2946 4721 3183 4793 spatium
3210 4722 3361 4787 dare,
3392 4729 3453 4775 ut
3473 4718 3768 4791 pulchritu-

2182 4812 2365 4865 dinem
2395 4825 2552 4866 suam
2581 4809 2731 4864 velut
2755 4809 2809 4863 in
2845 4812 3072 4880 speculo
3117 4811 3296 4866 valeat
3354 4808 3765 4880 contemplari:

2183 4916 2249 4959 ac
2281 4903 2327 4959 si
2357 4902 2488 4973 quid
2512 4903 2607 4969 sit,
2633 4904 2782 4972 quod
2813 4903 2861 4958 ei
2897 4902 3116 4967 alliciat,
3145 4911 3199 4957 et
3231 4902 3534 4971 ignoretur,
3572 4901 3626 4957 id
3646 4917 3767 4973 per-

2183 4996 2369 5051 videre
2392 4996 2566 5066 possit
2591 5004 2755 5066 atque
2788 4995 3090 5067 corrigere.
3133 4994 3342 5049 Idcirco
3403 4994 3573 5066 igitur
3620 5003 3767 5065 grata

2182 5087 2269 5142 his
2299 5087 2455 5142 valde
2479 5087 2586 5140 vita
2618 5086 2722 5142 fuit
2747 5087 2984 5157 agrestis
3017 5104 3030 5140 :
3065 5088 3117 5139 ist
3164 5100 3273 5155 qua
3329 5084 3495 5169 etiam
3543 5082 3765 5149 assidui,

2185 5195 2291 5235 una
2324 5195 2448 5234 cum
2496 5178 2767 5251 Propheta
2801 5179 2959 5244 illud,
3000 5177 3260 5240 solitarii,
3314 5176 3490 5231 donec
3528 5185 3768 5231 transea-

2182 5288 2327 5336 mus,
2356 5272 2602 5328 omnium
2629 5272 2967 5343 pulchrrime
2996 5278 3324 5326 reuuerunt.

2254 5365 2345 5421 ιν.
2368 5365 2474 5422 Sed
2500 5367 2646 5421 enim
2674 5361 2860 5420 Curia:
2900 5363 3236 5434 prtecipuum
3267 5362 3320 5415 in
3358 5360 3470 5416 vita
3505 5360 3764 5424 studium,

2182 5456 2468 5512 meditatio
2489 5467 2543 5512 et
2570 5457 2903 5513 continentia
2936 5456 3059 5520 fuit,
3090 5451 3504 5526 quae'diuturna
3541 5467 3767 5507 consue-

2185 5547 2374 5602 tudine
2402 5547 2706 5603 l'amiliares
2739 5547 2815 5601 illi
2851 5562 2915 5602 ac
2938 5547 3243 5617 peculiares
3275 5544 3453 5608 laetae,
3490 5543 3683 5611 fecere,
3711 5552 3766 5597 ut

2183 5650 2549 5711 cognomento
2585 5640 2888 5695 Contincns
2916 5639 3279 5709 appellaretur
3305 5655 3317 5692 :
3355 5650 3530 5705 neque
3550 5637 3767 5691 eniqu

494 5740 755 5807 praeclaro
785 5739 928 5793 facto
950 5738 1061 5807 jam
1115 5738 1221 5791 hoc
1281 5734 1547 5790 orationis
1577 5731 1757 5795 inili0,
1793 5745 1856 5785 ea
1915 5729 2070 5784 vobis
2098 5729 2149 5788 D
2176 5746 2299 5786 cum
2328 5731 2485 5787 aliter
2510 5732 2828 5796 indicaSses,
2872 5731 2977 5786 nisi
3004 5731 3132 5786 dum
3155 5747 3280 5785 eum
3312 5727 3643 5793 nominares,
3672 5743 3768 5782 noo

495 5831 750 5899 deinceps
775 5844 980 5900 propon
993 5844 1164 5891 imus,
1179 5843 1300 5897 quae
1318 5827 1423 5882 diei
1446 5826 1583 5880 festo
1600 5821 1927 5879 celebrando
1940 5835 2075 5875 con-

496 5924 733 5977 veniant.
762 5922 988 5977 Atcnim
1014 5922 1359 5989 desideratis,
1381 5920 1556 5989 video,
1579 5928 1636 5973 ut
1656 5915 2080 5973 fortissimorum

2188 5825 2321 5880 mini
2339 5826 2501 5879 etiam
2524 5826 2906 5880 Continentem
2933 5824 3261 5879 addidisses.
3305 5825 3373 5880 At
3403 5826 3671 5881 Samonas
3688 5823 3765 5876 vi-

2193 5916 2446 5989 gentibus
2470 5917 2707 5975 maximc
2724 5916 2955 5974 etanimi
2985 5926 3039 5974 et
3072 5917 3318 5986 corporis
3339 5916 3566 5983 viribus,
3593 5916 3767 5985 iisque
