4164 6434
449 407 558 474 789

1219 417 1226 420 ’
1291 407 1574 470 ORATIO
1601 407 1702 469 DE
1739 407 1844 468 SS.
1873 405 2202 483 SAMONA,
2235 406 2484 470 GURIA
2516 407 2612 468 ET
2640 407 2888 469 ABIBO.

3603 412 3712 476 790

441 519 725 591 praeditus,
757 532 880 590 quae
931 517 1028 588 qui
1080 517 1309 583 habent,
1335 533 1446 575 eos
1508 519 1738 574 libenter
1785 518 2026 590 Spiritus
2055 527 2096 582 Α
2129 520 2518 574 communibus
2563 535 2641 584 se,
2676 537 2842 590 quant
2871 520 3058 576 "sacris
3107 523 3472 578 conventibus
3531 525 3710 580 innui-

439 622 666 671 sanctu-s
691 614 812 668 suis
837 613 1036 668 solitus
1083 621 1167 667 est
1215 612 1406 666 choris
1467 627 1791 682 aggregare,
1823 612 2026 681 quippe

441 718 568 759 cum
582 702 816 773 juvenes
863 703 1116 757 hortetur
1153 713 1214 757 ut
1239 716 1299 758 se
1355 701 1666 756 senioribus
1707 701 2026 771 adjungant,

443 802 505 846 ut
529 792 773 846 victoriae
805 807 912 846 una
933 807 1155 847 carmen
1191 793 1574 847 concelebrent
1603 814 1614 847 :
1649 793 1756 857 his,
1777 792 2026 861 inquam,

441 884 534 938 ille
553 891 818 953 praelatis
845 883 1014 938 animi
1053 892 1108 938 et
1133 883 1378 953 corporis
1407 882 1643 946 viribus,
1684 885 1750 938 ad
1797 883 2025 937 Guriam

442 991 502 1030 se
539 976 798 1038 contulit,
837 974 959 1045 ejus
1011 975 1138 1030 vitae
1173 976 1354 1030 studia
1409 975 1634 1044 propius
1690 973 2026 1040 imitaturus,

441 1083 506 1122 ac
555 1065 602 1122 si
631 1079 841 1136 posset,
875 1067 1042 1121 etiam
1093 1075 1474 1136 superaturos.
1505 1065 1774 1122 Caeterum
1797 1067 1888 1135 qui
1936 1065 2031 1120 ab-

442 1159 670 1214 solutam
703 1157 816 1212 illis
851 1158 1107 1212 choream
1139 1157 1468 1213 conﬁciebat
1503 1157 1742 1227 Spiritus
1775 1167 2023 1222 sanctus,

444 1250 666 1305 tertium
691 1249 858 1305 etiam
891 1259 1153 1320 praeterea
1185 1250 1484 1320 quaerebat,
1517 1250 1610 1319 qui
1647 1265 1772 1304 cum
1807 1250 2023 1305 numeri

447 1343 676 1412 puritate
695 1357 814 1397 eam
839 1341 1278 1405 similitudinem,
1303 1357 1426 1412 qua:
1449 1341 1555 1398 sibi
1593 1357 1718 1398 eum
1767 1342 1930 1399 Patre
1973 1353 2028 1400 et

449 1433 590 1488 Filio
611 1441 713 1500 est,
735 1433 972 1504 perfecte
1000 1435 1054 1488 in
1074 1435 1244 1490 choro
1271 1435 1514 1504 ipsorum
1535 1435 1884 1505 exprimeret,
1909 1445 2024 1490 tmn

445 1527 607 1579 etiam
637 1539 866 1579 numero
896 1525 1210 1581 ﬁrmitatem
1237 1527 1556 1582 concordiae
1586 1526 1876 1582 stabiliret.
1923 1528 2028 1582 Ita-

443 1630 550 1684 que
571 1615 626 1684 (ο
656 1613 1026 1687 felicitatem!)
1053 1617 1218 1672 etiam
1241 1617 1448 1672 invenit
1482 1616 1717 1673 Abibum
1754 1617 1912 1688 :qui,
1947 1629 2028 1673 tae

443 1706 604 1760 metsi
649 1717 882 1776 utroque
919 1715 1052 1762 natu
1087 1707 1270 1762 minor
1299 1717 1436 1774 erat,
1471 1716 1654 1764 tamen
1702 1709 1848 1778 quod
1880 1710 2024 1764 aetati

438 1798 650 1861 deerat,
673 1800 962 1872 supplebat
985 1817 1093 1856 non
1125 1815 1190 1856 eo
1231 1802 1434 1868 solum,
1463 1802 1610 1872 quod
1643 1804 2024 1874 pervestigatis

2137 617 2394 664 soerent:
2437 608 2490 662 in
2523 607 2700 664 forum
2731 625 2840 664 non
2873 611 3342 666 admittebantur:
3377 613 3526 666 omni
3557 628 3709 668 com-

2134 701 2462 756 merciorum
2487 701 2612 769 jure
2635 701 3092 768 excludebantur,
3115 719 3460 774 quaecunque
3488 714 3614 760 ante
3637 706 3706 760 il-

2131 791 2223 846 ltiti
2241 803 2458 860 tempus
2482 792 2739 848 omnibus
2772 793 3082 861 promiscue
3117 804 3429 862 patuerant,
3469 804 3578 850 tam
3604 811 3708 864 pu-

2131 883 2290 946 blice,
2311 899 2475 952 quam
2516 883 2766 952 privatim
2803 903 2816 937 :
2846 885 3174 940 contrahere
3203 887 3284 940 eis
3333 903 3456 942 cunt
3487 888 3708 942 nemine

2131 975 2328 1030 licebat
2373 997 2384 1029 :
2427 989 2622 1045 magna
2657 976 2710 1028 in
2753 977 2980 1030 urbibus
3002 975 3440 1032 Christianorum
3469 987 3587 1034 erat
3615 994 3708 1034 so-

2129 1067 2302 1122 litudo
2334 1082 2349 1120 :
2376 1067 2430 1122 in
2477 1082 2668 1122 earum
2704 1067 2886 1122 locum
2919 1069 3243 1124 remotiores
3264 1070 3332 1124 ab
3365 1069 3432 1124 iis
3457 1087 3708 1126 recessus

2129 1159 2512 1224 succedebant,
2543 1175 2682 1229 quos
2733 1159 3024 1214 multitudo
3081 1175 3296 1228 eorum,
3319 1163 3414 1232 qui
3467 1163 3709 1233 exagita-

2132 1250 2356 1312 banlur,
2401 1251 2728 1322 complebat.
2757 1250 2917 1306 Nulla
2946 1252 3000 1306 in
3041 1256 3486 1322 persecutoribus
3509 1258 3706 1312 adver-

2129 1359 2226 1398 sus
2261 1351 2395 1398 natu
2431 1343 2668 1410 majores
2693 1344 2997 1398 reverentia
3029 1361 3042 1396 :
3075 1344 3220 1398 nulla
3269 1359 3588 1414 parvorum,
3643 1361 3710 1400 ac

2129 1447 2414 1507 propterea
2445 1437 2715 1492 malorum
2753 1451 2950 1492 sensus
2973 1439 3279 1506 expertium
3301 1439 3706 1506 misericonlia,

2123 1545 2198 1585 ne
2227 1530 2297 1586 iis
2339 1530 2584 1599 quidem,
2616 1529 2818 1598 quibus
2864 1528 3056 1584 tribuit
3079 1529 3196 1598 ipsa
3227 1537 3446 1593 natura,
3485 1541 3544 1584 ut
3581 1547 3710 1600 pro-

2128 1628 2248 1689 pter
2278 1618 2476 1674 virium
2507 1618 2967 1684 imbecillitatem,
2991 1617 3305 1688 huiusmodi
3357 1618 3550 1676 alIectu
3583 1599 3712 1691 piu-

2127 1710 2329 1764 rituum
2361 1719 2735 1766 moverentur.
2770 1709 2927 1766 Ferat
2949 1711 3189 1766 immites
3223 1726 3418 1767 omnes
3446 1711 3710 1770 adversus

2128 1801 2494 1867 Christianos,
2527 1817 2748 1872 unaque
2795 1803 2852 1858 in
2901 1817 2962 1857 re
3001 1811 3218 1858 tantum
3268 1802 3518 1866 humani,
3561 1803 3710 1874 quod

439 1891 732 1960 utri-usque
779 1895 1023 1963 ipsorum
1057 1895 1182 1948 vitae
1209 1893 1498 1960 institutis,
1539 1896 1591 1947 in
1626 1895 1872 1950 animum
1933 1895 2024 1949 in-
2059 1874 2099 1928 Β
2129 1910 2366 1966 quorum
2399 1897 2451 1949 in
2483 1895 2684 1950 animis
2713 1895 2859 1964 piam
2887 1895 2956 1950 de
2987 1895 3251 1965 religione
3278 1894 3436 1950 ﬁdunt
3465 1911 3706 1952 concus-

433 1981 614 2045 duxit,
639 1994 700 2036 ut
731 1983 784 2037 in
821 1984 1010 2038 eodem
1057 1999 1118 2039 se
1147 2001 1254 2040 una
1283 2000 1410 2040 cum
1463 1986 1530 2039 iis
1559 1987 1838 2041 curriculo
1870 2001 2026 2043 exer-

437 2087 606 2140 ceret,
643 2077 736 2130 sed
769 2091 834 2131 eo
868 2077 1052 2143 etiam,
1093 2075 1240 2147 quod
1293 2091 1452 2133 sacro
1480 2077 1800 2133 diaconatus
1833 2080 2028 2134 ordine

437 2167 1028 2238 insignitus,magnum
1055 2168 1145 2234 iis,
1170 2168 1372 2238 quibus
1397 2183 1456 2223 se
1481 2169 1694 2224 socium
1727 2169 2028 2240 adjungere

435 2257 742 2326 festinaret,
774 2269 1159 2314 ornamentum
1190 2259 1430 2315 aﬁ'errct.
1469 2259 1706 2315 Medium
1741 2261 1890 2316 enim
1941 2263 2027 2317 his

435 2365 500 2404 se
529 2364 655 2404 cuin
715 2350 1055 2416 inservisset,
1087 2366 1306 2420 unaque
1351 2365 1478 2405 eum
1542 2351 1610 2405 iis
1659 2351 1802 2419 apud
1832 2353 2028 2422 ldomi-

437 2455 592 2504 num,
628 2441 718 2494 cui
741 2441 1116 2506 ministrabat,
1147 2444 1374 2497 ﬁdenter
1403 2443 1630 2514 egisset,
1655 2445 1762 2515 piis
1785 2445 2023 2514 quietem

441 2545 476 2585 ιι
511 2533 960 2602 persecutoribus
1017 2535 1354 2590 conciliavit.
1387 2535 1668 2608 Siquidem
1715 2547 1842 2608 post
1888 2537 2024 2594 illud

433 2633 654 2693 tempus
677 2632 868 2680 nostra
901 2626 1172 2696 sanguine
1201 2636 1502 2698 martyrum
1527 2629 1822 2685 rubescere
1854 2627 2022 2686 desiit

435 2725 604 2780 terra,
639 2715 798 2788 pulso
842 2715 1102 2771 nimirum
1133 2733 1164 2772 e
1194 2727 1362 2788 regno
1411 2717 1646 2785 Licinio,
1692 2719 2016 2776 Constanti-

435 2821 620 2876 nuque
665 2806 724 2862 iu
764 2807 886 2876 ejus
937 2808 1120 2863 locum
1168 2809 1488 2866 substituto.
1514 2809 1638 2878 Quo
1663 2811 1886 2881 quidem
1921 2811 2026 2866 im-

437 2908 694 2967 peratore
737 2897 985 2954 Romana
1027 2914 1116 2956 res
1138 2900 1338 2956 ﬂorere
1375 2902 1814 2974 ampliﬁcarique
1835 2904 2026 2974 coepit,

433 2989 646 3060 quique
696 2991 916 3061 primus
1005 3005 1038 3046 θ
1099 2991 1319 3061 regibus
1374 2993 1634 3050 erunibus
1693 2993 2026 3064 impietatem

433 3089 750 3146 aversatus,
787 3081 1046 3151 pietatem
1071 3081 1251 3150 palam
1296 3091 1382 3138 est
1413 3083 1694 3154 libereque
1718 3085 2024 3155 professus.

511 3171 577 3228 γ.
610 3171 940 3244 Huiusmodi
974 3174 1188 3246 praediti
1221 3175 1438 3230 virtutis
1469 3175 1776 3247 insignibus
1829 3175 2028 3232 Gurias

431 3275 492 3320 et
518 3267 810 3334 Samonas,
857 3282 964 3323 non
1000 3267 1114 3336 jam
1151 3265 1372 3322 Edessae
1406 3277 1640 3334 tantum,
1675 3277 1840 3338 atque
1899 3268 2022 3337 ejus

435 3359 636 3414 ﬁnibus
667 3361 870 3428 cogniti
904 3369 1082 3424 erant,
1131 3361 1228 3416 sed
1283 3360 1339 3414 in
1389 3369 1606 3414 exteras
1653 3361 1818 3414 etiam
1849 3368 2022 3416 terras

435 3453 600 3520 longe
647 3452 866 3521 lateque
897 3467 957 3508 se
988 3466 1180 3506 eorum
1216 3451 1362 3506 fama
1397 3452 1738 3522 propagabat
1776 3469 1790 3504 :
1832 3461 2022 3506 erant-

433 3559 544 3612 que
569 3543 695 3598 hinc
727 3543 1055 3598 Christianis
1091 3545 1272 3598 laetitia
1305 3559 1370 3600 ac
1407 3544 1595 3606 decus,
1631 3542 1784 3598 illinc
1819 3541 2022 3599 Graecis

435 3637 660 3692 tristitia
689 3643 744 3690 et
787 3636 944 3691 dolor
1001 3637 1318 3701 vehemens,
1353 3651 1419 3692 ac
1462 3637 1732 3707 quidquid
1781 3639 2024 3708 denique

435 3725 568 3778 ntali
605 3739 798 3780 creare
837 3725 977 3780 solet
1009 3724 1236 3779 invidia.
1269 3723 1640 3790 Quamobrem
1695 3741 1804 3780 non
1838 3725 2024 3782 ferunt

437 3817 518 3870 illi
589 3816 884 3872 illustrium
939 3816 1170 3886 gloriam
1239 3816 1484 3871 virorum
1550 3833 1648 3886 per
1707 3818 2020 3875 universam

433 3907 654 3979 Syriam
679 3909 962 3964 diﬂusam.
999 3908 1370 3964 Diocletianus
1393 3918 1514 3964 erat
1535 3923 1601 3964 eo
1639 3917 1886 3979 tempore
1916 3909 2024 3965 Bo-

433 4014 730 4054 ntanorum
774 4002 1070 4068 imperator
1107 4019 1121 4054 :
1156 4000 1405 4069 quicum
1443 4015 1548 4054 non
1587 4001 1724 4056 satis
1769 4017 2021 4072 magnam

433 4107 502 4147 se
541 4091 796 4161 adeptum
841 4108 909 4146 ex
955 4092 1198 4147 subactis
1227 4092 1464 4163 imperio
1511 4093 1729 4148 cunctis
1773 4093 2025 4162 gentibus

438 4184 674 4254 gloriam
699 4185 1062 4251 existimaret,
1089 4184 1222 4238 illud
1253 4184 1416 4253 longe
1437 4184 1542 4240 sibi
1577 4185 1898 4256 praeclarius
1929 4187 2022 4240 fu-

437 4285 626 4330 turum
663 4276 896 4346 putavit,
939 4276 988 4332 si
1035 4277 1384 4332 Christianos
1415 4291 1608 4332 eorum
1643 4277 1924 4332 voluntate
1955 4277 2024 4332 ad

435 4368 770 4423 sententiam
793 4384 950 4424 suam
981 4369 1338 4434 traduxisset,
1371 4376 1467 4424 aut
1500 4378 1818 4424 recusantes
1843 4368 2026 4424 fundi-

437 4468 530 4516 tus
551 4461 845 4516 delevisset
888 4479 903 4516 :
937 4469 998 4516 ut
1027 4461 1260 4530 sublatis
1289 4461 1385 4531 qui
1427 4460 1598 4514 Dento
1635 4462 2020 4532 intelligerent,

2127 1997 2339 2054 serant,
2369 1987 2460 2052 iis,
2485 1987 2652 2044 simul
2691 1995 2744 2040 ut
2785 2001 2879 2042 eos
2909 1986 2975 2042 ad
3007 1987 3432 2044 simulacrorqu
3465 2002 3592 2042 aras
3617 1989 3713 2042 ad-

2125 2079 2418 2146 duxerant,
2455 2079 2686 2134 liberam
2715 2079 2859 2134 male
2890 2079 3104 2134 vivendi
3138 2087 3464 2148 potestatem
3485 2079 3712 2150 permit-

2127 2173 2334 2228 tebant.
2361 2171 2484 2237 Quo
2507 2170 2730 2241 quidem
2777 2170 2914 2225 nihil
2949 2171 3056 2240 piis
3113 2179 3326 2240 poterat
3357 2185 3482 2228 esse
3519 2172 3707 2240 perni-

2127 2261 2356 2317 ciosius.
2395 2259 2592 2316 Gravis
2622 2275 2942 2330 Oppressam
2977 2269 3288 2316 creaturam
3325 2262 3544 2316 tenebat
3571 2273 3709 2316 tent-

2127 2359 2312 2420 pestas
2339 2394 2354 2418 ,
2400 2367 2525 2422 quae
2577 2352 2784 2406 nullam
2813 2367 3070 2422 .prorsus
3097 2363 3371 2408 secutura:
3406 2352 3708 2422 tranquilli-

2129 2442 2258 2498 tatis
2349 2442 2806 2514 signiﬁcationem
2889 2443 3064 2509 daret,
3133 2445 3407 2498 nul-lamve
3465 2443 3708 2500 melioris

2125 2544 2302 2590 status
2361 2535 2576 2589 miseris
2627 2533 2888 2604 ail‘ulgere
2913 2549 3066 2604 spem
3103 2535 3310 2592 sineret
3339 2550 3406 2590 ex
3445 2535 3554 2601 his,
3581 2551 3706 2605 quae

2127 2643 2190 2682 Si]
2200 2637 2256 2680 Ill.
2279 2635 2601 2682 consecuta.

2205 2713 2312 2769 VII.
2334 2713 2444 2770 Nec
2470 2715 2586 2785 ipsa
2621 2712 2827 2770 Edessa
2858 2715 3234 2770 communium
3270 2715 3536 2785 temporis
3561 2716 3710 2772 illius

2127 2807 2501 2862 calamitatum
2529 2807 2795 2862 immunis
2831 2805 2952 2860 fuit.
2987 2807 3308 2862 Gliscebant
3337 2810 3390 2864 in
3427 2810 3545 2878 pios
3583 2824 3714 2878 quo-

2129 2900 2259 2955 tidie
2288 2914 2548 2954 aerumnae
2580 2907 2672 2954 :et
2710 2899 3011 2970 impietatis
3041 2900 3306 2969 procella,
3339 2916 3464 2970 quae
3513 2901 3710 2956 civita-

2128 2998 2238 3044 tem
2272 2989 2571 3052 invaserat,
2599 2988 2872 3056 eil'ecerat,
2919 2999 2978 3044 ut
3008 3005 3201 3046 omnes
3222 2989 3334 3060 jam
3361 2994 3428 3046 de
3463 2990 3570 3044 vita
3611 3006 3710 3060 pe-

2129 3082 2279 3136 nitus
2304 3081 2679 3152 desperarent.
2715 3081 2920 3136 Domus
2945 3081 3176 3152 singula:
3203 3097 3333 3138 suos
3372 3091 3712 3138 scrutatores

2133 3171 2428 3237 habebant,
2465 3181 2574 3226 tam
2607 3187 2730 3242 quae
2752 3173 2805 3226 in
2849 3173 3049 3228 illustri
3087 3175 3282 3244 posita:
3308 3175 3546 3230 civitatis
3569 3176 3710 3242 loco,

2130 3278 2294 3333 quam
2319 3278 2440 3332 qua:
2476 3263 2622 3331 quod
2657 3263 2713 3316 in
2747 3262 2988 3318 obscuro
3018 3278 3142 3320 esse
3177 3266 3510 3334 viderentur,
3529 3276 3709 3322 tutum

2124 3364 2284 3409 antea
2313 3355 2485 3408 latere
2511 3355 2819 3410 volentibus
2863 3353 3172 3426 perfugium
3221 3366 3482 3426 praestare
3531 3359 3708 3414 solita:

2125 3453 2302 3498 erant.
2337 3443 2528 3514 Neque
2577 3444 2681 3514 ipsi
2726 3447 2889 3500 etiam
2939 3448 3056 3516 agri
3079 3447 3246 3516 hujus
3277 3456 3437 3502 erant
3497 3457 3712 3516 tempe-

2125 3537 2282 3591 statis
2311 3544 2564 3607 expertes
2589 3553 2602 3589 :
2623 3536 2894 3605 siquidem
2929 3537 3099 3592 nihilo
3127 3539 3490 3594 tolerabilior
3523 3539 3573 3594 in
3601 3540 3708 3606 bis,

2124 3642 2288 3698 quam
2323 3628 2374 3680 in
2411 3627 2648 3697 oppidis,
2689 3626 3036 3682 miseriarum
3066 3637 3187 3684 erat
3215 3629 3522 3696 ﬂuctuatio,
3554 3629 3712 3682 sitni-

2127 3722 2404 3791 libusque,
2451 3721 2542 3776 hic
2596 3729 2761 3790 atque
2825 3721 2957 3785 illic,
2995 3721 3254 3791 periculis
3312 3723 3490 3794 pietas
3545 3717 3710 3776 veluti

2131 3822 2452 3882 tempestate
2494 3814 2732 3884 quodam
2769 3813 3100 3882 jactabatur.

2201 3903 2334 3959 Vill.
2353 3905 2432 3960 Eo
2467 3915 2712 3974 tempore
2743 3905 2845 3976 ipsi
2871 3923 3093 3976 quoque
3124 3906 3393 3962 Gurtaset
3415 3905 3711 3974 Samonas,

2127 3995 2216 4050 bie
2233 3995 2588 4060 fortitudinis,
2619 3995 2710 4048 ille
2728 3996 3076 4050 continentia:
3099 3997 3257 4051 laude
3279 3995 3532 4066 insignis,
3555 4009 3710 4050 com-

2127 4086 2382 4156 prehensi
2409 4094 2557 4150 sunt,
2580 4102 2800 4156 unaque
2821 4087 3034 4154 cumjis
3055 4088 3249 4155 ingens
3263 4085 3709 4140 Christianorum

2128 4178 2422 4232 multitudo
2448 4177 2660 4231 carceri
2699 4177 2940 4240 addicta,
2973 4193 3096 4230 cum
3127 4191 3236 4230 non
3263 4186 3408 4230 esset
3443 4175 3537 4246 qui
3566 4175 3712 4230 reali-

2127 4279 2320 4331 nteret,
2351 4283 2526 4339 neque
2557 4268 2652 4337 qui
2709 4268 2922 4323 salvum
2964 4266 3190 4322 faceret.
3223 4269 3301 4320 Ac
3355 4267 3542 4321 caeteri
3585 4267 3714 4336 qui-

2125 4363 2246 4417 dem
2278 4361 2480 4430 quibus
2528 4369 2622 4413 aut
2673 4361 2916 4415 nominis
2953 4359 3284 4423 obscuritas,
3311 4368 3408 4412 aut
3439 4357 3566 4412 ﬁdei
3618 4375 3712 4414 ne-

2127 4454 2382 4524 gligentia
2403 4467 2570 4507 causa
2594 4461 2716 4506 erat
2777 4459 2836 4504 ιιι
2865 4459 3372 4516 contemnerentur,
3407 4450 3525 4504 sine
3555 4465 3712 4504 mora

435 4550 674 4606 sublatis
701 4550 888 4617 etiam,
933 4550 1028 4620 qui
1081 4550 1368 4604 incruento
1407 4549 1682 4604 sacriﬁcio
1725 4551 2026 4606 bonitatem
2060 4561 2105 4618 υ
2133 4561 2164 4600 e
2199 4544 2446 4600 custodia
2469 4543 2864 4608 edocebantur,
2892 4542 3092 4612 quippe
3120 4556 3245 4596 cum
3271 4540 3408 4594 nihil
3442 4541 3712 4595 adversus

435 4640 708 4707 facerent,
732 4642 968 4698 liberum
1004 4641 1350 4698 daemonibus
1380 4642 1494 4696 suis
1520 4641 1852 4698 sacriﬁcium
1896 4659 2025 4712 pos-

433 4743 527 4789 set
570 4733 772 4788 oﬂ'crt'i.
824 4733 964 4790 llinc
1013 4749 1082 4790 ex
1119 4734 1284 4805 regiis
1335 4734 1552 4796 litteris,
1587 4749 1714 4803 qua:
1773 4750 2024 4804 quoquo—

441 4841 666 4880 versum
737 4841 832 4896 per
910 4825 1228 4882 universam
1316 4827 1692 4880 Ruinanorum
1763 4825 2026 4882 ditionem

439 4916 801 4970 mittebantur
835 4953 858 4978 ,
904 4923 962 4970 et
1025 4916 1128 4985 piis
1211 4917 1484 4986 pernicies
1574 4917 1869 4986 parabatur
1901 4955 1918 4981 ,
1975 4926 2029 4970 et

437 5008 744 5076 ignominia
795 5025 808 5062 :
849 5015 1154 5078 contraque
1209 5009 1418 5078 impiis,
1455 5009 1550 5078 qui
1597 5018 1748 5064 muta
1801 5018 1857 5064 et
1909 5025 2027 5063 ma-

439 5099 666 5154 nuiacta
699 5100 1000 5156 simulacra
1052 5111 1469 5169 venerarentur,
1543 5103 1722 5156 honor
1771 5113 1824 5158 et
1877 5103 2030 5159 salus

439 5193 840 5265 spondebatut‘.

518 5283 608 5340 Vl.
641 5285 724 5340 Ad
759 5286 872 5340 huic
898 5285 1150 5356 iudicum
1183 5286 1540 5356 injustorum,
1571 5293 1628 5340 et
1675 5285 1878 5342 caedem
1918 5285 2031 5356 spi-

439 5378 820 5450 rantiumaliae
837 5388 964 5450 post
981 5379 1118 5434 alias
1146 5379 1398 5449 procellae
1428 5395 1442 5431 :
1473 5377 1674 5450 quibus
1695 5378 1828 5432 illud
1857 5393 2027 5432 unum

437 5478 566 5526 erat
599 5471 960 5540 propositum,
994 5471 1463 5542 quetnadmodum
1499 5470 1754 5526 omnibus
1787 5471 1841 5526 in
1867 5471 2031 5525 rebus

441 5562 516 5616 iis
547 5575 752 5616 morem
791 5572 1064 5634 gererent,
1092 5563 1186 5634 qui
1217 5577 1278 5616 se
1319 5561 1622 5618 misissent.
1658 5560 1840 5616 Parati
1874 5569 2033 5615 erant

443 5669 728 5724 praecones
747 5693 764 5720 ,
817 5665 1002 5726 aperta
1026 5656 1304 5721 subsellia,
1331 5654 1568 5710 editiora
1601 5655 2032 5710 exstruebantur

445 5750 774 5818 tribunalia,
809 5755 960 5808 omni
1013 5753 1447 5823 circumquaque
1506 5760 1906 5808 tormentorum
1938 5763 2031 5819 ge-

447 5860 583 5900 nere
613 5845 832 5902 vallata.
857 5843 1212 5901 interdictum
1257 5853 1374 5902 erat
1402 5843 1754 5909 Christianis,
1789 5857 1857 5898 ne
1917 5851 2029 5898 tam

2133 4655 2191 4694 se
2213 4638 2600 4707 itnpugnautes
2627 4651 2738 4705 pra:
2759 4650 2818 4690 se
2849 4635 3078 4700 ferrent,
3109 4633 3252 4704 quod
3281 4643 3426 4690 esset
3453 4634 3520 4688 ad
3543 4649 3718 4702 expu-

2134 4729 2411 4800 gnandum
2436 4725 2839 4781 dillicillitnutn.
2865 4725 3064 4780 Verum
3091 4723 3272 4778 Gurizr.
3291 4721 3610 4777 etSatnona:
3637 4723 3720 4775 itt-

2137 4836 2290 4892 gens,
2330 4835 2451 4890 qum
2472 4834 2567 4874 eos
2595 4818 2986 4882 comitabatur,
3027 4817 3218 4874 solida:
3265 4817 3488 4886 pietatis
3521 4815 3718 4886 gloria,

2135 4927 2299 4966 causa
2336 4911 2459 4976 fuit,
2485 4912 2768 4966 utdiutius
2807 4911 2860 4964 in
2893 4909 3143 4966 custodia
3165 4918 3606 4963 asscrvarentur.
3637 4905 3716 4959 Ex

2135 5019 2246 5073 quo
2280 5003 2499 5072 quidem
2563 5005 2816 5058 videntur
2877 5001 3011 5055 mihi
3079 5003 3278 5055 merito
3337 4999 3718 5053 confessor-uin

2138 5099 2304 5154 etiam
2347 5107 2776 5166 cognomentum
2808 5095 2987 5164 adepti
3017 5111 3030 5148 :
3062 5093 3208 5165 quod
3243 5093 3450 5162 przcinii
3483 5093 3608 5145 loco
3651 5089 3719 5144 iis

2137 5192 2338 5246 deferri
2377 5191 2601 5246 solitum
2647 5198 2752 5253 est,
2793 5188 2888 5256 qui
2947 5186 3156 5241 Christi
3197 5201 3365 5240 causa
3411 5185 3512 5236 hoc
3555 5179 3720 5236 modo

2139 5283 2278 5336 citra
2316 5297 2504 5336 necem
2535 5279 2680 5336 male
2713 5277 2882 5334 habili
2913 5287 3064 5334 sunt.
3090 5275 3372 5345 Siquidem
3405 5275 3459 5328 in
3488 5288 3550 5326 ea
3583 5281 3719 5324 tam-

2139 5377 2232 5430 diu
2259 5376 2512 5430 ieruntur
2549 5372 2943 5444 permansisse,
2973 5369 3156 5440 quoad
3177 5370 3286 5422 vita
3313 5367 3502 5422 iuncto
3535 5366 3719 5436 priore

2139 5469 2406 5540 principe,
2442 5468 2581 5521 alter
2607 5465 2660 5518 in
2687 5463 2806 5534 ejus
2827 5463 3008 5519 locum
3043 5463 3336 5518 successit.

2213 5558 2303 5616 ΙΧ.
2327 5558 2679 5620 Vcrumenim
2704 5555 2985 5612 alllictatio
3037 5557 3126 5610 hic
3153 5550 3541 5610 oblectamenti
3601 5551 3719 5604 loco

2141 5663 2278 5720 erat,
2308 5663 2362 5706 ct
2388 5650 2864 5707 incommodorum
2891 5647 3180 5718 perpessio
3206 5643 3608 5716 philosophiam
3661 5642 3716 5696 in

2140 5763 2329 5804 eorum
2345 5745 2548 5801 animis
2564 5743 2818 5815 augebat,
2843 5757 2966 5813 qua:
2985 5742 3205 5812 quidem
3227 5739 3564 5812 graviorum,
3597 5749 3720 5804 quae

2141 5856 2270 5897 tuox
2311 5855 2414 5908 pro
2468 5837 2691 5893 Christo
2733 5843 2920 5892 essent
2973 5833 3280 5905 excepturi,
3319 5835 3718 5887 tormentorqu
