4164 6424
332 470 345 505 i

508 411 608 475 791
1326 407 1653 470 ARETH/E
1691 406 2073 471 CAESARE!!!
2105 401 2589 466 CAPPADOCLB
2628 401 2973 465 EPISCOPI

3660 399 3773 468 792

505 522 785 593 quoddam
838 532 955 578 erat
979 522 1123 577 velut
1146 520 1502 592 praeludium:
1561 519 1696 589 qttin
1754 518 1892 574 alios
1925 517 2088 572 etiam
2120 555 2165 612 Δ
2194 514 2340 569 viam
2396 514 2579 612 adid,
2612 514 2757 585 quod
2804 514 2909 571 sibi
2964 513 3775 612 proposuerat,__occulte,mu-

505 614 759 685 exemplo
777 629 880 669 suo
904 613 1235 674 excitabant,
1268 612 1475 681 quippe
1503 626 1627 666 cum
1655 611 1913 666 docerent
1942 624 2085 671 cam,

506 720 673 772 quam
705 704 829 774 quis
877 717 1004 757 vere
1050 701 1420 771 profiteretur,
1460 702 1642 765 Iidem,
1677 716 1853 773 neque
1922 700 2087 754 rebus

506 798 740 866 asperis,
773 812 896 866 quae
932 795 1137 849 Christi
1169 809 1334 850 causa
1366 794 1602 849 maxime
1659 795 2083 859 intentarentur,

509 888 708 959 frangi,
741 904 917 958 neque
951 890 1221 943 malorum
1244 890 1597 958 perpessione
1627 888 1733 941 ulla
1769 886 2039 941 debilitari
2071 904 2085 940 :

506 996 683 1049 neque
712 981 857 1035 enim
894 983 1297 1051 permissurum
1343 983 1560 1051 justum
1593 984 1955 1036 certaminum
1998 997 2087 1035 ar-

506 1071 709 1125 bitrum
738 1088 801 1127 ac
836 1074 1262 1139 moderatorem,
1291 1083 1345 1126 ut
1379 1088 1440 1127 ea
1465 1082 1558 1126 aut
1580 1087 1795 1141 semper
1826 1072 2089 1126 durarent

505 1171 601 1215 aut
642 1164 849 1231 majora
876 1174 1082 1228 essent,
1112 1180 1277 1233 quam
1312 1173 1372 1217 ut
1415 1164 1483 1217 iis
1520 1162 1758 1217 ferendis
1786 1163 1912 1233 quis
1967 1177 2088 1217 esse

505 1269 603 1323 par
634 1264 821 1325 posst-t
852 1273 866 1308 :
906 1258 1210 1325 praesertim
1247 1258 1291 1311 si
1317 1256 1487 1310 I’aulo
1518 1255 1767 1309 habenda
1829 1257 1899 1309 sit
1927 1256 2083 1318 fides,

504 1347 599 1415 qui
625 1348 740 1415 ipse
768 1362 951 1401 rerum
980 1364 1307 1403 arcanarum
1336 1359 1389 1403 ct
1418 1350 1696 1419 inspector
1721 1349 1841 1411 fttit,
1867 1356 1922 1402 et
1951 1363 2087 1417 pra:-

505 1438 743 1492 tlicator.
806 1438 870 1492 Et
908 1438 951 1492 si
977 1439 1132 1494 labor
1166 1449 1253 1494 est
1287 1440 1516 1505 multus,
1542 1449 1597 1495 at
1620 1441 1862 1494 nondum
1904 1450 2085 1494 tamen

502 1535 589 1581 est
614 1536 821 1592 tantus,
861 1529 974 1582 imo
1007 1529 1332 1599 longissimo
1366 1532 1654 1585 intervallo
1686 1533 1887 1593 minor,
1919 1544 2085 1599 quam

505 1628 563 1672 nt
592 1633 718 1673 cum
754 1634 841 1685 eo,
876 1622 971 1691 qui
1013 1623 1063 1674 itt
1102 1636 1204 1677 nos
1229 1634 1416 1692 postea
1452 1624 1772 1677 revclattdtts
1803 1633 1883 1677 est
1907 1623 2089 1691 splen-

504 1710 626 1774 dor,
659 1710 770 1764 ulla
804 1724 867 1765 ex
906 1721 1061 1781 parte
1097 1713 1295 1767 merito
1325 1724 1491 1782 queat
1519 1714 1855 1783 comparari.
1906 1714 2086 1782 Atque

507 1797 623 1856 haec
644 1802 863 1871 quidem
889 1802 999 1858 illis
1036 1804 1139 1859 hoc
1169 1805 1351 1859 modo.
1395 1803 1885 1859 Verutnenimvero
1940 1819 2084 1873 quo-

508 1897 656 1950 niam
691 1897 1000 1965 oportebat,
1031 1907 1089 1951 ut
1126 1898 1540 1968 perfectioribus
1576 1899 1749 1952 multo
1811 1898 2088 1953 laboribus
2123 1924 2163 1980 Β

506 2004 567 2042 se
596 1988 814 2051 darent,
842 1996 897 2041 et.
933 1988 999 2042 ad
1042 1989 1437 2044 nobilitandam
1464 1990 1761 2044 etiamnum
1792 1990 1967 2061 magis
2011 1991 2091 2060 ip-

505 2095 693 2134 sorum
726 2080 979 2150 gloriam,
1014 2096 1073 2135 re
1104 2080 1220 2150 ipsa
1246 2082 1548 2151 superioris
1576 2097 1691 2137 suae
1733 2083 2087 2137 exercitatio-

505 2169 593 2223 nis
640 2168 994 2239 perspicuum
1052 2170 1312 2224 omnibus
1374 2170 1602 2226 ederent
1646 2173 2039 2226 documentum
2071 2189 2089 2226 ι

504 2262 721 2317 furebat
772 2262 923 2317 rabie
964 2263 1237 2331 incitatus
1284 2262 1577 2318 adversum
1616 2264 1960 2321 Christianos
2009 2266 2089 2332 is,

503 2354 596 2423 qui
621 2353 786 2424 paulo
802 2362 927 2409 ante
948 2356 1153 2410 missus
1171 2354 1465 2425 provincia:
1497 2355 1742 2427 regenda
1757 2354 1932 2412 fuerat
1950 2372 2090 2427 pra:-

502 2457 615 2500 ses.
659 2442 841 2500 Porro
869 2444 1051 2499 rabies
1080 2445 1170 2499 illa
1202 2446 1253 2499 id
1292 2460 1459 2498 unum
1488 2446 1786 2514 spectabat,
1816 2447 2089 2517 quemad-

504 2538 728 2593 modum
757 2540 833 2605 ei,
856 2554 886 2593 a
914 2554 1027 2609 quo
1076 2540 1283 2595 missus
1316 2539 1515 2605 fuerat,
1542 2540 1803 2598 omnibus
1834 2542 1887 2596 in
1926 2543 2091 2599 rebus

503 2628 922 2698 gratificaretur.
992 2628 1177 2700 Itaque
1276 2631 1411 2685 nihil
1502 2645 1729 2700 prorsus
1804 2633 2094 2688 omittebat

502 2734 718 2784 eorum,
769 2734 891 2790 qua:
935 2736 1031 2776 eos
1093 2731 1355 2793 praestare
1412 2737 1511 2792 par
1553 2732 1683 2787 est,
1736 2724 1827 2793 qui
1884 2724 2092 2780 furoris

504 2811 592 2865 sui
632 2812 800 2869 sociis
856 2814 1114 2870 omnibus
1175 2815 1227 2867 itt
1271 2816 1431 2868 rebus
1482 2815 1807 2871 inserviunt.
1861 2817 1942 2871 Ad
1989 2820 2089 2872 tri-

503 2904 671 2958 bunal
738 2905 877 2975 rapti
935 2907 1059 2960 altae
1113 2906 1314 2961 indolis
1358 2907 1459 2961 viri
1518 2908 1811 2975 sistuntur,
1870 2910 2091 2980 pietatis

501 3009 616 3050 suae
670 3011 863 3066 ptenas
916 2999 1119 3053 daturi.
1185 3001 1455 3054 ('teterum
1506 3017 1628 3068 quae
1694 3017 1887 3071 magna
1962 3018 2087 3057 eum

502 3089 814 3143 animorum
843 3089 1105 3155 elatione,
1130 3106 1442 3162 magnoque
1488 3110 1611 3146 cum
1646 3094 1864 3162 spiritu,
1897 3097 2091 3150 adter-

501 3193 598 3234 sus
638 3179 783 3234 hunc
809 3181 953 3235 dicta
986 3195 1115 3236 tunc
1154 3181 1376 3237 fortiter
1401 3200 1431 3238 ιι
1470 3186 1804 3256 martyribus
1831 3198 1978 3248 sunt,
2020 3203 2084 3241 ex

2194 607 2355 661 niret.
2395 606 2539 672 Quin
2572 616 2628 661 et
2666 618 2997 677 nugamenta
3033 606 3296 662 adversus
3326 605 3451 662 illos
3479 608 3772 664 verborum

2189 701 2438 770 quaedam
2495 699 2775 765 contexit,
2832 698 2913 754 sic
2956 698 3354 769 propemodum
3403 707 3584 754 astute
3625 698 3775 769 ipsos

2190 789 2529 859 aggrediens.

2264 880 2355 934 XI.
2408 881 2617 947 Nolite,
2661 882 2877 953 inquit,
2911 890 3104 952 putare
3134 895 3265 946 vos,
3300 896 3388 936 me
3432 882 3619 935 animo
3649 896 3775 937 esse

2191 974 2475 1043 praeduro,
2508 974 2912 1045 eiusmodique,
2946 974 3040 1045 qui
3069 974 3395 1029 crudelitate
3424 984 3480 1030 et
3530 974 3771 1028 humano

2190 1067 2457 1137 sanguine
2503 1067 2823 1123 delectetur.
2879 1066 3142 1122 Naturam
3185 1082 3443 1123 revereor
3483 1085 3498 1122 :
3550 1066 3771 1121 miseret

2192 1172 2278 1211 me
2311 1158 2677 1229 cognationis,
2706 1174 2830 1229 quae
2852 1157 2986 1211 mihi
3018 1167 3103 1213 est
3123 1158 3407 1213 vobiscum
3447 1175 3462 1211 :
3490 1166 3544 1214 et
3571 1172 3768 1229 quam-

2191 1249 2273 1304 vis
2308 1251 2644 1305 contrariam
2672 1251 2833 1306 nobis
2866 1250 3151 1320 religionis
3179 1252 3324 1304 viam
3358 1250 3477 1306 sitis
3517 1249 3767 1320 ingressi,

2191 1342 2354 1412 idque
2394 1341 2627 1399 fortasse
2664 1342 2911 1398 veritatis
2938 1342 3156 1397 inscitia
3185 1342 3358 1411 ducti,
3388 1357 3454 1396 ac
3483 1350 3767 1412 propterea

2191 1432 2246 1487 in
2298 1434 2543 1489 animum
2603 1435 2761 1490 vobis
2809 1434 3137 1499 induxistis,
3191 1444 3251 1490 ut
3307 1445 3553 1489 extrema
3588 1434 3769 1489 omnia

2190 1524 2333 1580 ferre
2366 1526 2553 1580 libenti
2580 1528 2767 1581 animo
2784 1527 3049 1597 supplicia
3079 1528 3201 1582 sitis
3226 1527 3400 1596 parati
3439 1545 3453 1581 :
3492 1526 3771 1581 nihilomi-

2190 1631 2296 1671 nus
2325 1631 2428 1687 ego
2454 1617 2675 1685 quidem
2706 1618 2773 1671 de
2798 1616 2902 1672 hoc
2938 1617 3092 1672 vobis
3123 1618 3373 1687 ignosco.
3404 1616 3567 1687 idque
3592 1617 3774 1671 consi-

2191 1705 2249 1759 lii
2277 1707 2442 1760 vestri
2477 1707 2840 1762 imbecillitati
2884 1708 3066 1762 tribtto
3110 1726 3123 1762 :
3166 1708 3439 1779 siquidem
3478 1709 3595 1764 scio
3624 1724 3772 1763 mor-

2192 1797 2384 1852 talium
2428 1799 2610 1853 adhuc
2662 1799 2935 1853 neminem
2964 1800 3281 1867 exstitisse,
3317 1800 3429 1874 qui
3454 1799 3673 1870 quidem
3718 1800 3770 1855 in

2192 1892 2426 1947 consilio
2479 1892 2580 1947 sibi
2640 1892 2910 1962 capiendo
2964 1906 3237 1963 nusquam
3289 1891 3522 1955 errarit,
3571 1892 3774 1961 quique

2194 2001 2319 2041 cum
2354 1986 2408 2039 itt
2444 1985 2566 2041 aliis
2600 1985 2809 2055 optime
2840 1986 3099 2049 senserit,
3136 1986 3189 2038 in
3224 1984 3312 2051 iis,
3344 1999 3467 2055 quae
3503 1985 3775 2054 praecipua

2193 2074 2299 2145 ipsi
2354 2085 2547 2140 erant,
2598 2091 2706 2130 non
2764 2077 3062 2146 aliquando
3114 2076 3433 2141 offenderit,
3487 2087 3652 2149 atque
3696 2078 3772 2132 ili

2193 2165 2453 2229 maxime,
2486 2165 2577 2219 ttbi
2613 2165 2847 2220 maxime
2876 2182 2935 2220 se
2962 2176 3224 2236 praestare
3266 2167 3586 2223 confideret.
3619 2167 3775 2235 Qut-

2195 2256 2367 2325 circa,
2397 2257 2522 2311 licet
2554 2258 2973 2313 innumerabilia
3008 2268 3237 2329 urgeant
3266 2274 3355 2314 me
3389 2275 3574 2331 regum
3600 2260 3772 2330 iussa,

2192 2346 2553 2402 nihilominus
2582 2358 2765 2403 tamen
2810 2350 3023 2413 malitn,
3059 2351 3240 2421 quoad
3275 2350 3389 2407 fieri
3422 2351 3618 2422 possit,
3651 2366 3771 2407 cum

2193 2438 2487 2496 manifeste
2518 2441 2831 2510 periculosa
2862 2457 2951 2498 res
2985 2443 3080 2509 sit,
3111 2443 3336 2514 quidvis
3375 2445 3629 2515 supplicii
3662 2445 3774 2515 ipse

2192 2531 2378 2587 subire
2405 2532 2607 2602 potius,
2640 2548 2805 2603 quam
2832 2549 3087 2605 asperum
3126 2536 3182 2590 in
3215 2551 3313 2591 vos
3338 2536 3636 2609 quidquam
3664 2537 3776 2595 elli-

2194 2638 2339 2691 cere,
2378 2639 2552 2694 usque
2602 2625 2734 2680 dum
2786 2625 3023 2683 fortasse
3055 2628 3260 2683 duritia
3291 2638 3470 2684 vestra
3518 2644 3636 2684 mea
3679 2645 3772 2701 pa-

2195 2716 2385 2771 tientia
2433 2716 2680 2785 devieta,
2720 2718 3027 2777 lenioribus
3073 2736 3172 2776 vos
3205 2722 3386 2777 verbis
3420 2723 3491 2778 ab
3524 2723 3771 2779 obstina-

2194 2807 2342 2863 tione
2371 2809 2475 2865 ista
2499 2810 2789 2877 deductos,
2817 2811 2871 2866 in
2902 2827 3081 2867 meam
3112 2814 3440 2869 sententiam
3473 2814 3770 2881 adduxere,

2193 2901 2282 2956 cui
2315 2901 2570 2959 ferociter
2608 2919 2755 2960 nunc
2780 2908 3115 2977 repugnatis.

2266 2992 2383 3048 XII.
2423 2996 2595 3062 Quem
2626 2996 2771 3051 enim
2806 3012 2961 3053 sacra
2999 3008 3180 3054 vestra
3230 3014 3338 3055 non
3376 3010 3592 3057 moveat
3624 3000 3772 3062 cani-

2196 3086 2317 3151 ties,
2354 3087 2545 3151 Guria,
2579 3103 2701 3157 qua:
2736 3088 2789 3143 in
2827 3090 2983 3145 vobis
3022 3091 3264 3162 undique
3296 3104 3541 3162 apparet,
3580 3110 3769 3164 quam-

2193 3193 2300 3248 qtte
2351 3180 2691 3235 continentia
2741 3183 3098 3251 conspicuam
3160 3183 3324 3250 facit,
3365 3201 3491 3241 cum
3525 3186 3578 3241 in
3630 3187 3768 3251 ista,

500 3269 703 3339 quibus
736 3278 788 3323 et
820 3272 1105 3341 praesentis
1129 3274 1361 3328 fortuna
1393 3274 1758 3328 inconstantia
1804 3274 2082 3329 deridere-
2114 3264 2157 3322 C
2190 3286 2312 3340 qua:
2340 3272 2494 3326 vobis
2523 3282 2767 3326 extrema
2814 3274 3023 3344 reliqua
3055 3285 3158 3340 est,
3191 3278 3316 3331 vita;
3349 3286 3502 3345 parte
3540 3293 3659 3333 eam
3688 3278 3772 3349 ja-

499 3372 608 3429 tnr,
640 3372 693 3416 et
715 3379 928 3429 eorum,
961 3380 1083 3434 quae
1121 3366 1174 3419 in
1214 3374 1494 3435 posterum
1514 3378 1700 3435 parata
1725 3376 1874 3429 sunt,
1910 3367 2083 3421 bono-

497 3468 621 3510 rum
675 3455 847 3525 gloria
884 3457 1175 3527 magnifice
1214 3457 1611 3527 pra-dicaretur
1669 3459 1909 3528 (tametsi
1943 3474 2089 3513 mar-

496 3547 800 3618 garitarum
831 3548 1092 3605 nobilitas
1120 3560 1245 3605 ante
1264 3551 1411 3606 suilli
1433 3552 1649 3621 generis
1684 3552 1932 3606 homines
1954 3566 2087 3621 pro-

492 3640 840 3713 jicicbatur),
883 3652 979 3698 aut
1008 3645 1474 3713 quemadmodum
1508 3645 1623 3714 ipse
1653 3645 1817 3699 etiam
1885 3642 2082 3711 Judex,

497 3735 627 3788 dum
654 3750 750 3791 eos
770 3744 966 3803 tentat,
995 3737 1088 3807 qui
1108 3737 1502 3792 tentationihus
1532 3738 1673 3792 vinci
1695 3753 1802 3791 n0n
1832 3746 2083 3806 passum,

499 3824 759 3879 invictam
796 3840 987 3880 eorum
1040 3827 1208 3881 animi
1245 3828 1611 3882 constantiam
1640 3838 1821 3883 astute
1852 3828 2084 3883 subver-

494 3924 611 3972 tere
641 3918 966 3985 conabatur,
1003 3918 1226 3990 longum
1258 3921 1450 3990 utique
1476 3926 1624 3974 esset
1654 3920 1908 3989 persequi
1957 3934 2085 3975 ora-

495 4009 685 4066 tione:
717 4010 1077 4066 nihilominus
1121 4018 1328 4072 tamen,
1364 4021 1422 4065 ut
1462 4022 1724 4081 quantum
1770 4013 1837 4067 ad
1890 4012 2085 4067 intelli-

495 4100 735 4174 gendum
779 4103 852 4157 sit
886 4103 1044 4170 satis,
1075 4103 1269 4173 quales
1306 4103 1379 4156 illi
1414 4103 1637 4162 fuerint.
1672 4102 1987 4169 doceamus,
2013 4118 2083 4158 ne

492 4196 724 4266 egregiae
740 4204 1041 4266 martyrum
1066 4198 1335 4267 palaestra:
1358 4210 1585 4266 prorsus
1606 4195 1781 4251 simus
1807 4206 2081 4266 expertes,

493 4300 629 4343 neve
658 4287 778 4356 ejus
840 4288 943 4353 rei,
984 4304 1150 4357 quam
1197 4303 1260 4341 ex
1335 4287 1596 4341 omnibus
1652 4288 2079 4357 pulcherrimam

490 4382 855 4450 speravimus,
885 4382 1156 4451 jactur-am
1182 4383 1468 4446 faciamus,
1496 4383 1634 4438 tales
1663 4392 1840 4448 erant,
1876 4393 1970 4438 aut
1998 4383 2082 4438 his

490 4474 852 4529 similitudine
883 4490 1049 4543 quam
1080 4475 1332 4545 proximi.

2190 3364 2326 3417 clari
2368 3363 2812 3420 animadvertat?
2839 3367 2973 3432 Quis
3010 3382 3176 3437 porro
3209 3384 3315 3423 non
3354 3369 3605 3426 Samona!
3639 3372 3785 3427 intev'

2190 3472 2317 3527 gras
2362 3457 2531 3511 animi
2586 3467 2641 3512 et
2696 3460 2944 3527 corporis
2995 3459 3141 3516 vires
3189 3476 3405 3516 suntme
3447 3461 3767 3528 admiretur,

2191 3561 2563 3620 perpetuoque
2624 3550 2868 3605 laborum
2930 3551 3035 3607 sibi
3095 3568 3221 3608 eum
3273 3553 3473 3610 habere
3527 3557 3769 3611 omnium

2190 3643 2402 3697 socium
2449 3644 2764 3698 desideret?
2798 3643 3027 3698 Valeant
3057 3644 3343 3715 iudiciaria
3376 3646 3659 3712 subsellia,
3688 3647 3771 3701 dio

2188 3736 2354 3789 vitite.
2390 3735 2628 3789 honores
2664 3754 2677 3789 :
2728 3738 2980 3805 quamvis
3014 3738 3161 3790 enim
3200 3738 3314 3791 haec
3348 3738 3620 3795 illecebris
3654 3742 3767 3794 suis

2191 3826 2387 3879 blande
2434 3827 2499 3879 ad
2555 3842 2613 3880 se.
2664 3827 2879 3879 animos
2926 3827 3174 3880 omnium
3230 3828 3505 3893 alliciant,
3556 3844 3766 3899 perma-

2189 3933 2468 3988 guumqne
2507 3919 2571 3971 ad
2607 3919 2743 3972 bene
2784 3918 3052 3988 beateque
3085 3902 3374 3973 vivendum
3416 3920 3617 3975 habere
3654 3936 3767 3975 mo-

2190 4020 2434 4063 tnentum
2468 4010 2773 4075 videantur,
2808 4010 3165 4066 nihilominus
3192 4020 3391 4070 tamen.
3428 4013 3648 4082 quando
3673 4030 3764 4070 vos

2188 4103 2289 4156 ista
2324 4118 2537 4156 morum
2570 4103 2864 4171 probitate,
2907 4102 3283 4172 modestiaque
3308 4106 3410 4158 viri
3449 4106 3519 4160 ita
3560 4105 3763 4161 facien-

2185 4195 2314 4247 dum
2352 4197 2613 4260 censetis,
2647 4196 2851 4264 placeat
2890 4196 3020 4249 mihi
3055 4212 3275 4266 quoque
3320 4197 3504 4250 omnia
3547 4214 3612 4253 ex
3655 4198 3762 4253 for-

2187 4295 2330 4338 tuna:
2361 4287 2673 4340 temeritate
2703 4287 2961 4356 pendere,
2995 4301 3101 4355 qua
3133 4295 3490 4351 commutata,
3523 4302 3586 4341 ea
3624 4304 3760 4359 quo-

2185 4394 2292 4446 que
2342 4381 2672 4433 commutari
2730 4394 2955 4434 necesse
3012 4380 3102 4433 sit.
3144 4379 3362 4443 Videte,
3414 4381 3629 4450 qualem
3679 4397 3761 4437 me

2184 4471 2450 4525 adversus
2480 4484 2577 4525 vos
2612 4486 2794 4541 geram
2834 4486 2848 4524 :
2881 4468 3085 4523 donate
3116 4470 3218 4525 hoc
3254 4468 3410 4535 mihi,
3453 4479 3514 4526 ut
3539 4472 3757 4526 meliora

562 4567 630 4620 Χ.
664 4566 868 4621 Blande
901 4567 1096 4635 agebat
1132 4583 1257 4622 cum
1286 4568 1420 4623 viris
1452 4569 1657 4626 sanctis
1689 4570 1758 4633 is,
1796 4570 1883 4626 cui
1923 4569 2074 4641 judi-
2111 4604 2153 4660 Β
2183 4564 2250 4618 de
2279 4564 2432 4619 vobis
2461 4564 2665 4634 possim
2687 4578 2927 4633 sperare.
2954 4562 3062 4626 Tu,
3088 4562 3283 4630 Guria,
3310 4562 3552 4618 adhibita
3584 4566 3677 4620 tibi
3707 4566 3756 4619 in

490 4658 647 4711 randi
698 4667 941 4727 potestas
989 4660 1299 4728 obtigerat,
1352 4676 1584 4732 seseque
1633 4664 1829 4727 modo,
1878 4676 1935 4717 ιιι
1978 4665 2072 4733 qui

491 4765 690 4804 nocere
717 4751 796 4805 eis
834 4751 1019 4819 nollet,
1065 4753 1131 4807 ad
1170 4752 1447 4809 lenitatem
1492 4756 1658 4810 dabat
1697 4775 1709 4810 :
1746 4758 1908 4809 modo
1940 4772 2074 4826 sup-

491 4842 655 4911 plicia
687 4842 995 4906 differebat,
1030 4861 1097 4899 ne
1130 4846 1297 4900 animi
1330 4848 1537 4902 stevitia
1570 4863 1634 4903 ea
1668 4847 1733 4903 iis
1764 4848 2074 4904 accelerare

490 4933 800 5001 videretur,
851 4936 945 5006 qui
994 4938 1060 4990 ad
1116 4941 1325 5008 quaevis
1366 4939 1718 5009 perpetienda
1762 4938 1862 5008 ipsi
1916 4950 2074 4995 erant

487 5028 857 5097 paratissimi,
921 5031 1178 5100 nullaqtte
1225 5048 1283 5087 rc
1341 5033 1531 5102 magis:
1577 5048 1740 5101 quam
1820 5032 2073 5102 supplicii

488 5133 642 5173 mora
697 5118 1114 5176 offendebantur
1168 5139 1183 5176 :
1232 5137 1422 5177 verum
1467 5122 1761 5192 apparebat
1813 5123 1954 5177 facta
1992 5124 2074 5179 di-

487 5211 589 5263 ctis
619 5226 741 5265 esse
787 5215 1097 5279 contraria,
1138 5214 1340 5283 quippe
1378 5228 1504 5268 cum
1557 5228 1664 5268 non
1712 5215 2073 5273 humanitatis

485 5318 549 5356 ea
588 5313 797 5371 essent,
846 5321 970 5374 qua:
1014 5308 1082 5360 ab
1134 5322 1201 5360 eo
1249 5309 1459 5371 fierent,
1512 5307 1605 5361 sed
1656 5308 2015 5365 immanitatis
2054 5327 2069 5364 :

486 5394 656 5447 animi
712 5410 819 5449 non
878 5395 1139 5460 benefici,
1195 5397 1290 5451 sed
1343 5396 1573 5451 malefici
1627 5416 1639 5451 :
1683 5397 1953 5467 siquidem
2004 5414 2072 5453 ex

484 5502 653 5543 morte
703 5488 1023 5557 hujusmodi
1084 5490 1502 5558 interpositione
1556 5492 1884 5561 apparebat,
1944 5506 2071 5546 cum

486 5595 675 5633 eorunt
733 5580 902 5634 animi
959 5581 1269 5636 firmitatem
1335 5582 1613 5653 roburque
1669 5584 1872 5639 sensim
1935 5585 2073 5640 velle

486 5670 819 5727 labefactare
841 5715 854 5738 ,
896 5683 952 5727 et
982 5674 1232 5729 arderent
1264 5676 1637 5746 restinguere,
1671 5690 1781 5746 quo
1821 5677 2074 5732 videlicet

490 5772 778 5832 postquam
813 5782 878 5820 ex
916 5767 1228 5837 hujusmodi
1255 5769 1705 5838 ampliationibus
1738 5785 1929 5825 recens
1960 5770 2072 5825 ala-

489 5854 658 5911 critas
706 5855 796 5913 illa
833 5858 997 5915 veluti
1034 5860 1435 5930 dcfcrbuissct,
1469 5862 1863 5936 consopitaun
1894 5872 2068 5933 esset,

2183 4656 2474 4711 consilium
2528 4672 2626 4723 ca,
2674 4673 2779 4725 qtta
2820 4656 3025 4727 pollere
3070 4656 3266 4712 solitus
3300 4671 3394 4720 es,
3437 4657 3756 4727 prudentia,

2178 4766 2505 4820 summaque
2534 4753 2835 4820 cadentque
2879 4759 3120 4821 spectata
3154 4750 3414 4806 omnibus
3451 4751 3553 4806 ista
3590 4754 3754 4805 animi

2180 4844 2257 4897 tui
2319 4844 2697 4913 magnitudine
2754 4845 3145 4914 gravitateque.
3182 4842 3261 4896 'I‘u
3299 4859 3450 4910 vero,
3496 4845 3753 4907 Satnooa,

2177 4936 2353 4991 solido
2392 4953 2422 4990 a
2469 4947 2517 4989 te
2552 4938 2659 4990 isto
2691 4952 2755 4991 ac
2792 4936 2973 4991 vivido
3024 4936 3273 5005 corporis
3324 4937 3521 4992 robore
3562 4946 3661 4991 tuo
3690 4937 3754 4991 ad

2179 5028 2319 5097 regis
2357 5030 2625 5083 culturam
2696 5029 2962 5084 translato
2999 5029 3075 5098 (id
3110 5029 3255 5099 qttod
3288 5029 3451 5083 etiam
3488 5028 3753 5093 futurum,

2177 5122 2434 5175 hesterna
2485 5122 2574 5175 die
2627 5121 2826 5175 divinae
2861 5121 2993 5174 tnibi
3047 5121 3266 5192 Sibylla:
3300 5121 3752 5189 confirmarunt);

2179 5216 2381 5279 nolite,
2443 5231 2661 5285 quzeso,
2718 5216 2791 5269 ita
2844 5214 3142 5271 crudeliter
3172 5215 3486 5283 duriterque
3519 5217 3750 5278 vestris,

2175 5307 2376 5377 quibus
2414 5323 2511 5363 vos
2543 5316 2736 5361 natura
2770 5306 2995 5375 largiter
3021 5307 3192 5372 auxit,
3223 5307 3382 5361 bonis
3412 5307 3581 5361 abuti.
3618 5304 3748 5358 Nam

2176 5416 2205 5454 a
2237 5416 2321 5454 tne
2344 5401 2562 5471 quidem
2591 5402 3028 5457 misericordiam
3056 5404 3347 5457 adversum
3376 5415 3469 5456 vos
3490 5404 3748 5455 aufertis:

2177 5509 2274 5549 vos
2313 5509 2444 5548 vero
2492 5494 2546 5548 in
2606 5494 2986 5564 turpissimam
3030 5509 3218 5549 necem
3273 5494 3638 5565 compingitis,
3691 5507 3752 5547 ac

2175 5584 2453 5639 maleficos
2485 5584 2735 5640 homines
2782 5585 3094 5649 imitamini,
3138 5585 3231 5655 qui
3285 5585 3484 5639 misere
3514 5586 3753 5638 volentes

2175 5677 2277 5748 ipsi
2336 5677 2439 5733 sibi
2491 5689 2724 5733 mortent
2773 5680 3151 5734 consciscunt.
3200 5678 3381 5748 Atque
3438 5676 3749 5747 hujusmodi

2174 5770 2393 5840 quidem
2429 5771 2595 5824 astuti
2618 5770 2821 5843 judicis
2852 5780 2904 5826 et
2936 5773 3076 5826 ratio
3100 5779 3156 5825 et
3182 5771 3356 5824 oratio
3384 5767 3510 5823 fuit.

2245 5863 2387 5919 XIII.
2418 5862 2558 5932 Quid
2590 5879 2717 5921 vero
2758 5866 2858 5921 viri
2918 5866 3204 5923 fortissimi
3243 5862 3752 5938 imperterritique?
