4164 6434
433 413 546 478 793

1303 406 1588 470 ORATIO
1617 405 1716 468 DE
1753 409 1860 470 SS.
1893 404 2226 484 SAMONA,
2259 407 2508 472 GURIA
2547 407 2644 480 ET
2672 407 2922 472 ABIBO.

3605 412 3717 476 79$

437 528 672 584 Easdem
705 523 744 580 ii
782 522 1046 580 nimirum
1076 520 1142 578 ad
1177 536 1304 576 eum
1335 520 1660 590 capiendum
1695 528 1842 574 artes
1863 518 2020 573 adhi-
2053 524 2096 580 Α
2127 519 2342 589 ahjecta
2382 535 2638 589 persona,
2665 529 2850 588 aperta
2894 518 3232 590 impudentia
3261 519 3316 576 in
3355 535 3545 578 necem
3589 539 3717 578 san-

438 631 640 683 ttuere,
689 616 892 687 quibus
941 614 1116 670 fretus
1167 614 1279 679 ille,
1326 628 1422 670 eos
1463 628 1524 670 se
1563 613 1690 668 dolo
1731 623 2020 680 capturum

437 710 714 782 sperabat.
751 707 888 764 Nam
923 708 1056 778 quid
1104 715 1210 773 est,
1239 707 1514 778 inquiunt.
1551 704 1698 775 quod
1739 713 2024 774 tantopere

435 822 464 857 ει
487 801 782 862 .senteutis
823 809 1012 856 nostra
1039 813 1140 853 nos
1170 799 1348 854 valeat
1386 797 1705 852 dimovere?
1743 795 2022 864 Numquid

441 897 738 950 vehemens
773 893 1012 948 fortasse
1041 891 1316 948 instabilis
1353 890 1478 944 vitat
1517 889 1684 958 hujus
1711 887 2026 959 cupiditas?

437 987 546 1042 Sed
567 986 832 1056 quidnam
883 993 992 1050 est,
1041 999 1252 1055 quaeso,
1289 998 1354 1038 ex
1391 981 1674 1045 omnibus,
1707 997 1832 1050 qua:
1863 980 1916 1036 in
1958 995 2022 1036 ea

441 1081 714 1136 habentur
757 1077 1024 1148 jucunda,
1065 1090 1176 1147 quo
1214 1078 1436 1130 animus
1463 1083 1653 1130 noster
1693 1083 1860 1144 queat
1897 1087 2022 1142 pcr-

439 1171 688 1228 ntoveri?
731 1171 928 1224 Annon
1003 1166 1399 1222 animadvertis
1457 1179 1560 1221 nos
1625 1165 1868 1234 optimos
1923 1177 2020 1218 vos

441 1274 606 1322 testes
635 1263 856 1324 habere,
891 1259 1200 1330 cuiusmodi
1237 1259 1340 1314 hoc
1367 1256 1458 1323 sit,
1481 1271 1592 1326 quo
1624 1271 1744 1310 sum
1779 1255 2024 1310 circum-

441 1358 695 1421 amictus,
753 1352 1164 1422 corpusculum,
1206 1365 1371 1420 quam
1437 1347 1786 1418 paucissimis
1834 1347 1900 1400 ad
1963 1360 2023 1400 se

437 1451 500 1506 in
541 1449 648 1504 vita
699 1445 964 1502 tuendum
1013 1451 1332 1499 contentum
1357 1482 1372 1505 ,
1423 1450 1478 1498 et
1519 1439 1780 1509 expedito
1815 1437 2022 1493 Christi

443 1540 606 1596 militi
653 1551 918 1608 perquam
950 1533 1149 1600 simile,
1187 1533 1282 1603 qui
1317 1532 1385 1586 ad
1415 1531 1602 1586 omnia
1631 1528 1836 1584 tribuni
1866 1527 2020 1598 jussa

413 1631 795 1702 .essequenda
857 1630 1126 1698 sitquam
1175 1626 1588 1694 paratissimus,
1643 1623 1850 1693 quique
1877 1622 2024 1676 velut

442 1741 607 1795 super
639 1720 962 1778 tenuissima
1009 1730 1162 1782 rate,
1205 1720 1330 1772 vitae
1357 1716 1524 1786 ltujus
1571 1716 1794 1785 pelagus
1837 1723 2020 1770 trans-

447 1817 650 1878 mittat,
716 1827 788 1867 ne
825 1826 936 1882 qua
968 1825 1028 1866 re
1068 1819 1332 1880 gravante
1381 1807 1636 1876 impedita
1668 1805 1790 1871 illa,
1833 1819 2022 1858 ncces-

441 1909 590 1964 sario
643 1921 866 1962 cursum
939 1904 1148 1958 tardius
1202 1901 1489 1958 conficiat?
1549 1899 1706 1956 Unde
1771 1898 1940 1968 igitur
1992 1911 2022 1952 a
2054 1899 2101 1958 Β

439 1999 710 2057 sententia
753 2012 841 2053 me
879 2011 998 2052 mea
1045 1997 1256 2065 poteris
1305 1991 1604 2048 revocare?
1633 1991 1902 2062 quibusve
1931 2005 2026 2044 ca-

443 2108 572 2162 pere
624 2090 1042 2154 blandimentis,
1077 2096 1136 2142 ut
1183 2103 1271 2142 me
1321 2101 1408 2142 res
1440 2085 1564 2140 vitae
1603 2083 1768 2153 hujus
1802 2096 2024 2152 permo-

441 2193 624 2246 venit,
661 2181 752 2250 qui
792 2179 1046 2234 maximae
1075 2179 1224 2233 illius
1258 2177 1371 2246 jam
1409 2177 1548 2246 parti
1581 2185 1836 2230 mortuus
1861 2171 2029 2228 sum?

437 2274 642 2344 quippe
665 2274 758 2344 qui
783 2270 1156 2341 voluptatibus
1176 2267 1592 2324 contemnendis
1613 2267 1732 2336 ipse
1755 2265 1810 2320 in
1835 2263 2031 2318 volun-

447 2368 644 2420 tariam
681 2380 770 2420 me
813 2371 1046 2418 mortem
1091 2359 1438 2421 tradiderim.
1485 2367 1651 2429 atque
1678 2357 1786 2412 hoc
1811 2356 2030 2425 ipsum,

439 2453 590 2524 quod
620 2468 766 2508 nunc
799 2452 946 2516 vivo,
971 2465 1039 2506 eo
1071 2451 1250 2506 vivant
1275 2487 1290 2512 ,
1315 2449 1466 2518 quod
1489 2447 1612 2516 ejus
1643 2445 1891 2512 iniussu,
1931 2443 2028 2516 qui

437 2563 534 2602 nte
561 2547 616 2600 in
644 2545 812 2600 vitam
841 2543 1080 2605 induxit,
1113 2541 1282 2596 nolim
1309 2541 1459 2594 exire
1481 2539 1549 2594 de
1579 2539 1710 2594 vita.
1743 2535 2027 2608 Siquidem

443 2653 572 2692 eum
608 2637 864 2708 jubetttur
925 2625 1276 2704 exspectare,
1315 2633 1444 2688 dum
1474 2631 1748 2688 vinculum
1773 2629 1972 2694 solvat,
1997 2644 2032 2685 a

441 2745 558 2798 quo
601 2729 862 2782 nimirum
911 2727 966 2778 in
1003 2739 1122 2779 eam
1153 2723 1356 2778 fuimus
1387 2722 1600 2792 illigati.
1637 2722 1704 2775 Et
1735 2719 1889 2791 quid,
1925 2721 2027 2774 ob-

442 2837 640 2888 secro,
693 2835 876 2874 nonne
913 2819 1017 2872 hoc
1045 2830 1276 2872 summa:
1309 2824 1456 2870 esset
1477 2813 1801 2878 dementiae,
1829 2812 2030 2880 quibus

435 2914 664 2985 juvenis
699 2911 958 2966 nuntium
1008 2909 1373 2970 remisissem,
1417 2906 1503 2961 Itis
1549 2905 1736 2961 denuo
1759 2905 2034 2974 cupidita-

441 3019 554 3062 tvm
585 3004 723 3059 velle
757 3002 1000 3066 irritare,
1029 3009 1194 3070 atque
1223 3015 1310 3060 ea,
1340 3014 1464 3068 qua:
1491 2995 1822 3068 jampridem
1854 2994 2033 3050 omni-

445 3099 574 3161 bus,
605 3095 699 3167 qui
731 3110 796 3150 ea
829 3093 1050 3159 vellent,
1086 3087 1264 3146 libens
1295 3091 1654 3154 dimisissem,
1694 3089 1883 3160 gratia:
1915 3087 2034 3142 loco

443 3203 594 3244 nunc
627 3187 880 3257 cupidius
907 3183 1203 3255 appetere?
1229 3185 1538 3253 praisvrtim
1563 3197 1690 3238 cum
1723 3180 1856 3235 illud
1884 3187 2034 3235 esset

443 3285 712 3338 incertum
735 3319 751 3346 ,
784 3297 853 3335 an
897 3279 990 3334 diu
1039 3278 1206 3333 simul
1245 3293 1310 3332 ac
1349 3293 1412 3332 ea
1441 3291 1618 3332 essent
1657 3274 1914 3344 adeptus,
1951 3241 2102 3328 eisc

445 3375 582 3432 mihi
611 3389 806 3431 secure
849 3388 944 3443 per
973 3371 1148 3428 otium
1179 3371 1288 3425 frui
1319 3370 1526 3424 liceret.
1557 3367 1662 3424 Sed
1696 3377 1752 3421 ut
1781 3367 2032 3434 adempta

446 3481 678 3538 prorsus
711 3466 782 3522 sit
805 3465 988 3520 omnis
1015 3464 1085 3520 de
1125 3463 1230 3518 hac
1257 3479 1316 3518 re
1365 3461 1660 3528 dubitatio,
1694 3460 1838 3516 haud
1867 3456 2036 3512 dubie

445 3562 496 3613 is
543 3558 802 3628 degeneri
849 3555 1214 3626 illiberalique
1253 3569 1316 3611 se
1357 3567 1483 3610 esse
1513 3555 1701 3608 animo
1744 3550 2032 3615 ostendat,

443 3655 544 3723 qui
599 3653 764 3708 rebus
811 3652 1032 3707 aeternis
1071 3650 1310 3706 caducas
1342 3655 1676 3718 anteponat,
1705 3645 2032 3704 Stabilibus-

443 3760 578 3816 que,
627 3759 694 3798 ac
727 3741 1186 3814 pt-rtuattentibus
1227 3755 1316 3806 ea,
1359 3755 1482 3810 qua:
1531 3738 1692 3793 citius
1743 3735 2032 3798 difﬂuunt,

443 3851 614 3905 quam
665 3834 970 3890 consistere
1030 3829 1328 3902 potuerint.
1388 3827 1456 3882 Et
1501 3826 1648 3898 quod
1695 3826 1916 3896 quidem
1965 3824 2031 3878 ad

449 3943 542 3982 me
575 3927 794 3991 attinet,
827 3925 933 3980 hoc
967 3925 1132 3978 modo
1163 3940 1177 3976 :
1215 3922 1336 3988 Quo
1369 3931 1528 3990 parto
1559 3933 1687 3973 vero
1727 3917 1894 3971 etiam
1934 3914 2036 3969 Sa-

449 4035 676 4076 monant
739 4019 884 4074 hunc
933 4019 1066 4088 (pro
1115 4031 1184 4072 eo
1227 4030 1376 4070 cntm
1429 4015 1642 4083 loquor,
1683 4011 1830 4082 quod
1879 4010 1926 4064 is
1979 4015 2034 4064 et

2133 620 2348 664 ciorum
2390 627 2632 682 praeceps
2675 613 2802 666 ruit.
2835 611 3070 666 Mirabili
3108 611 3277 680 igitur
3307 613 3568 670 incensus
3603 615 3716 670 ira-

2131 703 2355 768 cundia,
2390 703 2456 756 iis
2485 703 2734 758 celeriter
2767 706 2833 758 ad
2869 719 2928 758 se
2959 704 3268 768 accersitis,
3307 719 3546 774 quorum
3589 723 3714 761 ntu-

2119 810 2237 850 .nus
2278 805 2362 850 est
2395 794 2704 852 istiusmodi
2743 795 3094 850 carnificinas
3132 811 3412 860 exercere,
3467 799 3713 860 mandat.

2131 896 2192 942 ut
2241 887 2372 942 fune
2409 888 2581 942 altera
2635 903 2801 946 manu
2856 888 3117 956 religatos
3156 897 3448 958 martyres,
3499 889 3594 942 diu
3641 889 3714 943 ita

2129 979 2398 1034 sublimes
2428 987 2652 1034 teneant
2687 997 2706 1034 ε
2739 979 2942 1048 quibus
2973 988 3340 1048 praeterquam
3369 981 3518 1048 quod
3547 981 3718 1034 totius

2131 1071 2378 1140 corporis
2403 1071 2648 1140 pondere
2693 1073 2900 1138 gravati
2933 1070 3353 1136 divellebantur,
3381 1073 3448 1126 ad
3491 1073 3712 1143 majoris

2129 1165 2292 1218 etiam
2328 1173 2588 1232 praeterea
2629 1178 2852 1218 sensum
2889 1163 3120 1232 doloris,
3173 1163 3578 1221 intolerandum
3618 1181 3713 1236 pe—

2130 1254 2294 1309 dibus
2315 1254 2492 1323 aptari
2528 1254 2744 1325 pondus
2767 1254 2944 1324 jubet.

2197 1385 2318 1444 XV.
2352 1385 2560 1442 Norunt
2602 1387 2870 1458 plerique,
2921 1387 3014 1442 sed
3043 1388 3286 1443 omnium
3323 1389 3561 1443 maxime
3605 1405 3718 1445 me-

2129 1479 2325 1534 dicina!
2360 1479 2499 1534 artis
2543 1479 2702 1549 periti
2727 1519 2742 1542 ,
2779 1479 2873 1549 qui
2915 1488 3129 1534 natura;
3161 1497 3361 1536 arcana
3409 1483 3510 1552 ipsi
3545 1483 3718 1538 subti-

2131 1571 2236 1626 lius
2273 1569 2625 1639 imlagarunt,
2683 1585 2849 1640 quant
2903 1570 3268 1627 intolerabilis
3302 1573 3450 1627 illius
3481 1575 3554 1629 sit
3587 1589 3716 1629 cru-

2131 1665 2308 1718 ciatus
2339 1663 2496 1717 dolor
2527 1663 2580 1717 in
2611 1665 2807 1733 quovis
2838 1661 3139 1732 animante,
3176 1664 3222 1719 si
3262 1673 3504 1720 extrema
3538 1667 3720 1738 aliqua

2130 1751 2214 1806 sui
2245 1759 2400 1821 parte
2429 1767 2758 1822 suspensum
2792 1761 3066 1819 teneatur,
3096 1762 3262 1824 atque
3297 1755 3352 1809 in
3383 1771 3505 1809 eam
3548 1771 3713 1810 unam

2131 1843 2447 1897 universum
2525 1845 2775 1914 corporis
2841 1845 3012 1899 tetitts
3075 1847 3294 1915 pondus
3356 1847 3640 1902 recumbat
3701 1863 3717 1902 :

2130 1933 2333 2004 quippe
2359 1951 2483 1988 cuttt
2508 1936 2716 1990 ossium
2745 1951 3038 2007 compages
3061 1937 3114 1990 in
3142 1953 3209 1990 eo
3236 1938 3364 2002 sint,
3401 1947 3460 1992 ut
3486 1937 3716 2008 jamjam

2129 2027 2498 2082 disrludcudm
2533 2027 2663 2092 sint,
2697 2027 2961 2099 nervique
2990 2030 3091 2099 ipsi
3127 2031 3239 2084 sint
3267 2039 3465 2100 praeter
3492 2033 3718 2085 ntodum

2128 2119 2374 2184 distenti,
2411 2131 2464 2175 et
2495 2119 2730 2175 musculi
2758 2121 3030 2186 distracti,
3060 2131 3111 2176 et
3149 2131 3296 2176 totus
3325 2124 3442 2192 ipse
3471 2124 3720 2194 corporis

2133 2222 2367 2266 truncus
2398 2220 2591 2280 suopte
2614 2220 2777 2281 atque
2801 2211 2979 2268 alieno
3000 2213 3165 2266 etiam
3196 2215 3439 2284 pondere
3460 2215 3720 2270 diductus

2131 2302 2541 2374 constringatur
2583 2322 2597 2358 :
2637 2303 2834 2360 deinde
2881 2319 3006 2359 cum
3047 2307 3313 2361 naturalis
3366 2307 3566 2360 humor
3611 2322 3720 2360 una

2131 2409 2256 2450 cum
2313 2395 2542 2450 animali
2589 2397 2818 2466 spiritu,
2873 2413 2984 2467 qua
3041 2398 3260 2466 quidem
3313 2399 3366 2452 in
3417 2401 3722 2454 exteriores

2129 2497 2314 2557 partes
2339 2495 2680 2552 coarctetur,
2716 2505 2823 2560 qua
2855 2504 2988 2544 vero
3015 2499 3240 2560 propter
3265 2501 3544 2545 meatuutn
3579 2507 3722 2546 con-

2130 2579 2482 2648 stipationem
2505 2581 2689 2648 egredi
2720 2581 3100 2650 prohibeatur,
3123 2582 3343 2652 gravior
3363 2583 3418 2637 in
3439 2584 3721 2638 animante

2134 2669 2410 2724 excitatur
2433 2669 2643 2727 doloris
2675 2671 2778 2736 vis,
2809 2672 2953 2728 inter
2983 2681 3180 2728 caetera
3208 2673 3396 2727 omnia
3425 2673 3528 2730 hoc
3551 2677 3718 2730 etiam

2133 2761 2276 2831 ipso,
2333 2763 2476 2832 quod
2527 2762 2709 2818 exitus
2753 2763 2808 2817 in
2852 2763 3082 2820 elisione
3129 2763 3502 2834 prmcluditur,
3545 2779 3726 2836 eoque

2133 2855 2331 2924 magis,
2351 2855 2398 2909 si
2421 2855 2686 2910 distcnsio
2714 2869 2836 2925 quae
2868 2855 2949 2920 fit,
2974 2872 3041 2910 ex
3069 2857 3338 2912 diametro
3369 2857 3604 2921 exsistit,
3628 2857 3726 2927 qui

2131 2944 2352 3013 quidem
2403 2944 2618 3012 longior
2655 2945 3002 3014 excogitatas
3053 2945 3146 3009 sit,
3191 2960 3360 3014 quam
3406 2946 3478 3001 sit
3509 2948 3724 3016 quaevis

2133 3046 2408 3092 rectarum
2437 3037 2675 3106 partium
2709 3037 2888 3090 media
2917 3037 3086 3092 linea.
3108 3035 3228 3092 Tali
3264 3037 3432 3107 igitur
3457 3045 3728 3110 tantoque

2137 3125 2360 3182 Satanae
2408 3127 2790 3182 ministrorum
2823 3127 3050 3184 solertia
3085 3139 3402 3198 comparato
3426 3137 3722 3194 tormento,

2137 3235 2264 3274 eum
2299 3218 2354 3272 in
2385 3233 2450 3274 eo
2487 3234 2581 3288 per
2607 3219 2908 3274 dimidiata:
2941 3219 3050 3275 diei
3096 3221 3360 3288 spatium,
3392 3235 3568 3291 eoque
3606 3236 3724 3275 am-

2137 3311 2282 3380 plius
2339 3307 2416 3364 illi
2455 3317 2772 3364 constanter
2829 3321 3300 3380 perseverassent,
3351 3312 3444 3366 ubi
3484 3327 3543 3367 se
3583 3311 3721 3366 nihil

2136 3403 2404 3471 prolicere
2459 3400 2662 3470 impius
2713 3401 2880 3470 judex
2917 3403 3326 3469 animadvertit,
3367 3419 3398 3457 a
3451 3405 3724 3474 supplicio

2136 3495 2356 3550 tandem
2390 3495 2647 3561 relaxari,
2679 3507 2846 3564 atque
2877 3496 2931 3550 itt
2959 3494 3410 3550 obscurissimum
3444 3511 3721 3552 carcerem

2137 3591 2279 3646 trudi
2331 3599 2601 3660 martyres
2643 3589 2833 3660 jubet,
2875 3590 3064 3660 ibique
3095 3589 3356 3644 diuturna
3405 3605 3504 3645 eos
3543 3591 3722 3644 inedia

2136 3683 2428 3738 macerari.
2465 3680 2602 3736 Tum
2637 3682 2869 3752 qumstio
2899 3698 3115 3744 rursus,
3151 3693 3206 3736 et
3249 3689 3526 3736 tormenta
3563 3683 3724 3750 longe

2135 3776 2394 3830 omnibus
2436 3774 2524 3840 iis,
2577 3789 2699 3844 quae
2745 3781 3168 3845 praecesserant,
3205 3773 3460 3843 graviora
3521 3773 3722 3828 imma-

2135 3881 2426 3937 tttoraqtte.

2205 4022 2346 4079 XVI.
2380 4023 2654 4079 Cancrum
2687 4023 2908 4080 Curiam
2963 4023 3090 4091 ille,
3123 4033 3315 4095 utpote
3354 4032 3410 4080 et
3443 4033 3724 4082 senectute

447 4112 622 4166 animi
651 4125 942 4174 sensuum,
985 4119 1038 4163 et
1073 4105 1350 4178 praeclarae
1371 4105 1536 4174 hujus
1575 4099 2034 4174 peregrinationis
2130 4117 2240 4186 iam
2273 4127 2328 4172 ει
2371 4116 2574 4180 inedia,
2622 4125 2676 4170 ει
2704 4115 2793 4179 iis,
2827 4129 2970 4186 quos
3020 4115 3182 4183 paulo
3231 4123 3358 4170 ante
3401 4116 3720 4185 pertulerat,

450 4207 588 4259 mihi
617 4204 802 4259 socius
831 4202 938 4273 est)
969 4218 1000 4256 a
1027 4215 1164 4256 sano
1189 4213 1294 4254 suo
1323 4197 1490 4254 animi
1517 4194 1802 4267 proposito
1831 4191 2032 4264 poteris

445 4315 617 4354 avoca
628 4315 684 4353 re
701 4297 726 4352 2

525 4392 668 4447 λιν.
695 4390 856 4446 Dices
887 4390 1142 4454 fortasse,
1169 4403 1280 4444 non
1307 4383 1598 4443 convenire
1630 4379 2030 4438 adolescentem

2133 4209 2470 4264 cruciatibus
2523 4222 2662 4278 pene
2697 4207 3032 4271 confectum,
3055 4206 3248 4261 statuit
3277 4210 3564 4261 tormentis
3596 4222 3718 4261 am-

2135 4300 2278 4370 plius
2309 4315 2419 4356 non
2461 4301 2744 4362 divesare,
2803 4313 2892 4364 ne,
2942 4298 2990 4353 si
3029 4297 3080 4351 id
3139 4299 3313 4362 fieret,
3345 4297 3585 4351 animam
3627 4297 3719 4352 ille

2135 4395 2276 4447 inter
2315 4401 2608 4457 tormenta,
2651 4393 2970 4463 priusquam
3001 4389 3268 4444 voluisset
3303 4390 3438 4459 ipse,
3471 4398 3528 4445 et
3553 4390 3720 4445 lentis

449 4496 619 4542 astate
665 4486 912 4554 integra,
961 4492 1018 4538 et
1063 4482 1275 4538 viribus
1319 4479 1566 4549 corporis
1609 4470 2030 4536 valentissimis,

2135 4501 2258 4540 eum
2320 4483 2501 4554 poenis
2534 4483 2826 4548 affecisset,
2865 4483 3195 4552 exspiraret,
3231 4490 3394 4550 atque
3419 4481 3524 4536 hoc
3555 4481 3720 4536 modo

453 4575 669 4631 vivendi
703 4577 866 4630 tinem
897 4573 1100 4640 facere,
1133 4579 1188 4627 et
1221 4580 1350 4627 ante
1379 4567 1740 4639 praestitutam
1773 4563 1880 4620 sibi
1910 4562 2034 4618 vitae
2065 4587 2110 4640 ι)
2139 4591 2236 4647 spe
2288 4577 2465 4646 ipsum
2520 4576 2762 4630 maxima
2813 4574 3147 4629 daal-hami,
3202 4571 3486 4642 Siquidem
3525 4572 3720 4627 οιίειε-

451 4672 636 4737 diem,
685 4669 756 4724 de
808 4668 920 4723 vita
957 4667 1096 4722 velle
1149 4666 1433 4720 decedere.
1491 4661 1708 4726 Fateor,
1759 4659 1902 4730 viget
1947 4656 2038 4712 ille

455 4763 679 4833 quidem
705 4770 886 4821 aetate.
913 4759 1008 4815 sed
1041 4758 1152 4814 Deo
1173 4759 1342 4828 viget,
1373 4755 1518 4811 unde
1543 4763 1599 4810 et
1621 4755 1862 4825 vigorem
1883 4750 2036 4804 illum

457 4853 674 4923 accepit
712 4870 727 4906 :
763 4851 910 4920 viget
949 4850 1094 4904 item.
1117 4849 1350 4910 viribus,
1383 4845 1478 4902 sed
1509 4845 1616 4900 hoc
1648 4855 1868 4913 quoque
1901 4840 2041 4893 inter

463 4961 552 5002 res
575 4945 816 5000 maxime
847 4941 1153 4998 laudabiles
1183 4948 1290 5003 est,
1317 4953 1440 5008 qua:
1462 4945 1621 4994 aetate
1651 4943 1780 4992 sunt
1807 4933 2038 5002 integra,

459 5049 516 5096 et
543 5039 757 5094 viribus
789 5037 986 5098 firmis,
1013 5050 1076 5090 ea
1105 5033 1185 5088 illi
1211 5032 1430 5098 oﬂ‘erre,
1461 5031 1548 5088 cui
1576 5039 1734 5084 vetus
1761 5029 1926 5082 etiam
1957 5023 2042 5079 lex

457 5139 668 5201 gratam
693 5129 970 5185 victimam
993 5127 1172 5190 offert,
1211 5123 1441 5180 vitulum
1479 5121 1776 5184 novellum,
1800 5125 1857 5174 et
1881 5125 2040 5172 aetate

461 5225 743 5278 ilorrntem
767 5261 786 5288 ,
829 5218 1091 5276 cornibus
1131 5231 1282 5272 nunc
1311 5213 1606 5285 primulum
1641 5227 1700 5268 se
1735 5209 1884 5266 foras
1925 5216 2038 5262 tru-

460 5313 740 5379 dentibus,
763 5323 820 5368 et
839 5310 1060 5383 ungulis
1079 5311 1362 5366 decorum.
1387 5305 1536 5362 Talis
1553 5304 1718 5360 etiam
1751 5304 2041 5365 Samonas,

465 5407 560 5462 tali
609 5407 778 5462 etiant
815 5405 1070 5462 similiter
1105 5401 1448 5466 immoletur,
1485 5396 1700 5452 ﬂorenti
1743 5395 2042 5450 etiamnum

463 5507 646 5562 aetate,
697 5508 766 5558 et.
799 5498 993 5554 nitenti
1029 5496 1167 5551 facie
1206 5511 1221 5548 :
1265 5509 1374 5548 non
1403 5501 1582 5546 autem
1615 5489 1670 5544 in
1709 5495 2044 5544 senectutem

461 5593 576 5660 jam
604 5599 878 5660 vergente.
908 5603 976 5644 ue
1005 5587 1242 5643 fortasse
1277 5583 1428 5655 rugis
1465 5585 1628 5637 etiam
1661 5577 2044 5634 insidiantium

470 5683 632 5738 nobis
684 5695 956 5737 annorum
1003 5686 1324 5748 corruptus,
1359 5675 1594 5730 victimae
1626 5670 1776 5726 vitiet
1823 5667 2047 5739 intcgti-

469 5761 658 5830 tatem.
691 5777 792 5832 l-lis
819 5774 1044 5836 auditis,
1077 5781 1294 5828 astutus
1321 5770 1412 5826 ille
1441 5783 1508 5824 ac
1537 5775 1828 5832 veterator,
1865 5761 2049 5818 confe-

465 5869 596 5926 stim
629 5883 806 5939 spem,
847 5882 1010 5939 quant
1043 5873 1402 5934 conceperat,
1431 5859 1636 5916 amisit.
1677 5855 2044 5928 Quamobrem

2143 4669 2336 4724 malint
2393 4683 2452 4724 se
2497 4668 2647 4722 illum
2681 4671 2907 4723 omnino
2957 4666 3255 4736 aliquando
3309 4673 3612 4730 tentatum,
3663 4665 3720 4720 itt

2141 4769 2462 4832 potestatem
2493 4775 2650 4816 suam
2681 4761 3054 4822 redacturum,
3080 4757 3282 4828 quippe
3315 4765 3412 4812 aut
3443 4755 3722 4812 blanditiis

2141 4852 2448 4907 emollitum
2491 4861 2584 4905 aut
2623 4851 2914 4906 tormentis
2943 4849 3176 4904 fractum
3219 4849 3288 4903 iri
3318 4848 3534 4902 animos
3563 4847 3682 4916 ejus
3703 4887 3720 4910 ,

2143 4953 2238 4999 aut
2263 4945 2500 5014 denique
2531 4944 2647 4999 fore
2701 4954 2780 5007 ut,
2817 4959 2944 5000 cum
2971 4944 3197 5008 videret,
3229 4943 3431 5014 quibus
3465 4942 3556 4996 alii
3595 4955 3724 4996 cru-

2143 5036 2381 5092 ciatibus
2397 5036 2761 5098 afﬁcerentur,
2789 5036 2970 5091 alieno
2987 5035 3232 5104 periculo
3249 5035 3506 5096 disceret,
3527 5047 3724 5102 quent-

2145 5125 2440 5180 adntodum
2487 5141 2584 5180 eos
2631 5126 2768 5194 ipse,
2821 5123 3082 5178 mutanda
3149 5125 3419 5179 sententia
3475 5137 3597 5185 sua,
3628 5121 3726 5178 de-

2145 5217 2392 5273 clinaret.
2438 5217 2634 5271 Verrunt
2679 5216 3012 5280 Samonam,
3051 5215 3198 5286 quod
3225 5231 3352 5272 eum
3383 5224 3438 5270 et
3465 5217 3721 5285 juvenem

2147 5307 2376 5372 videret,
2423 5319 2480 5362 et
2515 5310 2822 5370 robustum,
2877 5315 3150 5362 tormento
3191 5305 3374 5360 denuo
3413 5302 3724 5372 aggreditur

2145 5399 2418 5456 atrociore
2457 5399 2648 5468 longe,
2701 5389 2758 5453 et
2804 5413 2970 5468 supra
3015 5412 3182 5468 quam
3231 5395 3340 5452 diei
3381 5392 3724 5465 cogitarique

2147 5489 2342 5560 possit,
2391 5490 2622 5558 majore,
2667 5503 2833 5558 quam
2873 5497 3056 5544 antea.
3095 5485 3232 5542 Nam
3269 5499 3336 5542 ex
3377 5485 3550 5542 altero
3589 5483 3727 5556 pede

2147 5581 2432 5651 capiteque
2453 5595 2579 5638 eum
2605 5581 2898 5638 sublimem
2921 5589 3208 5646 statutum,
3231 5579 3470 5648 pondere
3491 5575 3724 5630 alterum

2149 5671 2278 5728 ferri
2309 5673 2616 5729 incredibili
2647 5673 2702 5729 itt
2731 5672 3008 5728 diversum
3035 5669 3270 5727 distrahi
3297 5668 3496 5738 jussit,
3523 5666 3728 5737 quippe

2147 5765 2236 5822 cui
2266 5777 2476 5822 certum
2505 5773 2685 5830 esset,
2737 5765 2892 5820 illum
2925 5779 3154 5834 prorsus
3198 5764 3304 5818 hoc
3340 5760 3504 5816 modo
3531 5773 3728 5828 quam-

2151 5858 2386 5932 primum
2421 5857 2558 5916 velle
2613 5857 2946 5928 discerpere.
2989 5854 3066 5912 Ex
3117 5871 3228 5926 quo
3274 5852 3494 5926 quidem
3523 5850 3728 5908 laetum
