4164 6410
577 396 691 461 ’195

1396 399 1726 462 ΑΒΕΤΙΙᾹΞ
1765 397 2146 462 ΟᾸΞΒΑΠΕΕ
2183 397 2674 460 CAPPADOCUE
2712 396 3056 459 EPISCOPI

3731 397 3840 464 796

582 514 689 567 est.
746 513 804 559 ut
853 506 1034 560 laxata
1094 505 1409 562 coxendicis
1453 508 1731 577 iunctura,
1791 510 2020 566 claudus
2070 510 2161 564 ille
2189 515 2236 572 Α
2264 508 2387 579 gius
2411 506 2776 571 munerarius,
2810 519 3051 577 suosque
3075 503 3311 562 athletas
3338 504 3392 561 in
3420 505 3640 562 sternis
3668 509 3846 564 taber-

585 607 774 668 postea
812 614 921 651 non
951 599 1071 653 sine
1104 613 1270 654 causa
1305 603 1654 658 remanserit.

659 688 819 743 XVII.
852 689 958 744 Sed
989 704 1112 744 cum
1162 691 1277 747 hac
1312 708 1535 762 quoque
1581 693 1683 747 viri
1734 692 2020 749 fortissimi
2066 708 2166 763 pro

588 780 761 835 nihilo
793 780 1133 845 habuissent,
1161 796 1493 854 omnemque
1516 783 1565 839 ei
1595 785 1811 855 penitus
1838 799 1992 855 spem
2023 800 2166 855 pra:-

586 872 869 935 cidiasent,
903 872 1022 927 fore
1050 880 1109 927 ut
1147 874 1219 929 ab
1250 889 1318 930 eo
1348 890 1590 946 unquam
1621 876 1768 933 vinci
1807 877 2168 948 superarique

590 972 834 1031 possent,
875 964 1058 1019 denuo
1102 980 1199 1023 eos
1240 966 1333 1023 ille
1362 967 1417 1023 in
1464 968 1770 1025 custodiam
1806 970 2113 1040 compingit
2149 988 2164 1024 :

587 1056 679 1108 ubi
711 1070 837 1108 cum
882 1057 1202 1127 aliquandiu
1245 1062 1713 1130 permansissent,
1761 1070 1947 1132 posma
2008 1071 2169 1117 nocte

587 1146 912 1216 intempesta
951 1148 1018 1204 iis
1048 1160 1212 1220 caput
1238 1153 1542 1222 amputari,
1577 1163 1637 1209 ut
1668 1154 1770 1209 hoc
1799 1154 1963 1209 modo
1994 1154 2164 1209 vitam

585 1237 978 1308 relinquerent,
1018 1240 1193 1310 jubet.
1225 1244 1403 1299 Proh!
1449 1255 1672 1316 quanta:
1719 1246 1992 1302 sententia
2052 1246 2169 1301 bare

585 1329 788 1385 laetitiae
823 1333 1155 1404 martyribus
1208 1334 1347 1402 fuit,
1380 1351 1485 1390 non
1517 1336 1738 1408 quidem
1771 1338 1842 1392 ob
1869 1352 1989 1392 eam
2032 1353 2167 1392 cau-

587 1438 727 1489 sam,
767 1427 912 1494 quod
969 1426 1215 1481 viderent
1249 1427 1350 1483 hoc
1388 1428 1550 1483 modo
1604 1430 1827 1484 allatum
1888 1430 1952 1484 iri
2001 1430 2164 1485 linem

585 1514 1003 1579 acerbitatibus,
1036 1525 1199 1585 atque
1233 1517 1495 1573 aerumnis
1531 1519 1649 1574 suis
1678 1519 1959 1583 omnibus,
1998 1534 2168 1590 seque

586 1611 850 1673 tanquam
887 1621 953 1659 cx
994 1605 1291 1675 iactatione
1323 1618 1379 1662 et
1411 1606 1766 1665 fluctuatione
1798 1610 2033 1680 quadam
2074 1625 2168 1679 pe-

590 1696 747 1750 renni
792 1697 846 1751 in
893 1707 1085 1768 portus
1128 1701 1474 1770 tranquillos‘
1506 1709 1835 1771 pacatosque
1870 1710 2170 1773 perventu-

588 1801 681 1841 ros
712 1805 725 1841 :
756 1790 848 1842 sed
884 1789 1030 1859 quod
1076 1790 1178 1845 iter
1212 1790 1345 1845 illud
1383 1790 1609 1857 inirent,
1645 1791 1789 1846 unde
1827 1806 1952 1845 mox
1982 1800 2168 1846 essent

2271 599 2483 654 nacttlis
2511 599 2767 653 collocat.

2339 689 2458 744 XX.
2492 689 2598 744 Sed
2624 705 2747 759 quae
2789 698 2921 744 suat
2959 688 3113 745 haec?
3144 704 3338 761 nempe
3382 689 3476 745 ubi
3503 692 3651 761 quod
3687 707 3845 747 suum

2266 792 2350 837 cat
2377 782 2576 853 cuique
2610 782 2895 852 przcmium
2917 825 2930 841 .
2965 798 3067 853 pro
3098 785 3298 839 merito
3334 785 3614 849 tribuitur,
3656 794 3711 839 et
3743 802 3844 841 cu-

2264 870 2512 941 iusmodi
2563 872 2691 935 hoc,
2731 872 2875 927 scire
2927 870 3165 926 fortasse
3212 872 3515 928 desideras.
3568 872 3846 941 Eiusmodi

2268 965 2554 1032 nimirum,
2584 965 2673 1020 cui
2702 964 2886 1020 simile
2918 964 3125 1019 nullum
3162 974 3271 1019 tam
3318 974 3444 1020 ante
3471 965 3644 1034 legem
3684 980 3845 1034 quam

2271 1058 2324 1111 in
2375 1058 2492 1125 lege
2542 1058 2669 1128 quis
2724 1057 2899 1127 possit
2951 1057 3266 1113 ostendere.
3315 1056 3421 1122 Qui
3471 1058 3615 1111 hoc?
3659 1073 3849 1127 nempe

2268 1154 2414 1219 quod
2442 1152 2526 1205 bis
2557 1165 2751 1206 eorum
2790 1165 2951 1205 nemo
2976 1164 3075 1219 par
3097 1151 3225 1213 ruit,
3254 1149 3401 1219 quod
3432 1164 3497 1203 ex
3530 1148 3598 1203 iis
3624 1148 3849 1218 quilibet

2270 1241 2433 1313 longo
2478 1243 2547 1296 ab
2582 1242 2665 1297 his
2709 1241 2998 1297 intervallo
3041 1251 3412 1309 superaretur.
3452 1239 3731 1310 Siquidem
3766 1240 3848 1292 in-

2270 1335 2475 1391 stitutis
2506 1335 2721 1390 vivendi
2759 1335 2957 1390 veteris
2989 1335 3127 1404 legis
3168 1333 3564 1404 pmstabiliora
3602 1341 3846 1393 sunt-ea,

2266 1442 2392 1497 qua:
2424 1436 2554 1481 sunt
2593 1428 2897 1483 secundum
2940 1427 3219 1483 Christum
3264 1443 3278 1480 :
3309 1441 3374 1481 ex
3411 1426 3479 1481 iis
3510 1433 3716 1490 autem,
3754 1424 3847 1494 qui

2270 1527 2393 1588 post
2430 1520 2710 1574 Christum
2752 1519 2935 1585 fuere,
2968 1520 3103 1574 nulli
3138 1518 3307 1573 videri
3354 1519 3570 1587 possint
3600 1517 3846 1582 secundi,

2267 1608 2469 1677 quippe
2528 1609 2623 1679 qui
2683 1608 2825 1663 inter
2855 1616 3145 1679 martyres,
3196 1617 3467 1677 martyres
3510 1615 3658 1668 sunt,
3710 1606 3848 1660 inter

2269 1701 2571 1755 monachos
2599 1701 2881 1766 monachi,
2905 1700 3048 1755 inter
3068 1700 3394 1755 sacerdotali
3421 1699 3689 1769 dignitate
3711 1714 3847 1767 prae-

2268 1791 2411 1846 ditos
2474 1791 2832 1847 sacerdotalis
2893 1791 3180 1862 dignitatis
3233 1791 3544 1861 participes.
3607 1788 3745 1843 Nam
3798 1798 3849 1843 ct

588 1895 711 1934 cum
752 1880 970 1937 Christo
1025 1881 1220 1948 futuri,
1272 1883 1495 1955 quicum
1536 1884 1701 1940 etiam
1765 1883 2074 1939 certissime
2108 1899 2166 1939 se
2200 1869 2242 1928 Β
2269 1894 2569 1948 certarunt,
2610 1894 2665 1939 et
2702 1893 2829 1939 ante
2859 1893 3175 1954 susceptum
3209 1894 3488 1938 certamen
3522 1892 3748 1939 strenue
3794 1898 3850 1938 se

589 1981 915 2043 rcgnaturos
959 1975 1274 2043 sperabant,
1318 1976 1780 2047 quemadmodum
1818 1976 1966 2031 illius
2002 1975 2169 2030 etiam

590 2063 645 2116 in
705 2064 949 2119 adversis
998 2064 1239 2121 ferendis
1284 2066 1512 2138 vestigia
1551 2066 1769 2122 fuerant
1814 2067 2032 2121 imitati.
2091 2066 2171 2123 Ac

587 2154 768 2210 Guriae
821 2157 1040 2226 quidem
1083 2168 1138 2212 et
1185 2156 1441 2213 Samonre
1491 2167 1769 2216 certamen
1804 2159 2169 2229 victoriaque,

588 2246 714 2301 talia
742 2262 806 2301 ac
835 2255 943 2301 tam
979 2247 1216 2320 insignia
1247 2250 1420 2307 fuere.

656 2378 847 2437 XVIII.
894 2380 1065 2447 Quale
1096 2399 1226 2439 vero
1252 2384 1417 2439 etiam
1443 2383 1656 2439 Abibus
1693 2384 1931 2439 stadium
1970 2400 2170 2439 cucur~

584 2475 738 2539 rerit,
794 2484 1012 2543 tempus
1051 2486 1155 2541 est,
1207 2487 1267 2533 ut
1320 2493 1469 2533 nunc
1507 2493 1866 2548 exponamus.
1915 2477 2170 2533 Iiic’cum

584 2559 729 2614 inter
764 2562 1049 2619 ministros
1092 2565 1296 2620 Christi
1342 2569 1733 2638 mysteriorum
1771 2584 1913 2623 unus
1951 2569 2173 2624 habere-

585 2660 698 2716 tur,
724 2661 781 2705 et
807 2654 919 2721 pari
946 2668 1072 2708 cum
1102 2655 1168 2709 iis
1194 2658 1523 2722 rusticitate,
1557 2659 1651 2727 qui
1686 2670 1811 2713 aute
1836 2661 2013 2729 ipsum
2041 2673 2172 2713 ceu-

585 2744 848 2799 summati
877 2744 1123 2813 fuerant,
1160 2746 1418 2813 ferretur,
1463 2750 1768 2804 insimulari
1814 2751 1953 2820 apud
1985 2766 2171 2820 perse-

584 2848 808 2892 cutores
829 2849 1163 2909 cmptusest,
1187 2842 1333 2911 quod
1360 2843 1565 2907 multis,
1591 2844 1681 2912 qui
1710 2845 1843 2897 salvi
1870 2845 2077 2898 fierent.
2107 2859 2168 2898 ea

586 2928 953 2996 ministraret,
1000 2948 1123 3001 qua:
1154 2933 1223 2987 ad
1268 2933 1510 3003 ipsorum
1542 2935 1772 2989 salutent
1815 2936 2167 3004 pertinerent.

584 3020 823 3086 Quando
872 3021 1214 3079 Diocletiano
1269 3028 1467 3080 merito
1516 3042 1581 3080 ex
1640 3026 1790 3080 fatali
1843 3028 2171 3081 necessitate

589 3116 695 3166 vita
724 3112 837 3182 iam
875 3115 1080 3183 functo,
1117 3118 1183 3181 is,
1216 3118 1308 3187 qui
1335 3118 1625 3174 adversum
1662 3134 1761 3174 nos
1792 3120 2169 3186 exercebatur,

587 3205 744 3260 furor
785 3207 853 3263 ad
915 3208 1189 3264 Licinium
1241 3210 1523 3281 delapsus,
1570 3213 1737 3267 veluti
1795 3212 1931 3268 diris
1975 3213 2170 3266 devota
2199 3214 2241 3272 C

585 3299 834 3369 quaedam
893 3301 1221 3369 han-editas,
1270 3305 1341 3360 ab
1395 3305 1488 3360 illo
1548 3307 1616 3361 ad
1672 3308 1817 3361 hunc
1869 3306 2169 3361 miserabili

584 3394 799 3464 imperii
844 3399 1024 3466 specie
1070 3399 1407 3471 impegisset.
1447 3402 1716 3457 Cteterum
1753 3402 2015 3472 quoniam
2073 3402 2172 3455 ho-

585 3487 829 3543 minibus
890 3504 1054 3545 sensu
1120 3494 1435 3547 carentibus
1501 3494 1785 3549 tolerabile
1836 3494 2006 3548 videri
2060 3509 2167 3546 nun

583 3591 817 3648 poterat,
851 3582 897 3638 si
935 3583 988 3637 in
1020 3585 1210 3639 eodem
1240 3603 1367 3641 cum
1409 3588 1629 3657 pietatis
1661 3588 1967 3642 cultoribus
2010 3601 2171 3656 grege

584 3686 1029 3741 numerarentur,
1064 3678 1132 3731 ab
1172 3679 1238 3732 iis
1282 3680 1467 3733 denuo
1507 3682 1816 3749 persecutio
1854 3682 2120 3735 excitatur
2153 3696 2167 3733 :

584 3767 683 3821 sed
734 3766 787 3820 in
833 3782 1001 3820 unum
1035 3767 1269 3823 Abibum
1310 3778 1420 3823 tcta
1467 3771 1695 3839 periculi
1744 3770 1919 3825 moles
1953 3770 2168 3823 incum-

524 3910 529 3917 ,
589 3858 770 3924 bcbat,
800 3859 959 3929 cuius
982 3863 1315 3932 expugnatio
1342 3862 1567 3933 perinde
1602 3862 1782 3917 futura
1815 3862 1994 3931 impiis
2027 3870 2165 3926 erat,

587 3965 653 4003 ac
716 3951 760 4004 si
820 3961 1049 4008 cunctos
1110 3954 1313 4024 pariter
1385 3954 1633 4010 funditus
1695 3956 2041 4011 Christianos
2070 3956 2167 4011 dc-

588 4042 864 4098 levisscnt.

660 4176 802 4234 XIX.
838 4177 1054 4249 Ubique
1084 4182 1456 4252 vcstigabatur
1487 4184 1696 4239 Abibns
1732 4200 1829 4254 per
1859 4185 1977 4238 loca
2019 4184 2172 4238 babi-

588 4271 775 4332 tabilia
825 4272 1347 4344 inhabitabiliaque,
1405 4291 1505 4330 nec
1537 4286 1718 4331 tamen
1756 4292 1988 4345 usquam
2019 4291 2171 4345 repe-

586 4361 698 4423 rire
759 4362 913 4416 illum
974 4374 1231 4433 poterant
1281 4367 1533 4423 homines
1588 4369 1751 4423 vafri.
1810 4368 1992 4436 Itaque
2043 4382 2167 4422 eum

586 4456 960 4525 perquirendo
1000 4457 1150 4522 fessi,
1185 4475 1337 4529 spem
1378 4460 1492 4530 iam
1541 4462 1738 4532 praeda:
1768 4478 1987 4518 omnem
2020 4460 2172 4530 abie-

2272 1975 2326 2029 in
2362 1974 2579 2046 pietatis
2605 1974 2821 2031 cultura
2854 1990 3097 2045 gessere,
3146 1986 3200 2030 et
3251 1976 3393 2030 sacri
3443 1974 3676 2039 ordinis,
3723 1990 3847 2044 pro-

2272 2076 2454 2135 pterea
2495 2066 2641 2136 quod
2683 2066 2895 2121 Abibus
2926 2066 3198 2121 diacOnus
3246 2077 3429 2132 esset,
3460 2081 3653 2119 otnnes
3703 2064 3851 2118 luere

2270 2167 2575 2214 consortes.
2609 2155 2891 2225 Siquidem
2934 2156 2989 2210 in
3022 2156 3285 2211 societate
3313 2171 3436 2226 quae
3459 2170 3651 2209 eorum
3686 2153 3846 2223 quis-

2273 2265 2382 2320 que
2439 2250 2625 2311 habet,
2662 2265 2726 2305 ea
2756 2249 3133 2304 communicat
3164 2247 3348 2310 alteri,
3394 2255 3450 2301 et
3488 2246 3699 2300 mutuis
3737 2244 3851 2299 olli-

2270 2342 2372 2397 ciis
2420 2341 2620 2412 singuli
2666 2340 2790 2410 eius
2824 2342 2903 2396 rei
2947 2339 3248 2411 participes
3282 2339 3439 2403 fiqu,
3491 2338 3544 2391 in
3575 2352 3681 2407 qua
3715 2337 3851 2390 alter

2268 2433 2505 2488 excellit.
2559 2432 2824 2499 Quinimo
2872 2433 2987 2503 (sed
3034 2432 3274 2487 fortasse
3319 2430 3481 2484 alicui
3532 2428 3739 2483 nimius
3772 2428 3850 2482 vi-

2270 2524 2475 2593 debor)
2511 2524 2558 2580 si
2587 2539 2712 2579 cum
2758 2524 2825 2579 iis
2846 2564 2861 2590 ,
2894 2538 3019 2595 quae
3049 2522 3352 2579 secundum
3386 2521 3666 2577 Christum
3701 2530 3848 2581 sunt,

2272 2618 2626 2674 conferantur
2675 2616 3112 2671 animadvertere
3166 2614 3325 2669 facile
3366 2613 3692 2683 poterimus,
3731 2610 3853 2681 qui-

2274 2712 2502 2766 busdam
2529 2711 2581 2765 in
2606 2711 2771 2765 rebus
2799 2723 2894 2765 eos
2920 2709 3232 2779 superiores
3267 2707 3534 2762 exsistere
3600 2724 3616 2759 :
3652 2715 3852 2775 marty-

2272 2802 2426 2857 ribus
2475 2802 2719 2873 quidem,
2780 2802 2864 2855 via
2907 2808 3036 2856 ante
3098 2800 3421 2871 martyrium
3472 2797 3782 2852 monachali
3834 2813 3848 2849 :

2272 2895 2555 2950 monachis
2581 2910 2728 2960 vero,
2759 2894 3026 2965 martyrio
3060 2912 3073 2947 :
3109 2891 3439 2963 martyribus
3475 2904 3722 2953 rursum,
3760 2887 3851 2957 qui

2274 2988 2327 3042 in
2358 2988 2689 3043 militaribus
2727 2997 2825 3043 aut
2870 2986 3130 3043 civilibus
3171 3000 3232 3041 se
3264 2984 3585 3039 muneribus
3619 2998 3853 3052 occupa-

2270 3090 2428 3139 rent.
2474 3094 2575 3143 eo,
2627 3080 2718 3149 qui
2775 3096 2839 3135 ex
2903 3078 3235 3149 sacerdotali
3293 3077 3559 3146 dignitate
3593 3075 3854 3145 splendor

2274 3171 2513 3243 effulget.
2588 3171 2737 3227 Talis
2791 3172 2967 3227 beatis
3024 3172 3155 3226 viris
3212 3185 3410 3225 cursus
3477 3168 3607 3233 fuit,
3666 3176 3854 3223 tantus

2277 3265 2432 3318 labor
2474 3284 2486 3318 :
2535 3264 2850 3334 huiusmodi
2902 3264 2955 3318 in
2990 3264 3149 3318 terris
3176 3263 3503 3332 periculum,
3537 3258 3853 3330 huiusmodi

2275 3358 2496 3429 praemia
2527 3358 3010 3413 celeberrimorum
3039 3358 3233 3411 horum
3267 3356 3537 3409 laborum.

2347 3452 2488 3507 XXI.
2521 3452 2666 3506 Inter
2690 3466 2813 3522 quae
2842 3450 2975 3504 illud
3002 3464 3224 3519 quoque
3254 3448 3407 3503 nullo
3441 3447 3605 3503 modo
3633 3445 3855 3502 silentio

2276 3545 2735 3616 praetereundum,
2767 3543 2837 3599 de
2884 3543 3085 3613 puella,
3125 3542 3271 3613 quod
3311 3550 3531 3611 propter
3563 3540 3641 3594 rei
3678 3538 3854 3593 admi-

2278 3638 2604 3693 rabilitatem
2636 3651 2853 3693 omnem
2884 3636 3275 3707 propemodum
3316 3635 3476 3689 fidem
3536 3641 3853 3702 exsuperat.

2278 3729 2478 3784 Vivens
2509 3744 2746 3799 namque
2777 3729 2913 3791 lucc,
2963 3743 3088 3781 cum
3125 3726 3195 3780 ab
3229 3725 3507 3780 sceleratis
3538 3723 3854 3778 hominibus

2279 3822 2332 3876 in
2382 3821 2692 3891 sepulcrum
2744 3834 2936 3876 recens
2984 3819 3344 3874 cadaveribus
3398 3817 3655 3887 plenum,
3712 3824 3857 3869 esset

2278 3912 2516 3980 deiecta,
2546 3911 2602 3965 ln
2653 3912 2879 3981 regione
2910 3911 3164 3976 barbara,
3201 3920 3367 3978 atque
3404 3924 3434 3962 a
3467 3908 3640 3977 patria
3685 3906 3856 3976 ipsius

2279 4004 2438 4073 longe
2501 4003 2873 4059 remotissima
2933 4019 2947 4055 :
3018 4002 3109 4056 ubi
3174 4010 3493 4055 sanctorum
3553 4008 3854 4070 martyrum

2278 4096 2439 4150 tidem
2493 4096 2751 4173 precibus
2818 4094 3165 4165 imploravit,
3244 4108 3479 4160 quorum
3534 4092 3701 4145 etiam
3758 4104 3858 4159 ope

2281 4186 2455 4251 freta,
2487 4187 2705 4257 longam
2761 4185 2901 4240 adeo
2953 4185 3452 4255 peregrinationem
3500 4190 3855 4252 susceperat,

2280 4276 2588 4331 certissime
2612 4275 2756 4345 quod
2786 4284 3154 4341 exspectat-at,
3176 4284 3473 4329 consecuta
3500 4283 3600 4329 est.
3622 4272 3858 4344 Vespere

2278 4369 2424 4421 enim
2471 4384 2597 4422 cum
2632 4369 2686 4422 in
2735 4382 2950 4422 summa
2991 4367 3167 4437 posita
3201 4376 3349 4422 esset
3387 4364 3773 4434 desperatione
3806 4371 3858 4416 et

2278 4461 2427 4528 fletu,
2476 4462 2614 4517 bene
2648 4476 2810 4516 mane
2836 4461 3047 4531 patriae,
3079 4460 3262 4527 matri,
3298 4458 3505 4513 tumulo
3541 4467 3856 4513 sanctorum

584 4548 815 4613 cissent,
867 4550 1005 4618 ipse,
1047 4565 1211 4619 quem
1251 4552 1686 4617 insectabantur,
1737 4554 1883 4609 ultro
1933 4570 1994 4608 se
2023 4569 2171 4621 qua:-
2204 4577 2247 4633 ι)
2278 4570 2402 4609 cum
2434 4554 2615 4609 laetitia
2652 4555 2902 4608 restituta
2950 4564 3055 4619 est,
3103 4552 3425 4607 mirabiliter
3454 4551 3651 4605 educta
3681 4550 3751 4603 de
3776 4564 3859 4603 se-

588 4639 835 4695 rentibus
854 4641 1099 4705 exhibet,
1132 4654 1298 4712 atque
1336 4644 1402 4698 ad
1435 4645 1676 4715 iudicem
1716 4646 2106 4708 introducitur,
2136 4659 2168 4698 a

586 4746 721 4800 quo,
761 4733 1021 4801 quoniam
1052 4734 1273 4790 difﬁcile
1303 4737 1609 4803 videbatur,
1638 4752 1763 4792 cum
1804 4739 1952 4792 dicto
1985 4737 2172 4806 aliquo

589 4822 906 4880 factoveab
951 4834 1097 4880 certa
1150 4841 1252 4883 sua
1300 4828 1368 4882 de
1407 4844 1540 4884 sana
1592 4829 1856 4899 religione
1901 4830 2171 4884 sententia

587 4913 888 4979 dimoveri,
947 4931 1043 4985 per
1094 4917 1274 4989 ignem
1332 4920 1398 4973 ad
1458 4935 1621 4982 eum,
1675 4920 1836 4989 cuius
1896 4920 2173 4974 desiderio

588 5007 1097 5078 mstualtagignittts
1126 5018 1341 5066 amator
1362 5011 1655 5066 dimittitur
1689 5028 1703 5066 :
1760 5021 1926 5082 atque
1968 5014 2041 5067 ita
2084 5012 2172 5078 iis,

589 5100 682 5170 qui
725 5115 851 5156 eum
922 5113 1373 5166 antecesserant,
1423 5104 1759 5174 martyribus
1810 5106 1994 5171 datur,
2043 5121 2176 5160 con-

590 5206 823 5260 sorsque
875 5195 1113 5263 sepulcri
1153 5210 1348 5250 eorum
1398 5196 1651 5263 eilicitur,
1703 5198 2170 5267 quemadmodum

587 5285 754 5339 etiam
788 5286 1038 5342 laborum
1073 5299 1127 5343 et
1162 5289 1352 5360 gloria:
1394 5299 1524 5345 ante
1562 5292 1617 5346 in
1650 5302 1956 5347 mercatura
1989 5293 2177 5350 socius

592 5376 792 5441 fuerat.
816 5378 1088 5445 Quoniam
1116 5382 1282 5437 etiam
1302 5382 1471 5439 simili
1504 5384 1666 5440 modo
1693 5385 1946 5441 vicerunt
1975 5384 2177 5455 princi-

592 5480 757 5540 patus
817 5472 1062 5542 pestiferi
1124 5474 1426 5541 damonis,
1484 5486 1819 5547 superarunt
1876 5485 2176 5548 potestates

595 5563 786 5618 mundi
820 5565 1008 5634 huius,
1039 5565 1320 5636 coniuncti
1351 5580 1481 5625 sunt
1514 5585 1642 5625 cum
1679 5569 1911 5641 angelis,
1940 5571 2176 5626 transie-

596 5670 726 5711 runt
761 5657 828 5713 ad
854 5659 1173 5715 certaminis
1203 5662 1472 5716 arbitrum
1508 5661 1813 5729 Christum,
1854 5661 2057 5718 sudore
2086 5662 2179 5718 ad-

600 5747 705 5801 huc
758 5751 1135 5820 sanguineque
1176 5753 1249 5807 ob
1297 5755 1596 5809 cxltaustos
1631 5755 1699 5815 ,‘in
1736 5754 1916 5810 stadio
1964 5756 2178 5813 labores

592 5841 1010 5911 certamiaaque
1034 5846 1334 5913 tundentes,
1360 5848 1588 5919 porrigit
1613 5848 1693 5905 eis
1714 5849 1994 5907 dexteram
2032 5866 2178 5923 agre-

2275 4648 2485 4718 pulcro,
2523 4655 2712 4716 utpote
2732 4661 2857 4716 quae
2880 4660 2910 4699 a
2932 4645 3470 4700 circumsedentibus
3502 4643 3634 4697 illud
3672 4650 3856 4697 custo-

2271 4741 2435 4795 dibus
2474 4739 2645 4794 videri
2693 4738 3029 4808 nequiverit,
3065 4737 3390 4791 admiranda
3446 4736 3684 4806 quadam
3719 4734 3857 4790 cele-

2273 4834 2435 4887 ritate
2483 4832 2552 4885 ab
2614 4830 2682 4885 iis
2741 4828 2868 4883 inde
2907 4837 3207 4898 asportata.
3271 4828 3552 4898 Siquidem
3604 4828 3744 4881 albis
3784 4826 3857 4879 illi

2274 4926 2410 4981 vecti
2468 4924 2627 4993 equis
2676 4923 2733 4994 (ο
2771 4923 2967 4976 miram
3006 4931 3328 4977 sanctorum
3382 4921 3441 4975 in
3486 4921 3709 4975 ferenda
3758 4933 3858 4988 ope

2273 5016 2759 5090 promptitudinem
2808 5024 2972 5085 atque
3018 5014 3415 5083 celeritatem!)
3446 5028 3571 5068 cum
3625 5013 3854 5083 puellam

2275 5110 2658 5181 appellassent,
2690 5118 2852 5180 atque
2882 5111 2937 5165 in
2962 5124 3136 5180 equos
3167 5108 3544 5167 sustulissent.
3574 5122 3695 5160 eam
3722 5107 3855 5159 intra

2220 5230 2227 5234 -
2274 5204 2561 5260 delubrum
2620 5218 2781 5260 suum
2832 5203 3102 5265 intulere,
3162 5201 3305 5256 unde
3353 5201 3521 5255 etiam
3569 5198 3855 5253 scelestum

2275 5298 2438 5369 paulo
2496 5307 2623 5353 ante
2675 5298 2856 5351 virum
2911 5296 3367 5361 assectabantur,
3397 5294 3630 5347 vadibus
3684 5292 3755 5347 iis
3791 5289 3858 5343 ab

2276 5406 2343 5444 eo
2371 5390 2610 5460 acceptis
2635 5410 2648 5443 :
2677 5389 2770 5459 qui
2796 5388 2933 5454 dati,
2967 5388 3315 5443 sanctissime
3339 5385 3859 5456 religiosissimcque

2277 5483 2459 5537 datam
2505 5482 2664 5536 iidem
2693 5490 3001 5547 servarunt,
3042 5489 3097 5536 et
3130 5480 3255 5534 huic
3282 5480 3537 5542 salutem,
3570 5487 3624 5531 et
3652 5477 3726 5531 illi
3764 5475 3853 5545 qui

2279 5574 2437 5629 fidem
2465 5574 2785 5639 violarent,
2815 5577 3071 5628 meritum
3115 5572 3279 5643 paulo
3312 5581 3435 5641 post
3467 5570 3693 5623 exitium
3722 5578 3857 5622 attu-

2280 5669 2481 5723 lerunt.
2522 5666 2566 5721 0
2596 5676 2902 5723 servatores
2928 5667 3136 5720 celeres
3190 5663 3575 5733 expeditique!
3625 5664 3666 5713 υ
3700 5659 3851 5713 tidem

2281 5770 2517 5817 vestram
2566 5761 2977 5832 implorantium
3050 5760 3335 5829 adiutores
3385 5756 3593 5811 strenui
3652 5752 3854 5808 invicti-

2282 5873 2387 5927 que
2430 5856 2441 5909 !
2474 5854 2521 5910 Ο
2552 5854 2616 5912 ad
2651 5870 2739 5919 ea,
2770 5871 2892 5926 quae
2932 5852 3326 5923 spopondistis,
3360 5848 3713 5920 persulveuda
3742 5846 3857 5898 sine
