4164 6440
378 407 482 470 79-7

1286 405 1570 466 ORATIO
1610 406 1707 466 DE
1753 405 2170 468 TRANSLAT.
2215 407 2275 469 S.
2315 406 2723 468 EUTHYMU.

3513 408 3622 472 793

373 532 528 574 mora
564 515 980 585 promptissimi,
1037 525 1090 568 et
1128 516 1182 569 in
1238 515 1532 570 tribuendo
1569 514 1715 584 quod
1747 516 1946 584 cuique
1973 526 2014 578 Α
2045 527 2304 587 pra-terea
2325 521 2490 574 etiam
2515 518 2860 573 sanctitatem
2880 533 2895 571 :
2919 531 3084 587 quam
3111 515 3331 572 aliumle
3346 533 3614 588 nusquam

363 608 642 669 convenit,
685 606 913 662 minime
947 607 1099 663 lenti.

437 698 602 753 XX‘II.
634 697 876 756 Prorsus
915 699 1028 768 jam
1050 739 1068 763 ,
1097 712 1132 752 ο
1187 712 1346 754 sacer
1370 707 1696 759 conventus,
1734 712 1801 752 ac
1833 698 1944 752 Dco

362 789 546 844 dicata
580 789 798 854 concio,
858 790 992 846 mihi
1029 791 1251 860 quidem
1293 792 1572 861 persoluta
1623 803 1773 856 sum,
1825 805 1947 861 quae

363 879 520 934 vobis
549 893 700 933 eram
727 879 1024 949 pollicitus.
1056 890 1110 935 et
1138 882 1405 937 orationis
1433 897 1589 937 creua
1622 891 1812 953 parata
1838 892 1944 948 est,

365 980 419 1025 et
445 984 565 1039 qua:
589 971 656 1024 ad
683 971 1127 1040 repraesentanda
1156 981 1459 1044 martyrum
1494 974 1792 1029 certamina
1824 989 1947 1044 per-

364 1061 650 1126 tinebant,
679 1063 846 1115 veluti
879 1063 932 1116 in
977 1063 1104 1117 albo
1133 1064 1354 1118 aurium
1385 1075 1692 1119 vestrarum
1741 1079 1839 1133 pro
1869 1066 1948 1117 vi-

369 1152 525 1207 ribus
565 1151 838 1207 deiiueata
884 1168 916 1208 a
947 1154 1107 1210 nobis
1138 1163 1290 1211 sunt.
1339 1154 1450 1210 Vos
1478 1170 1611 1210 vero
1641 1155 1818 1224 quid?
1851 1154 1947 1224 qui

367 1242 436 1298 ad
471 1242 616 1298 diem
655 1241 855 1298 festum
887 1245 1247 1310 convenistis,
1272 1245 1368 1314 qui
1394 1245 1635 1299 conviva:
1666 1245 1821 1307 estis,
1853 1245 1949 1314 qui

369 1334 676 1400 auditores,
709 1336 803 1406 qui
825 1350 958 1392 oves
981 1338 1193 1392 ratione
1209 1337 1446 1407 praedita
1477 1354 1492 1392 :
1517 1335 1672 1406 quid,
1700 1337 1947 1406 inquam,

371 1425 785 1484 conlessoribus
831 1427 983 1484 hisce
1030 1429 1386 1500 martyribus,
1430 1429 1561 1499 quid
1595 1429 1724 1483 item
1759 1440 1950 1483 contra

373 1519 536 1576 nobis
581 1521 906 1590 reponetis?
955 1519 1227 1575 Nimirum
1259 1520 1382 1576 illos
1431 1521 1651 1589 quidem
1693 1521 1949 1592 hymnis,

370 1611 736 1682 laudibusque
793 1613 1236 1682 prosequemini,
1293 1623 1348 1668 et
1407 1627 1530 1682 qua:
1580 1612 1722 1666 bona
1785 1622 1947 1677 sunt,

370 1715 585 1756 summa
616 1716 720 1772 ope
753 1703 930 1772 magis
975 1717 1042 1758 ac
1071 1702 1246 1772 magis
1291 1702 1342 1756 in
1380 1701 1496 1756 dies
1525 1701 1723 1756 sectari
1770 1701 1953 1758 stude-

299 1809 306 1814 ·
370 1792 502 1848 bitis
527 1810 542 1847 :
569 1792 838 1863 siquidem
877 1803 1091 1864 gratum
1115 1795 1450 1865 martyribus
1464 1803 1568 1857 est.
1595 1794 1640 1850 si
1664 1794 1768 1849 hoc
1789 1794 1953 1850 modo

2045 609 2273 678 adipisci
2303 611 2431 679 quis
2451 617 2637 677 queat,
2661 621 2826 676 quam
2851 606 3135 672 membris,
3158 621 3282 676 qua:
3304 617 3434 662 sunt
3456 620 3621 676 super

2047 713 2280 768 terram,
2329 700 2744 755 tttortificandis.
2786 698 2907 766 Quo
2949 698 3170 769 quidem
3211 698 3432 753 nomine
3475 699 3622 752 arbi-

2047 803 2162 850 tror
2217 810 2318 865 ego
2369 796 2534 849 vitam
2580 808 2702 848 eam
2759 792 3058 863 appellari,
3117 807 3242 862 qua:
3289 791 3621 847 turbulentis

2045 888 2214 942 animi
2266 888 2505 942 motibus
2549 885 2803 941 obnoxia"
2833 894 2940 940 est.
2989 884 3073 938 llli
3109 898 3237 938 vero
3275 886 3623 938 sanctiﬁcare

2047 995 2145 1033 vos
2167 978 2531 1045 dedicareque
2554 991 2772 1032 summo
2799 975 2986 1031 studio
3014 975 3246 1039 debetis,
3274 975 3368 1046 qui
3397 975 3489 1038 iis,
3523 975 3619 1045 qui

2047 1083 2142 1122 cor
2166 1083 2195 1122 a
2229 1068 2604 1123 materialibus
2629 1067 2888 1122 sordibus
2913 1078 3305 1137 expurgarunt,
3335 1067 3618 1138 praemium

2048 1160 2178 1214 illud
2213 1161 2474 1230 largitur,
2528 1167 2588 1213 ut
2637 1173 2699 1215 se
2747 1159 2898 1214 clare
2942 1158 3294 1228 pervideant,
3324 1167 3380 1213 et
3411 1157 3618 1214 caelesti

2049 1249 2139 1302 illa
2170 1249 2340 1318 gloria
2371 1249 2612 1302 indidem
2640 1247 2989 1318 impleantur,
3022 1257 3082 1302 ut
3107 1247 3339 1318 Moyses.

2120 1338 2214 1392 Sic
2239 1337 2458 1407 quidem
2491 1352 2591 1408 ego
2632 1347 2788 1408 pater
2820 1347 3022 1404 vester,
3055 1353 3151 1394 vos
3178 1353 3307 1393 vero
3334 1337 3453 1405 filii,
3487 1339 3621 1392 cha-

2053 1429 2335 1485 rissinmm
2361 1441 2416 1484 et
2442 1429 2902 1486 amabilissimum
2923 1445 3122 1485 nomen
3150 1430 3492 1486 inveniemus
3513 1430 3626 1484 for-

2053 1534 2221 1590 tasse,
2247 1537 2372 1579 cum
2397 1521 2464 1576 ad
2497 1520 2868 1576 haereditatem
2908 1520 3056 1575 illam
3090 1529 3349 1576 aeternam
3375 1522 3624 1578 translati

2051 1616 2283 1676 erimus.
2321 1625 2380 1668 ιιι
2407 1614 2592 1669 vivere
2632 1627 2739 1667 una
2773 1612 3074 1684 possimus,
3099 1613 3374 1680 simulque
3403 1613 3573 1667 laetari
3607 1631 3623 1666 :

2051 1711 2272 1781 quando
2333 1709 2584 1763 videlicet
2651 1709 2819 1763 etiam
2880 1722 3084 1763 corona
3161 1707 3504 1778 gloriationis
3560 1707 3628 1760 de

2053 1802 2211 1858 vobis
2237 1803 2586 1866 honestatus,
2632 1801 2698 1857 ad
2726 1815 3073 1856 communem
3108 1799 3398 1854 Dominum
3443 1799 3631 1853 excla-

369 1882 496 1938 t‘esti
549 1899 741 1939 eorum
769 1887 887 1941 dies
928 1864 1291 1942 celebrentur.
1343 1886 1462 1944 Hoc
1496 1886 1661 1942 modo
1695 1896 1950 1942 strenuos
1979 1864 2026 1924 Β
2056 1894 2238 1957 mabo,
2272 1894 2413 1948 Ecce
2441 1864 2580 1961 ego,
2621 1900 2674 1946 ct
2711 1892 2886 1962 pueri,
2919 1906 3061 1961 quos
3088 1890 3284 1946 dedisti
3332 1890 3489 1953 mihi,
3521 1891 3631 1943 Do-

366 1972 575 2029 Christi
607 1976 813 2045 pugiles
849 1977 1119 2033 honorare
1167 1977 1440 2033 laudabile
1464 1985 1569 2044 est,
1613 1977 1706 2033 tali
1740 1977 1947 2040 studio.

370 2065 576 2121 talibus
612 2065 885 2124 fructibus
913 2087 927 2124 :
961 2066 1131 2124 nobis
1153 2084 1283 2124 vero
1325 2068 1694 2125 obedientiam
1724 2079 1951 2139 praesta-

371 2157 529 2226 bilis,
557 2160 1059 2227 mansuetudinem,
1089 2175 1278 2232 pacem
1301 2172 1467 2232 atque
1497 2162 1872 2227 concordiam,
1896 2170 1955 2218 et

386 2370 479 2382 ἀἱ

378 2372 1273 2408 W

1280 2391 1671 2406 ἰα-...ψ

2057 1984 2205 2038 mine
2258 2000 2272 2036 :
2313 1983 2414 2052 ipsi
2446 1981 2619 2054 gloria
2656 1991 2712 2036 et
2740 1981 3030 2051 imperium
3073 1981 3128 2036 in
3173 1981 3370 2036 saecula
3401 1979 3602 2036 saeculo

2056 2090 2205 2130 rum.
2237 2075 2430 2130 Amen.

2125 2375 2700 2384 .———.—__..————————-—
2740 2374 3176 2385 ww
3240 2369 3605 2382 -_-.a__—--—-

1075 2577 1770 2705 ARETHx‘E
1857 2575 2940 2711 C/ESARIENSIS

1848 2805 1852 2808 ’
1868 2810 2110 2864 ORATIO

977 2985 1076 3048 DE
1117 2983 1715 3048 TRANSLATIOXE
1753 2984 1815 3045 S.
1861 2982 2234 3044 EUTHYMII
2286 2983 2873 3047 ARCHIEPISCOPI
2926 2987 3039 3048 CP.

1509 3169 1610 3230 Ad
1652 3167 2008 3248 sepulcrum
2047 3166 2225 3230 illius
2265 3168 2504 3231 habita.

718 3341 886 3407 (Apud
919 3337 1204 3388 Ltrouuwn
1235 3335 1305 3387 De
1334 3331 1446 3386 vitis
1468 3338 1762 3396 sanctarum,
1791 3332 2018 3381 Venetiis
2046 3329 2182 3390 l53l,
2207 3329 2278 3391 4°,
2305 3336 2424 3380 tum.
2459 3331 2545 3391 lll,
2575 3347 2592 3378 ι
2625 3333 2900 3395 interprete
2933 3335 3036 3383 viro
3061 3335 3222 3386 docto.
3255 3337 3302 3397 ι)

460 3639 600 3709 Quid
623 3641 728 3697 hoc
755 3649 860 3705 est,
891 3653 1049 3696 sacer
1081 3648 1405 3702 conventus,
1429 3637 1721 3694 hatreditas
1751 3638 1968 3693 sancti-
1995 3653 2038 3712 ο
2072 3637 2340 3709 siquidem
2374 3637 2634 3692 memoria
2690 3635 2821 3704 justi
2851 3649 2974 3690 cum
3023 3634 3454 3703 laudationibus,
3492 3641 3644 3711 atqui

383 3736 574 3800 licata,
630 3736 829 3806 populo
863 3734 972 3789 Deo
1004 3735 1219 3788 amate?
1263 3735 1389 3804 quis
1447 3749 1618 3789 novus
1666 3741 1847 3788 vester
1881 3733 1970 3788 ille

387 3841 704 3884 concursus
735 3835 794 3882 et
820 3826 1141 3882 inusitatum
1175 3827 1455 3882 solemne?
1479 3834 1664 3896 utpote
1697 3826 1788 3880 ubi
1822 3827 1972 3880 nulla

382 3919 594 3976 lautitia:
626 3919 805 3990 signa,
853 3919 999 3973 nulla
1036 3918 1320 3988 amplioris
1341 3917 1622 3988 dignitatis
1639 3927 1970 3988 appareant;

382 4021 692 4080 contraque
737 4011 916 4080 potius
957 4010 1046 4064 ubi
1084 4010 1222 4064 nihil
1261 4025 1370 4064 non
1413 4010 1565 4064 triste
1597 4025 1660 4063 ac
1691 4018 1970 4074 incestum,

387 4100 530 4155 nihil
566 4117 668 4154 non
688 4100 1032 4154 lamentabile
1063 4114 1126 4155 ac
1147 4099 1343 4164 ﬂebile,
1359 4099 1492 4152 nihil
1512 4114 1616 4152 non
1637 4113 1825 4153 eorum
1852 4110 1976 4168 qua

385 4193 452 4247 in
479 4191 732 4247 maximis
757 4190 1164 4246 calamitatibus
1194 4190 1477 4244 acerbitati
1513 4203 1577 4243 ac
1601 4189 1824 4243 mmrori
1851 4201 1975 4243 esse

389 4283 691 4339 homnibus
743 4291 1170 4349 consueverunt,
1228 4295 1349 4337 sese
1409 4280 1971 4351 COpiosumeﬂ’uudit,

391 4382 461 4430 ut
503 4390 532 4429 a
583 4376 798 4431 cunctis
838 4375 1254 4445 propemodum,
1291 4376 1439 4428 velut
1483 4373 1698 4428 alruno
1735 4372 1976 4427 funebris

311 4524 314 4526 γ
389 4467 585 4522 haberi
629 4467 806 4522 oratio
839 4467 1131 4522 videatur?
1164 4466 1298 4534 Quae
1329 4466 1429 4520 ista
1456 4465 1620 4536 igitur
1649 4467 1784 4519 adeo
1811 4465 1976 4520 vehe-

394 4573 561 4614 mens
584 4567 668 4615 est
689 4561 848 4630 plaga
868 4560 892 4614 !
914 4559 1106 4628 quisve
1130 4558 1250 4617 iste.
1278 4558 1370 4628 qui
1420 4567 1621 4628 praeter
1643 4572 1847 4612 morem
1878 4571 1978 4612 no-

390 4660 573 4706 strum
595 4651 839 4705 omnium
867 4651 1081 4705 animos
1108 4649 1394 4719 occupavit
1410 4648 1567 4704 dolor
1583 4650 1679 4704 ?ut
1696 4663 1764 4703 ne
1785 4649 1976 4705 oculos

389 4741 618 4812 quidem
674 4754 705 4796 α
758 4741 1126 4813 lacrymarum
1191 4738 1412 4795 tristitia
1473 4753 1680 4794 vacuos
1755 4736 1974 4793 tollendi

392 4835 628 4889 liberam
682 4833 835 4890 vobis
871 4833 1182 4889 facultatem
1219 4830 1538 4903 permittat?
1563 4830 1836 4886 Nimirum
1873 4831 1979 4886 Eu-

395 4928 663 5000 thymius,
706 4943 936 4999 magnus
985 4927 1076 4983 ille
1130 4928 1224 4983 Dei
1271 4925 1535 4998 pontifex,
1574 4926 1980 4983 lamentationis

2073 3730 2314 3786 laudatio
2355 3729 2512 3783 hilari
2559 3729 2860 3798 gratiarum
2911 3737 2965 3783 et
2998 3730 3216 3785 laudum
3253 3731 3489 3795 actione,
3539 3750 3646 3787 non

2077 3820 2217 3876 tristi
2281 3818 2670 3873 lamentatione
2720 3827 2774 3872 et
2836 3819 2987 3872 luctu
3047 3820 3246 3888 quibus
3294 3836 3388 3876 vos
3447 3824 3645 3878 turbati

2076 3930 2222 3969 nunc
2269 3913 2426 3977 estis,
2478 3911 2746 3966 contineri
2795 3911 2955 3966 solita
3002 3921 3103 3966 est.
3160 3909 3277 3966 Non
3313 3923 3460 3980 sunt,
3517 3916 3648 3970 mihi

2076 4005 2305 4067 credite,
2357 4007 2459 4058 ista
2513 4005 2794 4058 hominum
2844 4003 2937 4072 qui
2986 4017 3108 4058 esse
3147 4003 3406 4059 moderati
3463 4007 3657 4070 velint,

2077 4101 2252 4155 aliena
2283 4107 2410 4153 sunt
2437 4113 2468 4152 a
2519 4113 2676 4168 grege
2714 4107 2906 4152 nostro
2927 4113 3047 4166 qua:
3071 4112 3100 4150 a
3134 4097 3286 4152 vobis
3316 4114 3460 4154 mine
3493 4099 3656 4154 fiunt.

2077 4189 2328 4245 Surrexit
2368 4189 2435 4242 ad
2468 4205 2616 4254 eum,
2657 4187 2816 4257 cujus
2849 4188 3125 4244 desiderio
3153 4189 3458 4256 tenebatur,
3490 4207 3659 4262 εει-υ-.

2078 4282 2201 4354 gius
2250 4289 2494 4346 amator;
2544 4293 2772 4350 peregre
2829 4278 2896 4333 ad
2944 4278 3317 4334 munerarium
3371 4279 3660 4350 profectus.

2077 4383 2160 4429 est
2189 4386 2405 4438 cursor,
2453 4372 2520 4426 ad
2579 4386 2704 4426 eum
2774 4372 2918 4426 unde
2963 4371 3202 4442 legitime
3255 4373 3357 4442 ipsi
3409 4373 3659 4428 dandum-

2079 4465 2360 4536 praaminm
2400 4473 2539 4529 erat,
2570 4463 2705 4518 abiit
2743 4463 2968 4519 illustris
3022 4466 3410 4534 pancratiasta,
3445 4467 3660 4522 sudore

2077 4557 2380 4618 etiamnum
2438 4571 2505 4612 ex
2537 4557 2843 4612 vehementi
2879 4573 2909 4612 a
2941 4574 3000 4613 se
3034 4559 3278 4614 adhibita
3309 4561 3361 4615 in
3393 4563 3652 4616 certando

2081 4647 2432 4702 contentione
2497 4648 2750 4714 madens,
2801 4661 2966 4720 atque
3031 4665 3099 4706 ex
3166 4651 3352 4707 labore
3411 4667 3656 4710 cursui-ae

2080 4739 2316 4810 graviter
2357 4740 2642 4806 anhelans,
2679 4756 2910 4812 seseque
2957 4743 3047 4798 vix
3085 4759 3193 4813 prae
3229 4744 3550 4800 lassitudine
3589 4762 3656 4804 ac

2081 4830 2277 4886 virium
2311 4832 2479 4886 animi
2504 4832 2899 4898 imbecillitate,
2930 4845 3266 4904 sustentans,
3305 4837 3369 4892 ad
3404 4848 3656 4908 paratum

2083 4922 2186 4980 sibi
2215 4924 2268 4978 in
2300 4925 2469 4979 altera
2521 4925 2635 4979 vita
2678 4927 2920 4997 requiem
2971 4928 3236 4996 pervenit,
3269 4930 3427 4999 cujus
3465 4947 3494 4984 a
3537 4948 3658 4984 mn-

394 5019 560 5075 vobis
599 5019 759 5076 istius
798 5035 966 5075 causa
1013 5018 1138 5084 fuit,
1175 5019 1445 5074 innocens
1475 5018 1742 5090 injuriose
1775 5029 1977 5075 tracta-
2011 5020 2054 5075 D
2084 5015 2256 5073 lestiis
2283 5017 2543 5072 omnibus
2575 5032 2759 5072 vacua:
2789 5016 2903 5088 jam
2939 5017 3115 5074 factus
3151 5030 3235 5074 est
3273 5021 3565 5092 particeps.
3593 5020 3652 5075 ln

399 5120 514 5172 tus,
546 5127 577 5165 a
606 5113 733 5166 sede
767 5125 868 5167 sua
903 5110 1098 5182 procul
1126 5111 1469 5176 exturbatus,
1510 5111 1578 5166 ab
1605 5113 1769 5183 impia
1803 5114 1978 5168 scele-

401 5209 650 5254 ratorum
718 5215 882 5256 manu
942 5201 1254 5265 damnatus,
1307 5210 1484 5256 morte
1536 5215 1685 5256 nunc
1741 5200 1976 5271 denique

404 5291 691 5360 multatus,
738 5301 904 5363 atque
959 5293 1014 5347 in
1047 5292 1099 5347 id
1149 5298 1455 5361 postremo,
1501 5291 1650 5363 quod
1711 5289 1803 5349 hic
1849 5301 1975 5348 ante

401 5385 596 5440 oculos
634 5387 872 5454 positum
904 5393 1009 5451 est,
1034 5386 1343 5456 sepulcrum
1380 5385 1582 5438 illatus.

476 5473 542 5527 Et
591 5474 720 5542 quid
784 5473 1002 5540 horum,
1065 5488 1275 5543 quaeso,
1328 5488 1584 5543 magnum
1637 5473 1774 5530 adeo
1817 5475 1977 5532 vobis

403 5565 649 5619 excitare
681 5564 865 5620 [letum
895 5564 1125 5620 debuit?
1152 5565 1264 5618 imo
1308 5579 1433 5619 vero
1465 5565 1596 5635 quid
1632 5575 1736 5634 est,
1775 5566 1830 5622 in
1865 5581 1977 5638 quo

408 5673 516 5713 non
543 5675 758 5714 summa
789 5674 910 5716 esse
953 5660 1138 5716 laetitia
1169 5676 1495 5732 summaque
1541 5661 1860 5731 juctmditas
1884 5664 1978 5719 de.

408 5751 573 5804 boat?
595 5752 793 5813 quidve
811 5752 1105 5821 ejusmodi,
1126 5767 1235 5822 quo
1257 5767 1363 5807 non
1390 5755 1591 5824 quivis,
1610 5755 1702 5826 qui
1723 5771 1750 5809 a
1779 5755 1980 5812 saeculo

407 5841 520 5898 Deo
573 5842 645 5899 sit
677 5854 1054 5913 consecratus,
1104 5845 1253 5900 velut
1305 5845 1626 5904 honestatus
1673 5847 1982 5920 glorietur?

2085 5122 2147 5163 ea
2186 5107 2625 5176 pulchritudines
2674 5108 2844 5178 ipsas,
2890 5125 3123 5179 quarum
3163 5123 3332 5166 causa
3376 5113 3431 5166 iu
3481 5121 3660 5166 certa-

2085 5198 2233 5254 mina
2261 5198 2351 5253 illa
2397 5198 2778 5266 descenderat,
2807 5199 2921 5270 jam
2953 5203 3374 5271 contemplatur,
3409 5203 3654 5257 laborum

2089 5302 2316 5344 suorum
2355 5290 2576 5359 pra-mia
2609 5290 2676 5344 de
2708 5305 2887 5344 rerum
2923 5291 3167 5345 omnium
3201 5302 3420 5359 potente
3453 5291 3661 5359 accepit

2087 5381 2334 5448 dextera,
2382 5389 2699 5452 aeternaque
2751 5382 2954 5452 potitur
2993 5384 3349 5438 beatitudine.
3387 5382 3658 5451 Quocirca

2087 5475 2286 5548 gaudio
2348 5474 2596 5538 exsilire,
2645 5474 2942 5546 laetitiaque
2993 5476 3174 5534 ell‘erri
3228 5489 3466 5548 Oportet,
3513 5485 3659 5552 quod

2080 5567 2396 5624 cmlcstibus
2437 5567 2523 5621 ille
2554 5570 2761 5638 potitur
2809 5568 3071 5638 prazmiis,
3116 5571 3261 5641 quod
3296 5572 3660 5645 Iacrymarum

2080 5675 2305 5716 suarum
2372 5660 2658 5726 sementis,
2708 5677 2872 5729 quam
2918 5660 3056 5717 ﬂens
3104 5664 3303 5734 sparsit
3347 5665 3400 5720 in
3437 5677 3659 5732 terram,

2081 5768 2228 5809 nunc
2261 5752 2508 5821 gaudens
2543 5752 2858 5822 manipulos
2899 5752 3109 5826 colligit
3143 5772 3207 5812 ac
3239 5757 3432 5814 beatus
3473 5757 3663 5812 trimu-

2081 5849 2236 5919 pltat.
