4164 6416
520 401 629 464 799

1342 395 1669 456 ΔΒΕΤΙῙᾹΞ
1708 391 2087 456 QESAREAE
2127 389 2608 453 CAPPADOCLE
2661 390 3001 452 EPISCOPI

3676 392 3789 457 800

598 510 679 565 'l‘u
709 525 838 565 vero
876 508 1077 580 quibus
1104 520 1167 560 ex
1213 505 1381 573 rebus
1429 519 1703 557 summam
1741 516 1939 572 capere
1971 502 2109 556 lzeti-
2142 509 2181 564 Α
2213 516 2387 569 eaque
2436 503 2552 569 ipse
2597 508 2990 569 persecuturus
3039 501 3421 556 tantummodo
3462 517 3585 573 qua:
3613 505 3684 560 ab
3711 521 3785 564 ea

528 601 660 654 tiatn
701 600 886 663 debes,
924 598 995 652 ob
1026 610 1119 649 cas
1150 593 1445 648 dolendum
1479 593 1574 645 tibi
1605 603 1657 645 ct
1689 591 2099 645 latnentandum

530 692 728 759 putas?
774 690 939 756 Atqui
992 699 1168 753 neque
1217 685 1326 737 Deo
1380 692 1532 751 grata
1579 688 1708 736 sunt
1753 681 1878 747 ista,
1925 695 2105 750 neque

530 781 826 849 Euthymio
880 776 1236 832 conveniunt.
1289 772 1533 828 Tametsi
1596 772 1742 826 enim
1809 774 1962 827 visus
2021 782 2105 827 est

530 872 704 926 oculis
732 867 1107 937 insipientium
1137 866 1277 918 mori
1315 866 1409 933 (ut
1438 874 1524 917 est
1555 865 1609 918 in
1636 864 1810 919 sacris
1844 862 2103 929 Litteris)

530 973 587 1018 et
637 961 948 1016 existimata
982 966 1067 1014 est
1099 957 1323 1011 alllictio
1357 956 1538 1010 exitus
1571 955 1712 1023 ejus,
1743 963 1798 1009 et
1829 954 2105 1009 discessus

531 1066 564 1106 a
621 1052 779 1106 nobis
830 1048 1120 1112 contritio;
1183 1046 1545 1102 nihilominus
1586 1055 1765 1101 tamen
1827 1061 1973 1100 nunc
2022 1054 2107 1099 est

532 1142 588 1195 iu
633 1157 785 1211 pace,
821 1140 1082 1209 quoniam
1116 1138 1260 1191 Dens
1290 1139 1440 1192 illum
1485 1137 1746 1203 suscepit,
1779 1137 2005 1191 tentavit
2039 1136 2107 1190 il-

532 1231 647 1285 lum
674 1242 727 1286 et
770 1230 978 1284 invenit
1018 1229 1247 1298 dignunt
1281 1244 1373 1293 se;
1405 1238 1664 1298 tauquam
1695 1244 1885 1282 aurum
1916 1228 1967 1281 in
1996 1226 2108 1281 for-

532 1338 669 1378 nace
719 1322 968 1391 probavit
1004 1322 1181 1383 illutn,
1215 1330 1269 1374 et
1300 1324 1457 1389 quasi
1504 1321 1882 1375 holocaustum
1921 1320 2108 1373 hostia:

537 1413 749 1482 accepit
781 1412 969 1479 illum;
1013 1422 1177 1481 atque
1217 1414 1287 1466 ob
1332 1427 1452 1465 eam
1490 1426 1713 1466 causam
1762 1411 1814 1463 itt
1866 1420 2108 1477 tempore

534 1509 700 1560 etiam
770 1506 1097 1562 visitationis
1166 1504 1495 1574 splendebit,
1562 1504 1783 1573 quando
1861 1501 2111 1555 videlicet

535 1612 727 1652 omnes
772 1597 905 1666 justi
958 1596 1240 1665 fulgebunt
1276 1606 1335 1649 ttt
1369 1596 1471 1657 sol.
1514 1596 1835 1650 clarissima:
1883 1594 1991 1648 luci
2028 1592 2107 1646 illi

536 1686 885 1755 conjuuetus,
906 1686 1253 1754 tenebrisque
1271 1701 1335 1739 ac
1356 1686 1588 1756 caligine
1606 1700 1731 1755 pars
1744 1687 1809 1738 ad
1828 1684 2108 1738 sinistram

538 1778 711 1846 posita
754 1777 1251 1839 circuinl‘ntnletur;
1290 1777 1565 1846 Stabitque
1602 1777 1787 1845 justus
1846 1775 2109 1829 adversus

2210 602 2361 664 gesta
2392 600 2518 648 sunt
2547 600 2761 661 postea.

2295 682 2539 737 Habebat
2568 697 2637 737 ex
2682 696 2749 737 eo
2776 691 3017 751 tempore
3051 698 3217 754 penes
3251 699 3311 741 se
3340 686 3695 744 celeberrima
3726 699 3786 744 et

2211 776 2360 845 regia
2391 774 2507 831 hac
2534 774 2732 829 civitas
2763 776 3031 829 illustrem
3064 787 3315 831 nostrum
3348 780 3493 833 hunc
3521 780 3779 849 pugilem,

2211 869 2304 938 qui
2356 883 2481 924 cum
2520 867 2754 936 benigne
2802 882 2832 921 a
2867 868 3095 936 privatis
3145 869 3783 941 hospitio-reciperetur,

2213 959 2513 1014 mercedem
2541 973 2661 1013 eam
2692 959 2873 1013 collati
2911 960 2966 1013 in
2998 974 3057 1014 se
3084 959 3154 1013 ab
3186 961 3319 1030 ipsis
3345 960 3504 1016 ollicii
3530 964 3783 1018 omnibus

2211 1050 2561 1119 rependebat,
2589 1065 2751 1120 quam
2781 1052 2997 1121 assequi
3031 1051 3156 1106 illos
3194 1054 3442 1120 decebat,
3482 1053 3575 1123 qui
3605 1056 3780 1110 virum

2212 1142 2508 1197 virtutibus
2534 1142 2670 1196 adeo
2697 1143 3075 1209 excellentem,
3108 1144 3338 1198 comiter
3361 1145 3785 1215 bumaniterque

2215 1242 2531 1288 tractarent.
2584 1234 2815 1299 Quando
2857 1234 3056 1289 mulier
3111 1235 3274 1289 etiam
3325 1236 3417 1290 illa
3480 1234 3782 1305 Sareptaua

2214 1327 2394 1380 ntcriti
2426 1325 2571 1393 qttod
2604 1326 2657 1379 in
2688 1325 2860 1379 Eliam
2903 1326 3055 1379 illum
3093 1325 3411 1381 Thesbitem
3448 1328 3782 1393 contulerat,

2214 1412 2396 1467 debita
2442 1413 2689 1468 mercede
2733 1411 2983 1466 fraudata
3018 1427 3125 1466 nou
3173 1412 3310 1478 fuit;
3347 1413 3617 1484 siquidem
3659 1430 3786 1484 pro-

2215 1514 2399 1575 pterea
2431 1504 2575 1574 quod
2607 1504 2783 1559 amice
2828 1505 2979 1557 illum
3014 1503 3255 1573 hospitio
3287 1513 3626 1574 susceperat,
3666 1521 3786 1559 am-

2216 1598 2388 1667 pliora
2440 1597 2489 1651 ei
2537 1597 2805 1651 divinitus
2851 1597 2920 1651 ad
2978 1597 3145 1650 vitam
3195 1596 3496 1667 degendam
3546 1597 3784 1651 vicissim

2218 1691 2419 1745 tributa
2454 1688 2608 1743 fuere
2651 1689 2925 1759 praesidia.
2976 1686 3224 1743 Celebris
3276 1686 3387 1756 jam
3442 1702 3787 1757 quoquover-

2219 1799 2337 1838 sum
2365 1781 2602 1836 nominis
2624 1781 2744 1851 ejus
2773 1780 2917 1835 fama
2954 1780 3374 1849 pervagabatur.
3402 1777 3589 1849 Neque
3615 1780 3785 1842 enim,

537 1882 635 1923 eos
664 1867 756 1937 qui
798 1883 856 1921 se
896 1866 1372 1936 angustiaverunt,
1418 1866 1463 1921 si
1499 1867 1628 1936 quid
1660 1866 1846 1919 divino
1882 1863 2113 1919 creden-
2141 1852 2189 1912 B
2219 1885 2275 1931 ιη
2330 1875 2592 1929 Dominus
2634 1873 2734 1936 ait,
2785 1872 3051 1928 abscondi
3101 1887 3267 1940 supra
3326 1880 3564 1925 ηιθηωιη
3607 1872 3787 1940 βοείη

536 1960 666 2014 dum
722 1970 805 2013 est
855 1959 1150 2028 prophetze,
1200 1957 1290 2026 qui
1355 1958 1622 2027 supplicia
1682 1957 1883 2026 quibus
1928 1963 2115 2025 postea

538 2050 811 2120 plectendi
862 2064 962 2119 pro
1016 2048 1226 2103 meritis
1286 2048 1538 2118 injuriosi
1583 2048 1833 2102 homines
1886 2045 2117 2108 fuerint,

538 2142 835 2197 describit.

609 2228 811 2285 Verum
858 2231 1003 2285 enim
1056 2230 1185 2301 quid
1229 2239 1313 2285 est
1363 2229 1560 2283 borum
1603 2226 1939 2297 huiusmodi,
1968 2222 2117 2295 quod

539 2320 800 2379 lamentis
840 2322 1279 2392 prosequamur?
1321 2320 1451 2387 Quae
1486 2318 1647 2374 istius
1706 2335 1828 2388 qua:
1876 2332 1977 2371 nos
2024 2332 2118 2371 oc-

538 2414 759 2484 cupavit
809 2415 1047 2469 tristitia:
1093 2428 1259 2468 causa
1289 2453 1304 2479 ,
1363 2411 1579 2466 undeve
1638 2420 1820 2465 tantus
1872 2411 1976 2463 iste
2024 2410 2115 2478 qui

541 2521 760 2565 nostros
820 2508 1033 2562 animos
1089 2505 1279 2575 aﬂligit
1342 2504 1579 2558 maeror?
1639 2502 1953 2572 potiusque.
1986 2500 2119 2581 quid

541 2603 685 2672 quod
725 2617 832 2655 non
886 2599 1253 2655 sanctissimae
1308 2598 1472 2667 hujus
1519 2597 1621 2651 viri
1663 2595 1862 2651 animae
1914 2610 2119 2650 conve-

544 2694 699 2747 niat?
730 2690 1003 2760 Quodque
1034 2705 1143 2744 non
1176 2689 1438 2743 laudabili
1481 2688 1649 2741 totius
1695 2686 1816 2755 ejus
1840 2687 1963 2739 vita:
1992 2700 2121 2739 cur-

545 2785 723 2839 ricqu
760 2798 935 2851 usque
969 2783 1038 2836 ab
1067 2780 1414 2835 incunabulis
1445 2777 1818 2849 respondeat?

616 2876 831 2944 Quippe
863 2874 1010 2927 enim
1055 2871 1357 2926 Seleuciam
1392 2870 1482 2924 ille
1513 2871 1701 2924 habuit
1728 2881 1979 2931 matrem,
2000 2881 2123 2937 qua:

546 2968 762 3034 generis
802 2964 1209 3020 necessitudine
1269 2962 1595 3029 Gregorium
1648 2960 1892 3016 divinum
1945 2960 2119 3013 virum

546 3060 700 3114 illum
759 3059 1072 3128 attingeret,
1135 3072 1296 3126 quem
1347 3056 1577 3109 alterum
1644 3053 2120 3121 Thaumaturgum

552 3165 752 3220 magno
808 3164 911 3203 suo
963 3149 1107 3202 bono
1140 3156 1275 3202 actas
1320 3161 1384 3201 ea
1426 3147 1570 3210 tulit,
1613 3160 1734 3214 qua:
1776 3145 1915 3197 hanc
1958 3143 2121 3212 paulo

546 3252 674 3298 ante
695 3252 935 3295 nostram
960 3239 1257 3309 prmcessit,
1284 3248 1465 3292 ortum
1499 3237 1673 3306 ipsutn
1699 3250 1914 3305 quoque
1931 3250 1995 3289 ex
2016 3232 2120 3287 De-

545 3334 722 3403 capoli
758 3330 1013 3396 Isauria‘;
1042 3343 1344 3397 verumque
1376 3342 1499 3381 esse
1533 3326 1738 3379 dictum
1772 3324 1901 3377 illud
1938 3322 2127 3378 docuit

546 3433 602 3480 et
643 3422 992 3479 confirmavit
1027 3438 1041 3474 :
1084 3418 1379 3474 Gem-ratio
1427 3426 1700 3471 rectorum
1750 3415 2124 3469 benedicetur.

554 3517 821 3586 Excep'us
854 3529 982 3568 vero
1022 3528 1151 3565 mox
1184 3520 1267 3565 est
1298 3510 1368 3565 ab
1404 3507 1654 3579 Olympo,
1701 3506 2127 3577 praeclarissimo

545 3596 873 3664 Christiana:
899 3603 1202 3671 disciplina:
1239 3599 1535 3655 domicilio.
1568 3595 1719 3651 Unde
1754 3605 1875 3665 post
1906 3596 1959 3649 in
2004 3608 2127 3649 mo-

547 3700 853 3754 nasterium
900 3704 985 3750 est
1030 3694 1285 3757 traditus,
1336 3691 1479 3761 quod
1525 3687 1702 3742 estad
1736 3688 1917 3741 sinum
1967 3688 2127 3741 Asta-

548 3804 768 3853 ceuum,
799 3787 890 3841 ubi
920 3784 1173 3840 similiter
1209 3798 1431 3854 quoque
1460 3780 1676 3851 egregie
1702 3780 1963 3835 certando
1989 3796 2129 3851 prte-

548 3882 695 3935 elara
725 3880 845 3950 ejus
884 3879 1057 3933 virtus
1092 3876 1314 3932 enituit.

622 3973 897 4026 Caeterum
934 3986 1056 4041 quae
1091 3968 1197 4026 sibi
1264 3967 1353 4021 ille
1406 3975 1606 4036 tropma
1658 3964 1981 4034 singillatim
2030 3964 2127 4019 ad-

549 4078 744 4120 versus
769 4077 1119 4118 communem
1164 4059 1411 4114 omnium
1460 4067 1707 4112 nostrum
1753 4055 2125 4111 adversarium

548 4155 801 4220 erexerit,
826 4169 1057 4224 quaeque
1086 4167 1151 4207 ex
1179 4151 1247 4206 iis
1274 4152 1327 4205 in
1352 4151 1553 4220 quibus
1587 4150 1912 4205 excellenter
1936 4148 2129 4203 admo-

548 4250 679 4302 dum
707 4263 765 4303 se
786 4248 954 4318 gessit
988 4244 1383 4301 certaminibus
1417 4245 1678 4313 przeclara
1711 4242 1954 4298 victoriae
1992 4242 2127 4297 insi-

551 4341 673 4408 gnia
726 4338 1049 4409 reportarit,
1107 4353 1295 4393 eorum
1350 4336 1597 4390 omnium
1644 4320 2130 4389 commemoratioa

552 4448 674 4485 nem
710 4430 965 4487 illissum
1002 4429 1319 4491 relicturus,
1349 4427 1440 4496 qui
1470 4427 1571 4495 ipsi
1605 4426 1793 4480 invicti
1821 4426 1920 4480 viri
1965 4425 2129 4494 hujus

2215 1964 2406 2021 civitas
2438 1972 2632 2033 potest.
2674 1963 2812 2018 llinc
2835 1963 2888 2017 in
2918 1962 3063 2032 regis
3096 1963 3345 2017 notitiam
3389 1964 3655 2031 pervenit,
3690 1964 3791 2015 mi-

2216 2065 2367 2109 ratur
2390 2055 2604 2109 virtutis
2638 2054 2759 2123 ejus
2792 2042 3063 2123 egregiam
3084 2053 3318 2107 indolem
3344 2091 3359 2115 ,
3400 2054 3639 2106 anticum
3690 2052 3791 2105 sibi

2218 2144 2370 2198 illum
2406 2142 2675 2212 adjungit,
2711 2156 2776 2196 ac
2816 2141 3143 2211 patriarchas
3167 2142 3261 2212 qui
3289 2149 3409 2196 erat
3443 2156 3511 2195 eo
3541 2149 3791 2211 tempore

2215 2233 2664 2290 contubernalem
2697 2230 2850 2287 facit.

2290 2326 2443 2381 llaud
2481 2326 2553 2379 ita
2600 2324 2771 2380 multo
2806 2332 2932 2395 post
2970 2323 3267 2380 vehemens
3306 2320 3607 2378 Ecclesiam
3653 2329 3792 2375 tem-

2218 2429 2399 2489 pestas
2418 2419 2821 2488 invasit,quatn
2841 2418 2985 2487 ejus,
3020 2418 3073 2471 in
3102 2416 3261 2486 cujus
3291 2424 3403 2469 tum
3435 2429 3602 2469 manu
3633 2422 3793 2468 erant

2218 2510 2607 2579 gubernacula,
2668 2510 2983 2581 arrogantia
3013 2509 3317 2564 excitarat:
3355 2507 3407 2562 in
3437 2521 3547 2576 quo
3573 2505 3789 2574 quidem

2220 2603 2458 2659 tumultu
2503 2618 2630 2657 cum
2683 2610 2874 2657 auctor
2920 2603 3041 2672 ejus
3076 2600 3165 2655 ille
3198 2600 3291 2670 qui
3330 2598 3507 2653 fuerat
3544 2597 3786 2651 animum

2219 2695 2632 2765 despondisset,
2666 2694 2918 2765 sacrique
2946 2693 3031 2749 sui
3065 2692 3284 2747 honoris
3307 2690 3515 2761 repudii
3550 2689 3788 2743 libellum

2221 2787 2483 2843 Ecclesiae
2514 2786 2776 2851 dedisset,
2801 2785 2980 2840 malus
3017 2784 3157 2838 male
3195 2783 3349 2837 abiit.
3402 2780 3608 2836 Aderat
3655 2795 3795 2833 unus

2223 2877 2270 2930 is
2322 2887 2434 2930 tum
2491 2876 2743 2942 idoneus,
2795 2876 2889 2946 qui
2956 2875 3237 2930 desertum
3286 2873 3339 2927 id
3380 2874 3449 2927 ab
3484 2888 3550 2926 eo
3597 2887 3795 2926 munus

2223 2970 2551 3038 susciperet.
2588 2968 2721 3034 Quis
2760 2968 2907 3023 enim
2943 2981 3032 3029 eo,
3062 2967 3155 3037 qui
3187 2965 3331 3035 apud
3359 2979 3554 3019 omnes
3592 2973 3711 3017 erat
3740 2964 3795 3016 in

2226 3060 2425 3130 gratia,
2474 3060 2646 3129 magis
2697 3059 2791 3128 qui
2841 3059 2893 3113 ei
2941 3058 3155 3111 muneri
3204 3056 3565 3126 prarliccretur
3612 3065 3795 3123 aptus,

2225 3155 2510 3223 magisque
2560 3151 2758 3221 dignus
2809 3158 3027 3220 poterat
3072 3148 3344 3219 judicari?
3396 3149 3469 3201 Ex
3515 3162 3623 3216 quo
3668 3160 3800 3201 sane

2231 3250 2430 3305 factum
2487 3255 2570 3301 est
2623 3254 2683 3298 ut
2737 3243 2882 3312 quod
2918 3241 3043 3296 aliis
3094 3240 3282 3295 multis
3321 3256 3424 3295 usu
3469 3255 3578 3295 non
3625 3240 3794 3301 venit,

2228 3339 2488 3411 sutft'agio
2544 3336 2834 3402 universae,
2865 3349 3009 3404 "quae
3055 3334 3158 3388 sub
3205 3334 3346 3387 coelo
3400 3341 3502 3397 est,
3543 3330 3798 3385 I‘Icclesire

2227 3431 2473 3486 delectus
2529 3428 2621 3491 sit,
2678 3425 2772 3495 qui
2820 3424 3482 3494 Constantinopolitanam
3535 3424 3675 3476 hanc
3716 3437 3798 3475 re-

2228 3522 2458 3592 gendam
2500 3519 2820 3587 susciperet.
2859 3515 3265 3569 Animadvertis
3310 3514 3489 3583 qualis
3518 3514 3587 3568 sit
3621 3516 3720 3567 iste
3746 3520 3798 3566 et

2232 3622 2471 3684 quantus
2520 3611 2624 3677 vir,
2651 3619 2704 3665 et
2735 3608 3042 3679 cujusmodi
3077 3606 3313 3679 praemiis
3337 3606 3408 3661 ob
3438 3606 3657 3660 virtutis
3682 3604 3799 3672 ejus

2228 3703 2599 3775 praestantiam
2634 3701 2899 3755 allicitur‘l
2933 3699 3040 3754 Sed
3066 3698 3156 3767 qui
3185 3712 3249 3752 ea
3297 3697 3546 3767 persequi
3588 3707 3797 3766 potero,

2229 3812 2349 3863 qum
2383 3803 2513 3849 sunt
2557 3793 2816 3861 deinceps
2867 3791 3093 3846 secuta?
3128 3788 3469 3844 Nelariorum
3518 3788 3797 3841 hominum

2232 3888 2518 3951 invidiam,
2580 3886 2781 3941 eadem
2844 3884 2913 3938 ab
2962 3882 3145 3952 impiis
3181 3880 3403 3943 factam,
3466 3878 3685 3934 crudi-ie
3735 3894 3799 3931 ac

2229 3978 2525 4035 violentum
2565 3973 2859 4043 judicium,
2889 3971 3170 4040 judicibus
3205 3970 3273 4023 iis
3309 3968 3382 4039 (ο
3411 3967 3681 4038 justitiam
3718 3966 3799 4018 di-

2232 4071 2437 4133 vinam,
2468 4082 2501 4121 ο
2532 4066 2908 4133 incorruptum
2939 4060 3030 4115 Dei
3062 4059 3336 4113 tribunali
3363 4057 3381 4127 )
3416 4057 3617 4127 quibus
3647 4055 3790 4108 nulla

2228 4177 2359 4218 cura
2398 4159 2501 4213 fuit
2533 4172 2839 4219 sacrorum,
2873 4156 2967 4208 sed
2995 4153 3089 4207 toti
3119 4153 3171 4206 in
3204 4166 3371 4204 ttntttn
3408 4157 3616 4205 tantum
3643 4154 3801 4201 erant

2230 4261 2500 4324 quaestum
2544 4250 2759 4304 intenti.
2803 4247 2973 4315 Cujus
3006 4260 3167 4299 causa
3199 4244 3299 4313 ipsi
3343 4243 3413 4297 ab
3454 4242 3703 4296 universa
3748 4250 3801 4294 et

2230 4358 2364 4400 sana
2393 4340 2645 4395 Ecclesiae
2676 4346 2829 4409 parte
2856 4336 3115 4400 abscissi,
3163 4335 3229 4388 ad
3280 4333 3569 4388 sanitatem
3626 4331 3800 4384 redire

2233 4450 2339 4490 non
2369 4440 2684 4503 potuerunt,
2715 4439 2769 4485 et
2811 4436 3045 4498 arrepta,
3082 4441 3243 4494 quam
3279 4440 3493 4480 summe
3525 4430 3799 4491 optarant,

549 4521 945 4577 certaminibus
1002 4518 1317 4574 interfuere.
1374 4518 1653 4587 Siquidem
1708 4518 1741 4570 ii
1767 4533 1957 4572 eorum
2008 4534 2129 4588 quae
2156 4526 2209 4584 Ι)
2237 4524 2547 4585 occasione,
2580 4537 2609 4575 a
2644 4520 2793 4574 nullo
2840 4534 2899 4574 se
2928 4516 3133 4588 (modo
3160 4515 3419 4585 possent)
3452 4512 3801 4584 quantumvis

549 4613 724 4667 oculis
760 4612 863 4683 ipsi
891 4612 1121 4667 viderint
1156 4611 1293 4676 suis,
1327 4618 1493 4663 testes
1528 4625 1650 4663 esse
1683 4618 1937 4678 poterunt
1972 4609 2126 4663 locu-

552 4703 862 4774 pletissimi,
894 4702 1063 4757 veluti
1104 4718 1334 4757 summae
1370 4701 1531 4755 famis
1562 4715 1626 4754 ac
1650 4701 1771 4755 sitis
1798 4700 2124 4765 tolerantia,

554 4810 891 4863 summeque
934 4794 1236 4859 nuditatis;
1277 4794 1480 4863 quippe
1533 4808 1658 4847 cum
1712 4793 1872 4846 unica
1914 4800 2125 4846 tantum

550 4893 703 4938 veste
748 4882 1146 4937 intolerabilem
1193 4882 1303 4938 vim
1341 4883 1486 4936 illam
1536 4881 1758 4954 fiigoris
1811 4883 2125 4947 sustineret,

551 4975 875 5030 uncinorum
922 4985 1185 5046 praeterea
1234 4975 1592 5029 lnunorumve
1647 4990 1676 5029 e
1723 4975 1946 5029 sublimi
1993 4990 2129 5044 pcn-

550 5067 820 5131 dentium,
872 5068 1075 5137 quibus
1121 5068 1287 5123 veluti
1341 5067 1666 5122 necessitate
1705 5068 1941 5136 quadam
1981 5080 2127 5121 som-

552 5172 685 5211 num
719 5156 808 5211 ille
839 5158 908 5212 ab
936 5158 1115 5213 oculis
1144 5158 1365 5214 arcebat
1391 5159 1529 5222 suis,
1562 5160 1708 5229 quod
1744 5156 1995 5226 exemplo
2023 5155 2127 5212 Da-

549 5249 638 5302 vid
665 5249 1038 5306 habitaculum
1063 5252 1329 5315 invenire,
1362 5252 1657 5321 locumque
1685 5250 1774 5305 ubi
1802 5250 2125 5320 quiesceret,

550 5343 901 5398 vehementer
950 5353 1184 5416 optaret,
1225 5344 1317 5399 ubi
1364 5344 1626 5398 nimirum
1676 5342 1823 5397 nulla
1857 5357 1922 5397 ex
1976 5342 2126 5398 curis

550 5437 677 5490 vitae
727 5436 889 5507 hujus
932 5435 1238 5501 ﬂuctuatio,
1297 5437 1444 5491 nulla
1501 5445 1586 5490 est
1630 5436 1941 5490 animorum
1991 5442 2127 5489 tem-

550 5534 754 5593 pestas,
793 5526 938 5580 nulla
971 5527 1191 5596 gravior
1230 5542 1260 5582 a
1308 5527 1557 5583 scelestis
1590 5528 1876 5597 spiritibus
1916 5528 2126 5583 invecta

550 5615 808 5683 procella.
854 5616 1085 5685 Horum,
1130 5619 1375 5689 inquam,
1429 5620 1671 5673 omnium
1724 5634 2124 5673 commemora-

552 5707 780 5773 tionem,
832 5725 895 5764 ac
936 5712 1002 5765 de
1036 5714 1558 5768 commemoratione
1589 5714 1816 5783 gloriam
1858 5713 2122 5781 integram

556 5796 663 5849 illis
709 5800 801 5869 qui
833 5816 894 5857 ea
933 5804 1031 5874 ipsi
1071 5813 1372 5875 prmsentes
1405 5806 1609 5874 videre,
1650 5821 1770 5862 SUlll
1803 5806 2122 5870 relicturus,

2239 4611 2445 4668 nefario
2495 4610 2825 4682 ﬂagitiorum
2873 4624 2937 4663 ac
2968 4607 3269 4662 facinorum
3301 4620 3498 4675 genere
3531 4614 3801 4673 tempera-

2238 4712 2385 4767 runt,
2420 4717 2487 4756 ne
2519 4702 2564 4757 si
2599 4702 2836 4771 parietes
2866 4699 3083 4769 quidem
3116 4696 3350 4770 perfodi,
3389 4705 3484 4752 aut
3513 4708 3801 4751 erumeuas

2235 4797 2479 4853 desecari
2509 4810 2646 4865 opus
2679 4793 2893 4857 fuisset,
2924 4794 3126 4862 quippe
3156 4806 3281 4846 eum
3313 4790 3507 4845 domos
3544 4787 3801 4856 iniquita-

2237 4899 2351 4943 tum
2381 4886 2588 4956 replere
2621 4883 2944 4940 festinarent
2980 4882 3255 4937 tenebrosi
3303 4890 3478 4955 terrae.
3525 4878 3665 4932 Hinc
3718 4876 3801 4929 in-

2234 4978 2511 5036 credibilis
2550 4992 2740 5032 eorum
2772 4976 2953 5032 rabies
2984 4974 3206 5040 exarsit,
3228 4971 3485 5044 quoniam
3512 4972 3658 5025 nulla
3690 4968 3799 5036 jam

2237 5069 2306 5125 iis
2333 5066 2476 5140 juris
2509 5068 2717 5137 species
2746 5066 3008 5129 re5tabat,
3043 5079 3206 5135 quam
3242 5062 3547 5134 facinorum
3577 5074 3800 5116 suorum

2235 5162 2520 5217 audaciam
2561 5168 2917 5231 praetexerent
2946 5175 2962 5227 ;
2988 5167 3043 5212 et
3078 5156 3248 5211 totius
3294 5152 3435 5210 sacri
3469 5151 3678 5208 ordinis
3713 5166 3800 5204 δρα

2234 5264 2360 5311 cuta
2411 5252 2651 5307 venditio
2689 5259 2773 5306 est
2802 5265 2921 5321 qua:
2957 5247 3158 5320 palam,
3198 5245 3312 5317 jam
3337 5241 3575 5315 proiecta
3624 5238 3802 5295 omnis

2234 5344 2582 5408 verecundia,
2608 5341 2790 5397 ﬁebat.

2305 5437 2443 5493 Hinc
2494 5444 2688 5507 praeter
2742 5443 2970 5489 creteros
3020 5432 3075 5486 in
3142 5430 3291 5485 hunc
3344 5439 3566 5497 quoque
3624 5424 3799 5477 virum

2234 5530 2523 5587 sanctitate
2568 5526 2945 5599 plenissimum
2993 5521 3241 5594 superba:
3287 5517 3803 5583 contumeliosaeque

2234 5620 2455 5678 silentio
2499 5616 2893 5690 praetereunda:
2924 5614 3028 5670 illae
3075 5628 3223 5669 nunc
3268 5627 3296 5665 a
3348 5609 3505 5666 nobis
3553 5606 3801 5677 injuriae;

2234 5712 2388 5769 nefas
2439 5724 2673 5779 namque
2719 5706 2852 5763 mihi
2899 5705 3136 5761 arbitror
3178 5716 3321 5767 esse,
3370 5698 3418 5756 si
3470 5694 3801 5754 reccnsenda

2233 5806 2411 5860 denuo
2437 5816 2623 5858 carum
2657 5797 2992 5870 turpitudine
3035 5796 3275 5865 linguam
3301 5793 3575 5863 inquinem
3605 5800 3801 5851 meam,
