4164 6442
388 381 495 446 801

1313 374 1596 435 ORATIO
1635 374 1732 434 DE
1766 371 2183 434 TRANSLAT.
2226 369 2284 427 S.
2324 371 2735 432 EU1‘IIYMII.

3536 371 3644 436 802

388 513 515 552 cum
557 510 653 551 eas
688 494 854 549 ctiam
887 492 1247 547 Barbarorum
1285 493 1430 547 oeuli
1480 491 1674 546 merito
1726 489 1968 545 aversari
1997 494 2047 551 Α
2071 500 2124 545 et
2156 491 2478 546 nutritorem
2519 492 2669 546 illum
2718 505 2880 545 suum
2928 492 3082 561 egeni
3120 490 3492 562 appellabant,
3530 507 3647 545 mu-

390 589 803 652 abhorrereque
840 582 1191 646 debuissent;
1234 579 1681 650 quandoquidem
1738 579 1968 633 aderant

390 680 560 735 etiam
607 674 892 746 legationis
938 689 1103 728 causa
1159 672 1443 737 Saraceni,
1495 681 1549 727 et
1602 672 1771 725 totius
1820 670 1967 725 illius

390 771 621 840 majoris
650 782 817 837 quam
861 766 1092 821 scenica:
1124 775 1219 820 aut
1250 765 1470 834 tragica:
1502 765 1664 818 ullius
1704 761 1970 818 foeditatis

395 861 691 932 participes
758 857 941 923 fuere,
1019 865 1261 911 actorum
1329 857 1539 911 similes
1603 863 1968 924 spectatores,

391 952 614 1025 quando
646 950 801 1006 nefas
830 959 947 1003 erat
978 949 1182 1019 alioqui
1208 958 1267 1003 ut
1295 949 1408 1003 haec
1434 947 1725 1015 impiorum
1760 944 1973 999 theatro

396 1051 801 1113 spectarentur,
831 1055 953 1108 qua:
978 1052 1089 1095 tam
1127 1040 1394 1095 scelerate
1421 1039 1491 1093 ab
1521 1038 1703 1108 impiis
1734 1036 1971 1105 ageban-

398 1146 506 1190 tur.
542 1133 864 1201 Hujusmodi
907 1148 1073 1203 porro
1114 1135 1380 1202 praeclara
1419 1132 1575 1185 initio
1606 1145 1837 1184 munera
1883 1130 1972 1182 illa

398 1240 523 1278 mox
578 1224 741 1276 etiam
790 1223 1189 1291 sequebantur,
1236 1223 1405 1275 multa
1451 1221 1674 1284 exsilii,
1721 1229 1972 1273 uotorqu

399 1316 468 1369 ab
502 1332 568 1368 eo
607 1314 891 1368 hominum
928 1322 1150 1384 prepter
1185 1313 1534 1366 imminentes
1564 1311 1885 1366 formidines
1921 1311 1972 1364 in

398 1407 566 1460 rebus
599 1405 811 1473 asperis
840 1403 999 1472 fuga,
1033 1402 1244 1458 coactis
1290 1401 1571 1456 malevolis
1610 1416 1736 1456 eum
1792 1399 1977 1455 videre

400 1512 563 1567 quem
587 1497 715 1552 odio
764 1496 1273 1566 prosequebantur;
1314 1494 1401 1549 bis
1430 1509 1561 1549 vero
1606 1495 1771 1547 etiam
1816 1493 1977 1558 longe

401 1589 714 1657 disjunctis,
740 1590 855 1644 sive
879 1588 1024 1657 quod
1055 1586 1305 1642 assidens
1347 1600 1442 1641 eos
1474 1584 1727 1640 militaris
1766 1584 1977 1639 duritas

398 1679 757 1749 custodiaque
793 1686 1184 1743 summoveret,
1230 1677 1345 1733 sive
1390 1675 1537 1746 quod
1579 1691 1644 1731 ex
1680 1676 1869 1729 innata
1919 1674 1973 1728 in

396 1770 599 1826 animis
637 1771 933 1825 multorum
970 1771 1212 1835 levitate,
1270 1769 1327 1824 in
1358 1769 1474 1838 ipsa
1504 1783 1696 1824 eorum
1728 1782 1863 1822 usus
1894 1767 1977 1820 iu-

396 1864 639 1934 digentia
702 1878 958 1933 perverse
1010 1862 1229 1917 inutiles
1286 1863 1635 1926 exsisterent,
1694 1870 1752 1915 ct
1812 1858 1973 1929 cujus

400 1966 530 2008 anle
585 1955 716 2008 illud
770 1964 984 2025 tempus
1033 1954 1261 2009 mirifice
1324 1953 1540 2009 fuerant
1602 1952 1862 2017 studiosi,
1921 1951 1971 2006 ei

402 2060 573 2107 nunc,
615 2045 838 2099 mutatis
871 2048 925 2098 in
956 2044 1294 2098 contrarium
1322 2043 1712 2106 voluntatibus.
1732 2043 1975 2109 impense

399 2135 812 2200 obtrectarent;
843 2137 1064 2206 quando
1103 2145 1298 2191 natura
1330 2137 1404 2189 ita
1449 2144 1823 2204 comparatum
1865 2143 1972 2197 est,

399 2238 462 2282 ut
503 2228 667 2281 rebus
692 2227 949 2281 secundis
978 2226 1221 2281 adversae
1261 2241 1474 2296 seraper
1504 2225 1753 2279 insidiari
1800 2225 1975 2280 solitae

398 2320 552 2374 sint:
602 2334 713 2388 quo
742 2318 877 2373 nihil
924 2319 996 2374 sit
1039 2318 1339 2388 quidquam
1384 2319 1441 2372 in
1487 2318 1650 2381 rebus
1693 2318 1971 2384 humanis,

397 2409 545 2479 quod
575 2425 603 2461 a
632 2409 708 2463 rei
736 2410 840 2464 sibi
870 2410 1156 2464 contrariae
1184 2410 1306 2464 labe
1346 2424 1544 2479 purum
1601 2410 1975 2478 intactumque

396 2500 491 2563 sit,
560 2499 782 2568 cuique,
836 2499 964 2553 licet
1014 2499 1495 2568 praeclarissimum
1554 2498 1647 2563 sit,
1706 2499 1972 2567 quasdam

395 2588 554 2657 quasi
591 2588 781 2644 sordes
828 2588 1111 2643 hominum
1143 2603 1380 2658 nequam
1412 2587 1634 2643 invidiae
1676 2587 1815 2642 livor
1863 2604 1972 2643 non

399 2680 612 2734 allinat.

476 2769 556 2822 Ad
610 2769 726 2824 haec
770 2768 933 2823 etiam
991 2769 1226 2839 positum
1279 2768 1367 2824 hic
1423 2768 1479 2824 in
1533 2778 1829 2839 conspectu
1889 2783 1977 2824 se-

399 2860 676 2928 pulcrum,
710 2860 764 2915 in
807 2875 916 2930 quo
958 2860 1044 2915 bic
1083 2869 1416 2925 asservatur,
1453 2861 1842 2931 superantibus
1874 2861 1976 2915 bu-

404 2947 669 3001 manilate
720 2962 820 3001 sua
893 2947 995 3017 piis
1054 2948 1272 3016 regibus
1337 2948 1732 3003 immanitatem
1792 2947 1981 3003 ferita-

400 3048 623 3109 temque
670 3040 984 3110 s'uperstitis
1037 3039 1217 3094 adhuc
1265 3040 1501 3110 tyranni,
1572 3040 1733 3110 cujus
1809 3055 1975 3109 opera

2077 582 2313 637 liercula:
2346 598 2533 647 suum,
2570 598 2696 636 cum
2731 598 2761 636 a
2794 582 2903 637 Deo
2942 584 3351 648 discessissent,
3392 583 3647 638 defenso—

2074 687 2190 727 rem
2241 672 2590 741 primarium,
2634 673 2786 741 pueri
2830 673 3139 743 disciplinae
3182 690 3293 728 sua:
3343 675 3655 728 moderato-

2077 780 2189 820 rem
2214 764 2684 830 vociferabantur;
2707 780 2897 819 omues
2924 766 3185 834 denique,
3217 780 3313 833 per
3341 780 3400 819 se
3418 764 3655 834 quisque

2072 872 2197 912 eum
2223 858 2277 911 in
2301 872 2412 928 quo
2440 868 2811 927 opportunum
2833 858 2937 911 sibi
2958 856 3310 912 sublevandis
3332 856 3654 924 iudigentiis

2075 949 2193 1004 suis
2255 950 2493 1019 positum
2547 957 2692 1004 esset
2749 948 3080 1018 perfugiunt.
3136 948 3324 1017 Itaque
3372 946 3501 1001 dum
3548 946 3651 998 hn-

2070 1034 2307 1104 jusmodi
2342 1051 2468 1090 cum
2505 1036 2816 1089 laudatione
2857 1035 3021 1091 funus
3056 1037 3389 1100 celebratur,
3432 1036 3489 1089 in
3545 1035 3652 1089 hoc

2076 1128 2543 1195 religiosissimum
2559 1128 2817 1197 templum
2841 1129 3179 1182 abomuibus
3199 1128 3544 1192 convenitur,
3560 1128 3653 1180 ubi

2076 1220 2314 1288 peractis
2355 1220 2599 1287 reliquis,
2631 1236 2753 1288 qua:
2787 1220 2852 1273 ad
2890 1221 3245 1287 persolvenda
3282 1220 3461 1275 funeri
3498 1220 3651 1289 justa

2076 1314 2320 1376 deerant,
2370 1325 2494 1363 cum
2545 1312 2658 1378 jam
2711 1312 3015 1378 periculum
3052 1322 3222 1375 esset,
3262 1327 3328 1365 ne
3360 1312 3507 1381 quod
3553 1326 3652 1365 su-

2077 1404 2356 1474 perfuerat
2403 1402 2738 1457 sanctissimi
2786 1405 2886 1457 viri
2938 1404 3369 1469 tabernaculum,
3432 1414 3655 1472 propter

2078 1511 2269 1551 eorum
2324 1495 2417 1564 qui
2466 1509 2533 1548 eo
2582 1495 2954 1549 conﬂuxerant
3004 1494 3163 1548 ﬁdem
3218 1494 3642 1563 discerperetur,

2081 1587 2345 1641 violenter
2386 1584 2455 1639 de
2496 1594 2777 1653 raptorqu
2832 1584 3088 1641 manibus
3135 1595 3412 1639 extortum
3459 1599 3656 1638 excus—

2079 1693 2311 1747 sumque
2350 1688 2455 1743 cst,
2486 1686 2651 1746 atque
2708 1678 2808 1731 hoc
2845 1676 3009 1731 modo
3044 1676 3098 1729 in
3162 1685 3520 1731 sacrosancto
3550 1674 3656 1728 hoc

2080 1785 2241 1840 quem
2279 1769 2546 1835 videmus,
2576 1769 2756 1823 loculo
2818 1774 3234 1824 sacrosanctum
3268 1782 3395 1822 vere
3426 1766 3524 1820 Dei
3552 1767 3654 1820 ho-

2082 1861 2278 1915 minem
2321 1860 2733 1915 collocavimus.

2148 1952 2229 2004 Au
2263 1950 2557 2004 mediocris
2587 1949 2703 2002 haec
2734 1948 2830 2002 tibi
2864 1947 3119 2002 videntur
3152 1944 3415 2002 momenti
3447 1944 3513 2000 ad
3552 1945 3651 1999 deo

2078 2043 2391 2097 clarandam
2465 2041 2567 2095 viri
2657 2040 2822 2109 hujus
2884 2041 3169 2105 virtutem,
3226 2037 3435 2107 Deique
3527 2051 3655 2106 erga

2079 2148 2271 2188 servos
2314 2148 2469 2195 suos,
2505 2133 2636 2186 dum
2684 2131 2866 2187 adhuc
2894 2132 3056 2185 etiam
3100 2131 3154 2185 in
3208 2129 3311 2183 hac
3351 2127 3459 2181 vita
3496 2136 3652 2191 sunt,

2077 2241 2265 2281 curam
2318 2226 2483 2279 rebus
2549 2224 2810 2279 secundis
2869 2223 3125 2277 similiter
3184 2230 3348 2288 atque
3403 2217 3651 2273 adversis

2078 2316 2465 2370 indicandam?
2492 2314 2662 2369 Nemo
2696 2315 2791 2376 sit,
2815 2314 3035 2383 opinor,
3067 2311 3163 2381 qui
3182 2311 3530 2370 adversetur,
3569 2309 3653 2361 ui-

2078 2408 2123 2463 si
2169 2407 2214 2463 si
2257 2408 2382 2477 quis
2424 2406 2692 2477 ejusmodi
2730 2406 2803 2460 sit
2856 2404 2949 2474 qui
2987 2404 3206 2458 virtutis
3262 2403 3549 2471 praemium
3600 2401 3654 2454 iu

2077 2514 2143 2555 eo
2191 2498 2570 2554 tantummodo
2610 2497 2847 2566 positum
2896 2502 3071 2565 putet,
3122 2494 3168 2549 si
3215 2492 3521 2548 continenti
3567 2507 3656 2543 re-

2081 2606 2204 2645 rum
2255 2590 2526 2644 bonarqu
2580 2603 2745 2642 cursu
2807 2598 3072 2655 perpetuo
3120 2586 3176 2638 in
3224 2583 3328 2638 hac
3376 2584 3487 2636 vita
3533 2583 3665 2650 quis

2079 2682 2228 2737 nulla
2254 2696 2377 2735 cum
2406 2680 2712 2734 oﬂensione
2736 2687 2941 2740 utatur,
2972 2684 3273 2743 contraque
3299 2673 3657 2728 difﬁciliorem

2079 2771 2134 2826 in
2174 2771 2299 2841 ejus
2329 2771 2417 2824 via
2446 2783 2800 2839 progressum
2836 2782 3034 2837 ptenas
3066 2765 3332 2835 quasdam
3362 2779 3484 2819 esse
3513 2762 3661 2817 arbi-

2081 2870 2277 2926 tretur,
2308 2861 2512 2931 quibus
2550 2860 2772 2914 assidue
2807 2874 2906 2929 pro
2943 2857 3157 2912 meritis
3185 2856 3448 2911 divinitus
3480 2852 3665 2908 homi-

2080 2971 2211 3009 num
2256 2952 2543 3007 malefacta
2575 2951 2896 3021 puniantur,
2939 2950 3207 3020 opinione
3242 2963 3368 3002 cum
3403 2946 3506 3016 ipsi
3538 2960 3649 3015 per-

2083 3044 2314 3109 niciosa,
2340 3052 2452 3096 tum
2478 3058 2509 3096 a
2536 3040 2631 3094 Dei
2654 3040 2793 3109 atqui
2816 3054 2999 3095 rerum
3022 3038 3271 3092 omnium
3296 3034 3661 3090 moderatoris

400 3131 743 3202 potissimum
771 3132 826 3185 in
850 3147 942 3187 eas
962 3131 1052 3187 ille
1072 3130 1251 3187 fuerat
1282 3132 1626 3186 calamitates
1665 3132 1971 3201 conjectus,
2002 3158 2045 3215 ο
2082 3136 2349 3205 sapientia
2380 3134 2678 3191 admodum
2723 3132 2921 3187 aliena.

401 3234 569 3294 atque
616 3225 664 3279 is
708 3224 895 3290 etiam,
944 3225 1035 3295 qui
1073 3223 1277 3279 nefarie
1308 3222 1487 3280 fuerat
1516 3226 1826 3289 damnatus,
1859 3224 1975 3279 suis

403 3321 598 3375 saltem
638 3329 763 3390 post
814 3320 1022 3374 obitum
1076 3320 1380 3384 restitutus,
1430 3329 1487 3372 ut
1528 3320 1754 3375 haberet
1809 3319 1973 3375 etiam

401 3410 586 3466 denuo
610 3426 763 3466 sacra
790 3412 1171 3482 promissionis
1197 3423 1339 3466 terra
1365 3412 1548 3466 dilecti
1583 3426 1708 3467 ossa
1751 3409 1977 3480 Joseph,

402 3503 607 3571 quibus
655 3518 751 3573 per
804 3501 1131 3557 lectissimos
1179 3516 1428 3570 quosque
1468 3516 1530 3555 ex
1582 3514 1742 3555 sacro
1790 3499 1981 3554 ordine

404 3593 557 3647 viros
578 3594 725 3664 justa
759 3593 1122 3648 solverentur.
1160 3591 1525 3646 Commodum
1561 3592 1707 3647 enim
1739 3591 1979 3646 edictum

404 3698 565 3753 reges
610 3683 1045 3753 promulgarant,
1080 3692 1244 3753 atque
1293 3684 1534 3753 turdique
1564 3684 1855 3752 extemplo,
1891 3698 1983 3738 ve-

401 3775 488 3830 lut
533 3789 599 3829 ex
640 3775 944 3843 composito
974 3774 1374 3844 (’quamobrem
1427 3774 1572 3829 enim
1626 3776 1740 3829 haec
1786 3790 1984 3845 magna

403 3867 541 3921 adeo
597 3881 723 3921 cum
791 3866 1109 3922 celebritate
1168 3880 1278 3921 non
1342 3866 1614 3936 tierent?)
1682 3867 1984 3938 ingensque

402 3958 675 4014 conﬂuxit
698 3958 1009 4024 multitudo,
1042 3958 1281 4013 maxima
1317 3959 1551 4028 quadam
1587 3969 1780 4030 pompa
1811 3961 1986 4015 victo—

401 4066 519 4107 rem
565 4052 715 4107 illum
762 4054 831 4105 ab
860 4052 1053 4107 exsilio
1094 4051 1414 4106 redeuntem
1470 4053 1650 4121 coepit
1703 4053 1980 4117 comitari,

401 4144 905 4200 innumerabilibus
967 4143 1179 4199 facibus
1232 4158 1465 4214 quarum
1515 4144 1716 4199 bonam
1766 4156 1981 4215 partem

402 4239 555 4309 regia
599 4238 773 4309 pietas
806 4238 1209 4307 suppeditabat,
1243 4252 1395 4292 mare
1418 4247 1593 4291 totum
1627 4237 1985 4301 collustrans,

400 4326 854 4397 suavissimisque
870 4326 1110 4382 incensis
1122 4326 1385 4382 odoribus
1404 4328 1690 4381 molestam
1718 4326 1861 4381 illam
1881 4343 1988 4381 ma-

401 4418 486 4474 ris
497 4432 756 4474 nauseam
768 4417 1088 4483 discutiens,
1104 4425 1428 4487 etperpetua
1446 4416 1774 4488 hymnorum
1797 4417 1987 4471 modu-

2152 3229 2349 3284 Verum
2381 3227 2526 3279 enim
2562 3224 2821 3293 quoniam
2857 3220 3089 3276 dicendo
3120 3220 3187 3275 ad
3225 3221 3367 3275 hanc
3400 3216 3666 3272 orationis

2078 3329 2285 3391 partem
2316 3317 2689 3388 pervenimus,
2723 3312 3097 3376 conferamus,
3123 3311 3167 3365 si
3200 3311 3404 3381 placet,
3451 3322 3514 3361 ea
3541 3323 3665 3376 qua:

2079 3422 2272 3468 sancto
2305 3411 2434 3464 huic
2460 3409 2579 3462 viro
2607 3422 2858 3467 evenere,
2886 3404 3242 3473 vicissimque
3279 3416 3402 3469 quae
3430 3400 3667 3453 Alexan-

2080 3505 2180 3559 dro
2224 3511 2383 3557 antea
2430 3500 2700 3561 accidere,
2751 3487 3142 3564 videamusque
3190 3490 3653 3563 quemadmodqu

2082 3592 2175 3645 Dei
2206 3591 2420 3661 justitia
2455 3589 2694 3660 przentiis
2734 3587 3027 3656 unicuique
3064 3600 3131 3639 ex
3171 3583 3367 3637 merito
3410 3580 3662 3634 tribuen-

2081 3683 2167 3738 dis
2203 3682 2513 3737 rectissime
2543 3680 2727 3735 omnia
2757 3678 3091 3733 moderetur.
3141 3675 3231 3729 Ille
3259 3673 3404 3729 enim
3438 3687 3563 3726 cum
3605 3683 3662 3726 et

2086 3789 2177 3829 rex
2226 3780 2374 3828 esset
2425 3782 2479 3825 et
2534 3771 2685 3839 regio
2724 3783 2920 3838 genere
2966 3775 3142 3829 ortus,
3193 3763 3559 3830 miseramque
3606 3760 3660 3814 iu

2091 3864 2211 3934 ipsa
2252 3863 2464 3931 imperii
2501 3862 2765 3931 dignitate
2805 3857 3106 3913 animulam
3157 3853 3451 3908 infeliciter
3490 3854 3663 3906 exha-

2087 3958 2274 4019 lasset,
2306 3954 2511 4024 quibus
2556 3955 2666 4006 vita
2710 3949 2934 4005 functus
2972 3948 3237 4002 laudibus
3283 3953 3369 4001 est
3401 3942 3668 3999 aﬂ‘ectus?

2097 4047 2260 4108 Cum,
2302 4045 2532 4115 repetita
2588 4042 2751 4113 paulo
2807 4040 2970 4096 altius
3022 4040 3293 4103 oratione,
3339 4050 3403 4092 ea
3451 4050 3576 4105 qua:
3611 4035 3664 4088 in

2089 4147 2326 4208 utroque
2354 4137 2529 4200 fuere,
2561 4135 2851 4202 diligenter
2880 4130 3321 4191 consideremus,
3353 4128 3463 4193 hic,
3493 4140 3661 4197 quem

2089 4232 2145 4285 in
2210 4231 2315 4284 hoc
2366 4230 2488 4283 loco
2549 4227 2823 4296 sepultum
2874 4224 3160 4286 habemus,
3219 4236 3286 4276 eo
3348 4218 3512 4274 modo
3554 4234 3665 4289 quo

2091 4321 2336 4375 diximus
2380 4320 2523 4372 altus
2571 4317 2945 4385 educatusque
2991 4322 3115 4385 post
3148 4321 3229 4368 tot
3260 4313 3511 4377 adversa,
3543 4311 3667 4381 qui-

2090 4412 2195 4467 bus
2254 4411 2433 4465 fuerat
2488 4407 2881 4471 conflictatus,
2942 4416 3130 4476 totque
3201 4404 3487 4476 praeclara,
3547 4418 3670 4474 quae

401 4509 610 4563 latione
641 4507 957 4577 pontificem
983 4506 1122 4561 mire
1148 4506 1561 4562 concelebrans.
1584 4505 1859 4561 Caeterum
1892 4505 1974 4560 si-
2014 4517 2058 4571 ι)
2092 4501 2309 4555 virtutis
2360 4515 2474 4554 sum
2527 4498 2775 4553 ediderat
2824 4500 3178 4563 documenta,
3242 4495 3404 4550 talem
3450 4494 3667 4565 qualem

398 4600 518 4654 mul
561 4609 617 4653 ut
642 4598 713 4653 ad
750 4597 969 4667 Virgam
1001 4597 1291 4668 (littoralis
1314 4605 1518 4653 tractus
1545 4598 1599 4653 id
1628 4607 1713 4653 est
1739 4595 1981 4669 nomen)

402 4690 756 4760 appulerunt,
797 4690 1073 4744 sublatum
1113 4698 1199 4745 est
1234 4689 1302 4745 de
1352 4690 1504 4760 regio
1556 4688 1734 4745 lembo
1788 4704 1983 4744 sacro-

402 4792 657 4837 sanctum
700 4783 835 4837 illud
869 4783 1307 4849 tabernaculum,
1351 4792 1514 4853 atque
1560 4783 1612 4837 in
1656 4782 1768 4837 divi
1809 4780 1986 4837 IEmi-

400 4875 535 4930 liani
567 4875 735 4929 zedem
762 4875 996 4940 illatum,
1027 4876 1212 4945 ibique
1235 4858 1488 4931 similiter
1518 4874 1786 4945 appositis
1818 4874 1983 4944 bym-

402 4963 493 5018 nis
536 4964 858 5019 decantatus
897 4972 982 5019 est
1025 4963 1119 5019 Dei
1172 4979 1386 5030 servus,
1429 4973 1482 5019 et
1521 4963 1839 5020 laudatione
1886 4978 1983 5018 cu-

399 5056 623 5128 jusdam
660 5057 727 5111 de
758 5056 1078 5126 pontificum
1110 5071 1341 5112 numero
1371 5057 1716 5112 honestatus.

481 5148 577 5203 "IS
628 5150 703 5204 ita
770 5148 1031 5220 peractis,
1076 5164 1200 5204 cum
1255 5149 1529 5203 sublatum
1584 5149 1711 5203 inde
1763 5161 1981 5202 sacrum

403 5248 710 5309 gestaretur
747 5241 1086 5310 phcretrnm,
1124 5248 1290 5310 atque
1322 5240 1375 5293 in
1417 5237 1867 5294 honestissimum
1902 5237 1983 5289 lo-

405 5346 533 5384 cum
583 5332 795 5387 huncce
828 5330 1146 5393 inferretur,
1179 5331 1394 5386 sustolli
1438 5331 1679 5400 undique
1709 5330 1777 5383 ab
1808 5328 1984 5382 omni-

407 5421 515 5477 bus
554 5432 766 5490 emptus
818 5431 902 5477 est
948 5423 1177 5485 clamor,
1229 5421 1677 5489 magistratibus,
1732 5418 1981 5488 privatis,

405 5512 797 5581 locupletibus,
846 5515 1126 5578 tenuibus,
1174 5513 1325 5577 vinis,
1362 5511 1598 5575 feminis,
1630 5511 1833 5581 parvis,
1888 5524 1985 5577 pu-

408 5603 651 5669 beribus,
702 5605 1038 5674 impubibus,
1087 5619 1321 5675 quorum
1382 5602 1575 5673 partim
1620 5618 1743 5656 cum
1788 5618 1983 5656 secun-

408 5696 539 5750 dum
576 5694 740 5751 Deum
784 5705 992 5767 patrem
1025 5697 1315 5765 vocabant,
1358 5696 1554 5766 partim
1588 5704 1859 5765 pastorem
1901 5710 1984 5748 re-

410 5787 724 5856 quirebant,
763 5789 857 5843 alii
909 5797 1368 5860 propugnatorem
1400 5785 1805 5844 desiderabant.
1846 5782 1982 5837 Nam

2087 4609 2252 4663 supra
2287 4591 2716 4648 memoravimus
2759 4592 2883 4645 vitae
2920 4589 3131 4643 exitum
3184 4588 3399 4650 habuit,
3438 4602 3671 4657 eamque

2089 4694 2285 4739 nactus
2329 4693 2415 4738 est
2457 4683 2797 4752 sepulturam
2834 4697 2997 4751 quam
3024 4697 3120 4735 vos
3152 4680 3412 4733 nimirum
3448 4679 3665 4741 videtis,

2090 4772 2439 4843 magnificam
2526 4785 2725 4839 nempe
2775 4776 2831 4823 et
2912 4767 3233 4838 gloriosam,
3294 4764 3672 4834 ejusmodique

2087 4881 2255 4936 quam
2290 4865 2436 4919 viros
2469 4863 2819 4923 Deo’dicatos
2859 4859 3121 4928 consequi
3154 4872 3251 4928 par
3275 4866 3392 4922 est;
3426 4855 3481 4910 id
3519 4856 3669 4925 quod

2088 4958 2263 5026 magis
2307 4955 2609 5009 etiamnum
2653 4954 2852 5006 mirum
2892 4951 3055 5006 debet
3100 4948 3269 5003 videri
3298 4988 3313 5011 ,
3349 4946 3493 5017 quod
3541 4948 3670 4999 dra-

2087 5046 2245 5102 conis
2275 5056 2441 5113 caput
2472 5060 2504 5098 a
2535 5058 2645 5112 quo
2686 5042 2974 5096 insanabili
3011 5040 3101 5093 ille
3141 5052 3322 5093 morsu
3368 5036 3549 5090 fuerat
3591 5034 3673 5089 ic-

2086 5151 2195 5204 tus,
2241 5140 2450 5207 reliqua
2505 5136 2685 5189 adhuc
2726 5133 2810 5186 sui
2852 5132 3097 5201 corporis
3142 5139 3293 5199 parte
3348 5126 3668 5198 palpitabat.

2086 5242 2394 5299 magnaque
2436 5241 2560 5280 cum
2594 5224 2829 5278 audacia
2870 5237 3037 5276 ruens
3075 5220 3377 5282 ferebatur,
3417 5226 3665 5270 metuens

2087 5318 2318 5384 scilicet,
2369 5332 2435 5371 ne
2471 5316 2603 5386 quid
2650 5328 2710 5370 se
2747 5323 3031 5385 prepterea
3088 5312 3283 5364 melius
3323 5308 3661 5369 ostenderet,

2090 5410 2308 5467 tametsi
2358 5410 2640 5463 incassum
2694 5421 2887 5461 omnes
2945 5404 3050 5475 ipsi
3100 5412 3330 5457 conatus
3383 5398 3460 5453 illi
3513 5409 3666 5453 erant

2088 5503 2293 5565 casuri,
2358 5516 2483 5556 cum
2518 5499 2569 5553 id
2608 5497 2810 5567 egisset
2854 5508 3073 5551 terrena
3107 5501 3376 5564 potestas,
3415 5498 3473 5544 ut
3502 5488 3665 5544 soluti

2090 5594 2144 5647 in
2172 5606 2421 5661 spumam
2454 5590 2575 5659 ejus
2610 5589 2812 5644 ﬂuctus
2855 5588 3092 5652 abirent,
3131 5594 3294 5654 atque
3326 5582 3415 5636 hic
3444 5579 3664 5651 quidem

2087 5687 2191 5741 hoc
2219 5685 2404 5740 modo.

2157 5777 2360 5831 Contra
2411 5790 2541 5830 vero
2595 5772 2917 5829 Alexander.
2980 5767 3031 5824 Is
3086 5767 3230 5823 enim
3290 5759 3555 5835 quidquid
3608 5757 3665 5813 in
