2082 3207
286 184 340 214 503

600 183 764 214 ΑΒΕΤΗίΕ
782 180 1042 211 CESARIENSIS
1063 180 1110 210 DE
1127 179 1336 211 TRANSLAT.
1358 179 1387 208 S.
1409 177 1612 208 EUTHYMII.

1857 176 1912 208 804

287 238 371 266 terris
396 238 491 265 haberi
515 237 663 272 voluptatis
693 244 725 262 nc
742 236 904 262 deliciarum
925 238 1025 269 potest;
1047 234 1072 261 id
1088 237 1111 264 Α
1126 235 1279 261 universam
1297 233 1429 261 existit-to
1446 240 1489 260 me
1505 238 1614 259 morum
1630 231 1691 266 ejus
1707 230 1910 266 perversitatem

284 292 371 312 omne
390 285 425 311 ab
441 284 507 318 ipsis
526 283 701 310 incunabulis
715 281 789 316 large
805 289 913 316 semper
930 281 1072 313 habuerat,

284 336 370 365 atque
399 337 412 355 a
442 329 526 356 fratre
552 328 641 355 fuerat
667 327 800 354 educatus
828 326 887 353 viro
916 326 1072 358 commodo,

288 381 451 408 summaque
477 378 504 400 et
534 372 679 399 sanctitate
708 370 823 406 praedito
853 375 881 398 et
908 370 1073 402 innocentia,

287 420 451 453 .majoreque
480 418 552 451 apud
580 424 642 444 eum
673 416 758 452 digno
782 420 858 444 certe
882 415 1074 450 appellatione,

283 471 369 497 quam
383 463 486 491 fratris.
498 463 526 491 is
535 462 620 494 enim,
639 462 748 490 tametsi
760 462 833 497 quod
845 461 928 489 multa
945 461 1076 488 adversus

287 509 379 543 ipsum
405 515 476 535 ueva
506 513 566 535 erat
586 508 717 540 molitus,
739 512 938 542 proptereaque
958 506 993 533 ab
1015 506 1075 540 ipso

287 558 362 581 esset
378 554 607 588 comprehensus.
627 553 716 580 nullas
733 558 823 580 tamen
840 552 963 587 concepti
978 551 1005 578 in
1021 551 1077 578 fra-

289 603 356 625 trem
380 598 491 625 sceleris
512 605 607 633 ptenas
631 598 771 633 graviores
798 597 873 625 dedit
899 595 1076 632 (cujusmodi

289 644 366 670 mulli
385 643 478 671 multis
494 647 557 671 ante
579 644 605 670 id
620 649 727 678 tempus
743 642 852 670 fuerint
869 643 978 678 affecti)
994 650 1075 677 quam

289 689 360 716 utin
378 689 531 716 custodiam
559 693 665 716 tantum
686 689 809 720 daretur,
832 688 1078 723 prohibereturque

290 741 326 760 ne
348 741 410 768 quin
434 733 519 769 impie
531 734 558 761 in
586 734 698 762 fratrem
716 734 807 762 facere
826 734 971 769 cogitarat,
991 741 1022 760 ea
1042 732 1076 760 ad

289 779 393 806 exitum
418 780 598 815 perduceret,
613 787 630 807 a
644 787 701 815 quo
725 780 832 807 tametsi
848 787 882 806 eo
904 779 985 806 modo
1008 779 1077 806 insi-

289 825 343 852 diis
369 825 465 860 petito,
489 832 574 860 regno
599 824 745 853 incolumis
765 825 859 860 (quod
883 825 988 852 utinam
1006 832 1078 851 nun-

290 875 374 903 quam
391 868 520 902 fecisset)
539 869 712 901 servabatur,
733 869 806 903 quod
826 876 934 903 acquum
952 869 1076 903 putabat,

1124 280 1198 307 decla
1203 284 1335 307 ratorum.

1160 325 1219 353 Mos
1243 330 1286 353 est
1315 325 1426 359 regibus
1445 324 1679 353 Christianorum.
1698 322 1746 358 qui
1770 322 1841 350 idem
1859 322 1914 349 illis

1124 372 1280 399 Communis
1297 376 1338 398 est
1355 378 1418 398 cum
1433 370 1563 397 omnibus
1586 369 1764 401 Christianis.
1785 373 1826 400 ut,
1842 377 1913 403 quo-

1125 417 1285 451 liescunque
1299 415 1345 444 Dei
1356 415 1483 443 basilicas
1499 414 1702 449 ingrediuntur,
1717 418 1811 449 θυι-τω
1826 419 1915 448 ωβειο

1124 470 1172 491 eas
1181 462 1381 497 ingrediantur.
1399 460 1486 494 Quem
1496 459 1607 495 quidem
1616 459 1718 486 Paulus
1727 459 1785 494 ipse
1801 463 1914 493 aposto-

1126 508 1169 536 lus
1181 508 1286 543 primus
1303 507 1408 535 inducit
1423 510 1507 541 atque
1516 505 1645 534 omnibus
1658 504 1686 532 in
1704 504 1859 532 Christiana
1872 512 1914 532 re-

1126 553 1233 589 publica
1246 552 1446 581 observandum
1467 551 1617 578 mandavit.
1641 549 1720 578 Hunc
1732 557 1835 578 morem
1850 557 1913 578 cum

1126 598 1323 634 sapientissimi
1337 597 1462 625 videlicet
1471 597 1509 624 illi
1522 602 1603 631 atque
1612 595 1709 631 optimi
1723 595 1774 623 viri
1787 594 1915 623 sustulis-

1127 649 1198 676 sent,
1214 648 1411 679 persuaserunt
1423 643 1526 670 homini
1542 650 1643 670 crassae
1655 641 1727 669 cutis
1738 648 1771 668 ac
1783 641 1817 668 de
1833 641 1915 668 suillo

1126 698 1235 726 genere,
1249 694 1277 718 et
1284 695 1387 718 tantum
1401 696 1456 716 non
1471 688 1627 725 grunnienti
1639 688 1694 723 (cui
1709 687 1794 719 enim,
1809 694 1914 721 quaeso.

1127 736 1232 771 aequius
1241 736 1394 771 comparari
1404 735 1449 763 ille
1457 739 1563 770 poterat
1574 741 1656 769 quam
1666 733 1708 761 sui
1719 732 1846 760 Bmotica
1852 731 1876 767 ΐ)
1887 736 1917 759 ut

1127 787 1256 818 cooperto
1269 783 1358 818 capite
1382 783 1409 810 in
1435 782 1494 809 loca
1514 785 1689 809 sacrosancta
1716 779 1915 814 ingrederetur.

1127 829 1214 863 Quam
1224 829 1333 864 quidem
1346 829 1390 856 ille
1399 828 1572 863 disciplinam
1583 834 1645 854 cum
1654 826 1822 855 admisisset.
1832 830 1915 860 atque

1128 875 1162 903 ad
1174 875 1278 910 majora
1289 874 1439 902 etiamnum
1455 873 1540 900 multo
1558 871 1734 907 perdiscenda
1751 870 1876 898 facinora
1886 877 1916 898 se

291 920 322 941 ut
337 922 418 949 quem
435 914 487 941 sibi
507 921 567 941 sors
584 914 659 949 regni
692 914 798 942 socium
813 914 942 947 dedisset,
953 915 978 941 ei
994 922 1076 949 paca-

1130 925 1257 958 paratum
1275 921 1421 956 praeberet,
1444 920 1575 947 nimirum
1599 917 1712 953 pulchre
1736 917 1780 944 ille
1805 923 1916 952 quoque

292 964 351 986 tum
375 958 567 994 incolumeque
589 960 655 986 illud
674 961 805 987 traderet.
824 959 923 987 Verum
946 967 1007 987 cum
1024 960 1077 986 hu-

291 1005 483 1037 manissimus,
498 1004 626 1039 idemque
642 1004 825 1033 suavissimus
844 1012 892 1032 rex
905 1004 960 1032 Leo
972 1011 1005 1031 ex
1026 1004 1077 1031 hac

289 1051 344 1078 vita
357 1051 384 1078 in
400 1058 467 1085 pace
477 1056 553 1078 esset
563 1051 704 1083 dimissus,
731 1058 897 1086 summaque
914 1058 1006 1078 rerum
1018 1057 1078 1077 om-

290 1096 367 1122 nium
380 1099 501 1129 potestas
514 1096 550 1122 ab
561 1103 594 1123 eo
608 1096 641 1122 ad
659 1097 732 1123 hunc
744 1096 910 1128 devertisset,
932 1095 1076 1123 confestim

291 1140 335 1168 hic
350 1141 411 1175 ipso
424 1141 501 1168 initio
513 1141 669 1176 cuiusmodi
684 1146 755 1170 esset
766 1142 928 1174 declaravit,
938 1149 1078 1176 quantque

291 1187 359 1213 nihil
379 1186 432 1214 sibi
459 1187 607 1222 profuisset
633 1188 694 1215 vitae
718 1187 900 1220 consuetudo,
924 1195 986 1222 qua:
1015 1194 1077 1215 cum

294 1230 379 1260 fratre
395 1233 447 1268 ipsi
459 1232 568 1265 fuisset.
579 1233 708 1267 quodque
719 1233 754 1260 ab
765 1240 798 1260 eo
811 1233 959 1261 clementer
967 1232 1078 1260 habitus

291 1282 382 1310 esset;
399 1284 549 1311 verumque
568 1284 630 1303 esse
646 1276 826 1303 Proverbium
847 1275 941 1303 docuit
957 1283 965 1302 :
982 1275 1077 1302 Virum

291 1327 456 1359 potestatem
482 1323 626 1350 habentem
650 1322 677 1349 in
694 1322 771 1357 pejus
792 1321 936 1356 proﬁcere.
957 1320 1080 1355 Repente

291 1376 412 1404 namque
437 1373 468 1396 ut
493 1368 734 1400 scelestissimum,
757 1374 791 1394 ac
813 1366 932 1394 maxime
956 1366 1079 1393 nefarius

291 1415 456 1451 ﬂagitiisque
470 1421 504 1442 ac
520 1414 692 1441 facinoribus
706 1413 898 1448 opes-tissimus
913 1412 1032 1447 quisque
1045 1411 1078 1439 ad

290 1468 355 1489 eum
371 1468 400 1488 se
412 1461 586 1491 contulisset.
603 1459 722 1495 ejusque
740 1459 845 1487 assecla
860 1465 922 1486 esse
938 1458 1079 1493 coepisset,

291 1508 328 1534 ita
352 1513 460 1533 summa
482 1504 554 1541 apud
578 1505 654 1532 illum
669 1508 729 1532 erat
743 1504 770 1531 in
788 1504 887 1540 gratia,
902 1504 929 1531 in
949 1503 1080 1531 consilia-

290 1553 450 1587 riorumque
494 1559 638 1579 numerum
675 1550 849 1583 admittebat,
884 1556 918 1577 ac
948 1556 1012 1584 pars
1053 1548 1078 1576 ei

291 1600 383 1635 aliqua
398 1597 650 1626 administrationis
664 1596 772 1631 imperii
787 1595 1020 1624 committebatur.
1035 1595 1075 1623 Ex

292 1652 347 1681 quo
370 1644 494 1679 quidem,
513 1644 536 1671 si
560 1643 627 1678 quid
663 1648 745 1670 antea
775 1649 871 1669 eorum
896 1649 957 1676 qua:
974 1640 1077 1669 occulte

291 1692 320 1719 ln
336 1691 448 1718 fratrem
464 1690 659 1721 moliebantur,
678 1689 761 1724 vulgo
777 1695 866 1723 usque
879 1688 905 1715 in
927 1688 952 1715 id
970 1692 1077 1721 tempus

290 1737 380 1765 fuerat
392 1737 526 1772 ignotum,
540 1735 566 1762 id
579 1740 646 1763 tunc
672 1735 760 1769 palam
771 1734 828 1769 jam
843 1738 991 1768 aperteque
1002 1732 1077 1760 dele.

290 1783 415 1819 gebatur,
445 1782 672 1816 impudenterque
688 1781 852 1815 jactahatur.
884 1779 950 1805 Nam
969 1784 996 1805 et
1019 1779 1075 1805 cle—

291 1827 457 1857 mentissinri
471 1828 498 1854 in
517 1828 608 1862 ipsum
636 1827 730 1853 fratris
745 1830 939 1853 testamentum
955 1824 1075 1852 rescindi

293 1879 425 1910 emptum,
435 1878 540 1901 veteres
555 1873 615 1907 ejus
630 1873 710 1899 amici
729 1872 845 1906 superbe
857 1870 1076 1898 contumeliosa:-

290 1926 344 1956 que
367 1920 476 1947 tractari
499 1920 646 1953 rcjicique;
677 1918 809 1944 innocens
842 1920 971 1951 praeterea
1000 1920 1075 1942 torus

292 1966 352 2001 ipse
371 1966 462 2000 regius
481 1965 579 1999 injuria
597 1965 666 1991 allici
685 1970 768 1994 atque
784 1971 798 1989 c
814 1963 885 1996 regia
901 1961 1074 1993 submovcri;

291 2018 318 2040 ct
345 2013 398 2040 nisi
423 2013 503 2039 terris
530 2011 661 2038 Dominus
677 2009 767 2044 Regia:
783 2009 877 2043 stirpis
896 2015 989 2035 semen
1010 2007 1074 2033 reli-

289 2060 407 2095 quisset,
434 2059 523 2093 ipsum
548 2058 622 2084 hunc
645 2057 740 2089 etiam,
761 2063 843 2090 quem
871 2061 943 2080 nunc
961 2052 1076 2080 feliciter

290 2106 435 2141 imperium
473 2104 640 2131 obtinentem
681 2102 825 2133 videmus,
864 2099 1074 2128 Constantinum

291 2152 408 2187 ejectum
433 2152 630 2181 submovisset.
660 2152 689 2175 et
717 2147 923 2175 adolescentulo
946 2145 1075 2174 sclaveno

290 2198 360 2226 iacie
368 2197 439 2231 turpi
458 2196 581 2224 moribus
606 2195 690 2222 etiam
710 2194 837 2229 turpiori,
853 2193 984 2221 traditum
1002 2194 1076 2219 esset

291 2242 499 2280 guhernandum
515 2241 660 2276 imperium
677 2241 841 2268 Romanum.

325 2291 367 2318 Δὶ)
383 2291 435 2317 hae
458 2288 632 2323 Iniquissima
656 2288 775 2315 novitate
797 2287 905 2322 injuriae
920 2285 1004 2313 etiam
1025 2285 1077 2312 illae

290 2338 428 2372 prodiere,
458 2335 559 2371 quibus
586 2334 700 2362 affectus
727 2334 780 2361 fuit
813 2337 923 2360 sanctus
953 2331 998 2359 hic
1021 2331 1075 2358 vir.

293 2383 416 2417 Namque
437 2381 604 2409 consiliariis
625 2388 692 2408 usus
706 2380 750 2412 iis,
768 2378 912 2414 quosALeo
930 2385 1003 2412 saepe
1016 2377 1078 2404 vita

294 2436 352 2456 suae
375 2427 489 2455 insidias
507 2426 591 2454 fuisse
617 2426 726 2454 molitos
748 2423 892 2452 manifeste
910 2423 1076 2455 convicerat,

292 2481 325 2500 ac
340 2477 484 2508 propterea
499 2472 580 2500 etiam
595 2472 630 2499 ab
649 2470 772 2500 ecrlesiis
796 2470 946 2504 repulerat,
963 2468 1004 2495 vel
1025 2468 1076 2503 ipsi

292 2521 396 2555 potius,
421 2524 493 2547 metu
515 2526 548 2546 ne
566 2517 844 2553 deprehenderentur,
862 2523 912 2543 sua
932 2522 961 2543 se
981 2520 1078 2550 sponte

290 2571 474 2598 removerant,
491 2571 520 2593 ut
533 2572 604 2600 quos
618 2564 740 2598 ejusdem
754 2569 846 2590 seelim
862 2562 1004 2589 sententia
1016 2568 1078 2589 esse

291 2611 415 2646 putabat,
430 2611 495 2638 viris
506 2610 673 2637 immanibus
690 2615 722 2636 ac
740 2608 817 2639 feris.
836 2607 939 2642 quique
954 2607 1002 2634 uni
1015 2611 1077 2634 tan-

290 2661 347 2684 tum
363 2657 478 2692 quaestui
498 2655 655 2688 inhiabant,
670 2662 701 2681 ea
726 2654 838 2682 saavitia:
854 2653 979 2687 exempla
997 2653 1024 2680 in
1042 2652 1077 2680 il-

289 2703 345 2730 lum
363 2703 458 2735 edidit,
474 2709 527 2736 que
542 2700 570 2729 in
586 2708 649 2729 eum
667 2701 709 2728 edi
728 2706 778 2736 par
800 2704 853 2732 est,
869 2700 916 2735 qui
934 2699 962 2727 in
979 2699 1078 2734 hujus-

292 2748 368 2776 modi
397 2748 591 2775 sceleratorum
608 2754 707 2774 manus
721 2746 838 2774 traditus
857 2747 903 2773 sit.
921 2745 960 2772 Ac
978 2750 1077 2773 caetera

288 2793 398 2828 quidem
427 2793 521 2821 videor
536 2793 602 2820 mihi
627 2793 711 2820 missa
736 2791 873 2824 facturus,
907 2797 1078 2825 quisacunque

288 2835 517 2866 contumeliosius
532 2839 577 2866 ille
596 2839 623 2866 in
647 2843 760 2866 sanctos
781 2838 855 2865 viros
871 2836 970 2869 effecit,
989 2843 1078 2871 eaque

288 2885 512 2912 cummcmorabo
542 2884 753 2917 tantummodo,
787 2884 861 2911 unde
891 2883 1077 2918 pulcherrime

1127 972 1293 995 consecutus
1319 972 1363 994 est
1388 973 1481 994 casus.
1507 965 1613 993 Etenim
1641 964 1687 991 ubi
1712 963 1850 990 hominem
1876 962 1917 990 sic

1127 1020 1290 1048 persuasum
1305 1012 1343 1040 illi
1357 1012 1542 1043 iutroduxere,
1556 1018 1589 1038 ac
1607 1009 1719 1037 violacei
1734 1008 1836 1036 coloris
1847 1008 1917 1035 ami-

1126 1059 1189 1087 culo
1209 1062 1309 1086 tectum
1326 1065 1413 1086 sacras
1436 1064 1538 1085 mensas
1557 1056 1712 1087 admovere,
1738 1061 1839 1089 magno
1853 1061 1915 1081 cum

1127 1110 1187 1136 suo,
1195 1107 1252 1130 tum
1260 1102 1332 1130 illius
1340 1102 1432 1130 futuro
1439 1102 1571 1129 dedecore
1577 1100 1711 1136 (quando,
1717 1099 1824 1134 opinor.
1835 1105 1916 1134 pinna

1129 1149 1187 1176 hare
1212 1149 1296 1176 illata
1317 1148 1377 1175 viro
1399 1152 1496 1176 sancto
1520 1147 1597 1174 necis
1616 1150 1676 1174 erat
1701 1145 1827 1179 futura),
1849 1151 1915 1172 con-

1128 1194 1220 1222 festim
1243 1194 1288 1221 illo
1318 1198 1379 1228 post
1403 1193 1511 1221 facinus
1535 1192 1603 1219 illud
1623 1196 1680 1219 tam
1706 1191 1796 1218 audax
1823 1195 1916 1217 mento

1128 1245 1226 1274 captus
1245 1244 1298 1271 est,
1324 1245 1414 1273 neque
1427 1246 1461 1265 ex
1477 1245 1510 1265 eo
1532 1238 1578 1265 die
1591 1237 1618 1264 in
1634 1240 1770 1272 potestate
1787 1243 1838 1263 sua
1855 1243 1914 1262 am-

1129 1285 1202 1320 plius
1220 1284 1281 1312 fuit.
1300 1284 1370 1311 Nam
1382 1289 1410 1311 et
1425 1283 1653 1314 audacissimum,
1669 1289 1722 1309 non
1738 1287 1830 1308 tamen
1842 1279 1916 1307 omni

1128 1337 1160 1358 ex
1182 1334 1257 1365 parte
1274 1328 1539 1364 reprehendendum,
1557 1327 1665 1354 facinus
1686 1326 1790 1361 majore
1808 1333 1871 1353 mox
1884 1332 1917 1352 ac

1130 1374 1326 1410 perniciosiore
1337 1373 1392 1401 alio
1410 1372 1571 1401 cumulavit.
1592 1371 1662 1399 Cum
1674 1372 1746 1398 enim
1761 1371 1861 1398 stantis
1872 1369 1915 1401 iis,

1129 1427 1190 1455 qua:
1215 1419 1243 1446 in
1265 1418 1451 1454 hippodromo
1467 1422 1541 1450 sunt,
1557 1417 1667 1445 solitum
1684 1416 1791 1444 Baccho
1811 1415 1917 1443 sacrifi-

1128 1467 1201 1493 cium
1216 1465 1274 1493 iieri
1290 1464 1409 1497 fecisset,
1419 1471 1487 1492 sane
1499 1463 1624 1491 meritam
1632 1463 1694 1497 ejus
1708 1462 1747 1490 rei
1762 1462 1915 1489 mercedem

1130 1512 1204 1539 illico
1227 1511 1378 1546 reportavit
1396 1518 1403 1537 :
1428 1510 1564 1545 siquidem
1591 1510 1624 1537 iis
1640 1508 1763 1536 nondum
1784 1508 1915 1543 peractis.

1131 1558 1324 1586 miserabiliter
1346 1556 1473 1585 sublimis
1499 1556 1571 1583 intra
1595 1555 1751 1583 cubiculum
1772 1562 1855 1582 suum
1877 1558 1918 1581 est

1132 1605 1307 1639 importatus.
1320 1602 1391 1630 Casu
1409 1601 1495 1629 nihilo
1515 1601 1627 1628 meliore
1640 1608 1721 1635 quam
1738 1599 1790 1626 fuit
1805 1599 1853 1627 ille
1867 1599 1918 1627 lle-

1131 1649 1218 1681 rodis.
1232 1648 1278 1684 qui
1293 1655 1355 1675 cum
1368 1647 1501 1675 Jacobum
1517 1645 1639 1673 Zebedzi
1656 1646 1740 1673 lilium
1755 1645 1782 1673 in
1801 1647 1916 1681 gratiam

1130 1703 1227 1723 eorum
1243 1695 1292 1731 qui
1318 1694 1458 1722 Christum
1478 1693 1646 1726 occiderant,
1664 1692 1862 1726 interemisset,
1885 1699 1918 1719 ac

1131 1742 1242 1769 Petrum
1260 1742 1350 1777 ipsum
1363 1740 1553 1776 apostolorum
1569 1739 1720 1774 principem
1737 1738 1819 1766 simili
1839 1738 1918 1765 modo

1133 1787 1230 1814 fuisset
1245 1788 1370 1819 adortus,
1387 1786 1515 1812 meritum
1529 1784 1588 1819 ipse
1601 1791 1714 1819 quoque
1727 1782 1862 1812 facinoris
1875 1784 1916 1811 sui

1132 1833 1273 1868 prmnium
1291 1837 1334 1860 est
1353 1837 1533 1864 consecutus;
1555 1831 1656 1866 quippe
1671 1830 1719 1865 qui
1742 1830 1769 1857 in
1785 1830 1916 1862 maxima,

1132 1885 1193 1913 qua
1208 1878 1240 1904 ad
1264 1877 1338 1905 diem
1359 1877 1509 1905 solemnem
1539 1880 1736 1909 convenerant,
1761 1875 1916 1903 mortalium

1133 1924 1295 1959 frequentia.
1323 1924 1400 1958 regio
1429 1923 1579 1951 satellitum
1608 1922 1738 1950 comitatu
1770 1922 1915 1954 subnisus,

1132 1978 1240 1998 summo
1253 1970 1391 2001 cruciatu,
1407 1969 1575 1997 scatentibns
1597 1968 1718 2004 undique
1730 1975 1764 1996 es
1779 1967 1841 2002 ejus
1852 1974 1918 1995 con-

1131 2023 1196 2051 pore
1211 2015 1362 2048 vermibus,
1376 2016 1409 2042 de
1421 2015 1476 2042 vita
1492 2014 1659 2043 discesserit.

1169 2062 1314 2095 Quomodo
1338 2066 1430 2089 autem
1458 2061 1505 2088 hic
1532 2060 1645 2088 noster?
1668 2059 1759 2087 Nostis
1782 2058 1915 2094 profecto.

1131 2106 1364 2141 quemadmodum
1380 2106 1535 2134 miserrime
1552 2105 1605 2133 fuit
1620 2105 1665 2133 ille
1680 2105 1780 2137 elatus.
1798 2109 1915 2140 quanta-

1129 2160 1182 2188 que
1196 2152 1224 2180 in
1237 2152 1297 2187 eius
1310 2151 1411 2179 funere
1424 2151 1550 2180 faciendo
1561 2152 1682 2179 adhibita
1690 2151 1840 2184 festinatio,
1850 2150 1915 2178 sella

1132 2200 1218 2236 regia,
1239 2206 1293 2235 qua
1303 2199 1365 2234 ejus
1382 2205 1482 2234 corpus
1498 2198 1669 2234 portabatur,
1684 2197 1838 2230 wnfracta,
1853 2203 1915 2232 per-

1089 2252 1116 2283 D
1130 2247 1193 2274 inde
1206 2253 1239 2274 ac
1255 2246 1277 2273 si
1302 2253 1374 2281 aegre
1399 2245 1508 2273 tulisset
1521 2244 1734 2273 sceleratissimo
1750 2251 1780 2271 se
1796 2243 1843 2271 illa
1858 2251 1916 2271 sar-

1128 2292 1190 2319 cina
1217 2298 1340 2326 pressam
1367 2290 1464 2318 fuisse.
1485 2288 1644 2317 Meminisse
1659 2289 1773 2324 potestis
1786 2293 1915 2323 pra-terea

1128 2344 1211 2372 quam
1223 2337 1343 2371 graviter
1357 2335 1483 2371 fedeque
1496 2335 1589 2363 infelix
1606 2335 1672 2362 illud
1692 2341 1794 2369 corpus
1806 2334 1913 2364 feteret.

1129 2386 1305 2417 quantusque
1327 2389 1360 2409 ac
1380 2388 1463 2417 quam
1484 2385 1555 2408 teter
1578 2384 1653 2407 esset
1678 2380 1745 2408 odor
1762 2379 1818 2411 ille,
1834 2386 1913 2414 quem

1129 2427 1334 2455 occurrentium
1359 2426 1412 2454 sibi
1435 2427 1549 2454 naribus
1567 2425 1681 2456 afflaret,
1696 2424 1830 2460 ejusmodi
1842 2424 1915 2451 vide-

1133 2474 1200 2502 licet
1222 2473 1268 2508 qui
1298 2477 1451 2500 aromatum
1474 2480 1536 2507 quze
1560 2472 1769 2500 incenderentur
1792 2470 1913 2498 omnium

1131 2520 1243 2547 odorem
1264 2519 1455 2547 confunderet.
1476 2518 1646 2545 lntumuerat
1667 2522 1797 2553 pmterea
1814 2518 1912 2544 mirum

1131 2565 1158 2592 in
1177 2565 1301 2592 modum.
1326 2565 1415 2600 Atque
1428 2564 1486 2592 haec
1502 2564 1611 2599 quidem
1628 2563 1726 2591 divinre
1742 2561 1914 2598 providentiae

1131 2617 1206 2637 nunc
1222 2609 1251 2636 in
1272 2608 1357 2637 rebus
1375 2608 1505 2636 humanis
1524 2609 1586 2636 vitae
1604 2608 1685 2643 hujus
1705 2607 1806 2635 indicia
1823 2607 1912 2639 fuere;

1129 2663 1193 2683 nam
1216 2660 1245 2683 ct
1270 2655 1484 2690 colliquesccnte
1510 2655 1567 2690 jam
1584 2654 1611 2681 in
1632 2658 1770 2689 putrorem
1791 2660 1912 2688 corpore,

1129 2701 1189 2736 ejus
1205 2701 1295 2728 adhuc
1309 2701 1442 2736 spirantis
1455 2700 1562 2728 tabidas
1578 2707 1676 2727 carnes
1689 2707 1722 2727 ex
1740 2699 1912 2726 inferioribus

1130 2746 1210 2774 aiunt
1225 2746 1352 2781 partibus
1377 2745 1534 2779 efﬂuxisse;
1557 2753 1611 2781 quo
1630 2746 1740 2781 quidem
1758 2745 1858 2772 factum
1873 2747 1912 2770 est

1131 2797 1162 2819 ut
1176 2792 1220 2819 vix
1246 2792 1280 2819 ad
1303 2791 1469 2820 destinatum
1493 2792 1648 2826 sepulcrum
1665 2790 1783 2818 delatum
1801 2790 1910 2825 turpiter

1132 2838 1227 2871 fuerit,
1244 2838 1483 2873 ignominioseque
1498 2838 1659 2873 projectum.

1168 2883 1354 2911 Conferamur
1372 2891 1445 2912 nunc
1457 2884 1570 2917 nostris.
1588 2884 1611 2912 si
1623 2884 1722 2919 placet,
1736 2891 1767 2911 ca
1779 2890 1838 2919 quae
1851 2881 1909 2911 huic
