4164 6422
395 395 503 458 805

1373 382 1717 444 JOANNES
1755 379 2194 443 GEOMETRA.
2213 404 2281 418 -·-
2317 380 2652 444 ΝΟΤιΤΙΑ.

3541 376 3650 442 806

392 516 719 565 evenerunt,
765 495 1195 563 ostendaturque
1252 493 1382 562 quid
1425 492 1714 562 religiosus
1750 501 1803 545 et
1847 491 1970 560 pius
2009 506 2049 557 Α
2081 490 2396 560 hujusmodi
2465 492 2676 545 exitum
2742 497 3019 559 exspectat
3078 504 3293 544 morum
3367 491 3659 558 asperitas,

392 602 501 661 vir,
547 595 678 665 quid
727 594 854 645 item
884 597 1074 644 contra
1129 587 1221 640 Dei
1264 594 1611 654 contemptor
1647 594 1703 639 et
1747 584 1970 652 impius,

391 687 781 761 quomodoqne
823 683 927 736 viri
960 681 1033 751 pii
1077 680 1285 735 exitum
1319 678 1500 732 honos
1532 678 1729 732 solitus
1761 675 1835 731 sit
1875 690 1971 729 c0-

391 780 600 843 mitari,
646 786 948 844 contraque
992 772 1205 827 scelesti
1248 771 1455 825 derisio
1505 769 1970 839 contemptioque.

390 874 526 929 Nam
576 869 644 925 ad
693 882 779 932 ea,
830 880 952 936 quae
1000 865 1261 931 diximus,
1318 863 1448 917 illud
1499 862 1665 917 etiam
1717 862 1967 924 accessit,

392 964 536 1036 quod
568 977 635 1014 ne
666 959 826 1014 solita
858 955 1080 1027 quidem
1108 955 1241 1009 viris
1271 954 1375 1023 piis
1407 962 1527 1021 post
1553 960 1782 1007 mortem
1818 952 1973 1005 adhi-

392 1054 508 1111 beri
551 1050 938 1119 exsequiarum
974 1047 1122 1117 justa
1167 1044 1215 1101 ei
1270 1045 1545 1115 persoluta
1588 1042 1761 1109 fuere,
1796 1057 1973 1111 neque

392 1146 541 1213 regia
597 1140 841 1196 adhibita
906 1153 935 1191 a
998 1136 1410 1207 magistratibus
1472 1150 1704 1205 pompa,
1776 1146 1971 1203 praeter

391 1232 752 1307 paucissimos
770 1231 1039 1301 quosdam
1085 1229 1418 1297 eosdemque
1444 1224 1984 1295 contemptissimus,

393 1329 487 1397 qui
518 1324 738 1380 cuilibet
781 1322 945 1376 etiam
989 1321 1056 1374 de
1099 1320 1262 1389 vulgo
1294 1319 1515 1373 solitum
1550 1316 1787 1371 ofﬁcium
1834 1333 1970 1385 prte-

397 1417 591 1473 staturi
628 1415 880 1470 fuissent.
914 1412 1079 1481 Atqui
1118 1413 1325 1465 multos
1365 1419 1546 1464 tamen
1596 1410 1685 1463 ille
1720 1408 1803 1463 sui
1857 1418 1965 1461 stu-

398 1514 582 1565 diosos
633 1508 886 1571 habebat,
946 1522 1123 1574 neque
1168 1504 1425 1574 impedita
1486 1511 1604 1556 erat
1655 1502 1851 1571 cuique
1905 1502 1970 1554 ad

395 1618 518 1658 eum
568 1599 1189 1669 conllncndipotestas;
1235 1598 1337 1651 nisi
1380 1596 1557 1651 sicubi
1606 1594 1769 1664 aliqui
1810 1595 1971 1649 etiam

394 1708 594 1764 praesto
638 1692 810 1755 fuere,
853 1706 993 1761 quos
1035 1698 1223 1760 utpote
1270 1696 1589 1743 auctoratos
1649 1686 1768 1741 sine
1818 1701 1972 1741 mora

396 1784 823 1854 imperatoribus
869 1797 1133 1851 apparere
1193 1790 1490 1850 Opnrlercl.
1538 1776 1642 1833 Sed
1709 1778 1966 1832 nimirum

2076 585 2289 639 duritas
2359 582 2911 653 implacabilitasque.
2945 581 3051 634 Sed
3104 580 3219 636 hac
3261 580 3428 636 missa
3479 583 3655 636 facia-

2077 690 2223 737 mus.
2244 688 2443 744 eaque,
2474 687 2598 742 qua:
2626 673 2782 726 initio
2815 671 2973 726 nobis
3000 671 3279 741 proposita
3308 678 3485 733 erant,
3519 686 3661 741 pro-

2077 782 2400 837 sequamur,
2431 765 2849 833 orationemque
2879 764 2982 818 hoc
3008 765 3168 818 modo
3200 764 3578 817 terminemus.

2150 854 2196 911 0
2219 863 2547 927 potestatem
2582 855 2908 925 pontiﬁcum
2954 852 3077 909 Dei!
3109 871 3232 925 quae
3266 870 3373 909 una
3405 871 3527 910 eum
3562 855 3658 919 iis,

2075 945 2169 1016 qui
2213 946 2433 1000 virtutis
2482 960 2650 999 causa
2686 946 2933 1013 perpessi
2982 945 3215 1014 injurias
3262 952 3413 1010 sunt,
3466 945 3650 999 latitia

2074 1039 2354 1104 exsultas;
2392 1050 2498 1092 una
2531 1052 2656 1091 cum
2705 1036 2838 1090 Abel
2881 1035 3098 1091 invidia:
3134 1036 3374 1091 obnoxia
3417 1051 3496 1099 es,
3542 1049 3648 1089 una

2077 1148 2203 1187 eum
2237 1132 2467 1200 antiquo
2499 1130 2592 1184 illo
2631 1129 2803 1183 Jacob
2836 1127 2905 1182 ab
2931 1129 3145 1184 mmulis
3166 1130 3389 1184 assidue
3412 1129 3648 1190 vexaris,

2078 1241 2183 1280 una
2221 1241 2345 1279 cum
2391 1223 2653 1276 Zacharia
2690 1222 2982 1291 jngularis,
3033 1237 3139 1275 una
3190 1237 3315 1275 cum
3352 1221 3554 1275 Jacoho
3597 1222 3649 1275 in

2076 1319 2304 1389 gratiam
2346 1314 2663 1372 Iudaeorum
2707 1313 2987 1375 mactaris,
3022 1329 3128 1367 una
3161 1329 3283 1366 cum
3315 1314 3441 1367 divo
3476 1314 3651 1366 Atha-

2077 1414 2231 1468 nasio
2276 1426 2306 1466 e
2360 1408 2586 1466 sedibus
2645 1409 2754 1462 tuis
2807 1408 3136 1473 exturbaris,
3181 1422 3289 1462 una
3326 1422 3447 1460 cum
3484 1404 3653 1458 Paulo

2075 1506 2256 1562 exsilii
2315 1505 2542 1575 pedicis,
2606 1499 3068 1574 quemadmodum
3129 1500 3238 1561 hic,
3290 1496 3653 1552 confessionis

2078 1599 2411 1661 honestat-is,
2474 1613 2582 1652 una
2635 1611 2759 1651 cum
2807 1591 3119 1664 Nicephoro
3170 1601 3224 1645 et
3271 1591 3464 1645 Photio
3521 1590 3654 1642 viris

2081 1689 2404 1747 clarissimis
2446 1688 2587 1758 fugis
2618 1703 2682 1742 ac
2720 1686 2992 1740 mortibus
3026 1681 3321 1737 decoraris.
3366 1679 3445 1745 Te
3475 1679 3657 1749 sepul-

2079 1799 2233 1838 crum
2268 1797 2376 1835 non
2405 1779 2643 1850 operuit,
2681 1778 2772 1833 sed
2804 1775 3061 1830 omnibus
3091 1789 3214 1844 qua:
3241 1772 3343 1827 sub
3367 1771 3508 1826 coelo
3529 1780 3657 1823 sunt

393 1878 682 1947 oportebat
719 1885 780 1930 ut
825 1874 1135 1944 hujusmodi
1172 1874 1511 1943 sepulturam
1557 1870 1969 1925 nancisceretur
1999 1854 2044 1912 Β
2077 1875 2237 1930 terris
2267 1874 2499 1943 aperuit,
2528 1870 2605 1927 Te
2644 1886 2752 1925 non
2792 1880 2935 1924 terra
2979 1869 3243 1933 contexit,
3273 1868 3366 1921 sed
3400 1864 3657 1921 omnibus

395 1971 478 2023 vir
506 1969 753 2022 omnium
780 1966 1309 2036 importunissimus,
1346 1980 1468 2034 quae
1493 1964 1675 2018 debita
1707 1963 1873 2016 rebus
1901 1963 1969 2015 ab

393 2079 461 2117 eo
491 2064 756 2117 scelerate
786 2060 953 2129 gestis
985 2059 1211 2112 alterius
1242 2056 1289 2111 ei
1320 2057 1440 2110 vita:
1467 2054 1735 2124 supplicia
1774 2066 1970 2122 reprae-

396 2169 661 2213 sentarel.
698 2156 967 2210 Caeterum
1016 2155 1101 2207 hic
1136 2153 1355 2222 quidem
1403 2152 1503 2203 hoc
1534 2149 1696 2204 modo
1746 2148 1970 2202 meritas

395 2251 664 2306 scelerum
694 2263 918 2303 suorum
949 2260 1137 2316 pcenas
1165 2241 1438 2314 pependit.

467 2340 609 2406 Quid
641 2355 772 2393 vero
816 2340 936 2406 ejus
962 2337 1176 2392 consilii
1205 2334 1448 2404 primat-ii
1484 2343 1758 2395 auctores,
1798 2332 1971 2385 maxi-

396 2446 596 2501 meque
628 2430 717 2485 illa
747 2430 956 2484 circum
990 2428 1255 2483 nefarium
1282 2434 1443 2496 caput
1471 2424 1741 2495 palpitans
1759 2423 1971 2478 cauda?

395 2526 645 2579 Aliorum
699 2524 961 2578 nimirum
1004 2522 1114 2591 jam
1169 2520 1375 2575 exitum
1435 2520 1695 2584 vidimus,
1739 2532 1970 2587 quorum

398 2618 667 2672 memoria
701 2631 823 2671 cum
868 2614 1051 2670 sonitu
1090 2612 1270 2682 periit,
1304 2611 1424 2666 aliis
1463 2611 1624 2665 etiam
1658 2625 1721 2663 ex
1751 2609 1974 2678 propiu-

396 2723 508 2777 qno
537 2707 648 2775 jam
675 2705 962 2759 imminere
1003 2703 1281 2768 videmus;
1334 2715 1511 2769 neque
1552 2697 1695 2752 enim
1740 2695 1973 2767 gemitus

398 2812 705 2868 pauperum
756 2793 955 2865 peribit
1006 2795 1060 2848 in
1094 2795 1280 2858 ﬁnem,
1325 2800 1595 2859 canetque
1637 2790 1840 2843 chorus
1879 2787 1973 2857 ju-

399 2887 778 2947 vencularum,
821 2885 1017 2945 nostri,
1066 2884 1315 2953 inquam,
1356 2881 1541 2935 saeculi
1581 2879 1974 2939 Ecclesiarnm.

397 2978 647 3032 victoria:
707 2991 955 3040 caunen,
1018 2989 1159 3028 novo
1223 2984 1275 3027 et
1324 2974 1638 3042 importuno
1688 2969 1977 3023 Pharaone

401 3086 508 3125 una
544 3085 668 3124 cum
701 3067 957 3123 curribus
991 3076 1045 3121 et
1073 3066 1349 3136 equitibus
1384 3064 1657 3118 demerso.
1694 3061 1973 3131 Siquidem

2077 1982 2200 2037 quae
2256 1965 2458 2035 ubique
2522 1973 2651 2019 sunt
2702 1963 2950 2031 partibus
2982 1959 3101 2027 ejus
3140 1959 3399 2021 ostendit,
3432 1959 3655 2026 dignum

2080 2055 2392 2126 pontiﬁcem
2423 2068 2489 2108 eo
2512 2053 2671 2123 quite
2704 2063 2986 2106 creaverat
3007 2049 3138 2112 Deo,
3163 2048 3418 2101 idoneum
3447 2062 3655 2115 praeco-

2084 2163 2203 2201 nem
2270 2145 2431 2200 rebus
2466 2143 2608 2198 illius
2635 2141 2926 2211 magniﬁce
2971 2138 3162 2208 gestis,
3208 2137 3442 2191 similem
3486 2135 3653 2188 etiam

2078 2251 2267 2291 eorum
2286 2251 2424 2304 quos
2438 2235 2555 2303 ipse
2571 2232 2767 2286 tulerat
2787 2230 3035 2283 laborum
3054 2228 3258 2280 exitum
3274 2232 3655 2280 consecutum.

2083 2322 2467 2377 Verumtamen
2501 2321 2860 2391 quilaborum
2893 2318 3003 2387 jam
3038 2328 3257 2371 tuorum
3281 2315 3500 2383 praemia
3530 2326 3656 2382 per-

2079 2415 2291 2484 cepisti,
2318 2428 2535 2483 unaque
2568 2428 2626 2467 es
2668 2426 2791 2465 cum
2836 2410 2975 2463 duce
3004 2409 3378 2477 magistroque
3412 2404 3657 2464 Christo,

2082 2524 2205 2562 eum
2243 2507 2442 2562 isthinc
2471 2505 2628 2559 nobis
2651 2502 2903 2566 concilia,
2929 2510 2989 2556 ut
3010 2500 3497 2569 sistatprocellam,
3517 2506 3660 2552 tem-

2081 2607 2349 2669 pestatem
2383 2594 2660 2658 cohibeat,
2706 2594 2876 2648 maris
2906 2591 3201 2645 tumultum
3230 2588 3405 2651 sedet,
3437 2586 3526 2652 iis,
3564 2586 3656 2654 qui

2083 2691 2269 2745 itidem
2320 2698 2379 2743 ut
2413 2703 2512 2743 nos
2541 2686 2761 2757 injuriis
2793 2683 2974 2738 allecti
3002 2680 3178 2743 fuere,
3211 2683 3404 2735 merita
3434 2678 3658 2749 prremia

2084 2781 2376 2852 persolvat,
2417 2778 2531 2833 sive
2580 2786 2641 2831 ut
2680 2776 2949 2847 judicium
3003 2784 3359 2828 convertatur
3399 2773 3453 2825 in
3496 2770 3662 2841 justi-

2086 2875 2236 2938 tiam,
2297 2872 2411 2927 sive
2460 2881 2519 2924 ut
2571 2868 2897 2939 injuriarum
2950 2874 3204 2920 auctores
3255 2870 3557 2934 agnoscant
3603 2876 3664 2914 se

2081 2965 2402 3034 deliquisse,
2437 2971 2491 3017 et
2533 2962 2807 3026 idoneam,
2858 2968 3046 3013 contra
3092 2971 3257 3027 quam
3297 2954 3565 3008 hactenus
3594 2952 3662 3004 ab

2085 3059 2167 3113 his
2197 3058 2398 3112 factum
2432 3066 2535 3122 est,
2563 3054 2891 3111 cantilenam
2925 3050 3305 3109 auspicentut'.

1606 3271 1635 3279 η
1667 3270 1769 3292 ,-

3349 3276 3657 3289 --α-ο

402 3272 1876 3320 W

1915 3290 2146 3305 ——-..

1468 3446 1773 3501 INEUNTE,
1827 3445 1910 3491 UT
1939 3442 2245 3495 VIDETUR,
2284 3439 2534 3482 SECULO
2566 3437 2604 3479 Χ

873 3644 1847 3838 JOANNES
1981 3629 3239 3839 GEOMETRA.

1812 4112 2321 4205 NOTITIA

395 4328 505 4391 (Ex
538 4323 825 4389 ρι-κιειίοιιε
871 4318 931 4368 ιι.
959 4317 1013 4366 ν-
1041 4314 1157 4364 Αιιι-
1187 4306 1729 4391 “simiai:“£32.32.
1756 4290 3138 4391 exesaeesse.Menestamei,TW”
3181 4286 3526 4349 εοηεενίίοί·ί³
3573 4286 3667 4332 δ”-

1239 4356 1493 4421 ὶῖιξὲυὶάίω
1514 4356 1731 4429 Virginis
1756 4356 1985 4426 Deipartc
2014 4356 2357 4412 illustrandum
2382 4362 2547 4407 ttoma:
2570 4356 2688 4405 1856
2712 4356 2883 4416 edita.)

2022 4537 2087 4552 "—

483 4688 562 4748 De
590 4690 742 4736 certa
778 4689 939 4734 aetate
982 4693 1088 4747 qua
1122 4676 1413 4731 Geometra
1462 4670 1680 4733 vixerit,
1712 4667 1952 4724 nondum
1985 4674 2218 4732 constat,
2255 4664 2383 4718 licet
2424 4656 2671 4714 nonnulli
2716 4652 2981 4724 temporis
3017 4652 3173 4717 lines,
3217 4650 3311 4711 lati
3357 4648 3393 4705 ii
3422 4648 3672 4719 quidem,

396 4734 583 4840 aliqui
647 4779 833 4824 tamen
862 4734 1140 4837 assignari
1171 4767 1283 4834 jam
1318 4763 1553 4833 possint,
1585 4759 1787 4829 quibus
1825 4770 1927 4811 nec
1954 4753 2231 4823 antiquior
2260 4765 2358 4804 nec
2386 4745 2661 4802 recentior
2701 4743 2966 4798 dicendus
3002 4740 3099 4795 sit.
3130 4740 3375 4793 Alterum
3405 4736 3566 4791 nobis
3602 4734 3672 4788 li-

408 4825 605 4916 initem
643 4860 760 4914 haec
802 4859 944 4928 ipsa,
984 4825 1091 4911 nisi
1124 4825 1519 4920 fallen-oratio
1550 4825 1771 4919 prabet.
1801 4861 1967 4916 quam
1991 4843 2229 4899 edimus.
2259 4838 2394 4892 Nam
2425 4836 2515 4891 ubi
2547 4835 2614 4890 ad
2649 4830 3061 4928 explanandum.
3086 4826 3385 4928 Dominicis
3419 4825 3673 4921 incarna-

403 4949 579 5004 tionis
627 4910 953 5017 mysterrimu
994 4943 1239 4999 Joannes
1280 4910 1514 5005 accedit,
1552 4910 1673 4992 non
1726 4910 2124 5005 Eutychianam
2181 4929 2369 4989 modo,
2416 4937 2608 4980 verum
2655 4921 2820 5017 etiam
2844 4914 3321 5017 .Monotltetitlicam
3360 4910 3673 5017 hmretieam

410 4996 803 5090 confusionem
863 5041 945 5088 sat
1252 4996 1569 5100 perstringit
1625 5035 1678 5079 et
1711 4996 1995 5094 impugnat
2028 5016 2084 5090 (ᾗ
2130 5015 2295 5084 XXI).
2336 5012 2469 5100 Post
2496 5018 2745 5100 exqrtam
2787 5006 2953 5100 igitur
2990 4996 3677 5100 Monothelitarumdiaare-

412 5122 530 5178 sim
561 5121 805 5192 scriptus
833 5129 921 5174 est
944 5132 1154 5175 sermo.
1192 5082 1440 5171 Alierum
1470 5082 1602 5168 δέτι-ο
1633 5082 2104 5167 limitem'certnm
2130 5082 2316 5173 deﬁgit
2339 5098 2542 5155 Catena
2574 5094 2801 5150 Patrum
2823 5094 2883 5145 in
2904 5090 3105 5143 Lucam
3138 5087 3207 5142 ab
3234 5082 3671 5192 eminentissimo

405 5173 624 5279 Angela
838 5173 1028 5262 firm-vce
1060 5205 1207 5261 edita
1236 5206 1291 5257 in
1338 5201 1534 5271 Script.
1576 5210 1678 5253 vet.
1710 5206 1751 5251 t.
1803 5195 1897 5260 IX,
1940 5205 1994 5249 et
2027 5193 2271 5249 Nicetam
2307 5183 2979 5279 Constantinopolitanum
3008 5179 3310 5279 diaconum.
3338 5173 3545 5273 tiaberis
3574 5185 3675 5267 au-

403 5260 645 5357 cto;em.
680 5295 821 5351 Cum
856 5296 1003 5351 enim
1051 5295 1220 5349 multa
1248 5309 1282 5347 e
1314 5260 1545 5346 Joannis
1572 5288 1876 5343 Geometras
1908 5283 2133 5353 scriptis
2166 5279 2358 5335 Niceta
2387 5272 2745 5342 decerpserit,
2776 5277 2831 5323 et
2861 5283 2974 5323 sum
3002 5261 3311 5357 collectioni
3357 5260 3675 5357 insi-ruerit.

1360 5396 1414 5436 tu
1446 5376 1782 5449 praestiterit,
1818 5374 1996 5444 palam
2025 5346 2111 5425 est
2144 5368 2490 5424 Geometram
2534 5371 2661 5415 aute
2694 5359 2745 5413 id
2784 5355 3048 5426 temporis
3080 5351 3348 5456 ﬂorluisse.
3377 5346 3678 5456 Quodlau-

414 5434 470 5445 --
498 5434 582 5456 ι----
623 5434 747 5452 ,ητ-
1056 5434 1297 5439 unm"-
1363 5434 1370 5436 ξ
1446 5434 1462 5449 .
1771 5434 1778 5439 .
1820 5434 1836 5444 .

414 5488 529 5532 tem
558 5477 806 5549 quidam,
845 5474 995 5528 nulla
1028 5472 1157 5535 alia,
1190 5479 1250 5525 ut
1272 5468 1507 5533 videtur,
1541 5466 1608 5520 de
1638 5478 1826 5528 causa,
1862 5460 1967 5515 nisi
1999 5468 2060 5514 ut
2087 5472 2155 5512 ne
2185 5467 2411 5526 prorsus
2441 5451 3106 5549 deneontaeelant,‘ee‘rtam
3137 5440 3377 5549 aliqtia‘m
3410 5434 3676 5549 eplocham

411 5524 1197 5637 dir-sig‘nware-ina-luerint,7uti
1224 5574 1276 5611 γ.
1312 5573 1397 5627 gr.
1427 5524 1735 5611 casimirus
1761 5524 2166 5637 0tuiiuus,qui
2188 5524 2450 5637 itm-anno
2482 5537 2625 5637 l05ﬁ
2659 5526 3335 5637 et‘
3350 5524 3676 5637 medi-oss:

414 5606 610 5711 culobx
642 5662 739 5709 aut
764 5667 821 5706 xi
845 5606 1200 5708 Geometjram
1223 5606 1432 5700 vixisse
1460 5641 1826 5705 allirmarunt,
1859 5652 1962 5707 pm
1992 5634 2165 5692 nihilo
2205 5629 2518 5685 habendum
2547 5633 2653 5680 est.
2697 5620 2957 5689 Nunquid
2990 5617 3136 5672 enim
3172 5630 3282 5670 non
3313 5612 3428 5685 pari
3457 5612 3580 5683 jure
3611 5606 3684 5663 ad

501 5808 579 5877 (a)
622 5810 695 5866 De
724 5812 908 5879 script.
943 5808 1068 5863 ccci.
1095 5806 1160 5871 ll,
1193 5803 1308 5859 615.
2189 5790 2263 5859 (b)
2294 5786 2433 5841 Bibl.
2467 5784 2628 5842 Com.
2664 5782 2772 5840 vol.
2800 5780 2840 5849 l,
2874 5795 2996 5851 pag.
3022 5776 3112 5833 23.
