4164 6412
506 370 613 434 807
1701 364 2061 431 ’JOANNES
2101 363 2308 425 GEOM
2318 364 2535 427 ETRA.
3652 356 3760 419 808

509 487 772 541 saeculum
817 500 867 538 ιχ
923 485 1175 538 cumdcm
1215 483 1541 553 scriptorem
1594 481 1800 537 referre
1847 485 2121 554 quispiam
2173 484 2392 552 posset?
2438 480 2761 552 llippolytus
2799 476 3140 531 Mat-raccius
3175 469 3457 542 (Bibliotlt.
3501 467 3755 539 Mariam,

514 583 659 642 part.
693 589 707 627 I
746 574 813 627 ad
855 588 905 625 v.
948 571 1182 624 Joannes
1225 568 1528 639 Gcomctra)
1564 570 1776 631 scribit,
1820 585 1944 624 eum
1979 572 2222 639 ﬂoruisse
2255 573 2398 625 circa
2440 586 2639 624 annum
2668 568 2862 622 salutis
2894 584 2987 636 per
3021 565 3293 620 Christum
3342 570 3604 628 reparata:
3632 562 3757 617 980.

518 658 672 714 Unde
699 669 881 714 tamen
915 659 966 711 id
995 658 1269 723 didicerit,
1303 659 1502 712 tacitus
1534 658 1791 727 praeterit.
1814 658 1971 724 Quod
2006 662 2052 715 si
2084 660 2336 714 nonnihil
2369 658 2764 713 verisimilibus
2798 653 3136 724 conjecturis
3163 649 3333 705 tribui
3368 648 3761 719 oporteat.boc

520 764 691 799 uuqu
726 747 865 799 forte
898 759 1005 798 non
1039 745 1393 799 abnuendum
1431 746 1729 809 videbitur,
1776 761 1843 801 eo
1876 747 1997 815 ipso
2043 748 2189 815 quod
2233 756 2343 799 tam
2374 745 2543 799 multa
2577 761 2608 798 e
2650 744 2944 798 Geometra
2977 741 3031 794 in
3062 750 3313 794 catenam
3346 752 3504 793 suam
3548 736 3761 791 Nicctas

514 835 803 898 derivavit,
831 833 1087 888 omnibus
1115 834 1400 902 perpensis
1425 834 1503 889 rei
1532 832 1827 902 adjunctis,
1854 834 2001 887 haud
2029 834 2418 904 improbabiles
2441 832 2564 887 duci
2593 846 2753 901 posse
2775 830 3018 885 rationes
3038 827 3325 898 opinandi,
3351 827 3421 881 ab
3457 825 3753 881 Geometra

515 921 763 976 Nicetam
794 936 899 975 non
925 923 1151 975 omnino
1172 921 1375 990 exiguo
1397 936 1668 975 annorum
1698 920 1983 975 intervallo
2014 921 2327 989 sejunctum
2361 919 2552 975 fuisse.

588 1009 721 1075 Quis
751 1021 935 1063 autem
983 1007 1164 1071 fuerit,
1216 1008 1473 1062 omnibus
1512 1008 1619 1063 huc
1661 1021 1834 1077 usque
1879 1009 2081 1063 mansit
2117 1008 2539 1075 incompertum.
2580 1004 2714 1059 Illud
2752 1013 2931 1059 tamen
2979 1017 3045 1057 ex
3085 999 3352 1055 Vaticano
3394 998 3583 1053 codice
3624 999 3762 1052 inter

519 1098 733 1151 Crwcos
763 1096 1044 1150 Palatinos
1078 1096 1147 1151 Ν,
1180 1096 1286 1149 4οὶ
1312 1096 1521 1151 discere
1542 1106 1693 1150 certo
1718 1096 1864 1163 licet,
1903 1097 2311 1166 presbyteratus
2335 1093 2527 1146 ordine
2550 1106 2675 1146 eum
2705 1090 3022 1159 insignitum
3058 1086 3266 1151 fuisse;
3302 1095 3481 1142 exstat
3510 1085 3655 1139 enim
3685 1086 3759 1138 ibi

516 1186 637 1254 ejus
659 1184 857 1248 oratio,
882 1184 962 1247 εἰς
989 1183 1179 1237 ἑαυτὸν
1212 1183 1372 1253 ἡνίκα
1397 1183 1768 1253 πρεσϐύτερος
1792 1183 2160 1253 ὲχειροτονήθι

2116 1183 2199 1251 θη³
2234 1184 2286 1233 in
2322 1196 2375 1233 se
2395 1182 2569 1250 ipsum
2599 1196 2719 1233 cum
2746 1185 3079 1231 consecratus
3111 1185 3188 1228 est
3217 1174 3528 1244 presbyter;
3560 1187 3622 1227 ex
3652 1188 3760 1241 qua

513 1272 678 1325 etiam
710 1270 963 1326 novimus
989 1284 1137 1330 eum,
1175 1269 1376 1322 nedqu
1411 1277 1652 1335 matura,
1682 1269 1778 1323 scd
1812 1270 1945 1324 satis
1974 1260 2229 1338 provecta
2263 1278 2441 1331 :etate,
2468 1268 2687 1339 quando
2724 1267 2833 1337 jam
2873 1263 3221 1326 canescebat,
3255 1264 3579 1331 viribusque
3608 1262 3763 1316 elan-

515 1376 680 1427 guere
711 1367 976 1429 cmperat,
1008 1359 1388 1429 presbyterum
1420 1366 1819 1416 consecratmu.
1862 1356 1993 1423 Ejus
2021 1366 2149 1414 sunt

2117 1366 2149 1411 ιι
2191 1360 2395 1413 verba:
2434 1359 2495 1412 Et
2536 1358 2593 1411 δέ
2623 1374 2706 1420 τις
2745 1355 2830 1426 εἴη
2865 1354 2975 1408 τῶν
3013 1349 3121 1415 οἷος
3152 1352 3283 1420 ἐγὼ,
3320 1345 3364 1419 ᾧ
3403 1351 3561 1404 πολιὰ
3600 1350 3698 1419 μὲν
3729 1352 3761 1419 ἡ

516 1447 661 1518 θρὶξ,
694 1446 880 1516 νωθρὰ
902 1448 959 1500 δὲ
990 1447 1098 1500 ὑπὸ
1129 1446 1222 1499 τοῦ
1258 1446 1455 1517 χρόνου
1485 1448 1519 1517 ἡ
1548 1446 1793 1517 δύναμις,
1820 1447 2129 1516 ὑπότρομος
2157 1446 2211 1500 δὲ
2236 1448 2329 1499 καὶ
2360 1441 2685 1508 ὑποσκάζων
2711 1444 2738 1496 ὁ
2765 1442 2945 1508 λόγος,
2976 1439 3166 1493 τοῦτον
3197 1442 3254 1493 ὲν
3286 1441 3399 1500 τοῖς
3429 1439 3616 1509 ἱδρῶσι
3646 1439 3757 1490 τῶν

515 1534 835 1601 ἀγωνιστῶν
873 1532 1359 1601 ὲπευφραίνεσθαι,
1398 1550 1456 1587 κ.
1502 1550 1555 1586 τ.
1597 1532 1645 1585 λ.
1692 1534 2053 1588 monasticam
2093 1535 2159 1588 vil

2117 1535 2257 1589 “itam
2293 1533 2603 1603 professum
2650 1530 2801 1585 illum
2838 1528 3031 1590 fuisse,
3070 1527 3215 1581 haud
3254 1541 3460 1595 anceps
3494 1526 3761 1580 indicium

516 1623 828 1692 suppeditat
855 1621 1099 1690 ejusdem
1133 1620 1461 1689 opusculum
1493 1620 1577 1673 cui
1606 1621 1796 1675 titulus
1834 1631 1917 1675 est
1948 1620 2273 1682 Paradisus.
2300 1621 2557 1691 quodque
2584 1633 2709 1674 cum
2744 1616 3059 1671 Morelliana
3090 1614 3342 1669 versione
3363 1614 3475 1681 jam
3510 1613 3563 1667 in
3596 1613 3765 1668 editis

518 1710 807 1765 habemus.
838 1707 986 1764 Satis
1026 1707 1192 1763 fuerit
1224 1708 1310 1763 hic
1338 1708 1693 1777 descripsisse
1725 1710 1963 1779 primum
1997 1724 2027 1764 e
2062 1709 2228 1765 XCIX
2259 1708 2594 1765 tctrastichis
2624 1707 2827 1778 quibus
2859 1715 3030 1761 totum
3065 1720 3204 1775 opus
3231 1703 3533 1758 absolvitur
3563 1720 3577 1757 :

1359 1819 1680 1876 Sanctorum
1713 1831 1875 1876 cattus
1901 1838 2016 1876 vere
2036 1831 2113 1876 est
2142 1822 2423 1892 paradisus
2458 1835 2717 1886 amamus,

1433 1907 1578 1962 Unde
1601 1909 1794 1961 animis
1826 1910 1966 1979 aﬁlat
1994 1910 2170 1962 suavis
2200 1922 2248 1963 et
2277 1908 2452 1963 almus
2493 1910 2645 1963 odor.

1355 1995 1497 2063 Ergo
1524 1998 1609 2048 cui
1640 1995 1835 2064 a/fee.‘u
1862 2007 1983 2048 sunt
2009 2007 2223 2065 pectora
2257 1998 2386 2053 la'sa
2419 1998 2669 2065 profano,

1436 2081 1552 2135 lluc
1580 2086 1770 2146 veniat,
1806 2084 1989 2153 ﬂorem
2020 2098 2204 2153 carpat
2228 2096 2277 2139 et
2309 2085 2610 2139 ambrosian

585 2189 743 2247 Costa
775 2198 957 2245 autem
998 2199 1339 2257 sanctorum,
1368 2190 1437 2245 ad
1464 2206 1626 2260 quem
1668 2203 1862 2247 auctor
1910 2192 2124 2255 invitat,
2157 2193 2294 2247 nihil
2329 2193 2607 2263 designari
2640 2192 2811 2258 aliud,
2852 2208 3016 2264 quam
3051 2190 3452 2247 cmuobitarum
3488 2198 3767 2244 monaste-

515 2280 684 2343 rium,
713 2294 822 2334 non
857 2280 1020 2333 modo
1048 2295 1136 2334 res
1159 2278 1276 2348 ipsa
1306 2278 1530 2344 clamat,
1564 2280 1659 2334 sed
1686 2288 1739 2333 et
1765 2281 1870 2335 alia
1900 2280 2224 2335 tetrasticha
2269 2282 2627 2345 conllrmaut,
2656 2281 2748 2336 ubi
2779 2290 2832 2336 et
2860 2281 3256 2335 monachorum
3290 2278 3494 2332 mentio
3524 2276 3769 2345 injicitur

515 2373 572 2418 et
612 2366 682 2421 de
727 2365 1050 2421 monasticis
1095 2365 1389 2420 virtutibus
1434 2365 1638 2436 agitur,
1673 2366 1939 2436 exemplis
1976 2366 2352 2438 antiquiorum
2397 2369 2801 2424 cmuobitarum
2839 2368 3086 2433 Antonii,
3135 2366 3375 2429 Arsenii,
3406 2364 3767 2426 Bessarionis,

514 2452 838 2521 Agathonis.
870 2452 1097 2507 Achillas
1128 2453 1451 2522 propositis.

588 2542 721 2608 Imo,
750 2542 797 2597 si
824 2542 957 2597 lldes
990 2541 1239 2596 habenda
1279 2551 1363 2595 est
1390 2540 1617 2598 alterius
1648 2543 1918 2599 sermonis
1947 2543 2126 2611 titulo,
2149 2559 2313 2614 quem
2347 2541 2595 2599 referunt
2624 2552 2739 2598 tum
2774 2542 3205 2612 Christopherus
3239 2538 3432 2596 Harles
3463 2540 3517 2594 in
3556 2538 3676 2593 suis
3706 2538 3769 2591 ad

515 2626 755 2683 Fabricii
786 2626 1181 2683 Bibliothecam
1210 2628 1458 2684 Graecam
1482 2628 1889 2695 additamentis,
1919 2640 2034 2686 tum
2063 2629 2309 2689 Joannes
2338 2631 2535 2685 lriarte
2565 2630 2619 2684 iu
2646 2630 2971 2686 recensione
2993 2629 3259 2684 Codicum
3286 2628 3603 2683 Graecorum
3638 2625 3770 2680 Mss.

516 2715 871 2770 Bibliotheca:
904 2714 1259 2783 Matritensis,
1293 2717 1386 2785 qui
1418 2725 1472 2770 et
1514 2718 1787 2787 prolixum
1820 2717 2067 2787 ejusdem
2108 2720 2383 2775 sermonis
2412 2716 2780 2789 fragmentum
2828 2718 3072 2782 exhibet,
3111 2716 3254 2771 haud
3301 2716 3462 2786 plane
3498 2715 3774 2770 immerito

515 2803 790 2873 conjicere
822 2804 1096 2875 quispiam
1157 2813 1343 2874 posset
1372 2844 1388 2869 ,
1425 2802 1690 2859 Joannem
1723 2817 1969 2861 nostrum
2002 2807 2297 2877 episcopali
2327 2820 2547 2877 quoque
2572 2805 2835 2875 dignitate
2863 2804 3062 2859 deinde
3095 2804 3412 2859 decoratum
3450 2802 3644 2857 fuisse.
3681 2800 3776 2855 'I'i-

518 2891 667 2946 tulus
690 2890 835 2946 enim
866 2900 991 2946 est:
1032 2891 1279 2945 Ἰωάννου
1333 2893 1721 2963 Πρωτοθρόνου
1772 2895 1868 2948 τοῦ
1908 2896 2162 2967 Γεωμέτρ

2129 2912 2234 2967 ςρου
2277 2894 2407 2965 περὶ
2445 2892 2541 2947 τοῦ
2584 2893 2778 2964 μήλου.
2818 2890 3045 2946 Joannis
3092 2889 3437 2944 Prototltroni
3484 2889 3773 2944 Ceometra:

516 2997 689 3034 sermo
718 2980 782 3035 de
825 2979 987 3035 malo.
1018 2979 1190 3035 Porro
1229 2997 1573 3054 quacunque
1626 2983 1693 3040 de
1720 3000 1825 3040 usu
1858 2986 2012 3042 vocis
2044 2983 2431 3057 Πρωτοορὸνου
2478 2991 2781 3053 suppetunt
2829 2991 3073 3035 veterum
3110 2989 3487 3042 monumenta,
3526 2993 3594 3032 eo
3622 2978 3778 3031 colli-

518 3077 684 3123 neant
741 3072 949 3135 omnia,
1015 3079 1072 3125 ut
1131 3084 1316 3135 nemo,
1365 3071 1460 3142 qui
1512 3072 1879 3144 episcopalem
1944 3075 2182 3145 aliquem
2242 3072 2505 3127 thronum
2572 3085 2681 3125 non
2749 3068 3011 3133 tenuerit,
3075 3067 3177 3121 hoc
3253 3066 3414 3120 titulo
3477 3076 3776 3120 exornatus

516 3164 741 3225 putetur
768 3158 870 3226 (a).

588 3243 910 3315 Quanquam
943 3259 1073 3300 vero
1102 3243 1441 3315 incomperta
1483 3245 1665 3302 adhuc
1693 3254 1914 3302 manent
1945 3244 2173 3304 Joannis
2202 3248 2507 3304 Geometra:
2551 3256 2667 3301 tum
2706 3255 2856 3317 gesta
2887 3236 3011 3300 'tum
3053 3253 3200 3300 certa
3258 3254 3392 3299 mtas
3423 3285 3439 3309 ,
3486 3255 3594 3296 non
3621 3255 3780 3308 atque

518 3342 700 3387 tamen
736 3333 1029 3388 obscurum
1063 3343 1167 3397 est,
1201 3334 1475 3402 quodnam
1508 3336 1575 3389 de
1611 3350 1676 3389 eo
1703 3333 1993 3403 judicium,
2025 3337 2246 3407 scriptis
2273 3338 2445 3408 ipsius
2488 3338 2771 3407 inspectis,
2815 3335 3098 3390 ferendum
3148 3335 3240 3387 sit.
3277 3332 3602 3386 Baltbassar
3641 3328 3780 3383 Cor-

518 3422 704 3476 derius
738 3421 789 3473 iu
836 3421 1037 3488 praevio
1070 3420 1313 3476 indiculo
1353 3421 1600 3486 Patrum,
1645 3437 1882 3491 quorum
1931 3424 2151 3493 scriptis
2209 3426 2411 3480 texitur
2456 3433 2650 3480 catena
2698 3441 2860 3494 quam
2901 3422 3141 3493 vulgavit
3184 3422 3238 3475 in
3276 3420 3505 3482 Lucam,
3545 3418 3690 3472 hanc
3716 3417 3781 3468 de

519 3509 809 3565 Geometra
860 3510 1137 3564 ferendam
1181 3510 1507 3565 sententiam
1551 3511 1809 3565 censuit:
1854 3510 1988 3564 Eum
2021 3513 2190 3566 multa
2222 3514 2385 3567 etiam
2427 3512 2605 3566 soluta
2652 3514 2894 3565 oratione
2944 3528 3046 3563 non
3084 3511 3351 3579 eleganter
3397 3507 3572 3559 minus
3618 3520 3779 3574 quam

517 3613 729 3651 nervosc
758 3597 1055 3665 scripsisse,
1089 3606 1306 3666 apparet
1332 3615 1398 3652 ea:
1423 3599 1736 3668 fragmentis
1766 3599 1883 3667 ejus
1911 3615 2016 3654 non
2045 3602 2229 3665 paucis
2260 3617 2352 3654 nec
2378 3602 2575 3669 parvis,
2611 3600 2710 3653 hac
2741 3599 2941 3654 Catena
2976 3599 3265 3663 citatisLin
3296 3596 3486 3666 quibus
3522 3604 3571 3648 et
3607 3593 3778 3646 subli-

520 3701 653 3739 mem
688 3684 1004 3754 theologum,
1041 3685 1354 3739 historicum
1383 3687 1679 3751 eruditum,
1716 3696 1767 3740 et
1803 3688 2146 3755 interpretem
2184 3703 2247 3743 ac
2285 3687 2621 3742 ecclesiasten
2663 3688 2917 3741 eximium
2958 3688 3089 3754 agit.
3140 3685 3478 3739 Marraccius
3522 3683 3775 3735 eumdem

518 3780 779 3841 tanquam
807 3785 1068 3827 oratorem
1099 3790 1160 3826 ac
1188 3782 1395 3843 poetam
1422 3786 1517 3828 suo
1546 3784 1772 3843 tempore
1802 3774 2062 3844 insignem
2095 3774 2443 3845 depraedicat.
2462 3772 2572 3829 Nec
2600 3775 2763 3829 aliter
2786 3774 3159 3828 Comhelisius
3191 3772 3368 3842 ipsum
3401 3786 3500 3826 ceu
3534 3770 3780 3823 devotum

518 3872 785 3915 auctorem
816 3870 864 3915 et
889 3862 1154 3916 eruditum
1190 3862 1393 3916 laudat.

587 3993 666 4064 (a)
693 3994 852 4048 Gonf.
887 3994 964 4048 Du
995 3994 1168 4065 Cang.
1193 3993 1369 4049 Gloss.
1400 3993 1573 4049 Crwc.
1598 3996 1663 4050 ad
1691 4012 1741 4050 v.
1775 3996 2065 4062 ΘΡΟΝΟΣ,
2108 4006 2163 4052 et
2188 3996 2364 4052 Gloss.
2392 3995 2511 4051 Lat.
2543 3997 2609 4051 ad
2641 4012 2693 4050 ν.
2722 3996 3183 4051 Priora-renoves.

1603 4268 2115 4361 NOTITIA
2184 4270 2683 4360 ALTERA.

1421 4429 1641 4491 (l’snmc.
1671 4429 1900 4481 Biblioth.
1926 4432 2014 4481 Gr.
2037 4430 2116 4479 ed.
2146 4429 2340 4491 Harles,
2366 4438 2484 4480 tom.
2523 4430 2652 4492 VIII,
2678 4446 2726 4494 p.
2747 4431 2883 4493 623.)

591 4646 892 4702 Geometras
918 4644 1308 4700 adscribuntur
1336 4658 1350 4697 :

592 4740 789 4808 llymui
821 4746 1059 4807 quatuor
1103 4739 1328 4809 elegiaci
1366 4739 1422 4794 iu
1461 4738 1520 4793 S.
1556 4739 1854 4809 Virginem,
1892 4756 2017 4795 cum
2062 4745 2397 4814 metaphrasi
2447 4744 2691 4801 Federici
2763 4745 2997 4810 Morelli,
3045 4747 3309 4815 subjectis
3357 4756 3482 4800 octo
3537 4744 3788 4801 versibus

520 4826 791 4893 iambicis,
821 4826 1022 4896 quibus
1052 4838 1245 4882 auctor
1280 4828 1377 4891 ait,
1411 4842 1469 4882 se
1500 4828 1666 4883 unius
1704 4843 1734 4882 e
1782 4826 1883 4881 SS.
1919 4827 2190 4884 Trinitate
2221 4844 2501 4902 parentem
2535 4834 2776 4904 perfecta
2832 4834 3061 4899 decade,
3094 4836 3356 4891 trecentis
3399 4836 3653 4890 versibus
3687 4838 3789 4900 (tot

517 4918 662 4973 enim
689 4916 904 4987 στίχους
939 4917 1381 4987 complectuntur
1407 4916 1482 4969 illi
1519 4916 1752 4987 hymni),
1783 4919 2113 4983 celebrasse,
2146 4921 2495 4976 hexametros
2524 4930 2732 4983 autem,
2762 4930 2821 4975 ut
2850 4922 3235 4990 perfectiores,
3267 4920 3776 4991 imperfectiorihus

520 5006 873 5075 pentametris
897 5006 1169 5075 junxisse,
1197 5014 1259 5060 ut
1286 5004 1362 5059 illi
1384 5005 1649 5067 divinam,
1684 5005 1737 5059 hi
1764 5005 2059 5060 humanam
2092 5008 2299 5063 Christi
2327 5016 2583 5064 naturam
2618 5010 2977 5063 denotarent.

589 5091 834 5164 llymnus
866 5093 917 5147 in
951 5092 1011 5147 Β.
1063 5092 1349 5163 Deiparam
1395 5092 1796 5162 alphabeticus,
1831 5093 1901 5147 ita
1949 5104 2008 5149 ut
2036 5095 2238 5164 singuli
2274 5096 2534 5151 versiculi
2569 5096 2873 5161 vocabulis,
2904 5096 2975 5151 ab
3016 5097 3207 5153 eadem
3254 5096 3437 5151 littera
3481 5097 3786 5153 secundum

520 5180 768 5235 ordinem
800 5180 1073 5251 alphabeti
1095 5179 1503 5248 incipientibus,
1533 5189 1805 5236 constent.
1837 5179 2275 5252 lloscehymuos
2310 5186 2363 5239 iu
2394 5199 2627 5254 corpore
2659 5192 2948 5254 poetarum
2975 5185 3293 5240 Grecorum
3334 5187 3692 5241 heroicorum
3732 5193 3787 5238 et

521 5267 889 5338 elegiacorum
920 5270 1085 5323 etiam
1110 5276 1345 5338 utraque
1376 5268 1561 5338 lingua
1592 5269 1838 5339 vulgatos
1864 5269 2069 5324 Gener.
2110 5272 2273 5332 16H.
2313 5272 2431 5337 fol.,
2457 5288 2509 5341 p.
2544 5273 2669 5335 746,
2697 5274 2909 5341 primus
2939 5288 3065 5328 cum
3091 5274 3427 5344 metaphrasi
3453 5288 3555 5329 sua
3589 5272 3777 5329 Latina

524 5356 761 5426 vulgavit
790 5366 844 5412 et
872 5357 1138 5428 Gregorio
1174 5356 1293 5411 XIV
1320 5358 1562 5427 pontifici
1589 5357 1794 5414 dicavit
1823 5359 2120 5415 Federicus
2156 5358 2430 5423 Morellus,
2474 5358 2652 5414 Paris.
2682 5360 2843 5426 1591,
2869 5360 2924 5416 8.
2958 5361 3042 5415 Ah
3070 5361 3262 5417 eodem
3289 5377 3383 5415 au.
3446 5360 3608 5427 1595,
3644 5360 3700 5423 8,
3732 5359 3785 5412 in

523 5445 699 5500 lucem
727 5446 913 5501 Graece
940 5457 993 5501 et
1019 5446 1207 5501 Latine
1233 5446 1411 5502 editus
1444 5457 1528 5502 est
1555 5446 1782 5502 Joannis
1814 5447 2119 5502 Geometras

598 5532 921 5599 Paradisus,
968 5533 1083 5589 sive
1126 5535 1519 5604 epigrammata
1558 5536 1877 5590 tetrasticha
1908 5533 2075 5589 XCIX
2103 5536 2329 5591 moralis
2355 5538 2691 5605 argumenti,
2725 5546 2781 5592 et
2811 5536 2960 5593 dicta
3003 5538 3254 5609 factaque
3288 5536 3390 5593 SS.
3434 5538 3781 5594 Aseetarum.

526 5623 769 5690 Achillae,
800 5625 1119 5695 Agathonis,
1148 5626 1435 5696 Apollinis,
1471 5626 1715 5687 Antonii,
1749 5627 1989 5690 Arsenii,
2023 5623 2385 5688 Bessarionis,
2416 5622 2690 5685 Carionis,
2721 5622 2896 5688 Isaiae,
2934 5623 3200 5694 Eutropii,
3246 5624 3521 5679 Ileliodori
3556 5623 3654 5691 (αι.
3685 5621 3785 5675 lsi—

526 5707 690 5775 dori),
730 5710 911 5776 Lucii,
970 5711 1185 5778 Matois,
1242 5710 1525 5779 Miltiadis,
1587 5710 1786 5778 Pioris,
1853 5712 2072 5781 Pittaci,
2139 5711 2459 5784 Pityriouis,
2511 5709 2775 5780 Simonis,
2848 5711 3046 5781 Sisois,
3112 5710 3354 5769 Theonis
3419 5723 3473 5769 et
3546 5705 3786 5765 Zenonis

528 5792 843 5851 referentia.
