4164 6426
473 353 585 416 sco
1703 309 1706 312 ’
1930 351 2117 413 NOTl'

2077 353 2260 412 'lTIA.
3619 353 3721 416 810

551 464 794 520 Joannes
827 464 1117 520 Ceonietra
1149 464 1346 533 smpius
1371 463 1572 518 citatur
1599 463 1652 518 in
1687 463 1907 520 Catenis
1929 465 2134 520 Crmcis
2169 465 2222 519 in
2247 464 2472 529 Lucam,
2507 465 2666 518 etiam
2697 464 2749 518 in
2789 463 2993 518 Catena
3021 478 3187 518 aurea
3221 463 3442 518 Thnnnc
3479 467 3724 536 Aquon-

481 555 576 610 tis.
609 551 811 624 [Atque
841 567 908 606 ex
938 552 1148 606 Morelli
1179 553 1266 607 ed.
1299 567 1414 606 rec.
1443 553 1496 606 in
1522 553 1832 622 Appendice
1861 553 1992 609 bibl.
2028 552 2248 609 Patrum
2275 567 2372 623 per
2397 551 2691 625 Margarin.
2730 552 2798 606 de
2861 552 2910 605 la
2954 551 3120 624 Bigne
3165 552 3338 606 Paris.
3377 553 3538 616 1654,
3591 563 3645 609 et
3673 557 3726 608 in

475 651 628 696 tomo
659 637 795 700 XIV,
821 639 911 692 ed.
946 637 1106 704 1654,
1147 637 1242 692 l'ol.
1270 636 1363 694 Gr.
1399 652 1463 692 ac
1497 637 1664 710 Lat.].

575 725 871 780 lamhicam
899 725 1272 810 Metaphrasin
1321 725 1668 781 Canticorum
1699 727 1758 782 S.
1793 725 2092 798 Scriptura:
2117 743 2148 784 a
2178 726 2387 782 Joanne
2411 727 2700 782 Gcometra
2723 739 2831 780 non
2873 724 3162 780 infeliciter
3193 726 3575 781 concinnatam
3629 727 3728 782 ha-

487 816 610 870 buit
637 813 746 868 MS.
785 814 894 868 Leo
920 814 1170 880 Allatius,
1203 824 1269 870 ut
1289 816 1404 884 ipse
1425 824 1614 870 narrat
1637 817 1703 871 de
1733 817 1886 872 libris
1905 815 2296 871 ecclesiasticis
2320 815 2635 868 Graecorum
2661 829 2784 884 pag.
2817 812 2906 867 62.
2936 813 3112 883 Atque
3137 811 3506 883 Paraphrasin
3530 816 3732 870 cantici

481 903 726 970 Deiparae
752 901 856 972 legi
885 901 938 954 in
963 900 1152 956 codice
1178 902 1492 957 Colbertino
1521 905 1587 958 ad
1608 903 2002 972 Apollinariani
2033 901 2282 958 Psalterii
2301 903 2530 965 calcem,
2554 900 2794 971 Cangius
2819 900 2872 952 in
2901 899 3182 956 Glossario
3206 901 3394 956 erco
3413 903 3718 958 adnotavit.

477 991 742 1046 Similiter
793 990 848 1044 in
881 989 1072 1045 codice
1125 989 1464 1048 Barocciano
1497 993 1568 1046 26
1610 993 1918 1048 Bodleianm
1969 991 2100 1046 bibl.
2135 989 2420 1043 Canticum
2466 987 2632 1042 Mosis
2677 1003 2707 1040 a
2752 987 3044 1042 Geometra
3079 989 3465 1060 μεταφρασθὲν
3503 992 3569 1044 ad
3611 992 3730 1046 cal-

483 1097 604 1136 cem
619 1079 998 1150 Appollinaris
1027 1081 1296 1135 occurrit.
1327 1081 1594 1136 Caeterum
1643 1081 1992 1151 χαιρετισμοὶ
2018 1078 2115 1142 illi,
2147 1080 2260 1132 sive
2290 1076 2474 1148 hymni
2503 1085 2741 1144 quatuor
2773 1065 2836 1128 in'
2858 1074 2914 1128 ll.
2951 1077 3204 1142 Mariam,
3237 1093 3476 1147 quorum
3512 1079 3731 1149 singula

478 1168 724 1224 disticha
771 1181 805 1222 a
847 1167 1118 1222 vocabulo
1147 1169 1306 1238 χαῖρε
1339 1167 1631 1236 incipiunt,
1663 1176 1882 1222 exstant
1902 1167 2065 1220 etiam
2100 1180 2233 1218 mss.
2279 1164 2332 1218 in
2379 1163 2508 1218 bibl.
2543 1161 2802 1216 Vaticana
2839 1161 2914 1233 [v.
2944 1163 3242 1219 Montl'auc.
3279 1165 3422 1220 BLbl.
3466 1167 3729 1222 hiblioth.

479 1271 616 1312 mss.
662 1257 701 1321 l,
735 1270 860 1325 pag.
908 1255 964 1310 5.
995 1251 1086 1326 C.]
1114 1263 1170 1309 et
1207 1255 1260 1309 in
1286 1255 1554 1318 Caesarea,
1588 1255 1903 1324 subjuncto,
1943 1251 2130 1308 nescio
2163 1252 2344 1320 cujus,
2387 1251 2442 1304 in
2479 1249 2783 1306 Geometras
2819 1251 3032 1304 laudem
3075 1253 3442 1322 ἠρωελεγείῳ.
3501 1253 3733 1310 Exstant

475 1345 643 1399 etiam
679 1360 785 1397 una
811 1358 937 1398 cum
967 1342 1382 1412 epigrammatis
1411 1343 1580 1396 variis
1605 1341 1854 1396 iambicis
1888 1356 1990 1395 ms.
2025 1341 2080 1394 in
2116 1339 2325 1404 codice,
2357 1352 2520 1406 quem
2557 1339 2666 1404 regi
2698 1335 3174 1392 Christianissimo
3212 1341 3356 1395 dono
3380 1341 3528 1396 dedit
3556 1343 3730 1396 Αιιιο-

481 1434 606 1486 nius
647 1429 948 1500 Eparchus.
1007 1429 1146 1486 Vide
1173 1428 1434 1482 Bandurii
1487 1437 1646 1484 notas
1680 1429 1746 1484 ad
1788 1427 2142 1496 antiquitates
2168 1425 2331 1481 CPol.
2373 1441 2494 1495 pag.
2526 1425 2630 1479 877
2663 1431 2718 1481 et
2755 1423 2884 1490 881,
2923 1429 3015 1493 qui
3046 1426 3392 1484 Geometram
3428 1432 3730 1498 pessimum

481 1527 696 1585 poetam
729 1515 988 1584 appellat,
1031 1514 1254 1583 indigno
1279 1528 1379 1584 pro
1409 1523 1570 1569 aetate
1599 1515 1889 1584 imprimis,
1919 1529 2026 1584 qua
2051 1513 2208 1578 vixit,
2238 1513 2437 1584 elogio.

553 1601 856 1656 Geometras
890 1603 1144 1656 liornilias
1175 1602 1292 1658 sive
1318 1616 1602 1657 sermones
1631 1603 1685 1656 in
1717 1603 2030 1672 passionem
2066 1601 2270 1656 Christi
2302 1610 2468 1670 atque
2499 1601 2551 1653 in
2585 1598 2646 1653 Β.
2678 1601 2973 1671 virginem,
3008 1600 3350 1671 alterumque
3375 1602 3579 1668 ἐξόδιον
3611 1605 3730 1660 sive

482 1689 939 1758 προπεμπτήριον
981 1689 1032 1741 in
1073 1687 1458 1742 dormitionem
1497 1688 1758 1756 Deiparaa,
1790 1696 1843 1742 et
1865 1687 2126 1742 tertium:

2115 1687 2183 1741 ad
2213 1687 2464 1742 eamdem
2497 1688 2954 1758 προσφωνητικὸν
2994 1688 3109 1744 sive
3150 1690 3504 1760 χαριστήριον
3535 1695 3733 1748 evolvit

480 1791 858 1846 memoratque
897 1779 1130 1832 Allatius
1165 1777 1238 1831 De
1271 1775 1626 1842 Simeonibus,
1663 1793 1785 1848 pag.
1821 1776 1912 1840 94,
1942 1775 2031 1841 95,
2070 1775 2194 1829 114.
2229 1775 2288 1828 ln
2319 1775 2493 1829 altero
2525 1783 2781 1838 testatur,
2816 1791 2875 1830 se
2898 1776 3062 1830 etiam
3097 1778 3439 1848 apocryphas
3467 1779 3533 1832 de
3565 1778 3732 1834 Maria

482 1865 853 1930 narrationes,
903 1879 1023 1934 qua:
1066 1864 1530 1932 cvangelistarum
1581 1863 1806 1932 scriptis
1844 1879 1952 1918 non
1988 1863 2126 1918 adve

2087 1873 2444 1924 'ersarentur,
2495 1863 2800 1918 attexuisse
2837 1882 2850 1918 :
2901 1863 3254 1916 Συνείλεκται
3303 1865 3360 1918 δὲ
3390 1867 3482 1920 καὶ
3509 1868 3638 1937 ἡμῖν
3671 1870 3731 1921 οὐ

484 1952 648 2021 μόνον
674 1951 777 2004 ὅσα
797 1951 948 2021 παρά
972 1949 1080 2004 τῶν
1109 1950 1514 2018 εὐαγγελιστῶν
1535 1967 1595 2002 τε
1622 1951 1718 2003 καὶ
1743 1949 2060 2021 προφητῶν,
2079 1949 2215 2002 ἀλλά
2235 1951 2330 2002 καὶ
2351 1951 2450 2004 ὅσα
2475 1952 2606 2020 παρ’
2634 1951 2814 2004 αὐτῶν
2839 1951 2948 2003 τῶν
2971 1953 3308 2022 ἀποκρύφων
3336 1953 3732 2025 ἀνελεξὰμεθοι,

485 2039 752 2109 σύμφωνα
782 2040 875 2092 καὶ
907 2038 1080 2092 ταῦτα
1115 2037 1316 2109 δηλαδὴ
1348 2038 1444 2090 καὶ
1476 2037 1745 2092 ἀκόλουθα
1776 2040 1889 2100 τοῖς
1919 2036 2338 2106 εὐαγγελιστοιῖς
2369 2039 2463 2092 καὶ
2495 2039 2825 2109 προφήταις,
2863 2039 2958 2092 καὶ
2990 2042 3103 2103 τοῖς
3135 2041 3393 2110 μεγάλοις
3426 2044 3520 2094 καὶ
3551 2043 3736 2116 θεολή-

485 2144 640 2190 πτοις
677 2127 923 2198 Πατράσι
950 2127 1043 2178 καὶ
1073 2125 1430 2187 διδασκάλοις.
1467 2125 1688 2178 Εἴσεται
1715 2123 1771 2177 δὲ
1803 2123 2022 2186 πάντως
2045 2125 2140 2191 ὅγε
2169 2124 2374 2187 δίκαιος
2405 2125 2678 2196 ἀκροατὴς
2704 2126 2797 2177 καὶ
2821 2127 3034 2197 κριτής.
3069 2125 3236 2185 ΕΑιιιι.

553 2215 808 2280 Joannis,
849 2215 1161 2279 Geometrw,
1194 2213 1545 2268 Protothroni
1595 2211 1876 2284 (Ἰωάννου
1907 2211 2197 2282 πρωτοθρόν

2090 2211 2284 2281 ιθρόνου
2315 2213 2408 2264 τοῦ
2440 2213 2780 2286 γεωμέτρου)
2812 2223 2953 2268 orat.
2997 2216 3060 2269 de
3096 2217 3259 2281 mala,
3297 2231 3420 2288 qua:
3449 2222 3576 2275 mali
3619 2223 3734 2276 sive

483 2303 632 2374 pomi
678 2305 864 2358 laudes
913 2302 1286 2372 persequitur,
1331 2301 1580 2372 ejusdem
1635 2301 1944 2355 encomium
1980 2314 2251 2368 quercus;
2297 2301 2583 2369 ecphrasis
2631 2299 2808 2368 horti;
2839 2302 2946 2356 alia
2987 2303 3274 2372 ecphrasis
3320 2315 3374 2360 et
3417 2310 3730 2363 encomium

483 2391 780 2462 quoddam,
811 2391 956 2460 quod
986 2391 1096 2445 inc.
1134 2391 1200 2442 Τί
1227 2390 1294 2460 δὴ
1325 2390 1421 2443 καὶ
1466 2390 1528 2442 τὸ
1564 2388 1765 2460 μῆλον;
1809 2396 1938 2442 sunt
1969 2389 2024 2440 in
2071 2401 2127 2440 cc

2085 2387 2195 2442 :od.
2237 2385 2462 2441 Barocc.
2497 2385 2592 2439 25.
2628 2383 2694 2440 V.
2733 2385 2852 2442 Cat.
2894 2390 3054 2442 codd.
3096 2391 3321 2462 Anglize,
3361 2403 3467 2448 etc.
3504 2395 3542 2460 Ι,
3591 2413 3644 2465 p.
3675 2397 3729 2452 5.

483 2478 665 2533 Prima
699 2479 876 2532 oratio
906 2477 970 2532 de
1015 2476 1156 2530 malo
1187 2485 1370 2533 exstat
1401 2491 1626 2546 quoque
1661 2476 1714 2530 in
1750 2475 1873 2531 cod.
1910 2490 2024 2545 reg.
2057 2474 2262 2540 Matrit.
2294 2471 2386 2540 82,
2413 2487 2479 2528 ex
2505 2487 2616 2543 quo
2647 2472 2796 2528 illam
2830 2475 3127 2545 exscripsit
3155 2487 3212 2532 et
3241 2478 3427 2535 Graece
3457 2469 3734 2553 evolgavit
3803 2512 3808 2516 -

487 2565 678 2620 lriarte
705 2566 758 2620 in
781 2565 953 2620 Catal.
987 2565 1150 2619 codd.
1183 2564 1278 2620 Gr.
1305 2564 1536 2632 Matrit.,
1564 2579 1688 2635 pag.
1718 2563 1818 2618 50'!
1855 2578 1976 2632 sqq.

559 2653 848 2708 Florentiae
877 2653 934 2707 in
961 2652 1096 2707 bibl.
1132 2650 1394 2706 Laurent.
1432 2652 1556 2706 cod.
1583 2650 1654 2716 Χ,
1687 2668 1742 2705 ιι.
1776 2651 1830 2715 6,
1855 2651 1988 2720 plut.
2030 2650 2084 2706 5.
2113 2649 2199 2707 Jo.
2233 2651 2536 2707 Geometrt'e
2566 2651 2821 2707 versiculi
2855 2651 3074 2709 iambici
3107 2654 3162 2708 in
3191 2647 3508 2726 martyrium:
3539 2658 3734 2713 Pante-

483 2740 756 2794 leemonis.
779 2771 842 2780 —
882 2741 936 2794 in
960 2739 1084 2794 cod.
1105 2737 1198 2804 27,
1229 2754 1288 2792 ιι.
1323 2739 1379 2804 4,
1408 2739 1698 2808 οκρὶὶοοῑὶο
1733 2737 1802 2792 IX
1830 2739 2170 2793 canticorum
2200 2739 2460 2794 Ecclesia:
2491 2754 2556 2793 ex
2587 2753 2683 2794 ore
2709 2738 2937 2794 Joannis
2969 2739 3298 2806 Geometras,
3329 2747 3572 2800 carmine
3595 2747 3734 2800 iam-

488 2829 631 2893 bico,
667 2841 790 2897 qua:
821 2825 1123 2881 Bandinius
1153 2826 1207 2879 in
1239 2834 1348 2880 cat.
1383 2826 1548 2881 codd.
1577 2825 1674 2880 Gr.
1707 2825 1874 2880 Laur.
1902 2823 1943 2890 l,
1973 2825 2094 2896 pag.
2133 2826 2224 2890 65,
2254 2841 2380 2897 sqq.
2417 2825 2604 2880 Griece
2639 2825 2938 2894 publicavit
2991 2830 3068 2897 (et
3110 2845 3162 2898 p.
3207 2831 3278 2884 25
3305 2833 3371 2886 de
3397 2834 3520 2886 cod.
3563 2832 3730 2889 Laur.

485 2929 645 2972 antea
694 2925 998 2970 memorato
1035 2913 1189 2984 egit).
1245 2915 1391 2967 Idem
1441 2914 1685 2980 adnotat,
1729 2913 1965 2982 primum
2005 2914 2224 2968 illorum
2259 2917 2428 2969 etiam
2457 2929 2580 2969 esse
2615 2915 2668 2969 in
2711 2915 2840 2970 cod.
2886 2914 3113 2972 Barocc.
3147 2919 3336 2984 citato,
3385 2921 3570 2974 omnia
3607 2939 3733 2977 vero

494 3003 682 3058 haberi
715 3003 768 3056 in
801 3001 925 3056 cod.
961 3000 1279 3055 Colbertino
1309 3017 1364 3055 ιι.
1398 3002 1558 3067 1476,
1591 3016 1766 3070 eaque
1821 3001 1926 3056 sibi
1965 3002 2096 3056 olim
2125 3016 2477 3072 comparasse
2507 3001 2681 3056 Leon.
2716 3002 2998 3070 Allatium’,
3036 3005 3140 3060 hoc
3171 3005 3291 3073 ipso
3319 3014 3456 3062 teste
3481 3008 3534 3062 in
3591 3009 3731 3064 diss.

485 3089 564 3144 De
599 3089 752 3143 libris
781 3089 965 3142 eccles.
999 3097 1110 3142 tom
1141 3088 1208 3152 ll,
1239 3105 1292 3158 p.
1324 3087 1427 3142 617
1450 3105 1464 3154 ;
1489 3089 1728 3159 denique
1757 3089 2044 3144 exstitisse
2071 3088 2237 3144 etiam
2271 3089 2326 3142 in
2357 3088 2488 3144 bibl.
2524 3087 2976 3154 Uli‘enbachiana,
3011 3090 3192 3146 indice
3225 3091 3267 3144 l.
3305 3091 3470 3148 llenr.
3503 3093 3646 3150 Maio
3677 3097 3730 3150 in

488 3177 630 3233 Bibl.
671 3177 879 3247 Uﬂ'enb.
905 3193 1008 3232 ms.
1041 3193 1162 3248 pag.
1189 3177 1314 3244 482,
1345 3179 1436 3249 qui
1463 3189 1784 3249 argumenta
1809 3178 2150 3248 singulorum
2175 3175 2472 3242 recensuit,
2522 3185 2580 3230 et
2605 3175 2842 3244 primum
2871 3187 3037 3246 atque
3067 3178 3318 3232 ultimum
3353 3195 3574 3236 carmen
3605 3191 3730 3236 tan-

487 3280 652 3335 quam
681 3266 946 3322 ineditum
979 3265 1032 3318 in
1069 3266 1244 3320 lucem
1273 3267 1520 3335 protulit.
1557 3295 1628 3306 —-
1651 3267 1708 3320 In
1737 3266 1868 3320 bibl.
1905 3263 2166 3320 Escorial.
2195 3262 2280 3318 lo.
2314 3263 2618 3318 Geometra:
2651 3263 2915 3331 carmina,
2950 3271 3125 3318 totum
3151 3277 3428 3322 certamen
3478 3273 3735 3342 martyris

485 3353 922 3409 Panteelemonis
948 3353 1282 3408 continentia
1309 3353 1406 3424 (a),
1440 3361 1576 3408 teste
1607 3353 1806 3408 Pluero
1838 3354 1892 3407 in
1927 3351 2119 3408 Itiner.
2149 3367 2242 3420 per
2279 3348 2532 3418 Hispan.,
2559 3364 2684 3420 pag.
2723 3349 2846 3404 1Z6.

553 3442 614 3496 ln
645 3441 776 3496 bibl.
806 3440 1036 3496 Coislin.
1069 3441 1193 3496 cod.
1228 3439 1350 3505 106,
1379 3440 1474 3496 fol.
1503 3441 1628 3516 177,
1657 3439 1750 3494 Jo.
1779 3439 1960 3494 Geom.
1989 3454 2163 3494 sermo
2195 3437 2491 3508 gratiarum
2519 3435 2747 3490 actionis
2777 3437 2830 3490 in
2859 3436 3320 3494 adnuntiationem
3353 3440 3602 3512 Deipam
3629 3447 3730 3517 (b).

491 3528 612 3584 Vid.
649 3526 950 3584 Montl‘auc.
973 3527 1114 3582 Bibl.
1137 3527 1368 3583 Coislin.
1413 3543 1535 3597 pag.
1572 3527 1694 3582 181.
1719 3558 1788 3568 —
1821 3527 1958 3582 Ibid.
1989 3543 2044 3597 p.
2077 3525 2178 3581 251
2218 3533 2557 3580 memoratur
2583 3524 2794 3578 Nicetac
2826 3524 3077 3581 collectio
3117 3526 3628 3598 interpretationem
3661 3553 3732 3592 ex

483 3613 718 3669 diversis
747 3614 1135 3684 interpretibus
1178 3614 1255 3683 (in
1287 3614 1394 3679 his,
1427 3613 1586 3669 Joan.
1609 3613 1934 3682 Geometras)
1966 3615 2020 3668 in
2055 3615 2264 3684 Evang.
2301 3613 2604 3669 secundum
2630 3611 2859 3668 Lucam.

555 3699 644 3755 Jo.
672 3701 864 3755 Geom.
895 3701 1116 3770 quidam
1153 3701 1338 3772 hynmi
1366 3711 1496 3756 sunt
1518 3703 1572 3755 in
1609 3703 1742 3757 bibl.
1777 3703 1960 3756 Paris.
1992 3701 2140 3772 pubi.
2163 3717 2199 3756 cl

2085 3702 2140 3756 ιι.
2163 3701 2323 3756 codd.
2359 3699 2484 3755 687.
2525 3729 2592 3738 -—
2637 3699 2794 3769 1650,
2827 3717 2883 3755 ιι.
2917 3699 3004 3756 15.
3043 3731 3112 3743 —
3135 3703 3298 3771 2408,
3326 3721 3380 3762 n.
3406 3707 3460 3762 9.
3488 3738 3560 3750 —-
3586 3710 3729 3767 2655

482 3789 616 3844 etin
649 3788 813 3853 2892,
851 3788 1192 3844 canticorum
1229 3787 1526 3860 Scriptura:
1561 3791 1950 3857 metaphrasis,
1989 3789 2212 3842 heroicis
2249 3789 2518 3844 versibus.

558 3877 831 3932 Monachii
877 3877 934 3932 in
969 3877 1104 3935 bibl.
1137 3879 1271 3935 elec.
1305 3877 1428 3936 cod.
1459 3877 1557 3934 101
1601 3879 1814 3935 eadem.
1845 3877 1911 3934 V.
1942 3885 2052 3935 cat.
2095 3876 2255 3932 codd.
2288 3876 2384 3933 Gr.
2421 3877 2615 3934 Bavar.
2655 3893 2712 3948 p.
2745 3877 2836 3946 58,
2869 3877 2961 3936 ubi
2986 3877 3171 3935 forsan
3209 3882 3414 3941 rectius
3445 3887 3730 3958 scribitur,

487 3964 720 4020 uersibus
757 3963 1018 4018 iambicis.

566 4071 905 4129 Vindobona:
933 4073 990 4128 in
1022 4073 1148 4130 cod.
1180 4072 1433 4129 Caesareo
1471 4074 1639 4129 theol.
1675 4073 1802 4140 289,
1835 4089 1910 4128 ιιι.
1935 4072 2026 4142 50,
2055 4083 2292 4144 quatuor
2330 4072 2517 4145 hymni
2555 4073 2610 4127 in
2644 4073 2951 4142 Deiparam,
2987 4091 3114 4131 cum
3157 4081 3412 4150 anonymi
3452 4085 3732 4154 epigram-

482 4169 630 4217 mate
659 4162 715 4215 in
744 4161 830 4216 Jo.
859 4159 1229 4228 Geometram,
1263 4175 1376 4218 sec.
1399 4159 1652 4217 Nesselii.
1684 4162 1804 4217 Cat.
1833 4169 1976 4230 part.
2009 4177 2048 4229 ι,
2081 4177 2136 4234 p.
2163 4163 2290 4230 598,
2321 4173 2415 4217 aut
2444 4176 2557 4218 sec.
2591 4161 2848 4218 Lambec.
2877 4161 3186 4220 Comment.
3219 4165 3284 4232 V,
3323 4182 3446 4238 pag.
3481 4171 3608 4240 547,
3639 4191 3724 4246 sq.

482 4251 552 4306 de
580 4251 702 4306 cod.
733 4250 862 4305 255.

557 4337 850 4394 Mediolani
875 4339 932 4394 in
961 4337 1096 4394 bibl.
1129 4340 1386 4396 Ambros.
1421 4341 1476 4396 in
1502 4339 1816 4412 passionem
1854 4339 2082 4407 Christi,
2115 4343 2251 4392 teste
2283 4333 2576 4388 Montl'auc.
2610 4333 2664 4387 in
2696 4333 2839 4388 Bibl.
2875 4333 3172 4390 bibliothec.
3203 4354 3330 4392 mss.
3369 4339 3412 4406 Ι,
3449 4357 3502 4413 p.
3530 4345 3634 4402 499
3668 4347 3729 4416 Ε,

493 4427 690 4482 eodem
723 4425 1020 4481 adnotante
1041 4427 1116 4482 ib.
1147 4426 1214 4494 ll,
1241 4442 1366 4498 pag.
1391 4425 1549 4482 1527.
1583 4426 1644 4482 D.
1669 4425 1754 4482 Jo.
1791 4428 2080 4482 Geometra
2115 4426 2178 4478 de
2208 4421 2358 4486 εωιο,
2390 4420 2483 4474 Gr.
2517 4421 2656 4475 inter
2678 4421 2838 4476 codd.
2869 4420 3195 4492 deEMesme.
3237 4424 3408 4481 11Αιιι.

555 4511 806 4585 [Joannis
853 4511 1141 4574 Geometras
1170 4525 1226 4568 ut
1259 4515 1456 4585 ferunt,
1487 4518 1728 4570 carmina
1757 4515 1910 4572 varia
1936 4515 1989 4570 in
2019 4511 2304 4568 Anecdolis
2339 4507 2538 4562 ercis
2577 4524 2642 4562 ex
2670 4509 2824 4563 codd.
2869 4525 2996 4563 mss.
3029 4509 3354 4567 bibliotheca:
3384 4514 3727 4588 Parisiensis,

478 4615 512 4657 τι
533 4599 584 4655 J.
615 4601 681 4656 A.
719 4601 984 4657 Cramero
1023 4601 1222 4657 Oxonii
1265 4617 1412 4658 anno
1453 4603 1583 4660 1841
1613 4605 1798 4660 editis.
1831 4603 1989 4659 Tom.
2015 4601 2102 4669 IV,
2139 4617 2194 4670 p.
2220 4599 2345 4654 266.
2380 4597 2456 4650 lbi
2473 4603 2694 4652 exstant
2715 4596 3086 4668 Paraphrases
3119 4597 3188 4652 IX
3219 4599 3271 4654 in
3300 4599 3359 4658 S.
3386 4601 3732 4676 Scripturam

475 4687 746 4759 quasjam
777 4687 1075 4746 Bandinius
1102 4688 1348 4746 ediderat
1379 4689 1624 4761 Catalog.
1659 4701 1792 4747 tom.
1823 4691 1867 4758 l,
1900 4706 1953 4761 p.
1989 4689 2080 4747 64.
2111 4689 2274 4745 Eon.
2305 4684 2510 4757 Pam]

552 4860 630 4932 (a)
679 4859 822 4917 Editi
863 4863 967 4918 sub
1011 4865 1117 4919 hoc
1164 4863 1367 4920 titulo:
1413 4863 1512 4918 Elo
1549 4866 1659 4919 ium
1699 4864 1760 4920 S.
1797 4865 2046 4935 martyris

478 4931 922 4998 Panteleemonis,
954 4929 1151 4988 Grecis
1181 4934 1424 4989 iambicis
1469 4882 1596 4989 ollim
1628 4937 1693 4990 ab
1723 4945 1936 4992 auctore
1966 4937 2048 4988 in-
2081 4939 2084 4944 '

2153 4861 2444 4918 roccianus
2489 4857 2657 4922 XXV,
2705 4859 2800 4915 sed
2839 4867 3109 4915 testantur
3142 4869 3198 4915 et
3242 4861 3333 4918 alii
3377 4863 3550 4922 Graeci
3592 4881 3730 4926 mss.

2154 4934 2390 4998 codices,
2417 4939 2477 4985 ut
2507 4946 2574 4985 ex
2611 4929 3028 5000 lleortodromio
3058 4940 3204 5000 patet
3231 4931 3512 4990 Nicodemi
3539 4953 3735 4994 mona-

481 5011 622 5056 certo
664 5001 781 5072 (qui
812 5001 1072 5076 denunties
1109 5002 1400 5076 Geometra
1439 5021 1563 5061 esse
1604 5005 1868 5076 creditur)
1915 5006 2049 5076 scri-
2155 5003 2392 5076 cbi,_qui
2426 5011 2480 5056 et
2501 5001 2566 5076 in
2601 4998 3008 5076 ΡιοζςθοιιιιξινιὲεΔ
3035 4998 3106 5054 ad
3146 5017 3398 5057 cauonem
3431 5005 3734 5076 Annuntiu-

479 5080 628 5144 ptum
656 5070 720 5144 gl
743 5086 770 5124 e
805 5071 1118 5144 bibliotheca
1146 5072 1310 5144 Regia
1343 5084 1550 5144 erutum
1581 5093 1614 5129 a
1642 5070 1898 5132 Federico
1929 5074 2049 5129 Mo-
2157 5070 2330 5126 tionis
2347 5087 2468 5124 eam
2501 5070 2643 5144 inter
2683 5070 2820 5144 alias
2854 5071 3098 5144 ejusdem
3127 5076 3433 5144 argumenti
3475 5075 3732 5133 homilias

481 5137 634 5195 rella.
659 5141 888 5197 Lutetiae
911 5143 1071 5209 1605,
1100 5137 1288 5198 in-12.'
1315 5143 1472 5198 EDIT.
1503 5143 1675 5200 Pun.
2155 5151 2424 5205 recenset,
2462 5149 2515 5194 et
2544 5139 2743 5194 deinde
2785 5137 2895 5208 per'
2917 5137 3217 5195 decursuri?
3244 5137 3620 5199 commentarii
3660 5149 3730 5202 ad

550 5209 626 5281 (ὁ)
663 5211 860 5285 Editus
885 5212 940 5266 in
965 5213 1102 5267 libro
1124 5213 1214 5285 cui
1239 5215 1432 5270 titulus
1461 5234 1474 5270 :
1515 5213 1726 5285 Sylloge
1745 5231 2050 5270 monumen-
2155 5213 2404 5285 eumdem
2447 5223 2736 5285 canonem_
2753 5209 2986 5285 subinde
3017 5213 3303 5285 nonnulla,
3334 5227 3402 5285 ex
3433 5229 3496 5267 ea
3540 5215 3728 5270 decer-

479 5277 655 5354 tarent
683 5282 762 5354 ad,
783 5285 1094 5354 mysterium
1123 5282 1490 5354 Conceptionis
1522 5277 1882 5354 immaculata:
1933 5285 2050 5340 Vir-
2156 5293 2289 5354 ραι,
2313 5279 2615 5354 fragmenta
2649 5277 2836 5354 refert.
2868 5279 3114 5354 Accedit,
3147 5283 3296 5349 quod
3325 5283 3571 5354 ejusdem
3598 5301 3728 5340 ora-

477 5351 618 5424 gﬁinis
661 5348 914 5424 peipajai
960 5348 1360 5424 illustrandum,
1415 5371 1544 5407 cura
1597 5353 1722 5408 Ant.
1785 5355 2048 5410 Ballerini
2155 5348 2337 5424 tionis
2357 5348 2654 5418 particulas
2689 5348 2854 5424 modo
2900 5348 3178 5424 breviores
3217 5348 3379 5424 modo
3429 5353 3726 5424 longiores,

477 5418 602 5495 Sec.
644 5418 792 5495 15w.
827 5420 1014 5476 Roma:
1049 5421 1389 5495 1856,_typis
1423 5424 1480 5477 S.
1517 5425 1579 5478 C.
1613 5424 1677 5476 de
1707 5427 2051 5495 propaganda
2151 5421 2257 5495 sub
2299 5418 2600 5495 Geometras
2641 5421 2866 5495 nomine
2915 5419 3172 5495 recitatas
3209 5421 3486 5495 cernimus
3525 5418 3643 5478 ῐιιιιι
3671 5418 3728 5481 in

475 5492 602 5561 ﬁde.
629 5510 648 5542 ι
673 5491 833 5561 Hunc
865 5487 1604 5561 sermonem,'inquiteditor,
1636 5487 2048 5559 certo'au'etori,
2149 5487 2586 5561 Catena_Nieetae
2633 5487 2849 5561 diaconi
2904 5503 3002 5561 ap:
3040 5490 3180 5558 Ang.
3211 5491 3456 5561 Maium,
3510 5501 3624 5548 tum
3672 5499 3728 5552 in

475 5555 674 5614 Joanni
719 5555 1057 5627 Geometras,
1087 5555 1472 5617 ascribéndum
1517 5555 1638 5618 esse
1679 5579 1784 5618 non
1836 5555 2053 5620 Vatica;
2149 5561 2318 5630 altera
2347 5559 2662 5630 Griecorum
2693 5555 3168 5630 Patrum'Catena
3207 5560 3260 5613 in
3293 5555 3520 5625 Lucam,
3561 5581 3728 5630 quam

476 5645 584 5685 nus
613 5632 778 5685 modo
804 5633 973 5686 codex
1006 5632 1150 5686 inter
1187 5631 1407 5687 Graecos
1449 5633 1724 5688 Palatinos
1765 5652 1820 5688 ιι.
1852 5635 1958 5689 402
1989 5635 2052 5690 ﬁ-
2149 5627 2446 5684 Corderius
2473 5627 2642 5698 edidit
2672 5627 2911 5695 :quibus
2943 5629 3068 5682 addi
3101 5637 3276 5698 potest
3306 5648 3472 5686 aurea
3495 5631 3555 5687 S.
3581 5627 3728 5691 Tlte-

473 5703 600 5774 gcm
645 5700 1057 5774 facitteccum
1088 5715 1171 5774 ,ορ
1198 5701 1569 5774 Coislinianus
1614 5720 1668 5758 ιι,
1712 5705 1834 5768 106,
1868 5707 1962 5774 qui
1995 5708 2052 5761 in
2151 5713 2248 5754 mre
2275 5699 2554 5769 Aquinalis
2588 5697 2644 5752 in
2671 5699 2922 5754 eumdem
2953 5697 3158 5754 Lucam
3192 5700 3416 5756 Catena.
3463 5721 3482 5754 ι
3525 5703 3602 5758 Ιυ.

475 5769 750 5842 lmperiali
803 5771 1100 5828 Parisiensi
1139 5772 1466 5826 bibliotheca
1516 5783 1785 5840 servatur,
1837 5769 1900 5829 ac
1945 5777 2049 5830 Ba-
2139 5799 2146 5808 -

797 5870 1072 5930 ΡΑτιιοι..
1119 5869 1234 5928 Gn.
1280 5869 1439 5930 CVI.

3303 5879 3381 5940 ‘26
