4164 6412
570 312 667 375 811

566 577 833 638 Joannis
866 575 1211 637 Geometrw
1270 572 1849 631 commentariorum
1900 574 1967 633 in
1996 574 2063 633 S.
2097 572 2327 631 Lucam

1811 313 2050 376 JOANN
2061 314 2133 373 IS
2170 314 2599 376 GEOMETILE

3712 323 3814 387 8ίὲ

2381 575 2728 652 fragmenta
2762 582 3015 639 exstant
3043 575 3111 635 in
3139 575 3371 637 Catena
3403 578 3633 641 Νίοειιε
3665 582 3812 644 Ser-

1572 652 1749 711 rom'i
1777 670 1956 730 quam
1988 650 2231 711 edemus
2262 650 2343 709 ad
2369 650 2605 713 (mnum
2643 653 2819 714 1090.

575 829 896 848 m

903 814 3777 850 am

1150 904 1153 907 λ
1226 941 1526 1056 ΤΟΥ
1600 938 2409 1057 ΜΑΚΑΡΙΟΥ
2482 941 3165 1057 ΙΩΑΝΝΟΥ

637 1145 884 1201 ΛΟΓΟΣ
919 1139 1540 1237 ΠΡΟΣΦΩΙΣῌΥΙΚΟΣ
1587 1143 1637 1194 Il
1671 1137 2483 1261 ΧΑΡΙΣἸῊΡέίέἓῚΙΞῙᾸὶΞΟΊὶρΝ
2512 1138 3102 1198 ΕΥΑΓΓΕΛΙΣΜΟΝ
3143 1147 3281 1200 ΤΗΣ
3326 1148 3742 1203 ΥΠΕΡΔΙἾΑΣ

1189 1449 1610 1573 ΒΕΑΤΙ
1688 1450 2137 1567 JOANN

2241 1451 2287 1565 Ξ
2370 1449 3191 1566 GEOMETRAE

650 1639 748 1705 IN
786 1635 995 1703 SANC
1005 1629 1372 1695 “55sz
1413 1628 1669 1690 DEIPA
1679 1627 1833 1707 tua
1851 1627 2137 1690 ANNUN

2241 1626 2631 1707 ᾼΤΙΟΝΕΜ
2662 1626 2948 1691 SERMO
3001 1629 3737 1707 PROSPHONETICUS

1739 1706 1902 1768 SEU
1938 1704 2643 1771 GRATULATORIUS.
2946 1712 2951 1719 ”

1016 1834 1109 1897 (Ex
1133 1831 1333 1895 Sylloge
1367 1829 1424 1880 R.
1448 1829 1505 1881 Ρ.
1531 1829 1790 1881 Battum
1814 1840 1962 1893 supra
1984 1826 2192 1887 laudata.
2227 1826 2355 1887 Loca
2374 1825 2426 1887 iu
2445 1827 2644 1889 Catenis
2665 1828 2808 1885 obvia
2829 1830 2969 1887 uncis
2991 1830 3352 1898 includuntur.)

638 2070 676 2124 Ι.
709 2064 951 2124 Gaudete
980 2080 993 2116 :
1027 2058 1347 2129 boceejmibi
1382 2059 1543 2113 breve
1586 2058 1746 2113 simul
1776 2066 1831 2113 et
1885 2074 2137 2127 magnum

2314 2054 2397 2108 A'.
2432 2051 2667 2122 Χαίρετε
2725 2050 2883 2104 τοῦτό
2923 2068 3013 2120 μοι
3046 2052 3106 2105 τὸ
3152 2052 3329 2124 βραχὺ
3373 2055 3467 2110 καὶ
3528 2058 3676 2127 μέγα
3718 2062 3805 2116 τοῦ

571 2163 840 2219 orationis
879 2157 1187 2214 exordium.
1224 2155 1470 2210 Gaudete
1503 2154 1645 2207 :boc
1673 2153 1804 2207 mibi
1842 2164 1894 2208 et
1924 2154 2139 2209 initium

568 2268 620 2311 et
658 2253 893 2308 medium
913 2258 965 2304 et
987 2249 1185 2303 exitus.
1216 2245 1457 2300 Gaudete
1490 2244 1596 2299 :ad
1639 2243 1743 2297 hoc
1764 2258 1910 2300 nunc
1947 2252 2001 2299 et
2042 2261 2140 2299 na-

569 2359 690 2399 tura
745 2341 948 2406 omnis,
990 2346 1044 2394 et
1090 2352 1274 2393 rerum
1330 2343 1638 2391 creatarum
1696 2336 2047 2398 universitas,
2088 2345 2143 2393 et

567 2451 749 2493 sermo
773 2432 992 2506 (meus)
1020 2445 1119 2487 vos
1144 2436 1407 2500 provocat
1435 2443 1451 2493 ;
1485 2427 1660 2501 magis
1691 2440 1822 2482 vero
1860 2440 1970 2495 pra:
2020 2441 2141 2480 om-

570 2534 728 2584 nibus
764 2523 1109 2583 sermonibus
1142 2536 1253 2576 non
1281 2520 1417 2575 meis
1463 2520 1664 2586 solum,
1732 2533 1917 2573 verum
1976 2519 2138 2573 etiam

570 2618 873 2675 mortalium
903 2613 1169 2677 omnium,
1203 2618 1473 2682 quotquot
1490 2608 1712 2667 fuerunt
1744 2617 1798 2665 et
1828 2620 1954 2665 sunt
1976 2608 2142 2665 exsti-

569 2713 697 2771 turi.
730 2722 910 2765 sermo
941 2706 1050 2770 ille,
1074 2704 1167 2775 qui
1192 2712 1247 2763 et
1269 2701 1449 2761 Patris
1498 2716 1651 2757 mens
1670 2709 1772 2767 est,
1797 2715 1860 2756 ac
1903 2699 2139 2755 Verbum

570 2800 734 2855 simul
757 2807 811 2853 et
848 2796 1037 2863 Filius,
1077 2805 1133 2849 et
1168 2793 1260 2848 Dei
1284 2792 1488 2863 pariter
1518 2802 1569 2848 et
1608 2792 1772 2858 Deus,
1810 2799 1865 2846 et
1895 2793 2141 2848 veracis-

571 2895 744 2950 sinms
775 2891 929 2959 juxta
966 2903 1027 2957 ac
1064 2886 1499 2958 potentissimus,
1527 2901 1632 2940 non
1674 2886 1836 2940 modo
1860 2892 1919 2941 ut
1950 2884 2143 2955 gaude-

570 2998 752 3040 remus
778 2980 989 3044 indixit,
1024 2978 1117 3034 sed
1143 2978 1333 3043 etiam,
1361 2984 1421 3033 ut
1456 2974 1691 3045 gaudere
1746 2988 2050 3043 possemus,
2076 2988 2141 3029 o-

570 3091 695 3145 pere
715 3071 982 3143 praestitit.
1009 3069 1269 3134 Gaudete,
1291 3067 1412 3121 caeli
1440 3074 1675 3132 etterra,
1696 3074 1751 3120 et
1771 3080 1944 3134 genus
1956 3078 2139 3130 omne,

568 3179 619 3219 et
645 3166 824 3220 omnis
852 3173 984 3217 mtas
1017 3170 1071 3216 et
1102 3174 1270 3215 sexus
1304 3168 1563 3227 uterque;
1614 3156 1718 3210 viri
1771 3164 1826 3212 et
1858 3156 2139 3220 mulieres,

567 3259 805 3311 virentes
828 3266 881 3310 et
910 3252 1136 3317 mortui,
1168 3266 1255 3306 res
1294 3250 1476 3305 omnis
1506 3257 1689 3304 creata
1722 3257 1840 3302 tum
1893 3247 2130 3303 visibilis

567 3359 680 3403 tum
707 3345 1016 3401 invisibilis.
1046 3344 1113 3399 Et
1128 3342 1264 3412 jam,
1322 3342 1569 3407 satseio,
1620 3343 1890 3409 gaudetis,
1950 3351 2140 3412 utpote

2241 2148 2405 2217 λόγου
2435 2146 2744 2218 προοίμιον.
2776 2144 3009 2215 Χαίρετε
3066 2145 3226 2199 τοῦτο
3258 2148 3352 2200 καὶ
3372 2149 3518 2223 ἀρχὴ
3546 2152 3645 2203 καὶ
3675 2153 3806 2223 μέση

2241 2238 2334 2290 καὶ
2363 2236 2613 2307 τελευτή.
2650 2234 2908 2305 Χαίρετεο
2950 2233 3108 2288 τοῦτο
3145 2235 3240 2291 νῦν
3277 2238 3373 2291 καὶ
3402 2238 3563 2308 φύσις
3598 2242 3691 2312 ὂλη
3720 2244 3807 2296 καὶ

2242 2326 2420 2390 κτίσις
2459 2325 2554 2378 καὶ
2584 2324 2741 2392 λόγος
2775 2324 3168 2379 διακελεύεται·
3215 2326 3417 2395 μᾶλλον
3442 2328 3499 2381 δὲ
3533 2328 3695 2383 τοῦτο
3719 2333 3806 2384 καὶ

2242 2419 2349 2490 πρὸ
2374 2417 2480 2471 τῶν
2503 2415 2732 2506 λόγων.ό
2789 2415 2969 2483 λόγος,
3002 2416 3062 2469 οὐ
3115 2417 3224 2471 τῶν
3258 2419 3407 2489 ἐμῶν
3466 2422 3654 2493 μόνον,
3680 2422 3807 2476 ἀλλά

2242 2510 2337 2563 καὶ
2364 2508 2474 2561 τῶν
2502 2505 2721 2560 πάντων
2751 2505 3057 2576 ἀνθρώπων
3081 2507 3176 2563 καὶ
3194 2507 3365 2561 ὄντων
3390 2511 3484 2563 καὶ
3512 2511 3805 2581 ἐσομένων,

2241 2604 2270 2655 6
2296 2599 2390 2654 τοῦ
2422 2598 2636 2671 [ἰατρὸς
2679 2598 2775 2653 καὶ
2826 2598 2967 2665 νοὸς,
3021 2600 3050 2653 6
3082 2599 3256 2666 Λόγος
3288 2600 3425 2673 ὁμοῦ
3480 2604 3579 2661 καὶ
3609 2604 3750 2670 Υἱὸς,
3782 2606 3808 2657 6

2242 2695 2337 2749 καὶ
2358 2692 2494 2746 Θεοῦ
2532 2691 2629 2746 καὶ
2658 2691 2814 2758 Θεὸς,
2842 2692 2870 2744 ὁ
2894 2689 3264 2762 ἀληθέστατος
3298 2692 3417 2763 ἅμα
3451 2694 3545 2749 καὶ
3576 2695 3809 2751 δυνατώ-

2241 2801 2423 2849 τατος,
2454 2783 2515 2837 οὐ
2555 2783 2839 2848 διετάξατο
2875 2782 3059 2852 μόνον,
3099 2782 3235 2838 ἀλλὰ
3276 2786 3372 2839 καὶ
3406 2787 3806 2858 κατεπράξατο.

2241 2876 2491 2949 Χαίροις,
2525 2875 2742 2946 οὐρανέ,
2779 2875 2874 2929 καὶ
2924 2876 2996 2945 γῆ
3046 2877 3139 2930 καὶ
3190 2876 3343 2945 γένος
3379 2878 3548 2943 ἅπαν,
3583 2882 3677 2935 καὶ
3699 2884 3808 2951 ήλι.

2242 2970 2338 3026 κία
2365 2971 2537 3033 πᾶσα,
2563 2967 2659 3022 καὶ
2682 2966 2847 3037 φύσις
2880 2967 3143 3039 ἑκατέρα·
3178 2969 3370 3039 ἀνδρες
3397 2969 3495 3025 καὶ
3532 2974 3805 3038 γυναῖκες,

2243 3062 2445 3129 ζῶντες
2468 3062 2564 3117 καὶ
2594 3060 2946 3131 τεθνηκότες,
2972 3061 3068 3130 ὅλη
3116 3060 3318 3132 γενητὴ
3349 3062 3525 3127 κτίσις
3553 3065 3724 3135 ὁρατή
3752 3082 3807 3118 τε

2244 3160 2338 3213 καὶ
2357 3158 2611 3228 ἀόρατος.
2635 3157 2745 3210 Καὶ
2770 3155 3015 3226 χαίρετε,
3040 3152 3138 3210 οἷδ’
3162 3157 3265 3222 ὃτι,
3289 3155 3384 3210 τοῦ
3420 3158 3665 3229 μεγάλου
3682 3159 3809 3213 τού-

2242 3267 2339 3304 του
2381 3249 2476 3303 καὶ
2519 3247 2786 3319 φλογεροῦ
2840 3250 3083 3320 κήρυκος
3142 3250 3587 3317 ὑπακούσαντες,
3633 3252 3810 3323 ὥσπερ

2243 3340 2334 3395 διὰ
2364 3341 2493 3411 μιᾶς
2522 3340 2620 3409 τῆς
2648 3340 2812 3410 ἀρᾶς,
2830 3337 2973 3393 οὕτω
2995 3340 3087 3393 καὶ
3112 3340 3203 3394 διὰ
3231 3343 3363 3411 μιᾶς
3392 3340 3489 3395 νῦν
3519 3346 3622 3415 τῆς
3646 3346 3811 3414 χαρᾶς

566 3440 655 3511 qui
680 3454 935 3508 magnum
966 3437 1112 3491 hunc
1138 3435 1512 3505 fulgidumque
1561 3435 1810 3490 nuntium
1858 3435 2137 3490 audieritis

2244 3432 2522 3499 γυναικὸς,
2555 3432 2654 3515 καὶ
2684 3432 2797 3495 τοῖς
2831 3431 3013 3493 ἀλλοις
3045 3433 3182 3485 πᾶσι
3208 3432 3574 3503 διαδοθείσης*
3615 3436 3807 3503 μᾶλλον

564 3531 1013 3602 proclamantem,
1052 3524 1514 3597 quemadmodum
1542 3526 1671 3580 olim
1700 3540 1794 3595 per
1812 3540 1977 3579 unam
2019 3540 2139 3578 mu-

567 3624 751 3678 lierem
786 3618 1246 3679 maledictionem,
1271 3616 1351 3671 sic
1406 3614 1570 3670 etiam
1640 3630 1788 3670 nunc
1835 3629 1932 3684 per
1969 3628 2136 3669 unam

2242 3523 2301 3576 δὲ
2328 3522 2403 3593 μὴ
2426 3522 2536 3575 τῶν
2568 3521 2834 3592 ῥημάτων
2875 3521 3212 3584 ἀκούσαντες
3242 3522 3423 3592 μόνον,
3455 3524 3574 3577 ἀλλ’
3594 3526 3693 3597 ἠδη
3725 3525 3811 3578 καὶ

2240 3613 2349 3668 τῶν
2376 3615 2725 3684 πραγμάτων
2746 3614 2846 3682 τῆς
2876 3612 3101 3684 χάριτος
3125 3614 3561 3679 ἀπολαύσαντες.

566 3715 846 3769 mulierem
882 3710 1137 3779 gaudium
1169 3708 1222 3762 in
1256 3707 1394 3763 alios
1418 3720 1638 3777 quoque
1681 3706 1966 3761 universos
2011 3720 2137 3762 esse
2172 3704 2471 3773 diﬂusum;
2506 3706 2619 3760 imo
2643 3719 2773 3761 vero
2836 3718 2944 3759 non
3014 3706 3177 3761 modo
3209 3705 3440 3763 audistis
3491 3708 3676 3772 verba,
3724 3706 3807 3762 sed

564 3819 617 3861 et
649 3823 703 3861 re
736 3806 851 3874 ipsa
889 3803 1076 3875 gratiae
1111 3801 1322 3855 fructus
1357 3798 1696 3870 percepistis.

637 3899 700 3953 ll.
728 3897 794 3949 Et
822 3896 1039 3965 quidem
1072 3909 1236 3963 quam
1270 3907 1525 3963 magnum
1556 3890 1707 3956 illud,
1731 3891 1874 3960 quod
1894 3898 1947 3946 et
1962 3892 2140 3947 verbis

562 3990 927 4050 enuntiatum,
950 3996 1003 4041 et
1032 3986 1194 4041 simul
1207 3999 1371 4055 Opere
1387 3982 1715 4052 completum
1743 3984 1858 4038 est!
1885 3982 2138 4054 Magnum

563 4099 689 4139 vere
729 4098 795 4138 ae
856 4079 1299 4142 tremendum,et
1362 4074 1506 4146 quod
1562 4090 1738 4153 neque
1794 4076 2139 4133 sermonibus

562 4174 764 4238 eﬂ‘erri,
798 4187 973 4242 neque
1001 4169 1189 4225 auditu
1222 4165 1449 4238 percipi,
1482 4180 1657 4235 neque
1678 4164 1957 4220 intellecttt
1986 4181 2138 4221 com-

563 4264 824 4338 prehendi
872 4263 1072 4333 possit!
1101 4259 1244 4315 Deus
1300 4258 1562 4313 hodierna
1596 4257 1685 4312 die
1744 4256 1801 4311 [it
1858 4257 2045 4322 homo,
2088 4268 2142 4313 et

566 4361 728 4413 homo
755 4357 813 4411 lit
844 4354 986 4410 Deus
1010 4361 1063 4408 et
1093 4350 1350 4407 inimicus
1379 4348 1439 4404 tit
1462 4347 1705 4419 ejusdem
1736 4357 1948 4402 natura}
1974 4349 2140 4418 parti-

564 4464 690 4518 ceps
718 4464 733 4513 ;
760 4454 814 4501 et
844 4443 1083 4500 eradunt
1110 4439 1444 4495 amicissima
1481 4453 1604 4508 qua:
1649 4437 2033 4495 inimicissima
2081 4453 2141 4494 e-

544 4548 707 4605 rant,
740 4546 795 4592 et
822 4532 1273 4605 eonjunetissima
1290 4544 1411 4599 quae
1429 4530 1581 4598 prius
1604 4529 1979 4585 dissitissima.
2008 4526 2137 4584 Ver-

565 4633 713 4693 bum,
733 4629 978 4697 inquam,
1002 4632 1056 4679 et
1082 4620 1233 4687 caro,
1259 4623 1489 4676 materia
1514 4628 1567 4675 et
1598 4620 1813 4675 flamma
1836 4638 1851 4682 ;
1880 4621 1933 4675 in
1965 4636 2132 4675 unum

562 4731 763 4772 coeunt
783 4714 1083 4785 temporale
1113 4713 1327 4782 etquod
1361 4728 1560 4781 expers
1585 4723 1667 4768 est
1696 4714 1980 4783 temporis,
2010 4728 2132 4768 eor-

566 4825 730 4879 porea
757 4808 927 4863 moles
944 4816 997 4860 et
1028 4805 1175 4876 quod
1205 4814 1289 4859 est
1317 4805 1677 4869 immensum;
1705 4814 1760 4860 et
1781 4807 1874 4874 qui
1910 4806 2137 4860 maledi-

563 4909 735 4963 xerat,
773 4895 1048 4954 benedielt
1079 4913 1093 4963 ;
1130 4905 1185 4948 et
1213 4895 1307 4964 qui
1340 4894 1407 4949 ab
1428 4893 1571 4949 Edon
1598 4895 1910 4960 exsulabat,
1944 4911 2136 4953 rursus

560 4994 709 5048 Edon
760 4990 1052 5055 inhabitat,
1083 4998 1137 5044 et
1183 4987 1527 5042 maledictam
1577 4988 1811 5044 assumit
1860 4998 2135 5055 naturam,

558 5084 988 5153 damnatumque
1011 5080 1157 5136 subit
1177 5088 1391 5135 uterum
1415 5096 1428 5146 ;
1452 5079 1970 5136 ridelicetamissam
1988 5080 2134 5137 Eden

2324 3891 2401 3946 B'.
2459 3890 2547 3953 Ὦς
2598 3889 2742 3960 μέγα
2773 3889 2875 3959 μὲν
2903 3884 2996 3943 οὖν
3042 3891 3104 3944 τὸ
3151 3889 3247 3944 νῦν
3293 3891 3460 3963 ῥηθέν
3490 3910 3549 3946 τε
3581 3895 3693 3964 ἅμα
3721 3894 3807 3948 καὶ

2247 3978 2510 4050 πραχθέν.
2544 3979 2702 4047 Μέγα
2728 3981 2821 4033 καὶ
2846 3981 3095 4050 φρικτὸν,
3132 3982 3227 4035 καὶ
3253 3983 3391 4054 μήτε
3443 3984 3592 4057 λόγῳ
3628 3985 3801 4061 ῥητὸν,

2250 4073 2389 4143 μήτε
2426 4072 2563 4141 ἀκοῇ
2616 4072 2885 4142 χωρητὸν,
2947 4073 3087 4143 μήτε
3136 4073 3237 4145 νῷ.
3270 4074 3643 4145 καταληπτόν.
3690 4078 3807 4129 Ἀν-

2253 4162 2472 4235 θρωπος
2506 4165 2535 4216 6
2564 4162 2718 4229 Θεὸς,
2753 4164 2847 4216 καὶ
2867 4163 3000 4227 Θεὸς
3034 4167 3061 4216 6
3097 4164 3384 4235 ἄνθρωπος
3431 4166 3693 4239 σήμερον,
3719 4167 3807 4219 καὶ

2245 4256 2504 4318 κοινωνὸς
2530 4255 2631 4325 τῆς
2660 4255 2875 4324 φύσεως
2904 4256 2932 4307 6
2967 4255 3180 4327 ἐχθρὸς,
3231 4257 3326 4310 καὶ
3359 4256 3594 4327 φίλτατα
3626 4258 3722 4326 μὲν
3743 4257 3806 4309 τὰ

2245 4346 2654 4417 πολεμιώτατα,
2689 4346 3083 4418 ωμφυέστατα
3109 4348 3167 4401 δὲ
3197 4349 3263 4402 τὰ
3284 4347 3418 4419 πρὶν
3443 4350 3797 4419 ἀμικτότατα,

2240 4436 2397 4506 λόγος
2438 4438 2534 4493 καὶ
2592 4437 2751 4509 σὰρξ,
2802 4439 2901 4509 ὕλη
2957 4441 3050 4494 καὶ
3108 4440 3263 4510 φλὸξ,
3298 4441 3489 4515 χρόνος
3518 4443 3617 4495 καὶ
3653 4442 3804 4510 ὀγκος

2243 4531 2372 4599 περὶ
2399 4530 2460 4582 τὸ
2495 4531 2724 4601 ἄχρονόν
2754 4549 2812 4584 τε
2853 4534 2948 4585 καὶ
2976 4531 3223 4603 ἄπειρον·
3275 4534 3370 4587 καὶ
3397 4535 3426 4588 ό
3466 4535 3805 4605 ἀρασάμενος

2239 4623 2475 4691 εὐλογεῖ,
2516 4627 2607 4677 καὶ
2658 4627 2687 4677 ό
2742 4629 2843 4696 τῆς
2889 4626 3049 4697 Ἐδέμ
3101 4628 3415 4700 ἀποικήσας
3465 4630 3686 4689 ἐνοικεῖ,
3717 4625 3805 4678 καὶ

2240 4716 2506 4781 λαμϐάνει
2530 4719 2630 4788 τὴν
2678 4719 2980 4788 ἀραϐεῖσαν
3021 4720 3183 4787 φύσιν
3211 4738 3269 4774 τε
3303 4720 3396 4773 καὶ
3422 4718 3607 4788 νηδύν·
3643 4718 3733 4771 καὶ
3778 4717 3804 4768 6
3841 4771 3848 4787 ,

2245 4811 2344 4880 μὲν
2393 4810 2564 4883 Ἀδὰμ
2590 4813 2688 4883 τὴν
2732 4810 2916 4881 Ἐὃέμ,
2949 4811 2978 4864 ὁ
3033 4811 3091 4866 δέ
3120 4811 3459 4883 Δημιουργὸς
3480 4811 3686 4882 ἀμφοῖν
3713 4808 3804 4877 τὴν

2243 4903 2671 4971 κατακριθεῖσαν
2721 4903 2821 4967 τὰς
2871 4903 3112 4965 ἀκάνθας
3143 4903 3564 4974 ,ἀντιλαμϐάνευ
3609 4900 3803 4973 μᾶλὶον

2241 4994 2320 5062 δὲ,
2352 4997 2381 5047 6
2404 4995 2504 5064 μὲν
2534 4996 2648 5049 ἀντῗ
2677 4997 2896 5067 ἐκείνης
2941 4996 3033 5050 τὸν
3070 4997 3321 5068 οὐρανὸν,
3358 4998 3387 5048 ὁ
3421 4997 3477 5050 δὲ
3512 4996 3604 5051 τὸν
3652 4994 3804 5065 οὐρα-

2249 5091 2337 5143 νὸν
2360 5090 2532 5145 λιπὼν
2555 5093 2649 5146 ἐπὶ
2674 5094 2763 5146 τὸν
2787 5092 2920 5165 ᾅδην
2951 5097 3138 5164 χωρεῖ.

541 5180 803 5241 :Adamus
834 5187 1140 5253 recuperat,
1177 5176 1464 5245 utriusque
1492 5176 1659 5243 rero(
1682 5176 1810 5230 Adae
1842 5187 1895 5232 et
1919 5176 2092 5251 Eden)
2133 5183 2358 5241 Greater
2411 5197 2610 5244 terram
2634 5190 2702 5244 ad
2736 5188 2987 5245 ferendas
3035 5190 3222 5259 spinas
3242 5188 3553 5244 damnatam
3573 5185 3804 5245 vicissim

539 5276 805 5336 assumit,
836 5288 934 5329 seu
973 5272 1167 5328 melius
1196 5270 1426 5325 dixerim
1456 5268 1549 5323 ille
1571 5284 1670 5338 pro
1692 5269 1840 5326 Eden
1864 5275 2032 5331 caalos
2048 5279 2264 5349 accipit,
2298 5283 2385 5337 bie
2419 5300 2549 5339 vero
2583 5286 2750 5342 ctelos
2784 5286 3097 5356 relinquens
3122 5285 3190 5341 ad
3231 5284 3440 5340 inferna
3482 5280 3773 5341 descendit.

629 5373 719 5427 lll.
753 5370 908 5426 Alius
934 5371 1119 5439 itaque
1148 5367 1295 5422 aliud
1326 5367 1621 5437 quodpiam
1667 5382 1698 5424 e
1722 5356 2017 5441 mysteriis,
2057 5383 2137 5428 at-

555 5479 661 5534 que
682 5466 846 5519 aliam
882 5463 1198 5533 quampiam
1228 5475 1260 5514 e
1282 5459 1723 5517 solemnitatibus
1754 5464 2133 5521 celebrandam

555 5557 740 5626 eligat,
772 5563 825 5608 et
854 5553 1051 5624 majori
1086 5567 1197 5622 pra:
1231 5552 1334 5607 ista
1366 5551 1588 5623 dignam
1637 5554 2003 5611 admiratione
2037 5559 2132 5612 ha-

559 5647 701 5711 beat,
729 5646 899 5699 multo
930 5659 1271 5715 prosequens
1316 5644 1565 5715 honore(
1614 5644 1890 5700 Christum
1947 5648 2131 5703 Domi~

560 5750 689 5791 num
720 5738 735 5804 )
768 5746 986 5806 propter
1014 5749 1115 5790 nos
1149 5745 1359 5799 natum,
1410 5737 1495 5790 vel
1557 5736 1998 5793 manifestantem
2050 5756 2130 5805 se,

2321 5377 2395 5432 1".
2431 5380 2623 5445 Ἄλλος
2652 5382 2753 5450 μὲν
2782 5378 2878 5437 οὖν
2918 5381 3046 5438 ἄλλο
3085 5397 3140 5436 τι
3172 5381 3284 5437 τῶν
3334 5380 3667 5453 μυστηρίων.
3718 5374 3804 5429 καὶ

2244 5468 2410 5536 ἄλλην
2445 5471 2565 5523 τινά
2587 5471 2699 5525 τῶν
2737 5469 2942 5540 ἑορτῶν
2968 5471 3149 5539 ἀγέτω
3180 5471 3286 5540 πρὸ
3326 5469 3530 5539 ταύτης
3557 5469 3652 5520 καὶ
3681 5465 3803 5519 θαν-

2246 5559 2486 5626 μαζὲτω,
2532 5560 2849 5629 αἰδούμενος
2908 5562 3000 5613 τὸν
3052 5560 3398 5631 γεννώμενον
3438 5560 3505 5613 δι’
3558 5559 3722 5628 ἡμᾶς,
3770 5552 3798 5620 ἦ

2242 5651 2589 5718 φαινόμενον,
2634 5652 2665 5722 ἢ
2701 5651 3251 5723 μεταμορφούμενον,
3300 5653 3394 5708 καὶ
3430 5653 3496 5722 τῇ
3535 5650 3686 5719 φωνῇ
3715 5644 3799 5697 τοῦ

2243 5741 2455 5811 Πατρὸς
2495 5742 2608 5811 ἅμα
2642 5744 2733 5797 καὶ
2766 5746 2829 5814 τῇ
2873 5747 3055 5815 μορφῇ
3085 5746 3182 5817 τῆς
3215 5744 3481 5814 Θεότητος
3507 5735 3799 5812 μαρτυρού-
