4164 6410
575 284 679 349 815

1813 294 2133 354 JOANNIS
2170 296 2603 359 ΟΕΟΜΕἸἮΕ

3714 308 3816 372 816

576 402 704 453 time
732 400 859 468 quid
893 400 957 455 de
990 401 1102 470 ipsa
1142 400 1430 455 hsrivitate
1461 400 1668 456 sentias
1702 443 1715 466 ,
1756 411 1813 455 ut
1846 418 1911 456 ex
1945 402 2010 457 iis
2032 419 2154 473 qua:
2194 408 2260 459 ad
2308 408 2555 460 eamdem
2609 413 2875 475 spectant,
2913 412 3014 462 hoc
3046 423 3261 480 quoque
3299 408 3394 465 tibi
3430 412 3499 466 sit
3530 421 3578 467 et
3602 416 3815 470 veritati

574 505 801 562 prorsus
840 500 1269 545 consentaneum
1288 501 1341 545 et
1378 492 1455 545 rei
1504 491 1738 545 maxime
1776 496 2269 551 accommodatum.

659 582 739 636 Vl.
775 582 1080 652 Duplicem,
1115 593 1173 637 ut
1204 593 1407 636 norunt
1464 598 1679 646 omnes,
1732 587 2140 655 generationem

2326 594 2414 658 ς’.
2450 590 2657 659 Διπλῆν
2683 592 2818 660 ἡμῖν
2841 590 3094 660 γέννησιν
3123 590 3151 643 ὁ
3179 590 3336 659 λόγος
3365 587 3473 645 οἶδε
3508 593 3600 647 τοῦ
3625 596 3814 662 Λόγου·

584 670 741 727 Verbi
774 673 1093 743 proﬁtemur
1124 691 1138 737 ;
1180 674 1455 728 caelestem
1482 674 1733 739 alteram,
1766 691 1999 746 eamque
2040 679 2149 747 pri-

578 765 973 828 mam,alteram
1010 772 1320 818 terrestrem
1351 778 1582 833 eamque
1612 766 1905 820 secundam
1934 783 1949 833 ;
1976 783 2149 837 quan-

577 874 737 926 quam
760 872 932 926 neque
949 858 1177 928 primam
1200 859 1345 913 illam
1365 860 1619 925 dixerim,
1642 861 1733 915 sed
1761 863 1941 929 potius
1961 872 2013 916 et
2044 878 2148 917 saa-

576 949 697 1001 eula
726 950 1113 1018 praecedentem
1149 958 1203 1005 et
1232 959 1526 1017 aeternam;
1550 952 1827 1022 quomodo
1868 945 2013 1007 enim
2066 955 2147 1006 vel

579 1040 753 1107 prima
785 1051 948 1106 esset,
979 1056 1100 1111 quae
1126 1042 1336 1097 nullum
1368 1058 1609 1113 unquam
1662 1043 1880 1098 initium
1934 1044 2148 1099 habuit?

574 1129 706 1184 Nam
725 1132 957 1201 primum
992 1135 1133 1188 inter
1149 1149 1213 1188 ea
1243 1134 1493 1200 habetur,
1512 1151 1632 1205 quae
1653 1137 1877 1206 tempori
1894 1137 2144 1192 subsunt.

576 1223 682 1277 Sed
710 1234 764 1277 et
796 1240 1154 1293 quarumnam
1186 1227 1359 1295 prima
1395 1227 1510 1282 hate
1533 1229 1719 1283 esset?
1745 1227 1887 1282 Nulli
1916 1244 2147 1298 prorsus

572 1314 806 1367 aliarum
843 1316 1117 1371 ullatenus
1145 1316 1340 1372 similis
1386 1317 1676 1384 invenitur,
1714 1334 1783 1372 ne
1810 1319 1896 1373 isti
1927 1320 2145 1389 quidem

574 1408 817 1460 terrestri
837 1408 1063 1472 scilicet,
1084 1424 1245 1479 quam
1271 1411 1353 1465 sui
1372 1411 1647 1480 propriam
1674 1411 1787 1480 ipse
1813 1411 2033 1478 habuit;
2053 1412 2146 1466 sed

573 1516 809 1570 superna
833 1502 944 1566 illa,
969 1503 1083 1557 sola
1102 1510 1208 1567 est,
1237 1511 1291 1558 et
1308 1505 1499 1573 quavis
1527 1506 1782 1574 praecelsa
1801 1505 2147 1575 generatione

571 1590 935 1657 eminentior;
969 1593 1137 1647 altera
1168 1609 1298 1649 vero
1331 1596 1603 1650 terrestris
1650 1604 1745 1649 est
1780 1611 1843 1649 ea
1883 1596 2099 1664 quidem
2129 1612 2142 1656 ;

573 1698 771 1739 omnes
807 1695 986 1739 tamen
1015 1693 1302 1741 terrestres
1330 1703 1393 1741 ac
1420 1688 1741 1758 temporales
1769 1688 1977 1742 ratione
2004 1688 2143 1741 modi

572 1782 882 1841 chuperat.
914 1772 1090 1845 Atque
1119 1776 1209 1830 illa
1247 1776 1466 1845 quidem
1492 1776 1946 1845 quemadmodum
1991 1785 2142 1830 extra

574 1870 790 1932 tempus
805 1880 964 1921 omne
988 1878 1090 1931 est,
1114 1869 1188 1921 ita
1210 1878 1263 1921 et
1292 1883 1507 1921 onmem
1527 1876 1742 1937 captum
1761 1866 1994 1921 excedit.
2023 1866 2140 1920 Non

2250 685 2349 755 τὴν
2387 685 2484 753 μὲν
2518 682 2631 736 ἄνω
2657 699 2714 734 τε
2744 683 2840 735 καὶ
2894 681 3143 753 πρώτην,
3198 684 3297 752 τὴν
3344 684 3401 736 δὲ
3450 684 3600 737 κάτω
3626 704 3683 738 τε
3728 704 3818 742 και

2249 775 2528 845 δευτέραν·
2590 773 2790 842 μᾶλλον
2838 772 2896 826 δὲ
2932 773 3032 843 τὴν
3089 773 3188 843 μὲν
3238 774 3361 827 οὐδὲ
3398 774 3645 845 πρώτην,
3684 777 3815 832 ἀλλὰ

2251 866 2345 918 καὶ
2394 862 2721 935 προαιώνιον
2777 864 2871 915 καὶ
2920 863 3112 917 ἀΐδιον·
3164 864 3282 925 πῶς
3340 863 3451 934 γὰρ
3488 864 3556 918 ἂν
3602 867 3688 936 εῐη
3727 870 3818 921 καὶ

2250 955 2463 1025 πρώτη,
2512 954 2651 1025 μήτε
2685 951 2968 1023 ἀρξαμένη
3010 953 3170 1018 ποτέ;
3200 952 3319 1006 Τῶν
3342 954 3451 1025 γὰρ
3477 956 3582 1008 ὑπὸ
3626 958 3817 1027 χρόνον

2247 1050 2309 1102 τὸ
2340 1048 2578 1119 πρῶτον.
2606 1048 2781 1100 Τίνων
2806 1047 2862 1100 δὲ
2887 1049 2980 1101 καὶ
3019 1047 3225 1119 ταύτης
3252 1049 3407 1118 Μήτε
3451 1050 3692 1122 μηδεμιᾷ
3713 1054 3818 1107 τῶν

2249 1142 2423 1198 ἄλλων
2448 1143 2657 1196 ἐοικυῖα
2687 1141 2873 1212 μηδὲν,
2907 1141 3046 1210 μήτε
3086 1141 3142 1193 δὲ
3172 1143 3236 1212 τῇ
3269 1142 3466 1195 ἑαυτοῦ
3510 1143 3687 1215 ταύτῃ
3726 1144 3817 1198 καὶ

2249 1236 2423 1291 κὰτωο
2463 1234 2577 1288 ἀλλ’
2606 1235 2639 1303 ἡ
2680 1234 2778 1302 μὲν
2808 1234 2919 1287 ἄνω
2958 1233 3117 1303 μόνον
3161 1234 3256 1286 καὶ
3301 1233 3443 1304 ὑπὲρ
3490 1235 3602 1289 ἄνω
3636 1238 3815 1306 πάσης

2248 1329 2582 1397 γεννήσεωςο
2629 1326 2772 1396 ἠδὲ,
2829 1325 2982 1379 κάτω
3036 1324 3156 1395 μὲν,
3196 1325 3338 1395 ὑπὲρ
3389 1326 3447 1379 δὲ
3491 1326 3674 1390 πάσας
3721 1331 3814 1393 τὰς

2249 1418 2400 1472 κάτω
2431 1417 2528 1471 καὶ
2559 1416 2664 1470 ὑπὸ
2707 1418 2921 1485 χρόνον,
2949 1414 3037 1467 διὰ
3091 1415 3180 1469 τὸν
3229 1417 3452 1487 τρόπον.
3499 1418 3608 1470 Καὶ
3658 1420 3817 1487 ἠμὲν

2247 1510 2438 1574 ὥσπερ
2472 1508 2724 1577 ἄχρονος,
2764 1505 2907 1559 οὕτω
2938 1506 3034 1559 καὶ
3068 1506 3330 1576 ἄληπτος.
3374 1507 3447 1559 Οὐ
3478 1509 3585 1579 γὰρ
3626 1509 3814 1578 χρόνου

2250 1602 2415 1671 μόνου
2447 1601 2738 1671 κρείττων,
2790 1599 2924 1653 ἀλλὰ
2967 1599 3062 1653 καὶ
3106 1600 3330 1671 τρόπου.
3366 1601 3576 1671 ’Ὥσπερ
3603 1602 3662 1655 δὲ
3688 1602 3815 1671 ἄλη-

2247 1711 2406 1758 πτος,
2430 1692 2575 1747 οὕτω
2608 1693 2701 1746 καὶ
2730 1692 2912 1755 ἄῦλοςο
2943 1692 3004 1745 οὐ
3039 1692 3149 1762 γὰρ
3176 1690 3336 1762 ὑλικὴ
3370 1692 3478 1745 τῶν
3516 1693 3699 1746 ἀΰλων
3728 1695 3816 1747 καὶ

2245 1786 2502 1855 ἀλήπτων
2536 1785 2570 1854 η
2599 1783 2873 1854 γέννησις.
2909 1784 3124 1853 ’Ὠσπερ
3155 1783 3210 1835 δὲ
3237 1784 3419 1846 ἄῦλος,
3457 1783 3599 1836 οὕτω
3626 1783 3692 1852 δὴ
3722 1786 3812 1838 καὶ

2246 1878 2607 1947 ἀσύλληπτος·
2648 1876 2857 1946 οὖογὰρ
2892 1876 3088 1944 ἀτελὴς
3118 1876 3403 1945 πρότερον,
3440 1872 3561 1929 εἶτα
3588 1877 3809 1941 τέλειος.

573 1953 719 2007 enim
745 1954 916 2009 solum
957 1966 1169 2027 tempus
1200 1973 1383 2023 omne,
1415 1958 1509 2013 sed
1528 1973 1747 2013 omnem
1774 1974 1994 2029 quoque
2019 1974 2140 2014 mo-

2249 1971 2460 2041 Ὥσπερ
2491 1969 2547 2022 δὲ
2576 1968 2943 2039 ἁσύλληπτος,
2996 1967 3137 2021 οὓτω
3179 1968 3242 2038 δὴ
3305 1969 3399 2020 καὶ
3455 1967 3718 2030 ἀναίτιος·
3755 1968 3811 2021 οὐ

572 2049 700 2102 dum
730 2048 1187 2117 praetergreditur.
1243 2048 1415 2103 Sicuti
1445 2060 1624 2104 autent
1682 2049 2144 2120 incomprehensi-

573 2137 721 2200 bilis,
755 2137 903 2192 sicet
935 2136 1005 2192 ah
1032 2138 1182 2192 omni
1234 2140 1461 2193 materia
1523 2148 1609 2195 est
1664 2150 1914 2206 secreta;
1968 2156 2144 2210 neque

572 2230 718 2283 enim
752 2228 1051 2284 materialis
1086 2245 1207 2285 esse
1228 2240 1400 2299 potest
1458 2246 1647 2286 eorum
1695 2235 1994 2302 generatio,
2023 2249 2146 2303 qua:

572 2319 893 2387 incorporea
920 2328 1048 2374 sunt
1074 2331 1126 2373 et.
1162 2320 1750 2391 incomprehensibilia.
1778 2321 2144 2388 Quemadmo-

571 2409 705 2463 dum
755 2425 883 2465 vero
938 2412 1118 2467 omnis
1169 2414 1432 2475 materiae,
1470 2414 1549 2468 sic
1600 2412 1847 2484 profecto
1896 2416 2140 2485 cujusvis

572 2514 789 2569 quoque
812 2501 1167 2570 praecedentis
1198 2502 1566 2571 conceptionis
1621 2511 1705 2557 est
1761 2517 1985 2572 expers;
2034 2520 2141 2558 non

571 2591 717 2645 enim
740 2592 890 2661 prius
907 2605 991 2648 est
1008 2594 1341 2663 imperfecta,
1366 2594 1561 2649 deinde
1584 2592 1840 2664 perfecta.
1863 2595 1926 2649 Et
1949 2612 2140 2652 rursus

570 2684 716 2740 sicut
737 2687 1149 2756 conceptionem
1189 2688 1412 2757 nullam,
1439 2690 1519 2744 sic
1536 2690 1804 2745 etnullam
1829 2692 2139 2748 habetcau-

572 2790 713 2843 sam,
736 2788 954 2848 propter
983 2794 1146 2850 quam
1178 2778 1318 2835 facta
1374 2780 1482 2847 sit;
1516 2796 1624 2835 non
1676 2783 1819 2836 enim
1852 2798 1919 2838 ex
1973 2784 2138 2839 libera

569 2862 875 2938 cujuspiam
906 2870 1031 2926 ﬁnis
1065 2872 1327 2928 electione
1353 2881 1408 2928 et
1452 2876 1834 2943 prosecutione
1876 2878 2143 2932 exsisten-

2243 2063 2353 2133 γὰρ
2386 2062 2471 2115 ἵνα
2506 2061 2624 2114 τόδε
2657 2079 2732 2126 τι,
2770 2044 2859 2114 δία
2888 2061 3047 2114 τοῦτο
3076 2058 3220 2125 Υἱὸς,
3248 2059 3436 2130 ὥσπερ
3454 2060 3574 2113 οὐδὲ
3604 2060 3811 2129 Πατὴρ,

2243 2153 2363 2205 οὐδὲ
2398 2150 2645 2221 Πνεῦμαο
2685 2154 2752 2221 τῇ
2789 2151 2845 2204 δὲ
2874 2152 3039 2221 ἀρχῇ,
3068 2151 3159 2203 καὶ
3185 2151 3424 2219 αἰτιατή·
3460 2147 3577 2212 πῶς
3598 2149 3709 2236 γὰρ
3746 2150 3808 2201 ἂν

2242 2244 2336 2296 καὶ
2370 2243 2453 2311 εἴη
2482 2240 2630 2304 Υἱὸς,
2661 2241 2798 2310 μήτε
2816 2239 2876 2293 τὸ
2899 2236 3037 2292 εἶναι
3077 2238 3258 2291 λαϐὼν
3287 2237 3439 2307 παρὰ
3463 2237 3552 2290 τοῦ
3581 2238 3808 2308 Πατρόςς

2242 2334 2351 2388 Καὶ
2384 2335 2418 2403 ἡ
2452 2333 2550 2403 μὲν
2580 2331 2754 2393 οὕτως
2812 2330 2924 2400 ἔχει
2954 2331 3049 2383 καὶ
3099 2330 3236 2396 ἔξει,
3288 2329 3663 2398 πιστευομένη
3717 2327 3810 2398 μὲν

2248 2426 2356 2488 ἀεὶ,
2380 2424 2911 2492 καταλαμϐανομένη
2943 2421 3000 2474 δὲ
3038 2420 3116 2490 τῷ
3154 2420 3309 2484 πότε,
3341 2420 3373 2491 ἢ
3420 2418 3499 2488 τῷ
3540 2418 3682 2480 πῶς,
3728 2419 3811 2470 οὺ-

2249 2517 2462 2570 δέποτε.
2511 2514 2577 2569 ἰι
2612 2516 2669 2568 δὲ
2698 2513 2779 2585 τῷ
2820 2515 2919 2584 μὲν
2967 2512 3319 2581 ἁσυνδυάστῳ
3354 2528 3413 2563 τε
3446 2511 3567 2564 καὶ
3614 2510 3811 2563 ἀπαθεῖ

2246 2604 2341 2656 καὶ
2361 2604 2608 2674 ἀλήπτῳ,
2642 2605 2735 2656 καὶ
2758 2603 2963 2673 ὅμοιος·
2989 2602 3056 2654 τὰ
3085 2601 3144 2655 δὲ
3168 2600 3347 2667 λοιπὰ,
3374 2600 3633 2670 διάφορος
3658 2599 3807 2666 ὑλική

2245 2713 2305 2750 τε
2327 2697 2421 2749 καὶ
2455 2695 2757 2766 συλληπτὴ,
2788 2692 3015 2765 χρονικὴ
3049 2694 3143 2747 καὶ
3176 2693 3416 2760 αίτιατὴ·
3452 2692 3547 2745 καὶ
3579 2693 3616 2762 ή
3649 2690 3807 2754 αἰτία,

2248 2789 2283 2857 ή
2307 2786 2414 2857 ὲμὴ
2438 2787 2701 2857 σωτηρία.
2745 2785 2851 2839 Τοῦ
2880 2784 2986 2855 γὰρ
3024 2784 3156 2837 Θεὸν
3205 2781 3569 2853 βροτωθῆναι,
3603 2782 3668 2835 τὸ
3695 2782 3809 2851 βρο-

2248 2880 2338 2932 τὺν
2366 2878 2658 2948 θεωθῆναι,
2698 2878 2835 2947 μόνη
2869 2877 3161 2946 πρόφασις.

571 2961 702 3015 tiam
735 2962 894 3016 habet
926 2961 1119 3031 Filius,
1150 2964 1229 3019 uti
1256 2980 1430 3035 neque
1463 2964 1644 3032 Pater,
1667 2982 1841 3036 neque
1876 2956 2144 3038 Spiritus;
2184 2971 2277 3033 sed
2340 2971 2395 3024 in
2429 2971 2697 3041 principio
2725 2979 2861 3035 erat,
2891 2969 3018 3025 licet
3080 2969 3291 3039 origine
3310 2985 3417 3025 non
3440 2977 3624 3025 careat
3656 2983 3806 3024 :nam

568 3057 843 3126 quomodo
864 3054 1036 3114 Filius
1075 3067 1238 3121 esset,
1274 3059 1319 3114 si
1373 3074 1550 3128 neque
1582 3075 1703 3116 esse
1758 3063 2028 3132 acciperet
2076 3080 2142 3118 ex
2179 3063 2575 3135 Patre?Atque
2631 3065 2789 3134 plane
2851 3064 2925 3117 ita
2970 3078 3030 3119 se
3059 3064 3295 3120 habetet
3318 3065 3555 3129 habebit,
3584 3065 3807 3120 utcredi

568 3150 789 3219 quidem
853 3166 1072 3220 semper
1123 3152 1320 3222 possit,
1370 3154 1588 3223 quando
1619 3163 1801 3209 autem
1835 3166 1889 3210 et
1920 3158 2191 3225 quomodo
2220 3158 2314 3222 sit,
2353 3159 2686 3226 intelligatur
2715 3173 3017 3229 nunquam.
3038 3156 3133 3211 illa
3164 3172 3293 3212 vero
3321 3156 3641 3228 (terrestris)
3662 3160 3807 3213 εἰιιί-

569 3243 638 3296 lis
667 3249 722 3296 et
745 3242 858 3312 ipsa
886 3241 1014 3297 huic
1040 3252 1123 3296 est
1144 3258 1210 3296 ex
1244 3253 1421 3312 parte,
1450 3253 1722 3312 quatenus
1784 3245 1974 3299 eadem
2004 3257 2058 3300 et
2107 3247 2507 3316 copulationem
2567 3247 2842 3301 carnalem
2882 3246 3077 3313 n‘escit,
3114 3254 3167 3299 et
3238 3246 3493 3313 passione
3549 3256 3722 3313 caret,
3755 3257 3807 3302 et

567 3344 782 3402 captum
811 3340 1041 3401 superat
1064 3349 1080 3398 ;
1107 3333 1160 3386 in
1181 3332 1391 3388 caeteris
1415 3348 1542 3387 vero
1565 3335 1633 3387 ab
1660 3349 1722 3388 ea
1742 3333 2015 3405 discrepat
2036 3353 2050 3401 ;
2070 3353 2192 3390 nam
2224 3347 2277 3392 et
2307 3352 2568 3406 corporea
2598 3347 2704 3402 est,
2739 3344 2792 3391 et
2848 3336 3160 3405 adjunctam
3183 3336 3596 3407 conceptionem
3631 3337 3804 3401 habet,

564 3432 615 3478 et
648 3424 959 3494 temporalis
990 3433 1093 3487 est,
1129 3433 1182 3478 et
1222 3424 1382 3478 habet
1424 3441 1650 3480 causam
1674 3469 1689 3493 ,
1751 3428 2137 3497 quaa'quidcm
2178 3444 2346 3483 causa
2405 3429 2506 3483 fuit
2540 3430 2689 3484 salus
2737 3443 2875 3483 mea.
2910 3428 3080 3483 Unica
3115 3425 3290 3492 enim,
3314 3442 3413 3483 cur
3446 3426 3591 3483 Deus
3662 3445 3804 3485 mor-

566 3517 829 3569 talitatem
866 3515 1133 3579 indueret,
1160 3514 1271 3569 haec
1306 3530 1470 3570 causa
1511 3514 1633 3580 fuit,
1675 3523 1737 3569 ut
1773 3516 1934 3583 homo
1966 3518 2235 3587 particeps
2257 3520 2482 3573 Deitatis
2507 3520 2816 3586 evaderem

637 3606 746 3660 VII.
779 3605 845 3659 Et
872 3622 1003 3662 sane
1032 3621 1139 3659 non
1176 3606 1297 3661 ideo
1352 3609 1531 3662 solum
1579 3606 1722 3662 Deus
1785 3610 2022 3673 advenit,
2078 3619 2139 3663 ut

2311 3613 2384 3663 Z'.
2413 3610 2486 3663 Οὐ
2515 3599 2636 3680 γὰρ’
2650 3611 2750 3681 τὴν
2772 3611 3048 3682 τιμωρίαν
3076 3612 3233 3666 λῦσαι
3266 3613 3444 3682 μόνον,
3486 3612 3608 3666 οὐδὲ
3640 3629 3803 3668 κατα-

564 3717 785 3773 pmnam
812 3702 1065 3765 solveret,
1103 3716 1278 3770 neque
1298 3702 1474 3755 solum
1497 3712 1554 3756 ut
1576 3712 1856 3771 peccatum
1884 3704 2126 3758 dimitte-

2243 3702 2403 3754 λῦσαι
2426 3702 2522 3769 τὴν
2549 3702 2845 3772 ἁμαρτίαν,
2879 3686 3019 3756 ἀλλὰ
3058 3704 3153 3757 καὶ
3182 3704 3515 3774 χαρίσασθαι
3542 3704 3647 3775 τὴν
3703 3707 3805 3757 lao-

566 3796 683 3860 ret;
708 3808 894 3848 verum
917 3794 1083 3847 etiam
1108 3803 1166 3848 ut
1196 3795 1352 3849 nobis
1384 3809 1451 3848 ex
1482 3794 1813 3864 benignitate
1856 3811 1953 3849 sua
1993 3797 2137 3849 Divi-

2243 3795 2413 3859 θεῗαν,
2448 3795 2541 3849 καὶ
2572 3795 2633 3849 τὸ
2656 3796 2841 3865 κακῶς
2874 3799 3182 3867 φαντασθὲν
3232 3799 3414 3867 μόνον,
3470 3799 3655 3861 καλῶς
3682 3800 3805 3853 ἀπο·

570 3886 759 3940 nitatis
783 3884 1194 3940 similitudinem
1220 3885 1528 3954 largiretur,
1549 3896 1711 3954 atque
1732 3887 1803 3940 ita
1823 3886 1967 3953 quod
1996 3886 2137 3941 male

566 3994 665 4048 per
698 3994 893 4032 vanam
941 3979 1320 4033 tantummodo
1382 3979 1725 4047 phantasiam
1775 3981 2135 4048 excogitatum

566 4071 759 4136 luerat,
788 4071 891 4125 hoc
922 4070 1099 4140 ipsum
1128 4086 1287 4140 opere
1319 4070 1556 4138 perbelle
1585 4070 1917 4140 completum
1949 4079 2135 4125 osten-

567 4163 742 4218 deret.
803 4162 940 4217 Nam
974 4172 1331 4234 posteaquam
1363 4178 1391 4216 a
1448 4163 1718 4233 principio
1772 4163 1987 4219 invidus
2020 4162 2131 4229 ille,

564 4253 656 4309 ille
683 4255 971 4323 impostor,
1008 4255 1339 4323 malitizeque
1364 4261 1418 4308 et
1470 4253 1733 4308 mendacii
1765 4263 1919 4323 pater
1970 4254 2135 4308 Crea-

564 4347 739 4394 torem
761 4340 938 4409 ipsum
965 4349 1223 4409 tanquam
1253 4340 1491 4394 invidum
1516 4350 1571 4394 et
1592 4344 1908 4395 mendacem
1939 4351 1991 4395 et
2028 4341 2133 4394 im-

564 4440 842 4502 postorem
873 4431 1138 4495 traduxit,
1170 4432 1424 4501 inquiens
1455 4450 1467 4485 :
1502 4433 1516 4463 ¹
1554 4432 1694 4498 Quid
1726 4445 1802 4486 est
1832 4433 1971 4503 quod
1994 4451 2134 4503 pra:-

561 4523 697 4592 cepit
735 4524 877 4578 vobis
922 4522 1060 4577 Deus
1089 4524 1152 4576 de
1182 4523 1277 4576 hoc
1299 4540 1401 4577 uno
1432 4541 1493 4578 ne
1517 4525 1853 4579 conmderetis
1872 4527 1898 4579 ἱ)
1920 4534 1974 4580 et
2002 4526 2131 4580 illud

560 4615 766 4669 addens
791 4617 813 4646 ’
842 4632 856 4669 :
896 4614 963 4668 In
984 4612 1289 4685 quocunque
1305 4616 1390 4669 die
1420 4617 1751 4671 comederetis
1776 4633 1841 4671 ea:
1869 4634 1951 4681 eo,
1981 4620 2131 4672 eritis

559 4702 698 4756 sicut
727 4704 839 4767 dii;
873 4714 1036 4770 atque
1069 4705 1143 4758 ita
1177 4708 1392 4759 denmm
1458 4706 1733 4761 hominem
1792 4722 1821 4761 a
1845 4708 1954 4763 Deo
1981 4724 2133 4763 crea-

563 4804 674 4847 tum
705 4792 1002 4850 vanissima
1030 4797 1210 4864 specie
1241 4797 1536 4868 dignitatis,
1569 4815 1691 4868 quze
1723 4809 1923 4869 praeter
1968 4812 2129 4855 natu-

558 4898 675 4936 ram
698 4894 861 4947 esset,
894 4885 963 4938 ab
991 4901 1055 4941 ea
1088 4901 1305 4956 quoque
1336 4888 1526 4957 gloria,
1567 4905 1689 4958 qua:
1720 4897 1802 4943 est
1830 4891 2127 4944 secundum

2238 3882 2488 3937 τελεσθὲν
2509 3883 2656 3955 ἔργῳ
2687 3885 2896 3952 δείξων,
2934 3887 3067 3950 Θεὸς
3111 3886 3393 3958 ἐλήλυθεν.
3447 3888 3666 3959 Ἐπειδὴ
3700 3892 3803 3959 γὰρ

2240 3973 2503 4043 φθονερὸν
2533 3977 2561 4027 ὁ
2600 3976 2878 4047 φθονερὸς,
2922 3979 3018 4030 καὶ
3046 3976 3289 4054 ψεύστην
3340 3978 3437 4031 καὶ
3489 3980 3749 4051 σοφιστὴν
3777 3983 3804 4033 ὁ

2241 4065 2501 4137 σοφιστὴς
2534 4066 2635 4136 τῆς
2676 4068 2876 4131 κακίας
2909 4070 3120 4123 καὶτοῦ
3143 4069 3371 4140 ψεύδους
3402 4071 3588 4140 πατὴρ
3615 4070 3804 4123 ὑπέθε-

2237 4174 2299 4209 το
2338 4158 2439 4228 τὴν
2477 4159 2655 4229 ἀρχὴν
2685 4159 2778 4213 τὸν
2806 4162 3172 4232 Δημιουργδν,
3223 4162 3415 4231 λέγων·
3473 4164 3531 4215 Τί
3582 4160 3673 4215 ὅτι
3722 4160 3806 4213 ἐν·

2242 4250 2513 4304 ετείλατο
2547 4250 2689 4319 ὑμῖν
2710 4254 2743 4305 ό
2782 4253 2923 4319 Θεὸς
2957 4254 3076 4308 ἀπὸ
3103 4254 3321 4308 τούτου
3353 4255 3547 4322 μόνου
3573 4252 3663 4321 μὴ
3695 4270 3800 4321 99a-

2238 4341 2402 4409 γεῑν;
2430 4342 2637 4409 καὶτὸ,
2669 4339 2743 4415 τῌ
2776 4343 2827 4397 δ’
2865 4344 2943 4400 ἂν
2984 4345 3175 4414 ἡμέρᾳ
3207 4345 3433 4414 φάγητε
3470 4344 3571 4399 ἀπ’
3594 4343 3798 4406 αὐτοῦ,

2237 4434 2455 4488 ἔσεσθε
2493 4438 2573 4500 ὡς
2628 4435 2771 4491 θεοί⁶
2836 4438 2931 4489 καὶ
2990 4436 3132 4489 οὕτω
3177 4436 3271 4489 τὸν
3334 4436 3800 4507 δημιουργηθέντα

2238 4525 2506 4597 φαντασίᾳ
2535 4525 2694 4597 δόξης
2714 4527 2814 4597 τῆς
2840 4528 2992 4599 παρὰ
3013 4527 3197 4597 φύσιν,
3231 4528 3326 4582 καὶ
3350 4530 3449 4598 τῆς
3481 4526 3621 4581 κατὰ
3648 4526 3801 4595 χάριν

2236 4616 2481 4686 ἐξέϐαλε,
2523 4618 2619 4671 καὶ
2651 4620 2750 4689 τὴν
2786 4618 2949 4689 φύσιν
2978 4619 3297 4689 ἀνέτρεψεν,
3323 4622 3350 4673 ὁ
3375 4618 3533 4689 μόνος
3562 4614 3802 4686 ἀφθονώ-

2234 4726 2394 4773 τατος
2425 4710 2517 4763 καὶ
2539 4710 2905 4782 ἀληθέστατος
2940 4712 3034 4765 καὶ
3070 4710 3466 4776 δυνατώτατος,
3494 4708 3588 4761 καὶ
3615 4708 3798 4776 φιλαν-

2236 4802 2584 4872 θρωπότατος
2634 4804 2727 4856 καὶ
2755 4803 3086 4872 σοφώτατος,
3135 4798 3217 4866 οἷς
3263 4804 3387 4857 τότε
3435 4804 3538 4873 μὲν
3555 4802 3617 4854 τὸ
3650 4800 3799 4865 ξύλον

2235 4891 2432 4956 αὐτοὺς
2462 4892 2791 4957 ἐθανάτωσε,
2845 4892 2905 4946 τὸ
2954 4893 3054 4962 μὲν
3108 4893 3340 4963 ἀψευδὲς
3377 4892 3594 4958 ἑαυτοῦ,
3630 4892 3692 4945 τὸ
3743 4889 3796 4941 δὲ

558 4975 810 5041 gratiam,
838 4977 1057 5045 dejecit,
1113 4979 1541 5049 universumque
1588 4980 1890 5035 humanum
1956 4997 2127 5052 genus

2243 4979 2426 5049 ψεῦδος
2455 4981 2664 5034 ἐκείνου
2697 4981 2790 5035 καὶ
2818 4981 2909 5034 τὸν
2948 4980 3142 5051 φθόνον
3168 4980 3463 5048 ὲξέλεγξεν·
3488 4978 3570 5044 οἷς
3599 4980 3656 5034 δὲ
3694 4977 3785 5032 καὶ

554 5068 929 5134 pessumdedit
950 5086 963 5133 ;
984 5069 1050 5135 is,
1067 5071 1156 5139 qui
1175 5072 1323 5126 solus
1339 5071 1541 5126 invidia
1560 5086 1783 5141 prorsus
1800 5083 1881 5127 est
1896 5088 2120 5141 vacuus,

551 5165 609 5211 et
666 5159 1073 5226 veracissimus,
1130 5170 1184 5214 et
1246 5161 1676 5231 potentissimus,
1733 5171 1786 5216 et
1842 5162 2122 5218 hominum

554 5250 990 5316 amantissimus,
1038 5253 1608 5322 sapientissimusque,
1657 5262 1788 5307 tunc
1822 5255 2040 5324 quidem
2072 5265 2126 5311 et

558 5355 714 5395 suam
750 5343 922 5413 ipsius
946 5345 1326 5409 veracitatem,
1353 5344 1497 5399 illius
1535 5354 1715 5399 autem
1738 5346 2007 5401 fallaciam
2041 5346 2125 5400 in-

551 5434 862 5505 vidiamque
902 5437 1169 5506 probavit,
1198 5451 1323 5493 cum
1377 5436 1505 5511 ligni
1556 5452 1682 5492 esus
1717 5451 1813 5492 eos
1866 5436 2125 5492 mortales

551 5525 766 5597 etl'ecit;
791 5546 941 5587 nunc
972 5546 1119 5599 vero,
1150 5531 1280 5587 dum
1323 5530 1438 5600 ipse
1479 5532 1681 5601 lignum
1712 5533 1832 5589 vita:
1872 5533 2121 5599 etfecuis,

624 5709 639 5737 ¹
671 5706 801 5762 Gen.
834 5724 913 5769 ιιι,
948 5709 998 5762 ἱ.
1073 5711 1092 5739 ¹
1123 5707 1259 5763 Gen.
1291 5724 1372 5774 ιιι,
1407 5712 1459 5764 5.

2235 5071 2330 5125 νῦν
2358 5073 2520 5135 αὐτὸς
2554 5073 2753 5135 αὐτοὺς
2779 5073 2839 5126 τὸ
2866 5073 2968 5143 τῆς
2994 5072 3141 5143 ζωῆς
3165 5073 3320 5141 ξύλον
3346 5073 3569 5139 ὲθέωσε,
3598 5071 3661 5124 τὸ
3689 5071 3799 5122 0co-

2236 5162 2449 5232 πρεπὲς
2483 5163 2679 5215 ἑαυτοῦ
2708 5164 2803 5217 καὶ
2838 5165 3193 5232 ἀγαθώτατον
3232 5164 3567 5233 ἐφανέρωσεο
3611 5163 3704 5216 καὶ
3735 5159 3797 5213 δι’

2235 5249 2310 5306 ὧν
2342 5255 2442 5323 μὲν
2464 5256 2553 5308 τὸν
2574 5254 2773 5325 τρόπον
2807 5255 3055 5321 ὑπέδειξε
3095 5256 3194 5325 τῆς
3224 5254 3494 5319 θεώσεως,
3529 5253 3589 5305 τὸ
3623 5250 3794 5321 σοφώ-

2234 5363 2396 5399 τατον
2429 5347 2806 5418 παρεδήλωιιε⁹
2839 5348 2906 5400 δι’
2936 5345 3010 5401 ὧν
3042 5347 3098 5400 δὲ
3130 5348 3224 5401 καὶ
3250 5346 3503 5399 τοσοῦτον
3536 5343 3792 5412 ἐκενώθη,

2234 5438 2326 5491 καὶ
2357 5433 2437 5501 οἷς
2474 5440 2637 5493 αὐτὸν
2668 5439 2891 5510 ἐνεδόθη
2931 5440 3021 5494 τὸν
3048 5440 3355 5509 ἄνθρωπον,
3402 5438 3463 5490 τὸ
3497 5434 3795 5505 φιλανθρω-

2235 5533 2486 5586 πότατον·
2524 5530 2605 5598 οἷς
2651 5534 2706 5587 δὲ
2755 5534 2972 5597 καὶτὰς
3012 5533 3202 5602 φύσεις
3235 5532 3491 5603 ἁφύρτως
3545 5526 3792 5597 ἐκέρασε,
